4056 6412
477 349 618 406 11⁸23

469 565 658 604 amara
695 551 862 605 etiam
905 552 1036 606 dicit
1086 567 1211 606 esse
1257 552 1500 606 dulcium
1536 569 1733 608 causas
1763 547 2008 626 [viatica]
2041 595 2057 619 ,

467 653 522 698 ct
556 644 800 697 laborum
854 643 1063 698 fructus
1093 659 1218 699 esse
1249 646 1557 714 voluptates
1600 661 1614 699 :
1652 660 1779 700 nam
1816 647 1936 702 sine
1971 649 2052 702 la-

467 733 600 787 bore
631 733 765 786 nihil
796 743 973 803 potest
1005 735 1216 804 pulchri
1245 737 1588 804 contingere.

538 823 800 878 Philonis.
840 823 1173 893 Principium
1226 828 1405 882 omnis
1443 829 1566 882 boni
1614 837 1671 884 et
1712 829 1954 895 virtutis,
2008 830 2052 885 si

463 929 656 968 verum
700 914 855 969 fateri
891 918 1168 981 volumus,
1195 917 1435 972 laborem
1469 934 1593 976 esse
1636 920 1780 976 Deus
1816 922 2056 978 homini-

464 1009 568 1066 bus
619 1012 882 1075 ostendit,
919 1029 1031 1081 quo
1070 1022 1284 1068 remoto
1313 1014 1468 1084 ;uihil
1519 1016 1652 1072 boni
1700 1017 1844 1090 apud
1879 1034 2050 1088 genus

463 1101 762 1156 humanum
792 1103 1050 1159 constitui
1081 1114 1278 1174 potest.

533 1195 735 1249 Natura
761 1198 904 1250 enim
940 1197 1076 1250 nulli
1126 1198 1442 1254 mortalium
1472 1200 1602 1256 boni
1633 1203 2046 1270 possessionem

460 1283 582 1339 sine
613 1285 892 1342 laboribus
919 1289 1110 1358 largita
1147 1300 1253 1344 est.

536 1377 662 1432 Haec
689 1388 768 1434 est
805 1381 971 1432 animi
1005 1396 1188 1435 rerum
1230 1383 1542 1438 divinarum
1574 1387 2046 1456 contemplatione

454 1473 732 1526 versantis
763 1473 1043 1541 voluptas,
1094 1483 1154 1527 ut
1196 1473 1448 1529 laborare
1481 1476 1754 1530 existimet
1787 1477 2044 1534 dulcissi-

452 1576 624 1614 mum.

524 1654 629 1720 Qui
662 1653 903 1708 laborem
958 1653 1119 1723 fugit,
1162 1653 1278 1724 ipsa
1332 1657 1470 1711 bona
1507 1654 1692 1726 fugit:
1723 1658 1816 1727 qui
1857 1666 2037 1714 autem

455 1749 756 1803 toleranter
779 1755 833 1802 et
861 1747 1073 1803 fortiter
1105 1749 1342 1804 sustinet
1365 1750 1525 1813 dura,
1545 1749 1610 1804 ad
1643 1748 2036 1805 beatitudinem

455 1839 703 1893 festinat.

526 1933 769 1986 Plurima
797 1942 850 1987 et
877 1932 1113 1987 maxima
1165 1929 1308 1987 bona
1339 1927 1742 1984 certationibus
1772 1927 2039 1984 exercita-

446 2030 613 2085 tionis
645 2027 820 2094 plenis
846 2036 897 2081 et
929 2025 1236 2080 virentibus
1264 2023 1545 2078 laboribus
1575 2023 1960 2092 acquiruntur.

519 2122 766 2176 Democr.
796 2117 1041 2173 Labores
1068 2114 1332 2170 debemus
1363 2113 1655 2182 persequi,
1697 2113 1901 2182 quibus
1932 2112 2035 2167 bo-

449 2214 627 2270 tuines
663 2225 890 2282 magnas
924 2223 1013 2262 res
1039 2214 1096 2261 et
1124 2205 1441 2276 splendidas
1467 2204 1570 2258 sibi
1617 2214 1959 2274 comparant.

518 2317 738 2371 Naturae
773 2313 1030 2367 virtutem
1078 2307 1384 2376 corrumpit
1431 2304 1664 2368 incuria,
1713 2304 2036 2374 improbita—

443 2419 552 2463 tem
590 2405 816 2475 corrigit
853 2385 1127 2457 doctrina.
1152 2399 1218 2454 Et
1260 2396 1438 2451 facilia
1475 2396 1879 2467 negligentibus
1905 2397 2027 2450 ela-

439 2501 646 2554 buntur
678 2513 693 2550 :
719 2494 958 2549 diflicilia
989 2505 1117 2546 vero
1147 2488 1298 2544 curis
1327 2487 1639 2558 capiuntur.
1665 2484 1901 2541 Utenim
1935 2486 2024 2540 iu-

438 2597 808 2644 strumcutum
842 2584 988 2654 quod
1026 2581 1326 2637 remittitur
1349 2589 1403 2634 et
1431 2579 1757 2642 intenditur,
1783 2577 2027 2646 jucunda

438 2683 718 2752 voluptate
751 2679 988 2736 oblectat
1019 2691 1032 2726 :
1067 2676 1147 2730 sic
1174 2674 1340 2726 etiam
1374 2671 1481 2725 vita
1512 2670 1794 2727 hominum
1829 2667 2026 2741 [otium

440 2779 579 2830 inter
608 2781 663 2827 et
691 2771 928 2825 laborem
962 2763 1332 2837 dispertienda
1362 2759 1494 2834 est].

515 2873 776 2929 Socratis.
806 2870 1013 2924 Exerce
1041 2877 1093 2923 te
1121 2865 1404 2921 laboribus
1430 2860 1776 2927 voluntariis,
1811 2869 1869 2915 ut
1891 2874 2025 2930 pos-

437 2968 518 3021 sis
556 2975 611 3019 ct
646 2979 754 3017 nou
798 2958 1136 3015 voluntarios
1169 2955 1426 3010 tolerare.

509 3057 704 3112 Nullus
736 3067 978 3125 unquam
1015 3051 1232 3107 laudem
1282 3055 1368 3103 est
1417 3047 1791 3117 voluptatibus
1827 3059 2020 3101 conse-

1730 3135 1936 3237 [etttus.
2048 3173 2098 3237 ο

512 3239 706 3296 Nullus
733 3237 1010 3309 negligens
1047 3232 1275 3306 gloriam
1306 3245 1556 3301 magnam
1588 3240 1670 3284 est
1702 3229 1930 3296 adeptus
1956 3240 1972 3292 ;

509 3334 617 3390 Sed
643 3332 855 3387 labores
883 3324 1219 3384 fortitudinis
1248 3324 1464 3378 laudem
1497 3324 1736 3392 pariunt.

1609 3413 1895 3482 (Carcint)

513 3515 906 3572 Demosthenes
955 3526 986 3566 a
1027 3509 1262 3580 quodam
1313 3507 1703 3576 interrogatus,
1754 3505 2018 3572 quemad-

441 3610 661 3662 modum
712 3615 856 3660 esset
900 3602 1117 3658 dicendi
1171 3599 1494 3654 facilitatem
1544 3597 1796 3665 adeptus,
1849 3594 2018 3662 Plus,

442 3701 640 3768 inquit,
669 3697 770 3750 olei
805 3711 967 3766 quam
1001 3695 1111 3749 vini
1141 3691 1540 3748 consumendo.

517 3785 676 3858 195
720 3785 932 3855 Corpus
963 3783 1243 3838 laboribus
1292 3793 1510 3842 exerce,
1549 3775 1791 3830 animum
1829 3785 2013 3830 autem

437 3881 654 3936 fortiter
681 3887 734 3933 et
757 3890 1017 3947 generose
1043 3872 1288 3944 pericula
1318 3867 1664 3926 sustinendo.

509 3953 890 4039 Xenophontis.
921 3971 1059 4022 Deus
1091 3967 1169 4021 sic
1195 3965 1411 4028 statuit,
1442 3972 1503 4016 ut
1552 3960 1664 4014 illis
1698 3961 1792 4030 qui
1841 3960 2019 4015 nolint

435 4066 705 4132 imperare
727 4070 780 4114 et
811 4061 1154 4125 praescribere
1182 4058 1282 4111 sibi
1321 4057 1542 4108 honesta
1577 4052 1739 4119 facta,
1768 4053 1907 4108 alios
1936 4053 2016 4107 eis

437 4155 772 4222 imperantes
810 4150 1031 4201 indurat
1059 4149 1332 4201 dominos.

505 4244 746 4299 Laboxcs
793 4242 1111 4306 voluntarii,
1164 4256 1269 4291 non
1319 4238 1748 4291 voluntariorum
1797 4250 2020 4306 perpes-

433 4339 646 4393 sionem
675 4334 919 4390 eﬁiciunt
948 4340 1230 4387 leviorem.

505 4432 650 4486 Idem
683 4429 1037 4498 conspicatus
1069 4427 1323 4495 juvenem
1355 4423 1691 4478 industrium
1721 4429 1778 4475 et
1804 4420 2010 4476 laboris

1750 357 2069 415 AN'l‘UNll
2118 361 2465 420 MELlSS/E

541 455 786 527 Dionysii
816 456 968 511 Alex.
1029 455 1207 514 Fortis
1264 467 1444 513 autem
1489 464 1544 514 et
1576 469 1834 516 accurata
1883 463 2056 518 oratio
2087 473 2132 528 Α

2065 1811 2114 1870 Β

3603 377 3753 443 li’lt

2243 467 2302 523 '0
2359 469 2416 524 δέ
2453 487 2513 539 γε
2571 472 2890 546 ἐρρωμένος
2943 480 3038 533 καὶ
3087 481 3323 556 ἀκριϐὴς
3357 485 3516 557 λόγος
3547 497 3645 545 καὶ
3680 495 3756 547 τὰ

2163 561 2337 628 πικρὰ
2369 558 2512 618 εἷναί
2541 581 2673 635 φησι
2702 567 2815 622 τῶν
2845 570 3094 638 γλυκέων
3133 577 3342 643 ἐφόδια,
3367 583 3464 635 καὶ
3497 582 3753 650 γίνεσθαι

2161 655 2407 744 καρποὺς
2430 655 2538 708 τῶν
2574 659 2752 713 πόνων
2773 665 2870 726 τὰς
2903 664 3117 734 ἡδονάς.
3165 668 3405 742 Ἀκμητὶ
3435 673 3546 744 γὰρ
3589 677 3755 731 οὐδὲν

2157 743 2382 799 δύναται
2416 751 2826 818 παραγενέσθαι
2873 755 3060 811 καλόν.

2239 834 2440 906 ’Δρχὴν
2498 837 2569 904 (εἰ
2624 840 2707 894 δεῖ
2753 843 2984 914 τάληθὲς
3029 848 3228 920 εἰπεῖν)
3282 852 3486 916 παντὸς
3527 855 3746 922 ἀγαθοῦ

2156 925 2250 977 καὶ
2283 929 2486 998 ἀρετῆς
2512 931 2736 1002 ἁπάσης
2768 938 2798 988 ὁ
2839 935 2972 1001 Θεὸς
3011 939 3274 1006 ἐνέδειξεν
3301 945 3614 1015 ἀνθρώποις
3641 948 3747 1001 πό.

2154 1032 2263 1111 νονο
2287 1019 2347 1072 οὗ
2375 1022 2545 1093 χωρὶς
2565 1025 2673 1078 τῶν
2698 1029 2922 1095 ἀγαθῶν
2947 1031 3100 1085 οὐδέν
3129 1034 3244 1087 ἐστι
3263 1036 3413 1106 παρὰ
3443 1038 3521 1108 τῷ
3551 1040 3740 1111 θνητῷ

2153 1109 2304 1177 γένει
2335 1116 2746 1185 συνιστάμενον.

2225 1203 2554 1298 Θνητῷ-γάρ
2597 1211 2774 1266 οὐδενὶ
2805 1215 3003 1285 κτῆσιν
3061 1217 3271 1286 ἀγαθοῦ
3307 1220 3432 1293 δίχα
3482 1222 3667 1277 πόνων
3703 1226 3739 1298 ή

2151 1287 2316 1356 φύσις
2348 1292 2676 1367 δεδώρηται.

2217 1381 2369 1455 Αὕτη
2397 1385 2568 1458 ἡδονὴ
2595 1389 2779 1460 ψυχῆς
2805 1393 3112 1468 ἀσκητικῆς
3145 1398 3360 1468 ἥδιστον
3384 1401 3506 1457 ἀντὶ
3530 1403 3741 1476 πικροῦ

2144 1474 2206 1529 τὸ
2237 1479 2423 1533 πονεῖν
2449 1479 2882 1554 ὑπολαμϐάνειν.

2222 1653 2285 1709 '0
2322 1654 2421 1725 μὲν
2438 1656 2532 1711 τὸν
2559 1659 2724 1713 πόνον
2763 1663 2984 1733 φεύγων
3031 1666 3224 1738 φεύγει
3283 1672 3352 1726 τὰ.
3383 1673 3583 1742 ἀγαθά·
3612 1679 3641 1731 δ
3674 1678 3738 1731 δὲ

2139 1746 2410 1842 τλητικῶς
2457 1755 2552 1806 καὶ
2575 1753 2839 1824 ἀνδρείως
2890 1759 3182 1830 ὑπομένων
3209 1763 3276 1818 τὰ
3306 1765 3738 1842 δυσκαρτέρητα

2145 1840 2365 1894 σπεύδει
2409 1843 2551 1910 πρὸς
2587 1847 2988 1919 μακαριότητα.

2214 1935 2296 1988 Τά
2330 1936 2558 1990 πλεῖστα
2593 1940 2688 1992 καὶ
2718 1940 2956 2009 μέγιστα
2981 1943 3092 1996 τῶν
3135 1944 3362 2014 ἀγαθῶν
3393 1949 3744 2022 ἀσκητικαῖς

2143 2025 2428 2096 ἀθλήσεσι,
2459 2031 2554 2084 καὶ
2581 2030 2755 2100 ἡϐῶσι
2782 2033 2968 2099 πόνοις
3007 2036 3167 2093 εἴωθε
3208 2041 3616 2111 περιγίνεσθαι.

2214 2121 2308 2174 Δεῖ
2338 2123 2465 2185 τοὺς
2494 2123 2690 2188 πόνους
2715 2125 2954 2196 διώκειν,
2981 2130 3101 2183 ἀνθ’
3145 2123 3222 2186 ὧν
3251 2132 3326 2187 τὰ
3355 2136 3572 2205 μεγάλα
3629 2143 3740 2195 καὶ

2140 2209 2373 2282 λαμπρά
2402 2213 2608 2282 γίνεται
2633 2218 2746 2280 τοῖς
2786 2217 3117 2288 ἀνθρώποις.

2135 2333 2143 2340 -
2210 2303 2432 2368 Φύσεως
2475 2307 2575 2377 μὲν
2629 2308 2739 2378 γὰρ
2792 2311 3000 2383 ἀρετὴν
3057 2313 3367 2386 διαφθείρει
3418 2317 3676 2388 ρᾳθυμέα
3712 2336 3731 2354 ο

2138 2397 2454 2469 φαυλότητα
2493 2399 2550 2453 δὲ
2577 2401 2873 2474 ἐπανορθοί
2901 2404 3089 2478 διδαχή
3114 2425 3130 2441 ο
3171 2411 3268 2464 καὶ
3297 2410 3365 2464 τὰ
3425 2411 3524 2482 μὲν
3555 2413 3737 2484 ῥᾴδια

2135 2489 2262 2554 τοὺς
2285 2492 2627 2561 ἀμελοῦντας
2660 2496 2876 2565 φεύγει·
2915 2499 2984 2554 τά
3005 2501 3063 2554 δὲ
3111 2503 3325 2574 χαλεπά
3359 2507 3484 2571 ταῖς
3519 2509 3736 2579 ἑπιμε-

2135 2582 2310 2647 λείαις
2345 2585 2662 2641 ἁλίσκεται·
2700 2589 2888 2660 ὥσπερ
2941 2593 3052 2662 γὰρ
3095 2594 3335 2666 ὄργανον
3382 2597 3573 2653 ἄνεσιν
3623 2603 3738 2659 καὶ

2133 2678 2386 2732 ἐπίτασιν
2412 2679 2690 2750 λαμσάνον
2717 2683 2815 2753 ἡδὺ
2847 2684 3081 2753 γίνεται,
3111 2687 3258 2742 οὕτω
3292 2690 3388 2744 καὶ
3428 2691 3569 2762 βίος.

2201 2859 2453 2930 Γύμναζε
2491 2864 2689 2916 σαυτὸν
2733 2864 2919 2930 πόνοις
2969 2868 3265 2940 ἑκουσίοις,
3299 2874 3385 2928 ἵνα
3426 2875 3585 2948 δόξῃς
3622 2880 3729 2935 καὶ

2129 2954 2255 3018 τοὺς
2288 2954 2581 3018 ἀκουσίους
2613 2956 2929 3026 ὑπομένειν.

2200 3045 2391 3110 Οὐδεὶς
2421 3045 2642 3101 ἔπαινον
2677 3049 2894 3120 ἡδοναῖς
2916 3053 3206 3124 ἐκτήσατο.

2196 3223 2386 3287 Οὐδεὶς
2421 3224 2668 3296 ῥᾴθυμος
2694 3227 2923 3297 εὐκλεὴς
2951 3229 3092 3303 ἀνήρ
3125 3249 3139 3264 ·

2205 3313 2346 3366 Ἀλλ’
2378 3314 2428 3366 οῖ
2453 3315 2604 3369 πόνοι
2629 3317 2876 3375 τίκτουσι
2903 3319 3005 3392 τὴν
3047 3325 3358 3397 εὐανδρίαν.

2191 3484 2543 3578 Δημοσθένης
2574 3490 2878 3560 ἐρωτηθεὶς
2913 3494 3018 3548 ὑπό
3050 3515 3216 3565 τινος,
3252 3501 3369 3567 πῶς
3401 3505 3502 3576 τῆς
3545 3510 3719 3578 ῥητο-

2122 3577 2286 3674 ρικῆς
2317 3579 2692 3650 περιεγένετο,
2729 3583 2858 3656 ἔφη,
2897 3588 3065 3644 Πλέον
3112 3592 3296 3674 ἔλαιον
3326 3595 3474 3651 οἴνου
3523 3577 3711 3659 δαπα-

2119 3685 2184 3736 νη
2196 3685 2313 3729 σας.

2190 3759 2442 3858 Γύρναζε
2477 3768 2588 3830 τοῖς
2615 3767 2714 3837 μὲν
2748 3772 2936 3835 πόνοις
2974 3775 3038 3828 τὸ
3061 3776 3244 3848 σῶμα,
3287 3781 3388 3853 τὴν
3426 3783 3485 3837 δὲ
3519 3784 3710 3858 ψυχὴν

2116 3856 2377 3918 γενναίως
2410 3856 2707 3926 ὑπομένειν
2738 3864 2866 3928 τοὺς
2907 3867 3210 3934 κινδύνους.

2204 3942 2261 3996 '0
2294 3945 2424 4038 θεὸς
2452 3949 2624 4014 οὕτως
2653 3954 2905 4026 ἐποίησε,
2935 3961 3064 4024 τοὺς
3090 3963 3166 4032 μὴ
3192 3962 3449 4031 θέλοντας
3473 3969 3706 4038 ἑαυτοὺς

2117 4035 2482 4101 προστάσσειν
2515 4043 2769 4099 ἐκπονεῖν
2816 4051 2886 4102 τά
2905 4050 3112 4119 ἀγαθὰ,
3138 4053 3336 4120 ἄλλους
3365 4059 3552 4125 αὐτοῖς
3574 4035 3703 4118 ἐπιζ

2116 4126 2398 4197 τακτῆρας
2442 4133 2678 4193 δίδωσιν.

2189 4216 2250 4268 Οἱ
2286 4219 2526 4277 ἑκούσιοι
2573 4226 2726 4282 πόνοι
2783 4229 2883 4303 τὴν
2929 4234 3040 4289 τῶν
3081 4236 3354 4294 ἀκουσίων
3412 4243 3702 4320 ὑπομονὴν

2037 4368 2040 4372 γ
2114 4303 2486 4381 ἐλαφροτέραν
2520 4321 3063 4388 παρασκευάζουσιν.

2199 4397 2441 4496 Ὀμαμὺτδς
2468 4408 2594 4464 ίδὼν
2622 4414 2840 4470 νεανίαν
2871 4417 3287 4489 φιλο-πονοῦντα,
3323 4423 3452 4496 ἔφη’
3485 4427 3697 4486 Κάλλιο

436 4531 732 4586 amantem,
761 4517 1252 4583 Jucundissimum,
1285 4515 1482 4586 inquit,
1520 4512 1786 4569 senectuti
1815 4511 2008 4566 condis

2144 4503 2240 4542 ’τον
2263 4491 2394 4562 ὄψον
2423 4497 2502 4568 τῷ
2541 4501 2742 4573 γήρατι
2767 4505 3016 4574 ἀρτύεις.

429 4613 719 4670 obsonium

856 4741 1092 4798 SERMO
1123 4738 1282 4795 XLVl
1315 4737 1412 4812 [αι.
1441 4736 1578 4810 XC].

433 4862 508 4917 De
549 4859 788 4916 moribus
817 4858 1055 4912 laborum
1082 4864 1130 4908 et
1159 4869 1392 4922 operum,
1439 4869 1500 4906 ac
1525 4851 1712 4921 pigris,
1742 4852 1874 4906 nihil
1908 4867 2005 4906 cu-

920 4925 1157 4979 rantibus
1193 4932 1241 4976 et
1278 4923 1520 4976 incuriit.

505 5061 657 5117 Psal.
700 5074 870 5118 Lxxu.
919 5056 976 5111 lu
1032 5054 1316 5110 laboribus
1355 5052 1639 5107 hominum
1689 5067 1795 5108 non
1831 5062 2000 5119 sunt,

427 5159 485 5208 el
511 5168 635 5207 cum
661 5149 979 5205 hominibus
1005 5145 1185 5215 flagris
1222 5157 1331 5197 non
1363 5141 1662 5196 caeduntur.

504 5243 666 5298 Prov.
705 5257 782 5296 ix.
818 5240 894 5294 lto
926 5242 991 5294 ad
1027 5237 1336 5299 formicam,
1367 5250 1400 5289 o
1435 5235 1606 5305 piger,
1654 5245 1708 5290 et
1742 5235 2005 5292 ternulare

428 5337 695 5390 rationem
726 5348 788 5387 ac
822 5333 963 5385 viam
991 5331 1156 5394 illius,
1189 5331 1376 5396 sisque
1407 5341 1469 5381 ea
1505 5327 1846 5396 prudentior,
1875 5344 2000 5384 nam

423 5440 551 5480 cum
581 5423 655 5478 illi
683 5423 822 5478 desit
852 5438 978 5492 ager
1005 5435 1165 5490 quem
1192 5420 1354 5480 colat,
1381 5419 1764 5488 neminemque
1787 5420 1878 5489 qui
1908 5436 2003 5478 co.

425 5527 517 5586 gat
542 5515 608 5569 ad
642 5530 778 5585 opus
805 5515 1024 5573 habent,
1055 5525 1155 5565 nec
1180 5510 1285 5564 sub
1317 5509 1462 5564 illius
1493 5507 1773 5563 dominatu
1810 5511 1999 5575 vivat,

427 5619 581 5677 parat
607 5615 787 5662 tamen
841 5614 1026 5659 aestate
1070 5603 1276 5662 cibum.
1325 5601 1671 5670 multumque
1717 5603 1770 5655 in
1825 5618 2002 5661 messe

424 5711 645 5755 acervat
683 5701 829 5770 quod
881 5700 982 5752 sibi
1028 5696 1203 5749 hieme
1236 5703 1492 5764 apponat.
1526 5693 1637 5747 Aut
1689 5694 1887 5749 acet-dc
1934 5699 2000 5752 ad

426 5806 603 5856 apem,
645 5791 902 5858 discequc
944 5803 1104 5858 quam
1132 5786 1199 5838 sit
1228 5784 1520 5845 laboriosa,
1553 5799 1829 5854 quamque
1857 5802 1994 5854 Opus

2708 4737 2931 4792 Aoroz
2956 4741 3108 4808 atqu

2105 4843 2242 4910 Περὶ
2274 4847 2579 4914 μισεργῶν
2613 4850 2708 4901 καὶ
2747 4851 3046 4930 corruptor,
3085 4856 3184 4909 καὶ
3231 4863 3689 4930 καταφρονοῦν-

2518 4933 2634 4970 των
2663 4919 2762 4972 καί
2775 4923 3232 4992 ῥᾳθυμούντων.

2191 5051 2278 5103 Ἐν
2311 5051 2502 5116 κόποις
2533 5053 2840 5122 ἀνθρώπων
2867 5059 2969 5112 οὐκ
3016 5062 3146 5128 εἰσὶ,
3175 5063 3271 5117 καὶ
3301 5067 3441 5135 μετά
3471 5069 3688 5140 avem.

2108 5159 2223 5195 πων
2247 5144 2308 5194 ού
2342 5146 2881 5217 μαστιγωθήσονται.

2183 5235 2284 5288 Ἴθι
2319 5239 2454 5305 πρὸς
2481 5239 2574 5291 τὸν
2610 5241 2904 5308 μύρμηκα,
2942 5237 2986 5296 ὦ
3018 5246 3242 5317 όκνηρὲ,
3288 5253 3386 5304 καὶ
3436 5251 3687 5322 ζήλωσον

2105 5329 2203 5390 τὰς
2255 5329 2410 5392 ὀδοὺς
2465 5331 2663 5396 αὐτοῦ,
2719 5333 2816 5386 καὶ
2870 5337 3029 5404 γενοῦ
3084 5341 3300 5396 ἐκείνου
3351 5345 3686 5415 σοφώτερος·

2105 5421 2299 5491 ἐκείνῳ
2345 5423 2454 5492 γὰρ
2507 5424 2779 5495 γεωργίου
2841 5428 2917 5499 μὴ
2974 5429 3336 5502 ὑπάρχοντος,
3403 5435 3539 5504 μηδὲ
3591 5438 3683 5491 τοι

2106 5513 2487 5580 ἀναγκάζοντα
2515 5515 2677 5586 ἔχων,
2714 5517 2852 5597 μηδὲ
2882 5520 2986 5572 ὑπὸ
3015 5521 3285 5596 δεσπότην
3331 5524 3430 5592 ὢν,
3461 5529 3676 5597 ἑτοιμά-

2105 5603 2258 5667 ζεται
2287 5603 2480 5674 θέρους
2513 5606 2614 5676 τὴν
2639 5610 2870 5680 τροφὴν,
2921 5612 3123 5684 πολλὴν
3157 5633 3216 5669 τε
3261 5619 3320 5670 ἐν
3353 5618 3430 5687 τῷ
3463 5619 3680 5691 ἀμητιῖ

2104 5695 2340 5748 ποιεῖται
2365 5697 2466 5764 τὴν
2494 5697 2820 5768 παράθεσιν.
2852 5703 2924 5755 ’Ἡ
2952 5704 3250 5777 πορεύθητι
3294 5710 3430 5779 πρὸς
3457 5711 3555 5780 τὴν
3589 5714 3680 5779 μὲ-

2104 5786 2320 5852 λισσαν,
2351 5787 2444 5842 καὶ
2468 5788 2608 5859 μάθε
2637 5789 2711 5854 ὡς
2743 5790 2968 5860 ἐργάτις
3003 5797 3140 5864 ἑστι,
3172 5800 3273 5868 τήν
3299 5817 3360 5853 τε
3409 5801 3677 5870 ἐργασίαι
