4056 6418
347 330 488 402 1125

1138 345 1310 405 LOCI
1353 347 1794 410 COMMUNES.
1830 372 1900 387 —
1937 352 2131 412 PARS
2171 353 2248 416 II.
2279 352 2540 416 SERMO
2578 356 2783 419 XLVI.

3458 356 3594 422 1126

339 449 417 510 ὡς
444 449 650 520 σεμνὴν
689 453 947 520 ποιεῖται,
994 449 1061 524 ἧς
1110 458 1238 520 τοὺς
1271 459 1471 523 πόνους
1526 461 1772 531 βασιλεῖς
1825 463 1970 525 καὶ]

2034 467 2379 538 splendidum
2409 470 2623 536 etliciat,
2651 472 2811 542 cujus
2845 469 3129 528 laboribus
3161 480 3269 528 tum
3301 488 3458 544 reges
3481 489 3594 533 tum

342 540 554 596 ἰδιῶται
583 545 722 613 πρὸς
748 545 936 612 ὑγείαν
989 549 1413 618 προσφέρονται.
1448 554 1675 626 Ποθεινὴ
1707 557 1764 610 δέ
1802 559 1920 611 ἐστι

341 634 476 686 πᾶσι
506 637 600 689 καὶ
642 637 908 705 ἐπίδοξος,
958 642 1159 714 καίπερ
1187 643 1323 698 οὖσα
1363 647 1428 716 τῇ
1467 647 1626 721 ῥώμῃ
1687 649 1924 721 ἀσθενὴς

343 723 462 794 (τὴν
485 728 676 794 σοφίαν
697 732 976 802 τιμήσασα
1002 735 1298 806 προήχθη).
1331 737 1479 801 Ἕως
1509 741 1663 806 πότε,
1688 741 1912 813 ὀκνηρέ,

340 817 699 884 κατάκεισαι;
743 822 872 875 πότε
921 823 976 876 δὲ
1011 824 1070 888 ἐξ
1101 825 1270 878 ὕπνου
1321 827 1635 901 ἐγερθήσῃ;
1710 831 1921 900 Ὀλίγον

342 907 442 978 μὲν
473 910 676 972 ὐπνοίς,
703 911 883 977 ὀλίγον
904 914 960 968 δὲ
994 916 1256 986 κάθησαι,
1289 919 1486 987 μικρὸν
1511 921 1566 973 δέ
1606 921 1919 991 νυστάζεις,

339 997 520 1065 ὀλίγον
563 1000 617 1053 δὲ
653 1002 983 1078 ἐναγκαλίζῃ
1036 1011 1195 1078 χερσὶ
1245 1011 1442 1082 στήθη.
1468 1009 1601 1066 Εἶτα
1620 1015 1920 1083 παραγίνε-

339 1092 431 1144 ταί
453 1093 765 1166 σοι,⁶ὥσπερ
783 1099 984 1164 ἀγαθὸς
1007 1101 1264 1171 δρομεὺς,
1289 1103 1324 1172 ή
1357 1104 1536 1170 πενία,
1571 1105 1665 1156 καὶ
1689 1108 1720 1175 ή
1744 1105 1921 1162 ἔνδεια

341 1182 533 1256 ὥσπερ
557 1187 720 1251 καλὸς
759 1191 1064 1260 ὁδοιπόρος.

413 1278 654 1332 Πλούτου
694 1280 922 1351 ὀκνηροί
959 1285 1160 1350 ἐνδεεῖς
1192 1286 1460 1354 γίνονται.

427 1369 517 1422 Ἐν
551 1371 870 1440 ἐπιθυμίαις
899 1374 1016 1427 ἐστὶ
1043 1377 1153 1440 πᾶς
1205 1378 1425 1445 ἁεργός.

427 1458 571 1512 Ὀδοὶ
605 1461 822 1530 ἀεργῶν
855 1464 1203 1534 ἐστρωμέναι
1236 1469 1525 1534 ἀκάνθαις.

421 1548 580 1619 Ψυχὴ
616 1551 818 1620 ἀεργοῦ
844 1556 1112 1612 πεινάσει.

345 1729 464 1792 δης.

377 1747 464 1801 ης.

427 1821 853 1895 Ὀνειδιζόμενος
881 1829 1112 1897 ὀκνηρὸς
1137 1833 1238 1888 οὐκ
1282 1835 1622 1906 αἰσχύνεται.
1655 1839 1920 1906 ὡσαύτως

345 1914 443 1967 καὶ
465 1914 494 1967 ὁ
517 1914 900 1988 δανειζόμενος
929 1923 1079 1976 σῖτον
1117 1926 1176 1978 ἐν
1208 1927 1427 1999 ἀμητῷ.

433 2097 754 2166 Ἐπιθυμίαι
785 2099 1018 2171 ὀκνηρὸν
1039 2102 1452 2160 ἀποκτενοῦσιν’
1477 2108 1538 2162 οὐ
1569 2110 1678 2184 γὰρ
1705 2112 1922 2182 αἱροῦν-

346 2205 438 2244 ται
471 2193 527 2244 αί
557 2193 741 2263 χεῖρες
769 2194 934 2247 αὐτοῦ
967 2198 1149 2250 ποιεῖν
1175 2214 1249 2254 τι.

419 2281 828 2354 Προφασίζεται
878 2288 972 2340 καὶ
1025 2288 1174 2356 λέγει
1215 2291 1469 2364 ὀκνηρόςο
1503 2295 1658 2354 Λέων
1713 2299 1774 2354 ἐν
1801 2303 1923 2368 ταῖς

347 2376 509 2440 ὁδοῖς,
541 2377 600 2430 ἐν
630 2377 686 2432 δὲ
715 2380 834 2442 ταῖς
858 2379 1142 2444 πλατείαις
1178 2386 1461 2453 φονευταί.

425 2468 520 2531 ’ος
574 2473 913 2541 καταφρονεῖ
963 2470 1314 2545 πράγματος,
1371 2483 1922 2556 καταφρονηθήσεται

349 2556 444 2612 ὕπ’
467 2560 656 2616 αὐτοῦ.

419 2652 638 2720 Σοφώτε
646 2674 739 2726 ρος
766 2657 945 2730 ἑαυτῷ
967 2662 1221 2727 φαίνεται
1246 2664 1502 2734 ὀκνηρός.

424 2745 638 2819 Ὥσπερ
665 2750 808 2820 θύρα
847 2755 1138 2823 στρέφεται
1186 2756 1278 2810 ἐπὶ
1309 2755 1405 2810 τοῦ
1435 2757 1785 2829 στρόφιγγος,
1835 2763 1924 2818 οὔ·

353 2852 462 2901 τως
488 2837 722 2909 ὀκνηρὸς
754 2843 849 2896 ἐπὶ
897 2848 996 2918 τῆς
1021 2849 1208 2919 κοίτης
1237 2848 1426 2904 αὐτοῦ.

431 2927 576 2983 Ὀδοὶ
609 2937 1094 3005 καταφρονούντων
1134 2942 1193 2995 ἐν
1222 2941 1492 3013 ἀπωλείᾳ.

2025 560 2222 628 privati
2280 570 2508 617 utuntur
2554 563 2620 617 ad
2661 563 3028 617 valetudinem
3067 579 3080 613 :
3123 572 3177 618 et
3227 565 3296 618 ab
3343 567 3600 623 omnibus

2026 661 2244 707 amatur
2273 663 2327 709 et
2371 655 2698 720 celebratur,
2733 670 3046 725 quanquam
3081 656 3151 710 sit
3190 657 3389 711 robore
3441 659 3600 713 inﬁr-

2026 759 2115 798 mo
2150 763 2164 800 :
2194 746 2472 816 sapientia:
2495 749 2640 802 enim
2667 748 2870 813 dedita,
2900 748 3187 803 honestnta
3235 761 3339 805 est.
3386 749 3601 818 Quous-

2026 849 2154 904 que,
2175 839 2350 906 piger,
2380 837 2945 908 decumbesl’quando
2975 839 3192 894 tandem
3221 855 3251 895 e
3281 857 3476 898 somno
3505 859 3603 896 εχ·-

2028 925 2322 982 citaberis?
2365 929 2650 999 Paulisper
2679 931 2907 997 dormis,
2945 932 3222 1001 paulisper
3251 933 3430 998 sedes,
3461 950 3564 1003 pau
3584 964 3598 974 η

2024 1016 2198 1072 Iulum
2241 1018 2525 1087 dormitas,
2570 1023 2828 1080 admoves
2871 1037 3069 1078 manus
3121 1025 3347 1109 pectori,
3405 1027 3600 1079 deinde

2025 1121 2320 1180 paupertas
2363 1112 2509 1166 velut
2562 1113 2814 1183 egregius
2869 1129 3063 1170 cursor
3113 1114 3182 1169 ad
3229 1122 3280 1170 te
3322 1116 3488 1182 venit,
3545 1126 3602 1172 ct

2023 1201 2208 1268 inopia
2245 1203 2390 1256 velut
2418 1204 2560 1257 celer
2596 1204 2789 1260 viator.

2090 1293 2236 1362 Pigri
2273 1294 2584 1347 divitiarum
2614 1306 2741 1349 sunt
2767 1296 2974 1364 inopes.

2088 1387 2142 1440 In
2180 1387 2572 1455 cupiditatibus
2612 1397 2860 1442 versatur
2889 1391 3064 1447 omnis
3097 1393 3332 1450 otiosus.

2097 1476 2210 1533 Vire
2245 1479 2546 1535 otiosorum
2581 1480 2754 1548 spinis
2793 1489 2984 1535 strata!
3016 1493 3166 1538 sunt.

2093 1572 2288 1625 Anima
2319 1573 2479 1627 otiosi
2519 1573 2748 1628 esuriet.

433 1638 716 1696 Ἐνδύεται
765 1644 1144 1732 διερρηγμένα
1179 1652 1273 1705 καὶ
1321 1654 1544 1727 ῥακῶδη
1571 1657 1680 1722 πᾶς
1735 1658 1970 1756 ὑπνώοι

2103 1660 2381 1718 Vestietur
2410 1664 2627 1720 detritis
2654 1666 2853 1736 pannis
2891 1667 3316 1722 somniculosus.

2095 1841 2256 1915 Piger
2284 1844 2503 1914 probris
2533 1861 2656 1901 cum
2687 1845 2939 1912 afﬁcitur,
2970 1861 3076 1902 non
3105 1847 3380 1904 erubescit
3403 1864 3422 1919 ;
3446 1849 3603 1906 simi-

2024 1936 2258 2005 literque
2285 1936 2378 2006 qui
2409 1937 2757 1993 commodato
2791 1939 2991 2009 accipit
3027 1938 3360 1995 frumentum
3405 1944 3602 1999 messis

2024 2036 2293 2097 tempore.

2091 2123 2430 2193 Cupiditates
2462 2125 2672 2195 pigrum
2701 2125 3060 2194 interﬁcient;
3093 2141 3201 2183 non
3235 2127 3380 2184 enim
3404 2141 3600 2183 manus

2022 2213 2142 2285 ejus
2170 2215 2362 2269 volunt
2398 2216 2697 2284 quidquam
2733 2216 2930 2274 facere.

2096 2307 2372 2361 Causatur
2397 2317 2451 2362 et
2479 2307 2613 2364 dicit
2642 2309 2819 2380 piger,
2845 2309 3056 2366 leonem
3079 2325 3203 2368 esse
3228 2312 3281 2366 in
3309 2311 3433 2378 viis,
3458 2319 3512 2368 et
3539 2311 3599 2368 in

2023 2397 2160 2452 vicis
2194 2397 2447 2455 sicarios.

2097 2491 2200 2559 Qui
2235 2507 2350 2548 rem
2386 2494 2701 2562 contemnit,
2741 2503 3117 2550 contemnetur
3145 2495 3213 2552 ab
3243 2494 3381 2566 ipsa.

2097 2669 2258 2741 Piger
2287 2671 2392 2726 sibi
2431 2671 2649 2726 videtur
2678 2671 3140 2742 sapientissimus.

2103 2761 2170 2816 Ut
2205 2762 2402 2818 ostium
2430 2762 2668 2818 volvitur
2693 2762 2750 2818 in
2789 2765 3032 2830 cardine,
3065 2767 3146 2821 sic
3183 2765 3335 2836 piger
3363 2764 3418 2822 in
3458 2764 3602 2823 lecto

2027 2867 2150 2906 811οο

2103 2941 2213 2997 Viae
2253 2943 2386 2998 nihil
2425 2943 2728 2999 curantium
2767 2943 2822 3000 In
2849 2944 3174 3016 perditione.

431 3021 520 3074 Ἐν
549 3021 783 3114 ὀκνηρίᾳ
813 3029 1288 3100 ταπεινωθήσεται
1327 3034 1583 3105 δόκωσις,
1621 3040 1716 3092 καὶ
1742 3041 1798 3094 ἐν
1829 3042 1926 3114 ἀρ-
1952 3031 1970 3088 ε

2099 3034 2322 3104 Pigritia
2349 3034 2633 3106 dejicietur
2653 3043 2706 3090 et
2727 3035 2975 3091 diructur
3004 3045 3231 3103 tectum,
3261 3044 3316 3092 et
3341 3035 3453 3092 otio
3481 3049 3601 3090 ma-
3695 3025 3702 3030 ’

351 3108 450 3182 γίᾳ
480 3113 678 3182 χειρῶν
721 3117 907 3184 στάξει
940 3119 1110 3176 οίκία.

423 3205 515 3274 Μὴ
542 3206 695 3273 γίνου
720 3211 889 3280 ταχὺς
920 3212 977 3265 ἐν
1016 3213 1237 3288 γλώσσῃ
1277 3235 1395 3283 σου,
1453 3222 1549 3275 καὶ
1580 3222 1788 3294 νωθρὸς
1833 3227 1930 3281 καὶ

352 3298 689 3366 παρειμένος
717 3301 774 3353 ἐν
803 3305 915 3365 τοῖς
944 3303 1126 3373 ἔργοις
1161 3326 1277 3365 σου.

428 3389 637 3458 Πολλὴν
667 3393 870 3447 κακίαν
901 3395 1140 3462 ἐδίδαξεν
1173 3401 1204 3470 ἡ
1237 3401 1425 3470 ἀργία.

438 3479 527 3533 Ἐν
553 3485 769 3553 νεότητί
791 3501 886 3538 σου
915 3489 976 3542 οὐ
1017 3493 1390 3563 συναγήοχας,
1445 3497 1544 3550 καὶ
1591 3497 1710 3562 πῶς
1741 3499 1810 3553 ἂν
1839 3501 1930 3554 εὖ·

356 3589 473 3642 ροις
501 3575 559 3626 ἐν
591 3579 738 3648 γήρᾳ
768 3596 862 3632 σου
889 3597 904 3644 ;

439 3665 528 3718 Ἔν
553 3669 722 3739 ἀργίᾳ
749 3670 1047 3736 ἐλάττωσις
1077 3675 1268 3747 πολλή·
1306 3678 1488 3750 μήτηρ
1514 3681 1665 3736 ἐστὶν
1702 3683 1735 3754 ἠ
1759 3685 1929 3755 ἀργία

353 3756 449 3811 τοῦ
481 3756 663 3828 λιμοῦ,
690 3761 892 3833 ἀδελφὴ
920 3764 976 3816 δὲ
1009 3765 1108 3832 τῆς
1138 3767 1368 3837 κλοπῆς.

425 3849 516 3918 Τῷ
548 3851 723 3920 ἔχοντι
757 3855 919 3905 παντὶ
950 3855 1258 3925 δοθήσεται,
1290 3862 1383 3913 καὶ
1409 3865 1926 3932 περισσευθήσεταιο

353 3941 466 3994 ἀπὸ
495 3941 551 3993 δὲ
586 3945 680 3995 τοῦ
706 3941 780 4015 μὴ
813 3944 1032 4015 ἔχοντος
1063 3949 1159 4001 καὶ
1201 3948 1230 4001 ὅ
1258 3950 1408 4005 δοκεῖ
1427 3952 1573 4027 ἔχειν
1628 3955 1930 4028 ἀρθήσεται

355 4035 453 4088 ἀπ’
469 4035 658 4091 αὑτοῦ.

429 4126 594 4190 Etet;
619 4129 679 4181 οὑ
706 4127 852 4184 θέλει
886 4131 1245 4202 ἐργάζεσθαι,
1273 4134 1409 4206 μηδέ
1454 4135 1706 4194 ἐσθιέτω·
1739 4137 1931 4193 ἀκούο-

359 4237 460 4288 μεν
490 4223 596 4290 γάρ
629 4237 784 4284 τινας
807 4224 864 4276 ἐν
895 4224 1026 4294 ὑμῖν
1057 4226 1792 4297 ἀτάκτωςπεριπατοῦντας,
1827 4249 1931 4302 μη-

354 4311 446 4363 δὲν
464 4313 885 4384 ἐργαζομένους,
919 4317 1055 4370 ἀλλὰ
1102 4319 1659 4389 περιεργαζομένους.
1708 4322 1846 4386 Τοὺς
1875 4322 1930 4377 δὲ

2032 3144 2195 3182 ιιιιιιιιι
2237 3129 2462 3182 stillabit
2491 3127 2688 3183 domus
2719 3118 2818 3198 (1).

2105 3217 2265 3289 196
2296 3216 2372 3271 Nc
2399 3218 2476 3272 sis
2509 3217 2691 3287 lingua
2719 3215 2906 3279 celeri,
2935 3215 3068 3270 etin
3093 3214 3352 3286 operibus
3383 3212 3601 3285 langui-

2031 3310 2135 3366 dus
2169 3325 2232 3364 ac
2271 3310 2556 3363 remissus.

2102 3402 2344 3455 Plurima
2373 3401 2501 3454 vitia
2537 3399 2698 3453 docet
2753 3399 2949 3452 otium.

2102 3491 2272 3547 Eccli.
2317 3507 2504 3548 xxxtu.
2538 3489 2595 3544 ln
2624 3490 2910 3558 iuventute
2957 3501 3079 3542 cum
3110 3485 3245 3541 nihil
3300 3483 3599 3556 collegerls,

2030 3585 2308 3655 quomodo
2339 3584 2584 3638 invenias
2615 3581 2668 3636 in
2701 3588 2979 3636 senectute
3009 3589 3099 3635 tua

2108 3675 2306 3731 Tobire.
2373 3675 2428 3728 In
2458 3674 2568 3728 otio
2602 3671 2788 3728 multa:
2818 3687 2908 3726 res
2945 3672 3348 3726 imminuuntur
3375 3687 3391 3726 :
3423 3669 3598 3725 otium

2030 3776 2204 3822 mater
2235 3775 2318 3821 est
2347 3765 2506 3820 famis
2533 3772 2583 3818 et
2615 3763 2784 3818 frater
2813 3762 2966 3818 furti.

2103 3857 2298 3912 Matth.
2336 3872 2452 3910 xm.
2480 3856 2640 3910 Omni
2695 3855 2784 3923 qui
2821 3855 2982 3909 habet
3010 3852 3245 3915 dabitur,
3297 3859 3352 3906 et
3381 3848 3597 3904 aﬂluet:

2031 3949 2099 4004 ab
2128 3965 2193 4004 eo
2225 3959 2407 4003 autem
2447 3949 2540 4018 qui
2571 3963 2678 4003 nou
2709 3947 2892 4013 habet,
2921 3953 2976 4000 et
3005 3942 3153 4014 quod
3186 3942 3405 3998 videtur
3433 3941 3600 3995 habe-

2030 4055 2110 4108 re,
2141 4039 2439 4096 auferetur.

2100 4131 2156 4186 II
2187 4131 2370 4185 Thess.
2407 4146 2486 4186 ιιι.
2522 4128 2578 4185 Si
2607 4129 2729 4200 quis
2767 4127 2984 4199 operari
3041 4134 3281 4187 recusat,
3305 4124 3352 4179 is
3385 4135 3604 4192 quoque

2035 4226 2173 4280 nihil
2198 4227 2361 4281 edat:
2391 4224 2646 4278 audimus
2683 4221 2828 4276 enim
2854 4222 3120 4290 quosdam
3166 4219 3310 4272 inter
3339 4230 3442 4270 vos
3505 4213 3602 4283 qui

2037 4317 2396 4371 immoderate
2430 4329 2490 4368 se
2525 4319 2741 4383 gerant,
2769 4311 2905 4365 nihil
2929 4311 3108 4378 operis
3137 4308 3241 4377 ipsi
3305 4305 3597 4368 facientes,

355 4400 636 4464 τοιούτους
693 4406 1154 4476 παραγγέλλομεν
1226 4409 1321 4462 καὶ
1381 4412 1815 4483 παρακαλοῦμεν
1873 4400 1970 4468 ἐν’

2038 4409 2130 4464 sed
2157 4407 2210 4460 in
2241 4407 2416 4460 aliena
2441 4417 2605 4473 opera
2634 4404 2850 4457 curiose
2897 4400 3274 4469 inquirentes:
3303 4410 3440 4466 quos
3485 4408 3604 4447 tuo—

357 4491 572 4562 Κυρίῳ,
619 4494 799 4562 Ἰησοῦ
836 4497 922 4550 ἵνα
949 4498 1088 4566 μετὰ
1129 4499 1362 4570 ήσυχίας
1419 4502 1782 4572 ἐργαζόμενοι
1842 4505 1933 4559 τὸν

357 4583 570 4638 ἑαυτῶν
592 4585 756 4656 ἄρτον
803 4589 1084 4645 ἐσθίωσιν.

443 4676 638 4746 Ἀργία
665 4681 1004 4749 κακουργίας
1033 4682 1201 4753 ἀρχή.

435 4767 594 4820 Ἴδιον
660 4768 820 4822 τοῦτο
871 4769 1216 4842 ἀρῤὡστημα
1276 4772 1458 4844 ἀργῆς
1515 4775 1610 4828 καὶ
1685 4777 1934 4848 ῥᾳθύμου

355 4857 558 4924 τυχῆς,
589 4857 817 4911 ἐνύπνια
855 4859 1076 4929 βλέπειν
1112 4863 1480 4934 ἐγρηγορότος
1529 4866 1624 4919 τοῦ
1658 4869 1931 4933 σώματος.

437 4947 558 5013 Τίς,
591 4949 647 5000 ἐν
671 4949 850 5017 καιρῷ
886 4954 1094 5021 σπορᾶς
1125 4953 1264 5005 οἴκοι
1292 4952 1622 5023 καθήμενος,
1649 4957 1938 5022 ἐνστάντος

355 5039 454 5092 τοῦ
488 5039 753 5110 θερισμοῦ
777 5041 868 5095 τὸν
900 5045 1102 5098 κόλπον
1119 5046 1408 5116 ἐπλήρωσε
1429 5047 1537 5099 τῶν
1566 5048 1896 5118 δραγμάτων
1919 5069 1934 5120 ;

358 5128 446 5191 τίς
475 5129 784 5199 ἐτρύγησεν
815 5133 1138 5202 ἀμπελῶνα,
1166 5135 1260 5187 τὸν
1295 5136 1369 5206 μὴ
1405 5135 1536 5206 παρ’
1569 5137 1734 5190 αὐτοῦ
1760 5155 1935 5208 πεφυ-

358 5222 662 5288 τευμένον;
701 5223 960 5275 Ἐκείνων
1011 5225 1060 5276 oi
1110 5227 1319 5296 καρποὶ
1346 5221 1421 5281 ὧν
1457 5228 1552 5281 καὶ
1582 5231 1630 5281 oi
1665 5229 1840 5284 πόνοι.
1867 5231 1934 5284 Δί

361 5297 522 5380 τιμαὶ
567 5315 662 5367 καὶ
712 5317 759 5367 οἱ
814 5316 1070 5384 στέφανοι
1105 5317 1216 5370 τῶν
1243 5320 1610 5389 νενικηκότων
1655 5322 1784 5374 είσί.
1841 5323 1937 5386 Τίς

365 5405 624 5470 στεφανοί
661 5420 791 5456 ποτε
823 5405 912 5458 τὸν
949 5405 1084 5475 μηδὲ
1116 5407 1388 5460 ἀποδύντα
1429 5409 1566 5478 πρὸς
1591 5410 1681 5463 τὸν
1710 5411 1938 5465 ἀντίπα-

363 5495 455 5548 λον
484 5512 498 5559 ;
533 5497 693 5549 ὁπότε
728 5499 790 5550 οὐ
821 5500 1045 5568 νικῆσαι
1074 5502 1236 5569 μόνον
1259 5500 1360 5566 δεῖ,
1398 5502 1535 5557 ἀλλὰ
1561 5505 1654 5556 καὶ
1687 5504 1938 5575 νομίμως

363 5585 622 5657 ἀθλῆσαι,
658 5592 800 5643 κατὰ
827 5591 917 5644 τὸν
953 5592 1299 5645 Ἀπόστολον.

2042 4515 2236 4554 nemus
2264 4505 2318 4554 ct
2347 4498 2629 4551 hortamur
2658 4509 2751 4563 per
2783 4491 3078 4546 Dominum
3107 4486 3319 4551 Jesum,
3340 4494 3400 4540 ut
3423 4485 3606 4554 quiete

2039 4593 2327 4657 operantes
2365 4599 2522 4638 suum
2554 4583 2656 4652 ipsi
2713 4595 2908 4652 panem
2957 4579 3141 4633 edant.

2114 4677 2323 4732 Basilii.
2378 4674 2558 4730 Otium
2591 4674 2836 4728 maleﬁcii
2869 4671 3222 4742 principium.

2113 4768 2339 4837 Propria
2372 4779 2454 4822 est
2481 4768 2598 4822 haec
2628 4766 2891 4836 aegritudo
2920 4763 3080 4818 otiosi
3110 4771 3162 4816 et
3200 4755 3462 4816 desidiosi
3491 4754 3610 4810 ani-

2043 4865 2140 4925 mi,
2182 4871 2244 4916 ιιι
2276 4860 2536 4930 vigilante
2568 4872 2796 4927 corpore
2829 4857 3039 4911 somnia
3069 4856 3267 4910 videat.

2113 4953 2267 5018 Quis,
2321 4948 2584 5004 sementis
2630 4957 2870 5016 tempore
2913 4945 3058 5000 domi
3092 4945 3312 5008 sedens,
3375 4943 3613 5000 instante

2041 5054 2228 5100 aestate
2256 5044 2434 5098 sinum
2467 5055 2624 5094 suum
2648 5037 2942 5106 manipulis
2962 5035 3382 5104 implet-inquis
3413 5034 3612 5088 vinde~

2044 5138 2233 5192 ntiavit
2263 5136 2497 5198 vineam,
2532 5147 2694 5202 quam
2726 5133 2839 5199 ipse
2891 5145 2995 5185 non
3032 5126 3385 5183 conseverit?
3416 5140 3611 5181 eorum

2044 5239 2174 5286 Sunt
2206 5229 2437 5291 fructus,
2466 5240 2699 5296 quorttm
2736 5222 2954 5277 fuerunt
2975 5221 3214 5276 labores.
3274 5217 3520 5272 Honores
3553 5223 3612 5270 et

2044 5334 2260 5375 corona:
2286 5332 2500 5380 eorum,
2526 5314 2618 5383 qui
2647 5312 2930 5368 victoriam
2955 5309 3315 5374 obtinuerint,
3347 5321 3470 5362 esse
3517 5321 3612 5362 so—

2044 5414 2176 5467 lent.
2210 5411 2342 5476 Quis
2377 5421 2617 5477 unquam
2646 5405 3018 5460 coronandum
3044 5401 3254 5470 putavit
3280 5415 3404 5455 eum
3426 5397 3516 5468 qui
3539 5399 3607 5452 ad

2043 5501 2361 5555 certandum
2391 5511 2514 5551 cum
2537 5494 2856 5549 adversario
2887 5507 2954 5547 ne
3004 5505 3063 5548 se
3098 5489 3314 5544 exuerit
3341 5488 3562 5559 quidem
3589 5487 3614 5541 ι

2046 5587 2268 5655 quando
2289 5600 2395 5638 non
2418 5584 2593 5637 solum
2621 5581 2950 5639 vincendum
2984 5590 3088 5648 est,
3115 5580 3208 5636 sed
3228 5578 3419 5647 etiam,
3452 5583 3514 5632 ut
3534 5573 3612 5632 ait

2045 5676 2358 5748 Aposmlus,
2417 5675 2655 5745 legitime
2713 5675 3050 5732 certandum.

441 5794 516 5859 (ι)
552 5792 616 5846 Id
656 5806 728 5848 est
755 5836 769 5863 ,
810 5797 1099 5854 stillicidiis
1131 5797 1289 5868 plena
1339 5795 1443 5851 erit
1493 5803 1712 5866 propter
1751 5805 1954 5851 otiosas
1985 5807 2199 5849 manus.
