4056 6430
539 336 675 402 127
1755 333 2070 393 ΑΝΤΟΝΙΙ
2109 335 2141 393 li

2155 333 2454 392 lEI.lSS/E
3641 329 3757 394 119.3

603 444 738 508 Quis
761 441 1117 496 certaminum
1146 441 1430 511 praefectus
1456 441 1592 496 adeo
1619 451 1772 496 caret
1790 441 2020 510 judicio,
2044 449 2107 495 ut
2140 451 2184 502 Α

2156 451 2184 502 ι
2289 444 2387 503 Τίς
2406 440 2582 504 οὕτως
2610 440 2834 511 ἄκριτος
2854 438 3150 508 ἀθλοθέτης
3169 437 3227 502 ὃς
3261 437 3370 492 τῶν
3399 439 3532 493 ῐσων
3559 425 3758 504 ἀξιώσει

535 534 730 590 iisdem
767 533 986 588 coronis
1013 533 1203 602 dignos
1224 533 1429 602 judicet
1458 534 1715 588 victorem
1760 541 1813 586 et
1855 548 1977 586 eum
2005 531 2099 601 qui

2220 535 2503 600 στεφάνων
2532 532 2624 584 τὸν
2655 533 2902 603 νικητὴν,
2937 533 3035 585 καὶ
3061 531 3154 584 τὸν
3191 530 3357 600 μηδὲν
3388 531 3757 599 ήγωνισμένονς

537 627 674 682 nihil
698 625 960 680 certarit?
997 624 1130 690 Quis
1156 627 1451 694 imperator
1481 634 1585 690 est,
1618 625 1709 694 qui
1739 640 1834 679 eos
1891 625 1984 694 qui
2033 639 2103 678 ne

2215 625 2315 688 Τίς
2349 624 2656 694 στρατηγὸς
2685 626 2763 686 εἰς
2795 623 2893 694 τὴν
2928 624 3124 696 μερίδα
3171 622 3281 676 τῶν
3312 621 3527 677 σκύλων
3555 623 3612 687 ἐξ
3655 622 3758 676 ίσου

535 718 644 772 visi
711 718 929 782 quidem
973 718 1083 770 sint
1114 717 1165 770 in
1196 719 1404 786 praelio,
1441 717 1505 771 ad
1560 733 1745 788 parem
1805 716 2105 772 victoribus

2217 716 2352 769 ποτὲ
2378 717 2490 776 τοῖς
2513 717 2828 785 νενικηκόσι
2883 713 3010 778 τοὺς
3058 712 3196 783 μηδὲ
3238 711 3509 780 φανέντας
3558 712 3645 765 ἐπὶ
3673 710 3760 780 τῆς

539 809 834 878 spoliorum
863 807 1304 862 distributionem
1345 819 1497 863 voc:~t
1521 810 1543 862 ?

1133 810 1304 862 ioneui
1345 819 1497 863 voc:~t
1521 810 1543 862 ?
2217 808 2400 879 μάχης
2439 807 2698 862 ἐκάλεσεν
2721 823 2735 874 ;

615 896 882 968 Tlteolngt'.
919 899 1191 964 Quantum
1224 909 1302 950 est
1334 899 1534 952 malum
1585 899 1650 953 ad
1678 898 1912 968 pessima
1946 913 2106 966 para-

2288 899 2454 952 Ὅσον
2480 898 2596 950 ἐστὶ
2636 899 2805 951 κακὸν
2841 895 3129 966 ἑτοιμότης
3157 895 3293 966 προς
3348 893 3411 948 τὸ
3461 894 3653 962 χεῖρον,
3681 889 3760 948 καὶ

541 999 654 1042 tum
696 1004 836 1052 esse,
898 998 951 1042 et
981 989 1046 1040 ad
1084 974 1290 1057 optima
1353 1001 1734 1044 cunctatorem
1766 998 1821 1043 et
1858 988 2100 1058 impara-

1408 1001 1734 1044 luctatorem
1766 998 1821 1043 et
1858 988 2100 1058 impara-
2218 993 2479 1064 μέλλησις
2515 992 2651 1061 πρὸς
2680 991 2740 1044 τὸ
2780 990 3010 1058 βέλτιον.

543 1087 651 1132 tum
685 1080 697 1131 ί

3774 1093 3806 1164 ἓ.

614 1169 913 1224 Honestum
940 1170 1051 1240 jam
1081 1186 1183 1225 non
1217 1179 1300 1226 est
1342 1171 1647 1235 honestum,
1703 1185 1828 1225 cum
1883 1184 1991 1226 non
2054 1169 2115 1226 ﬁt

2054 1169 2115 1226 ﬁt
2288 1177 2361 1230 Τὸ
2391 1177 2555 1230 καλὸν
2589 1173 2649 1228 οὖ
2683 1173 2868 1240 καλὸν,
2895 1175 3026 1228 ὅταν
3054 1171 3131 1243 μὴ
3163 1170 3346 1234 καλῶς
3366 1168 3603 1238 γίνηται.

541 1260 791 1316 honeste.
2255 1301 2262 1308 .
2837 1282 2842 1283 ί

613 1350 832 1405 lnfirma
895 1359 952 1406 et
989 1353 1254 1410 dissoluta
1292 1354 1531 1425 ingenia,
1563 1361 1679 1408 tum
1725 1351 1792 1407 ad
1823 1352 2111 1416 virtutem,

2291 1359 2357 1413 Al
2388 1358 2638 1419 ἀσθενεῖς
2666 1355 2758 1408 καὶ
2801 1351 3192 1424 διακεχυμέναι
3246 1351 3446 1420 φύσεις
3499 1349 3591 1403 καὶ
3642 1349 3755 1416 πρὸς

545 1452 658 1495 tum
696 1443 760 1496 ad
789 1444 1000 1511 vitium,
1028 1446 1276 1499 similiter
1323 1445 1550 1500 remissa
1583 1456 1636 1500 et
1678 1445 1932 1516 languida
1966 1451 2115 1510 sunt,

2219 1449 2423 1519 ἀρετὴν
2454 1449 2545 1500 καὶ
2573 1446 2709 1516 πρὸς
2741 1446 2944 1500 κακίαν
2981 1446 3182 1515 ὁμοίοις
3215 1443 3433 1506 νωθεῖς,
3470 1442 3559 1495 καὶ
3597 1441 3755 1492 δυσκί-

545 1532 894 1602 diﬂiciliaqne
951 1537 1020 1590 ad
1074 1551 1132 1590 se
1198 1536 1690 1602 commovendum;
1756 1537 1807 1590 in
1867 1547 2115 1591 neutram

2219 1557 2404 1610 νητοι·
2437 1539 2735 1608 οὐδετέρως
2780 1541 2925 1606 μέγα
2953 1539 3206 1590 νεύουσαι
3232 1537 3281 1588 οἱ
3310 1535 3379 1589 τὰ
3407 1535 3515 1587 τῶν
3558 1531 3759 1602 ἀρκούν-

546 1633 753 1692 partem
787 1626 1070 1697 insigniter
1095 1627 1357 1684 inclinant
1383 1627 1682 1684 otiosorum
1714 1636 2007 1685 momenta.

2221 1649 2330 1686 των
2381 1632 2683 1702 κινήματα.
2748 1630 2886 1696 (Ego
2946 1629 3191 1697 legerint,
3246 1628 3591 1698 Οὑδετέρωσε
3640 1623 3761 1695 μέγα

2225 1723 2444 1776 νεύουσι
2468 1721 2538 1774 τὰ
2567 1721 2675 1775 τῶν
2704 1719 3018 1791 ἀργούντων
3049 1719 3377 1790 κινήματα.)

619 1804 888 1872 Segniiies
939 1806 1116 1860 somni
1147 1805 1369 1874 coniux.
2151 1783 2191 1838 Β
2298 1813 2511 1868 Νωθεία
2537 1814 2708 1868 ὕπνον
2739 1814 2993 1883 σύζυγος.

618 1897 795 1966 Αῖίμιθ
822 1897 1032 1952 inutilia
1067 1909 1289 1965 sunt,et
1317 1900 1576 1970 segnities
1634 1900 1770 1955 nihi.
1810 1915 1996 1971 agens,
2063 1909 2117 1957 et

2307 1906 2539 1976 Ὁμοίως
2593 1905 2843 1976 ἄχρηστα
2881 1904 2976 1958 καὶ
3025 1901 3306 1972 νωθρότης
3349 1900 3642 1965 ἄπρακτος,
3683 1896 3763 1950 καὶ

551 1987 713 2042 ardor
749 1991 866 2042 sine
924 1989 1201 2056 doctrina;
1259 1990 1347 2044 illa
1391 1991 1456 2046 ad
1488 1991 1713 2048 honesta
1734 2007 1842 2048 non
1883 1991 2116 2057 accedit,

2223 1999 2497 2068 θερμότης
2522 1999 2869 2060 ἀπαίδευτος·
2891 1997 2923 2067 ή
2951 1996 3047 2066 μὲν
3069 1995 3169 2048 οὐκ
3190 1993 3490 2062 ἒγγὶζουσα
3515 1991 3587 2059 τῷ
3613 1989 3759 2057 καλῷ.

551 2077 666 2132 hmo
725 2079 1013 2136 honestum
1057 2082 1312 2147 transilit,
1353 2096 1408 2140 et
1442 2083 1592 2155 justo
1624 2083 1829 2154 justius
1861 2083 2118 2154 quiddam

2221 2093 2255 2160 ή
2289 2090 2344 2142 δὲ
2375 2089 2889 2158 ὁπερεκπίπτουσα,
2933 2089 3028 2142 καὶ
3058 2087 3153 2141 τοῦ
3185 2085 3363 2152 δεξιοῦ
3415 2084 3693 2155 ποιουμένη
3719 2099 3760 2134 τι

547 2164 698 2221 facit.

2219 2181 2322 2248 δεξι
2333 2181 2435 2234 ώτε
2445 2199 2551 2250 ρον.

623 2258 682 2313 S.
716 2261 989 2333 Chrysost.
1015 2261 1158 2318 Nihil
1189 2272 1406 2318 esttam
1442 2263 1621 2328 facile,
1645 2263 1789 2333 quod
1821 2279 1927 2319 non
1963 2263 2120 2317 valde

2296 2275 2464 2327 Οὐδὲν
2507 2273 2649 2334 οὕτω
2701 2272 2909 2345 ῥᾴδιον,
2951 2272 2980 2326 ὃ
3026 2271 3104 2342 μὴ
3137 2271 3350 2340 σφόδρα
3405 2267 3540 2339 βαρῦ
3573 2265 3659 2319 καὶ
3683 2263 3761 2316 ὲπ-

549 2365 711 2420 Βτθνθ
739 2361 800 2404 ει
829 2351 1061 2406 ίηνίευίη
1092 2369 1283 2423 ιιιεεηθ
1319 2355 1536 2424 ΡῘΒΓῘῑῙίι
1558 2356 1750 2411 reddat
1784 2372 1801 2424 3
1833 2371 1933 2412 nec
1963 2354 2122 2425 quid-
2222 2369 2384 2439 αχθὲς
2415 2371 2442 2422 ό
2478 2368 2645 2430 πολὺς
2685 2367 2959 2421 δείκνυσιν
3005 2365 3190 2428 ὄκνος·
3247 2364 3378 2418 οὔτε
3408 2361 3650 2417 ἐπίπονον
3684 2356 3762 2410 καὶ

550 2457 712 2512 quam
777 2451 883 2496 tam
939 2444 1267 2500 laboriosum
1295 2455 1349 2500 et
1379 2445 1622 2511 difﬁcile,
1686 2447 1833 2517 quod
1873 2445 2116 2502 studium

2221 2463 2505 2532 δυσχερὲς,
2537 2462 2565 2515 ὃ
2592 2461 2666 2532 μὴ
2701 2460 2823 2514 λίαν
2849 2457 3071 2513 εὔκολον
3103 2459 3136 2530 ἡ
3171 2457 3385 2528 σπουδὴ
3413 2456 3506 2510 καὶ
3531 2455 3564 2525 ή
3590 2451 3761 2523 προθυ-

552 2541 608 2588 et
629 2534 882 2589 alacritas
931 2551 1035 2589 non
1070 2535 1388 2592 facillimum
1441 2539 1658 2593 elliciat.

931 2551 1035 2589 nou
1070 2535 1388 2592 facillimum
1441 2539 1658 2593 elliciat.
2225 2557 2322 2628 μία
2346 2557 2509 2611 ποιεῖ.

628 2625 785 2696 197
836 2625 940 2692 Qui
991 2626 1198 2682 faciunt
1253 2630 1455 2700 aliquid
1511 2646 1616 2686 non
1653 2640 1712 2688 ut
1745 2631 1937 2698 decet,
1987 2633 2119 2688 illud

620 2717 730 2768 insa
764 2731 869 2768 non
903 2716 1130 2768 faciunt.

2227 2625 2238 2628 _
2289 2647 2353 2701 Οἱ
2385 2645 2461 2718 μὴ
2490 2645 2565 2710 ὡς
2596 2645 2677 2700 δεῖ
2719 2643 3001 2709 ποιοῦντές
3037 2662 3112 2712 τι,
3146 2643 3256 2699 οὐδ’
3283 2643 3426 2708 ὅλως
3453 2639 3581 2696 αὐτὸ
3607 2635 3759 2692 ποιοῦ-

552 2728 730 2781 relpsa
764 2731 869 2769 non
903 2725 1130 2772 faciunt.

625 2805 932 2863 Clementis.
1005 2809 1104 2875 Qui
1184 2809 1382 2865 inﬁrmi
1461 2821 1517 2867 et
1607 2813 1908 2870 imbecilles
1967 2825 2119 2881 sunt,

553 2895 618 2948 iis
644 2898 722 2950 vel
752 2900 894 2967 quin!
929 2902 1199 2963 mediocre
1253 2914 1338 2957 est
1365 2918 1528 2973 supra
1562 2905 1708 2961 vires
1763 2906 2006 2976 ipsorum
2037 2908 2122 2962 vi-

554 2987 729 3041 detur.

581 3078 890 3185 ⁸ΡΙιὲΙοηὶσ.
953 3083 1130 3141 Labor
1207 3087 1386 3154 utilia,
1480 3097 1536 3144 et
1618 3087 1857 3146 facilitas
1920 3106 2183 3185 nocen-c

2155 3127 2192 3185 α
2301 3106 2468 3167 Πόνος
2499 3102 2597 3171 μὲν
2623 3103 2734 3164 τοῖς
2763 3100 3125 3171 συμφέρουσι,
3166 3101 3424 3172 ῥᾳστώνη
3446 3099 3500 3152 δὲ
3524 3097 3628 3156 τοῖς
3652 3092 3757 3161 βλα-

555 3175 626 3224 tia
712 3175 1045 3242 comitatur;
1143 3178 1238 3246 qui
1339 3187 1520 3235 autem
1612 3180 1789 3236 labori
1881 3181 2116 3237 facilita-

2157 3175 2192 3185 Ψ
2231 3194 2412 3263 6εροίς
2456 3192 2680 3248 ἕπεται.
2727 3189 2899 3244 Πόνου
2944 3189 3001 3243 δὲ
3047 3188 3340 3267 paculiqu
3391 3185 3756 3258 προκρίνοντες,

557 3271 665 3318 tem
751 3278 1094 3338 praaponuut,
1183 3270 1223 3326 ii
1290 3273 1446 3328 utilia
1484 3272 1841 3330 suadentibus
1893 3289 2118 3330 succen-

2227 3288 2340 3350 τοῖς
2367 3288 2436 3338 τὰ
2493 3283 2848 3355 συμφέροντα
2900 3282 3323 3352 εἰσηγουμένοις
3373 3278 3754 3350 ἀπεχθάνονται.

555 3365 696 3410 80111..

627 3447 954 3507 Continuata
989 3453 1308 3510 exercitatio
1352 3455 1634 3510 scientiam
1681 3455 1850 3510 efﬁcit
1886 3455 2123 3520 firmam,

2313 3469 2378 3522 Ἥ
2407 3466 2634 3536 συνεχὴς
2684 3467 2920 3535 ἄσκησις
2967 3464 3281 3533 ἐπιστήμην
3332 3460 3533 3530 παγίαν
3562 3450 3755 3527 ἐργάζε·

557 3541 701 3594 sicut
743 3542 1090 3600 inscientiam
1124 3536 1273 3603 nulla
1313 3549 1628 3606 exercitatio
1678 3548 1962 3612 adhibita;
2015 3548 2122 3602 ita-

2227 3579 2340 3626 ται,
2375 3562 2449 3622 ὡς
2485 3558 2724 3628 ἀμαθίαν
2753 3555 3111 3627 ἀμελετησία.
3142 3551 3348 3623 Μυρίοι
3369 3550 3496 3620 γοῦν
3517 3543 3755 3614 ἀθλήσεως

558 3647 666 3700 que
717 3634 1144 3692 innumerabiles
1200 3639 1445 3709 neglecta
1508 3640 1903 3695 exercitatione
1954 3640 2126 3694 robur

1887 3654 1903 3695 3
1954 3640 2126 3694 l‘ObUI‘
2229 3649 2374 3717 ὄκνῳ
2407 3648 2502 3699 καὶ
2527 3645 2625 3715 τὴν
2658 3647 2721 3698 ὲκ
2767 3644 2981 3714 φύσεως
3017 3642 3172 3713 ἰσχὺν
3203 3640 3489 3707 ὲξέλυσαν.

558 3725 724 3778 etiam
759 3729 1008 3782 naturale
1064 3740 1490 3785 enervaverunt.

2224 2758 2330 2794 σιν.

2282 2761 2330 2794 νο

2263 2761 2424 2898 ιΤοῖς
2455 2834 2670 2897 ἀτόνοις
2698 2832 2793 2886 καὶ
2821 2830 3132 2895 ἀσθενικοϊς
3159 2829 3219 2882 τὸ
3245 2828 3453 2900 μέτρον
3480 2824 3613 2895 ὑπὲρ
3635 2820 3759 2874 τόνον

2224 2928 2392 2982 δοκεῖ.

631 3815 1041 3877 consuetudine
1074 3830 1128 3876 et
1175 3824 1361 3892 quiete
1407 3823 1790 3879 conﬁrmatum
1839 3824 2006 3878 otium
2044 3823 2130 3878 in-

2315 3829 2379 3888 Ἥ
2405 3828 2463 3893 ἐξ
2502 3827 2656 3890 ἔθους
2695 3825 2792 3886 καὶ
2823 3824 3018 3896 σχολῆς
3064 3821 3238 3908 ἀργία
3289 3823 3522 3894 πρᾶγμα
3567 3811 3755 3872 ὲπίϐουυ

564 3907 831 3963 sidiosuni
857 3919 962 3966 est.
2229 3919 2344 3981 1W.

949 4089 1180 4152 διαιΜο
1214 4090 1400 4153 XLVII
1432 4089 1530 4165 [αι.
1568 4092 1759 4166 XXV].

1610 4093 1759 4166 XVJ-
2810 4105 3048 4163 ΛΟΓΟΣ.
3077 4101 3212 4160 MZ'.

704 4228 780 4282 De
805 4230 1084 4299 prwstanti
1117 4247 1273 4285 sensu
1330 4239 1378 4284 et
1419 4229 1688 4303 intellectu
1715 4229 1977 4300 prmditt's.

1857 4229 1977 4285 ἶὶιὶδο
2583 4241 2717 4310 Περί
2741 4239 3097 4304 αἰσθητικοῦ
3124 4236 3459 4306 ἀνθρώπου.

637 4363 910 4420 Salomon.
949 4364 1118 4421 Tinea
1150 4375 1204 4421 et
1251 4367 1432 4422 erosio
1461 4366 1667 4424 ossium
1703 4375 1790 4422 est
1819 4380 1915 4421 cor
1960 4379 2122 4421 sensu

1703 4375 1790 4422 εει
1819 4380 1915 4421 εον
1960 4379 2122 4421 εθηευ
2309 4381 2416 4449 Σὴς
2441 4379 2643 4432 ὀστέων
2669 4377 2868 4449 καρδία
2901 4375 3242 4447 αἰσθητική.¹

560 4468 842 4528 praestans.
1898 4477 1904 4482 ·
1935 4481 1937 4484 ⁴
2163 4489 2208 4545 D

635 4546 842 4604 Sensus
893 4548 1252 4617 prudentibus
1291 4546 1490 4608 facilis.
1645 4547 1654 4556 “

1645 4547 1654 4556 ”
2303 4555 2563 4622 Αἴσθησις
2596 4555 2883 4624 φρονίμοις
2913 4551 3169 4622 εὐχερής.

635 4641 921 4696 Prudentis
975 4656 1071 4695 cor
1102 4657 1262 4696 sensu
1319 4641 1486 4712 viget.

2306 4648 2515 4716 Καρδία
2540 4646 2804 4715 φρονίμου
2834 4643 2956 4698 κατ’
2988 4642 3261 4711 αἴσθησιν.

637 4731 785 4786 Eccl.
831 4748 965 4787 xxii.
996 4733 1097 4800 Qui
1131 4748 1351 4792 sensum
1387 4732 1748 4803 comparavit,
1807 4745 1866 4786 se
1899 4729 2014 4799 ipse
2049 4727 2130 4784 di-

1746 4778 1748 4790 .
1807 4745 1866 4786 se
1899 4729 2014 4799 ipse
2049 4727 2130 4784 di-
2306 4741 2598 4808 Κτώμενος
2629 4736 2882 4806 αἴσθησιν
2917 4736 3108 4805 ἀγαπᾷ
3134 4731 3348 4786 ἑαυτόν.

563 4823 702 4878 Ιίεἰῐ.

607 4843 702 4894 ειι.

629 4917 738 4968 Cor
773 4915 871 4969 viri
911 4929 1070 4969 sensu
1105 4913 1410 4982 praeditum,
1438 4913 1617 4968 anima
1654 4915 1846 4971 tristis.

2307 4921 2523 4992 Καρδία
2547 4917 2840 4986 αἰσθητικὴ
2869 4914 3062 4985 ἀνδρὸς
3087 4911 3310 4982 λυπηρὰ
3343 4906 3487 4979 ψυχή
3507 4897 3670 4958 αὐτοῦ.

636 5005 1015 5060 Sollicitudine
1087 5003 1354 5060 allicietur
1412 5005 1496 5058 vir
1548 5004 1918 5078 "intelligentia
1985 5023 2128 5080 prae-

1811 5007 1918 5066 ntia
1985 5023 2128 5080 prae-
2317 5013 2670 5083 Ἐμπεσεῖται
2705 5008 2946 5079 μέριμνα
2975 5003 3131 5075 ἀνδρὶ
3169 5003 3413 5074 νοήμονι.

561 5100 730 5155 (ίιιιτε.

639 5191 730 5244 Vir
762 5191 1020 5259 prudens,
1045 5191 1276 5245 thronus
1301 5189 1699 5260 intelligentiae.

2321 5195 2489 5263 ’Δνήρ
2518 5191 2736 5252 συνετὸς
2761 5189 2949 5259 θρόνος
2980 5186 3306 5256 αἰσθήσεως.

633 5282 740 5335 (3οῐ
769 5281 1030 5348 sapientis
1061 5281 1346 5350 intelliget,
1382 5296 1502 5350 quae
1531 5296 1598 5336 ex
1633 5282 1805 5354 ipsius
1831 5300 1923 5341 ore
1957 5290 2121 5357 proli-

2307 5260 2520 5359 Repeto.
2551 5285 2717 5357 σοφοῦ
2747 5284 2932 5353 νοήσει
2961 5283 3028 5338 τὰ
3069 5278 3178 5334 ἀπὸ
3210 5274 3302 5334 τοῦ
3350 5270 3480 5332 ἰδίου
3508 5260 3752 5319 στόματος.

563 5375 857 5429 cisccntur.

637 5464 810 5520 Ecclt'.
837 5463 1192 5536 Intelligentia
1224 5465 1486 5536 praditus
1509 5467 1717 5538 lapsum
1751 5483 1909 5523 suum
1933 5483 2136 5542 agnos.

1970 5485 2136 5542 gnos.
2317 5470 2378 5521 '0
2419 5468 2632 5536 νοήμων
2660 5460 2801 5518 οἶδεν
2840 5463 2898 5514 ὲν
2928 5460 3006 5532 τῷ
3043 5457 3366 5519 ὀλισθαίνειν
3398 5448 3572 5504 αὐτόν.

567 5558 658 5615 rit.

639 5649 694 5704 Si
718 5648 950 5705 audierit
967 5648 1188 5705 scientia
1207 5649 1462 5720 praeditus
1479 5651 1780 5721 sapientem
1802 5669 2132 5722 sermonem,

2309 5648 2479 5714 Λόγον
2507 5645 2667 5712 σοφὸν
2689 5644 2783 5696 ἐὰν
2806 5639 3017 5711 ἀκούσῃ
3037 5636 3231 5706 ὲπιστή
3240 5647 3374 5704 μων,
3393 5623 3583 5685 αἰνέσει
3602 5607 3753 5673 αὐτδνι

570 5740 815 5801 laudabit
838 5741 1016 5808 illum,
1047 5750 1100 5798 ct
1155 5741 1219 5798 ad
1257 5740 1410 5797 illum
1463 5743 1702 5810 adiiciet.

1393 5757 1410 5796 ι
1463 5743 1702 5810 adiiciet.
2242 5741 2334 5795 ml.
2364 5736 2452 5792 ἐπ’
2485 5738 2646 5792 αὐτον
2675 5734 2995 5803 προσθήσει.

3947 5951 3954 6110 1
