4056 6410
364 402 500 462 119.0
1218 400 1387 458 LOL‘I
1421 399 1874 460 COMMUNES.
1910 425 1974 436 -
2007 405 2200 463 PAliS
2247 404 2330 466 II.
2360 401 2618 463 SERMO
2655 402 2742 462 LI.
3490 401 3622 464 U30

949 515 1167 568 aeros
1200 516 1342 569 Mil'.
1965 543 2007 597 Α
2359 518 2551 577 SERM

1965 543 2007 597 Α
2359 518 2600 577 sanato
2662 519 2871 575 XLVIII
2913 519 3009 592 [αι.
3066 517 3275 590 XXIX].

773 635 910 700 Περὶ
956 634 1512 702 ἁναισθητούντων.
2253 635 2332 688 De
2367 651 2375 688 ι

2253 635 2332 688 De
2367 635 2510 688 nullo
2544 649 2700 688 sensu
2728 641 2819 686 aut
2853 631 3117 687 intellectu
3151 631 3409 700 prteditis.

441 747 566 800 Ἐὰν
604 750 893 815 μαστιγοῖς
937 746 1030 800 τὸν
1065 749 1281 818 ἄφρονα
1319 751 1377 802 ἐν
1415 750 1567 820 μέσῳ
1621 753 1930 822 συνεδρίου,

2120 745 2394 801 Salomon.
2425 745 2479 800 Si
2524 744 2708 814 ﬂagris
2739 743 3084 811 insipientem
3117 740 3382 796 cecideris
3413 739 3467 793 in
3510 753 3621 792 mc-

355 839 416 892 οὺ
441 839 518 910 μὴ
543 839 810 910 περιέλῃς
851 841 1138 908 ἀτιμάζων
1173 840 1270 911 τὴν
1308 842 1630 913 ἀφροσύνην
1668 845 1863 901 αὑτοῦ.

2039 842 2128 894 dio
2195 839 2454 904 concilio,
2518 837 2592 892 illi
2659 852 2766 891 non
2803 834 3106 890 detraxeris
3162 833 3266 887 bac
3311 832 3619 902 ignominia

2039 932 2435 1000 insipientiam.

432 1016 658 1084 ’Ἄφρων
702 1016 1073 1086 μαστιγωθεὶς
1107 1017 1207 1069 οὐκ
1239 1019 1580 1074 αἰσθάνεται.

1479 1036 1580 1074 ται.
2111 1021 2324 1076 Stultus
2355 1020 2538 1088 ﬂagris
2581 1035 2756 1075 caesus
2785 1034 2891 1074 non
2925 1020 3081 1088 sapit.

439 1107 842 1180 ᾘσχύνοησαν,
875 1111 970 1162 καὶ
1001 1111 1100 1179 τὴν
1135 1109 1363 1180 ἀτιμίαν
1398 1111 1582 1164 αὐτῶν
1615 1115 1715 1165 οὐκ
1760 1113 1934 1181 ἐγνω-

2109 1111 2306 1166 Jerem.
2380 1111 2749 1174 Erubuerunt,
2811 1120 2866 1166 et
2922 1110 3202 1165 infamiam
3285 1124 3440 1165 suam
3506 1121 3613 1161 non

358 1215 480 1260 σαν,
515 1201 608 1251 καὶ
645 1200 745 1271 οὐχ
773 1201 847 1262 ὡς
881 1202 1343 1270 κατῃσχυμμὲνοι
1381 1201 1752 1272 ᾐσχύνθησαν.

2039 1210 2394 1273 agnoverunt,
2444 1215 2543 1256 nec
2603 1210 2661 1255 ut
2707 1201 2977 1256 dedecore
3040 1199 3223 1257 allecti
3261 1198 3611 1256 verccundati

2037 1304 2186 1352 sunt.

435 1379 525 1442 Ὠς
563 1377 592 1430 ὁ
629 1377 921 1447 ἐξεγείρων
968 1373 1333 1437 καθεύδοντας
1391 1377 1456 1428 ἐκ
1497 1374 1686 1444 βαθέος
1737 1374 1930 1441 ὕπνου,

2113 1385 2274 1442 Velut
2305 1387 2396 1457 qui
2430 1387 2633 1442 excitat
2665 1385 3002 1440 dermicntes
3023 1400 3088 1440 ex
3138 1385 3247 1438 alto
3270 1398 3487 1448 somno,
3535 1381 3614 1438 sic

354 1474 383 1526 ὁ
408 1472 770 1541 διηγούμενος
799 1470 1016 1538 ἄφρονι,
1050 1469 1147 1521 καὶ
1171 1466 1262 1520 ἐπὶ
1293 1465 1436 1520 τέλει
1459 1469 1597 1538 ἐρεῖ,
1636 1468 1701 1522 Τί
1725 1467 1924 1535 τοῦτο;

2037 1479 2129 1547 qui
2156 1478 2323 1534 stulto
2342 1477 2546 1548 aliquid
2580 1476 2921 1546 narrat:qui
2955 1477 3172 1530 tandem
3213 1475 3279 1529 ad
3306 1485 3615 1528 extremum

357 1564 451 1617 καὶ
493 1565 583 1615 ἐπὶ
614 1563 901 1632 συντελείᾳ
935 1563 1071 1632 ἐρεῖ,
1109 1560 1173 1612 Τί
1211 1559 1516 1629 πρότερον;

2036 1569 2214 1624 dicet:
2251 1567 2392 1635 Quid
2426 1569 2568 1624 istud
2600 1567 2725 1623 est?
2754 1575 2810 1621 et
2834 1568 2886 1620 in
2920 1566 3417 1631 consummatione,
3472 1565 3614 1630 Quid

2102 1662 2230 1700 inc?

427 1738 583 1792 Μετὰ
607 1737 842 1808 ἄφρονος
869 1739 942 1807 μὴ
973 1738 1228 1804 πορεύου,
1259 1737 1610 1808 ἀναισθητῶν
1636 1738 1747 1807 γὰρ
1777 1737 1934 1804 ἐξου-

2036 1677 2186 1732 prius
2208 1677 2230 1714 ῖ

2110 1753 2250 1809 Cum
2289 1754 2457 1808 stulto
2486 1767 2553 1807 ne
2591 1754 2963 1823 congreditor,
2999 1765 3126 1804 nam
3169 1763 3296 1804 cum
3331 1761 3496 1802 sensu
3528 1761 3622 1801 ca-

359 1835 504 1888 θενεῖ
532 1852 626 1887 σου
664 1835 734 1888 τὰ
763 1833 942 1888 πάντα
966 1849 981 1864 ο
1017 1834 1256 1904 φύλαξαι
1283 1833 1378 1890 ἀπ’
1398 1833 1590 1898 αὑτοῦ,
1617 1834 1704 1888 ἵνα
1741 1834 1817 1905 μὴ
1844 1834 1934 1888 κό-

2038 1852 2186 1911 reat,
2217 1844 2401 1899 omnia
2435 1853 2526 1898 tua
2551 1843 2896 1900 contemnit:
2925 1856 3059 1896 cave
3106 1839 3284 1906 illum,
3346 1853 3414 1892 nc
3443 1835 3615 1892 mole-

360 1945 462 1980 πον
487 1925 640 1997 ἔχῃς.

1964 1925 2004 1934 ⁷
2036 1937 2196 1991 stiam
2227 1934 2515 2004 suscipias.

433 2017 760 2086 Συγκολλῶν
799 2017 1069 2087 ὄστρακον
1101 2021 1129 2070 ὁ
1159 2017 1429 2073 διδάσκων
1463 2017 1668 2072 αωοόν.

1639 2036 1668 2070 νο
2111 2026 2422 2099 Agglntinat
2452 2034 2645 2079 testam
2677 2025 2770 2094 qni
2797 2027 3028 2078 stultum
3061 2024 3241 2077 docet.

944 2133 1162 2186 ΛΟΓΟΣ
1198 2132 1325 2187 ΜΘθ.
2393 2138 2546 2194 SEBI

2393 2137 2626 2194 SERMO
2687 2136 2855 2192 XLIX
2911 2136 3014 2210 [αι.
3048 2135 3259 2208 CXIII].

410 2248 550 2316 Περὶ
599 2248 892 2318 ὀνόματος
925 2248 1197 2318 χρηστοῦ
1244 2248 1345 2303 καί
1383 2251 1561 2319 χάριν
1598 2249 1872 2320 ἔχοντος.

1763 2267 1872 2317 ξος·
2275 2255 2352 2311 De
2374 2255 2582 2310 nomine
2611 2255 2746 2308 bono
2785 2263 2833 2307 et
2868 2253 3100 2324 gratiam
3128 2251 3365 2307 habente.

427 2357 534 2416 Ἶίν
569 2363 775 2432 Κύριος
806 2366 945 2433 μετὰ
990 2363 1208 2432 Ἰωσὴφ,
1244 2362 1338 2416 καὶ
1378 2365 1637 2433 κατέχεεν
1667 2364 1755 2419 ἐπ’
1784 2361 1935 2434 αὑτῷ

2110 2369 2242 2426 Gen.
2273 2384 2463 2425 xxxrx.
2489 2365 2900 2424 FuitDominus
2941 2380 3065 2419 cum
3109 2361 3369 2433 Josepho,
3401 2372 3457 2417 et
3513 2360 3615 2417 im-

360 2452 527 2517 ελεος,
557 2456 652 2508 καὶ
676 2456 878 2509 ἔδωκεν
901 2453 1050 2522 αὐτῷ
1083 2455 1244 2524 χάριν
1269 2453 1451 2508 ἔναντι
1481 2451 1576 2507 τοῦ
1608 2453 1936 2524 ἀρχιδεσμο·

2039 2463 2224 2534 pertiit
2248 2463 2297 2517 ei
2329 2459 2787 2525 miscricordiam,
2819 2456 3074 2525 deditque
3115 2455 3164 2511 ei
3209 2457 3436 2526 gratiam
3470 2456 3612 2525 apud

361 2547 619 2618 φύλακος.

2039 2555 2350 2626 praefectum
2401 2551 2657 2608 carceris.

429 2640 801 2711 Λίρετώτερον
835 2639 1001 2710 ὄνομα
1027 2639 1194 2692 καλὸν
1227 2639 1260 2708 ἢ
1290 2639 1520 2703 πλοῦτος
1551 2639 1722 2703 πολύς
1741 2655 1756 2671 ο
1793 2639 1937 2707 ὑπὲρ

2110 2648 2268 2702 Prov.
2305 2663 2445 2702 χιιι.
2503 2644 2675 2715 Magis
2726 2641 3092 2714 expetendum
3145 2649 3230 2696 est
3282 2654 3479 2694 nomen
3517 2638 3617 2693 lto-

355 2736 413 2788 δὲ
448 2732 716 2806 ἀργύριον
745 2733 842 2787 καὶ
867 2732 1093 2804 χρυσίον
1120 2732 1280 2802 χάρις
1309 2730 1510 2800 ἀγαθή.

2039 2748 2280 2806 nestum,
2311 2754 2474 2810 quam
2495 2737 2696 2794 divitiae
2719 2737 2938 2791 multae:
2966 2743 3192 2806 argento
3222 2742 3272 2788 et
3292 2731 3454 2802 198
3480 2744 3616 2787 auro

2036 2832 2387 2903 praestantior
2417 2841 2502 2887 est
2552 2831 2695 2886 bona
2725 2829 2923 2898 gratia.

430 2917 604 2985 Χάρις
635 2917 729 2968 καὶ
775 2915 929 2986 φιλία
978 2911 1274 2984 ἐλευθεροῖ,
1319 2910 1388 2975 ἃς
1413 2912 1657 2984 τήρησον
1699 2914 1934 2986 σεαυτῷ,

2111 2923 2297 2979 Gratia
2326 2931 2380 2978 et
2404 2920 2641 2978 amicitia
2666 2921 2896 2976 liberum
2929 2917 3159 2974 faciunt.
3197 2916 3305 2973 llas
3323 2916 3492 2988 igitur
3525 2916 3615 2973 {ac

359 3011 436 3082 μὴ
459 3009 817 3072 ἐπονείδιστος
846 3009 1000 3081 γένῃ.

2038 3030 2222 3070 serves
2250 3014 2372 3080 tibi,
2403 3029 2471 3068 ne
2532 3013 2609 3070 sis
2646 3012 2967 3083 probrosus.

429 3103 794 3173 Περιποίησαι
829 3101 990 3173 χάριν
1027 3102 1122 3155 καὶ
1151 3101 1362 3156 ἔννοιαν
1390 3097 1608 3169 ἀγαθὴν
1643 3099 1702 3152 ἐν
1737 3097 1938 3168 ὀφθαλ-

2110 3108 2380 3176 Compara
2402 3106 2632 3178 gratiam
2663 3114 2719 3161 et
2740 3105 2988 3162 notitiam
3015 3106 3212 3162 bonam
3242 3105 3295 3160 in
3319 3103 3492 3161 oculis
3515 3102 3612 3158 Dei

359 3199 477 3263 μοῖς
507 3196 644 3248 Θεοῦ
677 3194 775 3247 καὶ
800 3193 1124 3265 ἀνθρώπων.

820 3193 1124 3265 ινθρώπων.
1962 3219 2007 3279 c
2039 3207 2093 3253 et
2117 3198 2422 3252 hominum.

437 3287 665 3355 Ἀγαθὸν
694 3287 861 3357 ὄνομα
887 3286 1029 3354 ὑπὲρ
1059 3285 1237 3338 ἔλαιον
1263 3284 1494 3352 ἀγαθόν.

2115 3286 2294 3341 Eccle.
2321 3303 2419 3342 vn.
2482 3286 2694 3342 Bonum
2740 3301 2938 3342 nomen
2965 3287 3261 3358 pretiosius
3286 3287 3431 3343 bono
3470 3281 3628 3343 oleo.‘

431 3379 724 3447 Φρόντισον
756 3376 886 3447 περὶ
927 3375 1211 3446 ὀνόματοςο
1245 3374 1379 3429 αὐτὸ
1413 3375 1522 3446 γάρ
1564 3389 1646 3427 σοι
1680 3390 1938 3444 παραμε-

2112 3376 2270 3434 Curae
2305 3378 2490 3434 sittibi
2521 3377 2758 3433 nominis
2790 3377 2970 3447 fama;
3002 3379 3114 3446 ipsa
3143 3379 3286 3432 enim
3317 3379 3410 3434 tibi
3440 3381 3614 3448 magis

361 3476 443 3528 vei
476 3473 510 3544 ἢ
545 3472 706 3542 χίλιοι
746 3470 974 3541 μεγάλοι
1007 3468 1286 3540 θησαυροί.

2041 3469 2298 3540 proderit,
2331 3485 2492 3539 quam
2519 3469 2666 3525 mille
2719 3470 2904 3541 magni
2955 3469 3221 3525 thesauri.

434 3566 607 3636 Χάρις
637 3567 712 3626 ὼς
738 3563 1069 3634 παράδεισος
1095 3561 1370 3629 εὐλογίας.

2109 3561 2297 3617 Gratia
2330 3572 2414 3618 est
2433 3562 2600 3618 veluti
2631 3562 2921 3632 paradisus
2947 3561 3371 3617 benedictionis.

443 3657 678 3728 Ἀγαθῆς
703 3656 846 3724 ζωῆς
877 3652 1109 3726 ἀριθμὸς
1139 3652 1384 3725 ἡμερῶν,
1421 3653 1516 3707 καὶ
1537 3652 1740 3722 ἀγαθὸν
1760 3652 1927 3722 ὄνομα

2107 3651 2362 3709 Honesta:
2393 3655 2518 3709 vitae
2550 3669 2812 3710 numerus
2840 3655 3050 3710 dierum
3075 3673 3088 3710 :
3113 3663 3167 3709 et
3190 3657 3418 3710 honesta
3470 3652 3615 3710 fama

355 3750 434 3811 εἰς
459 3748 551 3802 τὸν
578 3747 750 3802 αίῶνα
785 3745 968 3812 μένει.

929 3762 968 3798 ι.
2033 3753 2294 3800 aeternum
2355 3744 2531 3799 durat.

425 3841 600 3910 Χάρις
631 3837 726 3893 καὶ
755 3837 906 3900 ἔλεος
940 3836 999 3889 ὲν
1025 3830 1136 3898 τοῖς
1160 3833 1332 3898 ὁσίοις
1358 3831 1548 3889 αὐτοῦ.

2107 3835 2289 3891 Gratia
2317 3845 2374 3891 et
2415 3835 2790 3892 misericordia
2821 3838 2873 3892 in
2914 3837 3122 3893 sanctis
3159 3837 3324 3892 illius.

959 3952 1183 4008 ΛΟΓΟΣ
1231 3948 1316 4006 Ν’.
2460 3951 2561 4006 SEI

2460 3951 2692 4006 SERMO
2725 3950 2763 4004 I.
2816 3951 2915 4022 [αι.
2975 3949 3185 4021 CXIII].

359 4074 493 4146 Περὶ
528 4075 823 4142 ὀνόματος
857 4067 1126 4139 πονηροῦ
1167 4066 1266 4122 καί
1302 4066 1481 4135 χάριν
1525 4062 1614 4134 μὴ
1653 4061 1931 4132 ἔχοντος.

1874 4080 1931 4129 ς.
2188 4067 2263 4121 De
2303 4069 2509 4121 nomine
2538 4065 2680 4119 malo
2714 4074 2764 4122 et
2812 4066 3043 4136 gratiam
3077 4080 3181 4117 non
3235 4063 3476 4121 habente.

439 4191 652 4261 Ὀνομα
702 4187 939 4259 πονηρὸν
980 4184 1247 4256 αἰσχύνην
1293 4181 1391 4237 καὶ
1435 4177 1638 4242 ὄνειδος
1673 4177 1937 4249 κληρονοο

2112 4179 2327 4235 Sirach.
2352 4177 2564 4234 Nomen
2591 4178 2899 4248 improbum
2957 4176 3346 4247 turpitudinem
3385 4185 3442 4233 et
3458 4175 3620 4233 dede-

360 4287 546 4358 μήσει.
2040 4289 2137 4328 cus
2162 4272 2569 4328 hereditarium
2595 4281 2985 4342 consequetur.

437 4379 762 4449 Ἀνθρωπος
788 4373 986 4443 ἄχαρις
1027 4367 1194 4440 μῦθος
1221 4365 1471 4435 ἄκαιρος.

2113 4363 2288 4418 Homo
2312 4362 2484 4434 gratia
2513 4377 2730 4428 carens,
2781 4365 3194 4434 intempestivus
3226 4377 3435 4420 sermo.

439 4471 652 4536 Ὀνομα
683 4464 990 4534 ἀνθρώπων
1016 4461 1118 4515 οὐκ
1149 4458 1373 4527 ἀγαθῶν
1401 4455 1869 4526 ἐξαλειφθήσεται.

1732 4471 1869 4511 εται.
2109 4453 2316 4510 Nomen
2346 4455 2586 4510 virorum
2608 4468 2718 4508 non
2746 4453 3016 4509 bonorum
3041 4454 3331 4510 delebitur.

427 4558 628 4630 Μωρδς
660 4557 806 4627 ἐρεϊο
830 4555 941 4625 Οὐχ
971 4551 1209 4622 ὑπάρχει
1240 4567 1332 4621 μοι
1357 4548 1536 4618 φίλος,
1563 4547 1656 4601 καὶ
1683 4546 1784 4600 οὐκ
1817 4544 1933 4599 ἐστι
1963 4549 2010 4607 D

2007 4566 2010 4592 ι
2112 4545 2324 4602 Stultus
2385 4555 2646 4615 queretur
2702 4544 2916 4600 nullum
2947 4545 3052 4600 sibi
3085 4559 3206 4602 esse
3259 4546 3518 4612 amicum,
3554 4553 3609 4600 et

358 4653 519 4724 χάρις
543 4651 655 4714 τοῖς
684 4645 910 4718 ἀγαθοῖς
946 4660 1072 4714 μου.

2038 4638 2246 4694 nullam
2273 4652 2396 4694 esse
2451 4639 2680 4708 gratiam
2713 4639 2766 4691 in
2793 4637 2950 4692 bonis
2975 4637 3111 4692 suis.

954 4776 1174 4834 ΛΟΓΟΣ
1211 4776 1341 4829 NA'.
2489 4774 2556 4830 Si

2489 4773 2724 4831 SERMO
2748 4774 2814 4829 LI
2843 4774 2940 4848 [αι.
2973 4773 3158 4846 XLII].

389 4895 524 4964 Περὶ
565 4891 775 4964 ζυγῶν,
818 4891 917 4946 καὶ
944 4887 1248 4958 σταθμῶν,
1274 4886 1369 4942 καί
1392 4888 1626 4956 μέτρων
1649 4885 1897 4943 ἀδίκων.

1763 4901 1897 4943 κων.
2293 4889 2365 4943 De
2394 4888 2733 4959 ponderibus,
2769 4888 2984 4944 stateris
3009 4896 3056 4940 et
3086 4888 3365 4941 mensuris.

429 5011 505 5064 Οὐ
540 5008 789 5079 ποιήσεις
821 5005 1004 5060 ἄδικον
1029 5002 1213 5074 κρίσιν
1265 5002 1323 5054 ἐν
1364 5001 1604 5070 μέτροις,
1634 4999 1729 5053 καὶ
1760 4998 1928 5053 σταθ-

2110 5003 2274 5058 Leuit.
2297 5019 2410 5058 ιιι.
2435 5002 2783 5073 Nihiliniquc
2815 5003 3005 5058 feceris
3045 5002 3099 5056 in
3127 5000 3351 5068 judicio,
3381 5001 3433 5054 in
3455 5014 3613 5055 men-

362 5103 505 5172 μοῖς,
556 5100 651 5153 καὶ
683 5097 889 5166 ζυγοῖς.
941 5095 1091 5164 Ζυγὰ
1137 5093 1356 5157 δίκαια,
1386 5091 1482 5145 καὶ
1517 5091 1691 5162 μέτρα
1727 5090 1931 5159 δίκαια,

2037 5100 2204 5165 suris,
2236 5097 2456 5154 stateris
2497 5104 2551 5150 et
2579 5095 2946 5165 ponderibus;
2999 5094 3240 5164 pondera
3297 5093 3455 5148 vobis
3504 5093 3615 5148 sint

357 5194 450 5246 καὶ
475 5191 604 5263 χοῦς
632 5189 840 5252 δίκαιος
874 5188 1027 5242 ἔσται
1053 5187 1204 5254 ὑμῖν.

2033 5193 2203 5261 justa,
2237 5199 2288 5246 et
2307 5201 2576 5244 mensura:
2594 5195 2648 5242 et
2674 5186 2899 5256 congius
2927 5186 3127 5256 justus.

355 5313 399 5350 με
427 5286 540 5338 Οὐκ
579 5284 733 5337 ἐσται
766 5287 823 5335 ἐν
871 5281 950 5348 τῷ
1003 5279 1262 5350 μαρσίπῳ
1297 5294 1392 5331 σου
1433 5275 1703 5347 σταθμίον
1735 5275 1934 5348 μικρὸν

2110 5282 2267 5334 Deut.
2306 5293 2433 5331 xxv.
2459 5273 2578 5331 Non
2601 5276 2706 5329 erit
2735 5275 2788 5330 in
2830 5275 3113 5344 marsupio
3137 5282 3233 5328 tuo
3264 5274 3475 5344 pondus
3493 5289 3615 5344 par-

358 5379 450 5431 καὶ
492 5377 638 5447 μέγα
663 5391 677 5404 ⁸
715 5375 813 5429 οὐκ
859 5375 1012 5427 ἔσται
1048 5374 1106 5425 ἐν
1131 5373 1198 5440 τῇ
1229 5371 1380 5441 οίκίᾳ
1429 5386 1522 5422 σου
1558 5371 1759 5441 μέτρον
1791 5369 1935 5440 μέγα

2037 5388 2165 5430 vum
2199 5380 2254 5427 et
2306 5382 2561 5438 magnum
2589 5408 2602 5430 ,
2663 5381 2765 5421 nec
2809 5381 3071 5422 mensura
3127 5380 3322 5436 magna
3367 5375 3424 5422 et
3449 5380 3611 5436 parva

357 5474 452 5525 καὶ
479 5466 986 5541 μικρόν.Σταθμίον
1008 5464 1263 5534 ἀληθινὸν
1285 5464 1380 5515 καὶ
1407 5461 1614 5516 δίκαιον
1648 5462 1801 5515 ἔσται
1829 5479 1930 5526 σοι,

2039 5466 2185 5521 domi
2212 5475 2337 5518 tuae.
2356 5459 2578 5514 Pondus
2602 5472 2793 5512 verum
2829 5465 2884 5512 et
2911 5457 3122 5527 justum
3150 5457 3256 5512 erit
3286 5454 3408 5522 tibi,
3436 5464 3494 5509 ut
3519 5455 3610 5511 diu

356 5564 445 5616 ἵνα
475 5562 821 5630 πολυήμερος
847 5563 982 5628 γένῃ
1019 5557 1110 5608 ἐπὶ
1140 5556 1235 5621 τῆς
1259 5555 1382 5623 γῆς.

854 5563 982 5628 γένῇ
1019 5557 1110 5608 ἐπὶ
1140 5556 1235 5621 τῆς
1259 5555 1382 5623 γῆςο
2036 5559 2189 5612 vivas
2209 5555 2263 5608 in
2293 5562 2456 5608 terra.

426 5652 698 5722 Σταθμίον
725 5649 933 5704 δίκαιον
961 5647 1154 5702 δεκτδν
1181 5647 1392 5717 Κυρίῳ.

2093 5645 2313 5701 Pondus
2349 5659 2561 5715 aequum
2593 5643 2824 5698 Domino
2854 5650 2938 5698 est
2957 5650 3260 5712 acceptum.

430 5741 602 5809 Ζυγὺς
631 5739 862 5806 δίκαιος,
892 5740 987 5793 καὶ
1036 5737 1236 5809 μέτρον
1268 5737 1499 5808 δίκαιον,
1540 5739 1634 5794 καὶ
1662 5739 1834 5812 χοῖνιξ
1861 5739 1937 5794 δί-

2110 5739 2304 5794 Ezech.
2337 5753 2467 5792 xxv.
2496 5736 2686 5791 Biianx
2721 5749 2898 5806 aequa,
2929 5735 3173 5805 itemque
3233 5744 3493 5789 mensura
3553 5736 3615 5788 et

359 5851 510 5898 καιος
539 5833 690 5886 ἔσται
719 5833 868 5901 ὑμῖν.

2043 5831 2261 5887 οιιαιηὶχ
2287 5843 2442 5901 aequa
2481 5828 2636 5886 vobis
2668 5828 2797 5884 sint.

681 5925 953 5988 ΡΑτειοι..
1003 5927 1048 5986 G
1064 5945 1117 5988 ιι.
1167 5924 1503 5986 CXXXVI.
2189 6001 2201 6014 Α

2189 6001 2201 6014 Δ
2933 5981 2936 5990 1
3141 5915 3218 5979 36
