4056 6402
366 4692 453 4821 \

506 354 658 423 1331.

1039 472 1267 530 summ
1322 476 1408 531 ιιι
1445 481 1542 548 (ι).

619 582 696 636 De
722 585 1038 651 ponderibus
1070 599 1119 642 et
1139 593 1355 647 steteris
1382 601 1429 646 et
1467 597 1723 652 mensuris
1751 599 1968 670 iniquis.

576 693 725 751 Psal.
761 713 871 785 1.31.
899 696 1035 754 Vani
1071 701 1165 756 lilii
1198 703 1503 774 hominum,
1536 718 1590 764 et
1614 708 1834 767 fallaces
1865 712 1920 767 in
1948 728 2084 783 pon-

502 788 749 854 deribus,
778 799 837 844 ut
859 790 1116 860 injuriam
1148 793 1383 864 faciant;
1407 798 1507 867 ipsi
1532 815 1595 855 ex
1623 802 1860 858 vanitate
1892 805 2078 859 simul.

502 877 681 934 Nolite
702 896 851 951 spem
881 881 1080 938 habere
1103 885 1155 938 in
1196 886 1494 956 injuria,et
1524 892 1769 960 rapinam
1792 909 1902 947 non
1937 894 2084 949 desi-

498 973 713 1036 derate;
760 974 964 1030 divitiae
1007 976 1054 1030 si
1084 976 1415 1047 allluxerint,
1443 982 1609 1037 nolite
1646 999 1742 1039 cor
1765 986 1819 1040 in
1837 987 1916 1041 eis
1947 988 2081 1042 deft-

497 1079 623 1134 gere
658 1064 760 1136 (9).

566 1153 727 1211 Prov.
767 1173 822 1215 ι.
850 1158 1093 1216 Pondera
1137 1162 1324 1217 dolosa
1373 1165 1745 1220 abominanda
1796 1178 1923 1224 sunt
1974 1169 2082 1223 Do-

496 1249 663 1304 mino.

578 1339 793 1397 Statera
809 1358 1001 1414 magna
1025 1354 1079 1399 et
1098 1360 1289 1414 parva,
1314 1355 1367 1400 et
1387 1347 1598 1417 gemina
1617 1364 1897 1416 mensura,
1922 1351 2082 1405 ambo

497 1432 709 1502 impura
783 1444 918 1491 sunt.
985 1436 1039 1491 in
1118 1450 1419 1506 conspectu
1515 1440 1781 1509 Domini;
1874 1443 2083 1513 quique

494 1538 558 1577 ea
600 1524 749 1587 facit,
773 1525 826 1579 in
860 1527 975 1581 suis
1013 1528 1279 1584 institutis
1310 1531 1591 1585 irretietur
1615 1532 1936 1603 impeditus.

562 1612 869 1668 Detesmtur
939 1616 1202 1672 Dominus
1274 1618 1549 1687 duplicem
1641 1631 1949 1689 stateram;
2026 1632 2080 1677 et

495 1706 711 1773 pondus
740 1705 988 1762 dolosum
1047 1709 1101 1761 in
1160 1719 1459 1780 conspectu
1520 1711 1695 1779 ipsius
1720 1711 1831 1768 neu
1864 1725 2081 1783 gratum

497 1807 600 1851 06!.

1765 379 2090 443 ANTONlI
2136 384 2481 446 MELISSJE

3611 395 3732 463 1132

2780 498 3001 553 ΛΟΓΟΣ
3051 500 3179 556 NB’.

2222 611 2361 678 Περὶ
2393 608 2615 664 δολίων
2644 610 2853 681 ζυγῶν,
2896 616 2993 667 καὶ
3021 616 3327 684 σταθμίων
3359 632 3453 670 και
3480 634 3716 686 [tamam

2258 726 2497 780 Μάταιοι
2555 727 2662 780 υἱοὶ
2709 728 2818 781 τῶν
2869 728 3196 799 ἀνθρώπων,
3252 730 3466 799 ψευδεῖς
3510 730 3611 784 υἱοί
3651 732 3745 783 τῶν

2185 818 2491 888 ἀνθρώπων
2512 822 2568 873 ὲν
2597 820 2780 888 ζυγοῖς
2808 820 2902 873 τοῦ
2930 820 3227 889 ἀδικῆσαι·
3263 821 3421 876 αὐτοὶ
3443 824 3506 874 ὲκ
3534 822 3746 888 ματαιόο

2189 929 2349 981 τητος
2382 914 2477 966 ἐπὶ
2517 913 2577 966 τὸ
2616 913 2769 970 αὑτό.
2829 914 2919 985 Μὴ
2953 914 3206 978 ἐλπίζετε
3260 915 3347 968 ἐπ’
3402 916 3631 977 ἀδικίαν,
3666 915 3746 967 καὶ

2184 1007 2276 1058 ἐπὶ
2311 1006 2583 1074 ἅρπαγμα
2633 1005 2709 1075 μὴ
2751 1005 3086 1063 ἐπιποθεῖτε.
3139 1006 3379 1071 Πλοῦτος
3405 1007 3498 1061 ἐὰν
3531 1010 3645 1081 ῥέῃ.
3681 1009 3745 1076 μὴ

2183 1096 2542 1167 πρνιστίθεσθε
2572 1097 2820 1167 καρδίαν.

2267 1188 2437 1256 Ζυγοὶ
2470 1188 2630 1242 δόλιοι
2658 1188 2937 1259 βδέλυγμα
2966 1189 3179 1259 Κυρίῳ.

2258 1369 2527 1439 Σταθμίον
2555 1370 2696 1438 μέγα
2716 1387 2809 1423 και
2840 1369 3061 1439 μικρὸν,
3088 1368 3184 1423 καὶ
3220 1372 3395 1438 μέτρα
3418 1367 3595 1431 δισσά,
3625 1367 3747 1420 ἀκά-

2186 1462 2358 1530 θαρτα
2390 1460 2621 1515 ἐνώπιον
2653 1461 2861 1533 Κυρίου
2897 1461 3187 1530 ἀμφότερα
3207 1475 3223 1490 ⁸
3258 1463 3355 1514 καὶ
3385 1462 3412 1512 ὁ
3438 1460 3605 1512 ποιῶν
3625 1459 3749 1512 αὐτά

2184 1556 2242 1606 ἐν
2267 1555 2380 1618 τοῖς
2406 1553 2831 1625 ἐπιτηδεύμασιν
2857 1553 3023 1606 αὑτοῦ
3062 1569 3127 1604 συ
3136 1552 3586 1623 μποδισθήσεται.

2258 1643 2541 1712 Βδέλυγμα
2569 1644 2761 1714 Κυρίῳ
2796 1644 2979 1697 δισσὸν
3027 1642 3290 1709 σταθμίον
3314 1658 3331 1676 “
3363 1643 3462 1696 καὶ
3494 1641 3646 1710 ζυγὸς
3670 1639 3747 1694 δό-

2187 1738 2299 1798 λιος
2325 1737 2385 1789 οὺ
2423 1737 2584 1790 καλὸν
2610 1736 2839 1791 ἐνώπιον
2872 1736 3062 1790 αὐτοῦ.

571 1885 719 1943 Osca:
752 1903 847 1943 nt.
872 1888 1154 1958 Chanaan,
1186 1901 1272 1947 est
1312 1893 1365 1946 in
1391 1892 1641 1948 manibus
1683 1892 1855 1961 ipsius
1876 1899 2074 1947 statera

2254 1915 2498 1979 Χαναὰν,
2519 1916 2577 1968 ὲν
2602 1916 2792 1985 χερσὶν
2816 1914 2983 1969 αὑτοῦ
3014 1912 3180 1981 ζυγὸς
3201 1914 3440 1980 ἀδικίας,
3471 1914 3750 1968 καταδυναο

494 1978 706 2044 dolosa,
753 1981 1199 2050 Oppressionibus
1238 1983 1512 2039 delectata
1553 1993 1657 2048 est,
1706 1992 1813 2038 etc.
1886 1982 2067 2036 Labo-

494 2085 583 2125 res
632 2069 753 2141 ejus
814 2085 923 2126 non
980 2071 1331 2129 invenientur
1367 2074 1536 2139 ineo,
1574 2083 1793 2144 prapter
1844 2074 2080 2143 injurias

493 2177 629 2231 quas
651 2161 800 2217 fecit.

563 2253 723 2310 Amos
755 2270 870 2311 vm.
910 2256 1108 2313 Audite
1140 2256 1258 2313 haec
1291 2258 1499 2318 omnia,
1532 2258 1627 2327 qui
1676 2271 1834 2311 mane
1870 2270 2079 2325 paupe-

491 2361 607 2400 rem
648 2347 953 2414 conteritis,
984 2358 1039 2403 et
1071 2351 1316 2418 potentia
1348 2348 1628 2404 mendicos
1672 2349 1980 2420 opprimitis
2022 2348 2075 2402 in

491 2448 635 2493 terra
664 2481 681 2505 ,
724 2454 790 2496 ac
832 2441 1020 2497 dicitis
1051 2442 1141 2497 illa
1178 2461 1191 2496 :
1227 2442 1458 2509 Quando
1490 2444 1706 2497 tandem
1746 2442 2079 2513 praeterierit

491 2530 719 2596 mensis,
745 2540 804 2586 ut
831 2543 1200 2588 mercaturam
1234 2543 1482 2590 nostram
1528 2534 1817 2601 faciamus,
1846 2544 1901 2590 et
1948 2550 2078 2605 ape-

492 2622 702 2678 riamus
726 2624 1040 2692 thesauros,
1064 2638 1126 2681 ut
1147 2626 1413 2681 minorem
1445 2627 1715 2683 faciamus
1737 2642 2074 2694 mensuram,

490 2722 547 2768 et
574 2713 783 2785 majora
817 2718 1082 2785 pondera,
1104 2728 1156 2772 et
1180 2718 1389 2774 lancem
1434 2718 1699 2776 faciamus
1719 2719 1992 2789 iniquam,
2016 2727 2078 2774 ut

491 2816 715 2877 argento
735 2823 1114 2878 comparemus
1130 2819 1377 2879 egentes,
1402 2818 1455 2865 et
1501 2818 1691 2867 tenues
1735 2812 2080 2868 calceamen-

494 2897 588 2963 tis,
631 2913 697 2951 ex
724 2901 873 2953 omni
902 2913 1099 2969 genere
1125 2899 1337 2955 fructus
1369 2902 1728 2957 mercemur?

563 2987 783 3043 Ilionea:
809 3004 880 3044 vi.
920 2989 1038 3044 Non
1060 2990 1457 3060 justiﬁcabitur
1484 2991 1541 3052 in
1584 3002 1788 3050 statera
1830 2993 2071 3065 iniquus,

493 3094 597 3136 nec
619 3082 671 3135 in
702 3082 926 3139 saeculo
947 3083 1246 3155 ponderum
1266 3083 1610 3152 dolosorum,
1635 3085 1833 3158 quibus
1857 3086 2077 3141 divitias

490 3175 786 3243 impietatis
809 3185 1223 3231 eoaeervarunt.

857 3331 1090 3390 saeuo
1128 3334 1233 3391 Llll
1271 3335 1385 3408 [αί.
1416 3336 1716 3410 LXXVII].

921 3450 1001 3504 De
1019 3450 1453 3507 excandescentia
1481 3462 1529 3506 et
1553 3453 1658 3507 ira.

556 3563 752 3619 Matth.
778 3580 831 3620 v.
859 3564 1398 3635 Quisquisirascitur
1424 3564 1579 3619 fratri
1610 3579 1710 3621 suo
1742 3578 1965 3632 temere,
1984 3566 2070 3636 ju-

486 3657 630 3712 dicio
661 3657 766 3712 erit
795 3657 1085 3713 obnoxius.

558 3748 754 3819 Ephes.
774 3765 847 3804 vt.
891 3748 1082 3804 Omnis
1131 3750 1402 3806 acerbitas
1441 3761 1495 3806 et
1527 3752 1980 3809 excandescvntia
2016 3763 2067 3809 et

487 3842 591 3910 ira,
623 3843 846 3907 clamor,
885 3841 1260 3906 maledictum,
1295 3858 1360 3897 ac
1385 3843 1550 3898 simul
1587 3857 1752 3897 omne
1787 3845 1999 3908 vitium,
2037 3860 2068 3898 a

489 3935 642 3990 vobis
665 3936 906 3990 tollatur.

558 4025 652 4080 Sol
687 4040 755 4081 ne
792 4026 1008 4082 occidat
1039 4041 1204 4097 super
1258 4027 1623 4082 irritationem
1673 4039 1931 4096 vestram,
1970 4044 2063 4087 net

486 4117 612 4173 date
642 4119 822 4173 locum
841 4118 1200 4176 criminatori.

557 4209 838 4265 Salomon.
859 4208 1016 4265 Minae
1049 4222 1341 4268 conterunt
1363 4228 1459 4269 cor
1478 4215 1774 4283 sapientis:
1803 4216 2066 4286 insipiens

484 4316 553 4356 ne
577 4299 761 4372 ﬂagris
791 4301 1008 4372 quidem
1039 4316 1215 4360 caesus
1236 4305 1421 4360 sentit.

557 4394 771 4451 Stultus
796 4409 863 4450 eo
884 4395 1003 4465 ipso
1034 4395 1122 4451 die
1155 4397 1405 4452 enuntiat
1438 4399 1597 4467 iram,
1636 4401 1853 4471 sapiens
1885 4412 2064 4458 autem

483 4488 743 4558 paulatim
772 4488 993 4559 promit.

2184 2007 2396 2061 στεύειν
2428 2008 2710 2077 ἠγάπησε.
2753 2007 2962 2069 Πάντες
2997 2007 3047 2059 οί
3087 2007 3239 2059 πόνοι
3271 2005 3445 2059 αὑτοῦ
3489 2007 3586 2075 οὐχ
3613 2003 3752 2074 εὑρε-

2182 2102 2437 2172 θήσονται
2470 2103 2529 2154 ἐν
2553 2098 2702 2169 αὒτῷ
2733 2098 2821 2152 διά
2846 2098 3063 2162 ἀδικίας
3095 2099 3161 2162 ἃς
3196 2098 3477 2169 ἥμαρτεν.

2250 2280 2548 2335 Ἀκούσατε
2603 2278 2776 2334 ταῦτα
2829 2280 3027 2345 πάντα,
3082 2279 3128 2331 oi
3185 2276 3536 2343 ὲκτρίϐοντες
3586 2276 3660 2337 είς
3699 2273 3751 2325 τὸ

2184 2371 2330 2443 πρωῒ
2360 2371 2587 2439 πένητα,
2635 2371 2733 2423 καὶ
2783 2368 3359 2430 καταδυναστεύοντες
3389 2366 3637 2437 πτωχοὺς
3665 2365 3747 2415 ἐπὶ

2179 2466 2279 2533 τῆς
2305 2466 2440 2535 γῆς,
2472 2464 2523 2517 οί
2574 2464 2850 2531 λέγοντες,
2905 2463 3042 2516 Πότε
3092 2460 3431 2514 διελεύσεται
3460 2462 3489 2514 ό
3523 2458 3644 2527 μὴν,
3670 2455 3751 2509 καὶ

2181 2556 2588 2625 ὲμπολήσομεν,
2634 2556 2729 2607 καὶ
2791 2551 3081 2621 ἀνοίξομεν
3141 2550 3478 2620 θησαυροὺς,
3508 2546 3601 2602 τοῦ
3641 2563 3749 2598 ποι·

2180 2648 2309 2715 ἧσαι
2338 2647 2534 2716 μικρὸν
2561 2645 2622 2699 τὸ
2663 2646 2884 2715 μέτρον,
2918 2644 3127 2698 καὶτοῦ
3164 2643 3473 2713 μεγαλῦναι
3493 2637 3748 2708 σταθμία,

2181 2740 2278 2796 καὶ
2310 2741 2534 2807 ποιῆσαι
2582 2738 2746 2808 ζυγὸν
2773 2738 2980 2801 ἄδικον,
3009 2735 3103 2789 τοῦ
3132 2735 3367 2790 κτάσθαι
3404 2737 3461 2789 ἐν
3514 2732 3746 2804 ἀργυρίῳ

2180 2834 2450 2904 πτωχοὺς,
2477 2831 2575 2887 καὶ
2615 2831 2909 2893 ταπεινοὺς
2939 2828 3063 2883 ἀντὶ
3110 2827 3501 2900 ὑποδημάτων,
3537 2826 3628 2887 καὶ
3650 2823 3747 2877 ἀπὺ

2180 2927 2383 2988 παντὸς
2407 2925 2749 2992 γεννήματος
2784 2920 3242 2993 ἐμπορευσόμεθα
3266 2937 3281 2989 ;

2249 3017 2325 3070 Οὐ
2360 3015 2781 3085 δικαιωθήσεται
2807 3017 2865 3067 ὲν
2892 3012 3043 3083 ζυγῷ
3073 3012 3257 3075 ἄδικος
3277 3053 3293 3074 ,
3347 3013 3448 3067 καὶ
3477 3013 3535 3064 ἐν
3570 3004 3745 3078 μαρσί-

2178 3124 2269 3177 πῳ
2319 3106 2559 3175 σταθμία
2593 3105 2770 3171 δόλου,
2816 3105 2874 3169 ἐξ
2896 3098 2971 3158 ὧν
3003 3102 3095 3157 τὸν
3135 3103 3370 3157 πλοῦτον
3425 3100 3600 3156 αὐτῶν
3626 3100 3742 3153 dca-

2102 3228 2148 3289 ϐ
2183 3200 2335 3263 ϐείας
2366 3198 2633 3269 ἔπλησαν.

2776 3353 2997 3409 ΛΟΓΟΣ
3034 3353 3160 3408 ΝΡ.

2582 3466 2723 3537 Περὶ
2768 3465 2959 3536 θυμοῦ
3006 3466 3104 3519 καί
3148 3465 3350 3537 ὀργῆς.

2248 3589 2363 3651 Πᾶς
2402 3587 2431 3639 ό
2469 3583 2821 3657 ὀργιζόμενος
2865 3581 2942 3651 τῷ
2973 3581 3188 3651 ἀδελφῷ
3220 3580 3388 3634 αὑτοῦ
3426 3580 3552 3650 είκῆ
3584 3580 3745 3647 ἔνοχος

2174 3680 2328 3735 ἔσται
2357 3681 2422 3750 τῇ
2453 3679 2633 3749 κρίσει

2247 3771 2403 3823 Πᾶσα
2434 3768 2631 3839 πικρία
2668 3770 2760 3823 καὶ
2794 3768 2967 3839 θυμὸς
3000 3769 3095 3822 καὶ⁵
3127 3768 3267 3840 ὀργὴ
3299 3769 3395 3821 καί
3426 3766 3639 3837 κραυγή
3662 3762 3744 3815 καὶ

2175 3863 2497 3932 βλασφημία
2525 3860 2745 3930 ἀρθήτω
2780 3859 2873 3929 ἀφ’
2904 3859 3059 3928 ὑμῶν
3092 3861 3192 3913 σὺν
3226 3861 3378 3931 πάσῃ
3410 3861 3598 3929 κακίᾳ.

2256 4042 2317 4094 '0
2341 4039 2493 4110 ἥλιος
2532 4040 2607 4110 μὴ
2649 4038 2916 4092 ἐπιδυέτω
2946 4038 3040 4091 ἐπὶ
3062 4036 3143 4105 τῷ
3172 4038 3548 4108 παροργισμῷ
3582 4036 3740 4105 ὑμῶν,

2175 4135 2313 4205 μηδὲ
2344 4132 2517 4187 δίδοτε
2538 4131 2704 4184 τόπον
2730 4130 2810 4195 τῷ
2841 4130 3099 4200 διαὸό).ῳ.

2246 4224 2529 4296 Συντρίόει
2583 4223 2780 4291 ἀπειλὴ
2830 4222 3059 4293 καρδίαν
3103 4220 3412 4291 φρονίμουο
3471 4222 3652 4292 ἄφρων
3691 4219 3741 4272 δὲ

2174 4317 2547 4389 μαστιγωθεὶς
2589 4318 2687 4381 οὐκ
2719 4315 3051 4370 αἰσθάνεται.

2246 4412 2473 4480 Ἄφρων
2520 4409 2829 4479 αὑθημερδν
2877 4409 3193 4477 ἐξαγγέλλει
3244 4409 3442 4482 ὀργήν.
3482 4408 3645 4476 Σοτρδς
3690 4404 3739 4456 δὲ

2171 4503 2492 4573 ταμιεύεται
2515 4503 2654 4554 κατᾶ
2682 4505 2870 4573 μέρος.

424 4582 477 4651 /
553 4579 730 4636 Grave
764 4590 852 4638 est
878 4596 1094 4648 saxum,
1116 4589 1170 4637 et
1206 4582 1442 4639 diflicilis
1492 4594 1706 4653 portatu
1759 4602 1949 4649 arena.
1972 4588 2065 4643 sed

2242 4595 2394 4665 Βαρὺ
2456 4595 2624 4656 λίθος,
2673 4593 2770 4648 καὶ
2820 4594 3195 4649 δυσϐάστατον
3240 4594 3467 4664 ἄμμος·
3525 4588 3736 4664 ὀργὴδὲ

481 4672 634 4728 stulti
664 4672 741 4727 ira
792 4682 1028 4744 utroque
1079 4678 1331 4743 gravior;
1368 4690 1494 4729 nam
1525 4692 1636 4745 quo
1676 4693 1735 4734 se
1788 4679 2064 4733 inclinarit

484 4767 563 4820 ira
597 4768 716 4835 ejus
740 4766 958 4820 ruinam
989 4766 1142 4821 dabit
1177 4767 1299 4837 ipsi.

554 4858 849 4912 Iracundus
870 4869 923 4913 et
946 4857 1107 4914 facile
1128 4861 1530 4916 excamlescens
1548 4862 1804 4919 deformis
1819 4874 1935 4932 est;
1964 4867 2064 4919 ita-

482 4965 590 5020 que
621 4965 746 5003 eum
779 4951 1044 5005 iracundo
1077 4966 1145 5006 ne
1176 4951 1411 5007 habites.

555 5044 768 5100 Sodalis
791 5046 1030 5101 hominis
1067 5047 1313 5103 iracundi
1344 5064 1410 5103 ne
1437 5058 1577 5107 esto.
1605 5065 1736 5105 neve
1763 5052 2063 5107 contuber-

484 5137 623 5190 nalis
646 5137 723 5192 sis
757 5139 935 5192 amico
958 5138 1240 5203 iracundo,
1268 5156 1337 5197 ne
1363 5144 1583 5212 quando
1609 5143 1781 5214 ipsius
1814 5144 2059 5201 instituta

482 5228 682 5291 discas,
711 5238 766 5283 et
799 5231 1022 5299 laqueos
1053 5232 1242 5289 lendas
1275 5235 1470 5289 animm
1503 5246 1625 5290 tum.

559 5322 853 5377 Iracundus
876 5338 1086 5391 pugnas
1108 5326 1341 5381 excitat:
1369 5328 1505 5383 lenis
1527 5336 1703 5383 autem
1724 5338 1776 5383 et
1798 5344 1915 5384 eam
1941 5345 2062 5401 que

483 5410 703 5464 excitari
735 5410 1038 5476 videbatur,
1067 5414 1241 5469 sedat.

556 5499 618 5556 S.
642 5500 850 5556 Basilii.
889 5504 971 5558 lra
1021 5505 1221 5560 excitat
1263 5508 1453 5573 rixam,
1484 5523 1598 5563 rixa
1623 5509 1761 5578 parit
1793 5510 2060 5573 convicia,

558 5727 633 5796 (ι)
662 5726 718 5783 ln
745 5729 983 5784 editione
1012 5727 1242 5783 Melissae
1277 5729 1491 5786 Stome
1518 5732 1807 5796 subiuncta
1864 5749 2047 5789 sermo

486 5794 585 5850 iste
610 5800 875 5867 superiori
906 5800 1021 5854 sine
1045 5799 1393 5857 distinctione
1426 5794 1855 5859 intermiscetur.
1892 5805 2046 5859 Ευιτ.

2170 4687 2403 4757 ἄφρονος
2436 4688 2709 4757 βαρυτέρα
2734 4687 3081 4757 ἀμφοτέρων.
3130 4688 3194 4740 Ἥ
3223 4687 3329 4758 γὰρ
3366 4687 3510 4759 ῥοπὴ
3540 4684 3628 4739 τοῦ
3656 4683 3736 4735 θυο

2173 4777 2275 4847 μοῦ
2303 4775 2465 4829 αὑτοῦ
2489 4776 2697 4840 πτῶσις
2722 4777 2873 4847 αὐτῷ
2906 4779 3079 4831 ἐστιν.

2239 4867 2408 4939 Ἀνὴρ
2459 4866 2714 4936 θυμώδης
2747 4868 2847 4921 οὐκ
2884 4868 3213 4939 εὐσχήμων·
3246 4871 3340 4923 καὶ
3375 4870 3532 4942 ἀνδρὶ
3566 4866 3736 4939 θυμώ-

2166 4959 2247 5011 δει
2277 4961 2352 5028 μὴ
2377 4959 2722 5023 συναυλίζου.

2237 5052 2330 5123 Μὴ
2363 5051 2475 5105 ίσθι
2512 5053 2729 5121 ἑταῖρος
2770 5051 2926 5121 ἀνδρὶ
2958 5052 3219 5122 θυμώδει,
3268 5053 3411 5122 φίλῳ
3438 5053 3497 5106 δὲ
3548 5051 3734 5123 ὀργίλῳ

2174 5146 2247 5215 μὴ
2272 5144 2614 5209 συναυλίζου,
2656 5145 2729 5212 μή
2762 5161 2893 5196 ποτε
2927 5144 3106 5215 μάθῃς
3138 5146 3247 5200 τῶν
3272 5147 3406 5198 ὁδῶν
3433 5144 3618 5208 αὐτοῦ,
3650 5141 3735 5194 καὶ

2169 5236 2339 5306 λάϐῃς
2366 5235 2593 5304 βρόχους
2614 5238 2681 5306 τῇ
2707 5236 2771 5305 σῇ
2803 5234 2970 5305 ψυχῇ.

2252 5327 2414 5397 ’Λνὴρ
2450 5325 2704 5395 θυμώδης
2751 5327 3163 5396 παρασκευάζει
3199 5330 3374 5399 μάχας
3400 5344 3417 5359 ⁹
3472 5325 3732 5398 μακρόθυ-

2171 5439 2269 5489 μσς
2301 5421 2354 5472 δὲ
2381 5419 2470 5471 καὶ
2500 5418 2597 5487 τὴν
2631 5418 2931 5485 μέλλουσαν
2963 5420 3359 5489 καταπραΰνει.

2238 5512 2419 5581 Θυμὸς
2475 5511 2678 5580 ἐγείρει
2712 5511 2911 5581 μάχην,
2947 5513 3094 5583 μάχη
3142 5513 3199 5565 δὲ
3248 5512 3410 5582 γεννᾷ
3440 5508 3727 5579 λοιδορία,’

2231 5732 2306 5799 (2)
2341 5732 2552 5788 llebrmi
2591 5733 2807 5799 habent,
2848 5731 2906 5787 Si
2929 5734 3369 5803 simulponantur
3415 5734 3471 5788 in
3508 5730 3705 5787 biianu

2160 5820 2274 5857 wsa
2306 5815 2539 5857 vanitate
2570 5805 2785 5857 leviores
2809 5816 2982 5858 erunt.
