  <div class='ocr_page' id='page_1' title='image "/cluster/home/n/w/nwhite01/storage/ocr_20150623/136/coo.31924054870419/572.png"; bbox 0 0 4056 6408; ppageno 0'>
   <div class='ocr_carea' id='block_1_1' title="bbox 414 366 554 427">
    <p class='ocr_par' dir='ltr' id='par_1_1' title="bbox 414 366 554 427">
     <span class='ocr_line' id='line_1_1' title="bbox 414 366 554 427; baseline -0.007 0"><span class='ocrx_word' id='word_1_1' title='bbox 414 366 554 427; x_wconf 80' lang='lat' dir='ltr'><strong>U33</strong></span> 
     </span>
    </p>
   </div>
   <div class='ocr_carea' id='block_1_2' title="bbox 1238 371 2760 447">
    <p class='ocr_par' dir='ltr' id='par_1_2' title="bbox 1238 371 2760 447">
     <span class='ocr_line' id='line_1_2' title="bbox 1238 371 2760 447; baseline 0.011 -17"><span class='ocrx_word' id='word_1_2' title='bbox 1238 371 1405 432; x_wconf 82' lang='lat' dir='ltr'>LOCI</span> <span class='ocrx_word' id='word_1_3' title='bbox 1436 373 1876 437; x_wconf 79' lang='lat' dir='ltr'><strong>COMMUNES.</strong></span> <span class='ocrx_word' id='word_1_4' title='bbox 1912 402 1980 413; x_wconf 90' lang='grc'><strong>--</strong></span> <span class='ocrx_word' id='word_1_5' title='bbox 2008 377 2202 441; x_wconf 75' lang='lat' dir='ltr'><strong>PARS</strong></span> <span class='ocrx_word' id='word_1_6' title='bbox 2224 380 2303 444; x_wconf 82' lang='grc' dir='ltr'><strong>ΙΙ.</strong></span> <span class='ocrx_word' id='word_1_7' title='bbox 2337 381 2593 443; x_wconf 81' lang='lat' dir='ltr'><strong>SERMO</strong></span> <span class='ocrx_word' id='word_1_8' title='bbox 2634 384 2760 447; x_wconf 82' lang='lat' dir='ltr'><strong>Lll.</strong></span> 
     </span>
    </p>
   </div>
   <div class='ocr_carea' id='block_1_3' title="bbox 3523 393 3667 458">
    <p class='ocr_par' dir='ltr' id='par_1_3' title="bbox 3523 393 3667 458">
     <span class='ocr_line' id='line_1_3' title="bbox 3523 393 3667 458; baseline 0.021 -3"><span class='ocrx_word' id='word_1_9' title='bbox 3523 393 3667 458; x_wconf 58' lang='grc' dir='ltr'><strong>ΗΜ.</strong></span> 
     </span>
    </p>
   </div>
   <div class='ocr_carea' id='block_1_4' title="bbox 402 484 2036 574">
    <p class='ocr_par' dir='ltr' id='par_1_4' title="bbox 402 484 2036 562">
     <span class='ocr_line' id='line_1_4' title="bbox 402 484 2036 562; baseline 0.007 -26"><span class='ocrx_word' id='word_1_10' title='bbox 402 485 460 537; x_wconf 78' lang='grc' dir='ltr'>αἱ</span> <span class='ocrx_word' id='word_1_11' title='bbox 490 487 545 537; x_wconf 82' lang='grc' dir='ltr'>δὲ</span> <span class='ocrx_word' id='word_1_12' title='bbox 579 484 838 555; x_wconf 84' lang='grc' dir='ltr'>λοιδορίαι</span> <span class='ocrx_word' id='word_1_13' title='bbox 871 487 1083 558; x_wconf 79' lang='grc' dir='ltr'>πληγάς</span> <span class='ocrx_word' id='word_1_14' title='bbox 1106 504 1120 521; x_wconf 72' lang='grc' dir='ltr'><strong><em>ο</em></strong></span> <span class='ocrx_word' id='word_1_15' title='bbox 1156 489 1360 559; x_wconf 79' lang='grc' dir='ltr'>πληγαὶ</span> <span class='ocrx_word' id='word_1_16' title='bbox 1387 490 1442 543; x_wconf 76' lang='grc' dir='ltr'>δὲ</span> <span class='ocrx_word' id='word_1_17' title='bbox 1470 490 1762 562; x_wconf 83' lang='grc' dir='ltr'>τραύματα</span> <span class='ocrx_word' id='word_1_18' title='bbox 1786 510 1798 522; x_wconf 82' lang='grc'><em>’</em></span> <span class='ocrx_word' id='word_1_19' title='bbox 1834 494 1898 547; x_wconf 80' lang='grc' dir='ltr'><strong>ἐκ</strong></span> <span class='ocrx_word' id='word_1_20' title='bbox 1927 493 1981 546; x_wconf 78' lang='grc' dir='ltr'>δὲ</span> <span class='ocrx_word' id='word_1_21' title='bbox 2015 502 2036 555; x_wconf 58' lang='grc' dir='ltr'><strong>ι¹</strong></span> 
     </span>
    </p>
   </div>
   <div class='ocr_carea' id='block_1_5' title="bbox 2094 484 3667 574">
    <p class='ocr_par' dir='ltr' id='par_1_5' title="bbox 2094 498 3667 574">
     <span class='ocr_line' id='line_1_5' title="bbox 2094 498 3667 574; baseline 0.008 -23"><span class='ocrx_word' id='word_1_22' title='bbox 2094 498 2336 553; x_wconf 80' lang='lat' dir='ltr'><strong>convicia</strong></span> <span class='ocrx_word' id='word_1_23' title='bbox 2373 499 2537 565; x_wconf 90' lang='lat' dir='ltr'><strong>ictus,</strong></span> <span class='ocrx_word' id='word_1_24' title='bbox 2577 499 2718 556; x_wconf 90' lang='lat' dir='ltr'><strong>ictus</strong></span> <span class='ocrx_word' id='word_1_25' title='bbox 2742 501 2987 571; x_wconf 76' lang='lat' dir='ltr'><strong>vulnera,</strong></span> <span class='ocrx_word' id='word_1_26' title='bbox 3011 510 3063 558; x_wconf 91' lang='lat' dir='ltr'><strong>et</strong></span> <span class='ocrx_word' id='word_1_27' title='bbox 3089 517 3228 574; x_wconf 70' lang='lat' dir='ltr'><strong>Stepe</strong></span> <span class='ocrx_word' id='word_1_28' title='bbox 3259 504 3486 561; x_wconf 83' lang='lat' dir='ltr'><strong>vulnera</strong></span> <span class='ocrx_word' id='word_1_29' title='bbox 3518 523 3667 564; x_wconf 86' lang='lat' dir='ltr'><strong>mors</strong></span> 
     </span>
    </p>
   </div>
   <div class='ocr_carea' id='block_1_6' title="bbox 402 577 1296 645">
    <p class='ocr_par' dir='ltr' id='par_1_6' title="bbox 402 577 1296 645">
     <span class='ocr_line' id='line_1_6' title="bbox 402 577 1296 645; baseline 0.008 -17"><span class='ocrx_word' id='word_1_30' title='bbox 402 577 736 645; x_wconf 80' lang='grc' dir='ltr'>τραυμάτων</span> <span class='ocrx_word' id='word_1_31' title='bbox 767 580 1025 644; x_wconf 74' lang='grc' dir='ltr'>πολλάκις</span> <span class='ocrx_word' id='word_1_32' title='bbox 1058 581 1296 635; x_wconf 80' lang='grc' dir='ltr'>Θάνατοι.</span> 
     </span>
    </p>
   </div>
   <div class='ocr_carea' id='block_1_7' title="bbox 471 672 1977 748">
    <p class='ocr_par' dir='ltr' id='par_1_7' title="bbox 471 672 1977 748">
     <span class='ocr_line' id='line_1_7' title="bbox 471 672 1977 748; baseline 0.004 -25"><span class='ocrx_word' id='word_1_33' title='bbox 471 672 651 740; x_wconf 73' lang='grc' dir='ltr'>Θυμὸς</span> <span class='ocrx_word' id='word_1_34' title='bbox 688 672 950 739; x_wconf 75' lang='grc' dir='ltr'>Βασιλέως</span> <span class='ocrx_word' id='word_1_35' title='bbox 983 676 1213 744; x_wconf 84' lang='grc' dir='ltr'>ἅγγελος</span> <span class='ocrx_word' id='word_1_36' title='bbox 1248 675 1478 731; x_wconf 77' lang='grc' dir='ltr'>θανάτου</span> <span class='ocrx_word' id='word_1_37' title='bbox 1507 693 1521 707; x_wconf 89' lang='grc'><strong>·</strong></span> <span class='ocrx_word' id='word_1_38' title='bbox 1559 677 1696 748; x_wconf 82' lang='grc' dir='ltr'>ἀνὴρ</span> <span class='ocrx_word' id='word_1_39' title='bbox 1719 676 1776 731; x_wconf 79' lang='grc' dir='ltr'>δὲ</span> <span class='ocrx_word' id='word_1_40' title='bbox 1813 676 1977 746; x_wconf 64' lang='grc' dir='ltr'>σοφὸς</span> 
     </span>
    </p>
   </div>
   <div class='ocr_carea' id='block_1_8' title="bbox 404 762 862 828">
    <p class='ocr_par' dir='ltr' id='par_1_8' title="bbox 404 762 862 828">
     <span class='ocr_line' id='line_1_8' title="bbox 404 762 862 828; baseline 0.009 -12"><span class='ocrx_word' id='word_1_41' title='bbox 404 762 641 828; x_wconf 81' lang='grc' dir='ltr'>ὲξιλάσει</span> <span class='ocrx_word' id='word_1_42' title='bbox 680 765 862 821; x_wconf 79' lang='grc' dir='ltr'>αὐτόν.</span> 
     </span>
    </p>
   </div>
   <div class='ocr_carea' id='block_1_9' title="bbox 473 857 1979 932">
    <p class='ocr_par' dir='ltr' id='par_1_9' title="bbox 473 857 1979 932">
     <span class='ocr_line' id='line_1_9' title="bbox 473 857 1979 932; baseline 0.004 -22"><span class='ocrx_word' id='word_1_43' title='bbox 473 857 652 928; x_wconf 78' lang='grc' dir='ltr'>Θυμός</span> <span class='ocrx_word' id='word_1_44' title='bbox 695 860 809 913; x_wconf 76' lang='grc' dir='ltr'>ἐστι</span> <span class='ocrx_word' id='word_1_45' title='bbox 841 858 987 923; x_wconf 75' lang='grc' dir='ltr'>ζέσις</span> <span class='ocrx_word' id='word_1_46' title='bbox 1038 858 1133 914; x_wconf 75' lang='grc' dir='ltr'>τοῦ</span> <span class='ocrx_word' id='word_1_47' title='bbox 1184 860 1312 932; x_wconf 73' lang='grc' dir='ltr'>περὶ</span> <span class='ocrx_word' id='word_1_48' title='bbox 1361 861 1588 926; x_wconf 77' lang='grc' dir='ltr'><strong>καρδίαν</strong></span> <span class='ocrx_word' id='word_1_49' title='bbox 1631 861 1891 930; x_wconf 81' lang='grc' dir='ltr'>αἵματος,</span> <span class='ocrx_word' id='word_1_50' title='bbox 1919 863 1979 927; x_wconf 79' lang='grc' dir='ltr'><strong>ἐξ</strong></span> 
     </span>
    </p>
   </div>
   <div class='ocr_carea' id='block_1_10' title="bbox 405 950 1977 1023">
    <p class='ocr_par' dir='ltr' id='par_1_10' title="bbox 405 950 1977 1023">
     <span class='ocr_line' id='line_1_10' title="bbox 405 950 1977 1023; baseline 0.002 -19"><span class='ocrx_word' id='word_1_51' title='bbox 405 950 819 1018; x_wconf 78' lang='grc' dir='ltr'><strong>ἀναθυμιάσεως</strong></span> <span class='ocrx_word' id='word_1_52' title='bbox 855 951 964 1005; x_wconf 84' lang='grc' dir='ltr'><strong>τῶν</strong></span> <span class='ocrx_word' id='word_1_53' title='bbox 1019 952 1210 1022; x_wconf 81' lang='grc' dir='ltr'>χυμῶν</span> <span class='ocrx_word' id='word_1_54' title='bbox 1257 952 1684 1023; x_wconf 77' lang='grc' dir='ltr'>συνιστάμενος·</span> <span class='ocrx_word' id='word_1_55' title='bbox 1732 955 1874 1023; x_wconf 82' lang='grc' dir='ltr'>ὀργὴ</span> <span class='ocrx_word' id='word_1_56' title='bbox 1919 955 1977 1007; x_wconf 83' lang='grc' dir='ltr'><strong>δέ</strong></span> 
     </span>
    </p>
   </div>
   <div class='ocr_carea' id='block_1_11' title="bbox 404 1041 1977 1113">
    <p class='ocr_par' dir='ltr' id='par_1_11' title="bbox 404 1041 1977 1113">
     <span class='ocr_line' id='line_1_11' title="bbox 404 1041 1977 1113; baseline 0.001 -19"><span class='ocrx_word' id='word_1_57' title='bbox 404 1044 551 1095; x_wconf 78' lang='grc' dir='ltr'>ἐστιν</span> <span class='ocrx_word' id='word_1_58' title='bbox 583 1041 762 1111; x_wconf 75' lang='grc' dir='ltr'>ὄρεξις</span> <span class='ocrx_word' id='word_1_59' title='bbox 787 1042 1213 1112; x_wconf 84' lang='grc' dir='ltr'>ἀντιλυπήσεως.</span> <span class='ocrx_word' id='word_1_60' title='bbox 1250 1044 1415 1098; x_wconf 85' lang='grc' dir='ltr'>Ὥστε</span> <span class='ocrx_word' id='word_1_61' title='bbox 1446 1046 1472 1097; x_wconf 99' lang='lat'><strong>6</strong></span> <span class='ocrx_word' id='word_1_62' title='bbox 1507 1043 1615 1112; x_wconf 73' lang='grc' dir='ltr'>μὲν</span> <span class='ocrx_word' id='word_1_63' title='bbox 1648 1044 1829 1109; x_wconf 80' lang='grc' dir='ltr'>ὀξεῖαν</span> <span class='ocrx_word' id='word_1_64' title='bbox 1863 1044 1977 1113; x_wconf 77' lang='grc' dir='ltr'>ἔχει</span> 
     </span>
    </p>
   </div>
   <div class='ocr_carea' id='block_1_12' title="bbox 401 1135 1976 1207">
    <p class='ocr_par' dir='ltr' id='par_1_12' title="bbox 401 1135 1976 1207">
     <span class='ocr_line' id='line_1_12' title="bbox 401 1135 1976 1207; baseline 0.001 -19"><span class='ocrx_word' id='word_1_65' title='bbox 401 1135 496 1189; x_wconf 79' lang='grc' dir='ltr'>τοῦ</span> <span class='ocrx_word' id='word_1_66' title='bbox 527 1136 735 1199; x_wconf 79' lang='grc' dir='ltr'>πάθους</span> <span class='ocrx_word' id='word_1_67' title='bbox 771 1136 870 1203; x_wconf 80' lang='grc' dir='ltr'><strong>τὴν</strong></span> <span class='ocrx_word' id='word_1_68' title='bbox 900 1137 1115 1205; x_wconf 85' lang='grc' dir='ltr'>κίνησιν</span> <span class='ocrx_word' id='word_1_69' title='bbox 1134 1153 1149 1169; x_wconf 75' lang='grc' dir='ltr'><strong>ο</strong></span> <span class='ocrx_word' id='word_1_70' title='bbox 1184 1139 1217 1207; x_wconf 80' lang='grc' dir='ltr'><strong>ἡ</strong></span> <span class='ocrx_word' id='word_1_71' title='bbox 1246 1138 1300 1190; x_wconf 83' lang='grc' dir='ltr'>δὲ</span> <span class='ocrx_word' id='word_1_72' title='bbox 1327 1139 1705 1206; x_wconf 81' lang='grc' dir='ltr'>μονιμωτέραν</span> <span class='ocrx_word' id='word_1_73' title='bbox 1736 1139 1831 1190; x_wconf 67' lang='grc' dir='ltr'><strong>καὶ</strong></span> <span class='ocrx_word' id='word_1_74' title='bbox 1871 1156 1976 1190; x_wconf 87' lang='grc' dir='ltr'>πα-</span> 
     </span>
    </p>
   </div>
   <div class='ocr_carea' id='block_1_13' title="bbox 404 1227 1975 1304">
    <p class='ocr_par' dir='ltr' id='par_1_13' title="bbox 404 1227 1975 1304">
     <span class='ocr_line' id='line_1_13' title="bbox 404 1227 1975 1304; baseline 0.004 -25"><span class='ocrx_word' id='word_1_75' title='bbox 404 1227 779 1297; x_wconf 82' lang='grc' dir='ltr'>ρατεταμένην</span> <span class='ocrx_word' id='word_1_76' title='bbox 814 1229 1068 1300; x_wconf 78' lang='grc' dir='ltr'>ἐμφαίνει</span> <span class='ocrx_word' id='word_1_77' title='bbox 1101 1229 1199 1300; x_wconf 77' lang='grc' dir='ltr'><strong>τὴν</strong></span> <span class='ocrx_word' id='word_1_78' title='bbox 1226 1230 1321 1283; x_wconf 75' lang='grc' dir='ltr'><strong>ἐπὶ</strong></span> <span class='ocrx_word' id='word_1_79' title='bbox 1346 1229 1446 1301; x_wconf 81' lang='grc' dir='ltr'>τὴν</span> <span class='ocrx_word' id='word_1_80' title='bbox 1479 1228 1658 1301; x_wconf 85' lang='grc' dir='ltr'>λύπην</span> <span class='ocrx_word' id='word_1_81' title='bbox 1684 1230 1975 1304; x_wconf 76' lang='grc' dir='ltr'>ἐκπλήρω-</span> 
     </span>
    </p>
   </div>
   <div class='ocr_carea' id='block_1_14' title="bbox 402 1326 1531 1370">
    <p class='ocr_par' dir='ltr' id='par_1_14' title="bbox 402 1326 1531 1370">
     <span class='ocr_line' id='line_1_14' title="bbox 402 1326 1531 1370; baseline 0.012 -1"><span class='ocrx_word' id='word_1_82' title='bbox 402 1334 508 1370; x_wconf 86' lang='grc' dir='ltr'>σιν.</span> <span class='ocrx_word' id='word_1_83' title='bbox 1522 1326 1531 1335; x_wconf 73' lang='grc'><em>’</em></span> 
     </span>
    </p>
   </div>
   <div class='ocr_carea' id='block_1_15' title="bbox 468 1407 1976 1486">
    <p class='ocr_par' dir='ltr' id='par_1_15' title="bbox 468 1407 1976 1486">
     <span class='ocr_line' id='line_1_15' title="bbox 468 1407 1976 1486; baseline 0.007 -26"><span class='ocrx_word' id='word_1_84' title='bbox 468 1407 605 1461; x_wconf 73' lang='grc' dir='ltr'>Οὔτε</span> <span class='ocrx_word' id='word_1_85' title='bbox 638 1411 890 1477; x_wconf 81' lang='grc' dir='ltr'>στέφανοι</span> <span class='ocrx_word' id='word_1_86' title='bbox 924 1427 1093 1481; x_wconf 69' lang='grc' dir='ltr'>χωρς</span> <span class='ocrx_word' id='word_1_87' title='bbox 1143 1412 1583 1479; x_wconf 85' lang='grc' dir='ltr'>ανταγωνιστῶν,</span> <span class='ocrx_word' id='word_1_88' title='bbox 1616 1413 1741 1468; x_wconf 83' lang='grc' dir='ltr'>οὔτε</span> <span class='ocrx_word' id='word_1_89' title='bbox 1772 1414 1976 1486; x_wconf 81' lang='grc' dir='ltr'>πτῶμα</span> 
     </span>
    </p>
   </div>
   <div class='ocr_carea' id='block_1_16' title="bbox 397 1500 926 1570">
    <p class='ocr_par' dir='ltr' id='par_1_16' title="bbox 397 1500 926 1570">
     <span class='ocr_line' id='line_1_16' title="bbox 397 1500 926 1570; baseline 0.011 -19"><span class='ocrx_word' id='word_1_90' title='bbox 397 1502 567 1570; x_wconf 80' lang='grc' dir='ltr'>χωρὶς</span> <span class='ocrx_word' id='word_1_91' title='bbox 603 1500 926 1557; x_wconf 89' lang='grc' dir='ltr'>ἀντιπάλου.</span> 
     </span>
    </p>
   </div>
   <div class='ocr_carea' id='block_1_17' title="bbox 468 1590 1973 1668">
    <p class='ocr_par' dir='ltr' id='par_1_17' title="bbox 468 1590 1973 1668">
     <span class='ocr_line' id='line_1_17' title="bbox 468 1590 1973 1668; baseline 0.007 -25"><span class='ocrx_word' id='word_1_92' title='bbox 468 1590 678 1660; x_wconf 83' lang='grc' dir='ltr'>Τυφλδν</span> <span class='ocrx_word' id='word_1_93' title='bbox 706 1593 734 1645; x_wconf 87' lang='lat'><strong>6</strong></span> <span class='ocrx_word' id='word_1_94' title='bbox 782 1592 951 1662; x_wconf 80' lang='grc' dir='ltr'>θυμὸς</span> <span class='ocrx_word' id='word_1_95' title='bbox 983 1593 1078 1647; x_wconf 70' lang='grc' dir='ltr'><strong>καὶ</strong></span> <span class='ocrx_word' id='word_1_96' title='bbox 1135 1594 1417 1662; x_wconf 75' lang='grc' dir='ltr'>ἐπίλυπον,</span> <span class='ocrx_word' id='word_1_97' title='bbox 1452 1598 1547 1650; x_wconf 78' lang='grc' dir='ltr'><strong>καὶ</strong></span> <span class='ocrx_word' id='word_1_98' title='bbox 1577 1596 1811 1668; x_wconf 86' lang='grc' dir='ltr'>μάλιστα</span> <span class='ocrx_word' id='word_1_99' title='bbox 1843 1599 1973 1655; x_wconf 80' lang='grc' dir='ltr'>ὅταν</span> 
     </span>
    </p>
   </div>
   <div class='ocr_carea' id='block_1_18' title="bbox 398 1685 1299 1759">
    <p class='ocr_par' dir='ltr' id='par_1_18' title="bbox 398 1685 1299 1759">
     <span class='ocr_line' id='line_1_18' title="bbox 398 1685 1299 1759; baseline 0.006 -22"><span class='ocrx_word' id='word_1_100' title='bbox 398 1685 459 1738; x_wconf 76' lang='grc' dir='ltr'>τὸ</span> <span class='ocrx_word' id='word_1_101' title='bbox 497 1685 720 1748; x_wconf 80' lang='grc' dir='ltr'>δικαίως</span> <span class='ocrx_word' id='word_1_102' title='bbox 753 1688 1086 1755; x_wconf 80' lang='grc' dir='ltr'>ἀγανακτεῖν</span> <span class='ocrx_word' id='word_1_103' title='bbox 1125 1691 1299 1759; x_wconf 81' lang='grc' dir='ltr'>παρῇ.</span> 
     </span>
    </p>
   </div>
   <div class='ocr_carea' id='block_1_19' title="bbox 466 1776 1971 1855">
    <p class='ocr_par' dir='ltr' id='par_1_19' title="bbox 466 1776 1971 1855">
     <span class='ocr_line' id='line_1_19' title="bbox 466 1776 1971 1855; baseline 0.006 -27"><span class='ocrx_word' id='word_1_104' title='bbox 466 1777 615 1828; x_wconf 84' lang='grc' dir='ltr'>Πάνυ</span> <span class='ocrx_word' id='word_1_105' title='bbox 656 1776 713 1829; x_wconf 81' lang='grc' dir='ltr'>δὲ</span> <span class='ocrx_word' id='word_1_106' title='bbox 743 1777 849 1848; x_wconf 80' lang='grc' dir='ltr'><strong>χρὴ</strong></span> <span class='ocrx_word' id='word_1_107' title='bbox 897 1777 1069 1847; x_wconf 80' lang='grc' dir='ltr'><strong>Θυμοῦ</strong></span> <span class='ocrx_word' id='word_1_108' title='bbox 1110 1778 1410 1847; x_wconf 67' lang='grc' dir='ltr'>φείδεσθαι,</span> <span class='ocrx_word' id='word_1_109' title='bbox 1445 1783 1541 1833; x_wconf 77' lang='grc' dir='ltr'><strong>καὶ</strong></span> <span class='ocrx_word' id='word_1_110' title='bbox 1577 1781 1651 1851; x_wconf 81' lang='grc' dir='ltr'>μὴ</span> <span class='ocrx_word' id='word_1_111' title='bbox 1689 1783 1771 1844; x_wconf 71' lang='grc' dir='ltr'><strong>εἰς</strong></span> <span class='ocrx_word' id='word_1_112' title='bbox 1799 1782 1971 1855; x_wconf 80' lang='grc' dir='ltr'>ὀργὴν</span> 
     </span>
    </p>
   </div>
   <div class='ocr_carea' id='block_1_20' title="bbox 2088 595 2464 661">
    <p class='ocr_par' dir='ltr' id='par_1_20' title="bbox 2088 595 2464 661">
     <span class='ocr_line' id='line_1_20' title="bbox 2088 595 2464 661; baseline 0.013 -17"><span class='ocrx_word' id='word_1_113' title='bbox 2088 595 2464 661; x_wconf 77' lang='lat' dir='ltr'><strong>consequitur.</strong></span> 
     </span>
    </p>
   </div>
   <div class='ocr_carea' id='block_1_21' title="bbox 2157 684 3754 762">
    <p class='ocr_par' dir='ltr' id='par_1_21' title="bbox 2157 684 3754 762">
     <span class='ocr_line' id='line_1_21' title="bbox 2157 684 3754 762; baseline 0.008 -25"><span class='ocrx_word' id='word_1_114' title='bbox 2157 684 2317 755; x_wconf 80' lang='lat' dir='ltr'><strong>Regis</strong></span> <span class='ocrx_word' id='word_1_115' title='bbox 2346 690 2423 743; x_wconf 87' lang='lat' dir='ltr'><strong>ira</strong></span> <span class='ocrx_word' id='word_1_116' title='bbox 2451 692 2642 746; x_wconf 91' lang='lat' dir='ltr'><strong>mortis</strong></span> <span class='ocrx_word' id='word_1_117' title='bbox 2675 689 2861 747; x_wconf 76' lang='lat' dir='ltr'><strong>nuntia</strong></span> <span class='ocrx_word' id='word_1_118' title='bbox 2895 706 2908 743; x_wconf 89' lang='lat'><strong>:</strong></span> <span class='ocrx_word' id='word_1_119' title='bbox 2946 691 3040 746; x_wconf 82' lang='lat' dir='ltr'><strong>sed</strong></span> <span class='ocrx_word' id='word_1_120' title='bbox 3074 691 3291 762; x_wconf 80' lang='lat' dir='ltr'><strong>sapiens</strong></span> <span class='ocrx_word' id='word_1_121' title='bbox 3326 692 3562 761; x_wconf 76' lang='lat' dir='ltr'><strong>placabit</strong></span> <span class='ocrx_word' id='word_1_122' title='bbox 3593 694 3665 748; x_wconf 88' lang='lat' dir='ltr'><strong>il-</strong></span> <span class='ocrx_word' id='word_1_123' title='bbox 3750 693 3754 697; x_wconf 49' lang='grc'>⁴</span> 
     </span>
    </p>
   </div>
   <div class='ocr_carea' id='block_1_22' title="bbox 2085 777 2217 832">
    <p class='ocr_par' dir='ltr' id='par_1_22' title="bbox 2085 777 2217 832">
     <span class='ocr_line' id='line_1_22' title="bbox 2085 777 2217 832; baseline 0 -1"><span class='ocrx_word' id='word_1_124' title='bbox 2085 777 2217 832; x_wconf 88' lang='lat' dir='ltr'><strong>lum.</strong></span> 
     </span>
    </p>
   </div>
   <div class='ocr_carea' id='block_1_23' title="bbox 2155 870 3829 954">
    <p class='ocr_par' dir='ltr' id='par_1_23' title="bbox 2155 870 3829 954">
     <span class='ocr_line' id='line_1_23' title="bbox 2155 870 3829 954; baseline -0.001 -22"><span class='ocrx_word' id='word_1_125' title='bbox 2155 879 2439 938; x_wconf 89' lang='lat' dir='ltr'><strong>Iracundia</strong></span> <span class='ocrx_word' id='word_1_126' title='bbox 2470 893 2552 939; x_wconf 88' lang='lat' dir='ltr'><strong>est</strong></span> <span class='ocrx_word' id='word_1_127' title='bbox 2582 884 2763 938; x_wconf 78' lang='lat' dir='ltr'><strong>fervor</strong></span> <span class='ocrx_word' id='word_1_128' title='bbox 2792 885 3101 954; x_wconf 72' lang='lat' dir='ltr'><strong>sanguinis,</strong></span> <span class='ocrx_word' id='word_1_129' title='bbox 3142 882 3235 951; x_wconf 87' lang='lat' dir='ltr'><strong>qui</strong></span> <span class='ocrx_word' id='word_1_130' title='bbox 3273 878 3652 935; x_wconf 78' lang='lat' dir='ltr'><strong>circumfusus</strong></span> <span class='ocrx_word' id='word_1_131' title='bbox 3692 870 3829 954; x_wconf 52' lang='lat'><strong>\7</strong></span> 
     </span>
    </p>
   </div>
   <div class='ocr_carea' id='block_1_24' title="bbox 3760 946 3817 1149">
    <p class='ocr_par' dir='ltr' id='par_1_24' title="bbox 3760 946 3817 1149">
     <span class='ocr_line' id='line_1_24' title="bbox 3760 946 3817 1149; baseline 0 0"><span class='ocrx_word' id='word_1_132' title='bbox 3760 946 3817 1149; x_wconf 91' lang='lat'><em>/</em></span> 
     </span>
    </p>
   </div>
   <div class='ocr_carea' id='block_1_25' title="bbox 2078 971 3659 1045">
    <p class='ocr_par' dir='ltr' id='par_1_25' title="bbox 2078 971 3659 1045">
     <span class='ocr_line' id='line_1_25' title="bbox 2078 971 3659 1045; baseline -0.004 -20"><span class='ocrx_word' id='word_1_133' title='bbox 2078 980 2163 1026; x_wconf 89' lang='lat' dir='ltr'><strong>est</strong></span> <span class='ocrx_word' id='word_1_134' title='bbox 2193 975 2365 1037; x_wconf 82' lang='lat' dir='ltr'><strong>cordi,</strong></span> <span class='ocrx_word' id='word_1_135' title='bbox 2395 990 2460 1029; x_wconf 82' lang='lat' dir='ltr'><strong>ex</strong></span> <span class='ocrx_word' id='word_1_136' title='bbox 2487 977 2874 1045; x_wconf 51' lang='lat' dir='ltr'><strong>evaporxtione</strong></span> <span class='ocrx_word' id='word_1_137' title='bbox 2903 989 3193 1031; x_wconf 86' lang='lat' dir='ltr'><strong>succorum</strong></span> <span class='ocrx_word' id='word_1_138' title='bbox 3227 981 3489 1027; x_wconf 85' lang='lat' dir='ltr'><strong>constans</strong></span> <span class='ocrx_word' id='word_1_139' title='bbox 3529 988 3542 1024; x_wconf 92' lang='lat'><strong>:</strong></span> <span class='ocrx_word' id='word_1_140' title='bbox 3578 971 3659 1023; x_wconf 86' lang='lat' dir='ltr'><strong>ira</strong></span> 
     </span>
    </p>
   </div>
   <div class='ocr_carea' id='block_1_26' title="bbox 2079 1060 3658 1131">
    <p class='ocr_par' dir='ltr' id='par_1_26' title="bbox 2079 1060 3658 1131">
     <span class='ocr_line' id='line_1_26' title="bbox 2079 1060 3658 1131; baseline -0.002 -15"><span class='ocrx_word' id='word_1_141' title='bbox 2079 1072 2263 1117; x_wconf 87' lang='lat' dir='ltr'><strong>autem</strong></span> <span class='ocrx_word' id='word_1_142' title='bbox 2301 1073 2387 1119; x_wconf 89' lang='lat' dir='ltr'><strong>est</strong></span> <span class='ocrx_word' id='word_1_143' title='bbox 2434 1067 2598 1121; x_wconf 90' lang='lat' dir='ltr'><strong>libido</strong></span> <span class='ocrx_word' id='word_1_144' title='bbox 2650 1068 2968 1131; x_wconf 83' lang='lat' dir='ltr'><strong>ulciscendi,</strong></span> <span class='ocrx_word' id='word_1_145' title='bbox 3009 1077 3061 1121; x_wconf 87' lang='lat' dir='ltr'><strong>et</strong></span> <span class='ocrx_word' id='word_1_146' title='bbox 3100 1065 3343 1121; x_wconf 85' lang='lat' dir='ltr'><strong>vicissim</strong></span> <span class='ocrx_word' id='word_1_147' title='bbox 3394 1060 3658 1116; x_wconf 79' lang='lat' dir='ltr'><strong>moleStiis</strong></span> 
     </span>
    </p>
   </div>
   <div class='ocr_carea' id='block_1_27' title="bbox 2078 1153 3757 1226">
    <p class='ocr_par' dir='ltr' id='par_1_27' title="bbox 2078 1153 3757 1226">
     <span class='ocr_line' id='line_1_27' title="bbox 2078 1153 3757 1226; baseline -0.004 -19"><span class='ocrx_word' id='word_1_148' title='bbox 2078 1153 2367 1210; x_wconf 75' lang='lat' dir='ltr'><strong>alliciendi.</strong></span> <span class='ocrx_word' id='word_1_149' title='bbox 2396 1157 2582 1226; x_wconf 85' lang='lat' dir='ltr'><strong>itaque</strong></span> <span class='ocrx_word' id='word_1_150' title='bbox 2606 1158 2698 1211; x_wconf 89' lang='lat' dir='ltr'><strong>illa</strong></span> <span class='ocrx_word' id='word_1_151' title='bbox 2731 1159 2957 1212; x_wconf 88' lang='lat' dir='ltr'><strong>celerem</strong></span> <span class='ocrx_word' id='word_1_152' title='bbox 2995 1157 3159 1212; x_wconf 81' lang='lat' dir='ltr'><strong>habet</strong></span> <span class='ocrx_word' id='word_1_153' title='bbox 3197 1153 3656 1226; x_wconf 89' lang='lat' dir='ltr'><strong>perturbationem</strong></span> <span class='ocrx_word' id='word_1_154' title='bbox 3752 1160 3757 1169; x_wconf 75' lang='lat'><strong><em>’</em></strong></span> 
     </span>
    </p>
   </div>
   <div class='ocr_carea' id='block_1_28' title="bbox 2076 1249 3302 1314">
    <p class='ocr_par' dir='ltr' id='par_1_28' title="bbox 2076 1249 3302 1314">
     <span class='ocr_line' id='line_1_28' title="bbox 2076 1249 3302 1314; baseline 0.001 -13"><span class='ocrx_word' id='word_1_155' title='bbox 2076 1255 2131 1304; x_wconf 91' lang='lat' dir='ltr'><strong>et</strong></span> <span class='ocrx_word' id='word_1_156' title='bbox 2160 1249 2475 1314; x_wconf 82' lang='lat' dir='ltr'><strong>motionem,</strong></span> <span class='ocrx_word' id='word_1_157' title='bbox 2512 1250 2628 1304; x_wconf 67' lang='lat' dir='ltr'><strong>btec</strong></span> <span class='ocrx_word' id='word_1_158' title='bbox 2658 1260 2838 1305; x_wconf 88' lang='lat' dir='ltr'><strong>autem</strong></span> <span class='ocrx_word' id='word_1_159' title='bbox 2883 1250 3302 1305; x_wconf 86' lang='lat' dir='ltr'><strong>diuturniorem.</strong></span> 
     </span>
    </p>
   </div>
   <div class='ocr_carea' id='block_1_29' title="bbox 2151 1422 3656 1496">
    <p class='ocr_par' dir='ltr' id='par_1_29' title="bbox 2151 1422 3656 1496">
     <span class='ocr_line' id='line_1_29' title="bbox 2151 1422 3656 1496; baseline 0.002 -19"><span class='ocrx_word' id='word_1_160' title='bbox 2151 1422 2416 1496; x_wconf 81' lang='lat' dir='ltr'><strong>Theologt&#39;.</strong></span> <span class='ocrx_word' id='word_1_161' title='bbox 2442 1424 2553 1482; x_wconf 89' lang='lat' dir='ltr'><strong>Nec</strong></span> <span class='ocrx_word' id='word_1_162' title='bbox 2571 1442 2774 1482; x_wconf 83' lang='lat' dir='ltr'><strong>corona</strong></span> <span class='ocrx_word' id='word_1_163' title='bbox 2799 1427 2960 1483; x_wconf 88' lang='lat' dir='ltr'><strong>datur</strong></span> <span class='ocrx_word' id='word_1_164' title='bbox 2974 1429 3092 1484; x_wconf 89' lang='lat' dir='ltr'><strong>sine</strong></span> <span class='ocrx_word' id='word_1_165' title='bbox 3110 1429 3460 1494; x_wconf 86' lang='lat' dir='ltr'><strong>adversariis,</strong></span> <span class='ocrx_word' id='word_1_166' title='bbox 3479 1442 3656 1496; x_wconf 89' lang='lat' dir='ltr'><strong>neque</strong></span> 
     </span>
    </p>
   </div>
   <div class='ocr_carea' id='block_1_30' title="bbox 2074 1516 3446 1586">
    <p class='ocr_par' dir='ltr' id='par_1_30' title="bbox 2074 1516 3446 1586">
     <span class='ocr_line' id='line_1_30' title="bbox 2074 1516 3446 1586; baseline 0.004 -17"><span class='ocrx_word' id='word_1_167' title='bbox 2074 1527 2238 1571; x_wconf 90' lang='lat' dir='ltr'><strong>casus</strong></span> <span class='ocrx_word' id='word_1_168' title='bbox 2270 1524 2326 1570; x_wconf 89' lang='lat' dir='ltr'><strong>et</strong></span> <span class='ocrx_word' id='word_1_169' title='bbox 2357 1516 2544 1586; x_wconf 86' lang='lat' dir='ltr'><strong>lapsus</strong></span> <span class='ocrx_word' id='word_1_170' title='bbox 2574 1519 2696 1575; x_wconf 89' lang='lat' dir='ltr'><strong>sine</strong></span> <span class='ocrx_word' id='word_1_171' title='bbox 2725 1520 3040 1575; x_wconf 88' lang='lat' dir='ltr'><strong>adversario</strong></span> <span class='ocrx_word' id='word_1_172' title='bbox 3074 1521 3446 1576; x_wconf 77' lang='lat' dir='ltr'><strong>collut-tatore.</strong></span> 
     </span>
    </p>
   </div>
   <div class='ocr_carea' id='block_1_31' title="bbox 2143 1601 3659 1677">
    <p class='ocr_par' dir='ltr' id='par_1_31' title="bbox 2143 1601 3659 1677">
     <span class='ocr_line' id='line_1_31' title="bbox 2143 1601 3659 1677; baseline 0.003 -19"><span class='ocrx_word' id='word_1_173' title='bbox 2143 1601 2301 1659; x_wconf 64' lang='lat' dir='ltr'><strong>Caeca</strong></span> <span class='ocrx_word' id='word_1_174' title='bbox 2333 1614 2417 1660; x_wconf 91' lang='lat' dir='ltr'><strong>est</strong></span> <span class='ocrx_word' id='word_1_175' title='bbox 2442 1606 2544 1669; x_wconf 87' lang='lat' dir='ltr'><strong>ira,</strong></span> <span class='ocrx_word' id='word_1_176' title='bbox 2570 1615 2623 1662; x_wconf 91' lang='lat' dir='ltr'><strong>et</strong></span> <span class='ocrx_word' id='word_1_177' title='bbox 2662 1608 3040 1664; x_wconf 83' lang='lat' dir='ltr'><strong>molestiarum</strong></span> <span class='ocrx_word' id='word_1_178' title='bbox 3100 1610 3280 1677; x_wconf 76' lang='lat' dir='ltr'><strong>plora,</strong></span> <span class='ocrx_word' id='word_1_179' title='bbox 3316 1619 3369 1664; x_wconf 82' lang='lat' dir='ltr'><strong>et</strong></span> <span class='ocrx_word' id='word_1_180' title='bbox 3421 1609 3659 1664; x_wconf 74' lang='lat' dir='ltr'><strong>maxime</strong></span> 
     </span>
    </p>
   </div>
   <div class='ocr_carea' id='block_1_32' title="bbox 2071 1697 3204 1770">
    <p class='ocr_par' dir='ltr' id='par_1_32' title="bbox 2071 1697 3204 1770">
     <span class='ocr_line' id='line_1_32' title="bbox 2071 1697 3204 1770; baseline 0.008 -22"><span class='ocrx_word' id='word_1_181' title='bbox 2071 1708 2194 1749; x_wconf 91' lang='lat' dir='ltr'><strong>cum</strong></span> <span class='ocrx_word' id='word_1_182' title='bbox 2248 1697 2932 1770; x_wconf 81' lang='lat' dir='ltr'><strong>causaindignandijusta</strong></span> <span class='ocrx_word' id='word_1_183' title='bbox 2992 1702 3204 1757; x_wconf 82' lang='lat' dir='ltr'><strong>subest.</strong></span> 
     </span>
    </p>
   </div>
   <div class='ocr_carea' id='block_1_33' title="bbox 2142 1786 3659 1862">
    <p class='ocr_par' dir='ltr' id='par_1_33' title="bbox 2142 1786 3659 1862">
     <span class='ocr_line' id='line_1_33' title="bbox 2142 1786 3659 1862; baseline 0.005 -24"><span class='ocrx_word' id='word_1_184' title='bbox 2142 1786 2244 1841; x_wconf 75' lang='lat' dir='ltr'><strong>Ira:</strong></span> <span class='ocrx_word' id='word_1_185' title='bbox 2273 1787 2508 1843; x_wconf 81' lang='lat' dir='ltr'><strong>maxime</strong></span> <span class='ocrx_word' id='word_1_186' title='bbox 2538 1790 2867 1859; x_wconf 81' lang='lat' dir='ltr'><strong>parcendum</strong></span> <span class='ocrx_word' id='word_1_187' title='bbox 2903 1796 3020 1853; x_wconf 70' lang='lat' dir='ltr'><strong>est.</strong></span> <span class='ocrx_word' id='word_1_188' title='bbox 3038 1806 3136 1846; x_wconf 90' lang='lat' dir='ltr'><strong>nec</strong></span> <span class='ocrx_word' id='word_1_189' title='bbox 3159 1792 3320 1862; x_wconf 80' lang='lat'><strong>200</strong></span> <span class='ocrx_word' id='word_1_190' title='bbox 3344 1791 3527 1847; x_wconf 88' lang='lat' dir='ltr'><strong>statim</strong></span> <span class='ocrx_word' id='word_1_191' title='bbox 3553 1789 3659 1846; x_wconf 89' lang='lat' dir='ltr'><strong>de-</strong></span> 
     </span>
    </p>
   </div>
   <div class='ocr_carea' id='block_1_34' title="bbox 398 1850 2036 1951">
    <p class='ocr_par' dir='ltr' id='par_1_34' title="bbox 398 1850 2036 1942">
     <span class='ocr_line' id='line_1_34' title="bbox 398 1850 2036 1942; baseline 0.009 -26"><span class='ocrx_word' id='word_1_192' title='bbox 398 1864 695 1935; x_wconf 72' lang='grc' dir='ltr'>προθύμως</span> <span class='ocrx_word' id='word_1_193' title='bbox 748 1868 1177 1939; x_wconf 56' lang='grc' dir='ltr'>καταφέρεσθαι,</span> <span class='ocrx_word' id='word_1_194' title='bbox 1228 1865 1366 1942; x_wconf 73' lang='grc' dir='ltr'>ᾗτινι</span> <span class='ocrx_word' id='word_1_195' title='bbox 1416 1850 1649 1941; x_wconf 82' lang='grc' dir='ltr'>ἄφρονες</span> <span class='ocrx_word' id='word_1_196' title='bbox 1685 1850 1970 1928; x_wconf 32' lang='grc' dir='ltr'>δουλενύού-</span> <span class='ocrx_word' id='word_1_197' title='bbox 2003 1850 2036 1904; x_wconf 71' lang='grc' dir='ltr'><strong><em>Β</em></strong></span> 
     </span>
    </p>
   </div>
   <div class='ocr_carea' id='block_1_35' title="bbox 2094 1850 3336 1951">
    <p class='ocr_par' dir='ltr' id='par_1_35' title="bbox 2094 1850 3336 1951">
     <span class='ocr_line' id='line_1_35' title="bbox 2094 1850 3336 1951; baseline 0.006 -20"><span class='ocrx_word' id='word_1_198' title='bbox 2094 1887 2157 1932; x_wconf 74' lang='grc' dir='ltr'>τοι</span> <span class='ocrx_word' id='word_1_199' title='bbox 2183 1878 2237 1933; x_wconf 88' lang='lat' dir='ltr'><strong>in</strong></span> <span class='ocrx_word' id='word_1_200' title='bbox 2273 1879 2432 1934; x_wconf 85' lang='lat' dir='ltr'><strong>bilem</strong></span> <span class='ocrx_word' id='word_1_201' title='bbox 2462 1878 2614 1944; x_wconf 81' lang='lat' dir='ltr'><strong>ferri,</strong></span> <span class='ocrx_word' id='word_1_202' title='bbox 2641 1880 2799 1951; x_wconf 85' lang='lat' dir='ltr'><strong>cujus</strong></span> <span class='ocrx_word' id='word_1_203' title='bbox 2826 1882 2977 1937; x_wconf 88' lang='lat' dir='ltr'><strong>stulti</strong></span> <span class='ocrx_word' id='word_1_204' title='bbox 3009 1883 3151 1938; x_wconf 87' lang='lat' dir='ltr'><strong>servi</strong></span> <span class='ocrx_word' id='word_1_205' title='bbox 3186 1850 3336 1938; x_wconf 40' lang='lat' dir='ltr'><strong>smn.</strong></span> 
     </span>
    </p>
   </div>
   <div class='ocr_carea' id='block_1_36' title="bbox 398 1971 504 2011">
    <p class='ocr_par' dir='ltr' id='par_1_36' title="bbox 398 1971 504 2011">
     <span class='ocr_line' id='line_1_36' title="bbox 398 1971 504 2011; baseline 0.038 -4"><span class='ocrx_word' id='word_1_206' title='bbox 398 1971 504 2011; x_wconf 87' lang='grc' dir='ltr'>σιν.</span> 
     </span>
    </p>
   </div>
   <div class='ocr_carea' id='block_1_37' title="bbox 466 2044 1976 2120">
    <p class='ocr_par' dir='ltr' id='par_1_37' title="bbox 466 2044 1976 2120">
     <span class='ocr_line' id='line_1_37' title="bbox 466 2044 1976 2120; baseline 0.008 -22"><span class='ocrx_word' id='word_1_207' title='bbox 466 2047 632 2099; x_wconf 75' lang='grc' dir='ltr'>Οὐδὲν</span> <span class='ocrx_word' id='word_1_208' title='bbox 658 2044 799 2098; x_wconf 78' lang='grc' dir='ltr'>οὕτω</span> <span class='ocrx_word' id='word_1_209' title='bbox 825 2047 1173 2119; x_wconf 74' lang='grc' dir='ltr'>καθαρότητα</span> <span class='ocrx_word' id='word_1_210' title='bbox 1224 2049 1316 2104; x_wconf 78' lang='grc' dir='ltr'>νοῦ</span> <span class='ocrx_word' id='word_1_211' title='bbox 1350 2055 1446 2109; x_wconf 78' lang='grc' dir='ltr'><strong>καὶ</strong></span> <span class='ocrx_word' id='word_1_212' title='bbox 1482 2054 1541 2107; x_wconf 85' lang='grc' dir='ltr'>τὺ</span> <span class='ocrx_word' id='word_1_213' title='bbox 1585 2054 1780 2120; x_wconf 86' lang='grc' dir='ltr'>διειδὲς</span> <span class='ocrx_word' id='word_1_214' title='bbox 1827 2054 1976 2110; x_wconf 83' lang='grc' dir='ltr'>θολοῖ</span> 
     </span>
    </p>
   </div>
   <div class='ocr_carea' id='block_1_38' title="bbox 395 2139 1972 2218">
    <p class='ocr_par' dir='ltr' id='par_1_38' title="bbox 395 2139 1972 2218">
     <span class='ocr_line' id='line_1_38' title="bbox 395 2139 1972 2218; baseline 0.004 -23"><span class='ocrx_word' id='word_1_215' title='bbox 395 2139 504 2195; x_wconf 79' lang='grc' dir='ltr'><strong>τῶν</strong></span> <span class='ocrx_word' id='word_1_216' title='bbox 535 2139 767 2209; x_wconf 85' lang='grc' dir='ltr'><strong>φρενῶν,</strong></span> <span class='ocrx_word' id='word_1_217' title='bbox 798 2140 875 2204; x_wconf 84' lang='grc' dir='ltr'><strong>ὡς</strong></span> <span class='ocrx_word' id='word_1_218' title='bbox 898 2140 1066 2212; x_wconf 77' lang='grc' dir='ltr'>θυμὸς</span> <span class='ocrx_word' id='word_1_219' title='bbox 1090 2141 1324 2207; x_wconf 79' lang='grc' dir='ltr'>ἄτακτος</span> <span class='ocrx_word' id='word_1_220' title='bbox 1350 2145 1444 2199; x_wconf 69' lang='grc' dir='ltr'><strong>καὶ</strong></span> <span class='ocrx_word' id='word_1_221' title='bbox 1478 2145 1617 2215; x_wconf 83' lang='grc' dir='ltr'><strong>μετά</strong></span> <span class='ocrx_word' id='word_1_222' title='bbox 1644 2147 1846 2218; x_wconf 80' lang='grc' dir='ltr'>πολλῆς</span> <span class='ocrx_word' id='word_1_223' title='bbox 1871 2147 1972 2217; x_wconf 79' lang='grc' dir='ltr'>τῆς</span> 
     </span>
    </p>
   </div>
   <div class='ocr_carea' id='block_1_39' title="bbox 397 2231 929 2305">
    <p class='ocr_par' dir='ltr' id='par_1_39' title="bbox 397 2231 929 2305">
     <span class='ocr_line' id='line_1_39' title="bbox 397 2231 929 2305; baseline 0.006 -3"><span class='ocrx_word' id='word_1_224' title='bbox 397 2231 578 2302; x_wconf 76' lang='grc' dir='ltr'>ῥύμης</span> <span class='ocrx_word' id='word_1_225' title='bbox 609 2234 929 2305; x_wconf 68' lang='grc' dir='ltr'>φερόμενος.</span> 
     </span>
    </p>
   </div>
   <div class='ocr_carea' id='block_1_40' title="bbox 478 2323 1976 2405">
    <p class='ocr_par' dir='ltr' id='par_1_40' title="bbox 478 2323 1976 2405">
     <span class='ocr_line' id='line_1_40' title="bbox 478 2323 1976 2405; baseline 0.008 -29"><span class='ocrx_word' id='word_1_226' title='bbox 478 2323 539 2377; x_wconf 85' lang='grc' dir='ltr'><strong>Ὀ</strong></span> <span class='ocrx_word' id='word_1_227' title='bbox 588 2324 756 2395; x_wconf 75' lang='grc' dir='ltr'>θυμὸς</span> <span class='ocrx_word' id='word_1_228' title='bbox 783 2327 907 2393; x_wconf 79' lang='grc' dir='ltr'>ὀξύς</span> <span class='ocrx_word' id='word_1_229' title='bbox 939 2328 1055 2381; x_wconf 77' lang='grc' dir='ltr'>ἐστι</span> <span class='ocrx_word' id='word_1_230' title='bbox 1106 2328 1203 2382; x_wconf 74' lang='grc' dir='ltr'>καὶ</span> <span class='ocrx_word' id='word_1_231' title='bbox 1238 2328 1606 2401; x_wconf 83' lang='grc' dir='ltr'>ὀλιγοχρόνιος</span> <span class='ocrx_word' id='word_1_232' title='bbox 1632 2347 1645 2361; x_wconf 75' lang='grc' dir='ltr'><strong>ο</strong></span> <span class='ocrx_word' id='word_1_233' title='bbox 1683 2332 1716 2402; x_wconf 83' lang='grc' dir='ltr'><strong>ή</strong></span> <span class='ocrx_word' id='word_1_234' title='bbox 1748 2331 1805 2386; x_wconf 88' lang='grc' dir='ltr'>δὲ</span> <span class='ocrx_word' id='word_1_235' title='bbox 1832 2331 1976 2405; x_wconf 75' lang='grc' dir='ltr'>ὀργὴ</span> 
     </span>
    </p>
   </div>
   <div class='ocr_carea' id='block_1_41' title="bbox 393 2413 1336 2490">
    <p class='ocr_par' dir='ltr' id='par_1_41' title="bbox 393 2413 1336 2490">
     <span class='ocr_line' id='line_1_41' title="bbox 393 2413 1336 2490; baseline 0.008 -23"><span class='ocrx_word' id='word_1_236' title='bbox 393 2413 694 2485; x_wconf 83' lang='grc' dir='ltr'>βραδυτέρα</span> <span class='ocrx_word' id='word_1_237' title='bbox 721 2415 842 2485; x_wconf 71' lang='grc' dir='ltr'>μὲν,</span> <span class='ocrx_word' id='word_1_238' title='bbox 877 2420 1224 2490; x_wconf 83' lang='grc' dir='ltr'>μονιμωτέρα</span> <span class='ocrx_word' id='word_1_239' title='bbox 1256 2419 1336 2476; x_wconf 82' lang='grc' dir='ltr'><strong>δέ.</strong></span> 
     </span>
    </p>
   </div>
   <div class='ocr_carea' id='block_1_42' title="bbox 462 2507 1968 2583">
    <p class='ocr_par' dir='ltr' id='par_1_42' title="bbox 462 2507 1968 2583">
     <span class='ocr_line' id='line_1_42' title="bbox 462 2507 1968 2583; baseline 0.005 -25"><span class='ocrx_word' id='word_1_240' title='bbox 462 2507 566 2560; x_wconf 87' lang='grc' dir='ltr'>Δύο</span> <span class='ocrx_word' id='word_1_241' title='bbox 586 2508 642 2559; x_wconf 84' lang='grc' dir='ltr'>ὲν</span> <span class='ocrx_word' id='word_1_242' title='bbox 663 2509 796 2578; x_wconf 83' lang='grc' dir='ltr'>ἡμῖν</span> <span class='ocrx_word' id='word_1_243' title='bbox 826 2511 1019 2577; x_wconf 69' lang='grc' dir='ltr'>γενικᾶι</span> <span class='ocrx_word' id='word_1_244' title='bbox 1038 2511 1207 2582; x_wconf 78' lang='grc' dir='ltr'>πάθη,</span> <span class='ocrx_word' id='word_1_245' title='bbox 1240 2511 1592 2583; x_wconf 83' lang='grc' dir='ltr'>φυσικῶτερα</span> <span class='ocrx_word' id='word_1_246' title='bbox 1625 2513 1735 2568; x_wconf 82' lang='grc' dir='ltr'><strong>τῶν</strong></span> <span class='ocrx_word' id='word_1_247' title='bbox 1766 2514 1968 2580; x_wconf 83' lang='grc' dir='ltr'>ἄλλων,</span> 
     </span>
    </p>
   </div>
   <div class='ocr_carea' id='block_1_43' title="bbox 394 2600 998 2671">
    <p class='ocr_par' dir='ltr' id='par_1_43' title="bbox 394 2600 998 2671">
     <span class='ocr_line' id='line_1_43' title="bbox 394 2600 998 2671; baseline 0.003 -18"><span class='ocrx_word' id='word_1_248' title='bbox 394 2600 562 2669; x_wconf 81' lang='grc' dir='ltr'>ουμὸς</span> <span class='ocrx_word' id='word_1_249' title='bbox 592 2603 686 2654; x_wconf 71' lang='grc' dir='ltr'>καὶ</span> <span class='ocrx_word' id='word_1_250' title='bbox 712 2600 871 2655; x_wconf 81' lang='grc' dir='ltr'>ἐπιθυ</span> <span class='ocrx_word' id='word_1_251' title='bbox 881 2602 998 2671; x_wconf 84' lang='grc' dir='ltr'>μία.</span> 
     </span>
    </p>
   </div>
   <div class='ocr_carea' id='block_1_44' title="bbox 460 2693 1966 2770">
    <p class='ocr_par' dir='ltr' id='par_1_44' title="bbox 460 2693 1966 2770">
     <span class='ocr_line' id='line_1_44' title="bbox 460 2693 1966 2770; baseline 0.005 -24"><span class='ocrx_word' id='word_1_252' title='bbox 460 2693 554 2763; x_wconf 84' lang='grc' dir='ltr'><strong>Μὴ</strong></span> <span class='ocrx_word' id='word_1_253' title='bbox 584 2693 851 2764; x_wconf 81' lang='grc' dir='ltr'>ἀποδέχου</span> <span class='ocrx_word' id='word_1_254' title='bbox 881 2694 1236 2766; x_wconf 78' lang='grc' dir='ltr'>ἐγκράτειαν,</span> <span class='ocrx_word' id='word_1_255' title='bbox 1269 2697 1612 2770; x_wconf 77' lang='grc' dir='ltr'><strong>διωκομένης</strong></span> <span class='ocrx_word' id='word_1_256' title='bbox 1636 2700 1966 2769; x_wconf 81' lang='grc' dir='ltr'>πραότητος.</span> 
     </span>
    </p>
   </div>
   <div class='ocr_carea' id='block_1_45' title="bbox 459 2783 1972 2861">
    <p class='ocr_par' dir='ltr' id='par_1_45' title="bbox 459 2783 1972 2861">
     <span class='ocr_line' id='line_1_45' title="bbox 459 2783 1972 2861; baseline 0.004 -24"><span class='ocrx_word' id='word_1_257' title='bbox 459 2783 849 2854; x_wconf 78' lang='grc' dir='ltr'>Εὐτονωτέρας</span> <span class='ocrx_word' id='word_1_258' title='bbox 877 2785 973 2838; x_wconf 73' lang='grc' dir='ltr'><strong>ἐπὶ</strong></span> <span class='ocrx_word' id='word_1_259' title='bbox 1005 2786 1103 2856; x_wconf 86' lang='grc' dir='ltr'>τῆς</span> <span class='ocrx_word' id='word_1_260' title='bbox 1150 2786 1320 2857; x_wconf 83' lang='grc' dir='ltr'>ὀργῆς</span> <span class='ocrx_word' id='word_1_261' title='bbox 1370 2789 1646 2861; x_wconf 76' lang='grc' dir='ltr'>χρῄζομεν</span> <span class='ocrx_word' id='word_1_262' title='bbox 1674 2790 1772 2860; x_wconf 89' lang='grc' dir='ltr'>τῆς</span> <span class='ocrx_word' id='word_1_263' title='bbox 1808 2808 1972 2843; x_wconf 83' lang='grc' dir='ltr'>σπου-</span> 
     </span>
    </p>
   </div>
   <div class='ocr_carea' id='block_1_46' title="bbox 388 2875 1969 2951">
    <p class='ocr_par' dir='ltr' id='par_1_46' title="bbox 388 2875 1969 2951">
     <span class='ocr_line' id='line_1_46' title="bbox 388 2875 1969 2951; baseline 0.005 -23"><span class='ocrx_word' id='word_1_264' title='bbox 388 2875 506 2945; x_wconf 83' lang='grc' dir='ltr'>δῆς.</span> <span class='ocrx_word' id='word_1_265' title='bbox 536 2875 871 2942; x_wconf 85' lang='grc' dir='ltr'>Τυραννικὺν</span> <span class='ocrx_word' id='word_1_266' title='bbox 896 2876 1003 2947; x_wconf 83' lang='grc' dir='ltr'>γὰρ</span> <span class='ocrx_word' id='word_1_267' title='bbox 1046 2878 1108 2930; x_wconf 80' lang='grc' dir='ltr'><strong>τὸ</strong></span> <span class='ocrx_word' id='word_1_268' title='bbox 1137 2878 1333 2943; x_wconf 80' lang='grc' dir='ltr'>πάθος,</span> <span class='ocrx_word' id='word_1_269' title='bbox 1363 2884 1458 2934; x_wconf 73' lang='grc' dir='ltr'><strong>καὶ</strong></span> <span class='ocrx_word' id='word_1_270' title='bbox 1493 2882 1756 2945; x_wconf 83' lang='grc' dir='ltr'>πολλάκις</span> <span class='ocrx_word' id='word_1_271' title='bbox 1789 2900 1969 2951; x_wconf 88' lang='grc' dir='ltr'>παρα-</span> 
     </span>
    </p>
   </div>
   <div class='ocr_carea' id='block_1_47' title="bbox 394 2965 1969 3044">
    <p class='ocr_par' dir='ltr' id='par_1_47' title="bbox 394 2965 1969 3044">
     <span class='ocr_line' id='line_1_47' title="bbox 394 2965 1969 3044; baseline 0.004 -25"><span class='ocrx_word' id='word_1_272' title='bbox 394 2965 549 3037; x_wconf 86' lang='grc' dir='ltr'>σύρει</span> <span class='ocrx_word' id='word_1_273' title='bbox 580 2967 707 3031; x_wconf 70' lang='grc' dir='ltr'>τοὺς</span> <span class='ocrx_word' id='word_1_274' title='bbox 735 2966 810 3038; x_wconf 80' lang='grc' dir='ltr'>μὴ</span> <span class='ocrx_word' id='word_1_275' title='bbox 838 2969 1126 3037; x_wconf 80' lang='grc' dir='ltr'>νήφοντας,</span> <span class='ocrx_word' id='word_1_276' title='bbox 1159 2970 1254 3023; x_wconf 73' lang='lat' dir='ltr'><strong>mi.</strong></span> <span class='ocrx_word' id='word_1_277' title='bbox 1277 2971 1414 3041; x_wconf 80' lang='grc' dir='ltr'>πρὸς</span> <span class='ocrx_word' id='word_1_278' title='bbox 1449 2973 1509 3026; x_wconf 79' lang='grc' dir='ltr'><strong>τὸ</strong></span> <span class='ocrx_word' id='word_1_279' title='bbox 1530 2972 1807 3044; x_wconf 80' lang='grc' dir='ltr'>βάραθρον</span> <span class='ocrx_word' id='word_1_280' title='bbox 1834 2974 1969 3027; x_wconf 82' lang='grc' dir='ltr'>αὐτὸ</span> 
     </span>
    </p>
   </div>
   <div class='ocr_carea' id='block_1_48' title="bbox 394 3060 1096 3131">
    <p class='ocr_par' dir='ltr' id='par_1_48' title="bbox 394 3060 1096 3131">
     <span class='ocr_line' id='line_1_48' title="bbox 394 3060 1096 3131; baseline 0.006 -18"><span class='ocrx_word' id='word_1_281' title='bbox 394 3060 624 3129; x_wconf 83' lang='grc' dir='ltr'>κατάγει</span> <span class='ocrx_word' id='word_1_282' title='bbox 657 3061 760 3131; x_wconf 83' lang='grc' dir='ltr'><strong>τῆς</strong></span> <span class='ocrx_word' id='word_1_283' title='bbox 797 3062 1096 3128; x_wconf 85' lang='grc' dir='ltr'>ἀπωλείας.</span> 
     </span>
    </p>
   </div>
   <div class='ocr_carea' id='block_1_49' title="bbox 461 3152 1964 3231">
    <p class='ocr_par' dir='ltr' id='par_1_49' title="bbox 461 3152 1964 3231">
     <span class='ocr_line' id='line_1_49' title="bbox 461 3152 1964 3231; baseline 0.005 -27"><span class='ocrx_word' id='word_1_284' title='bbox 461 3152 758 3223; x_wconf 82' lang='grc' dir='ltr'>Πρόχειρον</span> <span class='ocrx_word' id='word_1_285' title='bbox 809 3154 884 3217; x_wconf 85' lang='grc' dir='ltr'>ὡς</span> <span class='ocrx_word' id='word_1_286' title='bbox 912 3155 1003 3208; x_wconf 72' lang='grc' dir='ltr'><strong>ἐπὶ</strong></span> <span class='ocrx_word' id='word_1_287' title='bbox 1038 3155 1172 3227; x_wconf 79' lang='grc' dir='ltr'>πολὺ</span> <span class='ocrx_word' id='word_1_288' title='bbox 1236 3158 1388 3227; x_wconf 82' lang='grc' dir='ltr'><strong>παρά</strong></span> <span class='ocrx_word' id='word_1_289' title='bbox 1424 3156 1604 3211; x_wconf 87' lang='grc' dir='ltr'>πάντα</span> <span class='ocrx_word' id='word_1_290' title='bbox 1636 3157 1726 3212; x_wconf 75' lang='grc' dir='ltr'>τὸν</span> <span class='ocrx_word' id='word_1_291' title='bbox 1758 3158 1873 3231; x_wconf 84' lang='grc' dir='ltr'>βίον</span> <span class='ocrx_word' id='word_1_292' title='bbox 1905 3160 1964 3213; x_wconf 80' lang='grc' dir='ltr'><strong>τὸ</strong></span> 
     </span>
    </p>
   </div>
   <div class='ocr_carea' id='block_1_50' title="bbox 390 3241 1433 3315">
    <p class='ocr_par' dir='ltr' id='par_1_50' title="bbox 390 3241 1433 3315">
     <span class='ocr_line' id='line_1_50' title="bbox 390 3241 1433 3315; baseline 0.007 -22"><span class='ocrx_word' id='word_1_293' title='bbox 390 3241 533 3294; x_wconf 86' lang='grc' dir='ltr'><strong>κατά</strong></span> <span class='ocrx_word' id='word_1_294' title='bbox 563 3242 663 3310; x_wconf 81' lang='grc' dir='ltr'><strong>τὴν</strong></span> <span class='ocrx_word' id='word_1_295' title='bbox 692 3243 865 3313; x_wconf 85' lang='grc' dir='ltr'>ὀργήν</span> <span class='ocrx_word' id='word_1_296' title='bbox 893 3245 1041 3297; x_wconf 78' lang='grc' dir='ltr'>ἐστιν</span> <span class='ocrx_word' id='word_1_297' title='bbox 1067 3244 1433 3315; x_wconf 71' lang='grc' dir='ltr'>ἀρρώστημα.</span> 
     </span>
    </p>
   </div>
   <div class='ocr_carea' id='block_1_51' title="bbox 461 3330 1968 3411">
    <p class='ocr_par' dir='ltr' id='par_1_51' title="bbox 461 3330 1968 3411">
     <span class='ocr_line' id='line_1_51' title="bbox 461 3330 1968 3411; baseline 0.006 -26"><span class='ocrx_word' id='word_1_298' title='bbox 461 3334 709 3402; x_wconf 85' lang='grc' dir='ltr'>Ὀργίλος</span> <span class='ocrx_word' id='word_1_299' title='bbox 769 3330 849 3401; x_wconf 71' lang='lat' dir='ltr'><strong>el;</strong></span> <span class='ocrx_word' id='word_1_300' title='bbox 906 3334 1000 3388; x_wconf 81' lang='grc' dir='ltr'>ἔσο</span> <span class='ocrx_word' id='word_1_301' title='bbox 1048 3335 1190 3389; x_wconf 82' lang='grc' dir='ltr'>κατὰ</span> <span class='ocrx_word' id='word_1_302' title='bbox 1236 3335 1347 3391; x_wconf 81' lang='grc' dir='ltr'><strong>τῶν</strong></span> <span class='ocrx_word' id='word_1_303' title='bbox 1399 3339 1812 3411; x_wconf 76' lang='grc' dir='ltr'>ἁμαρτημάτων</span> <span class='ocrx_word' id='word_1_304' title='bbox 1859 3340 1968 3394; x_wconf 86' lang='grc' dir='ltr'><strong>τῶν</strong></span> 
     </span>
    </p>
   </div>
   <div class='ocr_carea' id='block_1_52' title="bbox 391 3425 1969 3500">
    <p class='ocr_par' dir='ltr' id='par_1_52' title="bbox 391 3425 1969 3500">
     <span class='ocr_line' id='line_1_52' title="bbox 391 3425 1969 3500; baseline 0.003 -21"><span class='ocrx_word' id='word_1_305' title='bbox 391 3425 589 3479; x_wconf 81' lang='grc' dir='ltr'>σαυτοῦ</span> <span class='ocrx_word' id='word_1_306' title='bbox 641 3426 921 3491; x_wconf 78' lang='grc' dir='ltr'>τοιοῦτος’</span> <span class='ocrx_word' id='word_1_307' title='bbox 978 3428 1278 3497; x_wconf 82' lang='grc' dir='ltr'>ὲπίπληττε</span> <span class='ocrx_word' id='word_1_308' title='bbox 1306 3431 1370 3499; x_wconf 78' lang='grc' dir='ltr'>τῇ</span> <span class='ocrx_word' id='word_1_309' title='bbox 1421 3430 1591 3500; x_wconf 83' lang='grc' dir='ltr'>ψυχῇ,</span> <span class='ocrx_word' id='word_1_310' title='bbox 1630 3431 1859 3500; x_wconf 75' lang='grc' dir='ltr'>μάστιζε</span> <span class='ocrx_word' id='word_1_311' title='bbox 1905 3431 1969 3484; x_wconf 86' lang='grc' dir='ltr'><strong>τό</strong></span> 
     </span>
    </p>
   </div>
   <div class='ocr_carea' id='block_1_53' title="bbox 391 3514 1967 3594">
    <p class='ocr_par' dir='ltr' id='par_1_53' title="bbox 391 3514 1967 3594">
     <span class='ocr_line' id='line_1_53' title="bbox 391 3514 1967 3594; baseline 0.004 -23"><span class='ocrx_word' id='word_1_312' title='bbox 485 3518 583 3588; x_wconf 77' lang='grc' dir='ltr'>τὴν</span> <span class='ocrx_word' id='word_1_313' title='bbox 621 3518 951 3594; x_wconf 66' lang='grc' dir='ltr'>συνείδησιν]</span> <span class='ocrx_word' id='word_1_314' title='bbox 989 3522 1272 3590; x_wconf 84' lang='grc' dir='ltr'>συνειδήσε</span> <span class='ocrx_word' id='word_1_315' title='bbox 1309 3538 1424 3575; x_wconf 90' lang='grc' dir='ltr'>σου.</span> <span class='ocrx_word' id='word_1_316' title='bbox 1457 3522 1692 3592; x_wconf 78' lang='grc' dir='ltr'>Σφοδρὺς</span> <span class='ocrx_word' id='word_1_317' title='bbox 1725 3522 1818 3576; x_wconf 74' lang='grc' dir='ltr'>ἔσο</span> <span class='ocrx_word' id='word_1_318' title='bbox 1844 3540 1967 3594; x_wconf 86' lang='grc' dir='ltr'>κρι-</span> 
     </span>
    </p>
   </div>
   <div class='ocr_carea' id='block_1_54' title="bbox 389 3590 1963 3685">
    <p class='ocr_par' dir='ltr' id='par_1_54' title="bbox 389 3590 1963 3685">
     <span class='ocr_line' id='line_1_54' title="bbox 389 3590 1963 3685; baseline 0.004 -23"><span class='ocrx_word' id='word_1_319' title='bbox 389 3611 511 3680; x_wconf 83' lang='grc' dir='ltr'>τὴς,</span> <span class='ocrx_word' id='word_1_320' title='bbox 544 3611 638 3664; x_wconf 79' lang='grc' dir='ltr'><strong>καὶ</strong></span> <span class='ocrx_word' id='word_1_321' title='bbox 673 3590 867 3682; x_wconf 63' lang='grc' dir='ltr'>πικρὸς</span> <span class='ocrx_word' id='word_1_322' title='bbox 902 3590 1163 3682; x_wconf 80' lang='grc' dir='ltr'>δικαστὴς</span> <span class='ocrx_word' id='word_1_323' title='bbox 1189 3615 1301 3677; x_wconf 86' lang='grc' dir='ltr'>τοῖς</span> <span class='ocrx_word' id='word_1_324' title='bbox 1329 3613 1553 3677; x_wconf 71' lang='grc' dir='ltr'>οἰκείοις</span> <span class='ocrx_word' id='word_1_325' title='bbox 1581 3590 1963 3685; x_wconf 74' lang='grc' dir='ltr'>ἀμαρτήμασι.</span> 
     </span>
    </p>
   </div>
   <div class='ocr_carea' id='block_1_55' title="bbox 389 3692 1965 3778">
    <p class='ocr_par' dir='ltr' id='par_1_55' title="bbox 389 3692 1965 3778">
     <span class='ocr_line' id='line_1_55' title="bbox 389 3692 1965 3778; baseline 0.003 -23"><span class='ocrx_word' id='word_1_326' title='bbox 389 3701 562 3756; x_wconf 75' lang='grc' dir='ltr'>Τοῦτο</span> <span class='ocrx_word' id='word_1_327' title='bbox 607 3702 702 3770; x_wconf 85' lang='grc' dir='ltr'>τῆς</span> <span class='ocrx_word' id='word_1_328' title='bbox 734 3703 904 3772; x_wconf 81' lang='grc' dir='ltr'>ὀργῆς</span> <span class='ocrx_word' id='word_1_329' title='bbox 951 3706 1014 3757; x_wconf 80' lang='grc' dir='ltr'><strong>τὸ</strong></span> <span class='ocrx_word' id='word_1_330' title='bbox 1061 3703 1252 3776; x_wconf 80' lang='grc' dir='ltr'>κέρδος</span> <span class='ocrx_word' id='word_1_331' title='bbox 1288 3692 1432 3769; x_wconf 54' lang='lat' dir='ltr'><strong>seu,</strong></span> <span class='ocrx_word' id='word_1_332' title='bbox 1476 3705 1563 3759; x_wconf 81' lang='grc' dir='ltr'>διὰ</span> <span class='ocrx_word' id='word_1_333' title='bbox 1618 3708 1775 3760; x_wconf 83' lang='grc' dir='ltr'>τοῦτο</span> <span class='ocrx_word' id='word_1_334' title='bbox 1827 3708 1965 3778; x_wconf 80' lang='grc' dir='ltr'>ἡμῖν</span> 
     </span>
    </p>
   </div>
   <div class='ocr_carea' id='block_1_56' title="bbox 389 3792 1096 3864">
    <p class='ocr_par' dir='ltr' id='par_1_56' title="bbox 389 3792 1096 3864">
     <span class='ocr_line' id='line_1_56' title="bbox 389 3792 1096 3864; baseline 0.013 -20"><span class='ocrx_word' id='word_1_335' title='bbox 389 3792 562 3864; x_wconf 74' lang='grc' dir='ltr'>αὐτὴν</span> <span class='ocrx_word' id='word_1_336' title='bbox 593 3794 852 3863; x_wconf 77' lang='grc' dir='ltr'>ἐνέθηκεν</span> <span class='ocrx_word' id='word_1_337' title='bbox 882 3796 911 3848; x_wconf 85' lang='grc' dir='ltr'><strong>ὁ</strong></span> <span class='ocrx_word' id='word_1_338' title='bbox 940 3795 1096 3860; x_wconf 84' lang='grc' dir='ltr'>Θεός.</span> 
     </span>
    </p>
   </div>
   <div class='ocr_carea' id='block_1_57' title="bbox 461 3880 1959 3961">
    <p class='ocr_par' dir='ltr' id='par_1_57' title="bbox 461 3880 1959 3961">
     <span class='ocr_line' id='line_1_57' title="bbox 461 3880 1959 3961; baseline 0.005 -23"><span class='ocrx_word' id='word_1_339' title='bbox 461 3884 705 3957; x_wconf 73' lang='grc' dir='ltr'>Καθαροὶ</span> <span class='ocrx_word' id='word_1_340' title='bbox 734 3885 905 3955; x_wconf 83' lang='grc' dir='ltr'>θυμοῦ</span> <span class='ocrx_word' id='word_1_341' title='bbox 936 3880 1086 3955; x_wconf 79' lang='grc' dir='ltr'>ὦμεν</span> <span class='ocrx_word' id='word_1_342' title='bbox 1106 3901 1121 3918; x_wconf 79' lang='grc' dir='ltr'><strong>ο</strong></span> <span class='ocrx_word' id='word_1_343' title='bbox 1146 3886 1206 3941; x_wconf 86' lang='grc' dir='ltr'>οὒ</span> <span class='ocrx_word' id='word_1_344' title='bbox 1234 3888 1344 3958; x_wconf 84' lang='grc' dir='ltr'>γὰρ</span> <span class='ocrx_word' id='word_1_345' title='bbox 1370 3891 1618 3942; x_wconf 87' lang='grc' dir='ltr'>κατοικεῖ</span> <span class='ocrx_word' id='word_1_346' title='bbox 1647 3889 1708 3944; x_wconf 81' lang='grc' dir='ltr'><strong>τδ</strong></span> <span class='ocrx_word' id='word_1_347' title='bbox 1735 3890 1959 3961; x_wconf 80' lang='grc' dir='ltr'>Πνεῦμα</span> 
     </span>
    </p>
   </div>
   <div class='ocr_carea' id='block_1_58' title="bbox 385 3976 1029 4048">
    <p class='ocr_par' dir='ltr' id='par_1_58' title="bbox 385 3976 1029 4048">
     <span class='ocr_line' id='line_1_58' title="bbox 385 3976 1029 4048; baseline -0.006 -14"><span class='ocrx_word' id='word_1_348' title='bbox 385 3979 447 4034; x_wconf 81' lang='grc' dir='ltr'><strong>τὸ</strong></span> <span class='ocrx_word' id='word_1_349' title='bbox 477 3979 652 4048; x_wconf 79' lang='grc' dir='ltr'>ἅγιον,</span> <span class='ocrx_word' id='word_1_350' title='bbox 684 3977 813 4032; x_wconf 77' lang='grc' dir='ltr'>ἔνθα</span> <span class='ocrx_word' id='word_1_351' title='bbox 839 3976 1029 4046; x_wconf 75' lang='grc' dir='ltr'>θυμός.</span> 
     </span>
    </p>
   </div>
   <div class='ocr_carea' id='block_1_59' title="bbox 457 4067 1961 4140">
    <p class='ocr_par' dir='ltr' id='par_1_59' title="bbox 457 4067 1961 4140">
     <span class='ocr_line' id='line_1_59' title="bbox 457 4067 1961 4140; baseline -0.001 -15"><span class='ocrx_word' id='word_1_352' title='bbox 457 4071 522 4125; x_wconf 79' lang='grc' dir='ltr'><strong>Οἱ</strong></span> <span class='ocrx_word' id='word_1_353' title='bbox 581 4069 765 4139; x_wconf 80' lang='grc' dir='ltr'>θυμοὶ,</span> <span class='ocrx_word' id='word_1_354' title='bbox 823 4067 1071 4138; x_wconf 82' lang='grc' dir='ltr'>καθάπερ</span> <span class='ocrx_word' id='word_1_355' title='bbox 1116 4068 1172 4122; x_wconf 85' lang='grc' dir='ltr'>αἱ</span> <span class='ocrx_word' id='word_1_356' title='bbox 1224 4069 1406 4134; x_wconf 84' lang='grc' dir='ltr'>κύνες,</span> <span class='ocrx_word' id='word_1_357' title='bbox 1456 4068 1632 4140; x_wconf 82' lang='grc' dir='ltr'>τυφλά</span> <span class='ocrx_word' id='word_1_358' title='bbox 1685 4070 1961 4124; x_wconf 73' lang='grc' dir='ltr'>τίκτουσιν</span> 
     </span>
    </p>
   </div>
   <div class='ocr_carea' id='block_1_60' title="bbox 384 4165 723 4234">
    <p class='ocr_par' dir='ltr' id='par_1_60' title="bbox 384 4165 723 4234">
     <span class='ocr_line' id='line_1_60' title="bbox 384 4165 723 4234; baseline -0.015 -14"><span class='ocrx_word' id='word_1_359' title='bbox 384 4165 551 4233; x_wconf 76' lang='grc' dir='ltr'>ὲγκλή</span> <span class='ocrx_word' id='word_1_360' title='bbox 561 4179 703 4234; x_wconf 86' lang='grc' dir='ltr'>ματα</span> <span class='ocrx_word' id='word_1_361' title='bbox 711 4203 723 4215; x_wconf 95' lang='grc'><strong>.</strong></span> 
     </span>
    </p>
   </div>
   <div class='ocr_carea' id='block_1_61' title="bbox 456 4253 1959 4326">
    <p class='ocr_par' dir='ltr' id='par_1_61' title="bbox 456 4253 1959 4326">
     <span class='ocr_line' id='line_1_61' title="bbox 456 4253 1959 4326; baseline -0.001 -17"><span class='ocrx_word' id='word_1_362' title='bbox 456 4257 519 4309; x_wconf 90' lang='grc' dir='ltr'><strong>Οἱ</strong></span> <span class='ocrx_word' id='word_1_363' title='bbox 551 4256 651 4326; x_wconf 76' lang='grc' dir='ltr'>μὲν</span> <span class='ocrx_word' id='word_1_364' title='bbox 677 4255 901 4324; x_wconf 84' lang='grc' dir='ltr'>τραχεῖς</span> <span class='ocrx_word' id='word_1_365' title='bbox 930 4253 1089 4308; x_wconf 79' lang='grc' dir='ltr'>ἵπποι</span> <span class='ocrx_word' id='word_1_366' title='bbox 1137 4254 1250 4317; x_wconf 87' lang='grc' dir='ltr'>τοῖς</span> <span class='ocrx_word' id='word_1_367' title='bbox 1308 4255 1566 4324; x_wconf 84' lang='grc' dir='ltr'>χαλινοῖς,</span> <span class='ocrx_word' id='word_1_368' title='bbox 1621 4253 1671 4307; x_wconf 76' lang='grc' dir='ltr'>οε</span> <span class='ocrx_word' id='word_1_369' title='bbox 1723 4254 1781 4307; x_wconf 80' lang='grc' dir='ltr'>δὲ</span> <span class='ocrx_word' id='word_1_370' title='bbox 1816 4253 1959 4321; x_wconf 83' lang='grc' dir='ltr'>ὀξεῖς</span> 
     </span>
    </p>
   </div>
   <div class='ocr_carea' id='block_1_62' title="bbox 385 4346 1375 4419">
    <p class='ocr_par' dir='ltr' id='par_1_62' title="bbox 385 4346 1375 4419">
     <span class='ocr_line' id='line_1_62' title="bbox 385 4346 1375 4419; baseline -0.002 -16"><span class='ocrx_word' id='word_1_371' title='bbox 385 4349 546 4418; x_wconf 81' lang='grc' dir='ltr'>θυμοὶ</span> <span class='ocrx_word' id='word_1_372' title='bbox 575 4349 906 4419; x_wconf 85' lang='grc' dir='ltr'>μετάγονται</span> <span class='ocrx_word' id='word_1_373' title='bbox 932 4349 1042 4410; x_wconf 87' lang='grc' dir='ltr'>τοῖς</span> <span class='ocrx_word' id='word_1_374' title='bbox 1074 4346 1375 4416; x_wconf 85' lang='grc' dir='ltr'>λογισμοῖς.</span> 
     </span>
    </p>
   </div>
   <div class='ocr_carea' id='block_1_63' title="bbox 448 4437 1957 4510">
    <p class='ocr_par' dir='ltr' id='par_1_63' title="bbox 448 4437 1957 4510">
     <span class='ocr_line' id='line_1_63' title="bbox 448 4437 1957 4510; baseline -0.001 -16"><span class='ocrx_word' id='word_1_375' title='bbox 448 4440 524 4494; x_wconf 80' lang='grc' dir='ltr'>Τὸ</span> <span class='ocrx_word' id='word_1_376' title='bbox 558 4439 659 4510; x_wconf 79' lang='grc' dir='ltr'>μὲν</span> <span class='ocrx_word' id='word_1_377' title='bbox 689 4438 956 4509; x_wconf 75' lang='grc' dir='ltr'>εὔκρατον</span> <span class='ocrx_word' id='word_1_378' title='bbox 984 4438 1126 4509; x_wconf 76' lang='grc' dir='ltr'>ὕδωρ</span> <span class='ocrx_word' id='word_1_379' title='bbox 1155 4437 1254 4502; x_wconf 86' lang='grc' dir='ltr'>τὰς</span> <span class='ocrx_word' id='word_1_380' title='bbox 1276 4437 1612 4509; x_wconf 81' lang='grc' dir='ltr'>φλεγμονὰς,</span> <span class='ocrx_word' id='word_1_381' title='bbox 1647 4440 1675 4491; x_wconf 88' lang='lat'><strong>6</strong></span> <span class='ocrx_word' id='word_1_382' title='bbox 1704 4437 1760 4492; x_wconf 80' lang='grc' dir='ltr'>δὲ</span> <span class='ocrx_word' id='word_1_383' title='bbox 1782 4438 1957 4492; x_wconf 75' lang='grc' dir='ltr'>ἐπιει-</span> 
     </span>
    </p>
   </div>
   <div class='ocr_carea' id='block_1_64' title="bbox 380 4526 1241 4602">
    <p class='ocr_par' dir='ltr' id='par_1_64' title="bbox 380 4526 1241 4602">
     <span class='ocr_line' id='line_1_64' title="bbox 380 4526 1241 4602; baseline -0.002 -19"><span class='ocrx_word' id='word_1_384' title='bbox 380 4529 481 4602; x_wconf 80' lang='grc' dir='ltr'>κὴς</span> <span class='ocrx_word' id='word_1_385' title='bbox 508 4530 665 4597; x_wconf 83' lang='grc' dir='ltr'>λόγος</span> <span class='ocrx_word' id='word_1_386' title='bbox 691 4528 791 4589; x_wconf 82' lang='grc' dir='ltr'>τὰς</span> <span class='ocrx_word' id='word_1_387' title='bbox 819 4526 991 4598; x_wconf 80' lang='grc' dir='ltr'>ὀργὰς</span> <span class='ocrx_word' id='word_1_388' title='bbox 1017 4526 1241 4581; x_wconf 86' lang='grc' dir='ltr'>διαλύει.</span> 
     </span>
    </p>
   </div>
   <div class='ocr_carea' id='block_1_65' title="bbox 461 4617 1949 4690">
    <p class='ocr_par' dir='ltr' id='par_1_65' title="bbox 461 4617 1949 4690">
     <span class='ocr_line' id='line_1_65' title="bbox 461 4617 1949 4690; baseline 0.003 -19"><span class='ocrx_word' id='word_1_389' title='bbox 461 4619 553 4681; x_wconf 81' lang='grc' dir='ltr'>Ὠς</span> <span class='ocrx_word' id='word_1_390' title='bbox 579 4618 686 4688; x_wconf 85' lang='grc' dir='ltr'>γὰρ</span> <span class='ocrx_word' id='word_1_391' title='bbox 715 4618 744 4670; x_wconf 85' lang='lat'><strong>6</strong></span> <span class='ocrx_word' id='word_1_392' title='bbox 780 4617 1002 4679; x_wconf 82' lang='grc' dir='ltr'>καικίας</span> <span class='ocrx_word' id='word_1_393' title='bbox 1035 4619 1104 4669; x_wconf 79' lang='grc' dir='ltr'><strong>τά</strong></span> <span class='ocrx_word' id='word_1_394' title='bbox 1134 4617 1293 4687; x_wconf 85' lang='grc' dir='ltr'>νέφη,</span> <span class='ocrx_word' id='word_1_395' title='bbox 1322 4617 1416 4671; x_wconf 77' lang='grc' dir='ltr'>καὶ</span> <span class='ocrx_word' id='word_1_396' title='bbox 1439 4620 1466 4671; x_wconf 86' lang='lat'><strong>6</strong></span> <span class='ocrx_word' id='word_1_397' title='bbox 1494 4619 1697 4687; x_wconf 80' lang='grc' dir='ltr'>φαῦλος</span> <span class='ocrx_word' id='word_1_398' title='bbox 1725 4620 1841 4690; x_wconf 84' lang='grc' dir='ltr'>βίος</span> <span class='ocrx_word' id='word_1_399' title='bbox 1864 4620 1949 4689; x_wconf 71' lang='grc' dir='ltr'><strong>ἐφ’</strong></span> 
     </span>
    </p>
   </div>
   <div class='ocr_carea' id='block_1_66' title="bbox 378 4709 1193 4779">
    <p class='ocr_par' dir='ltr' id='par_1_66' title="bbox 378 4709 1193 4779">
     <span class='ocr_line' id='line_1_66' title="bbox 378 4709 1193 4779; baseline -0.001 -14"><span class='ocrx_word' id='word_1_400' title='bbox 378 4711 570 4767; x_wconf 75' lang='grc' dir='ltr'>ἑαυτὸν</span> <span class='ocrx_word' id='word_1_401' title='bbox 603 4711 750 4763; x_wconf 71' lang='grc' dir='ltr'>ἕλκει</span> <span class='ocrx_word' id='word_1_402' title='bbox 778 4711 876 4773; x_wconf 78' lang='grc' dir='ltr'>τὰς</span> <span class='ocrx_word' id='word_1_403' title='bbox 902 4709 1193 4779; x_wconf 80' lang='grc' dir='ltr'>λοιδορίας.</span> 
     </span>
    </p>
   </div>
   <div class='ocr_carea' id='block_1_67' title="bbox 2154 2058 3654 2133">
    <p class='ocr_par' dir='ltr' id='par_1_67' title="bbox 2154 2058 3654 2133">
     <span class='ocr_line' id='line_1_67' title="bbox 2154 2058 3654 2133; baseline -0.002 -15"><span class='ocrx_word' id='word_1_404' title='bbox 2154 2061 2424 2133; x_wconf 75' lang='lat' dir='ltr'><strong>Chrysost.</strong></span> <span class='ocrx_word' id='word_1_405' title='bbox 2459 2060 2609 2116; x_wconf 86' lang='lat' dir='ltr'><strong>Nihil</strong></span> <span class='ocrx_word' id='word_1_406' title='bbox 2641 2075 2796 2132; x_wconf 70' lang='lat' dir='ltr'><strong>atque</strong></span> <span class='ocrx_word' id='word_1_407' title='bbox 2828 2062 3030 2116; x_wconf 89' lang='lat' dir='ltr'><strong>mentis</strong></span> <span class='ocrx_word' id='word_1_408' title='bbox 3076 2061 3366 2130; x_wconf 81' lang='lat' dir='ltr'><strong>puritatem</strong></span> <span class='ocrx_word' id='word_1_409' title='bbox 3399 2066 3451 2115; x_wconf 89' lang='lat' dir='ltr'><strong>et</strong></span> <span class='ocrx_word' id='word_1_410' title='bbox 3482 2058 3654 2115; x_wconf 86' lang='lat' dir='ltr'><strong>animi</strong></span> 
     </span>
    </p>
   </div>
   <div class='ocr_carea' id='block_1_68' title="bbox 2062 2152 3653 2221">
    <p class='ocr_par' dir='ltr' id='par_1_68' title="bbox 2062 2152 3653 2221">
     <span class='ocr_line' id='line_1_68' title="bbox 2062 2152 3653 2221; baseline -0.006 -7"><span class='ocrx_word' id='word_1_411' title='bbox 2062 2157 2438 2215; x_wconf 89' lang='lat' dir='ltr'><strong>sinceritatem</strong></span> <span class='ocrx_word' id='word_1_412' title='bbox 2464 2155 2668 2219; x_wconf 85' lang='lat' dir='ltr'><strong>turbat,</strong></span> <span class='ocrx_word' id='word_1_413' title='bbox 2698 2167 2763 2209; x_wconf 88' lang='lat' dir='ltr'><strong>ac</strong></span> <span class='ocrx_word' id='word_1_414' title='bbox 2794 2152 3154 2208; x_wconf 87' lang='lat' dir='ltr'><strong>immoderata</strong></span> <span class='ocrx_word' id='word_1_415' title='bbox 3180 2152 3283 2218; x_wconf 89' lang='lat' dir='ltr'><strong>ira,</strong></span> <span class='ocrx_word' id='word_1_416' title='bbox 3309 2165 3429 2221; x_wconf 79' lang='lat' dir='ltr'><strong>quae</strong></span> <span class='ocrx_word' id='word_1_417' title='bbox 3453 2165 3653 2221; x_wconf 76' lang='lat' dir='ltr'><strong>magno</strong></span> 
     </span>
    </p>
   </div>
   <div class='ocr_carea' id='block_1_69' title="bbox 2062 2249 2499 2318">
    <p class='ocr_par' dir='ltr' id='par_1_69' title="bbox 2062 2249 2499 2318">
     <span class='ocr_line' id='line_1_69' title="bbox 2062 2249 2499 2318; baseline -0.002 -12"><span class='ocrx_word' id='word_1_418' title='bbox 2062 2250 2239 2306; x_wconf 83' lang='lat' dir='ltr'><strong>fertur</strong></span> <span class='ocrx_word' id='word_1_419' title='bbox 2270 2249 2499 2318; x_wconf 83' lang='lat' dir='ltr'><strong>impetu.</strong></span> 
     </span>
    </p>
   </div>
   <div class='ocr_carea' id='block_1_70' title="bbox 2135 2339 3650 2398">
    <p class='ocr_par' dir='ltr' id='par_1_70' title="bbox 2135 2339 3650 2398">
     <span class='ocr_line' id='line_1_70' title="bbox 2135 2339 3650 2398; baseline -0.001 -4"><span class='ocrx_word' id='word_1_420' title='bbox 2135 2340 2424 2396; x_wconf 84' lang='lat' dir='ltr'><strong>Iracundia</strong></span> <span class='ocrx_word' id='word_1_421' title='bbox 2473 2348 2559 2395; x_wconf 85' lang='lat' dir='ltr'><strong>est</strong></span> <span class='ocrx_word' id='word_1_422' title='bbox 2585 2340 2779 2398; x_wconf 88' lang='lat' dir='ltr'><strong>celeris</strong></span> <span class='ocrx_word' id='word_1_423' title='bbox 2809 2355 2874 2397; x_wconf 90' lang='lat' dir='ltr'><strong>ac</strong></span> <span class='ocrx_word' id='word_1_424' title='bbox 2920 2339 3108 2396; x_wconf 82' lang='lat' dir='ltr'><strong>brevis</strong></span> <span class='ocrx_word' id='word_1_425' title='bbox 3138 2358 3152 2396; x_wconf 84' lang='lat'><strong>:</strong></span> <span class='ocrx_word' id='word_1_426' title='bbox 3186 2341 3265 2395; x_wconf 88' lang='lat' dir='ltr'><strong>ira</strong></span> <span class='ocrx_word' id='word_1_427' title='bbox 3320 2349 3502 2395; x_wconf 90' lang='lat' dir='ltr'><strong>autem</strong></span> <span class='ocrx_word' id='word_1_428' title='bbox 3535 2347 3650 2394; x_wconf 75' lang='lat' dir='ltr'><strong>tar-</strong></span> 
     </span>
    </p>
   </div>
   <div class='ocr_carea' id='block_1_71' title="bbox 2062 2432 2957 2502">
    <p class='ocr_par' dir='ltr' id='par_1_71' title="bbox 2062 2432 2957 2502">
     <span class='ocr_line' id='line_1_71' title="bbox 2062 2432 2957 2502; baseline 0.002 -15"><span class='ocrx_word' id='word_1_429' title='bbox 2062 2433 2181 2487; x_wconf 90' lang='lat' dir='ltr'><strong>dior</strong></span> <span class='ocrx_word' id='word_1_430' title='bbox 2213 2433 2459 2502; x_wconf 80' lang='lat' dir='ltr'><strong>quidem,</strong></span> <span class='ocrx_word' id='word_1_431' title='bbox 2488 2432 2583 2487; x_wconf 90' lang='lat' dir='ltr'><strong>sed</strong></span> <span class='ocrx_word' id='word_1_432' title='bbox 2618 2432 2957 2489; x_wconf 88' lang='lat' dir='ltr'><strong>diuturnior.</strong></span> 
     </span>
    </p>
   </div>
   <div class='ocr_carea' id='block_1_72' title="bbox 2134 2524 3651 2597">
    <p class='ocr_par' dir='ltr' id='par_1_72' title="bbox 2134 2524 3651 2597">
     <span class='ocr_line' id='line_1_72' title="bbox 2134 2524 3651 2597; baseline 0 -19"><span class='ocrx_word' id='word_1_433' title='bbox 2134 2525 2262 2580; x_wconf 85' lang='lat' dir='ltr'><strong>Duae</strong></span> <span class='ocrx_word' id='word_1_434' title='bbox 2294 2525 2346 2579; x_wconf 91' lang='lat' dir='ltr'><strong>in</strong></span> <span class='ocrx_word' id='word_1_435' title='bbox 2369 2526 2528 2581; x_wconf 91' lang='lat' dir='ltr'><strong>nobis</strong></span> <span class='ocrx_word' id='word_1_436' title='bbox 2554 2526 2980 2596; x_wconf 45' lang='lat' dir='ltr'><strong>suntfgenerales</strong></span> <span class='ocrx_word' id='word_1_437' title='bbox 3010 2524 3473 2597; x_wconf 82' lang='lat' dir='ltr'><strong>perturbationes.</strong></span> <span class='ocrx_word' id='word_1_438' title='bbox 3492 2531 3651 2579; x_wconf 83' lang='lat' dir='ltr'><strong>natu-</strong></span> 
     </span>
    </p>
   </div>
   <div class='ocr_carea' id='block_1_73' title="bbox 2062 2617 3302 2688">
    <p class='ocr_par' dir='ltr' id='par_1_73' title="bbox 2062 2617 3302 2688">
     <span class='ocr_line' id='line_1_73' title="bbox 2062 2617 3302 2688; baseline 0.001 -17"><span class='ocrx_word' id='word_1_439' title='bbox 2062 2619 2206 2672; x_wconf 86' lang='lat' dir='ltr'><strong>rales</strong></span> <span class='ocrx_word' id='word_1_440' title='bbox 2229 2618 2403 2688; x_wconf 81' lang='lat' dir='ltr'><strong>magis</strong></span> <span class='ocrx_word' id='word_1_441' title='bbox 2431 2632 2597 2687; x_wconf 89' lang='lat' dir='ltr'><strong>quam</strong></span> <span class='ocrx_word' id='word_1_442' title='bbox 2631 2618 2773 2682; x_wconf 79' lang='lat' dir='ltr'><strong>alite,</strong></span> <span class='ocrx_word' id='word_1_443' title='bbox 2805 2619 2883 2672; x_wconf 90' lang='lat' dir='ltr'><strong>ira</strong></span> <span class='ocrx_word' id='word_1_444' title='bbox 2915 2627 2971 2672; x_wconf 87' lang='lat' dir='ltr'><strong>et</strong></span> <span class='ocrx_word' id='word_1_445' title='bbox 3002 2617 3302 2687; x_wconf 87' lang='lat' dir='ltr'><strong>cupiditas.</strong></span> 
     </span>
    </p>
   </div>
   <div class='ocr_carea' id='block_1_74' title="bbox 2133 2706 3643 2779">
    <p class='ocr_par' dir='ltr' id='par_1_74' title="bbox 2133 2706 3643 2779">
     <span class='ocr_line' id='line_1_74' title="bbox 2133 2706 3643 2779; baseline -0.001 -18"><span class='ocrx_word' id='word_1_446' title='bbox 2133 2707 2549 2763; x_wconf 87' lang='lat' dir='ltr'><strong>Continentiam</strong></span> <span class='ocrx_word' id='word_1_447' title='bbox 2582 2722 2650 2763; x_wconf 92' lang='lat' dir='ltr'><strong>ne</strong></span> <span class='ocrx_word' id='word_1_448' title='bbox 2675 2710 2897 2779; x_wconf 88' lang='lat' dir='ltr'><strong>probes,</strong></span> <span class='ocrx_word' id='word_1_449' title='bbox 2928 2710 3019 2765; x_wconf 91' lang='lat' dir='ltr'><strong>ubi</strong></span> <span class='ocrx_word' id='word_1_450' title='bbox 3049 2708 3339 2765; x_wconf 89' lang='lat' dir='ltr'><strong>clementia</strong></span> <span class='ocrx_word' id='word_1_451' title='bbox 3370 2706 3643 2777; x_wconf 81' lang='lat' dir='ltr'><strong>rejieitur.</strong></span> 
     </span>
    </p>
   </div>
   <div class='ocr_carea' id='block_1_75' title="bbox 2128 2796 3653 2856">
    <p class='ocr_par' dir='ltr' id='par_1_75' title="bbox 2128 2796 3653 2856">
     <span class='ocr_line' id='line_1_75' title="bbox 2128 2796 3653 2856; baseline 0.001 -5"><span class='ocrx_word' id='word_1_452' title='bbox 2128 2796 2187 2851; x_wconf 84' lang='lat' dir='ltr'><strong>in</strong></span> <span class='ocrx_word' id='word_1_453' title='bbox 2206 2798 2611 2854; x_wconf 89' lang='lat' dir='ltr'><strong>vehementiore</strong></span> <span class='ocrx_word' id='word_1_454' title='bbox 2641 2799 2719 2854; x_wconf 89' lang='lat' dir='ltr'><strong>ira</strong></span> <span class='ocrx_word' id='word_1_455' title='bbox 2750 2815 3023 2856; x_wconf 88' lang='lat' dir='ltr'><strong>summum</strong></span> <span class='ocrx_word' id='word_1_456' title='bbox 3045 2801 3414 2856; x_wconf 89' lang='lat' dir='ltr'><strong>adhibendum</strong></span> <span class='ocrx_word' id='word_1_457' title='bbox 3434 2807 3516 2855; x_wconf 88' lang='lat' dir='ltr'><strong>est</strong></span> <span class='ocrx_word' id='word_1_458' title='bbox 3537 2808 3653 2855; x_wconf 84' lang='lat' dir='ltr'><strong>slu-</strong></span> 
     </span>
    </p>
   </div>
   <div class='ocr_carea' id='block_1_76' title="bbox 2061 2889 3649 2963">
    <p class='ocr_par' dir='ltr' id='par_1_76' title="bbox 2061 2889 3649 2963">
     <span class='ocr_line' id='line_1_76' title="bbox 2061 2889 3649 2963; baseline 0 -19"><span class='ocrx_word' id='word_1_459' title='bbox 2061 2889 2207 2944; x_wconf 89' lang='lat' dir='ltr'><strong>dium</strong></span> <span class='ocrx_word' id='word_1_460' title='bbox 2236 2898 2291 2945; x_wconf 90' lang='lat' dir='ltr'><strong>et</strong></span> <span class='ocrx_word' id='word_1_461' title='bbox 2329 2891 2653 2954; x_wconf 88' lang='lat' dir='ltr'><strong>eautio;est</strong></span> <span class='ocrx_word' id='word_1_462' title='bbox 2673 2894 2818 2946; x_wconf 90' lang='lat' dir='ltr'><strong>enim</strong></span> <span class='ocrx_word' id='word_1_463' title='bbox 2853 2892 3081 2948; x_wconf 74' lang='lat' dir='ltr'><strong>allectus</strong></span> <span class='ocrx_word' id='word_1_464' title='bbox 3114 2893 3450 2963; x_wconf 89' lang='lat' dir='ltr'><strong>tyrannicus.</strong></span> <span class='ocrx_word' id='word_1_465' title='bbox 3490 2890 3649 2961; x_wconf 68' lang='lat' dir='ltr'><strong>Saepe</strong></span> 
     </span>
    </p>
   </div>
   <div class='ocr_carea' id='block_1_77' title="bbox 2061 2982 3649 3053">
    <p class='ocr_par' dir='ltr' id='par_1_77' title="bbox 2061 2982 3649 3053">
     <span class='ocr_line' id='line_1_77' title="bbox 2061 2982 3649 3053; baseline 0.001 -17"><span class='ocrx_word' id='word_1_466' title='bbox 2061 2982 2207 3036; x_wconf 90' lang='lat' dir='ltr'><strong>enim</strong></span> <span class='ocrx_word' id='word_1_467' title='bbox 2249 2995 2358 3035; x_wconf 86' lang='lat' dir='ltr'><strong>non</strong></span> <span class='ocrx_word' id='word_1_468' title='bbox 2393 2982 2609 3038; x_wconf 70' lang='lat' dir='ltr'><strong>sobrios</strong></span> <span class='ocrx_word' id='word_1_469' title='bbox 2636 2985 2919 3053; x_wconf 79' lang='lat' dir='ltr'><strong>pervertit,</strong></span> <span class='ocrx_word' id='word_1_470' title='bbox 2953 2994 3005 3040; x_wconf 88' lang='lat' dir='ltr'><strong>et</strong></span> <span class='ocrx_word' id='word_1_471' title='bbox 3035 2985 3087 3039; x_wconf 91' lang='lat' dir='ltr'><strong>in</strong></span> <span class='ocrx_word' id='word_1_472' title='bbox 3137 2986 3452 3040; x_wconf 85' lang='lat' dir='ltr'><strong>barathrum</strong></span> <span class='ocrx_word' id='word_1_473' title='bbox 3497 2983 3649 3039; x_wconf 79' lang='lat' dir='ltr'><strong>exitii</strong></span> 
     </span>
    </p>
   </div>
   <div class='ocr_carea' id='block_1_78' title="bbox 2061 3072 2322 3129">
    <p class='ocr_par' dir='ltr' id='par_1_78' title="bbox 2061 3072 2322 3129">
     <span class='ocr_line' id='line_1_78' title="bbox 2061 3072 2322 3129; baseline 0 -1"><span class='ocrx_word' id='word_1_474' title='bbox 2061 3072 2322 3129; x_wconf 82' lang='lat' dir='ltr'><strong>detrahit.</strong></span> 
     </span>
    </p>
   </div>
   <div class='ocr_carea' id='block_1_79' title="bbox 2142 3161 3647 3235">
    <p class='ocr_par' dir='ltr' id='par_1_79' title="bbox 2142 3161 3647 3235">
     <span class='ocr_line' id='line_1_79' title="bbox 2142 3161 3647 3235; baseline -0.003 -16"><span class='ocrx_word' id='word_1_475' title='bbox 2142 3165 2396 3233; x_wconf 76' lang='lat' dir='ltr'><strong>Prompta</strong></span> <span class='ocrx_word' id='word_1_476' title='bbox 2431 3164 2547 3221; x_wconf 81' lang='lat' dir='ltr'><strong>fere</strong></span> <span class='ocrx_word' id='word_1_477' title='bbox 2578 3179 2673 3235; x_wconf 91' lang='lat' dir='ltr'><strong>per</strong></span> <span class='ocrx_word' id='word_1_478' title='bbox 2698 3178 2920 3220; x_wconf 89' lang='lat' dir='ltr'><strong>omnem</strong></span> <span class='ocrx_word' id='word_1_479' title='bbox 2944 3163 3110 3218; x_wconf 88' lang='lat' dir='ltr'><strong>vitam</strong></span> <span class='ocrx_word' id='word_1_480' title='bbox 3137 3163 3232 3218; x_wconf 74' lang='lat' dir='ltr'><strong>ira:</strong></span> <span class='ocrx_word' id='word_1_481' title='bbox 3248 3172 3333 3218; x_wconf 90' lang='lat' dir='ltr'><strong>est</strong></span> <span class='ocrx_word' id='word_1_482' title='bbox 3356 3161 3647 3232; x_wconf 61' lang='lat' dir='ltr'><strong>aegritudo.</strong></span> 
     </span>
    </p>
   </div>
   <div class='ocr_carea' id='block_1_80' title="bbox 2141 3339 3648 3413">
    <p class='ocr_par' dir='ltr' id='par_1_80' title="bbox 2141 3339 3648 3413">
     <span class='ocr_line' id='line_1_80' title="bbox 2141 3339 3648 3413; baseline -0.005 -12"><span class='ocrx_word' id='word_1_483' title='bbox 2141 3342 2446 3401; x_wconf 84' lang='lat' dir='ltr'><strong>Iracundus</strong></span> <span class='ocrx_word' id='word_1_484' title='bbox 2484 3358 2543 3400; x_wconf 92' lang='lat' dir='ltr'><strong>es</strong></span> <span class='ocrx_word' id='word_1_485' title='bbox 2569 3343 2741 3399; x_wconf 85' lang='lat' dir='ltr'><strong>?Esto</strong></span> <span class='ocrx_word' id='word_1_486' title='bbox 2771 3342 2826 3397; x_wconf 93' lang='lat' dir='ltr'><strong>in</strong></span> <span class='ocrx_word' id='word_1_487' title='bbox 2858 3350 3078 3413; x_wconf 89' lang='lat' dir='ltr'><strong>peccata</strong></span> <span class='ocrx_word' id='word_1_488' title='bbox 3108 3350 3202 3398; x_wconf 87' lang='lat' dir='ltr'><strong>tua</strong></span> <span class='ocrx_word' id='word_1_489' title='bbox 3225 3341 3385 3397; x_wconf 90' lang='lat' dir='ltr'><strong>talis:</strong></span> <span class='ocrx_word' id='word_1_490' title='bbox 3414 3339 3648 3411; x_wconf 83' lang='lat' dir='ltr'><strong>objurga</strong></span> 
     </span>
    </p>
   </div>
   <div class='ocr_carea' id='block_1_81' title="bbox 2070 3432 3649 3504">
    <p class='ocr_par' dir='ltr' id='par_1_81' title="bbox 2070 3432 3649 3504">
     <span class='ocr_line' id='line_1_81' title="bbox 2070 3432 3649 3504; baseline -0.005 -12"><span class='ocrx_word' id='word_1_491' title='bbox 2070 3438 2315 3492; x_wconf 88' lang='lat' dir='ltr'><strong>animum</strong></span> <span class='ocrx_word' id='word_1_492' title='bbox 2338 3444 2516 3499; x_wconf 87' lang='lat' dir='ltr'><strong>tuum,</strong></span> <span class='ocrx_word' id='word_1_493' title='bbox 2536 3434 2723 3504; x_wconf 83' lang='lat' dir='ltr'><strong>ﬂagris</strong></span> <span class='ocrx_word' id='word_1_494' title='bbox 2742 3433 2887 3490; x_wconf 62' lang='lat' dir='ltr'><strong>caede</strong></span> <span class='ocrx_word' id='word_1_495' title='bbox 2908 3433 3327 3499; x_wconf 90' lang='lat' dir='ltr'><strong>conscientiam,</strong></span> <span class='ocrx_word' id='word_1_496' title='bbox 3353 3432 3649 3487; x_wconf 84' lang='lat' dir='ltr'><strong>vehemens</strong></span> 
     </span>
    </p>
   </div>
   <div class='ocr_carea' id='block_1_82' title="bbox 2066 3521 3648 3600">
    <p class='ocr_par' dir='ltr' id='par_1_82' title="bbox 2066 3521 3648 3600">
     <span class='ocr_line' id='line_1_82' title="bbox 2066 3521 3648 3600; baseline -0.005 -15"><span class='ocrx_word' id='word_1_497' title='bbox 2066 3537 2185 3585; x_wconf 86' lang='lat' dir='ltr'><strong>esto</strong></span> <span class='ocrx_word' id='word_1_498' title='bbox 2228 3528 2396 3600; x_wconf 77' lang='lat' dir='ltr'><strong>judex</strong></span> <span class='ocrx_word' id='word_1_499' title='bbox 2453 3537 2505 3582; x_wconf 89' lang='lat' dir='ltr'><strong>et</strong></span> <span class='ocrx_word' id='word_1_500' title='bbox 2544 3526 2775 3581; x_wconf 88' lang='lat' dir='ltr'><strong>acerbus</strong></span> <span class='ocrx_word' id='word_1_501' title='bbox 2822 3526 2875 3581; x_wconf 91' lang='lat' dir='ltr'><strong>in</strong></span> <span class='ocrx_word' id='word_1_502' title='bbox 2937 3525 3171 3595; x_wconf 76' lang='lat' dir='ltr'><strong>propriis</strong></span> <span class='ocrx_word' id='word_1_503' title='bbox 3224 3524 3499 3594; x_wconf 88' lang='lat' dir='ltr'><strong>peccatis;</strong></span> <span class='ocrx_word' id='word_1_504' title='bbox 3542 3521 3648 3577; x_wconf 89' lang='lat' dir='ltr'><strong>hoe</strong></span> 
     </span>
    </p>
   </div>
   <div class='ocr_carea' id='block_1_83' title="bbox 2066 3611 3647 3684">
    <p class='ocr_par' dir='ltr' id='par_1_83' title="bbox 2066 3611 3647 3684">
     <span class='ocr_line' id='line_1_83' title="bbox 2066 3611 3647 3684; baseline -0.003 -11"><span class='ocrx_word' id='word_1_505' title='bbox 2066 3621 2212 3674; x_wconf 88' lang='lat' dir='ltr'><strong>enim</strong></span> <span class='ocrx_word' id='word_1_506' title='bbox 2240 3627 2326 3673; x_wconf 92' lang='lat' dir='ltr'><strong>est</strong></span> <span class='ocrx_word' id='word_1_507' title='bbox 2349 3619 2442 3673; x_wconf 71' lang='lat' dir='ltr'><strong>inc</strong></span> <span class='ocrx_word' id='word_1_508' title='bbox 2479 3618 2717 3684; x_wconf 80' lang='lat' dir='ltr'><strong>lucrum,</strong></span> <span class='ocrx_word' id='word_1_509' title='bbox 2753 3618 2825 3672; x_wconf 91' lang='lat' dir='ltr'><strong>ob</strong></span> <span class='ocrx_word' id='word_1_510' title='bbox 2858 3616 3000 3672; x_wconf 91' lang='lat' dir='ltr'><strong>hanc</strong></span> <span class='ocrx_word' id='word_1_511' title='bbox 3029 3631 3250 3672; x_wconf 88' lang='lat' dir='ltr'><strong>causam</strong></span> <span class='ocrx_word' id='word_1_512' title='bbox 3310 3614 3453 3678; x_wconf 84' lang='lat' dir='ltr'><strong>Deus</strong></span> <span class='ocrx_word' id='word_1_513' title='bbox 3487 3611 3647 3669; x_wconf 87' lang='lat' dir='ltr'><strong>nobis</strong></span> 
     </span>
    </p>
   </div>
   <div class='ocr_carea' id='block_1_84' title="bbox 2064 3708 2429 3765">
    <p class='ocr_par' dir='ltr' id='par_1_84' title="bbox 2064 3708 2429 3765">
     <span class='ocr_line' id='line_1_84' title="bbox 2064 3708 2429 3765; baseline -0.008 0"><span class='ocrx_word' id='word_1_514' title='bbox 2064 3724 2185 3765; x_wconf 90' lang='lat' dir='ltr'><strong>eam</strong></span> <span class='ocrx_word' id='word_1_515' title='bbox 2222 3708 2429 3764; x_wconf 81' lang='lat' dir='ltr'><strong>indidit.</strong></span> 
     </span>
    </p>
   </div>
   <div class='ocr_carea' id='block_1_85' title="bbox 2134 3877 3644 3959">
    <p class='ocr_par' dir='ltr' id='par_1_85' title="bbox 2134 3877 3644 3959">
     <span class='ocr_line' id='line_1_85' title="bbox 2134 3877 3644 3959; baseline -0.008 -13"><span class='ocrx_word' id='word_1_516' title='bbox 2134 3889 2307 3946; x_wconf 83' lang='lat' dir='ltr'><strong>Alieni</strong></span> <span class='ocrx_word' id='word_1_517' title='bbox 2339 3887 2410 3942; x_wconf 89' lang='lat' dir='ltr'><strong>ab</strong></span> <span class='ocrx_word' id='word_1_518' title='bbox 2463 3886 2544 3939; x_wconf 91' lang='lat' dir='ltr'><strong>ira</strong></span> <span class='ocrx_word' id='word_1_519' title='bbox 2592 3884 2812 3959; x_wconf 76' lang='lat' dir='ltr'><strong>simus;</strong></span> <span class='ocrx_word' id='word_1_520' title='bbox 2840 3898 2946 3939; x_wconf 93' lang='lat' dir='ltr'><strong>non</strong></span> <span class='ocrx_word' id='word_1_521' title='bbox 2981 3883 3127 3940; x_wconf 88' lang='lat' dir='ltr'><strong>enim</strong></span> <span class='ocrx_word' id='word_1_522' title='bbox 3192 3883 3284 3939; x_wconf 90' lang='lat' dir='ltr'><strong>ubi</strong></span> <span class='ocrx_word' id='word_1_523' title='bbox 3328 3881 3407 3936; x_wconf 84' lang='lat' dir='ltr'><strong>ira</strong></span> <span class='ocrx_word' id='word_1_524' title='bbox 3459 3877 3644 3946; x_wconf 82' lang='lat' dir='ltr'><strong>fuerit,</strong></span> 
     </span>
    </p>
   </div>
   <div class='ocr_carea' id='block_1_86' title="bbox 2064 3977 2830 4047">
    <p class='ocr_par' dir='ltr' id='par_1_86' title="bbox 2064 3977 2830 4047">
     <span class='ocr_line' id='line_1_86' title="bbox 2064 3977 2830 4047; baseline -0.008 -11"><span class='ocrx_word' id='word_1_525' title='bbox 2064 3980 2274 4036; x_wconf 88' lang='lat' dir='ltr'><strong>habitat</strong></span> <span class='ocrx_word' id='word_1_526' title='bbox 2301 3977 2536 4047; x_wconf 87' lang='lat' dir='ltr'><strong>Spiritus</strong></span> <span class='ocrx_word' id='word_1_527' title='bbox 2585 3983 2830 4031; x_wconf 90' lang='lat' dir='ltr'><strong>sanctus.</strong></span> 
     </span>
    </p>
   </div>
   <div class='ocr_carea' id='block_1_87' title="bbox 2143 4064 3646 4135">
    <p class='ocr_par' dir='ltr' id='par_1_87' title="bbox 2143 4064 3646 4135">
     <span class='ocr_line' id='line_1_87' title="bbox 2143 4064 3646 4135; baseline -0.002 -15"><span class='ocrx_word' id='word_1_528' title='bbox 2143 4065 2438 4121; x_wconf 80' lang='lat' dir='ltr'><strong>Plutarchi.</strong></span> <span class='ocrx_word' id='word_1_529' title='bbox 2478 4064 2596 4131; x_wconf 74' lang='lat' dir='ltr'><strong>Ine,</strong></span> <span class='ocrx_word' id='word_1_530' title='bbox 2631 4065 3091 4135; x_wconf 88' lang='lat' dir='ltr'><strong>quemadmodum</strong></span> <span class='ocrx_word' id='word_1_531' title='bbox 3124 4079 3314 4129; x_wconf 85' lang='lat' dir='ltr'><strong>canes,</strong></span> <span class='ocrx_word' id='word_1_532' title='bbox 3344 4076 3520 4119; x_wconf 64' lang='lat' dir='ltr'><strong>caecas</strong></span> <span class='ocrx_word' id='word_1_533' title='bbox 3542 4075 3646 4132; x_wconf 86' lang='lat' dir='ltr'><strong>pa—</strong></span> 
     </span>
    </p>
   </div>
   <div class='ocr_carea' id='block_1_88' title="bbox 2062 4160 2663 4216">
    <p class='ocr_par' dir='ltr' id='par_1_88' title="bbox 2062 4160 2663 4216">
     <span class='ocr_line' id='line_1_88' title="bbox 2062 4160 2663 4216; baseline 0 0"><span class='ocrx_word' id='word_1_534' title='bbox 2062 4162 2208 4216; x_wconf 90' lang='lat' dir='ltr'><strong>riunt</strong></span> <span class='ocrx_word' id='word_1_535' title='bbox 2231 4160 2663 4216; x_wconf 86' lang='lat' dir='ltr'><strong>criminationes.</strong></span> 
     </span>
    </p>
   </div>
   <div class='ocr_carea' id='block_1_89' title="bbox 2133 4245 3646 4321">
    <p class='ocr_par' dir='ltr' id='par_1_89' title="bbox 2133 4245 3646 4321">
     <span class='ocr_line' id='line_1_89' title="bbox 2133 4245 3646 4321; baseline -0.004 -15"><span class='ocrx_word' id='word_1_536' title='bbox 2133 4251 2273 4321; x_wconf 90' lang='lat' dir='ltr'><strong>Equi</strong></span> <span class='ocrx_word' id='word_1_537' title='bbox 2299 4252 2421 4305; x_wconf 90' lang='lat' dir='ltr'><strong>duri</strong></span> <span class='ocrx_word' id='word_1_538' title='bbox 2487 4251 2679 4315; x_wconf 80' lang='lat' dir='ltr'><strong>frenis,</strong></span> <span class='ocrx_word' id='word_1_539' title='bbox 2705 4259 2760 4305; x_wconf 88' lang='lat' dir='ltr'><strong>at</strong></span> <span class='ocrx_word' id='word_1_540' title='bbox 2783 4251 2877 4305; x_wconf 65' lang='lat' dir='ltr'><strong>iraa</strong></span> <span class='ocrx_word' id='word_1_541' title='bbox 2934 4248 3374 4306; x_wconf 86' lang='lat' dir='ltr'><strong>vehementiores</strong></span> <span class='ocrx_word' id='word_1_542' title='bbox 3432 4245 3646 4303; x_wconf 87' lang='lat' dir='ltr'><strong>ratione</strong></span> 
     </span>
    </p>
   </div>
   <div class='ocr_carea' id='block_1_90' title="bbox 2059 4346 2737 4412">
    <p class='ocr_par' dir='ltr' id='par_1_90' title="bbox 2059 4346 2737 4412">
     <span class='ocr_line' id='line_1_90' title="bbox 2059 4346 2737 4412; baseline -0.003 -13"><span class='ocrx_word' id='word_1_543' title='bbox 2059 4346 2337 4399; x_wconf 88' lang='lat' dir='ltr'><strong>ducuntur</strong></span> <span class='ocrx_word' id='word_1_544' title='bbox 2367 4352 2421 4398; x_wconf 90' lang='lat' dir='ltr'><strong>et</strong></span> <span class='ocrx_word' id='word_1_545' title='bbox 2446 4350 2737 4412; x_wconf 78' lang='lat' dir='ltr'><strong>reguntur.</strong></span> 
     </span>
    </p>
   </div>
   <div class='ocr_carea' id='block_1_91' title="bbox 2130 4410 3729 4579">
    <p class='ocr_par' dir='ltr' id='par_1_91' title="bbox 2130 4410 3729 4579">
     <span class='ocr_line' id='line_1_91' title="bbox 2130 4410 3729 4579; baseline -0.004 -89"><span class='ocrx_word' id='word_1_546' title='bbox 2130 4434 2201 4490; x_wconf 90' lang='lat' dir='ltr'><strong>Ut</strong></span> <span class='ocrx_word' id='word_1_547' title='bbox 2229 4450 2368 4504; x_wconf 89' lang='lat' dir='ltr'><strong>aqua</strong></span> <span class='ocrx_word' id='word_1_548' title='bbox 2412 4410 2591 4504; x_wconf 80' lang='lat' dir='ltr'><strong>tepida</strong></span> <span class='ocrx_word' id='word_1_549' title='bbox 2636 4433 3117 4500; x_wconf 85' lang='lat' dir='ltr'><strong>inﬂammationes,</strong></span> <span class='ocrx_word' id='word_1_550' title='bbox 3171 4432 3254 4488; x_wconf 88' lang='lat' dir='ltr'><strong>sic</strong></span> <span class='ocrx_word' id='word_1_551' title='bbox 3302 4432 3481 4486; x_wconf 88' lang='lat' dir='ltr'><strong>oratio</strong></span> <span class='ocrx_word' id='word_1_552' title='bbox 3541 4410 3729 4579; x_wconf 52' lang='lat' dir='ltr'><strong>bu?</strong></span> 
     </span>
     <span class='ocr_line' id='line_1_92' title="bbox 2130 4526 3030 4579; baseline -0.001 0"><span class='ocrx_word' id='word_1_553' title='bbox 2130 4527 2333 4579; x_wconf 87' lang='lat' dir='ltr'><strong>mitatis</strong></span> <span class='ocrx_word' id='word_1_554' title='bbox 2368 4527 2526 4579; x_wconf 81' lang='lat' dir='ltr'><strong>plena</strong></span> <span class='ocrx_word' id='word_1_555' title='bbox 2557 4526 2693 4579; x_wconf 90' lang='lat' dir='ltr'><strong>iram</strong></span> <span class='ocrx_word' id='word_1_556' title='bbox 2720 4526 3030 4579; x_wconf 63' lang='lat' dir='ltr'><strong>restinguit.</strong></span> 
     </span>
    </p>
   </div>
   <div class='ocr_carea' id='block_1_92' title="bbox 1977 4526 3030 4596">
    <p class='ocr_par' dir='ltr' id='par_1_92' title="bbox 1977 4526 3030 4596">
     <span class='ocr_line' id='line_1_93' title="bbox 1977 4526 3030 4596; baseline -0.006 -12"><span class='ocrx_word' id='word_1_557' title='bbox 1977 4535 2031 4596; x_wconf 87' lang='lat' dir='ltr'><strong>D</strong></span> <span class='ocrx_word' id='word_1_558' title='bbox 2057 4527 2333 4584; x_wconf 85' lang='lat' dir='ltr'><strong>mauitatis</strong></span> <span class='ocrx_word' id='word_1_559' title='bbox 2368 4527 2526 4596; x_wconf 87' lang='lat' dir='ltr'><strong>plena</strong></span> <span class='ocrx_word' id='word_1_560' title='bbox 2557 4526 2693 4581; x_wconf 89' lang='lat' dir='ltr'><strong>iram</strong></span> <span class='ocrx_word' id='word_1_561' title='bbox 2720 4526 3030 4593; x_wconf 80' lang='lat' dir='ltr'><strong>restinguit.</strong></span> 
     </span>
    </p>
   </div>
   <div class='ocr_carea' id='block_1_93' title="bbox 2133 4614 3657 4689">
    <p class='ocr_par' dir='ltr' id='par_1_93' title="bbox 2133 4614 3657 4689">
     <span class='ocr_line' id='line_1_94' title="bbox 2133 4614 3657 4689; baseline -0.003 -16"><span class='ocrx_word' id='word_1_562' title='bbox 2133 4618 2202 4674; x_wconf 86' lang='lat' dir='ltr'><strong>Ut</strong></span> <span class='ocrx_word' id='word_1_563' title='bbox 2231 4618 2376 4673; x_wconf 91' lang='lat' dir='ltr'><strong>enim</strong></span> <span class='ocrx_word' id='word_1_564' title='bbox 2407 4618 2604 4676; x_wconf 61' lang='lat' dir='ltr'><strong>caecias</strong></span> <span class='ocrx_word' id='word_1_565' title='bbox 2654 4618 2847 4686; x_wconf 89' lang='lat' dir='ltr'><strong>nubes,</strong></span> <span class='ocrx_word' id='word_1_566' title='bbox 2893 4618 2975 4673; x_wconf 89' lang='lat' dir='ltr'><strong>sic</strong></span> <span class='ocrx_word' id='word_1_567' title='bbox 3025 4618 3279 4689; x_wconf 90' lang='lat' dir='ltr'><strong>improba</strong></span> <span class='ocrx_word' id='word_1_568' title='bbox 3328 4617 3440 4671; x_wconf 87' lang='lat' dir='ltr'><strong>vita</strong></span> <span class='ocrx_word' id='word_1_569' title='bbox 3485 4614 3540 4670; x_wconf 91' lang='lat' dir='ltr'><strong>iu</strong></span> <span class='ocrx_word' id='word_1_570' title='bbox 3583 4628 3657 4670; x_wconf 82' lang='lat' dir='ltr'><strong>se</strong></span> 
     </span>
    </p>
   </div>
   <div class='ocr_carea' id='block_1_94' title="bbox 2059 4709 2585 4766">
    <p class='ocr_par' dir='ltr' id='par_1_94' title="bbox 2059 4709 2585 4766">
     <span class='ocr_line' id='line_1_95' title="bbox 2059 4709 2585 4766; baseline -0.004 0"><span class='ocrx_word' id='word_1_571' title='bbox 2059 4711 2303 4766; x_wconf 84' lang='lat' dir='ltr'><strong>convicia</strong></span> <span class='ocrx_word' id='word_1_572' title='bbox 2339 4709 2585 4764; x_wconf 88' lang='lat' dir='ltr'><strong>attrahit.</strong></span> 
     </span>
    </p>
   </div>
   <div class='ocr_carea' id='block_1_95' title="bbox 444 4803 3636 4878">
    <p class='ocr_par' dir='ltr' id='par_1_95' title="bbox 444 4803 3636 4878">
     <span class='ocr_line' id='line_1_96' title="bbox 444 4803 3636 4878; baseline -0.002 -17"><span class='ocrx_word' id='word_1_573' title='bbox 444 4805 739 4876; x_wconf 80' lang='lat' dir='ltr'><strong>Euripidis.</strong></span> <span class='ocrx_word' id='word_1_574' title='bbox 764 4803 1032 4860; x_wconf 89' lang='lat' dir='ltr'><strong>Nimirum</strong></span> <span class='ocrx_word' id='word_1_575' title='bbox 1063 4805 1115 4858; x_wconf 91' lang='lat' dir='ltr'><strong>in</strong></span> <span class='ocrx_word' id='word_1_576' title='bbox 1141 4806 1394 4861; x_wconf 88' lang='lat' dir='ltr'><strong>onmibus</strong></span> <span class='ocrx_word' id='word_1_577' title='bbox 1417 4806 1737 4863; x_wconf 86' lang='lat' dir='ltr'><strong>hominibus</strong></span> <span class='ocrx_word' id='word_1_578' title='bbox 1765 4807 1978 4863; x_wconf 87' lang='lat' dir='ltr'><strong>habitat</strong></span> <span class='ocrx_word' id='word_1_579' title='bbox 2030 4807 2154 4861; x_wconf 89' lang='lat' dir='ltr'><strong>ira:</strong></span> <span class='ocrx_word' id='word_1_580' title='bbox 2201 4819 2325 4860; x_wconf 89' lang='lat' dir='ltr'><strong>nam</strong></span> <span class='ocrx_word' id='word_1_581' title='bbox 2367 4805 2459 4874; x_wconf 89' lang='lat' dir='ltr'><strong>qui</strong></span> <span class='ocrx_word' id='word_1_582' title='bbox 2507 4804 2752 4874; x_wconf 86' lang='lat' dir='ltr'><strong>jucunda</strong></span> <span class='ocrx_word' id='word_1_583' title='bbox 2809 4804 3066 4869; x_wconf 87' lang='lat' dir='ltr'><strong>audierit,</strong></span> <span class='ocrx_word' id='word_1_584' title='bbox 3107 4804 3384 4878; x_wconf 87' lang='lat' dir='ltr'><strong>voluptate</strong></span> <span class='ocrx_word' id='word_1_585' title='bbox 3438 4814 3636 4871; x_wconf 89' lang='lat' dir='ltr'><strong>corpus</strong></span> 
     </span>
    </p>
   </div>
   <div class='ocr_carea' id='block_1_96' title="bbox 374 4898 2165 4971">
    <p class='ocr_par' dir='ltr' id='par_1_96' title="bbox 374 4898 2165 4971">
     <span class='ocr_line' id='line_1_97' title="bbox 374 4898 2165 4971; baseline -0.002 -14"><span class='ocrx_word' id='word_1_586' title='bbox 374 4899 562 4970; x_wconf 84' lang='lat' dir='ltr'><strong>implet</strong></span> <span class='ocrx_word' id='word_1_587' title='bbox 590 4916 604 4953; x_wconf 92' lang='lat'><strong>:</strong></span> <span class='ocrx_word' id='word_1_588' title='bbox 638 4899 732 4969; x_wconf 88' lang='lat' dir='ltr'><strong>qui</strong></span> <span class='ocrx_word' id='word_1_589' title='bbox 763 4907 944 4954; x_wconf 89' lang='lat' dir='ltr'><strong>autem</strong></span> <span class='ocrx_word' id='word_1_590' title='bbox 982 4898 1256 4952; x_wconf 86' lang='lat' dir='ltr'><strong>contraria</strong></span> <span class='ocrx_word' id='word_1_591' title='bbox 1283 4899 1541 4965; x_wconf 87' lang='lat' dir='ltr'><strong>audierit,</strong></span> <span class='ocrx_word' id='word_1_592' title='bbox 1562 4910 1776 4955; x_wconf 89' lang='lat' dir='ltr'><strong>tumore</strong></span> <span class='ocrx_word' id='word_1_593' title='bbox 1808 4899 2165 4971; x_wconf 78' lang='lat' dir='ltr'><strong>aiﬁcitur(l).</strong></span> 
     </span>
    </p>
   </div>
   <div class='ocr_carea' id='block_1_97' title="bbox 449 4989 1949 5063">
    <p class='ocr_par' dir='ltr' id='par_1_97' title="bbox 449 4989 1949 5063">
     <span class='ocr_line' id='line_1_98' title="bbox 449 4989 1949 5063; baseline -0.001 -17"><span class='ocrx_word' id='word_1_594' title='bbox 449 4991 669 5046; x_wconf 81' lang='grc' dir='ltr'>Πλάτων</span> <span class='ocrx_word' id='word_1_595' title='bbox 697 4990 1051 5061; x_wconf 77' lang='grc' dir='ltr'>ὀργιζόμενός</span> <span class='ocrx_word' id='word_1_596' title='bbox 1082 5005 1212 5042; x_wconf 85' lang='grc' dir='ltr'>ποτε</span> <span class='ocrx_word' id='word_1_597' title='bbox 1243 4990 1321 5058; x_wconf 83' lang='grc' dir='ltr'><strong>τῷ</strong></span> <span class='ocrx_word' id='word_1_598' title='bbox 1354 4989 1562 5063; x_wconf 79' lang='grc' dir='ltr'>οἰκέτῃ,</span> <span class='ocrx_word' id='word_1_599' title='bbox 1620 4993 1949 5056; x_wconf 78' lang='grc' dir='ltr'>ἐπιστάντος</span> 
     </span>
    </p>
   </div>
   <div class='ocr_carea' id='block_1_98' title="bbox 2127 4986 3628 5053">
    <p class='ocr_par' dir='ltr' id='par_1_98' title="bbox 2127 4986 3628 5053">
     <span class='ocr_line' id='line_1_99' title="bbox 2127 4986 3628 5053; baseline -0.001 -11"><span class='ocrx_word' id='word_1_600' title='bbox 2127 4988 2312 5044; x_wconf 84' lang='lat' dir='ltr'><strong>Plato.</strong></span> <span class='ocrx_word' id='word_1_601' title='bbox 2344 4989 2521 5053; x_wconf 89' lang='lat' dir='ltr'><strong>Plato,</strong></span> <span class='ocrx_word' id='word_1_602' title='bbox 2548 5003 2707 5044; x_wconf 88' lang='lat' dir='ltr'><strong>servo</strong></span> <span class='ocrx_word' id='word_1_603' title='bbox 2736 4989 2932 5052; x_wconf 85' lang='lat' dir='ltr'><strong>iratus,</strong></span> <span class='ocrx_word' id='word_1_604' title='bbox 2958 4988 3158 5043; x_wconf 90' lang='lat' dir='ltr'><strong>astanti</strong></span> <span class='ocrx_word' id='word_1_605' title='bbox 3181 4986 3496 5053; x_wconf 82' lang='lat' dir='ltr'><strong>Xenocrati,</strong></span> <span class='ocrx_word' id='word_1_606' title='bbox 3528 4987 3628 5043; x_wconf 79' lang='lat' dir='ltr'><strong>Ac-</strong></span> 
     </span>
    </p>
   </div>
   <div class='ocr_carea' id='block_1_99' title="bbox 373 5077 2036 5156">
    <p class='ocr_par' dir='ltr' id='par_1_99' title="bbox 373 5081 1955 5156">
     <span class='ocr_line' id='line_1_100' title="bbox 373 5081 1955 5156; baseline -0.001 -19"><span class='ocrx_word' id='word_1_607' title='bbox 373 5083 767 5154; x_wconf 87' lang='grc' dir='ltr'>Ξενοκράτους,</span> <span class='ocrx_word' id='word_1_608' title='bbox 802 5082 1020 5147; x_wconf 75' lang='grc' dir='ltr'>Λαϐὼν,</span> <span class='ocrx_word' id='word_1_609' title='bbox 1054 5081 1180 5154; x_wconf 68' lang='grc' dir='ltr'>ἔφη,</span> <span class='ocrx_word' id='word_1_610' title='bbox 1210 5083 1398 5137; x_wconf 85' lang='grc' dir='ltr'>τοῦτον</span> <span class='ocrx_word' id='word_1_611' title='bbox 1437 5083 1781 5153; x_wconf 79' lang='grc' dir='ltr'>μαστίγωσον</span> <span class='ocrx_word' id='word_1_612' title='bbox 1801 5100 1813 5114; x_wconf 84' lang='grc'><em>’</em></span> <span class='ocrx_word' id='word_1_613' title='bbox 1843 5082 1955 5156; x_wconf 84' lang='grc' dir='ltr'>ἐγὼ</span> 
     </span>
    </p>
   </div>
   <div class='ocr_carea' id='block_1_100' title="bbox 2094 5077 3635 5156">
    <p class='ocr_par' dir='ltr' id='par_1_100' title="bbox 2094 5077 3635 5152">
     <span class='ocr_line' id='line_1_101' title="bbox 2094 5077 3635 5152; baseline -0.002 -16"><span class='ocrx_word' id='word_1_614' title='bbox 2094 5082 2194 5152; x_wconf 90' lang='lat' dir='ltr'><strong>ipe,</strong></span> <span class='ocrx_word' id='word_1_615' title='bbox 2230 5080 2501 5152; x_wconf 89' lang='lat' dir='ltr'><strong>iuquit,et</strong></span> <span class='ocrx_word' id='word_1_616' title='bbox 2534 5079 2718 5151; x_wconf 80' lang='lat' dir='ltr'><strong>ﬂagris</strong></span> <span class='ocrx_word' id='word_1_617' title='bbox 2745 5083 2891 5135; x_wconf 90' lang='lat' dir='ltr'><strong>hunc</strong></span> <span class='ocrx_word' id='word_1_618' title='bbox 2918 5080 3112 5135; x_wconf 71' lang='lat' dir='ltr'><strong>caedito</strong></span> <span class='ocrx_word' id='word_1_619' title='bbox 3140 5095 3154 5144; x_wconf 92' lang='lat'><strong>;</strong></span> <span class='ocrx_word' id='word_1_620' title='bbox 3193 5092 3291 5149; x_wconf 82' lang='lat' dir='ltr'><strong>ego</strong></span> <span class='ocrx_word' id='word_1_621' title='bbox 3318 5079 3462 5133; x_wconf 90' lang='lat' dir='ltr'><strong>enim</strong></span> <span class='ocrx_word' id='word_1_622' title='bbox 3497 5077 3635 5134; x_wconf 89' lang='lat' dir='ltr'><strong>iras-</strong></span> 
     </span>
    </p>
   </div>
   <div class='ocr_carea' id='block_1_101' title="bbox 370 5174 816 5245">
    <p class='ocr_par' dir='ltr' id='par_1_101' title="bbox 370 5174 816 5245">
     <span class='ocr_line' id='line_1_102' title="bbox 370 5174 816 5245; baseline 0 -19"><span class='ocrx_word' id='word_1_623' title='bbox 370 5174 482 5245; x_wconf 77' lang='grc' dir='ltr'>γὰρ</span> <span class='ocrx_word' id='word_1_624' title='bbox 506 5175 816 5244; x_wconf 82' lang='grc' dir='ltr'>ὀργίζομαι.</span> 
     </span>
    </p>
   </div>
   <div class='ocr_carea' id='block_1_102' title="bbox 346 5263 1595 5337">
    <p class='ocr_par' dir='ltr' id='par_1_102' title="bbox 346 5263 1595 5337">
     <span class='ocr_line' id='line_1_103' title="bbox 346 5263 1595 5337; baseline 0.003 -20"><span class='ocrx_word' id='word_1_625' title='bbox 346 5284 376 5307; x_wconf 70' lang='grc' dir='ltr'><em>ο</em></span> <span class='ocrx_word' id='word_1_626' title='bbox 476 5264 685 5328; x_wconf 78' lang='grc' dir='ltr'>Κόλαζε</span> <span class='ocrx_word' id='word_1_627' title='bbox 714 5264 933 5335; x_wconf 85' lang='grc' dir='ltr'>κρίνων,</span> <span class='ocrx_word' id='word_1_628' title='bbox 965 5263 1098 5317; x_wconf 85' lang='grc' dir='ltr'><strong>ἀλλά</strong></span> <span class='ocrx_word' id='word_1_629' title='bbox 1125 5266 1200 5337; x_wconf 79' lang='grc' dir='ltr'>μὴ</span> <span class='ocrx_word' id='word_1_630' title='bbox 1228 5266 1595 5337; x_wconf 83' lang='grc' dir='ltr'>θυμούμενος.</span> 
     </span>
    </p>
   </div>
   <div class='ocr_carea' id='block_1_103' title="bbox 491 5354 1806 5431">
    <p class='ocr_par' dir='ltr' id='par_1_103' title="bbox 491 5354 1806 5431">
     <span class='ocr_line' id='line_1_104' title="bbox 491 5354 1806 5431; baseline 0.006 -24"><span class='ocrx_word' id='word_1_631' title='bbox 491 5355 656 5426; x_wconf 85' lang='grc' dir='ltr'>Ἀνὴρ</span> <span class='ocrx_word' id='word_1_632' title='bbox 688 5354 997 5425; x_wconf 84' lang='grc' dir='ltr'>κακοῦργος</span> <span class='ocrx_word' id='word_1_633' title='bbox 1029 5357 1206 5426; x_wconf 77' lang='grc' dir='ltr'>πρᾶον</span> <span class='ocrx_word' id='word_1_634' title='bbox 1240 5357 1575 5413; x_wconf 84' lang='grc' dir='ltr'>ὑπεισελθὼν</span> <span class='ocrx_word' id='word_1_635' title='bbox 1601 5358 1806 5431; x_wconf 76' lang='grc' dir='ltr'>σχῆμα,</span> 
     </span>
    </p>
   </div>
   <div class='ocr_carea' id='block_1_104' title="bbox 482 5530 1779 5607">
    <p class='ocr_par' dir='ltr' id='par_1_104' title="bbox 482 5530 1779 5607">
     <span class='ocr_line' id='line_1_105' title="bbox 482 5530 1779 5607; baseline 0.01 -27"><span class='ocrx_word' id='word_1_636' title='bbox 482 5530 854 5600; x_wconf 83' lang='grc' dir='ltr'>Κεκρυμμένη</span> <span class='ocrx_word' id='word_1_637' title='bbox 886 5530 1173 5599; x_wconf 87' lang='grc' dir='ltr'>πρόκειται</span> <span class='ocrx_word' id='word_1_638' title='bbox 1200 5533 1369 5600; x_wconf 72' lang='grc' dir='ltr'>παγὶς</span> <span class='ocrx_word' id='word_1_639' title='bbox 1400 5535 1512 5597; x_wconf 85' lang='grc' dir='ltr'>τοῖς</span> <span class='ocrx_word' id='word_1_640' title='bbox 1532 5534 1779 5607; x_wconf 88' lang='grc' dir='ltr'>πλησίον.</span> 
     </span>
    </p>
   </div>
   <div class='ocr_carea' id='block_1_105' title="bbox 476 5622 1615 5695">
    <p class='ocr_par' dir='ltr' id='par_1_105' title="bbox 476 5622 1615 5695">
     <span class='ocr_line' id='line_1_106' title="bbox 476 5622 1615 5695; baseline 0.005 -21"><span class='ocrx_word' id='word_1_641' title='bbox 476 5623 587 5675; x_wconf 75' lang='grc' dir='ltr'>Οὐκ</span> <span class='ocrx_word' id='word_1_642' title='bbox 609 5623 753 5675; x_wconf 75' lang='grc' dir='ltr'>ἔστιν</span> <span class='ocrx_word' id='word_1_643' title='bbox 781 5622 972 5693; x_wconf 73' lang='grc' dir='ltr'>ὀργῆς,</span> <span class='ocrx_word' id='word_1_644' title='bbox 997 5622 1071 5685; x_wconf 86' lang='grc' dir='ltr'>ὡς</span> <span class='ocrx_word' id='word_1_645' title='bbox 1098 5622 1292 5689; x_wconf 77' lang='grc' dir='ltr'>ἔοικεν,</span> <span class='ocrx_word' id='word_1_646' title='bbox 1325 5626 1615 5695; x_wconf 81' lang='grc' dir='ltr'>φάρμακον</span> 
     </span>
    </p>
   </div>
   <div class='ocr_carea' id='block_1_106' title="bbox 441 5800 1380 5869">
    <p class='ocr_par' dir='ltr' id='par_1_106' title="bbox 441 5800 1380 5869">
     <span class='ocr_line' id='line_1_107' title="bbox 441 5800 1380 5869; baseline 0.012 -17"><span class='ocrx_word' id='word_1_647' title='bbox 441 5800 518 5869; x_wconf 81' lang='grc'><strong>(1)</strong></span> <span class='ocrx_word' id='word_1_648' title='bbox 551 5800 726 5857; x_wconf 90' lang='lat' dir='ltr'><strong>Locus</strong></span> <span class='ocrx_word' id='word_1_649' title='bbox 762 5806 860 5861; x_wconf 89' lang='lat' dir='ltr'><strong>iste</strong></span> <span class='ocrx_word' id='word_1_650' title='bbox 903 5803 1051 5859; x_wconf 86' lang='lat' dir='ltr'><strong>deest</strong></span> <span class='ocrx_word' id='word_1_651' title='bbox 1081 5807 1133 5860; x_wconf 88' lang='lat' dir='ltr'><strong>in</strong></span> <span class='ocrx_word' id='word_1_652' title='bbox 1173 5806 1380 5864; x_wconf 72' lang='lat' dir='ltr'><strong>Graeco.</strong></span> 
     </span>
    </p>
   </div>
   <div class='ocr_carea' id='block_1_107' title="bbox 2057 5189 2175 5229">
    <p class='ocr_par' dir='ltr' id='par_1_107' title="bbox 2057 5189 2175 5229">
     <span class='ocr_line' id='line_1_108' title="bbox 2057 5189 2175 5229; baseline 0 -1"><span class='ocrx_word' id='word_1_653' title='bbox 2057 5189 2175 5229; x_wconf 71' lang='grc' dir='ltr'>εον.</span> 
     </span>
    </p>
   </div>
   <div class='ocr_carea' id='block_1_108' title="bbox 2121 5259 3483 5334">
    <p class='ocr_par' dir='ltr' id='par_1_108' title="bbox 2121 5259 3483 5334">
     <span class='ocr_line' id='line_1_109' title="bbox 2121 5259 3483 5334; baseline -0.006 -15"><span class='ocrx_word' id='word_1_654' title='bbox 2121 5265 2425 5319; x_wconf 79' lang='lat' dir='ltr'><strong>Democriti.</strong></span> <span class='ocrx_word' id='word_1_655' title='bbox 2451 5263 2669 5334; x_wconf 80' lang='lat' dir='ltr'><strong>Castiga</strong></span> <span class='ocrx_word' id='word_1_656' title='bbox 2695 5262 2926 5332; x_wconf 84' lang='lat' dir='ltr'><strong>judicio,</strong></span> <span class='ocrx_word' id='word_1_657' title='bbox 2959 5276 3067 5316; x_wconf 90' lang='lat' dir='ltr'><strong>non</strong></span> <span class='ocrx_word' id='word_1_658' title='bbox 3100 5262 3178 5315; x_wconf 89' lang='lat' dir='ltr'><strong>ira</strong></span> <span class='ocrx_word' id='word_1_659' title='bbox 3216 5259 3483 5314; x_wconf 87' lang='lat' dir='ltr'><strong>adhibita.</strong></span> 
     </span>
    </p>
   </div>
   <div class='ocr_carea' id='block_1_109' title="bbox 2123 5351 3632 5426">
    <p class='ocr_par' dir='ltr' id='par_1_109' title="bbox 2123 5351 3632 5426">
     <span class='ocr_line' id='line_1_110' title="bbox 2123 5351 3632 5426; baseline -0.004 -15"><span class='ocrx_word' id='word_1_660' title='bbox 2123 5355 2218 5412; x_wconf 74' lang='lat' dir='ltr'><strong>Vir</strong></span> <span class='ocrx_word' id='word_1_661' title='bbox 2243 5355 2527 5426; x_wconf 87' lang='lat' dir='ltr'><strong>improbus</strong></span> <span class='ocrx_word' id='word_1_662' title='bbox 2543 5362 2599 5410; x_wconf 91' lang='lat' dir='ltr'><strong>et</strong></span> <span class='ocrx_word' id='word_1_663' title='bbox 2618 5361 2892 5409; x_wconf 87' lang='lat' dir='ltr'><strong>veterator</strong></span> <span class='ocrx_word' id='word_1_664' title='bbox 2913 5352 3214 5409; x_wconf 71' lang='lat' dir='ltr'><strong>clementia:</strong></span> <span class='ocrx_word' id='word_1_665' title='bbox 3230 5351 3501 5422; x_wconf 81' lang='lat' dir='ltr'><strong>obrepens</strong></span> <span class='ocrx_word' id='word_1_666' title='bbox 3532 5351 3632 5405; x_wconf 88' lang='lat' dir='ltr'><strong>ha-</strong></span> 
     </span>
    </p>
   </div>
   <div class='ocr_carea' id='block_1_110' title="bbox 3393 5445 3555 5518">
    <p class='ocr_par' dir='ltr' id='par_1_110' title="bbox 3393 5445 3555 5518">
     <span class='ocr_line' id='line_1_111' title="bbox 3393 5445 3555 5518; baseline -0.012 -17"><span class='ocrx_word' id='word_1_667' title='bbox 3393 5445 3555 5518; x_wconf 73' lang='lat' dir='ltr'><strong>[bitt],</strong></span> 
     </span>
    </p>
   </div>
   <div class='ocr_carea' id='block_1_111' title="bbox 2118 5537 3529 5610">
    <p class='ocr_par' dir='ltr' id='par_1_111' title="bbox 2118 5537 3529 5610">
     <span class='ocr_line' id='line_1_112' title="bbox 2118 5537 3529 5610; baseline -0.001 -16"><span class='ocrx_word' id='word_1_668' title='bbox 2118 5538 2395 5595; x_wconf 79' lang='lat' dir='ltr'><strong>Proximis</strong></span> <span class='ocrx_word' id='word_1_669' title='bbox 2427 5538 2585 5609; x_wconf 90' lang='lat' dir='ltr'><strong>quasi</strong></span> <span class='ocrx_word' id='word_1_670' title='bbox 2615 5537 2842 5608; x_wconf 89' lang='lat' dir='ltr'><strong>laqueus</strong></span> <span class='ocrx_word' id='word_1_671' title='bbox 2869 5538 3120 5597; x_wconf 90' lang='lat' dir='ltr'><strong>occultus</strong></span> <span class='ocrx_word' id='word_1_672' title='bbox 3152 5539 3529 5610; x_wconf 71' lang='lat' dir='ltr'><strong>prmtenditur.</strong></span> 
     </span>
    </p>
   </div>
   <div class='ocr_carea' id='block_1_112' title="bbox 2116 5629 3266 5698">
    <p class='ocr_par' dir='ltr' id='par_1_112' title="bbox 2116 5629 3266 5698">
     <span class='ocr_line' id='line_1_113' title="bbox 2116 5629 3266 5698; baseline 0 -13"><span class='ocrx_word' id='word_1_673' title='bbox 2116 5630 2332 5687; x_wconf 88' lang='lat' dir='ltr'><strong>Nullum</strong></span> <span class='ocrx_word' id='word_1_674' title='bbox 2364 5638 2469 5698; x_wconf 88' lang='lat' dir='ltr'><strong>est,</strong></span> <span class='ocrx_word' id='word_1_675' title='bbox 2501 5638 2561 5687; x_wconf 89' lang='lat' dir='ltr'><strong>ut</strong></span> <span class='ocrx_word' id='word_1_676' title='bbox 2587 5629 2823 5695; x_wconf 87' lang='lat' dir='ltr'><strong>videtur,</strong></span> <span class='ocrx_word' id='word_1_677' title='bbox 2853 5631 2944 5687; x_wconf 81' lang='lat' dir='ltr'><strong>irae</strong></span> <span class='ocrx_word' id='word_1_678' title='bbox 2966 5632 3266 5688; x_wconf 82' lang='lat' dir='ltr'><strong>remedium</strong></span> 
     </span>
    </p>
   </div>
  </div>
