4056 6432
346 410 382 471 'l
426 409 495 472 33
1582 414 1907 476 ANTONII
1943 417 1948 475 ἶ

2060 418 2291 481 LISSAE
2888 370 2905 391 ι
3512 424 3654 492 HEC

426 525 608 590 Aliud,
643 526 746 580 nisi
789 537 911 598 apta
949 526 1108 582 amici
1152 527 1349 583 oratiu.
1979 553 2026 608 Α

1979 553 2026 608 Α
2162 533 2317 585 ’Δλλ’
2357 533 2388 605 ἢ
2427 534 2585 602 λόγος
2620 536 2910 597 σπουδαῖος
2936 537 3227 609 ἀνθρώπου
3262 541 3440 609 φίλου.

429 619 544 674 Etsi
575 621 928 674 vehementer
956 621 1164 686 doleas,
1198 622 1333 675 nihil
1384 621 1636 676 irritatus
1671 628 1875 677 temere

1782 636 1875 677 ere
2161 628 2223 680 ΕΞ
2255 629 2348 681 καὶ
2374 628 2559 699 σφόδρ’
2579 630 2786 696 ἀλγεῖς,
2821 632 2988 699 μηδὲν
3017 631 3383 702 ἢρεθισμένος

428 712 609 781 Agas:
643 710 777 766 iram
806 711 951 768 enim
985 714 1223 782 vincere,
1258 727 1378 785 qua:
1408 713 1744 769 alienissima
1781 716 1950 770 ratio-

2161 718 2379 788 Πράξῃς
2411 720 2721 790 προπετῶς.
2781 720 2984 791 Ὀργῆς
3029 724 3137 792 γὰρ
3189 723 3477 790 ἀλογίστου
3513 742 3644 794 κραέ

1623 806 1737 879 [nis
1768 816 1877 876 est,

3413 815 3552 887 [τεῖν

435 897 489 952 lu
522 900 1030 970 perturbationibus
1059 901 1297 955 maxime
1326 900 1625 970 sapientem
1649 902 1827 955 decet.

2174 902 2264 958 Ἐν
2291 905 2412 969 ταῖς
2436 907 2707 976 ταραχαῖς
2738 904 2979 977 μάλιστα
2999 910 3089 962 τὸν
3113 908 3419 979 φρονοῦντα
3450 910 3551 963 δεῖ.

1464 995 1483 1065 (
1492 993 1814 1063 Menandri.)

438 1083 771 1158 T/zroguidis.
805 1088 959 1143 llaul
990 1087 1138 1152 licet,
1190 1084 1293 1153 ira,
1341 1087 1439 1140 tibi
1486 1087 1791 1141 concedere
1822 1100 1957 1141 con-

2129 1085 2205 1139 Οὗ
2229 1068 2464 1156 δύναμαί
2488 1100 2594 1151 σοι,
2626 1085 2787 1157 θυμὲ,
2819 1089 3123 1158 παρασχεῖν
3153 1088 3366 1158 ἄρμενα
3394 1089 3600 1143 πάντα.

364 1192 496 1246 grua
529 1188 747 1233 cuncta.

435 1269 516 1323 Ab
542 1270 609 1323 iis
636 1270 727 1340 qui
773 1271 1038 1341 injuriam
1098 1268 1350 1333 fecerint,
1396 1267 1488 1336 ius
1540 1274 1636 1320 aut
1688 1264 1958 1320 rationem

2130 1266 2274 1327 Τοὺς
2322 1267 2690 1338 ἀδικήζαντας
2726 1267 2799 1335 μὴ
2839 1268 3045 1336 πρᾶττε
3093 1269 3270 1331 δίκας.
3303 1269 3497 1339 Ἀρκεῖ
3543 1268 3664 1339 γὰρ

366 1360 491 1417 facti
520 1379 582 1416 ne
602 1364 842 1435 exigito;
867 1367 1001 1420 satis
1025 1373 1110 1419 est
1144 1362 1290 1419 enim
1316 1363 1438 1417 illos
1457 1376 1557 1416 suo
1585 1360 1759 1429 premi
1791 1358 1956 1414 malo.

1793 1358 1956 1414 malo.
2063 1359 2248 1419 αὐτοῖς
2284 1359 2388 1411 ὑπὸ
2432 1359 2532 1427 τῆς
2564 1356 2697 1419 ἰδίας
2730 1359 3123 1412 ταπεινοῦσθαι
3173 1359 3395 1422 κακίας.

438 1454 647 1525 Impius
677 1457 883 1525 estqui
919 1471 1027 1511 non
1074 1464 1360 1512 reveretur
1407 1453 1735 1508 honoratum
1758 1449 1961 1514 virum,

2134 1450 2371 1519 Ἀσεϐὴς
2429 1450 2487 1515 ὃς
2538 1452 2639 1506 οὐκ
2685 1450 3001 1524 ὲπῃτχὺνθη
3056 1453 3351 1523 πρόσωπον
3406 1455 3664 1525 ἐντίμου,

370 1560 467 1600 nec
495 1547 728 1600 attendit
760 1547 917 1617 201
951 1556 1010 1600 ut
1043 1546 1305 1602 honorem
1341 1545 1419 1600 illi
1456 1545 1675 1600 habeat.

1368 1545 1419 1600 Ili
1456 1545 1675 1600 habeat.
2065 1543 2184 1597 οὐδὲ
2218 1541 2326 1597 οἶδε
2354 1545 2520 1615 τιμὴν
2553 1544 2741 1598 θέσθαι
2776 1546 2970 1615 τούτῳ.

439 1638 862 1693 Iunnolcratum
920 1651 976 1695 et
1036 1636 1363 1709 inexplebile
1422 1638 1594 1693 otium
1637 1645 1734 1693 aut
1783 1638 1969 1694 stulti-

2141 1637 2479 1708 Ἀμέτρητος
2523 1632 2659 1693 οὖσα
2704 1639 2798 1693 καὶ
2852 1640 3151 1709 ἀκόρεστος
3194 1639 3228 1709 ἡ
3278 1639 3449 1710 ἀργία
3478 1639 3513 1710 ἢ
3549 1658 3666 1710 μω-

346 1731 525 1794 =-tiam,
556 1740 648 1785 aut
675 1732 944 1800 insignem
987 1734 1390 1804 improbitatem
1419 1742 1696 1803 procreat.

1632 1742 1696 1788 at.
2072 1732 2195 1803 ρίαν
2233 1731 2635 1800 ἀπεργάζεται,
2668 1731 2702 1800 ἢ
2736 1730 2915 1801 κακὴν
2947 1730 3234 1801 πονηρίαν.

449 1822 719 1893 Leucippi.
758 1828 918 1880 Dolor
968 1842 1065 1896 per
1115 1836 1303 1895 pectus
1355 1825 1591 1882 diﬂusus
1641 1829 1840 1881 animae
1886 1823 1970 1881 ΐο-

2160 1821 2226 1877 Ἥ
2258 1823 2404 1895 λύπη
2449 1823 2583 1894 περὶ
2612 1822 2679 1876 τὰ
2726 1823 2925 1893 στέρνα
2959 1822 3322 1895 διανεμομὲνη
3357 1823 3670 1893 κατατήκει

376 1919 561 1971 mitem
637 1918 863 1987 liquat:
931 1919 1009 1972 ira
1080 1926 1285 1985 autem,
1328 1934 1426 1973 cor
1496 1917 1951 1984 circumlatrans,

2064 1912 2154 1983 τῆς
2178 1915 2357 1984 ψυχῆς
2384 1914 2442 1969 τὸ
2474 1915 2785 1984 ζωπ·)ροῦν.
2827 1917 2891 1969 'll
2917 1917 2971 1969 δὲ
2996 1917 3162 1987 ὀργὴ,
3202 1918 3666 1987 περιυλακτοῦσα

348 2007 577 2063 ἐίυνοιοίε
607 2024 799 2080 spuma
836 1997 1113 2065 rationem
1135 2010 1291 2081 quasi
1338 2009 1501 2067 undis
1536 2010 1745 2066 obruit.

2070 2008 2166 2075 τὴν
2210 2006 2463 2077 καρδίαν,
2499 2007 2783 2074 ἐπικλύζει
2810 2008 2901 2062 τὸν
2928 2009 3190 2081 λογισμὸν
3217 2008 3295 2081 τῷ
3319 2012 3420 2081 τῆς
3463 2011 3672 2081 μανίας

2066 2097 2252 2171 ﬁrmi»

831 2190 1068 2249 sermo
1097 2189 1209 2247 LIV
1241 2191 1341 2265 [αι.
1376 2188 1539 2265 vm].

1455 2191 1539 2265 tl].
2673 2193 2894 2249 aoroz
2933 2194 3057 2252 NA'.

553 2285 632 2342 De
679 2287 1019 2356 simplicitate
1051 2297 1101 2343 et
1135 2288 1459 2357 injuriarum
1492 2286 1772 2341 memoria.

1763 2324 1772 2338 .
2354 2287 2494 2355 Περί
2530 2288 2786 2354 ἁκακίας
2810 2288 2907 2342 καί
2927 2293 3365 2360 μνησικακίας.

450 2378 627 2436 Marc.
657 2397 708 2437 x.
744 2382 946 2449 Amen,
985 2397 1144 2436 amen
1197 2380 1323 2435 dico
1366 2380 1542 2446 vobis,
1573 2379 1678 2434 nisi
1709 2375 1965 2433 conversi

2155 2378 2353 2451 ⁹Λμὴν,
2401 2381 2550 2450 ἀμὴν
2580 2381 2725 2449 λέγω
2772 2383 2924 2452 ὑμῖν,
2954 2383 3052 2438 ἐὰν
3090 2384 3168 2453 μὴ
3209 2385 3508 2455 στραφῆτε,
3562 2384 3670 2437 καὶ

358 2472 610 2540 "fueritis,
643 2483 699 2528 et
750 2474 895 2530 tiatis
930 2473 1090 2546 quasi
1127 2471 1303 2543 pueri,
1335 2486 1442 2527 non
1480 2470 1757 2526 lntrabitis
1790 2472 1843 2525 in
1879 2485 1960 2524 re-

2072 2473 2302 2544 γένησθε
2337 2473 2411 2536 ὡς
2435 2473 2505 2527 τὰ
2539 2474 2748 2541 παιδία,
2799 2475 2862 2528 οὐ
2896 2474 2974 2546 μὴ
3010 2475 3290 2545 εἰσέλθητε
3317 2478 3401 2540 εἰς
3434 2477 3537 2547 τὴν
3566 2476 3674 2546 βα·-

374 2580 547 2635 guum
578 2567 874 2622 caiorum.

2073 2566 2281 2619 σιλείαν
2317 2566 2426 2620 τῶν
2451 2566 2723 2636 οὐρανῶν.

450 2652 652 2713 Matth.
704 2672 799 2713 ιχ.
838 2652 895 2711 Si
953 2668 1155 2710 munus
1204 2662 1367 2708 tuum
1400 2650 1667 2709 obtuleris
1692 2654 1759 2706 ad
1790 2668 1966 2720 aram,

2159 2658 2283 2711 Ἐὰν
2320 2658 2696 2729 προσενέγκῃς
2725 2657 2786 2710 τὸ
2813 2658 2986 2730 δῶρόν
3024 2675 3119 2712 σου
3149 2659 3230 2722 εἰς
3274 2658 3334 2712 τὸ
3365 2658 3678 2732 θυσιαστή-

376 2748 567 2817 ibique
604 2747 933 2805 recordatus
967 2748 1142 2803 fueris
1187 2744 1419 2801 fratrem
1446 2755 1600 2801 tuum
1636 2745 1842 2818 aliquid
1866 2749 1970 2802 ad-

2078 2769 2212 2823 ptw,
2245 2752 2406 2805 κάκεῖ
2439 2751 2687 2822 μνησθῇς
2708 2752 2790 2806 ὅτι
2815 2750 2933 2820 ἔχει
2967 2769 3021 2806 τι
3064 2753 3092 2803 ὁ
3124 2752 3354 2821 ἀδελφός
3389 2770 3483 2807 σου
3517 2758 3678 2808 κατὰ

368 2854 572 2896 versus
601 2849 653 2896 te
700 2840 935 2908 habere,
986 2839 1180 2896 relicto
1233 2852 1464 2894 munere
1526 2839 1675 2894 adito
1730 2841 1968 2909 primum

2081 2842 2194 2909 σοῦ,
2231 2842 2365 2911 ἄφες
2386 2843 2447 2896 τὸ
2480 2842 2653 2914 δῶρόν
2680 2860 2796 2909 σου,
2825 2840 3029 2911 ὕπαγε,
3091 2845 3309 2914 πρῶτον
3341 2845 3683 2919 διαλλάγηρι

379 2934 604 2988 fratrem
642 2974 656 3000 ,
689 2948 928 3005 eumque
963 2933 1064 2989 tibi
1097 2933 1455 2989 reconciliato
1480 2970 1498 3000 ,
1550 2932 1753 2990 deinde
1791 2934 1971 2990 redito

2072 2934 2152 3007 τῷ
2173 2935 2388 3007 ἀδελφῷ
2424 2953 2541 3000 σου,
2569 2935 2665 2990 καὶ
2694 2938 2814 2990 τότε
2837 2936 3157 3008 προσφέρῃς
3182 2937 3241 2990 τὸ
3267 2936 3443 3008 δῶρόν
3474 2955 3598 2994 σου.

378 3028 448 3083 ad
488 3026 823 3083 oblationem
859 3026 1108 3082 muneris
1137 3025 1239 3081 tui.

452 3119 481 3173 Ι
517 3118 699 3175 Thess.
733 3134 786 3174 ν.
821 3118 1014 3175 Videte
1054 3132 1122 3173 ne
1150 3117 1275 3186 quis
1307 3118 1513 3173 malum
1543 3133 1643 3189 pro
1672 3119 1815 3175 malo
1852 3119 1974 3175 τεὰς

2162 3113 2354 3181 ὐρᾶτε
2409 3115 2485 3185 μή
2543 3130 2628 3178 τις
2675 3113 2846 3168 κακὸν
2893 3113 3014 3167 ἀντὶ
3056 3112 3230 3169 κακοῦ
3277 3113 3462 3185 ἀποδῷ
3518 3131 3673 3169 τινι·

384 3214 472 3268 dat
493 3214 750 3284 cuiquam
785 3230 801 3269 :
849 3214 947 3270 sed
981 3228 1202 3285 semper
1228 3212 1379 3285 quod
1410 3213 1619 3269 bonum
1651 3222 1736 3269 est
1773 3228 1970 3283 perse-

1492 3227 1619 3267 num
1651 3222 1736 3269 est
1773 3216 2050 3330 [δείσειε-Ὀ
2078 3206 2216 3260 ἀλλὰ
2251 3208 2485 3261 πάντοτε
2521 3209 2579 3261 τὸ
2610 3208 2671 3277 ἀγ
2685 3207 2814 3260 αθδν
2844 3207 3094 3265 διώκετε.

384 3306 657 3376 quamini.

454 3394 551 3451 Sol
582 3412 651 3453 ne
681 3396 898 3452 occidat
924 3411 1093 3468 super
1121 3393 1462 3451 iracundiam
1494 3404 1760 3452 vestram.

2164 3395 2223 3447 ὐ
2254 3393 2404 3463 ἥλιος
2449 3390 2523 3463 μὴ
2555 3392 2820 3445 ἐπιδυέτω
2851 3390 2943 3443 ὲπὶ
2970 3390 3049 3460 τῷ
3082 3393 3451 3462 παροργισμῷ
3486 3393 3676 3462 ὑμῶν.

446 3486 509 3541 Si
542 3485 632 3541 alii
664 3486 805 3541 alios
837 3486 1102 3541 mordetis
1124 3494 1182 3541 et
1201 3483 1504 3552 devoratis,
1541 3485 1726 3543 videte
1757 3503 1823 3543 ne
1848 3503 1976 3542 mu-

2154 3486 2217 3540 El
2243 3485 2510 3555 ἀλλήλους
2539 3484 2765 3539 δάκνετε
2806 3484 2900 3537 καὶ
2931 3483 3271 3553 κατεσθίετε,
3310 3485 3542 3555 βλέπετε
3595 3488 3679 3559 μὴ

386 3590 480 3633 tuo
506 3564 925 3635 coniiciamini.

2084 3578 2176 3631 ὑπ’
2207 3578 2451 3647 ἀλλήλων
2478 3577 2819 3646 ἀναλωθῆτε.
3260 3582 3280 3606 ⁸

455 3668 618 3727 Prov.
655 3686 803 3726 XXIV.
839 3669 895 3726 Si
933 3672 1195 3728 ceciderit
1243 3672 1511 3730 inimicus
1549 3682 1699 3741 tuus,
1737 3691 1803 3729 ne
1837 3675 1980 3730 illius

2161 3666 2290 3722 Ἐὰν
2316 3669 2480 3740 πέσῃ,
2504 3670 2532 3723 ὁ
2576 3669 2771 3740 ἐχθρός
2801 3687 2919 3736 σου,
2958 3670 3034 3741 μὴ
3067 3672 3334 3743 ἐπιχειρῇς
3380 3673 3553 3741 αὐτῷ,
3618 3676 3684 3727 ἓν

389 3764 535 3819 malo
586 3763 812 3829 laeteris,
849 3779 951 3820 nec
997 3780 1130 3821 casu
1171 3765 1319 3821 illius
1367 3766 1600 3822 tollare:
1636 3767 1763 3836 quia
1796 3768 1983 3822 Domi-

2083 3760 2140 3814 δὲ
2167 3759 2245 3832 τῷ
2268 3761 2701 3831 ὑποσκελίσματι
2733 3762 2899 3817 αὑτοῦ
2948 3763 3030 3833 μὴ
3055 3764 3288 3835 ὲπαίρου
3313 3782 3325 3795 '
3358 3765 3440 3819 ὅτι
3477 3766 3681 3834 ὄψεται

390 3873 493 3914 nus
524 3857 849 3928 intuebitur,
887 3873 987 3914 nec
1018 3859 1258 3929 placebit
1287 3859 1417 3930 ipsi,
1449 3874 1516 3916 ac
1551 3860 1688 3914 iram
1726 3875 1884 3916 suam
1912 3861 1982 3916 ab

2086 3852 2313 3925 Κύριος,
2349 3854 2445 3907 καὶ
2471 3854 2573 3906 οὐκ
2621 3854 2813 3924 ἀρέσει
2863 3854 3038 3927 αὐτῷ,
3093 3859 3188 3910 καὶ
3216 3856 3555 3928 ἀποστρέψει
3582 3859 3682 3911 τὶν

391 3950 482 4005 illo
512 3958 740 4005 avertet.

2086 3944 2261 4017 θυμὸν
2295 3945 2463 3999 αὑτοῦ
2496 3946 2591 4000 ἀπ’
2622 3946 2806 4001 αὑτοῦ.

463 4042 579 4099 Viae
622 4058 815 4100 eorum
875 4043 974 4113 qui
1029 4043 1362 4115 iniuriarum
1414 4054 1547 4102 sunt
1590 4061 1887 4115 memores,
1915 4050 1984 4105 ad

1502 4054 1547 4100 ιι
1590 4061 1887 4115 memores,
1915 4050 1984 4105 ad
2168 4036 2313 4094 ’0δοί
2347 4041 2706 4110 μνησικάκων
2739 4041 2820 4104 εἰς
2849 4040 3104 4100 θάνατον.

393 4150 625 4194 mortem
661 4137 865 4194 ferunt.

465 4229 802 4299 Iniuriarum
825 4245 1039 4287 memor
1062 4232 1220 4289 exlex
1242 4242 1347 4290 est.

2168 4221 2230 4274 Ὀ
2267 4221 2626 4291 μνησικακῶν
2657 4221 2999 4291 παράνομος.

466 4321 643 4381 Eccli.
705 4339 900 4380 xxvm.
940 4324 1208 4381 Condona
1263 4327 1521 4400 injuriam
1577 4327 1828 4397 proximo
1870 4306 1986 4393 tuo,

2166 4313 2230 4367 Ἀ
2240 4330 2337 4382 cpe;
2362 4313 2605 4384 ἀδίκημα
2625 4312 2705 4383 τῷ
2724 4314 2953 4404 πλησίον
2976 4332 3093 4380 σου,
3119 4315 3215 4370 καὶ
3235 4317 3375 4387 τότε,
3387 4318 3689 4390 ’δεηθέντος

396 4427 449 4473 et
481 4425 617 4484 tum,
650 4425 703 4474 te
732 4426 1013 4489 precante,
1056 4428 1281 4490 peccata
1314 4428 1403 4475 tua
1433 4420 1830 4477 dissolventur.

1502 4420 1830 4477 Βεοινθηιιηι,
2093 4422 2212 4469 σου,
2245 4407 2302 4459 αἰ
2335 4400 2606 4476 ἁμαρτίαι
2640 4400 2743 4460 σου
2759 4405 3104 4477 λυθήσονται.

465 4511 521 4567 S.
563 4512 777 4568 Basilii.
828 4511 948 4569 Non
998 4514 1156 4570 decet
1203 4524 1265 4571 ιιι
1289 4531 1461 4585 super
1487 4515 1772 4570 iracundia
1803 4514 1993 4571 fratris

2163 4499 2240 4553 Οὐ
2272 4498 2356 4552 δεῖ
2374 4498 2475 4575 ,ἐπὶ
2506 4499 2878 4569 παροργισμῷ
2925 4500 3158 4570 ἀδελφοῦ
3192 4502 3351 4557 δῦναι
3380 4506 3471 4558 τὸν
3501 4506 3686 4578 ἥλιον·

399 4607 473 4660 sol
501 4608 749 4674 occidat;
778 4623 847 4662 ne
869 4607 1090 4679 quando
1124 4624 1230 4663 nox
1264 4608 1584 4664 traducatur
1606 4607 1751 4661 inter
1785 4614 1994 4661 utrum-

2103 4592 2177 4661 μή
2214 4607 2346 4645 ποτε
2374 4572 2416 4661 γὴ
2444 4590 2542 4655 νὺξ
2577 4596 2914 4663 μεταστήσει
2953 4593 3159 4663 μεταξὺ
3202 4572 3556 4668 ἀμφοτέρων,
3590 4602 3692 4654 καὶ

400 4715 526 4768 que.
560 4710 612 4754 ct
641 4701 918 4770 relinquat
942 4702 993 4755 in
1020 4700 1111 4755 die
1136 4698 1741 4770 judicii‘inexcusabile
1761 4699 1992 4753 crimen.

2102 4685 2376 4754 καταλίπῃ
2412 4686 2470 4736 ὲν
2519 4685 2704 4756 ἡμέρᾳ
2751 4686 2988 4755 κρίσεως
3021 4686 3277 4758 ἔγκλημα
3307 4689 3696 4761 ἀπαραίτησιν

2100 4775 2554 4851 [ἀπαραίτητονῖ.

476 4886 767 4957 Improbus
791 4885 1051 4941 facillime
1074 4887 1407 4942 condemnat
1439 4888 1668 4953 bonum,
1694 4886 1875 4942 bonus
1901 4902 1997 4941 au-

2183 4871 2243 4923 '0
2274 4873 2374 4941 μὲν
2399 4871 2505 4942 γὰρ
2556 4872 2728 4936 κακὸς
2761 4871 2993 4943 τάχιστα
3023 4871 3090 4925 ἂν
3138 4875 3442 4946 καταγνοίη
3473 4878 3571 4931 καὶ
3593 4879 3696 4932 τοῦ

407 4992 510 5038 tem
544 4996 612 5035 ne
643 4980 953 5051 improbum
985 4979 1203 5048 quidem
1239 4980 1417 5035 facile.

2101 4962 2332 5030 ἀγαθοῦ,
2365 4964 2394 5016 ὁ
2420 4960 2623 5030 ἀγαθὸς
2655 4962 2713 5014 δὲ
2737 4960 2863 5014 οὐδὲ
2892 4960 2989 5014 τοῦ
3018 4961 3192 5015 κακοῦ
3220 4962 3444 5033 ῥᾳδίως.

475 5072 647 5127 Nemo
677 5072 883 5126 malum
914 5073 1059 5126 malo
1085 5083 1264 5137 sariat,
1290 5072 1387 5127 sed
1429 5072 1575 5128 bono
1606 5071 1834 5128 malum.

2172 5059 2365 5123 Οὖδείς
2395 5057 2549 5129 κακῷ
2598 5058 2770 5112 κακὸν
2824 5058 2994 5121 ἰᾶται,
3029 5057 3149 5110 ἀλλ’
3180 5057 3374 5127 ἀγαθῷ
3406 5058 3470 5113 τὸ
3496 5060 3698 5115 κακόν.

475 5167 617 5223 Cum
657 5163 918 5220 inimicus
981 5174 1109 5219 tuus
1166 5164 1423 5220 inciderit
1479 5165 1536 5218 in
1604 5179 1802 5221 manus
1857 5174 2001 5229 tuas,

2175 5150 2347 5205 Ὅταν
2384 5149 2501 5222 ῐδῃς
2532 5150 2628 5203 τὸν
2672 5149 2867 5220 ἐχθρὸν
2910 5149 3225 5217 ἐμπεσόντα
3268 5151 3349 5214 εἰς
3375 5153 3475 5215 τὰς
3500 5156 3700 5223 χεῖρας

414 5279 517 5319 non
559 5262 815 5317 vindicta:
841 5298 855 5323 ,
916 5262 1011 5317 sed
1074 5260 1275 5315 salutis
1340 5257 1688 5314 occasionem
1724 5272 1847 5314 esse
1875 5273 1999 5313 crc—

2101 5246 2201 5310 τᾶς
2237 5246 2357 5312 σὰς,
2392 5245 2466 5316 μὴ
2509 5243 2699 5314 νόμιζε
2729 5247 3024 5313 τιμωρίας,
3053 5242 3187 5295 ἀλλὰ
3241 5245 3521 5316 σωτηρίας
3551 5249 3702 5299 ἐκεῖ-

416 5359 464 5411 di
477 5368 549 5411 to.
1755 5392 1761 5397 .

1755 5392 1761 5397 .
2104 5357 2194 5394 νον
2224 5335 2364 5394 εἶναι
2391 5339 2483 5393 τὸν
2509 5340 2720 5408 καιρόν.

481 5448 618 5503 Cum
658 5458 836 5503 mente
871 5445 1185 5501 volutamus
1212 5458 1331 5512 quae
1359 5457 1389 5497 a
1413 5441 1697 5499 conservis
1727 5440 1875 5509 passi
1904 5456 1999 5493 su-

2180 5433 2353 5488 Ὅταν
2383 5434 2732 5502 ἐννοήσωμεν
2761 5429 2906 5501 ἆπερ
2937 5429 3215 5498 ἐπάθομεν
3249 5429 3401 5499 παρὰ
3426 5428 3532 5481 τῶν
3567 5445 3700 5481 συν-

419 5557 562 5604 mus,
594 5540 900 5610 cogitemus
915 5536 1081 5593 etiam
1110 5534 1577 5606 quemadmodum
1609 5533 1713 5603 ipsi
1747 5547 1846 5587 nos
1877 5545 2006 5601 erga

2107 5528 2332 5595 δούλων,
2387 5524 2737 5595 λογισώμεθα
2774 5524 2871 5577 καὶ
2925 5522 3072 5592 ἅπερ
3122 5521 3469 5592 ἐποιήσαμεν
3496 5523 3577 5585 εἰς
3603 5521 3702 5575 τὸν

423 5632 716 5687 Dominum
757 5633 1092 5701 gesserimus
1117 5668 1132 5691 ,
1170 5642 1236 5682 ac
1288 5635 1607 5681 nostrorum
1645 5632 2002 5694 peccatorum

2110 5622 2411 5690 Δεσπότην,
2441 5619 2536 5674 καὶ
2584 5617 2660 5689 τῷ
2693 5618 2844 5687 φόόῳ
2869 5617 2979 5671 τῶν
3020 5615 3240 5670 οἰκείων
3273 5614 3705 5685 ἁμαρτημάτων

424 5736 573 5781 metu
605 5724 851 5796 impulsi,
888 5725 1025 5777 iram
1069 5737 1135 5776 ex
1190 5718 1386 5775 alienis
1419 5716 1659 5788 peccatis
1693 5723 2003 5786 susceptam

2110 5717 2203 5769 τὸν
2230 5714 2401 5783 θυμὸν
2429 5712 2521 5766 τὸν
2546 5712 2639 5765 ἐπὶ
2662 5714 2773 5771 τοῖς
2799 5709 3101 5778 ἀλλοτρίοις
3130 5705 3573 5778 πλημμελήμασι
3600 5723 3707 5760 τα-

425 5821 534 5874 cito
566 5819 838 5887 deponere
872 5816 1197 5887 poterimus.

2115 5810 2252 5879 χέως
2291 5804 2617 5859 ἀπώσασθαι
2652 5800 3018 5872 δυνησὸμεθα.

501 5909 561 5965 Si
596 5910 741 5967 enim
779 5910 904 5966 licet
930 5915 1282 5975 peccatorum
1320 5906 1661 5971 meminisse,
1690 5911 2005 5961 nostrorum

2186 5902 2249 5956 Εἰ
2275 5901 2385 5971 γὰρ
2413 5898 2494 5953 δεῖ
2528 5896 2842 5969 μεμνῆσθαι
2871 5890 3309 5964 ἁμαρτημάτων,
3339 5888 3447 5944 τῶν
3482 5888 3713 5947 οἰκείων
