4056 6406
469 422 605 514 1137

1281 449 1456 511 LOCI
1490 447 1936 514 communes.
1976 470 2046 483 —
2073 444 2272 506 PARS
2310 395 2374 508 ιι
2435 445 2693 507 SERth
2725 445 2877 506 Liv.

3592 438 3751 500 1138‘

457 576 539 627 δεῖ
565 568 877 642 μεμνῆσθαι
907 567 1064 642 μόνον
1085 581 1098 598 ·
1146 568 1213 622 ἂν
1252 567 1362 621 τῶν
1393 569 1611 622 οἰκείων
1649 566 2039 640 μνημονεύσω·
2066 595 2080 625 Α

2155 566 2462 622 meminisse
2484 565 2745 622 debemus
2771 564 2947 620 solum
2974 579 2987 616 :
3030 559 3176 631 quod
3205 559 3247 615 si
3274 567 3583 613 nostrorum
3618 572 3723 611 me-

466 679 586 733 μεν,
619 662 741 716 οὐδέ·
754 678 876 714 ποτε
928 661 996 715 τὰ
1020 661 1281 730 ἀλλότρια
1315 661 1673 729 λογιούμεοα.

534 755 633 807 Ἂν
662 754 836 823 ἀφῆτε
864 756 974 817 τοῖς
1010 754 1227 825 ἐχθροῖς
1283 754 1461 823 ὑμῶν,
1519 754 1855 823 ἀφεθήσεται
1890 754 2039 822 ὑμῖν.

468 846 639 915 Ἀφες
660 844 889 899 δουλικὰ
922 847 1328 919 ἁμαρτήματα,
1365 845 1454 899 ἵνα
1483 844 1656 916 λάϐῃς
1692 842 2046 914 συγχώρησιν

466 939 792 1007 δεσποτικὴν
829 939 1271 1009 ἁμαρτημάτων.
1310 939 1376 992 Εἰ
1421 938 1478 992 δὲ
1516 937 1729 1009 μεγάλα
1756 936 2044 1006 ἠδίκησεν,

465 1031 685 1102 ὅσῳπερ
722 1031 789 1085 ἂν
824 1032 1049 1102 μείζονα
1107 1032 1274 1103 ἀφῇς,
1327 1029 1573 1101 τοσούτῳ
1636 1028 1859 1099 μείζονα
1897 1027 2047 1100 λήψῃ

462 1121 560 1190 τὴν
593 1120 962 1194 συγχώρησιν.
1000 1123 1100 1177 Διὰ
1124 1124 1232 1193 γὰρ
1261 1123 1422 1178 τοῦτο
1453 1121 1812 1193 ἐδιδάχθημεν
1839 1120 2043 1188 λέγειν⁹

468 1218 641 1285 Ἀφες
670 1219 806 1288 ἡμῖν
846 1219 1029 1282 καθὼς
1077 1220 1314 1290 ἀφίεμεν
1340 1237 1354 1251 ο
1403 1218 1491 1274 ἵνα
1543 1217 1810 1289 μάθωμεν
1860 1218 1943 1271 ὅτι
1985 1215 2048 1271 τὸ

470 1311 669 1382 μέτρον
724 1314 822 1381 τῆς
861 1312 1108 1379 ἀφέσεως
1164 1313 1478 1385 παρ’ήμῶν
1526 1313 1744 1383 πρῶτον
1776 1312 2048 1382 λαμϐάνει

464 1399 566 1468 τὴν
616 1401 814 1471 ἀρχήν.
851 1402 1014 1457 Ὥστε
1051 1404 1275 1474 ὅσῳπερ
1325 1404 1393 1458 ἂν
1431 1406 1459 1458 ὁ
1496 1404 1687 1474 ἐχθρὸς
1715 1404 2045 1475 ἐργάσηται,

467 1491 563 1545 καὶ
590 1491 830 1564 τοσούτῳ
860 1495 1124 1563 μειζόνως
1158 1496 1459 1567 εὐεργετεῖ.
1508 1496 1841 1566 Σπεύδωμεν
1868 1494 2048 1550 τοίνυν

466 1582 560 1633 καί
583 1582 939 1654 ἐπειγώμεθα
973 1585 1445 1642 καταλλάττεσθαι
1472 1588 1608 1659 πρὸς
1638 1589 1765 1652 τοὺς
1799 1589 2046 1655 λελυπη-

468 1675 656 1739 κότας,
685 1676 750 1731 ἄν
789 1694 847 1731 τε
875 1677 1122 1740 δικαίως,
1151 1679 1217 1735 ἄν
1245 1696 1304 1733 τε
1327 1679 1528 1744 ἀδίκως
1560 1680 1914 1750 όργίζωνται.
1948 1679 2049 1732 Ἂν

473 1764 575 1833 μὲν
602 1765 711 1836 γὰρ
742 1767 982 1823 ἐνταῦθα
1018 1768 1398 1841 καταλλαγῆς,
1443 1772 1770 1843 ἀπηλλάγης
1800 1772 1902 1842 τῆς
1933 1772 2052 1825 ἐκεῖ

468 1862 736 1963 κρίσεως·
795 1864 863 1963 ἂν
908 1864 967 1963 δε
1002 1867 1207 1936 μεταξὺ
1240 1866 1510 1938 μενούσης
1539 1867 1639 1935 τῆς
1693 1866 1913 1938 ἔχθρας,
1950 1866 2042 1919 θά-
2083 1905 2125 1963 Β

470 1969 628 2016 νατος
659 1954 891 2017 ἐπιστὰς
923 1957 1214 2030 ἀπαγάγῃ,
1265 1958 1366 2029 τὴν
1412 1958 1709 2027 ἀπέχθειαν
1742 1957 2049 2028 μεσολαϐή-

471 2060 590 2108 σις,
642 2044 723 2107 είς
752 2045 812 2098 τὸ
857 2046 1209 2117 δικαστήριον
1251 2049 1443 2103 λοιπὸν
1487 2050 1664 2103 ἐκεῖνο
1694 2049 1756 2102 τὸ
1813 2048 2049 2119 φοϐερὸν

467 2135 788 2207 εἰσαχθῆναι
845 2138 946 2205 τὴν
1001 2139 1157 2209 δίκην
1206 2140 1463 2210 ἀνάγκη·
1526 2141 1622 2194 καὶ
1679 2139 1779 2209 τὴν
1811 2141 2049 2211 ἐσχάτην

467 2227 660 2290 δώσεις
682 2228 840 2298 δίκην
859 2230 950 2283 ἐπὶ
971 2233 1036 2301 τῇ
1067 2231 1232 2300 ψήφῳ
1258 2231 1352 2285 τοῦ
1374 2230 1633 2286 δικαστοῦ
1661 2232 1870 2295 πάντας
1906 2232 2052 2285 ὲκεί-

471 2336 587 2373 νου.
620 2318 730 2373 Καὶ
766 2320 1068 2390 ἀμφότεροι
1102 2322 1373 2393 τιμωρίαν
1397 2324 1769 2392 ὑποστήσεσθε
1800 2325 2047 2394 ἀπαραί-

469 2428 649 2481 τητον,
683 2412 711 2465 ὁ
747 2412 845 2480 μὲν
872 2413 1074 2475 ἀδίκως
1105 2414 1462 2483 ὀργιζόμενος
1489 2416 1580 2469 διὰ
1610 2416 1788 2480 τοῦτο,
1821 2417 1904 2472 ὅτι
1940 2418 2053 2473 ἀδί-

473 2517 606 2567 κως,
629 2502 658 2554 δ
689 2499 746 2554 δὲ
774 2501 999 2564 δικαίως
1021 2503 1112 2558 διὰ
1139 2503 1300 2558 τοῦτο
1328 2504 1483 2568 αὐτὸ,
1514 2505 1598 2560 ὅτι
1629 2505 1856 2570 δικαίως
1878 2507 2049 2579 ἐμνη-

475 2593 795 2661 σικάκησεν.

551 2774 618 2827 Ὀ
647 2766 829 2827 τοίνυν
855 2773 943 2828 διὰ
970 2778 1247 2846 νηστείας,
1278 2774 1373 2829 καὶ
1394 2776 1665 2848 ὀδυρμῶν,
1703 2777 1801 2831 καὶ⁹
1854 2778 2051 2849 εὐχῶν,

476 2864 572 2919 καὶ
596 2866 823 2934 σάκκου,
849 2866 943 2919 καὶ
984 2867 1208 2929 σποδοῦ,
1242 2868 1340 2921 καὶ
1366 2867 1568 2939 μυρίας
1609 2850 2055 2939 ἐξομολογήσᾶ

478 2957 631 3027 μόλις
659 2956 837 3029 ἕτεροι
865 2957 1218 3029 κατορθοῦσι,
1253 2959 1316 3013 τὸ
1344 2959 1412 3014 τὰ
1437 2961 1814 3032 ἁμαρτήματα
1842 2961 2056 3029 ἐξαλεί-

478 3063 600 3117 φειν
631 3046 777 3115 λέγω
825 3047 893 3102 τά
927 3048 1160 3117 ἑαυτῶν,
1217 3051 1377 3102 τοῦτο
1422 3049 1633 3114 ἔξεστιν
1674 3052 1809 3121 ἡμῖν
1854 3051 2056 3121 ῥᾳδίως

477 3138 654 3190 ποιεῖν
704 3138 876 3207 χωρὶς
933 3138 1143 3192 σάκκου
1197 3138 1295 3193 καὶ
1318 3139 1520 3195 σποδοῦ
1552 3140 1647 3193 καὶ
1675 3140 1952 3209 νηστείας,
1988 3140 2054 3195 ἂν

2148 675 2328 715 mores
2363 659 2590 723 erimus,
2624 672 2906 730 nunquam
2954 655 3132 710 aliena
3169 651 3609 725 supputabimus.

2219 752 2276 806 Si
2322 751 2766 806 condonavcritis
2819 746 3060 804 inimicis
3090 744 3309 809 vestris,
3341 743 3494 797 vobis
3525 741 3725 796 condo-

2150 845 2401 900 nabitur.
2462 842 2689 913 Ignosce
2741 855 3027 897 servorum
3071 840 3273 895 erratis
3305 877 3321 900 ,
3350 844 3463 891 uta
3496 834 3726 889 Domino

2146 939 2360 995 veniam
2405 940 2663 1007 impetres
2693 936 2853 1007 202
2881 942 3254 1006 peccatorum.
3284 929 3441 996 Quod
3466 929 3510 983 si
3543 926 3726 997 gravi-

2151 1035 2234 1085 ter
2256 1029 2514 1099 peccarit,
2538 1036 2591 1084 et
2615 1037 2667 1084 te
2683 1028 2905 1091 laeserit,
2934 1034 3144 1096 quanto
3176 1022 3385 1092 majora
3416 1022 3719 1084 remiseris,

2151 1132 2303 1177 tanto
2367 1121 2628 1191 majorem
2686 1118 2999 1189 impetrabis
3032 1117 3296 1172 'vcniam.
3341 1115 3551 1170 Idcirto
3581 1112 3729 1167 enim

2149 1215 2411 1270 docemur
2442 1213 2627 1270 dicere
2658 1230 2672 1266 :
2704 1211 2941 1267 Remitte
2987 1210 3147 1271 nobis
3193 1206 3723 1269 sicut‘remittimus,

2153 1317 2213 1362 ut
2241 1306 2610 1376 intelligamus
2643 1303 2992 1359 remissionis
3042 1309 3099 1356 et
3145 1299 3571 1357 condonationis
3606 1313 3727 1352 mo-

2152 1400 2279 1454 dum
2330 1412 2362 1453 a
2422 1395 2585 1452 nobis
2640 1394 2878 1466 primum
2914 1393 3133 1449 initium
3160 1406 3376 1462 capere.
3406 1390 3594 1461 itaque
3621 1386 3727 1444 ini-

2152 1491 2371 1554 micus,
2414 1495 2623 1559 quanto
2673 1484 2867 1558 majori
2930 1485 3175 1540 ali'ecerit
3231 1482 3525 1547 maleﬁcio,
3577 1486 3765 1535 tanto.

2153 1577 2348 1650 majori
2395 1577 2561 1633 afﬁcit
2607 1574 2896 1632 beneﬁcio.
2931 1573 3283 1629 Festinemus
3314 1571 3480 1642 igitur
3511 1585 3574 1623 ac
3608 1582 3728 1638 pro-

2156 1685 2426 1740 peremus,
2462 1678 2524 1725 ut
2552 1683 2650 1725 eos
2684 1668 2777 1739 qui
2811 1667 3064 1723 molestia
3096 1673 3151 1721 et
3189 1665 3381 1719 dolore
3414 1677 3513 1718 nos
3539 1659 3729 1715 affece-

2154 1760 2294 1826 rint,
2353 1758 2472 1814 sive
2513 1758 2637 1830 jure
2687 1757 2802 1813 sive
2848 1755 3052 1826 injuria
3100 1755 3447 1818 irascantur,
3482 1750 3730 1806 reconci-

2152 1851 2369 1907 liemus.
2400 1848 2459 1905 Si
2489 1849 2637 1906 enim
2668 1847 2759 1905 hic
2790 1846 3182 1904 reconciliatus
3203 1844 3395 1905 fueris.
3416 1842 3523 1898 illic
3539 1840 3732 1912 judicii

2153 1941 2611 1997 condemnatione
2648 1938 3007 1995 liberalioris:
3042 1937 3127 1992 sin
3160 1945 3343 1991 autem
3373 1935 3579 1990 interea
3618 1947 3731 1987 ma-

2153 2040 2317 2088 nente
2366 2033 2470 2108 ira,
2527 2047 2678 2088 mors
2723 2032 2949 2087 adstans
2982 2044 3083 2086 suo
3126 2028 3437 2084 interventu
3478 2025 3731 2088 abducet,

2152 2122 2527 2179 interveniens
2573 2122 2873 2188 simultati,
2904 2122 2957 2175 in
2997 2118 3263 2192 judicium
3308 2117 3438 2172 illud
3479 2125 3732 2171 metuen-

2153 2215 2303 2282 dum,
2334 2214 2481 2283 quod
2534 2213 2802 2283 reliquum
2849 2218 2954 2278 est,
2996 2224 3219 2266 causam
3265 2207 3463 2264 adduci
3511 2220 3741 2262 necesse

2152 2312 2259 2370 est,
2315 2314 2370 2360 et
2422 2313 2671 2361 extremo
2719 2301 2970 2357 allicieris
3022 2299 3293 2371 supplicio
3343 2314 3407 2355 ex
3460 2297 3735 2354 sententia

2154 2398 2303 2455 illius
2326 2399 2571 2454 omnium
2593 2395 2814 2466 judicis.
2842 2394 2906 2449 Et
2935 2394 3098 2449 ambo
3123 2391 3452 2462 supplicium
3478 2388 3751 2445 subibitis,

2156 2491 2493 2555 inevitabile,
2515 2490 2651 2546 alter
2674 2488 2876 2558 injuste
2909 2487 3103 2548 iratus,
3135 2484 3260 2554 quia
3292 2482 3534 2553 iniustus
3559 2499 3575 2540 :
3599 2483 3747 2538 altera

2156 2599 2288 2640 vero
2333 2583 2481 2653 juste
2513 2591 2738 2653 propter
2781 2581 2976 2650 ipsam,
3015 2590 3290 2649 utcunque
3320 2576 3554 2647 justam,
3595 2575 3734 2644 inju-

2158 2677 2255 2731 ria:
2271 2691 2304 2729 ιι
2314 2690 2364 2729 ιιι
2393 2674 2734 2729 memoriam.

2228 2767 2384 2836 Quod
2433 2768 2599 2841 igitur
2636 2765 2847 2837 jejunio
2874 2774 2929 2821 et
2957 2764 3233 2830 lamentis,
3266 2763 3545 2834 precibus,
3575 2776 3736 2818 sacco

2157 2870 2212 2918 et
2237 2861 2423 2917 cinere
2461 2869 2517 2916 et
2560 2859 2771 2914 inﬁnita
2797 2857 3094 2915 conﬁtendi
3121 2857 3335 2911 ratione
3358 2855 3444 2910 vix
3483 2855 3573 2910 alii
3607 2869 3733 2923 per-

2159 2955 2371 3020 ﬁciunt,
2414 2961 2474 3009 ut
2504 2960 2730 3023 peccata
2784 2953 3130 3022 abstergeant
3181 2965 3304 3016 sua,
3332 2948 3385 3006 id
3417 2947 3576 3003 nobis
3612 2949 3736 3003 licet

2116 3050 2117 3053 “
2157 3044 2321 3101 facile
2365 3044 2584 3115 assequi
2645 3044 2768 3099 sine
2832 3056 3015 3106 sacco,
3072 3040 3259 3097 cinere
3306 3048 3360 3094 et
3413 3037 3643 3108 jejunio,
3689 3038 3735 3093 si

2159 3138 2320 3192 modo
2375 3151 2443 3191 ex
2508 3134 2678 3190 animi
2740 3135 3078 3203 cogitatione
3135 3134 3273 3186 iram
3330 3130 3637 3192 deleamus,
3684 3139 3737 3185 et

480 3223 641 3296 μόνον
669 3226 778 3280 ἀπὸ
807 3227 907 3297 τῆς
931 3228 1170 3291 διανοίας
1203 3228 1582 3301 ἐξαλείψωμεν
1601 3231 1703 3300 τὴν
1733 3231 1923 3302 ὀργὴν,
1961 3233 2052 3288 καὶ

2158 3228 2385 3284 omnino
2417 3241 2489 3282 ex
2538 3227 2725 3282 animo
2774 3225 2842 3281 iis
2888 3225 2984 3297 qui
3031 3223 3188 3283 nobis
3223 3221 3482 3294 iniuriam
3511 3220 3745 3294 fecerint-

480 3317 621 3388 μετὰ
660 3318 1012 3391 είλικρινείας
1041 3321 1272 3394 ἀφῶμεν
1301 3324 1415 3386 τοῖς
1445 3323 1765 3395 ἠδικηκόσιν
1796 3326 1966 3396 ἡμᾶς.

551 3409 761 3475 Παντὸς
787 3411 1188 3484 ἁμαρτήματος
1211 3413 1273 3467 τὸ
1304 3417 1667 3484 μνησικακεῖν
1700 3417 1908 3487 χεῖρον.

552 3588 896 3661 Συγγνώμην
950 3577 1270 3661 αἰτοῦμενος
1301 3591 1738 3663 ἁμαρτημάτων,
1785 3592 2056 3660 συγγίνω-

484 3697 581 3734 σκε
611 3679 707 3735 καί⁵
729 3680 890 3743 αὐτὸς
917 3681 1030 3742 τοῖς
1057 3680 1137 3743 εἰς
1177 3681 1235 3737 σὲ
1263 3679 1686 3751 πλημμελοῦσιν
1706 3697 1721 3715 ο
1746 3683 1831 3736 ὅτι
1863 3683 2057 3752 ἀφέσει

480 3772 806 3828 ἁντιδίδοται
858 3772 1072 3840 ἄφεσις,
1125 3771 1224 3827 καὶ
1278 3774 1312 3843 ἡ
1374 3774 1512 3845 πρὸς
1557 3773 1686 3838 τοὺς
1728 3775 2058 3845 ὁμοδούλους

481 3863 641 3936 ήμῶν
698 3862 1019 3936 καταλλαγὴ
1074 3864 1176 3933 τῆς
1209 3863 1359 3929 θείας
1396 3863 1569 3936 ὀργῆς
1630 3864 1843 3935 γίνεται
1885 3866 2059 3921 ἀπαλ-

481 3956 647 4026 λαγή.

565 4045 656 4099 Ἐν
701 4040 786 4110 οἷς
822 4047 1079 4119 πλήττειν
1108 4051 1304 4115 ἄλλους
1340 4048 1570 4119 ἐθέλεις,
1605 4050 1663 4104 ἐν
1690 4049 1901 4115 τούτοις
1931 4048 2060 4123 βλά-

484 4137 587 4207 ϐην
610 4137 797 4204 ἔλπιζε
820 4140 919 4211 τὴν
952 4141 1196 4211 μείζονα.

566 4235 792 4307 Ἐχθροῦ
818 4237 1104 4319 δεηθέντος
1139 4239 1215 4311 μὴ
1254 4240 1618 4313 ἀποστραφῇς
1649 4240 1750 4314 τὴν
1795 4241 2057 4307 ἀξίωσινσ

488 4328 628 4400 πλὴν
651 4328 951 4400 ἀσφαλίζου
979 4334 1229 4391 σεαυτόν.
1268 4334 1437 4389 Οὐδὲν
1462 4335 1571 4408 γὰρ
1600 4339 1760 4401 κυνὸς
1790 4337 2056 4408 διαφέρει.

555 4509 831 4576 Σπούδαζε
858 4512 956 4576 τὰς
988 4512 1087 4582 μὲν
1117 4512 1316 4584 ἔχθρας
1339 4514 1736 4586 ὀλιγοχρονίους
1761 4517 2058 4583 ποιεῖσθαι,

484 4601 585 4665 τὰς
605 4601 662 4656 δὲ
682 4603 902 4671 ἀγάπας
926 4605 1336 4674 πολυχρονίους.

556 4695 943 4764 Μνησικακίαν
972 4695 1220 4751 σϐέννυσι
1252 4697 1398 4768 δῶρα
1418 4713 1434 4732 ο
1470 4698 1564 4753 καὶ
1594 4698 1826 4754 πειθέτω
1863 4718 1924 4754 σε
1960 4701 2064 4756 Ἰα-

488 4784 625 4852 κὼὸ,
651 4785 742 4841 τὸν
776 4786 944 4842 Ἠσαῦ
987 4787 1218 4858 δόμοισιν
1252 4790 1497 4845 ὑπελθὼν
1551 4793 1691 4861 μετὰ
1728 4794 2065 4863 τριακοσίων

469 4879 567 4943 εἰς
597 4878 899 4948 ἀπάντησιν
924 4880 1228 4946 ἐξελθόντα.
1275 4881 1417 4935 Ἀλλ’
1451 4883 1612 4954 ἡμεῖς
1650 4884 1880 4956 πένητες
1907 4884 2063 4951 ὄντες

485 4972 736 5043 τραπέζῃ
764 4972 861 5041 τὴν
891 4974 1079 5043 χρείαν
1113 4972 1513 5046 πληρώσωμεν.

569 5151 630 5206 Ὀ
655 5151 876 5220 δαίμοσι
910 5155 1265 5223 μνησικακῶν
1287 5153 1595 5225 ἀνθρώποις
1615 5156 1675 5210 οὐ
1704 5158 2056 5227 μνησικακεῦ

487 5249 758 5320 είρηνεύει
790 5249 848 5303 δὲ
880 5250 1018 5319 μετὰ
1051 5250 1325 5319 δαιμόνων
1349 5252 1377 5305 ὁ
1400 5251 1479 5322 τῷ
1507 5251 1722 5323 ἀδελφῷ
1750 5251 1984 5322 μηνιῶν.

2164 3326 2539 3397 ignoscamus.

2234 3418 2440 3486 Quovis
2491 3425 2718 3490 peccato
2770 3414 3097 3486 injuriarum
3173 3409 3441 3468 memoria
3492 3406 3739 3464 deterior

2162 3512 2268 3559 est.

2232 3594 2368 3652 Cum
2396 3596 2721 3652 delictorum
2748 3594 2961 3651 veniam
2999 3592 3167 3664 petis,
3206 3589 3292 3647 fac
3323 3590 3445 3662 ipse
3480 3588 3742 3660 ignoscas

2163 3690 2234 3746 iis
2265 3690 2356 3760 qui
2387 3690 2444 3744 in
2476 3697 2531 3744 te
2563 3687 2876 3758 peccarint,
2912 3685 3038 3758 quia
3072 3682 3408 3741 condonatio
3455 3679 3737 3736 condona-

2166 3781 2317 3837 tione
2364 3789 2789 3843 remuneratur,
2850 3792 2916 3834 ac
2966 3789 3361 3832 οοιιεθτνοῐιιιιι
3425 3782 3738 3830 nostrorum

2110 3887 2120 3896 ‘
2163 3874 2479 3932 conciliatio
2505 3872 2664 3930 nobis
2694 3872 2755 3929 ﬁt
2785 3886 2817 3930 ιι
2853 3871 3038 3927 divina
3063 3870 3146 3925 ira
3172 3867 3449 3925 liberatio.

2239 4048 2586 4106 Moschionis.
2623 4047 2680 4103 In
2708 4047 2911 4119 quibus
2941 4044 3081 4102 alios
3121 4042 3525 4115 reprehendere
3551 4043 3655 4109 vis,
3686 4043 3738 4098 in

2167 4145 2234 4201 iis
2259 4143 2649 4201 detrimentum
2677 4138 2854 4208 majus
2881 4151 3004 4194 esse
3024 4137 3362 4192 existimato.

2237 4233 2477 4305 Epicuri.
2510 4231 2664 4286 llosti
2701 4229 2947 4301 precanti
2981 4244 3049 4283 ne
3077 4229 3343 4297 denegata
3396 4228 3540 4296 quod
3573 4228 3741 4296 petit:

2168 4326 2261 4383 sed
2297 4338 2349 4380 te
2381 4325 2499 4395 ipse
2552 4322 2764 4377 munito
2824 4319 3091 4376 adversus
3128 4319 3300 4377 illum.
3351 4316 3498 4373 Nihil
3530 4318 3675 4372 enim
3713 4334 3741 4372 a

2167 4429 2307 4471 cane
2335 4412 2536 4469 differt.

2243 4503 2562 4574 Theopompi
2608 4501 2683 4556 Da
2727 4514 2944 4572 operam
3000 4506 3061 4554 ut
3108 4496 3424 4555 inimicitias
3476 4497 3742 4565 suscipias

2088 4594 2140 4655 Β
2166 4599 2382 4661 breves,
2415 4594 2685 4650 amicitias
2721 4600 2901 4649 autem
2926 4590 3313 4660 sempiternas.

2240 4687 2483 4759 Evagrii.
2536 4685 2867 4754 Iniuriarum
2915 4681 3237 4738 memoriam
3270 4695 3499 4735 munera
3529 4680 3741 4735 exstin-

2166 4789 2363 4854 guunt,
2400 4781 2453 4836 id
2478 4779 2622 4849 quod
2676 4793 2745 4834 ex
2792 4774 3001 4832 Iacobo
3032 4775 3246 4830 discere
3282 4774 3432 4837 licet.
3464 4773 3556 4843 qui
3586 4789 3645 4828 se
3684 4774 3738 4828 in

2166 4875 2393 4944 gratiam
2428 4872 2570 4927 Esau
2595 4870 2781 4927 fratris
2807 4869 2891 4925 sui
2919 4866 3238 4923 muneribus
3268 4864 3589 4926 insinuavit.
3617 4880 3741 4919 cum

2167 4964 2423 5020 trecentis
2443 4961 2659 5019 obviam
2685 4958 3048 5016 occurrentis.
3076 4956 3183 5013 Sed
3206 4972 3310 5012 nos
3332 4971 3600 5029 pauperes
3620 4971 3743 5012 cum

2165 5056 2337 5113 simus
2364 5070 2484 5124 qum
2507 5054 2704 5109 desunt
2729 5066 2930 5107 mens:e
2955 5049 3356 5118 compleamus.

2235 5146 2462 5203 Martini
2488 5152 2846 5203 anachorelw.
2894 5140 2998 5213 Qui
3036 5157 3246 5199 memor
3278 5150 3363 5197 est
3392 5137 3607 5211 injuria»?
3634 5140 3743 5195 dcc-

2166 5252 2413 5304 monum,
2446 5251 2553 5292 non
2586 5234 2836 5291 meminit
2865 5233 3082 5305 injuria:
3108 5230 3388 5287 hominum
3425 5247 3441 5285 :
3474 5238 3528 5286 et
3552 5246 3755 5300 pacem

2163 5343 2286 5383 cum
2317 5327 2658 5382 daemonibus
2689 5325 2823 5397 agit,
2854 5325 2949 5395 qui
2975 5323 3126 5378 fratri
3152 5324 3430 5377 irascitur.

560 5424 793 5489 Κροῖσος
816 5424 894 5494 τῷ
925 5422 1230 5494 παιδοφόνῳ
1249 5425 1347 5493 τὴν
1371 5424 1544 5498 ὀργὴν
1573 5427 1792 5497 ἀφεῖναι
1817 5425 2057 5495 λέγεται,

2234 5420 2394 5493 203
2440 5419 2677 5476 Croesus.
2726 5418 2951 5475 Crtesus
3000 5416 3096 5472 lilii
3144 5413 3526 5478 interfectori,
3557 5413 3649 5482 qui
3683 5427 3741 5468 se

486 5514 677 5566 ἑαυτὸν
708 5514 1002 5585 παραδόντι
1029 5516 1110 5578 εἰς
1147 5516 1418 5585 τιμωρίαν
1437 5555 1455 5582 ,
1488 5519 1585 5570 καὶ
1614 5516 1795 5588 Κῦρος
1829 5520 1858 5571 ό
1887 5517 2059 5588 μέγας

487 5607 635 5675 αὑτῷ
659 5608 833 5681 τούτῳ
856 5610 935 5681 τῷ
966 5607 1194 5680 Κροίσῳ,
1216 5609 1368 5676 φίλος
1388 5609 1641 5677 γενέσθαι
1691 5612 1833 5682 μετὰ
1855 5613 1955 5684 τὴν
1983 5612 2059 5668 νί-

487 5707 608 5763 κην.

2163 5517 2231 5571 ad
2280 5513 2603 5584 supplicium
2655 5508 2938 5576 offerebat,
2972 5507 3190 5563 dedisse
3217 5506 3431 5561 veniam
3482 5504 3683 5561 dicitur
3720 5520 3733 5557 :

2160 5620 2216 5667 et
2262 5609 2391 5665 huic
2432 5607 2534 5677 ipsi
2578 5605 2771 5662 Croeso
2815 5619 3047 5675 magnus
3074 5604 3165 5659 ille
3195 5601 3370 5675 Cyrus
3401 5609 3521 5673 post
3545 5599 3719 5656 victo-

2163 5703 2301 5760 riam
2331 5699 2553 5769 amicus,
2577 5698 2757 5756 factus
2779 5711 2899 5754 esse
2932 5696 3129 5751 fertur.
