4056 6450
432 458 575 525 113')

786 581 1021 637 semto
1058 580 1141 635 ιν
1210 579 1311 652 [τοι.
1362 578 1624 653 LXXIV].

435 717 507 773 De
545 719 788 784 proximo
837 719 1034 787 ;'quod
1085 719 1316 785 proximi
1377 734 1538 773 onera
1586 716 1808 787 ferenda
1859 719 1964 770 sint
1996 756 2011 780 ,

499 790 649 856 eique
698 790 1113 866 succurrendum
1138 828 1153 852 ,
1194 798 1242 841 et
1270 788 1409 866 quod
1436 789 1605 843 antire
1631 787 2014 866 reprehendere

390 872 395 877 ‘
494 863 695 915 deceat.
721 861 766 912 si
793 859 919 929 quid
949 858 1251 912 indecenter
1267 861 1458 929 egsrit,
1484 875 1589 913 non
1622 870 1805 913 autem
1837 858 2015 911 inimi-

500 930 658 983 citias
690 928 811 982 cum
845 928 939 981 illo
962 945 1163 999 gerere.

499 1038 668 1094 Levit.
723 1055 838 1094 XII.
906 1039 1108 1109 Diliges
1170 1040 1481 1108 proximum
1540 1048 1694 1094 tuum
1753 1049 2012 1109 tanquam

427 1132 607 1202 teipsu
618 1147 665 1184 m
677 1170 690 1184 .

500 1222 720 1277 Acriter
775 1222 1075 1292 redargues
1139 1222 1450 1291 proximum
1508 1228 1684 1285 tuum,
1733 1236 1834 1275 nec
1868 1219 2015 1274 illius

431 1331 601 1370 «ausa
633 1317 814 1370 scelus
848 1315 1127 1370 admittes.

502 1406 655 1462 Deut.
712 1422 763 1462 ν.
808 1404 953 1459 Nihil
998 1421 1191 1461 eorum
1255 1422 1379 1477 qua:
1430 1415 1561 1462 sunt
1610 1405 1847 1477 proximi
1912 1403 2014 1470 tui,

428 1498 830 1569 concupiscito.

501 1588 657 1642 Psal.
687 1605 761 1644 tv.
799 1589 1133 1654 lrascimini,
1163 1590 1257 1644 sed
1290 1589 1461 1645 nolite
1486 1604 1736 1657 peccare.

504 1675 695 1732 Meiior
725 1687 808 1734 est
843 1680 935 1748 qui
985 1678 1340 1750 reprehendit
1368 1689 1422 1734 et
1460 1680 1681 1749 arguit,
1708 1693 1872 1750 quam
1910 1678 2002 1748 qui

435 1770 689 1839 tervicax
715 1780 820 1826 est.
1282 1774 1287 1779 ’

504 1860 681 1917 Οδεαν.
711 1863 816 1930 Qui
852 1864 1020 1920 libere
1045 1866 1245 1935 arguit,
1278 1879 1462 1934 pacem
1502 1865 1783 1921 conciliat.

501 1953 614 2009 Cur
645 1956 709 2010 ad
748 1956 1081 2027 impietatem
1104 1958 1322 2015 silentio
1352 1959 1700 2027 connixistis,
1737 1969 1791 2016 et
1818 1959 2019 2030 iniqui-
2051 1934 2097 1995 Β

435 2054 579 2103 tates
606 2048 726 2119 ejus
748 2052 1130 2108 vindemiastis
1159 2053 1183 2105 ί

501 2141 739 2199 Zachar.
774 2144 952 2203 Nemo
1012 2148 1143 2202 vilia
1209 2148 1586 2217 proximorum
1629 2152 1682 2205 in
1719 2150 1884 2207 corde
1919 2169 2022 2210 suo

430 2234 768 2291 recordetur.

508 2325 951 2385 Misericordiam
976 2338 1030 2385 et
1055 2330 1467 2388 miserationem
1493 2335 1851 2405 imper-limini
1871 2338 2023 2407 quis-

436 2434 545 2487 que
568 2420 822 2488 proximo
850 2435 955 2476 suo
983 2436 1046 2477 ac
1078 2421 1237 2476 fratri
1269 2439 1397 2479 suo.

462 2506 472 2523 '
506 2509 589 2566 Ne
640 2512 713 2565 ob
751 2512 1056 2581 quamlibet
1097 2514 1357 2583 injuriam
1409 2518 1666 2587 proximo
1703 2530 1796 2575 tuo
1838 2522 2024 2579 irasci-

433 2609 545 2656 ιοιο.

510 2693 678 2749 Eccli.
711 2710 902 2752 xxvm.
940 2698 1174 2754 Remitte
1205 2702 1454 2771 proximo
1485 2702 1766 2775 injurlatn,
1798 2717 1853 2763 et
1881 2719 2019 2775 tum,

436 2792 491 2837 te
513 2792 790 2851 precante,
821 2794 1042 2855 peccata
1071 2799 1161 2843 tua
1194 2790 1542 2850 delebuntur.

510 2873 710 2931 Melior
734 2886 821 2931 est
848 2878 1063 2935 minore
1097 2882 1359 2951 praeditus
1387 2885 1773 2955 intelligentia,
1800 2889 1846 2944 si
1875 2902 2020 2945 metu

435 2981 497 3022 se
542 2970 816 3034 continet,
873 2987 1037 3041 quam
1080 2975 1371 3032 abundans
1402 2980 1695 3048 prudentia
1725 2982 1816 3050 qui
1851 2981 2021 3053 legem

435 3057 628 3115 violat.

505 3149 820 3209 Recordare
838 3163 1195 3226 pra-ceptum,
1222 3167 1277 3212 et
1295 3158 1378 3216 sic
1398 3161 1708 3231 proximum
1730 3172 1882 3218 tuum
1909 3179 2021 3222 non

435 3242 702 3314 negliges.

517 3333 825 3392 Recordare
861 3350 1137 3406 postrema
1169 3355 1291 3412 quae
1321 3343 1421 3398 tibi
1452 3345 1727 3412 evenient,
1758 3359 1810 3403 et
1842 3348 2027 3403 inimi-

435 3424 601 3480 citias
629 3442 818 3496 gerere
848 3430 1105 3488 desinito.

511 3515 591 3571 Ex
632 3519 804 3589 teipso
831 3536 918 3578 res
944 3526 1181 3594 proximi
1213 3531 1557 3599 cognoscito.

513 3608 714 3666 Matth.
746 3627 798 3666 ν.
835 3612 891 3669 Si
918 3616 1187 3676 obtuleris
1216 3635 1419 3678 munus
1461 3630 1615 3678 tuum
1665 3624 1732 3681 ad
1773 3640 1946 3695 aram,
1975 3638 2029 3684 et

439 3702 676 3774 reliqua.

518 3794 578 3852 Si
622 3801 954 3858 remiseritis
1010 3803 1332 3865 hominibus
1379 3809 1578 3867 delicta
1636 3813 1906 3882 ipsorum,
1947 3828 2030 3867 re-

443 3890 624 3946 mittet
673 3893 838 3951 etiam
903 3894 1060 3953 vobis
1124 3899 1286 3955 Pater
1330 3911 1516 3957 vester
1560 3906 1806 3962 caelestis
1833 3906 2029 3960 delicta

445 3991 651 4039 vestra.

518 4071 720 4125 Matth.
760 4089 913 4130 xvm.
950 4075 1089 4131 Tum
1144 4078 1342 4136 Petrus
1392 4081 1628 4141 Domino
1675 4087 1814 4142 dixit
1843 4107 1856 4143 ι
1884 4087 2032 4155 Quo-

447 4161 552 4218 ties
587 4166 836 4232 peccabit
870 4168 924 4220 in
978 4184 1065 4223 me
1112 4171 1283 4227 frater
1315 4189 1495 4239 meus,
1532 4186 1586 4232 et
1620 4180 1897 4235 remittam
1924 4180 1972 4235 ei
2010 4181 2033 4233 i

450 4271 582 4310 num
621 4272 793 4327 usque
818 4259 1062 4329 septies?
1102 4262 1243 4318 Dicit
1268 4265 1317 4319 ei
1348 4264 1553 4323 Jesus:
1598 4268 1716 4323 Non
1765 4269 1892 4326 dico
1936 4270 2031 4325 tibi

455 4359 631 4415 usque
656 4346 882 4417 septies,
917 4349 1010 4403 sed
1052 4365 1226 4420 usque
1255 4356 1565 4425 septuagies
1590 4356 1816 4425 septies.

524 4441 720 4498 Matth.
750 4460 881 4501 xvn.
909 4446 965 4501 Si
989 4436 1155 4501 frater
1177 4460 1302 4506 tuus
1329 4449 1383 4504 in
1423 4460 1476 4505 te
1506 4455 1772 4521 peccarit,
1804 4453 2032 4524 objurga

455 4546 581 4588 eum
612 4550 628 4601 ;
676 4543 731 4590 ct
765 4537 809 4591 si
870 4538 1208 4606 paenituerit,
1263 4541 1481 4595 remitte
1506 4541 1585 4596 illi
1615 4558 1631 4609 ;
1672 4555 1726 4598 et
1756 4544 1799 4598 si
1832 4547 2031 4613 septies

1667 458 1997 522 ΛΝΤΟΝΙΙ
2033 459 2383 523 ΜΕΙᾸΞΒᾹΞ

2038 584 2093 642 Α

3558 458 3683 524 11ίῦ

2718 577 2937 632 ΛΟΓΟΣ
2977 578 3104 631 NE'.

2119 722 2259 788 Περὶ
2295 719 2405 774 τοῦ
2431 721 2719 783 πλησίον·
2750 717 2841 771 ὅτι
2864 716 2980 785 χρὴ
3006 712 3079 768 τὰ
3095 713 3259 788 ,ϐάρη
3283 711 3390 788 τοῦ
3438 711 3686 788 duino/pr

2193 781 2428 860 έςέρειν,
2464 781 2563 843 καὶ
2586 781 3139 860 ἀντιλαμϐάνεσθαι
3167 781 3380 860 adeo?
3409 782 3506 835 καὶ
3533 781 3689 860 {init-‘7'-

2197 852 2336 941 };str:
2363 852 2745 941 ἁῂςαπῃτικόξς
2782 852 2855 941 id
2908 859 3021 924 οὐχ
3069 856 3152 921 ὡς
3208 854 3395 941 ςὶκόςῗ
3424 852 3690 941 χινόμενα

2196 929 2337 999 παρ’
2370 931 2577 995 αὐτοῦ,
2619 930 2717 982 καί
2745 929 2832 997 μὴ
2859 929 3271 998 μνησικακεῖν
3295 929 3478 987 αὐτῷ.

2204 1046 2546 1115 Ἀγαπήσεις
2572 1043 2664 1097 τὸν
2697 1042 2924 1112 πλησίον
2961 1058 3056 1094 σου
3089 1039 3166 1103 ὡς
3189 1037 3408 1093 ἑαυτόν.

2203 1229 2455 1300 Ἔλεγμῷ
2485 1228 2725 1297 ὲλέγξεις
2754 1227 2848 1281 τὸν
2879 1225 3108 1298 πλησίον
3155 1241 3252 1278 σου
3276 1240 3291 1256 ·
3324 1222 3418 1277 καὶ
3454 1220 3512 1275 οὐ
3558 1218 3691 1295 λήψῃ

2124 1322 2196 1377 δι’
2227 1321 2392 1377 αὐτὸν
2427 1320 2727 1392 ἁμαρτίαν.

2205 1414 2322 1468 Οὐκ
2379 1412 2750 1482 ἐπιθυμήσεις
2795 1410 3003 1475 πάντα,
3042 1409 3145 1462 ὅσα
3196 1405 3281 1476 τῷ
3332 1404 3556 1475 πλησίον
3604 1397 3688 1455 σού

2114 1504 2289 1560 ἔστιν.

2216 1595 2557 1666 Ὀργίζεσθε,
2587 1595 2679 1649 καὶ
2711 1594 2786 1665 μὴ
2821 1592 3190 1664 ἁμαρτάνετε.

2142 1706 2150 1727 ι
2191 1691 2463 1758 Κρεῖσσον
2490 1689 2630 1760 ἀνὴρ
2679 1687 2921 1758 ἐλέγχων
2960 1685 3154 1755 ἀνδρὸς
3189 1677 3684 1753 σκληροτραχήλου.

2204 1874 2300 1937 Ὃς
2331 1872 2573 1943 κρύπτει
2606 1868 2875 1939 ἀδίκημα,
2911 1866 3068 1934 ζητεῖ
3103 1863 3319 1935 φιλίαν.

2200 1964 2324 2018 Ἵνα
2352 1963 2406 2016 τί
2431 1961 2896 2030 παρεσιωπήσατε
2928 1954 3211 2021 ἀσέὸειαν,
3248 1954 3349 2009 καὶ
3373 1953 3470 2018 τὰς
3499 1949 3692 2013 ἀδικίας

2124 2054 2299 2124 αὐτῆς
2329 2054 2670 2125 ὲτρυγήσατε
2694 2069 2711 2119 ;

2198 2145 2418 2200 Κακίαν
2458 2145 2694 2208 ἕκαστος
2720 2143 2817 2197 τοῦ
2858 2142 3086 2213 πλησίον
3121 2138 3295 2195 αὐτοῦ
3337 2140 3412 2209 μὴ
3448 2152 3691 2208 μνησικα-

2123 2237 2291 2292 κείτω
2320 2239 2377 2291 ὲν
2402 2242 2525 2301 ταῖς
2554 2238 2807 2306 καρδίαις
2837 2235 3014 2306 ὑμῶν.

2202 2329 2394 2394 Ἔλεος
2420 2331 2514 2383 καὶ
2552 2328 2874 2398 οίκτιρμοὺς
2921 2327 3129 2381 ποιεῖτε
3179 2324 3420 2385 ἕκαστος
3450 2318 3580 2389 πρὸς
3610 2316 3691 2370 τὸν

2124 2422 2354 2494 πλησίον
2384 2422 2572 2487 αὐτοῦ,
2611 2421 2704 2474 καὶ
2733 2421 2822 2474 τὸν
2857 2418 3085 2487 ἀδελφδν
3141 2414 3340 2472 αὐτοῦ.

2211 2519 2336 2573 Ἐπὶ
2391 2519 2555 2573 παντὶ
2601 2517 2905 2587 ἀδικήματι
2959 2515 3036 2585 μὴ
3085 2514 3331 2584 μηνίσῃς
3378 2509 3456 2581 τῷ
3486 2505 3690 2576 πλησίον

2126 2635 2244 2673 σου.

2203 2708 2378 2777 Ἀφες
2409 2705 2659 2776 ἀδίκημα
2683 2703 2762 2774 τῷ
2792 2702 3022 2772 πλησίον
3051 2719 3171 2765 σου.
3206 2702 3303 2756 καὶ
3323 2702 3465 2766 τότε,
3496 2695 3690 2767 δεηθέν-

2123 2816 2216 2863 τος
2243 2816 2360 2863 σου,
2392 2800 2450 2853 αἱ
2491 2797 2762 2868 ἁμαρτίαι
2792 2814 2888 2850 σου
2919 2794 3273 2865 λυθήσονται.

2195 2893 2468 2964 Κρεῖσσον
2498 2891 2809 2962 ἡττώμενος
2839 2889 2897 2942 ἐν
2923 2887 3143 2940 συνέσει
3169 2885 3432 2958 ἔμφοϐος,
3457 2883 3489 2955 ἦ
3514 2895 3687 2951 περισ-

2128 2985 2307 3041 σεύων
2337 2986 2680 3057 φρονήσεως,
2731 2982 2825 3037 καὶ
2858 2978 3220 3052 παραϐαίνων
3247 2978 3430 3048 νόμον.

2205 3165 2490 3238 Μνήσθητι
2521 3164 2767 3235 ἐντολῆς,
2810 3163 2904 3218 καὶ
2938 3161 3014 3233 μὴ
3043 3160 3332 3232 ἀμελήσῃς
3358 3154 3451 3212 τοῦ
3482 3151 3684 3225 πλησίον

2048 3283 2095 3346 c
2131 3280 2246 3318 σου.

2197 3347 2479 3419 Μνήσθητι
2506 3346 2577 3399 τὰ
2605 3344 2813 3415 ἔσχατα
2860 3358 2979 3408 σου,
3022 3347 3121 3396 καὶ
3158 3340 3370 3396 παῦσαι
3393 3334 3686 3410 ὲχθραίνων.

2205 3524 2338 3580 Νὸει
2365 3524 2431 3578 τὰ
2465 3524 2558 3578 τοῦ
2588 3523 2815 3594 πλησίον
2846 3520 2904 3588 ἐξ
2938 3518 3158 3575 ἑαυτοῦ.

2220 3619 2349 3671 Ἐὰν
2385 3618 2706 3688 προσφέρῃς
2744 3614 2807 3668 τὸ
2832 3612 3007 3684 δῶρόν
3046 3627 3143 3666 σου
3184 3611 3281 3666 ἐπὶ
3320 3611 3381 3667 τὸ
3422 3606 3687 3675 θυσιαστή-

2138 3728 2277 3783 ριον,
2314 3711 2410 3764 καὶ⁵
2439 3710 2509 3765 τὰ
2537 3708 2726 3763 λοιπά.

2219 3802 2345 3858 Ἐὰν
2377 3803 2553 3873 ἀφῆτε
2578 3804 2690 3865 τοῖς
2725 3798 3038 3872 ἀνθρώποις
3063 3800 3132 3854 τὰ
3166 3795 3578 3870 παραπτώματα
3604 3789 3687 3845 αὐο

2131 3894 2263 3959 τῶν,
2292 3893 2498 3964 ἀφήσει
2531 3892 2626 3945 καὶ
2659 3891 2788 3957 ὑμῖν
2826 3893 2855 3945 ὁ
2900 3890 3091 3961 Πατὴρ
3124 3888 3284 3961 ὑμῶν
3312 3891 3341 3943 ὀ
3367 3886 3600 3956 οὐράνιος
3628 3877 3687 3931 τὰ

2133 3985 2564 4055 παραπτώματα
2600 3982 2776 4053 ὑμῶν.

2205 4077 2339 4130 Τότε
2370 4074 2399 4128 ὁ
2430 4076 2633 4146 Πέτρος
2667 4074 2746 4146 τῷ
2776 4073 2969 4145 Κυρίῳ
3016 4068 3173 4127 εἶπεν
3196 4088 3211 4104 ’
3271 4070 3505 4132 Ποσάκις
3531 4065 3687 4134 ἁμαρ·

2131 4170 2291 4241 τήσει
2333 4171 2414 4233 είς
2459 4167 2561 4240 ἐμὲ
2603 4170 2632 4221 ὁ
2679 4167 2911 4238 ἀδελφός
2950 4182 3084 4237 μου,
3128 4166 3226 4220 καὶ
3285 4164 3477 4233 ἀφήσω
3524 4151 3683 4220 αὐτῷὶ

2133 4263 2239 4327 ἕως
2306 4262 2567 4328 ἑπτάκις;
2630 4260 2796 4330 Λέγει
2852 4258 3003 4329 αὑτῷ
3060 4260 3089 4311 ὁ
3145 4256 3397 4329 Ἰησοῦς·
3451 4251 3522 4306 Οὐ
3563 4245 3687 4311 λέγω

2135 4373 2220 4408 σοι
2272 4355 2378 4419 ἕως
2419 4354 2681 4418 ἑπτάκις,
2733 4352 2851 4407 ἀλλ’
2899 4352 3004 4415 ἕως
3043 4348 3500 4420 ἑϐδομηκοντάκις
3544 4338 3683 4397 ἑπτά.

2219 4446 2346 4501 Ἐὰν
2404 4445 2626 4518 ἁμάρτῃ
2670 4447 2698 4498 ὁ
2744 4445 2973 4513 ἀδελφός
3014 4460 3147 4506 σου,
3183 4442 3504 4509 ἐπιτίμησον
3535 4428 3681 4500 αὐτῷ’

2134 4541 2229 4593 καὶ
2279 4539 2371 4593 ἐὰν
2432 4540 2768 4611 μετανοήσῃ,
2813 4540 2949 4607 ἄφες
2986 4537 3171 4607 αὐτῷ·
3227 4536 3321 4590 καὶ
3361 4535 3453 4587 ἐὰν
3483 4526 3685 4585 ἑπτάκις

456 4624 514 4680 in
553 4627 642 4682 die
670 4629 912 4697 peccarit
944 4629 999 4684 in
1053 4639 1126 4697 te,
1164 4633 1476 4703 svptiesque
1528 4634 1583 4688 in
1611 4634 1698 4689 die
1725 4643 2032 4691 revertatur

2138 4633 2235 4702 τῆς
2263 4633 2476 4703 ἡμέρας
2503 4632 2725 4703 ἁμάρτῃ
2759 4633 2839 4694 είς
2877 4633 2958 4694 σὲ,
2984 4632 3079 4685 καὶ
3115 4630 3347 4692 ἑπτάκις
3370 4627 3469 4697 τῆς
3495 4619 3684 4695 ἡμέρας

455 4732 522 4773 ac
555 4719 737 4774 dicat:
763 4717 1001 4776 Paenitet
1027 4739 1132 4789 me,
1167 4725 1380 4779 remitte
1419 4725 1518 4780 illi.

529 4808 724 4866 Videte
743 4826 811 4867 ne
835 4814 1202 4869 contemnatis
1232 4830 1403 4870 unum
1427 4816 1494 4871 de
1518 4817 1733 4887 pusillis
1761 4817 1848 4873 bis
1873 4836 1886 4872 :
1913 4818 2037 4874 dico

2140 4724 2445 4796 ἐπιστρέψῃ
2473 4724 2672 4793 λέγων,
2703 4723 2990 4789 Μετανοῶ,
3024 4722 3161 4791 ἄφες
3190 4721 3359 4791 αὐτῷ.
3491 4807 3516 4816 _
3648 4799 3660 4816 ι

2232 4816 2425 4887 Ὁρᾶτε
2455 4817 2531 4887 μὴ
2563 4817 3011 4886 καταφρονήσητε
3040 4815 3159 4879 ἑνὸς
3192 4813 3302 4867 τῶν
3350 4807 3552 4882 μικρῶν
3581 4807 3687 4856 τού-

455 4899 604 4956 enim
653 4902 828 4970 vobis,
867 4903 1093 4973 angelos
1135 4905 1381 4974 ipsorum
1421 4906 1476 4959 in
1521 4908 1663 4961 coelo
1690 4909 2032 4964 continenter

2139 4927 2272 4964 των.
2335 4910 2496 4977 Λέγω
2526 4907 2638 4979 γὰρ
2680 4908 2808 4976 ὑμῖν
2848 4908 2929 4961 ὅτι
2963 4907 3013 4959 οἱ
3052 4904 3280 4975 ἄγγελοι
3311 4900 3487 4957 αὐτῶν
3531 4899 3583 4949 ὲν
3620 4890 3684 4957 τῷ

454 4992 642 5051 videre
672 4993 866 5051 faciem
908 4994 1087 5052 Patris
1122 4996 1227 5051 mei
1252 4998 1345 5067 qui
1378 5004 1463 5052 est
1496 4996 1549 5052 in
1580 4999 1758 5054 crelis.

532 5170 682 5228 Rom.
735 5189 822 5228 xv.
901 5174 1177 5233 Debemus
1233 5192 1335 5234 nos
1396 5176 1488 5248 qui
1547 5177 1761 5233 robusti
1822 5195 2038 5245 sumus,

456 5265 810 5325 infirmitates
839 5268 1196 5325 inibecillium
1226 5271 1399 5338 ferre,
1447 5286 1545 5326 nec
1582 5271 1740 5327 nobis
1776 5273 1909 5342 ipsis
1931 5274 2044 5341 pla-

457 5371 606 5414 cere.

532 5448 920 5519 Unusquisque
957 5460 1192 5508 vestrum
1237 5456 1485 5524 proximo
1517 5456 1681 5529 204
1728 5458 1937 5528 placeat
1986 5460 2042 5513 in

461 5558 528 5599 eo
554 5544 698 5613 quod
736 5544 941 5598 bonum
976 5554 1057 5600 est
1080 5548 1145 5600 ad
1169 5547 1613 5606 aedificationem.

533 5634 705 5692 Nemo
735 5652 831 5691 sua
881 5642 1110 5705 quaerat,
1144 5639 1235 5692 sed
1278 5641 1509 5709 proximi
1544 5643 1850 5699 commodis
1891 5642 2046 5713 quis-

462 5743 573 5801 que
606 5729 830 5784 serviat.

537 5818 718 5873 Onera
754 5826 967 5889 portate
1004 5819 1095 5875 alii
1151 5820 1408 5888 aliorum,
1444 5833 1497 5881 et
1542 5824 1623 5882 sic
1654 5826 1937 5897 explebitis
1970 5826 2047 5881 le-

475 5926 594 5984 gem
619 5910 839 5968 Christi.

2142 5000 2357 5071 οὐρανῷ
2379 5000 2673 5061 διαπαντὸς
2702 4998 2961 5067 βλέπουσι
2991 4996 3050 5052 τὸ
3073 4996 3364 5067 πρόσωπον
3387 4992 3476 5047 τοῦ
3501 4984 3685 5055 Πατρός

2145 5109 2249 5161 μου
2284 5091 2378 5144 τοῦ
2418 5095 2477 5145 ἐν
2511 5091 2780 5158 οὐρανοῖς.
3627 5162 3650 5176 η

2230 5182 2552 5253 Ὀφείλομεν
2607 5181 2773 5250 ήμεῖς
2802 5178 2852 5231 oi
2882 5178 3101 5233 δυνατοὶ
3130 5179 3198 5233 τὰ
3235 5178 3565 5247 ἀσθενήματα
3591 5177 3684 5219 των

2144 5274 2427 5329 ἀδυνάτων
2463 5270 2779 5343 βαστάζειν,
2808 5272 2905 5327 καὶ
2938 5272 3015 5344 μὴ
3042 5272 3256 5335 ἑαυτοῖς
3285 5268 3552 5340 ἀρέσκειν.

2223 5452 2497 5514 Ἕκαστος
2526 5449 2682 5519 ὑμῶν
2706 5447 2782 5519 τῷ
2809 5447 3040 5519 πλησίον
3065 5444 3341 5520 ἀρεσκέτω
3369 5442 3446 5504 είς
3475 5437 3531 5492 τί)
3556 5436 3681 5499 ἀγα·

2147 5544 2239 5597 θὸν
2279 5542 2414 5613 πρὸς
2448 5541 2760 5611 οἰκοδομήν.

2220 5635 2427 5704 Μηδεὶς
2457 5634 2516 5689 τὸ
2554 5633 2751 5689 ἑαυτοῦ
2784 5632 3042 5702 ζητείτω,
3086 5628 3222 5684 ἀλλὰ.
3259 5626 3316 5680 τὸ
3349 5620 3441 5678 τοῦ
3481 5613 3681 5683 πλησίον

2148 5732 2398 5793 ἕκαστος.

2236 5818 2511 5889 Ἀλλήλων
2561 5821 2628 5873 τὰ
2685 5818 2827 5888 βάρη
2879 5816 3199 5887 βαστάζετε.
3240 5811 3331 5867 καὶ
3374 5805 3532 5864 οὕτως
3563 5798 3677 5851 ἀνα⁴

2157 5911 2476 5977 πληρώσετε
2506 5911 2595 5965 τὸν
2628 5910 2789 5971 νόμον
2817 5910 2909 5961 τοῦ
2941 5904 3198 5968 Χριστοῦ.
