4056 6468
425 450 563 512 1163

423 656 675 711 meliores
708 652 922 709 efﬁcere
945 667 1040 709 eos
1070 651 1165 722 qui
1190 650 1450 722 injuriam
1495 649 1731 720 faciunt,
1767 650 1900 706 dum
1929 656 2008 706 too

426 748 669 802 leramus
696 743 983 815 patiendo.

386 845 395 856 '
502 835 899 905 Unusquisque
942 842 1192 889 nostrum
1220 832 1428 904 aliquid
1465 830 1647 901 debet,
1678 839 1733 887 et
1757 829 2012 887 Christus

429 926 604 981 multa
657 924 789 982 facit
822 925 1083 980 nomina.
1128 924 1354 981 Veniam
1377 924 1596 990 demns,
1643 932 1705 979 ut
1729 922 1888 981 nobis
1918 935 2012 979 re-

430 1018 701 1072 mittatur.

509 1108 569 1163 Si
600 1107 711 1162 Deo
744 1106 881 1162 nihil
909 1106 1163 1178 supplicii
1191 1107 1356 1164 debes
1378 1148 1395 1175 ,

500 1198 623 1271 Ipse
652 1214 871 1271 quoque
908 1199 1048 1254 nihil
1096 1198 1355 1255 aﬂiciaris
1394 1193 1710 1255 debentium
1749 1196 2013 1265 miseriis;

506 1374 606 1432 Sin
652 1384 835 1432 autem
871 1377 982 1433 scis
1033 1388 1089 1434 te
1134 1376 1359 1446 debere,
1396 1384 1456 1432 tu
1487 1376 1637 1446 prior
1681 1375 1881 1432 exhibe
1910 1374 2020 1431 cle-

1630 1465 1942 1540 [mentiam.

511 1560 620 1618 Pro
649 1559 1028 1618 misericordia
1052 1558 1199 1614 enim
1230 1558 1318 1615 vel
1345 1558 1489 1629 apud
1514 1560 1683 1615 Deum
1710 1558 1888 1628 ipsum
1917 1555 2019 1610 mi-

1251 1650 1572 1722 [sericordia
1608 1649 1945 1721 rependitur.

514 1743 666 1802 Satis
698 1752 784 1802 est
809 1744 1113 1801 moderatis
1144 1742 1363 1814 quidem
1399 1744 1698 1814 injuriosos
1741 1752 1887 1798 metu
1935 1744 2021 1798 af-

437 1837 554 1904 fici,
582 1847 743 1907 atque
798 1851 863 1893 ea
905 1847 1224 1906 exspectare
1271 1835 1474 1906 quibus
1508 1844 1639 1891 sunt
1669 1834 1818 1906 digni
1850 1851 1869 1904 ς
1899 1850 2021 1905 qua

438 1930 588 1987 enim
650 1929 775 2000 quis
830 1939 1090 1998 tanquam
1142 1942 1498 1997 perpessurus
1543 1928 1778 1994 metuit,
1829 1927 2018 1983 eadem

441 2021 676 2093 patitur,
706 2018 924 2075 etiamsi
948 2033 1058 2073 non
1081 2018 1343 2088 patiatur,
1366 2025 1421 2073 et
1444 2016 1589 2072 forte
1615 2017 1738 2087 plus
1772 2031 1803 2072 a
1820 2018 2019 2088 ,seipso

440 2113 691 2185 punitur,
729 2126 891 2182 quam
922 2113 991 2167 ab
1017 2111 1083 2166 iis
1114 2111 1209 2181 qui
1241 2111 1540 2168 crueiaturi
1564 2117 1772 2166 essent.

516 2205 666 2262 Satis
696 2219 821 2261 esse
853 2204 1174 2259 existimare
1222 2202 1518 2266 debemus.
1554 2202 1601 2260 si
1657 2201 1890 2259 faciendi
1925 2218 2024 2272 po-

442 2300 698 2350 testatem
733 2292 1022 2347 habemus.

519 2385 667 2441 Satis
708 2383 840 2438 mihi
896 2380 1153 2453 supplicii
1187 2390 1271 2435 est
1303 2380 1569 2437 adversus
1612 2397 1707 2438 eos
1751 2383 1849 2453 qui
1878 2384 2025 2456 inju-

443 2477 587 2534 riam
623 2474 929 2541 intulerint,
952 2474 998 2528 si
1032 2472 1334 2528 ulciscendi
1366 2481 1609 2541 potestas
1639 2473 1823 2530 fuerit.

519 2568 588 2623 Et
629 2580 1010 2638 sarpenumero
1048 2564 1126 2637 (l)
1158 2565 1493 2620 mentionem
1525 2565 1666 2622 facio
1693 2567 1864 2623 venia:
1895 2568 2030 2623 dan-

447 2664 554 2731 de,
588 2672 648 2719 ut
692 2677 815 2733 quae
843 2659 912 2715 ad
962 2658 1196 2716 salutem
1244 2658 1455 2729 pudore
1494 2658 1745 2715 allectum
1774 2675 1897 2716 eum
1929 2661 2026 2732 qui

447 2754 706 2826 injuriam
740 2751 990 2807 intulerit
1022 2790 1038 2819 ,
1087 2749 1333 2816 reducat,
1363 2756 1417 2804 et
1448 2758 1596 2805 metu
1638 2750 1921 2805 liberatam
1958 2756 2027 2807 ad

451 2860 697 2902 amorem
736 2844 941 2899 alliciat
974 2850 1210 2898 mentem
1246 2856 1368 2912 quae
1401 2857 1509 2897 non
1545 2856 1775 2912 prorsus
1802 2843 2027 2914 desipit.

517 2938 690 2995 Multo
721 2946 803 2993 est
833 2937 1031 2992 melius
1057 2934 1246 2990 dolore
1296 2936 1495 3006 exiguo
1530 2949 1851 3006 comparare
1879 2936 2029 2991 utili-

447 3040 589 3089 tates
614 3030 907 3095 maximas,
942 3044 1102 3099 quam
1135 3027 1445 3097 voluptates
1477 3027 1757 3098 sequendo
1794 3039 2025 3083 summm

446 3130 616 3181 totius
649 3124 905 3179 damnum
946 3118 1172 3176 inferre.

450 3316 601 3364 sunt.“

524 3401 889 3471 lgnoscamus
920 3397 1116 3455 alienis
1166 3397 1225 3454 in
1274 3412 1376 3453 nos
1405 3396 1683 3469 peccatis,
1718 3408 1779 3453 ut
1821 3406 1876 3454 et
1921 3395 2031 3467 ipsi

451 3492 669 3549 veniam
704 3493 1087 3562 impetremus.

522 3582 603 3641 Ne
640 3592 695 3639 te
751 3584 906 3639 fallat
947 3583 1127 3639 inanis
1175 3590 1230 3640 et
1276 3589 1443 3637 stulta
1479 3583 1745 3655 cogitatio
1796 3591 1858 3638 ut
1890 3584 2037 3654 juste

453 3677 714 3748 persequi
747 3676 981 3733 crimine
1009 3689 1203 3732 vacare
1240 3675 1405 3747 206
1441 3674 1654 3741 credas,
1684 3684 1741 3731 et
1773 3674 2037 3745 iniurium

450 3769 669 3841 legibus
704 3770 919 3825 tradere
949 3768 1310 3839 puniendum.

527 3861 597 3918 Ut
631 3878 756 3918 cum
795 3863 1013 3917 ratione
1047 3863 1290 3926 vincere,
1321 3860 1402 3916 sic
1432 3870 1485 3916 et
1521 3858 1752 3914 honeste
1780 3858 1926 3913 vinci
1955 3859 2039 3913 di-

455 3952 714 4009 dicimus.

527 4040 590 4098 Β.
621 4040 900 4112 (Πινῃεοει.
955 4039 1172 4105 Quanto
1198 4037 1393 4094 fortior
1418 4036 1612 4104 fueris,
1640 4044 1797 4092 tanto
1827 4037 2039 4106 aequius

454 4143 541 4191 est
571 4146 623 4190 te
658 4131 1075 4189 imbecilliorem
1132 4130 1298 4188 ferre.
1360 4128 1479 4185 Non
1527 4130 1673 4185 enim
1727 4130 1830 4187 sibi
1862 4130 2038 4185 solum

428 4228 620 4294 .fortis
653 4242 776 4282 esse
792 4227 953 4282 debet
982 4227 1073 4296 qui
1095 4225 1290 4281 robore
1317 4224 1579 4295 praeditus
1607 4233 1714 4292 est,
1751 4226 1846 4280 sed
1874 4224 2039 4280 etiam

453 4321 601 4378 aliis.
627 4320 785 4388 Quod
808 4319 855 4376 si
884 4319 1024 4375 dicis
1047 4328 1100 4375 te
1118 4320 1312 4374 fortem
1341 4333 1484 4383 esse,
1516 4325 1571 4373 et
1603 4317 1750 4375 illius
1799 4316 2042 4374 imbecil-

453 4415 659 4471 litatem
721 4413 1054 4479 contemnis,
1094 4413 1366 4483 duplicem
1399 4410 1558 4467 dabis
1593 4426 1813 4482 pinnam
1850 4429 1864 4465 :
1909 4427 2035 4466 naut

457 4507 840 4580 unusquisque
882 4518 1136 4562 nostrum
1177 4507 1244 4563 de
1274 4505 1449 4561 salute
1494 4506 1728 4576 proximi
1771 4505 2041 4561 soliicitus

1626 444 1951 527 ΑΝΤΟΝΙΙ
1991 444 2342 506 ΜΕΙᾸΞΞΒ

490 562 705 618 Bonum
741 570 825 618 est
870 559 1286 617 mansuetudine
1333 559 1618 616 audaciam
1647 559 1889 624 vincere,
1934 568 1989 614 et
2018 566 2066 624 Α

3551 440 3673 504 liii

2180 560 2413 629 ’Δγαθδν
2459 559 2792 632 χρηστότητι
2839 562 2997 632 νικᾷν
3041 558 3390 631 θρασύτητα,
3422 558 3519 612 καὶ
3567 558 3676 625 βελ-

2111 654 2259 716 τίους
2287 654 2463 709 ποιεῖν
2486 653 2613 717 τοὺς
2644 651 3000 719 ἀδικοῦντας,
3044 647 3128 715 οἷς
3169 648 3555 722 καρτεροῦμεν
3587 649 3679 702 πά-

2116 760 2362 814 σχοντες.

2186 834 2458 899 Ἕκαστος
2481 835 2639 906 ἡμῶν
2670 837 2821 890 ἐστιν
2845 837 2905 891 ὲν
2925 836 3245 907 ἐπιτιμίοις,
3276 834 3375 890 καί
3400 835 3542 905 ὀχοῖς
3569 834 3632 908 [Ῑ.
3654 836 3681 889 δ

2113 926 2376 1000 Χριστὸς]
2410 928 2585 983 πολλά
2605 928 2763 999 φέρει
2791 929 2861 985 τὰ
2885 930 3203 1000 ὀφλήματα.
3237 929 3681 999 Συγχωρήσωμεν

2114 1014 2231 1087 οὖν,
2260 1020 2348 1074 ῐνα
2376 1020 2829 1092 συγχωρηθώμεν
2860 1037 2876 1053 ο
2919 1021 3174 1092 ἀφῶμεν,
3209 1021 3304 1076 ἵνα
3335 1020 3512 1092 ἀφεθῇ
3536 1021 3680 1092 ἡμῖν.

2223 1113 2287 1166 El
2313 1113 2482 1184 μηδὲν
2511 1112 2695 1184 δφλεις
2728 1114 2807 1184 τῷ
2827 1113 2949 1185 Θεῷ
2982 1114 3264 1184 τιμωρίας
3290 1152 3306 1180 ,

2218 1204 2359 1275 Μηδ’
2384 1204 2544 1269 αὐτὸς
2570 1203 2680 1260 ῐσθι
2698 1207 2812 1270 τοῖς
2833 1206 3111 1276 ὀφείλουσι
3143 1203 3444 1276 συμπαθής
3464 1202 3526 1277 [ι.
3550 1205 3683 1273 ὀφεί-

3096 1295 3253 1348 λουσ’
3283 1291 3583 1365 ὲμπαθής]’

2224 1389 2287 1441 Εἰ
2310 1386 2354 1440 δ’
2388 1382 2533 1451 οἶδας
2563 1386 2766 1455 δςρλων,
2804 1387 2900 1441 καὶ
2925 1386 3244 1457 πρόχρησον
3272 1385 3336 1438 τδ
3361 1384 3556 1452 πρᾶον.

2229 1571 2412 1639 Οἰκτῳ
2442 1572 2549 1638 γὰρ
2583 1562 2765 1632 οἶκτος
2796 1565 2889 1621 καὶ
2915 1565 3034 1636 Θεῷ
3063 1562 3456 1633 σταθμίζεται.

2193 1752 2476 1825 Δῦταρκες
2502 1754 2614 1815 τοῖς
2665 1768 2729 1818 γε
2763 1749 3007 1819 μετρίοις
3051 1747 3113 1800 τὸ
3160 1747 3276 1800 τῶν
3319 1744 3684 1815 λελυπηκότων

2122 1846 2263 1911 δέο;,
2292 1846 2387 1899 καὶ
2442 1844 2504 1898 τὸ
2552 1842 2921 1914 προσδοκῆσαι
2964 1840 3135 1894 ταῦτα
3192 1837 3415 1902 παθεῖν,
3447 1828 3521 1888 ὧν
3556 1836 3685 1889 εἰσιν

2133 1936 2295 2001 ἄξιοι.
2333 1935 2398 1989 Ἀ
2425 1934 2531 2005 γάρ
2558 1949 2640 1997 τις
2668 1932 2743 1996 ώς
2777 1931 3101 2001 πεισόμενος
3129 1928 3371 1990 uictu,
3416 1926 3580 1980 ταῦττ
3607 1924 3690 1975 πι-

2140 2027 2327 2090 πονθε.
2358 2027 2462 2081 κᾶν
2492 2024 2568 2097 μὴ
2596 2025 2768 2096 πάθῃ,
2800 2026 2894 2078 καὶ
2932 2024 3102 2078 πλείω
3134 2020 3275 2093 παρ’
3305 2019 3497 2073 laurei:
3528 2014 3687 2085 τυχδν,

2140 2121 2174 2192 ἡ
2207 2119 2314 2173 τῶν
2348 2118 2657 2190 δρασόντων
2686 2117 2999 2178 κολάζεται.

2207 2210 2489 2283 Αΰταρκες
2541 2208 2797 2283 ἡγεῖσθαι
2840 2207 3018 2280 χρεὼν
3047 2206 3149 2277 τὴν
3197 2202 3296 2259 τοῦ
3344 2200 3512 2255 ποιεῖν
3559 2195 3694 2265 ἔξου-

2140 2306 2284 2363 sint.

2217 2399 2507 2470 Αὐτάρκης
2561 2413 2652 2466 μοι
2686 2394 2926 2466 τιμωρία
2975 2393 3120 2446 κατά
3169 2392 3283 2445 τῶν
3317 2387 3634 2446 ἀδικούντων
3664 2383 3689 2453 ἡ

2141 2495 2233 2549 τοῦ
2268 2492 2521 2563 ἀντιδρᾷν
2552 2488 2794 2555 ἐξουσία.

2218 2588 2327 2641 Καὶ
2355 2572 2416 2637 τδ
2447 2582 2775 2652 συγγνῶμον
2800 2579 3061 2641 πολλάκις
3081 2577 3250 2645 λέγω,
3281 2575 3417 2645 πρὸς
3446 2569 3693 2641 σωτηρίαν

2145 2678 2285 2733 αἰδοῖ
2330 2677 2626 2744 κατεῖργον
2676 2672 2769 2726 τὸν
2817 2670 3182 2741 ἀδικήσαντα,
3228 2669 3324 2723 καὶ
3375 2666 3597 2735 μετάγον
3624 2660 3690 2722 είς

2145 2770 2368 2842 φίλτρον
2404 2769 2468 2821 ὲκ
2498 2765 2665 2836 φόϐου
2701 2765 2800 2835 τὴν
2830 2763 3252 2832 ἀσφαλεστέραν
3281 2761 3509 2814 ἔννοιαν.

2215 2861 2404 2931 Πολλῷ
2449 2859 2659 2930 βέλτιον
2710 2857 2886 2928 μικρά
2938 2855 3265 2925 λυπήσαντα
3314 2853 3542 2922 μέγιστα
3569 2847 3692 2914 ὠφε-

2147 2957 2334 3026 λῆσαι,
2366 2955 2400 3024 ἢ
2432 2952 2492 3005 τὸ
2524 2950 2658 3021 πρὸς
2686 2948 2883 3020 ἡδονὴν
2911 2946 3184 3001 διώκοντα
3214 2945 3491 3015 ζημιῶσαι
3523 2943 3593 3011 τῷ
3614 2954 3690 2992 κε·

2145 3048 2385 3118 φαλαίῳ.

519 3217 689 3274 Bonis
716 3214 930 3287 praediti
970 3213 1217 3270 moribus
1240 3212 1307 3270 ad
1333 3212 1547 3269 veniam
1578 3211 1814 3268 dandam
1852 3213 2029 3283 parati

2208 3232 2474 3301 Ἔτοιμον
2498 3227 2557 3281 τὸ
2588 3224 2827 3297 χρηστὸν
2855 3223 2934 3287 είς
2968 3220 3332 3295 συγγνώμην.

2209 3407 2670 3481 Συγχωρήσωμεν
2690 3401 2761 3457 τὰ
2791 3400 2871 3463 εἰς
2903 3400 3074 3470 ἡμᾶς,
3107 3400 3200 3457 ῐνα
3235 3401 3332 3456 καὶ
3360 3400 3513 3456 αὐτοὶ
3533 3396 3686 3468 τύχω·

2142 3521 2243 3577 μεν
2274 3500 2697 3573 συγχωρήσεως.

2210 3596 2303 3667 Μή
2337 3611 2401 3649 σε
2430 3592 2699 3648 ἀπατάτω
2728 3594 2960 3662 μάταιος
2988 3589 3277 3660 λογισμδς,
3297 3590 3379 3643 ὅτι
3403 3586 3462 3640 τὸ
3491 3580 3685 3638 δικαίως

2139 3685 2390 3742 ἐπελθεῖν
2436 3684 2729 3742 ἀνεύθυνόν
2782 3687 2921 3751 ἐστι,
2976 3683 3074 3739 καὶ
3123 3683 3191 3737 τὸ
3240 3676 3570 3751 παραδοῦναι
3592 3672 3688 3730 τοῖς

2142 3781 2331 3849 νόμοις
2364 3779 2457 3833 τὸν
2490 3778 2853 3849 ἀδικήσαντα.

2214 3873 2428 3942 Ὥσπερ
2458 3871 2557 3925 σὺν
2599 3870 2745 3942 λόγῳ
2771 3871 2952 3942 νικᾷν,
2985 3870 3163 3935 οὕτως
3210 3868 3307 3923 καὶ
3335 3860 3577 3922 νικᾶσθαι
3603 3872 3689 3909 κα-

2141 3967 2250 4030 λῶς
2280 3965 2707 4037 μεμαθήκαμεν.

2217 4058 2479 4128 Ὅσῳπερ
2511 4055 2581 4110 ἂν
2623 4055 2977 4128 ἰσχυρότερος
3000 4052 3091 4129 ᾖς’,
3123 4054 3366 4125 τοσούτῳ
3388 4046 3687 4115 δικαιότερος

2143 4143 2210 4198 ἂν
2243 4143 2360 4213 εἴης
2397 4143 2488 4196 τὸν
2516 4142 2907 4212 ἀσθενέστερον
2934 4143 3322 4210 διαδαστὰξαι.
3355 4140 3427 4193 Οὐ
3457 4137 3556 4207 γὰρ
3578 4133 3686 4185 ἑαυ-

2142 4234 2219 4304 τῷ
2258 4234 2442 4304 μόνον,
2489 4233 2625 4289 ἀλλά
2674 4236 2768 4288 καὶ
2797 4235 3007 4305 ἑτέροις
3055 4236 3278 4306 ἰσχυρὸν
3310 4228 3447 4287 εἶναι
3475 4226 3569 4299 χρὴ
3600 4222 3677 4275 τὸν

2146 4327 2420 4398 ἰσχύοντα.
2470 4328 2534 4382 Ei
2566 4327 2646 4393 at,
2692 4326 2870 4395 λέγων
2905 4327 3135 4397 ἰσχύειν,
3184 4327 3282 4397 τὴν
3315 4322 3581 4378 ἀσθένειαν
3604 4314 3686 4381 τὴν

2144 4420 2355 4474 ἐκείνου
2387 4421 2675 4491 περιορᾷς,
2708 4418 2905 4491 διπλῆν
2935 4419 3130 4484 δώσεις
3164 4418 3344 4489 δίκην.
3388 4410 3685 4469 ’Υπεύθυνος

2144 4513 2251 4584 γὰρ
2284 4512 2513 4576 ἕκαστος
2546 4513 2707 4584 ἡμῶν
2733 4514 2832 4583 τῆς
2868 4511 2965 4567 τοῦ
2998 4513 3230 4581 πλησίον
3259 4507 3522 4577 σωτηρίας
3550 4495 3681 4584 snt-

422 4672 427 4677 β
450 4615 575 4658 esse
601 4600 728 4671 jure
748 4599 943 4656 debet:
964 4600 1149 4669 itaque
1174 4612 1281 4653 non
1309 4606 1520 4652 tantum
1540 4598 1823 4665 commoda
1851 4605 2032 4653 nostra

2143 4603 2232 4656 διὰ
2260 4602 2421 4657 τοῦτο
2446 4583 2575 4673 οὐχι
2609 4601 2680 4656 τὰ
2728 4602 2938 4656 ἑαυτῶν
2970 4604 3196 4656 σκοπεῖν
3243 4602 3424 4671 μόνον,
3452 4591 3577 4648 ἀλλὰ
3603 4583 3682 4677 καί

452 4704 707 4764 spectare
737 4701 792 4748 et
816 4706 1011 4760 parare
1041 4691 1182 4761 jussi
1206 4705 1424 4754 sumus,
1449 4690 1544 4743 sed
1574 4691 1738 4743 etiam
1769 4690 2045 4759 proximo-

452 4802 600 4843 rum.
626 4785 809 4841 Pretio
837 4786 1008 4854 empti
1040 4784 1273 4849 sumus;
1298 4782 1392 4852 qui
1427 4790 1609 4835 autem
1648 4796 1750 4837 nos
1788 4782 2040 4847 redemit,

368 4938 381 4947 ,
451 4878 563 4934 hoc
597 4877 940 4949 praescripsit
971 4875 1039 4930 ad
1075 4888 1421 4930 communem
1455 4875 1703 4928 omnium
1730 4875 2040 4929 utilitatem.

527 4968 645 5026 Non
675 4968 998 5040 simpliciter
1029 4966 1097 5022 ad
1119 4967 1442 5022 delictorum
1476 4967 1702 5021 modum
1728 4967 2040 5023 adhibenda

455 5074 539 5119 est
571 5061 909 5132 objurgatio,
960 5059 1045 5115 vel
1089 5058 1416 5128 castigatio:
1456 5060 1550 5116 sed
1600 5059 2037 5130 delinquentium

453 5154 742 5210 consilium
788 5154 952 5208 etiam
994 5153 1452 5209 considerandum
1479 5160 1594 5208 est:
1624 5167 1690 5207 ne
1720 5153 1848 5207 dum
1866 5154 2047 5208 dissu-

455 5256 571 5303 tum
598 5259 866 5301 consuere
898 5244 1005 5315 vis,
1036 5229 1365 5302 deteriorem
1404 5244 1612 5301 eﬂicias
1645 5229 1952 5316 rupturam‘.

527 5425 757 5483 Diﬂicile
786 5441 906 5483 esse
939 5426 1181 5482 arbitror
1217 5435 1272 5481 ut
1300 5426 1395 5496 qui
1433 5424 1659 5482 futurus
1699 5432 1782 5481 est
1814 5425 2045 5481 aliorum

454 5520 821 5590 reprehensor
845 5529 899 5575 et
928 5520 1250 5588 castigator,
1289 5520 1532 5575 animum
1575 5534 1736 5575 suum
1772 5518 1841 5573 ab
1865 5518 2039 5573 auda-

453 5617 539 5670 cia
571 5624 627 5669 et
664 5614 921 5683 superbia
962 5614 1283 5679 longissime
1313 5613 1586 5679 abducat,
1624 5620 1678 5669 et
1713 5613 1894 5667 verbis
1922 5621 2042 5665 tau-

456 5720 595 5774 tum,
627 5724 734 5764 non
768 5709 1085 5762 verberibus
1119 5717 1261 5776 agat.

527 5911 605 5981 (ι)
648 5913 916 5976 Videntur
944 5913 1059 5971 haec
1088 5911 1365 5983 iungenda
1396 5911 1726 5983 praecedenti
1758 5915 1969 5972 versui.

2140 4695 2209 4748 τὶ
2238 4695 2350 4747 τῶν
2382 4694 2551 4755 πέλας
2585 4693 3011 4764 ὲκελεύσθημεν.
3044 4694 3226 4763 Τιμῆς
3254 4675 3684 4762 ἠγοράσθημενά

2138 4786 2195 4841 δὲ
2231 4785 2510 4855 ἀγοράσας
2560 4785 2711 4855 ἡμᾶς
2757 4784 2917 4839 τοῦτο
2951 4784 3287 4856 προσέταξεν
3318 4777 3410 4833 ἐπὶ
3440 4777 3502 4846 τῇ
3551 4766 3679 4832 κοινῇ

2141 4877 2360 4931 πάντων
2390 4878 2726 4946 λυσιτελείᾳ.

2215 4969 2329 5039 Οὐχ
2368 4968 2554 5032 ἁπλῶς
2586 4969 2723 5039 πρὸς
2765 4968 2825 5020 τὺ
2866 4966 2973 5022 τῶν
3008 4962 3469 5037 παραπτωμάτων
3512 4955 3680 5023 μέτρω*

2143 5059 2223 5113 δεῖ
2247 5062 2347 5131 τὴν
2380 5061 2703 5131 ἐπιτίμησιν
2722 5061 2974 5131 ἐπάγειν,
2995 5062 3133 5115 ἀλλὰ
3164 5061 3258 5114 καὶ
3290 5058 3384 5125 τῆς
3404 5049 3505 5104 τῶν
3528 5047 3679 5131 ἀμαρζ

2145 5152 2419 5207 τανόντων
2474 5155 2832 5223 στοχάζεσθαι
2893 5155 3286 5226 προαιρέσεως,
3325 5147 3397 5219 μή
3452 5153 3586 5201 ποτε,
3629 5127 3679 5182 τὸ

2144 5245 2446 5317 διερρωγὸς
2507 5246 2678 5316 ῥάψαι
2747 5247 3110 5316 βουλόμενος,
3172 5247 3353 5317 χεῖρον
3402 5236 3458 5291 τὸ
3504 5228 3677 5300 σχίσμα

2146 5338 2406 5407 ποιήσῃς.

2220 5431 2403 5484 Δεινὸν
2433 5427 2586 5502 οἶμαι
2630 5433 2721 5486 τὸν
2751 5433 3013 5503 μέλλοντα
3043 5429 3354 5503 ἐλεγκτικὸν
3382 5419 3535 5482 εἶναι,
3566 5411 3676 5481 99³⁸

2144 5523 2371 5590 σύτητος
2402 5526 2634 5593 μάλιστα
2667 5527 2762 5580 καὶ
2784 5527 3049 5592 ἀπονοίας
3084 5521 3411 5597 πορρωτάτω
3439 5516 3529 5581 τὴν
3562 5506 3672 5597 ἐφ’

2141 5615 2236 5669 τοῦ
2268 5617 2447 5689 ψυχὴν
2479 5618 2737 5689 ἁπάγειν,
2774 5622 2872 5674 καὶ
2914 5619 2975 5673 τὸ
3007 5594 3334 5691 δραστήριον
3367 5612 3422 5662 ὲν
3448 5605 3504 5672 τῇ
3535 5594 3672 5665 φύσίί

2143 5708 2252 5762 τῶν
2283 5711 2566 5779 ῥημάτων,
2598 5712 2692 5766 καὶ
2735 5712 2811 5783 μὴ
2857 5713 2967 5768 τῶν
3020 5708 3356 5783 πραγμάτων
3404 5691 3669 5751 ἐπιό.ἰκιυ’

2146 5802 2263 5855 σθαι
2300 5802 2482 5872 μόνον.
