4056 6422
377 454 513 516 1145
1218 450 1389 511 LOCl
1428 450 1873 512 COMMUNES.
1910 473 1969 487 --
2014 450 2212 510 PARS
2248 449 2334 511 II.
2368 450 2630 512 SEHMO
2656 453 2809 515 LVI.

3496 451 3638 517 iii6
3700 472 3708 480 '

443 566 639 629 Πιστὸς
674 563 735 618 εὖ
787 565 933 635 μάλα
962 567 991 618 ὁ
1034 565 1152 635 μετ’
1197 566 1513 637 ἐπιστήμης
1559 565 1777 634 ἔλεγχος
1801 582 1815 599 ο
1852 566 1973 630 ὅτε,

2120 564 2381 627 ϐίξηιεηε.
2424 565 2627 623 Fidelis
2661 569 2922 632 maxime,
2956 582 3076 638 qum
3114 562 3344 623 scientia
3372 568 3637 635 adhibita,

371 660 470 712 καὶ
497 655 811 726 τελειοτάτη
840 654 1115 720 ἀπόδειξις
1149 654 1469 726 εὑρίσκεται
1519 657 1555 728 ἡ
1604 655 1809 724 γνῶσις
1835 655 1948 709 τῶν

2075 654 2113 709 it
2145 655 2537 723 reprehensio,
2594 659 2812 727 quando
2861 658 3262 728 perfectissima
3293 658 3640 715 demonstra-

373 764 661 816 κατεγνωσ
672 748 872 818 μένων.

2076 746 2131 803 io
2160 756 2264 814 est,
2299 750 2791 804 condernnataium
2823 765 3005 804 rerum
3033 751 3291 820 cognitio.

446 840 650 905 Μεῖζον
679 840 883 907 ἀγαθὸν
911 838 971 894 τδ
995 839 1319 909 ἐλεγχθῆναι
1339 837 1436 891 τοῦ
1465 835 1685 907 ἐλέγξαι
1718 838 1948 909 νομίζω,

374 934 486 1003 ὅσῳ
546 934 733 1003 μεῖζόν
775 937 903 1006 ἐστι⁹
936 934 998 987 τὸ
1045 934 1210 988 αὐτὸν
1239 930 1624 1001 ἀπαλλαγῆναι
1656 930 1831 986 κακοῦ
1858 928 1952 985 τοῦ

375 1028 533 1083 ἄλλον
564 1026 899 1091 ἀπαλλάξαι.
1249 1034 1252 1036 ⁷

449 1119 563 1175 Καὶ
595 1120 722 1182 τοὺς
754 1120 847 1172 ἐπὶ
886 1118 1098 1191 ψεκτῆς
1135 1120 1312 1183 αἰτίας
1357 1117 1785 1189 περιπεσόντας,
1824 1133 1956 1170 σκυ-

377 1210 615 1283 θρωπῶς
646 1211 913 1265 νουθετῶν
943 1230 1050 1278 τις,
1096 1214 1198 1266 οὐκ
1233 1212 1300 1268 ἂν
1347 1209 1557 1281 ἐλέγξοι
1609 1210 1755 1266 κατὰ
1794 1209 1958 1280 λόγον

378 1302 721 1372 κινούμενος.
752 1303 829 1358 Τὸ
859 1304 967 1374 γὰρ
1002 1304 1207 1371 λέγειν,
1239 1304 1390 1357 Διατί
1421 1302 1777 1374 ἡμάρτανεςς
1816 1301 1957 1372 βαρῦ

382 1394 585 1463 μᾶλλόν
616 1395 784 1458 ἐστιν,
813 1395 846 1464 ἢ
882 1395 1063 1448 πόνων
1092 1395 1377 1462 κουφίσαι·
1416 1395 1561 1465 μέγα
1595 1394 1821 1448 δύναται
1852 1410 1956 1448 κυ-

381 1487 512 1557 ρίως
545 1486 641 1540 καὶ
668 1487 741 1550 ὡς
773 1486 854 1540 δεῖ
886 1487 1301 1559 προσαγόμενος
1340 1488 1587 1558 ἐλεγχος.

442 1654 754 1728 Συγγνώμη
790 1657 1087 1725 μετάνοιαν
1118 1656 1329 1726 πέφυκε
1364 1660 1584 1731 γεννᾷν.

451 1746 612 1801 Γίνου
644 1749 756 1812 τοῖς
791 1749 979 1816 πᾶσιν,
1010 1748 1088 1813 ὡς
1121 1749 1186 1803 σὺ
1224 1748 1292 1820 [Γ.
1330 1750 1438 1825 σοὶ]
1463 1750 1637 1817 θέλεις
1669 1753 1795 1819 τοὺς
1826 1753 1963 1808 πάν-

377 1856 498 1903 τας.

2126 838 2401 894 Metlwdii.
2441 840 2617 909 Majus
2654 840 2858 895 bonum
2891 855 3009 897 esse
3034 841 3226 912 judico
3255 842 3642 912 reprehensio-

2055 945 2181 985 nem
2217 929 2361 986 ferre
2387 946 2548 998 quam
2577 933 2998 1001 reprehendere,
3032 942 3238 1003 quanto
3275 934 3451 1004 majus
3474 936 3641 991 etiam

2056 1030 2144 1076 est
2177 1021 2409 1091 teipsum
2443 1020 2664 1076 liberari
2696 1021 2838 1078 malo
2870 1038 3034 1093 quam
3070 1023 3309 1077 liberare
3336 1024 3532 1082 alium.

2128 1109 2240 1165 Nec
2274 1112 2565 1180 quisquam
2600 1111 2789 1167 tetrice
2844 1127 3096 1178 monens,
3130 1127 3225 1169 eos
3251 1114 3346 1184 qui
3381 1115 3436 1169 in
3493 1115 3644 1171 vitu-

2056 1201 2344 1272 peratione
2426 1202 2642 1272 dignam
2719 1218 2834 1258 rem
2917 1203 3234 1270 inciderint,
3297 1208 3642 1277 coarguendo

2058 1292 2311 1351 oratione
2330 1302 2602 1349 commota
2630 1303 2817 1350 utatur
2833 1312 2849 1350 :
2868 1310 2995 1351 nam
3015 1296 3216 1364 dicere,
3237 1295 3348 1352 Cur
3371 1298 3646 1368 peccasti?

2060 1386 2296 1457 gravius}
2333 1395 2419 1441 est
2472 1396 2524 1441 et
2568 1386 2836 1452 severius,
2893 1403 3057 1458 quam
3109 1388 3390 1445 laborihus
3443 1390 3642 1445 levare.

2063 1476 2291 1531 Multum
2338 1487 2523 1533 autem
2554 1477 2701 1534 valet
2754 1482 2977 1549 proprie
3009 1488 3148 1534 etut
3198 1481 3356 1536 decet
3403 1481 3647 1537 adhibita

2063 1570 2443 1639 reprehensio.

2132 1661 2397 1718 Philunis.
2440 1660 2611 1719 Venia
2636 1663 3015 1734 paenitentiam
3043 1673 3290 1732 generat.

2133 1750 2372 1823 Evagrii.
2403 1753 2591 1809 Talem
2631 1762 2681 1810 te
2712 1762 2913 1824 praesta
2942 1755 3199 1811 omnibus
3224 1795 3239 1821 ,
3308 1756 3499 1826 quales
3553 1757 3649 1813 tibi

2063 1854 2252 1896 omnes
2277 1856 2402 1897 esse
2436 1843 2540 1899 vis.

449 1931 562 2002 Τὴν
609 1932 960 2004 συγχώρησιν
999 1936 1109 1989 τῶν
1152 1936 1573 2008 ἁμαρτημάτων
1608 1936 1766 2006 ἡμῶν
1799 1938 1856 1991 ἐν
1889 1940 1958 2012 τῇ

2135 1933 2385 1991 Maximi.
2420 1935 2644 1992 Veniam
2680 1948 2735 1994 et
2785 1941 3242 1997 condonationem
3300 1955 3647 2010 peccatorum

381 2024 727 2091 συγχωρήσει
769 2023 866 2075 τοῦ
917 2022 1147 2095 πλησίον
1180 2026 1529 2097 εὑρίσκομεν
1573 2029 1669 2080 καὶ
1712 2028 1775 2081 τὸ
1807 2028 1959 2092 ἕλεος

380 2112 474 2164 τοῦ
525 2113 731 2182 Κυρίου
782 2116 839 2167 ἐν
868 2118 933 2187 τῇ
987 2118 1325 2188 ἐλεημοσύνη
1368 2118 1465 2173 τοῦ
1523 2118 1758 2189 πλησίον
1799 2121 1964 2189 ἐγκέο

381 2218 647 2274 κρυπται.
684 2206 785 2260 Διὰ
811 2207 972 2262 τοῦτο
1008 2211 1036 2263 ὁ
1069 2210 1269 2281 Κύριος
1303 2212 1512 2280 ἔλεγεν*
1546 2232 1566 2266 ι
1609 2213 1836 2280 Ἅφετε,
1865 2215 1963 2268 καὶ

382 2295 716 2367 ἀφεθήσεται
744 2299 928 2368 Opim
957 2300 1016 2353 ἐν
1036 2301 1114 2372 τῷ
1143 2301 1409 2374 θελήματι
1438 2303 1591 2374 ὑμῶν
1609 2303 1795 2360 λοιπόν
1814 2306 1963 2361 ἐστιν

380 2389 415 2456 ἡ
449 2391 693 2460 σωτηρία
720 2393 749 2444 ὑ
757 2391 897 2462 μῶν.

968 2531 1192 2585 ΛΟΓΟΣ
1240 2529 1388 2600 Nq'.

383 2639 525 2709 Περὶ
559 2639 678 2697 τῶν
709 2644 796 2715 μὴ
829 2645 1150 2718 ἀφιέντων,
1188 2649 1349 2704 ἀλλὰ
1392 2652 1958 2721 μνησικακούντων.

467 2759 608 2813 Ὀδοὶ
644 2764 1003 2832 μνησικάκων
1029 2764 1110 2827 εἰς
1141 2764 1393 2821 θανάτου.
1624 2762 1629 2765 ’

460 2936 739 3006 Κρύπτων
773 2938 996 3011 ἔχθραν,
1023 2943 1311 3013 συνίστησι
1339 2943 1515 2999 δόλον.

469 3031 562 3094 '0;
594 3033 744 3100 μισεῖ
774 3033 1039 3104 κρύπτειν
1069 3035 1334 3107 ἀδίκημα,
1374 3035 1615 3108 διίστησι
1648 3036 1840 3108 φίλους
1868 3038 1965 3093 καὶ

390 3122 650 3186 οἰκείους.

472 3219 954 3290 Ἐμνησικάκησαν
984 3224 1077 3277 καὶ
1119 3224 1438 3295 ἐξεδῖκησαν
1468 3225 1641 3296 δίκην.
1680 3226 1781 3280 Διὰ
1803 3225 1965 3279 τοῦτο

2062 2036 2377 2082 nostrorum
2426 2029 2484 2085 in
2542 2032 2943 2088 eondonatione
3017 2033 3255 2104 proximi
3311 2034 3649 2091 invenimus.

2065 2117 2125 2172 Et
2182 2119 2562 2178 misericordia
2598 2122 2815 2181 Domini
2856 2126 2913 2182 in
2968 2126 3348 2183 misericordia
3393 2144 3512 2198 quae
3547 2131 3648 2184 im-

2062 2211 2290 2278 pertitur
2317 2212 2566 2281 proximo
2594 2215 2919 2279 abscondita
2983 2226 3089 2272 est.
3149 2216 3513 2284 Quamobrem
3546 2219 3648 2274 Do-

2063 2302 2249 2357 minus
2276 2303 2528 2362 dicebat:
2571 2322 2593 2359 ι
2627 2305 2935 2375 Remittite,
2965 2316 3022 2364 et
3063 2310 3371 2366 remittetur
3409 2311 3584 2378 vobis,
3623 2330 3643 2365 ι

2064 2390 2119 2445 in
2156 2392 2437 2448 voluntate
2475 2404 2656 2451 vestra
2686 2396 3019 2469 relinquitur
3050 2399 3203 2456 salus
3244 2410 3448 2457 vestra.

2487 2528 2723 2586 SERMO
2752 2529 2867 2585 LVI
2901 2529 2998 2604 [αι.
3025 2531 3265 2605 LXXV].

2096 2638 2176 2695 De
2206 2641 2272 2695 iis
2303 2640 2394 2713 qui
2432 2657 2537 2697 non
2568 2643 2863 2711 remittunt,
2893 2655 2948 2701 at
2982 2644 3213 2716 injurias
3251 2648 3619 2703 meminerunt.

2136 2752 2299 2811 Prov.
2351 2772 2499 2812 τινι.
2536 2756 2650 2812 Viae
2696 2772 2885 2813 eorum
2935 2759 3028 2830 qui
3079 2759 3337 2831 injuriam
3393 2764 3656 2820 memine-

2068 2857 2194 2902 runt
2224 2846 2292 2902 ad
2333 2857 2562 2902 mortem
2597 2847 2800 2904 ferunt.

2138 2938 2490 2994 Inimicitiam
2521 2939 2735 3008 celans,
2764 2940 2950 2997 dolum
2982 2943 3352 3000 machinatur.

2139 3031 2240 3096 Qui
2271 3031 2386 3086 odit
2416 3033 2696 3088 occultare
2747 3034 3005 3104 iujuriam
3046 3034 3400 3109 [acceptam],
3448 3037 3656 3094 amicos

2067 3122 2229 3193 207
2258 3132 2313 3177 et
2344 3122 2647 3180 familiares
2677 3124 2955 3183 dissociat.

2144 3215 2341 3270 Eucti.
2377 3233 2538 3272 xxxv.
2572 3217 2809 3286 injurias
2840 3220 3211 3276 meminerunt
3259 3230 3312 3276 et
3346 3222 3447 3277 ulti
3495 3233 3646 3290 sunt,

391 3284 719 3379 reide—lavat.
779 3284 1023 3382 Κθριοςο
1079 3284 1461 3388 Ἐκτενάτὴν
1504 3284 1664 3388 χείρά
1720 3336 1823 3388 μου
1879 3322 1971 3373 ἐπὶ

2078 3309 2436 3378 quamobrem
2471 3310 2589 3366 haec
2610 3310 2741 3366 dicit
2773 3312 3063 3379 Dominus;
3095 3313 3397 3369 Extendam
3427 3330 3651 3371 manum

390 3403 491 3474 τὴν
533 3404 860 3472 Ἰδουμαίαν,
914 3407 1009 3460 καὶ
1037 3406 1410 3478 ἐξολοθρεύσω
1442 3409 1502 3474 ἐξ
1543 3410 1716 3480 αὐτῆς
1763 3411 1975 3485 ἄνθρω-

393 3512 517 3561 πον,
546 3498 643 3551 καὶ
666 3497 907 3565 θήσομαι
945 3498 1117 3568 αὐτὴν
1143 3498 1374 3570 ἔρημον.

477 3590 538 3641 Ὀ
571 3588 801 3642 ἐκδικῶν
829 3591 979 3658 παρὰ
1013 3591 1218 3661 Κυρίου
1259 3591 1486 3662 εὑρήσει
1536 3592 1844 3664 ἐκδίκησιν,
1876 3592 1974 3645 καὶ

395 3681 497 3745 τὰς
529 3683 810 3754 ἁμαρτίας
839 3683 1006 3736 αὐτοῦ
1036 3678 1308 3753 διατηρῶν
1337 3685 1686 3756 διατηρήσει.

475 3775 799 3844 Ἀνθρωπος
827 3773 1102 3845 ἀνθρώπῳ
1143 3776 1390 3846 διατηρεῖ
1435 3776 1631 3847 ὀργὴν,
1678 3777 1777 3830 καὶ
1823 3778 1977 3847 παρὰ

399 3867 603 3936 Κυρίου
636 3865 791 3936 ζητεί
818 3866 982 3919 ἴασιν·
1013 3865 1101 3920 ἐπ’
1124 3865 1412 3936 ἄνθρωπον
1439 3868 1626 3937 ὅμοιον
1675 3867 1841 3923 αὑτοῦ
1872 3870 1974 3923 οὐκ

399 3959 515 4030 ἔχει
548 3958 716 4021 ἔλεος,
751 3959 847 4012 καὶ
879 3960 1008 4028 περὶ
1034 3959 1324 4032 ἁμαρτιῶν
1357 3960 1524 4014 αὑτοῦ
1573 3961 1769 4018 δεῖται.
1804 3961 1978 4027 Αὐτὸς

402 4053 540 4125 σὰρξ
586 4052 661 4106 ὣν
688 4053 945 4124 διατηρεῖ
996 4056 1199 4124 μῆνιν,
1249 4055 1345 4108 καὶ
1397 4055 1483 4117 τίς
1530 4054 1843 4120 ἐξιλάσεται
1878 4055 1976 4118 τὰς

399 4150 677 4220 ἁμαρτίας
729 4149 1259 4218 αὐτοῢ;Μνήσθητι
1311 4148 1381 4201 τὰ
1433 4148 1641 4217 ἐσχατά
1691 4165 1822 4211 σου,
1884 4148 1980 4201 καὶ

401 4243 610 4297 παῦσαι
642 4241 964 4312 ἐχθραίνων.
997 4220 1287 4311 Μνήσθητι
1322 4237 1575 4304 ἐντολῶν,
1609 4239 1705 4291 καὶ
1749 4237 1825 4309 μὴ
1870 4254 1976 4308 μη-

399 4336 556 4409 νίσῃς
581 4334 660 4401 τῷ
689 4333 916 4404 πλησίον
941 4347 1058 4385 σουι
1090 4330 1355 4403 διαθήκην
1394 4329 1677 4401 Ὑψίστου,
1704 4331 1798 4383 καὶ
1824 4344 1974 4399 παρ-

407 4429 522 4500 ίδῃς
554 4427 797 4497 ἄγνοιαν.

487 4522 612 4575 Ἐὰν
647 4522 720 4590 μὴ
751 4520 925 4589 ἀφῆτε
954 4519 1066 4582 τοῖς
1094 4515 1405 4588 ἀνθρώποις
1450 4516 1520 4572 τά
1548 4513 1981 4587 παραπτώματα

405 4615 608 4680 αὐτῶν,
645 4614 765 4666 οὐδὲ
795 4616 822 4665 ὁ
852 4612 1040 4682 Πατὴρ
1085 4611 1238 4679 ὑμῶν
1282 4610 1310 4662 ὁ
1355 4609 1609 4679 οὐράνιος
1655 4609 1860 4679 ἀφήσει
1911 4610 1980 4662 τὰ

404 4707 833 4781 παραπτώματα
870 4707 897 4758 ὑ
907 4706 1045 4776 μῶν.

476 4803 538 4856 El
577 4799 843 4869 ἀλλήλους
867 4798 1094 4851 δάκνετε
1130 4795 1226 4849 καὶ
1256 4793 1595 4859 κατεσθίετε,
1648 4792 1875 4863 βλέπετε
1904 4792 2008 4863 μὴ·

407 4894 500 4949 ὕπ’
535 4894 775 4961 ἀλλήλων
803 4889 1146 4959 ἀναλωθῆτε.

478 4982 743 5044 Πολλάκις
787 4981 835 5032 οί
874 4979 953 5049 τῷ
984 4979 1147 5033 πάθει
1194 4976 1292 5043 τῆς
1335 4972 1708 5045 μνησικακίας
1738 4971 1976 5050 κρατού-

412 5094 563 5148 μενοι
602 5078 682 5137 είς
716 5070 993 5143 προῦπτον
1041 5069 1209 5122 κακὸν
1264 5067 1491 5128 ἑαυτοὺς
1529 5065 1866 5134 ἐμϐάλλουσι
1912 5065 1978 5134 τῇ

407 5173 543 5243 πρὸς
569 5171 669 5237 τὴν
698 5166 911 5236 ἄμυναν
937 5161 1139 5231 σπουδῇ
1172 5158 1264 5212 τοῦ
1296 5158 1419 5213 καθ’
1448 5160 1686 5220 ἑαυτοὺς
1717 5154 1982 5227 ἀμελοῦν-

406 5282 523 5325 τες.
550 5261 730 5318 Οίονεὶ
768 5259 877 5328 γὰρ
904 5256 1102 5325 οἴστρῳ
1130 5256 1196 5324 τῇ
1230 5255 1422 5323 μνήμῃ
1452 5251 1562 5304 τῶν
1592 5250 1981 5322 λελυπηκὸτων

406 5354 725 5425 τηκόμενοι,
760 5347 1056 5419 σφύζοντος
1087 5346 1266 5398 αὐτῶν
1299 5361 1392 5398 του
1426 5343 1603 5414 θυμοῦ
1644 5344 1741 5396 καὶ
1770 5342 1983 5412 πηδῶν-

380 5467 522 5515 κτος,
549 5447 609 5501 οὐ
643 5446 911 5513 πρότερον
942 5441 1306 5508 ἀπολήγουσι,
1342 5437 1474 5505 πρὶν
1506 5436 1538 5505 ἦ
1575 5454 1628 5488 τι
1656 5436 1827 5489 κακον
1858 5433 1981 5486 δοῦ.

408 5561 497 5597 ναι
547 5539 624 5610 τῷ
663 5534 1050 5608 παροξύναντι,
1110 5534 1161 5586 εί
1211 5548 1315 5584 που
1363 5532 1458 5583 καὶ
1504 5528 1836 5598 προσλαϐεῖν
1885 5528 1983 5583 ἐὰν

411 5636 576 5707 τύχῃ.
1054 5721 1059 5722 7
1126 5718 1137 5722 Α
1497 5713 1508 5722 ⁸
1673 5712 1699 5722 _

489 5728 724 5796 Οἴδαμεν
753 5727 834 5779 ὅτι
856 5721 1094 5795 χαλεπόν
1123 5718 1261 5784 ἐστέ,
1298 5713 1612 5787 προσφάτου
1639 5712 1736 5780 τῆς
1767 5710 1985 5773 ἀδικίας

413 5818 601 5890 οὔσης,
655 5817 880 5872 καὶτοῦ
925 5812 1096 5883 θυμοῦ
1145 5809 1361 5874 ζέοντος
1412 5807 1514 5871 ἔτι,
1571 5804 1984 5875 παραδεχθῆναι

413 5912 540 5977 τοὺς
571 5910 883 5980 λογισμούς.
914 5904 1129 5977 Τυφλὸν
1177 5902 1282 5973 γὰρ
1327 5900 1354 5953 ὁ
1402 5898 1575 5970 θυμὸς
1606 5901 1700 5953 καὶ
1749 5895 1979 5969 ﬁlum”

2076 3416 2252 3455 meam
2283 3401 2543 3459 adversus
2566 3403 2878 3471 idumaeam,
2904 3412 2959 3459 et
2984 3407 3355 3463 exterminabo
3380 3422 3447 3463 ex
3469 3422 3533 3463 ea
3558 3409 3655 3463 hu-

2077 3495 2277 3550 minem
2313 3512 2545 3567 eamque
2579 3500 2828 3555 vastabo.

2147 3584 2341 3640 Sir-ach
2393 3603 2584 3643 xxviii.
2624 3574 2823 3657 Quise
2876 3590 3182 3658 ulciscitur,
3232 3608 3359 3649 eum
3390 3594 3655 3651 Dominus

2078 3675 2398 3746 ulciscetur,
2430 3681 2657 3752 ejusque
2679 3693 2896 3752 peccata
2926 3685 3118 3740 sedulo
3148 3687 3477 3743 observabit.

2149 3768 2287 3826 Ibid.
2318 3770 2493 3827 Homo
2524 3775 2728 3828 homini
2758 3775 3033 3846 irascitur,
3066 3787 3121 3832 et
3149 3794 3179 3833 a
3209 3778 3441 3836 Domino
3471 3784 3655 3838 sanari

2078 3864 2314 3932 quaerit:
2344 3865 2553 3921 homini
2591 3868 2677 3923 sui
2733 3868 2897 3924 simili
2930 3870 3371 3927 misericordiam
3397 3889 3509 3929 non
3545 3876 3651 3929 im-

2077 3957 2263 4024 pertit,
2293 3965 2348 4011 et
2367 3971 2468 4026 pro
2496 3959 2738 4026 peccatis
2770 3960 2887 4016 suis
2906 3970 3195 4030 precatur;
3229 3961 3347 4030 ipse
3373 3976 3503 4019 caro
3528 3978 3655 4018 cum

2079 4049 2170 4113 sit,
2203 4050 2548 4106 iracundiam
2574 4052 2795 4120 retinet,
2835 4061 2890 4108 et
2922 4053 3047 4122 quis
3095 4069 3196 4124 pro
3241 4055 3481 4124 peccatis
3512 4055 3659 4109 illius

2080 4142 2372 4198 exorabit?
2393 4143 2499 4199 Fac
2521 4158 2711 4200 eorum
2736 4161 2856 4216 quae
2879 4148 3251 4201 adextremum
3278 4146 3374 4203 tibi
3398 4156 3658 4203 eventura

2080 4242 2235 4300 sunt,
2289 4236 2652 4303 memineris;
2718 4248 2772 4292 et
2831 4239 3018 4292 desine
3076 4237 3393 4294 inimicitias
3445 4253 3654 4308 gerere.

2081 4324 2389 4381 Recordare
2413 4338 2706 4397 praecepta,
2731 4328 2978 4397 proximo
3009 4336 3191 4382 autem
3220 4342 3286 4382 ne
3309 4341 3657 4383 succenseas.

2080 4417 2358 4486 Perpende
2391 4430 2607 4487 pactqu
2660 4419 2949 4483 Attissimi,
3004 4429 3058 4473 et
3088 4433 3251 4488 parce
3285 4419 3534 4473 inscitiae.

2152 4506 2342 4561 Matth.
2375 4523 2451 4563 vr.
2488 4508 2546 4562 Si
2576 4525 2681 4562 non
2736 4507 3057 4572 remisetitis
3108 4508 3421 4562 hominibus
3453 4508 3657 4565 delicta

2086 4596 2352 4666 ipsorum,
2406 4613 2507 4654 nec
2553 4596 2716 4655 Pater
2768 4598 3010 4654 caelestis
3051 4599 3291 4654 remittet
3335 4599 3489 4655 vobis
3527 4613 3660 4670 pec-

2085 4699 2204 4744 cata
2237 4703 2438 4745 vestra.

2153 4781 2460 4837 160nm.
2511 4782 2567 4839 Si
2623 4782 2717 4838 alii
2775 4782 2911 4837 alios
2963 4781 3224 4839 mordetis
3253 4790 3308 4838 et
3359 4782 3658 4847 devoratis,

2081 4875 2264 4929 videte
2292 4890 2363 4931 ne
2396 4874 2489 4930 alii
2519 4876 2586 4930 ab
2608 4874 2731 4929 aliis
2758 4874 3146 4930 conﬁciamini.

2151 4965 2374 5023 Basilii.
2406 4967 2562 5036 Saepe
2600 4969 2693 5037 qui
2728 4967 2833 5022 hoc
2862 4967 3054 5021 morbo
3083 4975 3357 5034 tenentur,
3424 4975 3483 5020 ut
3513 4965 3661 5035 inju-

2083 5062 2193 5116 rias
2224 5062 2603 5123 recordentur,
2639 5061 2691 5114 in
2726 5058 3074 5115 manifestum
3108 5066 3163 5114 et
3196 5066 3407 5115 certum
3452 5059 3660 5113 malum

2083 5171 2143 5211 se
2177 5155 2502 5225 conjiciunt,
2533 5152 2835 5209 ulciscendi
2877 5151 3174 5222 cupiditate
3209 5151 3452 5220 impulsi,
3483 5165 3548 5206 ae
3575 5151 3660 5206 sui

2083 5247 2308 5300 omnino
2338 5246 2534 5314 obliti;
2580 5247 2797 5301 Etenim
2836 5245 2997 5316 quasi
3018 5253 3211 5305 oestro,
3250 5244 3517 5298 memoria
3566 5258 3662 5298 eo-

2090 5353 2212 5393 rum
2242 5339 2334 5408 qui
2367 5337 2616 5393 molestia
2647 5337 2947 5404 atl‘ecerint,
2981 5337 3288 5401 tabescunt,
3323 5345 3379 5391 et
3404 5336 3664 5392 bulliente
3708 5342 3727 5353 "

2083 5443 2148 5483 ac
2171 5429 2399 5484 saliente
2422 5443 2612 5483 eorum
2674 5433 2775 5495 ira,
2815 5444 2927 5485 non
2976 5429 3129 5500 prius
3171 5429 3446 5486 desistunt
3492 5444 3659 5501 quam

2085 5522 2215 5575 mali
2239 5521 2446 5592 aliquid
2476 5520 2526 5575 ei
2557 5520 2651 5591 qui
2685 5522 2836 5591 ipsos
2875 5522 3130 5591 irritarit,
3180 5523 3459 5587 dederint,
3509 5522 3661 5579 sicu-

2085 5612 2139 5668 bi
2168 5612 2303 5667 forte
2328 5614 2382 5668 in
2406 5628 2533 5668 eum
2566 5614 2881 5669 inciderint.

2153 5705 2419 5775 Tlteologi.
2442 5705 2659 5762 Scimus
2675 5707 2890 5763 diilicile
2906 5723 3028 5765 esse
3046 5707 3248 5765 recenti
3266 5707 3447 5763 adhuc
3463 5705 3664 5776 injuria

2087 5800 2235 5853 etira
2260 5797 2503 5853 fervente
2531 5788 2769 5867 recipere
2794 5800 3028 5855 rationis
3058 5800 3307 5855 consilia.
3340 5797 3495 5852 Casca
3516 5798 3664 5852 enim

2089 5893 2170 5949 ira
2200 5903 2283 5948 est
2321 5901 2377 5949 et
2411 5892 2589 5960 dolor,
2622 5904 2674 5949 et
2706 5894 2942 5950 maxime
2969 5893 3015 5951 si
3040 5892 3188 5963 justa
3217 5891 3381 5947 fuerit
3413 5890 3664 5957 indigna-
