4056 6416
424 436 551 493 114Ἱ

1715 424 2031 486 ΛΝΤΟΝΙΙ
2078 423 2422 485 ΜΕΜΞΞέΕ

3547 416 3688 482 llis

421 545 587 598 tionis
613 558 799 598 causa.
834 541 937 597 Sed
974 557 1081 596 non
1112 541 1317 596 idcirco
1348 539 1512 593 etiam
1546 539 1756 609 nosipsi
1792 537 1992 608 injuria

2142 537 2194 590 αἱ
2248 533 2487 606 μάλιστα
2544 533 2673 587 ὅταν
2721 531 2783 586 τδ
2836 531 3058 594 δικαίως
3108 529 3442 595 ἀγανακτεῖν
3485 533 3689 600 παρῇ’

422 635 748 696 ntiiciemus.
785 650 884 688 nec
912 649 1035 687 eum
1065 634 1157 701 qui
1186 630 1441 700 injuriam
1472 629 1605 685 fecit
1631 638 1841 683 tantum
1867 629 1999 682 ode-

425 726 622 789 rimus,
694 734 957 788 quautum
992 725 1150 778 nobis
1181 741 1288 778 non
1314 724 1576 792 expedit:
1616 738 1715 776 nec
1758 732 1997 776 nostram

423 833 553 885 erga
578 817 744 870 Deum
780 818 1086 869 libertatem
1124 816 1465 877 amittamus,
1500 813 1704 868 inimici
1733 813 2003 868 exsisten-

427 920 507 963 tes
538 924 727 963 eorum
756 909 849 978 qui
890 908 1145 978 iniuriam
1181 907 1432 975 fecerint,
1465 914 1518 961 ct
1558 922 1729 976 supra
1769 904 1992 959 modum

425 1001 794 1068 indignantes.

498 1093 720 1145 l’eccata
758 1093 1133 1155 observamus,
1194 1104 1301 1143 non
1338 1098 1395 1142 ut
1451 1089 1754 1158 lugeamus,
1792 1089 1887 1145 sed
1946 1100 2003 1142 ιιι

428 1180 862 1248 exprobremus:
898 1195 996 1234 nec
1028 1190 1086 1234 nt
1118 1194 1401 1244 sanemus,
1459 1180 1555 1234 scd
1625 1187 1685 1233 ut
1750 1188 2004 1247 prazterea

427 1273 823 1328 vulnercmus:
857 1281 910 1326 ct
967 1272 1341 1342 proximorum
1381 1273 1605 1328 vulnera
1647 1288 1744 1343 pro
1784 1284 2006 1327 nostro-

429 1380 550 1419 rum
588 1366 858 1419 malorum
888 1366 1244 1419 excusatione
1276 1364 1566 1421 habemus.

501 1455 684 1525 Eque
718 1457 975 1510 vitiosum
1003 1465 1089 1511 est
1119 1456 1442 1526 obsequium
1483 1457 1930 1524 immoderatum,
1958 1467 2011 1513 ct

430 1546 817 1602 condemnatio
837 1547 984 1601 omni
1024 1548 1185 1601 venia
1221 1558 1427 1603 semota
1458 1565 1473 1603 :
1514 1550 1646 1603 illud
1678 1550 1826 1631 enim
1869 1559 2011 1607 totas

431 1643 580 1698 laxat
616 1642 882 1704 habenas,
925 1641 1043 1697 haec
1076 1642 1373 1696 acerbitate
1407 1642 1689 1714 prmfocat.

508 1735 566 1789 S.
595 1734 868 1805 C/trysost.
896 1733 1033 1801 Quid
1072 1746 1248 1805 potest
1270 1751 1392 1791 esse
1420 1737 1740 1805 injuriarnm
1766 1740 2013 1793 recorda-

436 1825 586 1879 tione
646 1826 909 1890 deterius,
951 1841 1073 1896 qua:
1124 1827 1519 1882 humanitatem
1577 1827 1785 1884 Domini
1833 1844 2013 1899 prom-

435 1928 577 1988 ptam
617 1925 836 1973 revocat
869 1926 923 1973 et
953 1918 1258 1974 amolitur?

508 2010 641 2064 Cum
679 2011 940 2065 memoria
979 2012 1279 2080 repetimus
1319 2028 1441 2082 quae
1478 2027 1508 2065 a
1542 2014 1832 2069 conservis
1868 2013 2012 2083 passi

435 2116 645 2167 sumus,
672 2111 727 2155 et
755 2116 878 2171 quae
909 2101 1165 2169 deinceps
1195 2103 1364 2173 208
1402 2113 1708 2173 sequuntur
1737 2103 1837 2174 (l).

506 2191 659 2248 Multi
689 2200 818 2248 sunt
850 2194 1150 2262 pecudibus
1190 2195 1324 2264 ipsis
1346 2196 1666 2261 deteriores,
1718 2197 1812 2265 qni
1844 2212 1909 2251 ne
1934 2212 2019 2251 sa-

437 2289 612 2343 lutarc
658 2287 876 2356 quidem
924 2286 1222 2357 dignantur
1273 2288 1502 2355 priores.
1564 2289 1870 2358 proximum
1899 2290 2018 2344 exi-

437 2382 724 2431 stimantes
771 2392 830 2431 se
868 2376 1196 2431 coittumelia
1230 2376 1368 2432 afﬁci
1401 2386 1458 2433 et
1506 2381 1804 2444 contemni,
1837 2380 1880 2433 si
1934 2381 2014 2433 vel

439 2480 655 2525 tenuem
715 2467 1007 2537 quamdam
1063 2468 1381 2537 impertiant
1448 2469 1850 2523 salutationem.
1909 2470 2013 2524 Sed

438 2561 568 2633 quid
585 2576 708 2617 esse
738 2570 912 2631 potest
934 2561 1035 2614 ista
1054 2561 1285 2615 stultitia
1319 2560 1604 2615 ridiculum
1636 2562 1847 2632 magis?
1882 2563 2016 2617 'l‘u.n

438 2654 585 2709 enim
618 2654 947 2708 contumelia
996 2652 1251 2717 afﬁceris,
1299 2663 1410 2708 tum
1450 2654 1749 2724 ignominia
1789 2656 2016 2723 notaris,

439 2762 475 2801 ο
506 2746 691 2810 homo,
716 2760 839 2799 cum
871 2746 1023 2815 prior
1054 2755 1106 2802 te
1137 2756 1261 2802 tuus
1292 2748 1570 2817 proximus
1599 2748 1908 2818 alloquitur.

507 2839 623 2895 Non
685 2838 1025 2893 reconciliari
1074 2839 1124 2894 ei
1172 2839 1263 2909 qui
1298 2840 1598 2895 molestiam
1653 2841 1970 2898 exhibuerit
2000 2880 2015 2906 .

440 2949 548 2987 non
584 2941 694 2986 tam
722 2941 808 2987 est
851 2932 999 2987 illum
1035 2931 1250 2999 ulcisci,
1282 2948 1447 3003 quam
1477 2935 1813 2990 contumelia
1846 2935 2013 2990 Deum

440 3026 650 3084 allicere
696 3026 787 3099 qui
825 3026 965 3081 hanc
994 3026 1164 3096 legem
1190 3027 1544 3096 praescripsit.

835 3161 1068 3219 SERMO
1104 3161 1238 3219 Lvu
1282 3162 1374 3236 [aL
1413 3163 1626 3237 XLIII].

696 3276 769 3331 De
797 3277 962 3348 gratis
989 3284 1037 3330 et
1066 3276 1317 3337 beneﬁcia
1344 3276 1770 3346 agnoscentibus.

514 3394 666 3450 Psal.
706 3409 831 3449 cxv.
865 3393 1001 3460 Quid
1042 3392 1338 3446 retribuam
1368 3393 1597 3449 Domino
1622 3409 1722 3463 pro
1752 3393 2011 3451 omnibus

440 3486 713 3558 quaemibi
741 3485 969 3555 largitus
1001 3482 1120 3537 est?

514 3577 663 3635 Psal.
682 3592 898 3632 cxxxvr.
920 3576 978 3631 Si
1004 3578 1295 3633 obliviscar
1324 3575 1423 3643 tui,
1450 3574 1778 3644 Jerusalem,
1805 3577 1857 3631 in
1880 3578 2023 3632 obli-

441 3671 660 3727 vionem
685 3672 865 3725 veniat
885 3669 1073 3724 dextra
1099 3685 1239 3735 mea,
1270 3670 1644 3740 agglutinetur
1682 3669 1868 3742 lingua
1904 3684 2021 3723 mea

442 3762 650 3833 gutturi
680 3776 820 3817 meo.

513 3852 786 3911 Salomon.
820 3853 1128 3909 Prudentia:
1180 3859 1266 3908 est
1322 3866 1588 3923 agnocere
1620 3852 1711 3906 cui
1762 3851 2024 3906 debeatur

442 3945 635 4016 gratia.

412 4040 421 4047 “
515 4037 682 4091 Eccli.
710 4053 861 4092 χιιι.
898 4038 999 4103 Qui
1044 4037 1274 4107 gratiam
1331 4036 1503 4091 refert
1528 4039 1578 4089 in
1614 4034 1857 4088 futurtnn
1887 4048 2021 4103 pro-

443 4128 630 4197 spicit,
658 4141 720 4180 ac
744 4127 797 4181 in
828 4134 1069 4196 tempore
1094 4125 1327 4182 miseria:
1361 4141 1474 4181 sua:
1499 4126 1735 4180 inveniet
1777 4137 1883 4191 quo
1912 4130 2027 4177 sta-

444 4219 692 4275 biliatur.

515 4309 701 4364 Gratia
758 4307 995 4362 hominis
1049 4317 1308 4376 tanquam
1366 4304 1569 4375 pupilla
1623 4302 1769 4359 oculi
1835 4305 2023 4360 obser-

441 4405 642 4458 vanda.

517 4494 649 4548 Luc.
690 4509 822 4549 xvu.
856 4492 1009 4547 linus
1042 4503 1225 4547 autem
1278 4494 1345 4548 dc
1378 4491 1607 4562 lcprosis
1656 4506 1781 4543 cum
1803 4490 2026 4544 vidisset

2102 628 2242 682 ἀλλά
2276 629 2351 699 μὴ
2399 627 2487 681 διὰ
2521 624 2680 679 τοῦτο
2718 626 2814 678 καὶ
2848 625 2997 693 ἡμᾶς
3048 623 3248 683 αὐτοὺς
3299 622 3685 691 ἀδικήσωμεν,

2106 722 2241 793 μηδὲ
2266 720 2522 774 τοσοῦτον
2549 717 2642 771 τὸν
2676 716 2988 787 ἠδικηκότα
3022 715 3365 785 μισήσωμεν,
3398 715 3524 767 ὅσον
3549 714 3693 784 ἡμῖν

2102 814 2163 865 οὐ
2197 811 2495 881 συμφέρειν
2529 809 2665 880 μηδὲ
2713 809 2814 878 τὴν
2867 807 3185 879 παρρησίαν
3230 807 3331 877 τὴν
3380 807 3518 880 πρὸς
3549 806 3698 859 Θεὸν

2105 905 2499 973 ἀποϐάλωμεν,
2540 901 2727 973 ἐχθροὶ
2779 901 2893 963 τοῖς
2941 898 3232 969 ἠδικηκόσι
3270 899 3563 968 φανέντες,
3594 898 3699 951 καὶ

2106 997 2248 1067 ὑπὲρ
2283 996 2343 1049 τὸ
2371 995 2571 1065 μέτρον
2599 991 3071 1061 ἀγανακτοῦντες.

2172 1085 2462 1156 Τηροῦμεν
2496 1084 2595 1147 τὰς
2649 1081 2958 1152 ἁμαρτίας,
3009 1080 3108 1150 οὐχ
3169 1079 3257 1133 ἵνα
3301 1077 3695 1148 πενθήσωμεν.

2108 1176 2225 1231 ἀλλ’
2257 1175 2344 1229 ἵνα
2376 1173 2755 1243 όνειδίσωμενο
2786 1169 2897 1223 οὐδ’
2947 1169 3034 1222 ἵνα
3078 1165 3534 1237 θεραπεύσωμσν,
3574 1162 3699 1215 ἀλλ’

2110 1269 2197 1323 ἴνα
2226 1266 2668 1340 προσπλήξωμεν
2693 1282 2706 1295 ·
2735 1263 2832 1317 καὶ
2862 1258 3160 1329 ἀπολογίαν
3187 1258 3386 1328 ἔχομεν
3414 1256 3525 1310 τῶν
3555 1257 3702 1325 ἠμε-

2109 1362 2283 1432 τέρων
2310 1359 2499 1413 κακῶν
2534 1358 2600 1411 τά
2630 1355 2741 1409 τῶν
2775 1352 3008 1423 πλησίον
3037 1350 3352 1421 τραύματα.

2190 1452 2426 1524 Ὁμοίως
2471 1450 2582 1520 γάρ
2616 1452 2732 1502 ἐστι
2788 1446 2960 1501 κακὸν
3012 1444 3110 1496 καὶ
3153 1442 3344 1511 άρεσις
3386 1436 3703 1507 ἀσωφρόνι-

2115 1564 2262 1612 στος,
2313 1548 2407 1601 καὶ⁵
2456 1546 2802 1611 κατάγνωσις
2861 1538 3261 1609 ἀσυγχώρητος
3290 1536 3373 1605 δή
3430 1534 3532 1601 μὲν
3565 1530 3706 1600 ὃλην

2114 1644 2331 1711 ὲφιεῖσα
2368 1640 2469 1709 τὴν
2528 1638 2709 1707 ἡνίαν,
2744 1635 2778 1705 ἡ
2805 1632 2871 1690 δὲ
2898 1631 2977 1701 τῷ
3002 1628 3220 1699 σφεδρῴ
3248 1626 3627 1695 κατάγχουσα.

2189 1737 2254 1789 Τί
2287 1736 2352 1788 ἂν
2400 1733 2613 1803 γένοιτο
2657 1725 3028 1799 μνησικακίας
3072 1725 3274 1793 χεῖρον,
3332 1720 3463 1773 δταν
3512 1716 3716 1785 φιλαν-

2121 1828 2369 1899 θρωπίαν
2393 1823 2768 1895 ὲξενεχθεῖσαν
2794 1817 3136 1888 άνακαλῆται
3167 1814 3440 1868 Δεσπότου
3464 1828 3482 1879 ς

2190 2013 2359 2066 Ὅταν
2389 2011 2732 2079 ἐννοήσωμεν
2765 2008 2910 2076 άπερ
2941 2001 3222 2072 ἐπάθομεν
3254 2000 3405 2069 παρά
3430 1996 3542 2050 τῶν
3578 2012 3721 2049 συν-

2120 2104 2347 2168 δούλων,
2378 2106 2475 2157 καὶ
2506 2104 2576 2155 τὰ
2609 2101 2760 2171 ἑξῆς.

2188 2196 2383 2251 Πολλοὶ
2459 2194 2830 2265 βοσκημάτων
2891 2188 3231 2259 διακείμενοι
3289 2184 3508 2255 χείρους
3582 2180 3721 2236 οὐδὲ

2122 2291 2443 2358 προσειπεῖν
2480 2288 2768 2357 ἀνέχονται
2813 2284 2891 2353 τῷ
2929 2281 3161 2352 πλησίον
3214 2282 3514 2350 πρότερον,
3551 2279 3723 2344 νομί-

2120 2382 2307 2446 ζοντες
2332 2379 2651 2450 ὑδρίζεσθαι
2700 2379 2793 2430 καὶ
2827 2373 3208 2437 ἐλαττοῦσθαι,
3255 2374 3305 2424 εί
3338 2371 3503 2437 ψιλῆς
3552 2385 3712 2430 τινος

2126 2474 2406 2546 μεταδοῖεν
2435 2472 2816 2543 προσρήσεως.
2848 2468 2960 2523 Καὶ
2988 2466 3043 2519 τί
3070 2465 3277 2535 ταύτης
3299 2461 3717 2531 καταγελαστό-

2121 2584 2278 2638 τερον
2308 2566 2519 2635 γένοιτο
2549 2567 2648 2634 τῆς
2680 2563 2905 2627 ἀνοίαςς
2937 2561 3073 2614 Τότε
3108 2559 3218 2629 γὰρ
3265 2556 3548 2629 ὕδρίσθης,
3578 2556 3716 2609 τότε

2121 2659 2455 2729 ὴτιμάσθης,
2497 2656 2777 2729 ἄνθρωπε,
2818 2656 2949 2709 ὅταν
2976 2656 3005 2709 ό
3050 2651 3280 2722 πλησίον
3319 2666 3404 2704 σοι
3428 2650 3714 2721 πρότερον

2124 2755 2425 2827 προσείτῃ.

2194 2848 2266 2900 Τὸ
2305 2847 2381 2916 μὴ
2408 2843 2884 2899 καταλλάττεσθαι
2938 2838 3017 2906 τῷ
3049 2838 3385 2908 λελυπηκότι
3416 2837 3519 2889 οὐκ
3561 2836 3717 2888 Exsi-

2123 2938 2212 2991 νόν
2261 2938 2411 2989 ἐστιν
2442 2934 2793 3005 ἀμυνομένου
2826 2933 3103 2996 τοσοῦτον,
3128 2931 3253 2984 ὅσον
3275 2928 3368 2983 τὸν
3389 2927 3523 2981 Θεὸν
3553 2927 3720 3001 Q69!-

2123 3030 2311 3095 ζοντος
2342 3029 2435 3083 τὸν
2470 3026 2648 3083 ταῦτα
2680 3027 3150 3099 νομοθετήσαντα.

2721 3168 2942 3223 ΛΟΓΟΣ
2979 3167 3107 3221 NZ'.

2193 3290 2332 3358 Περὶ
2359 3285 2886 3356 εὐχαριστούντων
2922 3286 3019 3337 καὶ
3059 3277 3641 3349 είιγνωμονούντςαν.

2195 3403 2262 3456 Τί
2292 3400 2657 3456 ἀνταποδώσω
2680 3400 2757 3468 τῷ
2789 3397 2979 3470 Κυρίῳ
3024 3395 3153 3465 περὶ
3205 3393 3424 3447 πάντων
3458 3381 3535 3445 ὧν
3580 3388 3716 3443 ἀντ-

2123 3494 2373 3549 ἀπέδωκέ
2409 3511 2499 3562 μοι
2526 3509 2541 3558 ;
2680 3542 2711 3573 κ

2207 3588 2333 3640 Ἐὰν
2359 3584 2704 3654 ἐπιλάθωμαι
2741 3601 2834 3637 σου
2861 3624 2878 3649 ,
2946 3581 3328 3653 Ἰερουσαλὴμ,
3379 3578 3720 3649 ὲπιλησθείη

2125 3682 2158 3751 ἡ
2192 3680 2342 3745 δεξιά
2378 3696 2503 3749 μου,
2546 3678 2837 3749 κολληθείη
2872 3682 2905 3749 ἡ
2945 3676 3168 3747 γλῶσσά
3204 3692 3307 3745 μου
3338 3673 3415 3744 τῷ
3472 3673 3723 3743 λάρυγγί

2171 3787 2255 3827 ου.

2171 3790 2255 3827 ου.

2130 3790 2168 3841 μ
2194 3862 2512 3931 Φρονήσεως
2539 3859 2633 3912 καὶ
2653 3859 2714 3911 τὸ
2746 3858 2947 3912 εἰδέναι
2979 3857 3124 3920 τίνος
3155 3857 3189 3927 ἡ
3221 3855 3424 3927 χάρις.ί

2210 4042 2270 4095 '0
2318 4036 2705 4098 ἀνταποδιδοὺς
2751 4035 2982 4106 χάριτας
3026 4034 3302 4105 μέμνηται
3347 4036 3429 4097 εἰς
3464 4037 3535 4087 τὰ
3573 4037 3721 4106 μετά

2127 4130 2321 4196 ταῦτα,
2371 4131 2466 4183 καὶ
2509 4131 2567 4181 ὲν
2602 4129 2779 4198 καιρῴ
2807 4125 3072 4189 πτώσεως
3125 4124 3291 4178 αὑτοῦ
3321 4125 3547 4195 εὑρήσει
3581 4129 3726 4198 στή-

2131 4239 2332 4295 ριγμα·
2670 4300 2680 4309 ⁸

2200 4315 2375 4385 Χάριν
2410 4312 2698 4385 ἀνθρώπου
2740 4311 2815 4376 ὡς
2873 4312 3042 4383 κόρην
3096 4310 3384 4381 ὀφθαλμοῦ
3441 4314 3737 4391 συντήρηῖ

2131 4423 2250 4460 σον.

2202 4492 2297 4561 Εἷς
2325 4498 2383 4551 δὲ
2434 4499 2499 4551 ὲκ
2538 4497 2647 4550 τῶν
2675 4497 2892 4568 λεπρῶν
2928 4493 3054 4550 ίδών
3097 4498 3181 4552 δτι
3215 4497 3365 4566 ίάθη,
3401 4496 3723 4567 ὑπέστρεψε

445 4602 504 4642 se
525 4601 646 4641 esse
688 4595 962 4651 sanatum,
1006 4600 1130 4639 cum
1195 4600 1388 4655 magna
1440 4599 1572 4638 voce
1620 4597 1871 4637 reversus
1914 4592 2015 4644 est,

2142 4589 2275 4656 μετὰ
2305 4590 2489 4657 φωνῆς
2523 4587 2765 4657 μεγάλης
2795 4585 3038 4651 δοξάζων
3071 4586 3163 4639 τὸν
3196 4586 3353 4649 Θεὸν,
3395 4587 3491 4638 καὶ
3518 4585 3723 4639 ἔπεσεν

447 4676 618 4756 Deum
649 4677 808 4731 laude
845 4677 1151 4742 celebrans,
1205 4687 1259 4730 et
1297 4676 1496 4731 cecidit
1542 4675 1594 4728 in
1629 4674 1821 4727 faciem
1871 4689 2026 4727 ειι.ιιιι

451 4771 518 4821 ad
571 4766 734 4836 pedes
778 4763 931 4829 Jesu,
985 4768 1192 4834 gratias
1226 4768 1305 4820 illi
1351 4780 1517 4836 agens
1551 4785 1566 4818 :
1596 4764 1642 4818 is
1696 4772 1876 4816 autem
1912 4772 2031 4815 erat

448 4858 849 4913 Samaritanus.

515 4946 576 5002 II
615 4948 792 5001 Thess.
830 4960 883 5003 ν.
910 4946 967 5000 In
1006 4949 1153 5003 omni
1186 4964 1242 5003 re
1268 4948 1470 5015 gratias
1511 4948 1652 5017 agite
1691 4965 1704 5001 :
1742 4949 1844 5001 hoc
1878 4946 2023 5000 cnim

452 5039 593 5092 Dens
617 5037 1103 5107 requiritavubis,
1150 5039 1246 5108 qui
1294 5040 1571 5095 Christum
1627 5037 1813 5093 Jesum
1861 5054 2029 5105 agno-

447 5133 625 5186 scitis.

519 5220 583 5275 II
619 5221 753 5277 Tim.
790 5239 852 5278 ιι.
891 5222 1239 5292 lmpertiatur
1282 5222 1537 5277 Dominus
1592 5222 2024 5278 misericordiam

447 5304 778 5384 Onesiphori
829 5315 1069 5380 familiw,
1134 5316 1260 5384 quia
1298 5332 1441 5386 saepe
1500 5331 1587 5371 me
1647 5316 1912 5371 recreavit
1972 5323 2027 5369 ct

449 5405 664 5472 refecit,
721 5422 824 5462 nec
890 5419 1101 5463 catena:
1161 5423 1293 5463 mea)
1342 5424 1467 5463 eum
1516 5408 1873 5478 puduit:sed
1900 5423 2025 5461 cum

448 5500 676 5554 Romam
716 5499 975 5562 venisset,
1012 5515 1225 5554 summa
1287 5500 1568 5570 diligentia
1611 5515 1695 5554 me
1745 5499 2019 5568 quaesivit,

447 5601 502 5645 ct
535 5592 738 5646 tnvenit
773 5607 789 5645 :
822 5590 957 5646 faxit
1015 5590 1301 5657 Dominus,
1333 5604 1392 5645 ut
1422 5593 1517 5646 illo
1568 5591 1657 5646 die
1710 5591 2025 5646 miscricor-

446 5684 588 5737 diam
620 5692 1007 5754 consequatur.

2128 4680 2219 4733 ἐπὶ
2247 4679 2540 4750 πρόσωπον
2569 4680 2720 4748 παρὰ
2761 4679 2890 4742 τοὺς
2919 4679 3086 4741 πόδας
3120 4678 3214 4731 τοῦ
3259 4677 3458 4748 Ἰησοῦ,
3489 4679 3724 4750 εὐχαρι-

2130 4771 2273 4823 στῶν
2308 4770 2483 4840 αὐτῷ.
2514 4770 2626 4824 Καὶ
2660 4769 2820 4832 αὐτὸς
2848 4764 2917 4840 ἧν
2945 4770 3315 4841 Σαμαρείτης.

2214 4954 2300 5007 Ἐν
2330 4953 2491 5006 παντὶ
2525 4951 2938 5023 εὐχαριστεῖτε·
2984 4950 3149 5004 τοῦτο
3179 4950 3289 5020 γάρ
3328 4951 3546 5022 θέλημα
3579 4950 3719 5003 Θεοῦ

2132 5046 2191 5099 ὲν
2220 5045 2442 5116 Χριστῷ
2474 5045 2651 5111 Ἰησοῦ
2679 5046 2760 5108 εἰς
2791 5043 2957 5113 ὑμᾶς.

2203 5226 2326 5295 Δῴη
2356 5227 2383 5277 ὁ
2435 5225 2640 5294 Κύριος
2684 5223 2829 5286 ἔλεος
2884 5223 2961 5294 τῷ
3024 5221 3385 5294 Ὀνησιφόρου
3431 5224 3587 5292 οἴκῳ,
3636 5224 3725 5275 an

2134 5319 2392 5382 πολλάκις
2428 5335 2495 5388 με
2546 5317 2806 5386 ἁνέψυξε,
2837 5317 2933 5371 καὶ
2971 5316 3070 5386 τὴν
3097 5315 3287 5369 ἀλυσίν
3320 5332 3422 5385 μου
3452 5316 3552 5367 οὐκ
3577 5317 3723 5387 ἐπῃ-

2136 5410 2341 5482 σχύνθη
2366 5427 2379 5440 °
2416 5410 2553 5464 ἀλλά
2582 5410 2874 5480 γενόμενος
2908 5409 2967 5463 ὲν
3023 5406 3237 5479 Ῥώμῃ,
3278 5409 3727 5478 σπουδαιοτέρως

2134 5503 2439 5573 ἀνεζητησέ
2483 5520 2573 5573 με,
2621 5504 2713 5556 καὶ
2744 5497 2872 5574 εὗρε
2892 5521 2907 5535 ’
2937 5500 3049 5572 δῴη
3076 5502 3224 5571 αὐτῷ
3249 5504 3275 5554 ὁ
3302 5501 3509 5571 Κύριος
3539 5504 3731 5574 εὑρεῖν

2135 5596 2280 5660 ἔλεος
2312 5595 2461 5666 παρὰ
2494 5595 2698 5666 Κυρίου
2735 5597 2791 5651 ἐν
2820 5596 3001 5668 ἐκείνῃ
3025 5598 3091 5667 τῇ
3118 5595 3332 5666 ἡμέρᾳ.

520 5861 594 5931 (Ι)
632 5860 764 5921 Vide
795 5878 957 5934 supra
998 5863 1052 5919 in
1086 5874 1336 5918 sermone.
1366 5860 1455 5927 Μ,
1495 5875 1619 5916 ιιιοχ
1654 5871 1775 5931 post
1805 5861 2031 5917 citatum
2070 5860 2351 5917 Basiliam.
