  <div class='ocr_page' id='page_1' title='image "/cluster/home/n/w/nwhite01/storage/ocr_20150623/136/coo.31924054870419/580.png"; bbox 0 0 4056 6412; ppageno 0'>
   <div class='ocr_carea' id='block_1_1' title="bbox 1636 326 1677 353">
    <p class='ocr_par' dir='ltr' id='par_1_1' title="bbox 1636 326 1677 353">
     <span class='ocr_line' id='line_1_1' title="bbox 1636 326 1677 353; baseline 0 -2"><span class='ocrx_word' id='word_1_1' title='bbox 1636 326 1677 353; x_wconf 49' lang='grc' dir='ltr'>ἣ.</span> 
     </span>
    </p>
   </div>
   <div class='ocr_carea' id='block_1_2' title="bbox 325 467 463 536">
    <p class='ocr_par' dir='ltr' id='par_1_2' title="bbox 325 467 463 536">
     <span class='ocr_line' id='line_1_2' title="bbox 325 467 463 536; baseline -0.051 0"><span class='ocrx_word' id='word_1_2' title='bbox 325 467 463 536; x_wconf 64' lang='grc'><strong>1149</strong></span> 
     </span>
    </p>
   </div>
   <div class='ocr_carea' id='block_1_3' title="bbox 1135 449 2805 521">
    <p class='ocr_par' dir='ltr' id='par_1_3' title="bbox 1135 449 2805 521">
     <span class='ocr_line' id='line_1_3' title="bbox 1135 449 2805 521; baseline -0.006 -2"><span class='ocrx_word' id='word_1_3' title='bbox 1135 459 1309 521; x_wconf 91' lang='lat' dir='ltr'><strong>LOCI</strong></span> <span class='ocrx_word' id='word_1_4' title='bbox 1351 456 1793 521; x_wconf 78' lang='lat' dir='ltr'><strong>COMMUNES.</strong></span> <span class='ocrx_word' id='word_1_5' title='bbox 1830 479 1896 491; x_wconf 90' lang='grc'><strong>·-</strong></span> <span class='ocrx_word' id='word_1_6' title='bbox 1939 453 2133 515; x_wconf 83' lang='lat' dir='ltr'><strong>PARS</strong></span> <span class='ocrx_word' id='word_1_7' title='bbox 2164 452 2249 519; x_wconf 89' lang='lat' dir='ltr'><strong>II.</strong></span> <span class='ocrx_word' id='word_1_8' title='bbox 2291 450 2550 513; x_wconf 79' lang='lat' dir='ltr'><strong>SERMO</strong></span> <span class='ocrx_word' id='word_1_9' title='bbox 2596 449 2805 513; x_wconf 84' lang='lat' dir='ltr'><strong>LVIII.</strong></span> 
     </span>
    </p>
   </div>
   <div class='ocr_carea' id='block_1_4' title="bbox 3447 435 3585 501">
    <p class='ocr_par' dir='ltr' id='par_1_4' title="bbox 3447 435 3585 501">
     <span class='ocr_line' id='line_1_4' title="bbox 3447 435 3585 501; baseline -0.043 0"><span class='ocrx_word' id='word_1_10' title='bbox 3447 435 3585 501; x_wconf 76' lang='lat'><strong>1150</strong></span> 
     </span>
    </p>
   </div>
   <div class='ocr_carea' id='block_1_5' title="bbox 391 564 1960 651">
    <p class='ocr_par' dir='ltr' id='par_1_5' title="bbox 391 568 1960 651">
     <span class='ocr_line' id='line_1_5' title="bbox 391 568 1960 651; baseline -0.011 -16"><span class='ocrx_word' id='word_1_11' title='bbox 391 581 686 651; x_wconf 82' lang='grc' dir='ltr'>Πρέπουσα</span> <span class='ocrx_word' id='word_1_12' title='bbox 730 574 1038 644; x_wconf 80' lang='grc' dir='ltr'>δοξολογίας</span> <span class='ocrx_word' id='word_1_13' title='bbox 1094 573 1349 635; x_wconf 81' lang='grc' dir='ltr'>ὑπόθεσις</span> <span class='ocrx_word' id='word_1_14' title='bbox 1379 572 1413 643; x_wconf 84' lang='grc' dir='ltr'><strong>ἡ</strong></span> <span class='ocrx_word' id='word_1_15' title='bbox 1443 572 1552 625; x_wconf 83' lang='grc' dir='ltr'>τῶν</span> <span class='ocrx_word' id='word_1_16' title='bbox 1602 572 1894 642; x_wconf 81' lang='grc' dir='ltr'>εὐεργετη-</span> <span class='ocrx_word' id='word_1_17' title='bbox 1928 568 1960 627; x_wconf 70' lang='grc' dir='ltr'><strong><em>Α</em></strong></span> 
     </span>
    </p>
   </div>
   <div class='ocr_carea' id='block_1_6' title="bbox 2033 564 3567 651">
    <p class='ocr_par' dir='ltr' id='par_1_6' title="bbox 2074 564 3567 628">
     <span class='ocr_line' id='line_1_6' title="bbox 2074 564 3567 628; baseline -0.013 -6"><span class='ocrx_word' id='word_1_18' title='bbox 2074 565 2136 622; x_wconf 89' lang='lat' dir='ltr'><strong>S.</strong></span> <span class='ocrx_word' id='word_1_19' title='bbox 2162 565 2375 622; x_wconf 76' lang='lat' dir='ltr'><strong>Basilii.</strong></span> <span class='ocrx_word' id='word_1_20' title='bbox 2416 565 2810 622; x_wconf 82' lang='lat' dir='ltr'><strong>Beneficiorum</strong></span> <span class='ocrx_word' id='word_1_21' title='bbox 2845 567 3197 628; x_wconf 85' lang='lat' dir='ltr'><strong>acceptorum</strong></span> <span class='ocrx_word' id='word_1_22' title='bbox 3256 564 3567 607; x_wconf 80' lang='lat' dir='ltr'><strong>commento</strong></span> 
     </span>
    </p>
   </div>
   <div class='ocr_carea' id='block_1_7' title="bbox 320 671 808 744">
    <p class='ocr_par' dir='ltr' id='par_1_7' title="bbox 320 671 808 744">
     <span class='ocr_line' id='line_1_7' title="bbox 320 671 808 744; baseline -0.016 -16"><span class='ocrx_word' id='word_1_23' title='bbox 320 673 505 744; x_wconf 89' lang='grc' dir='ltr'>μάτων</span> <span class='ocrx_word' id='word_1_24' title='bbox 532 671 808 740; x_wconf 84' lang='grc' dir='ltr'>διήγησις.</span> 
     </span>
    </p>
   </div>
   <div class='ocr_carea' id='block_1_8' title="bbox 383 740 1889 833">
    <p class='ocr_par' dir='ltr' id='par_1_8' title="bbox 383 740 1889 833">
     <span class='ocr_line' id='line_1_8' title="bbox 383 740 1889 833; baseline -0.009 -14"><span class='ocrx_word' id='word_1_25' title='bbox 383 768 510 827; x_wconf 81' lang='grc' dir='ltr'>Τοῖς</span> <span class='ocrx_word' id='word_1_26' title='bbox 537 762 859 833; x_wconf 76' lang='grc' dir='ltr'><strong>εὐεργέταις</strong></span> <span class='ocrx_word' id='word_1_27' title='bbox 885 758 1152 824; x_wconf 80' lang='grc' dir='ltr'>ἑκουσίως</span> <span class='ocrx_word' id='word_1_28' title='bbox 1179 759 1363 813; x_wconf 82' lang='grc' dir='ltr'>πᾶσαν</span> <span class='ocrx_word' id='word_1_29' title='bbox 1387 740 1603 811; x_wconf 72' lang='grc' dir='ltr'>εὔνοιαν</span> <span class='ocrx_word' id='word_1_30' title='bbox 1646 752 1889 822; x_wconf 85' lang='grc' dir='ltr'>ἀποπλη-</span> 
     </span>
    </p>
   </div>
   <div class='ocr_carea' id='block_1_9' title="bbox 317 860 524 932">
    <p class='ocr_par' dir='ltr' id='par_1_9' title="bbox 317 860 524 932">
     <span class='ocr_line' id='line_1_9' title="bbox 317 860 524 932; baseline 0.005 -21"><span class='ocrx_word' id='word_1_31' title='bbox 317 860 524 932; x_wconf 78' lang='grc' dir='ltr'>ρῶμεν.</span> 
     </span>
    </p>
   </div>
   <div class='ocr_carea' id='block_1_10' title="bbox 400 937 1898 1015">
    <p class='ocr_par' dir='ltr' id='par_1_10' title="bbox 400 937 1898 1015">
     <span class='ocr_line' id='line_1_10' title="bbox 400 937 1898 1015; baseline -0.005 -17"><span class='ocrx_word' id='word_1_32' title='bbox 400 945 781 1015; x_wconf 81' lang='grc' dir='ltr'>Ἀποδώσομεν</span> <span class='ocrx_word' id='word_1_33' title='bbox 828 944 1010 998; x_wconf 77' lang='grc' dir='ltr'>τοίνυν</span> <span class='ocrx_word' id='word_1_34' title='bbox 1045 943 1143 996; x_wconf 77' lang='grc' dir='ltr'>σὺν</span> <span class='ocrx_word' id='word_1_35' title='bbox 1169 941 1313 1012; x_wconf 83' lang='grc' dir='ltr'><strong>τόκῳ</strong></span> <span class='ocrx_word' id='word_1_36' title='bbox 1347 939 1408 993; x_wconf 84' lang='grc' dir='ltr'><strong>τὸ</strong></span> <span class='ocrx_word' id='word_1_37' title='bbox 1453 937 1633 1009; x_wconf 75' lang='grc' dir='ltr'>χρέος,</span> <span class='ocrx_word' id='word_1_38' title='bbox 1687 937 1754 992; x_wconf 88' lang='grc' dir='ltr'><strong>ἂν</strong></span> <span class='ocrx_word' id='word_1_39' title='bbox 1787 937 1898 1007; x_wconf 82' lang='grc' dir='ltr'>ἄρα</span> 
     </span>
    </p>
   </div>
   <div class='ocr_carea' id='block_1_11' title="bbox 314 1020 1257 1107">
    <p class='ocr_par' dir='ltr' id='par_1_11' title="bbox 314 1036 1257 1107">
     <span class='ocr_line' id='line_1_11' title="bbox 314 1036 1257 1107; baseline -0.003 -17"><span class='ocrx_word' id='word_1_40' title='bbox 314 1037 567 1091; x_wconf 86' lang='grc' dir='ltr'>τοσοῦτον</span> <span class='ocrx_word' id='word_1_41' title='bbox 598 1036 955 1107; x_wconf 80' lang='grc' dir='ltr'><strong>εὐποροῦντες</strong></span> <span class='ocrx_word' id='word_1_42' title='bbox 976 1038 1257 1105; x_wconf 79' lang='grc' dir='ltr'>φανῶμεν.</span> 
     </span>
    </p>
   </div>
   <div class='ocr_carea' id='block_1_12' title="bbox 346 1120 1896 1207">
    <p class='ocr_par' dir='ltr' id='par_1_12' title="bbox 346 1120 1896 1207">
     <span class='ocr_line' id='line_1_12' title="bbox 346 1120 1896 1207; baseline -0.006 -25"><span class='ocrx_word' id='word_1_43' title='bbox 346 1190 361 1207; x_wconf 29' lang='grc' dir='ltr'><strong>κ</strong></span> <span class='ocrx_word' id='word_1_44' title='bbox 399 1130 618 1199; x_wconf 82' lang='grc' dir='ltr'><strong>Ἐπειδὴ</strong></span> <span class='ocrx_word' id='word_1_45' title='bbox 647 1129 771 1182; x_wconf 83' lang='grc' dir='ltr'>ὅσον</span> <span class='ocrx_word' id='word_1_46' title='bbox 794 1128 1080 1197; x_wconf 71' lang='grc' dir='ltr'><strong>ὀφείλομεν</strong></span> <span class='ocrx_word' id='word_1_47' title='bbox 1112 1130 1192 1190; x_wconf 87' lang='grc' dir='ltr'>εἰς</span> <span class='ocrx_word' id='word_1_48' title='bbox 1234 1124 1591 1199; x_wconf 66' lang='grc' dir='ltr'><strong>εὐχαριστίαν</strong></span> <span class='ocrx_word' id='word_1_49' title='bbox 1631 1122 1788 1193; x_wconf 82' lang='grc' dir='ltr'>ὑμῶν</span> <span class='ocrx_word' id='word_1_50' title='bbox 1820 1120 1896 1173; x_wconf 88' lang='grc' dir='ltr'>εί-</span> 
     </span>
    </p>
   </div>
   <div class='ocr_carea' id='block_1_13' title="bbox 315 1216 1640 1292">
    <p class='ocr_par' dir='ltr' id='par_1_13' title="bbox 315 1216 1640 1292">
     <span class='ocr_line' id='line_1_13' title="bbox 315 1216 1640 1292; baseline -0.007 -15"><span class='ocrx_word' id='word_1_51' title='bbox 315 1227 439 1277; x_wconf 83' lang='grc' dir='ltr'>πείν</span> <span class='ocrx_word' id='word_1_52' title='bbox 467 1223 569 1276; x_wconf 85' lang='grc' dir='ltr'><strong>οὐκ</strong></span> <span class='ocrx_word' id='word_1_53' title='bbox 610 1222 891 1292; x_wconf 81' lang='grc' dir='ltr'>ίσχύομεν,</span> <span class='ocrx_word' id='word_1_54' title='bbox 927 1220 1160 1290; x_wconf 78' lang='grc' dir='ltr'>λέγομεν</span> <span class='ocrx_word' id='word_1_55' title='bbox 1190 1220 1312 1274; x_wconf 84' lang='grc' dir='ltr'>ὅσον</span> <span class='ocrx_word' id='word_1_56' title='bbox 1340 1216 1640 1285; x_wconf 83' lang='grc' dir='ltr'>δυνάμεθα.</span> 
     </span>
    </p>
   </div>
   <div class='ocr_carea' id='block_1_14' title="bbox 399 1395 1903 1470">
    <p class='ocr_par' dir='ltr' id='par_1_14' title="bbox 399 1395 1903 1470">
     <span class='ocr_line' id='line_1_14' title="bbox 399 1395 1903 1470; baseline -0.003 -17"><span class='ocrx_word' id='word_1_57' title='bbox 399 1400 565 1455; x_wconf 84' lang='grc' dir='ltr'>Οὐδὲν</span> <span class='ocrx_word' id='word_1_58' title='bbox 594 1400 768 1465; x_wconf 75' lang='grc' dir='ltr'>οὕτως</span> <span class='ocrx_word' id='word_1_59' title='bbox 796 1400 1077 1470; x_wconf 79' lang='grc' dir='ltr'><strong>εὐάγωγον</strong></span> <span class='ocrx_word' id='word_1_60' title='bbox 1107 1402 1184 1465; x_wconf 82' lang='grc' dir='ltr'><strong>εἰς</strong></span> <span class='ocrx_word' id='word_1_61' title='bbox 1214 1397 1453 1465; x_wconf 78' lang='grc' dir='ltr'>εὔνοιαν,</span> <span class='ocrx_word' id='word_1_62' title='bbox 1476 1397 1552 1462; x_wconf 84' lang='grc' dir='ltr'>ὡς</span> <span class='ocrx_word' id='word_1_63' title='bbox 1570 1395 1728 1469; x_wconf 78' lang='grc' dir='ltr'>ἡτῶν</span> <span class='ocrx_word' id='word_1_64' title='bbox 1745 1396 1903 1466; x_wconf 85' lang='grc' dir='ltr'>εὐερ-</span> 
     </span>
    </p>
   </div>
   <div class='ocr_carea' id='block_1_15' title="bbox 314 1493 941 1564">
    <p class='ocr_par' dir='ltr' id='par_1_15' title="bbox 314 1493 941 1564">
     <span class='ocr_line' id='line_1_15' title="bbox 314 1493 941 1564; baseline 0 -17"><span class='ocrx_word' id='word_1_65' title='bbox 314 1493 644 1564; x_wconf 79' lang='grc' dir='ltr'>γετημάτων</span> <span class='ocrx_word' id='word_1_66' title='bbox 673 1493 941 1563; x_wconf 84' lang='grc' dir='ltr'>εὐφημία.</span> 
     </span>
    </p>
   </div>
   <div class='ocr_carea' id='block_1_16' title="bbox 907 1760 1304 1819">
    <p class='ocr_par' dir='ltr' id='par_1_16' title="bbox 907 1760 1304 1819">
     <span class='ocr_line' id='line_1_16' title="bbox 907 1760 1304 1819; baseline -0.005 -1"><span class='ocrx_word' id='word_1_67' title='bbox 907 1764 1129 1818; x_wconf 84' lang='grc' dir='ltr'><strong>ΛΟΓΟΣ</strong></span> <span class='ocrx_word' id='word_1_68' title='bbox 1166 1760 1304 1819; x_wconf 83' lang='lat' dir='ltr'><strong>NH&#39;.</strong></span> 
     </span>
    </p>
   </div>
   <div class='ocr_carea' id='block_1_17' title="bbox 421 1896 1790 1973">
    <p class='ocr_par' dir='ltr' id='par_1_17' title="bbox 421 1896 1790 1973">
     <span class='ocr_line' id='line_1_17' title="bbox 421 1896 1790 1973; baseline -0.007 -14"><span class='ocrx_word' id='word_1_69' title='bbox 421 1902 563 1973; x_wconf 77' lang='grc' dir='ltr'>Περὶ</span> <span class='ocrx_word' id='word_1_70' title='bbox 591 1901 1103 1972; x_wconf 78' lang='grc' dir='ltr'><strong>ἀγνωμονούντων</strong></span> <span class='ocrx_word' id='word_1_71' title='bbox 1139 1898 1238 1954; x_wconf 78' lang='grc' dir='ltr'>καὶ</span> <span class='ocrx_word' id='word_1_72' title='bbox 1274 1896 1790 1968; x_wconf 68' lang='grc' dir='ltr'>ἀχαριστοὼιτων.</span> 
     </span>
    </p>
   </div>
   <div class='ocr_carea' id='block_1_18' title="bbox 402 2035 1633 2109">
    <p class='ocr_par' dir='ltr' id='par_1_18' title="bbox 402 2035 1633 2109">
     <span class='ocr_line' id='line_1_18' title="bbox 402 2035 1633 2109; baseline -0.002 -17"><span class='ocrx_word' id='word_1_73' title='bbox 402 2036 853 2093; x_wconf 83' lang='grc' dir='ltr'>Ἀνταπεδίδοσάν</span> <span class='ocrx_word' id='word_1_74' title='bbox 885 2054 977 2108; x_wconf 85' lang='grc' dir='ltr'><strong>μοι</strong></span> <span class='ocrx_word' id='word_1_75' title='bbox 1011 2037 1224 2109; x_wconf 80' lang='grc' dir='ltr'>πονηρά</span> <span class='ocrx_word' id='word_1_76' title='bbox 1246 2037 1365 2090; x_wconf 75' lang='grc' dir='ltr'>ἀντὶ</span> <span class='ocrx_word' id='word_1_77' title='bbox 1387 2035 1633 2104; x_wconf 75' lang='grc' dir='ltr'>ἀγαθῶν.</span> 
     </span>
    </p>
   </div>
   <div class='ocr_carea' id='block_1_19' title="bbox 403 2215 1899 2291">
    <p class='ocr_par' dir='ltr' id='par_1_19' title="bbox 403 2215 1899 2291">
     <span class='ocr_line' id='line_1_19' title="bbox 403 2215 1899 2291; baseline -0.003 -17"><span class='ocrx_word' id='word_1_78' title='bbox 403 2220 551 2274; x_wconf 69' lang='grc' dir='ltr'>Ἀντὶ</span> <span class='ocrx_word' id='word_1_79' title='bbox 596 2219 690 2273; x_wconf 89' lang='grc' dir='ltr'><strong>τοῦ</strong></span> <span class='ocrx_word' id='word_1_80' title='bbox 752 2219 975 2291; x_wconf 81' lang='grc' dir='ltr'>ἀγαπᾷν</span> <span class='ocrx_word' id='word_1_81' title='bbox 1023 2236 1090 2290; x_wconf 88' lang='grc' dir='ltr'><strong>με</strong></span> <span class='ocrx_word' id='word_1_82' title='bbox 1144 2218 1488 2274; x_wconf 79' lang='grc' dir='ltr'>ἐνδιέόαλλόν</span> <span class='ocrx_word' id='word_1_83' title='bbox 1543 2233 1650 2288; x_wconf 71' lang='grc' dir='ltr'>μεθ</span> <span class='ocrx_word' id='word_1_84' title='bbox 1702 2215 1816 2285; x_wconf 76' lang='grc' dir='ltr'>ἐγὼ</span> <span class='ocrx_word' id='word_1_85' title='bbox 1844 2216 1899 2269; x_wconf 80' lang='grc' dir='ltr'>δὲ</span> 
     </span>
    </p>
   </div>
   <div class='ocr_carea' id='block_1_20' title="bbox 320 2308 1903 2383">
    <p class='ocr_par' dir='ltr' id='par_1_20' title="bbox 320 2308 1903 2383">
     <span class='ocr_line' id='line_1_20' title="bbox 320 2308 1903 2383; baseline -0.004 -16"><span class='ocrx_word' id='word_1_86' title='bbox 320 2312 741 2383; x_wconf 63' lang='grc' dir='ltr'>προσηυχόοιην,</span> <span class='ocrx_word' id='word_1_87' title='bbox 775 2313 867 2365; x_wconf 76' lang='grc' dir='ltr'><strong>καὶ</strong></span> <span class='ocrx_word' id='word_1_88' title='bbox 902 2311 1087 2365; x_wconf 71' lang='grc' dir='ltr'>ἔθεντο</span> <span class='ocrx_word' id='word_1_89' title='bbox 1128 2311 1249 2365; x_wconf 87' lang='grc' dir='ltr'>κατ’</span> <span class='ocrx_word' id='word_1_90' title='bbox 1271 2310 1407 2382; x_wconf 82' lang='grc' dir='ltr'>ἐμοῦ</span> <span class='ocrx_word' id='word_1_91' title='bbox 1437 2310 1584 2364; x_wconf 69' lang='grc' dir='ltr'>κακά</span> <span class='ocrx_word' id='word_1_92' title='bbox 1615 2308 1735 2362; x_wconf 72' lang='grc' dir='ltr'>ἀντὶ</span> <span class='ocrx_word' id='word_1_93' title='bbox 1768 2310 1903 2375; x_wconf 81' lang='grc' dir='ltr'>ἀγα-</span> 
     </span>
    </p>
   </div>
   <div class='ocr_carea' id='block_1_21' title="bbox 320 2400 1549 2473">
    <p class='ocr_par' dir='ltr' id='par_1_21' title="bbox 320 2400 1549 2473">
     <span class='ocr_line' id='line_1_21' title="bbox 320 2400 1549 2473; baseline -0.005 -13"><span class='ocrx_word' id='word_1_94' title='bbox 320 2406 452 2469; x_wconf 86' lang='grc' dir='ltr'>θῶν,</span> <span class='ocrx_word' id='word_1_95' title='bbox 481 2404 575 2458; x_wconf 71' lang='grc' dir='ltr'>καὶ</span> <span class='ocrx_word' id='word_1_96' title='bbox 608 2407 758 2473; x_wconf 77' lang='grc' dir='ltr'>μῖσος</span> <span class='ocrx_word' id='word_1_97' title='bbox 784 2404 905 2458; x_wconf 81' lang='grc' dir='ltr'>ἀντὶ</span> <span class='ocrx_word' id='word_1_98' title='bbox 931 2403 1032 2473; x_wconf 84' lang='grc' dir='ltr'>τῆς</span> <span class='ocrx_word' id='word_1_99' title='bbox 1057 2400 1391 2473; x_wconf 83' lang='grc' dir='ltr'>άγαπήσεώς</span> <span class='ocrx_word' id='word_1_100' title='bbox 1427 2417 1549 2470; x_wconf 84' lang='grc' dir='ltr'>μου.</span> 
     </span>
    </p>
   </div>
   <div class='ocr_carea' id='block_1_22' title="bbox 397 2490 1902 2564">
    <p class='ocr_par' dir='ltr' id='par_1_22' title="bbox 397 2490 1902 2564">
     <span class='ocr_line' id='line_1_22' title="bbox 397 2490 1902 2564; baseline -0.007 -11"><span class='ocrx_word' id='word_1_101' title='bbox 397 2499 493 2562; x_wconf 81' lang='grc' dir='ltr'>’ος</span> <span class='ocrx_word' id='word_1_102' title='bbox 515 2497 810 2551; x_wconf 81' lang='grc' dir='ltr'>ἀποδίδωσι</span> <span class='ocrx_word' id='word_1_103' title='bbox 844 2496 992 2549; x_wconf 77' lang='grc' dir='ltr'>κακὰ</span> <span class='ocrx_word' id='word_1_104' title='bbox 1018 2496 1141 2549; x_wconf 76' lang='grc' dir='ltr'>ἀντὶ</span> <span class='ocrx_word' id='word_1_105' title='bbox 1180 2492 1422 2563; x_wconf 75' lang='grc' dir='ltr'>ἀγαθῶν,</span> <span class='ocrx_word' id='word_1_106' title='bbox 1458 2493 1519 2547; x_wconf 87' lang='grc' dir='ltr'><strong>οὐ</strong></span> <span class='ocrx_word' id='word_1_107' title='bbox 1548 2490 1902 2564; x_wconf 79' lang='grc' dir='ltr'><strong>κινηθήσεται</strong></span> 
     </span>
    </p>
   </div>
   <div class='ocr_carea' id='block_1_23' title="bbox 245 2588 1102 2654">
    <p class='ocr_par' dir='ltr' id='par_1_23' title="bbox 245 2588 1102 2654">
     <span class='ocr_line' id='line_1_23' title="bbox 245 2588 1102 2654; baseline -0.006 -8"><span class='ocrx_word' id='word_1_108' title='bbox 245 2647 256 2654; x_wconf 80' lang='grc'><strong>,</strong></span> <span class='ocrx_word' id='word_1_109' title='bbox 317 2591 468 2646; x_wconf 76' lang='grc' dir='ltr'>κακὰ</span> <span class='ocrx_word' id='word_1_110' title='bbox 498 2590 564 2644; x_wconf 79' lang='grc' dir='ltr'>ὲκ</span> <span class='ocrx_word' id='word_1_111' title='bbox 595 2588 692 2644; x_wconf 84' lang='grc' dir='ltr'><strong>τοῦ</strong></span> <span class='ocrx_word' id='word_1_112' title='bbox 725 2588 878 2643; x_wconf 78' lang='grc' dir='ltr'>οἴκου</span> <span class='ocrx_word' id='word_1_113' title='bbox 910 2588 1102 2642; x_wconf 83' lang='grc' dir='ltr'>αὐτοῦ.</span> 
     </span>
    </p>
   </div>
   <div class='ocr_carea' id='block_1_24' title="bbox 393 2675 1903 2752">
    <p class='ocr_par' dir='ltr' id='par_1_24' title="bbox 393 2675 1903 2752">
     <span class='ocr_line' id='line_1_24' title="bbox 393 2675 1903 2752; baseline -0.007 -15"><span class='ocrx_word' id='word_1_114' title='bbox 393 2684 529 2737; x_wconf 80' lang='grc' dir='ltr'>Οὐαὶ</span> <span class='ocrx_word' id='word_1_115' title='bbox 561 2683 768 2746; x_wconf 76' lang='grc' dir='ltr'>αὐτοῖς,</span> <span class='ocrx_word' id='word_1_116' title='bbox 818 2682 899 2735; x_wconf 82' lang='grc' dir='ltr'>ὅτι</span> <span class='ocrx_word' id='word_1_117' title='bbox 934 2681 1298 2752; x_wconf 83' lang='grc' dir='ltr'>ἀπεπήδησαν</span> <span class='ocrx_word' id='word_1_118' title='bbox 1347 2679 1443 2733; x_wconf 84' lang='grc' dir='ltr'><strong>ἀπ’</strong></span> <span class='ocrx_word' id='word_1_119' title='bbox 1471 2678 1609 2749; x_wconf 72' lang='grc' dir='ltr'>ἐμοῦ</span> <span class='ocrx_word' id='word_1_120' title='bbox 1630 2694 1646 2710; x_wconf 78' lang='grc' dir='ltr'><strong><em>ο</em></strong></span> <span class='ocrx_word' id='word_1_121' title='bbox 1680 2675 1903 2731; x_wconf 74' lang='grc' dir='ltr'>δείλαιοι</span> 
     </span>
    </p>
   </div>
   <div class='ocr_carea' id='block_1_25' title="bbox 320 2767 1903 2844">
    <p class='ocr_par' dir='ltr' id='par_1_25' title="bbox 320 2767 1903 2844">
     <span class='ocr_line' id='line_1_25' title="bbox 320 2767 1903 2844; baseline -0.007 -15"><span class='ocrx_word' id='word_1_122' title='bbox 320 2775 476 2842; x_wconf 86' lang='grc' dir='ltr'>είσιν,</span> <span class='ocrx_word' id='word_1_123' title='bbox 507 2775 589 2827; x_wconf 76' lang='grc' dir='ltr'><strong>ὅτι</strong></span> <span class='ocrx_word' id='word_1_124' title='bbox 631 2772 912 2844; x_wconf 70' lang='grc' dir='ltr'>ἠσέϐησαν</span> <span class='ocrx_word' id='word_1_125' title='bbox 964 2775 1043 2835; x_wconf 82' lang='grc' dir='ltr'><strong>εἰς</strong></span> <span class='ocrx_word' id='word_1_126' title='bbox 1090 2772 1211 2840; x_wconf 80' lang='grc' dir='ltr'><strong>ὲμὲ.</strong></span> <span class='ocrx_word' id='word_1_127' title='bbox 1266 2770 1408 2837; x_wconf 82' lang='grc' dir='ltr'><strong>Ἐγὼ</strong></span> <span class='ocrx_word' id='word_1_128' title='bbox 1448 2772 1559 2839; x_wconf 83' lang='grc' dir='ltr'><strong>γὰρ</strong></span> <span class='ocrx_word' id='word_1_129' title='bbox 1588 2767 1903 2836; x_wconf 82' lang='grc' dir='ltr'>ὲλυτρωσά-</span> 
     </span>
    </p>
   </div>
   <div class='ocr_carea' id='block_1_26' title="bbox 325 2860 1901 2939">
    <p class='ocr_par' dir='ltr' id='par_1_26' title="bbox 325 2860 1901 2939">
     <span class='ocr_line' id='line_1_26' title="bbox 325 2860 1901 2939; baseline -0.005 -17"><span class='ocrx_word' id='word_1_130' title='bbox 325 2885 435 2939; x_wconf 87' lang='grc' dir='ltr'><strong>μην</strong></span> <span class='ocrx_word' id='word_1_131' title='bbox 463 2867 685 2930; x_wconf 78' lang='grc' dir='ltr'>αὐτοὺς,</span> <span class='ocrx_word' id='word_1_132' title='bbox 710 2867 861 2919; x_wconf 71' lang='grc' dir='ltr'>αὐτοὶ</span> <span class='ocrx_word' id='word_1_133' title='bbox 889 2865 945 2919; x_wconf 77' lang='grc' dir='ltr'>δὲ</span> <span class='ocrx_word' id='word_1_134' title='bbox 975 2865 1354 2934; x_wconf 77' lang='grc' dir='ltr'>κατελάλησαν</span> <span class='ocrx_word' id='word_1_135' title='bbox 1384 2863 1505 2917; x_wconf 78' lang='grc' dir='ltr'>κατ’</span> <span class='ocrx_word' id='word_1_136' title='bbox 1541 2861 1674 2932; x_wconf 80' lang='grc' dir='ltr'>ἐμοῦ</span> <span class='ocrx_word' id='word_1_137' title='bbox 1704 2860 1901 2930; x_wconf 78' lang='grc' dir='ltr'>ψευδῆ.</span> 
     </span>
    </p>
   </div>
   <div class='ocr_carea' id='block_1_27' title="bbox 397 2952 1900 3029">
    <p class='ocr_par' dir='ltr' id='par_1_27' title="bbox 397 2952 1900 3029">
     <span class='ocr_line' id='line_1_27' title="bbox 397 2952 1900 3029; baseline -0.006 -16"><span class='ocrx_word' id='word_1_138' title='bbox 397 2961 620 3025; x_wconf 81' lang='grc' dir='ltr'>Ἀκουε,</span> <span class='ocrx_word' id='word_1_139' title='bbox 666 2958 888 3029; x_wconf 82' lang='grc' dir='ltr'>οὐρανὲ,</span> <span class='ocrx_word' id='word_1_140' title='bbox 924 2958 1020 3012; x_wconf 82' lang='grc' dir='ltr'>καὶ</span> <span class='ocrx_word' id='word_1_141' title='bbox 1070 2956 1370 3021; x_wconf 75' lang='grc' dir='ltr'>ὲνωτίζου,</span> <span class='ocrx_word' id='word_1_142' title='bbox 1418 2955 1511 3024; x_wconf 84' lang='grc' dir='ltr'>γῆ,</span> <span class='ocrx_word' id='word_1_143' title='bbox 1565 2956 1650 3008; x_wconf 83' lang='grc' dir='ltr'><strong>ὅτι</strong></span> <span class='ocrx_word' id='word_1_144' title='bbox 1697 2952 1900 3023; x_wconf 83' lang='grc' dir='ltr'>Κύριος</span> 
     </span>
    </p>
   </div>
   <div class='ocr_carea' id='block_1_28' title="bbox 321 3043 1905 3123">
    <p class='ocr_par' dir='ltr' id='par_1_28' title="bbox 321 3043 1905 3123">
     <span class='ocr_line' id='line_1_28' title="bbox 321 3043 1905 3123; baseline -0.007 -15"><span class='ocrx_word' id='word_1_145' title='bbox 321 3052 582 3123; x_wconf 76' lang='grc' dir='ltr'>ἐλάλησεν</span> <span class='ocrx_word' id='word_1_146' title='bbox 608 3069 622 3083; x_wconf 78' lang='grc' dir='ltr'><strong>ο</strong></span> <span class='ocrx_word' id='word_1_147' title='bbox 672 3070 691 3105; x_wconf 75' lang='grc' dir='ltr'><strong>ι</strong></span> <span class='ocrx_word' id='word_1_148' title='bbox 732 3051 891 3115; x_wconf 72' lang='grc' dir='ltr'>Υίυὺς</span> <span class='ocrx_word' id='word_1_149' title='bbox 944 3051 1211 3120; x_wconf 76' lang='grc' dir='ltr'>ἐγέννησα</span> <span class='ocrx_word' id='word_1_150' title='bbox 1255 3049 1346 3101; x_wconf 79' lang='grc' dir='ltr'><strong>καὶ</strong></span> <span class='ocrx_word' id='word_1_151' title='bbox 1386 3046 1602 3116; x_wconf 78' lang='grc' dir='ltr'>ὖψωσα,</span> <span class='ocrx_word' id='word_1_152' title='bbox 1656 3045 1813 3100; x_wconf 69' lang='grc' dir='ltr'>αὐτοὶ</span> <span class='ocrx_word' id='word_1_153' title='bbox 1846 3043 1905 3097; x_wconf 80' lang='grc' dir='ltr'>δὲ</span> 
     </span>
    </p>
   </div>
   <div class='ocr_carea' id='block_1_29' title="bbox 1928 1922 1978 1984">
    <p class='ocr_par' dir='ltr' id='par_1_29' title="bbox 1928 1922 1978 1984">
     <span class='ocr_line' id='line_1_29' title="bbox 1928 1922 1978 1984; baseline 0 0"><span class='ocrx_word' id='word_1_154' title='bbox 1928 1922 1978 1984; x_wconf 88' lang='grc' dir='ltr'><strong>Β</strong></span> 
     </span>
    </p>
   </div>
   <div class='ocr_carea' id='block_1_30' title="bbox 2003 651 3099 715">
    <p class='ocr_par' dir='ltr' id='par_1_30' title="bbox 2003 651 3099 715">
     <span class='ocr_line' id='line_1_30' title="bbox 2003 651 3099 715; baseline -0.009 -1"><span class='ocrx_word' id='word_1_155' title='bbox 2003 659 2144 715; x_wconf 92' lang='lat' dir='ltr'><strong>ratio</strong></span> <span class='ocrx_word' id='word_1_156' title='bbox 2182 658 2411 714; x_wconf 83' lang='lat' dir='ltr'><strong>honesta</strong></span> <span class='ocrx_word' id='word_1_157' title='bbox 2443 668 2529 714; x_wconf 89' lang='lat' dir='ltr'><strong>est</strong></span> <span class='ocrx_word' id='word_1_158' title='bbox 2558 655 2816 713; x_wconf 87' lang='lat' dir='ltr'><strong>laudandi</strong></span> <span class='ocrx_word' id='word_1_159' title='bbox 2862 651 3099 709; x_wconf 62' lang='lat' dir='ltr'><strong>occasio.</strong></span> 
     </span>
    </p>
   </div>
   <div class='ocr_carea' id='block_1_31' title="bbox 2073 734 3593 805">
    <p class='ocr_par' dir='ltr' id='par_1_31' title="bbox 2073 734 3593 805">
     <span class='ocr_line' id='line_1_31' title="bbox 2073 734 3593 805; baseline -0.01 -2"><span class='ocrx_word' id='word_1_160' title='bbox 2073 750 2221 805; x_wconf 87' lang='lat' dir='ltr'><strong>Bene</strong></span> <span class='ocrx_word' id='word_1_161' title='bbox 2262 750 2470 805; x_wconf 76' lang='lat' dir='ltr'><strong>meritis</strong></span> <span class='ocrx_word' id='word_1_162' title='bbox 2506 748 2648 805; x_wconf 89' lang='lat' dir='ltr'><strong>ultro</strong></span> <span class='ocrx_word' id='word_1_163' title='bbox 2693 747 2954 802; x_wconf 76' lang='lat' dir='ltr'><strong>debemus</strong></span> <span class='ocrx_word' id='word_1_164' title='bbox 2998 753 3213 797; x_wconf 89' lang='lat' dir='ltr'><strong>omnem</strong></span> <span class='ocrx_word' id='word_1_165' title='bbox 3260 734 3593 793; x_wconf 85' lang='lat' dir='ltr'><strong>benevolen-</strong></span> 
     </span>
    </p>
   </div>
   <div class='ocr_carea' id='block_1_32' title="bbox 2003 843 2442 911">
    <p class='ocr_par' dir='ltr' id='par_1_32' title="bbox 2003 843 2442 911">
     <span class='ocr_line' id='line_1_32' title="bbox 2003 843 2442 911; baseline -0.005 -16"><span class='ocrx_word' id='word_1_166' title='bbox 2003 843 2134 895; x_wconf 83' lang='lat' dir='ltr'><strong>tiam</strong></span> <span class='ocrx_word' id='word_1_167' title='bbox 2162 850 2442 911; x_wconf 68' lang='lat' dir='ltr'><strong>praestare.</strong></span> 
     </span>
    </p>
   </div>
   <div class='ocr_carea' id='block_1_33' title="bbox 2075 918 3595 1001">
    <p class='ocr_par' dir='ltr' id='par_1_33' title="bbox 2075 918 3595 1001">
     <span class='ocr_line' id='line_1_33' title="bbox 2075 918 3595 1001; baseline -0.009 -18"><span class='ocrx_word' id='word_1_168' title='bbox 2075 929 2343 999; x_wconf 83' lang='lat' dir='ltr'><strong>Theologi.</strong></span> <span class='ocrx_word' id='word_1_169' title='bbox 2378 930 2686 985; x_wconf 81' lang='lat' dir='ltr'><strong>Reddamus</strong></span> <span class='ocrx_word' id='word_1_170' title='bbox 2725 930 2891 1001; x_wconf 92' lang='lat' dir='ltr'><strong>igitur</strong></span> <span class='ocrx_word' id='word_1_171' title='bbox 2921 940 3043 982; x_wconf 89' lang='lat' dir='ltr'><strong>cum</strong></span> <span class='ocrx_word' id='word_1_172' title='bbox 3086 924 3272 978; x_wconf 88' lang='lat' dir='ltr'><strong>fenore</strong></span> <span class='ocrx_word' id='word_1_173' title='bbox 3328 918 3595 980; x_wconf 87' lang='lat' dir='ltr'><strong>debitum,</strong></span> 
     </span>
    </p>
   </div>
   <div class='ocr_carea' id='block_1_34' title="bbox 2004 1018 3269 1091">
    <p class='ocr_par' dir='ltr' id='par_1_34' title="bbox 2004 1018 3269 1091">
     <span class='ocr_line' id='line_1_34' title="bbox 2004 1018 3269 1091; baseline -0.007 -14"><span class='ocrx_word' id='word_1_174' title='bbox 2004 1023 2051 1077; x_wconf 87' lang='lat' dir='ltr'><strong>si</strong></span> <span class='ocrx_word' id='word_1_175' title='bbox 2075 1024 2235 1077; x_wconf 91' lang='lat' dir='ltr'><strong>modo</strong></span> <span class='ocrx_word' id='word_1_176' title='bbox 2269 1030 2417 1077; x_wconf 85' lang='lat' dir='ltr'><strong>tanta</strong></span> <span class='ocrx_word' id='word_1_177' title='bbox 2458 1021 2611 1091; x_wconf 90' lang='lat' dir='ltr'><strong>copia</strong></span> <span class='ocrx_word' id='word_1_178' title='bbox 2650 1020 2929 1076; x_wconf 83' lang='lat' dir='ltr'><strong>abundare</strong></span> <span class='ocrx_word' id='word_1_179' title='bbox 2958 1018 3269 1073; x_wconf 90' lang='lat' dir='ltr'><strong>videamur.</strong></span> 
     </span>
    </p>
   </div>
   <div class='ocr_carea' id='block_1_35' title="bbox 2077 1102 3592 1184">
    <p class='ocr_par' dir='ltr' id='par_1_35' title="bbox 2077 1102 3592 1184">
     <span class='ocr_line' id='line_1_35' title="bbox 2077 1102 3592 1184; baseline -0.009 -14"><span class='ocrx_word' id='word_1_180' title='bbox 2077 1115 2138 1170; x_wconf 91' lang='lat' dir='ltr'><strong>S.</strong></span> <span class='ocrx_word' id='word_1_181' title='bbox 2173 1114 2442 1184; x_wconf 75' lang='lat' dir='ltr'><strong>Chrysost.</strong></span> <span class='ocrx_word' id='word_1_182' title='bbox 2479 1114 2707 1179; x_wconf 87' lang='lat' dir='ltr'><strong>Quando</strong></span> <span class='ocrx_word' id='word_1_183' title='bbox 2740 1119 3002 1181; x_wconf 85' lang='lat' dir='ltr'><strong>quantum</strong></span> <span class='ocrx_word' id='word_1_184' title='bbox 3054 1108 3320 1163; x_wconf 81' lang='lat' dir='ltr'><strong>debemus</strong></span> <span class='ocrx_word' id='word_1_185' title='bbox 3364 1102 3434 1157; x_wconf 88' lang='lat' dir='ltr'><strong>ad</strong></span> <span class='ocrx_word' id='word_1_186' title='bbox 3465 1115 3592 1172; x_wconf 85' lang='lat' dir='ltr'><strong>gra-</strong></span> 
     </span>
    </p>
   </div>
   <div class='ocr_carea' id='block_1_36' title="bbox 2008 1193 3592 1264">
    <p class='ocr_par' dir='ltr' id='par_1_36' title="bbox 2008 1193 3592 1264">
     <span class='ocr_line' id='line_1_36' title="bbox 2008 1193 3592 1264; baseline -0.01 -3"><span class='ocrx_word' id='word_1_187' title='bbox 2008 1207 2134 1261; x_wconf 87' lang='lat' dir='ltr'><strong>tiam</strong></span> <span class='ocrx_word' id='word_1_188' title='bbox 2159 1205 2314 1260; x_wconf 84' lang='lat' dir='ltr'><strong>vobis</strong></span> <span class='ocrx_word' id='word_1_189' title='bbox 2334 1204 2679 1259; x_wconf 76' lang='lat' dir='ltr'><strong>referendam</strong></span> <span class='ocrx_word' id='word_1_190' title='bbox 2706 1204 2889 1259; x_wconf 82' lang='lat' dir='ltr'><strong>dicere</strong></span> <span class='ocrx_word' id='word_1_191' title='bbox 2921 1216 3028 1256; x_wconf 89' lang='lat' dir='ltr'><strong>non</strong></span> <span class='ocrx_word' id='word_1_192' title='bbox 3060 1199 3327 1264; x_wconf 86' lang='lat' dir='ltr'><strong>valemus,</strong></span> <span class='ocrx_word' id='word_1_193' title='bbox 3355 1193 3592 1250; x_wconf 90' lang='lat' dir='ltr'><strong>dicimus</strong></span> 
     </span>
    </p>
   </div>
   <div class='ocr_carea' id='block_1_37' title="bbox 2007 1311 2608 1373">
    <p class='ocr_par' dir='ltr' id='par_1_37' title="bbox 2007 1311 2608 1373">
     <span class='ocr_line' id='line_1_37' title="bbox 2007 1311 2608 1373; baseline -0.002 -18"><span class='ocrx_word' id='word_1_194' title='bbox 2007 1311 2269 1373; x_wconf 80' lang='lat' dir='ltr'><strong>quantum</strong></span> <span class='ocrx_word' id='word_1_195' title='bbox 2296 1317 2608 1371; x_wconf 83' lang='lat' dir='ltr'><strong>possumus.</strong></span> 
     </span>
    </p>
   </div>
   <div class='ocr_carea' id='block_1_38' title="bbox 2087 1387 3593 1452">
    <p class='ocr_par' dir='ltr' id='par_1_38' title="bbox 2087 1387 3593 1452">
     <span class='ocr_line' id='line_1_38' title="bbox 2087 1387 3593 1452; baseline -0.009 0"><span class='ocrx_word' id='word_1_196' title='bbox 2087 1396 2345 1452; x_wconf 77' lang='lat' dir='ltr'><strong>Philonis.</strong></span> <span class='ocrx_word' id='word_1_197' title='bbox 2378 1394 2525 1450; x_wconf 83' lang='lat' dir='ltr'><strong>Nihil</strong></span> <span class='ocrx_word' id='word_1_198' title='bbox 2546 1404 2653 1449; x_wconf 91' lang='lat' dir='ltr'><strong>tam</strong></span> <span class='ocrx_word' id='word_1_199' title='bbox 2685 1392 2832 1449; x_wconf 89' lang='lat' dir='ltr'><strong>valet</strong></span> <span class='ocrx_word' id='word_1_200' title='bbox 2877 1391 2945 1447; x_wconf 92' lang='lat' dir='ltr'><strong>ad</strong></span> <span class='ocrx_word' id='word_1_201' title='bbox 2987 1387 3426 1447; x_wconf 77' lang='lat' dir='ltr'><strong>benevolentiam</strong></span> <span class='ocrx_word' id='word_1_202' title='bbox 3458 1398 3593 1440; x_wconf 82' lang='lat' dir='ltr'><strong>con-</strong></span> 
     </span>
    </p>
   </div>
   <div class='ocr_carea' id='block_1_39' title="bbox 2008 1479 3595 1559">
    <p class='ocr_par' dir='ltr' id='par_1_39' title="bbox 2008 1479 3595 1559">
     <span class='ocr_line' id='line_1_39' title="bbox 2008 1479 3595 1559; baseline -0.011 -11"><span class='ocrx_word' id='word_1_203' title='bbox 2008 1493 2296 1548; x_wconf 86' lang='lat' dir='ltr'><strong>eiliandam</strong></span> <span class='ocrx_word' id='word_1_204' title='bbox 2359 1503 2521 1559; x_wconf 87' lang='lat' dir='ltr'><strong>quam</strong></span> <span class='ocrx_word' id='word_1_205' title='bbox 2582 1485 2979 1542; x_wconf 82' lang='lat' dir='ltr'><strong>beneﬁciorum</strong></span> <span class='ocrx_word' id='word_1_206' title='bbox 3052 1479 3444 1554; x_wconf 75' lang='lat' dir='ltr'><strong>depraedicatio</strong></span> <span class='ocrx_word' id='word_1_207' title='bbox 3500 1489 3595 1531; x_wconf 82' lang='lat' dir='ltr'><strong>ac-</strong></span> 
     </span>
    </p>
   </div>
   <div class='ocr_carea' id='block_1_40' title="bbox 2009 1595 2314 1656">
    <p class='ocr_par' dir='ltr' id='par_1_40' title="bbox 2009 1595 2314 1656">
     <span class='ocr_line' id='line_1_40' title="bbox 2009 1595 2314 1656; baseline -0.01 -14"><span class='ocrx_word' id='word_1_208' title='bbox 2009 1595 2314 1656; x_wconf 82' lang='lat' dir='ltr'><strong>ceptorum.</strong></span> 
     </span>
    </p>
   </div>
   <div class='ocr_carea' id='block_1_41' title="bbox 2400 1758 3204 1837">
    <p class='ocr_par' dir='ltr' id='par_1_41' title="bbox 2400 1758 3204 1837">
     <span class='ocr_line' id='line_1_41' title="bbox 2400 1758 3204 1837; baseline -0.01 -16"><span class='ocrx_word' id='word_1_209' title='bbox 2400 1764 2635 1821; x_wconf 78' lang='lat' dir='ltr'><strong>SERMO</strong></span> <span class='ocrx_word' id='word_1_210' title='bbox 2670 1762 2829 1818; x_wconf 82' lang='lat' dir='ltr'><strong>LVIII</strong></span> <span class='ocrx_word' id='word_1_211' title='bbox 2846 1759 2948 1837; x_wconf 84' lang='grc' dir='ltr'><strong>[αι.</strong></span> <span class='ocrx_word' id='word_1_212' title='bbox 2992 1758 3204 1832; x_wconf 85' lang='lat' dir='ltr'><strong>XLIV].</strong></span> 
     </span>
    </p>
   </div>
   <div class='ocr_carea' id='block_1_42' title="bbox 2150 1895 3452 1975">
    <p class='ocr_par' dir='ltr' id='par_1_42' title="bbox 2150 1895 3452 1975">
     <span class='ocr_line' id='line_1_42' title="bbox 2150 1895 3452 1975; baseline -0.008 -17"><span class='ocrx_word' id='word_1_213' title='bbox 2150 1903 2227 1960; x_wconf 86' lang='lat' dir='ltr'><strong>De</strong></span> <span class='ocrx_word' id='word_1_214' title='bbox 2255 1903 2479 1975; x_wconf 73' lang='lat' dir='ltr'><strong>ingratis</strong></span> <span class='ocrx_word' id='word_1_215' title='bbox 2512 1912 2560 1957; x_wconf 72' lang='lat' dir='ltr'><strong>et</strong></span> <span class='ocrx_word' id='word_1_216' title='bbox 2596 1901 2845 1971; x_wconf 78' lang='lat' dir='ltr'><strong>beneﬁcia</strong></span> <span class='ocrx_word' id='word_1_217' title='bbox 2889 1914 2995 1953; x_wconf 83' lang='lat' dir='ltr'><strong>non</strong></span> <span class='ocrx_word' id='word_1_218' title='bbox 3026 1895 3452 1969; x_wconf 75' lang='lat' dir='ltr'><strong>agnoscentibus.</strong></span> 
     </span>
    </p>
   </div>
   <div class='ocr_carea' id='block_1_43' title="bbox 2077 2026 3598 2109">
    <p class='ocr_par' dir='ltr' id='par_1_43' title="bbox 2077 2026 3598 2109">
     <span class='ocr_line' id='line_1_43' title="bbox 2077 2026 3598 2109; baseline -0.009 -14"><span class='ocrx_word' id='word_1_219' title='bbox 2077 2040 2229 2096; x_wconf 74' lang='lat' dir='ltr'><strong>Psal.</strong></span> <span class='ocrx_word' id='word_1_220' title='bbox 2267 2055 2452 2095; x_wconf 73' lang='lat' dir='ltr'><strong>xxxrr.</strong></span> <span class='ocrx_word' id='word_1_221' title='bbox 2507 2037 2673 2109; x_wconf 78' lang='lat'><strong>209</strong></span> <span class='ocrx_word' id='word_1_222' title='bbox 2723 2036 2860 2091; x_wconf 84' lang='lat' dir='ltr'><strong>Mala</strong></span> <span class='ocrx_word' id='word_1_223' title='bbox 2890 2048 2994 2107; x_wconf 91' lang='lat' dir='ltr'><strong>pro</strong></span> <span class='ocrx_word' id='word_1_224' title='bbox 3033 2032 3197 2088; x_wconf 81' lang='lat' dir='ltr'><strong>bonis</strong></span> <span class='ocrx_word' id='word_1_225' title='bbox 3229 2029 3361 2085; x_wconf 87' lang='lat' dir='ltr'><strong>mihi</strong></span> <span class='ocrx_word' id='word_1_226' title='bbox 3412 2026 3598 2083; x_wconf 87' lang='lat' dir='ltr'><strong>reddi-</strong></span> 
     </span>
    </p>
   </div>
   <div class='ocr_carea' id='block_1_44' title="bbox 2004 2132 2224 2187">
    <p class='ocr_par' dir='ltr' id='par_1_44' title="bbox 2004 2132 2224 2187">
     <span class='ocr_line' id='line_1_44' title="bbox 2004 2132 2224 2187; baseline -0.005 0"><span class='ocrx_word' id='word_1_227' title='bbox 2004 2132 2224 2187; x_wconf 89' lang='lat' dir='ltr'><strong>derunt.</strong></span> 
     </span>
    </p>
   </div>
   <div class='ocr_carea' id='block_1_45' title="bbox 2075 2206 3605 2286">
    <p class='ocr_par' dir='ltr' id='par_1_45' title="bbox 2075 2206 3605 2286">
     <span class='ocr_line' id='line_1_45' title="bbox 2075 2206 3605 2286; baseline -0.012 -7"><span class='ocrx_word' id='word_1_228' title='bbox 2075 2222 2562 2279; x_wconf 88' lang='lat' dir='ltr'><strong>Calumniabautnr</strong></span> <span class='ocrx_word' id='word_1_229' title='bbox 2591 2233 2701 2283; x_wconf 86' lang='lat' dir='ltr'><strong>me,</strong></span> <span class='ocrx_word' id='word_1_230' title='bbox 2724 2232 2848 2273; x_wconf 90' lang='lat' dir='ltr'><strong>cum</strong></span> <span class='ocrx_word' id='word_1_231' title='bbox 2883 2215 3166 2286; x_wconf 81' lang='lat' dir='ltr'><strong>diligerem</strong></span> <span class='ocrx_word' id='word_1_232' title='bbox 3210 2225 3324 2267; x_wconf 91' lang='lat' dir='ltr'><strong>eos.</strong></span> <span class='ocrx_word' id='word_1_233' title='bbox 3354 2206 3470 2281; x_wconf 86' lang='lat' dir='ltr'><strong>Ego</strong></span> <span class='ocrx_word' id='word_1_234' title='bbox 3495 2222 3605 2262; x_wconf 80' lang='lat' dir='ltr'><strong>au-</strong></span> 
     </span>
    </p>
   </div>
   <div class='ocr_carea' id='block_1_46' title="bbox 2005 2304 3601 2385">
    <p class='ocr_par' dir='ltr' id='par_1_46' title="bbox 2005 2304 3601 2385">
     <span class='ocr_line' id='line_1_46' title="bbox 2005 2304 3601 2385; baseline -0.013 -12"><span class='ocrx_word' id='word_1_235' title='bbox 2005 2326 2112 2373; x_wconf 91' lang='lat' dir='ltr'><strong>tem</strong></span> <span class='ocrx_word' id='word_1_236' title='bbox 2141 2314 2404 2385; x_wconf 89' lang='lat' dir='ltr'><strong>precabar</strong></span> <span class='ocrx_word' id='word_1_237' title='bbox 2430 2320 2481 2367; x_wconf 88' lang='lat' dir='ltr'><strong>et</strong></span> <span class='ocrx_word' id='word_1_238' title='bbox 2516 2312 2654 2366; x_wconf 90' lang='lat' dir='ltr'><strong>mala</strong></span> <span class='ocrx_word' id='word_1_239' title='bbox 2682 2325 2780 2381; x_wconf 88' lang='lat' dir='ltr'><strong>pro</strong></span> <span class='ocrx_word' id='word_1_240' title='bbox 2810 2308 2973 2365; x_wconf 91' lang='lat' dir='ltr'><strong>bonis</strong></span> <span class='ocrx_word' id='word_1_241' title='bbox 3024 2304 3159 2361; x_wconf 85' lang='lat' dir='ltr'><strong>mihi</strong></span> <span class='ocrx_word' id='word_1_242' title='bbox 3191 2306 3515 2375; x_wconf 88' lang='lat' dir='ltr'><strong>posuerunt,</strong></span> <span class='ocrx_word' id='word_1_243' title='bbox 3545 2305 3601 2353; x_wconf 88' lang='lat' dir='ltr'><strong>et</strong></span> 
     </span>
    </p>
   </div>
   <div class='ocr_carea' id='block_1_47' title="bbox 2004 2404 2807 2476">
    <p class='ocr_par' dir='ltr' id='par_1_47' title="bbox 2004 2404 2807 2476">
     <span class='ocr_line' id='line_1_47' title="bbox 2004 2404 2807 2476; baseline -0.01 -14"><span class='ocrx_word' id='word_1_244' title='bbox 2004 2407 2189 2462; x_wconf 86' lang='lat' dir='ltr'><strong>odium</strong></span> <span class='ocrx_word' id='word_1_245' title='bbox 2223 2421 2320 2476; x_wconf 93' lang='lat' dir='ltr'><strong>pro</strong></span> <span class='ocrx_word' id='word_1_246' title='bbox 2345 2404 2635 2459; x_wconf 87' lang='lat' dir='ltr'><strong>dilectione</strong></span> <span class='ocrx_word' id='word_1_247' title='bbox 2664 2416 2807 2457; x_wconf 86' lang='lat' dir='ltr'><strong>mea.</strong></span> 
     </span>
    </p>
   </div>
   <div class='ocr_carea' id='block_1_48' title="bbox 2079 2484 3605 2565">
    <p class='ocr_par' dir='ltr' id='par_1_48' title="bbox 2079 2484 3605 2565">
     <span class='ocr_line' id='line_1_48' title="bbox 2079 2484 3605 2565; baseline -0.009 -14"><span class='ocrx_word' id='word_1_248' title='bbox 2079 2498 2245 2554; x_wconf 79' lang='lat' dir='ltr'><strong>Prov.</strong></span> <span class='ocrx_word' id='word_1_249' title='bbox 2292 2514 2427 2554; x_wconf 80' lang='lat' dir='ltr'><strong>xm.</strong></span> <span class='ocrx_word' id='word_1_250' title='bbox 2475 2496 2577 2564; x_wconf 87' lang='lat' dir='ltr'><strong>Qui</strong></span> <span class='ocrx_word' id='word_1_251' title='bbox 2610 2496 2748 2551; x_wconf 89' lang='lat' dir='ltr'><strong>mala</strong></span> <span class='ocrx_word' id='word_1_252' title='bbox 2786 2509 2885 2565; x_wconf 91' lang='lat' dir='ltr'><strong>pro</strong></span> <span class='ocrx_word' id='word_1_253' title='bbox 2918 2493 3078 2550; x_wconf 89' lang='lat' dir='ltr'><strong>bonis</strong></span> <span class='ocrx_word' id='word_1_254' title='bbox 3126 2487 3326 2556; x_wconf 79' lang='lat' dir='ltr'><strong>reddit,</strong></span> <span class='ocrx_word' id='word_1_255' title='bbox 3362 2501 3432 2543; x_wconf 78' lang='lat' dir='ltr'><strong>ex</strong></span> <span class='ocrx_word' id='word_1_256' title='bbox 3480 2484 3605 2557; x_wconf 84' lang='lat' dir='ltr'><strong>ejus</strong></span> 
     </span>
    </p>
   </div>
   <div class='ocr_carea' id='block_1_49' title="bbox 2006 2585 2920 2643">
    <p class='ocr_par' dir='ltr' id='par_1_49' title="bbox 2006 2585 2920 2643">
     <span class='ocr_line' id='line_1_49' title="bbox 2006 2585 2920 2643; baseline -0.005 0"><span class='ocrx_word' id='word_1_257' title='bbox 2006 2590 2208 2643; x_wconf 85' lang='lat' dir='ltr'><strong>Iatnilia</strong></span> <span class='ocrx_word' id='word_1_258' title='bbox 2234 2588 2375 2642; x_wconf 88' lang='lat' dir='ltr'><strong>mala</strong></span> <span class='ocrx_word' id='word_1_259' title='bbox 2398 2602 2506 2641; x_wconf 88' lang='lat' dir='ltr'><strong>non</strong></span> <span class='ocrx_word' id='word_1_260' title='bbox 2532 2585 2920 2640; x_wconf 86' lang='lat' dir='ltr'><strong>movebuntur.</strong></span> 
     </span>
    </p>
   </div>
   <div class='ocr_carea' id='block_1_50' title="bbox 2074 2673 3604 2749">
    <p class='ocr_par' dir='ltr' id='par_1_50' title="bbox 2074 2673 3604 2749">
     <span class='ocr_line' id='line_1_50' title="bbox 2074 2673 3604 2749; baseline -0.003 -13"><span class='ocrx_word' id='word_1_261' title='bbox 2074 2680 2221 2737; x_wconf 75' lang='lat' dir='ltr'><strong>Osete</strong></span> <span class='ocrx_word' id='word_1_262' title='bbox 2264 2697 2357 2736; x_wconf 71' lang='lat' dir='ltr'><strong>vn.</strong></span> <span class='ocrx_word' id='word_1_263' title='bbox 2383 2678 2477 2735; x_wconf 76' lang='lat' dir='ltr'><strong>Va:</strong></span> <span class='ocrx_word' id='word_1_264' title='bbox 2510 2679 2637 2742; x_wconf 85' lang='lat' dir='ltr'><strong>illis,</strong></span> <span class='ocrx_word' id='word_1_265' title='bbox 2663 2678 2789 2749; x_wconf 89' lang='lat' dir='ltr'><strong>quia</strong></span> <span class='ocrx_word' id='word_1_266' title='bbox 2818 2676 3131 2733; x_wconf 88' lang='lat' dir='ltr'><strong>resilierunt</strong></span> <span class='ocrx_word' id='word_1_267' title='bbox 3151 2688 3183 2729; x_wconf 91' lang='lat' dir='ltr'><strong>a</strong></span> <span class='ocrx_word' id='word_1_268' title='bbox 3209 2689 3296 2731; x_wconf 89' lang='lat' dir='ltr'><strong>me</strong></span> <span class='ocrx_word' id='word_1_269' title='bbox 3313 2691 3329 2741; x_wconf 87' lang='lat'><strong>;</strong></span> <span class='ocrx_word' id='word_1_270' title='bbox 3353 2673 3604 2731; x_wconf 80' lang='lat' dir='ltr'><strong>infelices</strong></span> 
     </span>
    </p>
   </div>
   <div class='ocr_carea' id='block_1_51' title="bbox 2003 2766 3599 2845">
    <p class='ocr_par' dir='ltr' id='par_1_51' title="bbox 2003 2766 3599 2845">
     <span class='ocr_line' id='line_1_51' title="bbox 2003 2766 3599 2845; baseline -0.008 -13"><span class='ocrx_word' id='word_1_271' title='bbox 2003 2787 2155 2839; x_wconf 89' lang='lat' dir='ltr'><strong>sunt,</strong></span> <span class='ocrx_word' id='word_1_272' title='bbox 2182 2774 2308 2845; x_wconf 87' lang='lat' dir='ltr'><strong>quia</strong></span> <span class='ocrx_word' id='word_1_273' title='bbox 2348 2772 2497 2842; x_wconf 87' lang='lat' dir='ltr'><strong>impii</strong></span> <span class='ocrx_word' id='word_1_274' title='bbox 2525 2771 2579 2825; x_wconf 92' lang='lat' dir='ltr'><strong>in</strong></span> <span class='ocrx_word' id='word_1_275' title='bbox 2608 2784 2695 2824; x_wconf 88' lang='lat' dir='ltr'><strong>me</strong></span> <span class='ocrx_word' id='word_1_276' title='bbox 2729 2768 2974 2824; x_wconf 89' lang='lat' dir='ltr'><strong>fuerunt.</strong></span> <span class='ocrx_word' id='word_1_277' title='bbox 3012 2766 3123 2839; x_wconf 82' lang='lat' dir='ltr'><strong>Ego</strong></span> <span class='ocrx_word' id='word_1_278' title='bbox 3147 2766 3295 2822; x_wconf 88' lang='lat' dir='ltr'><strong>enim</strong></span> <span class='ocrx_word' id='word_1_279' title='bbox 3345 2766 3599 2820; x_wconf 87' lang='lat' dir='ltr'><strong>redeme-</strong></span> 
     </span>
    </p>
   </div>
   <div class='ocr_carea' id='block_1_52' title="bbox 2003 2857 3346 2933">
    <p class='ocr_par' dir='ltr' id='par_1_52' title="bbox 2003 2857 3346 2933">
     <span class='ocr_line' id='line_1_52' title="bbox 2003 2857 3346 2933; baseline -0.007 -11"><span class='ocrx_word' id='word_1_280' title='bbox 2003 2884 2117 2922; x_wconf 89' lang='lat' dir='ltr'><strong>ram</strong></span> <span class='ocrx_word' id='word_1_281' title='bbox 2149 2882 2267 2930; x_wconf 88' lang='lat' dir='ltr'><strong>eos,</strong></span> <span class='ocrx_word' id='word_1_282' title='bbox 2295 2865 2396 2933; x_wconf 80' lang='lat' dir='ltr'><strong>ipsi</strong></span> <span class='ocrx_word' id='word_1_283' title='bbox 2423 2877 2555 2918; x_wconf 91' lang='lat' dir='ltr'><strong>vero</strong></span> <span class='ocrx_word' id='word_1_284' title='bbox 2587 2861 2828 2917; x_wconf 88' lang='lat' dir='ltr'><strong>oblocuti</strong></span> <span class='ocrx_word' id='word_1_285' title='bbox 2864 2869 2994 2915; x_wconf 89' lang='lat' dir='ltr'><strong>sunt</strong></span> <span class='ocrx_word' id='word_1_286' title='bbox 3024 2859 3153 2913; x_wconf 87' lang='lat' dir='ltr'><strong>mihi</strong></span> <span class='ocrx_word' id='word_1_287' title='bbox 3187 2857 3346 2913; x_wconf 89' lang='lat' dir='ltr'><strong>falso.</strong></span> 
     </span>
    </p>
   </div>
   <div class='ocr_carea' id='block_1_53' title="bbox 2074 2951 3600 3023">
    <p class='ocr_par' dir='ltr' id='par_1_53' title="bbox 2074 2951 3600 3023">
     <span class='ocr_line' id='line_1_53' title="bbox 2074 2951 3600 3023; baseline -0.007 -9"><span class='ocrx_word' id='word_1_288' title='bbox 2074 2958 2186 3014; x_wconf 81' lang='lat' dir='ltr'><strong>Isa.</strong></span> <span class='ocrx_word' id='word_1_289' title='bbox 2216 2974 2254 3012; x_wconf 85' lang='grc' dir='ltr'>ι.</span> <span class='ocrx_word' id='word_1_290' title='bbox 2282 2956 2447 3022; x_wconf 85' lang='lat' dir='ltr'><strong>Audi,</strong></span> <span class='ocrx_word' id='word_1_291' title='bbox 2466 2955 2701 3020; x_wconf 76' lang='lat' dir='ltr'><strong>emlum;</strong></span> <span class='ocrx_word' id='word_1_292' title='bbox 2736 2954 2959 3009; x_wconf 86' lang='lat' dir='ltr'><strong>auribus</strong></span> <span class='ocrx_word' id='word_1_293' title='bbox 2994 2951 3239 3023; x_wconf 87' lang='lat' dir='ltr'><strong>percipe,</strong></span> <span class='ocrx_word' id='word_1_294' title='bbox 3270 2959 3441 3007; x_wconf 89' lang='lat' dir='ltr'><strong>terra.</strong></span> <span class='ocrx_word' id='word_1_295' title='bbox 3470 2962 3600 3018; x_wconf 86' lang='lat' dir='ltr'><strong>qu.a</strong></span> 
     </span>
    </p>
   </div>
   <div class='ocr_carea' id='block_1_54' title="bbox 2006 3041 3598 3118">
    <p class='ocr_par' dir='ltr' id='par_1_54' title="bbox 2006 3041 3598 3118">
     <span class='ocr_line' id='line_1_54' title="bbox 2006 3041 3598 3118; baseline -0.007 -12"><span class='ocrx_word' id='word_1_296' title='bbox 2006 3051 2269 3106; x_wconf 84' lang='lat' dir='ltr'><strong>Dominus</strong></span> <span class='ocrx_word' id='word_1_297' title='bbox 2298 3048 2543 3118; x_wconf 90' lang='lat' dir='ltr'><strong>loquitur</strong></span> <span class='ocrx_word' id='word_1_298' title='bbox 2578 3063 2592 3102; x_wconf 86' lang='lat'><strong>;</strong></span> <span class='ocrx_word' id='word_1_299' title='bbox 2634 3046 2801 3101; x_wconf 85' lang='lat' dir='ltr'><strong>Filios</strong></span> <span class='ocrx_word' id='word_1_300' title='bbox 2852 3045 3130 3116; x_wconf 81' lang='lat' dir='ltr'><strong>procreavi</strong></span> <span class='ocrx_word' id='word_1_301' title='bbox 3194 3051 3251 3098; x_wconf 84' lang='lat' dir='ltr'><strong>et</strong></span> <span class='ocrx_word' id='word_1_302' title='bbox 3284 3041 3462 3105; x_wconf 77' lang='lat' dir='ltr'><strong>evexi,</strong></span> <span class='ocrx_word' id='word_1_303' title='bbox 3494 3041 3598 3109; x_wconf 84' lang='lat' dir='ltr'><strong>ipsi</strong></span> 
     </span>
    </p>
   </div>
   <div class='ocr_carea' id='block_1_55' title="bbox 324 3134 1960 3217">
    <p class='ocr_par' dir='ltr' id='par_1_55' title="bbox 324 3134 1902 3217">
     <span class='ocr_line' id='line_1_55' title="bbox 324 3134 1902 3217; baseline -0.008 -17"><span class='ocrx_word' id='word_1_304' title='bbox 324 3145 394 3217; x_wconf 70' lang='grc' dir='ltr'>μὲ</span> <span class='ocrx_word' id='word_1_305' title='bbox 423 3145 714 3216; x_wconf 74' lang='grc' dir='ltr'>ἠθέτησαν.</span> <span class='ocrx_word' id='word_1_306' title='bbox 748 3144 932 3212; x_wconf 82' lang='grc' dir='ltr'>Ἔγνω</span> <span class='ocrx_word' id='word_1_307' title='bbox 976 3142 1099 3212; x_wconf 82' lang='grc' dir='ltr'>βοῦς</span> <span class='ocrx_word' id='word_1_308' title='bbox 1129 3142 1219 3195; x_wconf 85' lang='grc' dir='ltr'><strong>τὸν</strong></span> <span class='ocrx_word' id='word_1_309' title='bbox 1243 3140 1611 3211; x_wconf 83' lang='grc' dir='ltr'>κτησάμενον,</span> <span class='ocrx_word' id='word_1_310' title='bbox 1647 3137 1741 3192; x_wconf 86' lang='grc' dir='ltr'>καὶ</span> <span class='ocrx_word' id='word_1_311' title='bbox 1780 3134 1902 3199; x_wconf 81' lang='grc' dir='ltr'>δνος</span> 
     </span>
    </p>
   </div>
   <div class='ocr_carea' id='block_1_56' title="bbox 2033 3134 3598 3217">
    <p class='ocr_par' dir='ltr' id='par_1_56' title="bbox 2033 3139 3598 3215">
     <span class='ocr_line' id='line_1_56' title="bbox 2033 3139 3598 3215; baseline -0.006 -16"><span class='ocrx_word' id='word_1_312' title='bbox 2033 3145 2241 3215; x_wconf 70' lang='grc' dir='ltr'>ὀτοιιιιο</span> <span class='ocrx_word' id='word_1_313' title='bbox 2270 3143 2600 3212; x_wconf 72' lang='lat' dir='ltr'><strong>reiecerunt.</strong></span> <span class='ocrx_word' id='word_1_314' title='bbox 2620 3140 2877 3212; x_wconf 79' lang='lat' dir='ltr'><strong>Agnoscit</strong></span> <span class='ocrx_word' id='word_1_315' title='bbox 2899 3139 2996 3194; x_wconf 88' lang='lat' dir='ltr'><strong>bos</strong></span> <span class='ocrx_word' id='word_1_316' title='bbox 3014 3151 3387 3209; x_wconf 87' lang='lat' dir='ltr'><strong>possessorem</strong></span> <span class='ocrx_word' id='word_1_317' title='bbox 3413 3150 3598 3200; x_wconf 85' lang='lat' dir='ltr'><strong>suum,</strong></span> 
     </span>
    </p>
   </div>
   <div class='ocr_carea' id='block_1_57' title="bbox 321 3230 1960 3332">
    <p class='ocr_par' dir='ltr' id='par_1_57' title="bbox 321 3230 1960 3332">
     <span class='ocr_line' id='line_1_57' title="bbox 321 3230 1960 3332; baseline -0.007 -39"><span class='ocrx_word' id='word_1_318' title='bbox 321 3239 421 3309; x_wconf 83' lang='grc' dir='ltr'>τὴν</span> <span class='ocrx_word' id='word_1_319' title='bbox 455 3238 665 3309; x_wconf 83' lang='grc' dir='ltr'><strong>φάτνην</strong></span> <span class='ocrx_word' id='word_1_320' title='bbox 709 3235 804 3289; x_wconf 87' lang='grc' dir='ltr'><strong>τοῦ</strong></span> <span class='ocrx_word' id='word_1_321' title='bbox 862 3236 1055 3306; x_wconf 84' lang='grc' dir='ltr'>κυρίου</span> <span class='ocrx_word' id='word_1_322' title='bbox 1103 3235 1271 3290; x_wconf 86' lang='grc' dir='ltr'>αὐτοῦ</span> <span class='ocrx_word' id='word_1_323' title='bbox 1307 3250 1320 3263; x_wconf 89' lang='grc'><strong>·</strong></span> <span class='ocrx_word' id='word_1_324' title='bbox 1365 3233 1577 3304; x_wconf 78' lang='grc' dir='ltr'>Ἰσραὴλ</span> <span class='ocrx_word' id='word_1_325' title='bbox 1610 3232 1666 3286; x_wconf 80' lang='grc' dir='ltr'>δὲ</span> <span class='ocrx_word' id='word_1_326' title='bbox 1705 3231 1773 3302; x_wconf 82' lang='grc' dir='ltr'>μὲ</span> <span class='ocrx_word' id='word_1_327' title='bbox 1801 3230 1901 3283; x_wconf 87' lang='grc' dir='ltr'><strong>οὐκ</strong></span> <span class='ocrx_word' id='word_1_328' title='bbox 1928 3268 1960 3332; x_wconf 62' lang='grc' dir='ltr'>ε</span> 
     </span>
    </p>
   </div>
   <div class='ocr_carea' id='block_1_58' title="bbox 2033 3230 3597 3332">
    <p class='ocr_par' dir='ltr' id='par_1_58' title="bbox 2033 3230 3597 3306">
     <span class='ocr_line' id='line_1_58' title="bbox 2033 3230 3597 3306; baseline -0.003 -17"><span class='ocrx_word' id='word_1_329' title='bbox 2033 3247 2061 3293; x_wconf 71' lang='lat' dir='ltr'><strong>:t</strong></span> <span class='ocrx_word' id='word_1_330' title='bbox 2093 3237 2283 3293; x_wconf 89' lang='lat' dir='ltr'><strong>asinus</strong></span> <span class='ocrx_word' id='word_1_331' title='bbox 2334 3249 2577 3306; x_wconf 64' lang='lat' dir='ltr'><strong>praesepe</strong></span> <span class='ocrx_word' id='word_1_332' title='bbox 2631 3233 2837 3289; x_wconf 84' lang='lat' dir='ltr'><strong>domini</strong></span> <span class='ocrx_word' id='word_1_333' title='bbox 2903 3233 3028 3298; x_wconf 85' lang='lat' dir='ltr'><strong>sui;</strong></span> <span class='ocrx_word' id='word_1_334' title='bbox 3100 3230 3263 3286; x_wconf 86' lang='lat' dir='ltr'><strong>Israel</strong></span> <span class='ocrx_word' id='word_1_335' title='bbox 3296 3238 3476 3285; x_wconf 88' lang='lat' dir='ltr'><strong>autem</strong></span> <span class='ocrx_word' id='word_1_336' title='bbox 3510 3244 3597 3285; x_wconf 89' lang='lat' dir='ltr'><strong>me</strong></span> 
     </span>
    </p>
   </div>
   <div class='ocr_carea' id='block_1_59' title="bbox 323 3326 1345 3397">
    <p class='ocr_par' dir='ltr' id='par_1_59' title="bbox 323 3326 1345 3397">
     <span class='ocr_line' id='line_1_59' title="bbox 323 3326 1345 3397; baseline -0.002 -15"><span class='ocrx_word' id='word_1_337' title='bbox 323 3329 487 3397; x_wconf 75' lang='grc' dir='ltr'>ἔγνω,</span> <span class='ocrx_word' id='word_1_338' title='bbox 518 3331 612 3383; x_wconf 73' lang='grc' dir='ltr'>καὶ</span> <span class='ocrx_word' id='word_1_339' title='bbox 641 3330 670 3382; x_wconf 75' lang='grc' dir='ltr'>ὁ</span> <span class='ocrx_word' id='word_1_340' title='bbox 700 3328 831 3390; x_wconf 79' lang='grc' dir='ltr'>λαός</span> <span class='ocrx_word' id='word_1_341' title='bbox 863 3344 967 3397; x_wconf 88' lang='grc' dir='ltr'><strong>μου</strong></span> <span class='ocrx_word' id='word_1_342' title='bbox 997 3328 1057 3380; x_wconf 85' lang='grc' dir='ltr'><strong>οὐ</strong></span> <span class='ocrx_word' id='word_1_343' title='bbox 1090 3326 1345 3396; x_wconf 75' lang='grc' dir='ltr'>συνῆκεν.</span> 
     </span>
    </p>
   </div>
   <div class='ocr_carea' id='block_1_60' title="bbox 406 3417 1902 3492">
    <p class='ocr_par' dir='ltr' id='par_1_60' title="bbox 406 3417 1902 3492">
     <span class='ocr_line' id='line_1_60' title="bbox 406 3417 1902 3492; baseline -0.005 -17"><span class='ocrx_word' id='word_1_344' title='bbox 406 3420 735 3492; x_wconf 82' lang='grc' dir='ltr'>’Δχαρίστου</span> <span class='ocrx_word' id='word_1_345' title='bbox 764 3419 918 3481; x_wconf 77' lang='grc' dir='ltr'>ἐλπὶς</span> <span class='ocrx_word' id='word_1_346' title='bbox 942 3421 1018 3482; x_wconf 83' lang='grc' dir='ltr'>ὡς</span> <span class='ocrx_word' id='word_1_347' title='bbox 1049 3419 1332 3489; x_wconf 82' lang='grc' dir='ltr'>χειμέριος</span> <span class='ocrx_word' id='word_1_348' title='bbox 1368 3417 1545 3487; x_wconf 86' lang='grc' dir='ltr'>πάχνη</span> <span class='ocrx_word' id='word_1_349' title='bbox 1575 3417 1902 3487; x_wconf 70' lang='grc' dir='ltr'>τακήσεται,</span> 
     </span>
    </p>
   </div>
   <div class='ocr_carea' id='block_1_61' title="bbox 325 3509 1301 3585">
    <p class='ocr_par' dir='ltr' id='par_1_61' title="bbox 325 3509 1301 3585">
     <span class='ocr_line' id='line_1_61' title="bbox 325 3509 1301 3585; baseline -0.004 -17"><span class='ocrx_word' id='word_1_350' title='bbox 325 3512 423 3568; x_wconf 75' lang='grc' dir='ltr'>καὶ</span> <span class='ocrx_word' id='word_1_351' title='bbox 446 3514 711 3585; x_wconf 81' lang='grc' dir='ltr'>ρυήσεται</span> <span class='ocrx_word' id='word_1_352' title='bbox 733 3509 807 3574; x_wconf 83' lang='grc' dir='ltr'>ὡς</span> <span class='ocrx_word' id='word_1_353' title='bbox 831 3511 974 3581; x_wconf 81' lang='grc' dir='ltr'>ὕδωρ</span> <span class='ocrx_word' id='word_1_354' title='bbox 1006 3511 1301 3581; x_wconf 79' lang='grc' dir='ltr'>ἄχρηστον.</span> 
     </span>
    </p>
   </div>
   <div class='ocr_carea' id='block_1_62' title="bbox 408 3600 1834 3676">
    <p class='ocr_par' dir='ltr' id='par_1_62' title="bbox 408 3600 1834 3676">
     <span class='ocr_line' id='line_1_62' title="bbox 408 3600 1834 3676; baseline -0.002 -17"><span class='ocrx_word' id='word_1_355' title='bbox 408 3603 726 3676; x_wconf 83' lang='grc' dir='ltr'>Ἀχάριστος</span> <span class='ocrx_word' id='word_1_356' title='bbox 755 3605 815 3656; x_wconf 84' lang='grc' dir='ltr'><strong>ὲν</strong></span> <span class='ocrx_word' id='word_1_357' title='bbox 845 3603 1055 3674; x_wconf 56' lang='grc' dir='ltr'>διανοίᾳ</span> <span class='ocrx_word' id='word_1_358' title='bbox 1083 3601 1472 3671; x_wconf 75' lang='grc' dir='ltr'>ἐγκαταλείψει</span> <span class='ocrx_word' id='word_1_359' title='bbox 1503 3600 1834 3672; x_wconf 78' lang='grc' dir='ltr'>ῥυσάμενον.</span> 
     </span>
    </p>
   </div>
   <div class='ocr_carea' id='block_1_63' title="bbox 390 3771 1909 3861">
    <p class='ocr_par' dir='ltr' id='par_1_63' title="bbox 390 3771 1909 3861">
     <span class='ocr_line' id='line_1_63' title="bbox 390 3771 1909 3861; baseline -0.003 -15"><span class='ocrx_word' id='word_1_360' title='bbox 390 3792 599 3856; x_wconf 83' lang='grc' dir='ltr'>Ξενιετς</span> <span class='ocrx_word' id='word_1_361' title='bbox 630 3790 725 3844; x_wconf 76' lang='grc' dir='ltr'><strong>καὶ</strong></span> <span class='ocrx_word' id='word_1_362' title='bbox 757 3792 965 3854; x_wconf 83' lang='grc' dir='ltr'>ποτιεῖς</span> <span class='ocrx_word' id='word_1_363' title='bbox 992 3771 1314 3860; x_wconf 60' lang='grc' dir='ltr'>ἀχάριστον,</span> <span class='ocrx_word' id='word_1_364' title='bbox 1348 3790 1442 3842; x_wconf 77' lang='grc' dir='ltr'><strong>καὶ</strong></span> <span class='ocrx_word' id='word_1_365' title='bbox 1471 3790 1612 3861; x_wconf 80' lang='grc' dir='ltr'>πρὸς</span> <span class='ocrx_word' id='word_1_366' title='bbox 1662 3788 1754 3843; x_wconf 73' lang='grc' dir='ltr'>ἐπὶ</span> <span class='ocrx_word' id='word_1_367' title='bbox 1782 3787 1909 3843; x_wconf 84' lang='grc' dir='ltr'>τού·</span> 
     </span>
    </p>
   </div>
   <div class='ocr_carea' id='block_1_64' title="bbox 326 3883 1907 3956">
    <p class='ocr_par' dir='ltr' id='par_1_64' title="bbox 326 3883 1907 3956">
     <span class='ocr_line' id='line_1_64' title="bbox 326 3883 1907 3956; baseline -0.003 -16"><span class='ocrx_word' id='word_1_368' title='bbox 326 3904 445 3951; x_wconf 86' lang='grc' dir='ltr'>τοις</span> <span class='ocrx_word' id='word_1_369' title='bbox 496 3887 671 3955; x_wconf 67' lang='grc' dir='ltr'>μικρὰ</span> <span class='ocrx_word' id='word_1_370' title='bbox 724 3884 969 3956; x_wconf 74' lang='grc' dir='ltr'>ἀκούσῃο</span> <span class='ocrx_word' id='word_1_371' title='bbox 1006 3884 1268 3939; x_wconf 81' lang='grc' dir='ltr'>διπλάσια</span> <span class='ocrx_word' id='word_1_372' title='bbox 1329 3884 1438 3954; x_wconf 83' lang='grc' dir='ltr'><strong>γὰρ</strong></span> <span class='ocrx_word' id='word_1_373' title='bbox 1473 3883 1623 3945; x_wconf 80' lang='grc' dir='ltr'>κακά</span> <span class='ocrx_word' id='word_1_374' title='bbox 1681 3883 1907 3954; x_wconf 80' lang='grc' dir='ltr'>εὑρήσει</span> 
     </span>
    </p>
   </div>
   <div class='ocr_carea' id='block_1_65' title="bbox 328 3971 1622 4050">
    <p class='ocr_par' dir='ltr' id='par_1_65' title="bbox 328 3971 1622 4050">
     <span class='ocr_line' id='line_1_65' title="bbox 328 3971 1622 4050; baseline -0.002 -17"><span class='ocrx_word' id='word_1_375' title='bbox 328 3996 414 4035; x_wconf 89' lang='grc' dir='ltr'><strong>σοι</strong></span> <span class='ocrx_word' id='word_1_376' title='bbox 447 3981 504 4034; x_wconf 80' lang='grc' dir='ltr'><strong>ὲν</strong></span> <span class='ocrx_word' id='word_1_377' title='bbox 536 3979 706 4034; x_wconf 81' lang='grc' dir='ltr'>πᾶσιν</span> <span class='ocrx_word' id='word_1_378' title='bbox 732 3980 980 4050; x_wconf 82' lang='grc' dir='ltr'>ἀγαθοῖς,</span> <span class='ocrx_word' id='word_1_379' title='bbox 1010 3971 1093 4041; x_wconf 79' lang='grc' dir='ltr'>οἷς</span> <span class='ocrx_word' id='word_1_380' title='bbox 1124 3979 1221 4032; x_wconf 77' lang='grc' dir='ltr'>ἐὰν</span> <span class='ocrx_word' id='word_1_381' title='bbox 1258 3980 1420 4046; x_wconf 74' lang='grc' dir='ltr'>ποιῇς</span> <span class='ocrx_word' id='word_1_382' title='bbox 1450 3976 1622 4047; x_wconf 81' lang='grc' dir='ltr'>αὐτῷ.</span> 
     </span>
    </p>
   </div>
   <div class='ocr_carea' id='block_1_66' title="bbox 400 4185 1908 4256">
    <p class='ocr_par' dir='ltr' id='par_1_66' title="bbox 400 4185 1908 4256">
     <span class='ocr_line' id='line_1_66' title="bbox 400 4185 1908 4256; baseline 0 -16"><span class='ocrx_word' id='word_1_383' title='bbox 400 4186 583 4242; x_wconf 76' lang='grc' dir='ltr'>Δεινδν</span> <span class='ocrx_word' id='word_1_384' title='bbox 638 4185 732 4242; x_wconf 79' lang='grc' dir='ltr'><strong>τὸν</strong></span> <span class='ocrx_word' id='word_1_385' title='bbox 786 4185 1244 4255; x_wconf 70' lang='grc' dir='ltr'>εὐεργετηθέντα,</span> <span class='ocrx_word' id='word_1_386' title='bbox 1290 4187 1387 4240; x_wconf 78' lang='grc' dir='ltr'>καὶ</span> <span class='ocrx_word' id='word_1_387' title='bbox 1436 4188 1559 4249; x_wconf 83' lang='grc' dir='ltr'>ταῖς</span> <span class='ocrx_word' id='word_1_388' title='bbox 1618 4186 1908 4256; x_wconf 82' lang='grc' dir='ltr'>μεγίσταις</span> 
     </span>
    </p>
   </div>
   <div class='ocr_carea' id='block_1_67' title="bbox 328 4270 1909 4352">
    <p class='ocr_par' dir='ltr' id='par_1_67' title="bbox 328 4270 1909 4352">
     <span class='ocr_line' id='line_1_67' title="bbox 328 4270 1909 4352; baseline -0.001 -17"><span class='ocrx_word' id='word_1_389' title='bbox 328 4281 615 4352; x_wconf 76' lang='grc' dir='ltr'>ὑπόχρεων</span> <span class='ocrx_word' id='word_1_390' title='bbox 681 4280 1078 4352; x_wconf 77' lang='grc' dir='ltr'>χάρισι,πρὺς</span> <span class='ocrx_word' id='word_1_391' title='bbox 1139 4270 1594 4349; x_wconf 81' lang='grc' dir='ltr'>τῷ”ἁχαρίστῳ,</span> <span class='ocrx_word' id='word_1_392' title='bbox 1661 4279 1746 4332; x_wconf 80' lang='grc' dir='ltr'>ἔτι</span> <span class='ocrx_word' id='word_1_393' title='bbox 1814 4282 1909 4334; x_wconf 75' lang='grc' dir='ltr'><strong>καὶ</strong></span> 
     </span>
    </p>
   </div>
   <div class='ocr_carea' id='block_1_68' title="bbox 328 4366 1913 4442">
    <p class='ocr_par' dir='ltr' id='par_1_68' title="bbox 328 4366 1913 4442">
     <span class='ocr_line' id='line_1_68' title="bbox 328 4366 1913 4442; baseline 0.001 -21"><span class='ocrx_word' id='word_1_394' title='bbox 328 4366 542 4437; x_wconf 73' lang='grc' dir='ltr'>ὕϐρεως</span> <span class='ocrx_word' id='word_1_395' title='bbox 573 4368 670 4423; x_wconf 81' lang='grc' dir='ltr'>καὶ</span> <span class='ocrx_word' id='word_1_396' title='bbox 696 4369 921 4440; x_wconf 83' lang='grc' dir='ltr'>ἀτιμίας</span> <span class='ocrx_word' id='word_1_397' title='bbox 951 4368 1258 4438; x_wconf 79' lang='grc' dir='ltr'>κατάρξαι·</span> <span class='ocrx_word' id='word_1_398' title='bbox 1284 4368 1458 4422; x_wconf 69' lang='grc' dir='ltr'>δεινὸν</span> <span class='ocrx_word' id='word_1_399' title='bbox 1483 4368 1582 4438; x_wconf 80' lang='grc' dir='ltr'>μὲν</span> <span class='ocrx_word' id='word_1_400' title='bbox 1603 4411 1618 4435; x_wconf 91' lang='grc'><strong>,</strong></span> <span class='ocrx_word' id='word_1_401' title='bbox 1664 4370 1801 4425; x_wconf 81' lang='grc' dir='ltr'>ἀλλὰ</span> <span class='ocrx_word' id='word_1_402' title='bbox 1833 4370 1913 4442; x_wconf 83' lang='grc' dir='ltr'>τῷ</span> 
     </span>
    </p>
   </div>
   <div class='ocr_carea' id='block_1_69' title="bbox 327 4460 1632 4533">
    <p class='ocr_par' dir='ltr' id='par_1_69' title="bbox 327 4460 1632 4533">
     <span class='ocr_line' id='line_1_69' title="bbox 327 4460 1632 4533; baseline 0.001 -19"><span class='ocrx_word' id='word_1_403' title='bbox 327 4460 574 4515; x_wconf 83' lang='grc' dir='ltr'>ποιοῦντι</span> <span class='ocrx_word' id='word_1_404' title='bbox 608 4463 792 4532; x_wconf 74' lang='grc' dir='ltr'>μεῖζόν</span> <span class='ocrx_word' id='word_1_405' title='bbox 818 4462 938 4515; x_wconf 74' lang='grc' dir='ltr'>ἐστι</span> <span class='ocrx_word' id='word_1_406' title='bbox 962 4462 1150 4527; x_wconf 80' lang='grc' dir='ltr'>κακὸν,</span> <span class='ocrx_word' id='word_1_407' title='bbox 1176 4460 1211 4533; x_wconf 80' lang='grc' dir='ltr'>ἢ</span> <span class='ocrx_word' id='word_1_408' title='bbox 1234 4462 1313 4533; x_wconf 84' lang='grc' dir='ltr'>τῷ</span> <span class='ocrx_word' id='word_1_409' title='bbox 1344 4461 1632 4532; x_wconf 82' lang='grc' dir='ltr'>πάσχοντι.</span> 
     </span>
    </p>
   </div>
   <div class='ocr_carea' id='block_1_70' title="bbox 403 4754 1915 4828">
    <p class='ocr_par' dir='ltr' id='par_1_70' title="bbox 403 4754 1915 4828">
     <span class='ocr_line' id='line_1_70' title="bbox 403 4754 1915 4828; baseline -0.003 -15"><span class='ocrx_word' id='word_1_410' title='bbox 403 4759 469 4813; x_wconf 77' lang='lat' dir='ltr'><strong>Ai</strong></span> <span class='ocrx_word' id='word_1_411' title='bbox 503 4756 789 4828; x_wconf 85' lang='grc' dir='ltr'>ἀχάριστοι</span> <span class='ocrx_word' id='word_1_412' title='bbox 817 4755 987 4827; x_wconf 74' lang='grc' dir='ltr'>ψυχαὶ</span> <span class='ocrx_word' id='word_1_413' title='bbox 1017 4757 1073 4809; x_wconf 78' lang='grc' dir='ltr'><strong>ὲν</strong></span> <span class='ocrx_word' id='word_1_414' title='bbox 1103 4757 1172 4825; x_wconf 79' lang='grc' dir='ltr'>τῇ</span> <span class='ocrx_word' id='word_1_415' title='bbox 1215 4754 1568 4825; x_wconf 77' lang='grc' dir='ltr'>ἀλλοτριώσει</span> <span class='ocrx_word' id='word_1_416' title='bbox 1604 4758 1714 4810; x_wconf 87' lang='grc' dir='ltr'><strong>τῶν</strong></span> <span class='ocrx_word' id='word_1_417' title='bbox 1774 4757 1915 4825; x_wconf 83' lang='grc' dir='ltr'>ἀγα-</span> 
     </span>
    </p>
   </div>
   <div class='ocr_carea' id='block_1_71' title="bbox 331 4849 1912 4921">
    <p class='ocr_par' dir='ltr' id='par_1_71' title="bbox 331 4849 1912 4921">
     <span class='ocr_line' id='line_1_71' title="bbox 331 4849 1912 4921; baseline -0.001 -16"><span class='ocrx_word' id='word_1_418' title='bbox 331 4852 444 4905; x_wconf 83' lang='grc' dir='ltr'><strong>θῶν</strong></span> <span class='ocrx_word' id='word_1_419' title='bbox 508 4850 611 4920; x_wconf 80' lang='grc' dir='ltr'>τῆς</span> <span class='ocrx_word' id='word_1_420' title='bbox 662 4849 1043 4921; x_wconf 78' lang='grc' dir='ltr'>παρελθούσης</span> <span class='ocrx_word' id='word_1_421' title='bbox 1092 4851 1314 4921; x_wconf 87' lang='grc' dir='ltr'>χάριτος</span> <span class='ocrx_word' id='word_1_422' title='bbox 1354 4850 1781 4904; x_wconf 80' lang='grc' dir='ltr'>ὲπαισθάνεσθαι</span> <span class='ocrx_word' id='word_1_423' title='bbox 1816 4869 1912 4903; x_wconf 83' lang='grc' dir='ltr'>πε-</span> 
     </span>
    </p>
   </div>
   <div class='ocr_carea' id='block_1_72' title="bbox 331 4942 1911 5014">
    <p class='ocr_par' dir='ltr' id='par_1_72' title="bbox 331 4942 1911 5014">
     <span class='ocr_line' id='line_1_72' title="bbox 331 4942 1911 5014; baseline 0.001 -18"><span class='ocrx_word' id='word_1_424' title='bbox 331 4943 589 5011; x_wconf 85' lang='grc' dir='ltr'>φύκασιν.</span> <span class='ocrx_word' id='word_1_425' title='bbox 624 4943 753 4995; x_wconf 85' lang='grc' dir='ltr'>Ὅτε</span> <span class='ocrx_word' id='word_1_426' title='bbox 777 4943 887 5012; x_wconf 83' lang='grc' dir='ltr'>γὰρ</span> <span class='ocrx_word' id='word_1_427' title='bbox 914 4943 1188 4997; x_wconf 77' lang='grc' dir='ltr'>ἀπέλαυον</span> <span class='ocrx_word' id='word_1_428' title='bbox 1221 4942 1331 4996; x_wconf 87' lang='grc' dir='ltr'><strong>τῶν</strong></span> <span class='ocrx_word' id='word_1_429' title='bbox 1377 4944 1785 5014; x_wconf 84' lang='grc' dir='ltr'>χρηστοτέρων,</span> <span class='ocrx_word' id='word_1_430' title='bbox 1822 4947 1911 4997; x_wconf 84' lang='grc' dir='ltr'>οὐ-</span> 
     </span>
    </p>
   </div>
   <div class='ocr_carea' id='block_1_73' title="bbox 330 5035 1913 5109">
    <p class='ocr_par' dir='ltr' id='par_1_73' title="bbox 330 5035 1913 5109">
     <span class='ocr_line' id='line_1_73' title="bbox 330 5035 1913 5109; baseline 0.001 -20"><span class='ocrx_word' id='word_1_431' title='bbox 330 5036 524 5104; x_wconf 87' lang='grc' dir='ltr'>δεμίαν</span> <span class='ocrx_word' id='word_1_432' title='bbox 557 5035 719 5105; x_wconf 84' lang='grc' dir='ltr'>χάριν</span> <span class='ocrx_word' id='word_1_433' title='bbox 772 5035 850 5107; x_wconf 85' lang='grc' dir='ltr'>τῷ</span> <span class='ocrx_word' id='word_1_434' title='bbox 898 5036 1154 5089; x_wconf 83' lang='grc' dir='ltr'>δεδωκότι</span> <span class='ocrx_word' id='word_1_435' title='bbox 1198 5036 1581 5104; x_wconf 80' lang='grc' dir='ltr'>γινώσκοντες,</span> <span class='ocrx_word' id='word_1_436' title='bbox 1638 5038 1777 5107; x_wconf 76' lang='grc' dir='ltr'>μετὰ</span> <span class='ocrx_word' id='word_1_437' title='bbox 1812 5039 1913 5109; x_wconf 79' lang='grc' dir='ltr'>τὴν</span> 
     </span>
    </p>
   </div>
   <div class='ocr_carea' id='block_1_74' title="bbox 334 5125 1435 5198">
    <p class='ocr_par' dir='ltr' id='par_1_74' title="bbox 334 5125 1435 5198">
     <span class='ocr_line' id='line_1_74' title="bbox 334 5125 1435 5198; baseline 0.003 -19"><span class='ocrx_word' id='word_1_438' title='bbox 334 5127 593 5198; x_wconf 77' lang='grc' dir='ltr'>στέρησιν</span> <span class='ocrx_word' id='word_1_439' title='bbox 624 5126 685 5179; x_wconf 78' lang='grc' dir='ltr'>τὸ</span> <span class='ocrx_word' id='word_1_440' title='bbox 716 5125 984 5196; x_wconf 79' lang='grc' dir='ltr'>παρελθὸν</span> <span class='ocrx_word' id='word_1_441' title='bbox 1018 5127 1435 5198; x_wconf 78' lang='grc' dir='ltr'>μακαρίζουσιν.</span> 
     </span>
    </p>
   </div>
   <div class='ocr_carea' id='block_1_75' title="bbox 418 5236 1917 5312">
    <p class='ocr_par' dir='ltr' id='par_1_75' title="bbox 418 5236 1917 5312">
     <span class='ocr_line' id='line_1_75' title="bbox 418 5236 1917 5312; baseline 0.002 -22"><span class='ocrx_word' id='word_1_442' title='bbox 418 5236 727 5308; x_wconf 77' lang='grc' dir='ltr'>’Υπερϐολὴ</span> <span class='ocrx_word' id='word_1_443' title='bbox 754 5236 909 5291; x_wconf 75' lang='grc' dir='ltr'>τοῦτό</span> <span class='ocrx_word' id='word_1_444' title='bbox 938 5255 1001 5307; x_wconf 86' lang='grc' dir='ltr'><strong>γε</strong></span> <span class='ocrx_word' id='word_1_445' title='bbox 1028 5239 1445 5311; x_wconf 77' lang='grc' dir='ltr'>ἀγνωμοσύνης,</span> <span class='ocrx_word' id='word_1_446' title='bbox 1476 5240 1577 5312; x_wconf 81' lang='grc' dir='ltr'>τὴν</span> <span class='ocrx_word' id='word_1_447' title='bbox 1609 5241 1917 5309; x_wconf 78' lang='grc' dir='ltr'>φιλανθρωο</span> 
     </span>
    </p>
   </div>
   <div class='ocr_carea' id='block_1_76' title="bbox 335 5329 1886 5404">
    <p class='ocr_par' dir='ltr' id='par_1_76' title="bbox 335 5329 1886 5404">
     <span class='ocr_line' id='line_1_76' title="bbox 335 5329 1886 5404; baseline 0.001 -20"><span class='ocrx_word' id='word_1_448' title='bbox 335 5329 472 5385; x_wconf 77' lang='grc' dir='ltr'>πίαν</span> <span class='ocrx_word' id='word_1_449' title='bbox 506 5329 601 5386; x_wconf 86' lang='grc' dir='ltr'><strong>τοῦ</strong></span> <span class='ocrx_word' id='word_1_450' title='bbox 632 5332 924 5401; x_wconf 77' lang='grc' dir='ltr'>εὐεργέτου</span> <span class='ocrx_word' id='word_1_451' title='bbox 955 5333 1211 5403; x_wconf 75' lang='grc' dir='ltr'>ἀφορμὴν</span> <span class='ocrx_word' id='word_1_452' title='bbox 1237 5334 1561 5404; x_wconf 84' lang='grc' dir='ltr'>ἀχαριστίας</span> <span class='ocrx_word' id='word_1_453' title='bbox 1590 5332 1886 5386; x_wconf 83' lang='grc' dir='ltr'>ποιεῖσθαι.</span> 
     </span>
    </p>
   </div>
   <div class='ocr_carea' id='block_1_77' title="bbox 407 5533 1920 5605">
    <p class='ocr_par' dir='ltr' id='par_1_77' title="bbox 407 5533 1920 5605">
     <span class='ocr_line' id='line_1_77' title="bbox 407 5533 1920 5605; baseline 0.005 -19"><span class='ocrx_word' id='word_1_454' title='bbox 407 5534 484 5588; x_wconf 79' lang='grc' dir='ltr'>Τδ</span> <span class='ocrx_word' id='word_1_455' title='bbox 506 5533 615 5587; x_wconf 87' lang='grc' dir='ltr'><strong>τῶν</strong></span> <span class='ocrx_word' id='word_1_456' title='bbox 641 5533 1163 5605; x_wconf 81' lang='grc' dir='ltr'>δυοαρεστουμὲνων</span> <span class='ocrx_word' id='word_1_457' title='bbox 1197 5536 1500 5605; x_wconf 78' lang='grc' dir='ltr'>πάσχουσιν</span> <span class='ocrx_word' id='word_1_458' title='bbox 1530 5540 1578 5591; x_wconf 84' lang='grc' dir='ltr'>οἱ</span> <span class='ocrx_word' id='word_1_459' title='bbox 1624 5538 1831 5600; x_wconf 77' lang='grc' dir='ltr'>πολλοὶ,</span> <span class='ocrx_word' id='word_1_460' title='bbox 1858 5541 1920 5593; x_wconf 80' lang='grc' dir='ltr'>τὸ</span> 
     </span>
    </p>
   </div>
   <div class='ocr_carea' id='block_1_78' title="bbox 338 5625 1920 5703">
    <p class='ocr_par' dir='ltr' id='par_1_78' title="bbox 338 5625 1920 5703">
     <span class='ocr_line' id='line_1_78' title="bbox 338 5625 1920 5703; baseline 0.004 -25"><span class='ocrx_word' id='word_1_461' title='bbox 338 5625 445 5699; x_wconf 76' lang='grc' dir='ltr'>μὲν</span> <span class='ocrx_word' id='word_1_462' title='bbox 471 5628 646 5697; x_wconf 74' lang='grc' dir='ltr'>παρὸν</span> <span class='ocrx_word' id='word_1_463' title='bbox 681 5628 1062 5695; x_wconf 78' lang='grc' dir='ltr'>ἀτιμάζοντες,</span> <span class='ocrx_word' id='word_1_464' title='bbox 1094 5629 1201 5680; x_wconf 87' lang='grc' dir='ltr'>τῶν</span> <span class='ocrx_word' id='word_1_465' title='bbox 1225 5630 1280 5681; x_wconf 87' lang='grc' dir='ltr'>δὲ</span> <span class='ocrx_word' id='word_1_466' title='bbox 1305 5629 1557 5683; x_wconf 70' lang='grc' dir='ltr'>ἁπάντων</span> <span class='ocrx_word' id='word_1_467' title='bbox 1587 5633 1747 5684; x_wconf 79' lang='grc' dir='ltr'>ἐπιθυ</span> <span class='ocrx_word' id='word_1_468' title='bbox 1757 5633 1920 5703; x_wconf 84' lang='grc' dir='ltr'>μοῦν-</span> 
     </span>
    </p>
   </div>
   <div class='ocr_carea' id='block_1_79' title="bbox 337 5719 1917 5798">
    <p class='ocr_par' dir='ltr' id='par_1_79' title="bbox 337 5719 1917 5798">
     <span class='ocr_line' id='line_1_79' title="bbox 337 5719 1917 5798; baseline 0.004 -26"><span class='ocrx_word' id='word_1_469' title='bbox 337 5735 453 5783; x_wconf 75' lang='grc' dir='ltr'>τες.</span> <span class='ocrx_word' id='word_1_470' title='bbox 483 5720 560 5774; x_wconf 84' lang='grc' dir='ltr'><strong>Οὐ</strong></span> <span class='ocrx_word' id='word_1_471' title='bbox 593 5719 702 5791; x_wconf 84' lang='grc' dir='ltr'><strong>γὰρ</strong></span> <span class='ocrx_word' id='word_1_472' title='bbox 750 5724 876 5784; x_wconf 72' lang='grc' dir='ltr'>τοὺς</span> <span class='ocrx_word' id='word_1_473' title='bbox 907 5721 1331 5798; x_wconf 65' lang='grc' dir='ltr'>ὑποδεεστέρους</span> <span class='ocrx_word' id='word_1_474' title='bbox 1359 5724 1542 5776; x_wconf 83' lang='grc' dir='ltr'>αὐτῶν</span> <span class='ocrx_word' id='word_1_475' title='bbox 1567 5725 1917 5796; x_wconf 76' lang='grc' dir='ltr'>ἀπαριθμοῦ-</span> 
     </span>
    </p>
   </div>
   <div class='ocr_carea' id='block_1_80' title="bbox 340 5808 1917 5887">
    <p class='ocr_par' dir='ltr' id='par_1_80' title="bbox 340 5808 1917 5887">
     <span class='ocr_line' id='line_1_80' title="bbox 340 5808 1917 5887; baseline 0.004 -20"><span class='ocrx_word' id='word_1_476' title='bbox 340 5830 495 5883; x_wconf 85' lang='grc' dir='ltr'>μενοι</span> <span class='ocrx_word' id='word_1_477' title='bbox 520 5812 618 5882; x_wconf 81' lang='grc' dir='ltr'>τὴν</span> <span class='ocrx_word' id='word_1_478' title='bbox 652 5813 792 5882; x_wconf 80' lang='grc' dir='ltr'>ὑπὲρ</span> <span class='ocrx_word' id='word_1_479' title='bbox 811 5808 885 5868; x_wconf 84' lang='grc' dir='ltr'>ὧν</span> <span class='ocrx_word' id='word_1_480' title='bbox 908 5814 1122 5885; x_wconf 81' lang='grc' dir='ltr'>ἔχουσιν</span> <span class='ocrx_word' id='word_1_481' title='bbox 1151 5816 1507 5887; x_wconf 73' lang='grc' dir='ltr'>εὐχαριστίαν</span> <span class='ocrx_word' id='word_1_482' title='bbox 1534 5818 1751 5887; x_wconf 57' lang='lat' dir='ltr'><strong>ama-Ar]</strong></span> <span class='ocrx_word' id='word_1_483' title='bbox 1765 5821 1917 5885; x_wconf 81' lang='grc' dir='ltr'>ροῦσι</span> 
     </span>
    </p>
   </div>
   <div class='ocr_carea' id='block_1_81' title="bbox 336 5904 1915 5980">
    <p class='ocr_par' dir='ltr' id='par_1_81' title="bbox 336 5904 1915 5980">
     <span class='ocr_line' id='line_1_81' title="bbox 336 5904 1915 5980; baseline 0.003 -21"><span class='ocrx_word' id='word_1_484' title='bbox 336 5904 417 5973; x_wconf 83' lang='grc' dir='ltr'><strong>τῷ</strong></span> <span class='ocrx_word' id='word_1_485' title='bbox 446 5905 715 5977; x_wconf 61' lang='lat' dir='ltr'><strong>Arionem,</strong></span> <span class='ocrx_word' id='word_1_486' title='bbox 752 5907 884 5961; x_wconf 71' lang='grc' dir='ltr'>ἀλλὰ</span> <span class='ocrx_word' id='word_1_487' title='bbox 930 5910 995 5979; x_wconf 78' lang='grc' dir='ltr'>τῇ</span> <span class='ocrx_word' id='word_1_488' title='bbox 1030 5909 1165 5977; x_wconf 67' lang='grc' dir='ltr'>πρὸς</span> <span class='ocrx_word' id='word_1_489' title='bbox 1210 5909 1271 5962; x_wconf 78' lang='grc' dir='ltr'><strong>τὸ</strong></span> <span class='ocrx_word' id='word_1_490' title='bbox 1327 5909 1590 5979; x_wconf 76' lang='grc' dir='ltr'>ὑπερέχον</span> <span class='ocrx_word' id='word_1_491' title='bbox 1628 5911 1915 5980; x_wconf 73' lang='grc' dir='ltr'>συγκρίσει</span> 
     </span>
    </p>
   </div>
   <div class='ocr_carea' id='block_1_82' title="bbox 2013 3322 3460 3403">
    <p class='ocr_par' dir='ltr' id='par_1_82' title="bbox 2013 3322 3460 3403">
     <span class='ocr_line' id='line_1_82' title="bbox 2013 3322 3460 3403; baseline -0.008 -15"><span class='ocrx_word' id='word_1_492' title='bbox 2013 3347 2123 3388; x_wconf 87' lang='lat' dir='ltr'><strong>non</strong></span> <span class='ocrx_word' id='word_1_493' title='bbox 2156 3328 2422 3403; x_wconf 88' lang='lat' dir='ltr'><strong>agnoscit,</strong></span> <span class='ocrx_word' id='word_1_494' title='bbox 2477 3334 2533 3382; x_wconf 89' lang='lat' dir='ltr'><strong>et</strong></span> <span class='ocrx_word' id='word_1_495' title='bbox 2571 3328 2805 3396; x_wconf 89' lang='lat' dir='ltr'><strong>populus</strong></span> <span class='ocrx_word' id='word_1_496' title='bbox 2832 3340 2989 3379; x_wconf 90' lang='lat' dir='ltr'><strong>meus</strong></span> <span class='ocrx_word' id='word_1_497' title='bbox 3027 3340 3136 3379; x_wconf 88' lang='lat' dir='ltr'><strong>non</strong></span> <span class='ocrx_word' id='word_1_498' title='bbox 3172 3322 3460 3378; x_wconf 82' lang='lat' dir='ltr'><strong>intellexit.</strong></span> 
     </span>
    </p>
   </div>
   <div class='ocr_carea' id='block_1_83' title="bbox 2087 3418 3604 3493">
    <p class='ocr_par' dir='ltr' id='par_1_83' title="bbox 2087 3418 3604 3493">
     <span class='ocr_line' id='line_1_83' title="bbox 2087 3418 3604 3493; baseline -0.005 -14"><span class='ocrx_word' id='word_1_499' title='bbox 2087 3421 2221 3493; x_wconf 76' lang='lat' dir='ltr'><strong>Sap.</strong></span> <span class='ocrx_word' id='word_1_500' title='bbox 2250 3439 2363 3477; x_wconf 80' lang='lat' dir='ltr'><strong>xvt.</strong></span> <span class='ocrx_word' id='word_1_501' title='bbox 2406 3420 2606 3491; x_wconf 77' lang='lat' dir='ltr'><strong>Ingrati</strong></span> <span class='ocrx_word' id='word_1_502' title='bbox 2657 3435 2785 3490; x_wconf 87' lang='lat' dir='ltr'><strong>spes</strong></span> <span class='ocrx_word' id='word_1_503' title='bbox 2816 3428 2873 3475; x_wconf 90' lang='lat' dir='ltr'><strong>ut</strong></span> <span class='ocrx_word' id='word_1_504' title='bbox 2902 3419 3132 3473; x_wconf 86' lang='lat' dir='ltr'><strong>hiberna</strong></span> <span class='ocrx_word' id='word_1_505' title='bbox 3181 3418 3374 3488; x_wconf 88' lang='lat' dir='ltr'><strong>pruina</strong></span> <span class='ocrx_word' id='word_1_506' title='bbox 3427 3418 3604 3489; x_wconf 83' lang='lat' dir='ltr'><strong>lique-</strong></span> 
     </span>
    </p>
   </div>
   <div class='ocr_carea' id='block_1_84' title="bbox 2015 3513 2967 3582">
    <p class='ocr_par' dir='ltr' id='par_1_84' title="bbox 2015 3513 2967 3582">
     <span class='ocr_line' id='line_1_84' title="bbox 2015 3513 2967 3582; baseline -0.007 -11"><span class='ocrx_word' id='word_1_507' title='bbox 2015 3525 2150 3581; x_wconf 89' lang='lat' dir='ltr'><strong>scet,</strong></span> <span class='ocrx_word' id='word_1_508' title='bbox 2186 3524 2237 3568; x_wconf 78' lang='lat' dir='ltr'><strong>et</strong></span> <span class='ocrx_word' id='word_1_509' title='bbox 2257 3513 2458 3569; x_wconf 83' lang='lat' dir='ltr'><strong>deflnet</strong></span> <span class='ocrx_word' id='word_1_510' title='bbox 2490 3524 2550 3568; x_wconf 90' lang='lat' dir='ltr'><strong>ut</strong></span> <span class='ocrx_word' id='word_1_511' title='bbox 2579 3513 2784 3567; x_wconf 87' lang='lat' dir='ltr'><strong>inutilis</strong></span> <span class='ocrx_word' id='word_1_512' title='bbox 2805 3527 2967 3582; x_wconf 87' lang='lat' dir='ltr'><strong>aqua.</strong></span> 
     </span>
    </p>
   </div>
   <div class='ocr_carea' id='block_1_85' title="bbox 2086 3605 3601 3677">
    <p class='ocr_par' dir='ltr' id='par_1_85' title="bbox 2086 3605 3601 3677">
     <span class='ocr_line' id='line_1_85' title="bbox 2086 3605 3601 3677; baseline 0.001 -16"><span class='ocrx_word' id='word_1_513' title='bbox 2086 3606 2275 3662; x_wconf 83' lang='lat' dir='ltr'><strong>Sirach</strong></span> <span class='ocrx_word' id='word_1_514' title='bbox 2308 3623 2421 3661; x_wconf 76' lang='lat' dir='ltr'><strong>xu.</strong></span> <span class='ocrx_word' id='word_1_515' title='bbox 2488 3606 2700 3676; x_wconf 81' lang='lat' dir='ltr'><strong>Ingrata</strong></span> <span class='ocrx_word' id='word_1_516' title='bbox 2731 3620 2886 3661; x_wconf 81' lang='lat' dir='ltr'><strong>mens</strong></span> <span class='ocrx_word' id='word_1_517' title='bbox 2916 3605 3132 3661; x_wconf 82' lang='lat' dir='ltr'><strong>deseret</strong></span> <span class='ocrx_word' id='word_1_518' title='bbox 3160 3621 3282 3663; x_wconf 90' lang='lat' dir='ltr'><strong>eum</strong></span> <span class='ocrx_word' id='word_1_519' title='bbox 3315 3621 3346 3661; x_wconf 88' lang='lat' dir='ltr'><strong>a</strong></span> <span class='ocrx_word' id='word_1_520' title='bbox 3367 3622 3478 3677; x_wconf 88' lang='lat' dir='ltr'><strong>quo</strong></span> <span class='ocrx_word' id='word_1_521' title='bbox 3497 3607 3601 3663; x_wconf 87' lang='lat' dir='ltr'><strong>ali-</strong></span> 
     </span>
    </p>
   </div>
   <div class='ocr_carea' id='block_1_86' title="bbox 2015 3697 2695 3773">
    <p class='ocr_par' dir='ltr' id='par_1_86' title="bbox 2015 3697 2695 3773">
     <span class='ocr_line' id='line_1_86' title="bbox 2015 3697 2695 3773; baseline 0.001 -20"><span class='ocrx_word' id='word_1_522' title='bbox 2015 3700 2234 3773; x_wconf 86' lang='lat' dir='ltr'><strong>quando</strong></span> <span class='ocrx_word' id='word_1_523' title='bbox 2258 3697 2422 3754; x_wconf 87' lang='lat' dir='ltr'><strong>fuerit</strong></span> <span class='ocrx_word' id='word_1_524' title='bbox 2443 3698 2695 3754; x_wconf 89' lang='lat' dir='ltr'><strong>liberata.</strong></span> 
     </span>
    </p>
   </div>
   <div class='ocr_carea' id='block_1_87' title="bbox 2089 3785 3598 3861">
    <p class='ocr_par' dir='ltr' id='par_1_87' title="bbox 2089 3785 3598 3861">
     <span class='ocr_line' id='line_1_87' title="bbox 2089 3785 3598 3861; baseline -0.003 -14"><span class='ocrx_word' id='word_1_525' title='bbox 2089 3790 2229 3847; x_wconf 86' lang='lat' dir='ltr'><strong>Ibid.</strong></span> <span class='ocrx_word' id='word_1_526' title='bbox 2271 3785 2522 3860; x_wconf 80' lang='lat' dir='ltr'><strong>Hospitio</strong></span> <span class='ocrx_word' id='word_1_527' title='bbox 2554 3799 2610 3843; x_wconf 88' lang='lat' dir='ltr'><strong>et</strong></span> <span class='ocrx_word' id='word_1_528' title='bbox 2634 3788 2768 3860; x_wconf 80' lang='lat' dir='ltr'><strong>potu</strong></span> <span class='ocrx_word' id='word_1_529' title='bbox 2816 3790 3062 3861; x_wconf 81' lang='lat' dir='ltr'><strong>excipies</strong></span> <span class='ocrx_word' id='word_1_530' title='bbox 3094 3790 3390 3860; x_wconf 85' lang='lat' dir='ltr'><strong>ingratum.</strong></span> <span class='ocrx_word' id='word_1_531' title='bbox 3417 3796 3476 3845; x_wconf 90' lang='lat' dir='ltr'><strong>et</strong></span> <span class='ocrx_word' id='word_1_532' title='bbox 3509 3789 3598 3843; x_wconf 90' lang='lat' dir='ltr'><strong>in-</strong></span> 
     </span>
    </p>
   </div>
   <div class='ocr_carea' id='block_1_88' title="bbox 2018 3881 3603 3955">
    <p class='ocr_par' dir='ltr' id='par_1_88' title="bbox 2018 3881 3603 3955">
     <span class='ocr_line' id='line_1_88' title="bbox 2018 3881 3603 3955; baseline -0.004 -14"><span class='ocrx_word' id='word_1_533' title='bbox 2018 3901 2181 3955; x_wconf 76' lang='lat' dir='ltr'><strong>Super</strong></span> <span class='ocrx_word' id='word_1_534' title='bbox 2236 3883 2433 3939; x_wconf 86' lang='lat' dir='ltr'><strong>acerba</strong></span> <span class='ocrx_word' id='word_1_535' title='bbox 2490 3882 2701 3937; x_wconf 84' lang='lat' dir='ltr'><strong>audies.</strong></span> <span class='ocrx_word' id='word_1_536' title='bbox 2761 3881 3005 3951; x_wconf 86' lang='lat' dir='ltr'><strong>Duplicia</strong></span> <span class='ocrx_word' id='word_1_537' title='bbox 3056 3883 3201 3937; x_wconf 83' lang='lat' dir='ltr'><strong>enim</strong></span> <span class='ocrx_word' id='word_1_538' title='bbox 3264 3883 3404 3937; x_wconf 88' lang='lat' dir='ltr'><strong>mala</strong></span> <span class='ocrx_word' id='word_1_539' title='bbox 3447 3897 3603 3937; x_wconf 88' lang='lat' dir='ltr'><strong>com-</strong></span> 
     </span>
    </p>
   </div>
   <div class='ocr_carea' id='block_1_89' title="bbox 2018 3975 3606 4049">
    <p class='ocr_par' dir='ltr' id='par_1_89' title="bbox 2018 3975 3606 4049">
     <span class='ocr_line' id='line_1_89' title="bbox 2018 3975 3606 4049; baseline -0.001 -18"><span class='ocrx_word' id='word_1_540' title='bbox 2018 3978 2237 4049; x_wconf 83' lang='lat' dir='ltr'><strong>parabis</strong></span> <span class='ocrx_word' id='word_1_541' title='bbox 2268 3977 2361 4031; x_wconf 85' lang='lat' dir='ltr'><strong>tibi</strong></span> <span class='ocrx_word' id='word_1_542' title='bbox 2390 3993 2485 4046; x_wconf 81' lang='lat' dir='ltr'><strong>prn</strong></span> <span class='ocrx_word' id='word_1_543' title='bbox 2512 3975 2768 4032; x_wconf 89' lang='lat' dir='ltr'><strong>omnibus</strong></span> <span class='ocrx_word' id='word_1_544' title='bbox 2803 3977 2961 4032; x_wconf 89' lang='lat' dir='ltr'><strong>bonis</strong></span> <span class='ocrx_word' id='word_1_545' title='bbox 3010 3991 3131 4047; x_wconf 71' lang='lat' dir='ltr'><strong>qum</strong></span> <span class='ocrx_word' id='word_1_546' title='bbox 3162 3975 3216 4030; x_wconf 90' lang='lat' dir='ltr'><strong>in</strong></span> <span class='ocrx_word' id='word_1_547' title='bbox 3253 3988 3376 4030; x_wconf 86' lang='lat' dir='ltr'><strong>eum</strong></span> <span class='ocrx_word' id='word_1_548' title='bbox 3402 3984 3606 4030; x_wconf 82' lang='lat' dir='ltr'><strong>contu—</strong></span> 
     </span>
    </p>
   </div>
   <div class='ocr_carea' id='block_1_90' title="bbox 2020 4074 2169 4129">
    <p class='ocr_par' dir='ltr' id='par_1_90' title="bbox 2020 4074 2169 4129">
     <span class='ocr_line' id='line_1_90' title="bbox 2020 4074 2169 4129; baseline -0.007 0"><span class='ocrx_word' id='word_1_549' title='bbox 2020 4074 2169 4129; x_wconf 88' lang='lat' dir='ltr'><strong>leris.</strong></span> 
     </span>
    </p>
   </div>
   <div class='ocr_carea' id='block_1_91' title="bbox 2090 4183 3608 4255">
    <p class='ocr_par' dir='ltr' id='par_1_91' title="bbox 2090 4183 3608 4255">
     <span class='ocr_line' id='line_1_91' title="bbox 2090 4183 3608 4255; baseline -0.003 -11"><span class='ocrx_word' id='word_1_550' title='bbox 2090 4185 2150 4244; x_wconf 88' lang='lat' dir='ltr'><strong>S.</strong></span> <span class='ocrx_word' id='word_1_551' title='bbox 2193 4186 2404 4244; x_wconf 78' lang='lat' dir='ltr'><strong>Basilii.</strong></span> <span class='ocrx_word' id='word_1_552' title='bbox 2474 4189 2701 4255; x_wconf 73' lang='lat' dir='ltr'><strong>Indigna</strong></span> <span class='ocrx_word' id='word_1_553' title='bbox 2736 4203 2825 4243; x_wconf 89' lang='lat' dir='ltr'><strong>res</strong></span> <span class='ocrx_word' id='word_1_554' title='bbox 2851 4230 2864 4251; x_wconf 88' lang='lat'><strong>.</strong></span> <span class='ocrx_word' id='word_1_555' title='bbox 2931 4201 3056 4242; x_wconf 90' lang='lat' dir='ltr'><strong>eum</strong></span> <span class='ocrx_word' id='word_1_556' title='bbox 3100 4184 3192 4255; x_wconf 88' lang='lat' dir='ltr'><strong>qui</strong></span> <span class='ocrx_word' id='word_1_557' title='bbox 3228 4184 3301 4239; x_wconf 89' lang='lat' dir='ltr'><strong>sit</strong></span> <span class='ocrx_word' id='word_1_558' title='bbox 3338 4183 3608 4241; x_wconf 81' lang='lat' dir='ltr'><strong>beneﬁcio</strong></span> 
     </span>
    </p>
   </div>
   <div class='ocr_carea' id='block_1_92' title="bbox 2019 4278 3608 4352">
    <p class='ocr_par' dir='ltr' id='par_1_92' title="bbox 2019 4278 3608 4352">
     <span class='ocr_line' id='line_1_92' title="bbox 2019 4278 3608 4352; baseline -0.003 -14"><span class='ocrx_word' id='word_1_559' title='bbox 2019 4282 2265 4347; x_wconf 78' lang='lat' dir='ltr'><strong>all‘ectus,</strong></span> <span class='ocrx_word' id='word_1_560' title='bbox 2308 4282 2391 4338; x_wconf 90' lang='lat' dir='ltr'><strong>vel</strong></span> <span class='ocrx_word' id='word_1_561' title='bbox 2425 4282 2679 4338; x_wconf 78' lang='lat' dir='ltr'><strong>maximis</strong></span> <span class='ocrx_word' id='word_1_562' title='bbox 2724 4282 3204 4352; x_wconf 83' lang='lat' dir='ltr'><strong>oppigneratorum</strong></span> <span class='ocrx_word' id='word_1_563' title='bbox 3261 4278 3608 4334; x_wconf 87' lang='lat' dir='ltr'><strong>remissioni-</strong></span> 
     </span>
    </p>
   </div>
   <div class='ocr_carea' id='block_1_93' title="bbox 2019 4371 3607 4443">
    <p class='ocr_par' dir='ltr' id='par_1_93' title="bbox 2019 4371 3607 4443">
     <span class='ocr_line' id='line_1_93' title="bbox 2019 4371 3607 4443; baseline -0.003 -13"><span class='ocrx_word' id='word_1_564' title='bbox 2019 4376 2121 4431; x_wconf 88' lang='lat' dir='ltr'><strong>bus</strong></span> <span class='ocrx_word' id='word_1_565' title='bbox 2150 4383 2206 4430; x_wconf 92' lang='lat' dir='ltr'><strong>et</strong></span> <span class='ocrx_word' id='word_1_566' title='bbox 2232 4374 2745 4435; x_wconf 84' lang='lat' dir='ltr'><strong>condonationibus,</strong></span> <span class='ocrx_word' id='word_1_567' title='bbox 2780 4382 3140 4443; x_wconf 74' lang='lat' dir='ltr'><strong>przeterquam</strong></span> <span class='ocrx_word' id='word_1_568' title='bbox 3178 4372 3323 4440; x_wconf 89' lang='lat' dir='ltr'><strong>quod</strong></span> <span class='ocrx_word' id='word_1_569' title='bbox 3357 4371 3607 4441; x_wconf 83' lang='lat' dir='ltr'><strong>ingratus</strong></span> 
     </span>
    </p>
   </div>
   <div class='ocr_carea' id='block_1_94' title="bbox 2019 4461 3597 4535">
    <p class='ocr_par' dir='ltr' id='par_1_94' title="bbox 2019 4461 3597 4535">
     <span class='ocr_line' id='line_1_94' title="bbox 2019 4461 3597 4535; baseline -0.004 -13"><span class='ocrx_word' id='word_1_570' title='bbox 2019 4469 2111 4534; x_wconf 89' lang='lat' dir='ltr'><strong>sit,</strong></span> <span class='ocrx_word' id='word_1_571' title='bbox 2142 4467 2305 4522; x_wconf 90' lang='lat' dir='ltr'><strong>etiam</strong></span> <span class='ocrx_word' id='word_1_572' title='bbox 2334 4465 2533 4535; x_wconf 87' lang='lat' dir='ltr'><strong>injuria</strong></span> <span class='ocrx_word' id='word_1_573' title='bbox 2564 4480 2616 4519; x_wconf 83' lang='lat' dir='ltr'><strong>et</strong></span> <span class='ocrx_word' id='word_1_574' title='bbox 2647 4466 2946 4535; x_wconf 87' lang='lat' dir='ltr'><strong>ignominia</strong></span> <span class='ocrx_word' id='word_1_575' title='bbox 2973 4465 3279 4530; x_wconf 84' lang='lat' dir='ltr'><strong>lacessere;</strong></span> <span class='ocrx_word' id='word_1_576' title='bbox 3310 4461 3597 4532; x_wconf 88' lang='lat' dir='ltr'><strong>indignum</strong></span> 
     </span>
    </p>
   </div>
   <div class='ocr_carea' id='block_1_95' title="bbox 2023 4556 3603 4628">
    <p class='ocr_par' dir='ltr' id='par_1_95' title="bbox 2023 4556 3603 4628">
     <span class='ocr_line' id='line_1_95' title="bbox 2023 4556 3603 4628; baseline -0.002 -16"><span class='ocrx_word' id='word_1_577' title='bbox 2023 4557 2236 4628; x_wconf 87' lang='lat' dir='ltr'><strong>quidem</strong></span> <span class='ocrx_word' id='word_1_578' title='bbox 2270 4558 2321 4612; x_wconf 89' lang='lat' dir='ltr'><strong>id</strong></span> <span class='ocrx_word' id='word_1_579' title='bbox 2345 4567 2449 4627; x_wconf 87' lang='lat' dir='ltr'><strong>est,</strong></span> <span class='ocrx_word' id='word_1_580' title='bbox 2483 4559 2575 4615; x_wconf 87' lang='lat' dir='ltr'><strong>sed</strong></span> <span class='ocrx_word' id='word_1_581' title='bbox 2607 4557 2829 4613; x_wconf 84' lang='lat' dir='ltr'><strong>facienti</strong></span> <span class='ocrx_word' id='word_1_582' title='bbox 2863 4557 3053 4627; x_wconf 88' lang='lat' dir='ltr'><strong>majori</strong></span> <span class='ocrx_word' id='word_1_583' title='bbox 3074 4563 3158 4613; x_wconf 88' lang='lat' dir='ltr'><strong>est</strong></span> <span class='ocrx_word' id='word_1_584' title='bbox 3180 4556 3403 4624; x_wconf 86' lang='lat' dir='ltr'><strong>damno,</strong></span> <span class='ocrx_word' id='word_1_585' title='bbox 3436 4569 3603 4625; x_wconf 89' lang='lat' dir='ltr'><strong>quam</strong></span> 
     </span>
    </p>
   </div>
   <div class='ocr_carea' id='block_1_96' title="bbox 1951 4632 2271 4723">
    <p class='ocr_par' dir='ltr' id='par_1_96' title="bbox 1951 4632 2271 4723">
     <span class='ocr_line' id='line_1_96' title="bbox 1951 4632 2271 4723; baseline -0.003 -17"><span class='ocrx_word' id='word_1_586' title='bbox 1951 4632 1995 4687; x_wconf 79' lang='lat' dir='ltr'><strong>D</strong></span> <span class='ocrx_word' id='word_1_587' title='bbox 2025 4652 2271 4723; x_wconf 79' lang='lat' dir='ltr'><strong>patienti.</strong></span> 
     </span>
    </p>
   </div>
   <div class='ocr_carea' id='block_1_97' title="bbox 2097 4760 3610 4834">
    <p class='ocr_par' dir='ltr' id='par_1_97' title="bbox 2097 4760 3610 4834">
     <span class='ocr_line' id='line_1_97' title="bbox 2097 4760 3610 4834; baseline -0.003 -15"><span class='ocrx_word' id='word_1_588' title='bbox 2097 4764 2301 4834; x_wconf 84' lang='lat' dir='ltr'><strong>Ingrati</strong></span> <span class='ocrx_word' id='word_1_589' title='bbox 2327 4762 2493 4817; x_wconf 86' lang='lat' dir='ltr'><strong>animi</strong></span> <span class='ocrx_word' id='word_1_590' title='bbox 2524 4763 2581 4818; x_wconf 89' lang='lat' dir='ltr'><strong>in</strong></span> <span class='ocrx_word' id='word_1_591' title='bbox 2615 4763 2948 4817; x_wconf 84' lang='lat' dir='ltr'><strong>alienatione</strong></span> <span class='ocrx_word' id='word_1_592' title='bbox 2980 4762 3250 4817; x_wconf 89' lang='lat' dir='ltr'><strong>bonorum</strong></span> <span class='ocrx_word' id='word_1_593' title='bbox 3275 4760 3610 4831; x_wconf 64' lang='lat' dir='ltr'><strong>praeteritam</strong></span> 
     </span>
    </p>
   </div>
   <div class='ocr_carea' id='block_1_98' title="bbox 2026 4854 3612 4928">
    <p class='ocr_par' dir='ltr' id='par_1_98' title="bbox 2026 4854 3612 4928">
     <span class='ocr_line' id='line_1_98' title="bbox 2026 4854 3612 4928; baseline -0.003 -17"><span class='ocrx_word' id='word_1_594' title='bbox 2026 4858 2256 4928; x_wconf 82' lang='lat' dir='ltr'><strong>gratiam</strong></span> <span class='ocrx_word' id='word_1_595' title='bbox 2291 4855 2498 4913; x_wconf 87' lang='lat' dir='ltr'><strong>sentire</strong></span> <span class='ocrx_word' id='word_1_596' title='bbox 2541 4863 2967 4911; x_wconf 68' lang='lat' dir='ltr'><strong>consueverunt.</strong></span> <span class='ocrx_word' id='word_1_597' title='bbox 3017 4854 3151 4909; x_wconf 85' lang='lat' dir='ltr'><strong>Cum</strong></span> <span class='ocrx_word' id='word_1_598' title='bbox 3180 4855 3327 4908; x_wconf 90' lang='lat' dir='ltr'><strong>enim</strong></span> <span class='ocrx_word' id='word_1_599' title='bbox 3380 4866 3612 4923; x_wconf 85' lang='lat' dir='ltr'><strong>accepe-</strong></span> 
     </span>
    </p>
   </div>
   <div class='ocr_carea' id='block_1_99' title="bbox 2029 4946 3613 5019">
    <p class='ocr_par' dir='ltr' id='par_1_99' title="bbox 2029 4946 3613 5019">
     <span class='ocr_line' id='line_1_99' title="bbox 2029 4946 3613 5019; baseline -0.002 -17"><span class='ocrx_word' id='word_1_600' title='bbox 2029 4950 2140 5002; x_wconf 89' lang='lat' dir='ltr'><strong>rint</strong></span> <span class='ocrx_word' id='word_1_601' title='bbox 2167 4964 2195 5001; x_wconf 90' lang='lat' dir='ltr'><strong>a</strong></span> <span class='ocrx_word' id='word_1_602' title='bbox 2227 4948 2658 5015; x_wconf 87' lang='lat' dir='ltr'><strong>Iiberalioribus,</strong></span> <span class='ocrx_word' id='word_1_603' title='bbox 2703 4947 2906 5000; x_wconf 89' lang='lat' dir='ltr'><strong>nullam</strong></span> <span class='ocrx_word' id='word_1_604' title='bbox 2939 4947 3186 5019; x_wconf 86' lang='lat' dir='ltr'><strong>Iargienti</strong></span> <span class='ocrx_word' id='word_1_605' title='bbox 3237 4946 3441 5002; x_wconf 83' lang='lat' dir='ltr'><strong>habent</strong></span> <span class='ocrx_word' id='word_1_606' title='bbox 3486 4960 3613 5016; x_wconf 88' lang='lat' dir='ltr'><strong>gra-</strong></span> 
     </span>
    </p>
   </div>
   <div class='ocr_carea' id='block_1_100' title="bbox 2026 5037 3464 5108">
    <p class='ocr_par' dir='ltr' id='par_1_100' title="bbox 2026 5037 3464 5108">
     <span class='ocr_line' id='line_1_100' title="bbox 2026 5037 3464 5108; baseline -0.001 -14"><span class='ocrx_word' id='word_1_607' title='bbox 2026 5040 2179 5104; x_wconf 86' lang='lat' dir='ltr'><strong>tiam,</strong></span> <span class='ocrx_word' id='word_1_608' title='bbox 2212 5039 2407 5107; x_wconf 87' lang='lat' dir='ltr'><strong>privati</strong></span> <span class='ocrx_word' id='word_1_609' title='bbox 2438 5045 2623 5093; x_wconf 89' lang='lat' dir='ltr'><strong>aulem</strong></span> <span class='ocrx_word' id='word_1_610' title='bbox 2650 5038 2924 5108; x_wconf 85' lang='lat' dir='ltr'><strong>praeterita</strong></span> <span class='ocrx_word' id='word_1_611' title='bbox 2955 5038 3110 5093; x_wconf 87' lang='lat' dir='ltr'><strong>beata</strong></span> <span class='ocrx_word' id='word_1_612' title='bbox 3140 5037 3464 5108; x_wconf 76' lang='lat' dir='ltr'><strong>praedicant.</strong></span> 
     </span>
    </p>
   </div>
   <div class='ocr_carea' id='block_1_101' title="bbox 2101 5239 3617 5311">
    <p class='ocr_par' dir='ltr' id='par_1_101' title="bbox 2101 5239 3617 5311">
     <span class='ocr_line' id='line_1_101' title="bbox 2101 5239 3617 5311; baseline 0.001 -14"><span class='ocrx_word' id='word_1_613' title='bbox 2101 5241 2435 5298; x_wconf 83' lang='lat' dir='ltr'><strong>Admiranda</strong></span> <span class='ocrx_word' id='word_1_614' title='bbox 2464 5240 2554 5295; x_wconf 89' lang='lat' dir='ltr'><strong>illa</strong></span> <span class='ocrx_word' id='word_1_615' title='bbox 2577 5239 2797 5311; x_wconf 89' lang='lat' dir='ltr'><strong>quidem</strong></span> <span class='ocrx_word' id='word_1_616' title='bbox 2830 5240 3171 5311; x_wconf 90' lang='lat' dir='ltr'><strong>ingratitudo</strong></span> <span class='ocrx_word' id='word_1_617' title='bbox 3197 5250 3300 5305; x_wconf 88' lang='lat' dir='ltr'><strong>est,</strong></span> <span class='ocrx_word' id='word_1_618' title='bbox 3332 5257 3455 5311; x_wconf 65' lang='lat' dir='ltr'><strong>qua:</strong></span> <span class='ocrx_word' id='word_1_619' title='bbox 3475 5242 3617 5299; x_wconf 87' lang='lat' dir='ltr'><strong>bene</strong></span> 
     </span>
    </p>
   </div>
   <div class='ocr_carea' id='block_1_102' title="bbox 2032 5332 3611 5403">
    <p class='ocr_par' dir='ltr' id='par_1_102' title="bbox 2032 5332 3611 5403">
     <span class='ocr_line' id='line_1_102' title="bbox 2032 5332 3611 5403; baseline 0 -13"><span class='ocrx_word' id='word_1_620' title='bbox 2032 5336 2296 5391; x_wconf 86' lang='lat' dir='ltr'><strong>merentis</strong></span> <span class='ocrx_word' id='word_1_621' title='bbox 2322 5333 2761 5390; x_wconf 89' lang='lat' dir='ltr'><strong>benevolentiam</strong></span> <span class='ocrx_word' id='word_1_622' title='bbox 2818 5332 3232 5403; x_wconf 80' lang='lat' dir='ltr'><strong>ingratitudinis</strong></span> <span class='ocrx_word' id='word_1_623' title='bbox 3258 5336 3611 5390; x_wconf 87' lang='lat' dir='ltr'><strong>occasionem</strong></span> 
     </span>
    </p>
   </div>
   <div class='ocr_carea' id='block_1_103' title="bbox 2034 5428 2186 5483">
    <p class='ocr_par' dir='ltr' id='par_1_103' title="bbox 2034 5428 2186 5483">
     <span class='ocr_line' id='line_1_103' title="bbox 2034 5428 2186 5483; baseline -0.013 0"><span class='ocrx_word' id='word_1_624' title='bbox 2034 5428 2186 5483; x_wconf 88' lang='lat' dir='ltr'><strong>facit.</strong></span> 
     </span>
    </p>
   </div>
   <div class='ocr_carea' id='block_1_104' title="bbox 2109 5537 3624 5604">
    <p class='ocr_par' dir='ltr' id='par_1_104' title="bbox 2109 5537 3624 5604">
     <span class='ocr_line' id='line_1_104' title="bbox 2109 5537 3624 5604; baseline -0.001 -8"><span class='ocrx_word' id='word_1_625' title='bbox 2109 5542 2371 5598; x_wconf 84' lang='lat' dir='ltr'><strong>Permulti</strong></span> <span class='ocrx_word' id='word_1_626' title='bbox 2420 5551 2549 5599; x_wconf 89' lang='lat' dir='ltr'><strong>sunt</strong></span> <span class='ocrx_word' id='word_1_627' title='bbox 2599 5541 2835 5597; x_wconf 84' lang='lat' dir='ltr'><strong>morosis</strong></span> <span class='ocrx_word' id='word_1_628' title='bbox 2906 5539 3220 5596; x_wconf 87' lang='lat' dir='ltr'><strong>hominibus</strong></span> <span class='ocrx_word' id='word_1_629' title='bbox 3270 5539 3517 5604; x_wconf 65' lang='lat' dir='ltr'><strong>similes,</strong></span> <span class='ocrx_word' id='word_1_630' title='bbox 3566 5537 3624 5595; x_wconf 89' lang='lat' dir='ltr'><strong>id</strong></span> 
     </span>
    </p>
   </div>
   <div class='ocr_carea' id='block_1_105' title="bbox 2036 5634 3624 5707">
    <p class='ocr_par' dir='ltr' id='par_1_105' title="bbox 2036 5634 3624 5707">
     <span class='ocr_line' id='line_1_105' title="bbox 2036 5634 3624 5707; baseline -0.003 -17"><span class='ocrx_word' id='word_1_631' title='bbox 2036 5638 2178 5707; x_wconf 87' lang='lat' dir='ltr'><strong>quod</strong></span> <span class='ocrx_word' id='word_1_632' title='bbox 2207 5639 2362 5692; x_wconf 89' lang='lat' dir='ltr'><strong>adest</strong></span> <span class='ocrx_word' id='word_1_633' title='bbox 2400 5644 2836 5700; x_wconf 81' lang='lat' dir='ltr'><strong>contemnentes,</strong></span> <span class='ocrx_word' id='word_1_634' title='bbox 2860 5643 2916 5690; x_wconf 91' lang='lat' dir='ltr'><strong>et</strong></span> <span class='ocrx_word' id='word_1_635' title='bbox 2948 5650 3070 5706; x_wconf 76' lang='lat' dir='ltr'><strong>qua:</strong></span> <span class='ocrx_word' id='word_1_636' title='bbox 3109 5635 3308 5690; x_wconf 84' lang='lat' dir='ltr'><strong>absunt</strong></span> <span class='ocrx_word' id='word_1_637' title='bbox 3340 5650 3398 5689; x_wconf 90' lang='lat' dir='ltr'><strong>re</strong></span> <span class='ocrx_word' id='word_1_638' title='bbox 3420 5634 3624 5702; x_wconf 59' lang='lat' dir='ltr'><strong>[uiren-</strong></span> 
     </span>
    </p>
   </div>
   <div class='ocr_carea' id='block_1_106' title="bbox 2038 5726 3626 5800">
    <p class='ocr_par' dir='ltr' id='par_1_106' title="bbox 2038 5726 3626 5800">
     <span class='ocr_line' id='line_1_106' title="bbox 2038 5726 3626 5800; baseline -0.006 -16"><span class='ocrx_word' id='word_1_639' title='bbox 2038 5740 2141 5785; x_wconf 89' lang='lat' dir='ltr'><strong>tes.</strong></span> <span class='ocrx_word' id='word_1_640' title='bbox 2171 5729 2255 5786; x_wconf 83' lang='lat' dir='ltr'><strong>No</strong></span> <span class='ocrx_word' id='word_1_641' title='bbox 2278 5746 2310 5785; x_wconf 84' lang='grc' dir='ltr'><strong>η</strong></span> <span class='ocrx_word' id='word_1_642' title='bbox 2346 5730 2494 5785; x_wconf 87' lang='lat' dir='ltr'><strong>enim</strong></span> <span class='ocrx_word' id='word_1_643' title='bbox 2525 5729 2916 5800; x_wconf 71' lang='lat' dir='ltr'><strong>indigentiores</strong></span> <span class='ocrx_word' id='word_1_644' title='bbox 2942 5729 3078 5799; x_wconf 86' lang='lat' dir='ltr'><strong>ipsis</strong></span> <span class='ocrx_word' id='word_1_645' title='bbox 3103 5726 3496 5791; x_wconf 86' lang='lat' dir='ltr'><strong>enumerando,</strong></span> <span class='ocrx_word' id='word_1_646' title='bbox 3526 5737 3626 5792; x_wconf 88' lang='lat' dir='ltr'><strong>pro</strong></span> 
     </span>
    </p>
   </div>
   <div class='ocr_carea' id='block_1_107' title="bbox 2038 5815 3626 5891">
    <p class='ocr_par' dir='ltr' id='par_1_107' title="bbox 2038 5815 3626 5891">
     <span class='ocr_line' id='line_1_107' title="bbox 2038 5815 3626 5891; baseline -0.004 -16"><span class='ocrx_word' id='word_1_647' title='bbox 2038 5821 2104 5875; x_wconf 88' lang='lat' dir='ltr'><strong>iis</strong></span> <span class='ocrx_word' id='word_1_648' title='bbox 2135 5835 2258 5891; x_wconf 78' lang='lat' dir='ltr'><strong>quae</strong></span> <span class='ocrx_word' id='word_1_649' title='bbox 2292 5819 2571 5891; x_wconf 89' lang='lat' dir='ltr'><strong>possident</strong></span> <span class='ocrx_word' id='word_1_650' title='bbox 2603 5820 2808 5891; x_wconf 85' lang='lat' dir='ltr'><strong>gratias</strong></span> <span class='ocrx_word' id='word_1_651' title='bbox 2840 5827 3008 5888; x_wconf 84' lang='lat' dir='ltr'><strong>agunt</strong></span> <span class='ocrx_word' id='word_1_652' title='bbox 3037 5818 3268 5872; x_wconf 85' lang='lat' dir='ltr'><strong>Domino</strong></span> <span class='ocrx_word' id='word_1_653' title='bbox 3297 5831 3312 5882; x_wconf 88' lang='lat'><strong>;</strong></span> <span class='ocrx_word' id='word_1_654' title='bbox 3343 5815 3439 5870; x_wconf 89' lang='lat' dir='ltr'><strong>sed</strong></span> <span class='ocrx_word' id='word_1_655' title='bbox 3472 5829 3626 5868; x_wconf 87' lang='lat' dir='ltr'><strong>com-</strong></span> 
     </span>
    </p>
   </div>
   <div class='ocr_carea' id='block_1_108' title="bbox 2042 5909 3624 5980">
    <p class='ocr_par' dir='ltr' id='par_1_108' title="bbox 2042 5909 3624 5980">
     <span class='ocr_line' id='line_1_108' title="bbox 2042 5909 3624 5980; baseline -0.001 -16"><span class='ocrx_word' id='word_1_656' title='bbox 2042 5924 2293 5980; x_wconf 74' lang='lat' dir='ltr'><strong>parantes</strong></span> <span class='ocrx_word' id='word_1_657' title='bbox 2354 5928 2452 5969; x_wconf 85' lang='lat' dir='ltr'><strong>sua</strong></span> <span class='ocrx_word' id='word_1_658' title='bbox 2519 5927 2644 5970; x_wconf 80' lang='lat' dir='ltr'><strong>cunt</strong></span> <span class='ocrx_word' id='word_1_659' title='bbox 2707 5909 3205 5975; x_wconf 57' lang='lat' dir='ltr'><strong>excellentissimis,</strong></span> <span class='ocrx_word' id='word_1_660' title='bbox 3249 5921 3302 5963; x_wconf 88' lang='lat' dir='ltr'><strong>et</strong></span> <span class='ocrx_word' id='word_1_661' title='bbox 3357 5918 3624 5978; x_wconf 80' lang='lat' dir='ltr'><strong>quantum</strong></span> 
     </span>
    </p>
   </div>
  </div>
