4056 6406
592 430 725 496 11.31
1813 429 2133 495 ANTONII
2171 432 2194 489 Β

2206 428 2523 491 lELlSS/R
3693 428 3808 492 1152

589 547 883 603 vincantur
907 550 1228 618 cogitantes,
1259 550 1415 620 quasi
1461 548 1698 619 propriis
1731 559 1989 608 careant.
2025 543 2169 617 quod

2201 552 2243 606 Α
2271 547 2395 599 ὅσον
2430 542 2903 612 ἀπολιμπάνονεαι
2941 539 3305 611 λογιζόμενοι,
3358 540 3433 603 ὡς
3461 542 3657 593 οἰκείων
3707 560 3803 596 στε-

588 639 764 693 aliena
792 653 900 694 non
925 639 1175 706 habeant,
1214 640 1525 695 cruciantur
1544 648 1601 695 et
1619 646 1941 708 queruntur.

2278 636 2531 706 ρούμενοι
2560 632 2671 685 τῶν
2705 632 2915 704 ἑτέροις
2967 632 3305 704 προσόντων,
3355 630 3526 694 οὕτως
3564 631 3798 699 ἀνιῶνται,

842 788 855 793 _
2274 725 2369 780 καὶ
2394 724 2878 795 καταμέμφονται.

656 822 717 877 8.
750 821 1019 892 Clirysost.
1053 819 1250 877 Multos
1285 820 1569 875 hominum
1602 817 1787 873 videre
1813 817 1938 872 licet
1993 814 2160 871 bene-

2351 816 2601 887 Ὀρῶμεν
2635 814 2864 879 πολλοὺς
2894 815 3004 869 τῶν
3035 814 3367 885 ἀνθρώπων,
3400 814 3530 885 μετὰ
3565 815 3656 878 τὰς
3675 814 3800 885 εὐερ-

585 914 725 968 ﬁciis
759 913 997 982 acceptis
1029 912 1428 982 mancipiorum
1460 910 1565 964 ritu
1585 911 1652 964 de
1678 923 1738 964 se
1766 907 1907 962 bene
1932 906 2161 961 meritos

2267 908 2482 976 γεσὶας,
2539 905 2796 977 καθάπερ
2841 906 3200 977 ἀνδραπόδων
3252 906 3425 971 οὕτως
3460 905 3798 976 ὑπερορῶντας

584 1012 958 1071 contemnere,
1007 1012 1063 1059 et
1092 1004 1357 1059 adversus
1410 1002 1535 1057 illos
1595 998 1887 1071 supercilia
1934 1006 2161 1053 contra-

2265 998 2377 1052 τῶν
2409 998 2916 1069 εὑεργετησάντων,
2969 1000 3067 1054 καὶ
3126 998 3226 1064 τὰς
3253 998 3427 1071 ὀφρῦς
3477 996 3798 1052 ἀνασπώντων

584 1096 735 1151 here.

2272 1089 2396 1143 κατ’
2429 1089 2632 1144 αὐτῶν.

658 1185 861 1240 Vitium
919 1187 1217 1242 maximum
1270 1183 1607 1253 ingratitudo
1662 1180 1797 1237 mihi
1824 1177 2057 1243 videtur,
2090 1178 2177 1233 in-

2336 1182 2519 1235 Δεινόν
2563 1199 2653 1252 μοι
2685 1182 2720 1253 ἡ
2758 1181 3054 1252 ἀχαριστία
3084 1183 3501 1253 καταφαίνεται,
3531 1185 3702 1251 δεινὶν,
3723 1186 3794 1241 καὶ

583 1277 812 1345 dignum
843 1277 1090 1345 profecto
1115 1286 1170 1332 et
1205 1289 1465 1345 perquam
1488 1272 1770 1342 indignum
1795 1270 2009 1324 vitium.
2040 1266 2176 1321 Nam

2273 1273 2576 1330 πάνδεινον.
2630 1273 2879 1326 Παθόντα
2930 1273 3041 1345 γάρ
3099 1292 3152 1329 τι
3207 1276 3375 1329 καλὸν
3416 1279 3487 1348 μὴ
3520 1278 3796 1346 ἀμείὸεσθαι

587 1367 852 1423 beneﬁcio
871 1368 1051 1437 aliquo
1068 1366 1321 1422 aﬂectum
1360 1380 1468 1420 non
1493 1364 1631 1420 velle
1648 1361 1969 1433 rependere,
1989 1360 2037 1415 si
2067 1374 2175 1413 non

2274 1364 2593 1435 πειρᾶσθαι,
2627 1367 2677 1420 εἰ
2724 1367 2821 1418 καὶ
2872 1366 2948 1437 μὴ
3001 1367 3185 1429 ἄλλοις
3210 1368 3453 1435 δυνατὸν,
3481 1371 3798 1440 εὐχαριστίαες

582 1460 712 1515 licet
749 1460 928 1524 aliter,
985 1468 1042 1514 at
1092 1459 1288 1515 saltem
1352 1456 1562 1528 gratias
1598 1456 1778 1512 verbis
1806 1453 2041 1526 agendo,
2081 1460 2175 1507 aut

2282 1460 2412 1526 γοῦν
2447 1461 2568 1522 ταῖς
2600 1458 2688 1513 διὰ
2714 1458 2911 1526 λόγων,
2942 1460 2975 1528 ἢ
3008 1460 3238 1530 ἀνοήτου
3274 1461 3547 1527 παντελῶς
3574 1464 3657 1517 καὶ
3679 1467 3796 1517 ἐναι-

583 1552 810 1607 omniuo
833 1552 996 1621 210
1029 1552 1180 1607 stulti
1212 1558 1268 1607 et
1295 1549 1560 1607 beneﬁcia
1593 1562 1705 1604 non
1734 1545 2051 1612 sentientis,
2079 1554 2177 1599 aut

1838 1545 2051 1612 tientis,
2079 1554 2177 1599 aut
2281 1552 2483 1622 σθήτου
2517 1552 2627 1606 τῶν
2647 1551 3001 1625 εὐεργεσιῶν,
3032 1552 3066 1623 ἢ
3102 1552 3439 1625 ἀγνώμονος.

583 1642 784 1701 ingrati
820 1647 1056 1700 hominis
1079 1654 1181 1701 est.

687 1662 784 1700 rati
820 1662 1056 1700 nomnns
1079 1662 1181 1701 εει.

650 1662 763 1790 8ilic
791 1737 945 1791 deest
974 1737 1168 1791 Sermo
1196 1737 1335 1802 LIX,
1366 1734 1462 1806 qui
1496 1731 1819 1789 inscribitur
1864 1747 1879 1785 :
1927 1728 2005 1785 De
2039 1729 2337 1784 consultare
2373 1737 2421 1783 et
2454 1729 2562 1785 illis
2606 1730 2699 1801 qui
2729 1732 3012 1787 comitium
3038 1740 3090 1789 et
3122 1733 3616 1804 reprehensionem»:
3638 1733 3800 1787 admit-

581 1837 722 1896 tunt,
749 1839 799 1885 et
828 1832 967 1901 quod
1013 1830 1305 1900 intelligere
1345 1838 1587 1900 oporteat
1622 1825 1798 1898 qualis
1825 1824 1892 1880 sit
1922 1823 2214 1879 consultor.

991 1944 1222 2001 SERMO
1251 1945 1343 2000 LX
1384 1945 1485 2018 [aL
1524 1941 1746 2016 XXXI].
2197 1942 2240 1999 Β

1648 1941 1746 2016 ιη.
2197 1942 2240 1999 Β
2870 1944 3094 2003 ΑοιόΣ
3170 1945 3250 2001 Ξο.

652 2036 732 2093 De
791 2038 860 2092 iis
914 2038 1005 2109 qui
1059 2037 1356 2162 οοηεὶίὶἓιηι.
1375 2048 1425 2091 et
1470 2036 1925 2105 reprehensionem
1978 2046 2088 2085 non

1212 2125 1242 2161 a
1286 2117 1519 2162 mittunt.

2265 2036 2408 2107 Περὶ
2434 2036 2555 2093 τῶν
2610 2039 3005 2162 συμϐουλὴνέ
3039 2039 3143 2094 καὶ
3200 2040 3492 2111 ἐλέγχους
3530 2039 3609 2110 μὴ
3655 2037 3791 2107 δεχο-

2932 2128 2972 2162 ιι
3008 2127 3151 2162 νων.

1212 2117 1519 2162 admittunt.

2927 2117 3150 2178 μένων.

656 2202 930 2259 Salomon.
992 2202 1051 2258 in
1108 2216 1274 2258 aures
1331 2200 1644 2271 insipientis
1703 2197 1833 2253 nihil
1868 2196 2060 2259 dicito,
2093 2206 2163 2248 ne

2340 2196 2433 2263 Είς
2463 2193 2581 2254 ὦτα
2609 2199 2848 2270 ἄφρονος
2895 2200 3063 2271 μηδὲν
3120 2199 3275 2271 λέγε,
3313 2202 3388 2273 μή
3441 2219 3565 2255 ποτε
3616 2213 3782 2273 μυκτη-

577 2297 800 2364 quando
833 2306 1118 2348 sermones
1158 2300 1284 2347 tuos
1327 2290 1631 2359 prudentiae
1670 2287 1862 2358 plenos
1912 2283 2159 2338 irrideat.

1670 2287 1862 2358 plenos
1912 2283 2159 2338 irrideat.
2269 2288 2397 2359 ρίσῃ
2434 2290 2562 2353 τοὺς
2597 2291 2853 2355 συνετούς
2883 2308 2982 2345 σου
3017 2292 3240 2361 λόγους.

652 2384 815 2439 Prov.
853 2401 943 2440 xv.
1000 2383 1169 2438 Malos
1192 2398 1261 2438 ne
1309 2380 1714 2453 reprehendito,
1775 2386 1835 2433 ut
1886 2375 1997 2431 illis
2028 2374 2162 2437 podio

1954 2376 1997 2431 is
2028 2374 2162 2437 podio
2335 2380 2428 2450 Μὴ
2457 2379 2647 2450 ἔλεγχε
2676 2382 2904 2449 κακοὺς,
2933 2382 3023 2437 ἵνα
3061 2385 3141 2454 μὴ
3174 2385 3454 2457 μισήσωσί
3476 2402 3556 2441 σε.

577 2488 646 2530 ne
675 2477 775 2531 sis.

652 2563 1028 2636 Reprehensio
1057 2563 1226 2634 impio
1257 2572 1341 2619 est
1364 2576 1465 2633 pro
1503 2558 1794 2616 vibicibus.

2336 2561 2399 2612 Ut
2423 2558 2635 2629 ἔλεγχοι
2663 2560 2746 2630 τῷ
2771 2559 2962 2615 ἀσεϐεῖ
2985 2560 3261 2632 μώλωπες
3288 2562 3491 2622 αὐτῶν.

651 2659 758 2726 Qui
786 2657 903 2714 odit
946 2656 1433 2727 reprehensionem
1483 2663 1540 2710 et
1566 2650 1976 2723 castigationem
2004 2687 2022 2716 ,
2081 2647 2164 2703 in-

1578 2650 1976 2723 castigationcm
2004 2687 2022 2716 ,
2081 2647 2164 2703 in-
2344 2653 2407 2708 '0
2443 2653 2619 2725 μισῶν
2646 2654 2911 2727 ἐλέγχους
2959 2655 3180 2727 ἄφρων.

576 2754 782 2824 sipiens
815 2759 917 2808 est.

648 2844 754 2912 Qui
779 2843 951 2899 malos
979 2842 1157 2909 docet,
1192 2840 1295 2898 sibi
1327 2838 1506 2911 pariet
1536 2836 1797 2893 dedecus.

2349 2831 2408 2888 Ὅ
2453 2833 2733 2889 παιδεύων
2761 2837 2966 2902 κακοὺς
3007 2838 3243 2909 λήψεται
3273 2840 3453 2912 ἐαυτῷ
3481 2840 3700 2911 ἀτιμίαν.

644 2936 750 3003 Qui
773 2934 1191 3006 .castigationes
1240 2932 1428 2997 odere,
1459 2930 1694 3000 turpiter
1723 2927 1891 2983 vitam
1944 2924 2157 2979 ﬁnient.

2153 2962 2157 2975 .
2336 2926 2402 2981 0t
2442 2927 2733 2995 μισοῦντες
2783 2929 3046 3000 ἐλέγχους
3075 2931 3499 3004 τελευτήσουσιν
3531 2930 3755 3003 αίσχρῶςο

645 3029 939 3099 lmperitus
966 3043 1074 3083 nou
1106 3025 1313 3082 amabit
1343 3025 1676 3095 castigantes
1708 3021 1913 3093 ipsum.

2339 3017 2453 3071 Οὐκ
2480 3019 2763 3089 ἀγαπήσει
2791 3021 3121 3086 ἀπαίδευτος
3148 3027 3283 3089 τοὺς
3312 3026 3618 3096 ἐλέγχοντας
3637 3020 3784 3076 αὐτόν.

646 3125 805 3177 Amos
842 3136 897 3177 v.
937 3119 1184 3175 Oderunt
1228 3118 1283 3172 in
1342 3117 1515 3186 portis
1561 3112 2076 3185 reprehendentem,
2105 3118 2162 3166 et

2345 3107 2655 3180 Ἐμίσησαν
2689 3112 2748 3162 ἐν
2789 3109 2986 3175 πύλαις
3030 3113 3358 3188 ἐλέγχοντα,
3382 3117 3475 3170 καὶ
3509 3115 3649 3184 λόγον
3670 3114 3787 3169 ὅσιον

573 3220 815 3269 sanetam
845 3212 1147 3266 orationem
1177 3207 1480 3264 abominati
1514 3215 1663 3263 sunt.

2342 3198 2644 3267 Βελύξαντο.

643 3301 847 3358 Omnes
893 3299 1357 3371 reprehendentes
1388 3297 1441 3353 in
1473 3296 1649 3368 portis
1680 3309 1778 3365 pro
1829 3290 2161 3352 olIendiculo
2186 3278 2233 3338 (ἓ

2342 3293 2553 3359 Πάντας
2600 3296 2728 3361 τοὺς
2777 3297 3109 3371 ἐλέγχοντας
3155 3299 3220 3356 ἐν
3257 3299 3468 3368 πύλαις
3500 3299 3784 3373 πρόσκομμα
3821 3355 3827 3361 .

571 3395 875 3454 habebunt.

2259 3382 2540 3457 θήσουσιν.

642 3484 846 3541 Jerem.
887 3484 1128 3540 Locutus
1165 3499 1286 3540 sum
1340 3484 1437 3539 tibi
1495 3481 1552 3538 in
1578 3480 1777 3537 delicto
1821 3489 1938 3546 tuo,
1983 3488 2039 3535 et
2070 3494 2158 3535 reo

2341 3478 2615 3551 Ἐλάλησα
2648 3483 2786 3552 πρὸς
2817 3483 2878 3538 σέ
2911 3485 2969 3540 ἐν
2994 3488 3062 3558 τῇ
3092 3486 3452 3557 Μραπτὼσει
3485 3502 3593 3550 σου,
3618 3482 3698 3537 καὶ
3718 3472 3779 3533 εἷο

571 3578 844 3649 spondisti
880 3586 931 3631 te
958 3591 1068 3632 non
1106 3577 1445 3632 auditurum.

1312 3591 1445 3631 rum.
2260 3585 2393 3636 πας.
2424 3572 2541 3627 Οὐκ
2579 3575 2914 3647 ἀκούσομαι.

648 3669 773 3726 Haec
821 3671 966 3726 fatur
1007 3671 1267 3726 Dominus
1298 3685 1315 3724 :
1352 3669 1493 3725 Ecce
1532 3682 1634 3739 ego
1676 3664 1835 3738 posui
1875 3672 2003 3720 ante
2054 3677 2155 3719 ve-

2327 3664 2468 3721 Τάδε
2495 3666 2644 3736 λέγει
2692 3669 2924 3740 Κύριος.
2965 3669 3099 3725 Ἰδοὺ
3124 3672 3240 3741 ἐγὼ
3280 3672 3483 3727 δέδωκα
3516 3672 3611 3743 πρὸ
3650 3682 3786 3736 προσυ

572 3774 750 3820 strum
786 3774 1134 3835 conspectum
1164 3763 1306 3818 viam
1333 3763 1458 3817 vitae
1480 3770 1536 3818 et
1567 3761 1709 3816 viam
1747 3758 1963 3815 mortis.

2252 3756 2407 3813 ὡπου
2473 3758 2629 3830 ὑμῶν
2667 3760 2767 3832 τὴν
2803 3761 2922 3817 tam
2956 3763 3057 3831 τῆς
3089 3762 3242 3837 ζωῆς
3322 3768 3417 3821 καὶ
3451 3765 3545 3837 τὴν
3580 3762 3683 3819 ὁδὸν
3707 3754 3778 3814 τοῦ

2254 3849 2513 3908 θανάτου.

645 3943 815 4000 Eccli.
842 3945 1129 4014 Improbus
1155 3944 1610 4015 vituperationem
1633 3940 1908 4000 declinare
1934 3940 2093 3998 solet.

1974 3940 2093 3997 olet.
2327 3942 2649 4015 Ἄνθρωπος
2678 3943 3004 4015 ἁμαρτωλὸς
3032 3947 3280 4003 ἐκκλινεί
3329 3948 3576 4020 ἐλεγμόν.

646 4033 740 4089 Vir
779 4036 1005 4091 consilio
1071 4049 1290 4099 carens,
1332 4034 1607 4104 navigium
1653 4044 1735 4090 est
1784 4032 2151 4105 gubernatore

2086 4047 2151 4088 Ire
2336 4033 2706 4105 ’Δσύμίουλος
2735 4036 2878 4108 ἀνὴρ
2907 4038 3093 4092 πλοῖόν
3135 4042 3294 4096 ἐστιν
3325 4042 3688 4113 ἀκυϐέρνητον.

571 4128 919 4183 destitutum.

642 4217 833 4274 Matth.
865 4232 1016 4273 xvur.
1067 4215 1124 4273 Si
1153 4218 1389 4288 peccarit
1415 4216 1584 4273 frater
1622 4226 1771 4285 tuus,
1808 4213 2149 4288 repreliende

2332 4211 2457 4266 Ἐὰν
2485 4214 2712 4286 ἁμάρτῃ
2742 4216 2771 4267 ὁ
2810 4214 3039 4283 ἀδελφός
3074 4232 3195 4283 σου,
3224 4216 3442 4287 ἔλεγξον
3467 4214 3619 4271 αὑτὸν
3645 4227 3774 4283 μετα-

570 4309 749 4379 ipsum
781 4311 909 4366 dum
948 4310 1048 4367 soli
1083 4312 1239 4367 estis.
1273 4311 1331 4367 Si
1373 4317 1429 4367 te
1467 4309 1726 4379 audierit,
1791 4311 2035 4366 lucratus
2084 4324 2147 4366 es

2249 4302 2312 4371 ξὺ
2344 4303 2437 4357 σοῦ
2464 4305 2558 4357 καὶ
2577 4305 2744 4359 αὐτοῦ
2783 4305 2968 4375 μόνου.
3003 4306 3130 4361 Ἐάν
3159 4325 3256 4362 σου
3280 4305 3774 4381 ἁκούσῃ,ἐκέρδησας

570 4402 789 4455 fratrem
819 4410 995 4457 tuum.

2247 4396 2340 4449 τὸν
2369 4396 2600 4467 ἀδελφόν
2631 4415 2727 4452 σου
2739 4442 2750 4457 .

640 4489 702 4548 S.
730 4490 939 4547 Basilii.
980 4491 1081 4560 Qui
1114 4509 1219 4549 non
1264 4492 1456 4565 recipit
1484 4492 1586 4550 sibi
1632 4508 1661 4549 a
1708 4492 1880 4550 fratre
1929 4493 2147 4549 adhibi-

2326 4486 2393 4573 :9
2427 4488 2503 4559 μὴ
2532 4490 2971 4561 καταδεχόμενος
2999 4492 3102 4564 τὴν
3134 4497 3291 4567 παρὰ
3340 4495 3431 4549 τοῦ
3470 4490 3678 4560 ἀδελφοῦ
3704 4488 3772 4541 θε-

576 4591 685 4637 tam
716 4586 1080 4652 curationem,
1124 4585 1169 4640 is
1194 4600 1379 4641 secum
1412 4585 1527 4655 ipse
1564 4584 1818 4641 dissidet.
2175 4617 2178 4624 ι

2174 4616 2219 4674 D
2252 4580 2508 4674 ραπείαν,
2550 4586 2971 4671 προσαγομένην
2998 4587 3171 4657 αὐτῷ,
3199 4589 3522 4661 ἀσύμφωνός
3565 4588 3667 4640 ἐστι
3697 4579 3772 4634 καὶ

2251 4672 2411 4736 αὐτὸς
2443 4675 2639 4745 ἐαυτῷ.

642 4761 911 4832 Theologi.
943 4760 1134 4818 Omnis
1166 4762 1351 4817 anima
1407 4761 1698 4832 repudians
1738 4762 2141 4821 admonitiones

1874 4763 2141 4821 onitiones
2323 4766 2487 4839 Ψυχὴ
2511 4769 2661 4822 πᾶσα
2692 4769 3053 4842 ἀνουθέτητος
3081 4772 3476 4846 ἀθεράπευτος.

567 4855 889 4913 incurabilis
914 4865 1019 4909 est.
1974 4881 1981 4887 .
2082 4870 2089 4877 .

638 4949 827 5003 Amice
884 4946 1287 5016 reprehendens
1359 4962 1465 5001 non
1520 4955 1603 5001 est
1652 4955 1805 5003 extra
1871 4948 2140 5006 terminos

2315 4947 2494 5001 Οὐ·δεί
2520 4948 2749 5016 φιλικῶς
2779 4950 3119 5019 ἐγκαλοῦντα
3146 4954 3253 5022 ἔξω
3279 4972 3333 5010 τι
3364 4956 3468 5011 τῶν
3492 4956 3584 5026 τῆς
3613 4951 3762 5024 φιλίας

563 5038 820 5095 anicitiae
847 5038 1171 5108 ejiciendus.

1010 5038 1171 5093 udus.
2245 5038 2391 5110 ὅρων
2419 5041 2612 5093 ποιεῖν.

663 5125 801 5180 Nili.
831 5124 1017 5180 Inanis
1038 5134 1123 5181 est
1174 5126 1354 5182 omnis
1381 5127 1577 5192 oratio,
1614 5142 1734 5197 quae
1757 5128 1823 5183 ad
1860 5129 2141 5198 corrigen-

2316 5130 2588 5209 Περισσὸς
2615 5132 2724 5196 πᾶς
2757 5132 2915 5201 λόγος
2939 5134 3079 5204 πρὸς
3109 5135 3418 5207 διόρθωσιν,
3458 5140 3578 5191 ὅταν
3605 5136 3634 5204 ἡ
3681 5129 3767 5183 τῶν

561 5216 694 5271 dum
735 5216 1048 5282 adhibetur,
1073 5217 1120 5273 si
1151 5219 1461 5275 auditorum
1504 5219 1759 5277 voluntas
1793 5229 1849 5277 et
1875 5223 2142 5289 studium,

2244 5222 2557 5278 ἀκουόντων
2622 5224 2759 5294 πρὸς
2816 5227 2879 5277 τὸ
2930 5228 3117 5298 χεῖρον
3176 5231 3515 5285 ἀποκλίνασα
3586 5222 3758 5287 σπουδὴ

561 5309 629 5364 ad
649 5308 889 5365 deterius
920 5309 1211 5376 inclinans,
1239 5311 1473 5367 consilio
1497 5324 1689 5368 nostro
1718 5313 2065 5372 adversatur.

2241 5315 2357 5377 τοῖς
2412 5314 2553 5369 κατά
2620 5315 2931 5386 συμϐουλὴν
3007 5318 3323 5392 λεγομένοις
3379 5321 3621 5384 ἐναντίως
3669 5314 3763 5368 διὰ-

2244 5421 2449 5458 κειται.

630 5480 901 5555 Chrysost.
932 5475 1084 5542 Multi
1112 5502 1511 5558 smpenumero,
1551 5505 1618 5545 ne
1650 5491 1966 5548 viderentur
1997 5492 2138 5549 alte-

2310 5496 2500 5549 Πολλοὶ
2545 5498 2802 5563 πολλάκις
2836 5500 2979 5573 ὑπὲρ
3010 5504 3104 5559 τοῦ
3158 5504 3235 5577 μὴ
3274 5505 3503 5577 φανῆναι
3544 5502 3749 5569 δεόμενοι

558 5574 673 5631 rius
710 5591 871 5647 egere
896 5576 1149 5639 consilio,
1192 5580 1504 5634 maluerunt
1544 5583 1773 5650 prodere
1802 5593 1855 5637 et
1886 5586 2137 5642 amittere

2239 5588 2557 5658 συμὸουλῆς
2586 5591 2683 5661 τῆς
2719 5593 2852 5664 παρ’
2887 5596 3096 5667 ἐτέρων
3153 5574 3357 5652 εἴλοντο
3389 5574 3653 5668 προδοῦναι
3679 5587 3755 5656 τὴν

556 5667 866 5732 utilitatem,
916 5683 1039 5739 qua:
1069 5683 1100 5723 a
1144 5669 1377 5725 consilio
1416 5671 1656 5741 profecta
1691 5673 1909 5741 fuisset,
1966 5692 2131 5746 quam

2232 5679 2510 5749 ὠφέλειαν
2547 5681 2649 5753 τὴν
2700 5684 2808 5737 ἀπ’)
2859 5688 2962 5758 τῆς
3008 5688 3255 5760 γνώμης,
3292 5689 3324 5761 ἢ
3370 5667 3635 5756 δεξάμενοι
3676 5679 3754 5747 τὴν

555 5757 830 5814 audiendo
883 5760 1287 5817 admonitiones
1316 5772 1496 5817 errata
1530 5764 1828 5833 corrigere,
1884 5774 1939 5822 et
1966 5768 2124 5838 igno-

2233 5771 2587 5840 παραίνεσιν,
2628 5773 2925 5844 διορθῶσαι
2968 5780 3027 5834 τὸ
3065 5757 3407 5852 ἁμάρτημα·
3450 5780 3538 5832 καὶ
3580 5772 3752 5846 μᾶλλον

553 5862 677 5904 rare
726 5864 890 5920 quam
945 5851 1159 5910 discere
1189 5854 1523 5920 maluerunt,
1591 5853 1895 5913 nescientes
1942 5859 1995 5915 in
2043 5862 2126 5915 di-

2233 5862 2528 5933 ἀγνοεῖν,ἢ
2564 5866 2753 5936 μαθεῖν
2792 5870 3166 5941 κατεδέξαντο,
3218 5875 3315 5927 οὐκ
3367 5873 3555 5934 ειδότες
3586 5870 3654 5921 ὅτι
3693 5861 3744 5914 0'5
