4056 6420
374 421 509 485 1153

1182 425 1354 486 LOCl
1395 426 1841 492 COMMUNES.
1868 452 1935 463 ·-·
1971 429 2167 489 PARS
2208 430 2294 489 II.
2331 430 2594 491 SERKIO
2627 430 2818 492 LXII.

3506 431 3643 498 1154

363 537 428 589 τὸ
474 536 671 605 μαθεῖν
726 534 1003 607 ἔγκλημα,
1065 535 1202 591 ἀλλᾶ
1230 536 1290 590 τὺ
1338 539 1555 604 ἀγνοεῖν
1588 538 1899 610 κατηγορία
1933 556 1949 573 ο
1984 590 1991 605 γ

2071 545 2260 599 scendo
2282 544 2496 600 nullum
2532 558 2653 600 esse
2684 545 2911 610 crimen,
2947 546 3042 602 sed
3078 544 3133 600 in
3166 546 3506 616 ignorando;
3542 564 3644 603 nec

364 629 426 681 ού
468 628 531 681 τὸ
563 629 936 694 διδάσκεσθαι,
974 629 1110 683 ἀλλὰ
1140 630 1199 684 τὸ
1220 633 1279 682 ἐν
1328 631 1540 702 ἀμαθία
1584 629 1747 696 εἶναι,
1776 634 1837 685 οὐ
1887 633 1950 686 τὸ

365 721 713 790 ἐλέγχεσθαι,
764 722 899 775 ἀλλὰ
929 722 989 775 τὸ
1027 722 1362 792 ἁμαρτάνειν
1410 722 1736 790 ἀδιόρθωτα.
1789 724 1950 778 Ἐστι

364 813 494 881 γὰρ,
523 813 637 867 ἐστι
674 817 822 886 παρὰ
849 815 1123 886 ἀνθρώπῳ
1179 814 1363 886 μικρῷ
1393 816 1487 868 καὶ
1534 815 1748 868 εὐτελεῖ
1785 817 1949 886 εὐρε-

366 904 529 973 οἧναί
558 923 611 959 τι
643 906 755 959 τῶν
777 907 1010 959 δεόντων
1049 907 1076 961 δ
1108 907 1261 978 παρὰ
1295 905 1371 977 τῷ
1402 904 1554 976 σοφῷ
1586 907 1682 960 καὶ
1725 908 1948 977 μεγάλῳ

365 997 628 1062 πολλάκις
659 1000 759 1071 οὐχ
802 999 1061 1071 εὕρηται.

436 1179 600 1234 Δαυῒδ
629 1180 725 1249 τῆς
757 1181 853 1233 τοῦ
915 1179 1075 1233 Ἰωὰό
1120 1176 1634 1250 παραλογισάμενος
1685 1179 1950 1247 παραινέ-

366 1288 528 1335 σεως,
559 1271 852 1341 προστίμῳ
882 1270 1013 1341 θείῳ
1042 1270 1347 1328 ὑπέπεσεν.

445 1362 708 1431 Ῥοϐοὰμ,
744 1364 1106 1433 ἀπωσάμενος
1149 1363 1246 1433 τὴν
1280 1361 1478 1433 βουλὴν
1508 1362 1618 1415 τῶν
1651 1361 1952 1433 πρεσϐυτέ-

367 1473 500 1525 ρων,
524 1458 614 1507 τὸν
644 1455 773 1507 λαὸν
800 1456 967 1509 αὐτοῦ
1010 1455 1388 1509 διεσκέδασεν.

435 1549 641 1612 Μεῖζον
676 1549 877 1617 ἀγαθὸν
898 1550 956 1601 τὸ
987 1548 1312 1618 ἐλεγχθῆναι
1340 1546 1437 1601 τοῦ
1466 1547 1688 1615 ἐλέγξαι
1711 1546 1944 1616 νομίζω,

366 1640 478 1709 ὅτῳ
522 1640 709 1709 μεῖζόν
754 1640 872 1693 ἐστι
900 1641 960 1692 τὸ
988 1641 1152 1694 αὐτὸν
1201 1639 1594 1709 ἀπαλλαγῆναι
1640 1638 1811 1693 κακοῦ
1848 1637 1944 1692 τοῦ

366 1730 525 1783 ἄλλον
554 1732 888 1799 ἀπαλλάξαι.

437 1822 635 1879 Οὐδενὶ
677 1826 783 1880 τῶν
827 1826 1052 1895 φαύλων
1096 1826 1325 1894 ἐπιστὰς
1371 1827 1592 1898 ἔλεγχος
1637 1824 1705 1881 δι’
1755 1825 1949 1898 ἡδονῆς

362 1916 512 1970 ἑστι.

444 2010 711 2081 Περισσὸς
737 2012 878 2083 ὑπὲρ
900 2012 997 2068 τοῦ
1030 2016 1100 2067 τὰ
1135 2013 1331 2067 δέοντα
1359 2013 1535 2066 ποιεῖν
1567 2011 1676 2076 πᾶς
1701 2012 1729 2064 ὁ
1769 2009 1951 2081 λόγος,

357 2104 496 2157 ’ὅταν
527 2107 559 2174 ἠ
590 2104 698 2158 τῶν
721 2105 1033 2160 ἀκουόντων
1063 2106 1201 2172 πρὸς
1227 2106 1290 2160 τὸ
1318 2108 1503 2177 χεῖρον
1525 2105 1749 2175 ὁμόνοια

983 2219 1206 2273 ΛΟΓΟΣ
1240 2216 1361 2273 ΞΑἎ

756 2331 895 2402 Περὶ
960 2334 1265 2401 αισχύνης
1310 2330 1565 2401 ἀγαθῆς.

440 2423 714 2488 Λαϐόντες
733 2423 856 2494 Σὴμ
896 2425 990 2478 καὶ
1024 2424 1206 2494 Ἰάφεο
1231 2424 1293 2478 τὸ
1312 2425 1549 2493 ἱμάτιον,
1575 2422 1831 2476 ἐπέθεντο
1862 2423 1957 2478 ἐπὶ

358 2518 439 2573 τὰ
495 2519 589 2571 δύο
618 2518 762 2571 νῶτα
791 2516 993 2583 αὐτῶν,
1034 2517 1129 2571 καὶ
1151 2516 1530 2588 ἐπορεύθησαν
1554 2516 1954 2586 όπισθοφανῶς,

369 2611 468 2666 καὶ
509 2609 893 2679 συνεκάλυψαν
926 2610 1027 2681 τὴν
1064 2609 1350 2680 γύμνωσιν
1384 2609 1479 2663 τοῦ
1516 2610 1723 2680 πατρὸς
1752 2611 1956 2676 αὐτῶν,

369 2710 468 2759 καὶ
501 2705 562 2756 τὸ
591 2704 886 2774 πρόσωπον
916 2702 1096 2756 αὐτῶν
1119 2699 1526 2768 ὁπισθοφανῶς,
1559 2702 1655 2755 καὶ
1706 2700 1805 2772 τὴν
1856 2701 1958 2770 γύ-

373 2815 582 2870 μνωσιν
610 2796 701 2850 τοῦ
732 2796 940 2866 πατρός
979 2794 1164 2848 αὐτῶν
1197 2794 1298 2846 οἰκ
1331 2787 1497 2849 εἶδον.

445 2892 632 2945 Ἔστιν
669 2891 926 2959 αἰσχύνη,
980 2888 1267 2955 ἐπάγουσα
1317 2885 1631 2957 ἁμαρτιανο
1670 2886 1767 2939 καὶ
1812 2885 1959 2939 ἔστιν

368 2984 624 3055 αἰσχύνη,
652 2983 781 3048 δόξα
810 2982 905 3036 καὶ
928 2982 1111 3052 χάρις.

441 3077 557 3129 Οὐκ
585 3077 703 3128 ἔστι
742 3076 926 3129 πᾶσαν
958 3072 1225 3144 αἰσχύνην
1245 3071 1588 3142 φυλάξασθαι
1624 3072 1810 3130 καλόν.

2056 633 2289 701 discere,
2348 635 2444 690 sed
2477 636 2748 692 inscitiam
2781 637 3056 705 retinere;
3086 654 3187 693 nec
3236 640 3561 710 reprehendi
3592 651 3647 697 et

2053 724 2334 794 castigari,
2386 726 2482 782 sed
2534 742 2762 795 peccare
2818 727 2888 781 ita
2943 736 3003 782 nt
3054 718 3251 798 corrigi
3308 731 3470 794 nolis,
3509 732 3646 785 vitio

2055 815 2202 871 dari.
2264 818 2414 872 Licet
2454 819 2636 886 enim,
2674 819 2833 889 21],
2870 821 2994 876 licet
3038 822 3122 876 vel
3172 823 3313 893 apud
3365 823 3644 879 hominem

2055 909 2303 965 inﬁmum
2337 921 2393 966 et
2444 912 2874 982 abjectissiutum
2938 913 3144 982 aliquid
3194 929 3410 969 rectum
3472 919 3645 986 qund-

2055 1017 2160 1071 que
2190 1003 2377 1057 deceat
2427 1003 2693 1071 invenire,
2727 1005 2871 1074 quod
2915 1005 3060 1073 apud
3101 1007 3405 1076 sapientem
3439 1017 3493 1062 et
3531 1025 3646 1063 ma-

2053 1107 2220 1165 gnum
2251 1109 2396 1163 saepe
2425 1109 2532 1147 non
2575 1096 2862 1163 reperitur.

2128 1185 2322 1249 David,
2354 1183 2512 1240 Joabi
2568 1187 2869 1242 monitione
2917 1198 3246 1260 contempta,
3283 1191 3471 1245 multze.
3516 1190 3647 1246 snb~

2049 1274 2225 1346 iacuit
2254 1277 2474 1332 divinae.
3428 1330 3431 1333 .

2128 1367 2403 1437 Roboam,
2447 1369 2678 1425 consilio
2724 1370 2999 1426 seniorum
3037 1373 3339 1442 repudiato,
3383 1376 3643 1446 populum

2048 1475 2206 1516 suum
2244 1463 2548 1531 dissipavit.

2120 1552 2395 1608 Met/radii.
2424 1555 2601 1609 Tanto
2623 1555 2798 1625 majus
2830 1555 3034 1610 bonum
3069 1558 3418 1626 reprehendi,
3480 1574 3646 1628 quam

2056 1645 2461 1712 reprehendere
2489 1645 2745 1711 arbitror,
2777 1657 2982 1716 quanto
3034 1647 3215 1716 majus
3269 1659 3352 1703 est
3409 1648 3646 1719 teipsum

2049 1736 2461 1798 maloliberari,
2495 1753 2659 1807 quam
2688 1739 2922 1793 alterum
2954 1740 3210 1794 liberare.

2125 1827 2391 1882 Philonis.
2423 1827 2635 1883 Nemini
2667 1829 3036 1898 improborum
3061 1832 3351 1902 castigatio
3374 1832 3647 1905 voluptati

1976 1900 2026 1960 Β
2052 1929 2156 1977 est.

2126 2004 2311 2071 Inanis
2344 2025 2426 2072 est
2458 2017 2641 2073 omnis
2664 2017 2731 2073 ad
2753 2020 3095 2075 honestatem
3121 2019 3419 2075 exhortans
3441 2020 3644 2087 oratio,

2051 2120 2180 2161 cum
2209 2107 2547 2163 audientium
2575 2108 2745 2163 animi
2784 2109 2851 2165 ad
2884 2110 3128 2166 deterius
3174 2110 3513 2182 conspirant.

2483 2223 2718 2281 SERMO
2768 2224 2882 2281 LXI
2919 2224 3019 2298 [aL
3058 2224 3221 2299 XCI].

2560 2336 2639 2393 De
2688 2337 2891 2408 pudore
2918 2339 3157 2393 honesto.

2128 2424 2263 2482 Gen.
2308 2442 2389 2484 ιι.
2455 2427 2651 2484 Samus
2693 2439 2750 2484 et
2801 2430 3063 2501 Japhetus
3114 2441 3388 2500 acceptam
3442 2443 3647 2489 vestem

2059 2518 2449 2590 imposuerunt
2477 2535 2642 2591 super
2669 2520 2833 2577 dorsa
2864 2536 2985 2585 sua,
3005 2521 3250 2576 etaversi
3272 2533 3649 2590 accesserunt,

2060 2621 2116 2664 et
2148 2612 2450 2667 nuditatem
2483 2612 2656 2684 patris
2678 2613 2764 2668 sui
2801 2621 3167 2668 contexerant
3197 2631 3211 2666 :
3241 2616 3421 2670 aversi
3482 2614 3651 2684 igitur

2060 2719 2186 2760 cum
2221 2715 2430 2772 essent,
2462 2705 2764 2761 nuditatem
2796 2707 2969 2776 patris
2999 2706 3083 2761 sui
3119 2721 3227 2761 non
3257 2706 3538 2762 viderunt.

2132 2881 2409 2939 Salomon.
2432 2882 2529 2939 Est
2554 2884 2732 2955 pudor
2759 2884 2849 2954 qui
2876 2893 3158 2955 peccatum
3180 2886 3422 2955 adducit,
3445 2896 3530 2945 est
3553 2897 3651 2961 qui

2060 2977 2291 3050 gloriam
2321 2985 2376 3031 et
2402 2976 2657 3047 gratiam.

2130 3066 2303 3121 Eccli.
2329 3081 2502 3122 xxxtt.
2536 3065 2653 3121 Non
2677 3072 2761 3122 est
2785 3064 3072 3122 honestum
3103 3068 3350 3136 quemvis
3380 3069 3649 3139 pudorem

2060 3173 2276 3215 cavere.

449 3254 591 3308 ’Υπδ
616 3252 847 3325 βροντῆς
881 3251 1256 3306 κατασπεύδει
1284 3248 1566 3322 ἀστραπὴ,
1600 3250 1694 3303 καὶ
1726 3250 1835 3304 ἀπὸ
1866 3251 1954 3304 αί-
1981 3247 1991 3294 4

2130 3251 2201 3306 Ut
2230 3266 2263 3306 a
2296 3249 2500 3306 tonitru
2530 3248 2819 3306 coiifestim
2853 3251 3033 3320 prodit
3058 3250 3264 3323 fulgur,
3327 3253 3410 3310 sic
3438 3268 3473 3309 a
3500 3269 3652 3310 vere-

373 3344 680 3416 σχυντηροῦ
735 3341 1127 3413 προελεύσεται
1161 3342 1343 3412 χάρις.

443 3439 712 3506 Λίσχύνου
743 3437 851 3490 ἀπὸ
886 3437 1097 3506 πατρὸς
1124 3435 1220 3490 καὶ
1251 3433 1460 3505 μητρὸς
1494 3434 1624 3506 περὶ
1656 3431 1949 3504 πορνείαςο

372 3532 470 3585 καὶ
497 3529 607 3582 ἀπὸ
668 3528 977 3600 ἡγουμένου
1024 3528 1118 3580 καὶ
1172 3527 1442 3594 τυράννου
1499 3527 1634 3595 περὶ
1675 3524 1948 3595 ψεύδους·

374 3624 485 3678 ἀπὸ
512 3621 704 3693 κριτοῦ
735 3623 830 3676 καὶ
879 3623 1144 3692 ἄρχοντος
1198 3620 1327 3688 περὶ
1358 3618 1743 3690 πλημμελείας
1767 3635 1781 3649 ’
1842 3616 1953 3672 ἀπὸ

371 3715 633 3771 κοινωνοῦ
668 3717 762 3770 καὶ
797 3714 956 3784 φίλου
986 3712 1115 3782 περὶ
1147 3711 1362 3774 ἀδικίας
1392 3727 1407 3742 ’
1446 3712 1540 3764 καὶ
1566 3711 1674 3764 ἀπὺ
1698 3711 1868 3763 τόπου
1889 3702 1951 3762 οὗ

375 3809 687 3880 παροικεῖς,
722 3810 848 3874 περὶ
880 3806 1093 3875 κλοπῆς
1116 3819 1128 3832 ·
1164 3805 1271 3856 ἀπὸ
1310 3803 1703 3872 κατανοήσεως
1764 3818 1954 3869 γυναι-

373 3901 469 3964 κὸς
493 3898 792 3969 ὑπάνδρου,
816 3899 911 3950 καὶ
944 3896 1053 3951 ἀπὸ
1102 3895 1454 3965 περιεργεέας
1515 3892 1808 3962 παιδίσκης
1862 3892 1955 3945 αὺ-

378 3993 479 4061 τῆς
504 4006 518 4021 ⁸
552 3990 661 4043 ἀπὸ
687 3988 843 4058 φίλου
899 3987 1029 4058 περὶ
1062 3987 1223 4056 λόγου
1254 3982 1587 4054 ὀνειδισμοῦ.
1626 3985 1713 4036 καὶ
1741 3984 1954 4035 ἀποκα-

372 4084 590 4155 λύψεως
629 4085 805 4153 λόγων
829 4082 1104 4152 κρυφίων.
1134 4082 1244 4135 Καὶ
1273 4079 1373 4152 ἔσῃ
1408 4079 1771 4148 αἰσχυντηρδς
1824 4077 1955 4144 ἁλη-

375 4177 544 4241 θινδς,
573 4177 669 4230 καὶ
695 4175 968 4248 εὑρίσκων
990 4173 1151 4245 χάριν
1197 4172 1379 4226 ἔναντι
1406 4170 1609 4233 παντὸς
1637 4169 1950 4239 ἀνθρώπου.

452 4272 638 4333 Rexit;
664 4268 709 4323 δ’
740 4269 957 4322 ἀκούων
993 4266 1276 4337 αἰσχύνου,
1315 4264 1392 4336 μὴ
1414 4263 1702 4334 δυσγενής.

447 4364 609 4427 Γένος
641 4362 751 4434 γάρ
790 4363 931 4415 εἰσιν
950 4360 999 4413 oi
1029 4359 1202 4412 πάλαι
1232 4357 1557 4427 σεσηπότες.

449 4460 605 4513 Γένει
655 4455 957 4525 προάρχειν
979 4452 1256 4520 κρεῖσσον,
1287 4450 1321 4522 ἢ
1352 4449 1502 4502 λύειν
1526 4448 1705 4516 γένος.

450 4551 555 4604 Τὸν
589 4548 986 4619 αἰσχυνόμενον
1024 4544 1302 4616 ἁμαρτίαν
1323 4542 1406 4597 δεῖ
1458 4541 1957 4613 αῖσχύνεσθαι,.οιαι

375 4642 440 4697 τδ
467 4642 543 4713 τῷ
577 4641 695 4712 Θεῷ
725 4637 1126 4712 προσκροῦσαι,
1149 4637 1244 4690 καὶ
1271 4637 1331 4689 τὺ
1361 4634 1588 4706 ποιῆσαί
1623 4651 1678 4688 τι
1734 4633 1845 4688 τῶν
1893 4632 1955 4688 οὐ

374 4738 628 4793 δεόντων.

452 4830 645 4882 Ἔστιν
668 4826 776 4897 ἄρα
812 4824 906 4878 καὶ
937 4822 1101 4878 τοῦτο
1127 4820 1386 4893 δεύτερον
1424 4817 1651 4887 ἀγαθὸν,
1679 4818 1740 4871 τδ
1768 4814 1962 4887 αἰσχύ-

376 4923 586 4979 νεσθαι.
615 4922 688 4973 Τὸ
712 4920 811 4989 μὲν
841 4919 951 4987 γὰρ
976 4916 1368 4987 ἀναμάρτητον
1386 4913 1536 4975 θείας
1559 4910 1819 4982 ἄντικρύς
1844 4911 1961 4962 ἐστι

375 5014 477 5068 καὶ
509 5012 709 5084 μοίρας
745 5013 841 5064 καὶ
872 5009 1090 5078 φύσεως
1114 5025 1129 5040 ·
1162 5007 1226 5060 τὸ
1250 5006 1308 5061 δὲ
1339 5007 1436 5059 ἐπὶ
1461 5005 1575 5068 τοῖς
1602 5005 1701 5057 οὐκ
1725 5002 1790 5057 εὖ
1817 5018 1961 5071 γινο-

380 5107 564 5178 μένοις
591 5103 847 5175 ὲρύθημα
881 5101 1241 5172 σωφροσύνης
1265 5097 1526 5171 ἐμφαίνει
1560 5094 1781 5168 χρῶμα.

977 5211 1198 5266 ΛΟΓΟΣ
1237 5208 1358 5265 ΞΒ’.

769 5329 913 5398 Περὶ
941 5328 1244 5397 αἰσχύνης
1278 5324 1569 5393 πονηρᾶς.

436 5423 588 5494 Περὶ
625 5423 721 5493 τῆς
744 5420 927 5493 ψυχῆς
970 5437 1065 5473 σου
1126 5420 1206 5489 μὴ
1264 5418 1582 5487 αἰσχυνθῇς.
1640 5415 1797 5468 Ἔστι
1853 5414 1961 5480 γὰρ

374 5516 609 5588 αἰσχύνη
660 5517 943 5585 ἐπάγουσα
994 5511 1309 5583 ἁμαρτίανο
1366 5511 1460 5564 καὶ
1508 5509 1652 5563 ἔστιν
1707 5506 1962 5577 αἰσχύνη,

374 5611 504 5678 δόξα
529 5611 626 5663 καὶ
660 5608 848 5680 χάρις.
895 5606 1006 5661 Καὶ
1039 5605 1117 5675 μὴ
1152 5601 1325 5674 λάῦῃς
1369 5600 1664 5672 πρόσωπον
1692 5601 1833 5655 κατὰ
1863 5599 1965 5668 ψυο

379 5703 486 5775 χῆς
514 5719 635 5766 σου,
663 5700 761 5754 καὶ
792 5699 869 5771 μὴ
905 5698 1183 5769 ὲντραπῇς
1210 5695 1290 5757 είς
1318 5692 1527 5746 πτῶσίν
1559 5707 1676 5745 σου.

449 5793 641 5848 Ἔστιν
676 5794 764 5846 ὅτε
816 5808 901 5854 τις
954 5790 1118 5859 χάριν
1167 5784 1434 5856 αἰσχύνης
1488 5782 1963 5854 ἐπαγγελλόμενος

377 5883 541 5956 φίλῳ,
572 5886 841 5955 ἐκτήσατο
871 5882 1042 5938 αὐτὸν
1082 5876 1274 5951 ἐχθρὸν
1317 5874 1553 5946 δωρεάν.

2056 3343 2237 3401 eundo
2262 3342 2485 3399 homine
2517 3342 2888 3414 proﬁciscetur
2916 3345 3114 3417 gratia.

2128 3435 2514 3493 Verecundare
2543 3451 2730 3491 coram
2795 3440 3116 3507 parentibus
3164 3438 3233 3496 de
3289 3441 3651 3516 scortat'tone,

2054 3544 2239 3584 coram
2275 3528 2535 3600 praefecto
2565 3537 2618 3582 et
2648 3536 2882 3599 tyranno
2914 3529 2983 3584 de
3014 3531 3321 3596 mendacio.
3381 3537 3521 3604 apud
3563 3536 3657 3605 ju-

2058 3621 2237 3677 dicem
2269 3629 2321 3675 et
2358 3620 2740 3692 magistratum
2776 3621 2842 3675 de
2871 3632 3072 3685 errato,
3132 3624 3275 3693 apud
3334 3629 3546 3680 socium
3600 3637 3654 3681 et

2056 3714 2290 3769 ausit-um
2322 3713 2389 3768 de
2421 3712 2659 3784 injuria:
2694 3714 2746 3768 in
2783 3715 2902 3769 loco
2954 3714 3043 3770 ubi
3088 3717 3301 3774 habitas
3359 3721 3431 3774 de
3498 3718 3647 3774 furto

2056 3806 2353 3862 verendum
2389 3814 2474 3862 est
2506 3822 2519 3860 :
2556 3807 2612 3859 in
2645 3806 3002 3875 cogitatione,
3040 3807 3110 3863 de
3166 3810 3398 3866 muliere
3459 3820 3651 3880 nupta,

2057 3910 2109 3954 et
2131 3913 2162 3953 a
2197 3900 2415 3955 curiosa
2441 3898 2562 3969 ejus
2589 3898 2788 3954 ancilla
2826 3913 2844 3955 :
2874 3898 2943 3953 ab
2972 3901 3173 3964 amico,
3204 3899 3272 3956 de
3329 3901 3502 3957 verbo
3556 3916 3656 3957 ex-

2057 3988 2439 4059 prohrationis.
2470 3996 2524 4044 et
2551 3986 2915 4058 patefactione
2944 4001 3269 4043 arcanorum
3311 4002 3651 4056 sermonum,

2058 4089 2114 4135 et
2168 4080 2278 4135 eris
2329 4094 2457 4136 vere
2517 4077 2863 4145 vercundus,
2927 4079 3148 4150 erisque
3200 4081 3476 4151 gratiosus
3512 4086 3654 4151 apud

2059 4189 2273 4228 omnes.

2131 4264 2398 4335 Theologi.
2428 4264 2608 4321 Malus
2633 4265 2678 4322 si
2709 4267 2892 4328 audis,
2949 4280 3159 4331 verere,
3216 4282 3324 4322 non
3375 4267 3653 4335 ignobilis-

2129 4352 2315 4409 Genus
2346 4364 2474 4409 sunt
2500 4354 2593 4424 qui
2639 4354 2846 4423 pridem
2876 4355 2989 4425 jam
3036 4364 3315 4424 putruere.

2131 4444 2585 4516 Gennsincipere,
2617 4459 2779 4516 quam
2808 4447 2962 4503 ﬁnire
2980 4447 3171 4503 melius
3196 4459 3303 4504 est.

2133 4535 2192 4591 S.
2227 4534 2501 4608 Chrysost.
2538 4537 2918 4593 Verecundum
2980 4547 3197 4609 oportet
3232 4548 3514 4608 peccatum
3561 4556 3652 4595 ve-

2061 4628 2194 4696 reri,
2224 4636 2274 4684 et
2310 4644 2378 4683 ne
2402 4627 2569 4684 Deum
2593 4626 2851 4696 oiIendat,
2879 4638 3023 4684 etne
3046 4629 3177 4697 quid
3201 4637 3359 4699 turpe
3379 4629 3650 4685 admittat.

2136 4804 2368 4876 Synesii.
2401 4804 2498 4862 Est
2527 4805 2694 4877 igitur
2721 4813 2776 4860 et
2810 4805 2917 4860 hoc
2949 4803 3256 4859 secundum
3286 4804 3515 4872 bonum,
3565 4820 3657 4860 ve-

2062 4897 2210 4963 reri;
2255 4912 2378 4952 nam
2412 4912 2689 4968 nunquam
2726 4913 2952 4968 peccare
2977 4899 3177 4968 palam,
3208 4906 3293 4954 est
3348 4898 3518 4954 divini
3557 4914 3655 4955 cu-

2057 4989 2278 5062 jusdam
2323 4989 2423 5044 fati
2465 4999 2520 5045 et
2552 4999 2785 5046 naturae.
2819 4990 3007 5046 Rubor
3052 4999 3232 5046 autem
3286 4992 3377 5060 qui
3431 4992 3498 5046 ob
3549 5007 3657 5047 non

2066 5090 2215 5139 recte
2235 5083 2375 5141 facta
2405 5084 2738 5148 innascitur,
2765 5086 3139 5152 temperantia:
3160 5084 3366 5139 indicat
3391 5085 3653 5142 colorem.

2454 5196 2693 5252 SERMO
2745 5196 2885 5253 LXII
2929 5196 3029 5271 [αι.
3086 5196 3277 5270 XCII].

2439 5315 2514 5368 De
2545 5312 2861 5369 verecundia
2911 5313 3279 5384 improbanda.

2138 5407 2309 5462 Eccli.
2344 5406 2419 5462 De
2449 5408 2633 5461 anima
2663 5415 2754 5461 tua
2783 5422 2852 5463 ne
2878 5410 3120 5462 verearis
3156 5423 3173 5474 ;
3204 5416 3289 5462 est
3315 5408 3460 5461 enim
3482 5409 3658 5478 pudor

2066 5499 2160 5570 qui
2193 5508 2475 5569 peccatum
2518 5498 2748 5564 inducit,
2781 5499 2923 5553 alter
2968 5514 3099 5555 vero
3147 5499 3375 5571 gloriam
3433 5510 3488 5553 et
3538 5515 3662 5571 gra-

2067 5593 2218 5647 tiam.
2245 5589 2310 5644 Et
2343 5604 2411 5645 ne
2438 5590 2677 5659 accipias
2702 5604 2989 5661 personam
3010 5601 3198 5647 contra
3223 5591 3388 5660 212
3420 5590 3660 5646 animam

2068 5691 2238 5750 tuam,
2272 5697 2373 5738 nec
2405 5683 2638 5739 vertaris
2660 5682 2715 5737 in
2735 5684 2948 5737 ruinam
2989 5695 3159 5739 tuam.

2142 5776 2238 5832 Est
2298 5776 2391 5846 qui
2457 5776 2685 5845 pudoris
2739 5777 2971 5846 gratiam
3029 5776 3331 5845 aliquando
3386 5777 3661 5847 professus

2069 5868 2266 5935 amico,
2282 5868 2495 5939 paravit
2518 5882 2645 5924 eum
2676 5868 2783 5925 sibi
2806 5868 3091 5926 inimicum
3114 5868 3303 5939 gratis.
