4056 6432
521 366 660 434 ῙΙΣ5
1766 363 2087 427 ΑΝΤΟΝΠ
2132 364 2483 429 ΜΕΕΙΞΞΈ
3658 366 3779 433 1156

584 486 702 543 Non
732 495 809 541 est
846 487 1133 543 honestum
1165 482 1418 557 quamvis
1468 485 1861 541 verecundiam
1915 487 2102 541 obser-
2136 488 2180 543 A

2054 502 2102 539 r-
2136 488 2180 543 A
2283 487 2399 540 03x
2430 487 2545 542 ἔστι
2584 491 2767 544 πᾶσαν
2799 490 3066 561 αἰσχύνην
3100 488 3449 561 φυλάξασθαι
3475 488 3656 545 καλόν.

516 597 661 637 VJI‘C.

588 676 672 731 ιω
707 674 1115 743 etimpudentia
1167 683 1223 730 et
1264 675 1578 744 pudendum
1606 676 1868 748 quiddam
1910 683 2016 739 est,
2063 688 2110 729 SI

2303 668 2474 741 Ὀργὴ
2496 668 2593 723 καὶ
2626 670 2874 724 ἀναίδεια
2910 672 3002 726 καῖ
3035 670 3268 742 αἰσχύνη
3296 670 3539 742 πονηρὰ,
3562 669 3653 724 ἐὰν
3702 685 3784 737 γυ-

408 820 418 832 ,
515 785 654 824 uxor
680 769 875 823 marito
905 766 1216 823 necessaria
1243 768 1469 838 prmbet.

2217 763 2281 835 νὴ
2314 765 2621 835 ἐπιχορηγῇ
2652 763 2727 833 τῷ
2763 765 2922 834 ἀνδρὶ
2952 768 3145 837 αὐτῆς.

587 862 792 915 Mulieri
826 861 1087 931 improbae
1118 863 1496 917 necessarium
1528 872 1615 918 est
1645 864 1933 934 obsignata
1991 877 2115 918 esse

2301 857 2425 912 Ἐπὶ
2458 859 2684 926 γυναικὶ
2731 861 2945 930 πονηρᾷ
2998 860 3165 914 καλὸν
3211 860 3450 931 σφραγίς
3482 878 3496 892 ·
3531 861 3624 915 καὶ
3667 862 3783 915 ὅπου

516 959 741 1010 omnia:
774 966 828 1010 ct
858 955 949 1009 ubi
984 971 1179 1011 manus
1215 944 1418 1024 multm,
1454 957 1819 1012 claudendum
1854 968 1938 1015 est
1965 957 2115 1014 :cuio

2218 953 2404 1020 χεῖρες
2432 951 2647 1012 πολλαὶ,
2684 951 2906 1007 κλεῖσον
2936 969 2951 984 ”
2993 948 3036 1021 ᾧ
3067 956 3160 1007 ἐὰν
3195 955 3457 1025 τ.αραδῷ;
3510 956 3568 1010 ἐν
3591 956 3784 1024 ἀριθμῷ

516 1064 736 1118 cunque
790 1048 1003 1102 dederis
1034 1064 1261 1103 numero
1293 1060 1346 1103 et
1407 1048 1664 1118 pondere,
1728 1059 1781 1105 et
1823 1051 2010 1106 datum
2064 1061 2118 1106 et

2220 1045 2313 1098 καὶ
2344 1043 2593 1114 σταθμῷ,
2618 1046 2712 1098 καὶ
2762 1045 2910 1110 δόσις
2943 1052 3038 1100 καὶ
3066 1048 3249 1118 λῆψις,
3302 1050 3489 1103 πάντα
3514 1050 3573 1102 ἐν
3598 1051 3781 1119 γραφῇ.

517 1152 803 1212 aet-cptum
830 1144 1011 1196 omnia
1065 1142 1504 1209 perscribantur.

591 1235 685 1287 Est
708 1236 800 1303 qui
834 1234 1041 1304 pudore
1062 1234 1256 1301 perdat
1289 1234 1525 1288 animam
1548 1250 1706 1291 suam
1756 1246 1810 1288 et
1866 1248 2115 1306 persona:

2297 1224 2487 1276 Ἔστιν
2523 1222 2811 1277 ἀπολλύων
2845 1224 2945 1295 τὴν
2977 1223 3157 1296 ψυχὴν
3202 1222 3369 1277 αὐτοῦ
3402 1222 3474 1277 δι’
3528 1222 3785 1294 αἰσχύνην,

517 1328 835 1395 acceptione
856 1328 1045 1395 perdet
1078 1340 1224 1380 eam.

2223 1317 2316 1369 καὶ
2348 1316 2458 1371 ἀπὸ
2488 1316 2703 1387 λήψεως
2740 1318 3040 1388 προσώπου
3091 1318 3287 1372 ἀπολεῖ
3338 1319 3535 1388 αὐτήν.

589 1418 850 1474 Philonis.
883 1415 1157 1470 Pudorem
1183 1416 1338 1469 aiunt
1371 1416 1645 1487 plerisque
1677 1418 1921 1473 inutilem
1976 1433 2117 1475 esse.

2066 1433 2117 1475 ρ,
2297 1410 2412 1480 Τὴν
2438 1408 2570 1464 αἰδώ
2602 1426 2736 1479 φασι
2781 1409 2858 1480 μὴ
2890 1410 3249 1480 λυσιτελῆσαι
3281 1411 3397 1474 τοῖς
3432 1408 3665 1473 πολλοῖς.

867 1530 1097 1586 SERMO
1132 1530 1293 1584 LXI"
1333 1531 1431 1603 [ίιί.
1474 1532 1761 1606 LXXXV].
2839 1523 3063 1576 ΛΟΓΟΣ
3092 1521 3212 1578 EI".

524 1649 598 1702 De
631 1650 693 1701 iis
715 1648 803 1717 qui
831 1645 1186 1714 jurejurando
1213 1646 1513 1713 frequenter
1537 1656 1759 1700 utuntur
1785 1657 1813 1702 θ
1842 1650 1964 1701 item
2019 1663 2122 1700 non

2223 1640 2361 1705 Περὶ
2387 1635 2695 1717 ’τῶν-,τοὺς
2726 1637 2957 1717 ὅρκους·
3006 1639 3445 1717 στερῖόντων,-
3480 1634 3579 1717 καί
3605 1634 3687 1689 ὅτι
3717 1635 3785 1717 ὀὐ

594 1705 749 1801 {icere
810 1705 1019 1784 frustra
1057 1705 1317 1784 usurpare.
1347 1717 1764 1787 jusjurandum,
1791 1728 1882 1772 aut
1908 1720 2120 1772 omnino

2295 1709 2413 1798 χρὴ
2455 1706 2711 1776 μάταιον
2763 1708 3098 1777 λαμϐάνειν
3147 1705 3359 1774 ὅρκον,
3413 1705 3453 1775 ἢ
3512 1705 3657 1772 ὅλως
3699 1708 3784 1775 δμ.

584 1796 799 1856 jurare.
2156 1831 2186 1856 η

2156 1831 2196 1856 n
2296 1796 2488 1837 νυειν.

594 1831 798 1856 ,........-

594 1879 770 1933 Exod.
808 1895 895 1932 xx.
970 1875 1175 1931 Nomen
1223 1877 1437 1931 Domini
1482 1878 1574 1931 Dei
1621 1879 1697 1933 tui
1754 1895 1820 1932 ne
1876 1879 1931 1932 in
1978 1893 2119 1932 vano
2156 1831 2196 1885 Β

2182 1833 2198 1884 ι
2299 1872 2375 1925 Οὐ
2401 1873 2560 1943 λήψει
2589 1874 2650 1929 τὸ
2679 1874 2851 1946 ὄνομα
2889 1879 3099 1949 Κυρίου
3144 1879 3241 1935 τοῦ
3282 1877 3424 1934 Θεοῦ
3458 1894 3549 1930 σου
3581 1873 3667 1928 ἐπὶ
3699 1887 3784 1941 μα-

523 1978 811 2041 uSurpato;
876 1985 983 2023 non
1008 1971 1156 2023 enim
1212 1985 1407 2038 puruut
1461 1970 1802 2042 existimabit
1857 1969 2125 2025 Dominus

2226 1966 2385 2036 ταίῳο
2424 1968 2483 2020 οὑ
2516 1967 2626 2037 γὰρ
2655 1968 2729 2036 μὴ
2765 1968 3054 2039 καϐαρίσει
3087 1971 3291 2042 Κύριος
3334 1971 3431 2024 τὸν
3467 1966 3783 2036 λαμϐάνοντα

520 2081 645 2120 eum
677 2066 768 2134 qui
801 2078 997 2118 nomen
1031 2063 1201 2131 ipsius
1231 2064 1284 2115 in
1318 2079 1457 2117 vano
1491 2036 1794 2128 usurparit.

1498 2036 1794 2128 usurparit.
2226 2058 2288 2109 τὸ
2320 2058 2493 2127 ὄνομα
2527 2059 2695 2113 αὐτοῦ
2728 2061 2822 2114 ἐστὶ
2860 2061 3100 2131 ματαίῳ.

592 2156 759 2211 Leuit.
792 2171 903 2210 ut.
937 2152 1141 2208 Nomen
1182 2171 1361 2208 meum
1402 2170 1469 2208 ue
1510 2157 1692 2224 jurate
1742 2155 1796 2209 in
1828 2170 1888 2211 re
1915 2155 2128 2225 iniqua,

2301 2150 2417 2204 Ούκ
2470 2151 2694 2220 ὀμεῖσοε
2764 2151 2840 2222 τῷ
2897 2153 3127 2224 ὀνόματί
3175 2170 3278 2223 μου
3339 2153 3431 2207 ἐπ’
3473 2150 3657 2219 ἀδίκῳ,
3705 2146 3779 2198 καὶ

520 2266 622 2305 nec
648 2248 937 2319 profanato
972 2262 1172 2301 nomen
1205 2246 1417 2316 Donjini
1453 2246 1545 2300 Dei
1579 2247 1787 2316 vestri.j

2229 2244 2289 2297 ού
2317 2244 2660 2315 βεόηλὼσετε
2689 2244 2752 2298 τὸ
2782 2246 2958 2316 ὀνομα
2987 2247 3201 2318 Κυρίου
3227 2245 3323 2299 τοῦ
3350 2243 3490 2299 Θεοῦ
3527 2242 3690 2313 ὑμῶν.

586 2340 943 2411 Jurijurando
970 2356 1037 2392 ne
1055 2337 1383 2393 assuefacito
1411 2354 1474 2392 os
1513 2348 1685 2401 tuum.
1715 2347 1771 2393 et
1804 2339 1977 2394 sancti
2035 2353 2134 2392 no-

2304 2338 2495 2408 Ὀρκῳ
2520 2339 2596 2409 μὴ
2630 2338 2819 2411 ἐθίσῃς
2847 2341 2909 2392 τὸ
2942 2341 3120 2410 στόμα
3158 2356 3278 2404 σου,
3301 2340 3403 2392 καὶ
3432 2334 3685 2408 ὀνομασίᾳ
3704 2331 3777 2386 τοῦ

519 2432 811 2489 minatiuni
845 2445 954 2484 non
975 2443 1280 2484 assuescas.

2228 2429 2387 2498 ἁγίου
2437 2430 2513 2501 μὴ
2550 2430 2892 2501 συνεθισοῇς.

593 2524 762 2579 Eccli.
795 2537 953 2576 χχιιι.
987 2520 1090 2585 Qui
1117 2520 1345 2572 mullum
1394 2517 1570 2588 jurat,
1612 2518 1899 2607 iniquitate
1954 2519 2130 2590 reple-

2314 2522 2483 2592 ’Δνὴρ
2517 2521 2819 2593 πολύορκος
2865 2521 3243 2594 πλησθήσεται
3287 2524 3544 2593 ἀνομίας,
3591 2521 3678 2576 καὶ
3697 2518 3778 2573 οὐκ

522 2619 690 2679 bitur,
714 2629 818 2669 nec
860 2611 1125 2681 flagellum
1154 2613 1222 2664 ab
1256 2611 1400 2666 illius
1433 2611 1597 2665 domo
1642 2613 1879 2667 recedet.

2230 2614 2607 2685 ἀποστήσεται
2644 2615 2752 2669 ἀπὸ
2778 2614 2873 2667 τοῦ
2899 2616 3049 2669 οἴκου
3079 2616 3241 2670 αὐτοῦ
3273 2617 3498 2686 μάστιξ.

590 2704 778 2759 Matth.
820 2719 873 2756 v.
906 2700 1156 2755 Audistis
1187 2700 1392 2754 dictum
1423 2716 1545 2755 esse
1575 2703 1844 2771 antiquis,
1874 2717 1979 2756 non
2006 2718 2131 2759 esse

2313 2707 2613 2760 Ἠκούσατε
2643 2707 2724 2760 ὅτι
2753 2708 2953 2779 ὲρῤέοη
2976 2711 3089 2771 τοῖς
3120 2709 3393 2779 ἀρχαίοις,
3413 2710 3526 2763 Οὐκ
3552 2704 3773 2776 ἐπιορκή-

520 2797 896 2871 pejerandnm,
934 2795 1028 2850 sed
1063 2794 1398 2848 reddendum
1438 2793 1668 2849 Domino
1722 2794 2122 2864 jusjurandum.

2232 2816 2367 2864 σεις,
2395 2800 2702 2864 ἀποδώσεις
2733 2800 2791 2855 δὲ
2819 2802 3011 2871 Κυρίῳ
3040 2803 3171 2866 τοὺς
3201 2803 3408 2872 ὅρκους
3433 2820 3551 2857 σου.
3580 2797 3708 2867 Ἐγὼ
3732 2797 3775 2850 δὲ

522 2892 639 2961 Ego
669 2905 795 2946 vero
825 2890 952 2943 dico
991 2903 1096 2941 non
1125 2887 1426 2956 jurandum
1485 2889 1710 2941 omnino
1746 2906 1761 2942 :
1800 2904 1978 2960 neque
2032 2903 2124 2958 per

2229 2891 2375 2958 λέγω
2402 2892 2556 2960 ὑμῖν,
2587 2892 2662 2963 μὴ
2690 2892 2888 2962 ὀμόσαι
2918 2894 3077 2957 ὅλως,
3108 2895 3248 2964 μήτε
3276 2895 3338 2948 ὲν
3373 2895 3451 2964 τῷ
3479 2891 3778 2962 οὐρανιῖ›.ὂτι

522 2982 753 3046 caelum,
784 2980 930 3051 quod
965 2977 1200 3032 thronus
1231 2987 1316 3031 est
1353 2976 1448 3031 Dei
1484 2995 1499 3031 :
1538 2993 1713 3046 neque
1744 2993 1838 3047 per
1904 2987 2124 3045 terram,

2233 2983 2422 3053 θρόνος
2453 2984 2569 3039 ἐστὶ
2595 2984 2690 3037 τοῦ
2729 2984 2890 3051 Θεοῦ,
2929 2987 3067 3055 μήτε
3095 2987 3154 3037 ὲν
3188 2988 3252 3056 τῇ
3282 2989 3381 3055 γῇ,
3423 2988 3501 3039 ὅτι
3530 2982 3778 3037 ύποπόδιτίν

521 3076 667 3145 quod
707 3080 795 3128 est
849 3070 1148 3127 scabellum
1182 3070 1379 3139 pedum
1414 3070 1575 3139 ejus:
1613 3071 1709 3125 sed
1759 3086 1859 3127 nec
1903 3087 1999 3142 per
2033 3087 2123 3126 ca-

2232 3078 2349 3130 ὲστι
2375 3078 2483 3131 τῶν
2522 3078 2700 3130 ποδῶν
2728 3079 2916 3146 αὐτοῦ,
2955 3081 3091 3150 μήτε
3140 3083 3197 3133 ὲν
3228 3083 3291 3149 τῇ
3319 3081 3529 3150 κεφαλῇ
3564 3095 3648 3130 σου
3674 3073 3779 3142 aut.

520 3177 620 3236 put
656 3173 806 3219 tuum
830 3162 1131 3235 juraveris,
1166 3162 1292 3231 quia
1331 3177 1439 3215 non
1480 3174 1635 3230 potes
1665 3161 1920 3231 capillum
1955 3178 2120 3216 ttnum

2177 3167 2198 3225 Ξ
2233 3186 2355 3240 σῃς,
2385 3170 2467 3222 ὅτι
2497 3170 2556 3222 οὺ
2589 3169 2816 3224 δύνασαι
2851 3174 2978 3238 μίαν
3020 3172 3184 3243 τρίχα
3228 3172 3439 3243 λευκὴν
3489 3173 3520 3241 ἦ
3555 3170 3779 3240 μέλαιναν

522 3258 815 3315 candidum
845 3264 941 3311 aut
965 3266 1146 3310 atrum
1177 3255 1374 3309 facere.
1421 3252 1528 3308 Sed
1553 3255 1623 3308 sit
1677 3269 1860 3310 sermo
1917 3267 2121 3322 vester,

2231 3261 2477 3330 ποιῆσαι.
2510 3262 2692 3316 Ἔστω
2713 3264 2768 3316 δὲ
2791 3266 2817 3316 ὀ
2842 3263 2997 3329 λόγος
3027 3264 3181 3335 ὑμῶν
3209 3269 3321 3332 ναὶ,
3356 3269 3467 3328 ναὶ,
3502 3266 3589 3317 καὶ
3608 3261 3684 3326 οὗ,
3706 3256 3775 3314 οὔ.

523 3352 717 3416 etiam,
746 3351 936 3414 etiam,
968 3358 1023 3402 et
1052 3363 1185 3410 non,
1222 3364 1328 3402 non
1373 3346 1552 3416 :quod
1583 3355 1729 3403 enim
1764 3360 1961 3418 praeter
2009 3350 2125 3404 haec

2056 3363 2126 3404 acc
2227 3354 2304 3407 Τὸ
2330 3356 2437 3427 γὰρ
2472 3356 2735 3427 περισσὸν
2769 3357 2978 3409 τούτων
3002 3361 3065 3410 ὲκ
3095 3359 3189 3410 τοῦ
3224 3358 3468 3430 πονηροῦ
3501 3362 3658 3410 ἐστιν.

523 3443 798 3514 adjicitur,
827 3457 892 3496 ex
951 3440 1094 3495 malo
1126 3451 1232 3495 est.

589 3535 711 3590 Jac.
745 3552 800 3590 v.
821 3532 963 3588 Ante
995 3533 1199 3599 omnia,
1225 3533 1422 3589 fratres
1452 3532 1585 3600 mei,
1606 3533 1774 3589 nolite
1800 3533 2007 3602 jurare,
2032 3549 2126 3589 ne-

2299 3535 2414 3605 Πρδ
2446 3535 2687 3597 πάντων,
2720 3534 2942 3603 ἀδελφοί
2982 3554 3106 3605 μου,
3143 3537 3216 3604 μὴ
3244 3538 3505 3606 ὀμνύετε,
3558 3536 3681 3604 μήτε
3705 3530 3777 3583 τὶν

521 3646 629 3699 que
682 3644 775 3698 per
797 3630 1019 3690 emittm,
1051 3641 1228 3695 neque
1255 3641 1348 3695 per
1407 3633 1633 3693 terram,
1687 3641 1788 3682 nec
1840 3628 1954 3681 ullo
2015 3628 2123 3683 alio

2226 3628 2480 3697 οὐρανὸν,
2507 3628 2644 3696 μήτε
2674 3626 2775 3695 τὴν
2796 3628 2924 3692 γῆν,
2960 3629 3097 3695 μήτε
3118 3629 3276 3681 ἄλλον
3302 3632 3425 3684 τινὰ
3456 3631 3625 3701 ὅρκον.
3652 3624 3775 3678 ’Πτω

521 3723 683 3775 modo
712 3721 977 3786 juratote.
1021 3714 1129 3770 Sed
1158 3717 1229 3771 sit
1262 3726 1529 3782 vestrum,
1588 3718 1777 3781 etiam,
1831 3718 2023 3785 etiam,
2068 3727 2123 3773 et

1690 3732 1777 3781 tm,
1831 3718 2023 3785 etiam,
2068 3727 2123 3773 et
2225 3719 2283 3773 δὲ
2311 3720 2466 3789 ὑμῶν
2498 3719 2557 3772 τὸ
2591 3719 2699 3786 ναὶ,
2730 3718 2839 3784 ναὶ,
2879 3720 2974 3771 καὶ
3008 3720 3067 3772 τὸ
3091 3718 3179 3786 οὓ,
3207 3719 3292 3776 οῦ.

521 3830 654 3876 non,
683 3827 816 3871 ιιῡη.

594 3905 865 3977 Tlteologi.
900 3907 1007 3962 Lex
1042 3906 1155 3960 ait:
1185 3904 1300 3959 Non
1319 3904 1586 3974 pejerabis
1618 3924 1631 3960 :
1663 3915 1718 3960 tu
1764 3922 1893 3962 vero
1937 3921 2004 3962 ne
2053 3908 2122 3962 ab

2310 3899 2369 3952 Ὅ
2401 3901 2564 3968 νόμος
2593 3902 2749 3972 φησὶ,
2789 3901 2906 3956 Οὐκ
2946 3903 3404 3973 ἐπιορκήσειςοσὺ
3430 3905 3486 3959 δὲ
3535 3902 3644 3957 οὐδὲ
3683 3898 3770 3968 ὁμῇ

520 3999 676 4055 initio
707 4001 926 4070 quidem
955 3999 1162 4068 jurato,
1191 4012 1366 4065 neque
1387 4010 1483 4065 per
1513 4010 1625 4049 rem
1684 3996 1965 4053 minimam
2028 4016 2121 4055 ne-

2223 3990 2322 4062 τὴν
2353 3992 2554 4064 ἀρχὴν,
2581 3994 2643 4046 οὐ
2669 3993 2888 4064 μικρὸν,
2922 3996 2984 4048 οὐ
3023 3996 3235 4066 μεῖζον.
3271 3997 3348 4061 ὡς
3397 3997 3489 4052 τοῦ
3519 3996 3668 4069 ὅρκου
3691 3992 3773 4060 τὴν

520 4105 632 4158 que
670 4104 767 4158 per
797 4088 1117 4152 maximam,
1157 4085 1304 4156 quod
1366 4083 1756 4155 jusjurandum
1815 4088 2118 4157 perjurium

1239 4085 1304 4140 od
1366 4083 1756 4155 jusjurandum
1815 4088 2118 4157 perjurium
2224 4086 2518 4156 ἐπιορκίαν
2542 4086 2841 4150 τίκτοντος.

520 4179 686 4250 parit.

594 4271 656 4327 S.
685 4271 957 4341 Clirysost.
986 4270 1378 4342 Jusjurandum
1408 4271 1590 4327 omnis
1625 4273 2012 4328 controversiae
2060 4273 2119 4328 fi-

2293 4265 2482 4334 Πάσης
2512 4266 2824 4335 ἀντιλογίας
2882 4267 3058 4338 πέρας
3093 4272 3177 4333 είς
3235 4270 3528 4340 βεϐαίωσιν
3555 4272 3580 4324 ὀ
3604 4272 3772 4341 ὅρκοςο

525 4365 610 4418 nis
625 4370 708 4417 est
735 4365 799 4417 a.l
827 4362 1327 4417 confirmationem.

591 4454 649 4510 S.
684 4455 902 4526 Gregor.
932 4453 1185 4524 Nysscni.
1222 4451 1610 4508 Juramentum
1640 4462 1726 4508 est
1753 4455 1933 4508 oratio
1984 4469 2118 4509 con-
2153 4504 2193 4557 Β

2168 4504 2194 4557 )
2299 4444 2502 4515 Ὅρκος
2540 4444 2661 4500 ἐστὶ
2721 4446 2880 4514 λόγος
2933 4449 3299 4520 πιστούμενος
3332 4453 3405 4507 δι’
3463 4448 3645 4505 ἑαυτοῦ
3690 4446 3770 4514 τὴν

520 4546 748 4601 ﬁrmans
771 4560 867 4617 per
895 4559 955 4601 se
1010 4546 1321 4601 veritatem.

905 4559 955 4601 se
1010 4546 1321 4601 veritatem.
2154 4536 2193 4557 ν
2223 4536 2507 4606 ἀλήθειαν.

595 4638 860 4692 Philonis.
885 4637 1281 4708 Jusjurandum
1316 4643 1400 4691 est
1431 4636 1741 4691 testiﬁcatio
1794 4635 1887 4690 Dei
1942 4635 2027 4690 de‘
2060 4648 2119 4689 re

2300 4630 2501 4701 Ὀρκος
2530 4632 2647 4686 ἐστὶ
2675 4634 2959 4705 μαρτυρία
2990 4634 3124 4689 Θεοῦ
3160 4639 3290 4707 περὶ
3339 4640 3651 4710 πράγματος
3674 4632 3765 4700 ἀμ·

519 4742 902 4785 οοιιιιονειεα.

2222 4723 2690 4793 φισϐητουμένου.

591 4821 982 4893 Jusjurandum
1027 4823 1103 4877 ita
1148 4820 1342 4893 fugito,
1385 4828 1447 4874 ut
1494 4834 1562 4874 ne
1595 4825 1784 4874 sancte
1806 4818 1968 4889 213
1994 4819 2120 4888 qui-

1917 4818 1968 4889 3
1994 4819 2120 4888 qui-
2297 4817 2502 4886 Ὅρκον
2530 4822 2854 4889 περίφευγε,
2890 4821 2983 4875 καὶ
3018 4821 3248 4886 δικαίως
3277 4822 3518 4894 ὀμνύειν.

520 4916 645 4971 dem
695 4917 848 4985 jures
2530 4912 2537 4915 ”

599 5008 855 5065 Socratis.
899 5008 1078 5064 Bonos
1102 5009 1250 5062 viros
1276 5004 1454 5067 decet,
1498 5013 1558 5058 ut
1583 5018 1680 5058 eos
1713 5017 1895 5058 mores
1917 5002 2116 5059 afferre

2294 4996 2388 5047 Δεῖ
2419 4994 2528 5064 γὰρ
2544 4996 2670 5059 τοὺς
2700 4994 2941 5061 ἀγαθοὺς
2964 4995 3169 5064 ἄνδρας
3193 4994 3399 5065 τρόπον
3424 4997 3579 5068 ὅρκου
3608 4985 3765 5044 mord-

522 5108 811 5163 videantur
844 5104 937 5171 qui
970 5104 1081 5157 sint
1107 5100 1469 5170 jurejurando
1500 5097 1795 5152 firmiores.

1570 5098 1795 5152 miores.
2218 5103 2375 5156 τερον
2407 5088 2696 5155 φαίνεσθαι
2728 5089 3166 5157 παρεχομένους.

592 5165 990 5264 Jusjurandum
1013 5165 1264 5248 oblatum
1290 5188 1504 5244 duabus
1530 5189 1596 5243 de
1623 5189 1805 5243 causis
1828 5188 2115 5258 suscipito,

2300 5182 2508 5249 Ὅρκον
2544 5179 2786 5233 ἐπακτὸν
2824 5180 3128 5250 προσδέχου
3167 5180 3254 5235 διὰ
3281 5183 3376 5235 δύο
3418 5165 3760 5252 προφάσεῑς›ἧ

520 5298 617 5342 aut
657 5295 708 5340 te
740 5301 766 5338 a
802 5285 1032 5339 crimine
1074 5282 1387 5347 absolvens,
1419 5289 1513 5334 aut
1545 5279 1755 5334 amicos
1793 5292 1862 5333 ex
1896 5278 2110 5349 magnis

2221 5274 2450 5327 σεαυτὸν
2482 5272 2668 5335 αἰτίας
2698 5272 2975 5339 ἀπολύων,
3008 5272 3042 5343 ἢ
3082 5272 3273 5343 φίλους
3303 5275 3366 5328 ὲκ
3404 5273 3640 5345 μεγάλων
3670 5279 3762 5318 κιν-

524 5375 783 5448 periculis
818 5374 1078 5428 liberans.
1813 5368 1825 5376 '

1813 5368 1825 5376 ’
2218 5369 2391 5423 δύνων
2415 5365 2720 5430 διασώζων.

592 5467 842 5522 Pecuniae
882 5481 1046 5522 causa
1079 5464 1449 5534 nequidquam
1500 5461 1671 5518 Deum
1705 5460 1935 5533 juraris,
1972 5476 2038 5517 ne
2067 5460 2115 5516 si

2295 5460 2500 5513 Ἕνεκα
2531 5458 2838 5528 χρημάτων
2875 5456 3142 5526 μηδαμῶς
3164 5457 3299 5512 Θεὸν
3326 5457 3543 5528 ὀμόσῃς,
3568 5446 3679 5521 μηδ’
3705 5442 3758 5496 ἂν

518 5571 706 5618 sancte
750 5561 969 5631 quidem
1020 5559 1308 5629 juraturus
1360 5558 1438 5611 sis
1470 5574 1483 5611 :
1515 5555 1640 5611 aliis
1673 5555 1817 5610 enim
1847 5555 2112 5625 pejerare,

2218 5554 2468 5625 εὐορκεῖν
2494 5553 2719 5622 μέλλῃς.
2741 5548 2926 5613 Δόξεις
2955 5549 3064 5617 γὰρ
3100 5549 3213 5611 τοῖς
3240 5547 3339 5616 μὲν
3372 5543 3651 5617 ἐπιορκεῖν,
3669 5534 3759 5593 τοῖς

518 5657 641 5710 aiiis
673 5668 873 5709 avarus
908 5668 1032 5707 esse
1063 5651 1363 5705 videberis.

1349 5690 1363 5703 .
2216 5648 2273 5701 δὲ
2318 5648 2548 5716 φιλοχρη
2561 5651 2749 5715 μάτως
2779 5645 2947 5715 ἔχειν,

593 5746 828 5801 Eusebii.
884 5743 1036 5797 Multi
1085 5742 1264 5797 solent
1319 5757 1541 5796 monere
1590 5743 1764 5802 aiios.
1811 5750 1871 5797 ut
1923 5750 2112 5796 sancte

2291 5740 2354 5791 Οἱ
2387 5740 2572 5791 πολλοὶ
2619 5742 2730 5804 τοῖς
2784 5741 3100 5813 ἀνθρώποις
3170 5742 3298 5804 τοὺς
3425 5733 3504 5806 τὸ]
3536 5728 3756 5813 εὖέρκοιθς

514 5838 735 5908 iurent;
777 5839 876 5907 ego
907 5850 1037 5889 vero
1074 5849 1141 5888 ne
1176 5833 1244 5889 ab
1276 5833 1432 5888 initio
1472 5833 1691 5903 quidem
1724 5833 1881 5890 facile
1912 5834 2099 5901 jurarc

2218 5822 2359 5885 εἶναι
2395 5830 2775 5900 παραινοῦσινο
2800 5806 2913 5901 ἐγω
2948 5833 3005 5885 δὲ
3033 5832 3126 5886 καὶ
3163 5832 3264 5903 τὴν
3313 5806 3480 5901 ἆρχὴν
3527 5814 3636 5892 μηδ’
3679 5806 3749 5861 eo-

524 5929 734 5984 lieitum
766 5943 887 5984 esse
912 5942 1128 5982 censeo.

2219 5923 2396 5985 πετῶς
2435 5922 2665 5992 ὀμνύναι
2698 5922 2845 5976 ὅσιον
2872 5924 3270 5992 ἀποφαίνομαι.
