  <div class='ocr_page' id='page_1' title='image "/cluster/home/n/w/nwhite01/storage/ocr_20150623/136/coo.31924054870419/585.png"; bbox 0 0 4056 6406; ppageno 0'>
   <div class='ocr_carea' id='block_1_1' title="bbox 575 335 715 402">
    <p class='ocr_par' dir='ltr' id='par_1_1' title="bbox 575 335 715 402">
     <span class='ocr_line' id='line_1_1' title="bbox 575 335 715 402; baseline -0.021 -1"><span class='ocrx_word' id='word_1_1' title='bbox 575 335 715 402; x_wconf 66' lang='grc'><strong>1150</strong></span> 
     </span>
    </p>
   </div>
   <div class='ocr_carea' id='block_1_2' title="bbox 560 545 1432 615">
    <p class='ocr_par' dir='ltr' id='par_1_2' title="bbox 560 545 1432 615">
     <span class='ocr_line' id='line_1_2' title="bbox 560 545 1432 615; baseline 0.002 -18"><span class='ocrx_word' id='word_1_2' title='bbox 560 558 683 597; x_wconf 74' lang='lat' dir='ltr'><strong>nem</strong></span> <span class='ocrx_word' id='word_1_3' title='bbox 717 553 768 596; x_wconf 77' lang='lat' dir='ltr'><strong>ct</strong></span> <span class='ocrx_word' id='word_1_4' title='bbox 796 545 1150 599; x_wconf 86' lang='lat' dir='ltr'><strong>honestorum</strong></span> <span class='ocrx_word' id='word_1_5' title='bbox 1186 562 1432 615; x_wconf 88' lang='lat' dir='ltr'><strong>operum.</strong></span> 
     </span>
    </p>
   </div>
   <div class='ocr_carea' id='block_1_3' title="bbox 631 635 2133 711">
    <p class='ocr_par' dir='ltr' id='par_1_3' title="bbox 631 635 2133 711">
     <span class='ocr_line' id='line_1_3' title="bbox 631 635 2133 711; baseline 0.005 -25"><span class='ocrx_word' id='word_1_6' title='bbox 631 635 896 690; x_wconf 80' lang='lat' dir='ltr'><strong>Illemores</strong></span> <span class='ocrx_word' id='word_1_7' title='bbox 949 647 1122 690; x_wconf 89' lang='lat' dir='ltr'><strong>estote</strong></span> <span class='ocrx_word' id='word_1_8' title='bbox 1172 653 1361 691; x_wconf 90' lang='lat' dir='ltr'><strong>eorum</strong></span> <span class='ocrx_word' id='word_1_9' title='bbox 1397 639 1486 708; x_wconf 91' lang='lat' dir='ltr'><strong>qui</strong></span> <span class='ocrx_word' id='word_1_10' title='bbox 1535 642 1689 695; x_wconf 84' lang='lat' dir='ltr'><strong>vobis</strong></span> <span class='ocrx_word' id='word_1_11' title='bbox 1746 651 2007 709; x_wconf 65' lang='lat' dir='ltr'><strong>priesunt,</strong></span> <span class='ocrx_word' id='word_1_12' title='bbox 2040 642 2133 711; x_wconf 88' lang='lat' dir='ltr'><strong>qui</strong></span> 
     </span>
    </p>
   </div>
   <div class='ocr_carea' id='block_1_4' title="bbox 557 727 2136 800">
    <p class='ocr_par' dir='ltr' id='par_1_4' title="bbox 557 727 2136 800">
     <span class='ocr_line' id='line_1_4' title="bbox 557 727 2136 800; baseline 0.005 -23"><span class='ocrx_word' id='word_1_13' title='bbox 557 727 711 779; x_wconf 81' lang='lat' dir='ltr'><strong>vobis</strong></span> <span class='ocrx_word' id='word_1_14' title='bbox 764 727 982 780; x_wconf 85' lang='lat' dir='ltr'><strong>verbum</strong></span> <span class='ocrx_word' id='word_1_15' title='bbox 1038 727 1129 780; x_wconf 90' lang='lat' dir='ltr'><strong>Dei</strong></span> <span class='ocrx_word' id='word_1_16' title='bbox 1180 728 1578 792; x_wconf 81' lang='lat' dir='ltr'><strong>ministrarum,</strong></span> <span class='ocrx_word' id='word_1_17' title='bbox 1612 747 1844 800; x_wconf 83' lang='lat' dir='ltr'><strong>quorum</strong></span> <span class='ocrx_word' id='word_1_18' title='bbox 1894 743 2136 785; x_wconf 88' lang='lat' dir='ltr'><strong>contem-</strong></span> 
     </span>
    </p>
   </div>
   <div class='ocr_carea' id='block_1_5' title="bbox 559 816 2004 884">
    <p class='ocr_par' dir='ltr' id='par_1_5' title="bbox 559 816 2004 884">
     <span class='ocr_line' id='line_1_5' title="bbox 559 816 2004 884; baseline 0.005 -16"><span class='ocrx_word' id='word_1_19' title='bbox 559 817 770 884; x_wconf 66' lang='lat' dir='ltr'><strong>plantes</strong></span> <span class='ocrx_word' id='word_1_20' title='bbox 797 816 1000 870; x_wconf 65' lang='lat' dir='ltr'><strong>exitum</strong></span> <span class='ocrx_word' id='word_1_21' title='bbox 1034 820 1467 874; x_wconf 72' lang='lat' dir='ltr'><strong>conversationis</strong></span> <span class='ocrx_word' id='word_1_22' title='bbox 1495 820 1784 875; x_wconf 73' lang='lat' dir='ltr'><strong>imitamini</strong></span> <span class='ocrx_word' id='word_1_23' title='bbox 1821 823 2004 876; x_wconf 75' lang='lat' dir='ltr'><strong>fidem.</strong></span> 
     </span>
    </p>
   </div>
   <div class='ocr_carea' id='block_1_6' title="bbox 630 907 2135 974">
    <p class='ocr_par' dir='ltr' id='par_1_6' title="bbox 630 907 2135 974">
     <span class='ocr_line' id='line_1_6' title="bbox 630 907 2135 974; baseline 0.007 -16"><span class='ocrx_word' id='word_1_24' title='bbox 630 907 719 959; x_wconf 91' lang='grc'><em>111</em></span> <span class='ocrx_word' id='word_1_25' title='bbox 747 907 911 962; x_wconf 84' lang='lat' dir='ltr'><strong>Joan.</strong></span> <span class='ocrx_word' id='word_1_26' title='bbox 945 925 982 962; x_wconf 92' lang='lat' dir='ltr'><strong>I.</strong></span> <span class='ocrx_word' id='word_1_27' title='bbox 1019 908 1239 974; x_wconf 90' lang='lat' dir='ltr'><strong>Dilectc,</strong></span> <span class='ocrx_word' id='word_1_28' title='bbox 1270 912 1379 966; x_wconf 89' lang='lat' dir='ltr'><strong>noli</strong></span> <span class='ocrx_word' id='word_1_29' title='bbox 1414 913 1508 967; x_wconf 89' lang='lat' dir='ltr'><strong>tibi</strong></span> <span class='ocrx_word' id='word_1_30' title='bbox 1547 914 1748 966; x_wconf 87' lang='lat' dir='ltr'><strong>malum</strong></span> <span class='ocrx_word' id='word_1_31' title='bbox 1801 914 1867 968; x_wconf 86' lang='lat' dir='ltr'><strong>ad</strong></span> <span class='ocrx_word' id='word_1_32' title='bbox 1917 914 2135 968; x_wconf 87' lang='lat' dir='ltr'><strong>imitan-</strong></span> 
     </span>
    </p>
   </div>
   <div class='ocr_carea' id='block_1_7' title="bbox 555 998 2134 1072">
    <p class='ocr_par' dir='ltr' id='par_1_7' title="bbox 555 998 2134 1072">
     <span class='ocr_line' id='line_1_7' title="bbox 555 998 2134 1072; baseline 0.009 -24"><span class='ocrx_word' id='word_1_33' title='bbox 555 998 682 1049; x_wconf 84' lang='lat' dir='ltr'><strong>dum</strong></span> <span class='ocrx_word' id='word_1_34' title='bbox 717 1015 1040 1067; x_wconf 71' lang='lat' dir='ltr'><strong>proponere,</strong></span> <span class='ocrx_word' id='word_1_35' title='bbox 1075 1003 1166 1055; x_wconf 88' lang='lat' dir='ltr'><strong>sed</strong></span> <span class='ocrx_word' id='word_1_36' title='bbox 1209 1003 1258 1055; x_wconf 89' lang='lat' dir='ltr'><strong>id</strong></span> <span class='ocrx_word' id='word_1_37' title='bbox 1289 1006 1430 1072; x_wconf 90' lang='lat' dir='ltr'><strong>quod</strong></span> <span class='ocrx_word' id='word_1_38' title='bbox 1468 1005 1666 1059; x_wconf 86' lang='lat' dir='ltr'><strong>bonum</strong></span> <span class='ocrx_word' id='word_1_39' title='bbox 1699 1016 1802 1059; x_wconf 90' lang='lat' dir='ltr'><strong>est.</strong></span> <span class='ocrx_word' id='word_1_40' title='bbox 1857 1007 1960 1072; x_wconf 88' lang='lat' dir='ltr'><strong>Qui</strong></span> <span class='ocrx_word' id='word_1_41' title='bbox 1995 1007 2134 1063; x_wconf 84' lang='lat' dir='ltr'><strong>bene</strong></span> 
     </span>
    </p>
   </div>
   <div class='ocr_carea' id='block_1_8' title="bbox 559 1088 2022 1162">
    <p class='ocr_par' dir='ltr' id='par_1_8' title="bbox 559 1088 2022 1162">
     <span class='ocr_line' id='line_1_8' title="bbox 559 1088 2022 1162; baseline 0.01 -25"><span class='ocrx_word' id='word_1_42' title='bbox 559 1088 703 1147; x_wconf 76' lang='lat' dir='ltr'><strong>facit,</strong></span> <span class='ocrx_word' id='word_1_43' title='bbox 735 1105 797 1142; x_wconf 76' lang='lat' dir='ltr'><strong>ex</strong></span> <span class='ocrx_word' id='word_1_44' title='bbox 832 1090 935 1142; x_wconf 84' lang='lat' dir='ltr'><strong>Deo</strong></span> <span class='ocrx_word' id='word_1_45' title='bbox 971 1100 1092 1159; x_wconf 83' lang='lat' dir='ltr'><strong>est;</strong></span> <span class='ocrx_word' id='word_1_46' title='bbox 1127 1105 1181 1146; x_wconf 89' lang='lat' dir='ltr'><strong>at</strong></span> <span class='ocrx_word' id='word_1_47' title='bbox 1211 1096 1299 1162; x_wconf 85' lang='lat' dir='ltr'><strong>qui</strong></span> <span class='ocrx_word' id='word_1_48' title='bbox 1339 1095 1498 1156; x_wconf 87' lang='lat' dir='ltr'><strong>male,</strong></span> <span class='ocrx_word' id='word_1_49' title='bbox 1533 1097 1700 1150; x_wconf 84' lang='lat' dir='ltr'><strong>Deum</strong></span> <span class='ocrx_word' id='word_1_50' title='bbox 1735 1111 1840 1150; x_wconf 88' lang='lat' dir='ltr'><strong>non</strong></span> <span class='ocrx_word' id='word_1_51' title='bbox 1870 1098 2022 1151; x_wconf 87' lang='lat' dir='ltr'><strong>vidit.</strong></span> 
     </span>
    </p>
   </div>
   <div class='ocr_carea' id='block_1_9' title="bbox 623 1180 2133 1263">
    <p class='ocr_par' dir='ltr' id='par_1_9' title="bbox 623 1180 2133 1263">
     <span class='ocr_line' id='line_1_9' title="bbox 623 1180 2133 1263; baseline 0.009 -28"><span class='ocrx_word' id='word_1_52' title='bbox 623 1180 847 1252; x_wconf 82' lang='lat' dir='ltr'><strong>Syncsii.</strong></span> <span class='ocrx_word' id='word_1_53' title='bbox 913 1185 1145 1242; x_wconf 89' lang='lat' dir='ltr'><strong>lmitatio</strong></span> <span class='ocrx_word' id='word_1_54' title='bbox 1205 1191 1517 1245; x_wconf 88' lang='lat' dir='ltr'><strong>conciliatio</strong></span> <span class='ocrx_word' id='word_1_55' title='bbox 1571 1200 1676 1258; x_wconf 84' lang='lat' dir='ltr'><strong>est,</strong></span> <span class='ocrx_word' id='word_1_56' title='bbox 1738 1201 1792 1246; x_wconf 92' lang='lat' dir='ltr'><strong>et</strong></span> <span class='ocrx_word' id='word_1_57' title='bbox 1849 1193 2133 1263; x_wconf 80' lang='lat' dir='ltr'><strong>conjungit</strong></span> 
     </span>
    </p>
   </div>
   <div class='ocr_carea' id='block_1_10' title="bbox 550 1278 2000 1349">
    <p class='ocr_par' dir='ltr' id='par_1_10' title="bbox 550 1278 2000 1349">
     <span class='ocr_line' id='line_1_10' title="bbox 550 1278 2000 1349; baseline 0.008 -23"><span class='ocrx_word' id='word_1_58' title='bbox 550 1286 674 1327; x_wconf 87' lang='lat' dir='ltr'><strong>cum</strong></span> <span class='ocrx_word' id='word_1_59' title='bbox 710 1291 775 1328; x_wconf 89' lang='lat' dir='ltr'><strong>eo</strong></span> <span class='ocrx_word' id='word_1_60' title='bbox 805 1278 949 1345; x_wconf 87' lang='lat' dir='ltr'><strong>quod</strong></span> <span class='ocrx_word' id='word_1_61' title='bbox 977 1279 1298 1333; x_wconf 87' lang='lat' dir='ltr'><strong>imitandum</strong></span> <span class='ocrx_word' id='word_1_62' title='bbox 1331 1283 1650 1349; x_wconf 89' lang='lat' dir='ltr'><strong>proponitur</strong></span> <span class='ocrx_word' id='word_1_63' title='bbox 1679 1285 2000 1339; x_wconf 84' lang='lat' dir='ltr'><strong>imitantem.</strong></span> 
     </span>
    </p>
   </div>
   <div class='ocr_carea' id='block_1_11' title="bbox 621 1363 2130 1443">
    <p class='ocr_par' dir='ltr' id='par_1_11' title="bbox 621 1363 2130 1443">
     <span class='ocr_line' id='line_1_11' title="bbox 621 1363 2130 1443; baseline 0.008 -25"><span class='ocrx_word' id='word_1_64' title='bbox 621 1363 679 1418; x_wconf 87' lang='lat' dir='ltr'><strong>S.</strong></span> <span class='ocrx_word' id='word_1_65' title='bbox 722 1365 933 1422; x_wconf 79' lang='lat' dir='ltr'><strong>Basilii.</strong></span> <span class='ocrx_word' id='word_1_66' title='bbox 976 1369 1031 1422; x_wconf 90' lang='lat' dir='ltr'><strong>Si</strong></span> <span class='ocrx_word' id='word_1_67' title='bbox 1071 1371 1273 1424; x_wconf 82' lang='lat' dir='ltr'><strong>videris</strong></span> <span class='ocrx_word' id='word_1_68' title='bbox 1305 1372 1581 1425; x_wconf 86' lang='lat' dir='ltr'><strong>ethnicum</strong></span> <span class='ocrx_word' id='word_1_69' title='bbox 1627 1373 1753 1428; x_wconf 80' lang='lat' dir='ltr'><strong>vitrc</strong></span> <span class='ocrx_word' id='word_1_70' title='bbox 1813 1383 2130 1443; x_wconf 58' lang='lat' dir='ltr'><strong>temperatae</strong></span> 
     </span>
    </p>
   </div>
   <div class='ocr_carea' id='block_1_12' title="bbox 546 1458 2126 1537">
    <p class='ocr_par' dir='ltr' id='par_1_12' title="bbox 546 1458 2126 1537">
     <span class='ocr_line' id='line_1_12' title="bbox 546 1458 2126 1537; baseline 0.007 -26"><span class='ocrx_word' id='word_1_71' title='bbox 546 1466 600 1511; x_wconf 86' lang='lat' dir='ltr'><strong>et</strong></span> <span class='ocrx_word' id='word_1_72' title='bbox 641 1458 863 1527; x_wconf 70' lang='lat' dir='ltr'><strong>reliqua:</strong></span> <span class='ocrx_word' id='word_1_73' title='bbox 903 1476 1115 1514; x_wconf 89' lang='lat' dir='ltr'><strong>morum</strong></span> <span class='ocrx_word' id='word_1_74' title='bbox 1157 1463 1461 1518; x_wconf 80' lang='lat' dir='ltr'><strong>honestatis</strong></span> <span class='ocrx_word' id='word_1_75' title='bbox 1506 1465 1810 1521; x_wconf 88' lang='lat' dir='ltr'><strong>studiosum</strong></span> <span class='ocrx_word' id='word_1_76' title='bbox 1849 1483 2010 1537; x_wconf 86' lang='lat' dir='ltr'><strong>supra</strong></span> <span class='ocrx_word' id='word_1_77' title='bbox 2055 1478 2126 1534; x_wconf 87' lang='lat' dir='ltr'><strong>le,</strong></span> 
     </span>
    </p>
   </div>
   <div class='ocr_carea' id='block_1_13' title="bbox 548 1551 2129 1617">
    <p class='ocr_par' dir='ltr' id='par_1_13' title="bbox 548 1551 2129 1617">
     <span class='ocr_line' id='line_1_13' title="bbox 548 1551 2129 1617; baseline 0.009 -17"><span class='ocrx_word' id='word_1_78' title='bbox 548 1557 701 1601; x_wconf 87' lang='lat' dir='ltr'><strong>tuum</strong></span> <span class='ocrx_word' id='word_1_79' title='bbox 765 1551 928 1603; x_wconf 85' lang='lat' dir='ltr'><strong>etiam</strong></span> <span class='ocrx_word' id='word_1_80' title='bbox 987 1553 1227 1606; x_wconf 90' lang='lat' dir='ltr'><strong>studium</strong></span> <span class='ocrx_word' id='word_1_81' title='bbox 1293 1554 1548 1617; x_wconf 87' lang='lat' dir='ltr'><strong>intende,</strong></span> <span class='ocrx_word' id='word_1_82' title='bbox 1607 1566 1665 1610; x_wconf 88' lang='lat' dir='ltr'><strong>ut</strong></span> <span class='ocrx_word' id='word_1_83' title='bbox 1716 1557 1814 1612; x_wconf 82' lang='lat' dir='ltr'><strong>tias</strong></span> <span class='ocrx_word' id='word_1_84' title='bbox 1870 1559 2129 1615; x_wconf 82' lang='lat' dir='ltr'><strong>assimilis</strong></span> 
     </span>
    </p>
   </div>
   <div class='ocr_carea' id='block_1_14' title="bbox 549 1640 2129 1717">
    <p class='ocr_par' dir='ltr' id='par_1_14' title="bbox 549 1640 2129 1717">
     <span class='ocr_line' id='line_1_14' title="bbox 549 1640 2129 1717; baseline 0.008 -24"><span class='ocrx_word' id='word_1_85' title='bbox 549 1640 844 1695; x_wconf 71' lang='lat' dir='ltr'><strong>fructuosa:</strong></span> <span class='ocrx_word' id='word_1_86' title='bbox 895 1643 1040 1707; x_wconf 77' lang='lat' dir='ltr'><strong>fleui,</strong></span> <span class='ocrx_word' id='word_1_87' title='bbox 1081 1660 1202 1712; x_wconf 64' lang='lat' dir='ltr'><strong>qum</strong></span> <span class='ocrx_word' id='word_1_88' title='bbox 1241 1662 1338 1715; x_wconf 89' lang='lat' dir='ltr'><strong>per</strong></span> <span class='ocrx_word' id='word_1_89' title='bbox 1383 1647 1626 1717; x_wconf 82' lang='lat' dir='ltr'><strong>capriﬁci</strong></span> <span class='ocrx_word' id='word_1_90' title='bbox 1682 1648 1935 1703; x_wconf 81' lang='lat' dir='ltr'><strong>viciniam</strong></span> <span class='ocrx_word' id='word_1_91' title='bbox 1989 1651 2129 1706; x_wconf 85' lang='lat' dir='ltr'><strong>vires</strong></span> 
     </span>
    </p>
   </div>
   <div class='ocr_carea' id='block_1_15' title="bbox 546 1735 2128 1805">
    <p class='ocr_par' dir='ltr' id='par_1_15' title="bbox 546 1735 2128 1805">
     <span class='ocr_line' id='line_1_15' title="bbox 546 1735 2128 1805; baseline 0.008 -19"><span class='ocrx_word' id='word_1_92' title='bbox 546 1747 676 1787; x_wconf 87' lang='lat' dir='ltr'><strong>suas</strong></span> <span class='ocrx_word' id='word_1_93' title='bbox 713 1735 935 1805; x_wconf 83' lang='lat' dir='ltr'><strong>colligit,</strong></span> <span class='ocrx_word' id='word_1_94' title='bbox 972 1752 1036 1792; x_wconf 92' lang='lat' dir='ltr'><strong>ac</strong></span> <span class='ocrx_word' id='word_1_95' title='bbox 1087 1737 1433 1796; x_wconf 80' lang='lat' dir='ltr'><strong>diﬂ‘usionem</strong></span> <span class='ocrx_word' id='word_1_96' title='bbox 1465 1739 1727 1796; x_wconf 91' lang='lat' dir='ltr'><strong>cohibens</strong></span> <span class='ocrx_word' id='word_1_97' title='bbox 1759 1741 1958 1798; x_wconf 85' lang='lat' dir='ltr'><strong>melius</strong></span> <span class='ocrx_word' id='word_1_98' title='bbox 1999 1760 2128 1800; x_wconf 90' lang='lat' dir='ltr'><strong>suos</strong></span> 
     </span>
    </p>
   </div>
   <div class='ocr_carea' id='block_1_16' title="bbox 548 1827 1271 1897">
    <p class='ocr_par' dir='ltr' id='par_1_16' title="bbox 548 1827 1271 1897">
     <span class='ocr_line' id='line_1_16' title="bbox 548 1827 1271 1897; baseline 0.007 -19"><span class='ocrx_word' id='word_1_99' title='bbox 548 1828 756 1882; x_wconf 79' lang='lat' dir='ltr'><strong>fructus</strong></span> <span class='ocrx_word' id='word_1_100' title='bbox 782 1827 878 1881; x_wconf 84' lang='lat' dir='ltr'><strong>alit</strong></span> <span class='ocrx_word' id='word_1_101' title='bbox 913 1837 967 1882; x_wconf 86' lang='lat' dir='ltr'><strong>et</strong></span> <span class='ocrx_word' id='word_1_102' title='bbox 998 1829 1271 1897; x_wconf 83' lang='lat' dir='ltr'><strong>producit.</strong></span> 
     </span>
    </p>
   </div>
   <div class='ocr_carea' id='block_1_17' title="bbox 929 2009 1752 2090">
    <p class='ocr_par' dir='ltr' id='par_1_17' title="bbox 929 2009 1752 2090">
     <span class='ocr_line' id='line_1_17' title="bbox 929 2009 1752 2090; baseline 0.009 -24"><span class='ocrx_word' id='word_1_103' title='bbox 929 2009 1172 2067; x_wconf 82' lang='lat' dir='ltr'><strong>SERMO</strong></span> <span class='ocrx_word' id='word_1_104' title='bbox 1205 2011 1365 2068; x_wconf 80' lang='lat' dir='ltr'><strong>LXVI</strong></span> <span class='ocrx_word' id='word_1_105' title='bbox 1406 2013 1505 2086; x_wconf 74' lang='grc' dir='ltr'>[αἱ.</span> <span class='ocrx_word' id='word_1_106' title='bbox 1537 2015 1752 2090; x_wconf 78' lang='lat' dir='ltr'><strong>XVIII].</strong></span> 
     </span>
    </p>
   </div>
   <div class='ocr_carea' id='block_1_18' title="bbox 929 2103 1748 2178">
    <p class='ocr_par' dir='ltr' id='par_1_18' title="bbox 929 2103 1748 2178">
     <span class='ocr_line' id='line_1_18' title="bbox 929 2103 1748 2178; baseline 0.01 -21"><span class='ocrx_word' id='word_1_107' title='bbox 929 2103 1008 2157; x_wconf 81' lang='lat' dir='ltr'><strong>De</strong></span> <span class='ocrx_word' id='word_1_108' title='bbox 1034 2104 1145 2158; x_wconf 78' lang='lat' dir='ltr'><strong>zelo</strong></span> <span class='ocrx_word' id='word_1_109' title='bbox 1170 2113 1219 2158; x_wconf 86' lang='lat' dir='ltr'><strong>et</strong></span> <span class='ocrx_word' id='word_1_110' title='bbox 1247 2107 1534 2162; x_wconf 76' lang='lat' dir='ltr'><strong>imitatione</strong></span> <span class='ocrx_word' id='word_1_111' title='bbox 1562 2126 1748 2178; x_wconf 80' lang='lat' dir='ltr'><strong>prava.</strong></span> 
     </span>
    </p>
   </div>
   <div class='ocr_carea' id='block_1_19' title="bbox 610 2193 2126 2266">
    <p class='ocr_par' dir='ltr' id='par_1_19' title="bbox 610 2193 2126 2266">
     <span class='ocr_line' id='line_1_19' title="bbox 610 2193 2126 2266; baseline 0.007 -18"><span class='ocrx_word' id='word_1_112' title='bbox 610 2193 773 2250; x_wconf 71' lang='lat' dir='ltr'><strong>Letit.</strong></span> <span class='ocrx_word' id='word_1_113' title='bbox 804 2211 958 2250; x_wconf 75' lang='lat' dir='ltr'><strong>xvut.</strong></span> <span class='ocrx_word' id='word_1_114' title='bbox 994 2195 1104 2266; x_wconf 78' lang='lat' dir='ltr'><strong>Ego</strong></span> <span class='ocrx_word' id='word_1_115' title='bbox 1152 2197 1417 2254; x_wconf 81' lang='lat' dir='ltr'><strong>Dominus</strong></span> <span class='ocrx_word' id='word_1_116' title='bbox 1466 2199 1609 2255; x_wconf 86' lang='lat' dir='ltr'><strong>Deus</strong></span> <span class='ocrx_word' id='word_1_117' title='bbox 1662 2211 1869 2258; x_wconf 91' lang='lat' dir='ltr'><strong>vester.</strong></span> <span class='ocrx_word' id='word_1_118' title='bbox 1917 2203 2126 2260; x_wconf 86' lang='lat' dir='ltr'><strong>Secun-</strong></span> 
     </span>
    </p>
   </div>
   <div class='ocr_carea' id='block_1_20' title="bbox 541 2285 2123 2366">
    <p class='ocr_par' dir='ltr' id='par_1_20' title="bbox 541 2285 2123 2366">
     <span class='ocr_line' id='line_1_20' title="bbox 541 2285 2123 2366; baseline 0.008 -26"><span class='ocrx_word' id='word_1_119' title='bbox 541 2285 670 2341; x_wconf 91' lang='lat' dir='ltr'><strong>dum</strong></span> <span class='ocrx_word' id='word_1_120' title='bbox 696 2289 942 2344; x_wconf 88' lang='lat' dir='ltr'><strong>instituta</strong></span> <span class='ocrx_word' id='word_1_121' title='bbox 972 2290 1218 2366; x_wconf 63' lang='lat' dir='ltr'><strong>Egypti,</strong></span> <span class='ocrx_word' id='word_1_122' title='bbox 1245 2291 1298 2345; x_wconf 91' lang='lat' dir='ltr'><strong>in</strong></span> <span class='ocrx_word' id='word_1_123' title='bbox 1331 2308 1437 2362; x_wconf 91' lang='lat' dir='ltr'><strong>qua</strong></span> <span class='ocrx_word' id='word_1_124' title='bbox 1465 2293 1657 2350; x_wconf 64' lang='lat' dir='ltr'><strong>incolae</strong></span> <span class='ocrx_word' id='word_1_125' title='bbox 1683 2294 1884 2361; x_wconf 82' lang='lat' dir='ltr'><strong>fuistis,</strong></span> <span class='ocrx_word' id='word_1_126' title='bbox 1913 2313 2019 2352; x_wconf 92' lang='lat' dir='ltr'><strong>non</strong></span> <span class='ocrx_word' id='word_1_127' title='bbox 2042 2299 2123 2352; x_wconf 84' lang='lat' dir='ltr'><strong>vi-</strong></span> 
     </span>
    </p>
   </div>
   <div class='ocr_carea' id='block_1_21' title="bbox 536 2381 2120 2444">
    <p class='ocr_par' dir='ltr' id='par_1_21' title="bbox 536 2381 2120 2444">
     <span class='ocr_line' id='line_1_21' title="bbox 536 2381 2120 2444; baseline 0.008 -14"><span class='ocrx_word' id='word_1_128' title='bbox 536 2381 676 2435; x_wconf 86' lang='lat' dir='ltr'><strong>vetis</strong></span> <span class='ocrx_word' id='word_1_129' title='bbox 711 2398 727 2432; x_wconf 88' lang='lat'><strong>:</strong></span> <span class='ocrx_word' id='word_1_130' title='bbox 761 2396 862 2436; x_wconf 89' lang='lat' dir='ltr'><strong>nec</strong></span> <span class='ocrx_word' id='word_1_131' title='bbox 910 2397 975 2436; x_wconf 83' lang='lat' dir='ltr'><strong>ex</strong></span> <span class='ocrx_word' id='word_1_132' title='bbox 1031 2383 1298 2439; x_wconf 88' lang='lat' dir='ltr'><strong>institutis</strong></span> <span class='ocrx_word' id='word_1_133' title='bbox 1328 2384 1764 2442; x_wconf 80' lang='lat' dir='ltr'><strong>Chananreorum</strong></span> <span class='ocrx_word' id='word_1_134' title='bbox 1815 2391 1979 2444; x_wconf 88' lang='lat' dir='ltr'><strong>vitam</strong></span> <span class='ocrx_word' id='word_1_135' title='bbox 2037 2391 2120 2443; x_wconf 62' lang='lat' dir='ltr'><strong>in-</strong></span> 
     </span>
    </p>
   </div>
   <div class='ocr_carea' id='block_1_22' title="bbox 537 2473 2119 2548">
    <p class='ocr_par' dir='ltr' id='par_1_22' title="bbox 537 2473 2119 2548">
     <span class='ocr_line' id='line_1_22' title="bbox 537 2473 2119 2548; baseline 0.008 -22"><span class='ocrx_word' id='word_1_136' title='bbox 537 2473 795 2536; x_wconf 84' lang='lat' dir='ltr'><strong>stituetis,</strong></span> <span class='ocrx_word' id='word_1_137' title='bbox 836 2475 888 2528; x_wconf 92' lang='lat' dir='ltr'><strong>in</strong></span> <span class='ocrx_word' id='word_1_138' title='bbox 931 2491 1168 2543; x_wconf 89' lang='lat' dir='ltr'><strong>quorum</strong></span> <span class='ocrx_word' id='word_1_139' title='bbox 1223 2491 1412 2546; x_wconf 79' lang='lat' dir='ltr'><strong>agrum</strong></span> <span class='ocrx_word' id='word_1_140' title='bbox 1454 2495 1552 2534; x_wconf 81' lang='lat' dir='ltr'><strong>vos</strong></span> <span class='ocrx_word' id='word_1_141' title='bbox 1599 2480 1881 2548; x_wconf 85' lang='lat' dir='ltr'><strong>inducam,</strong></span> <span class='ocrx_word' id='word_1_142' title='bbox 1921 2498 2020 2538; x_wconf 87' lang='lat' dir='ltr'><strong>nec</strong></span> <span class='ocrx_word' id='word_1_143' title='bbox 2053 2499 2119 2538; x_wconf 69' lang='lat' dir='ltr'><strong>ex</strong></span> 
     </span>
    </p>
   </div>
   <div class='ocr_carea' id='block_1_23' title="bbox 537 2566 2117 2644">
    <p class='ocr_par' dir='ltr' id='par_1_23' title="bbox 537 2566 2117 2644">
     <span class='ocr_line' id='line_1_23' title="bbox 537 2566 2117 2644; baseline 0.009 -27"><span class='ocrx_word' id='word_1_144' title='bbox 537 2566 743 2636; x_wconf 77' lang='lat' dir='ltr'><strong>legibus</strong></span> <span class='ocrx_word' id='word_1_145' title='bbox 785 2582 976 2623; x_wconf 90' lang='lat' dir='ltr'><strong>eorum</strong></span> <span class='ocrx_word' id='word_1_146' title='bbox 1028 2572 1312 2639; x_wconf 78' lang='lat' dir='ltr'><strong>regemini,</strong></span> <span class='ocrx_word' id='word_1_147' title='bbox 1355 2587 1424 2626; x_wconf 92' lang='lat' dir='ltr'><strong>ne</strong></span> <span class='ocrx_word' id='word_1_148' title='bbox 1469 2583 1614 2628; x_wconf 89' lang='lat' dir='ltr'><strong>terra</strong></span> <span class='ocrx_word' id='word_1_149' title='bbox 1665 2577 1964 2631; x_wconf 83' lang='lat' dir='ltr'><strong>detestetur</strong></span> <span class='ocrx_word' id='word_1_150' title='bbox 1998 2591 2117 2644; x_wconf 84' lang='lat' dir='ltr'><strong>vos,</strong></span> 
     </span>
    </p>
   </div>
   <div class='ocr_carea' id='block_1_24' title="bbox 533 2658 1934 2737">
    <p class='ocr_par' dir='ltr' id='par_1_24' title="bbox 533 2658 1934 2737">
     <span class='ocr_line' id='line_1_24' title="bbox 533 2658 1934 2737; baseline 0.007 -25"><span class='ocrx_word' id='word_1_151' title='bbox 533 2660 677 2714; x_wconf 86' lang='lat' dir='ltr'><strong>sicut</strong></span> <span class='ocrx_word' id='word_1_152' title='bbox 702 2658 968 2715; x_wconf 83' lang='lat' dir='ltr'><strong>detestata</strong></span> <span class='ocrx_word' id='word_1_153' title='bbox 999 2672 1083 2717; x_wconf 87' lang='lat' dir='ltr'><strong>est</strong></span> <span class='ocrx_word' id='word_1_154' title='bbox 1109 2677 1202 2716; x_wconf 87' lang='lat' dir='ltr'><strong>eos</strong></span> <span class='ocrx_word' id='word_1_155' title='bbox 1231 2665 1324 2730; x_wconf 88' lang='lat' dir='ltr'><strong>qui</strong></span> <span class='ocrx_word' id='word_1_156' title='bbox 1354 2664 1678 2721; x_wconf 86' lang='lat' dir='ltr'><strong>habitabant</strong></span> <span class='ocrx_word' id='word_1_157' title='bbox 1705 2667 1762 2721; x_wconf 93' lang='lat' dir='ltr'><strong>in</strong></span> <span class='ocrx_word' id='word_1_158' title='bbox 1797 2669 1934 2737; x_wconf 89' lang='lat' dir='ltr'><strong>ipsa.</strong></span> 
     </span>
    </p>
   </div>
   <div class='ocr_carea' id='block_1_25' title="bbox 609 2836 2112 2919">
    <p class='ocr_par' dir='ltr' id='par_1_25' title="bbox 609 2836 2112 2919">
     <span class='ocr_line' id='line_1_25' title="bbox 609 2836 2112 2919; baseline 0.01 -30"><span class='ocrx_word' id='word_1_159' title='bbox 609 2836 756 2891; x_wconf 79' lang='lat' dir='ltr'><strong>Psal.</strong></span> <span class='ocrx_word' id='word_1_160' title='bbox 783 2856 820 2893; x_wconf 87' lang='grc' dir='ltr'><strong>ι.</strong></span> <span class='ocrx_word' id='word_1_161' title='bbox 852 2838 1047 2898; x_wconf 84' lang='lat' dir='ltr'><strong>Beatus</strong></span> <span class='ocrx_word' id='word_1_162' title='bbox 1077 2843 1168 2912; x_wconf 89' lang='lat' dir='ltr'><strong>qui</strong></span> <span class='ocrx_word' id='word_1_163' title='bbox 1203 2859 1310 2898; x_wconf 92' lang='lat' dir='ltr'><strong>non</strong></span> <span class='ocrx_word' id='word_1_164' title='bbox 1356 2846 1491 2900; x_wconf 88' lang='lat' dir='ltr'><strong>adiit</strong></span> <span class='ocrx_word' id='word_1_165' title='bbox 1534 2848 1764 2903; x_wconf 90' lang='lat' dir='ltr'><strong>consilia</strong></span> <span class='ocrx_word' id='word_1_166' title='bbox 1798 2849 2112 2919; x_wconf 88' lang='lat' dir='ltr'><strong>impiorum,</strong></span> 
     </span>
    </p>
   </div>
   <div class='ocr_carea' id='block_1_26' title="bbox 529 2929 2114 3002">
    <p class='ocr_par' dir='ltr' id='par_1_26' title="bbox 529 2929 2114 3002">
     <span class='ocr_line' id='line_1_26' title="bbox 529 2929 2114 3002; baseline 0.008 -21"><span class='ocrx_word' id='word_1_167' title='bbox 529 2936 583 2982; x_wconf 75' lang='lat' dir='ltr'><strong>et</strong></span> <span class='ocrx_word' id='word_1_168' title='bbox 616 2929 671 2982; x_wconf 93' lang='lat' dir='ltr'><strong>in</strong></span> <span class='ocrx_word' id='word_1_169' title='bbox 708 2929 792 2983; x_wconf 87' lang='lat' dir='ltr'><strong>via</strong></span> <span class='ocrx_word' id='word_1_170' title='bbox 843 2931 1239 2987; x_wconf 81' lang='lat' dir='ltr'><strong>sceleratorum</strong></span> <span class='ocrx_word' id='word_1_171' title='bbox 1298 2951 1405 2989; x_wconf 84' lang='lat' dir='ltr'><strong>non</strong></span> <span class='ocrx_word' id='word_1_172' title='bbox 1442 2939 1614 3002; x_wconf 69' lang='lat' dir='ltr'><strong>stvtit,</strong></span> <span class='ocrx_word' id='word_1_173' title='bbox 1650 2947 1704 2992; x_wconf 90' lang='lat' dir='ltr'><strong>et</strong></span> <span class='ocrx_word' id='word_1_174' title='bbox 1749 2937 1802 2992; x_wconf 91' lang='lat' dir='ltr'><strong>in</strong></span> <span class='ocrx_word' id='word_1_175' title='bbox 1853 2939 2114 2994; x_wconf 81' lang='lat' dir='ltr'><strong>cathedra</strong></span> 
     </span>
    </p>
   </div>
   <div class='ocr_carea' id='block_1_27' title="bbox 529 3020 1134 3088">
    <p class='ocr_par' dir='ltr' id='par_1_27' title="bbox 529 3020 1134 3088">
     <span class='ocr_line' id='line_1_27' title="bbox 529 3020 1134 3088; baseline 0.007 -14"><span class='ocrx_word' id='word_1_176' title='bbox 529 3020 802 3088; x_wconf 85' lang='lat' dir='ltr'><strong>pestilenti</strong></span> <span class='ocrx_word' id='word_1_177' title='bbox 833 3037 943 3077; x_wconf 90' lang='lat' dir='ltr'><strong>non</strong></span> <span class='ocrx_word' id='word_1_178' title='bbox 973 3025 1134 3078; x_wconf 83' lang='lat' dir='ltr'><strong>sedit.</strong></span> 
     </span>
    </p>
   </div>
   <div class='ocr_carea' id='block_1_28' title="bbox 601 3113 2181 3192">
    <p class='ocr_par' dir='ltr' id='par_1_28' title="bbox 601 3113 2181 3192">
     <span class='ocr_line' id='line_1_28' title="bbox 601 3113 2181 3192; baseline 0.008 -26"><span class='ocrx_word' id='word_1_179' title='bbox 601 3113 720 3167; x_wconf 85' lang='lat' dir='ltr'><strong>Noli</strong></span> <span class='ocrx_word' id='word_1_180' title='bbox 743 3117 984 3169; x_wconf 72' lang='lat' dir='ltr'><strong>mmulari</strong></span> <span class='ocrx_word' id='word_1_181' title='bbox 1014 3119 1278 3173; x_wconf 86' lang='lat' dir='ltr'><strong>scelerate</strong></span> <span class='ocrx_word' id='word_1_182' title='bbox 1312 3119 1580 3184; x_wconf 79' lang='lat' dir='ltr'><strong>viventes,</strong></span> <span class='ocrx_word' id='word_1_183' title='bbox 1617 3137 1714 3176; x_wconf 89' lang='lat' dir='ltr'><strong>nec</strong></span> <span class='ocrx_word' id='word_1_184' title='bbox 1762 3123 1900 3192; x_wconf 85' lang='lat' dir='ltr'><strong>legis</strong></span> <span class='ocrx_word' id='word_1_185' title='bbox 1940 3123 2109 3179; x_wconf 87' lang='lat' dir='ltr'><strong>viola-</strong></span> <span class='ocrx_word' id='word_1_186' title='bbox 2138 3131 2181 3187; x_wconf 88' lang='lat' dir='ltr'><strong><em>C</em></strong></span> 
     </span>
    </p>
   </div>
   <div class='ocr_carea' id='block_1_29' title="bbox 529 3207 1755 3276">
    <p class='ocr_par' dir='ltr' id='par_1_29' title="bbox 529 3207 1755 3276">
     <span class='ocr_line' id='line_1_29' title="bbox 529 3207 1755 3276; baseline 0.008 -18"><span class='ocrx_word' id='word_1_187' title='bbox 529 3214 697 3273; x_wconf 86' lang='lat' dir='ltr'><strong>tores,</strong></span> <span class='ocrx_word' id='word_1_188' title='bbox 733 3207 861 3276; x_wconf 87' lang='lat' dir='ltr'><strong>quia</strong></span> <span class='ocrx_word' id='word_1_189' title='bbox 895 3207 1040 3262; x_wconf 91' lang='lat' dir='ltr'><strong>sicut</strong></span> <span class='ocrx_word' id='word_1_190' title='bbox 1079 3208 1243 3264; x_wconf 88' lang='lat' dir='ltr'><strong>herba</strong></span> <span class='ocrx_word' id='word_1_191' title='bbox 1275 3211 1385 3266; x_wconf 91' lang='lat' dir='ltr'><strong>cito</strong></span> <span class='ocrx_word' id='word_1_192' title='bbox 1414 3223 1755 3268; x_wconf 86' lang='lat' dir='ltr'><strong>exarescent.</strong></span> 
     </span>
    </p>
   </div>
   <div class='ocr_carea' id='block_1_30' title="bbox 599 3381 2113 3455">
    <p class='ocr_par' dir='ltr' id='par_1_30' title="bbox 599 3381 2113 3455">
     <span class='ocr_line' id='line_1_30' title="bbox 599 3381 2113 3455; baseline 0.01 -18"><span class='ocrx_word' id='word_1_193' title='bbox 599 3381 876 3439; x_wconf 69' lang='lat' dir='ltr'><strong>Salomon.</strong></span> <span class='ocrx_word' id='word_1_194' title='bbox 923 3384 1057 3440; x_wconf 80' lang='lat' dir='ltr'><strong>Vide</strong></span> <span class='ocrx_word' id='word_1_195' title='bbox 1117 3402 1185 3441; x_wconf 92' lang='lat' dir='ltr'><strong>ne</strong></span> <span class='ocrx_word' id='word_1_196' title='bbox 1239 3403 1530 3455; x_wconf 90' lang='lat' dir='ltr'><strong>pravorum</strong></span> <span class='ocrx_word' id='word_1_197' title='bbox 1575 3390 1857 3449; x_wconf 91' lang='lat' dir='ltr'><strong>hominum</strong></span> <span class='ocrx_word' id='word_1_198' title='bbox 1915 3397 2113 3453; x_wconf 88' lang='lat' dir='ltr'><strong>decora</strong></span> 
     </span>
    </p>
   </div>
   <div class='ocr_carea' id='block_1_31' title="bbox 527 3475 1623 3551">
    <p class='ocr_par' dir='ltr' id='par_1_31' title="bbox 527 3475 1623 3551">
     <span class='ocr_line' id='line_1_31' title="bbox 527 3475 1623 3551; baseline 0.008 -22"><span class='ocrx_word' id='word_1_199' title='bbox 527 3475 784 3541; x_wconf 89' lang='lat' dir='ltr'><strong>asciscas,</strong></span> <span class='ocrx_word' id='word_1_200' title='bbox 823 3491 920 3531; x_wconf 90' lang='lat' dir='ltr'><strong>nec</strong></span> <span class='ocrx_word' id='word_1_201' title='bbox 955 3476 1072 3532; x_wconf 86' lang='lat' dir='ltr'><strong>vias</strong></span> <span class='ocrx_word' id='word_1_202' title='bbox 1099 3477 1313 3532; x_wconf 87' lang='lat' dir='ltr'><strong>illorum</strong></span> <span class='ocrx_word' id='word_1_203' title='bbox 1349 3481 1623 3551; x_wconf 86' lang='lat' dir='ltr'><strong>sequaris.</strong></span> 
     </span>
    </p>
   </div>
   <div class='ocr_carea' id='block_1_32' title="bbox 597 3564 2107 3644">
    <p class='ocr_par' dir='ltr' id='par_1_32' title="bbox 597 3564 2107 3644">
     <span class='ocr_line' id='line_1_32' title="bbox 597 3564 2107 3644; baseline 0.009 -27"><span class='ocrx_word' id='word_1_204' title='bbox 597 3565 758 3636; x_wconf 72' lang='lat'><strong>215</strong></span> <span class='ocrx_word' id='word_1_205' title='bbox 789 3564 1038 3621; x_wconf 84' lang='lat' dir='ltr'><strong>l’roverb.</strong></span> <span class='ocrx_word' id='word_1_206' title='bbox 1063 3584 1210 3622; x_wconf 71' lang='lat' dir='ltr'><strong>xxxv.</strong></span> <span class='ocrx_word' id='word_1_207' title='bbox 1231 3567 1353 3636; x_wconf 86' lang='lat' dir='ltr'><strong>Fili,</strong></span> <span class='ocrx_word' id='word_1_208' title='bbox 1385 3570 1495 3624; x_wconf 91' lang='lat' dir='ltr'><strong>noli</strong></span> <span class='ocrx_word' id='word_1_209' title='bbox 1525 3571 1770 3627; x_wconf 59' lang='lat' dir='ltr'><strong>aemulari</strong></span> <span class='ocrx_word' id='word_1_210' title='bbox 1801 3571 2107 3644; x_wconf 86' lang='lat' dir='ltr'><strong>improbos,</strong></span> 
     </span>
    </p>
   </div>
   <div class='ocr_carea' id='block_1_33' title="bbox 527 3659 2108 3731">
    <p class='ocr_par' dir='ltr' id='par_1_33' title="bbox 527 3659 2108 3731">
     <span class='ocr_line' id='line_1_33' title="bbox 527 3659 2108 3731; baseline 0.006 -21"><span class='ocrx_word' id='word_1_211' title='bbox 527 3671 629 3712; x_wconf 91' lang='lat' dir='ltr'><strong>nec</strong></span> <span class='ocrx_word' id='word_1_212' title='bbox 685 3675 807 3713; x_wconf 90' lang='lat' dir='ltr'><strong>cum</strong></span> <span class='ocrx_word' id='word_1_213' title='bbox 862 3659 967 3714; x_wconf 91' lang='lat' dir='ltr'><strong>illis</strong></span> <span class='ocrx_word' id='word_1_214' title='bbox 998 3674 1118 3715; x_wconf 83' lang='lat' dir='ltr'><strong>esse</strong></span> <span class='ocrx_word' id='word_1_215' title='bbox 1165 3662 1527 3731; x_wconf 88' lang='lat' dir='ltr'><strong>concupiscas</strong></span> <span class='ocrx_word' id='word_1_216' title='bbox 1570 3682 1584 3716; x_wconf 75' lang='grc' dir='ltr'>ε</span> <span class='ocrx_word' id='word_1_217' title='bbox 1629 3665 1914 3721; x_wconf 89' lang='lat' dir='ltr'><strong>mendacia</strong></span> <span class='ocrx_word' id='word_1_218' title='bbox 1963 3668 2108 3722; x_wconf 89' lang='lat' dir='ltr'><strong>enim</strong></span> 
     </span>
    </p>
   </div>
   <div class='ocr_carea' id='block_1_34' title="bbox 527 3749 2106 3817">
    <p class='ocr_par' dir='ltr' id='par_1_34' title="bbox 527 3749 2106 3817">
     <span class='ocr_line' id='line_1_34' title="bbox 527 3749 2106 3817; baseline 0.008 -15"><span class='ocrx_word' id='word_1_219' title='bbox 527 3749 824 3805; x_wconf 85' lang='lat' dir='ltr'><strong>meditatur</strong></span> <span class='ocrx_word' id='word_1_220' title='bbox 879 3767 975 3806; x_wconf 91' lang='lat' dir='ltr'><strong>cor</strong></span> <span class='ocrx_word' id='word_1_221' title='bbox 1023 3766 1238 3817; x_wconf 89' lang='lat' dir='ltr'><strong>eorum,</strong></span> <span class='ocrx_word' id='word_1_222' title='bbox 1281 3760 1335 3807; x_wconf 91' lang='lat' dir='ltr'><strong>et</strong></span> <span class='ocrx_word' id='word_1_223' title='bbox 1388 3754 1670 3810; x_wconf 87' lang='lat' dir='ltr'><strong>molestias</strong></span> <span class='ocrx_word' id='word_1_224' title='bbox 1723 3756 1868 3813; x_wconf 86' lang='lat' dir='ltr'><strong>labia</strong></span> <span class='ocrx_word' id='word_1_225' title='bbox 1916 3775 2106 3815; x_wconf 90' lang='lat' dir='ltr'><strong>eorum</strong></span> 
     </span>
    </p>
   </div>
   <div class='ocr_carea' id='block_1_35' title="bbox 524 3839 847 3912">
    <p class='ocr_par' dir='ltr' id='par_1_35' title="bbox 524 3839 847 3912">
     <span class='ocr_line' id='line_1_35' title="bbox 524 3839 847 3912; baseline 0.006 -18"><span class='ocrx_word' id='word_1_226' title='bbox 524 3839 847 3912; x_wconf 82' lang='lat' dir='ltr'><strong>loquuntur.</strong></span> 
     </span>
    </p>
   </div>
   <div class='ocr_carea' id='block_1_36' title="bbox 601 3935 1962 4009">
    <p class='ocr_par' dir='ltr' id='par_1_36' title="bbox 601 3935 1962 4009">
     <span class='ocr_line' id='line_1_36' title="bbox 601 3935 1962 4009; baseline 0.008 -21"><span class='ocrx_word' id='word_1_227' title='bbox 601 3935 678 3990; x_wconf 86' lang='lat' dir='ltr'><strong>Ne</strong></span> <span class='ocrx_word' id='word_1_228' title='bbox 704 3936 979 3991; x_wconf 82' lang='lat' dir='ltr'><strong>deleCtare</strong></span> <span class='ocrx_word' id='word_1_229' title='bbox 1010 3937 1192 4005; x_wconf 83' lang='lat' dir='ltr'><strong>malis,</strong></span> <span class='ocrx_word' id='word_1_230' title='bbox 1235 3954 1336 3994; x_wconf 88' lang='lat' dir='ltr'><strong>nec</strong></span> <span class='ocrx_word' id='word_1_231' title='bbox 1367 3940 1650 4009; x_wconf 88' lang='lat' dir='ltr'><strong>improbos</strong></span> <span class='ocrx_word' id='word_1_232' title='bbox 1680 3943 1962 4000; x_wconf 74' lang='lat' dir='ltr'><strong>temulare.</strong></span> 
     </span>
    </p>
   </div>
   <div class='ocr_carea' id='block_1_37' title="bbox 595 4108 2108 4189">
    <p class='ocr_par' dir='ltr' id='par_1_37' title="bbox 595 4108 2108 4189">
     <span class='ocr_line' id='line_1_37' title="bbox 595 4108 2108 4189; baseline 0.013 -26"><span class='ocrx_word' id='word_1_233' title='bbox 595 4108 847 4165; x_wconf 82' lang='lat' dir='ltr'><strong>Proverb.</strong></span> <span class='ocrx_word' id='word_1_234' title='bbox 882 4127 958 4165; x_wconf 82' lang='lat' dir='ltr'><strong>tv.</strong></span> <span class='ocrx_word' id='word_1_235' title='bbox 995 4113 1121 4179; x_wconf 90' lang='lat' dir='ltr'><strong>Fili,</strong></span> <span class='ocrx_word' id='word_1_236' title='bbox 1152 4131 1218 4168; x_wconf 82' lang='lat' dir='ltr'><strong>ne</strong></span> <span class='ocrx_word' id='word_1_237' title='bbox 1247 4115 1381 4187; x_wconf 82' lang='lat' dir='ltr'><strong>legis</strong></span> <span class='ocrx_word' id='word_1_238' title='bbox 1413 4127 1850 4189; x_wconf 88' lang='lat' dir='ltr'><strong>contemptorum</strong></span> <span class='ocrx_word' id='word_1_239' title='bbox 1881 4126 1997 4180; x_wconf 89' lang='lat' dir='ltr'><strong>vias</strong></span> <span class='ocrx_word' id='word_1_240' title='bbox 2022 4141 2108 4182; x_wconf 86' lang='lat' dir='ltr'><strong>se-</strong></span> 
     </span>
    </p>
   </div>
   <div class='ocr_carea' id='block_1_38' title="bbox 522 4203 2106 4281">
    <p class='ocr_par' dir='ltr' id='par_1_38' title="bbox 522 4203 2106 4281">
     <span class='ocr_line' id='line_1_38' title="bbox 522 4203 2106 4281; baseline 0.013 -28"><span class='ocrx_word' id='word_1_241' title='bbox 522 4214 726 4269; x_wconf 85' lang='lat' dir='ltr'><strong>quare;</strong></span> <span class='ocrx_word' id='word_1_242' title='bbox 754 4203 1064 4272; x_wconf 90' lang='lat' dir='ltr'><strong>ubicunque</strong></span> <span class='ocrx_word' id='word_1_243' title='bbox 1094 4210 1466 4263; x_wconf 81' lang='lat' dir='ltr'><strong>castrametati</strong></span> <span class='ocrx_word' id='word_1_244' title='bbox 1505 4209 1726 4281; x_wconf 81' lang='lat' dir='ltr'><strong>fuerint,</strong></span> <span class='ocrx_word' id='word_1_245' title='bbox 1753 4229 1819 4270; x_wconf 87' lang='lat' dir='ltr'><strong>eo</strong></span> <span class='ocrx_word' id='word_1_246' title='bbox 1845 4232 1913 4272; x_wconf 90' lang='lat' dir='ltr'><strong>ne</strong></span> <span class='ocrx_word' id='word_1_247' title='bbox 1950 4233 2106 4274; x_wconf 89' lang='lat' dir='ltr'><strong>acce-</strong></span> 
     </span>
    </p>
   </div>
   <div class='ocr_carea' id='block_1_39' title="bbox 521 4293 2102 4368">
    <p class='ocr_par' dir='ltr' id='par_1_39' title="bbox 521 4293 2102 4368">
     <span class='ocr_line' id='line_1_39' title="bbox 521 4293 2102 4368; baseline 0.012 -23"><span class='ocrx_word' id='word_1_248' title='bbox 521 4294 645 4357; x_wconf 83' lang='lat' dir='ltr'><strong>das,</strong></span> <span class='ocrx_word' id='word_1_249' title='bbox 675 4293 890 4348; x_wconf 87' lang='lat' dir='ltr'><strong>declina</strong></span> <span class='ocrx_word' id='word_1_250' title='bbox 941 4295 1063 4351; x_wconf 90' lang='lat' dir='ltr'><strong>illos</strong></span> <span class='ocrx_word' id='word_1_251' title='bbox 1105 4305 1158 4351; x_wconf 89' lang='lat' dir='ltr'><strong>et</strong></span> <span class='ocrx_word' id='word_1_252' title='bbox 1210 4302 1466 4368; x_wconf 62' lang='lat' dir='ltr'><strong>prieteri;</strong></span> <span class='ocrx_word' id='word_1_253' title='bbox 1502 4317 1609 4358; x_wconf 91' lang='lat' dir='ltr'><strong>non</strong></span> <span class='ocrx_word' id='word_1_254' title='bbox 1667 4305 1814 4360; x_wconf 91' lang='lat' dir='ltr'><strong>enim</strong></span> <span class='ocrx_word' id='word_1_255' title='bbox 1850 4322 2102 4364; x_wconf 88' lang='lat' dir='ltr'><strong>somnum</strong></span> 
     </span>
    </p>
   </div>
   <div class='ocr_carea' id='block_1_40' title="bbox 521 4386 2100 4458">
    <p class='ocr_par' dir='ltr' id='par_1_40' title="bbox 521 4386 2100 4458">
     <span class='ocr_line' id='line_1_40' title="bbox 521 4386 2100 4458; baseline 0.013 -21"><span class='ocrx_word' id='word_1_256' title='bbox 521 4397 715 4454; x_wconf 85' lang='lat' dir='ltr'><strong>capere</strong></span> <span class='ocrx_word' id='word_1_257' title='bbox 745 4386 946 4452; x_wconf 87' lang='lat' dir='ltr'><strong>solent,</strong></span> <span class='ocrx_word' id='word_1_258' title='bbox 978 4389 1086 4444; x_wconf 91' lang='lat' dir='ltr'><strong>nisi</strong></span> <span class='ocrx_word' id='word_1_259' title='bbox 1113 4393 1527 4451; x_wconf 79' lang='lat' dir='ltr'><strong>malefecerint:</strong></span> <span class='ocrx_word' id='word_1_260' title='bbox 1562 4398 1839 4455; x_wconf 87' lang='lat' dir='ltr'><strong>detractus</strong></span> <span class='ocrx_word' id='word_1_261' title='bbox 1871 4409 1954 4456; x_wconf 91' lang='lat' dir='ltr'><strong>est</strong></span> <span class='ocrx_word' id='word_1_262' title='bbox 1993 4401 2100 4458; x_wconf 91' lang='lat' dir='ltr'><strong>illis</strong></span> 
     </span>
    </p>
   </div>
   <div class='ocr_carea' id='block_1_41' title="bbox 520 4475 2174 4563">
    <p class='ocr_par' dir='ltr' id='par_1_41' title="bbox 520 4475 2174 4563">
     <span class='ocr_line' id='line_1_41' title="bbox 520 4475 2174 4563; baseline 0.013 -33"><span class='ocrx_word' id='word_1_263' title='bbox 520 4491 768 4542; x_wconf 85' lang='lat' dir='ltr'><strong>somnus,</strong></span> <span class='ocrx_word' id='word_1_264' title='bbox 804 4495 905 4536; x_wconf 90' lang='lat' dir='ltr'><strong>nec</strong></span> <span class='ocrx_word' id='word_1_265' title='bbox 933 4482 1245 4551; x_wconf 80' lang='lat' dir='ltr'><strong>dormiunt.</strong></span> <span class='ocrx_word' id='word_1_266' title='bbox 1283 4485 1378 4540; x_wconf 85' lang='lat' dir='ltr'><strong>Isti</strong></span> <span class='ocrx_word' id='word_1_267' title='bbox 1423 4487 1570 4542; x_wconf 89' lang='lat' dir='ltr'><strong>enim</strong></span> <span class='ocrx_word' id='word_1_268' title='bbox 1618 4491 1756 4546; x_wconf 91' lang='lat' dir='ltr'><strong>cibis</strong></span> <span class='ocrx_word' id='word_1_269' title='bbox 1799 4491 2099 4563; x_wconf 89' lang='lat' dir='ltr'><strong>impietatis</strong></span> <span class='ocrx_word' id='word_1_270' title='bbox 2131 4475 2174 4529; x_wconf 80' lang='grc' dir='ltr'><strong>Ῑ)</strong></span> 
     </span>
    </p>
   </div>
   <div class='ocr_carea' id='block_1_42' title="bbox 518 4569 1743 4645">
    <p class='ocr_par' dir='ltr' id='par_1_42' title="bbox 518 4569 1743 4645">
     <span class='ocr_line' id='line_1_42' title="bbox 518 4569 1743 4645; baseline 0.011 -22"><span class='ocrx_word' id='word_1_271' title='bbox 518 4569 763 4638; x_wconf 80' lang='lat' dir='ltr'><strong>aluntur,</strong></span> <span class='ocrx_word' id='word_1_272' title='bbox 794 4583 846 4628; x_wconf 90' lang='lat' dir='ltr'><strong>et</strong></span> <span class='ocrx_word' id='word_1_273' title='bbox 879 4575 1002 4629; x_wconf 90' lang='lat' dir='ltr'><strong>vino</strong></span> <span class='ocrx_word' id='word_1_274' title='bbox 1035 4575 1342 4645; x_wconf 88' lang='lat' dir='ltr'><strong>iniquitatis</strong></span> <span class='ocrx_word' id='word_1_275' title='bbox 1375 4578 1743 4636; x_wconf 86' lang='lat' dir='ltr'><strong>inebriantur.</strong></span> 
     </span>
    </p>
   </div>
   <div class='ocr_carea' id='block_1_43' title="bbox 589 4659 2096 4746">
    <p class='ocr_par' dir='ltr' id='par_1_43' title="bbox 589 4659 2096 4746">
     <span class='ocr_line' id='line_1_43' title="bbox 589 4659 2096 4746; baseline 0.011 -30"><span class='ocrx_word' id='word_1_276' title='bbox 589 4659 886 4734; x_wconf 85' lang='lat' dir='ltr'><strong>lmpiorum</strong></span> <span class='ocrx_word' id='word_1_277' title='bbox 912 4667 1028 4722; x_wconf 89' lang='lat' dir='ltr'><strong>vias</strong></span> <span class='ocrx_word' id='word_1_278' title='bbox 1059 4683 1128 4724; x_wconf 90' lang='lat' dir='ltr'><strong>ne</strong></span> <span class='ocrx_word' id='word_1_279' title='bbox 1157 4669 1497 4740; x_wconf 76' lang='lat' dir='ltr'><strong>ingrediaris,</strong></span> <span class='ocrx_word' id='word_1_280' title='bbox 1543 4689 1643 4727; x_wconf 90' lang='lat' dir='ltr'><strong>nec</strong></span> <span class='ocrx_word' id='word_1_281' title='bbox 1672 4673 1920 4746; x_wconf 81' lang='lat' dir='ltr'><strong>exlegum</strong></span> <span class='ocrx_word' id='word_1_282' title='bbox 1953 4677 2096 4734; x_wconf 88' lang='lat' dir='ltr'><strong>viam</strong></span> 
     </span>
    </p>
   </div>
   <div class='ocr_carea' id='block_1_44' title="bbox 515 4769 750 4824">
    <p class='ocr_par' dir='ltr' id='par_1_44' title="bbox 515 4769 750 4824">
     <span class='ocr_line' id='line_1_44' title="bbox 515 4769 750 4824; baseline 0.026 -20"><span class='ocrx_word' id='word_1_283' title='bbox 515 4769 750 4824; x_wconf 67' lang='lat' dir='ltr'><strong>quaaras.</strong></span> 
     </span>
    </p>
   </div>
   <div class='ocr_carea' id='block_1_45' title="bbox 591 4848 2097 4927">
    <p class='ocr_par' dir='ltr' id='par_1_45' title="bbox 591 4848 2097 4927">
     <span class='ocr_line' id='line_1_45' title="bbox 591 4848 2097 4927; baseline 0.007 -26"><span class='ocrx_word' id='word_1_284' title='bbox 591 4848 756 4904; x_wconf 82' lang='lat' dir='ltr'><strong>Eccli.</strong></span> <span class='ocrx_word' id='word_1_285' title='bbox 789 4848 909 4904; x_wconf 88' lang='lat' dir='ltr'><strong>Noli</strong></span> <span class='ocrx_word' id='word_1_286' title='bbox 939 4851 1182 4905; x_wconf 69' lang='lat' dir='ltr'><strong>aemulari</strong></span> <span class='ocrx_word' id='word_1_287' title='bbox 1216 4853 1440 4922; x_wconf 81' lang='lat' dir='ltr'><strong>gloriam</strong></span> <span class='ocrx_word' id='word_1_288' title='bbox 1473 4855 1865 4912; x_wconf 88' lang='lat' dir='ltr'><strong>sceleratorum</strong></span> <span class='ocrx_word' id='word_1_289' title='bbox 1899 4875 1914 4914; x_wconf 87' lang='lat'>:</span> <span class='ocrx_word' id='word_1_290' title='bbox 1942 4857 2097 4927; x_wconf 81' lang='lat' dir='ltr'><strong>igno-</strong></span> 
     </span>
    </p>
   </div>
   <div class='ocr_carea' id='block_1_46' title="bbox 518 4943 1630 5013">
    <p class='ocr_par' dir='ltr' id='par_1_46' title="bbox 518 4943 1630 5013">
     <span class='ocr_line' id='line_1_46' title="bbox 518 4943 1630 5013; baseline 0.009 -21"><span class='ocrx_word' id='word_1_291' title='bbox 518 4956 608 4993; x_wconf 83' lang='lat' dir='ltr'><strong>ras</strong></span> <span class='ocrx_word' id='word_1_292' title='bbox 639 4944 780 4995; x_wconf 88' lang='lat' dir='ltr'><strong>enim</strong></span> <span class='ocrx_word' id='word_1_293' title='bbox 816 4943 945 5012; x_wconf 91' lang='lat' dir='ltr'><strong>quid</strong></span> <span class='ocrx_word' id='word_1_294' title='bbox 981 4943 1159 4997; x_wconf 78' lang='lat' dir='ltr'><strong>exitus</strong></span> <span class='ocrx_word' id='word_1_295' title='bbox 1193 4943 1436 5013; x_wconf 84' lang='lat' dir='ltr'><strong>ipsorum</strong></span> <span class='ocrx_word' id='word_1_296' title='bbox 1473 4946 1630 5002; x_wconf 87' lang='lat' dir='ltr'><strong>lerat.</strong></span> 
     </span>
    </p>
   </div>
   <div class='ocr_carea' id='block_1_47' title="bbox 585 5033 1887 5104">
    <p class='ocr_par' dir='ltr' id='par_1_47' title="bbox 585 5033 1887 5104">
     <span class='ocr_line' id='line_1_47' title="bbox 585 5033 1887 5104; baseline 0.005 -17"><span class='ocrx_word' id='word_1_297' title='bbox 585 5033 763 5087; x_wconf 76' lang='lat' dir='ltr'><strong>(Ia/at.</strong></span> <span class='ocrx_word' id='word_1_298' title='bbox 793 5050 866 5088; x_wconf 78' lang='grc' dir='ltr'><strong>ιν.</strong></span> <span class='ocrx_word' id='word_1_299' title='bbox 900 5033 1129 5104; x_wconf 88' lang='lat' dir='ltr'><strong>Semper</strong></span> <span class='ocrx_word' id='word_1_300' title='bbox 1160 5035 1317 5091; x_wconf 90' lang='lat' dir='ltr'><strong>decet</strong></span> <span class='ocrx_word' id='word_1_301' title='bbox 1347 5037 1595 5092; x_wconf 57' lang='lat' dir='ltr'><strong>aemulari</strong></span> <span class='ocrx_word' id='word_1_302' title='bbox 1638 5039 1887 5094; x_wconf 88' lang='lat' dir='ltr'><strong>honesta.</strong></span> 
     </span>
    </p>
   </div>
   <div class='ocr_carea' id='block_1_48' title="bbox 589 5122 2021 5197">
    <p class='ocr_par' dir='ltr' id='par_1_48' title="bbox 589 5122 2021 5197">
     <span class='ocr_line' id='line_1_48' title="bbox 589 5122 2021 5197; baseline 0.008 -21"><span class='ocrx_word' id='word_1_303' title='bbox 589 5122 651 5177; x_wconf 87' lang='lat' dir='ltr'><strong>S.</strong></span> <span class='ocrx_word' id='word_1_304' title='bbox 683 5124 893 5181; x_wconf 76' lang='lat' dir='ltr'><strong>Basilii.</strong></span> <span class='ocrx_word' id='word_1_305' title='bbox 926 5125 1116 5197; x_wconf 83' lang='lat' dir='ltr'><strong>Fugite</strong></span> <span class='ocrx_word' id='word_1_306' title='bbox 1143 5128 1475 5186; x_wconf 88' lang='lat' dir='ltr'><strong>imitationes</strong></span> <span class='ocrx_word' id='word_1_307' title='bbox 1505 5131 2021 5188; x_wconf 89' lang='lat' dir='ltr'><strong>condemnatorum.</strong></span> 
     </span>
    </p>
   </div>
   <div class='ocr_carea' id='block_1_49' title="bbox 588 5213 2094 5294">
    <p class='ocr_par' dir='ltr' id='par_1_49' title="bbox 588 5213 2094 5294">
     <span class='ocr_line' id='line_1_49' title="bbox 588 5213 2094 5294; baseline 0.009 -27"><span class='ocrx_word' id='word_1_308' title='bbox 588 5213 852 5286; x_wconf 80' lang='lat' dir='ltr'><strong>Theologi.</strong></span> <span class='ocrx_word' id='word_1_309' title='bbox 885 5218 1005 5273; x_wconf 80' lang='lat' dir='ltr'><strong>Noli</strong></span> <span class='ocrx_word' id='word_1_310' title='bbox 1046 5220 1347 5290; x_wconf 87' lang='lat' dir='ltr'><strong>quidquam</strong></span> <span class='ocrx_word' id='word_1_311' title='bbox 1375 5222 1618 5278; x_wconf 77' lang='lat' dir='ltr'><strong>aemulari</strong></span> <span class='ocrx_word' id='word_1_312' title='bbox 1669 5239 1858 5279; x_wconf 88' lang='lat' dir='ltr'><strong>eorum</strong></span> <span class='ocrx_word' id='word_1_313' title='bbox 1891 5225 2094 5294; x_wconf 88' lang='lat' dir='ltr'><strong>quibus</strong></span> 
     </span>
    </p>
   </div>
   <div class='ocr_carea' id='block_1_50' title="bbox 514 5310 1684 5382">
    <p class='ocr_par' dir='ltr' id='par_1_50' title="bbox 514 5310 1684 5382">
     <span class='ocr_line' id='line_1_50' title="bbox 514 5310 1684 5382; baseline 0.013 -25"><span class='ocrx_word' id='word_1_314' title='bbox 514 5321 620 5360; x_wconf 90' lang='lat' dir='ltr'><strong>non</strong></span> <span class='ocrx_word' id='word_1_315' title='bbox 656 5310 947 5376; x_wconf 83' lang='lat' dir='ltr'><strong>invidetur,</strong></span> <span class='ocrx_word' id='word_1_316' title='bbox 971 5315 1063 5368; x_wconf 89' lang='lat' dir='ltr'><strong>sed</strong></span> <span class='ocrx_word' id='word_1_317' title='bbox 1104 5314 1195 5382; x_wconf 90' lang='lat' dir='ltr'><strong>qui</strong></span> <span class='ocrx_word' id='word_1_318' title='bbox 1225 5316 1351 5370; x_wconf 89' lang='lat' dir='ltr'><strong>odio</strong></span> <span class='ocrx_word' id='word_1_319' title='bbox 1391 5316 1684 5372; x_wconf 87' lang='lat' dir='ltr'><strong>habentur.</strong></span> 
     </span>
    </p>
   </div>
   <div class='ocr_carea' id='block_1_51' title="bbox 582 5395 2083 5479">
    <p class='ocr_par' dir='ltr' id='par_1_51' title="bbox 582 5395 2083 5479">
     <span class='ocr_line' id='line_1_51' title="bbox 582 5395 2083 5479; baseline 0.012 -30"><span class='ocrx_word' id='word_1_320' title='bbox 582 5395 702 5452; x_wconf 86' lang='lat' dir='ltr'><strong>Noli</strong></span> <span class='ocrx_word' id='word_1_321' title='bbox 739 5401 979 5469; x_wconf 79' lang='lat' dir='ltr'><strong>cogitare</strong></span> <span class='ocrx_word' id='word_1_322' title='bbox 1006 5412 1057 5459; x_wconf 89' lang='lat' dir='ltr'><strong>te</strong></span> <span class='ocrx_word' id='word_1_323' title='bbox 1088 5407 1246 5462; x_wconf 88' lang='lat' dir='ltr'><strong>malis</strong></span> <span class='ocrx_word' id='word_1_324' title='bbox 1280 5407 1452 5463; x_wconf 87' lang='lat' dir='ltr'><strong>videri</strong></span> <span class='ocrx_word' id='word_1_325' title='bbox 1498 5409 1953 5479; x_wconf 65' lang='lat' dir='ltr'><strong>praestantiorem,</strong></span> <span class='ocrx_word' id='word_1_326' title='bbox 1990 5409 2083 5467; x_wconf 69' lang='lat' dir='ltr'><strong>sed</strong></span> 
     </span>
    </p>
   </div>
   <div class='ocr_carea' id='block_1_52' title="bbox 513 5487 1479 5561">
    <p class='ocr_par' dir='ltr' id='par_1_52' title="bbox 513 5487 1479 5561">
     <span class='ocr_line' id='line_1_52' title="bbox 513 5487 1479 5561; baseline 0.018 -24"><span class='ocrx_word' id='word_1_327' title='bbox 513 5487 728 5544; x_wconf 86' lang='lat' dir='ltr'><strong>tristare</strong></span> <span class='ocrx_word' id='word_1_328' title='bbox 762 5492 906 5561; x_wconf 88' lang='lat' dir='ltr'><strong>quod</strong></span> <span class='ocrx_word' id='word_1_329' title='bbox 936 5491 1012 5549; x_wconf 91' lang='lat' dir='ltr'><strong>sis</strong></span> <span class='ocrx_word' id='word_1_330' title='bbox 1042 5493 1200 5552; x_wconf 92' lang='lat' dir='ltr'><strong>bonis</strong></span> <span class='ocrx_word' id='word_1_331' title='bbox 1229 5497 1479 5554; x_wconf 86' lang='lat' dir='ltr'><strong>inferior.</strong></span> 
     </span>
    </p>
   </div>
   <div class='ocr_carea' id='block_1_53' title="bbox 1849 341 2556 413">
    <p class='ocr_par' dir='ltr' id='par_1_53' title="bbox 1849 341 2556 413">
     <span class='ocr_line' id='line_1_53' title="bbox 1849 341 2556 413; baseline 0.02 -14"><span class='ocrx_word' id='word_1_332' title='bbox 1849 341 2169 404; x_wconf 75' lang='lat' dir='ltr'><strong>ANTONII</strong></span> <span class='ocrx_word' id='word_1_333' title='bbox 2214 347 2556 413; x_wconf 64' lang='lat' dir='ltr'><strong>MELISSE</strong></span> 
     </span>
    </p>
   </div>
   <div class='ocr_carea' id='block_1_54' title="bbox 632 452 2214 527">
    <p class='ocr_par' dir='ltr' id='par_1_54' title="bbox 632 452 2214 527">
     <span class='ocr_line' id='line_1_54' title="bbox 632 452 2214 527; baseline 0.008 -25"><span class='ocrx_word' id='word_1_334' title='bbox 632 452 1051 510; x_wconf 58' lang='lat' dir='ltr'><strong>Consideremus</strong></span> <span class='ocrx_word' id='word_1_335' title='bbox 1086 455 1174 510; x_wconf 86' lang='lat' dir='ltr'><strong>alii</strong></span> <span class='ocrx_word' id='word_1_336' title='bbox 1212 454 1348 510; x_wconf 84' lang='lat' dir='ltr'><strong>alios</strong></span> <span class='ocrx_word' id='word_1_337' title='bbox 1377 458 1440 509; x_wconf 77' lang='lat' dir='ltr'><strong>ad</strong></span> <span class='ocrx_word' id='word_1_338' title='bbox 1479 455 1761 513; x_wconf 75' lang='lat' dir='ltr'><strong>clmitatis</strong></span> <span class='ocrx_word' id='word_1_339' title='bbox 1797 461 2138 527; x_wconf 88' lang='lat' dir='ltr'><strong>provocatio-</strong></span> <span class='ocrx_word' id='word_1_340' title='bbox 2166 460 2214 522; x_wconf 79' lang='grc' dir='ltr'>Α</span> 
     </span>
    </p>
   </div>
   <div class='ocr_carea' id='block_1_55' title="bbox 3657 374 3762 437">
    <p class='ocr_par' dir='ltr' id='par_1_55' title="bbox 3657 374 3762 437">
     <span class='ocr_line' id='line_1_55' title="bbox 3657 374 3762 437; baseline 0.019 -2"><span class='ocrx_word' id='word_1_341' title='bbox 3657 374 3671 435; x_wconf 89' lang='lat'><strong>1</strong></span> <span class='ocrx_word' id='word_1_342' title='bbox 3687 374 3762 437; x_wconf 52' lang='lat' dir='ltr'><strong>ita)</strong></span> 
     </span>
    </p>
   </div>
   <div class='ocr_carea' id='block_1_56' title="bbox 2324 469 3765 556">
    <p class='ocr_par' dir='ltr' id='par_1_56' title="bbox 2324 469 3765 556">
     <span class='ocr_line' id='line_1_56' title="bbox 2324 469 3765 556; baseline 0.015 -38"><span class='ocrx_word' id='word_1_343' title='bbox 2324 469 2363 519; x_wconf 81' lang='grc' dir='ltr'>Κ</span> <span class='ocrx_word' id='word_1_344' title='bbox 2379 473 2691 538; x_wconf 69' lang='grc' dir='ltr'>ατανοῶμεν</span> <span class='ocrx_word' id='word_1_345' title='bbox 2729 475 3012 545; x_wconf 79' lang='grc' dir='ltr'>ἀλλήλους,</span> <span class='ocrx_word' id='word_1_346' title='bbox 3092 480 3172 544; x_wconf 79' lang='grc' dir='ltr'><strong>εἰς</strong></span> <span class='ocrx_word' id='word_1_347' title='bbox 3211 481 3543 554; x_wconf 66' lang='grc' dir='ltr'>παροξυσμὸν</span> <span class='ocrx_word' id='word_1_348' title='bbox 3587 487 3765 556; x_wconf 71' lang='grc' dir='ltr'>ἀγάπης</span> 
     </span>
    </p>
   </div>
   <div class='ocr_carea' id='block_1_57' title="bbox 2244 560 2778 633">
    <p class='ocr_par' dir='ltr' id='par_1_57' title="bbox 2244 560 2778 633">
     <span class='ocr_line' id='line_1_57' title="bbox 2244 560 2778 633; baseline 0.021 -23"><span class='ocrx_word' id='word_1_349' title='bbox 2244 560 2337 610; x_wconf 72' lang='grc' dir='ltr'><strong>καὶ</strong></span> <span class='ocrx_word' id='word_1_350' title='bbox 2376 563 2555 612; x_wconf 83' lang='grc' dir='ltr'>καλῶν</span> <span class='ocrx_word' id='word_1_351' title='bbox 2583 565 2778 633; x_wconf 79' lang='grc' dir='ltr'>ἔργων.</span> 
     </span>
    </p>
   </div>
   <div class='ocr_carea' id='block_1_58' title="bbox 2310 652 3764 733">
    <p class='ocr_par' dir='ltr' id='par_1_58' title="bbox 2310 652 3764 733">
     <span class='ocr_line' id='line_1_58' title="bbox 2310 652 3764 733; baseline 0.015 -32"><span class='ocrx_word' id='word_1_352' title='bbox 2310 652 2695 720; x_wconf 77' lang='grc' dir='ltr'>Μνημονεύετε</span> <span class='ocrx_word' id='word_1_353' title='bbox 2743 660 2851 712; x_wconf 84' lang='grc' dir='ltr'><strong>τῶν</strong></span> <span class='ocrx_word' id='word_1_354' title='bbox 2897 662 3216 731; x_wconf 71' lang='grc' dir='ltr'><strong>ἡγουμένων</strong></span> <span class='ocrx_word' id='word_1_355' title='bbox 3250 668 3420 733; x_wconf 72' lang='grc' dir='ltr'>ὑμῶν,</span> <span class='ocrx_word' id='word_1_356' title='bbox 3468 669 3642 731; x_wconf 77' lang='grc' dir='ltr'>οἵτινες</span> <span class='ocrx_word' id='word_1_357' title='bbox 3665 672 3764 723; x_wconf 80' lang='grc' dir='ltr'>ἐλά-</span> 
     </span>
    </p>
   </div>
   <div class='ocr_carea' id='block_1_59' title="bbox 2239 743 3761 828">
    <p class='ocr_par' dir='ltr' id='par_1_59' title="bbox 2239 743 3761 828">
     <span class='ocr_line' id='line_1_59' title="bbox 2239 743 3761 828; baseline 0.012 -34"><span class='ocrx_word' id='word_1_358' title='bbox 2239 743 2411 810; x_wconf 88' lang='grc' dir='ltr'>λησαν</span> <span class='ocrx_word' id='word_1_359' title='bbox 2446 746 2572 814; x_wconf 78' lang='grc' dir='ltr'>ὑμῖν</span> <span class='ocrx_word' id='word_1_360' title='bbox 2630 749 2720 802; x_wconf 79' lang='grc' dir='ltr'><strong>τὸν</strong></span> <span class='ocrx_word' id='word_1_361' title='bbox 2755 749 2910 818; x_wconf 85' lang='grc' dir='ltr'>λόγον</span> <span class='ocrx_word' id='word_1_362' title='bbox 2939 754 3032 806; x_wconf 86' lang='grc' dir='ltr'><strong>τοῦ</strong></span> <span class='ocrx_word' id='word_1_363' title='bbox 3064 755 3219 818; x_wconf 79' lang='grc' dir='ltr'>Θεοῦ,</span> <span class='ocrx_word' id='word_1_364' title='bbox 3271 751 3344 810; x_wconf 83' lang='grc' dir='ltr'>ὧν</span> <span class='ocrx_word' id='word_1_365' title='bbox 3377 759 3761 828; x_wconf 61' lang='grc' dir='ltr'><strong>ἀναθεωροῦντες</strong></span> 
     </span>
    </p>
   </div>
   <div class='ocr_carea' id='block_1_60' title="bbox 2238 832 3736 916">
    <p class='ocr_par' dir='ltr' id='par_1_60' title="bbox 2238 832 3736 916">
     <span class='ocr_line' id='line_1_60' title="bbox 2238 832 3736 916; baseline 0.012 -30"><span class='ocrx_word' id='word_1_366' title='bbox 2238 832 2337 905; x_wconf 81' lang='grc' dir='ltr'>τὴν</span> <span class='ocrx_word' id='word_1_367' title='bbox 2375 836 2601 892; x_wconf 72' lang='grc' dir='ltr'>ἔκϐασιν</span> <span class='ocrx_word' id='word_1_368' title='bbox 2629 840 2726 907; x_wconf 85' lang='grc' dir='ltr'>τῆς</span> <span class='ocrx_word' id='word_1_369' title='bbox 2757 842 3125 912; x_wconf 66' lang='grc' dir='ltr'>ἀναστροφῆς,</span> <span class='ocrx_word' id='word_1_370' title='bbox 3165 849 3411 914; x_wconf 76' lang='grc' dir='ltr'>μιμεῖσθε</span> <span class='ocrx_word' id='word_1_371' title='bbox 3439 849 3532 916; x_wconf 81' lang='grc' dir='ltr'><strong>τὴν</strong></span> <span class='ocrx_word' id='word_1_372' title='bbox 3561 850 3736 904; x_wconf 84' lang='grc' dir='ltr'>πίστιν.</span> 
     </span>
    </p>
   </div>
   <div class='ocr_carea' id='block_1_61' title="bbox 2317 927 3762 1008">
    <p class='ocr_par' dir='ltr' id='par_1_61' title="bbox 2317 927 3762 1008">
     <span class='ocr_line' id='line_1_61' title="bbox 2317 927 3762 1008; baseline 0.01 -30"><span class='ocrx_word' id='word_1_373' title='bbox 2317 927 2615 999; x_wconf 79' lang='grc' dir='ltr'>Ἀγαπητὲ.</span> <span class='ocrx_word' id='word_1_374' title='bbox 2652 931 2727 1001; x_wconf 79' lang='grc' dir='ltr'><strong>μὴ</strong></span> <span class='ocrx_word' id='word_1_375' title='bbox 2760 934 2928 1002; x_wconf 86' lang='grc' dir='ltr'>μιμοῦ</span> <span class='ocrx_word' id='word_1_376' title='bbox 2960 935 3020 988; x_wconf 73' lang='grc' dir='ltr'><strong>τὸ</strong></span> <span class='ocrx_word' id='word_1_377' title='bbox 3078 939 3268 1000; x_wconf 72' lang='grc' dir='ltr'>κακον,</span> <span class='ocrx_word' id='word_1_378' title='bbox 3329 940 3458 992; x_wconf 82' lang='grc' dir='ltr'><strong>ἀλλὰ</strong></span> <span class='ocrx_word' id='word_1_379' title='bbox 3489 941 3544 992; x_wconf 81' lang='grc' dir='ltr'><strong>τὸ</strong></span> <span class='ocrx_word' id='word_1_380' title='bbox 3576 941 3762 1008; x_wconf 85' lang='grc' dir='ltr'>ἀγαθόν.</span> 
     </span>
    </p>
   </div>
   <div class='ocr_carea' id='block_1_62' title="bbox 2251 1018 3764 1099">
    <p class='ocr_par' dir='ltr' id='par_1_62' title="bbox 2251 1018 3764 1099">
     <span class='ocr_line' id='line_1_62' title="bbox 2251 1018 3764 1099; baseline 0.01 -27"><span class='ocrx_word' id='word_1_381' title='bbox 2251 1018 2308 1072; x_wconf 86' lang='lat'>&#39;0</span> <span class='ocrx_word' id='word_1_382' title='bbox 2333 1021 2678 1087; x_wconf 79' lang='grc' dir='ltr'>ἀγαθοποιῶν</span> <span class='ocrx_word' id='word_1_383' title='bbox 2730 1027 2793 1078; x_wconf 75' lang='grc' dir='ltr'>ἐκ</span> <span class='ocrx_word' id='word_1_384' title='bbox 2837 1025 2933 1080; x_wconf 78' lang='grc' dir='ltr'><strong>τοῦ</strong></span> <span class='ocrx_word' id='word_1_385' title='bbox 2978 1028 3112 1082; x_wconf 87' lang='grc' dir='ltr'>Θεοῦ</span> <span class='ocrx_word' id='word_1_386' title='bbox 3146 1032 3325 1099; x_wconf 81' lang='grc' dir='ltr'>ἐστιν,</span> <span class='ocrx_word' id='word_1_387' title='bbox 3357 1034 3384 1086; x_wconf 87' lang='grc' dir='ltr'>ὁ</span> <span class='ocrx_word' id='word_1_388' title='bbox 3415 1034 3468 1086; x_wconf 81' lang='grc' dir='ltr'>δὲ</span> <span class='ocrx_word' id='word_1_389' title='bbox 3498 1035 3764 1088; x_wconf 79' lang='grc' dir='ltr'>κακοποιῶν</span> 
     </span>
    </p>
   </div>
   <div class='ocr_carea' id='block_1_63' title="bbox 2235 1111 2872 1181">
    <p class='ocr_par' dir='ltr' id='par_1_63' title="bbox 2235 1111 2872 1181">
     <span class='ocr_line' id='line_1_63' title="bbox 2235 1111 2872 1181; baseline 0.011 -19"><span class='ocrx_word' id='word_1_390' title='bbox 2235 1111 2332 1179; x_wconf 82' lang='grc' dir='ltr'>οὐχ</span> <span class='ocrx_word' id='word_1_391' title='bbox 2356 1111 2567 1181; x_wconf 78' lang='grc' dir='ltr'>ἑώρακε</span> <span class='ocrx_word' id='word_1_392' title='bbox 2599 1114 2689 1166; x_wconf 76' lang='grc' dir='ltr'><strong>τὸν</strong></span> <span class='ocrx_word' id='word_1_393' title='bbox 2715 1114 2872 1170; x_wconf 81' lang='grc' dir='ltr'>Θεόν.</span> 
     </span>
    </p>
   </div>
   <div class='ocr_carea' id='block_1_64' title="bbox 2322 1203 3766 1283">
    <p class='ocr_par' dir='ltr' id='par_1_64' title="bbox 2322 1203 3766 1283">
     <span class='ocr_line' id='line_1_64' title="bbox 2322 1203 3766 1283; baseline 0.007 -27"><span class='ocrx_word' id='word_1_394' title='bbox 2322 1203 2384 1256; x_wconf 85' lang='lat' dir='ltr'><strong>&#39;Il</strong></span> <span class='ocrx_word' id='word_1_395' title='bbox 2425 1204 2655 1274; x_wconf 88' lang='grc' dir='ltr'>μίμησις</span> <span class='ocrx_word' id='word_1_396' title='bbox 2699 1206 2974 1273; x_wconf 85' lang='grc' dir='ltr'>οίκείωσίς</span> <span class='ocrx_word' id='word_1_397' title='bbox 3003 1210 3140 1278; x_wconf 74' lang='grc' dir='ltr'>ἐστι,</span> <span class='ocrx_word' id='word_1_398' title='bbox 3191 1211 3285 1264; x_wconf 73' lang='grc' dir='ltr'><strong>καὶ</strong></span> <span class='ocrx_word' id='word_1_399' title='bbox 3314 1210 3560 1266; x_wconf 79' lang='grc' dir='ltr'>συνάπτει</span> <span class='ocrx_word' id='word_1_400' title='bbox 3590 1211 3706 1283; x_wconf 80' lang='grc' dir='ltr'>πρὸς</span> <span class='ocrx_word' id='word_1_401' title='bbox 3743 1211 3766 1266; x_wconf 84' lang='grc' dir='ltr'><strong>ὃ</strong></span> 
     </span>
    </p>
   </div>
   <div class='ocr_carea' id='block_1_65' title="bbox 2238 1296 3009 1368">
    <p class='ocr_par' dir='ltr' id='par_1_65' title="bbox 2238 1296 3009 1368">
     <span class='ocr_line' id='line_1_65' title="bbox 2238 1296 3009 1368; baseline 0.014 -23"><span class='ocrx_word' id='word_1_402' title='bbox 2238 1296 2495 1364; x_wconf 81' lang='grc' dir='ltr'>μιμεῖται</span> <span class='ocrx_word' id='word_1_403' title='bbox 2525 1297 2616 1348; x_wconf 71' lang='grc' dir='ltr'><strong>τὸν</strong></span> <span class='ocrx_word' id='word_1_404' title='bbox 2649 1297 3009 1368; x_wconf 75' lang='grc' dir='ltr'>μιμούμενον.</span> 
     </span>
    </p>
   </div>
   <div class='ocr_carea' id='block_1_66' title="bbox 2319 1388 3764 1464">
    <p class='ocr_par' dir='ltr' id='par_1_66' title="bbox 2319 1388 3764 1464">
     <span class='ocr_line' id='line_1_66' title="bbox 2319 1388 3764 1464; baseline 0.006 -24"><span class='ocrx_word' id='word_1_405' title='bbox 2319 1388 2446 1440; x_wconf 64' lang='grc' dir='ltr'><strong>Ἐὰν</strong></span> <span class='ocrx_word' id='word_1_406' title='bbox 2469 1389 2584 1459; x_wconf 75' lang='grc' dir='ltr'>ἴδῃς</span> <span class='ocrx_word' id='word_1_407' title='bbox 2618 1390 2827 1442; x_wconf 67' lang='grc' dir='ltr'>ἐθνικδν</span> <span class='ocrx_word' id='word_1_408' title='bbox 2867 1392 2981 1458; x_wconf 85' lang='grc' dir='ltr'>βίου</span> <span class='ocrx_word' id='word_1_409' title='bbox 3030 1393 3310 1464; x_wconf 83' lang='grc' dir='ltr'>σώφρονος</span> <span class='ocrx_word' id='word_1_410' title='bbox 3344 1398 3434 1449; x_wconf 75' lang='grc' dir='ltr'><strong>καὶ</strong></span> <span class='ocrx_word' id='word_1_411' title='bbox 3479 1396 3570 1464; x_wconf 81' lang='grc' dir='ltr'><strong>τῆς</strong></span> <span class='ocrx_word' id='word_1_412' title='bbox 3601 1395 3764 1462; x_wconf 78' lang='grc' dir='ltr'>λοιπῆς</span> 
     </span>
    </p>
   </div>
   <div class='ocr_carea' id='block_1_67' title="bbox 2233 1475 3755 1555">
    <p class='ocr_par' dir='ltr' id='par_1_67' title="bbox 2233 1475 3755 1555">
     <span class='ocr_line' id='line_1_67' title="bbox 2233 1475 3755 1555; baseline 0.003 -22"><span class='ocrx_word' id='word_1_413' title='bbox 2233 1480 2372 1533; x_wconf 79' lang='grc' dir='ltr'>κατὰ</span> <span class='ocrx_word' id='word_1_414' title='bbox 2407 1479 2466 1533; x_wconf 76' lang='grc' dir='ltr'>τὸ</span> <span class='ocrx_word' id='word_1_415' title='bbox 2494 1475 2624 1550; x_wconf 80' lang='grc' dir='ltr'>ἦθος</span> <span class='ocrx_word' id='word_1_416' title='bbox 2664 1481 2916 1546; x_wconf 74' lang='grc' dir='ltr'>εὐταξίας</span> <span class='ocrx_word' id='word_1_417' title='bbox 2949 1486 3380 1555; x_wconf 72' lang='grc' dir='ltr'>ἐπιμελούμενον</span> <span class='ocrx_word' id='word_1_418' title='bbox 3431 1488 3579 1541; x_wconf 80' lang='grc' dir='ltr'>πλέον</span> <span class='ocrx_word' id='word_1_419' title='bbox 3626 1504 3755 1540; x_wconf 80' lang='grc' dir='ltr'>σεαυ-</span> 
     </span>
    </p>
   </div>
   <div class='ocr_carea' id='block_1_68' title="bbox 2232 1571 3761 1650">
    <p class='ocr_par' dir='ltr' id='par_1_68' title="bbox 2232 1571 3761 1650">
     <span class='ocr_line' id='line_1_68' title="bbox 2232 1571 3761 1650; baseline 0.005 -26"><span class='ocrx_word' id='word_1_420' title='bbox 2232 1571 2347 1634; x_wconf 87' lang='grc' dir='ltr'>τοῦ,</span> <span class='ocrx_word' id='word_1_421' title='bbox 2410 1571 2469 1624; x_wconf 66' lang='grc' dir='ltr'>τὸ</span> <span class='ocrx_word' id='word_1_422' title='bbox 2521 1573 2807 1628; x_wconf 83' lang='grc' dir='ltr'>σπουδαῖον</span> <span class='ocrx_word' id='word_1_423' title='bbox 2861 1576 3154 1642; x_wconf 78' lang='grc' dir='ltr'>ἐπίτεινον,</span> <span class='ocrx_word' id='word_1_424' title='bbox 3207 1579 3292 1632; x_wconf 84' lang='grc' dir='ltr'><strong>ἴνα</strong></span> <span class='ocrx_word' id='word_1_425' title='bbox 3331 1581 3457 1650; x_wconf 81' lang='grc' dir='ltr'>γένῃ</span> <span class='ocrx_word' id='word_1_426' title='bbox 3511 1579 3761 1648; x_wconf 72' lang='grc' dir='ltr'>παριπλή·</span> 
     </span>
    </p>
   </div>
   <div class='ocr_carea' id='block_1_69' title="bbox 2234 1667 3762 1742">
    <p class='ocr_par' dir='ltr' id='par_1_69' title="bbox 2234 1667 3762 1742">
     <span class='ocr_line' id='line_1_69' title="bbox 2234 1667 3762 1742; baseline 0.003 -25"><span class='ocrx_word' id='word_1_427' title='bbox 2234 1680 2347 1719; x_wconf 81' lang='grc' dir='ltr'>σιος</span> <span class='ocrx_word' id='word_1_428' title='bbox 2411 1668 2476 1735; x_wconf 84' lang='grc' dir='ltr'>τῇ</span> <span class='ocrx_word' id='word_1_429' title='bbox 2537 1667 2876 1738; x_wconf 76' lang='grc' dir='ltr'>καρποφόρῳ</span> <span class='ocrx_word' id='word_1_430' title='bbox 2932 1672 3111 1740; x_wconf 79' lang='grc' dir='ltr'>συκῇ,</span> <span class='ocrx_word' id='word_1_431' title='bbox 3176 1671 3240 1725; x_wconf 80' lang='grc' dir='ltr'>ἐκ</span> <span class='ocrx_word' id='word_1_432' title='bbox 3291 1673 3390 1742; x_wconf 85' lang='grc' dir='ltr'><strong>τῆς</strong></span> <span class='ocrx_word' id='word_1_433' title='bbox 3439 1673 3538 1726; x_wconf 88' lang='grc' dir='ltr'><strong>τῶν</strong></span> <span class='ocrx_word' id='word_1_434' title='bbox 3593 1671 3762 1742; x_wconf 81' lang='grc' dir='ltr'><strong>ἀγρίων</strong></span> 
     </span>
    </p>
   </div>
   <div class='ocr_carea' id='block_1_70' title="bbox 2233 1758 3761 1835">
    <p class='ocr_par' dir='ltr' id='par_1_70' title="bbox 2233 1758 3761 1835">
     <span class='ocr_line' id='line_1_70' title="bbox 2233 1758 3761 1835; baseline 0.004 -27"><span class='ocrx_word' id='word_1_435' title='bbox 2233 1758 2531 1826; x_wconf 77' lang='grc' dir='ltr'>παρουσίας</span> <span class='ocrx_word' id='word_1_436' title='bbox 2566 1759 2997 1832; x_wconf 76' lang='grc' dir='ltr'>συναθροιζούσῃ</span> <span class='ocrx_word' id='word_1_437' title='bbox 3023 1763 3123 1833; x_wconf 79' lang='grc' dir='ltr'><strong>τὴν</strong></span> <span class='ocrx_word' id='word_1_438' title='bbox 3152 1763 3405 1834; x_wconf 79' lang='grc' dir='ltr'>δύναμιν,</span> <span class='ocrx_word' id='word_1_439' title='bbox 3439 1764 3527 1818; x_wconf 77' lang='grc' dir='ltr'>καὶ</span> <span class='ocrx_word' id='word_1_440' title='bbox 3570 1764 3655 1835; x_wconf 79' lang='grc' dir='ltr'>τὴν</span> <span class='ocrx_word' id='word_1_441' title='bbox 3680 1763 3761 1832; x_wconf 79' lang='grc' dir='ltr'>μὲν</span> 
     </span>
    </p>
   </div>
   <div class='ocr_carea' id='block_1_71' title="bbox 2229 1847 3758 1925">
    <p class='ocr_par' dir='ltr' id='par_1_71' title="bbox 2229 1847 3758 1925">
     <span class='ocr_line' id='line_1_71' title="bbox 2229 1847 3758 1925; baseline 0.004 -25"><span class='ocrx_word' id='word_1_442' title='bbox 2229 1847 2388 1918; x_wconf 79' lang='grc' dir='ltr'>ῥύσιν</span> <span class='ocrx_word' id='word_1_443' title='bbox 2413 1851 2708 1921; x_wconf 81' lang='grc' dir='ltr'>ὲπεχούσῃ.</span> <span class='ocrx_word' id='word_1_444' title='bbox 2744 1851 3166 1924; x_wconf 79' lang='grc' dir='ltr'>ἐπιμελέστερον</span> <span class='ocrx_word' id='word_1_445' title='bbox 3204 1855 3260 1909; x_wconf 80' lang='grc' dir='ltr'><strong>δὲ</strong></span> <span class='ocrx_word' id='word_1_446' title='bbox 3294 1857 3416 1918; x_wconf 78' lang='grc' dir='ltr'>τοὺς</span> <span class='ocrx_word' id='word_1_447' title='bbox 3444 1855 3665 1925; x_wconf 84' lang='grc' dir='ltr'>καρποὺς</span> <span class='ocrx_word' id='word_1_448' title='bbox 3685 1853 3758 1906; x_wconf 52' lang='grc' dir='ltr'><strong>ἑκ.</strong></span> 
     </span>
    </p>
   </div>
   <div class='ocr_carea' id='block_1_72' title="bbox 2226 1941 2570 2013">
    <p class='ocr_par' dir='ltr' id='par_1_72' title="bbox 2226 1941 2570 2013">
     <span class='ocr_line' id='line_1_72' title="bbox 2226 1941 2570 2013; baseline 0.003 -19"><span class='ocrx_word' id='word_1_449' title='bbox 2226 1941 2423 2012; x_wconf 71' lang='grc' dir='ltr'>τρεφού</span> <span class='ocrx_word' id='word_1_450' title='bbox 2433 1958 2519 2013; x_wconf 81' lang='grc' dir='ltr'>σῃ.</span> <span class='ocrx_word' id='word_1_451' title='bbox 2567 1941 2570 1943; x_wconf 48' lang='grc'>“</span> 
     </span>
    </p>
   </div>
   <div class='ocr_carea' id='block_1_73' title="bbox 2820 2037 3219 2107">
    <p class='ocr_par' dir='ltr' id='par_1_73' title="bbox 2820 2037 3219 2107">
     <span class='ocr_line' id='line_1_73' title="bbox 2820 2037 3219 2107; baseline 0.01 -17"><span class='ocrx_word' id='word_1_452' title='bbox 2820 2038 3048 2091; x_wconf 87' lang='grc' dir='ltr'><strong>ΛΟΓΟΣ</strong></span> <span class='ocrx_word' id='word_1_453' title='bbox 3078 2037 3219 2107; x_wconf 60' lang='lat' dir='ltr'><strong>sq&quot;.</strong></span> 
     </span>
    </p>
   </div>
   <div class='ocr_carea' id='block_1_74' title="bbox 2438 2126 3585 2200">
    <p class='ocr_par' dir='ltr' id='par_1_74' title="bbox 2438 2126 3585 2200">
     <span class='ocr_line' id='line_1_74' title="bbox 2438 2126 3585 2200; baseline 0.005 -20"><span class='ocrx_word' id='word_1_454' title='bbox 2438 2126 2576 2195; x_wconf 75' lang='grc' dir='ltr'>Περὶ</span> <span class='ocrx_word' id='word_1_455' title='bbox 2621 2127 2805 2194; x_wconf 72' lang='grc' dir='ltr'>ζήλου</span> <span class='ocrx_word' id='word_1_456' title='bbox 2837 2129 2938 2182; x_wconf 80' lang='grc' dir='ltr'>καὶ</span> <span class='ocrx_word' id='word_1_457' title='bbox 2968 2132 3283 2199; x_wconf 77' lang='grc' dir='ltr'>μιμήσεως</span> <span class='ocrx_word' id='word_1_458' title='bbox 3311 2129 3585 2200; x_wconf 69' lang='grc' dir='ltr'>πονηρᾶςξ</span> 
     </span>
    </p>
   </div>
   <div class='ocr_carea' id='block_1_75' title="bbox 2308 2218 3758 2292">
    <p class='ocr_par' dir='ltr' id='par_1_75' title="bbox 2308 2218 3758 2292">
     <span class='ocr_line' id='line_1_75' title="bbox 2308 2218 3758 2292; baseline -0.001 -19"><span class='ocrx_word' id='word_1_459' title='bbox 2308 2218 2452 2287; x_wconf 84' lang='grc' dir='ltr'><strong>Ἐγὼ</strong></span> <span class='ocrx_word' id='word_1_460' title='bbox 2471 2218 2674 2288; x_wconf 82' lang='grc' dir='ltr'>Κύριος</span> <span class='ocrx_word' id='word_1_461' title='bbox 2701 2222 2729 2272; x_wconf 86' lang='grc' dir='ltr'><strong>ό</strong></span> <span class='ocrx_word' id='word_1_462' title='bbox 2762 2219 2897 2283; x_wconf 70' lang='grc' dir='ltr'>Θεὸς</span> <span class='ocrx_word' id='word_1_463' title='bbox 2919 2221 3099 2291; x_wconf 84' lang='grc' dir='ltr'>ὑμῶν·</span> <span class='ocrx_word' id='word_1_464' title='bbox 3146 2225 3294 2276; x_wconf 83' lang='grc' dir='ltr'>κατὰ</span> <span class='ocrx_word' id='word_1_465' title='bbox 3321 2224 3384 2276; x_wconf 74' lang='grc' dir='ltr'><strong>τὰ</strong></span> <span class='ocrx_word' id='word_1_466' title='bbox 3405 2221 3758 2292; x_wconf 72' lang='grc' dir='ltr'>ἐπιτηδεύματα</span> 
     </span>
    </p>
   </div>
   <div class='ocr_carea' id='block_1_76' title="bbox 2225 2306 3755 2386">
    <p class='ocr_par' dir='ltr' id='par_1_76' title="bbox 2225 2306 3755 2386">
     <span class='ocr_line' id='line_1_76' title="bbox 2225 2306 3755 2386; baseline 0 -23"><span class='ocrx_word' id='word_1_467' title='bbox 2225 2310 2328 2379; x_wconf 80' lang='grc' dir='ltr'>τῆς</span> <span class='ocrx_word' id='word_1_468' title='bbox 2359 2310 2638 2378; x_wconf 79' lang='grc' dir='ltr'>Αἰγύπτου</span> <span class='ocrx_word' id='word_1_469' title='bbox 2662 2311 2718 2363; x_wconf 84' lang='grc' dir='ltr'><strong>ὲν</strong></span> <span class='ocrx_word' id='word_1_470' title='bbox 2811 2315 3184 2383; x_wconf 82' lang='grc' dir='ltr'>παρῳκήσατε</span> <span class='ocrx_word' id='word_1_471' title='bbox 3219 2315 3307 2368; x_wconf 72' lang='grc' dir='ltr'><strong>ἐπ’</strong></span> <span class='ocrx_word' id='word_1_472' title='bbox 3334 2315 3517 2384; x_wconf 82' lang='grc' dir='ltr'>αὐτῆς,</span> <span class='ocrx_word' id='word_1_473' title='bbox 3545 2315 3598 2366; x_wconf 76' lang='grc' dir='ltr'><strong>ού</strong></span> <span class='ocrx_word' id='word_1_474' title='bbox 3628 2313 3755 2378; x_wconf 77' lang='grc' dir='ltr'>ποιή-</span> 
     </span>
    </p>
   </div>
   <div class='ocr_carea' id='block_1_77' title="bbox 2227 2401 3754 2473">
    <p class='ocr_par' dir='ltr' id='par_1_77' title="bbox 2227 2401 3754 2473">
     <span class='ocr_line' id='line_1_77' title="bbox 2227 2401 3754 2473; baseline 0.001 -20"><span class='ocrx_word' id='word_1_475' title='bbox 2227 2418 2350 2454; x_wconf 78' lang='grc' dir='ltr'>σετε</span> <span class='ocrx_word' id='word_1_476' title='bbox 2370 2418 2384 2433; x_wconf 76' lang='grc' dir='ltr'><strong>ο</strong></span> <span class='ocrx_word' id='word_1_477' title='bbox 2411 2401 2506 2455; x_wconf 74' lang='grc' dir='ltr'><strong>καὶ</strong></span> <span class='ocrx_word' id='word_1_478' title='bbox 2535 2403 2677 2454; x_wconf 80' lang='grc' dir='ltr'>κατὰ</span> <span class='ocrx_word' id='word_1_479' title='bbox 2703 2405 2769 2456; x_wconf 79' lang='grc' dir='ltr'><strong>τὰ</strong></span> <span class='ocrx_word' id='word_1_480' title='bbox 2797 2404 3208 2473; x_wconf 79' lang='grc' dir='ltr'>ἐπιτηδεύματα</span> <span class='ocrx_word' id='word_1_481' title='bbox 3231 2406 3331 2473; x_wconf 78' lang='grc' dir='ltr'>γῆς</span> <span class='ocrx_word' id='word_1_482' title='bbox 3357 2406 3582 2468; x_wconf 78' lang='grc' dir='ltr'>Χαναὰν,</span> <span class='ocrx_word' id='word_1_483' title='bbox 3617 2403 3684 2464; x_wconf 82' lang='grc' dir='ltr'><strong>είς</strong></span> <span class='ocrx_word' id='word_1_484' title='bbox 3703 2401 3754 2471; x_wconf 74' lang='grc' dir='ltr'>ἢν</span> 
     </span>
    </p>
   </div>
   <div class='ocr_carea' id='block_1_78' title="bbox 2224 2493 3756 2566">
    <p class='ocr_par' dir='ltr' id='par_1_78' title="bbox 2224 2493 3756 2566">
     <span class='ocr_line' id='line_1_78' title="bbox 2224 2493 3756 2566; baseline -0.001 -21"><span class='ocrx_word' id='word_1_485' title='bbox 2224 2493 2336 2558; x_wconf 82' lang='grc' dir='ltr'><strong>ἐγὼ</strong></span> <span class='ocrx_word' id='word_1_486' title='bbox 2362 2493 2643 2561; x_wconf 77' lang='grc' dir='ltr'>εἰσαγάγω</span> <span class='ocrx_word' id='word_1_487' title='bbox 2674 2494 2818 2561; x_wconf 77' lang='grc' dir='ltr'>ὑμᾶς</span> <span class='ocrx_word' id='word_1_488' title='bbox 2848 2495 2985 2558; x_wconf 76' lang='grc' dir='ltr'>ἐκεῖ,</span> <span class='ocrx_word' id='word_1_489' title='bbox 3027 2496 3088 2548; x_wconf 83' lang='grc' dir='ltr'><strong>οὐ</strong></span> <span class='ocrx_word' id='word_1_490' title='bbox 3121 2499 3405 2566; x_wconf 79' lang='grc' dir='ltr'>ποιήσετε,</span> <span class='ocrx_word' id='word_1_491' title='bbox 3449 2495 3538 2550; x_wconf 79' lang='grc' dir='ltr'>καὶ</span> <span class='ocrx_word' id='word_1_492' title='bbox 3563 2497 3661 2558; x_wconf 81' lang='grc' dir='ltr'>τοῖς</span> <span class='ocrx_word' id='word_1_493' title='bbox 3687 2510 3756 2545; x_wconf 82' lang='grc' dir='ltr'>νο·</span> 
     </span>
    </p>
   </div>
   <div class='ocr_carea' id='block_1_79' title="bbox 2225 2584 3749 2659">
    <p class='ocr_par' dir='ltr' id='par_1_79' title="bbox 2225 2584 3749 2659">
     <span class='ocr_line' id='line_1_79' title="bbox 2225 2584 3749 2659; baseline -0.001 -21"><span class='ocrx_word' id='word_1_494' title='bbox 2225 2586 2414 2656; x_wconf 81' lang='grc' dir='ltr'>μίμοις</span> <span class='ocrx_word' id='word_1_495' title='bbox 2441 2586 2620 2640; x_wconf 84' lang='grc' dir='ltr'>αὐτῶν</span> <span class='ocrx_word' id='word_1_496' title='bbox 2655 2587 2716 2639; x_wconf 81' lang='grc' dir='ltr'><strong>ού</strong></span> <span class='ocrx_word' id='word_1_497' title='bbox 2743 2587 3100 2656; x_wconf 81' lang='grc' dir='ltr'>πορεύσεσθε,</span> <span class='ocrx_word' id='word_1_498' title='bbox 3142 2587 3235 2641; x_wconf 78' lang='grc' dir='ltr'>ἵνα</span> <span class='ocrx_word' id='word_1_499' title='bbox 3271 2589 3345 2659; x_wconf 79' lang='grc' dir='ltr'>μὴ</span> <span class='ocrx_word' id='word_1_500' title='bbox 3388 2586 3689 2659; x_wconf 77' lang='grc' dir='ltr'>προσοχθὲσῃ</span> <span class='ocrx_word' id='word_1_501' title='bbox 3723 2584 3749 2651; x_wconf 84' lang='grc' dir='ltr'><strong>ή</strong></span> 
     </span>
    </p>
   </div>
   <div class='ocr_carea' id='block_1_80' title="bbox 2219 2677 3753 2750">
    <p class='ocr_par' dir='ltr' id='par_1_80' title="bbox 2219 2677 3753 2750">
     <span class='ocr_line' id='line_1_80' title="bbox 2219 2677 3753 2750; baseline 0 -21"><span class='ocrx_word' id='word_1_502' title='bbox 2219 2679 2290 2746; x_wconf 86' lang='grc' dir='ltr'>γῆ</span> <span class='ocrx_word' id='word_1_503' title='bbox 2325 2678 2478 2747; x_wconf 79' lang='grc' dir='ltr'>ὑμῖν,</span> <span class='ocrx_word' id='word_1_504' title='bbox 2517 2677 2700 2742; x_wconf 80' lang='grc' dir='ltr'>καθὼς</span> <span class='ocrx_word' id='word_1_505' title='bbox 2736 2681 3113 2750; x_wconf 81' lang='grc' dir='ltr'>προσώχθισεν</span> <span class='ocrx_word' id='word_1_506' title='bbox 3143 2682 3208 2733; x_wconf 84' lang='grc' dir='ltr'>ὲν</span> <span class='ocrx_word' id='word_1_507' title='bbox 3241 2683 3352 2745; x_wconf 83' lang='grc' dir='ltr'>τοῖς</span> <span class='ocrx_word' id='word_1_508' title='bbox 3384 2679 3683 2750; x_wconf 78' lang='grc' dir='ltr'>καθημένοις</span> <span class='ocrx_word' id='word_1_509' title='bbox 3705 2678 3753 2730; x_wconf 73' lang='grc' dir='ltr'>ἐν</span> 
     </span>
    </p>
   </div>
   <div class='ocr_carea' id='block_1_81' title="bbox 2220 2772 2384 2841">
    <p class='ocr_par' dir='ltr' id='par_1_81' title="bbox 2220 2772 2384 2841">
     <span class='ocr_line' id='line_1_81' title="bbox 2220 2772 2384 2841; baseline 0.012 -17"><span class='ocrx_word' id='word_1_510' title='bbox 2220 2772 2384 2841; x_wconf 81' lang='grc' dir='ltr'>αὐτῇ.</span> 
     </span>
    </p>
   </div>
   <div class='ocr_carea' id='block_1_82' title="bbox 2287 2860 3752 2936">
    <p class='ocr_par' dir='ltr' id='par_1_82' title="bbox 2287 2860 3752 2936">
     <span class='ocr_line' id='line_1_82' title="bbox 2287 2860 3752 2936; baseline -0.004 -19"><span class='ocrx_word' id='word_1_511' title='bbox 2287 2863 2574 2934; x_wconf 75' lang='grc' dir='ltr'>Μακάριος</span> <span class='ocrx_word' id='word_1_512' title='bbox 2608 2860 2766 2933; x_wconf 83' lang='grc' dir='ltr'>ἀνὴρ,</span> <span class='ocrx_word' id='word_1_513' title='bbox 2796 2861 2854 2925; x_wconf 79' lang='grc' dir='ltr'>ὃς</span> <span class='ocrx_word' id='word_1_514' title='bbox 2882 2862 2980 2915; x_wconf 73' lang='grc' dir='ltr'><strong>οὐκ</strong></span> <span class='ocrx_word' id='word_1_515' title='bbox 3000 2864 3274 2936; x_wconf 80' lang='grc' dir='ltr'>ἐπορεύθη</span> <span class='ocrx_word' id='word_1_516' title='bbox 3302 2867 3358 2918; x_wconf 84' lang='grc' dir='ltr'>ὲν</span> <span class='ocrx_word' id='word_1_517' title='bbox 3376 2865 3531 2936; x_wconf 82' lang='grc' dir='ltr'>βουλῇ</span> <span class='ocrx_word' id='word_1_518' title='bbox 3555 2860 3752 2923; x_wconf 72' lang='grc' dir='ltr'>ἀσεϐῶν,</span> 
     </span>
    </p>
   </div>
   <div class='ocr_carea' id='block_1_83' title="bbox 2220 2940 3751 3028">
    <p class='ocr_par' dir='ltr' id='par_1_83' title="bbox 2220 2940 3751 3028">
     <span class='ocr_line' id='line_1_83' title="bbox 2220 2940 3751 3028; baseline -0.003 -20"><span class='ocrx_word' id='word_1_519' title='bbox 2220 2955 2315 3008; x_wconf 82' lang='grc' dir='ltr'><strong>καὶ</strong></span> <span class='ocrx_word' id='word_1_520' title='bbox 2347 2956 2404 3007; x_wconf 87' lang='grc' dir='ltr'>ὲν</span> <span class='ocrx_word' id='word_1_521' title='bbox 2436 2955 2538 3023; x_wconf 87' lang='grc' dir='ltr'>όδῴ</span> <span class='ocrx_word' id='word_1_522' title='bbox 2571 2940 2920 3024; x_wconf 76' lang='grc' dir='ltr'>ἁμαρτωλῶν</span> <span class='ocrx_word' id='word_1_523' title='bbox 2955 2955 3055 3007; x_wconf 78' lang='grc' dir='ltr'><strong>οὐκ</strong></span> <span class='ocrx_word' id='word_1_524' title='bbox 3083 2954 3241 3028; x_wconf 75' lang='grc' dir='ltr'>ἔστη,</span> <span class='ocrx_word' id='word_1_525' title='bbox 3281 2960 3373 3011; x_wconf 81' lang='grc' dir='ltr'><strong>καὶ</strong></span> <span class='ocrx_word' id='word_1_526' title='bbox 3400 2958 3489 3010; x_wconf 67' lang='grc' dir='ltr'><strong>ἐπὶ</strong></span> <span class='ocrx_word' id='word_1_527' title='bbox 3521 2955 3751 3022; x_wconf 81' lang='grc' dir='ltr'>καθέδραν</span> 
     </span>
    </p>
   </div>
   <div class='ocr_carea' id='block_1_84' title="bbox 2219 3045 2865 3114">
    <p class='ocr_par' dir='ltr' id='par_1_84' title="bbox 2219 3045 2865 3114">
     <span class='ocr_line' id='line_1_84' title="bbox 2219 3045 2865 3114; baseline 0 -14"><span class='ocrx_word' id='word_1_528' title='bbox 2219 3045 2425 3114; x_wconf 81' lang='grc' dir='ltr'>λοιμῶν</span> <span class='ocrx_word' id='word_1_529' title='bbox 2451 3047 2551 3100; x_wconf 76' lang='grc' dir='ltr'><strong>οὐκ</strong></span> <span class='ocrx_word' id='word_1_530' title='bbox 2588 3047 2865 3100; x_wconf 78' lang='grc' dir='ltr'>ἐκάθισεν.</span> 
     </span>
    </p>
   </div>
   <div class='ocr_carea' id='block_1_85' title="bbox 2286 3134 3751 3211">
    <p class='ocr_par' dir='ltr' id='par_1_85' title="bbox 2286 3134 3751 3211">
     <span class='ocr_line' id='line_1_85' title="bbox 2286 3134 3751 3211; baseline -0.004 -20"><span class='ocrx_word' id='word_1_531' title='bbox 2286 3139 2378 3208; x_wconf 78' lang='grc' dir='ltr'><strong>Μὴ</strong></span> <span class='ocrx_word' id='word_1_532' title='bbox 2398 3138 2719 3209; x_wconf 68' lang='grc' dir='ltr'>παραζήλου</span> <span class='ocrx_word' id='word_1_533' title='bbox 2744 3141 2800 3190; x_wconf 82' lang='grc' dir='ltr'><strong>ὲν</strong></span> <span class='ocrx_word' id='word_1_534' title='bbox 2827 3138 3310 3210; x_wconf 81' lang='grc' dir='ltr'>πονηρευομένοις,</span> <span class='ocrx_word' id='word_1_535' title='bbox 3332 3141 3460 3211; x_wconf 82' lang='grc' dir='ltr'>μηδὲ</span> <span class='ocrx_word' id='word_1_536' title='bbox 3481 3139 3626 3210; x_wconf 76' lang='grc' dir='ltr'>ζήλου</span> <span class='ocrx_word' id='word_1_537' title='bbox 3645 3134 3751 3195; x_wconf 75' lang='grc' dir='ltr'>τοὺς</span> 
     </span>
    </p>
   </div>
   <div class='ocr_carea' id='block_1_86' title="bbox 2221 3228 3753 3304">
    <p class='ocr_par' dir='ltr' id='par_1_86' title="bbox 2221 3228 3753 3304">
     <span class='ocr_line' id='line_1_86' title="bbox 2221 3228 3753 3304; baseline -0.001 -20"><span class='ocrx_word' id='word_1_538' title='bbox 2221 3231 2513 3297; x_wconf 81' lang='grc' dir='ltr'>ποιοῦντας</span> <span class='ocrx_word' id='word_1_539' title='bbox 2541 3234 2640 3303; x_wconf 80' lang='grc' dir='ltr'><strong>τὴν</strong></span> <span class='ocrx_word' id='word_1_540' title='bbox 2671 3232 2927 3302; x_wconf 70' lang='grc' dir='ltr'>ἀνομίαν,</span> <span class='ocrx_word' id='word_1_541' title='bbox 2981 3233 3062 3286; x_wconf 84' lang='grc' dir='ltr'>ὅτι</span> <span class='ocrx_word' id='word_1_542' title='bbox 3090 3231 3230 3286; x_wconf 82' lang='grc' dir='ltr'>ὡσεὶ</span> <span class='ocrx_word' id='word_1_543' title='bbox 3271 3239 3459 3304; x_wconf 80' lang='grc' dir='ltr'>χόρτος</span> <span class='ocrx_word' id='word_1_544' title='bbox 3495 3231 3618 3301; x_wconf 80' lang='grc' dir='ltr'>ταχὺ</span> <span class='ocrx_word' id='word_1_545' title='bbox 3642 3228 3753 3282; x_wconf 79' lang='grc' dir='ltr'>ἀπο-</span> 
     </span>
    </p>
   </div>
   <div class='ocr_carea' id='block_1_87' title="bbox 2220 3322 2674 3396">
    <p class='ocr_par' dir='ltr' id='par_1_87' title="bbox 2220 3322 2674 3396">
     <span class='ocr_line' id='line_1_87' title="bbox 2220 3322 2674 3396; baseline 0.002 -19"><span class='ocrx_word' id='word_1_546' title='bbox 2220 3322 2674 3396; x_wconf 80' lang='grc' dir='ltr'>ξηρανθήσονται.</span> 
     </span>
    </p>
   </div>
   <div class='ocr_carea' id='block_1_88' title="bbox 2287 3412 3752 3492">
    <p class='ocr_par' dir='ltr' id='par_1_88' title="bbox 2287 3412 3752 3492">
     <span class='ocr_line' id='line_1_88' title="bbox 2287 3412 3752 3492; baseline 0.003 -23"><span class='ocrx_word' id='word_1_547' title='bbox 2287 3415 2377 3483; x_wconf 84' lang='grc' dir='ltr'><strong>Μὴ</strong></span> <span class='ocrx_word' id='word_1_548' title='bbox 2409 3417 2585 3488; x_wconf 78' lang='grc' dir='ltr'>κτήσῃ</span> <span class='ocrx_word' id='word_1_549' title='bbox 2609 3415 2797 3470; x_wconf 87' lang='grc' dir='ltr'>κακῶν</span> <span class='ocrx_word' id='word_1_550' title='bbox 2853 3415 3062 3486; x_wconf 87' lang='grc' dir='ltr'>ἀνδρῶν</span> <span class='ocrx_word' id='word_1_551' title='bbox 3120 3418 3324 3492; x_wconf 79' lang='grc' dir='ltr'>ὀνείδη,</span> <span class='ocrx_word' id='word_1_552' title='bbox 3355 3419 3487 3492; x_wconf 81' lang='grc' dir='ltr'>μηδὲ</span> <span class='ocrx_word' id='word_1_553' title='bbox 3537 3412 3752 3488; x_wconf 74' lang='grc' dir='ltr'>ζηλώσῃς</span> 
     </span>
    </p>
   </div>
   <div class='ocr_carea' id='block_1_89' title="bbox 2213 3507 2724 3571">
    <p class='ocr_par' dir='ltr' id='par_1_89' title="bbox 2213 3507 2724 3571">
     <span class='ocr_line' id='line_1_89' title="bbox 2213 3507 2724 3571; baseline 0.006 -13"><span class='ocrx_word' id='word_1_554' title='bbox 2213 3507 2316 3568; x_wconf 86' lang='grc' dir='ltr'>τὰς</span> <span class='ocrx_word' id='word_1_555' title='bbox 2343 3508 2494 3571; x_wconf 70' lang='grc' dir='ltr'>ὀδοὺς</span> <span class='ocrx_word' id='word_1_556' title='bbox 2521 3508 2724 3562; x_wconf 84' lang='grc' dir='ltr'>αὐτῶν.</span> 
     </span>
    </p>
   </div>
   <div class='ocr_carea' id='block_1_90' title="bbox 2285 3597 3751 3676">
    <p class='ocr_par' dir='ltr' id='par_1_90' title="bbox 2285 3597 3751 3676">
     <span class='ocr_line' id='line_1_90' title="bbox 2285 3597 3751 3676; baseline 0 -24"><span class='ocrx_word' id='word_1_557' title='bbox 2285 3597 2405 3667; x_wconf 80' lang='grc' dir='ltr'>Υἱὲ,</span> <span class='ocrx_word' id='word_1_558' title='bbox 2441 3600 2516 3671; x_wconf 78' lang='grc' dir='ltr'>μὴ</span> <span class='ocrx_word' id='word_1_559' title='bbox 2573 3599 2824 3675; x_wconf 74' lang='grc' dir='ltr'>ζηλώσῃς</span> <span class='ocrx_word' id='word_1_560' title='bbox 2863 3604 3064 3667; x_wconf 80' lang='grc' dir='ltr'>κακοὺς</span> <span class='ocrx_word' id='word_1_561' title='bbox 3095 3603 3319 3675; x_wconf 83' lang='grc' dir='ltr'>ἄνδρας,</span> <span class='ocrx_word' id='word_1_562' title='bbox 3357 3605 3489 3676; x_wconf 78' lang='grc' dir='ltr'>μηδὲ</span> <span class='ocrx_word' id='word_1_563' title='bbox 3519 3598 3751 3668; x_wconf 78' lang='grc' dir='ltr'>ἐπιθυμή-</span> 
     </span>
    </p>
   </div>
   <div class='ocr_carea' id='block_1_91' title="bbox 2214 3688 3749 3767">
    <p class='ocr_par' dir='ltr' id='par_1_91' title="bbox 2214 3688 3749 3767">
     <span class='ocr_line' id='line_1_91' title="bbox 2214 3688 3749 3767; baseline -0.003 -23"><span class='ocrx_word' id='word_1_564' title='bbox 2214 3706 2311 3761; x_wconf 79' lang='grc' dir='ltr'>σῃς</span> <span class='ocrx_word' id='word_1_565' title='bbox 2343 3688 2483 3743; x_wconf 71' lang='grc' dir='ltr'>εἶναι</span> <span class='ocrx_word' id='word_1_566' title='bbox 2521 3692 2640 3760; x_wconf 88' lang='grc' dir='ltr'>μετ’</span> <span class='ocrx_word' id='word_1_567' title='bbox 2665 3692 2866 3750; x_wconf 84' lang='grc' dir='ltr'>αὐτῶν.</span> <span class='ocrx_word' id='word_1_568' title='bbox 2897 3694 3082 3764; x_wconf 80' lang='grc' dir='ltr'>Ψευδῆ</span> <span class='ocrx_word' id='word_1_569' title='bbox 3118 3699 3232 3767; x_wconf 73' lang='grc' dir='ltr'><strong>γὰρ</strong></span> <span class='ocrx_word' id='word_1_570' title='bbox 3275 3699 3472 3766; x_wconf 83' lang='grc' dir='ltr'>μελετᾷ</span> <span class='ocrx_word' id='word_1_571' title='bbox 3499 3696 3529 3765; x_wconf 86' lang='grc' dir='ltr'><strong>ἡ</strong></span> <span class='ocrx_word' id='word_1_572' title='bbox 3581 3689 3749 3762; x_wconf 82' lang='grc' dir='ltr'>καρδία</span> 
     </span>
    </p>
   </div>
   <div class='ocr_carea' id='block_1_92' title="bbox 2212 3782 3470 3857">
    <p class='ocr_par' dir='ltr' id='par_1_92' title="bbox 2212 3782 3470 3857">
     <span class='ocr_line' id='line_1_92' title="bbox 2212 3782 3470 3857; baseline 0.006 -22"><span class='ocrx_word' id='word_1_573' title='bbox 2212 3782 2418 3851; x_wconf 84' lang='grc' dir='ltr'>αὐτῶν,</span> <span class='ocrx_word' id='word_1_574' title='bbox 2456 3783 2551 3837; x_wconf 73' lang='grc' dir='ltr'><strong>καὶ</strong></span> <span class='ocrx_word' id='word_1_575' title='bbox 2580 3783 2778 3848; x_wconf 88' lang='grc' dir='ltr'>πόνους</span> <span class='ocrx_word' id='word_1_576' title='bbox 2805 3785 2875 3839; x_wconf 82' lang='grc' dir='ltr'>τὰ</span> <span class='ocrx_word' id='word_1_577' title='bbox 2911 3786 3065 3857; x_wconf 84' lang='grc' dir='ltr'>χείλη</span> <span class='ocrx_word' id='word_1_578' title='bbox 3090 3789 3276 3842; x_wconf 84' lang='grc' dir='ltr'>αὐτῶν</span> <span class='ocrx_word' id='word_1_579' title='bbox 3302 3788 3470 3843; x_wconf 72' lang='grc' dir='ltr'>λαλεῖ.</span> 
     </span>
    </p>
   </div>
   <div class='ocr_carea' id='block_1_93' title="bbox 2280 3961 3748 4040">
    <p class='ocr_par' dir='ltr' id='par_1_93' title="bbox 2280 3961 3748 4040">
     <span class='ocr_line' id='line_1_93' title="bbox 2280 3961 3748 4040; baseline -0.001 -26"><span class='ocrx_word' id='word_1_580' title='bbox 2280 3961 2371 4030; x_wconf 87' lang='grc' dir='ltr'><strong>Μὴ</strong></span> <span class='ocrx_word' id='word_1_581' title='bbox 2406 3963 2563 4032; x_wconf 80' lang='grc' dir='ltr'>χαῖρε</span> <span class='ocrx_word' id='word_1_582' title='bbox 2598 3963 2690 4015; x_wconf 72' lang='grc' dir='ltr'>ἐπὶ</span> <span class='ocrx_word' id='word_1_583' title='bbox 2742 3965 2969 4030; x_wconf 84' lang='grc' dir='ltr'>κακοῖς,</span> <span class='ocrx_word' id='word_1_584' title='bbox 3037 3965 3175 4036; x_wconf 81' lang='grc' dir='ltr'>μηδὲ</span> <span class='ocrx_word' id='word_1_585' title='bbox 3227 3967 3474 4040; x_wconf 76' lang='grc' dir='ltr'>ζηλώσῃς</span> <span class='ocrx_word' id='word_1_586' title='bbox 3524 3966 3748 4036; x_wconf 83' lang='grc' dir='ltr'>ἁμαρτω-</span> 
     </span>
    </p>
   </div>
   <div class='ocr_carea' id='block_1_94' title="bbox 2209 4054 2358 4116">
    <p class='ocr_par' dir='ltr' id='par_1_94' title="bbox 2209 4054 2358 4116">
     <span class='ocr_line' id='line_1_94' title="bbox 2209 4054 2358 4116; baseline -0.013 -7"><span class='ocrx_word' id='word_1_587' title='bbox 2209 4054 2358 4116; x_wconf 80' lang='grc' dir='ltr'>λούς.</span> 
     </span>
    </p>
   </div>
   <div class='ocr_carea' id='block_1_95' title="bbox 2279 4145 3746 4220">
    <p class='ocr_par' dir='ltr' id='par_1_95' title="bbox 2279 4145 3746 4220">
     <span class='ocr_line' id='line_1_95' title="bbox 2279 4145 3746 4220; baseline -0.001 -20"><span class='ocrx_word' id='word_1_588' title='bbox 2279 4147 2397 4214; x_wconf 79' lang='grc' dir='ltr'>Υἱὲ,</span> <span class='ocrx_word' id='word_1_589' title='bbox 2427 4145 2502 4219; x_wconf 76' lang='grc' dir='ltr'>μὴ</span> <span class='ocrx_word' id='word_1_590' title='bbox 2538 4147 2788 4219; x_wconf 77' lang='grc' dir='ltr'>ζηλώσῃς</span> <span class='ocrx_word' id='word_1_591' title='bbox 2812 4147 2966 4210; x_wconf 76' lang='grc' dir='ltr'>ὁδοὺς</span> <span class='ocrx_word' id='word_1_592' title='bbox 2996 4151 3356 4220; x_wconf 83' lang='grc' dir='ltr'>παρανόμων,</span> <span class='ocrx_word' id='word_1_593' title='bbox 3391 4152 3447 4204; x_wconf 84' lang='grc' dir='ltr'>ὲν</span> <span class='ocrx_word' id='word_1_594' title='bbox 3473 4145 3515 4220; x_wconf 83' lang='grc' dir='ltr'><strong>ᾧ</strong></span> <span class='ocrx_word' id='word_1_595' title='bbox 3542 4150 3600 4204; x_wconf 81' lang='grc' dir='ltr'><strong>ἂν</strong></span> <span class='ocrx_word' id='word_1_596' title='bbox 3618 4147 3746 4213; x_wconf 85' lang='grc' dir='ltr'>τόπῳ</span> 
     </span>
    </p>
   </div>
   <div class='ocr_carea' id='block_1_96' title="bbox 2210 4238 3744 4324">
    <p class='ocr_par' dir='ltr' id='par_1_96' title="bbox 2210 4238 3744 4324">
     <span class='ocr_line' id='line_1_96' title="bbox 2210 4238 3744 4324; baseline 0 -34"><span class='ocrx_word' id='word_1_597' title='bbox 2210 4239 2737 4308; x_wconf 88' lang='grc' dir='ltr'>στρατοπεδεύσωσι,</span> <span class='ocrx_word' id='word_1_598' title='bbox 2783 4238 2858 4309; x_wconf 80' lang='grc' dir='ltr'>μὴ</span> <span class='ocrx_word' id='word_1_599' title='bbox 2904 4239 3147 4324; x_wconf 61' lang='grc' dir='ltr'>ἀπέλθῃς</span> <span class='ocrx_word' id='word_1_600' title='bbox 3205 4245 3342 4307; x_wconf 76' lang='grc' dir='ltr'>ἐκεῖ,</span> <span class='ocrx_word' id='word_1_601' title='bbox 3398 4242 3628 4296; x_wconf 82' lang='grc' dir='ltr'>ἔκκλινον</span> <span class='ocrx_word' id='word_1_602' title='bbox 3669 4239 3744 4290; x_wconf 66' lang='grc' dir='ltr'>τὶν</span> 
     </span>
    </p>
   </div>
   <div class='ocr_carea' id='block_1_97' title="bbox 2210 4329 3741 4406">
    <p class='ocr_par' dir='ltr' id='par_1_97' title="bbox 2210 4329 3741 4406">
     <span class='ocr_line' id='line_1_97' title="bbox 2210 4329 3741 4406; baseline -0.001 -24"><span class='ocrx_word' id='word_1_603' title='bbox 2210 4329 2346 4383; x_wconf 84' lang='grc' dir='ltr'>πόδα</span> <span class='ocrx_word' id='word_1_604' title='bbox 2374 4347 2466 4384; x_wconf 88' lang='grc' dir='ltr'><strong>σου</strong></span> <span class='ocrx_word' id='word_1_605' title='bbox 2497 4331 2594 4384; x_wconf 71' lang='grc' dir='ltr'><strong>καὶ</strong></span> <span class='ocrx_word' id='word_1_606' title='bbox 2624 4330 2987 4400; x_wconf 81' lang='grc' dir='ltr'>παράλλαξον.</span> <span class='ocrx_word' id='word_1_607' title='bbox 3019 4332 3094 4385; x_wconf 86' lang='grc' dir='ltr'><strong>Οὐ</strong></span> <span class='ocrx_word' id='word_1_608' title='bbox 3141 4334 3252 4405; x_wconf 82' lang='grc' dir='ltr'>γὰρ</span> <span class='ocrx_word' id='word_1_609' title='bbox 3298 4334 3375 4406; x_wconf 76' lang='grc' dir='ltr'>μὴ</span> <span class='ocrx_word' id='word_1_610' title='bbox 3423 4334 3741 4393; x_wconf 83' lang='grc' dir='ltr'>ὑπνώσουσιν,</span> 
     </span>
    </p>
   </div>
   <div class='ocr_carea' id='block_1_98' title="bbox 2209 4417 3742 4492">
    <p class='ocr_par' dir='ltr' id='par_1_98' title="bbox 2209 4417 3742 4492">
     <span class='ocr_line' id='line_1_98' title="bbox 2209 4417 3742 4492; baseline 0.007 -22"><span class='ocrx_word' id='word_1_611' title='bbox 2209 4417 2305 4471; x_wconf 67' lang='grc' dir='ltr'><strong>ἑὰν</strong></span> <span class='ocrx_word' id='word_1_612' title='bbox 2332 4417 2408 4488; x_wconf 82' lang='grc' dir='ltr'><strong>μὴ</strong></span> <span class='ocrx_word' id='word_1_613' title='bbox 2439 4421 2905 4489; x_wconf 83' lang='grc' dir='ltr'>κακοποιήσωσιν.</span> <span class='ocrx_word' id='word_1_614' title='bbox 2962 4420 3270 4492; x_wconf 71' lang='grc' dir='ltr'>Ἀφῄρηται</span> <span class='ocrx_word' id='word_1_615' title='bbox 3310 4427 3338 4478; x_wconf 87' lang='grc' dir='ltr'><strong>ό</strong></span> <span class='ocrx_word' id='word_1_616' title='bbox 3372 4423 3534 4484; x_wconf 76' lang='grc' dir='ltr'>ὕπνος</span> <span class='ocrx_word' id='word_1_617' title='bbox 3569 4418 3742 4480; x_wconf 68' lang='grc' dir='ltr'>αὐτῶν,</span> 
     </span>
    </p>
   </div>
   <div class='ocr_carea' id='block_1_99' title="bbox 2207 4508 3741 4580">
    <p class='ocr_par' dir='ltr' id='par_1_99' title="bbox 2207 4508 3741 4580">
     <span class='ocr_line' id='line_1_99' title="bbox 2207 4508 3741 4580; baseline 0.001 -19"><span class='ocrx_word' id='word_1_618' title='bbox 2207 4509 2301 4562; x_wconf 72' lang='grc' dir='ltr'><strong>καὶ</strong></span> <span class='ocrx_word' id='word_1_619' title='bbox 2324 4509 2384 4561; x_wconf 81' lang='grc' dir='ltr'><strong>οὐ</strong></span> <span class='ocrx_word' id='word_1_620' title='bbox 2412 4508 2735 4578; x_wconf 86' lang='grc' dir='ltr'>κοιμῶνται.</span> <span class='ocrx_word' id='word_1_621' title='bbox 2767 4510 2890 4563; x_wconf 81' lang='grc' dir='ltr'>Οἵδε</span> <span class='ocrx_word' id='word_1_622' title='bbox 2919 4510 3026 4580; x_wconf 82' lang='grc' dir='ltr'>γὰρ</span> <span class='ocrx_word' id='word_1_623' title='bbox 3055 4513 3335 4569; x_wconf 83' lang='grc' dir='ltr'>σιτοῦνται</span> <span class='ocrx_word' id='word_1_624' title='bbox 3363 4514 3484 4568; x_wconf 84' lang='grc' dir='ltr'>σῖτα</span> <span class='ocrx_word' id='word_1_625' title='bbox 3502 4509 3741 4570; x_wconf 73' lang='grc' dir='ltr'>ἀσεϐείας,</span> 
     </span>
    </p>
   </div>
   <div class='ocr_carea' id='block_1_100' title="bbox 2205 4599 3178 4672">
    <p class='ocr_par' dir='ltr' id='par_1_100' title="bbox 2205 4599 3178 4672">
     <span class='ocr_line' id='line_1_100' title="bbox 2205 4599 3178 4672; baseline 0.008 -21"><span class='ocrx_word' id='word_1_626' title='bbox 2205 4599 2332 4669; x_wconf 83' lang='grc' dir='ltr'>οῐνῳ</span> <span class='ocrx_word' id='word_1_627' title='bbox 2374 4599 2431 4652; x_wconf 83' lang='grc' dir='ltr'>δὲ</span> <span class='ocrx_word' id='word_1_628' title='bbox 2460 4603 2762 4672; x_wconf 87' lang='grc' dir='ltr'>παρανόμῳ</span> <span class='ocrx_word' id='word_1_629' title='bbox 2794 4601 3178 4672; x_wconf 81' lang='grc' dir='ltr'>μεθύσκονται.</span> 
     </span>
    </p>
   </div>
   <div class='ocr_carea' id='block_1_101' title="bbox 2285 4685 3743 4766">
    <p class='ocr_par' dir='ltr' id='par_1_101' title="bbox 2285 4685 3743 4766">
     <span class='ocr_line' id='line_1_101' title="bbox 2285 4685 3743 4766; baseline 0.002 -24"><span class='ocrx_word' id='word_1_630' title='bbox 2285 4689 2471 4754; x_wconf 75' lang='grc' dir='ltr'>Ὀδοὺς</span> <span class='ocrx_word' id='word_1_631' title='bbox 2494 4692 2708 4746; x_wconf 76' lang='grc' dir='ltr'>ἀσεϐῶν</span> <span class='ocrx_word' id='word_1_632' title='bbox 2743 4692 2817 4762; x_wconf 84' lang='grc' dir='ltr'><strong>μὴ</strong></span> <span class='ocrx_word' id='word_1_633' title='bbox 2864 4693 3118 4766; x_wconf 81' lang='grc' dir='ltr'>ὲπέλθῃς,</span> <span class='ocrx_word' id='word_1_634' title='bbox 3154 4694 3291 4766; x_wconf 81' lang='grc' dir='ltr'>μηδὲ</span> <span class='ocrx_word' id='word_1_635' title='bbox 3335 4695 3572 4765; x_wconf 79' lang='grc' dir='ltr'>ζητήσῃς</span> <span class='ocrx_word' id='word_1_636' title='bbox 3613 4685 3743 4745; x_wconf 72' lang='grc' dir='ltr'>ὁδοὺς</span> 
     </span>
    </p>
   </div>
   <div class='ocr_carea' id='block_1_102' title="bbox 2203 4784 2557 4853">
    <p class='ocr_par' dir='ltr' id='par_1_102' title="bbox 2203 4784 2557 4853">
     <span class='ocr_line' id='line_1_102' title="bbox 2203 4784 2557 4853; baseline 0.006 -19"><span class='ocrx_word' id='word_1_637' title='bbox 2203 4784 2557 4853; x_wconf 85' lang='grc' dir='ltr'>παρανόμων.</span> 
     </span>
    </p>
   </div>
   <div class='ocr_carea' id='block_1_103' title="bbox 2275 4861 3743 4949">
    <p class='ocr_par' dir='ltr' id='par_1_103' title="bbox 2275 4861 3743 4949">
     <span class='ocr_line' id='line_1_103' title="bbox 2275 4861 3743 4949; baseline 0.003 -24"><span class='ocrx_word' id='word_1_638' title='bbox 2275 4872 2369 4942; x_wconf 85' lang='grc' dir='ltr'><strong>Μὴ</strong></span> <span class='ocrx_word' id='word_1_639' title='bbox 2400 4873 2650 4946; x_wconf 76' lang='grc' dir='ltr'>ζηλώσῃς</span> <span class='ocrx_word' id='word_1_640' title='bbox 2681 4875 2840 4943; x_wconf 82' lang='grc' dir='ltr'>δόξαν</span> <span class='ocrx_word' id='word_1_641' title='bbox 2869 4877 3232 4949; x_wconf 80' lang='grc' dir='ltr'>ἁμαρτωλῶν.</span> <span class='ocrx_word' id='word_1_642' title='bbox 3297 4881 3372 4933; x_wconf 85' lang='grc' dir='ltr'><strong>Οὐ</strong></span> <span class='ocrx_word' id='word_1_643' title='bbox 3403 4879 3509 4949; x_wconf 86' lang='grc' dir='ltr'>γὰρ</span> <span class='ocrx_word' id='word_1_644' title='bbox 3546 4870 3677 4929; x_wconf 77' lang='grc' dir='ltr'>οἶδας</span> <span class='ocrx_word' id='word_1_645' title='bbox 3700 4861 3743 4915; x_wconf 88' lang='grc' dir='ltr'><strong>τι</strong></span> 
     </span>
    </p>
   </div>
   <div class='ocr_carea' id='block_1_104' title="bbox 2201 4960 3104 5037">
    <p class='ocr_par' dir='ltr' id='par_1_104' title="bbox 2201 4960 3104 5037">
     <span class='ocr_line' id='line_1_104' title="bbox 2201 4960 3104 5037; baseline 0.008 -24"><span class='ocrx_word' id='word_1_646' title='bbox 2201 4960 2411 5026; x_wconf 80' lang='grc' dir='ltr'>τέξεται</span> <span class='ocrx_word' id='word_1_647' title='bbox 2439 4965 2471 5033; x_wconf 80' lang='grc' dir='ltr'><strong>ἡ</strong></span> <span class='ocrx_word' id='word_1_648' title='bbox 2504 4965 2857 5037; x_wconf 80' lang='grc' dir='ltr'>καταστροφὴ</span> <span class='ocrx_word' id='word_1_649' title='bbox 2904 4967 3104 5020; x_wconf 88' lang='grc' dir='ltr'>αὐτῶν.</span> 
     </span>
    </p>
   </div>
   <div class='ocr_carea' id='block_1_105' title="bbox 2270 5053 3414 5127">
    <p class='ocr_par' dir='ltr' id='par_1_105' title="bbox 2270 5053 3414 5127">
     <span class='ocr_line' id='line_1_105' title="bbox 2270 5053 3414 5127; baseline 0.006 -22"><span class='ocrx_word' id='word_1_650' title='bbox 2270 5053 2450 5106; x_wconf 75' lang='grc' dir='ltr'>Καλὸν</span> <span class='ocrx_word' id='word_1_651' title='bbox 2477 5055 2537 5107; x_wconf 82' lang='grc' dir='ltr'><strong>τὸ</strong></span> <span class='ocrx_word' id='word_1_652' title='bbox 2565 5055 2856 5125; x_wconf 81' lang='grc' dir='ltr'>ζηλοῦσθαι</span> <span class='ocrx_word' id='word_1_653' title='bbox 2889 5059 2948 5111; x_wconf 83' lang='grc' dir='ltr'>ὲν</span> <span class='ocrx_word' id='word_1_654' title='bbox 2977 5060 3126 5127; x_wconf 82' lang='grc' dir='ltr'>καλῷ</span> <span class='ocrx_word' id='word_1_655' title='bbox 3161 5058 3414 5112; x_wconf 83' lang='grc' dir='ltr'>πάντοτε.</span> 
     </span>
    </p>
   </div>
   <div class='ocr_carea' id='block_1_106' title="bbox 2267 5145 3587 5218">
    <p class='ocr_par' dir='ltr' id='par_1_106' title="bbox 2267 5145 3587 5218">
     <span class='ocr_line' id='line_1_106' title="bbox 2267 5145 3587 5218; baseline 0.002 -22"><span class='ocrx_word' id='word_1_656' title='bbox 2267 5145 2500 5213; x_wconf 84' lang='grc' dir='ltr'>Φεύγετε</span> <span class='ocrx_word' id='word_1_657' title='bbox 2529 5147 2631 5210; x_wconf 76' lang='grc' dir='ltr'><strong>τὰς</strong></span> <span class='ocrx_word' id='word_1_658' title='bbox 2660 5149 2924 5218; x_wconf 77' lang='grc' dir='ltr'>μιμήσεις</span> <span class='ocrx_word' id='word_1_659' title='bbox 2974 5149 3082 5203; x_wconf 89' lang='grc' dir='ltr'><strong>τῶν</strong></span> <span class='ocrx_word' id='word_1_660' title='bbox 3108 5149 3587 5218; x_wconf 82' lang='grc' dir='ltr'>κατεγνωσμένων.</span> 
     </span>
    </p>
   </div>
   <div class='ocr_carea' id='block_1_107' title="bbox 2267 5236 3738 5310">
    <p class='ocr_par' dir='ltr' id='par_1_107' title="bbox 2267 5236 3738 5310">
     <span class='ocr_line' id='line_1_107' title="bbox 2267 5236 3738 5310; baseline -0.003 -19"><span class='ocrx_word' id='word_1_661' title='bbox 2267 5236 2360 5306; x_wconf 83' lang='grc' dir='ltr'><strong>Μὴ</strong></span> <span class='ocrx_word' id='word_1_662' title='bbox 2388 5236 2638 5309; x_wconf 76' lang='grc' dir='ltr'>ζηλώσῃς</span> <span class='ocrx_word' id='word_1_663' title='bbox 2669 5256 2718 5292; x_wconf 90' lang='grc' dir='ltr'><strong>τι</strong></span> <span class='ocrx_word' id='word_1_664' title='bbox 2753 5240 2863 5294; x_wconf 88' lang='grc' dir='ltr'><strong>τῶν</strong></span> <span class='ocrx_word' id='word_1_665' title='bbox 2893 5241 2954 5294; x_wconf 78' lang='grc' dir='ltr'><strong>οὐ</strong></span> <span class='ocrx_word' id='word_1_666' title='bbox 2985 5241 3388 5310; x_wconf 77' lang='grc' dir='ltr'>φθονουμένων,</span> <span class='ocrx_word' id='word_1_667' title='bbox 3421 5237 3551 5292; x_wconf 87' lang='grc' dir='ltr'><strong>ἁλλά</strong></span> <span class='ocrx_word' id='word_1_668' title='bbox 3575 5246 3738 5306; x_wconf 87' lang='grc' dir='ltr'>μισου-</span> 
     </span>
    </p>
   </div>
   <div class='ocr_carea' id='block_1_108' title="bbox 2202 5326 2401 5396">
    <p class='ocr_par' dir='ltr' id='par_1_108' title="bbox 2202 5326 2401 5396">
     <span class='ocr_line' id='line_1_108' title="bbox 2202 5326 2401 5396; baseline 0.025 -19"><span class='ocrx_word' id='word_1_669' title='bbox 2202 5326 2401 5396; x_wconf 84' lang='grc' dir='ltr'>μένων.</span> 
     </span>
    </p>
   </div>
   <div class='ocr_carea' id='block_1_109' title="bbox 2271 5413 3736 5499">
    <p class='ocr_par' dir='ltr' id='par_1_109' title="bbox 2271 5413 3736 5499">
     <span class='ocr_line' id='line_1_109' title="bbox 2271 5413 3736 5499; baseline 0.001 -25"><span class='ocrx_word' id='word_1_670' title='bbox 2271 5420 2364 5492; x_wconf 83' lang='grc' dir='ltr'><strong>Μὴ</strong></span> <span class='ocrx_word' id='word_1_671' title='bbox 2393 5423 2579 5492; x_wconf 82' lang='grc' dir='ltr'>φρόνει</span> <span class='ocrx_word' id='word_1_672' title='bbox 2604 5423 2710 5477; x_wconf 88' lang='grc' dir='ltr'><strong>τῶν</strong></span> <span class='ocrx_word' id='word_1_673' title='bbox 2747 5423 2936 5478; x_wconf 86' lang='grc' dir='ltr'>κακῶν</span> <span class='ocrx_word' id='word_1_674' title='bbox 2967 5425 3254 5494; x_wconf 80' lang='grc' dir='ltr'>φαίνεσθαι</span> <span class='ocrx_word' id='word_1_675' title='bbox 3284 5426 3559 5499; x_wconf 64' lang='grc' dir='ltr'>κρείττων</span> <span class='ocrx_word' id='word_1_676' title='bbox 3584 5413 3736 5476; x_wconf 84' lang='grc' dir='ltr'>λυποῦ</span> 
     </span>
    </p>
   </div>
   <div class='ocr_carea' id='block_1_110' title="bbox 2194 5512 3012 5590">
    <p class='ocr_par' dir='ltr' id='par_1_110' title="bbox 2194 5512 3012 5590">
     <span class='ocr_line' id='line_1_110' title="bbox 2194 5512 3012 5590; baseline 0.009 -24"><span class='ocrx_word' id='word_1_677' title='bbox 2194 5512 2251 5565; x_wconf 86' lang='grc' dir='ltr'>δὲ</span> <span class='ocrx_word' id='word_1_678' title='bbox 2280 5514 2389 5569; x_wconf 86' lang='grc' dir='ltr'><strong>τῶν</strong></span> <span class='ocrx_word' id='word_1_679' title='bbox 2414 5516 2638 5585; x_wconf 86' lang='grc' dir='ltr'>ἀγαθῶν</span> <span class='ocrx_word' id='word_1_680' title='bbox 2680 5517 3012 5590; x_wconf 76' lang='grc' dir='ltr'>ἡττώμενος.</span> 
     </span>
    </p>
   </div>
  </div>
