  <div class='ocr_page' id='page_1' title='image "/cluster/home/n/w/nwhite01/storage/ocr_20150623/136/coo.31924054870419/586.png"; bbox 0 0 4056 6422; ppageno 0'>
   <div class='ocr_carea' id='block_1_1' title="bbox 498 443 3737 517">
    <p class='ocr_par' dir='ltr' id='par_1_1' title="bbox 498 443 3737 517">
     <span class='ocr_line' id='line_1_1' title="bbox 498 443 3737 517; baseline 0.001 -7"><span class='ocrx_word' id='word_1_1' title='bbox 498 443 633 511; x_wconf 83' lang='grc'><strong>1161</strong></span> <span class='ocrx_word' id='word_1_2' title='bbox 1164 444 1341 516; x_wconf 79' lang='lat' dir='ltr'><strong>LOCI</strong></span> <span class='ocrx_word' id='word_1_3' title='bbox 1379 453 1815 517; x_wconf 81' lang='lat' dir='ltr'><strong>COMMUNES.</strong></span> <span class='ocrx_word' id='word_1_4' title='bbox 1858 478 1923 491; x_wconf 83' lang='grc'><strong>--</strong></span> <span class='ocrx_word' id='word_1_5' title='bbox 1962 451 2158 513; x_wconf 79' lang='lat' dir='ltr'><strong>PARS</strong></span> <span class='ocrx_word' id='word_1_6' title='bbox 2197 452 2280 515; x_wconf 86' lang='lat' dir='ltr'><strong>II.</strong></span> <span class='ocrx_word' id='word_1_7' title='bbox 2320 451 2579 514; x_wconf 80' lang='lat' dir='ltr'><strong>SERMO</strong></span> <span class='ocrx_word' id='word_1_8' title='bbox 2625 451 2893 515; x_wconf 82' lang='lat' dir='ltr'><strong>LXVIII-</strong></span> <span class='ocrx_word' id='word_1_9' title='bbox 3599 446 3737 515; x_wconf 77' lang='lat'><strong>1162</strong></span> 
     </span>
    </p>
   </div>
   <div class='ocr_carea' id='block_1_2' title="bbox 1808 565 2388 641">
    <p class='ocr_par' dir='ltr' id='par_1_2' title="bbox 1808 565 2388 641">
     <span class='ocr_line' id='line_1_2' title="bbox 1808 565 2388 641; baseline -0.003 -15"><span class='ocrx_word' id='word_1_10' title='bbox 1808 566 2043 626; x_wconf 79' lang='lat' dir='ltr'><strong>SERMO</strong></span> <span class='ocrx_word' id='word_1_11' title='bbox 2071 565 2262 624; x_wconf 81' lang='lat' dir='ltr'><strong>LXVII</strong></span> <span class='ocrx_word' id='word_1_12' title='bbox 2289 568 2388 641; x_wconf 85' lang='lat' dir='ltr'><strong>(I).</strong></span> 
     </span>
    </p>
   </div>
   <div class='ocr_carea' id='block_1_3' title="bbox 1449 659 2691 731">
    <p class='ocr_par' dir='ltr' id='par_1_3' title="bbox 1449 659 2691 731">
     <span class='ocr_line' id='line_1_3' title="bbox 1449 659 2691 731; baseline -0.002 -12"><span class='ocrx_word' id='word_1_13' title='bbox 1449 664 1528 719; x_wconf 81' lang='lat' dir='ltr'><strong>De</strong></span> <span class='ocrx_word' id='word_1_14' title='bbox 1555 664 1839 728; x_wconf 78' lang='lat' dir='ltr'><strong>charitate,</strong></span> <span class='ocrx_word' id='word_1_15' title='bbox 1872 677 2021 731; x_wconf 85' lang='lat' dir='ltr'><strong>pace,</strong></span> <span class='ocrx_word' id='word_1_16' title='bbox 2050 661 2330 717; x_wconf 85' lang='lat' dir='ltr'><strong>concordia</strong></span> <span class='ocrx_word' id='word_1_17' title='bbox 2358 666 2409 716; x_wconf 75' lang='lat' dir='ltr'><strong>et</strong></span> <span class='ocrx_word' id='word_1_18' title='bbox 2432 659 2691 731; x_wconf 75' lang='lat' dir='ltr'><strong>paciﬁcis.</strong></span> 
     </span>
    </p>
   </div>
   <div class='ocr_carea' id='block_1_4' title="bbox 1054 776 2042 854">
    <p class='ocr_par' dir='ltr' id='par_1_4' title="bbox 1054 782 1440 843">
     <span class='ocr_line' id='line_1_4' title="bbox 1054 782 1440 843; baseline 0.016 -6"><span class='ocrx_word' id='word_1_19' title='bbox 1054 782 1278 840; x_wconf 85' lang='grc' dir='ltr'><strong>ΛΟΓΟΣ</strong></span> <span class='ocrx_word' id='word_1_20' title='bbox 1314 785 1440 843; x_wconf 76' lang='grc' dir='ltr'><strong>ΞΗ⁹ο</strong></span> 
     </span>
    </p>
   </div>
   <div class='ocr_carea' id='block_1_5' title="bbox 2147 776 3567 854">
    <p class='ocr_par' dir='ltr' id='par_1_5' title="bbox 2154 776 3567 854">
     <span class='ocr_line' id='line_1_5' title="bbox 2154 776 3567 854; baseline -0.008 -10"><span class='ocrx_word' id='word_1_21' title='bbox 2154 820 2157 821; x_wconf 53' lang='grc' dir='ltr'><strong>ν</strong></span> <span class='ocrx_word' id='word_1_22' title='bbox 2286 781 2644 854; x_wconf 76' lang='grc'><strong>216-218</strong></span> <span class='ocrx_word' id='word_1_23' title='bbox 2679 778 2913 837; x_wconf 83' lang='lat' dir='ltr'><strong>SERMO</strong></span> <span class='ocrx_word' id='word_1_24' title='bbox 2940 777 3147 837; x_wconf 79' lang='lat' dir='ltr'><strong>LXVIII</strong></span> <span class='ocrx_word' id='word_1_25' title='bbox 3185 778 3283 853; x_wconf 86' lang='lat' dir='ltr'><strong>[aL</strong></span> <span class='ocrx_word' id='word_1_26' title='bbox 3310 776 3567 850; x_wconf 80' lang='lat' dir='ltr'><strong>LXXVI].</strong></span> 
     </span>
    </p>
   </div>
   <div class='ocr_carea' id='block_1_6' title="bbox 459 867 2042 1007">
    <p class='ocr_par' dir='ltr' id='par_1_6' title="bbox 459 867 2042 1007">
     <span class='ocr_line' id='line_1_6' title="bbox 459 867 2042 1006; baseline 0.009 -84"><span class='ocrx_word' id='word_1_27' title='bbox 459 867 602 940; x_wconf 77' lang='grc' dir='ltr'>Περὶ</span> <span class='ocrx_word' id='word_1_28' title='bbox 630 873 857 944; x_wconf 78' lang='grc' dir='ltr'>μίσους</span> <span class='ocrx_word' id='word_1_29' title='bbox 886 879 986 933; x_wconf 76' lang='grc' dir='ltr'>καὶ</span> <span class='ocrx_word' id='word_1_30' title='bbox 1039 878 1264 1006; x_wconf 58' lang='grc' dir='ltr'>ἕχθρὲς</span> <span class='ocrx_word' id='word_1_31' title='bbox 1310 881 1413 935; x_wconf 77' lang='grc' dir='ltr'><strong>καί</strong></span> <span class='ocrx_word' id='word_1_32' title='bbox 1459 879 1579 936; x_wconf 81' lang='grc' dir='ltr'><strong>τῶν</strong></span> <span class='ocrx_word' id='word_1_33' title='bbox 1606 881 1807 952; x_wconf 82' lang='grc' dir='ltr'><em>μάχας</em></span> <span class='ocrx_word' id='word_1_34' title='bbox 1855 896 2042 937; x_wconf 80' lang='grc' dir='ltr'>συνα-</span> 
     </span>
     <span class='ocr_line' id='line_1_7' title="bbox 1102 967 1403 1007; baseline 0.01 -3"><span class='ocrx_word' id='word_1_35' title='bbox 1102 967 1180 1004; x_wconf 83' lang='grc' dir='ltr'><strong>πτ</strong></span> <span class='ocrx_word' id='word_1_36' title='bbox 1221 969 1403 1007; x_wconf 82' lang='grc' dir='ltr'>ντων.</span> 
     </span>
    </p>
   </div>
   <div class='ocr_carea' id='block_1_7' title="bbox 2147 867 3627 1007">
    <p class='ocr_par' dir='ltr' id='par_1_7' title="bbox 2252 874 3627 946">
     <span class='ocr_line' id='line_1_8' title="bbox 2252 874 3627 946; baseline -0.001 -17"><span class='ocrx_word' id='word_1_37' title='bbox 2252 875 2332 931; x_wconf 82' lang='lat' dir='ltr'><strong>De</strong></span> <span class='ocrx_word' id='word_1_38' title='bbox 2358 875 2479 931; x_wconf 83' lang='lat' dir='ltr'><strong>odio</strong></span> <span class='ocrx_word' id='word_1_39' title='bbox 2509 884 2559 931; x_wconf 83' lang='lat' dir='ltr'><strong>et</strong></span> <span class='ocrx_word' id='word_1_40' title='bbox 2604 874 2923 942; x_wconf 76' lang='lat' dir='ltr'><strong>inimicitiis,</strong></span> <span class='ocrx_word' id='word_1_41' title='bbox 2956 881 3005 930; x_wconf 78' lang='lat' dir='ltr'><strong>et</strong></span> <span class='ocrx_word' id='word_1_42' title='bbox 3058 890 3265 946; x_wconf 78' lang='lat' dir='ltr'><strong>pugnas</strong></span> <span class='ocrx_word' id='word_1_43' title='bbox 3310 874 3627 929; x_wconf 72' lang='lat' dir='ltr'><strong>urentibus.</strong></span> 
     </span>
    </p>
   </div>
   <div class='ocr_carea' id='block_1_8' title="bbox 538 1036 2044 1117">
    <p class='ocr_par' dir='ltr' id='par_1_8' title="bbox 538 1036 2044 1117">
     <span class='ocr_line' id='line_1_9' title="bbox 538 1036 2044 1117; baseline 0.007 -27"><span class='ocrx_word' id='word_1_44' title='bbox 538 1036 887 1096; x_wconf 75' lang='grc' dir='ltr'>’Δπέστειλεν</span> <span class='ocrx_word' id='word_1_45' title='bbox 917 1042 1130 1113; x_wconf 79' lang='grc' dir='ltr'>Ἰεφθάε</span> <span class='ocrx_word' id='word_1_46' title='bbox 1163 1045 1430 1115; x_wconf 75' lang='grc' dir='ltr'><strong>ἀγγέλους</strong></span> <span class='ocrx_word' id='word_1_47' title='bbox 1479 1046 1617 1117; x_wconf 79' lang='grc' dir='ltr'>πρὸς</span> <span class='ocrx_word' id='word_1_48' title='bbox 1650 1044 1878 1116; x_wconf 75' lang='grc' dir='ltr'>βασιλία</span> <span class='ocrx_word' id='word_1_49' title='bbox 1907 1044 2044 1100; x_wconf 93' lang='grc' dir='ltr'>υἱῶν</span> 
     </span>
    </p>
   </div>
   <div class='ocr_carea' id='block_1_9' title="bbox 471 1127 2041 1208">
    <p class='ocr_par' dir='ltr' id='par_1_9' title="bbox 471 1127 2041 1208">
     <span class='ocr_line' id='line_1_10' title="bbox 471 1127 2041 1208; baseline 0.008 -27"><span class='ocrx_word' id='word_1_50' title='bbox 471 1127 719 1199; x_wconf 79' lang='grc' dir='ltr'>Ἀμμὼν,</span> <span class='ocrx_word' id='word_1_51' title='bbox 779 1132 972 1203; x_wconf 81' lang='grc' dir='ltr'>λέγων,</span> <span class='ocrx_word' id='word_1_52' title='bbox 1017 1135 1085 1190; x_wconf 92' lang='grc' dir='ltr'>Τί</span> <span class='ocrx_word' id='word_1_53' title='bbox 1132 1136 1257 1206; x_wconf 65' lang='grc' dir='ltr'>ἐμοὶ</span> <span class='ocrx_word' id='word_1_54' title='bbox 1298 1138 1395 1192; x_wconf 75' lang='grc' dir='ltr'>καὶ</span> <span class='ocrx_word' id='word_1_55' title='bbox 1459 1137 1562 1202; x_wconf 79' lang='grc' dir='ltr'><strong>σοὶ,</strong></span> <span class='ocrx_word' id='word_1_56' title='bbox 1619 1136 1703 1191; x_wconf 85' lang='grc' dir='ltr'>ὅτι</span> <span class='ocrx_word' id='word_1_57' title='bbox 1748 1137 1907 1208; x_wconf 77' lang='grc' dir='ltr'>ἥκεις</span> <span class='ocrx_word' id='word_1_58' title='bbox 1951 1137 2041 1193; x_wconf 74' lang='grc' dir='ltr'><strong>ἐπ’</strong></span> 
     </span>
    </p>
   </div>
   <div class='ocr_carea' id='block_1_10' title="bbox 457 1219 2039 1300">
    <p class='ocr_par' dir='ltr' id='par_1_10' title="bbox 457 1219 2039 1300">
     <span class='ocr_line' id='line_1_11' title="bbox 457 1219 2039 1300; baseline 0.009 -29"><span class='ocrx_word' id='word_1_59' title='bbox 457 1219 580 1288; x_wconf 72' lang='grc' dir='ltr'>ἐμὲ,</span> <span class='ocrx_word' id='word_1_60' title='bbox 613 1222 926 1295; x_wconf 84' lang='grc' dir='ltr'>πολεμῆσαί</span> <span class='ocrx_word' id='word_1_61' title='bbox 964 1243 1033 1296; x_wconf 90' lang='grc' dir='ltr'><strong>με</strong></span> <span class='ocrx_word' id='word_1_62' title='bbox 1064 1228 1125 1281; x_wconf 77' lang='grc' dir='ltr'>ὲν</span> <span class='ocrx_word' id='word_1_63' title='bbox 1167 1230 1235 1299; x_wconf 78' lang='grc' dir='ltr'>τῇ</span> <span class='ocrx_word' id='word_1_64' title='bbox 1269 1230 1341 1300; x_wconf 79' lang='grc' dir='ltr'><strong>γῇ</strong></span> <span class='ocrx_word' id='word_1_65' title='bbox 1375 1246 1478 1298; x_wconf 89' lang='grc' dir='ltr'><strong>μου</strong></span> <span class='ocrx_word' id='word_1_66' title='bbox 1504 1245 1521 1298; x_wconf 88' lang='grc'><strong>;</strong></span> <span class='ocrx_word' id='word_1_67' title='bbox 1578 1229 1689 1297; x_wconf 77' lang='grc' dir='ltr'><strong>ἐγὼ</strong></span> <span class='ocrx_word' id='word_1_68' title='bbox 1716 1229 1814 1300; x_wconf 81' lang='grc' dir='ltr'><strong>οὐχ</strong></span> <span class='ocrx_word' id='word_1_69' title='bbox 1852 1229 2039 1300; x_wconf 78' lang='grc' dir='ltr'>ἥμαρ-</span> 
     </span>
    </p>
   </div>
   <div class='ocr_carea' id='block_1_11' title="bbox 456 1311 2041 1393">
    <p class='ocr_par' dir='ltr' id='par_1_11' title="bbox 456 1311 2041 1393">
     <span class='ocr_line' id='line_1_12' title="bbox 456 1311 2041 1393; baseline 0.007 -29"><span class='ocrx_word' id='word_1_70' title='bbox 456 1311 548 1366; x_wconf 89' lang='grc' dir='ltr'><strong>τόν</strong></span> <span class='ocrx_word' id='word_1_71' title='bbox 573 1329 680 1380; x_wconf 89' lang='grc' dir='ltr'>σοι,</span> <span class='ocrx_word' id='word_1_72' title='bbox 714 1319 810 1369; x_wconf 78' lang='grc' dir='ltr'>καὶ</span> <span class='ocrx_word' id='word_1_73' title='bbox 841 1316 906 1371; x_wconf 83' lang='grc' dir='ltr'>σὺ</span> <span class='ocrx_word' id='word_1_74' title='bbox 934 1320 1110 1382; x_wconf 78' lang='grc' dir='ltr'><strong>ποιεῖς</strong></span> <span class='ocrx_word' id='word_1_75' title='bbox 1133 1320 1251 1389; x_wconf 79' lang='grc' dir='ltr'>μετ’</span> <span class='ocrx_word' id='word_1_76' title='bbox 1283 1320 1416 1390; x_wconf 77' lang='grc' dir='ltr'>ἐμοῦ</span> <span class='ocrx_word' id='word_1_77' title='bbox 1456 1320 1724 1393; x_wconf 78' lang='grc' dir='ltr'><strong>πονηρίαν</strong></span> <span class='ocrx_word' id='word_1_78' title='bbox 1750 1320 1845 1374; x_wconf 79' lang='grc' dir='ltr'><strong>τοῦ</strong></span> <span class='ocrx_word' id='word_1_79' title='bbox 1876 1319 2041 1375; x_wconf 87' lang='grc' dir='ltr'>πολε-</span> 
     </span>
    </p>
   </div>
   <div class='ocr_carea' id='block_1_12' title="bbox 459 1404 2042 1485">
    <p class='ocr_par' dir='ltr' id='par_1_12' title="bbox 459 1404 2042 1485">
     <span class='ocr_line' id='line_1_13' title="bbox 459 1404 2042 1485; baseline 0.006 -26"><span class='ocrx_word' id='word_1_80' title='bbox 459 1404 633 1474; x_wconf 83' lang='grc' dir='ltr'>μῆσαι</span> <span class='ocrx_word' id='word_1_81' title='bbox 662 1407 720 1461; x_wconf 73' lang='grc' dir='ltr'>ἐν</span> <span class='ocrx_word' id='word_1_82' title='bbox 749 1408 890 1477; x_wconf 76' lang='grc' dir='ltr'>ἐμοί.</span> <span class='ocrx_word' id='word_1_83' title='bbox 929 1410 1129 1480; x_wconf 83' lang='grc' dir='ltr'>Κρίναι</span> <span class='ocrx_word' id='word_1_84' title='bbox 1162 1412 1367 1483; x_wconf 81' lang='grc' dir='ltr'>Κύριος</span> <span class='ocrx_word' id='word_1_85' title='bbox 1405 1415 1433 1467; x_wconf 89' lang='grc' dir='ltr'><strong>ὁ</strong></span> <span class='ocrx_word' id='word_1_86' title='bbox 1483 1414 1705 1483; x_wconf 83' lang='grc' dir='ltr'>κρίνων,</span> <span class='ocrx_word' id='word_1_87' title='bbox 1741 1414 1847 1469; x_wconf 81' lang='grc' dir='ltr'>ἀνὰ</span> <span class='ocrx_word' id='word_1_88' title='bbox 1877 1414 2042 1485; x_wconf 72' lang='grc' dir='ltr'>μέσον</span> 
     </span>
    </p>
   </div>
   <div class='ocr_carea' id='block_1_13' title="bbox 456 1497 2043 1577">
    <p class='ocr_par' dir='ltr' id='par_1_13' title="bbox 456 1497 2043 1577">
     <span class='ocr_line' id='line_1_14' title="bbox 456 1497 2043 1577; baseline 0.008 -28"><span class='ocrx_word' id='word_1_89' title='bbox 456 1497 593 1550; x_wconf 87' lang='grc' dir='ltr'>υἱῶν</span> <span class='ocrx_word' id='word_1_90' title='bbox 640 1500 882 1571; x_wconf 81' lang='grc' dir='ltr'>Ἰσραὴλ,</span> <span class='ocrx_word' id='word_1_91' title='bbox 936 1504 1034 1557; x_wconf 76' lang='grc' dir='ltr'>καὶ</span> <span class='ocrx_word' id='word_1_92' title='bbox 1076 1504 1180 1559; x_wconf 81' lang='grc' dir='ltr'>ἀνὰ</span> <span class='ocrx_word' id='word_1_93' title='bbox 1231 1506 1397 1574; x_wconf 76' lang='grc' dir='ltr'>μέσον</span> <span class='ocrx_word' id='word_1_94' title='bbox 1441 1506 1574 1559; x_wconf 92' lang='grc' dir='ltr'>υἱῶν</span> <span class='ocrx_word' id='word_1_95' title='bbox 1619 1505 1870 1577; x_wconf 82' lang='grc' dir='ltr'>Ἀμμών.</span> <span class='ocrx_word' id='word_1_96' title='bbox 1930 1507 2043 1562; x_wconf 68' lang='grc' dir='ltr'>Καὶ</span> 
     </span>
    </p>
   </div>
   <div class='ocr_carea' id='block_1_14' title="bbox 455 1589 2040 1672">
    <p class='ocr_par' dir='ltr' id='par_1_14' title="bbox 455 1589 2040 1672">
     <span class='ocr_line' id='line_1_15' title="bbox 455 1589 2040 1672; baseline 0.008 -29"><span class='ocrx_word' id='word_1_97' title='bbox 455 1589 556 1643; x_wconf 85' lang='grc' dir='ltr'>οὐκ</span> <span class='ocrx_word' id='word_1_98' title='bbox 613 1592 902 1664; x_wconf 85' lang='grc' dir='ltr'>εἱσήκουσε</span> <span class='ocrx_word' id='word_1_99' title='bbox 963 1596 1216 1667; x_wconf 81' lang='grc' dir='ltr'>βασιλεὺς</span> <span class='ocrx_word' id='word_1_100' title='bbox 1245 1600 1379 1654; x_wconf 88' lang='grc' dir='ltr'>υἱῶν</span> <span class='ocrx_word' id='word_1_101' title='bbox 1413 1601 1646 1672; x_wconf 80' lang='grc' dir='ltr'>Ἀμμὼν</span> <span class='ocrx_word' id='word_1_102' title='bbox 1694 1602 1806 1656; x_wconf 88' lang='grc' dir='ltr'><strong>τῶν</strong></span> <span class='ocrx_word' id='word_1_103' title='bbox 1860 1600 2040 1669; x_wconf 87' lang='grc' dir='ltr'>λόγων</span> 
     </span>
    </p>
   </div>
   <div class='ocr_carea' id='block_1_15' title="bbox 468 1672 2039 1763">
    <p class='ocr_par' dir='ltr' id='par_1_15' title="bbox 468 1672 2039 1763">
     <span class='ocr_line' id='line_1_16' title="bbox 468 1672 2039 1763; baseline 0.011 -35"><span class='ocrx_word' id='word_1_104' title='bbox 468 1674 701 1763; x_wconf 51' lang='grc' dir='ltr'>ξιεφθάε,</span> <span class='ocrx_word' id='word_1_105' title='bbox 726 1672 803 1734; x_wconf 80' lang='grc' dir='ltr'>ὧν</span> <span class='ocrx_word' id='word_1_106' title='bbox 825 1684 1117 1740; x_wconf 77' lang='grc' dir='ltr'>ἀπέστειλε</span> <span class='ocrx_word' id='word_1_107' title='bbox 1151 1687 1290 1759; x_wconf 78' lang='grc' dir='ltr'>πρὸς</span> <span class='ocrx_word' id='word_1_108' title='bbox 1318 1689 1502 1756; x_wconf 79' lang='grc' dir='ltr'>αὐτὸν,</span> <span class='ocrx_word' id='word_1_109' title='bbox 1536 1691 1630 1745; x_wconf 79' lang='grc' dir='ltr'>καὶ</span> <span class='ocrx_word' id='word_1_110' title='bbox 1657 1691 1923 1763; x_wconf 77' lang='grc' dir='ltr'><strong>ἐγεννήθη</strong></span> <span class='ocrx_word' id='word_1_111' title='bbox 1944 1691 2039 1747; x_wconf 69' lang='grc' dir='ltr'><strong>ἰπὶ</strong></span> 
     </span>
    </p>
   </div>
   <div class='ocr_carea' id='block_1_16' title="bbox 468 1761 2038 1850">
    <p class='ocr_par' dir='ltr' id='par_1_16' title="bbox 468 1761 2038 1850">
     <span class='ocr_line' id='line_1_17' title="bbox 468 1761 2038 1850; baseline 0.011 -32"><span class='ocrx_word' id='word_1_112' title='bbox 468 1761 678 1834; x_wconf 76' lang='grc' dir='ltr'><strong>⁹Ιεφθάε</strong></span> <span class='ocrx_word' id='word_1_113' title='bbox 706 1771 930 1843; x_wconf 80' lang='grc' dir='ltr'><strong>Πνεῦμα</strong></span> <span class='ocrx_word' id='word_1_114' title='bbox 958 1775 1193 1846; x_wconf 77' lang='grc' dir='ltr'>Κυρίου,</span> <span class='ocrx_word' id='word_1_115' title='bbox 1239 1778 1335 1832; x_wconf 73' lang='grc' dir='ltr'>καὶ</span> <span class='ocrx_word' id='word_1_116' title='bbox 1362 1778 1515 1850; x_wconf 87' lang='grc' dir='ltr'>διέϐη</span> <span class='ocrx_word' id='word_1_117' title='bbox 1547 1781 1684 1850; x_wconf 85' lang='grc' dir='ltr'>πρὸς</span> <span class='ocrx_word' id='word_1_118' title='bbox 1712 1761 1847 1845; x_wconf 76' lang='grc' dir='ltr'>τοὺς</span> <span class='ocrx_word' id='word_1_119' title='bbox 1884 1761 2038 1844; x_wconf 77' lang='grc' dir='ltr'>υἱοὺς</span> 
     </span>
    </p>
   </div>
   <div class='ocr_carea' id='block_1_17' title="bbox 469 1858 2038 1951">
    <p class='ocr_par' dir='ltr' id='par_1_17' title="bbox 469 1858 2038 1951">
     <span class='ocr_line' id='line_1_18' title="bbox 469 1858 2038 1951; baseline 0.011 -40"><span class='ocrx_word' id='word_1_120' title='bbox 469 1858 716 1929; x_wconf 84' lang='grc' dir='ltr'>Ἀμμὼν,</span> <span class='ocrx_word' id='word_1_121' title='bbox 742 1862 839 1918; x_wconf 84' lang='grc' dir='ltr'><strong>τοῦ</strong></span> <span class='ocrx_word' id='word_1_122' title='bbox 861 1865 1174 1938; x_wconf 85' lang='grc' dir='ltr'>πολεμῆσαι</span> <span class='ocrx_word' id='word_1_123' title='bbox 1202 1870 1423 1936; x_wconf 79' lang='grc' dir='ltr'>αὐτούς.</span> <span class='ocrx_word' id='word_1_124' title='bbox 1454 1870 1565 1926; x_wconf 84' lang='grc' dir='ltr'><strong>Καὶ</strong></span> <span class='ocrx_word' id='word_1_125' title='bbox 1595 1872 1911 1951; x_wconf 75' lang='grc' dir='ltr'>παρέδωκεν</span> <span class='ocrx_word' id='word_1_126' title='bbox 1934 1874 2038 1929; x_wconf 78' lang='grc' dir='ltr'><strong>αὖ·</strong></span> 
     </span>
    </p>
   </div>
   <div class='ocr_carea' id='block_1_18' title="bbox 455 1950 2038 2034">
    <p class='ocr_par' dir='ltr' id='par_1_18' title="bbox 455 1950 2038 2034">
     <span class='ocr_line' id='line_1_19' title="bbox 455 1950 2038 2034; baseline 0.013 -29"><span class='ocrx_word' id='word_1_127' title='bbox 455 1950 582 2015; x_wconf 83' lang='grc' dir='ltr'>τοὺς</span> <span class='ocrx_word' id='word_1_128' title='bbox 615 1953 822 2026; x_wconf 82' lang='grc' dir='ltr'>Κύριος</span> <span class='ocrx_word' id='word_1_129' title='bbox 850 1959 910 2013; x_wconf 76' lang='grc' dir='ltr'>ἐν</span> <span class='ocrx_word' id='word_1_130' title='bbox 938 1960 1087 2033; x_wconf 81' lang='grc' dir='ltr'>χειρὶ</span> <span class='ocrx_word' id='word_1_131' title='bbox 1133 1963 1301 2019; x_wconf 81' lang='grc' dir='ltr'>αὐτοῦ</span> <span class='ocrx_word' id='word_1_132' title='bbox 1321 2006 1337 2032; x_wconf 93' lang='grc'><strong>,</strong></span> <span class='ocrx_word' id='word_1_133' title='bbox 1373 1967 1468 2020; x_wconf 74' lang='grc' dir='ltr'>καὶ</span> <span class='ocrx_word' id='word_1_134' title='bbox 1518 1950 1789 2034; x_wconf 76' lang='grc' dir='ltr'><strong>ἐπάταξεν</strong></span> <span class='ocrx_word' id='word_1_135' title='bbox 1818 1969 1902 2033; x_wconf 90' lang='grc' dir='ltr'><strong>εἱς</strong></span> <span class='ocrx_word' id='word_1_136' title='bbox 1933 1969 2038 2025; x_wconf 83' lang='grc' dir='ltr'><strong>αὐ·-</strong></span> 
     </span>
    </p>
   </div>
   <div class='ocr_carea' id='block_1_19' title="bbox 454 2042 2037 2131">
    <p class='ocr_par' dir='ltr' id='par_1_19' title="bbox 454 2042 2037 2131">
     <span class='ocr_line' id='line_1_20' title="bbox 454 2042 2037 2131; baseline 0.011 -36"><span class='ocrx_word' id='word_1_137' title='bbox 454 2042 585 2105; x_wconf 75' lang='grc' dir='ltr'>τοὶις</span> <span class='ocrx_word' id='word_1_138' title='bbox 612 2045 785 2100; x_wconf 73' lang='grc' dir='ltr'>εἰκοσι</span> <span class='ocrx_word' id='word_1_139' title='bbox 808 2048 1016 2118; x_wconf 88' lang='grc' dir='ltr'>πόλεις,</span> <span class='ocrx_word' id='word_1_140' title='bbox 1050 2053 1145 2107; x_wconf 79' lang='grc' dir='ltr'>καὶ</span> <span class='ocrx_word' id='word_1_141' title='bbox 1166 2053 1547 2128; x_wconf 77' lang='grc' dir='ltr'>ἐνετράπησαν</span> <span class='ocrx_word' id='word_1_142' title='bbox 1577 2057 1627 2110; x_wconf 86' lang='grc' dir='ltr'><strong>οἱ</strong></span> <span class='ocrx_word' id='word_1_143' title='bbox 1652 2058 1761 2111; x_wconf 77' lang='grc' dir='ltr'>υἱοὶ</span> <span class='ocrx_word' id='word_1_144' title='bbox 1802 2057 2037 2131; x_wconf 79' lang='grc' dir='ltr'>Ἀμμὼν</span> 
     </span>
    </p>
   </div>
   <div class='ocr_carea' id='block_1_20' title="bbox 455 2132 2114 2216">
    <p class='ocr_par' dir='ltr' id='par_1_20' title="bbox 455 2132 2114 2216">
     <span class='ocr_line' id='line_1_21' title="bbox 455 2132 2114 2216; baseline 0.014 -29"><span class='ocrx_word' id='word_1_145' title='bbox 455 2132 565 2187; x_wconf 80' lang='grc' dir='ltr'>ἀπὸ</span> <span class='ocrx_word' id='word_1_146' title='bbox 590 2136 884 2206; x_wconf 84' lang='grc' dir='ltr'>προσώπου</span> <span class='ocrx_word' id='word_1_147' title='bbox 913 2142 1045 2197; x_wconf 85' lang='grc' dir='ltr'>υἱῶν</span> <span class='ocrx_word' id='word_1_148' title='bbox 1072 2144 1318 2216; x_wconf 79' lang='grc' dir='ltr'>Ἰσραήλ.</span> <span class='ocrx_word' id='word_1_149' title='bbox 2068 2152 2114 2211; x_wconf 82' lang='grc' dir='ltr'><strong>Β</strong></span> 
     </span>
    </p>
   </div>
   <div class='ocr_carea' id='block_1_21' title="bbox 2215 1049 3732 1124">
    <p class='ocr_par' dir='ltr' id='par_1_21' title="bbox 2215 1049 3732 1124">
     <span class='ocr_line' id='line_1_22' title="bbox 2215 1049 3732 1124; baseline -0.001 -16"><span class='ocrx_word' id='word_1_150' title='bbox 2215 1052 2399 1108; x_wconf 70' lang='lat' dir='ltr'><strong>ludio.</strong></span> <span class='ocrx_word' id='word_1_151' title='bbox 2428 1067 2490 1107; x_wconf 91' lang='grc' dir='ltr'><strong>ιι.</strong></span> <span class='ocrx_word' id='word_1_152' title='bbox 2516 1049 2751 1124; x_wconf 80' lang='lat' dir='ltr'><strong>Jephtlta</strong></span> <span class='ocrx_word' id='word_1_153' title='bbox 2797 1053 3021 1109; x_wconf 88' lang='lat' dir='ltr'><strong>nuntios</strong></span> <span class='ocrx_word' id='word_1_154' title='bbox 3070 1052 3223 1109; x_wconf 89' lang='lat' dir='ltr'><strong>misit</strong></span> <span class='ocrx_word' id='word_1_155' title='bbox 3259 1051 3327 1107; x_wconf 88' lang='lat' dir='ltr'><strong>ad</strong></span> <span class='ocrx_word' id='word_1_156' title='bbox 3383 1065 3562 1122; x_wconf 91' lang='lat' dir='ltr'><strong>regem</strong></span> <span class='ocrx_word' id='word_1_157' title='bbox 3592 1051 3732 1106; x_wconf 80' lang='lat' dir='ltr'><strong>Am-</strong></span> 
     </span>
    </p>
   </div>
   <div class='ocr_carea' id='block_1_22' title="bbox 2143 1142 3730 1215">
    <p class='ocr_par' dir='ltr' id='par_1_22' title="bbox 2143 1142 3730 1215">
     <span class='ocr_line' id='line_1_23' title="bbox 2143 1142 3730 1215; baseline -0.003 -14"><span class='ocrx_word' id='word_1_158' title='bbox 2143 1143 2499 1208; x_wconf 86' lang='lat' dir='ltr'><strong>monitarum,</strong></span> <span class='ocrx_word' id='word_1_159' title='bbox 2531 1158 2660 1199; x_wconf 88' lang='lat' dir='ltr'><strong>cum</strong></span> <span class='ocrx_word' id='word_1_160' title='bbox 2713 1143 3030 1215; x_wconf 75' lang='lat' dir='ltr'><strong>huiusmodi</strong></span> <span class='ocrx_word' id='word_1_161' title='bbox 3082 1143 3356 1200; x_wconf 76' lang='lat' dir='ltr'><strong>mandatis</strong></span> <span class='ocrx_word' id='word_1_162' title='bbox 3390 1160 3408 1199; x_wconf 88' lang='lat'><strong>:</strong></span> <span class='ocrx_word' id='word_1_163' title='bbox 3441 1142 3584 1211; x_wconf 84' lang='lat' dir='ltr'><strong>Quid</strong></span> <span class='ocrx_word' id='word_1_164' title='bbox 3631 1142 3730 1198; x_wconf 90' lang='lat' dir='ltr'><strong>t&#39;rbi</strong></span> 
     </span>
    </p>
   </div>
   <div class='ocr_carea' id='block_1_23' title="bbox 2143 1234 3730 1307">
    <p class='ocr_par' dir='ltr' id='par_1_23' title="bbox 2143 1234 3730 1307">
     <span class='ocr_line' id='line_1_24' title="bbox 2143 1234 3730 1307; baseline -0.004 -13"><span class='ocrx_word' id='word_1_165' title='bbox 2143 1250 2357 1294; x_wconf 86' lang='lat' dir='ltr'><strong>mecum</strong></span> <span class='ocrx_word' id='word_1_166' title='bbox 2401 1236 2480 1292; x_wconf 86' lang='lat' dir='ltr'><strong>rei</strong></span> <span class='ocrx_word' id='word_1_167' title='bbox 2527 1243 2633 1301; x_wconf 86' lang='lat' dir='ltr'><strong>est,</strong></span> <span class='ocrx_word' id='word_1_168' title='bbox 2676 1237 2826 1307; x_wconf 87' lang='lat' dir='ltr'><strong>quod</strong></span> <span class='ocrx_word' id='word_1_169' title='bbox 2876 1235 3033 1294; x_wconf 81' lang='lat' dir='ltr'><strong>venis</strong></span> <span class='ocrx_word' id='word_1_170' title='bbox 3083 1237 3141 1292; x_wconf 88' lang='lat' dir='ltr'><strong>in</strong></span> <span class='ocrx_word' id='word_1_171' title='bbox 3194 1238 3331 1293; x_wconf 83' lang='lat' dir='ltr'><strong>lines</strong></span> <span class='ocrx_word' id='word_1_172' title='bbox 3383 1236 3501 1306; x_wconf 87' lang='lat' dir='ltr'><strong>agri</strong></span> <span class='ocrx_word' id='word_1_173' title='bbox 3548 1234 3730 1291; x_wconf 90' lang='lat' dir='ltr'><strong>nostri</strong></span> 
     </span>
    </p>
   </div>
   <div class='ocr_carea' id='block_1_24' title="bbox 2142 1326 3733 1400">
    <p class='ocr_par' dir='ltr' id='par_1_24' title="bbox 2142 1326 3733 1400">
     <span class='ocr_line' id='line_1_25' title="bbox 2142 1326 3733 1400; baseline -0.004 -14"><span class='ocrx_word' id='word_1_174' title='bbox 2142 1328 2443 1386; x_wconf 77' lang='lat' dir='ltr'><strong>bellatum?</strong></span> <span class='ocrx_word' id='word_1_175' title='bbox 2470 1328 2608 1385; x_wconf 85' lang='lat' dir='ltr'><strong>nihil</strong></span> <span class='ocrx_word' id='word_1_176' title='bbox 2641 1329 2695 1384; x_wconf 94' lang='lat' dir='ltr'><strong>in</strong></span> <span class='ocrx_word' id='word_1_177' title='bbox 2730 1336 2780 1383; x_wconf 89' lang='lat' dir='ltr'><strong>te</strong></span> <span class='ocrx_word' id='word_1_178' title='bbox 2813 1329 3056 1400; x_wconf 80' lang='lat' dir='ltr'><strong>peccavi.</strong></span> <span class='ocrx_word' id='word_1_179' title='bbox 3134 1340 3189 1384; x_wconf 89' lang='lat' dir='ltr'><strong>et</strong></span> <span class='ocrx_word' id='word_1_180' title='bbox 3222 1336 3279 1384; x_wconf 90' lang='lat' dir='ltr'><strong>tu</strong></span> <span class='ocrx_word' id='word_1_181' title='bbox 3309 1342 3525 1383; x_wconf 91' lang='lat' dir='ltr'><strong>mecum</strong></span> <span class='ocrx_word' id='word_1_182' title='bbox 3569 1326 3733 1381; x_wconf 87' lang='lat' dir='ltr'><strong>mali-</strong></span> 
     </span>
    </p>
   </div>
   <div class='ocr_carea' id='block_1_25' title="bbox 2140 1415 3730 1491">
    <p class='ocr_par' dir='ltr' id='par_1_25' title="bbox 2140 1415 3730 1491">
     <span class='ocr_line' id='line_1_26' title="bbox 2140 1415 3730 1491; baseline -0.003 -16"><span class='ocrx_word' id='word_1_183' title='bbox 2140 1419 2281 1477; x_wconf 88' lang='lat' dir='ltr'><strong>tiose</strong></span> <span class='ocrx_word' id='word_1_184' title='bbox 2301 1420 2444 1489; x_wconf 85' lang='lat' dir='ltr'><strong>agis,</strong></span> <span class='ocrx_word' id='word_1_185' title='bbox 2508 1421 2603 1491; x_wconf 89' lang='lat' dir='ltr'><strong>qui</strong></span> <span class='ocrx_word' id='word_1_186' title='bbox 2646 1419 2783 1475; x_wconf 92' lang='lat' dir='ltr'><strong>mihi</strong></span> <span class='ocrx_word' id='word_1_187' title='bbox 2815 1419 3016 1476; x_wconf 91' lang='lat' dir='ltr'><strong>bellum</strong></span> <span class='ocrx_word' id='word_1_188' title='bbox 3062 1417 3254 1473; x_wconf 81' lang='lat' dir='ltr'><strong>infers.</strong></span> <span class='ocrx_word' id='word_1_189' title='bbox 3297 1415 3515 1472; x_wconf 83' lang='lat' dir='ltr'><strong>Judicet</strong></span> <span class='ocrx_word' id='word_1_190' title='bbox 3544 1415 3730 1471; x_wconf 90' lang='lat' dir='ltr'><strong>Domi-</strong></span> 
     </span>
    </p>
   </div>
   <div class='ocr_carea' id='block_1_26' title="bbox 2140 1506 3731 1569">
    <p class='ocr_par' dir='ltr' id='par_1_26' title="bbox 2140 1506 3731 1569">
     <span class='ocr_line' id='line_1_27' title="bbox 2140 1506 3731 1569; baseline -0.004 -2"><span class='ocrx_word' id='word_1_191' title='bbox 2140 1527 2249 1569; x_wconf 86' lang='lat' dir='ltr'><strong>nus</strong></span> <span class='ocrx_word' id='word_1_192' title='bbox 2285 1512 2353 1568; x_wconf 92' lang='lat' dir='ltr'><strong>de</strong></span> <span class='ocrx_word' id='word_1_193' title='bbox 2388 1526 2553 1568; x_wconf 89' lang='lat' dir='ltr'><strong>causa</strong></span> <span class='ocrx_word' id='word_1_194' title='bbox 2597 1510 2975 1569; x_wconf 87' lang='lat' dir='ltr'><strong>lsraelitarum</strong></span> <span class='ocrx_word' id='word_1_195' title='bbox 3025 1516 3081 1566; x_wconf 92' lang='lat' dir='ltr'><strong>et</strong></span> <span class='ocrx_word' id='word_1_196' title='bbox 3108 1509 3573 1565; x_wconf 83' lang='lat' dir='ltr'><strong>Ammonitarum.</strong></span> <span class='ocrx_word' id='word_1_197' title='bbox 3611 1506 3731 1562; x_wconf 80' lang='lat' dir='ltr'><strong>Rex</strong></span> 
     </span>
    </p>
   </div>
   <div class='ocr_carea' id='block_1_27' title="bbox 2116 1595 3730 1669">
    <p class='ocr_par' dir='ltr' id='par_1_27' title="bbox 2116 1595 3730 1669">
     <span class='ocr_line' id='line_1_28' title="bbox 2116 1595 3730 1669; baseline -0.004 -13"><span class='ocrx_word' id='word_1_198' title='bbox 2116 1596 2325 1657; x_wconf 84' lang='lat' dir='ltr'><strong>autem</strong></span> <span class='ocrx_word' id='word_1_199' title='bbox 2407 1601 2849 1658; x_wconf 81' lang='lat' dir='ltr'><strong>Ammanitarum</strong></span> <span class='ocrx_word' id='word_1_200' title='bbox 2938 1615 3051 1656; x_wconf 88' lang='lat' dir='ltr'><strong>non</strong></span> <span class='ocrx_word' id='word_1_201' title='bbox 3134 1598 3414 1669; x_wconf 78' lang='lat' dir='ltr'><strong>acquievit</strong></span> <span class='ocrx_word' id='word_1_202' title='bbox 3491 1595 3730 1653; x_wconf 87' lang='lat' dir='ltr'><strong>orationi</strong></span> 
     </span>
    </p>
   </div>
   <div class='ocr_carea' id='block_1_28' title="bbox 2136 1688 3733 1763">
    <p class='ocr_par' dir='ltr' id='par_1_28' title="bbox 2136 1688 3733 1763">
     <span class='ocr_line' id='line_1_29' title="bbox 2136 1688 3733 1763; baseline -0.002 -17"><span class='ocrx_word' id='word_1_203' title='bbox 2136 1688 2410 1762; x_wconf 83' lang='lat' dir='ltr'><strong>Jephthae,</strong></span> <span class='ocrx_word' id='word_1_204' title='bbox 2433 1708 2541 1763; x_wconf 89' lang='lat' dir='ltr'><strong>qua</strong></span> <span class='ocrx_word' id='word_1_205' title='bbox 2593 1708 2693 1763; x_wconf 92' lang='lat' dir='ltr'><strong>per</strong></span> <span class='ocrx_word' id='word_1_206' title='bbox 2717 1692 2944 1748; x_wconf 90' lang='lat' dir='ltr'><strong>nuntios</strong></span> <span class='ocrx_word' id='word_1_207' title='bbox 2971 1690 3117 1761; x_wconf 86' lang='lat' dir='ltr'><strong>apud</strong></span> <span class='ocrx_word' id='word_1_208' title='bbox 3151 1690 3304 1746; x_wconf 91' lang='lat' dir='ltr'><strong>illum</strong></span> <span class='ocrx_word' id='word_1_209' title='bbox 3333 1703 3470 1745; x_wconf 87' lang='lat' dir='ltr'><strong>usus</strong></span> <span class='ocrx_word' id='word_1_210' title='bbox 3494 1696 3649 1744; x_wconf 88' lang='lat' dir='ltr'><strong>erat:</strong></span> <span class='ocrx_word' id='word_1_211' title='bbox 3673 1693 3733 1743; x_wconf 87' lang='lat' dir='ltr'><strong>et</strong></span> 
     </span>
    </p>
   </div>
   <div class='ocr_carea' id='block_1_29' title="bbox 2138 1782 3729 1856">
    <p class='ocr_par' dir='ltr' id='par_1_29' title="bbox 2138 1782 3729 1856">
     <span class='ocr_line' id='line_1_30' title="bbox 2138 1782 3729 1856; baseline -0.002 -17"><span class='ocrx_word' id='word_1_212' title='bbox 2138 1784 2411 1855; x_wconf 79' lang='lat' dir='ltr'><strong>corripuit</strong></span> <span class='ocrx_word' id='word_1_213' title='bbox 2452 1782 2747 1856; x_wconf 80' lang='lat' dir='ltr'><strong>Jcphtham</strong></span> <span class='ocrx_word' id='word_1_214' title='bbox 2784 1784 3026 1856; x_wconf 82' lang='lat' dir='ltr'><strong>Spiritus</strong></span> <span class='ocrx_word' id='word_1_215' title='bbox 3062 1784 3372 1851; x_wconf 90' lang='lat' dir='ltr'><strong>Domini,et</strong></span> <span class='ocrx_word' id='word_1_216' title='bbox 3402 1794 3729 1855; x_wconf 78' lang='lat' dir='ltr'><strong>progressus</strong></span> 
     </span>
    </p>
   </div>
   <div class='ocr_carea' id='block_1_30' title="bbox 2138 1872 3731 1944">
    <p class='ocr_par' dir='ltr' id='par_1_30' title="bbox 2138 1872 3731 1944">
     <span class='ocr_line' id='line_1_31' title="bbox 2138 1872 3731 1944; baseline -0.002 -13"><span class='ocrx_word' id='word_1_217' title='bbox 2138 1884 2223 1931; x_wconf 85' lang='lat' dir='ltr'><strong>est</strong></span> <span class='ocrx_word' id='word_1_218' title='bbox 2262 1874 2329 1930; x_wconf 91' lang='lat' dir='ltr'><strong>ad</strong></span> <span class='ocrx_word' id='word_1_219' title='bbox 2358 1874 2560 1931; x_wconf 88' lang='lat' dir='ltr'><strong>bellum</strong></span> <span class='ocrx_word' id='word_1_220' title='bbox 2606 1876 2952 1933; x_wconf 79' lang='lat' dir='ltr'><strong>inferendum</strong></span> <span class='ocrx_word' id='word_1_221' title='bbox 2985 1877 3113 1935; x_wconf 75' lang='lat' dir='ltr'><strong>filiis</strong></span> <span class='ocrx_word' id='word_1_222' title='bbox 3137 1876 3440 1944; x_wconf 81' lang='lat' dir='ltr'><strong>Ammonis,</strong></span> <span class='ocrx_word' id='word_1_223' title='bbox 3476 1872 3731 1931; x_wconf 86' lang='lat' dir='ltr'><strong>tradidit-</strong></span> 
     </span>
    </p>
   </div>
   <div class='ocr_carea' id='block_1_31' title="bbox 2138 1963 3730 2039">
    <p class='ocr_par' dir='ltr' id='par_1_31' title="bbox 2138 1963 3730 2039">
     <span class='ocr_line' id='line_1_32' title="bbox 2138 1963 3730 2039; baseline -0.001 -17"><span class='ocrx_word' id='word_1_224' title='bbox 2138 1982 2247 2039; x_wconf 86' lang='lat' dir='ltr'><strong>que</strong></span> <span class='ocrx_word' id='word_1_225' title='bbox 2271 1982 2369 2025; x_wconf 89' lang='lat' dir='ltr'><strong>eos</strong></span> <span class='ocrx_word' id='word_1_226' title='bbox 2396 1968 2663 2026; x_wconf 86' lang='lat' dir='ltr'><strong>Dominus</strong></span> <span class='ocrx_word' id='word_1_227' title='bbox 2697 1969 2755 2024; x_wconf 90' lang='lat' dir='ltr'><strong>in</strong></span> <span class='ocrx_word' id='word_1_228' title='bbox 2801 1984 3003 2027; x_wconf 88' lang='lat' dir='ltr'><strong>manus</strong></span> <span class='ocrx_word' id='word_1_229' title='bbox 3038 1969 3113 2036; x_wconf 89' lang='lat' dir='ltr'><strong>ei,</strong></span> <span class='ocrx_word' id='word_1_230' title='bbox 3146 1968 3495 2039; x_wconf 82' lang='lat' dir='ltr'><strong>vastavitque</strong></span> <span class='ocrx_word' id='word_1_231' title='bbox 3531 1963 3730 2038; x_wconf 81' lang='lat' dir='ltr'><strong>viginti</strong></span> 
     </span>
    </p>
   </div>
   <div class='ocr_carea' id='block_1_32' title="bbox 2139 2060 3472 2120">
    <p class='ocr_par' dir='ltr' id='par_1_32' title="bbox 2139 2060 3472 2120">
     <span class='ocr_line' id='line_1_33' title="bbox 2139 2060 3472 2120; baseline 0 -3"><span class='ocrx_word' id='word_1_232' title='bbox 2139 2061 2305 2118; x_wconf 84' lang='lat' dir='ltr'><strong>urbes</strong></span> <span class='ocrx_word' id='word_1_233' title='bbox 2332 2079 2348 2119; x_wconf 88' lang='lat'><strong>:</strong></span> <span class='ocrx_word' id='word_1_234' title='bbox 2383 2071 2441 2118; x_wconf 89' lang='lat' dir='ltr'><strong>et</strong></span> <span class='ocrx_word' id='word_1_235' title='bbox 2468 2060 2797 2119; x_wconf 64' lang='lat' dir='ltr'><strong>Ammanitae</strong></span> <span class='ocrx_word' id='word_1_236' title='bbox 2828 2061 3137 2120; x_wconf 89' lang='lat' dir='ltr'><strong>timuerunt</strong></span> <span class='ocrx_word' id='word_1_237' title='bbox 3170 2060 3472 2118; x_wconf 83' lang='lat' dir='ltr'><strong>Israelitas.</strong></span> 
     </span>
    </p>
   </div>
   <div class='ocr_carea' id='block_1_33' title="bbox 529 2226 2040 2313">
    <p class='ocr_par' dir='ltr' id='par_1_33' title="bbox 529 2226 2040 2313">
     <span class='ocr_line' id='line_1_34' title="bbox 529 2226 2040 2313; baseline 0.011 -34"><span class='ocrx_word' id='word_1_238' title='bbox 529 2226 746 2284; x_wconf 81' lang='grc' dir='ltr'>Παῦσαι</span> <span class='ocrx_word' id='word_1_239' title='bbox 789 2230 901 2287; x_wconf 74' lang='grc' dir='ltr'><strong>ἀπὸ</strong></span> <span class='ocrx_word' id='word_1_240' title='bbox 948 2233 1142 2305; x_wconf 82' lang='grc' dir='ltr'>ὀργῆς,</span> <span class='ocrx_word' id='word_1_241' title='bbox 1174 2236 1272 2290; x_wconf 81' lang='grc' dir='ltr'>καὶ</span> <span class='ocrx_word' id='word_1_242' title='bbox 1302 2238 1642 2306; x_wconf 79' lang='grc' dir='ltr'>ἐγκατάλιπε</span> <span class='ocrx_word' id='word_1_243' title='bbox 1698 2239 1872 2311; x_wconf 88' lang='grc' dir='ltr'>θυμόν</span> <span class='ocrx_word' id='word_1_244' title='bbox 1899 2252 1916 2272; x_wconf 84' lang='grc'><strong><em>⁸</em></strong></span> <span class='ocrx_word' id='word_1_245' title='bbox 1961 2240 2040 2313; x_wconf 61' lang='grc' dir='ltr'>μὴ</span> 
     </span>
    </p>
   </div>
   <div class='ocr_carea' id='block_1_34' title="bbox 455 2319 2039 2406">
    <p class='ocr_par' dir='ltr' id='par_1_34' title="bbox 455 2319 2039 2406">
     <span class='ocr_line' id='line_1_35' title="bbox 455 2319 2039 2406; baseline 0.011 -37"><span class='ocrx_word' id='word_1_246' title='bbox 455 2319 778 2390; x_wconf 74' lang='grc' dir='ltr'>παραζηλου</span> <span class='ocrx_word' id='word_1_247' title='bbox 810 2322 953 2378; x_wconf 89' lang='grc' dir='ltr'>ῶστε</span> <span class='ocrx_word' id='word_1_248' title='bbox 978 2327 1380 2400; x_wconf 80' lang='grc' dir='ltr'>πονηρεύεσθαι</span> <span class='ocrx_word' id='word_1_249' title='bbox 1405 2346 1420 2362; x_wconf 86' lang='grc'>⁶</span> <span class='ocrx_word' id='word_1_250' title='bbox 1449 2331 1535 2386; x_wconf 80' lang='grc' dir='ltr'>ὅτι</span> <span class='ocrx_word' id='word_1_251' title='bbox 1564 2331 1616 2384; x_wconf 92' lang='grc' dir='ltr'><strong>οἱ</strong></span> <span class='ocrx_word' id='word_1_252' title='bbox 1656 2333 2039 2406; x_wconf 75' lang='grc' dir='ltr'>πονηρευόμε-</span> 
     </span>
    </p>
   </div>
   <div class='ocr_carea' id='block_1_35' title="bbox 456 2410 1140 2489">
    <p class='ocr_par' dir='ltr' id='par_1_35' title="bbox 456 2410 1140 2489">
     <span class='ocr_line' id='line_1_36' title="bbox 456 2410 1140 2489; baseline 0.018 -26"><span class='ocrx_word' id='word_1_253' title='bbox 456 2425 537 2465; x_wconf 87' lang='grc' dir='ltr'><strong>νοι</strong></span> <span class='ocrx_word' id='word_1_254' title='bbox 571 2410 1140 2489; x_wconf 81' lang='grc' dir='ltr'>ὲξολοθρευθήσονται.</span> 
     </span>
    </p>
   </div>
   <div class='ocr_carea' id='block_1_36' title="bbox 523 2497 1967 2590">
    <p class='ocr_par' dir='ltr' id='par_1_36' title="bbox 523 2497 1967 2590">
     <span class='ocr_line' id='line_1_37' title="bbox 523 2497 1967 2590; baseline 0.012 -32"><span class='ocrx_word' id='word_1_255' title='bbox 523 2506 930 2580; x_wconf 86' lang='grc' dir='ltr'>Διασκόρπισον</span> <span class='ocrx_word' id='word_1_256' title='bbox 963 2512 1093 2585; x_wconf 78' lang='grc' dir='ltr'>ἔθνη</span> <span class='ocrx_word' id='word_1_257' title='bbox 1132 2516 1202 2570; x_wconf 83' lang='grc' dir='ltr'>τὰ</span> <span class='ocrx_word' id='word_1_258' title='bbox 1234 2516 1364 2582; x_wconf 76' lang='grc' dir='ltr'>τοὺς</span> <span class='ocrx_word' id='word_1_259' title='bbox 1391 2497 1677 2590; x_wconf 52' lang='grc' dir='ltr'>’πολέμους</span> <span class='ocrx_word' id='word_1_260' title='bbox 1714 2518 1967 2577; x_wconf 78' lang='grc' dir='ltr'>θέλοντα.</span> 
     </span>
    </p>
   </div>
   <div class='ocr_carea' id='block_1_37' title="bbox 523 2596 1171 2675">
    <p class='ocr_par' dir='ltr' id='par_1_37' title="bbox 523 2596 1171 2675">
     <span class='ocr_line' id='line_1_38' title="bbox 523 2596 1171 2675; baseline 0.017 -24"><span class='ocrx_word' id='word_1_261' title='bbox 523 2596 700 2663; x_wconf 82' lang='grc' dir='ltr'>Μῖσος</span> <span class='ocrx_word' id='word_1_262' title='bbox 732 2601 940 2672; x_wconf 70' lang='grc' dir='ltr'>ἐγείρει</span> <span class='ocrx_word' id='word_1_263' title='bbox 968 2605 1171 2675; x_wconf 74' lang='grc' dir='ltr'>νεῖκος.</span> 
     </span>
    </p>
   </div>
   <div class='ocr_carea' id='block_1_38' title="bbox 521 2683 1683 2776">
    <p class='ocr_par' dir='ltr' id='par_1_38' title="bbox 521 2683 1683 2776">
     <span class='ocr_line' id='line_1_39' title="bbox 521 2683 1683 2776; baseline 0.012 -32"><span class='ocrx_word' id='word_1_264' title='bbox 521 2683 599 2746; x_wconf 69' lang='grc' dir='ltr'><strong>Οὔ</strong></span> <span class='ocrx_word' id='word_1_265' title='bbox 620 2690 716 2747; x_wconf 67' lang='grc' dir='ltr'>ἐὰν</span> <span class='ocrx_word' id='word_1_266' title='bbox 748 2694 964 2776; x_wconf 75' lang='grc' dir='ltr'><strong>εἰσέλθῃ</strong></span> <span class='ocrx_word' id='word_1_267' title='bbox 1000 2695 1180 2771; x_wconf 75' lang='grc' dir='ltr'>ὕϐρις,</span> <span class='ocrx_word' id='word_1_268' title='bbox 1205 2699 1323 2755; x_wconf 67' lang='grc' dir='ltr'>ἐκεῖ</span> <span class='ocrx_word' id='word_1_269' title='bbox 1345 2701 1439 2757; x_wconf 78' lang='grc' dir='ltr'>καὶ</span> <span class='ocrx_word' id='word_1_270' title='bbox 1468 2702 1683 2775; x_wconf 73' lang='grc' dir='ltr'>ἀτιμία.</span> 
     </span>
    </p>
   </div>
   <div class='ocr_carea' id='block_1_39' title="bbox 2212 2233 3731 2309">
    <p class='ocr_par' dir='ltr' id='par_1_39' title="bbox 2212 2233 3731 2309">
     <span class='ocr_line' id='line_1_40' title="bbox 2212 2233 3731 2309; baseline -0.006 -11"><span class='ocrx_word' id='word_1_271' title='bbox 2212 2239 2409 2298; x_wconf 81' lang='lat' dir='ltr'><strong>David.</strong></span> <span class='ocrx_word' id='word_1_272' title='bbox 2434 2240 2574 2297; x_wconf 88' lang='lat' dir='ltr'><strong>Seda</strong></span> <span class='ocrx_word' id='word_1_273' title='bbox 2604 2239 2969 2309; x_wconf 81' lang='lat' dir='ltr'><strong>iracundiam,</strong></span> <span class='ocrx_word' id='word_1_274' title='bbox 2993 2246 3050 2297; x_wconf 93' lang='lat' dir='ltr'><strong>et</strong></span> <span class='ocrx_word' id='word_1_275' title='bbox 3078 2238 3218 2295; x_wconf 84' lang='lat' dir='ltr'><strong>iram</strong></span> <span class='ocrx_word' id='word_1_276' title='bbox 3255 2237 3476 2303; x_wconf 87' lang='lat' dir='ltr'><strong>omitte;</strong></span> <span class='ocrx_word' id='word_1_277' title='bbox 3509 2234 3621 2291; x_wconf 90' lang='lat' dir='ltr'><strong>noli</strong></span> <span class='ocrx_word' id='word_1_278' title='bbox 3652 2233 3731 2290; x_wconf 88' lang='lat' dir='ltr'><strong>ita</strong></span> 
     </span>
    </p>
   </div>
   <div class='ocr_carea' id='block_1_40' title="bbox 2141 2325 3731 2405">
    <p class='ocr_par' dir='ltr' id='par_1_40' title="bbox 2141 2325 3731 2405">
     <span class='ocr_line' id='line_1_41' title="bbox 2141 2325 3731 2405; baseline -0.006 -15"><span class='ocrx_word' id='word_1_279' title='bbox 2141 2334 2389 2390; x_wconf 70' lang='lat' dir='ltr'><strong>aemulari</strong></span> <span class='ocrx_word' id='word_1_280' title='bbox 2431 2342 2494 2390; x_wconf 90' lang='lat' dir='ltr'><strong>ut</strong></span> <span class='ocrx_word' id='word_1_281' title='bbox 2524 2333 2775 2405; x_wconf 85' lang='lat' dir='ltr'><strong>improbe</strong></span> <span class='ocrx_word' id='word_1_282' title='bbox 2812 2347 2988 2404; x_wconf 88' lang='lat' dir='ltr'><strong>agas:</strong></span> <span class='ocrx_word' id='word_1_283' title='bbox 3018 2329 3149 2402; x_wconf 83' lang='lat' dir='ltr'><strong>quia</strong></span> <span class='ocrx_word' id='word_1_284' title='bbox 3201 2328 3437 2402; x_wconf 86' lang='lat' dir='ltr'><strong>improbi</strong></span> <span class='ocrx_word' id='word_1_285' title='bbox 3481 2325 3731 2383; x_wconf 71' lang='lat' dir='ltr'><strong>funditus</strong></span> 
     </span>
    </p>
   </div>
   <div class='ocr_carea' id='block_1_41' title="bbox 2140 2426 2423 2499">
    <p class='ocr_par' dir='ltr' id='par_1_41' title="bbox 2140 2426 2423 2499">
     <span class='ocr_line' id='line_1_42' title="bbox 2140 2426 2423 2499; baseline 0.007 -18"><span class='ocrx_word' id='word_1_286' title='bbox 2140 2426 2423 2499; x_wconf 87' lang='lat' dir='ltr'><strong>peribunt.</strong></span> 
     </span>
    </p>
   </div>
   <div class='ocr_carea' id='block_1_42' title="bbox 2213 2515 3267 2590">
    <p class='ocr_par' dir='ltr' id='par_1_42' title="bbox 2213 2515 3267 2590">
     <span class='ocr_line' id='line_1_43' title="bbox 2213 2515 3267 2590; baseline 0 -18"><span class='ocrx_word' id='word_1_287' title='bbox 2213 2517 2476 2589; x_wconf 87' lang='lat' dir='ltr'><strong>Disperge</strong></span> <span class='ocrx_word' id='word_1_288' title='bbox 2506 2526 2694 2590; x_wconf 87' lang='lat' dir='ltr'><strong>gentes</strong></span> <span class='ocrx_word' id='word_1_289' title='bbox 2723 2532 2845 2589; x_wconf 57' lang='lat' dir='ltr'><strong>quae</strong></span> <span class='ocrx_word' id='word_1_290' title='bbox 2875 2516 3020 2575; x_wconf 86' lang='lat' dir='ltr'><strong>bella</strong></span> <span class='ocrx_word' id='word_1_291' title='bbox 3049 2515 3267 2575; x_wconf 83' lang='lat' dir='ltr'><strong>volunt.</strong></span> 
     </span>
    </p>
   </div>
   <div class='ocr_carea' id='block_1_43' title="bbox 2214 2607 3095 2667">
    <p class='ocr_par' dir='ltr' id='par_1_43' title="bbox 2214 2607 3095 2667">
     <span class='ocr_line' id='line_1_44' title="bbox 2214 2607 3095 2667; baseline -0.002 0"><span class='ocrx_word' id='word_1_292' title='bbox 2214 2609 2413 2667; x_wconf 89' lang='lat' dir='ltr'><strong>Odium</strong></span> <span class='ocrx_word' id='word_1_293' title='bbox 2440 2608 2644 2665; x_wconf 83' lang='lat' dir='ltr'><strong>excitat</strong></span> <span class='ocrx_word' id='word_1_294' title='bbox 2664 2607 3095 2665; x_wconf 86' lang='lat' dir='ltr'><strong>contentionem.</strong></span> 
     </span>
    </p>
   </div>
   <div class='ocr_carea' id='block_1_44' title="bbox 2211 2693 3730 2775">
    <p class='ocr_par' dir='ltr' id='par_1_44' title="bbox 2211 2693 3730 2775">
     <span class='ocr_line' id='line_1_45' title="bbox 2211 2693 3730 2775; baseline -0.006 -18"><span class='ocrx_word' id='word_1_295' title='bbox 2211 2702 2556 2775; x_wconf 84' lang='lat' dir='ltr'><strong>Quocunque</strong></span> <span class='ocrx_word' id='word_1_296' title='bbox 2584 2700 2832 2771; x_wconf 84' lang='lat' dir='ltr'><strong>ingressa</strong></span> <span class='ocrx_word' id='word_1_297' title='bbox 2870 2700 3042 2758; x_wconf 80' lang='lat' dir='ltr'><strong>fuerit</strong></span> <span class='ocrx_word' id='word_1_298' title='bbox 3072 2698 3435 2765; x_wconf 83' lang='lat' dir='ltr'><strong>contumelia,</strong></span> <span class='ocrx_word' id='word_1_299' title='bbox 3466 2709 3535 2755; x_wconf 89' lang='lat' dir='ltr'><strong>eo</strong></span> <span class='ocrx_word' id='word_1_300' title='bbox 3563 2693 3730 2752; x_wconf 83' lang='lat' dir='ltr'><strong>etiam</strong></span> 
     </span>
    </p>
   </div>
   <div class='ocr_carea' id='block_1_45' title="bbox 2142 2795 2465 2867">
    <p class='ocr_par' dir='ltr' id='par_1_45' title="bbox 2142 2795 2465 2867">
     <span class='ocr_line' id='line_1_46' title="bbox 2142 2795 2465 2867; baseline -0.003 -17"><span class='ocrx_word' id='word_1_301' title='bbox 2142 2795 2465 2867; x_wconf 79' lang='lat' dir='ltr'><strong>ignominia.</strong></span> 
     </span>
    </p>
   </div>
   <div class='ocr_carea' id='block_1_46' title="bbox 2221 2884 3222 2959">
    <p class='ocr_par' dir='ltr' id='par_1_46' title="bbox 2221 2884 3222 2959">
     <span class='ocr_line' id='line_1_47' title="bbox 2221 2884 3222 2959; baseline -0.002 -15"><span class='ocrx_word' id='word_1_302' title='bbox 2221 2884 2309 2944; x_wconf 82' lang='lat' dir='ltr'><strong>Vir</strong></span> <span class='ocrx_word' id='word_1_303' title='bbox 2338 2886 2645 2945; x_wconf 87' lang='lat' dir='ltr'><strong>iracundus</strong></span> <span class='ocrx_word' id='word_1_304' title='bbox 2677 2892 2952 2959; x_wconf 83' lang='lat' dir='ltr'><strong>praeparat</strong></span> <span class='ocrx_word' id='word_1_305' title='bbox 2988 2899 3222 2958; x_wconf 86' lang='lat' dir='ltr'><strong>pugnas.</strong></span> 
     </span>
    </p>
   </div>
   <div class='ocr_carea' id='block_1_47' title="bbox 2207 2973 3732 3037">
    <p class='ocr_par' dir='ltr' id='par_1_47' title="bbox 2207 2973 3732 3037">
     <span class='ocr_line' id='line_1_48' title="bbox 2207 2973 3732 3037; baseline -0.003 -1"><span class='ocrx_word' id='word_1_306' title='bbox 2207 2980 2689 3037; x_wconf 86' lang='lat' dir='ltr'><strong>Contradictiones</strong></span> <span class='ocrx_word' id='word_1_307' title='bbox 2720 2979 2929 3037; x_wconf 79' lang='lat' dir='ltr'><strong>excitat</strong></span> <span class='ocrx_word' id='word_1_308' title='bbox 2966 2977 3151 3035; x_wconf 88' lang='lat' dir='ltr'><strong>omnis</strong></span> <span class='ocrx_word' id='word_1_309' title='bbox 3200 2975 3380 3033; x_wconf 88' lang='lat' dir='ltr'><strong>malus</strong></span> <span class='ocrx_word' id='word_1_310' title='bbox 3408 2993 3423 3032; x_wconf 89' lang='lat'><strong>:</strong></span> <span class='ocrx_word' id='word_1_311' title='bbox 3458 2973 3732 3032; x_wconf 73' lang='lat' dir='ltr'><strong>Dominus</strong></span> 
     </span>
    </p>
   </div>
   <div class='ocr_carea' id='block_1_48' title="bbox 2141 3067 3476 3142">
    <p class='ocr_par' dir='ltr' id='par_1_48' title="bbox 2141 3067 3476 3142">
     <span class='ocr_line' id='line_1_49' title="bbox 2141 3067 3476 3142; baseline -0.005 -13"><span class='ocrx_word' id='word_1_312' title='bbox 2141 3081 2323 3130; x_wconf 87' lang='lat' dir='ltr'><strong>autem</strong></span> <span class='ocrx_word' id='word_1_313' title='bbox 2355 3072 2435 3128; x_wconf 88' lang='lat' dir='ltr'><strong>illi</strong></span> <span class='ocrx_word' id='word_1_314' title='bbox 2464 3072 2646 3128; x_wconf 87' lang='lat' dir='ltr'><strong>mittet</strong></span> <span class='ocrx_word' id='word_1_315' title='bbox 2674 3071 2927 3142; x_wconf 86' lang='lat' dir='ltr'><strong>angelum</strong></span> <span class='ocrx_word' id='word_1_316' title='bbox 2951 3067 3476 3127; x_wconf 84' lang='lat' dir='ltr'><strong>immisericordem.</strong></span> 
     </span>
    </p>
   </div>
   <div class='ocr_carea' id='block_1_49' title="bbox 2210 3160 3228 3235">
    <p class='ocr_par' dir='ltr' id='par_1_49' title="bbox 2210 3160 3228 3235">
     <span class='ocr_line' id='line_1_50' title="bbox 2210 3160 3228 3235; baseline -0.004 -15"><span class='ocrx_word' id='word_1_317' title='bbox 2210 3165 2480 3222; x_wconf 84' lang='lat' dir='ltr'><strong>Peccandi</strong></span> <span class='ocrx_word' id='word_1_318' title='bbox 2510 3165 2744 3235; x_wconf 86' lang='lat' dir='ltr'><strong>cupidus</strong></span> <span class='ocrx_word' id='word_1_319' title='bbox 2772 3162 2974 3234; x_wconf 78' lang='lat' dir='ltr'><strong>pugnis</strong></span> <span class='ocrx_word' id='word_1_320' title='bbox 3003 3160 3228 3234; x_wconf 86' lang='lat' dir='ltr'><strong>gaudet.</strong></span> 
     </span>
    </p>
   </div>
   <div class='ocr_carea' id='block_1_50' title="bbox 2210 3256 3049 3319">
    <p class='ocr_par' dir='ltr' id='par_1_50' title="bbox 2210 3256 3049 3319">
     <span class='ocr_line' id='line_1_51' title="bbox 2210 3256 3049 3319; baseline 0.001 -7"><span class='ocrx_word' id='word_1_321' title='bbox 2210 3257 2441 3319; x_wconf 81' lang='lat' dir='ltr'><strong>Molesta</strong></span> <span class='ocrx_word' id='word_1_322' title='bbox 2469 3257 2649 3313; x_wconf 89' lang='lat' dir='ltr'><strong>oratio</strong></span> <span class='ocrx_word' id='word_1_323' title='bbox 2670 3256 2881 3314; x_wconf 80' lang='lat' dir='ltr'><strong>excitat</strong></span> <span class='ocrx_word' id='word_1_324' title='bbox 2914 3268 3049 3313; x_wconf 66' lang='grc' dir='ltr'>ηαδ.</span> 
     </span>
    </p>
   </div>
   <div class='ocr_carea' id='block_1_51' title="bbox 2210 3348 3731 3421">
    <p class='ocr_par' dir='ltr' id='par_1_51' title="bbox 2210 3348 3731 3421">
     <span class='ocr_line' id='line_1_52' title="bbox 2210 3348 3731 3421; baseline 0.001 -15"><span class='ocrx_word' id='word_1_325' title='bbox 2210 3349 2291 3408; x_wconf 87' lang='lat' dir='ltr'><strong>Ne</strong></span> <span class='ocrx_word' id='word_1_326' title='bbox 2343 3350 2575 3408; x_wconf 86' lang='lat' dir='ltr'><strong>insultes</strong></span> <span class='ocrx_word' id='word_1_327' title='bbox 2606 3357 2703 3407; x_wconf 88' lang='lat' dir='ltr'><strong>aut</strong></span> <span class='ocrx_word' id='word_1_328' title='bbox 2740 3350 2920 3407; x_wconf 85' lang='lat' dir='ltr'><strong>irruas</strong></span> <span class='ocrx_word' id='word_1_329' title='bbox 2967 3350 3024 3406; x_wconf 90' lang='lat' dir='ltr'><strong>in</strong></span> <span class='ocrx_word' id='word_1_330' title='bbox 3066 3348 3316 3421; x_wconf 71' lang='lat' dir='ltr'><strong>praelium</strong></span> <span class='ocrx_word' id='word_1_331' title='bbox 3362 3349 3498 3417; x_wconf 86' lang='lat' dir='ltr'><strong>cito.</strong></span> <span class='ocrx_word' id='word_1_332' title='bbox 3547 3364 3617 3407; x_wconf 88' lang='lat' dir='ltr'><strong>ne</strong></span> <span class='ocrx_word' id='word_1_333' title='bbox 3659 3349 3731 3407; x_wconf 86' lang='lat' dir='ltr'><strong>ad</strong></span> 
     </span>
    </p>
   </div>
   <div class='ocr_carea' id='block_1_52' title="bbox 522 2870 1667 2953">
    <p class='ocr_par' dir='ltr' id='par_1_52' title="bbox 522 2870 1667 2953">
     <span class='ocr_line' id='line_1_53' title="bbox 522 2870 1667 2953; baseline 0.011 -29"><span class='ocrx_word' id='word_1_334' title='bbox 522 2870 688 2945; x_wconf 79' lang='grc' dir='ltr'>’Δνὴρ</span> <span class='ocrx_word' id='word_1_335' title='bbox 724 2872 983 2947; x_wconf 84' lang='grc' dir='ltr'>θυμώδης</span> <span class='ocrx_word' id='word_1_336' title='bbox 1014 2879 1431 2950; x_wconf 71' lang='grc' dir='ltr'>παρασκευάζει</span> <span class='ocrx_word' id='word_1_337' title='bbox 1460 2880 1667 2953; x_wconf 85' lang='grc' dir='ltr'>μάχας.</span> 
     </span>
    </p>
   </div>
   <div class='ocr_carea' id='block_1_53' title="bbox 519 2960 2041 3047">
    <p class='ocr_par' dir='ltr' id='par_1_53' title="bbox 519 2960 2041 3047">
     <span class='ocr_line' id='line_1_54' title="bbox 519 2960 2041 3047; baseline 0.01 -31"><span class='ocrx_word' id='word_1_338' title='bbox 519 2960 857 3035; x_wconf 78' lang='grc' dir='ltr'>’Δντιλογίας</span> <span class='ocrx_word' id='word_1_339' title='bbox 888 2968 1093 3040; x_wconf 77' lang='grc' dir='ltr'>ἐγείρει</span> <span class='ocrx_word' id='word_1_340' title='bbox 1120 2972 1232 3035; x_wconf 72' lang='grc' dir='ltr'>πᾶς</span> <span class='ocrx_word' id='word_1_341' title='bbox 1261 2972 1429 3037; x_wconf 82' lang='grc' dir='ltr'>κακός</span> <span class='ocrx_word' id='word_1_342' title='bbox 1447 2989 1465 3008; x_wconf 78' lang='grc' dir='ltr'><strong>ο</strong></span> <span class='ocrx_word' id='word_1_343' title='bbox 1496 2972 1527 3027; x_wconf 87' lang='grc' dir='ltr'><strong>ὁ</strong></span> <span class='ocrx_word' id='word_1_344' title='bbox 1555 2971 1612 3026; x_wconf 79' lang='grc' dir='ltr'>δὲ</span> <span class='ocrx_word' id='word_1_345' title='bbox 1645 2972 1852 3046; x_wconf 82' lang='grc' dir='ltr'>Κύριος</span> <span class='ocrx_word' id='word_1_346' title='bbox 1870 2972 2041 3047; x_wconf 77' lang='grc' dir='ltr'>ἄγγε-</span> 
     </span>
    </p>
   </div>
   <div class='ocr_carea' id='block_1_54' title="bbox 448 3052 1420 3135">
    <p class='ocr_par' dir='ltr' id='par_1_54' title="bbox 448 3052 1420 3135">
     <span class='ocr_line' id='line_1_55' title="bbox 448 3052 1420 3135; baseline 0.014 -27"><span class='ocrx_word' id='word_1_347' title='bbox 448 3052 541 3109; x_wconf 83' lang='grc' dir='ltr'><strong>λον</strong></span> <span class='ocrx_word' id='word_1_348' title='bbox 572 3056 912 3130; x_wconf 83' lang='grc' dir='ltr'>άνελεήμονα</span> <span class='ocrx_word' id='word_1_349' title='bbox 941 3063 1222 3134; x_wconf 73' lang='grc' dir='ltr'>ικπίμπει</span> <span class='ocrx_word' id='word_1_350' title='bbox 1248 3064 1420 3135; x_wconf 77' lang='grc' dir='ltr'>αὐτῷ.</span> 
     </span>
    </p>
   </div>
   <div class='ocr_carea' id='block_1_55' title="bbox 525 3149 1439 3230">
    <p class='ocr_par' dir='ltr' id='par_1_55' title="bbox 525 3149 1439 3230">
     <span class='ocr_line' id='line_1_56' title="bbox 525 3149 1439 3230; baseline 0.014 -29"><span class='ocrx_word' id='word_1_351' title='bbox 525 3149 978 3225; x_wconf 81' lang='grc' dir='ltr'>Φιλαμαρτήμων</span> <span class='ocrx_word' id='word_1_352' title='bbox 997 3156 1180 3228; x_wconf 89' lang='grc' dir='ltr'>χαίρει</span> <span class='ocrx_word' id='word_1_353' title='bbox 1211 3157 1439 3230; x_wconf 85' lang='grc' dir='ltr'>μάχαις.</span> 
     </span>
    </p>
   </div>
   <div class='ocr_carea' id='block_1_56' title="bbox 515 3240 1417 3321">
    <p class='ocr_par' dir='ltr' id='par_1_56' title="bbox 515 3240 1417 3321">
     <span class='ocr_line' id='line_1_57' title="bbox 515 3240 1417 3321; baseline 0.011 -26"><span class='ocrx_word' id='word_1_354' title='bbox 515 3240 692 3311; x_wconf 83' lang='grc' dir='ltr'>Λόγος</span> <span class='ocrx_word' id='word_1_355' title='bbox 716 3244 965 3319; x_wconf 82' lang='grc' dir='ltr'>λυπηρὸς</span> <span class='ocrx_word' id='word_1_356' title='bbox 990 3248 1195 3320; x_wconf 73' lang='grc' dir='ltr'>εγείρει</span> <span class='ocrx_word' id='word_1_357' title='bbox 1221 3250 1417 3321; x_wconf 83' lang='grc' dir='ltr'>ὀργάς.</span> 
     </span>
    </p>
   </div>
   <div class='ocr_carea' id='block_1_57' title="bbox 518 3334 2036 3418">
    <p class='ocr_par' dir='ltr' id='par_1_57' title="bbox 518 3334 2036 3418">
     <span class='ocr_line' id='line_1_58' title="bbox 518 3334 2036 3418; baseline 0.011 -30"><span class='ocrx_word' id='word_1_358' title='bbox 518 3334 612 3399; x_wconf 86' lang='grc' dir='ltr'><strong>Μὴ</strong></span> <span class='ocrx_word' id='word_1_359' title='bbox 641 3336 895 3411; x_wconf 81' lang='grc' dir='ltr'>ὲπίχαιρε</span> <span class='ocrx_word' id='word_1_360' title='bbox 941 3340 1039 3395; x_wconf 81' lang='grc' dir='ltr'>καὶ</span> <span class='ocrx_word' id='word_1_361' title='bbox 1074 3341 1391 3413; x_wconf 88' lang='grc' dir='ltr'>πρόσπιπτε</span> <span class='ocrx_word' id='word_1_362' title='bbox 1444 3346 1526 3410; x_wconf 88' lang='grc' dir='ltr'><strong>εἱς</strong></span> <span class='ocrx_word' id='word_1_363' title='bbox 1557 3343 1740 3418; x_wconf 87' lang='grc' dir='ltr'>μάχην</span> <span class='ocrx_word' id='word_1_364' title='bbox 1789 3345 2036 3418; x_wconf 70' lang='grc' dir='ltr'>ταχέως,</span> 
     </span>
    </p>
   </div>
   <div class='ocr_carea' id='block_1_58' title="bbox 451 3428 2042 3515">
    <p class='ocr_par' dir='ltr' id='par_1_58' title="bbox 451 3428 1594 3507">
     <span class='ocr_line' id='line_1_59' title="bbox 451 3428 1594 3507; baseline 0.006 -23"><span class='ocrx_word' id='word_1_365' title='bbox 451 3428 541 3484; x_wconf 76' lang='grc' dir='ltr'><strong>ἱνα</strong></span> <span class='ocrx_word' id='word_1_366' title='bbox 568 3430 645 3503; x_wconf 83' lang='grc' dir='ltr'>μὴ</span> <span class='ocrx_word' id='word_1_367' title='bbox 670 3432 1058 3504; x_wconf 79' lang='grc' dir='ltr'>μεταμεληθῇς</span> <span class='ocrx_word' id='word_1_368' title='bbox 1084 3433 1174 3489; x_wconf 79' lang='grc' dir='ltr'><strong>ἐπ’</strong></span> <span class='ocrx_word' id='word_1_369' title='bbox 1200 3434 1451 3507; x_wconf 75' lang='grc' dir='ltr'>ἐσχάτων</span> <span class='ocrx_word' id='word_1_370' title='bbox 1474 3454 1594 3491; x_wconf 90' lang='grc' dir='ltr'>σου.</span> 
     </span>
    </p>
   </div>
   <div class='ocr_carea' id='block_1_59' title="bbox 2147 3428 3015 3515">
    <p class='ocr_par' dir='ltr' id='par_1_59' title="bbox 2147 3443 3015 3515">
     <span class='ocr_line' id='line_1_60' title="bbox 2147 3443 3015 3515; baseline -0.002 -14"><span class='ocrx_word' id='word_1_371' title='bbox 2147 3451 2449 3501; x_wconf 81' lang='lat' dir='ltr'><strong>extremum</strong></span> <span class='ocrx_word' id='word_1_372' title='bbox 2489 3453 2543 3499; x_wconf 91' lang='lat' dir='ltr'><strong>te</strong></span> <span class='ocrx_word' id='word_1_373' title='bbox 2574 3443 2699 3513; x_wconf 84' lang='lat' dir='ltr'><strong>ejus</strong></span> <span class='ocrx_word' id='word_1_374' title='bbox 2728 3444 3015 3515; x_wconf 69' lang='lat' dir='ltr'><strong>poeniteat.</strong></span> 
     </span>
    </p>
   </div>
   <div class='ocr_carea' id='block_1_60' title="bbox 519 3509 2042 3607">
    <p class='ocr_par' dir='ltr' id='par_1_60' title="bbox 519 3524 2036 3604">
     <span class='ocr_line' id='line_1_61' title="bbox 519 3524 2036 3604; baseline 0.007 -27"><span class='ocrx_word' id='word_1_375' title='bbox 519 3524 749 3595; x_wconf 89' lang='grc' dir='ltr'>Σίδηρος</span> <span class='ocrx_word' id='word_1_376' title='bbox 785 3526 1007 3599; x_wconf 84' lang='grc' dir='ltr'>σίδηρον</span> <span class='ocrx_word' id='word_1_377' title='bbox 1034 3526 1250 3594; x_wconf 78' lang='grc' dir='ltr'>ὁξύνειο</span> <span class='ocrx_word' id='word_1_378' title='bbox 1281 3529 1425 3601; x_wconf 80' lang='grc' dir='ltr'>ἀνὴρ</span> <span class='ocrx_word' id='word_1_379' title='bbox 1446 3531 1505 3586; x_wconf 84' lang='grc' dir='ltr'>δὲ</span> <span class='ocrx_word' id='word_1_380' title='bbox 1536 3531 1835 3601; x_wconf 79' lang='grc' dir='ltr'>παροξύνει</span> <span class='ocrx_word' id='word_1_381' title='bbox 1860 3532 2036 3604; x_wconf 84' lang='grc' dir='ltr'>πρόσ-</span> 
     </span>
    </p>
   </div>
   <div class='ocr_carea' id='block_1_61' title="bbox 2147 3509 3731 3607">
    <p class='ocr_par' dir='ltr' id='par_1_61' title="bbox 2215 3509 3731 3607">
     <span class='ocr_line' id='line_1_62' title="bbox 2215 3509 3731 3607; baseline -0.001 -14"><span class='ocrx_word' id='word_1_382' title='bbox 2215 3537 2282 3594; x_wconf 86' lang='lat' dir='ltr'><strong>Ut</strong></span> <span class='ocrx_word' id='word_1_383' title='bbox 2316 3536 2525 3593; x_wconf 79' lang='lat' dir='ltr'><strong>ferrum</strong></span> <span class='ocrx_word' id='word_1_384' title='bbox 2561 3509 2986 3607; x_wconf 41' lang='lat' dir='ltr'><strong>acuit&#39;ierrum,</strong></span> <span class='ocrx_word' id='word_1_385' title='bbox 3023 3534 3105 3594; x_wconf 89' lang='lat' dir='ltr'><strong>sic</strong></span> <span class='ocrx_word' id='word_1_386' title='bbox 3138 3535 3308 3593; x_wconf 92' lang='lat' dir='ltr'><strong>homo</strong></span> <span class='ocrx_word' id='word_1_387' title='bbox 3342 3520 3622 3592; x_wconf 76' lang='lat' dir='ltr'><strong>hominem</strong></span> <span class='ocrx_word' id='word_1_388' title='bbox 3653 3535 3731 3593; x_wconf 83' lang='lat' dir='ltr'><strong>ir-</strong></span> 
     </span>
    </p>
   </div>
   <div class='ocr_carea' id='block_1_62' title="bbox 448 3616 2042 3688">
    <p class='ocr_par' dir='ltr' id='par_1_62' title="bbox 448 3616 839 3688">
     <span class='ocr_line' id='line_1_63' title="bbox 448 3616 839 3688; baseline 0.005 -18"><span class='ocrx_word' id='word_1_389' title='bbox 448 3630 600 3670; x_wconf 86' lang='grc' dir='ltr'>ωπον</span> <span class='ocrx_word' id='word_1_390' title='bbox 626 3616 839 3688; x_wconf 78' lang='grc' dir='ltr'>ἑτέρου.</span> 
     </span>
    </p>
   </div>
   <div class='ocr_carea' id='block_1_63' title="bbox 2147 3616 2294 3688">
    <p class='ocr_par' dir='ltr' id='par_1_63' title="bbox 2147 3630 2294 3686">
     <span class='ocr_line' id='line_1_64' title="bbox 2147 3630 2294 3686; baseline -0.007 0"><span class='ocrx_word' id='word_1_391' title='bbox 2147 3630 2294 3686; x_wconf 87' lang='lat' dir='ltr'><strong>ritat.</strong></span> 
     </span>
    </p>
   </div>
   <div class='ocr_carea' id='block_1_64' title="bbox 517 3701 2042 3792">
    <p class='ocr_par' dir='ltr' id='par_1_64' title="bbox 517 3701 2037 3789">
     <span class='ocr_line' id='line_1_65' title="bbox 517 3701 2037 3789; baseline 0.007 -30"><span class='ocrx_word' id='word_1_392' title='bbox 517 3705 611 3776; x_wconf 78' lang='grc' dir='ltr'><strong>Μὴ</strong></span> <span class='ocrx_word' id='word_1_393' title='bbox 639 3707 1033 3781; x_wconf 81' lang='grc' dir='ltr'>φιλεχθρήσεις</span> <span class='ocrx_word' id='word_1_394' title='bbox 1060 3708 1201 3781; x_wconf 78' lang='grc' dir='ltr'>πρὸς</span> <span class='ocrx_word' id='word_1_395' title='bbox 1244 3708 1534 3781; x_wconf 82' lang='grc' dir='ltr'>ἄνθρωπον</span> <span class='ocrx_word' id='word_1_396' title='bbox 1578 3701 1783 3784; x_wconf 66' lang='grc' dir='ltr'>μάτην,</span> <span class='ocrx_word' id='word_1_397' title='bbox 1832 3714 1923 3770; x_wconf 82' lang='grc' dir='ltr'><strong>ῖνα</strong></span> <span class='ocrx_word' id='word_1_398' title='bbox 1959 3714 2037 3789; x_wconf 80' lang='grc' dir='ltr'>μή</span> 
     </span>
    </p>
   </div>
   <div class='ocr_carea' id='block_1_65' title="bbox 2147 3701 3733 3792">
    <p class='ocr_par' dir='ltr' id='par_1_65' title="bbox 2207 3719 3733 3792">
     <span class='ocr_line' id='line_1_66' title="bbox 2207 3719 3733 3792; baseline 0.001 -15"><span class='ocrx_word' id='word_1_399' title='bbox 2207 3719 2329 3779; x_wconf 85' lang='lat' dir='ltr'><strong>Noli</strong></span> <span class='ocrx_word' id='word_1_400' title='bbox 2369 3723 2491 3778; x_wconf 86' lang='lat' dir='ltr'><strong>sine</strong></span> <span class='ocrx_word' id='word_1_401' title='bbox 2515 3736 2682 3780; x_wconf 82' lang='lat' dir='ltr'><strong>causa</strong></span> <span class='ocrx_word' id='word_1_402' title='bbox 2716 3720 3040 3779; x_wconf 86' lang='lat' dir='ltr'><strong>inimicitias</strong></span> <span class='ocrx_word' id='word_1_403' title='bbox 3070 3733 3196 3777; x_wconf 87' lang='lat' dir='ltr'><strong>cum</strong></span> <span class='ocrx_word' id='word_1_404' title='bbox 3225 3734 3504 3792; x_wconf 87' lang='lat' dir='ltr'><strong>quoquam</strong></span> <span class='ocrx_word' id='word_1_405' title='bbox 3550 3720 3733 3778; x_wconf 84' lang='lat' dir='ltr'><strong>susci-</strong></span> 
     </span>
    </p>
   </div>
   <div class='ocr_carea' id='block_1_66' title="bbox 446 3797 2042 3886">
    <p class='ocr_par' dir='ltr' id='par_1_66' title="bbox 446 3797 1287 3871">
     <span class='ocr_line' id='line_1_67' title="bbox 446 3797 1287 3871; baseline 0.008 -21"><span class='ocrx_word' id='word_1_406' title='bbox 446 3814 501 3851; x_wconf 87' lang='grc' dir='ltr'><strong>τι</strong></span> <span class='ocrx_word' id='word_1_407' title='bbox 533 3797 614 3860; x_wconf 87' lang='grc' dir='ltr'><strong>εἱς</strong></span> <span class='ocrx_word' id='word_1_408' title='bbox 646 3798 707 3851; x_wconf 82' lang='grc' dir='ltr'>σὲ</span> <span class='ocrx_word' id='word_1_409' title='bbox 744 3800 1051 3871; x_wconf 76' lang='grc' dir='ltr'>ἐργάσηται</span> <span class='ocrx_word' id='word_1_410' title='bbox 1095 3800 1287 3857; x_wconf 84' lang='grc' dir='ltr'>κακόν.</span> 
     </span>
    </p>
   </div>
   <div class='ocr_carea' id='block_1_67' title="bbox 2147 3797 3205 3886">
    <p class='ocr_par' dir='ltr' id='par_1_67' title="bbox 2147 3813 3205 3886">
     <span class='ocr_line' id='line_1_68' title="bbox 2147 3813 3205 3886; baseline -0.001 -16"><span class='ocrx_word' id='word_1_411' title='bbox 2147 3829 2290 3886; x_wconf 86' lang='lat' dir='ltr'><strong>pere,</strong></span> <span class='ocrx_word' id='word_1_412' title='bbox 2327 3829 2398 3870; x_wconf 90' lang='lat' dir='ltr'><strong>ne</strong></span> <span class='ocrx_word' id='word_1_413' title='bbox 2426 3814 2557 3886; x_wconf 89' lang='lat' dir='ltr'><strong>quid</strong></span> <span class='ocrx_word' id='word_1_414' title='bbox 2590 3814 2645 3869; x_wconf 91' lang='lat' dir='ltr'><strong>in</strong></span> <span class='ocrx_word' id='word_1_415' title='bbox 2674 3825 2730 3870; x_wconf 90' lang='lat' dir='ltr'><strong>te</strong></span> <span class='ocrx_word' id='word_1_416' title='bbox 2757 3813 2881 3869; x_wconf 88' lang='lat' dir='ltr'><strong>mali</strong></span> <span class='ocrx_word' id='word_1_417' title='bbox 2910 3813 3205 3885; x_wconf 75' lang='lat' dir='ltr'><strong>excogitet.</strong></span> 
     </span>
    </p>
   </div>
   <div class='ocr_carea' id='block_1_68' title="bbox 520 3888 2042 3971">
    <p class='ocr_par' dir='ltr' id='par_1_68' title="bbox 520 3888 2034 3967">
     <span class='ocr_line' id='line_1_69' title="bbox 520 3888 2034 3967; baseline 0.007 -25"><span class='ocrx_word' id='word_1_418' title='bbox 520 3888 850 3962; x_wconf 81' lang='grc' dir='ltr'>Σύντριμμα</span> <span class='ocrx_word' id='word_1_419' title='bbox 892 3893 991 3947; x_wconf 80' lang='grc' dir='ltr'>καὶ</span> <span class='ocrx_word' id='word_1_420' title='bbox 1036 3893 1383 3966; x_wconf 68' lang='grc' dir='ltr'>ταλαιπωρία</span> <span class='ocrx_word' id='word_1_421' title='bbox 1418 3897 1479 3951; x_wconf 73' lang='grc' dir='ltr'>ἐν</span> <span class='ocrx_word' id='word_1_422' title='bbox 1507 3900 1631 3963; x_wconf 87' lang='grc' dir='ltr'>ταῖς</span> <span class='ocrx_word' id='word_1_423' title='bbox 1663 3899 1804 3964; x_wconf 84' lang='grc' dir='ltr'>ὁδοῖς</span> <span class='ocrx_word' id='word_1_424' title='bbox 1830 3899 2034 3967; x_wconf 82' lang='grc' dir='ltr'>αὐτῶν,</span> 
     </span>
    </p>
   </div>
   <div class='ocr_carea' id='block_1_69' title="bbox 2147 3888 3725 3971">
    <p class='ocr_par' dir='ltr' id='par_1_69' title="bbox 2208 3905 3725 3971">
     <span class='ocr_line' id='line_1_70' title="bbox 2208 3905 3725 3971; baseline -0.001 -10"><span class='ocrx_word' id='word_1_425' title='bbox 2208 3907 2326 3963; x_wconf 81' lang='grc' dir='ltr'>Ιεα.</span> <span class='ocrx_word' id='word_1_426' title='bbox 2373 3923 2487 3963; x_wconf 80' lang='lat' dir='ltr'><strong>th.</strong></span> <span class='ocrx_word' id='word_1_427' title='bbox 2519 3906 2794 3963; x_wconf 90' lang='lat' dir='ltr'><strong>Contritio</strong></span> <span class='ocrx_word' id='word_1_428' title='bbox 2853 3915 2910 3962; x_wconf 88' lang='lat' dir='ltr'><strong>et</strong></span> <span class='ocrx_word' id='word_1_429' title='bbox 2955 3906 3181 3962; x_wconf 86' lang='lat' dir='ltr'><strong>miseria</strong></span> <span class='ocrx_word' id='word_1_430' title='bbox 3233 3906 3289 3961; x_wconf 90' lang='lat' dir='ltr'><strong>in</strong></span> <span class='ocrx_word' id='word_1_431' title='bbox 3345 3905 3453 3963; x_wconf 82' lang='lat' dir='ltr'><strong>viis</strong></span> <span class='ocrx_word' id='word_1_432' title='bbox 3505 3920 3725 3971; x_wconf 85' lang='lat' dir='ltr'><strong>eorum,</strong></span> 
     </span>
    </p>
   </div>
   <div class='ocr_carea' id='block_1_70' title="bbox 446 3984 2042 4069">
    <p class='ocr_par' dir='ltr' id='par_1_70' title="bbox 446 3984 2039 4063">
     <span class='ocr_line' id='line_1_71' title="bbox 446 3984 2039 4063; baseline 0.006 -26"><span class='ocrx_word' id='word_1_433' title='bbox 446 3984 543 4038; x_wconf 76' lang='grc' dir='ltr'>καὶ</span> <span class='ocrx_word' id='word_1_434' title='bbox 566 3985 685 4039; x_wconf 80' lang='grc' dir='ltr'>ὁδὸν</span> <span class='ocrx_word' id='word_1_435' title='bbox 713 3986 941 4057; x_wconf 74' lang='grc' dir='ltr'>εἰρήνης</span> <span class='ocrx_word' id='word_1_436' title='bbox 967 3988 1070 4042; x_wconf 82' lang='grc' dir='ltr'>οὐκ</span> <span class='ocrx_word' id='word_1_437' title='bbox 1104 3986 1373 4057; x_wconf 70' lang='grc' dir='ltr'>ἔγνωσαν,</span> <span class='ocrx_word' id='word_1_438' title='bbox 1425 3992 1522 4045; x_wconf 76' lang='grc' dir='ltr'>καὶ</span> <span class='ocrx_word' id='word_1_439' title='bbox 1546 3993 1647 4046; x_wconf 84' lang='grc' dir='ltr'>οὐκ</span> <span class='ocrx_word' id='word_1_440' title='bbox 1693 3992 1809 4046; x_wconf 75' lang='grc' dir='ltr'>ἐστι</span> <span class='ocrx_word' id='word_1_441' title='bbox 1854 3992 2039 4063; x_wconf 82' lang='grc' dir='ltr'>κρίσις</span> 
     </span>
    </p>
   </div>
   <div class='ocr_carea' id='block_1_71' title="bbox 2147 3984 3735 4069">
    <p class='ocr_par' dir='ltr' id='par_1_71' title="bbox 2147 3997 3735 4069">
     <span class='ocr_line' id='line_1_72' title="bbox 2147 3997 3735 4069; baseline -0.001 -15"><span class='ocrx_word' id='word_1_442' title='bbox 2147 4013 2244 4057; x_wconf 90' lang='lat' dir='ltr'><strong>nec</strong></span> <span class='ocrx_word' id='word_1_443' title='bbox 2275 4000 2418 4055; x_wconf 82' lang='lat' dir='ltr'><strong>viam</strong></span> <span class='ocrx_word' id='word_1_444' title='bbox 2457 4000 2610 4069; x_wconf 85' lang='lat' dir='ltr'><strong>pacis</strong></span> <span class='ocrx_word' id='word_1_445' title='bbox 2640 4006 2870 4065; x_wconf 87' lang='lat' dir='ltr'><strong>norunt,</strong></span> <span class='ocrx_word' id='word_1_446' title='bbox 2897 4013 3001 4055; x_wconf 89' lang='lat' dir='ltr'><strong>nec</strong></span> <span class='ocrx_word' id='word_1_447' title='bbox 3029 4006 3115 4055; x_wconf 89' lang='lat' dir='ltr'><strong>est</strong></span> <span class='ocrx_word' id='word_1_448' title='bbox 3165 3997 3221 4053; x_wconf 91' lang='lat' dir='ltr'><strong>in</strong></span> <span class='ocrx_word' id='word_1_449' title='bbox 3260 3997 3367 4054; x_wconf 89' lang='lat' dir='ltr'><strong>viis</strong></span> <span class='ocrx_word' id='word_1_450' title='bbox 3422 4012 3619 4054; x_wconf 89' lang='lat' dir='ltr'><strong>eorum</strong></span> <span class='ocrx_word' id='word_1_451' title='bbox 3645 3997 3735 4067; x_wconf 85' lang='lat' dir='ltr'><strong>iu-</strong></span> 
     </span>
    </p>
   </div>
   <div class='ocr_carea' id='block_1_72' title="bbox 384 4077 2042 4162">
    <p class='ocr_par' dir='ltr' id='par_1_72' title="bbox 384 4077 2039 4157">
     <span class='ocr_line' id='line_1_73' title="bbox 384 4077 2039 4157; baseline 0.004 -24"><span class='ocrx_word' id='word_1_452' title='bbox 384 4124 399 4133; x_wconf 80' lang='lat'><strong>.</strong></span> <span class='ocrx_word' id='word_1_453' title='bbox 445 4077 505 4130; x_wconf 76' lang='grc' dir='ltr'>ὲν</span> <span class='ocrx_word' id='word_1_454' title='bbox 529 4079 647 4142; x_wconf 87' lang='grc' dir='ltr'>ταῖς</span> <span class='ocrx_word' id='word_1_455' title='bbox 667 4078 807 4144; x_wconf 70' lang='grc' dir='ltr'>ὁδοῖς</span> <span class='ocrx_word' id='word_1_456' title='bbox 829 4079 1032 4136; x_wconf 85' lang='grc' dir='ltr'>αὐτῶν.</span> <span class='ocrx_word' id='word_1_457' title='bbox 1066 4084 1132 4136; x_wconf 85' lang='lat' dir='ltr'><strong>Ai</strong></span> <span class='ocrx_word' id='word_1_458' title='bbox 1158 4084 1270 4155; x_wconf 81' lang='grc' dir='ltr'>γὰρ</span> <span class='ocrx_word' id='word_1_459' title='bbox 1297 4084 1478 4155; x_wconf 87' lang='grc' dir='ltr'>τρίϐοι</span> <span class='ocrx_word' id='word_1_460' title='bbox 1503 4084 1686 4139; x_wconf 76' lang='grc' dir='ltr'>αὐτῶν</span> <span class='ocrx_word' id='word_1_461' title='bbox 1738 4085 2039 4157; x_wconf 74' lang='grc' dir='ltr'>διεστραμ-</span> 
     </span>
    </p>
   </div>
   <div class='ocr_carea' id='block_1_73' title="bbox 2147 4077 3731 4162">
    <p class='ocr_par' dir='ltr' id='par_1_73' title="bbox 2147 4091 3731 4162">
     <span class='ocr_line' id='line_1_74' title="bbox 2147 4091 3731 4162; baseline -0.003 -14"><span class='ocrx_word' id='word_1_462' title='bbox 2147 4092 2385 4159; x_wconf 87' lang='lat' dir='ltr'><strong>dicium;</strong></span> <span class='ocrx_word' id='word_1_463' title='bbox 2422 4093 2526 4148; x_wconf 68' lang='lat' dir='ltr'><strong>vias</strong></span> <span class='ocrx_word' id='word_1_464' title='bbox 2554 4092 2702 4148; x_wconf 90' lang='lat' dir='ltr'><strong>enim</strong></span> <span class='ocrx_word' id='word_1_465' title='bbox 2735 4106 2876 4162; x_wconf 85' lang='lat' dir='ltr'><strong>quas</strong></span> <span class='ocrx_word' id='word_1_466' title='bbox 2904 4091 3317 4162; x_wconf 87' lang='lat' dir='ltr'><strong>ingrediuntur,</strong></span> <span class='ocrx_word' id='word_1_467' title='bbox 3356 4105 3540 4162; x_wconf 64' lang='lat' dir='ltr'><strong>pravae</strong></span> <span class='ocrx_word' id='word_1_468' title='bbox 3577 4098 3731 4156; x_wconf 82' lang='lat' dir='ltr'><strong>sunt,</strong></span> 
     </span>
    </p>
   </div>
   <div class='ocr_carea' id='block_1_74' title="bbox 449 4170 2042 4256">
    <p class='ocr_par' dir='ltr' id='par_1_74' title="bbox 449 4170 1825 4251">
     <span class='ocr_line' id='line_1_75' title="bbox 449 4170 1825 4251; baseline 0.007 -27"><span class='ocrx_word' id='word_1_469' title='bbox 449 4171 610 4242; x_wconf 80' lang='grc' dir='ltr'>μέναι</span> <span class='ocrx_word' id='word_1_470' title='bbox 636 4170 703 4235; x_wconf 79' lang='grc' dir='ltr'>ἃς</span> <span class='ocrx_word' id='word_1_471' title='bbox 732 4173 1002 4240; x_wconf 83' lang='grc' dir='ltr'>ὁδεύουσι,</span> <span class='ocrx_word' id='word_1_472' title='bbox 1031 4176 1129 4230; x_wconf 77' lang='grc' dir='ltr'><strong>καὶ</strong></span> <span class='ocrx_word' id='word_1_473' title='bbox 1160 4179 1262 4231; x_wconf 83' lang='grc' dir='ltr'>οὐκ</span> <span class='ocrx_word' id='word_1_474' title='bbox 1294 4179 1502 4234; x_wconf 79' lang='grc' dir='ltr'>οἴδασιν</span> <span class='ocrx_word' id='word_1_475' title='bbox 1547 4179 1825 4251; x_wconf 79' lang='grc' dir='ltr'>εἱρήνην.’</span> 
     </span>
    </p>
   </div>
   <div class='ocr_carea' id='block_1_75' title="bbox 2147 4170 2789 4256">
    <p class='ocr_par' dir='ltr' id='par_1_75' title="bbox 2147 4193 2789 4256">
     <span class='ocr_line' id='line_1_76' title="bbox 2147 4193 2789 4256; baseline 0.002 -15"><span class='ocrx_word' id='word_1_476' title='bbox 2147 4201 2244 4243; x_wconf 88' lang='lat' dir='ltr'><strong>nec</strong></span> <span class='ocrx_word' id='word_1_477' title='bbox 2271 4200 2459 4256; x_wconf 83' lang='lat' dir='ltr'><strong>pacem</strong></span> <span class='ocrx_word' id='word_1_478' title='bbox 2491 4193 2789 4242; x_wconf 87' lang='lat' dir='ltr'><strong>noverunt.</strong></span> 
     </span>
    </p>
   </div>
   <div class='ocr_carea' id='block_1_76' title="bbox 521 4259 2042 4347">
    <p class='ocr_par' dir='ltr' id='par_1_76' title="bbox 521 4259 2040 4347">
     <span class='ocr_line' id='line_1_77' title="bbox 521 4259 2040 4347; baseline 0.009 -30"><span class='ocrx_word' id='word_1_479' title='bbox 521 4264 637 4326; x_wconf 71' lang='grc' dir='ltr'><strong>Πᾶς</strong></span> <span class='ocrx_word' id='word_1_480' title='bbox 662 4265 691 4318; x_wconf 93' lang='grc' dir='ltr'><strong>ὁ</strong></span> <span class='ocrx_word' id='word_1_481' title='bbox 734 4259 885 4328; x_wconf 73' lang='lat' dir='ltr'><strong>nixo;</strong></span> <span class='ocrx_word' id='word_1_482' title='bbox 917 4265 1140 4340; x_wconf 81' lang='grc' dir='ltr'>Ἰσραὴλ</span> <span class='ocrx_word' id='word_1_483' title='bbox 1182 4269 1484 4342; x_wconf 69' lang='grc' dir='ltr'>φιλόνεικοι</span> <span class='ocrx_word' id='word_1_484' title='bbox 1542 4271 1640 4326; x_wconf 76' lang='grc' dir='ltr'>καὶ</span> <span class='ocrx_word' id='word_1_485' title='bbox 1691 4270 2040 4347; x_wconf 84' lang='grc' dir='ltr'>σκληροκάρ-</span> 
     </span>
    </p>
   </div>
   <div class='ocr_carea' id='block_1_77' title="bbox 2147 4259 3735 4347">
    <p class='ocr_par' dir='ltr' id='par_1_77' title="bbox 2210 4273 3735 4335">
     <span class='ocr_line' id='line_1_78' title="bbox 2210 4273 3735 4335; baseline 0.001 -4"><span class='ocrx_word' id='word_1_486' title='bbox 2210 4276 2409 4334; x_wconf 74' lang='lat' dir='ltr'><strong>Ezech.</strong></span> <span class='ocrx_word' id='word_1_487' title='bbox 2441 4277 2578 4333; x_wconf 87' lang='lat' dir='ltr'><strong>Tota</strong></span> <span class='ocrx_word' id='word_1_488' title='bbox 2646 4276 2855 4334; x_wconf 75' lang='lat' dir='ltr'><strong>familia</strong></span> <span class='ocrx_word' id='word_1_489' title='bbox 2902 4277 3204 4335; x_wconf 87' lang='lat' dir='ltr'><strong>Israelitica</strong></span> <span class='ocrx_word' id='word_1_490' title='bbox 3249 4291 3317 4334; x_wconf 81' lang='lat' dir='ltr'><strong>ex</strong></span> <span class='ocrx_word' id='word_1_491' title='bbox 3369 4273 3735 4333; x_wconf 86' lang='lat' dir='ltr'><strong>contentiosis</strong></span> 
     </span>
    </p>
   </div>
   <div class='ocr_carea' id='block_1_78' title="bbox 449 4353 2042 4441">
    <p class='ocr_par' dir='ltr' id='par_1_78' title="bbox 449 4353 571 4411">
     <span class='ocr_line' id='line_1_79' title="bbox 449 4353 571 4411; baseline 0.025 -3"><span class='ocrx_word' id='word_1_492' title='bbox 449 4353 571 4411; x_wconf 90' lang='grc' dir='ltr'>διοι.</span> 
     </span>
    </p>
   </div>
   <div class='ocr_carea' id='block_1_79' title="bbox 2147 4353 3071 4441">
    <p class='ocr_par' dir='ltr' id='par_1_79' title="bbox 2147 4369 3071 4441">
     <span class='ocr_line' id='line_1_80' title="bbox 2147 4369 3071 4441; baseline -0.005 -10"><span class='ocrx_word' id='word_1_493' title='bbox 2147 4370 2305 4441; x_wconf 77' lang='lat'><strong>219</strong></span> <span class='ocrx_word' id='word_1_494' title='bbox 2335 4382 2390 4427; x_wconf 88' lang='lat' dir='ltr'><strong>et</strong></span> <span class='ocrx_word' id='word_1_495' title='bbox 2419 4369 2801 4441; x_wconf 81' lang='lat' dir='ltr'><strong>pervicacibus</strong></span> <span class='ocrx_word' id='word_1_496' title='bbox 2833 4378 3071 4426; x_wconf 86' lang='lat' dir='ltr'><strong>constat.</strong></span> 
     </span>
    </p>
   </div>
   <div class='ocr_carea' id='block_1_80' title="bbox 517 4447 2039 4530">
    <p class='ocr_par' dir='ltr' id='par_1_80' title="bbox 517 4447 2039 4530">
     <span class='ocr_line' id='line_1_81' title="bbox 517 4447 2039 4530; baseline 0.009 -30"><span class='ocrx_word' id='word_1_497' title='bbox 517 4447 687 4520; x_wconf 76' lang='grc' dir='ltr'>Ἀνὴρ</span> <span class='ocrx_word' id='word_1_498' title='bbox 718 4449 1045 4521; x_wconf 75' lang='grc' dir='ltr'>ἁμαρτωλὸς</span> <span class='ocrx_word' id='word_1_499' title='bbox 1074 4453 1370 4524; x_wconf 81' lang='grc' dir='ltr'>παροξύνει</span> <span class='ocrx_word' id='word_1_500' title='bbox 1406 4454 1616 4523; x_wconf 84' lang='grc' dir='ltr'>φίλους,</span> <span class='ocrx_word' id='word_1_501' title='bbox 1648 4457 1747 4511; x_wconf 77' lang='grc' dir='ltr'>καὶ</span> <span class='ocrx_word' id='word_1_502' title='bbox 1791 4457 1897 4513; x_wconf 79' lang='grc' dir='ltr'>ἀνά</span> <span class='ocrx_word' id='word_1_503' title='bbox 1938 4456 2039 4530; x_wconf 82' lang='grc' dir='ltr'><strong>μέ-</strong></span> 
     </span>
    </p>
   </div>
   <div class='ocr_carea' id='block_1_81' title="bbox 451 4541 1490 4617">
    <p class='ocr_par' dir='ltr' id='par_1_81' title="bbox 451 4541 1490 4617">
     <span class='ocr_line' id='line_1_82' title="bbox 451 4541 1490 4617; baseline 0.009 -25"><span class='ocrx_word' id='word_1_504' title='bbox 451 4555 543 4593; x_wconf 89' lang='grc' dir='ltr'><strong>σον</strong></span> <span class='ocrx_word' id='word_1_505' title='bbox 575 4541 972 4613; x_wconf 83' lang='grc' dir='ltr'>εἱρηνευόντων</span> <span class='ocrx_word' id='word_1_506' title='bbox 1003 4542 1188 4613; x_wconf 85' lang='grc' dir='ltr'>βάλλει</span> <span class='ocrx_word' id='word_1_507' title='bbox 1209 4544 1490 4617; x_wconf 88' lang='grc' dir='ltr'>διαϐολήν.</span> 
     </span>
    </p>
   </div>
   <div class='ocr_carea' id='block_1_82' title="bbox 524 4629 2037 4711">
    <p class='ocr_par' dir='ltr' id='par_1_82' title="bbox 524 4629 2037 4711">
     <span class='ocr_line' id='line_1_83' title="bbox 524 4629 2037 4711; baseline 0.007 -27"><span class='ocrx_word' id='word_1_508' title='bbox 524 4629 684 4700; x_wconf 86' lang='grc' dir='ltr'>Ἔρις</span> <span class='ocrx_word' id='word_1_509' title='bbox 731 4633 1229 4707; x_wconf 82' lang='grc' dir='ltr'>κατασπευδομένη</span> <span class='ocrx_word' id='word_1_510' title='bbox 1279 4637 1495 4692; x_wconf 79' lang='grc' dir='ltr'>ἐκκαίει</span> <span class='ocrx_word' id='word_1_511' title='bbox 1559 4636 1694 4709; x_wconf 80' lang='grc' dir='ltr'>πῦρ,</span> <span class='ocrx_word' id='word_1_512' title='bbox 1744 4637 1841 4692; x_wconf 72' lang='grc' dir='ltr'>καὶ</span> <span class='ocrx_word' id='word_1_513' title='bbox 1887 4639 2037 4711; x_wconf 84' lang='grc' dir='ltr'>μάχη</span> 
     </span>
    </p>
   </div>
   <div class='ocr_carea' id='block_1_83' title="bbox 449 4723 1360 4798">
    <p class='ocr_par' dir='ltr' id='par_1_83' title="bbox 449 4723 1360 4798">
     <span class='ocr_line' id='line_1_84' title="bbox 449 4723 1360 4798; baseline 0.003 -19"><span class='ocrx_word' id='word_1_514' title='bbox 449 4725 942 4798; x_wconf 83' lang='grc' dir='ltr'>κατασπευδομένη</span> <span class='ocrx_word' id='word_1_515' title='bbox 976 4727 1157 4797; x_wconf 79' lang='grc' dir='ltr'>ὲκχέει</span> <span class='ocrx_word' id='word_1_516' title='bbox 1197 4723 1360 4798; x_wconf 79' lang='grc' dir='ltr'>αἷμα.</span> 
     </span>
    </p>
   </div>
   <div class='ocr_carea' id='block_1_84' title="bbox 525 4818 2037 4895">
    <p class='ocr_par' dir='ltr' id='par_1_84' title="bbox 525 4818 2037 4895">
     <span class='ocr_line' id='line_1_85' title="bbox 525 4818 2037 4895; baseline 0.005 -24"><span class='ocrx_word' id='word_1_517' title='bbox 525 4819 680 4874; x_wconf 82' lang='grc' dir='ltr'>Πᾶσα</span> <span class='ocrx_word' id='word_1_518' title='bbox 710 4818 982 4890; x_wconf 78' lang='grc' dir='ltr'>βασιλεία,</span> <span class='ocrx_word' id='word_1_519' title='bbox 1022 4822 1346 4893; x_wconf 85' lang='grc' dir='ltr'>μερισθεῖσα</span> <span class='ocrx_word' id='word_1_520' title='bbox 1371 4823 1495 4877; x_wconf 87' lang='grc' dir='ltr'>καθ’</span> <span class='ocrx_word' id='word_1_521' title='bbox 1544 4823 1770 4894; x_wconf 73' lang='grc' dir='ltr'>ἑαυτὴν,</span> <span class='ocrx_word' id='word_1_522' title='bbox 1794 4824 2037 4895; x_wconf 81' lang='grc' dir='ltr'>ἐρημοῦ-</span> 
     </span>
    </p>
   </div>
   <div class='ocr_carea' id='block_1_85' title="bbox 449 4911 2041 4986">
    <p class='ocr_par' dir='ltr' id='par_1_85' title="bbox 449 4911 2041 4986">
     <span class='ocr_line' id='line_1_86' title="bbox 449 4911 2041 4986; baseline 0.005 -24"><span class='ocrx_word' id='word_1_523' title='bbox 449 4925 541 4963; x_wconf 85' lang='grc' dir='ltr'>ται</span> <span class='ocrx_word' id='word_1_524' title='bbox 559 4922 573 4938; x_wconf 90' lang='grc'><strong>·</strong></span> <span class='ocrx_word' id='word_1_525' title='bbox 600 4911 696 4964; x_wconf 68' lang='grc' dir='ltr'>καὶ</span> <span class='ocrx_word' id='word_1_526' title='bbox 730 4912 879 4965; x_wconf 76' lang='grc' dir='ltr'>πᾶσα</span> <span class='ocrx_word' id='word_1_527' title='bbox 914 4912 1071 4977; x_wconf 84' lang='grc' dir='ltr'>πόλις</span> <span class='ocrx_word' id='word_1_528' title='bbox 1101 4915 1196 4968; x_wconf 78' lang='grc' dir='ltr'>καὶ</span> <span class='ocrx_word' id='word_1_529' title='bbox 1217 4915 1387 4981; x_wconf 88' lang='grc' dir='ltr'>οἱκία,</span> <span class='ocrx_word' id='word_1_530' title='bbox 1416 4913 1742 4986; x_wconf 83' lang='grc' dir='ltr'>μερισθεῖσα</span> <span class='ocrx_word' id='word_1_531' title='bbox 1765 4915 1891 4971; x_wconf 77' lang='grc' dir='ltr'>καθ’</span> <span class='ocrx_word' id='word_1_532' title='bbox 1919 4916 2041 4970; x_wconf 78' lang='grc' dir='ltr'>ἑαυ-</span> 
     </span>
    </p>
   </div>
   <div class='ocr_carea' id='block_1_86' title="bbox 451 5003 1005 5076">
    <p class='ocr_par' dir='ltr' id='par_1_86' title="bbox 451 5003 1005 5076">
     <span class='ocr_line' id='line_1_87' title="bbox 451 5003 1005 5076; baseline 0.005 -18"><span class='ocrx_word' id='word_1_533' title='bbox 451 5004 574 5076; x_wconf 74' lang='grc' dir='ltr'>τὴν.</span> <span class='ocrx_word' id='word_1_534' title='bbox 600 5004 660 5058; x_wconf 85' lang='grc' dir='ltr'>οὐ</span> <span class='ocrx_word' id='word_1_535' title='bbox 696 5003 1005 5061; x_wconf 88' lang='grc' dir='ltr'>καθίσεται.</span> 
     </span>
    </p>
   </div>
   <div class='ocr_carea' id='block_1_87' title="bbox 522 5094 2042 5174">
    <p class='ocr_par' dir='ltr' id='par_1_87' title="bbox 522 5094 2042 5174">
     <span class='ocr_line' id='line_1_88' title="bbox 522 5094 2042 5174; baseline 0.005 -24"><span class='ocrx_word' id='word_1_536' title='bbox 522 5097 624 5150; x_wconf 80' lang='grc' dir='ltr'><strong>Διὰ</strong></span> <span class='ocrx_word' id='word_1_537' title='bbox 668 5094 731 5150; x_wconf 78' lang='grc' dir='ltr'>τὸ</span> <span class='ocrx_word' id='word_1_538' title='bbox 786 5097 1167 5170; x_wconf 82' lang='grc' dir='ltr'>πληθυνθῆναι</span> <span class='ocrx_word' id='word_1_539' title='bbox 1213 5101 1316 5173; x_wconf 80' lang='grc' dir='ltr'>τὴν</span> <span class='ocrx_word' id='word_1_540' title='bbox 1359 5100 1597 5173; x_wconf 81' lang='grc' dir='ltr'>ἀνομίαν</span> <span class='ocrx_word' id='word_1_541' title='bbox 1644 5100 1959 5174; x_wconf 77' lang='grc' dir='ltr'>ψυγήσεται</span> <span class='ocrx_word' id='word_1_542' title='bbox 2005 5102 2042 5174; x_wconf 77' lang='grc' dir='ltr'><strong>ἡ</strong></span> 
     </span>
    </p>
   </div>
   <div class='ocr_carea' id='block_1_88' title="bbox 451 5189 1055 5260">
    <p class='ocr_par' dir='ltr' id='par_1_88' title="bbox 451 5189 1055 5260">
     <span class='ocr_line' id='line_1_89' title="bbox 451 5189 1055 5260; baseline 0.005 -17"><span class='ocrx_word' id='word_1_543' title='bbox 451 5189 640 5260; x_wconf 84' lang='grc' dir='ltr'>ἀγάπη</span> <span class='ocrx_word' id='word_1_544' title='bbox 666 5190 777 5242; x_wconf 86' lang='grc' dir='ltr'><strong>τῶν</strong></span> <span class='ocrx_word' id='word_1_545' title='bbox 817 5191 1055 5246; x_wconf 86' lang='grc' dir='ltr'>πολλῶν.</span> 
     </span>
    </p>
   </div>
   <div class='ocr_carea' id='block_1_89' title="bbox 521 5280 2041 5362">
    <p class='ocr_par' dir='ltr' id='par_1_89' title="bbox 521 5280 2041 5362">
     <span class='ocr_line' id='line_1_90' title="bbox 521 5280 2041 5362; baseline 0.003 -25"><span class='ocrx_word' id='word_1_546' title='bbox 521 5283 590 5337; x_wconf 79' lang='lat' dir='ltr'><strong>Ei</strong></span> <span class='ocrx_word' id='word_1_547' title='bbox 615 5300 700 5349; x_wconf 86' lang='grc' dir='ltr'><strong>τις</strong></span> <span class='ocrx_word' id='word_1_548' title='bbox 721 5284 870 5338; x_wconf 84' lang='grc' dir='ltr'>δοκεῖ</span> <span class='ocrx_word' id='word_1_549' title='bbox 893 5285 1200 5355; x_wconf 83' lang='grc' dir='ltr'>φιλόνεικος</span> <span class='ocrx_word' id='word_1_550' title='bbox 1227 5280 1390 5352; x_wconf 75' lang='grc' dir='ltr'>εἶναι,</span> <span class='ocrx_word' id='word_1_551' title='bbox 1411 5287 1571 5359; x_wconf 78' lang='grc' dir='ltr'>ἡμεῖς</span> <span class='ocrx_word' id='word_1_552' title='bbox 1588 5286 1851 5359; x_wconf 79' lang='grc' dir='ltr'>τοιαύτην</span> <span class='ocrx_word' id='word_1_553' title='bbox 1877 5290 2041 5362; x_wconf 77' lang='grc' dir='ltr'>συνη-</span> 
     </span>
    </p>
   </div>
   <div class='ocr_carea' id='block_1_90' title="bbox 451 5377 1767 5450">
    <p class='ocr_par' dir='ltr' id='par_1_90' title="bbox 451 5377 1767 5450">
     <span class='ocr_line' id='line_1_91' title="bbox 451 5377 1767 5450; baseline 0.002 -17"><span class='ocrx_word' id='word_1_554' title='bbox 451 5377 605 5434; x_wconf 78' lang='grc' dir='ltr'>θειαν</span> <span class='ocrx_word' id='word_1_555' title='bbox 635 5377 735 5430; x_wconf 84' lang='grc' dir='ltr'>οὐκ</span> <span class='ocrx_word' id='word_1_556' title='bbox 758 5378 975 5448; x_wconf 72' lang='grc' dir='ltr'>ἔχομεν,</span> <span class='ocrx_word' id='word_1_557' title='bbox 1005 5377 1127 5432; x_wconf 77' lang='grc' dir='ltr'>οὐδὲ</span> <span class='ocrx_word' id='word_1_558' title='bbox 1158 5379 1449 5450; x_wconf 63' lang='grc' dir='ltr'>ἐκκλησίαι</span> <span class='ocrx_word' id='word_1_559' title='bbox 1484 5379 1581 5434; x_wconf 81' lang='grc' dir='ltr'>τοῦ</span> <span class='ocrx_word' id='word_1_560' title='bbox 1605 5380 1767 5435; x_wconf 82' lang='grc' dir='ltr'>Θεοῦ.</span> 
     </span>
    </p>
   </div>
   <div class='ocr_carea' id='block_1_91' title="bbox 2140 4553 2976 4626">
    <p class='ocr_par' dir='ltr' id='par_1_91' title="bbox 2140 4553 2976 4626">
     <span class='ocr_line' id='line_1_92' title="bbox 2140 4553 2976 4626; baseline -0.002 -15"><span class='ocrx_word' id='word_1_561' title='bbox 2140 4554 2388 4611; x_wconf 84' lang='lat' dir='ltr'><strong>viventes</strong></span> <span class='ocrx_word' id='word_1_562' title='bbox 2418 4555 2594 4626; x_wconf 84' lang='lat' dir='ltr'><strong>injicit</strong></span> <span class='ocrx_word' id='word_1_563' title='bbox 2621 4553 2976 4610; x_wconf 85' lang='lat' dir='ltr'><strong>calumniam.</strong></span> 
     </span>
    </p>
   </div>
   <div class='ocr_carea' id='block_1_92' title="bbox 2214 4640 3726 4712">
    <p class='ocr_par' dir='ltr' id='par_1_92' title="bbox 2214 4640 3726 4712">
     <span class='ocr_line' id='line_1_93' title="bbox 2214 4640 3726 4712; baseline -0.003 -13"><span class='ocrx_word' id='word_1_564' title='bbox 2214 4644 2388 4699; x_wconf 76' lang='lat' dir='ltr'><strong>Ereti.</strong></span> <span class='ocrx_word' id='word_1_565' title='bbox 2424 4660 2615 4700; x_wconf 79' lang='lat' dir='ltr'><strong>xxmt.</strong></span> <span class='ocrx_word' id='word_1_566' title='bbox 2642 4643 2935 4699; x_wconf 85' lang='lat' dir='ltr'><strong>Contentio</strong></span> <span class='ocrx_word' id='word_1_567' title='bbox 2981 4641 3237 4699; x_wconf 77' lang='lat' dir='ltr'><strong>festinata</strong></span> <span class='ocrx_word' id='word_1_568' title='bbox 3284 4641 3486 4697; x_wconf 89' lang='lat' dir='ltr'><strong>emittit</strong></span> <span class='ocrx_word' id='word_1_569' title='bbox 3520 4640 3726 4712; x_wconf 83' lang='lat' dir='ltr'><strong>ignem,</strong></span> 
     </span>
    </p>
   </div>
   <div class='ocr_carea' id='block_1_93' title="bbox 2142 4734 3381 4807">
    <p class='ocr_par' dir='ltr' id='par_1_93' title="bbox 2142 4734 3381 4807">
     <span class='ocr_line' id='line_1_94' title="bbox 2142 4734 3381 4807; baseline -0.005 -14"><span class='ocrx_word' id='word_1_570' title='bbox 2142 4745 2197 4793; x_wconf 90' lang='lat' dir='ltr'><strong>et</strong></span> <span class='ocrx_word' id='word_1_571' title='bbox 2227 4751 2409 4807; x_wconf 85' lang='lat' dir='ltr'><strong>pugna</strong></span> <span class='ocrx_word' id='word_1_572' title='bbox 2436 4737 2738 4792; x_wconf 88' lang='lat' dir='ltr'><strong>accelerata</strong></span> <span class='ocrx_word' id='word_1_573' title='bbox 2770 4734 3001 4791; x_wconf 77' lang='lat' dir='ltr'><strong>ell‘undit</strong></span> <span class='ocrx_word' id='word_1_574' title='bbox 3034 4734 3381 4803; x_wconf 88' lang='lat' dir='ltr'><strong>sanguinem.</strong></span> 
     </span>
    </p>
   </div>
   <div class='ocr_carea' id='block_1_94' title="bbox 2216 4820 3733 4896">
    <p class='ocr_par' dir='ltr' id='par_1_94' title="bbox 2216 4820 3733 4896">
     <span class='ocr_line' id='line_1_95' title="bbox 2216 4820 3733 4896; baseline -0.004 -14"><span class='ocrx_word' id='word_1_575' title='bbox 2216 4826 2415 4882; x_wconf 79' lang='lat' dir='ltr'><strong>Matth.</strong></span> <span class='ocrx_word' id='word_1_576' title='bbox 2445 4841 2543 4880; x_wconf 84' lang='lat' dir='ltr'><strong>xu.</strong></span> <span class='ocrx_word' id='word_1_577' title='bbox 2590 4823 2766 4882; x_wconf 86' lang='lat' dir='ltr'><strong>Omne</strong></span> <span class='ocrx_word' id='word_1_578' title='bbox 2816 4839 3049 4896; x_wconf 85' lang='lat' dir='ltr'><strong>regnum</strong></span> <span class='ocrx_word' id='word_1_579' title='bbox 3086 4837 3277 4880; x_wconf 87' lang='lat' dir='ltr'><strong>secum</strong></span> <span class='ocrx_word' id='word_1_580' title='bbox 3325 4820 3603 4878; x_wconf 80' lang='lat' dir='ltr'><strong>dissidens</strong></span> <span class='ocrx_word' id='word_1_581' title='bbox 3632 4821 3733 4877; x_wconf 89' lang='lat' dir='ltr'><strong>de-</strong></span> 
     </span>
    </p>
   </div>
   <div class='ocr_carea' id='block_1_95' title="bbox 2143 4911 3733 4987">
    <p class='ocr_par' dir='ltr' id='par_1_95' title="bbox 2143 4911 3733 4987">
     <span class='ocr_line' id='line_1_96' title="bbox 2143 4911 3733 4987; baseline -0.004 -13"><span class='ocrx_word' id='word_1_582' title='bbox 2143 4917 2378 4983; x_wconf 86' lang='lat' dir='ltr'><strong>solatur,</strong></span> <span class='ocrx_word' id='word_1_583' title='bbox 2432 4916 2675 4987; x_wconf 83' lang='lat' dir='ltr'><strong>itemque</strong></span> <span class='ocrx_word' id='word_1_584' title='bbox 2711 4914 2908 4971; x_wconf 89' lang='lat' dir='ltr'><strong>civitas</strong></span> <span class='ocrx_word' id='word_1_585' title='bbox 2964 4915 3146 4971; x_wconf 87' lang='lat' dir='ltr'><strong>omnis</strong></span> <span class='ocrx_word' id='word_1_586' title='bbox 3187 4927 3252 4970; x_wconf 89' lang='lat' dir='ltr'><strong>ac</strong></span> <span class='ocrx_word' id='word_1_587' title='bbox 3292 4911 3504 4968; x_wconf 82' lang='lat' dir='ltr'><strong>familia</strong></span> <span class='ocrx_word' id='word_1_588' title='bbox 3555 4913 3733 4969; x_wconf 81' lang='lat' dir='ltr'><strong>divisa</strong></span> 
     </span>
    </p>
   </div>
   <div class='ocr_carea' id='block_1_96' title="bbox 2141 5006 3073 5079">
    <p class='ocr_par' dir='ltr' id='par_1_96' title="bbox 2141 5006 3073 5079">
     <span class='ocr_line' id='line_1_97' title="bbox 2141 5006 3073 5079; baseline -0.002 -16"><span class='ocrx_word' id='word_1_589' title='bbox 2141 5009 2408 5066; x_wconf 88' lang='lat' dir='ltr'><strong>adversus</strong></span> <span class='ocrx_word' id='word_1_590' title='bbox 2443 5010 2702 5079; x_wconf 85' lang='lat' dir='ltr'><strong>seipsam,</strong></span> <span class='ocrx_word' id='word_1_591' title='bbox 2737 5024 2844 5064; x_wconf 94' lang='lat' dir='ltr'><strong>non</strong></span> <span class='ocrx_word' id='word_1_592' title='bbox 2880 5006 3073 5064; x_wconf 88' lang='lat' dir='ltr'><strong>stabit.</strong></span> 
     </span>
    </p>
   </div>
   <div class='ocr_carea' id='block_1_97' title="bbox 2212 5098 3715 5173">
    <p class='ocr_par' dir='ltr' id='par_1_97' title="bbox 2212 5098 3715 5173">
     <span class='ocr_line' id='line_1_98' title="bbox 2212 5098 3715 5173; baseline -0.001 -16"><span class='ocrx_word' id='word_1_593' title='bbox 2212 5102 2354 5169; x_wconf 87' lang='lat' dir='ltr'><strong>Quia</strong></span> <span class='ocrx_word' id='word_1_594' title='bbox 2381 5102 2830 5173; x_wconf 88' lang='lat' dir='ltr'><strong>multiplicabitur</strong></span> <span class='ocrx_word' id='word_1_595' title='bbox 2858 5100 3146 5172; x_wconf 87' lang='lat' dir='ltr'><strong>iniquitas,</strong></span> <span class='ocrx_word' id='word_1_596' title='bbox 3180 5098 3438 5172; x_wconf 78' lang='lat' dir='ltr'><strong>frigescat</strong></span> <span class='ocrx_word' id='word_1_597' title='bbox 3468 5098 3715 5155; x_wconf 82' lang='lat' dir='ltr'><strong>cltaritas</strong></span> 
     </span>
    </p>
   </div>
   <div class='ocr_carea' id='block_1_98' title="bbox 2144 5196 2472 5252">
    <p class='ocr_par' dir='ltr' id='par_1_98' title="bbox 2144 5196 2472 5252">
     <span class='ocr_line' id='line_1_99' title="bbox 2144 5196 2472 5252; baseline -0.003 0"><span class='ocrx_word' id='word_1_598' title='bbox 2144 5196 2472 5252; x_wconf 90' lang='lat' dir='ltr'><strong>multorum.</strong></span> 
     </span>
    </p>
   </div>
   <div class='ocr_carea' id='block_1_99' title="bbox 2219 5287 3731 5359">
    <p class='ocr_par' dir='ltr' id='par_1_99' title="bbox 2219 5287 3731 5359">
     <span class='ocr_line' id='line_1_100' title="bbox 2219 5287 3731 5359; baseline -0.004 -11"><span class='ocrx_word' id='word_1_599' title='bbox 2219 5292 2249 5348; x_wconf 89' lang='grc' dir='ltr'><strong><em>Ι</em></strong></span> <span class='ocrx_word' id='word_1_600' title='bbox 2269 5291 2393 5349; x_wconf 87' lang='lat' dir='ltr'><strong>Cor.</strong></span> <span class='ocrx_word' id='word_1_601' title='bbox 2425 5305 2503 5346; x_wconf 71' lang='grc' dir='ltr'>χι.</span> <span class='ocrx_word' id='word_1_602' title='bbox 2534 5289 2591 5345; x_wconf 90' lang='lat' dir='ltr'><strong>Si</strong></span> <span class='ocrx_word' id='word_1_603' title='bbox 2617 5287 2742 5359; x_wconf 85' lang='lat' dir='ltr'><strong>quis</strong></span> <span class='ocrx_word' id='word_1_604' title='bbox 2782 5287 3003 5343; x_wconf 79' lang='lat' dir='ltr'><strong>videtur</strong></span> <span class='ocrx_word' id='word_1_605' title='bbox 3034 5288 3416 5343; x_wconf 90' lang='lat' dir='ltr'><strong>contentiosus</strong></span> <span class='ocrx_word' id='word_1_606' title='bbox 3451 5302 3597 5352; x_wconf 88' lang='lat' dir='ltr'><strong>esse,</strong></span> <span class='ocrx_word' id='word_1_607' title='bbox 3628 5300 3731 5342; x_wconf 83' lang='lat' dir='ltr'><strong>nos</strong></span> 
     </span>
    </p>
   </div>
   <div class='ocr_carea' id='block_1_100' title="bbox 2150 5380 3732 5446">
    <p class='ocr_par' dir='ltr' id='par_1_100' title="bbox 2150 5380 3732 5446">
     <span class='ocr_line' id='line_1_101' title="bbox 2150 5380 3732 5446; baseline -0.004 -7"><span class='ocrx_word' id='word_1_608' title='bbox 2150 5386 2316 5441; x_wconf 86' lang='lat' dir='ltr'><strong>talem</strong></span> <span class='ocrx_word' id='word_1_609' title='bbox 2351 5380 2806 5440; x_wconf 88' lang='lat' dir='ltr'><strong>consuetudinem</strong></span> <span class='ocrx_word' id='word_1_610' title='bbox 2858 5394 2967 5435; x_wconf 88' lang='lat' dir='ltr'><strong>non</strong></span> <span class='ocrx_word' id='word_1_611' title='bbox 3020 5380 3307 5446; x_wconf 87' lang='lat' dir='ltr'><strong>habemus,</strong></span> <span class='ocrx_word' id='word_1_612' title='bbox 3340 5396 3441 5437; x_wconf 88' lang='lat' dir='ltr'><strong>nec</strong></span> <span class='ocrx_word' id='word_1_613' title='bbox 3484 5381 3732 5436; x_wconf 73' lang='lat' dir='ltr'><strong>ecclesias</strong></span> 
     </span>
    </p>
   </div>
   <div class='ocr_carea' id='block_1_101' title="bbox 2145 5478 2265 5533">
    <p class='ocr_par' dir='ltr' id='par_1_101' title="bbox 2145 5478 2265 5533">
     <span class='ocr_line' id='line_1_102' title="bbox 2145 5478 2265 5533; baseline -0.008 0"><span class='ocrx_word' id='word_1_614' title='bbox 2145 5478 2265 5533; x_wconf 89' lang='lat' dir='ltr'><strong>Dei.</strong></span> 
     </span>
    </p>
   </div>
   <div class='ocr_carea' id='block_1_102' title="bbox 2215 5564 3732 5638">
    <p class='ocr_par' dir='ltr' id='par_1_102' title="bbox 2215 5564 3732 5638">
     <span class='ocr_line' id='line_1_103' title="bbox 2215 5564 3732 5638; baseline -0.004 -13"><span class='ocrx_word' id='word_1_615' title='bbox 2215 5571 2318 5638; x_wconf 84' lang='lat' dir='ltr'><strong>Qui</strong></span> <span class='ocrx_word' id='word_1_616' title='bbox 2351 5571 2641 5628; x_wconf 86' lang='lat' dir='ltr'><strong>conturbat</strong></span> <span class='ocrx_word' id='word_1_617' title='bbox 2697 5583 2819 5638; x_wconf 88' lang='lat' dir='ltr'><strong>vos,</strong></span> <span class='ocrx_word' id='word_1_618' title='bbox 2849 5565 3263 5623; x_wconf 86' lang='lat' dir='ltr'><strong>damnationem</strong></span> <span class='ocrx_word' id='word_1_619' title='bbox 3320 5564 3581 5637; x_wconf 84' lang='lat' dir='ltr'><strong>portabit,</strong></span> <span class='ocrx_word' id='word_1_620' title='bbox 3608 5564 3732 5635; x_wconf 81' lang='lat' dir='ltr'><strong>qui-</strong></span> 
     </span>
    </p>
   </div>
   <div class='ocr_carea' id='block_1_103' title="bbox 2142 5667 2477 5738">
    <p class='ocr_par' dir='ltr' id='par_1_103' title="bbox 2142 5667 2477 5738">
     <span class='ocr_line' id='line_1_104' title="bbox 2142 5667 2477 5738; baseline -0.009 -16"><span class='ocrx_word' id='word_1_621' title='bbox 2142 5679 2356 5738; x_wconf 87' lang='lat' dir='ltr'><strong>cunque</strong></span> <span class='ocrx_word' id='word_1_622' title='bbox 2386 5667 2477 5723; x_wconf 85' lang='lat' dir='ltr'><strong>sit.</strong></span> 
     </span>
    </p>
   </div>
   <div class='ocr_carea' id='block_1_104' title="bbox 534 5564 2041 5641">
    <p class='ocr_par' dir='ltr' id='par_1_104' title="bbox 534 5564 2041 5641">
     <span class='ocr_line' id='line_1_105' title="bbox 534 5564 2041 5641; baseline -0.002 -18"><span class='ocrx_word' id='word_1_623' title='bbox 534 5568 595 5623; x_wconf 84' lang='grc'><strong>’0</strong></span> <span class='ocrx_word' id='word_1_624' title='bbox 629 5568 923 5641; x_wconf 86' lang='grc' dir='ltr'>ταράσσων</span> <span class='ocrx_word' id='word_1_625' title='bbox 984 5568 1131 5640; x_wconf 81' lang='grc' dir='ltr'>ὑμᾶς</span> <span class='ocrx_word' id='word_1_626' title='bbox 1189 5564 1352 5630; x_wconf 82' lang='grc' dir='ltr'>αὐτὸς</span> <span class='ocrx_word' id='word_1_627' title='bbox 1408 5564 1674 5636; x_wconf 83' lang='grc' dir='ltr'>βαστάσει</span> <span class='ocrx_word' id='word_1_628' title='bbox 1729 5564 1791 5619; x_wconf 80' lang='grc' dir='ltr'>τὸ</span> <span class='ocrx_word' id='word_1_629' title='bbox 1838 5565 2041 5637; x_wconf 86' lang='grc' dir='ltr'>κρίμα,</span> 
     </span>
    </p>
   </div>
   <div class='ocr_carea' id='block_1_105' title="bbox 450 5660 779 5737">
    <p class='ocr_par' dir='ltr' id='par_1_105' title="bbox 450 5660 779 5737">
     <span class='ocr_line' id='line_1_106' title="bbox 450 5660 779 5737; baseline -0.003 -18"><span class='ocrx_word' id='word_1_630' title='bbox 450 5665 599 5730; x_wconf 80' lang='grc' dir='ltr'>ὅστις</span> <span class='ocrx_word' id='word_1_631' title='bbox 627 5664 694 5719; x_wconf 82' lang='grc' dir='ltr'>ἂν</span> 
     </span>
    </p>
   </div>
   <div class='ocr_carea' id='block_1_106' title="bbox 524 5801 2031 5881">
    <p class='ocr_par' dir='ltr' id='par_1_106' title="bbox 524 5801 2031 5881">
     <span class='ocr_line' id='line_1_107' title="bbox 524 5801 2031 5881; baseline -0.002 -18"><span class='ocrx_word' id='word_1_632' title='bbox 524 5810 600 5881; x_wconf 85' lang='grc'><strong>(1)</strong></span> <span class='ocrx_word' id='word_1_633' title='bbox 632 5808 826 5881; x_wconf 71' lang='lat' dir='ltr'><strong>Sermo</strong></span> <span class='ocrx_word' id='word_1_634' title='bbox 873 5804 975 5861; x_wconf 89' lang='lat' dir='ltr'><strong>iste</strong></span> <span class='ocrx_word' id='word_1_635' title='bbox 1006 5804 1142 5881; x_wconf 68' lang='lat' dir='ltr'><strong>nihil</strong></span> <span class='ocrx_word' id='word_1_636' title='bbox 1176 5803 1289 5881; x_wconf 80' lang='lat' dir='ltr'><strong>fere</strong></span> <span class='ocrx_word' id='word_1_637' title='bbox 1337 5801 1754 5881; x_wconf 77' lang='lat' dir='ltr'><strong>continet_quod</strong></span> <span class='ocrx_word' id='word_1_638' title='bbox 1807 5817 1915 5856; x_wconf 89' lang='lat' dir='ltr'><strong>non</strong></span> <span class='ocrx_word' id='word_1_639' title='bbox 1954 5803 2031 5860; x_wconf 92' lang='lat' dir='ltr'><strong>le-</strong></span> 
     </span>
    </p>
   </div>
   <div class='ocr_carea' id='block_1_107' title="bbox 452 5872 2031 5945">
    <p class='ocr_par' dir='ltr' id='par_1_107' title="bbox 452 5872 2031 5945">
     <span class='ocr_line' id='line_1_108' title="bbox 452 5872 2031 5945; baseline -0.003 -12"><span class='ocrx_word' id='word_1_640' title='bbox 452 5872 610 5945; x_wconf 72' lang='lat' dir='ltr'><strong>gatur</strong></span> <span class='ocrx_word' id='word_1_641' title='bbox 641 5879 695 5933; x_wconf 90' lang='lat' dir='ltr'><strong>in</strong></span> <span class='ocrx_word' id='word_1_642' title='bbox 727 5891 980 5932; x_wconf 88' lang='lat' dir='ltr'><strong>sermone</strong></span> <span class='ocrx_word' id='word_1_643' title='bbox 1002 5875 1073 5929; x_wconf 71' lang='lat'><strong>26</strong></span> <span class='ocrx_word' id='word_1_644' title='bbox 1113 5876 1291 5945; x_wconf 79' lang='lat' dir='ltr'><strong>partis</strong></span> <span class='ocrx_word' id='word_1_645' title='bbox 1307 5873 1517 5943; x_wconf 67' lang='lat' dir='ltr'><strong>primae,</strong></span> <span class='ocrx_word' id='word_1_646' title='bbox 1556 5872 1795 5945; x_wconf 76' lang='lat' dir='ltr'><strong>ejusdetn</strong></span> <span class='ocrx_word' id='word_1_647' title='bbox 1820 5882 1904 5929; x_wconf 85' lang='lat' dir='ltr'><strong>est</strong></span> <span class='ocrx_word' id='word_1_648' title='bbox 1944 5889 2031 5929; x_wconf 84' lang='lat' dir='ltr'><strong>ar-</strong></span> 
     </span>
    </p>
   </div>
   <div class='ocr_carea' id='block_1_108' title="bbox 452 5942 2023 6022">
    <p class='ocr_par' dir='ltr' id='par_1_108' title="bbox 452 5942 2023 6022">
     <span class='ocr_line' id='line_1_109' title="bbox 452 5942 2023 6022; baseline -0.004 -16"><span class='ocrx_word' id='word_1_649' title='bbox 452 5942 722 6022; x_wconf 50' lang='lat' dir='ltr'><strong>gumenti,</strong></span> <span class='ocrx_word' id='word_1_650' title='bbox 752 5947 828 6002; x_wconf 85' lang='lat' dir='ltr'><strong>De</strong></span> <span class='ocrx_word' id='word_1_651' title='bbox 865 5942 1127 6000; x_wconf 76' lang='lat' dir='ltr'><strong>charitaté</strong></span> <span class='ocrx_word' id='word_1_652' title='bbox 1180 5942 1389 6001; x_wconf 79' lang='lat' dir='ltr'><strong>scilicet</strong></span> <span class='ocrx_word' id='word_1_653' title='bbox 1419 5958 1512 5998; x_wconf 75' lang='lat' dir='ltr'><strong>seu</strong></span> <span class='ocrx_word' id='word_1_654' title='bbox 1541 5942 1840 6012; x_wconf 76' lang='lat' dir='ltr'><strong>dilectione,</strong></span> <span class='ocrx_word' id='word_1_655' title='bbox 1870 5960 2023 6016; x_wconf 84' lang='lat' dir='ltr'><strong>pace,</strong></span> 
     </span>
    </p>
   </div>
   <div class='ocr_carea' id='block_1_109' title="bbox 768 6039 1613 6106">
    <p class='ocr_par' dir='ltr' id='par_1_109' title="bbox 768 6039 1613 6106">
     <span class='ocr_line' id='line_1_110' title="bbox 768 6039 1613 6106; baseline -0.001 0"><span class='ocrx_word' id='word_1_656' title='bbox 768 6044 1043 6106; x_wconf 70' lang='grc' dir='ltr'>Ρετιιοι..</span> <span class='ocrx_word' id='word_1_657' title='bbox 1094 6041 1192 6105; x_wconf 80' lang='lat' dir='ltr'><strong>Gn</strong></span> <span class='ocrx_word' id='word_1_658' title='bbox 1266 6039 1613 6105; x_wconf 81' lang='lat' dir='ltr'><strong>CXXXVI.</strong></span> 
     </span>
    </p>
   </div>
   <div class='ocr_carea' id='block_1_110' title="bbox 2134 5800 3727 5877">
    <p class='ocr_par' dir='ltr' id='par_1_110' title="bbox 2134 5800 3727 5877">
     <span class='ocr_line' id='line_1_111' title="bbox 2134 5800 3727 5877; baseline -0.001 -18"><span class='ocrx_word' id='word_1_659' title='bbox 2134 5807 2415 5861; x_wconf 83' lang='lat' dir='ltr'><strong>concordia</strong></span> <span class='ocrx_word' id='word_1_660' title='bbox 2439 5814 2487 5863; x_wconf 84' lang='lat' dir='ltr'><strong>et</strong></span> <span class='ocrx_word' id='word_1_661' title='bbox 2516 5803 2771 5877; x_wconf 77' lang='lat' dir='ltr'><strong>paciﬁcis.</strong></span> <span class='ocrx_word' id='word_1_662' title='bbox 2808 5805 2979 5877; x_wconf 83' lang='lat' dir='ltr'><strong>igitur</strong></span> <span class='ocrx_word' id='word_1_663' title='bbox 3003 5818 3066 5860; x_wconf 83' lang='lat' dir='ltr'><strong>ex</strong></span> <span class='ocrx_word' id='word_1_664' title='bbox 3100 5800 3319 5858; x_wconf 87' lang='lat' dir='ltr'><strong>duobus</strong></span> <span class='ocrx_word' id='word_1_665' title='bbox 3357 5814 3532 5856; x_wconf 89' lang='lat' dir='ltr'><strong>unum</strong></span> <span class='ocrx_word' id='word_1_666' title='bbox 3590 5801 3727 5857; x_wconf 79' lang='lat' dir='ltr'><strong>feci-</strong></span> 
     </span>
    </p>
   </div>
   <div class='ocr_carea' id='block_1_111' title="bbox 2133 5893 2277 5934">
    <p class='ocr_par' dir='ltr' id='par_1_111' title="bbox 2133 5893 2277 5934">
     <span class='ocr_line' id='line_1_112' title="bbox 2133 5893 2277 5934; baseline 0.014 -2"><span class='ocrx_word' id='word_1_667' title='bbox 2133 5893 2277 5934; x_wconf 86' lang='lat' dir='ltr'><strong>mus.</strong></span> 
     </span>
    </p>
   </div>
   <div class='ocr_carea' id='block_1_112' title="bbox 3294 6030 3372 6091">
    <p class='ocr_par' dir='ltr' id='par_1_112' title="bbox 3294 6030 3372 6091">
     <span class='ocr_line' id='line_1_113' title="bbox 3294 6030 3372 6091; baseline -0.013 0"><span class='ocrx_word' id='word_1_668' title='bbox 3294 6030 3372 6091; x_wconf 88' lang='lat'><strong>37</strong></span> 
     </span>
    </p>
   </div>
   <div class='ocr_carea' id='block_1_113' title="bbox 3807 4244 3874 4277">
    <p class='ocr_par' dir='ltr' id='par_1_113' title="bbox 3807 4244 3874 4277">
     <span class='ocr_line' id='line_1_114' title="bbox 3807 4244 3874 4277; baseline 0 -8"><span class='ocrx_word' id='word_1_669' title='bbox 3807 4244 3874 4277; x_wconf 45' lang='grc' dir='ltr'><strong>κη</strong></span> 
     </span>
    </p>
   </div>
   <div class='ocr_carea' id='block_1_114' title="bbox 3812 4280 3865 4359">
    <p class='ocr_par' dir='ltr' id='par_1_114' title="bbox 3812 4280 3865 4359">
     <span class='ocr_line' id='line_1_115' title="bbox 3812 4280 3865 4359; baseline 0 -28"><span class='ocrx_word' id='word_1_670' title='bbox 3812 4280 3865 4359; x_wconf 45' lang='grc' dir='ltr'><em>λβ</em></span> 
     </span>
    </p>
   </div>
   <div class='ocr_carea' id='block_1_115' title="bbox 2208 4438 3897 4532">
    <p class='ocr_par' dir='ltr' id='par_1_115' title="bbox 2208 4438 3897 4532">
     <span class='ocr_line' id='line_1_116' title="bbox 2208 4438 3897 4532; baseline -0.007 -13"><span class='ocrx_word' id='word_1_671' title='bbox 2208 4438 2500 4532; x_wconf 71' lang='lat' dir='ltr'><strong>Improbus</strong></span> <span class='ocrx_word' id='word_1_672' title='bbox 2529 4462 2826 4517; x_wconf 75' lang='lat' dir='ltr'><strong>exacerbat</strong></span> <span class='ocrx_word' id='word_1_673' title='bbox 2855 4461 3087 4529; x_wconf 84' lang='lat' dir='ltr'><strong>amicos,</strong></span> <span class='ocrx_word' id='word_1_674' title='bbox 3122 4467 3179 4517; x_wconf 92' lang='lat' dir='ltr'><strong>et</strong></span> <span class='ocrx_word' id='word_1_675' title='bbox 3207 4464 3353 4515; x_wconf 77' lang='lat' dir='ltr'><strong>inter</strong></span> <span class='ocrx_word' id='word_1_676' title='bbox 3377 4455 3730 4512; x_wconf 89' lang='lat' dir='ltr'><strong>concorditer</strong></span> <span class='ocrx_word' id='word_1_677' title='bbox 3796 4438 3897 4527; x_wconf 41' lang='grc' dir='ltr'><strong>,κί’</strong></span> 
     </span>
    </p>
   </div>
  </div>
