4056 6418
430 443 592 517 m3
1709 441 2032 505 ANTONII

2090 444 2423 507 ilELISS/E
3568 445 3692 516 ιιθι

523 563 659 617 Cum
691 558 834 614 enim
889 559 944 613 in
985 556 1140 612 vobis
1169 556 1454 613 contentio
1483 563 1540 612 et
1566 555 1845 612 aemulatio
1868 564 1922 612 et
1952 570 2036 611 se-
2069 559 2111 616 A

2090 560 2111 616 ι
2213 562 2392 617 Ὅπου
2422 563 2532 635 γὰρ
2569 561 2627 618 ἐν
2660 563 2790 635 ὑμῖν
2829 559 2952 639 ἔρις
2998 565 3095 620 καὶ
3140 563 3299 635 ζῆλος
3334 564 3424 618 καὶ
3470 553 3692 635 διχοσταο

444 653 688 710 ditiones
740 652 868 716 sint,
917 664 1099 704 nonne
1149 648 1396 704 carnales
1431 647 1588 715 estis,
1639 657 1696 704 et
1749 649 2043 704 hominum

2154 653 2288 720 σίαι,
2322 655 2382 710 οὐ
2420 657 2677 729 σαρκικοί
2707 658 2853 726 ἐστε,
2887 659 2982 714 καὶ
3007 662 3150 716 κατὰ
3179 659 3456 730 ἄνθρωπον
3486 675 3696 728 περιπα-

433 744 559 799 'ritu
585 741 882 796 anrbnlatis
897 741 925 795 ἲ
1595 811 1606 821 ⁸
2149 750 2293 804 τεττε
2314 767 2332 818 ;
3144 779 3146 783 .

521 832 644 890 Jac.
667 850 750 889 ιιι.
780 832 882 888 Ubi
909 830 1184 888 aemulatio
1212 837 1267 887 et
1290 829 1590 900 contentio,
1619 829 1697 888 ibi
1727 830 2046 889 inconstan-

2219 840 2400 896 Ὅπου
2435 840 2598 914 ζῆλος
2641 842 2737 897 καὶ
2767 842 2996 914 ὲριθεία,
3030 843 3148 899 ἐκεῖ
3198 844 3564 900 ἀκαταστασία
3611 844 3695 900 καὶ

446 925 524 980 tia
559 933 614 981 et
641 925 821 980 omnis
853 923 1194 993 improbitas.

1184 961 1194 977 .
2149 933 2263 987 πᾶν
2291 933 2498 1002 φαῦλον
2530 934 2786 1005 πρᾶγμα.

524 1018 753 1073 Servum
809 1015 1027 1070 Domini
1083 1028 1192 1070 non
1239 1015 1395 1073 decet
1432 1031 1706 1088 pugnare,
1759 1016 1855 1073 sed
1915 1032 2045 1090 erga

2223 1021 2432 1078 Δούλον
2452 1023 2664 1095 Κυρίου
2694 1024 2754 1079 οὐ
2797 1025 2880 1080 δεῖ
2910 1024 3183 1099 μάχεσθαι
3203 1065 3220 1094 ,
3253 1026 3366 1082 ἀλλ’
3395 1027 3547 1099 ήπιον
3575 1022 3698 1083 εἶναι

452 1124 644 1163 omnes
678 1107 862 1163 mitem
898 1122 1043 1164 esse.

950 1123 1043 1164 ise.
2152 1117 2293 1190 πρὸς
2319 1118 2552 1180 πάντας.

524 1197 555 1252 1
587 1197 750 1252 Joan.
781 1214 859 1253 IV.
901 1199 958 1254 Si
1010 1199 1135 1268 quis
1181 1200 1330 1255 dicat
1368 1213 1429 1256 se
1473 1199 1645 1255 Deum
1687 1200 1950 1274 diligere,
1991 1213 2052 1259 et

2221 1208 2352 1264 Ἐάν
2374 1226 2460 1273 τις
2491 1209 2625 1282 εἴπῃ
2655 1209 2739 1263 ὅτι
2759 1207 2994 1278 Ἀγαπῶ
3022 1208 3118 1262 τὸν
3143 1208 3296 1274 Θεὸν,
3324 1209 3414 1263 καὶ
3441 1207 3524 1263 τὸν
3562 1208 3699 1265 ἀδελ-

449 1294 682 1349 fratrem
713 1306 872 1345 suum
896 1290 1100 1357 oderit,
1133 1291 1370 1346 mendax
1401 1299 1508 1347 est.

1500 1328 1508 1345 ι
2152 1301 2254 1371 φὺν
2278 1301 2447 1355 αὐτοῦ
2481 1302 2641 1373 μισῇ,
2665 1301 2909 1372 ψεύστης
2931 1302 3102 1357 ἐστίν.

526 1381 736 1438 Deiecit
761 1381 983 1437 dilectio
1016 1383 1397 1437 mandatorum
1435 1381 1619 1438 radix.

2223 1391 2598 1447 Ἐπιλέλοιπεν
2628 1395 2662 1466 η
2701 1395 2913 1465 ἀγάπη,
2940 1396 2974 1467 ή
3006 1395 3133 1464 ῥίζα
3161 1396 3273 1450 τῶν
3300 1394 3540 1452 ἔντολῶνζ

527 1472 590 1529 S.
625 1472 843 1529 Basilii.
878 1474 938 1528 ln
965 1475 1358 1530 certaminibus
1381 1475 1756 1547 improbitatis
1787 1479 2042 1538 miserior

2236 1486 2327 1540 ’Ev
2373 1485 2632 1555 ἁμίλλαις
2677 1487 2950 1559 πονηρίας
2997 1487 3329 1557 ἀθλιώτερος
3379 1489 3408 1542 ό
3461 1488 3698 1559 νικήσας,

443 1575 535 1623 est
566 1566 659 1638 qni
693 1567 918 1633 vicerit,
946 1578 1233 1638 propterea
1285 1567 1435 1638 quod
1467 1571 1725 1641 {peccatis
1774 1574 2029 1630 onustior

1910 1574 2029 1630 stior
2099 1577 2103 1583 ’
2149 1577 2288 1632 διότι
2310 1577 2614 1649 ἀπέρχεται
2636 1578 2699 1634 τὺ
2724 1579 2888 1634 πλέον
2923 1578 3068 1651 ἔχων
3096 1581 3198 1651 τῆς
3225 1579 3512 1652 ἁμαρτίας.

436 1659 707 1715 discedit.

531 1750 1068 1809 Solentcontentiosi
1098 1741 1279 1812 minus
1305 1755 1534 1812 consilio
1583 1755 1785 1820 valere,
1815 1764 1870 1812 et
1907 1771 2051 1826 saepe

2223 1754 2507 1823 Πεφύκασί
2541 1772 2660 1819 πως
2697 1757 2746 1810 οἱ
2798 1754 3235 1824 φιλονεικοῦντες
3275 1753 3602 1823 ἀϐουλότεροι
3624 1749 3697 1819 γί-

441 1845 573 1902 suis
596 1847 762 1902 rebus
791 1846 934 1904 male
959 1849 1275 1917 consulere,
1308 1859 1368 1905 ut
1406 1849 1598 1906 dolore
1626 1849 1869 1906 alliciant
1911 1864 2043 1906 suos

2097 1909 2116 1917 ⁵
2154 1845 2364 1911 νεσθαι,
2402 1846 2499 1898 καὶ
2520 1845 2693 1899 πολλὰ
2707 1845 2817 1900 τῶν
2852 1846 3000 1900 ῑδίων
3029 1843 3218 1909 κακῶς
3242 1837 3699 1906 διατίθεσθαιύπὲρ

446 1939 819 1997 adversarios.

2078 1909 2122 1966 Β
2149 1934 2245 1990 τοῦ
2275 1935 2522 2006 λυπῆσαι
2558 1937 2687 2000 τοὺς
2717 1937 3201 2008 ἐναντιουμένους.

531 2031 800 2104 Theologi.
821 2033 1051 2092 Prazstat
1082 2035 1312 2093 honeste
1337 2035 1510 2105 vinci,
1543 2051 1707 2109 quam
1735 2037 2046 2108 periculose

2219 2032 2488 2116 Κρεῖττον
2525 2033 2791 2105 ἡττᾶσθαι
2820 2032 3006 2098 καλῶς
3038 2032 3070 2104 ἢ
3097 2033 3261 2105 νικᾷν
3288 2028 3593 2105 ἐπισφαλῶς
3623 2025 3703 2080 καὶ

453 2137 506 2181 ct
542 2125 742 2197 injuste
772 2128 1014 2184 vincere.

854 2142 1014 2184 icere.
2145 2120 2428 2192 ἀθέσμωςο
2452 2145 2456 2151 ·

527 2219 573 2274 Α
598 2220 847 2290 partibus
883 2221 1324 2278 adversariorum
1365 2221 1760 2294 propemodum
1783 2230 1934 2281 stant
1951 2225 2045 2294 qui

2227 2215 2341 2286 Τῆς
2393 2215 2785 2286 ἀντικειμένης
2843 2216 3064 2287 μερίδος
3117 2215 3292 2284 ἐγγὺς
3354 2214 3403 2267 οἱ
3449 2208 3704 2281 πολεμικοὶ

445 2310 679 2381 ingenio
730 2321 859 2370 sunt
901 2312 1196 2380 bellicoso,
1262 2314 1491 2383 gloriam
1543 2331 1700 2372 suam
1725 2331 1793 2373 ex
1822 2316 2046 2386 publico

2148 2307 2240 2364 τὸν
2262 2308 2488 2378 τρόπον,
2519 2307 2616 2362 καὶ
2644 2307 2706 2362 τὸ
2738 2307 3034 2378 εὐδόκιμον
3066 2306 3145 2378 τῷ
3167 2306 3336 2377 κοινῷ
3365 2304 3516 2374 κακῷ
3551 2301 3705 2374 θηρῶ-

450 2415 758 2471 venantes,
805 2412 860 2460 et
904 2421 1005 2462 suo
1031 2419 1092 2462 se
1141 2405 1409 2463 dedecore
1459 2417 1746 2467 ornanles.
1793 2407 1933 2465 Nam
1991 2419 2046 2468 et

2153 2417 2330 2471 μενοι,
2363 2400 2458 2453 καὶ
2487 2403 2555 2470 τῇ
2608 2399 2820 2453 ἑαυτῶν
2871 2399 3106 2472 αἰσχύνῃ
3154 2397 3705 2468 ὲγκαλλωπιζόμενοι·

452 2496 736 2552 diabolus.
770 2497 1000 2567 Apparet
1032 2497 1282 2570 quedam
1311 2499 1513 2555 decue.

2149 2494 2275 2549 ἐπεὶ
2298 2493 2392 2550 καὶ
2412 2495 2440 2548 ό
2465 2493 2736 2557 διάϐολος.
2778 2493 2976 2548 ’Ἐοικέ
3000 2510 3057 2546 τι
3085 2494 3330 2548 λείπειν
3356 2489 3620 2548 ἐνταῦθα.

528 2587 793 2657 Apertum
826 2590 1039 2645 hostem
1076 2606 1277 2648 cavere
1309 2592 1472 2648 facile
1505 2602 1615 2650 est.

2221 2589 2296 2644 Τὸ
2327 2587 2613 2658 προδήλως
2647 2585 2843 2657 ἐχθρὸν
2877 2586 2972 2640 καὶ
3002 2584 3374 2654 εὐφύλακτον.

530 2681 840 2738 Inimicitiae
890 2683 1025 2738 linea
1069 2682 1159 2740 fac
1205 2699 1424 2752 noscas,
1480 2701 1589 2742 non
1643 2688 1828 2744 autent
1882 2687 2048 2745 bene-

1824 2709 1828 2742 ι
1882 2687 2048 2745 bene-
2224 2681 2466 2752 Ἕχθρας
2493 2681 2654 2751 ὄρους
2675 2678 2936 2748 γίνωσκε,
2971 2677 3192 2744 εὐνοίας
3227 2679 3287 2734 δι
3329 2679 3426 2751 μή.

446 2776 729 2830 θνοιοιιιίαξ.

529 2869 587 2924 S.
621 2869 896 2941 Cltrysost.
921 2871 1063 2938 Quid
1092 2872 1236 2928 inter
1267 2887 1368 2929 nos
1404 2883 1609 2932 temere
1639 2875 2049 2946 digladiamur?

2220 2862 2288 2916 Τί
2312 2861 2600 2933 μαχόμεθα
2629 2861 2784 2940 ’πρὸς
2811 2862 3078 2933 ἀλλήλους
3106 2861 3276 2932 είκῆς
3308 2861 3362 2917 τί
3400 2857 3711 2929 πολεμοῦμεν

436 2963 586 3033 quid
621 2958 890 3019 bellamus
937 2965 1029 3019 alii
1070 2980 1197 3020 enm
1246 2966 1393 3035 aliis,
1464 2968 1670 3039 quibus
1711 2981 2038 3040 praeceptum

2151 2955 2425 3027 ἀλλήλοις,
2480 2957 2960 3029 προστεταγμένοι
2992 2957 3090 3012 καὶ
3135 2958 3273 3023 τοὺς
3315 2955 3592 3028 μισοῦντας
3638 2965 3713 3020 φι-

442 3064 560 3122 ἐει,
597 3065 657 3110 ιιι
686 3056 778 3127 qui
820 3071 922 3112 nos
945 3058 1181 3126 oderint,
1217 3059 1508 3116 amemus?
2148 3049 2303 3116 λεῖνς

526 3148 590 3203 Si
635 3148 776 3205 inter
819 3149 1050 3206 Paulum
1094 3160 1149 3206 et
1191 3152 1496 3209 Barnabam
1540 3162 1808 3225 angustus
1840 3161 1896 3210 et
1947 3169 2048 3225 pu-

2225 3143 2287 3197 El
2339 3140 2548 3213 μεταξύ
2598 3142 2815 3198 Παύλου
2851 3144 2948 3197 καὶ
2983 3143 3247 3210 Βαρνάϐα
3300 3141 3642 3214 μικροψυχία,
3668 3136 3711 3192 τί

457 3242 614 3297 silius
644 3243 860 3300 animus
891 3243 1013 3312 fuit,
1046 3244 1182 3316 quid
1210 3245 1409 3301 mirum
1443 3246 1488 3304 si
1520 3247 1687 3303 etiam
1721 3249 1866 3303 inter
1904 3248 2047 3304 nos?

1545 3247 1687 3303 niam
1721 3249 1866 3303 inter
1904 3248 2047 3304 nos?
2074 3253 2118 3311 ο
2151 3234 2472 3303 θαυμαστὸν
2506 3235 2557 3288 εί
2593 3237 2689 3290 καὶ
2723 3235 2928 3306 μεταξὺ
2949 3235 3147 3306 ὐμῶν;

532 3333 649 3388 Non
696 3333 901 3404 ubique
946 3333 1211 3392 debemus
1251 3336 1389 3392 velle
1452 3337 1723 3394 vincere:
1771 3338 2048 3396 interdum

2222 3328 2318 3400 Μὴ
2347 3327 2412 3400 δὴ
2456 3328 2735 3399 πανταχοῦ
2765 3327 3025 3401 ζητῶμεν
3071 3331 3260 3400 νικᾷν.
3286 3331 3442 3384 Ἔστι
3465 3328 3568 3400 γὰρ
3597 3327 3713 3382 ὅπου

455 3426 609 3480 enim
653 3425 883 3482 victoria
915 3427 1300 3484 detrimentum
1333 3427 1516 3497 affert,
1547 3429 1696 3488 vinci
1729 3440 1914 3488 autem
1944 3433 2053 3489 uti-

1857 3447 1914 3487 ιη
1944 3433 2053 3489 mi-
2099 3452 2107 3457 -
2157 3420 2280 3492 νίκη
2315 3421 2417 3492 μὲν
2446 3420 2604 3492 φέρει
2639 3421 2870 3493 βλάϐην,
2901 3437 3045 3495 ηττα
3073 3421 3132 3476 δὲ
3163 3422 3459 3492 ὠφέλειαν.

457 3519 670 3573 litateru
703 3518 924 3584 praebet.

538 3610 830 3664 Democrit.
859 3608 1114 3681 Seipsum
1151 3611 1374 3668 vincere
1399 3611 1649 3669 omnium
1685 3613 2048 3672 victoriarum

2226 3605 2306 3660 Τὸ
2329 3605 2490 3676 νικᾷν
2520 3604 2683 3659 αὐτόν
2713 3604 2911 3660 ἑαυτὸν
2947 3604 3147 3658 πασῶν
3189 3602 3362 3660 νικῶν
3407 3600 3593 3672 πρώτη
3637 3595 3723 3653 καὶ

462 3704 640 3773 prima
675 3713 731 3759 et
761 3703 1216 3774 praestantissima
1254 3713 1339 3760 est
1367 3721 1386 3773 ;
1423 3713 1479 3760 at
1507 3705 1652 3763 vinci
1702 3720 1734 3762 a
1781 3708 1966 3780 seipse
2002 3717 2057 3765 et

2158 3699 2356 3770 ἀρίστη
2375 3713 2391 3730 ³
2423 3697 2484 3752 τὺ
2520 3698 2577 3752 δὲ
2605 3697 2877 3769 ἡττᾶσθαι
2901 3699 3068 3752 αὐτὸν
3101 3697 3197 3767 ὐφ’
3243 3693 3444 3751 ἑαυτοῦ
3470 3690 3721 3764 αἴσχιστόν

463 3796 846 3865 turpissimum
880 3803 934 3850 et
961 3795 1290 3865 pessimum.

1055 3795 1290 3851 simum.
2158 3809 2217 3846 τε
2251 3793 2346 3846 καὶ
2373 3793 2657 3846 κάκιστον.

537 3887 824 3943 Isocratis.
865 3886 1042 3943 Prava
1085 3888 1303 3958 ingenia
1365 3887 1557 3943 eadem
1608 3890 1788 3945 solent
1837 3904 1961 3947 esse
2001 3897 2059 3946 et

2230 3881 2551 3952 Πεφύκασιν
2583 3885 2640 3938 αἱ
2681 3885 2917 3956 πονηραὶ
2954 3885 3153 3956 φύσεις
3187 3886 3288 3941 καὶ
3339 3884 3621 3954 φιλόνεικοι
3656 3877 3719 3947 μὴ

460 3979 834 4045 contentiosa,
870 3986 932 4034 ut
977 3993 1087 4034 non
1118 3980 1274 4050 prius
1322 3980 1483 4036 linem
1518 3979 1724 4037 faciant
1761 3997 1960 4054 pugnae
1997 3993 2054 4039 et

2164 3974 2433 4047 πρότερον
2475 3975 2668 4047 λήγειν
2697 3975 2802 4044 τῆς
2847 3975 3126 4047 διαμάχης
3156 3978 3254 4032 καὶ
3307 3976 3499 4047 ἔριδος,
3531 3970 3649 4041 πρὶν
3690 3963 3720 4036 ἢ

465 4069 859 4137 contentionis,
897 4083 1062 4139 quam
1100 4070 1315 4126 letalem
1366 4072 1679 4142 acceperint
1728 4075 1968 4146 plagam,
1993 4084 2047 4132 et

2173 4068 2386 4138 καιρίαν
2407 4067 2666 4134 δέξασθαι
2693 4069 2793 4139 τὴν
2817 4067 3058 4141 πληγὴν,
3079 4074 3178 4125 καὶ
3191 4071 3549 4141 ἀνεπιλήστου
3567 4077 3723 4134 τιμωο
3767 4101 3775 4112 .

461 4163 737 4234 snpplicio
771 4162 1107 4217 memorabili
1139 4162 1466 4220 afﬁciantur.

1152 4162 1466 4220 Illiciantur.
2169 4158 2295 4230 ρῐας
2321 4159 2522 4230 πεῖραν
2545 4157 2754 4215 λαϐεῖν.

540 4257 704 4327 220
741 4254 1038 4325 Euripidis.
1071 4253 1250 4310 Unum
1273 4258 1565 4314 consilium
1616 4260 1820 4316 bonum
1857 4260 2060 4318 multas

1930 4260 2060 4318 mas
2231 4248 2406 4319 Σοφὸν
2433 4249 2541 4321 γὰρ
2561 4247 2624 4302 ἓν
2656 4249 2935 4321 βούλευμα
2961 4250 3067 4322 τὰς
3109 4252 3317 4317 πολλὰς
3351 4253 3532 4323 χεῖρας

1572 4354 1738 4408 vmcit
1770 4368 1998 4420 manus;

534 4441 737 4498 Turba:
775 4455 906 4496 vero
939 4441 1230 4511 conjuncta
1273 4442 1491 4501 ruditas
1540 4444 1665 4515 plus
1697 4445 1860 4501 all‘ert
1905 4447 2057 4502 mali.

1839 4457 1860 4501 ι
1905 4447 2057 4502 mali,
2233 4427 2408 4500 Νικᾷ⁹
2435 4427 2533 4483 σὺν
2562 4427 2706 4500 ὄχλῳ
2733 4429 2779 4483 δ’
2807 4428 3021 4499 ἀμαθία
3053 4429 3219 4484 πλέον
3249 4429 3441 4487 κακόν.

878 4533 1114 4590 SERMO
1158 4533 1324 4589 L’XIX
1358 4533 1458 4605 [ιιι.
1489 4535 1652 4609 LIV].
1885 4587 1896 4592 -

1544 4535 1652 4609 ιη,
1885 4587 1896 4592 ἐ
2769 4523 2996 4579 ΛΟΓΟΣ
3022 4523 3146 4581 ΞΘ⁹.

766 4624 843 4681 De
874 4626 1294 4692 oblocutoribus,
1328 4637 1377 4682 et
1410 4629 1755 4684 contumelia.
2092 4623 2139 4682 Β
2269 4619 2368 4686 Πει

2092 4623 2139 4682 Β
2269 4616 2413 4686 Περὶ
2456 4617 2989 4683 καταλαλῶν-των,
3054 4617 3156 4671 καὶ
3221 4618 3359 4689 περὶ
3407 4618 3630 4688 ὕϐρεως.

531 4719 692 4774 Deut.
725 4718 1072 4774 Auditionetn
1105 4719 1327 4773 inanem
1357 4733 1426 4775 ne
1449 4719 1729 4775 admittas.

1587 4720 1729 4775 ίιιεις,
2250 4709 2453 4781 Ἀξκοὴν
2491 4709 2737 4780 ματαίαν
2771 4712 2846 4781 μὴ
2880 4710 3189 4783 παραδέξῃ.

541 4806 694 4864 Ρεαί.
722 4823 831 4862 xtv.
859 4807 965 4874 Qui
991 4808 1312 4866 detrahebat
1340 4810 1482 4866 clam
1513 4811 1763 4881 proximo
1788 4827 1911 4881 suo,
1933 4827 2058 4868 eum

2235 4804 2342 4858 Τὸν
2375 4802 2788 4858 καταλαλοῦντα
2815 4803 2992 4875 λάθρα
3012 4805 3108 4859 τοῦ
3133 4807 3370 4879 πλησίον
3397 4803 3584 4871 αὐτοῦ,
3624 4794 3731 4854 τοῦ-

464 4901 855 4970 persequebar.

2167 4912 2260 4950 τον
2289 4894 2594 4962 ὲξεδίωκον.

539 4987 598 5044 S.
631 4989 844 5047 Basilii.
879 4989 983 5058 Qui
1003 4990 1168 5047 fratri
1199 4991 1546 5060 adversatur,
1579 5001 1672 5049 aut
1696 4994 1848 5050 audit
1869 4994 2060 5050 detra-

2258 4988 2321 5043 ⁹Ο
2353 4989 2678 5046 καταλαλῶν
2703 4990 2965 5063 ἀδελφοῦ,
2997 4991 3030 5063 ἢ
3057 4991 3278 5048 ἀκούων
3320 4991 3729 5050 καταλαλοῦντος

472 5081 712 5148 hentem,
748 5092 803 5138 et
831 5083 1088 5150 sustinet,
1117 5083 1284 5139 ambo
1307 5084 1457 5154 digni
1489 5094 1618 5142 sunt
1662 5086 1758 5157 qui
1791 5087 2059 5142 extermi-

2170 5081 2266 5136 καὶ
2289 5083 2642 5156 ἀνεχόμενος,
2672 5085 2981 5158 ἀφορισμού
3005 5085 3148 5152 ἄξιοι
3168 5087 3267 5143 καὶ
3287 5089 3340 5142 οι
3365 5087 3667 5160 ἀμφότεροι.

470 5183 692 5230 nentur.

544 5265 807 5338 Tlteologi.
864 5267 1012 5324 Nihil
1075 5276 1186 5325 tam
1243 5271 1549 5340 jucundum
1603 5279 1688 5327 est
1737 5273 2061 5329 hominibus

2241 5263 2412 5320 Οὐδὲν
2428 5262 2602 5329 οὕτως
2633 5264 2733 5335 ἡδὺ
2767 5266 2882 5330 τοῖς
2908 5265 3242 5338 ἀνθρώποις,
3299 5266 3377 5331 ὡς
3399 5266 3458 5320 τὸ
3486 5261 3656 5318 λαλεῖν
3674 5254 3733 5312 τὰ

471 5375 636 5431 quam
668 5361 735 5416 de
759 5362 952 5418 alienis
991 5363 1157 5419 rebus
1194 5365 1367 5431 loqui,
1404 5371 1461 5420 et
1499 5365 1739 5420 maxime
1777 5365 1824 5420 si
1876 5363 2064 5422 favore

2173 5362 2454 5433 ἀλλότρια,
2486 5359 2582 5414 καὶ
2611 5358 2852 5430 μάλιστα
2879 5359 2976 5414 ἐὰν
2998 5358 3244 5429 τύχωσιν
3278 5359 3373 5414 ὐπ’
3407 5357 3616 5417 εὐνοίας
3654 5367 3733 5402 -τι-

472 5454 706 5523 alicujus
729 5462 823 5508 aut
854 5455 980 5510 odio
1000 5457 1333 5525 ducantur,a
1365 5457 1570 5529 quibus
1595 5457 1732 5513 solet
1757 5457 2060 5529 plurimum

2175 5454 2326 5525 νὸςῆ
2385 5453 2578 5524 μίσους
2635 5451 2949 5518 ἑλκόμενοι,
2989 5450 3082 5520 ὐφ’
3113 5443 3190 5505 ὧν
3226 5452 3377 5522 φιλεῖ
3420 5443 3729 5505 κλέπτεσθαι

472 5547 676 5602 veritas
713 5547 973 5602 occultari
1013 5557 1067 5602 et
1093 5549 1383 5620 supprimi.

1292 5549 1383 5606 mi.
2171 5547 2252 5612 ὡς
2276 5545 2346 5599 τὰ
2378 5543 2553 5599 πολλά
2571 5546 2605 5616 ή
2641 5545 2894 5616 ἀλήθεια.

545 5635 684 5695 Cum
717 5638 974 5694 irasceris
1005 5641 1314 5696 convicium
1349 5641 1593 5710 facienti,
1621 5643 1822 5714 probra
1855 5643 2063 5700 contir-

2254 5637 2427 5692 Ἐπὰν
2451 5637 2713 5708 ὀργισθῇς
2747 5638 2887 5690 κατὰ
2909 5638 3004 5692 τοῦ
3033 5637 3469 5709 λοιδορήσαντος,
3499 5627 3733 5688 ἐϐεϐαίω-

479 5745 619 5788 mas.
667 5731 816 5798 Quid
855 5741 941 5788 est
971 5731 1115 5787 enim
1149 5733 1227 5788 ira
1260 5733 1648 5804 insipientius?
1681 5735 1776 5791 Sin
1810 5752 1941 5794 vero
1971 5737 2066 5792 irae

2176 5747 2278 5795 σας
2306 5729 2377 5783 τὰ
2403 5729 2605 5799 ὀνείδη.
2633 5730 2701 5784 Τί
2729 5731 2839 5802 γὰρ
2863 5730 3031 5802 ὀργῆς
3079 5732 3516 5803 ἀφρονέστερον;
3547 5723 3663 5779 Ἐἀν
3685 5716 3733 5773 δὲ

479 5838 671 5890 part-as
700 5835 752 5880 et
782 5825 967 5882 lentus
1009 5823 1195 5893 fueris,
1227 5825 1440 5896 pudore
1476 5825 1665 5882 aliieis-
1693 5826 1950 5898 iniuriam
1983 5826 2064 5885 fa-

2179 5823 2372 5896 μείνῃς
2402 5821 2696 5894 ἀόργητος,
2727 5821 2969 5895 ᾔσχυνας
2989 5824 3083 5880 τὸν
3112 5821 3439 5896 ὑϐρίσαντα,
3480 5820 3620 5893 ἔργῳ
3649 5811 3733 5884 τὴν

481 5924 736 5986 (ειειιιειῐι,
767 5918 947 5989 reipsa
983 5917 1403 5990 temperantiam
1439 5917 1749 5977 declarans.

1402 5965 1403 5972 η
1439 5917 1749 5977 declarans.
2181 5915 2541 5990 σωφροσύνην
2571 5915 3004 5990 ἐπιδειξάμενος.
