4056 6410
504 415 648 479 1165

1324 420 1500 485 LOCI
1538 422 2079 490 COMMUNES.-—
2118 426 2315 490 PARS
2354 426 2441 493 ΙΙ.
2475 428 2741 493 SERMO
2775 432 2985 497 LXIX.

3654 433 3791 501 1166
3840 380 3844 386 Ι

579 530 640 586 Ὅ
669 532 975 591 διαϐάλλων
1001 536 1095 592 τὸν
1141 537 1372 609 πλησίον
1419 539 1588 595 αὐτοῦ
1640 542 1905 613 ἀδελφικὰ
1950 559 2090 615 κρεα
2121 557 2156 617 Α

2270 547 2332 605 S.
2358 547 2637 620 Chrysost.
2669 548 2771 617 Qui
2813 551 3035 608 fratrem
3079 566 3242 608 suum
3289 551 3635 622 criminatur,
3678 553 3793 609 fra-

502 623 732 696 εφαγεν,
784 627 1058 697 ὑπόληψιν
1091 631 1332 702 τρώσας,
1376 633 1471 687 καὶ
1504 634 1677 705 μυρία
1733 636 1898 709 ἕτερα
1931 639 2098 710 ἐργα-

504 717 741 787 σάμενος
760 718 850 773 διὰ
887 720 981 775 τοῦ
1010 721 1170 790 λόγου
1211 725 1376 778 κακά.

578 809 794 881 Ὠσπερ
858 812 921 866 τὸ
974 814 1162 878 καλῶς
1184 815 1369 885 λέγειν
1393 820 1488 872 καὶ
1523 819 1896 890 ἐγκωμιάζειν
1948 823 2094 895 ἀρχὴ

503 901 688 971 φιλίας
718 904 896 971 ἐστὶν,
953 905 1098 959 οὕτω
1124 906 1187 961 τὸ
1215 910 1405 974 κακῶς
1434 907 1614 980 λέγειν
1637 910 1732 964 καί¹
1786 912 2098 967 διαϐάλλειν

507 994 711 1065 ἔχθρας
736 995 835 1050 καὶ
862 997 1169 1069 ἀπεχθείας
1192 1002 1289 1055 καὶ
1325 1002 1541 1075 μυρίων
1572 1002 1762 1058 κακῶν
1810 1004 1955 1076 ἀρχὴ
1999 1006 2098 1060 καὶ

507 1085 768 1151 ὑπόθεσις
818 1087 1067 1157 γέγονεν.
1192 1136 1195 1141 .
1986 1086 1993 1093 ’

580 1179 679 1234 ’Ἂν
712 1180 811 1251 μὲν
842 1182 1083 1258 ὀνειδίσῂ
1124 1203 1185 1242 σε
1222 1188 1252 1241 ό
1278 1187 1476 1261 ἐχθρὸς
1501 1182 1832 1263 ἁμάρτημα,
1862 1192 1891 1246 ὃ
1938 1209 2100 1247 σεαυ-

508 1270 587 1342 τῷ
617 1272 888 1341 σύνοιδας,
951 1277 1017 1332 σὺ
1047 1278 1106 1333 δὲ
1138 1279 1406 1347 ἀκούσας,
1448 1284 1660 1338 ἐκεῖνον
1694 1284 1796 1349 μὶν
1834 1284 1911 1354 μὴ
1945 1282 2102 1354 ὑϐρί-

512 1380 635 1435 σῃς,
668 1367 933 1440 στενάξῃς
958 1369 1015 1424 δὲ
1048 1372 1271 1444 πικρὸν,
1312 1378 1409 1429 καὶ
1452 1375 1546 1430 τὸν
1604 1376 1740 1431 Θεὸν
1783 1376 2101 1455 παρακαλέ-

517 1472 641 1529 σῃς,
674 1458 879 1523 εὐθέως
914 1461 1124 1517 ἀπέθου
1157 1464 1258 1537 τὴν
1286 1466 1566 1538 ἁμαρτίαν
1601 1467 1845 1524 ἃπασαν.

582 1548 873 1619 Μηδέποτε
919 1553 1178 1625 αἰδεσθῇς
1230 1555 1325 1611 τὸν
1358 1558 1499 1629 πρὸς
1550 1558 1613 1613 σὺ
1662 1560 2097 1628 καταλαλοῦντα,

517 1637 720 1708 μᾶὶλον
746 1640 805 1693 δὲ
830 1639 977 1711 λέγε,
1009 1644 1251 1712 Παῦσαι,
1303 1648 1526 1718 ἀδελφέ,
1582 1648 1696 1719 ἐγὼ
1728 1651 1854 1706 καθ’
1883 1652 2099 1723 ἡμέραν

516 1729 874 1802 χαλεπώτερα
934 1735 1139 1790 πταίω.
1200 1739 1311 1792 Καὶ
1345 1740 1463 1803 πῶς
1510 1742 1721 1795 ἐκεῖνον
1772 1744 2099 1814 κατακρίναι

516 1817 753 1891 δύναμαι
769 1836 788 1890 ;
818 1821 927 1877 Δύο
952 1827 1063 1899 γὰρ
1092 1829 1397 1900 κερδανεῖς,
1427 1832 1487 1885 ἐν
1517 1834 1617 1904 μιᾷ
1636 1834 1976 1905 ἐμπλάστρῳ
2005 1833 2100 1889 καὶ

519 1914 746 1970 σεαυτὸν
779 1917 873 1972 καὶ
907 1918 998 1973 τὸν
1028 1921 1258 1993 πλησίον
1290 1925 1604 1994 ἰασάμενος.

602 2096 857 2152 Πλάτωνί
884 2115 1027 2163 τινος
1064 2100 1338 2170 λέγοντος,
1381 2104 1463 2158 ὅτι
1493 2103 1656 2168 Τινὲς
1691 2105 1996 2178 λοιδοροῦσί
2025 2124 2107 2173 σε,

520 2189 626 2261 ἔφη
657 2204 673 2221 ο
710 2189 855 2245 Ἀλλ’
883 2190 996 2261 ἐγὼ
1018 2191 1192 2259 οὕτως
1222 2194 1411 2265 διάξω,
1445 2195 1590 2252 ὥστε
1626 2199 1982 2254 ἀπιστεῖσθαι
2011 2201 2109 2256 αὖ·

520 2280 673 2345 τούς.

595 2374 765 2431 Ὅταν
815 2375 1158 2450 λοιδορηθῇς.
1214 2379 1413 2436 σκόπει
1465 2383 1541 2455 μή
1595 2384 1650 2437 τί
1682 2402 1767 2441 σοι
1795 2384 2111 2457 πέπρακται

521 2466 622 2537 τῆς
646 2466 911 2540 λοιδορίας
945 2469 1096 2536 ἀξιον
1117 2486 1133 2502 ο
1160 2472 1208 2524 εί
1239 2472 1297 2527 δὲ
1338 2472 1399 2527 οὐ
1426 2473 1767 2545 πέπρακται,
1796 2476 2005 2531 καπνὸν
2034 2469 2113 2530 εί-

522 2574 611 2613 ναι
635 2561 734 2629 τὴν
761 2558 1030 2632 λοιδορίαν
1063 2563 1282 2634 νόμιζε.

596 2650 848 2724 Χαϐρίας
877 2652 983 2708 ὑπὸ
1035 2656 1282 2728 πονηροῦ
1343 2659 1519 2715 πολλὰ
1550 2658 1908 2733 λοιδορηθεὶς,
1966 2658 2108 2731 ἔφη’

523 2743 807 2799 Κάλλιστα
832 2745 1125 2818 ἐποίησας,
1171 2750 1345 2822 μηδὲν
1384 2751 1494 2807 τῶν
1528 2752 1844 2823 προσόντων
1882 2753 2110 2807 καταλι-

530 2835 677 2891 πών.

603 2930 669 2985 Ἡ
697 2931 800 3004 μιν
830 2934 1079 3009 μάχαιρα
1107 2937 1319 3008 τέμνει,
1355 2938 1389 3011 ἡ
1417 2938 1473 2993 δὲ
1503 2937 1727 3011 διαϐολὴ
1759 2938 1985 3010 χωρίζει
2025 2939 2113 3010 φία-

525 3025 672 3091 λους.

598 3118 739 3175 Οὔτε
785 3120 1074 3193 ἀρρώστου
1132 3123 1370 3197 πληγὴν,
1425 3125 1551 3181 οὔτε
1598 3126 1830 3198 ἀνοήτου
1879 3125 2113 3199 ἀπειλὴν

526 3213 612 3269 δεῖ
635 3215 1010 3273 εὐλαϐεῖσθαι.
1618 3244 1623 3245 ί

2199 645 2386 696 ternas
2417 654 2614 695 carnes
2639 641 2774 708 edit,
2798 642 3210 701 existimatione
3235 646 3355 717 ejus
3384 647 3532 713 laesa,
3557 654 3615 703 et
3645 646 3795 703 mille

2199 730 2324 786 aliis
2362 731 2520 787 malis
2553 732 2737 803 lingua
2775 735 3024 803 patratis.

2198 828 2224 875 Ξ
2268 820 2343 879 Ut
2378 823 2705 882 benedicere
2751 834 2809 881 et
2856 826 3079 885 laudare
3125 829 3339 885 initium
3375 829 3631 887 amicitiae
3658 840 3743 888 est
3774 871 3792 899 ,

2199 914 2282 970 sic
2324 916 2649 973 maledicere
2692 924 2748 973 et
2796 917 3083 975 criminari
3141 920 3446 977 inimicitiae
3496 930 3551 979 et
3592 921 3703 977 odii
3736 928 3796 976 et

2204 1017 2593 1065 sescentorum
2627 1010 2899 1068 malorum
2954 1013 3285 1085 principium
3335 1022 3390 1071 et
3433 1015 3650 1073 occasio
3683 1020 3789 1069 est.

2280 1186 2339 1243 Si
2385 1188 2479 1244 tibi
2515 1197 2575 1244 ut
2622 1191 2885 1259 probrum
2937 1193 3127 1264 objicit
3174 1193 3437 1250 inimicus
3480 1205 3792 1263 peccatum,

2204 1278 2366 1349 cujus
2424 1288 2484 1336 tu
2542 1282 2639 1337 tibi
2692 1284 2950 1340 conscius
2988 1300 3069 1350 es,
3097 1300 3200 1341 nec
3256 1295 3313 1341 tu
3366 1285 3594 1341 audiens
3639 1286 3793 1340 illum

2203 1371 2602 1430 contumeliose
2634 1374 2865 1447 excipis,
2904 1377 2999 1431 sed
3044 1377 3242 1433 acerbe
3280 1377 3477 1448 gemis,
3516 1376 3797 1447 Deumque

2200 1467 2679 1537 precaris,'statim
2712 1483 2878 1526 omne
2905 1477 3193 1541 peccatum
3227 1485 3257 1527 a
3288 1478 3341 1526 te
3375 1470 3686 1527 removisti.

2273 1556 2527 1613 Clement.
2560 1560 2671 1616 Fac
2701 1577 2983 1631 nunquam
3034 1564 3343 1619 reverearis
3372 1576 3495 1618 eum
3525 1562 3619 1633 qui
3647 1560 3799 1631 apud

2202 1659 2255 1706 te
2275 1652 2504 1711 alterunt
2528 1654 2865 1721 proscindit,
2892 1656 2987 1713 sed
3036 1655 3224 1724 potius
3255 1655 3406 1710 illum
3441 1657 3522 1710 sic
3547 1667 3797 1720 moneas,

2202 1741 2445 1799 dicens:
2494 1744 2715 1812 Desine,
2739 1748 2932 1803 frater.
2982 1748 3097 1816 Ego
3146 1746 3392 1817 quotidie
3442 1747 3665 1817 gravius
3713 1745 3800 1801 la-

2202 1834 2306 1891 bor
2334 1844 2390 1892 et
2426 1851 2592 1905 pecco
2632 1856 2647 1893 :
2687 1847 2743 1894 et
2772 1840 2865 1909 qui
2911 1854 3139 1909 possum
3173 1839 3327 1894 illum
3380 1838 3751 1894 condemnare
3773 1835 3800 1891 ῖ

2123 1913 2174 1974 Β
2211 1926 2359 1983 Duos
2380 1928 2525 1984 enim
2556 1929 2881 1996 lucraberis,
2924 1946 3035 1986 uno
3055 1930 3361 2001 emplastro
3395 1938 3451 1987 et
3490 1928 3722 2000 teipsum
3745 1936 3802 1984 et

2212 2020 2523 2093 proximum
2558 2035 2781 2078 sanans.

2284 2110 2470 2167 Plato.
2495 2110 2652 2167 Plato
2681 2128 2804 2169 cum
2838 2115 3061 2185 quidam
3097 2116 3150 2171 ei
3201 2126 3458 2172 narraret
3505 2131 3631 2173 esse
3663 2130 3802 2171 non-

2212 2200 2538 2271 nullosqui
2588 2200 2769 2271 ipsum
2838 2204 3147 2261 maledictis
3206 2207 3613 2264 insectarentur
3664 2223 3679 2260 :
3732 2204 3804 2261 At

2211 2306 2335 2363 ego,
2374 2293 2573 2363 inquit,
2612 2294 2693 2351 sic
2719 2295 2925 2363 vivam,
2957 2305 3013 2352 ttt
3045 2296 3154 2353 illis
3201 2313 3312 2355 non
3342 2298 3614 2353 habeatur
3638 2296 3797 2353 ﬁdes.

2283 2384 2420 2440 Cum
2463 2388 2883 2457 reprehenderis
2934 2391 3279 2453 conviciose,
3308 2392 3431 2446 vide
3453 2407 3582 2446 num
3615 2392 3744 2458 quid
3772 2407 3803 2445 τι

2212 2484 2269 2533 te
2300 2478 2555 2535 convicio
2605 2480 2831 2552 dignum
2882 2483 3227 2554 designatum
3265 2486 3377 2549 sit;
3414 2485 3458 2540 si
3511 2485 3650 2539 nihil
3695 2486 3805 2542 tale

2212 2578 2395 2627 aetum
2424 2579 2528 2637 est,
2562 2571 2773 2628 fumum
2804 2589 2925 2631 esse
2946 2576 3258 2633 convicium
3292 2577 3422 2632 illud
3456 2575 3800 2632 existimato.

2285 2661 2569 2720 Chabrias.
2596 2666 2865 2723 Chabrias
2910 2672 2980 2725 ab
3027 2670 3278 2740 improbo
3328 2669 3564 2741 quodam
3616 2668 3807 2725 multis

2213 2758 2484 2815 conviciis
2518 2758 2784 2816 affectus:
2814 2760 2982 2829 Bene,
3023 2763 3223 2833 inquit,
3258 2763 3465 2830 fecisti,
3489 2763 3637 2834 quod
3670 2760 3808 2817 nihil

2212 2864 2405 2906 eorum
2437 2866 2560 2922 quae
2586 2852 2777 2908 insunt
2806 2854 3233 2921 praetermisisti.

2281 2938 2509 2997 Gladius
2538 2948 2713 3007 secat,
2742 2942 3017 2998 calumnia
3049 2951 3235 3001 autem
3272 2942 3541 3016 disiungit
3574 2943 3803 3000 amicos.

2282 3113 2473 3187 Neque
2504 3116 2705 3173 inﬁrmi
2736 3119 2903 3187 ictus,
2928 3135 3109 3190 neque
3153 3119 3308 3177 stulti
3339 3121 3520 3178 minas
3557 3131 3802 3181 metuere

2216 3206 2502 3268 debemus.
3300 3236 3303 3241 '

588 3306 862 3364 Mhmrov
894 3309 988 3364 τὸν
1039 3308 1395 3382 Ἀλεξάνδρου
1457 3313 1675 3384 πατέρα
1734 3311 1997 3384 ἐλοιδόρει
2034 3328 2120 3377 τις
2146 3277 2194 3341 c
2295 3300 2602 3376 Ρίιίίίρραδο
2632 3302 2940 3377 Philippum
2972 3308 3274 3366 Ᾱιθιθηάτί
3308 3318 3519 3382 Patrem
3554 3310 3813 3368 (εοηνίοίο

527 3401 637 3456 τῶν
660 3400 1059 3471 κακογλώττων
1083 3402 1392 3475 ἀνθρώπων
1421 3419 1437 3436 ο
1478 3404 1578 3458 καὶ
1621 3404 1905 3476 παρῄνουν
1956 3404 2125 3475 οίιρί-

528 3492 612 3547 λοι
637 3491 857 3548 διώκειν
884 3492 976 3547 τὸν
1002 3493 1371 3564 λοίδορον..⁹0
1403 3496 1461 3551 δὲ
1517 3496 1623 3566 ἔφη
1654 3509 1669 3525 ⁸
1713 3498 1830 3551 Οὐκ
1878 3496 1995 3551 ἔστι
2019 3514 2123 3551 κα-

532 3583 628 3640 λὸν
656 3584 817 3640 τοῦτο
846 3586 1092 3658 ποιῆσαι,
1117 3587 1207 3643 ῐνα
1251 3586 1330 3659 μὴ
1372 3590 1431 3644 ἐν
1466 3588 1679 3645 πλείοσι
1730 3590 2125 3662 περιεχόμενος

534 3680 724 3745 κακῶς
752 3679 888 3752 λέγῃ
914 3681 1083 3754 ἡμᾶς.

621 3824 681 3917 ’ό
710 3861 873 3925 αὐτὸς
899 3861 1107 3931 ἔλεγεν,
1135 3863 1219 3918 ὅτι
1251 3864 1427 3936 Χάριν
1484 3864 1594 3935 ἔχω
1642 3868 1759 3931 τοῖς
1821 3864 2127 3937 λοιδοροῦσί

542 3971 636 4023 με,
692 3952 774 4007 ὅτι
831 3951 1081 4023 βελτίονα
1135 3952 1403 4013 ποιοῦσιν.
1452 3954 1595 4025 Ἐγὼ
1648 3957 1758 4027 γὰρ
1810 3956 2127 4022 σπουδάζων

539 4045 756 4114 ψευδεῖς
778 4045 980 4112 αὐτοὺς
1011 4044 1360 4118 ἀπελέγχειν,
1387 4048 1444 4102 εί
1467 4065 1522 4121 τι
1545 4047 1749 4118 φαῦλον
1779 4049 1940 4115 ποιῶ,
1962 4064 2129 4118 μετα·

543 4138 840 4210 ϐἀλλομαι.

620 4319 870 4376 Εὑλαϐοῦ
898 4318 994 4383 τὰς
1026 4318 1302 4386 διαϐολάς,
1330 4317 1435 4373 κᾶν
1456 4317 1678 4388 ψευδεῖς
1709 4310 1865 4372 ὧσ;ν.
1902 4316 1966 4371 Ol
2021 4313 2133 4387 γὰρ

546 4413 735 4469 πολλοὶ
761 4414 859 4483 τὴν
884 4413 984 4483 μὲν
1017 4411 1275 4484 ἀλήθειαν
1297 4411 1582 4481 ἀγνοοῦσι,
1604 4413 1739 4482 πρὸς
1770 4410 1827 4464 δὲ
1853 4412 1951 4482 τὴν
1975 4409 2135 4475 δόξαν

547 4506 946 4562 ἀποϐλέπουσι.

2224 3391 2497 3450 afﬁciebat
2524 3395 2746 3466 quidam
2774 3397 2970 3454 eﬂ‘reni
3001 3399 3190 3472 lingua
3229 3402 3530 3472 prmditus;
3573 3416 3823 3473 cumque

2225 3488 2387 3544 amici
2417 3488 2771 3546 hortarentur
2796 3501 2857 3548 ut
2894 3494 3324 3552 conviciatorem
3356 3506 3813 3567 persequeretur:

2226 3580 2386 3650 22],
2413 3578 2530 3637 Non
2552 3592 2636 3639 est
2672 3582 2800 3649 hoc,
2840 3585 3022 3656 inquit
3070 3586 3185 3653 ille,
3224 3585 3561 3652 faciendum,
3598 3601 3668 3643 ne
3697 3602 3816 3641 am-

2226 3673 2371 3744 plius
2394 3672 2623 3732 affectus
2643 3684 2700 3732 et
2727 3676 3039 3748 implicatus
3064 3677 3224 3748 plura
3251 3679 3305 3734 in
3332 3694 3433 3736 nos
3450 3678 3624 3751 ‘jaciat
3645 3678 3819 3736 male-

2226 3764 2394 3822 dicta.

2298 3859 2445 3916 Idem
2462 3858 2680 3917 dicebat
2701 3874 2760 3918 se
2782 3860 2899 3919 suis
2916 3862 3384 3919 conviciatoribus
3403 3862 3631 3935 gratiam
3649 3862 3822 3919 habe-

2230 3963 2311 4018 re,
2343 3950 2487 4021 quod
2520 3966 2581 4007 se
2621 3951 2901 4007 meliorem
2934 3953 3246 4011 redderent.
3281 3955 3395 4025 Ego
3419 3956 3589 4021 enim,
3620 3954 3828 4025 inquit,

2232 4043 2461 4099 studens
2492 4043 2615 4101 illos
2653 4045 2923 4102 mendacii
2958 4046 3312 4114 convincere,
3339 4048 3382 4101 si
3415 4046 3547 4115 quid
3578 4045 3825 4116 improbe

2232 4135 2481 4202 fecerim,
2517 4148 2669 4193 muto
2715 4138 3038 4205 consilium,
3104 4147 3159 4194 et
3212 4138 3537 4209 pmniteutia
3595 4137 3827 4194 emendo

2233 4227 2462 4282 factum.

2306 4316 2596 4372 Democrit.
2642 4319 2823 4375 Vitato
2853 4319 3163 4375 calumnias
3192 4319 3356 4375 etiam
3379 4319 3545 4376 falsas
3591 4336 3607 4374 :
3662 4319 3823 4374 multi

2235 4408 2381 4462 enim
2412 4401 2695 4465 veritatem
2721 4412 3037 4482 ignorantes
3081 4410 3507 4468 existimationis
3532 4418 3590 4466 et
3618 4411 3829 4480 opinio.

2239 4500 2327 4556 nis
2358 4503 2629 4558 rationem
2666 4510 2881 4557 tantum
2917 4502 3143 4559 habent.

619 4600 740 4654 Ttvl.
766 4598 918 4669 σοφῷ
967 4596 1073 4668 ἔφη
1107 4615 1211 4661 τις,
1260 4596 1345 4651 ὅτι
1384 4595 1443 4650 '0
1480 4596 1634 4651 δεῖνα
1675 4594 1866 4659 κακῶς
1907 4612 1967 4649 σε
1998 4594 2137 4650 ἐλοιο

2312 4592 2452 4650 Cum
2476 4596 2707 4665 sapienti
2748 4594 2962 4650 cuidam
2986 4595 3187 4665 aliquis
3216 4594 3444 4664 diceret,
3469 4609 3528 4651 se
3561 4602 3831 4665 praesente

549 4691 699 4763 δόρει
726 4690 818 4745 ἐπὶ
844 4689 1001 4762 ἐμοῦ.
1033 4691 1103 4744 ’0
1132 4690 1189 4743 δὲ
1223 4688 1328 4759 ἔφη
1362 4705 1376 4721 ⁸
1411 4689 1474 4743 Ei
1501 4689 1579 4759 μὴ
1618 4689 1683 4742 σὺ
1703 4688 1876 4759 ἡδέως
1910 4687 2137 4757 ἢκουες,

552 4784 657 4838 οὐκ
678 4782 743 4838 ἂν
767 4783 971 4847 ἐκεῖνός
1012 4800 1081 4853 με
1119 4783 1405 4853 ἐλοιδόρει.

623 4965 1051 5037 Λοιδορούμενός
1079 4983 1161 5029 τις
1182 4963 1287 5017 ὑπό
1332 4980 1478 5023 τινος
1510 4961 1794 5034 φαλακροῦ
1839 4959 1994 5018 εἶπεν
2016 4977 2031 4994 ο
2073 4962 2143 5015 Σέ

558 5064 659 5135 μξν
701 5060 799 5131 οὐχ
853 5059 1085 5130 ὑϐρίσω,
1132 5059 1229 5121 τὰς
1263 5056 1320 5110 δὲ
1369 5056 1564 5127 τρίχας
1605 5071 1701 5110 σου
1744 5055 2037 5122 ἐπαινέσω,
2060 5055 2144 5109 ὅτι

554 5156 726 5212 κακὸν
746 5155 1007 5223 ἐξέφυγον
1037 5150 1283 5223 κρανίον.

630 5244 1057 5315 Λοιδορούμενός
1111 5258 1198 5306 τις
1252 5242 1359 5296 ὑπό
1421 5258 1566 5305 τινος
1621 5240 1913 5312 ἀνεχώρει’
1965 5238 2059 5294 τοῦ
2087 5240 2146 5295 δέ

556 5340 944 5402 ἐπιδιώκοντος
1001 5337 1095 5391 καὶ
1150 5336 1423 5404 λέγοντος,
1481 5335 1768 5405 Φεύγεις;
1820 5335 1953 5399 Ναὶ,
1985 5332 2093 5405 ἔφη
2127 5351 2145 5369 ο

558 5431 655 5486 τοῦ
693 5432 794 5503 μὲν
818 5431 925 5500 γὰρ
959 5427 1149 5492 κακῶς
1196 5426 1380 5497 λέγειν
1430 5430 1494 5484 σὺ
1542 5429 1642 5499 τὴν
1685 5426 1937 5492 ἐξουσίαν
1976 5427 2144 5497 ἐχεις,

557 5523 654 5578 τοῦ
685 5523 742 5576 δὲ
768 5522 988 5579 ἀκούει)
1017 5520 1148 5589 ἐγώ.

633 5615 925 5685 Πολὶαχῶς
973 5630 1057 5677 τις
1083 5612 1479 5684 ὀνειδιζόμενος
1534 5615 1641 5669 ὑπό
1682 5631 1852 5682 τινος,
1918 5617 2013 5672 ἐπὶ
2068 5614 2148 5688 τῷ

560 5708 765 5776 γονέων
794 5708 1039 5776 ἀγεννῶν
1064 5702 1221 5769 εἶναι,
1261 5702 1419 5762 εἶπεν
1446 5720 1461 5737 ·
1499 5706 1658 5779 Ἐμοὶ
1687 5708 1790 5780 μὲν
1837 5708 2045 5775 ὄνειδος
2096 5709 2147 5764 oi

563 5803 763 5872 γονεῖς,
797 5802 862 5857 σὺ
897 5800 954 5857 δὲ
995 5802 1109 5865 τοῖς
1136 5798 1411 5869 γονεῦσιν.

2244 4688 2346 4759 ipsi
2375 4704 2405 4745 a
2435 4697 2584 4745 certo
2611 4690 2847 4759 quodam
2879 4689 3183 4745 convicium
3255 4688 3485 4757 factum,
3538 4697 3651 4742 tum
3699 4688 3827 4742 ille:

2241 4779 2359 4835 Nisi
2387 4788 2467 4846 tu,
2496 4780 2693 4850 inquit,
2730 4780 2967 4836 libenter
3003 4779 3339 4849 audivisses,
3400 4792 3685 4850 nunquam
3742 4777 3832 4832 ille

2243 4869 2378 4925 mihi
2398 4869 2739 4926 conviciatus
2768 4881 2932 4927 esset.

2313 4963 2450 5018 Cum
2476 4964 2700 5034 quidam
2730 4963 3042 5021 allicerctur
3079 4966 3335 5022 convicio
3361 4981 3391 5022 a
3413 4966 3567 5022 calvo
3599 4966 3780 5037 aliquo
3811 4981 3828 5020 :

2246 5054 2388 5122 Tibi,
2414 5054 2611 5127 inquit,
2653 5057 3041 5111 contumeliam
3073 5074 3182 5113 non
3216 5059 3416 5124 dicam,
3462 5057 3561 5113 sed
3606 5058 3832 5129 capillos
3902 5114 3911 5127 Ι

2247 5158 2371 5204 tuos
2390 5147 2650 5212 laudabo,
2672 5148 2813 5217 quod
2850 5150 3051 5204 malum
3076 5159 3241 5220 caput
3271 5150 3594 5220 reiugerint.

2317 5240 2578 5297 Convicio
2603 5240 2889 5298 lacessitus
2915 5243 3136 5311 quidam
3168 5243 3238 5298 ab
3269 5244 3446 5300 altero
3482 5240 3769 5298 discedeba
3814 5255 3833 5303 ;

2246 5348 2371 5388 cum
2400 5343 2580 5387 autem
2610 5333 2945 5388 conviciator
2975 5343 3421 5405 persequeretur,
3475 5350 3541 5390 ac
3588 5333 3835 5392 diceret:

2249 5425 2451 5496 Fugis?
2476 5426 2677 5490 Etiam,
2706 5426 2882 5498 inquit
2912 5444 2927 5494 ;
2954 5443 3078 5482 nam
3123 5437 3180 5482 tu
3226 5428 3445 5497 quidem
3480 5424 3836 5482 maledicendi

2250 5528 2570 5592 potestatem
2595 5518 2789 5583 habes,
2832 5534 2935 5590 ego
2965 5528 3146 5576 autem
3172 5502 3453 5576 audiendi.

2322 5614 2461 5668 Cum
2499 5612 2719 5669 cuidam
2752 5613 2942 5669 multis
2974 5614 3151 5669 modis
3206 5611 3407 5683 aliquis
3458 5621 3519 5665 ut
3571 5607 3834 5681 probrum

2252 5704 2542 5776 obiiceret,
2578 5703 2727 5774 quod
2763 5720 2792 5759 e
2817 5704 3136 5775 parentibus
3168 5710 3462 5775 prognatus
3499 5706 3647 5755 esset
3681 5699 3830 5770 igno-

2252 5796 2493 5852 bilibus:
2536 5795 2695 5863 Mihi,
2730 5796 2929 5868 inquit,
2960 5794 3215 5854 dedecori
3258 5798 3389 5852 sunt
3438 5798 3716 5863 parentes,
3774 5796 3836 5847 tu

2254 5904 2382 5949 vero
2415 5888 2755 5961 parentibus.
