4056 6406
280 408 416 473 H67

1540 414 1852 475 ΛΝΤΟΝΙΙ
1898 414 2240 477 ΜΕΙΛΞδῈ

3419 416 3559 483 ιιοε

350 522 631 593 Diogenes.
669 520 932 593 Diogenes
958 523 1290 579 convicianti
1316 525 1443 593 sibi,
1492 526 1556 579 At
1580 544 1679 580 nec
1704 526 1859 591 mihi,

2040 528 2335 602 Διογέννης
2359 535 2492 603 πρὸς
2521 532 2614 587 τὸν
2645 531 3061 605 λοιδορούμενον
3083 491 3258 606 αὐτῷ,
3289 534 3434 589 Ἀλλ’
3464 538 3559 590 οῦ-

276 615 477 683 inquit,
512 615 686 671 credit
714 615 1007 686 quisquam
1039 625 1092 671 te
1146 618 1407 684 laudanti,
1459 633 1561 674 nec
1608 619 1718 674 tibi
1774 634 1863 676 me

283 707 638 778 vituperanti.

346 798 483 853 Cum
531 798 765 869 sapienti
817 798 1037 868 quidam
1089 801 1319 867 diceret,
1369 816 1496 859 eum
1535 818 1565 858 a
1601 802 1861 874 qu0piam

1967 636 2028 672 τε
2055 620 2199 688 ἐμοὶ,
2222 622 2352 693 ἔφη,
2387 624 2628 678 πιστεύει
2660 642 2745 688 τις
2772 623 3116 697 εὐφημοῦντί
3146 644 3230 695 σε,
3287 626 3411 681 οὔτε
3468 632 3559 685 σοὶ

1969 711 2072 781 ἐμὲ
2108 710 2547 783 βλασφημοῦντι.

2037 801 2191 872 Ἔφη
2225 803 2375 873 σοφῷ
2401 804 2607 869 τις,’,’0
2638 804 2788 861 δεῖνά
2818 823 2879 861 σε
2908 806 3170 880 ἐλοιδόρει
3203 824 3219 840 ³
3269 810 3297 864 ό
3321 809 3378 864 δὲ
3425 809 3557 881 ἔφη,

278 892 527 948 convicio
554 891 861 962 impetitum
894 890 1053 948 :Non
1083 902 1433 965 praesentem,
1466 894 1665 967 inquit,
1696 896 1862 951 etiam

1977 891 2058 962 Μὴ
2083 892 2323 966 παρόντα
2352 895 2446 950 καὶ
2477 896 2728 952 τυπτέτω
2769 914 2863 969 με.

278 986 535 1040 verberet
565 1000 674 1040 me.

678 1074 911 1132 δεηΜο
955 1075 1101 1132 Lxx
1134 1074 1236 1149 [αι.
1266 1074 1455 1149 XCV].

458 1164 531 1219 De
586 1166 906 1236 loquacitate
926 1176 977 1221 et
1026 1170 1319 1224 temeritate
1359 1169 1416 1222 in
1441 1168 1685 1225 dicendo.
1747 1198 1752 1202 ~

349 1257 541 1313 Matth.
579 1274 676 1314 xu.
715 1257 848 1316 lllud
884 1269 1065 1315 autem
1128 1261 1285 1317 vobis
1327 1263 1593 1318 conﬁrmo
1646 1262 1765 1320 fore
1807 1272 1867 1320 ut

279 1349 347 1403 de
385 1350 534 1404 omni
568 1351 740 1406 verbo
763 1352 943 1407 otioso
968 1352 1113 1423 quod
1141 1352 1309 1410 locuti
1357 1353 1563 1411 fuerint
1592 1355 1863 1423 homines,

279 1443 335 1495 in
372 1442 459 1497 die
508 1440 704 1511 iudicii
756 1443 1027 1499 rationem
1081 1444 1312 1500 reddant
1347 1462 1364 1513 ;
1408 1461 1533 1501 nam
1571 1462 1638 1503 ex
1683 1450 1867 1505 verbis

279 1533 391 1588 tuis
421 1533 838 1604 justiticaberis,
867 1544 922 1590 et
952 1550 1021 1591 ex
1051 1536 1231 1592 verbis
1260 1538 1367 1593 tuis
1386 1539 1864 1599 condemnaberis.

349 1622 534 1678 Jac.t.
571 1623 655 1680 Sit
684 1626 865 1682 omnis
893 1626 1059 1681 homo
1090 1625 1243 1682 velox
1282 1628 1351 1682 ad
1403 1629 1752 1697 audiendum,
1809 1638 1865 1686 et

282 1714 474 1768 tardus
506 1714 571 1768 ad
596 1713 956 1782 loquendum.

356 1804 546 1862 Nullus
576 1821 760 1862 sermo
797 1821 1028 1877 spurcus
1059 1807 1126 1864 de
1164 1823 1260 1864 ore
1291 1819 1473 1865 vestro
1492 1819 1669 1880 exeat,
1692 1811 1785 1868 sed
1811 1810 1864 1868 is

281 1901 373 1972 qui
433 1910 593 1974 aptus
618 1910 705 1960 est
731 1902 800 1958 ad
828 1903 1253 1961 aediﬁcationem
1289 1906 1436 1962 lidei.

359 2085 529 2143 Ecctt.
565 2104 683 2145 vm.
721 2087 854 2146 Cum
889 2090 1130 2164 linguaci
1174 2091 1283 2148 noli
1349 2105 1615 2163 pugnare,
1669 2105 1771 2149 nec
1809 2092 1865 2148 in

286 2180 465 2251 ignem
491 2180 611 2251 ejus
640 2181 785 2253 ligna
810 2197 1131 2254 congerere.

359 2271 437 2326 Ne
460 2273 656 2329 festina
687 2274 1046 2344 pronuntiare
1071 2276 1297 2332 verbum
1321 2275 1375 2331 in
1408 2286 1698 2347 conspectu
1749 2277 1867 2344 Dei,

284 2364 415 2434 quia
446 2364 591 2419 Deus
620 2365 674 2419 in
703 2364 846 2421 cmlo
876 2380 1123 2435 sursum,
1152 2377 1210 2423 et
1241 2377 1313 2424 tu-
1332 2368 1866 2430 invterradeorsum.

359 2548 666 2607 S.-Basitii.
694 2549 1011 2622 Li-nguane
1035 2551 1114 2608 sis
1161 2552 1221 2608 in
1260 2554 1867 2625 omnibus‘conﬂdenti,

287 2658 357 2698 ne
374 2642 503 2712 quid
537 2643 633 2699 tibi
650 2643 1099 2721 intempestivum
1123 2648 1357 2714 accidat,
1408 2644 1867 2719 quemadmbdum

290 2735 486 2789 oculus
522 2744 695 2791 totum
727 2736 917 2793 volens
945 2737 1368 2808 intuerirsolem,
1421 2741 1474 2797 id
1499 2742 1663 2798 etiam
1721 2743 1869 2814 quod

290 2827 446 2881 habet
474 2827 656 2882 lumen
687 2828 885 2896 perdit.

360 2916 631 2989 Theologi.
660 2918 971 2977 Perniciosa
999 2930 1083 2978 est
1105 2920 1314 2993 lingua,
1347 2937 1467 2992 qua:
1506 2940 1611 2981 non
1658 2925 1870 2981 ratione

290 3010 519 3077 regitur.

356 3101 519 3171 222
556 3102 827 3174 Cltrysost.
881 3104 1203 3179 Multisa‘pe
1254 3109 1417 3163 etiam
1476 3118 1865 3179 temperantes,

286 3207 386 3263 per
416 3194 649 3251 obscena
694 3198 859 3253 verba
893 3198 961 3254 ad
992 3198 1222 3255 vitiosas
1267 3202 1512 3256 actiones
1576 3201 1873 3259 descende-

287 3294 417 3339 runt
452 3302 467 3340 :
503 3287 684 3343 anima
724 3290 869 3345 enim
897 3298 1085 3346 nostra
1115 3306 1215 3345 nec
1240 3291 1388 3346 ebona
1418 3301 1501 3346 est
1530 3301 1744 3355 natura,
1769 3306 1871 3349 nec
1897 3258 1941 3319 α

288 3379 454 3441 mala,
481 3380 571 3434 sed
609 3395 674 3436 ex
717 3381 972 3439 instituto
1004 3382 1109 3438 hoc
1145 3393 1196 3438 ct
1225 3384 1358 3439 illud
1396 3382 1647 3440 emt-itur.

362 3469 558 3526 Nullus
589 3473 659 3529 sit
690 3488 875 3529 sermo
909 3476 1163 3533 otiosus:
1199 3476 1268 3531 ab
1297 3476 1474 3533 otioso
1500 3477 1646 3532 enim
1684 3476 1739 3533 in
1770 3478 1873 3535 ab-

289 3561 487 3617 surdos
507 3562 828 3620 delabimur.
857 3562 977 3622 Non
1008 3576 1091 3623 est
1113 3566 1217 3622 hoc
1250 3575 1464 3639 tempus
1501 3567 1736 3635 ridendi,
1774 3569 1869 3625 sed

288 3653 531 3723 lugendi,
560 3656 935 3713 alliictionum
978 3671 1030 3715 et
1094 3659 1569 3717 lamentationum.
1617 3658 1702 3717 Tu
1739 3676 1874 3720 vero

287 3758 536 3800 scurram
570 3746 707 3817 agis.
758 3747 895 3817 Quis
933 3750 1136 3806 athleta
1179 3750 1235 3806 in
1282 3752 1519 3808 stadium
1562 3753 1869 3823 ingressus,

287 3836 494 3891 omisso
544 3839 843 3897 certamine
898 3855 1023 3897 eum
1059 3843 1400 3910 adversario,
1447 3844 1657 3900 urbana
1700 3842 1875 3913 jactat

288 3924 433 3978 dicta
449 3925 483 3978 εἳ
516 3928 676 3982 Astat
710 3926 985 3994 diabolus,
1011 3930 1264 3986 circumit
1298 3932 1521 4003 rugiens
1553 3933 1619 3987 ad
1650 3933 1872 4003 rapien-

289 3946 481 3978 (IICII'I
516 3946 676 3982 assa!
710 3946 985 3994 atabulus,
1011 3946 1264 3986 circumit
1298 3948 1416 4003 rugt
1494 3947 1521 3989 8
1553 3946 1619 3987 au
1650 3948 1872 4003 rapten-

289 4014 442 4080 dum,
476 4016 658 4072 omnia
686 4027 890 4087 movet,
945 4021 1133 4076 omnia
1186 4023 1358 4079 volvit
1391 3946 1663 4094 ijncaput
1693 4035 1872 4091 tuum,

288 4130 345 4176 et
378 4122 743 4190 machinatur,
776 4131 838 4178 ut
863 4121 1071 4178 é'domﬂ
1102 4122 1155 4177 te
1184 4114 1718 4189 exundanti-endit
1744 4118 1874 4172 den-

290 4210 458 4269 tibus.
508 4208 711 4275 iremit,
744 4210 923 4282 ignem
957 4210 1138 4267 suﬂlat
1186 4218 1373 4266 contra
1421 4209 1650 4265 salutem
1677 4214 1824 4264 tuam
1855 4222 1871 4263 :

292 4315 342 4359 et
369 4313 426 4358 tu
480 4305 662 4371 sedes,
702 4302 928 4361 urbanis
969 4303 1131 4359 dictis
1163 4310 1215 4359 te
1256 4302 1559 4369 oblectans,
1602 4310 1657 4356 et
1688 4300 1873 4357 stulta

292 4396 545 4467 loquens,
575 4408 640 4451 ac
671 4410 735 4452 ea
765 4410 886 4467 quae
910 4408 1018 4451 non
1056 4397 1212 4452 decet
1236 4410 1334 4452 ore
1361 4394 1667 4467 proferens.

2599 1073 2814 1128 ΛΟΓΟΣ
2852 1074 2925 1130 0'.

2365 1165 2497 1221 Ἔτι
2536 1165 2671 1236 περὶ
2708 1168 3132 1239 γλωσσαλγίας

2039 1256 2200 1326 Λέγω
2231 1257 2293 1313 δὲ
2326 1259 2492 1329 ὑμῖν,
2528 1259 2611 1312 ὅτι
2650 1259 2760 1313 πᾶν
2796 1260 2949 1331 ῥῆμα
2981 1262 3152 1331 ἀργὸν
3188 1261 3217 1315 ὃ
3254 1262 3352 1317 ἐὰν
3387 1263 3557 1336 λαλή-

1969 1365 2137 1403 σωσιν
2162 1349 2214 1403 ei
2239 1348 2545 1418 ἄνθρωποι,
2573 1349 2919 1404 ἀποδώσουσι
2950 1352 3080 1422 περὶ
3109 1352 3277 1406 αὐτοῦ
3307 1354 3469 1422 λόγον
3497 1358 3560 1409 ἐν

1967 1441 2153 1513 ἡμέρᾳ
2183 1442 2442 1512 κρίσεως.
2476 1442 2571 1496 Ἐκ
2594 1442 2704 1513 γὰρ
2726 1442 2839 1496 τῶν
2862 1442 3040 1513 λόγων
3067 1461 3163 1499 σου
3192 1446 3556 1520 δικαιωθήσῃ,

1968 1532 2067 1586 καὶ
2096 1534 2161 1585 ὲκ
2187 1532 2298 1586 τῶν
2325 1532 2505 1602 λόγων
2536 1548 2635 1586 σου
2665 1534 3072 1607 κατακριθήσῃ.

2045 1625 2231 1680 Ἔστω
2274 1626 2384 1689 πᾶς
2423 1626 2712 1693 ἄνθρωπος
2743 1624 2919 1696 ταχὺς
2955 1627 3038 1691 είς
3069 1627 3131 1682 τὺ
3167 1628 3428 1695 ἀκοῦσαι,
3463 1630 3561 1686 καὶ

1969 1716 2170 1789 βραδὺς
2202 1717 2283 1780 είς
2310 1718 2373 1771 τὸ
2403 1717 2662 1786 λαλῆσαι.

2042 1810 2159 1872 Πᾶς
2188 1808 2348 1878 λόγος
2382 1810 2593 1879 σαπρὸς
2625 1809 2690 1863 ὲκ
2720 1807 2815 1864 τοῦ
2852 1810 3125 1883 στόματος
3159 1813 3319 1883 ὑμῶν
3353 1813 3429 1886 μὴ
3460 1816 3556 1868 ἑκ-

1896 1896 1942 1955 B
1972 1900 2330 1974 πορευέσθω,
2365 1901 2485 1958 ἀλλ’
2507 1899 2563 1955 ετ
2592 1918 2680 1967 τις
2719 1902 2927 1973 ἀγαθὸς
2964 1904 3107 1976 πρὸς
3143 1906 3432 1977 οἰκοδομὴν
3469 1909 3564 1963 πί-

1974 2011 2168 2061 στεως.

2043 2084 2363 2142 Γλωσσώδει
2389 2086 2666 2163 ἀνθρώπῳ
2697 2091 2774 2163 μὴ
2802 2090 3115 2164 διαμάχου,
3146 2091 3285 2166 μηδὲ
3316 2096 3561 2152 ὲπιστοί-

1973 2173 2109 2241 Gate
2138 2175 2233 2231 ιπῖ
2262 2177 2325 2232 τὸ
2356 2178 2469 2252 πῦρ
2499 2180 2667 2237 αὑτοῦ
2700 2180 2857 2249 ξύλα.

2045 2268 2140 2341 Μὴ
2175 2271 2425 2345 σπεῦσῃς
2459 2272 2769 2346 ἐξενεγκεῖν
2804 2275 2958 2349 ῥῆμα
2991 2278 3102 2350 πρδ
3135 2279 3432 2352 προσώπου
3466 2280 3562 2336 τοῦ

1971 2358 2144 2429 Θεοῦ,
2172 2364 2258 2419 ὃτι
2283 2366 2313 2419 ό
2339 2364 2473 2432 Θεὸς
2502 2366 2563 2423 ιν
2589 2366 2669 2441 τῷ
2696 2368 2912 2442 οὐρανῷ
2941 2371 3076 2439 ἀνω,
3108 2376 3203 2428 καὶ
3238 2375 3303 2429 σὺ
3332 2374 3428 2427 ἐπὶ
3457 2374 3559 2443 τῆς

1970 2453 2076 2525 γῆς
2110 2455 2281 2512 κάτω.

2042 2546 2136 2620 Μὴ
2164 2546 2347 2603 πάντα
2372 2548 2568 2622 θάρρει
2594 2553 2659 2623 τῇ
2692 2550 2913 2626 γλώσσῃ
2931 2594 2948 2619 ,
2979 2553 3066 2609 ῖνα
3096 2554 3173 2626 μὴ
3200 2556 3380 2628 πάθῃς
3408 2558 3569 2612 ἀκαί-

1975 2655 2116 2711 ρως,
2139 2638 2410 2710 ’καθάπερ
2434 2640 2725 2714 ὀφθαλμὸς
2761 2645 2886 2700 ὅλον
2918 2647 3011 2701 τὸν
3042 2646 3196 2718 ἥλιον
3230 2648 3399 2703 θέλων
3429 2650 3568 2704 ἀπο-

1970 2732 2187 2805 ϐλέψαι,
2215 2733 2478 2790 ἀπόλλυσι
2510 2736 2609 2791 καὶ
2634 2735 2662 2791 ὃ
2693 2736 2810 2809 ἔχει
2841 2737 2980 2809 φῶς.

2036 2913 2302 2980 ’Ὀλισθος
2345 2913 2658 2989 ἀνθρώποις
2701 2916 2927 2989 γλῶσσα
2970 2919 3049 2994 μὴ
3091 2920 3238 2995 λόγῳ
3280 2922 3563 2997 κυϐερνω-

2015 3005 2134 3063 ἐντι.

2015 3023 2043 3060 ε
2120 3048 2134 3063 .

1973 3023 2013 3078 μ
2042 3025 2243 3153 ἔιηολλοὶ
2277 3100 2540 3166 πολλάκις
2574 3101 2670 3156 καὶ
2705 3098 3113 3172 σωφρονοῦντες
3148 3103 3258 3158 ἀπὸ
3292 3104 3563 3176 ῥημάτων

1970 3189 2216 3262 αἰσχρῶν
2249 3187 2416 3266 ἦλθον
2449 3196 2543 3250 ἐπὶ
2579 3194 2811 3267 πράξεις
2847 3195 3117 3267 πονηράς,
3154 3196 3230 3249 Οὐ
3266 3198 3376 3267 γάρ
3408 3200 3564 3253 ἐστιν

1958 3281 2005 3350 ’ἡ
2040 3280 2191 3356 ψυχὴ
2223 3285 2384 3356 ἡμῶν
2417 3284 2545 3339 οὔτε
2580 3286 2761 3355 ἀγαθὴ
2798 3286 2996 3354 φύσει,
3030 3285 3156 3341 οῦτε
3200 3288 3349 3348 κακὴ
3371 3329 3387 3356 ,
3423 3289 3564 3343 ἀλλά

1973 3375 2299 3446 προαιρέσει
2329 3374 2493 3431 τοῦτο
2524 3379 2751 3433 κάκεῖνο
2782 3378 3022 3443 γίνεται.

2000 3516 2001 3519 η
2032 3465 2255 3537 Μηδεὶς
2281 3466 2422 3521 ἔστω
2444 3466 2603 3538 λόγος
2629 3468 2803 3540 ἀργός
2828 3484 2843 3499 ⁶
2875 3468 2986 3523 ἀπὸ
3010 3469 3119 3540 γὰρ
3143 3470 3238 3524 τοῦ
3266 3469 3440 3543 ἀργοῦ
3470 3473 3566 3527 καὶ

1972 3558 2056 3623 είς
2096 3558 2339 3626 ἀτόπους
2378 3561 2823 3631 καταπίπτομεν.
2849 3562 2936 3617 ,οὒ
2977 3562 3278 3633 διαχύσεως
3310 3566 3338 3617 ὁ
3372 3567 3564 3633 παρὼν

1975 3651 2195 3724 καιρὸς,
2230 3653 2368 3708 ἀλλὰ
2401 3653 2658 3720 πένθους,
2694 3654 2929 3725 θλίψεων
2963 3657 3058 3710 καὶ
3089 3656 3362 3727 ὀδυρμῶν.
3398 3658 3471 3711 Σὺ
3504 3658 3563 3712 δὲ

1976 3744 2383 3817 εὐτραπελεύῃ.
2412 3746 2509 3811 Τίς
2537 3745 2779 3819 ἀθλητὴς
2807 3749 2891 3813 είς
2919 3747 2981 3802 τδ
3011 3747 3227 3803 στάδιον
3258 3748 3558 3817 εἰσελθὼν,

1986 3835 2086 3889 καὶ
2131 3836 2232 3907 τὴν
2280 3838 2523 3907 ἀγωνίαν
2569 3838 2735 3910 ἀφεὶς
2776 3838 2874 3911 τὴν
2923 3839 3061 3909 πρὸς
3102 3840 3201 3894 τὸν
3252 3841 3560 3906 ἀντίδικον,

1973 3925 2169 3981 ἀστεῖα
2198 3927 2527 3998 φθέγγεται;
2560 3929 2896 4002 Ἐφέστηκεν
2920 3931 2950 3984 ό
2974 3930 3245 3996 διάϐολος,
3273 3932 3562 4003 περιέρχε-

1975 4034 2066 4072 ται
2110 4018 2425 4091 ώρυόμενος
2473 4021 2726 4091 ἁρπάσαι
2754 4062 2771 4088 ,
2817 4022 3000 4077 πάντα
3042 4024 3193 4078 ,κινεῖ
3239 4025 3334 4077 καὶ
3380 4026 3560 4079 πάντα

1979 4109 2204 4177 στρέφει
2237 4110 2379 4164 κατὰ
2409 4111 2508 4181 τῆς
2541 4111 2642 4183 σῆς
2675 4112 2953 4183 κεφαλῆς,
2986 4114 3080 4168 καὶ
3117 4117 3427 4186 μηχανᾶται
3458 4116 3561 4187 τῆς

1975 4199 2172 4263 καλιᾶς
2203 4216 2265 4253 σε
2295 4200 2568 4258 ἐκϐαλεῖν.
2605 4202 2801 4274 Τρίζει
2830 4206 2957 4269 τοὺς
2987 4205 3226 4274 ὀδόντας,
3265 4207 3556 4278 βρυχᾶται,

1975 4291 2088 4363 πῦρ
2116 4293 2239 4347 πνοῖ
2264 4294 2407 4349 κατά
2431 4293 2536 4365 τῆς
2565 4296 2841 4367 σωτηρίας
2865 4296 2967 4368 τῆς
2995 4298 3096 4368 σῆς
3120 4314 3135 4330 ο
3167 4300 3263 4353 καὶ
3296 4299 3361 4353 σὺ
3385 4299 3559 4371 κάθη-

1976 4401 2069 4441 σαι
2102 4386 2292 4442 ἀστεῖα
2323 4386 2502 4456 λέγων
2522 4425 2538 4453 ,
2570 4389 2665 4443 καὶ
2696 4389 3063 4461 μωρολογῶν,
3092 4391 3191 4445 καὶ⁵
3218 4391 3287 4445 τὰ
3320 4391 3397 4464 μὴ
3425 4392 3562 4463 ἀνήι-

1976 4494 2143 4533 κοντα
2172 4480 2570 4551 φθεγγόμενος.

366 4576 498 4632 Nili.
530 4576 587 4631 Si
625 4584 871 4632 ventrem
923 4576 1198 4642 contines,
1227 4578 1448 4634 contine
1487 4587 1543 4634 et
1578 4579 1819 4649 linguam
1851 4599 1865 4635 :

2050 4572 2114 4626 Et
2145 4574 2371 4642 κρατεῖς
2403 4574 2663 4644 γαστρὸς,
2694 4575 2892 4647 κράτει
2924 4575 3017 4630 καὶ
3050 4575 3329 4647 γλώσσης,
3359 4578 3449 4633 ῖνα
3481 4577 3557 4649 μὴ

294 4682 355 4727 ut
380 4686 447 4726 ne
475 4668 799 4726 sisalterius
816 4683 1036 4735 servus,
1072 4669 1302 4726 alterius
1331 4679 1513 4726 autem
1530 4670 1869 4729 stulteliber.

365 4851 600 4924 Evagrii.
643 4851 894 4924 Loquere
940 4866 1061 4923 quae
1088 4852 1264 4919 decet,
1315 4855 1608 4924 etquande
1637 4855 1794 4916 decet
1821 4866 1875 4913 et

293 4945 364 5000 de
384 4946 544 5001 rebus
574 4943 840 5013 honestis,
893 4953 1080 4999 etnon
1097 4944 1290 5000 audies
1313 4943 1623 5014 inhonesta,
1643 4961 1875 5017 quaeque

296 5037 523 5092 minime
555 5037 730 5093 decet.

372 5128 719 5199 Amygdalas,
742 5129 869 5199 quia
889 5129 1135 5184 omnium
1164 5129 1417 5199 stirpium
1450 5130 1636 5201 primae
1655 5130 1872 5198 ἣδε-ειη,

299 5220 498 5291 pruina
539 5235 892 5291 corrumpere
919 5222 1101 5277 solet:
1138 5220 1221 5276 sic
1244 5222 1497 5280 homines
1518 5223 1631 5280 fere
1679 5224 1875 5294 lingua:

302 5311 581 5370 temeritas
613 5321 666 5366 et
697 5328 941 5384 praeceps
980 5313 1309 5383 loquacitas.

374 5492 648 5547 Isocratis.
690 5489 964 5561 Quidquid
998 5490 1245 5547 dicturus
1268 5506 1348 5557 es,
1372 5491 1434 5547 id
1462 5492 1613 5561 prius
1647 5493 1699 5546 in
1759 5493 1878 5549 aui-

302 5600 393 5641 mo
421 5584 770 5641 considerate
792 5598 817 5640 .:
847 5582 1144 5638 multorum
1202 5584 1345 5639 enim
1401 5584 1586 5654 lingua
1641 5593 1874 5640 mentem

302 5679 608 5741 praecurrit.

377 5766 644 5826 Isocrates
673 5780 879 5838 orator,
914 5765 1284 5825 cum-Carmen
1319 5768 1517 5838 loquax
1559 5767 1684 5837 ejus
1719 5766 1880 5823 vellet

314 5844 967 5932 lrequentareiseholam,
1001 5857 1274 5931 duplicem
1308 5858 1524 5931 petebat
1556 5859 1876 5929 mercedem,

1974 4663 2079 4735 τῆς
2119 4664 2219 4735 μὲν
2253 4665 2505 4739 ὑπάρχηί
2546 4666 2756 4735 δοῦλος,
2789 4669 2890 4738 τῆς
2927 4667 2985 4724 δι
3018 4670 3294 4740 τυγχάνῃς
3329 4671 3559 4741 ἀνόητος

1977 4756 2285 4827 ἐλεύθερος.

2047 4849 2215 4904 Δάλει
2242 4850 2278 4907 ἃ
2306 4851 2407 4917 δεῖ,
2434 4853 2530 4907 καὶ
2557 4853 2647 4908 ὅτι
2672 4853 2770 4919 δεῖ,
2799 4855 2895 4908 καὶ
2924 4855 3066 4927 ὑπὲρ
3096 4850 3175 4912 ὧν
3203 4854 3304 4921 δεῖ,
3331 4856 3426 4911 καὶ
3455 4855 3558 4911 οῦκ

1978 4939 2231 5005 ἁκούσεις
2261 4940 2299 4996 ἀ
2327 4942 2406 5015 μὴ
2436 4943 2538 4999 δεῖ.

2052 5118 2166 5183 Τάς
2199 5120 2302 5190 μὲν
2328 5120 2673 5192 ἀμυγδάλας,
2701 5121 2789 5176 διὰ
2814 5121 2875 5174 τδ
2902 5120 3011 5191 πρὸ
3040 5121 3260 5177 πάντων
3286 5125 3469 5193 φυτῶν
3493 5090 3556 5180 τὸ

1979 5211 2141 5276 ἄνθος
2168 5213 2443 5283 ἐκφέρειν,
2469 5215 2501 5284 ἡ
2533 5212 2740 5284 πάχνη,
2768 5213 2895 5275 τοὺς
2922 5213 2980 5268 δὲ
3008 5213 3329 5286 ἀνθρώπους
3360 5220 3395 5288 ἡ
3424 5236 3557 5288 προ-

1979 5303 2172 5358 πέτεια
2198 5303 2297 5374 τῆς
2327 5302 2583 5376 γλώσσης
2613 5302 2687 5369 ώς
2717 5302 2813 5357 ἐπὶ
2844 5303 2906 5358 τὺ
2937 5302 3189 5359 πλεῖστον
3218 5306 3556 5379 διαφθείρειν

1980 5397 2245 5464 πέφυκεν.

2055 5489 2172 5542 Πᾶν
2198 5488 2225 5542 ὅ
2255 5505 2307 5542 τι
2341 5487 2407 5542 ἂν
2444 5488 2644 5564 μέλλῃς
2678 5492 2843 5563 ἐρεῖν,
2875 5491 3137 5564 πρότερον
3167 5491 3457 5547 δπισκόπει
3486 5493 3555 5564 τῇ

1980 5579 2195 5652 γνώμῃ.
2236 5579 2455 5646 Πολλοῖς
2491 5583 2601 5655 γὰρ
2642 5584 2677 5655 ἠ
2715 5582 2941 5652 γλῶσσα
2978 5582 3272 5656 προτρέχει
3304 5582 3405 5653 τῆς
3437 5583 3559 5637 δια-

1981 5671 2150 5736 νοίας.

2068 5764 2385 5837 Ἰσοκράτης
2416 5768 2442 5820 ὁ
2478 5767 2679 5838 ῥήτωρ,
2712 5767 3034 5838 Καραίωνος
3063 5767 3215 5832 aveo;
3247 5766 3431 5829 λάλου,
3459 5764 3559 5820 καὶ

1986 5856 2270 5928 σχολάζειν
2304 5858 2431 5931 παρ’
2454 5859 2602 5931 αὐτῷ
2637 5859 2987 5932 βουλομένου,
3018 5860 3228 5925 διττοὺς
3261 5857 3431 5927 ᾔτησε
3466 5875 3560 5931 μι-
