4056 6410
487 422 625 490 1169

1225 434 1395 498 LOCI
1439 437 1880 503 COMMUNES.
1908 466 1978 476 -·
2013 440 2211 505 PARS
2251 444 2335 510 ΙΙ.
2374 443 2637 506 SERMO
2687 444 2896 508 LXXI.

3607 446 3631 511 1
3646 446 3763 512 1'70

485 540 647 604 σθούς
665 556 680 572 ·
707 541 802 596 τοῦ
830 542 887 598 δὲ
914 544 1014 618 τὴν
1042 547 1225 604 αίτίαν
1256 551 1595 622 πυθομένου,
1616 554 1758 611 Ἕνα
1787 556 1885 628 μὲν
1911 555 2061 629 (ἔφη)
2095 562 2126 619 Α

2168 574 2411 631 cumque
2454 559 2545 615 ille
2596 574 2817 616 causam
2875 565 3366 630 percunctaretur:
3404 557 3749 629 Unam,.in-

484 633 570 687 ἵνα
603 633 787 688 λαλεῖν
819 637 1027 711 μάθῃς.
1050 641 1143 695 τὸν
1168 643 1225 696 δέ
1251 643 1460 716 ἕτερον,
1491 646 1580 701 ῐνα
1611 649 1795 719 σιγᾷν.

560 725 628 778 '0
671 726 750 799 μὴ
787 728 963 795 θέλεις
1002 734 1241 799 ἀκούειν,
1286 736 1423 807 μηδὲ
1464 737 1663 810 εἴπης·
1700 739 1730 793 ὃ
1772 740 1847 812 μὴ
1887 740 2062 805 θέλεις

479 817 686 965 gmw,
716 821 852 891 μηδὲ
878 822 1064 882 ἄκουε.
1089 827 1264 881 Ὤτων
1288 827 1384 884 καὶ
1406 827 1662 902 γλώσσης
1689 830 1861 902 μέγας
1890 832 1919 886 ὁ
1947 830 2061 886 κίν-

512 927 654 965 υνος.

512 927 654 975 υνος.

549 1010 815 1081 Κρεῖττόν
845 986 962 1068 ἐστι
992 1012 1073 1085 τῷ
1109 1013 1236 1068 ποδὶ⁸
1272 1014 1608 1071 ὄλισθαίνειν
1634 1015 1669 1087 ἦ
1700 1016 1769 1088 τῇ
1809 1014 2057 1089 γλώσσῃ.

553 1103 843 1172 Πλεονεξία
868 1106 930 1161 τδ
959 1109 1140 1164 πάντα
1164 1107 1349 1178 λέγειν
1366 1148 1384 1177 ,
1418 1110 1555 1182 μηδὲ
1582 1108 1804 1165 ἀκούειν
1828 1111 2058 1167 ἐθέλειν.

480 1367 517 1421 ἁ
553 1275 858 1347 Πολυλογία
906 1278 1080 1348 πολλά
1128 1281 1429 1356 σφάλματα
1477 1284 1589 1355 ἔχει
1613 1323 1629 1351 ,
1677 1282 1741 1339 τὸ
1785 1281 1846 1338 δὲ
1896 1283 2062 1355 σιγᾷν

522 1369 745 1421 σφαλέε.

522 1369 745 1437 σφαλές.

482 1553 510 1621 ξ
558 1461 625 1515 'A
656 1462 839 1533 λόγοις
870 1465 1245 1541 ἀμάρτωμεν,
1276 1467 1460 1542 ἐργοις
1488 1468 1590 1542 τὴν
1617 1468 1893 1543 τιμωρίαν
1926 1466 2060 1542 ὑφέ-

512 1571 667 1621 ομεν.

512 1571 667 1624 ομεν.

1065 1796 1291 1856 ΛΟΓΟΣ
1342 1795 1467 1855 OA'.

2165 651 2305 721 quit,
2336 660 2397 707 ut
2426 650 2572 722 loqui
2610 650 2815 716 discas,
2847 651 3070 706 alteram
3100 659 3277 705 autem
3307 660 3364 705 ut
3399 660 3629 705 tacere..

2248 742 2529 800 Clitarclai.
2555 744 2689 811 Quae
2737 744 2880 799 nolis
2912 743 3121 805 audire,
3168 758 3232 798 ea
3259 758 3328 798 ne
3362 744 3530 798 dicito
3561 762 3576 798 :
3626 759 3748 814 qua-

2165 836 2310 891 nolis
2337 836 2547 903 dicere,
2571 852 2636 893 ea
2671 852 2742 893 ne
2776 836 3235 907 auditoquidem.
3266 835 3500 891 Aurium
3522 837 3665 892 enim
3694 847 3751 895 et

2162 926 2365 997 linguae
2394 942 2657 998 magnum
2699 936 2785 985 est
2810 927 3141 997 perieulum.

2240 1020 2471 1075 Praestat
2486 1021 2624 1091 pede
2644 1036 2808 1092 quam
2837 1021 3031 1092 lingua
3047 1022 3179 1078 labi.

2233 1108 2502 1166 Socratis.
2528 1112 2859 1183 Arrogantia
2896 1122 2985 1169 est
3035 1113 3453 1182 omnia'dicere,
3482 1113 3750 1168 nibil’au-

2164 1216 2274 1265 1cm
2302 1202 2493 1256 audire
2515 1202 2679 1260 velle.

2234 1293 2631 1365 Theophylacti;
2662 1294 3060 1366 Multiloquium
3098 1298 3532 1353 multum-damni
3567 1300 3748 1367 allert,

2161 1386 2258 1442 sed
2292 1396 2473 1442 tacere
2507 1395 2679 1441 tutum
2706 1399 2813 1443 est.

2232 1478 2539 1534 Simoenta.
2567 1462 2700 1545 Quae
2722 1481 2903 1539 verbis
2928 1483 3511 1552 peccarimus,eorum
3537 1485 3751 1557 suppli-

2160 1570 2307 1628 cium
2335 1570 2495 1627 factis
2530 1570 2800 1629 feremus.

2516 1794 2751 1856 sermo
2778 1791 2950 1856 LXXI
2979 1794 3081 1871 [αι.
3126 1793 3399 1870 LXXIX].

533 1908 673 1979 Περὶ
705 1910 1073 1984 ἀντιλογίας,
1101 1913 1199 1969 καί
1226 1914 1622 1984 θρασύτητος,
1652 1912 1753 1969 καί
1783 1913 2000 1983 ἔριδος.
2086 1898 2126 1957 Β

2243 1891 2324 1965 υὲ
2366 1909 2803 1980 contradictione,
2853 1917 2904 1966 et
2937 1910 3192 1977 audacia,
3246 1918 3297 1967 et
3325 1910 3673 1969 contentione.

550 2025 625 2081 Σὺ
647 2024 733 2089 τίς
759 2020 828 2092 εί,
858 2028 887 2081 ό
913 2026 1444 2099 ἀνταποκρινόμενος
1462 2028 1540 2100 τῷ
1555 2028 1674 2099 Θεῷ
1696 2045 1714 2097 ;
1749 2028 1826 2100 μὴ
1849 2028 1968 2098 ἐρεῖ
1993 2027 2057 2082 τδ

482 2118 708 2190 πλάσμα
735 2119 815 2191 τῷ
862 2120 1157 2189 πλάσαντι,
1190 2118 1259 2176 Τί
1308 2138 1379 2192 με
1419 2122 1686 2190 ἐποίησας
1743 2120 1957 2187 οὕτως
2020 2119 2055 2191 ἢ

478 2209 580 2263 ούκ
604 2208 719 2280 ἔχει
741 2209 993 2275 ἐξουσίαν
1021 2211 1050 2264 ὁ
1088 2214 1368 2282 κεραμεὺς
1387 2211 1483 2266 τοῦ
1532 2211 1732 2282 πηλοῦ,
1756 2212 1821 2265 ἐκ
1842 2210 1938 2265 τοῦ
1963 2210 2060 2265 αύ-

480 2302 575 2356 τοῦ
624 2304 949 2375 φυράματος
980 2304 1226 2378 ποιῆσαι,
1254 2303 1284 2359 δ
1334 2307 1438 2376 μὲν
1468 2305 1551 2370 είς
1580 2305 1751 2376 τιμὴν
1783 2305 2000 2371 σκεῦος,
2029 2302 2060 2358 ὃ

479 2394 536 2449 δὲ
566 2397 646 2460 είς
674 2396 901 2466 ἀτιμίαν
921 2414 936 2465 ;
1637 2404 1647 2417 “

557 2487 785 2558 Σίδηρος
812 2487 1239 2561 σίδηρονςόξύνει
1260 2502 1277 2521 ⁸
1303 2487 1443 2560 ἀνὴρ
1469 2486 1529 2542 δὲ
1562 2485 1856 2560 παροξύνει
1881 2487 2059 2559 πρόσ-

480 2594 631 2632 ωπον
660 2578 876 2651 ἐτέρου.

560 2672 674 2743 Πρὸ
701 2672 879 2744 πυρὸς
900 2671 1065 2743 ἀτμὶς
1096 2671 1329 2743 καμίνου
1364 2671 1461 2727 καὶ
1486 2671 1733 2737 καπνόςο
1767 2669 1912 2727 οὕτω
1950 2671 2065 2744 πρὸ

484 2765 733 2835 αἱμάτων
762 2764 1046 2834 λοιδορίαι.

542 2860 712 2930 ίἝρις
766 2856 1256 2928 κατασπευδομένη
1289 2856 1504 2913 ἐκκαίει
1556 2855 1705 2929 πῦρ,
1753 2857 1851 2913 καὶ
1903 2854 2057 2927 μάχη

483 2949 936 3007 κατασπεύδουσα
957 2951 1139 3023 ἐκχέει
1169 2947 1336 3021 αἷμα.

557 3047 884 3116 Ἀντιλογίαν
912 3045 1145 3116 πραΰνει
1176 3047 1286 3111 πᾶς
1312 3045 1560 3118 σιγηρός.

557 3139 891 3209 Ἀντιλογίας
921 3140 1125 3210 ἐγείρει
1154 3140 1262 3203 πᾶς
1295 3139 1465 3201 κακός
1483 3153 1499 3168 ·
1527 3138 1557 3192 ὁ
1580 3135 1636 3192 δὲ
1662 3136 1867 3210 Κύριος
1893 3137 2063 3209 ἄγγει

482 3233 573 3285 λον
605 3232 944 3303 ἀνελεήμονα
974 3232 1256 3301 ἐκπέμπει
1287 3230 1463 3301 αὐτῷ.

574 3323 889 3396 Ἄνθρωπος
933 3323 1351 3394 συνεθιζόμενος
1401 3323 1584 3392 λόγοις
1632 3322 1968 3395 ὀνειδισμοῦ,
2001 3322 2064 3380 ἐν

483 3419 687 3481 πάσαις
729 3420 848 3481 ταῖς
875 3417 1113 3489 ἡμέραις
1143 3419 1310 3472 αὐτοῦ
1342 3417 1405 3470 ού
1440 3416 1516 3488 μὴ
1546 3416 1843 3486 παιδευθῇ.

559 3506 731 3563 Ὅπου
758 3508 971 3580 ῑχθραι,
1003 3510 1172 3581 ἐρεις,
1203 3509 1387 3581 θυμοὶ,
1419 3511 1774 3580 φιλονεικίαι,
1794 3509 2063 3583 θορύϐους

480 3602 776 3671 ἀσιγήτους
805 3604 929 3666 ταῖς
956 3602 1157 3673 ψυχαῖς
1204 3601 1555 3672 ἐμποιοῦσαι,
1584 3604 1700 3657 ἐκεῖ
1745 3602 1809 3658 τὸ
1840 3604 2064 3675 πνεῦμα

479 3694 579 3763 τῆς
610 3694 916 3765 πραότητος
943 3693 1044 3748 ούκ
1073 3692 1442 3752 ἀναπαύεται.

567 3785 632 3838 Ἥ
661 3784 943 3855 ἀντιλογία
970 3786 1032 3840 τδ
1057 3784 1521 3859 αύτοκρατορικδν
1558 3787 1655 3841 καὶ
1677 3786 2065 3843 ἀνυπότακτον

479 3875 739 3940 δείκνυσι,
774 3876 878 3930 κᾶν
896 3876 956 3931 ἐν
980 3877 1218 3949 σχήματι
1253 3877 1479 3949 γένηται
1507 3880 1915 3945 ταπεινώσεως.

552 4048 703 4103 Φιλετ
747 4049 856 4119 γὰρ
905 4050 977 4104 τά
1035 4051 1259 4119 γενναία
1315 4053 1639 4125 φρονήματα
1694 4053 1834 4126 πρὸς
1860 4053 1922 4109 τὸ
1969 4053 2064 4128 βίᾳ

483 4143 720 4211 κρατοῦν
754 4143 1137 4209 αύθαδίζεσθαι
1162 4185 1179 4211 ,
1212 4145 1309 4200 καὶ
1346 4145 1601 4217 καθάπερ
1630 4148 1764 4217 φλὸξ
1794 4147 1889 4201 ὑπ’
1931 4148 2062 4202 ἀνέ-

486 4252 587 4303 μου
618 4236 942 4308 ῥιπιζομένη
966 4277 981 4303 ,
1028 4240 1272 4311 τοσούτῳ
1298 4238 1505 4308 μᾶλλον
1535 4239 1897 4307 ἀνάπτεσθαι,
1923 4240 2064 4311 ὅσῳ·

482 4344 588 4397 περ
612 4326 680 4381 ἀν
701 4328 1057 4401 σφοδρότερον
1086 4332 1488 4404 καταπνέηται.

557 4421 619 4474 Et
648 4420 803 4485 τέλος
830 4422 1079 4486 παιδείας
1098 4423 1158 4476 τὸ
1192 4424 1386 4478 ἑαυτὸν
1414 4425 1789 4496 αίσχύνεσθαι,
1824 4426 2061 4498 ἐσχάτης

484 4512 837 4577 ἀπαιδευσίας
867 4514 929 4567 τὸ
952 4514 1089 4585 μηδέ
1119 4515 1247 4579 τοὺς
1275 4516 1468 4580 ἀλλους
1496 4517 1875 4588 αἰσχύνεσθαι.

2232 2022 2387 2081 Rom.
2414 2039 2495 2081 IX.
2533 2024 2615 2081 Tu
2642 2024 2769 2097 quis
2797 2040 2881 2093 es,
2936 2025 3034 2096 qui
3068 2041 3134 2082 ex
3190 2025 3421 2081 adverso
3449 2027 3750 2094 respondes

2162 2115 2316 2171 Deo?
2355 2115 2497 2171 Num
2560 2116 2706 2173 dicet
2761 2117 3079 2188 ﬁgmentum
3112 2116 3288 2173 lictori
3318 2130 3423 2173 suo
3471 2132 3485 2168 :
3521 2116 3633 2172 Cur
3657 2130 3747 2171 me

2164 2206 2246 2266 sic
2301 2207 2527 2265 fecisti?
2567 2223 2748 2266 annon
2782 2208 2945 2264 habet
2992 2218 3317 2279 potestatem
3394 2208 3592 2280 figulus
3622 2209 3747 2272 luti,

2164 2317 2233 2358 ex
2261 2302 2452 2359 eadem
2505 2318 2689 2360 massa
2756 2302 2993 2359 faciendi
3047 2302 3195 2358 aliud
3224 2317 3323 2359 vas
3355 2302 3748 2369 honorificum,

2165 2392 2310 2450 aliud
2343 2394 2732 2451 dedecorosum
2748 2395 2776 2450 ?

2238 2487 2401 2544 Prov.
2423 2503 2592 2545 ιινιι.
2617 2486 2845 2545 Ferrum
2860 2487 3009 2545 acuit
3023 2486 3253 2555 ferrum,
3277 2486 3444 2543 homo
3462 2486 3742 2543 hominem

2166 2589 2481 2652 exasperat.

2238 2673 2311 2731 Ut
2339 2682 2465 2730 ante
2493 2673 2673 2744 ignem
2704 2685 2881 2743 vapor
2908 2670 3110 2727 camini
3159 2679 3215 2728 et
3247 2670 3431 2729 fumus
3460 2672 3635 2743 praeit,
3666 2671 3750 2728 sic

2167 2773 2295 2821 ante
2311 2765 2537 2821 vulnera
2564 2766 2888 2837 sanguinem
2912 2767 3181 2825 convrcia.

2244 2858 2413 2916 Eccli.
2446 2875 2643 2916 uvm.
2710 2860 3002 2918 Contentio
3028 2862 3332 2919 accelerata
3355 2861 3533 2931 ignem
3557 2875 3751 2916 acceno

2167 2949 2264 3016 dit,
2294 2950 2454 3021 223
2478 2960 2534 3006 et
2557 2966 2737 3022 pugna
2765 2953 3032 3010 festinans
3067 2952 3397 3022 sanguinem
3428 2952 3678 3009 effundit.

2143 3112 2150 3121 '
2240 3044 2641 3100 Dissensionem
2676 3045 2830 3100 sedat
2856 3047 3037 3100 omnis
3062 3045 3393 3101 taciturnus.

2248 3133 2631 3192 Dissensiones
2659 3136 2864 3192 excitat
2884 3137 3062 3192 omnis
3088 3138 3269 3193 malus
3306 3155 3319 3191 :
3357 3136 3620 3191 Dominus
3644 3150 3748 3191 au-

2089 3252 2134 3313 c
2168 3234 2278 3282 tem
2315 3227 2392 3282 illi
2426 3228 2680 3297 angelum
2715 3227 3203 3283 immisericordem
3235 3227 3422 3283 mittit.

2244 3319 2601 3376 Assuefactus
2628 3318 2812 3375 verbis
2841 3318 3122 3388 probrosis
3156 3318 3213 3373 in
3244 3318 3502 3374 erunibus
3555 3318 3751 3375 diebus

2167 3411 2284 3471 suis
2307 3428 2412 3467 non
2444 3411 2831 3483 castigabitur.

2237 3503 2298 3561 S.
2333 3504 2549 3561 Basilii.
2585 3504 2687 3561 Ubi
2718 3503 2867 3570 odia,
2896 3502 3039 3569 lites,
3072 3502 3189 3566 irae.
3209 3503 3613 3568 contentiones,
3636 3517 3754 3557 ma-

2165 3610 2305 3667 gnos
2335 3596 2605 3651 tumultus
2636 3595 2691 3651 in
2724 3595 2925 3651 animis
2948 3593 3211 3663 excitant,
3243 3594 3317 3651 ibi
3348 3593 3563 3666 Spirius
3593 3608 3752 3648 mau-

2165 3687 2475 3746 sueludinis
2509 3702 2617 3742 non
2646 3687 2967 3758 requiescit.

2236 3778 2356 3849 ipsa
2385 3780 2752 3835 contradictio
2782 3779 3201 3849 imperatorium
3258 3781 3517 3852 quiddam
3567 3785 3623 3835 et
3661 3794 3755 3837 v0-

2164 3872 2434 3929 luutatem
2465 3872 2603 3927 nulli
2634 3887 2694 3928 se
2726 3872 3057 3944 subjiciendi
3130 3873 3360 3945 indicat,
3423 3876 3637 3933 etiamsi
3696 3878 3752 3934 in

2164 3963 2359 4020 humili
2388 3963 2554 4019 fuerit
2584 3963 2798 4020 habitu.

2236 4054 2502 4128 Theologi.
2553 4055 2741 4113 Solent
2823 4060 2968 4115 enim
3046 4074 3246 4132 magno
3270 4059 3466 4132 spiritu
3543 4061 3753 4130 pratditi

2164 4147 2420 4208 violentis
2481 4151 2882 4206 contumaciter
2922 4152 3331 4223 .pr'efraeteque
3357 4153 3639 4214 resistere.
3698 4162 3755 4210 et

2162 4239 2622 4309 quemadmodum
2653 4240 2870 4296 flamma
2909 4258 2940 4298 a
2969 4252 3130 4299 vento
3169 4245 3425 4309 excitata,
3457 4254 3605 4299 tanto
3637 4259 3756 4298 ma-

2163 4333 2246 4405 gis
2273 4332 2520 4399 accendi,
2553 4342 2763 4400 quanto
2787 4334 3167 4391 vehementius
3194 4336 3465 4411 sumatur.

2236 4423 2295 4480 S.
2330 4423 2523 4495 Chrys.
2555 4424 2613 4481 Si
2650 4426 2773 4481 linis
2806 4427 3071 4482 doctrinae
3103 4435 3189 4481 est
3210 4427 3447 4495 seipsum
3480 4428 3749 4492 revereri,

2162 4526 2424 4571 extremae
2442 4525 2526 4570 est
2550 4516 2856 4585 imperitiae,
2890 4532 2957 4571 ne
2996 4515 3132 4570 alios
3175 4516 3395 4585 quidem
3424 4516 3677 4569 revereri.

566 4605 947 4675 Ἀναισχυντία
998 4606 1102 4674 μὲν
1154 4607 1289 4661 ίδιον
1334 4608 1565 4678 φαύλου,
1600 4609 1766 4674 αἰδὼς
1805 4610 1863 4664 δὲ
1894 4626 2065 4663 σπου·
2094 4595 2126 4653 ῘῙ

2248 4604 2517 4661 Philonis.
2546 4605 2891 4677 lmpudentia
2921 4615 3006 4661 est
3060 4606 3279 4676 propria
3326 4607 3753 4673 sceleratorum,

485 4697 637 4751 δαίου
659 4713 674 4729 ο
698 4697 759 4751 τδ
784 4697 840 4751 δέ
873 4701 1014 4769 μήτε
1045 4699 1423 4768 αίσχύνεσθαι,
1485 4701 1629 4771 μήτε
1663 4701 2066 4772 ἀναισχυντεῖν,

486 4788 582 4843 τοῦ
608 4788 1011 4861 ἀκαταλήπτως
1044 4790 1267 4861 ἔχοντος
1292 4792 1389 4848 καὶ
1415 4793 1894 4863 ἀσυγκαταθέτως.

559 4968 937 5039 Ἀριστοτέλης
966 4968 1459 5042 βλασφημούμενος
1481 4964 1576 5025 ἀπ’
1604 4970 1893 5042 ἀνθρώπου
1911 4971 2072 5025 ἀσελ-

487 5061 639 5130 γοῦς,
671 5062 775 5132 ἔφη
796 5076 811 5092 ⁸
846 5063 919 5114 Σὺ
950 5062 1051 5133 μὲν
1071 5062 1292 5124 ἀκούεις
1328 5062 1397 5117 τὰ
1424 5063 1571 5118 κακά
1610 5062 1834 5134 ῥᾳδίως,
1865 5064 1959 5116 καὶ
1984 5063 2069 5116 λέ-

486 5174 606 5225 γεις
624 5157 866 5229 εὐχερῶς
886 5172 902 5188 ·
933 5158 1057 5229 ἐμοὶ
1083 5159 1140 5213 δὲ
1164 5159 1262 5214 καὶ
1291 5159 1470 5230 λέγειν
1492 5158 1682 5231 ἄηθες,
1714 5159 1809 5212 καὶ
1840 5159 2065 5213 ἀκούειν

484 5250 669 5307 ἀηδές.

559 5268 616 5305 οε
650 5289 669 5307 .

524 5268 646 5397 ηΤίξ
666 5342 741 5415 μὴ
767 5342 1120 5416 αἰσχύνεσθαι
1146 5343 1319 5400 κακὸν
1342 5343 1474 5401 ὄντα
1502 5342 1702 5407 κακίας
1729 5342 2029 5415 ύπερϐολή.

558 5523 785 5599 Γλώσσῃ
814 5524 1046 5600 θρασείᾳ
1080 5526 1156 5599 μὴ
1212 5526 1488 5600 χρῆσθαι’
1538 5528 1800 5594 πολλάκις
1848 5530 1957 5602 γάρ
2006 5531 2069 5584 τὸ

487 5614 691 5685 θράσος
739 5618 833 5672 καὶ
858 5618 1029 5690 αὐτὴν
1057 5618 1282 5672 διώλεσε
1315 5620 1414 5686 τὴν
1444 5619 1709 5691 κεφαλήν.

559 5708 766 5778 Θράσει
821 5710 920 5781 μὲν
960 5710 1134 5776 οὐδεὶς
1167 5710 1399 5778 οὐδέπω,
1438 5713 1586 5783 πόνῳ
1613 5714 1669 5768 δὲ
1702 5714 1794 5770 καὶ
1819 5716 2065 5785 γενναιό-

487 5816 609 5855 τητι
641 5800 737 5855 καὶ
757 5801 1030 5875 ἐπιεικείᾳ
1057 5801 1259 5876 ἀρετὴν
1286 5805 1649 5876 ἐπεκτήσατο.

2174 4701 2354 4769 pudor
2385 4710 2568 4755 autem
2606 4701 2896 4756 bonorum.
2928 4698 3136 4754 Neutra
3166 4707 3350 4753 autem
3388 4698 3584 4752 borum
3617 4698 3755 4753 alie-

2173 4802 2359 4848 ctuum
2389 4794 2620 4862 moveri,
2658 4808 2849 4850 eorum
2874 4802 2960 4850 est
3003 4795 3097 4864 qui
3152 4792 3287 4847 nihil
3333 4792 3603 4847 afﬁrmant
3659 4802 3756 4847 aut

2173 4883 2578 4939 assentiuntur.

2246 4981 2571 5036 Aristotelis.
2604 4980 2930 5037 Aristoteles
2947 4996 3071 5035 cum
3096 4980 3164 5035 ab
3182 4981 3493 5051 impudente
3518 4984 3754 5050 quodam

2172 5071 2435 5127 conviciis
2470 5072 2821 5128 lacesseretur
2852 5088 2869 5128 :
2896 5071 2999 5138 Tu,
3036 5072 3231 5143 inquit,
3264 5087 3321 5127 et
3345 5074 3594 5127 convicia
3623 5074 3755 5128 faei-

2170 5158 2223 5218 ie
2254 5163 2410 5216 audis
2442 5173 2494 5216 et
2517 5162 2750 5218 libenter
2770 5163 2908 5219 dicis
2937 5179 2953 5217 :
2997 5164 3130 5219 Inibi
3162 5178 3294 5218 vero
3325 5172 3386 5218 et
3410 5163 3594 5219 dicere
3642 5181 3753 5218 non

2171 5265 2515 5320 consuetum,
2538 5265 2593 5310 et
2622 5255 2814 5311 audire
2837 5255 3227 5327 iniucundum.

2247 5345 2305 5402 Si
2336 5346 2460 5411 quis
2489 5347 2667 5404 malus
2697 5360 2823 5403 cum
2871 5348 2948 5404 sit
2993 5363 3104 5404 non
3136 5346 3436 5413 erubescit,
3467 5348 3757 5419 insigniter

2174 5438 2463 5510 improbus
2486 5448 2593 5496 est.

2246 5530 2506 5587 Socratis.
2547 5530 2755 5604 Lingua
2801 5532 3063 5604 petulanti
3102 5548 3209 5588 non
3274 5533 3561 5589 utendum.
3598 5531 3755 5603 Saepe

2171 5622 2314 5679 cnim
2344 5622 2571 5679 audacia
2592 5623 2772 5694 ipsum
2791 5624 3027 5695 perdidit
3048 5632 3232 5695 caput.

2241 5713 2539 5781 Euripidis.
2595 5713 2835 5773 Audacia
2885 5716 3107 5786 quidem
3161 5730 3323 5771 nemo
3367 5714 3546 5770 adhuc
3577 5715 3748 5769 virtu-

2172 5814 2279 5860 tcm
2312 5808 2672 5877 comparavit,
2707 5807 2802 5865 sed
2829 5807 3119 5874 industria,
3145 5807 3506 5877 generositate
3540 5811 3594 5863 ct
3636 5806 3750 5863 cleo

2170 5908 2395 5952 meum.
