4062 6462
394 440 534 511 1171

1642 453 1971 521 ANTONII
2016 443 2366 522 iniussa;

3543 468 3677 533 1172

452 557 863 630 Theophrastus.
891 559 1303 634 Theophrastus
1336 562 1813 624 adolescentulum
1850 582 1980 625 eru-

2154 574 2518 651 Qsérppaatoc
2570 578 2697 634 ίδὼν
2755 579 3045 654 μειράκιον
3106 579 3467 655 ἐρυθριάσειν,
3534 581 3675 653 ἔφη·

380 654 695 709 bescentem
724 656 1114 724 conspicatus:
1146 657 1343 725 Macte,
1384 659 1584 732 inquit,
1637 660 1783 718 hunc
1830 662 1978 719 enim

382 748 557 804 virtus
580 749 743 806 habet
763 750 1024 809 colorem.

709 866 947 926 SERMO
978 868 1170 927 LXXII
1201 869 1303 935 tat.
1362 870 1657 948 Lxxvn].

393 957 473 1015 De
514 962 797 1017 temerario
827 972 891 1039 _et
924 964 1245 1029 impudente,
1294 967 1738 1039 etiiracundofet
1768 968 1981 1039 eﬂ‘erve-

621 1042 799 1087 scente
819 1034 924 1099 ira,
980 1045 1030 1090 et
1063 1044 1314 1093 extrema:
1347 1038 1466 1095 bilis
1517 1039 1749 1096 homine.

457 1122 763 1182 Gemxux.
837 1126 1060 1185 Simeon
1120 1140 1178 1186 et
1209 1129 1337 1186 Levi
1395 1130 1595 1188 fratres
1649 1130 1979 1203 iniustitiam

386 1216 739 1286 perfecerunt
766 1222 1030 1291 propositi
1086 1225 1199 1277 sui.
1234 1222 1290 1277 In
1340 1224 1629 1280 consilium
1661 1240 1851 1281 eorum
1911 1239 1981 1281 ne

388 1310 575 1365 veniat
610 1312 790 1367 anima
819 1328 962 1381 mea,
1014 1315 1143 1386 quia
1171 1317 1225 1370 in
1290 1317 1387 1372 ira
1418 1332 1516 1374 sua
1581 1318 1981 1375 interfecerunt

388 1401 667 1469 homines,
702 1406 826 1461 etin
859 1408 1159 1476 cupiditate
1206 1423 1303 1464 sua
1333 1417 1736 1466 enervaverunt
1767 1421 1976 1467 tauros.

390 1494 725 1553 Detestanda
757 1499 1002 1568 ipsorum
1032 1500 1113 1557 ira
1140 1511 1224 1556 est
1244 1502 1315 1557 ob
1340 1503 1768 1572 contumaciam,
1799 1513 1853 1559 et
1892 1503 1978 1559 in-

388 1587 634 1657 dignatio
654 1603 871 1657 eorum,
898 1592 1029 1662 quia
1060 1594 1325 1651 induruit.

457 1683 582 1744 Job.
604 1685 889 1754 Scelerati,
914 1696 1170 1747 commoti
1196 1692 1297 1758 ira,
1324 1693 1627 1750 imbecillos
1642 1700 1976 1749 everterunt.

459 1778 672 1850 Impius
706 1790 789 1838 est
814 1781 909 1853 qui
961 1798 1071 1839 non
1105 1793 1387 1842 reveretur
1414 1796 1768 1856 conspectum
1808 1786 1980 1841 hono-

389 1870 494 1925 rati
528 1871 648 1935 viri‘.
678 1886 779 1927 nec
804 1874 954 1930 novit
974 1875 1023 1930 ei
1052 1875 1313 1932 honorem
1354 1877 1574 1933 habere.

432 1964 660 2045 ,-Daot'd.
688 1964 797 2022 Fac
828 1966 990 2023 tinem
1046 1967 1364 2037 iracundia,
1427 1968 1678 2039 iramque
1717 1968 1975 2025 omittite.

408 2046 551 2133 λίνα
576 2073 765 2116 eorum
795 2070 878 2117 est
903 2048 1086 2131 qualis
1116 2064 1410 2133 serpentis.

464 2082 551 2114 Ira
576 2082 765 2116 eorum
795 2082 878 2117 es:
903 2082 1086 2131 quails
1116 2082 1410 2133 serpentis.

400 2082 569 2219 .\Qui
610 2152 911 2212 iracundus
936 2164 1039 2221 est,
1074 2154 1187 2226 agit
1216 2155 1366 2212 nullo
1382 2154 1610 2211 consilio
1639 2152 1805 2225 225
1829 2151 1979 2209 adhi-

391 2244 528 2302 bito.

462 2341 766 2398 Iracundus
794 2341 1051 2399 indecore
1080 2356 1145 2398 se
1174 2341 1334 2407 gerit.

459 2430 656 2490 Gravis
688 2441 772 2490 est
805 2434 940 2503 lapis
986 2444 1041 2488 et
1076 2441 1293 2504 portatu
1356 2431 1595 2489 dimcilis
1643 2446 1813 2489 arena
1843 2446 1859 2484 :
1889 2431 1985 2489 sed

310 2532 321 2557 ⁸η
393 2525 704 2596 insipientis
733 2527 813 2581 ira
859 2527 1078 2596 gravior
1126 2534 1380 2596 utroque.

462 2619 761 2675 Animosus
792 2618 992 2674 excitat
1034 2618 1229 2685 rixam,
1280 2619 1581 2676 iracundus
1622 2629 1806 2677 autem
1852 2615 1988 2675 eﬂ'oa

392 2711 472 2768 dit
502 2720 810 2781 peccatum.

464 2801 567 2858 Ubi
596 2818 702 2858 non
733 2812 816 2859 est
847 2804 1089 2869 discors,
1125 2804 1199 2861 ibi
1230 2803 1466 2874 quiescit
1496 2819 1701 2876 pugna.

458 2896 768 2971 lnsipientis
800 2902 939 2957 labia
972 2903 1024 2958 in
1052 2902 1419 2959 calamitatem
1416 2903 1671 2986 locum,
1705 2916 1768 2959 os
1806 2908 1989 2959 autem

390 2994 513 3065 ejus
538 2994 716 3050 audax
743 3003 972 3050 mortem
999 2996 1257 3051 accersit.

463 3087 539 3145 Os
574 3087 883 3159 insipientis
915 3087 1148 3143 conterit
1185 3088 1391 3159 ipsum,
1426 3098 1481 3145 et
1509 3087 1657 3145 labia
1691 3087 1993 3160 illaqueant

392 3184 654 3239 animam.

462 3277 665 3333 Boreas
689 3274 891 3332 excitat
914 3274 1109 3341 nubes,
1168 3274 1340 3333 facies
1401 3276 1693 3348 impudens
1754 3267 2068 3348 linguamC

392 3370 574 3426 irritat
625 3370 729 3441 (l).

461 3461 569 3518 Ore
598 3460 898 3529 impudenti
922 3459 1015 3531 qui
1044 3468 1149 3526 est,
1180 3460 1309 3517 odio
1358 3459 1675 3519 habebitur.

458 3556 689 3624 PrOpter
716 3555 972 3625 injuriam
1008 3554 1332 3624 superbiens
1370 3554 1658 3610 temerario
1678 3562 1761 3612 est
1797 3555 1987 3612 corde.

462 3647 541 3704 Nc
573 3649 764 3704 festina
791 3649 986 3719 spiritu
1017 3647 1348 3717 perturbari,
1380 3647 1509 3719 quia
1528 3646 1606 3703 ira
1632 3646 1687 3703 in
1716 3648 1840 3705 sinu
1864 3648 1995 3706 insi-

392 3743 659 3815 pientium
694 3751 877 3797 manet
907 3752 959 3797 et
1016 3741 1382 3810 conquiescit.

462 3833 615 3903 Ipsa.
645 3832 857 3889 Nervus
900 3831 1113 3888 ferreus
1171 3831 1375 3888 collum
1407 3838 1586 3901 tuum,
1618 3839 1674 3888 et
1699 3830 1870 3889 facies
1902 3841 1993 3888 tua

402 3946 580 3986 aenea.
1344 3914 1349 3917 Δ

453 4023 652 4077 Jerem.
692 4023 959 4091 Aspectus
990 4019 1297 4077 meretricis
1327 4019 1433 4077 fuit
1462 4021 1557 4077 tibi
1581 4036 1599 4090 ;
1650 4035 1778 4092 erga
1803 4033 1994 4079 omnes

397 4127 449 4172 te
472 4116 817 4185 impudenter
845 4113 1085 4184 gessisti.
1728 4188 1731 4191 γ

312 4278 315 4281 ἤ
348 4246 351 4247 ν
466 4209 637 4264 Ecclt‘.
665 4223 782 4262 vm.
809 4206 943 4261 Cum
975 4206 1240 4261 iracundo
1272 4220 1340 4263 ne
1362 4220 1594 4278 pugnes,
1630 4223 1730 4266 nec
1759 4210 1862 4268 iter
1908 4210 1993 4269 l‘a-

396 4303 510 4357 cito
538 4313 662 4355 cum
693 4298 788 4353 illo
819 4296 872 4351 in
901 4295 1220 4361 solitudine,
1247 4296 1375 4366 quia
1400 4296 1559 4351 nihili
1592 4298 1829 4356 aestimat
1868 4316 1992 4357 san.-

399 4394 640 4465 guinem,
675 4400 728 4448 ct
756 4390 849 4447 ubi
874 4390 1055 4446 nullus
1080 4403 1406 4446 succurrere
1432 4390 1654 4460 poterit,
1686 4391 1761 4447 ibi
1794 4403 1846 4448 te
1869 4408 1996 4465 pro-

276 4482 277 4485 “
395 4494 625 4545 sternet.

468 4578 588 4633 Non
625 4584 802 4647 potest
832 4575 1048 4631 animus
1078 4575 1298 4647 iniquus
1319 4574 1610 4646 iustificari
1640 4594 1653 4630 :
1685 4564 1809 4632 nam
1838 4589 1993 4635 com-

396 4672 567 4727 motio
602 4671 696 4726 irae
727 4669 846 4740 ejus
878 4668 1037 4723 ruina
1076 4668 1253 4737 ipsius
1272 4676 1377 4725 est.

466 4764 770 4820 IEmulatio
797 4770 853 4819 et
881 4763 960 4818 ira
990 4761 1107 4817 dies
1134 4760 1263 4817 vitae
1290 4760 1570 4817 minuunt.

466 4856 823 4926 Omnipotens
844 4853 1094 4919 Domine,
1130 4853 1278 4910 Deus
1308 4852 1503 4909 salutis
1533 4856 1783 4919 meamne
1815 4851 2001 4911 tradas

396 4963 484 5004 me
513 4946 774 5003 voluntati
809 4945 1050 5000 hominis
1080 4943 1441 5015 impudentis.

468 5039 818 5095 Temerarius
850 5052 919 5093 ne
947 5036 1046 5103 sis,
1074 5043 1133 5090 ut
1154 5049 1221 5091 ne
1274 5036 1569 5094 auferaris.

469 5132 667 5187 Matth.
692 5147 749 5187 v.
767 5131 1096 5199 Quicunque
1127 5129 1282 5185 lratri
1309 5143 1412 5187 suo
1462 5128 1724 5187 irascitur
1758 5138 1995 5198 temere,

400 5228 674 5285 obnoxius
707 5225 813 5281 erit
836 5225 1070 5294 judicio.

477 5321 668 5389 Ephes.
701 5334 775 5374 tv.
807 5318 902 5374 Sol
934 5334 1001 5374 ne
1032 5317 1245 5375 occidat
1272 5318 1740 5391 superiracundia
1796 5322 2007 5385 vestra,

400 5428 503 5469 nec
530 5413 656 5468 date
686 5411 866 5467 locum
899 5410 1307 5466 calumniatori°

470 5503 662 5561 Omnis
684 5502 989 5558 amaritudo
1009 5512 1063 5558 et
1083 5503 1563 5570 excandescentia,
1590 5512 1646 5559 et
1672 5501 1777 5567 ira,
1807 5508 1861 5555 ct
1890 5498 2005 5555 cla-

403 5612 544 5664 mor,
575 5604 629 5651 et
662 5594 1005 5666 blasphemia
1039 5595 1331 5651 tollantur.

473 5689 531 5744 S.
559 5689 753 5743 Basili.
782 5690 1112 5760 Postquam,
1149 5687 1317 5743 semel
1339 5686 1626 5741 deturbata
1648 5684 1882 5750 ratione,
1911 5682 2006 5737 ira:

2085 665 2293 739 Θάρρει
2312 684 2326 700 ·
2362 670 2607 727 τοιοῦτον
2632 671 2743 744 γάρ
2771 674 2804 744 ἡ
2837 673 3011 746 ἀρετὴ
3041 671 3155 746 ἔχει
3176 674 3238 728 τὸ
3266 673 3500 746 χρῶμα.

2692 874 2917 929 ΛΟΓΟΣ
2964 872 3086 930 οΒ⁸.

2085 964 2227 1036 Περὶ
2252 967 2618 1040 προπετοῦς
2646 969 2752 1040 καί
2788 969 3099 1038 ἀναιδοῦς,
3134 971 3237 1025 καί
3270 970 3548 1040 ὀργίλου,
3584 969 3681 1026 καί

2468 1038 2800 1106 θυμὼδους,
2833 1040 2932 1094 καί
2969 1040 3302 1111 όξυχόλου.

2150 1127 2377 1199 Συμεὼν
2405 1131 2500 1185 καὶ
2532 1129 2666 1185 Λευτ
2698 1131 2921 1200 ἀδελφοὶ
2967 1134 3331 1188 συνετέλεσαν
3367 1132 3591 1187 ἀδικίαν
3622 1133 3680 1200 ἐξ

2081 1219 2351 1291 αἱρέσεως
2376 1220 2573 1277 αὐτῶν.
2610 1221 2704 1285 Είς
2735 1221 2931 1291 βουλὴν
2962 1221 3145 1276 αὐτῶν
3182 1220 3260 1292 μὴ
3292 1221 3442 1275 ἔλθοι
3472 1224 3507 1293 ἡ
3533 1221 3679 1293 ψυχή

2085 1330 2211 1385 μου,
2243 1314 2325 1367 ὅτι
2355 1313 2414 1366 ὲν
2432 1312 2512 1384 τῷ
2550 1313 2708 1385 θυμῷ
2750 1314 2935 1368 αὐτῶν
2963 1315 3298 1369 ἀπέκτειναν
3327 1314 3680 1385 ἀνθρώπους,

2083 1404 2178 1459 καὶ
2207 1407 2265 1460 ὲν
2311 1407 2378 1476 τῇ
2412 1404 2686 1477 ἐπιθυμίᾳ
2713 1405 2901 1461 αὐτῶν
2935 1407 3386 1478 ὲνευροκόπησαν
3416 1406 3679 1477 ταύρους.

2095 1498 2533 1570 Ἐπικατάρατος
2583 1499 2612 1553 6
2645 1498 2817 1567 θυμὸς
2851 1498 3054 1566 αὐτῶν,
3105 1499 3190 1553 ὃτι
3218 1498 3491 1571 αὐθάδης,
3525 1499 3681 1571 καὶὴ

2084 1592 2248 1661 μῆνις
2279 1591 2483 1657 αὐτῶν,
2513 1592 2595 1646 ὅτι
2628 1591 3000 1664 ὲσκληρύνθη.
3271 1587 3274 1591 ’

2161 1684 2332 1755 Θυμῷ
2366 1684 2744 1756 κατέστρεψαν
2768 1687 3069 1751 ἀδυνάτους
3097 1687 3147 1742 οί
3180 1686 3537 1758 ἁμαρτωλοί.

2152 1778 2386 1849 Ἀσεϐὴς
2404 1779 2464 1843 ὃς
2493 1779 2593 1834 οὐκ
2624 1779 2947 1851 αἰσχύνεται
2980 1781 3281 1853 πρόσωπον
3309 1782 3564 1854 ἐντίμου,
3593 1778 3682 1835 οὗ·

2083 1871 2139 1925 δὲ
2172 1865 2283 1924 οἶδε
2313 1870 2478 1943 τιμὴν
2501 1872 2695 1927 θέσθαι
2723 1873 2921 1946 τούτῳ.

2155 1963 2371 2019 Παῦσαι
2398 1964 2506 2019 ἀπὸ
2535 1964 2726 2036 ὀργῆς,
2765 1967 2860 2021 καὶ
2894 1969 3233 2037 ἐγκατάλιπε
3260 1971 3463 2041 θυμόν.

2157 2056 2341 2127 Θυμδς
2372 2057 2561 2123 αὐτοῖς
2583 2059 2726 2113 κατὰ
2747 2061 2847 2130 τὴν
2875 2061 3138 2132 ὁμοίωσιν
3170 2062 3267 2119 τοῦ
3297 2065 3507 2135 ὄφεως.

2157 2149 2459 2223 Ὀξύθυμος
2486 2152 2725 2225 πράσσει
2759 2156 2898 2224 μετὰ
2924 2154 3211 2222 ἀϐουλίας.

2161 2336 2326 2407 Ἀνὴρ
2351 2335 2609 2409 θυμώδης
2634 2338 2736 2392 οὐκ
2770 2339 3086 2409 εὐσχήμων.

2157 2428 2307 2501 Βαρὺ
2359 2429 2541 2497 λίθος,
2575 2432 2670 2484 καὶ
2729 2430 3137 2487 δυσϐάστακτον
3186 2432 3378 2504 ἄμμος
3404 2452 3420 2467 ο
3458 2432 3597 2508 ὀργὴ
3631 2432 3683 2488 δὲ

2089 2524 2324 2596 ἄφρονος
2352 2510 2629 2597 βαρυτέρα
2657 2525 3013 2598 ἀμφοτέρων.

2169 2617 2340 2692 Ἀνὴρ
2376 2619 2634 2691 θυμώδης
2664 2619 2890 2689 όρύσσει
2922 2622 3136 2686 νεῖκος*
3188 2621 3333 2695 ἀνὴρ
3366 2622 3426 2679 δὲ
3474 2620 3681 2696 ὀργίλος

2094 2711 2369 2784 ἐξώρυξεν
2392 2714 2699 2785 ἁμαρτίαν.

2170 2807 2347 2861 Ὅπου
2382 2808 2484 2862 οὐκ
2514 2807 2595 2863 ἔνι
2631 2810 2883 2882 δίθυμος,
2925 2810 3191 2884 ἡσυχάζει
3221 2811 3404 2883 μάχη.

2166 2899 2337 2972 Χείλη
2398 2901 2637 2971 ἄφρονος
2688 2904 2917 2970 ἄγουσιν
2969 2904 3135 2959 αὑτὸν
3185 2904 3266 2968 είς
3319 2903 3507 2960 κακά·
3541 2902 3600 2957 τὸ
3625 2901 3677 2956 δὲ

2098 2994 2279 3065 στόμα
2313 2994 2481 3051 αὐτοῦ
2503 2996 2564 3050 τὸ
2590 2996 2767 3069 θρασὺ
2803 2998 3035 3053 θάνατον
3064 2999 3446 3055 ἐπικαλεῖται.

2170 3087 2356 3159 Στόμα
2388 3088 2626 3159 ἄφρονος
2657 3091 2939 3163 συντρίϐει
2976 3092 3141 3145 αὐτόν
3165 3107 3179 3123 ·
3215 3092 3285 3147 τὰ
3322 3093 3386 3147 δὲ
3417 3091 3567 3165 χείλη
3587 3089 3681 3144 αὖ·

2096 3180 2191 3236 τοῦ
2227 3182 2397 3249 παγίς
2416 3184 2485 3253 τῇ
2516 3181 2663 3254 ψυχῇ
2697 3183 2888 3238 αὐτοῦ.

2188 3275 2427 3344 Ἀνεμος
2480 3272 2683 3345 βορρᾶς
2733 3273 3003 3347 ὲξεγείρει
3056 3276 3235 3350 νέφη·
3293 3277 3589 3348 πρόσωπον
3632 3271 3685 3327 δὲ

2098 3366 2318 3432 ἀναιδὲς
2352 3366 2605 3436 γλῶσσαν
2644 3367 2906 3438 ὲρεθίξει.

2178 3459 2426 3529 Ἀναιδὴς
2453 3460 2754 3531 ’προσώπῳ
2796 3462 3188 3534 μισηθήσεται.

2168 3552 2547 3624 Μεγαλόφρων
2583 3554 2669 3623 ἐφ’
2698 3552 2854 3625 ὕϐρει
2880 3554 3305 3626 θρασυκάρδιος.

2166 3644 2261 3716 Μὴ
2290 3645 2537 3717 σπεύσῃς
2572 3646 2631 3700 ὲν
2684 3645 2966 3716 πνεύματί
3004 3664 3096 3701 σου
3126 3648 3460 3719 θυμοῦσθαι,
3488 3650 3568 3704 ὅτι
3595 3647 3686 3703 θυ-

2100 3734 2203 3807 μὸς
2226 3736 2284 3788 ἒν
2316 3736 2538 3802 κόλποις
2571 3737 2824 3808 ἀφρόνων
2846 3738 3127 3805 αὐλίζεται
3157 3744 3254 3794 καὶ
3278 3742 3641 3797 ἀναπαύεται.

2176 3824 2389 3897 Νεῦρον
2414 3828 2669 3898 σιδηροῦν
2701 3829 2731 3882 6
2762 3827 3034 3899 τράχηλός
3068 3846 3189 3900 σου,
3242 3830 3341 3885 καὶ
3391 3832 3455 3886 τὸ
3482 3833 3685 3902 πρόσω-

2098 3921 2200 3976 πόν
2230 3938 2326 3975 σου
2359 3921 2619 3993 χαλκοῦν.

2187 4013 2352 4083 Ὀψις
2406 4014 2614 4085 πόρνης
2646 4014 2865 4085 ὲγένετό
2923 4033 3027 4085 σοι,
3082 4015 3516 4091 ἀπῃσχύντησας
3560 4014 3688 4087 πρὸς

2098 4121 2334 4165 παντας.

2181 4196 2337 4251 Μετά
2364 4197 2650 4269 θυμώδους
2676 4178 2769 4271 λμὴ
2830 4200 3067 4272 ποιήσῃς
3101 4201 3306 4272 μάχην,
3345 4201 3445 4256 καὶ
3477 4200 3549 4273 μὴ
3579 4199 3686 4253 δια-

2100 4289 2335 4362 πορεύου
2379 4292 2497 4359 μετ’
2544 4290 2709 4346 αὑτοῦ
2762 4291 2863 4364 τὴν
2917 4292 3148 4364 ἔρημον,
3198 4294 3280 4347 ὅτι
3335 4293 3415 4360 ὡς
3462 4294 3608 4348 οὐδὲν
3632 4292 3687 4343 ὲν

2098 4384 2403 4456 ὀφθαλμοῖς
2442 4384 2593 4456 αὐτῷ
2624 4381 2806 4458 αἷμα·
2842 4389 2938 4444 καὶ
2966 4388 3105 4442 ὅπου
3146 4388 3249 4442 οὐκ
3295 4387 3415 4443 ἔστι
3454 4386 3684 4461 βοήθεια,

2102 4477 2411 4532 καταϐαλεῖ
2438 4495 2499 4532 σε
2534 4479 2670 4533 ἐκεῖ.

2179 4573 2258 4627 Οὐ
2291 4572 2584 4643 δυνήσεται
2613 4573 2788 4644 θυμὸς
2841 4575 3026 4646 ἄδικος
3069 4576 3460 4649 δικαιωθῆναι.
3499 4575 3563 4630 Ἥ
3589 4573 3686 4643 γὰρ

2028 4654 2076 4713 D
2107 4666 2251 4739 ῥοπὴ
2284 4665 2380 4720 τοῦ
2413 4666 2592 4737 θυμοῦ
2630 4667 2797 4723 αὑτοῦ
2829 4672 3039 4738 πτῶσις
3068 4671 3239 4744 αὐτῷ.

2178 4762 2353 4828 Ζῆλος
2387 4762 2481 4816 καὶ
2514 4761 2688 4834 θυμὸς
2717 4762 3039 4819 ὲλαττοῢσιν
3069 4765 3308 4836 ἡμέρας.

2176 4852 2354 4926 Κύριε
2406 4853 2839 4925 παντοκράτωρ,
2880 4856 2910 4908 ὁ
2942 4855 3073 4920 Θεὸς
3109 4859 3211 4927 τῆς
3267 4856 3539 4929 σωτηρίας
3570 4866 3685 4923 μου,

2105 4951 2256 5024 ψυχῇ
2283 4949 2477 5023 ἀνδρὸς
2503 4950 2757 5015 ἀναιδοῦς
2791 4948 2869 5021 μὴ
2898 4948 3163 5022 παραδῷς
3198 4967 3291 5020 με.

2177 5043 2279 5115 Μὴν
2303 5041 2584 5117 προπετὴς
2638 5041 2812 5112 γίνου,
2867 5043 2957 5097 ἵνα
3010 5041 3088 5113 μὴ
3117 5041 3378 5114 ὲξαρθῇς.

2144 5168 2153 5177 -
2180 5134 2299 5199 Πᾶς
2330 5135 2359 5187 ὁ
2384 5134 2739 5206 ὀργιζόμενος
2766 5134 2848 5206 τῷ
2896 5132 3124 5205 ἀδελφῷ
3153 5133 3320 5213 αὐτοῦ
3349 5132 3473 5202 είκῆ
3514 5128 3683 5198 ἔνοχος

2109 5228 2264 5283 ἔσται
2292 5229 2361 5298 τῇ
2386 5227 2589 5298 κρίσει.

2204 5319 2265 5373 '0
2295 5319 2447 5390 ἥλιος
2480 5318 2557 5391 μὴ
2581 5318 2847 5373 ἐπιδυέτω
2886 5317 2981 5372 ἐπὶ
3023 5316 3103 5389 τῷ
3125 5313 3492 5388 παροργισμῷ
3522 5309 3680 5382 ὑμῶν,

2114 5411 2252 5483 μηδὲ
2281 5411 2452 5465 δίδοτε
2481 5411 2646 5465 τόπον
2675 5410 2756 5480 τῷ
2782 5410 3040 5483 διαϐόλῳ.

2194 5504 2351 5557 Πᾶσα
2390 5505 2610 5575 πικρία,
2641 5506 2737 5560 καὶ
2765 5503 2961 5574 θυμὸς,
3013 5503 3108 5558 καὶ
3136 5500 3298 5574 ὀργὴ,
3347 5487 3679 5566 καῖ’κραυγίίο

2114 5591 2208 5643 καὶ
2241 5590 2582 5663 βλασφημία,
2608 5592 2833 5664 ἀρθήτω
2859 5593 2953 5663 ἀφ’
2983 5591 3140 5664 ὑμῶν
3170 5593 3269 5646 σὺν
3302 5593 3448 5663 πάσῃ
3470 5583 3648 5652 κακίᾳ.

2195 5681 2452 5739 Ἐπειδὰν
2480 5684 2632 5749 ἅπαξ
2664 5685 3068 5755 παρωσάμενον
3120 5682 3247 5748 τοὺς
3299 5676 3585 5751 λογισμοὺς
3626 5667 3682 5723 τδ

405 5782 749 5854 perturbatio
780 5781 948 5838 animi
979 5780 1323 5837 dominatum
1357 5776 1670 5847 occupavit,
1725 5775 1992 5830 hominem

2118 5775 2288 5840 πάθος
2317 5776 2415 5847 τῆς
2444 5776 2617 5847 ὀργῆς
2648 5776 2747 5848 τὴν
2791 5776 3116 5832 δυναστείαν
3167 5775 3265 5846 τῆς
3308 5770 3485 5846 ψυχῆς
3518 5777 3679 5832 παρα⁶

476 5905 552 5974 (1)
583 5902 753 5957 Juxta
782 5901 1035 5974 Hebraeos
1095 5899 1363 5974 vertitur:
1398 5895 1611 5953 Ventus
1665 5891 2005 5967 aquilonaris
2033 5890 2186 5962 pellit
2215 5890 2452 5964 pluvias,
2479 5900 2535 5949 at
2568 5892 2751 5951 vultus
2780 5905 3032 5969 ‘severus
3059 5890 3306 5964 linguam
3379 5879 3672 5944 absconsim

408 5968 494 6030 nis
519 5968 543 6040 ,’
566 5973 620 6028 id
650 5981 752 6041 est,
783 5986 907 6044 quae
936 5972 1076 6028 clam
1108 5968 1326 6048 ‘dcfert.
