4062 6426
390 375 539 443 ῙΠ3“
1153 369 1334 434 LOCI‘
1363 365 1807 432 COMMUNES.
1835 391 1910 404 -
1937 363 2134 428 PA‘RS
2173 352 2285 427 If.‘
2305 359 2568 424 SERMO
2607 357 2914 422 LXXIII}
2950 344 2952 346 V
3542 356 3702 433 ,11Ήί

386 487 553 559 λάϐῃ,
597 481 892 553 ἀποθηριοϊ
929 481 1213 547 παντελῶς
1245 484 1340 537 τὸν
1371 483 1684 554 ἄνθρωπον,
1723 480 1821 536 καὶ
1852 479 1974 534 οὐδὲ

2089 477 2271 533 eil‘erat
2297 477 2548 543 omnino,
2581 491 2683 533 nec
2707 477 2987 534 hominem
3017 490 3141 534 esse
3167 473 3393 548 patitur,
3425 474 3516 546 qui
3544 491 3574 530 a
3601 487 3693 532 ra.-

387 577 680 647 ἄνθρωπον
708 570 850 630 εἶναι
884 574 1178 645 συγχωρεῖ,
1213 573 1316 628 οὑκ
1338 571 1422 626 έτι
1446 571 1645 644 ἔχοντα
1664 571 1764 643 τὴν
1790 572 1856 624 ὲκ
1883 570 1982 626 τοῦ

2094 573 2236 628 tione
2267 578 2505 644 amplius
2531 571 2795 627 auxilium
2829 572 3051 627 habeat.
3104 570 3242 626 Nam
3297 568 3441 635 quod
3493 577 3580 624 est
3635 567 3698 622 in-

390 665 658 738 λογισμοῦ
689 664 970 737 βοήθειαν.
1023 665 1207 736 Ὀπερ
1238 663 1347 734 γὰρ
1379 664 1492 726 τοῖς
1525 661 1751 726 ίιόόλοις
1785 663 1934 718 ἐστὶν
1956 663 1985 716 ό

2091 668 2376 726 venenatis
2406 683 2703 735 venenum,
2761 667 2814 724 id
2849 675 2932 724 est
2960 667 3016 722 in
3057 665 3288 723 irritatis
3320 672 3374 720 et
3424 662 3695 718 acerbatis

395 761 496 826 ίὸς,
525 760 686 815 τοῦτο
717 763 831 825 τοῖς
861 760 1284 832 παροξυνθεῖσιν
1310 761 1340 814 ό
1367 758 1542 830 θυμὸς
1576 759 1813 827 γίνεται.
2088 761 2194 820 ira.

473 855 690 927 Ὠσπερ
719 855 828 928 γάρ
860 857 915 911 αἱ
949 856 1244 929 χαράδραι,
1279 855 1415 926 πρδς
1441 855 1512 909 τὰ
1545 855 1703 910 κοῖλα
1736 854 1983 926 ῥέουσαι,

2161 855 2641 922 Quemadmodum
2700 855 2848 912 enim
2902 863 3174 910 torrentes
3231 866 3332 924 per
3386 866 3521 907 cava
3571 850 3699 906 loca

395 950 456 1003 τὺ
477 952 779 1021 προστυχὸν
809 949 1248 1021 παρασύρουσιν,
1275 949 1450 1013 οὕτως
1477 949 1533 1004 σί
1556 948 1667 1002 τῶν
1693 947 1994 1019 ὀργιζομέ-

2103 946 2341 1015 luentes,
2383 949 2648 1020 quidquid
2709 949 3015 1004 occurrerit
3081 963 3267 1003 secum
3318 947 3586 1002 trahunt:
3619 945 3707 1002 sic

399 1059 506 1096 νων
527 1043 698 1114 ὁρμαὶ
727 1041 893 1111 βίαιοι
939 1043 1038 1097 καὶ
1069 1040 1458 1109 δυσκάθεκτοι,
1501 1038 1600 1094 καὶ
1625 1039 1725 1093 διὰ.
1763 1038 1989 1094 πάντων

2125 1049 2358 1095 ratorum
2396 1041 2632 1111 impetus
2666 1040 2886 1096 violenti
2916 1049 3068 1100 sunt.
3103 1038 3348 1110 talesque
3377 1046 3443 1093 ut
3473 1036 3729 1094 retinerix

400 1132 676 1207 χωροῦσιν
710 1133 937 1205 ὁμοίως.

2139 1147 2206 1188 on
2235 1142 2458 1203 queant,
2491 1147 2556 1188 ac
2590 1148 2687 1203 per
2715 1132 3176 1189 omniasimiliter
3203 1132 3527 1187 incurrunt:
3740 1164 3743 1186 !

479 1226 555 1279 Ού
591 1224 753 1278 πολιά
779 1228 893 1288 τοῖς
922 1224 1290 1297 θυμουμένοις
1323 1224 1629 1294 αἰδέσιμος,
1685 1222 1789 1278 οὐκ
1817 1220 1989 1294 ἀρετὴ

2163 1224 2322 1281 lratis
2352 1239 2461 1281 non
2487 1224 2796 1280 veneranda
2855 1224 3108 1292 canities,
3158 1238 3269 1280 non
3319 1225 3496 1279 Victus
3553 1224 3717 1290 vitae,

405 1317 544 1387 βίου,
575 1319 674 1373 οὐκ
701 1318 970 1392 οἰκειότης
989 1319 1208 1388 γένους,
1237 1318 1300 1370 ού
1333 1316 1708 1389 προλαϐοῦσαι
1739 1317 1997 1387 χάριτες,

2111 1332 2208 1373 non
2254 1311 2644 1388 propinquitas
2677 1316 2915 1387 generis,
2949 1333 3057 1372 non
3091 1317 3362 1387 prazterita
3413 1317 3715 1374 beneficia.

403 1409 505 1462 οὐκ
533 1408 662 1463 ἄλλο
694 1425 746 1463 τι
783 1408 891 1463 τῶν
943 1409 1204 1464 τοιούτων
1231 1409 1388 1463 οὐδὲν
1417 1408 1606 1480 τίμιον
1642 1407 1775 1479 παρ’
1805 1408 1992 1471 αὐτοῖς

2099 1426 2218 1467 ηοη·
2244 1410 2408 1481 225
2460 1408 2608 1466 aliud
2644 1408 2946 1481 quidquam
2977 1409 3168 1465 talium
3200 1408 3345 1480 apud
3371 1409 3503 1465 tales
3522 1411 3703 1482 magni

404 1504 544 1556 ἐστι.

2097 1505 2433 1561 aestimatur.

485 1597 548 1650 Οἱ
589 1597 942 1668 ὀργιζόμενοι
989 1599 1051 1654 ού
1098 1597 1371 1670 πρότερον
1419 1597 1706 1664 ἵστανται,
1760 1596 1895 1669 πρὶν
1929 1596 1999 1652 ἂν

2171 1597 2302 1654 irati
2335 1615 2444 1656 non
2476 1599 2632 1668 prius
2664 1598 2940 1656 desistunt
2969 1612 3136 1669 quam
3178 1613 3282 1669 per
3333 1614 3592 1668 magnum
3649 1608 3704 1654 et

406 1688 494 1744 διά
523 1691 764 1760 μεγάλου
796 1692 892 1746 καὶ
919 1691 1222 1763 ἀνηκέστου
1247 1691 1446 1760 κακοῦ,
1479 1687 1595 1746 οἷον
1617 1692 1996 1762 πομφόλυγος,

2127 1692 2415 1749 nsanabile
2440 1692 2662 1763 aliquod
2694 1691 2903 1747 malum
2940 1691 3022 1746 ira
3051 1691 3300 1762 ipsorum
3343 1691 3509 1747 veluti
3561 1691 3727 1746 bullae.

406 1781 510 1852 τῆς
555 1784 726 1854 ὀργῆς
757 1785 1113 1856 ἐκραγείσης,
1165 1785 1499 1857 διαπνευσθῇ
1529 1785 1592 1839 τὸ
1638 1784 1994 1854 φλεγμαῖνον.

2104 1791 2384 1851 erumpat,
2409 1792 2467 1840 et
2495 1783 2858 1839 inﬂammatio
2891 1783 3249 1839 discutiatur.
3304 1781 3497 1855 Neque
3559 1787 3705 1840 enim

410 1874 552 1929 υῦτε
581 1876 688 1947 γὰρ
711 1875 895 1946 ξὶφους
915 1879 1094 1949 ἀκμὴ,
1124 1877 1250 1932 οὔτε
1297 1877 1429 1950 πῦρ,
1459 1876 1584 1932 οὗτε
1633 1877 1764 1930 ἄλλο
1791 1893 1845 1930 τι
1882 1874 1996 1930 τῶν

2115 1876 2272 1948 gladii
2305 1877 2477 1944 acies,
2523 1891 2703 1946 neque
2736 1875 2906 1942 ignis,
2967 1890 3144 1944 neque
3201 1875 3348 1930 aliud
3410 1875 3719 1946 quidquam

391 1969 666 2040 ”φο6ερῶν
731 1972 918 2026 ἱκανὸν
974 1973 1074 2043 τὴν
1102 1971 1209 2026 ὑπὸ
1253 1972 1427 2043 ὀργῆς
1457 1972 1784 2040 ὲκμανεῖσαν
1812 1966 1995 2040 ψυχὴν

2118 1986 2288 2026 torum
2328 1985 2450 2040 quae
2486 1970 2725 2024 maxime
2747 1968 3131 2033 titnentur,ira
3165 1966 3432 2022 furentem
3467 1967 3716 2020 animum

413 2064 692 2133 ἐπισχεῖν·
731 2064 793 2118 ού
827 2065 1028 2134 μᾶλλόν
1051 2081 1114 2133 γε
1142 2065 1175 2135 ἢ
1203 2066 1332 2130 τοὺς
1374 2065 1480 2120 ὑπὸ
1508 2066 1784 2136 δαιμόνων
1822 2082 1996 2120 κατα.

2109 2079 2359 2119 eocrcere
2391 2070 2573 2133 potest
2605 2082 2618 2117 :
2651 2077 2759 2118 non
2788 2063 3160 2132 magis-quam
3195 2074 3289 2115 eos
3321 2059 3414 2129 qui
3454 2074 3482 2112 a
3514 2059 3713 2112 (immo-

416 2157 731 2226 σχεθέντας,
783 2152 861 2212 ὧν
919 2159 1071 2212 οὐδὲν
1103 2158 1226 2212 οῦδὲ
1261 2158 1404 2213 κατά
1437 2159 1648 2230 σχῆμα,
1696 2156 1822 2211 οὔτε
1853 2157 2000 2212 κατά

2126 2157 2268 2213 tibus
2305 2156 2556 2226 occupati
2591 2163 2863 2222 tenentur,
2894 2170 2923 2209 a
2953 2155 3154 2221 quibus
3185 2151 3309 2206 irati
3335 2152 3469 2205 nihil
3491 2166 3730 2221 prorsus.

413 2249 512 2320 τὴν
534 2248 717 2320 ψυχῆς
771 2249 1036 2316 διάθεσιν,
1105 2251 1156 2304 οἱ
1206 2250 1566 2322 ὀργιζόμενοι
1620 2249 1998 2322 διαφέρουσιν.

2123 2266 2288 2322 teque
2349 2250 2568 2316 habitu,
2637 2264 2818 2320 neque
2879 2247 3051 2303 animi
3105 2246 3394 2303 aﬂ'ectione
3434 2246 3727 2302 diil‘erunt.

422 2341 782 2412 Ὀρεγόμενοι
813 2344 924 2410 γὰρ
944 2344 1042 2413 τῆς
1061 2341 1493 2415 ἀντιλυπήσεως,
1518 2343 1768 2410 περιζέει
1787 2343 1887 2414 μὲν
1902 2343 2008 2414 τὴν

2123 2344 2246 2401 Sum
2281 2342 2430 2398 enim
2495 2340 2797 2398 ulciscendi
2853 2340 3083 2396 libidine
3147 2339 3461 2409 quempiam
3533 2339 3727 2394 dolore

418 2434 647 2505 καρδίαν
675 2434 736 2487 τὸ
784 2429 949 2503 αἷμα,
982 2436 1174 2505 ὥσπερ
1227 2435 1322 2506 βία
1368 2435 1542 2507 πυρὸς
1600 2437 2008 2508 κυμαινόμενον

2119 2437 2333 2494 allicere
2366 2435 2622 2507 cupiunt,
2653 2442 2767 2490 tum
2801 2433 3122 2504 iissanguis
3149 2432 3297 2488 circa
3330 2447 3428 2488 cor
3487 2432 3723 2487 efferve-

424 2527 517 2582 καὶ
575 2527 880 2597 παφλάζον.
940 2528 1086 2597 Πρὸς
1135 2528 1197 2582 δὲ
1263 2529 1363 2599 τὴν
1422 2531 1750 2600 ἐπιφάνειαν
1777 2530 2016 2602 ὲξανθῆ-

2111 2530 2236 2599 scit,
2271 2528 2432 2599 quasi
2472 2528 2659 2585 calore
2700 2527 2846 2599 ignis
2901 2525 3160 2598 agitatus,
3209 2535 3264 2581 et
3293 2525 3585 2581 ebulliens.
3639 2525 3714 2580 At

424 2639 546 2688 σαν,
591 2623 650 2677 ἐν
699 2621 840 2695 ἄλλῃ
890 2624 1074 2694 μορφῇ
1126 2622 1223 2677 τὸν
1261 2623 1620 2696 ὀργιζόμενον
1674 2625 1867 2691 ἔδειξε,
1905 2623 2009 2695 τὴν

2127 2636 2239 2678 eum
2273 2622 2329 2676 in
2364 2631 2606 2677 extrema
2638 2629 2764 2677 cute
2791 2619 3105 2682 eiliorescit,
3133 2619 3296 2674 aliam
3329 2619 3451 2674 irati
3476 2619 3731 2684 speciem

426 2716 628 2788 συνήθη
661 2718 800 2770 πᾶσι
839 2719 934 2770 καὶ
955 2715 1246 2788 γνωρίμην
1272 2716 1464 2791 ὥσπερ
1500 2736 1555 2774 τι
1585 2720 1886 2791 πρόσωπον
1914 2719 2014 2774 ἐπὶ

2128 2717 2481 2783 demonstrat,
2522 2713 2852 2769 familiarem
2882 2721 2938 2769 et
2990 2722 3176 2769 notam
3236 2712 3495 2770 omnibus
3551 2713 3732 2770 velut-i-

426 2808 632 2880 σκηνῆς
661 2807 997 2874 ὑπαλλάξαν.

2117 2823 2424 2883 personam
2457 2809 2512 2864 in
2545 2821 2712 2865 scena
2737 2807 3055 2864 immutans.

497 2875 682 2970 θυμὸν
702 2899 948 2972 χαλίνου,
980 2902 1056 2973 μὴ
1088 2902 1304 2976 φρενῶν
1329 2902 1438 2972 ἔξω
1469 2900 1672 2978 πέσῃς.

2192 2900 2464 2972 ΤΙιεοιοςιὶ.
2497 2900 2681 2956 Freno
2702 2915 2896 2958 coerce
2924 2901 3086 2968 iram,
3114 2916 3183 2958 ne
3234 2875 3718 2959 mente’excidas.

499 2993 668 3049 οὐδὲν
689 2993 864 3060 οὓτως
893 2995 1247 3069 καθαρότητα
1297 2997 1392 3054 νοῦ
1428 3001 1524 3055 καὶ
1554 3001 1617 3055 τὸ
1647 3001 1839 3066 δκιδὲς
1870 2999 2021 3056 Geloi"

2195 2993 2344 3048 Nihil
2379 3002 2486 3048 tam
2513 2993 2810 3064 puritatem
2837 3002 2893 3050 et
2923 2994 3336 3066 limpit-udinem.
3365 2997 3549 3051 turbat
3575 3012 3731 3052 men-

426 3085 536 3140 τῶν
581 3087 819 3170 φρενῶν,
852 3087 928 3153 ὥς
959 3088 1132 3160 θυμὸς
1187 3091 1448 3160 ἄτακτος,
1478 3093 1578 3149 καὶ
1613 3095 1753 3166 μετά
1807 3094 2018 3167 πολλῆς

2137 3087 2218 3155 Lis,
2254 3097 2423 3159 atque
2456 3085 2537 3142 ira
2565 3086 2946 3157 immoderata,
2971 3103 3094 3160 quae
3110 3088 3283 3145 ωυΙιο
3302 3089 3505 3160 impetu
3531 3089 3741 3148 fertur.

427 3179 526 3249 τῆς
561 3178 743 3250 ῥύμης
773 3179 1096 3251 φερόμενος.
2051 3181 2099 3244 ο

499 3273 658 3326 Ποῖον
693 3271 839 3327 οὕτω
861 3272 1050 3344 θηρίον
1069 3273 1222 3345 ὠμὸν
1256 3275 1352 3331 καὶ
1376 3275 1681 3348 ἀνήμερον,
1709 3275 1783 3338 ὡς
1818 3276 2017 3345 δύσορ⁸

2189 3269 2248 3327 S.
2275 3269 2483 3342 Cyrilli.
2515 3270 2648 3338 Quas
2673 3269 2785 3326 fera
2813 3269 2952 3327 adeo
2980 3269 3222 3328 crudeiis
3251 3281 3307 3326 et
3335 3269 3590 3326 immanis
3623 3279 3729 3333 est,

429 3379 526 3431 γος
548 3361 691 3434 ἀνὴρ
730 3365 825 3418 καὶ
855 3364 1087 3435 ἀκράτῳ
1116 3364 1277 3437 θυμῷ
1295 3367 1770 3438 τυραννούμενος;
1797 3366 1928 3421 ποία
1956 3367 2018 3422 δὲ

2143 3364 2524 3431 ttiracundus,
2557 3375 2611 3422 et
2638 3366 3012 3436 intemperata:
3047 3365 3145 3440 irae
3171 3365 3398 3436 imperio
3428 3365 3680 3422 subditus
3708 3366 3747 3422 Υ·

429 3455 572 3510 οῦσω
598 3455 864 3522 θάλασσα,
909 3456 1188 3529 ραγδαίων
1233 3459 1827 3534 αύτῇικαταχεομένων
1852 3477 2017 3515 πνευ-

2126 3461 2230 3516 Aut
2259 3459 2404 3530 quod
2437 3474 2590 3516 mare
2620 3459 2757 3514 adeo
2794 3459 3213 3514 vehementibus
3241 3458 3421 3514 ventis
3461 3459 3730 3525 agitatum

435 3551 653 3620 μάτων,
706 3553 830 3615 ταῖς
863 3551 1218 3622 ἑγκειμέναις
1249 3552 1482 3623 πέτραις
1539 3555 1898 3626 ὲρῤήγνυται,
1942 3555 2021 3620 ὡς

2137 3563 2176 3609 at
2205 3552 2505 3625 impulsum
2537 3553 2604 3607 ad
2646 3567 2788 3607 saxa.
2809 3552 3061 3617 illiditur,
3093 3561 3158 3606 ut
3179 3551 3346 3607 homo
3401 3550 3620 3606 clIrenis
3675 3566 3741 3616 ει

433 3643 573 3712 ἀνὴρ
607 3641 908 3706 ἀκάθεκτος
936 3644 1031 3696 καὶ
1059 3643 1262 3714 δριμὺς
1293 3646 1390 3700 καὶ
1431 3646 1686 3717 ἀχάλινος
1713 3649 1796 3710 εἰς
1819 3647 2024 3719 ὁρμὰς,

2132 3661 2307 3715 asper,
2338 3645 2548 3716 quique
2579 3645 2730 3699 nullo
2761 3645 2922 3700 modo
2962 3645 3193 3700 retineri
3222 3653 3415 3714 potest,
3468 3643 3600 3714 quin
3641 3643 3736 3697 ira:

433 3735 526 3788 καὶ
549 3734 676 3797 ὅλας
703 3733 891 3804 ὥσπερ
915 3733 994 3804 τῷ
1015 3734 1182 3788 πάθει
1210 3735 1390 3800 διδοὺς
1419 3737 1520 3801 τάς
1547 3737 1704 3809 ἡνίας
1727 3753 1744 3804 ;

2128 3748 2335 3810 pareat,
2358 3745 2413 3792 et
2448 3747 2589 3792 totas
2622 3737 2942 3792 libidinibus
2975 3737 3120 3792 laxet
3151 3735 3395 3792 habenas
3421 3736 3442 3788 ?

523 3828 588 3880 [δ
635 3827 954 3896 ὀργίζεσθαι
1007 3826 1144 3899 παρ’
1206 3829 1342 3899 ἡμῖν
1390 3829 1555 3901 μέχρι
1586 3831 1694 3885 -τοῦ
1726 3831 1924 3886 παύειν
1953 3830 2025 3886 τὰ
2124 3823 2127 3826 ⁴

2203 3831 2450 3902 Dionysii
2474 3833 2626 3886 Alex.
2661 3831 2830 3888 Irasci
2868 3832 3011 3902 apud
3041 3846 3143 3889 nos
3175 3846 3241 3887 eo
3271 3846 3452 3902 usque
3477 3829 3739 3886 extenda-

434 3917 811 3989 ἁμαρτήματα
833 3921 1346 3992 περιορισθήσεται;
1367 3922 1689 3993 Ὀργίζεσθε
1717 3928 1850 3995 γὰρ,
1867 3926 2023 3996 φησὶ,

2135 3934 2221 3981 tur
2252 3926 2382 3979 dum
2415 3935 2640 3995 peccata
2669 3925 2852 3980 sedet.
2877 3925 3182 3980 lrascimini
3215 3927 3391 3989 enim,
3456 3923 3655 3993 inquit,
3683 3932 3739 3978 et

400 4011 533 4065 ,καὶ
565 4013 640 4080 μὴ
692 4011 1060 4081 ἁμαρτάνετε.
1102 4013 1214 4066 Καὶ
1240 4013 1304 4067 τὸ
1331 4014 1561 4083 ἀκριϐὲς
1601 4016 1852 4089 κριτικὸν
1877 4032 1999 4086 παρ

2135 4034 2200 4074 ne
2231 4021 2490 4088 peccetis.
2532 4019 2599 4074 Et
2628 4034 2904 4074 summum
2935 4021 3024 4089 jus
3049 4018 3332 4076 vitandum
3365 4027 3470 4083 est,
3506 4003 3739 4074 cnm'di-

438 4103 722 4174 αιτητέον,
775 4101 871 4156 τοῦ
914 4101 1342 4165 Ἐκκλησιαστοῦ
1378 4103 1632 4174 λέγοντος
1652 4120 1666 4134 ·
1699 4123 1720 4158 ι
1749 4104 1842 4176 Μὴ
1871 4105 2032 4176 γίνου

1871 4105 2032 4176 γίνου
2133 4121 2218 4165 cat
2256 4111 2618 4168 Ecclesiastes
2658 4133 2671 4168 :
2711 4108 2818 4166 «Ne
2849 4111 2927 4166 sis
2949 4109 3131 4182 justus
3159 4111 3450 4167 multum.)

437 4194 646 4258 δίκαιος
673 4193 831 4249 πολύ.
867 4213 888 4247 ι

511 4287 682 4357 Θυμῷ
753 4286 990 4360 μάλιστα
1043 4287 1126 4341 δεῖ
1179 4287 1488 4361 κυϐερνήτῃ
1548 4288 1808 4359 χρῆσθαι.
1845 4291 2034 4344 Kan-

2207 4298 2306 4353 ιντο
2338 4297 2573 4353 maxime
2599 4313 2736 4366 opus
2763 4304 2850 4352 est
2905 4296 3270 4368 gubernatore
3300 4311 3315 4350 :
3351 4307 3474 4348 nam
3536 4290 3581 4346 si
3639 4305 3740 4361 gn.-

441 4379 663 4449 ληφθεὶς
691 4378 803 4450 γάρ
829 4377 1227 4450 ἀκυϐέρνητος,
1265 4380 1378 4434 ἀνω
1410 4383 1506 4435 καὶ
1533 4384 1686 4435 κάτω
1713 4383 2030 4453 κυκώμενος

2138 4395 2429 4450 bernatore
2461 4402 2662 4454 careat,
2696 4407 2913 4448 sursum
2949 4400 3003 4446 et
3031 4391 3289 4445 deorsum
3324 4387 3525 4457 agitata
3565 4384 3740 4438 [inetia-

443 4470 549 4524 ὑπὸ
579 4469 741 4524 σάλου
777 4469 870 4523 καὶ
910 4467 1204 4534 κλύδωνος,
1235 4469 1334 4539 τὴν
1372 4469 1556 4541 ψυχὴν
1588 4472 1740 4541 ὅλην,
1772 4471 2030 4542 καθάπερ

2146 4485 2245 4540 bus
2282 4491 2339 4539 et
2401 4483 2682 4553 procellis,
2735 4482 2974 4535 animam
3044 4488 3213 4534 totam
3255 4475 3415 4546 quasi
3480 4473 3750 4544 scapham

443 4563 839 4633 ἀνερμάτιστον
868 4561 1101 4633 σκάφος,
1133 4563 1458 4635 ἀνατρέψει,
1495 4564 1908 4636 συνανατρέψας
1939 4567 2036 4621 καὶ

1961 4567 2036 4621 ἀἱ
2068 4561 2113 4592 ν
2144 4577 2320 4636 fundo
2341 4584 2618 4632 carentem
2650 4581 2877 4639 evertet,
2907 4586 3140 4642 corpore
3159 4569 3327 4626 simul
3353 4582 3565 4624 everso.

443 4658 504 4712 τδ
538 4658 722 4726 σῶμα.

1027 4771 1249 4828 ΛΟΓΟΣ
1291 4773 1414 4830 OI".
1647 4768 1654 4777 ’
2495 4787 2626 4844 SER

2495 4785 2731 4844 SERMO
2767 4783 2978 4841 LXXIII
3011 4783 3109 4856 [aL
3140 4781 3410 4854 XXXIV].
3448 4766 3453 4774 ’

540 4864 680 4935 Περὶ
707 4865 1370 4934 ταπεινοφρονούντων.
1406 4867 1511 4924 και
1546 4868 1801 4940 πτωχῶν
1827 4865 1910 4936 τῷ

1076 4938 1397 5007 πνεύματι.

1847 4865 1910 4936 τῷ
2424 4879 2500 4934 De
2525 4878 2777 4933 modestis
2803 4888 2852 4934 et
2882 4876 3074 4947 spiritu
3107 4875 3451 4946 pauperibus.

533 5027 882 5100 Ἀποκριθεὶς
933 5029 1188 5102 Ἀϐραάμ
1219 5027 1410 5087 εἶπεν·
1463 5031 1583 5087 Νῦν
1629 5031 1890 5106 ἠρξάμην
1937 5033 2038 5090 ita-

2212 5035 2342 5093 Gen.
2375 5051 2530 5090 xvm.
2549 5033 2913 5103 Respondens
2929 5031 3274 5090 Abrahamus
3301 5029 3516 5094 :Nnnc,
3543 5029 3745 5098 inquit,

449 5119 616 5188 λῆσαι
648 5118 788 5191 πρὸς
821 5118 916 5172 τὸν
944 5118 1156 5190 Κύριόν
1201 5137 1344 5193 μουο
1398 5121 1514 5194 ἐγὼ
1561 5122 1622 5178 δέ
1666 5124 1784 5196 ειμι
1829 5121 1903 5194 γῆ
1941 5124 2039 5178 καὶ

454 5210 674 5266 σποδός.

2140 5130 2275 5199 εωρί
2303 5130 2449 5199 loqui
2484 5142 2608 5184 cum
2634 5127 2868 5184 Domino
2901 5141 3048 5197 meo,
3076 5141 3202 5182 cum
3235 5133 3418 5182 tamen
3443 5124 3547 5181 sim
3601 5133 3744 5179 terra

2145 5232 2199 5266 ρι
2237 5221 2397 5266 cinis-

454 5221 652 5275 σποδός
656 5250 674 5267 ο

2145 5232 2199 5278 ει
2237 5221 2397 5276 cinis.

524 5298 662 5357 Εῐπε
690 5301 857 5359 Δαυῒδ
902 5303 1046 5375 πρὸς
1081 5304 1317 5362 ’Δῦεσσά
1334 5321 1354 5342 ο
1391 5282 1600 5378 Ἅφετε
1649 5307 1819 5364 αὐτὸν
1867 5325 2039 5364 κατα-

2219 5314 2285 5372 ΙῙτ
2322 5315 2446 5387 Reg.
2473 5331 2585 5372 1m.
2619 5315 2767 5372 Dixit
2788 5313 2960 5370 David
2992 5313 3056 5370 ad
3088 5314 3296 5371 Abessa
3337 5330 3352 5368 :
3389 5311 3564 5368 Sinite
3623 5325 3751 5365 eum

459 5395 752 5466 μάσασθαι,
782 5397 866 5450 ὅτι
896 5391 1053 5451 εῐπεν
1076 5396 1224 5467 αὐτῷ
1253 5400 1282 5453 ό
1308 5399 1462 5466 Θεὸς,
1486 5399 1542 5453 εί
1561 5415 1680 5463 πως
1708 5399 1807 5454 ἴδοι
1834 5397 2044 5471 Κύριος

2151 5409 2440 5465 maledicta
2481 5407 2688 5479 jacere,
2716 5407 2843 5479 quia
2872 5406 3131 5480 dixitipsi
3162 5406 3330 5472 Deus,
3395 5408 3441 5462 si
3474 5422 3583 5478 qua
3637 5406 3753 5475 ﬁeri

456 5489 559 5561 τὴν
593 5488 932 5544 ταπείνωσιν
957 5506 1086 5560 μου,
1116 5490 1214 5545 καὶ
1238 5491 1560 5565 ἐπιστρέψει
1589 5510 1682 5564 μοι
1709 5491 1892 5563 ἀγαθά
1919 5493 2043 5548 ἀντὶ

2151 5499 2327 5571 possit
2351 5508 2412 5554 ut
2464 5499 2733 5555 Dominus
2779 5497 2962 5555 videat
3019 5499 3394 5555 humilitatem
3448 5512 3650 5562 meam,
3699 5506 3755 5551 et

457 5582 560 5653 τῆς
588 5580 837 5653 κατάρας
863 5580 1030 5637 αὐτοῦ
1055 5584 1123 5654 τῇ
1157 5585 1345 5657 ἡμέρᾳ
1365 5585 1562 5658 ταύτῃ.

2157 5592 2382 5647 redeant
2407 5592 2473 5646 ad
2509 5605 2594 5647 me
2629 5592 2773 5647 bona
2800 5607 2900 5664 pro
2935 5591 3231 5650 maledicto
3259 5600 3316 5648 et
3371 5591 3755 5647 exsecratione

2150 5679 2312 5736 istius
2327 5677 2444 5752 hoc
2478 5680 2598 5751 ipso
2626 5681 2736 5738 die.

533 5758 822 5826 Κύφοντας
852 5759 1171 5833 ὀφθαλμοὺς
1198 5762 1360 5828 σώζει
1391 5763 1420 5817 ό
1453 5763 1606 5827 Θεός.

2222 5757 2347 5829 lati.
2388 5771 2668 5832 Demissos
2697 5776 2888 5834 oculos
2915 5775 3060 5834 Deus
3089 5776 3301 5835 liberat.

547 5847 742 5923 ’Δκοὴν
782 5851 932 5918 ὠτὸς.
980 5853 1179 5927 ἦκουόν
1229 5873 1326 5912 σου
1376 5857 1439 5912 τὸ
1492 5857 1796 5932 πρότερον,
1851 5859 1951 5918 νῦν
1981 5860 2040 5918 δδ

2215 5866 2400 5956 Antea
2427 5867 2656 5929 auribus
2687 5879 2737 5930 ιε
2762 5869 2966 5938 audivi,
2996 5885 3144 5928 nunc
3167 5885 3295 5929 vero
3349 5885 3504 5928 meus
3553 5867 3753 5928 oculus
