4062 6408
354 420 487 485 1177

1111 428 1282 489 LOCI
1324 428 1766 495 COMMUNES.
1812 458 1882 471 -
1912 434 2109 498 PARS
2140 437 2218 500 Il.
2255 438 2515 501 SERMO
2554 437 2835 499 LXX'III.

3482 436 3626 503 1178

420 542 512 613 Μὴ
541 539 608 594 τά
646 541 828 614 ὑψηλὰ
856 543 1119 615 φρονῆτε,
1148 544 1286 603 ἀλλά
1309 548 1424 610 τοῖς
1466 549 1749 612 ταπεινοῖς
1792 566 1916 603 συν·

2110 548 2305 609 Videte
2335 566 2403 611 ne
2436 570 2537 610 vos
2562 552 2705 609 elate
2734 549 2964 624 geratis,
2996 548 3089 606 sed
3116 546 3344 619 abjectis
3370 556 3423 604 et
3446 546 3628 605 humi-

347 635 651 701 απάγεσθε.

419 728 501 798 Τῇ
526 731 1002 804 ταπεινοφροσύνῃ
1044 733 1309 805 ἀλλήλους
1358 735 1581 806 ἡγεῖσθε
1629 736 1930 809 ὑπερέχον-

347 837 446 883 τας
471 820 704 888 ἑαυτῶν,
740 823 817 894 μὴ
847 824 916 879 τά
943 826 1155 881 ἑαυτῶν
1182 826 1540 896 σκοποῦντες,
1573 828 1713 884 ἀλλὰ
1736 830 1831 883 καὶ
1861 829 1929 884 τὰ

347 910 571 979 ἐτέρων.

432 1003 492 1058 '0
526 1004 658 1070 Θεὸς
686 1006 835 1077 ἡμᾶς
861 1008 989 1073 τοὺς
1019 1009 1355 1075 ἀποστόλους
1398 1011 1664 1084 ἐσχάτους
1711 1013 1929 1068 ἀπέδει-

349 1098 458 1163 ξεν,
498 1098 577 1163 ὡς
599 1098 1024 1167 ἐπιθανατίουςο
1065 1103 1148 1159 ὄτι
1195 1104 1423 1175 θέατρον
1467 1105 1816 1178 ἐγενήθημεν
1846 1106 1927 1179 τῷ

300 1216 313 1223 ~
347 1191 561 1263 κόσμῳ,
601 1196 698 1247 καὶ
725 1193 1008 1263 ἀγγέλοις,
1038 1197 1134 1251 καὶ
1163 1195 1501 1266 ἀνθρώποις.

435 1282 526 1348 Ὦς
585 1281 1051 1356 περικαθάρματα
1106 1288 1451 1360 ἐγενήθημεν
1500 1290 1595 1344 τοῦ
1669 1288 1925 1361 κόσμου,

344 1374 566 1429 πάντων
594 1375 885 1447 περίψημα
910 1376 1018 1441 ἐως
1038 1377 1185 1449 ἄρτι.

315 1528 317 1539 ⁴
415 1466 802 1538 Ταπεινώθητε
836 1466 1070 1524 ἐνώπιον
1106 1469 1336 1541 Κυρίου,
1370 1470 1467 1526 καὶ
1516 1470 1724 1542 ὑψώσει
1756 1473 1923 1544 ὑμᾶς.

314 1544 325 1589 ξ
428 1555 489 1610 σο
518 1556 651 1621 Θεδς
697 1558 1069 1630 ὑπερηφάνοις
1111 1560 1520 1628 ἀντιτάσσεται,
1553 1563 1833 1626 ταπεινοῖς
1865 1562 1925 1617 δέ

343 1647 530 1703 δίδωσι
576 1648 760 1720 χάριν.
791 1649 1179 1720 Ταπεινώθητε
1213 1649 1309 1707 οῦν
1361 1652 1467 1708 ὑπὸ
1512 1653 1616 1725 τὴν
1650 1653 1924 1725 κραταιάν

343 1743 503 1812 χεῖρα
540 1740 636 1795 τοῦ
669 1740 826 1808 Θεοῦ,
856 1741 947 1796 ἵνα
978 1743 1125 1814 ὑμᾶς
1154 1743 1349 1817 ὑψώσῃ
1390 1746 1449 1799 ἐν
1483 1743 1662 1817 καιρῷ
1699 1745 1924 1799 ἐπισκο-

344 1850 475 1903 πης.

2031 643 2175 699 libus
2193 660 2292 700 vos
2320 645 2765 701 accommodate.

2104 732 2344 803 Philipp.
2374 750 2439 789 tt.
2466 732 2572 791 Per
2595 734 2963 789 humilitatem
2994 733 3163 788 animi
3192 732 3360 787 alium
3392 731 3626 802 quisque

2032 823 2139 880 sibi
2171 824 2502 880 antecellere
2552 824 2870 879 existimato
2896 864 2912 889 ,
2952 839 3061 880 non
3114 837 3292 881 vestra
3336 823 3624 881 commoda

2030 927 2294 987 spectate,
2323 918 2417 973 sed
2447 918 2615 973 etiam
2649 918 2907 973 aliorum.

2104 1005 2134 1061 1
2171 1007 2299 1063 Cor.
2330 1022 2405 1063 tv.
2441 1007 2587 1063 Deus
2636 1024 2735 1065 nos
2780 1009 3055 1080 apostolos
3102 1018 3410 1078 postremos
3450 1009 3575 1064 fecit
3604 1052 3620 1075 ,

2034 1098 2196 1169 quasi
2242 1098 2403 1155 morti
2457 1100 2733 1166 addictos,
2778 1088 2921 1170 ‘quia
2962 1102 3336 1169 spectaculum
3371 1101 3495 1156 iacti
3531 1118 3621 1155 su-

2029 1205 2154 1244 mus
2191 1190 2396 1244 mundo
2428 1200 2482 1245 et
2519 1191 2731 1261 angelis
2758 1200 2811 1245 ct
2847 1192 3179 1248 hominibus.

2105 1282 2278 1349 Quasi
2316 1282 2507 1337 mundi
2554 1292 2912 1353 purgamenta
2948 1284 3071 1339 facti
3102 1300 3292 1341 sumus
3317 1323 3334 1351 ,
3371 1285 3614 1339 omnium

2029 1372 2332 1441 peripsema
2366 1386 2540 1441 usque
2570 1370 2773 1427 adhuc.

2096 1459 2219 1517 Jac.
2252 1460 2631 1517 llumiliamini
2662 1478 2847 1519 coram
2884 1463 3144 1530 Domino,
3174 1473 3229 1518 et
3253 1465 3615 1520 extolletvos.

2100 1558 2136 1611 1
2160 1554 2307 1611 Petr.
2343 1571 2396 1611 ν.
2432 1555 2697 1627 Superbis
2736 1556 2881 1614 Deus
2907 1558 3137 1625 resistit,
3174 1558 3474 1613 humilibus
3514 1575 3615 1612 au-

2027 1654 2136 1703 tem
2186 1647 2280 1702 dat
2326 1647 2591 1719 gratiam.
2625 1628 3003 1704 iiumiliamini
3044 1649 3210 1720 igitur
3252 1649 3354 1705 sub
3408 1649 3613 1718 potenti

2026 1754 2194 1795 manu
2237 1738 2357 1806 Dei,
2388 1748 2449 1795 ut
2486 1755 2586 1797 vos
2609 1741 2814 1797 exaltet
2839 1740 2895 1796 in
2933 1748 3178 1813 tempore
3201 1741 3559 1798 visitationls.
3609 1764 3613 1773 ·

318 1928 327 1964 ί
408 1892 737 2003 ’ίὶμήχανον
763 1923 873 1994 ξτδν
902 1926 979 1997 μὴ
1023 1926 1457 1998 καταδεξάμενον
1500 1927 1561 1981 τὸ
1611 1926 1747 1999 πρὸς
1782 1926 1916 1982 πάν-

2102 1917 2163 1975 S.
2196 1918 2413 1976 Basilii.
2448 1919 2591 1975 Fieri
2642 1936 2747 1977 non
2783 1930 3007 1992 potest,
3038 1931 3097 1977 ut
3131 1924 3175 1978 is
3211 1923 3300 1992 qui
3340 1938 3450 1977 non
3488 1923 3613 1977 inli-

341 2029 440 2077 τας
473 2013 697 2077 ὑποδεὲς
746 2018 842 2072 καὶ
885 2016 1136 2087 ἔσχατον,
1183 2019 1479 2089 δυνηθῆναί
1522 2036 1652 2074 ποτε
1686 2020 1719 2090 ἢ
1757 2020 1926 2073 λοιδο-

343 2105 628 2175 ρούμενον,
677 2106 850 2178 θυμοῦ
895 2110 1189 2180 κρατῆσαι,
1235 2110 1270 2182 ἢ
1321 2110 1657 2180 θλιϐόμενον,
1693 2111 1781 2165 διὰ
1817 2130 1922 2183 μα-

339 2199 649 2270 κροθυμίας
689 2199 1079 2272 περιγενέσθαι
1108 2202 1218 2257 τῶν
1252 2201 1603 2274 πειρασμῶν.

302 2378 313 2433 ἱ
408 2380 715 2452 Γυμνάσιον
755 2380 1275 2452 ταπεινοφροσύνης,
1306 2381 1340 2453 ή
1367 2383 1425 2435 ἐν
1465 2384 1579 2448 τοῖς
1609 2384 1923 2438 εὐτελεστέ-

339 2489 455 2544 ροις
508 2471 801 2541 πράγμασι
848 2471 1122 2543 διατριϐὴ,
1149 2471 1229 2541 ito
1262 2472 1436 2538 πάθος
1467 2476 1568 2545 τῆς
1614 2475 1921 2546 φιλοδοξίας

337 2562 741 2632 θεραπεύουσα.

406 2654 692 2709 Δείκνυσιν
743 2654 877 2725 ἡμῖν
904 2654 933 2709 ό
964 2653 1172 2726 Κύριος
1215 2655 1464 2728 ἀρίστην,
1497 2655 1617 2711 ὁδὸν
1660 2654 1922 2727 ὑψώσεως

334 2746 435 2817 τὴν
470 2748 823 2802 ταπείνωσιν.

408 2837 789 2894 Tir-cansam
854 2839 997 2912 μετὰ
1048 2840 1153 2914 τῆς
1217 2838 1460 2907 εὐδοξίας
1510 2841 1624 2912 ἔχει
1676 2841 1771 2897 καὶ
1817 2840 1919 2915 τὴν

333 2932 659 2999 ἀσφάλειαν.

409 3025 680 3094 Κρεῖσσον
712 3023 843 3079 ὅντα
898 3023 1063 3096 σοφδν
1108 3022 1367 3096 ὑφίεσθαι
1412 3023 1483 3079 δι’
1521 3025 1912 3099 ἐπιείκειαν,ή

328 3116 564 3189 ἀμαθῶς
594 3114 789 3187 ἔχοντα
812 3116 902 3171 διὰ
920 3116 1120 3189 θράσος
1150 3118 1658 3189 ὑπερεκτείνεσθαι.

405 3297 497 3367 Μὴ
528 3298 587 3351 ἐν
612 3295 806 3367 ἐσθῆτι
825 3296 886 3351 τδ
906 3295 1161 3352 ταπεινὸν
1191 3294 1410 3369 ἔχωμεν
1442 3295 1629 3367 μόνον,
1656 3295 1795 3350 ἀλλά
1818 3296 1917 3351 καὶ

331 3390 398 3443 ἐν
443 3387 625 3459 ψυχῆς
677 3388 1093 3460 καταστήματι⁸
1140 3388 1277 3460 μηδέ
1325 3387 1523 3461 θρύψις
1577 3388 1831 3459 αὐχένος,
1877 3388 1914 3460 ἢ

330 3480 522 3550 φωνῆς
548 3476 822 3548 ὖφεσις,ἤ
855 3477 1149 3550 προσώπου
1180 3479 1388 3546 νεῦσις,
1413 3479 1446 3551 ἦ
1478 3479 1643 3551 βάθος
1672 3479 1913 3551 ὑπήνης,

328 3571 366 3642 ἢ
429 3568 761 3641 βαδίσματος
812 3564 946 3643 ἦθος
990 3570 1053 3625 τὸ
1113 3571 1372 3627 ταπεινὸν
1426 3572 1795 3645 ὑποκρίνοιτο,
1847 3575 1917 3629 τά

330 3660 475 3732 πρὸς
515 3659 698 3729 ὀλίγον
746 3661 1095 3732 τυπούμενα,
1144 3662 1240 3718 καὶ
1280 3663 1511 3735 τάχιστα
1561 3665 1914 3735 ἐλεγχόμενα.

330 3755 453 3809 Πᾶν
481 3753 591 3825 γὰρ
625 3754 654 3809 δ
690 3755 1065 3828 προσποιητὺν
1111 3754 1234 3809 οὐδὲ
1278 3757 1535 3826 μόνιμον.
1584 3756 1725 3812 Ἀλλ’
1761 3750 1915 3830 ὦμεν

330 3844 531 3917 ὑψηλοὶ
564 3845 666 3916 μὲν
692 3846 772 3918 τῷ
817 3847 942 3919 βίῳ,
970 3846 1215 3902 ταπεινοὶ
1241 3847 1300 3902 δὲ
1322 3847 1403 3919 τῷ
1435 3848 1742 3919 φρονήματι
1761 3860 1779 3879 ⁰
1816 3848 1915 3903 καὶ

327 3938 436 4008 τὴν
468 3937 569 4008 μὲν
607 3939 811 4010 ἀρετὴν
865 3939 1175 4011 ἀπρόσιτοι,
1222 3939 1324 4012 τὴν
1376 3941 1666 3995 συνουσίαν
1710 3940 1769 3995 δὲ
1815 3942 1913 3997 καὶ

327 4030 455 4083 λίαν
494 4029 833 4101 εὐπρόσοδοι.
893 4030 1182 4085 Πολιτικοῦ
1231 4030 1334 4101 μὲν
1378 4032 1490 4103 γάρ
1550 4031 1713 4102 ἔργον
1768 4027 1913 4087 εἶναι

332 4123 403 4198 [Γ.
429 4117 605 4195 οἴμαι]
637 4122 817 4178 πάντα
857 4124 1031 4177 ποιεῖν
1060 4124 1157 4178 καὶ
1184 4122 1390 4193 λέγειν,
1419 4124 1479 4192 ἐξ
1508 4118 1585 4178 ὧν
1621 4125 1913 4197 εὐδοκιμή-

333 4230 422 4269 σει
453 4215 607 4284 παρὰ
637 4212 732 4267 τοῦ
783 4212 848 4286 [Ι.
879 4212 1012 4287 τῶν]
1043 4213 1277 4280 ἔξωθεν·
1313 4214 1688 4286 πνευματικοῦ
1729 4215 1787 4269 δὲ
1817 4215 1913 4270 καὶ

330 4303 433 4360 τοῦ
457 4304 582 4358 καθ’
605 4305 757 4376 ἡμᾶς
779 4305 915 4376 πρὸς
942 4304 1002 4358 ἓν
1033 4305 1196 4375 μόνον
1215 4304 1464 4375 βλέπειν,
1492 4307 1593 4379 τήν
1612 4308 1909 4379 σωτηρίαν,

330 4399 369 4470 ἦ
397 4414 458 4452 τε
493 4396 756 4468 ἁπλότης,
786 4398 882 4454 καὶ
904 4398 964 4452 τὸ
987 4398 1084 4453 τοῦ
1108 4399 1279 4471 ήθους
1306 4397 1493 4456 ἀδολόν
1522 4415 1584 4456 τε
1610 4401 1707 4455 καὶ
1732 4402 1911 4475 ἀμνηει

336 4491 589 4548 σίκακον.

409 4777 577 4834 Οὐδὲν
609 4775 784 4843 οὕτως
804 4775 884 4848 τῷ
907 4776 1026 4848 Θεῷ
1053 4775 1228 4848 φίλον,
1250 4775 1330 4842 ῶς
1356 4774 1419 4831 τδ
1442 4773 1583 4848 μετά
1608 4775 1722 4831 τῶν
1748 4774 1913 4846 ἐσχά-

332 4890 445 4929 των
465 4871 661 4927 ἐαυτδν
681 4869 1010 4942 ἀριθμῆσαι.
1836 4880 1837 4883 ‘

406 4990 520 5058 Οὐχ
548 4986 721 5051 οὕτως
753 4987 845 5040 τὸν
874 4986 1279 5059 ἁμαρτάνοντα,
1306 4984 1385 5049 ὡς
1416 4983 1509 5040 τὸν
1535 4981 1910 5057 κατορθοῦντα

335 5079 441 5152 χρὴ
468 5079 805 5151 μετριάζειν.
1322 5156 1323 5159 η

408 5191 891 5265 Ταπεινοφροσύνη
925 5195 1043 5248 ἐστὶ
1074 5193 1137 5248 τὸ
1166 5191 1370 5265 ὑψηλὸν
1394 5192 1528 5248 ὄντα
1572 5190 1687 5247 ἀπὸ
1708 5206 1910 5263 κατορ-

336 5283 605 5357 θωμάτων
633 5286 921 5340 ταπεινοῦν
947 5285 1119 5341 αὐτὸν
1142 5285 1253 5340 ἀπὸ
1287 5285 1557 5349 διανοίας.

409 5400 617 5472 Μηδεὶς
643 5402 843 5455 ἄπονον
873 5400 1071 5455 οἰέσθω
1104 5402 1201 5455 καὶ
1243 5400 1386 5470 μετά
1428 5401 1713 5473 ῥᾳστώνης
1743 5399 1911 5455 ἐκπο-

335 5494 620 5565 ριζόμενον
644 5494 707 5547 τὸ
724 5494 825 5564 τῆς
851 5493 1355 5564 ταπεινοφροσύνης
1375 5492 1733 5564 κατόρθωμα.
1777 5490 1911 5561 Ἐμ-

333 5585 544 5655 πιφυκε
574 5585 683 5655 γὰρ
715 5585 777 5639 τὸ
816 5585 958 5640 κατά
986 5587 1084 5655 τὴν
1115 5584 1348 5656 ἔπαρσιν
1370 5584 1545 5647 πάθος
1572 5583 1738 5639 παντὶ
1768 5599 1895 5653 σχε-

330 5675 421 5728 δὸν
448 5676 525 5746 τῷ
549 5676 820 5731 κοινοῦντι
850 5677 952 5745 τῆς
993 5676 1340 5748 ἀνθρωπίνης
1368 5675 1608 5747 φύσεως.
1642 5677 1736 5729 Διδ
1768 5675 1904 5729 πάν-

331 5781 441 5819 των
472 5768 582 5821 τῶν
630 5766 752 5821 κατ’
778 5769 982 5843 ἀρετὴν
1023 5768 1498 5843 ἐπιτηδευομένων
1549 5767 1710 5823 τοῦτό
1751 5770 1907 5825 ἐστιν

338 5855 759 5929 ἐπιπονώτερον.

2030 2028 2176 2067 mam
2209 2024 2261 2070 et
2288 2021 2626 2085 postremam
2675 2025 2878 2071 sortem
2905 2017 3006 2072 sibi
3030 2032 3187 2088 aequo
3216 2016 3401 2072 animo
3426 2018 3613 2074 feren-

2031 2107 2158 2160 dam
2214 2122 2515 2176 persuasus
2561 2108 2698 2173 sit,‘
2734 2118 2829 2163 aut
2881 2109 2924 2165 si
2976 2110 3285 2165 convicium
3341 2109 3443 2180 ipsi
3494 2110 3608 2175 fiat,

2027 2196 2162 2252 iram
2197 2198 2551 2269 comprimat,
2607 2208 2703 2254 aut
2744 2201 2790 2256 si
2820 2211 3121 2271 prematur,
3148 2201 3410 2271 patientia
3433 2201 3610 2256 victor

2024 2287 2243 2345 evadat.

2098 2378 2437 2438 Exercitatio
2488 2382 2824 2441 humilitatis
2851 2393 2976 2453 est,
3015 2386 3072 2441 in
3105 2385 3392 2442 vilioribus
3438 2385 3609 2442 rebus

2031 2473 2281 2542 versari;
2320 2475 2402 2532 sic
2429 2476 2577 2531 enim
2615 2476 2799 2548 gloria:
2831 2476 3105 2547 cupiditas
3124 2486 3438 2534 coercetur.

2093 2652 2367 2724 Optimam
2401 2653 2685 2725 dignitatis
2721 2655 2864 2709 viam
2918 2656 3152 2711 ostendit
3186 2656 3470 2724 Dominus,
3505 2656 3609 2711 hu-

2021 2746 2312 2802 milltatem
2346 2746 2492 2801 dico.

2095 2836 2390 2894 Humilitas
2429 2853 2554 2895 cum
2597 2839 2830 2895 boneSIa
2862 2839 3007 2894 fama
3053 2839 3219 2895 habet
3251 2849 3305 2896 et
3334 2841 3605 2898 securita-

2019 2940 2128 2987 tem
2138 2972 2153 2986 .

2087 3022 2319 3078 Prazstat
2359 3021 2578 3078 doctum
2613 3024 2681 3080 de
2728 3039 2828 3081 suo
2854 3024 2980 3096 jure
3017 3026 3213 3084 cedere
3257 3025 3549 3083 clementia
3580 3070 3597 3094 ,

2016 3130 2181 3184 quam
2208 3115 2523 3186 imperitum
2551 3131 2650 3187 per
2679 3117 2967 3174 audaciam
3001 3118 3232 3173 nimium
3265 3120 3383 3176 alas
3406 3129 3600 3177 exten-

1938 3235 1984 3295 c
2016 3207 2163 3263 dere.

2093 3299 2212 3356 Non
2247 3301 2299 3356 in
2330 3310 2481 3364 veste
2526 3302 2701 3359 solum
2730 3311 2954 3359 utamur
2991 3306 3279 3372 modestia,
3310 3306 3403 3361 sed
3434 3307 3598 3364 etiam

2020 3393 2074 3449 in
2110 3395 2280 3451 animi
2336 3397 2767 3465 constitutione;
2829 3413 3007 3469 neque
3049 3398 3192 3453 enim
3240 3400 3472 3456 cervicis
3502 3401 3600 3456 de-

2006 3483 2206 3555 «jectio,
2239 3494 2336 3542 aut
2386 3488 2539 3545 vocis
2588 3489 2866 3557 remissio,
2900 3497 2997 3545 aut
3044 3492 3241 3559 capitis
3271 3500 3454 3558 nutus,
3504 3500 3601 3548 aut

2020 3579 2190 3634 barba
2241 3580 2538 3649 promissa,
2569 3590 2662 3636 aut
2717 3583 2966 3637 incessus
3014 3584 3352 3653 compositus
3412 3584 3603 3639 mode-

2016 3670 2178 3725 stiam
2208 3679 2356 3728 recte
2392 3674 2730 3743 exprimunt,
2758 3682 2947 3744 utpote
2973 3689 3095 3743 quae
3141 3675 3204 3729 ad
3236 3685 3453 3745 tempus
3497 3676 3605 3729 lin-

2017 3768 2244 3830 guntur,
2282 3762 2379 3818 sed
2412 3764 2701 3819 celerrime
2740 3763 2876 3819 falsa
2907 3764 3416 3834 deprehenduntur;
3438 3766 3603 3835 quid-

2016 3852 2150 3924 quid
2202 3862 2385 3910 autem
2425 3862 2512 3912 est
2537 3855 2751 3923 fictum,
2790 3855 2937 3911 idem
2972 3872 3080 3911 non
3118 3857 3441 3911 diuturnum
3467 3858 3595 3914 erit.

2018 3944 2207 4001 Simus
2261 3945 2429 4019 igitur
2453 3948 2566 4002 vita
2595 3948 2816 4016 quidem
2840 3947 3008 4012 elati,
3053 3950 3150 4003 sed
3191 3951 3385 4019 spiritu
3411 3949 3601 4004 humi-

2016 4037 2121 4104 les,
2153 4049 2208 4094 et
2237 4040 2443 4096 virtute
2472 4039 2688 4112 quidem
2721 4039 3153 4107 inaccessibiles,
3180 4042 3599 4099 conversatione

2014 4138 2200 4184 autem
2226 4130 2524 4187 facillimus
2558 4132 2632 4187 sit
2666 4133 2735 4188 ad
2765 4147 2865 4189 nos
2890 4132 3091 4189 aditus.
3125 4133 3218 4189 Est
3247 4135 3391 4190 enim
3422 4134 3609 4189 homi-

2014 4222 2101 4279 nis
2131 4222 2313 4280 civilis
2359 4223 2622 4293 oﬂicium,
2656 4232 2718 4279 ut
2774 4226 2960 4281 omnia
3002 4224 3173 4281 faciat
3219 4235 3273 4280 et
3318 4225 3466 4281 dicat
3529 4240 3602 4280 ex

2013 4315 2217 4386 quibus
2280 4316 2349 4371 ab
2426 4315 2553 4371 aliis
2608 4315 2840 4386 gloriam
2887 4317 3599 4387 consequatur:spiritalis

2012 4417 2196 4462 autem
2227 4415 2285 4463 et
2314 4406 2435 4477 ejus
2469 4406 2565 4478 qui
2590 4408 2886 4464 nobiscum
2925 4407 3117 4476 sentit,
3141 4407 3196 4463 in
3230 4407 3449 4462 unicam
3475 4423 3601 4464 rem

2012 4506 2265 4568 spectare
2283 4537 2302 4563 ,
2339 4497 2602 4554 nimirum
2631 4498 2866 4554 salutem
2890 4538 2907 4566 ,
2936 4513 3059 4569 quae
3086 4506 3171 4555 est
3214 4498 3268 4554 in
3320 4499 3593 4569 simplici-

1942 4580 2155 4656 Dtate,
2194 4598 2249 4645 et
2298 4590 2549 4647 moribus
2595 4589 2827 4647 minime
2878 4589 3108 4657 dolosis,
3142 4603 3209 4647 ac
3264 4589 3600 4661 iniuriarum

2015 4680 2316 4737 oblivione.

2085 4792 2149 4850 S.
2197 4793 2473 4866 Chrysost.
2510 4792 2657 4851 Nihil
2702 4803 2791 4852 est
2833 4803 2943 4851 tam
2978 4796 3093 4854 Deo
3135 4804 3349 4869 gratum
3377 4841 3392 4868 ,
3421 4814 3597 4872 quam

2014 4883 2257 4955 seipsum
2287 4899 2414 4942 cum
2447 4886 2745 4957 postremis
2776 4902 3093 4945 numerare.

2081 4996 2203 5054 Non
2239 5007 2350 5054 tam
2384 5008 2723 5070 peccantem,
2757 5015 2922 5071 quam
2956 5012 3105 5059 recte
3131 5001 3451 5073 facientem,
3489 5006 3589 5063 de-

2010 5099 2098 5147 cet
2127 5090 2350 5147 modum
2373 5105 2599 5149 servare
2630 5102 2686 5148 et
2705 5093 3162 5152 mediocritatem.

2080 5202 2352 5260 Modestia
2384 5212 2492 5274 est,
2542 5203 2758 5262 fortiter
2805 5203 2966 5262 factis
3013 5215 3069 5263 et
3096 5207 3265 5282 228
3290 5209 3594 5272 virtutibus

2009 5294 2287 5353 excelsum
2322 5296 2509 5354 animo
2538 5296 2783 5367 seipsum
2806 5296 3063 5368 dejicere.

2080 5408 2253 5465 Nemo
2283 5410 2471 5465 credat
2511 5408 2703 5465 labore
2732 5423 2959 5476 carere,
3000 5422 3097 5468 aut
3127 5412 3288 5470 facile
3330 5421 3586 5487 praestari

2009 5515 2173 5573 posse
2199 5500 2481 5559 modestia:
2502 5511 2558 5557 et
2585 5502 2911 5560 humilitatis
2932 5504 3193 5562 oﬂicium.
3223 5507 3472 5564 lunatum
3499 5518 3586 5567 est

2008 5594 2155 5650 enim
2188 5593 2462 5664 superbia:
2490 5593 2684 5649 vitium
2706 5595 2965 5652 omnibus
2982 5597 3098 5654 fere
3119 5606 3312 5654 natura
3340 5599 3587 5660 humana

2009 5683 2344 5741 constitutis.
2381 5684 2572 5750 Quare
2609 5685 2712 5744 hoc
2750 5700 2817 5743 ex
2848 5688 3367 5749 omnibus-rvirtutis
3396 5692 3585 5764 operi-

2009 5774 2112 5832 bus
2145 5773 2524 5832 dillicillimum
2543 5784 2627 5833 est
