4062 6408
397 397 540 466 1179

396 601 703 671 abjcctione
728 597 895 652 animi
925 594 1147 651 rexerit.

473 691 738 748 Modestis
763 698 846 744 est
876 687 1118 743 modeste
1145 684 1376 750 sentire,
1410 683 1642 738 alterum
1673 681 1986 738 convician-

400 799 512 842 tem
552 784 724 848 ferre,
753 795 1051 852 agnoscere
1091 789 1402 850 peccatum,
1438 775 1816 832 accusationes
1847 773 1984 846 pati.

470 960 957 1032 Ταπεινοφροσὺνη
1007 959 1208 1016 dicitur
1275 957 1422 1030 quod
1481 956 1876 1029 φρονήματος.
1929 953 1985 1009 id

398 1064 489 1109 est
541 1054 801 1124 spiritus,
830 1063 914 1107 est
950 1054 1304 1117 ταπείνωσις,
1339 1050 1392 1104 id
1413 1059 1497 1105 est
1537 1048 1789 1119 abjectio.

477 1145 755 1201 Modestus
782 1154 876 1214 aut
897 1143 1126 1198 humilis
1155 1150 1238 1197 est
1266 1141 1313 1198 is
1343 1141 1437 1211 qui
1464 1156 1589 1196 cum
1613 1139 1784 1210 possit
1812 1137 1987 1193 elatus

396 1253 548 1303 esse,
606 1237 788 1306 seipse
836 1235 1065 1307 abjicit;
1113 1245 1171 1289 ut
1222 1234 1269 1290 si
1325 1232 1623 1300 imperator
1659 1229 1988 1300 subjiciatur

398 1329 618 1399 praetori
647 1336 739 1383 aut
775 1326 1118 1398 proconsuli,
1145 1325 1429 1380 modestus
1459 1333 1543 1379 est
1563 1364 1579 1390 ,
1612 1322 1844 1392 quodex
1872 1321 1986 1376 alto

399 1421 775 1477 descenderit.
803 1420 900 1474 Sin
929 1427 1128 1488 praetor
1155 1416 1502 1488 imperatori,
1535 1431 1643 1471 non
1684 1424 1774 1470 est
1803 1412 1986 1468 burni-

397 1515 468 1570 lis
493 1514 700 1569 idcirco
720 1531 734 1578 ;
756 1527 868 1567 non
894 1509 1042 1566 enim
1069 1526 1136 1565 ex
1167 1512 1278 1565 allo
1303 1524 1364 1565 se
1388 1509 1505 1580 ipse
1533 1507 1734 1579 abjecit
1759 1514 1815 1562 et
1838 1513 1987 1567 este:

399 1607 616 1662 nuavit.

473 1696 731 1753 Clement.
763 1694 942 1750 Tanto
988 1695 1223 1764 quisque
1260 1691 1423 1748 debet
1446 1706 1506 1749 se
1539 1687 1867 1746 submissius
1894 1703 1988 1761 ge-

1689 383 1943 447 ANTON
1952 385 2012 446 II
2054 383 2406 449 MELISSIE

466 505 694 562 infamia
725 519 832 560 non
855 519 977 558 cum
1010 499 1270 572 attingit,
1305 498 1398 569 qui
1424 511 1484 554 se
1511 495 1885 552 moderatione
1916 502 1970 551 et
2001 509 2051 567 Α

3535 380 3672 446 1180

2169 494 2390 564 Ἀτιμία
2422 493 2521 566 οὑχ
2552 493 2788 548 ἅπτεται
2819 489 2896 564 τῷ
2926 489 3122 548 ἑαυτὸν
3161 492 3674 563 ταπεινοφροσύνην

2092 583 2421 656 παιδαγωγή
2431 601 2607 640 σαντι.

2159 676 2204 727 Τ
2208 676 2649 748 απεινοφροσύνη
2675 677 2794 730 ἐστὶ
2815 683 2876 732 το
2903 674 3459 747 ταπεινοφρονεϊν,’τδ
3482 676 3674 747 ἐτέρου

2089 767 2443 834 ὀνειδίζοντος
2489 771 2700 842 φέρειν,
2730 771 2792 824 τὸ
2841 770 3212 841 ἐπιγνὼσκειν
3246 771 3307 826 τὸ
3335 771 3673 842 ἁμάρτημα,

2087 861 2150 914 τὸ
2175 861 2368 932 φέρειν
2399 861 2499 927 τὰς
2529 864 2889 935 κατηγορίας.

2171 955 2657 1027 Ταπεινοφροσὺνη
2693 957 2784 1011 διὰ
2812 957 2977 1013 τοῦτο
3005 957 3250 1029 λέγεται,
3286 958 3372 1014 ὅτι
3401 958 3500 1016 τοῦ
3535 978 3675 1033 φρο-

2087 1046 2154 1118 νή
2166 1048 2334 1116 ματός
2360 1048 2480 1103 ἐστι
2511 1051 2869 1116 ταπείνωσις.

2157 1138 2556 1214 Ταπεινόφρων
2606 1145 2814 1211 ἐκεῖνός
2859 1148 3031 1210 ἑστιν,
3082 1147 3111 1201 δ
3145 1147 3328 1218 ὑψηλά
3375 1148 3682 1220 δυνάμενος

2089 1235 2333 1303 φρονεῖν,
2369 1239 2858 1306 ταπεινοφρονῶνι
2903 1236 3040 1306 οἷον,
3075 1239 3171 1294 ἐὰν
3207 1242 3310 1310 μὲν
3348 1244 3376 1295 ὁ
3422 1241 3681 1312 βασιλεὺς

2090 1322 2344 1396 ὑποταγῇ
2373 1325 2451 1397 τῷ
2485 1326 2742 1399 ὑπάρχῳ,
2791 1331 3180 1402 ταπεινόφρων
3213 1334 3387 1397 ἐστὶν,
3437 1334 3521 1388 ὅτι
3564 1335 3680 1388 ἀπὸ

2086 1414 2183 1469 τοῦ
2216 1415 2388 1486 ὕψους
2435 1419 2640 1488 κατέδη
2664 1438 2680 1454 ·
2712 1419 2808 1475 ἐὰν
2845 1421 2904 1475 δὲ
2945 1423 2975 1476 ὁ
3015 1421 3263 1494 ὕπαρχος
3311 1424 3390 1494 τῷ
3440 1424 3676 1496 βασιλεῖ,

2087 1507 2190 1562 οὑκ
2220 1510 2340 1564 ἔστι
2378 1511 2782 1583 ταπεινόφρων.
2820 1515 2896 1570 Οὐ
2941 1516 3052 1585 γὰρ
3085 1516 3194 1572 ἀπὸ
3219 1516 3312 1571 τοῦ
3350 1516 3521 1588 ὕψους
3549 1521 3679 1572 ἑτα-

2088 1597 2357 1655 πείνωσεν
2389 1602 2608 1660 ἑαυτόν.

2158 1691 2430 1750 Τοσοῦτόν
2460 1712 2546 1760 τις
2578 1695 2782 1766 μᾶλλον
2811 1697 3023 1768 ὀφείλει
3047 1701 3519 1772 ταπειωφρονεῖν,
3551 1701 3682 1756 ὅσον

399 1802 549 1854 rere,
585 1795 790 1856 quanto
828 1785 1004 1854 major
1039 1783 1257 1839 videtur
1292 1795 1434 1838 esse.
1503 1779 1668 1836 Decet
1727 1780 1876 1835 enim
1923 1787 1986 1835 ut

2117 1791 2247 1844 οκεϊ
2282 1789 2489 1860 μᾶλλον
2522 1785 2685 1845 εἶναι.
2732 1791 2916 1846 Καλὸν
2942 1791 3053 1863 γὰρ
3077 1793 3164 1847 ἀεὶ
3191 1793 3269 1863 τῷ
3314 1795 3585 1864 κρείττονι
3617 1794 3683 1850 τδ

404 1881 744 1948 superiorem
780 1876 1021 1932 deterior
1045 1885 1325 1944 sequatur,
1354 1887 1418 1928 ea
1442 1887 1538 1943 spe
1570 1881 1629 1928 ut
1659 1871 1753 1926 nat
1775 1871 1988 1926 melior.

2117 1883 2283 1952 [εἶρον
2312 1880 2627 1935 ἀκολουθεῖν
2659 1881 2750 1935 διὰ
2781 1880 3123 1952 βελτιώσεως
3148 1884 3394 1948 ἐλπίδα.έ

471 1969 607 2024 Nili.
644 1969 846 2023 Beatus
879 1967 1034 2040 cujus
1059 1974 1143 2022 est
1178 1965 1288 2021 vita
1320 1963 1537 2021 excelsa
1565 2003 1584 2031 ,
1630 1963 1858 2035 spiritus
1887 1978 1990 2018 au-

403 2075 510 2118 tem
545 2061 788 2115 humilis.

475 2149 716 2222 Evagrii.
747 2151 1042 2204 Armatura
1069 2145 1372 2213 tutissima,
1400 2143 1569 2199 animi
1589 2142 1880 2200 modestia.
1947 2140 1950 2143 ’

475 2241 626 2312 Legi,
667 2238 1012 2310 magistratui
1065 2245 1122 2294 et
1183 2235 1508 2308 sapientiori
1538 2234 1752 2302 cedere,
1803 2231 1990 2290 mode-

403 2337 523 2393 stiae
545 2342 652 2391 est.

476 2424 735 2484 Patrum.
769 2425 1008 2481 Versare
1065 2438 1190 2479 cum
1227 2422 1512 2491 modestis,
1549 2428 1605 2477 et
1634 2434 1813 2476 mores
1842 2417 1992 2491 ipso-

402 2534 527 2573 rum
563 2518 798 2573 edisces.
828 2515 884 2572 Si
914 2516 1062 2571 enim
1094 2515 1488 2586 contemplatio
1521 2513 1807 2568 doctorum
1837 2511 1989 2566 utilis

403 2621 508 2679 est,
539 2618 748 2680 quanto
796 2610 972 2681 magis
1010 2607 1264 2665 doctrina
1289 2646 1306 2675 ,
1341 2622 1465 2678 qua:
1515 2621 1582 2662 ex
1624 2605 1845 2662 illorum
1893 2619 1991 2660 ore

405 2702 772 2773 proﬁciscitur
803 2700 817 2756 ι

481 2793 748 2848 Philonis.
801 2789 1132 2849 Tolerantia:
1195 2798 1250 2847 et
1301 2790 1607 2862 prudentiae
1663 2795 1718 2845 et
1759 2785 1992 2859 justltiae

405 2894 705 2942 amatorem
739 2885 896 2941 deCet
930 2885 1224 2940 elationem
1265 2893 1321 2940 et
1352 2898 1578 2953 magnos
1627 2881 1858 2952 spiritus
1893 2879 1991 2934 de-

410 2978 611 3049 pellere
638 2993 656 3046 ;
698 2993 823 3032 nam
859 2991 1116 3047 magnum
1150 2982 1234 3030 est
1267 2983 1648 3046 argumentum
1681 2985 1810 3028 vere
1836 2983 1994 3026 exer-

406 3074 519 3126 ceri
552 3071 836 3137 virtutem,
863 3069 911 3126 si
948 3068 1129 3126 omnis
1167 3067 1431 3124 modestia
1459 3065 1626 3132 adsit,
1645 3074 1699 3120 et
1725 3077 1992 3134 arrogan-

410 3165 481 3219 tia
509 3165 676 3220 absit.

2154 1971 2444 2044 Μακάριος
2489 1975 2519 2027 ὁ
2563 1972 2656 2029 τὸν
2702 1974 2817 2044 βίον
2859 1975 3061 2047 ὑψηλὸν
3109 1977 3274 2048 ἔχων,
3318 1975 3576 2032 ταπεινὸν
3619 1975 3680 2031 δὲ

2087 2063 2149 2119 τὸ
2178 2065 2459 2138 φρόνημα.

2163 2159 2479 2232 Ἀρρηκτον
2513 2160 2683 2216 ὅπλον
2720 2161 2755 2233 ἠ
2785 2161 3264 2233 ταπεινοφροσύνῃ
3291 2165 3357 2235 τῇ
3391 2161 3568 2233 ψυχῇ.

2089 2309 2103 2319 ,
2155 2251 2328 2323 Νόμῳ
2359 2251 2456 2309 καὶ
2487 2253 2714 2325 ἄρχοντι
2752 2257 2848 2309 καὶ
2893 2255 2972 2326 τῷ
3019 2257 3316 2328 σοφωτέρῳ
3361 2258 3554 2325 εἴκειν,
3585 2257 3681 2311 κός

2092 2361 2277 2414 σμιον.
3301 2407 3304 2410 ,

2161 2436 2619 2508 Συναναστρέφου
2641 2440 2754 2504 τοῖς
2779 2440 2964 2511 ἔχουσι
2988 2440 3345 2503 ταπείνωσιν,
3379 2439 3476 2494 καὶ
3503 2440 3686 2512 μαθή-

2092 2541 2177 2580 σει
2225 2527 2352 2590 τοὺς
2399 2529 2636 2598 τρόπους
2685 2530 2886 2586 αὑτῶν.
2944 2531 3007 2584 Ei
3058 2531 3168 2601 γὰρ
3224 2533 3257 2602 ἠ
3317 2530 3523 2601 θεωρία
3569 2531 3683 2584 τῶν

2092 2617 2404 2688 εἰρημένων
2437 2620 2740 2692 ὠφέλιμος,
2773 2623 2928 2695 πόσῳ
2953 2623 3158 2694 μᾶλλον
3187 2625 3220 2693 ή
3245 2622 3563 2677 διδασκαλία
3581 2623 3680 2677 τοῦ

2094 2713 2362 2782 στόματος
2393 2715 2601 2769 αὑτῶνί

2166 2803 2274 2860 Τδν
2333 2807 2638 2879 καρτερίας
2687 2809 2784 2862 καὶ
2830 2809 3156 2880 φρονήσεως
3203 2808 3300 2863 καὶ
3329 2806 3688 2876 δικαιοσὺνης

2091 2897 2331 2971 ἐραστὴν
2359 2901 2539 2971 οἴησιν
2587 2902 2696 2975 χρὴ
2728 2903 2825 2958 acati
2857 2904 2919 2957 τὸ
2974 2904 3326 2974 μεγάλαυχον
3372 2902 3686 2974 καθαιρεῖν.

2091 2988 2203 3046 Τοῦ
2242 2991 2354 3064 γὰρ
2381 2993 2729 3063 ἐπιτηδεύειν
2775 2995 2988 3062 ἀνόθως
3017 2995 3223 3068 ἀρετὴν
3250 2996 3455 3068 δεῖγμα
3487 2997 3548 3051 οὑ
3591 3014 3687 3067 μιν

2094 3081 2232 3155 κρδν
2259 3083 2495 3156 ἄσκησις
2520 3085 2778 3156 ἀτυφίας.

482 3215 958 3324 ὃῖιίίέζιιὶιοιῶυο
1005 3263 1063 3310 et
1097 3252 1513 3325 magistratibus
1544 3250 1775 3306 multum
1798 3246 1989 3304 inﬂan-

2173 3256 2236 3310 Εί
2287 3255 2470 3322 δόξαις
2513 3258 2611 3313 καί⁵
2650 3260 2854 3332 ἀρχαῖς
2909 3261 3055 3334 μέγα
3103 3259 3388 3332 φυσώσαις
3440 3259 3689 3329 ἐφίεσαι,

411 3345 560 3400 tibus
613 3359 675 3400 es
724 3344 1030 3415 praeditus,
1085 3343 1231 3399 sicut
1291 3343 1475 3398 bonus
1509 3341 1843 3412 gubernator
1873 3337 1991 3394 vela

409 3450 648 3508 expansa
686 3437 1023 3504 contrahito,
1049 3449 1118 3491 ne
1149 3434 1470 3506 imprudens
1499 3431 1884 3504 prmeipiteris.

713 3655 949 3715 SERMO
1013 3655 1230 3714 LXXIV
1285 3655 1391 3730 [αι.
1422 3654 1668 3729 XXXV].

411 3793 492 3850 De
520 3796 758 3865 superbis
805 3806 855 3852 et
889 3795 1145 3867 protervis
1183 3804 1232 3849 et
1263 3793 1639 3867 arrogantibus
1666 3830 1684 3860 ,
1719 3800 1771 3847 et
1817 3789 1997 3846 inanis

985 3867 1168 3938 gloriae
1202 3866 1429 3936 cupidis.

482 4002 584 4059 Job
641 4018 728 4058 ιι..
783 4001 1016 4059 Omnem
1077 4003 1536 4059 contumeliosum
1605 3999 1876 4066 humilia,
1946 4006 2002 4056 et

2095 3348 2353 3420 καθάπερ
2381 3350 2513 3422 νηὸς
2539 3352 2751 3420 ἀγαθὸς
2791 3354 3164 3426 κυϐερνήτης,
3202 3354 3305 3427 τὴν
3347 3353 3552 3425 πολλὴν
3578 3354 3695 3408 τῶν

2098 3441 2289 3497 ἱστίων
2340 3442 2501 3516 χὺσιν
2555 3446 2803 3518 στείλονξ,
2853 3447 2946 3502 ινα
2997 3446 3075 3520 μὴ
3140 3447 3315 3519 λάθῃς
3364 3445 3696 3517 Εκτέαχηλι-

2099 3532 2274 3600 σθείς.

2697 3650 2920 3707 ΛΟΓΟΣ
2964 3654 3085 3709 οΔυ.

2099 3782 2244 3856 Περὶ
2292 3784 2706 3860 ὕπερηφάνων
2738 3790 2839 3846 καί
2895 3790 3180 3859 σοϐαρῶν
3229 3789 3330 3846 καί
3385 3787 3700 3851 ἀλαζόνων

2639 3860 2741 3915 καί
2792 3862 3159 3930 κενοδόξων.

2175 3991 2367 4048 Πάντα
2395 3991 2659 4064 ὑϐριστὴν
2687 3994 3052 4060 ταπείνωσον,
3087 3995 3446 4066 ὑπερήφανον
3468 3995 3527 4050 δὲ
3561 3995 3700 4049 σϐέ-

415 4097 713 4165 superbum
745 4095 1067 4166 restingue:
1106 4093 1400 4152 tabefacito
1429 4094 1628 4167 impios
1664 4103 1910 4164 repente,
1945 4092 2001 4149 et

2117 4103 2219 4153 σον,
2255 4085 2427 4156 σῆψον
2452 4087 2509 4140 δὲ
2553 4087 2776 4152 ἀσεϐεῖς
2804 4087 3158 4161 παραχρῆμα
3177 4105 3195 4121 ο
3226 4089 3295 4144 τὰ
3323 4088 3382 4143 δὲ
3419 4089 3694 4161 πρόσωπα

417 4203 516 4243 ora
547 4188 795 4258 ipsorum
830 4188 1132 4258 ignominia
1164 4187 1413 4260 impleto.

412 4324 420 4333 .
498 4279 645 4338 Psal.
679 4298 756 4338 ix.
811 4281 950 4338 Dum
993 4283 1240 4354 superbit
1287 4281 1510 4353 impius,
1541 4287 1601 4336 ut
1633 4278 1776 4349 ignis
1807 4293 2005 4336 accen-

458 4378 592 4431 itur.

458 4378 592 4431 'tur.

418 4378 471 4432 ὼ
493 4466 647 4524 Psal.
679 4483 816 4523 xvu.
844 4464 1048 4524 Oculos
1067 4465 1335 4537 superbos
1363 4464 1673 4538 deprimes.‘

489 4561 614 4616 Vidi
658 4560 889 4631 impium
935 4560 1441 4629 superexaltatum,
1492 4567 1548 4616 et
1592 4556 1761 4631 229
1800 4558 1858 4616 in
1910 4573 2084 4644 διε-ι)

417 4655 586 4710 blime
615 4660 676 4707 ut
702 4652 896 4708 cedrus
916 4647 1112 4707 Libani
1137 4650 1434 4707 sublatura.

491 4743 644 4799 Psal.
677 4757 945 4799 Lxxxvm.
978 4739 1079 4808 .Tu
1133 4741 1483 4814 depressisti,
1547 4743 1693 4800 sicut
1722 4741 1997 4809 saucium,

419 4837 738 4907 superbum.

494 4930 649 4986 Psal.
671 4944 724 4986 ο.
759 4929 898 4986 Cum
925 4927 1165 5001 superbo
1195 4929 1357 4988 oculo
1405 4937 1461 4985 et
1488 4928 1806 5000 inexplebili
1838 4927 2005 4985 corde

420 5025 604 5081 cibum
631 5037 738 5078 non
766 5023 1001 5093 sumpsi.

493 5117 652 5182 Ριοο.
683 5132 760 5172 ιι.
791 5115 1059 5187 Superbis
1110 5113 1379 5174 Dominus
1420 5116 1648 5183 resistit,
1699 5111 2006 5171 humilibus

421 5225 558 5266 vero
587 5208 682 5264 dat
719 5209 978 5279 gratiam.

494 5305 748 5375 lmpurus
794 5311 884 5359 est
933 5303 1077 5376 apud
1121 5303 1412 5361 Dominum
1456 5301 1710 5376 quisquis
1740 5309 1827 5359 est
1851 5300 2004 5359 elato

423 5397 610 5453 corde.

494 5488 687 5546 Audax
716 5495 771 5545 et
797 5491 1116 5561 pmiraetus
1146 5497 1202 5545 et
1243 5504 1512 5560 arrogans
1539 5489 1712 5560 pestis
1746 5494 2003 5544 vocatur.

499 5644 733 5715 Sophon.
773 5658 858 5699 ιιι.
907 5642 1140 5699 Perdam
1191 5643 1584 5700 contumeliam
1629 5643 1910 5715 exlegum,
1958 5649 2014 5700 et

426 5739 788 5815 superborum
818 5734 1076 5806 iujuriam
1110 5733 1443 5805 deprimam.

496 5829 553 5884 Si
584 5841 693 5886 tam
720 5825 978 5885 sublimis
1019 5817 1270 5885 sublatus
1303 5825 1476 5886 fueris
1508 5841 1672 5898 quam
1701 5827 1910 5901 aquila,
1946 5842 2011 5886 ac

2103 4177 2288 4234 αὑτῶν
2316 4178 2543 4250 ἀτιμίας
2567 4178 2873 4250 ἔμπλησον.

2189 4271 2280 4327 Ἐν
2325 4272 2420 4344 τῷ,
2451 4272 2968 4347 ὑπερηφανεὺεσθαι
3025 4275 3121 4333 τὸν
3166 4275 3340 4348 ἀσεϐῆ
3389 4274 3699 4347 ὲμπυρίζσ-

2107 4379 2196 4418 ται

2189 4452 2535 4524 Ὀφθαλμοὺς
2553 4455 2920 4527 ὑπερηφάνων
2948 4456 3332 4520 ταπεινώσεις.

2180 4540 2337 4602 Εἶδον
2365 4548 2458 4602 τὸν
2479 4549 2650 4620 ἀσεϐῆ
2681 4551 3158 4622 ὑπερυψούμενον,
3204 4553 3301 4606 καὶ
3331 4553 3701 4624 ἐπαιρόμενον

2105 4635 2182 4702 ὥς
2217 4637 2315 4704 τὰς
2343 4638 2609 4711 κέρδρους
2636 4639 2730 4695 τοῦ
2757 4642 3020 4699 Λιϐάνου.

2174 4731 2251 4787 Σὺ
2282 4731 2685 4802 ἔταπείνωσας,
2715 4734 2792 4800 ὡς
2820 4736 3196 4808 τραυματίαν,
3229 4736 3609 4808 ὑπερήφανον.

2188 4913 2558 4988 Ὗπερηφάνῳ
2573 4912 2841 4987 ὀφθαλμῷ
2865 4921 2968 4970 καὶ
2998 4913 3269 4988 ἀπλήστῳ
3284 4915 3504 4988 καρδίᾳ,
3521 4913 3706 4988 τούτῳ

2106 5007 2170 5063 οὑ
2204 5007 2516 5080 συνήσθιον.

2180 5100 2393 5172 Κύριος
2444 5097 2826 5171 ὑπερηφάνοις
2865 5096 3274 5164 ἀντιτάσσεται,
3319 5100 3600 5162 ταπεινοῖς
3646 5097 3707 5153 δὲ

2108 5191 2298 5249 δίδωσι
2327 5188 2514 5263 χάριν.

2195 5281 2538 5353 Ἀκάθαρτος
2569 5278 2726 5352 παρὰ
2757 5277 2952 5351 Κυρίῳ
2982 5278 3090 5342 πᾶς
3123 5275 3550 5350 ὑψηλοκάρδιος.

2185 5461 2407 5534 Θρασὺς
2445 5459 2541 5514 καὶ
2585 5457 2827 5530 αὐθάδης
2872 5457 2968 5513 καὶ
3009 5455 3228 5522 ἀλαζὼν
3273 5455 3465 5526 λοιμὸς
3513 5455 3710 5511 καλεῖ-

2111 5568 2478 5698 “timuere
2519 5641 2680 5715 ὑδριν
2729 5641 2975 5714 ἀνόμων,
3005 5639 3101 5694 καὶ
3132 5636 3295 5712 ὕϐριν
3331 5637 3711 5712 ὑπερηφάνων

2115 5735 2465 5792 ταπεινὼσω.
3675 5787 3689 5797 ,

2204 5829 2331 5885 Ἐὰν
2376 5829 2759 5903 μετεωρισθῇς
2788 5827 2866 5895 ὡς
2907 5826 3092 5900 ἀετὸς,
3125 5825 3222 5883 καὶ
3271 5824 3366 5882 ἐὰν
3401 5820 3508 5881 ἀνὰ
3541 5820 3716 5893 μέσον
