4062 6414
315 444 452 518 1131

1122 447 1296 508 LOCI
1335 446 1773 510 LUMMUNES.
1816 467 1883 484 ··-
1913 443 2108 507 PARS
2134 443 2220 512 Il.
2261 442 2516 510 SERMO
2561 442 2824 506 LXXIV.

3440 429 3576 496 1182

313 563 420 618 τῶν
450 561 668 634 ἄστρων
698 560 795 634 θῇς
819 560 1040 618 νοσσιάν
1071 577 1190 631 σου,
1214 560 1426 618 ἐκεῖθεν
1445 561 1668 631 κατάξω
1687 578 1769 630 σε,
1798 560 1888 617 λέ·
1915 613 1921 626 ,

2031 567 2140 616 ater
2165 566 2312 616 astra
2357 557 2547 614 nidum
2574 543 2832 629 posueris
2859 532 3041 623 tuum,
3093 550 3250 610 illinc
3295 547 3576 606 detraham

313 672 400 726 γει
429 655 655 726 Κύριος.

397 748 805 817 Ἦφανίσθησαν
839 747 934 802 καὶ
959 747 1206 813 πετεινὰ,
1235 747 1318 802 ὅτι
1347 739 1531 815 εἶπαν,
1563 745 1679 802 Οὐκ
1701 744 1896 817 ὄψεται

317 841 525 909 Κύριος
552 840 705 904 ὁδοὺς
730 840 909 911 ήμῶν.

392 933 608 998 Πάντας
633 935 759 998 τοὺς
790 933 1194 1006 πορευομένους
1223 932 1283 990 ιν
1305 930 1654 1005 ὑπερηφανία¹
1703 947 1899 986 ταπει-

322 1031 488 1085 νώσει
516 1028 744 1099 Κύριος.

395 1124 530 1177 Τότε
579 1122 766 1194 ἐροῦσι
805 1119 944 1193 πρὸς
978 1119 1206 1182 ἑαυτούς
1228 1133 1243 1150 ⁰
1277 1119 1345 1174 Τί
1384 1116 1671 1190 ὠφέλησεν
1703 1116 1838 1186 ἡμῖν
1865 1115 1900 1187 ἡ

325 1215 710 1286 ὑπερηφανία;
767 1213 860 1268 καὶ
900 1215 955 1268 τί
1001 1215 1030 1268 ό
1075 1213 1304 1276 πλοῦτος
1392 1212 1532 1282 μετά
1581 1209 1905 1274 ἀλαζονείας

327 1308 700 1380 συμϐέϐληται
727 1307 862 1377 ἡμῖν
887 1326 902 1372 ;
929 1305 1185 1378 Παρῆλοε
1221 1305 1398 1361 πάντα
1425 1302 1504 1368 ὡς
1533 1301 1685 1358 σκιά.

398 1487 491 1558 Μὴ
523 1486 723 1557 έξύψου
772 1485 1021 1552 σεαυτὸν,
1059 1484 1148 1540 ἵνα
1183 1485 1261 1554 μὴ
1292 1484 1468 1554 πέσῃς
1497 1479 1590 1536 καὶ
1619 1477 1910 1552 ὲπαγάγῃς

327 1583 396 1652 τῇ
421 1579 567 1651 ψυχῇ
603 1595 697 1634 σου
756 1577 1007 1650 ἀτιμίαν,
1053 1579 1150 1630 καὶ
1201 1574 1530 1649 ἀποκαλύψῃ
1580 1571 1788 1643 Κύριος
1839 1571 1911 1625 τὰ

329 1672 551 1744 κρυπτά
598 1688 714 1737 σου,
745 1671 839 1724 καὶ
871 1671 929 1724 έν
963 1669 1114 1741 μέσῳ
1158 1667 1458 1739 ἐκκλησίας
1492 1665 1794 1720 καταϐαλεῖ
1825 1681 1910 1718 σε.

403 1765 626 1838 Μισητη
679 1764 859 1820 ἔναντι
917 1762 1126 1832 Κυρίου
1179 1763 1274 1816 καὶ
1316 1758 1624 1832 ἀνθρώπων
1663 1761 1699 1830 ἠ
1761 1775 1915 1814 κενο-

333 1857 504 1924 δοξία.

291 1962 301 2000 '.
401 1949 558 2006 Εἰσὶν
598 1949 648 2005 οί
681 1949 1057 2016 πλουτίζοντες
1089 1949 1335 2017 ἑαυτοὺς,
1368 1948 1536 2021 μηδὲν
1563 1947 1801 2018 ἔχοντες.

403 2047 673 2114 Κρείσσον
721 2044 862 2116 ἀνὴρ
906 2047 967 2098 έν
1018 2045 1215 2116 ἀτιμίᾳ
1256 2044 1526 2098 δουλεύων
1569 2043 1768 2114 έαυτῷ,
1797 2041 1833 2114 ἢ
1884 2043 1914 2096 ὁ

335 2138 496 2207 τιμὴν
529 2136 707 2209 ἑαυτῷ
738 2136 1007 2208 περιθεὶς,
1038 2138 1134 2192 καὶ
1164 2137 1564 2209 προσδεόμενος
1595 2136 1788 2208 ἄρτου.

403 2233 470 2286 Τί
500 2230 932 2302 ὑπερηφανεύει,
957 2231 1031 2302 γῆ
1059 2233 1155 2287 καὶ
1185 2231 1415 2298 σποδός;

415 2322 585 2396 Ἀρχὴ
633 2324 1016 2396 ὑπερηφανίας
1074 2324 1352 2397 ἁμαρτία·
1382 2325 1478 2379 καὶ⁹
1504 2323 1532 2378 ὁ
1565 2320 1788 2394 κρατῶν
1821 2321 1916 2376 αύ-

331 2419 432 2490 τῆς
459 2416 794 2489 έξομϐρήσει
826 2415 1128 2490 βδέλυγμα.

416 2599 477 2655 'O
508 2600 812 2672 ἁπτόμενος
844 2599 1047 2669 πίσσης
1081 2597 1476 2672 μολυνθήσεται
1498 2611 1516 2630 ⁶
1543 2597 1639 2655 καὶ
1665 2598 1695 2654 ό
1721 2615 1921 2654 κοινω-

335 2694 444 2750 νῶν
474 2693 812 2766 ὑπερηφάνῳ
834 2691 1231 2764 ὁμοιωθήσεται
1262 2691 1433 2761 αὐτῷ.
1491 2675 1516 2687 θ

407 2786 700 2857 Βδέλυγμα
730 2783 1112 2856 ὑπερηφάνοις
1141 2783 1492 2848 ταπείνωσις.

406 2877 502 2948 Μὴ
530 2875 958 2948 ὑπερηφανεύου
990 2875 1223 2930 ένὼπιον
1257 2875 1551 2947 βασιλέως.

420 2968 700 3035 Ἐξέλιπεν
721 2969 948 3041 ἄνομος,
964 2967 1214 3024 ἀπώλετο
1236 2967 1616 3038 ὑπερήφανος,
1629 2967 1924 3023 πεσοῦνται

337 3063 390 3118 οἱ
426 3062 623 3135 ὑψηλοὶ
655 3063 926 3135 μαχαίρᾳ.
1808 3051 1814 3057 ’

415 3155 586 3222 Δόξαν
610 3154 742 3226 παρ’
773 3153 1022 3224 ἀλλήλων
1053 3153 1443 3224 λαμϐάνοντες,
1461 3154 1561 3224 τὴν
1585 3150 1746 3218 δόξαν
1775 3151 1926 3223 παρά

345 3248 444 3303 τοῦ
477 3248 642 3320 μόνου
668 3247 803 3302 Θεοῦ
825 3249 884 3303 οὐ
913 3248 1150 3320 ζητεῖτε.

412 3342 530 3406 Πᾶς
560 3343 588 3395 ὁ
617 3340 769 3412 ὑψῶν
805 3340 1000 3396 ἑαυτὸν
1029 3341 1527 3412 ταπεινωθήσεται.

415 3435 492 3488 Τδ
539 3431 876 3505 ’ἀνθρώποις
938 3430 1167 3504 ὑψηλὸν,
1201 3431 1483 3504 βδέλυγμα
1540 3431 1774 3487 ἐνώπιον
1830 3429 1926 3486 τοῦ

346 3525 510 3583 Θεοῦ.

410 3618 505 3690 Μὴ
534 3615 918 3690 ὑψηλοφρόνει,
940 3612 1074 3670 ἀλλὰ
1104 3611 1294 3685 φοϐοῦ.

411 3713 508 3782 Μὴ
533 3709 825 3780 γενώμεθα
847 3708 1136 3778 κενόδοξοι,
1165 3707 1433 3781 ἀλλήλους
1465 3707 1925 3782 προκαλούμενοι,

343 3805 596 3875 ἀλλήλοις
619 3803 971 3872 φθονοῦντες.

415 3897 493 3954 Ού
525 3898 592 3951 τά
623 3899 844 3967 ῥήματα
888 3895 1102 3965 πέφυκε
1133 3893 1238 3958 τὸς
1269 3895 1450 3960 λύπας
1510 3897 1704 3959 κινεῖν,
1731 3893 1851 3948 ἀλλ’
1891 3894 1926 3960 ἠ

346 3993 444 4047 καὶ
492 3988 588 4045 τοῦ
634 3988 1051 4060 λοιδορήσαντος
1105 3988 1254 4059 ἡμᾶς
1287 3988 1586 4060 ὑπεροψία,
1616 3989 1714 4044 καὶ
1742 3989 1776 4059 ὴ
1801 3985 1932 4039 ἑκά-

349 4101 476 4138 στου
511 4083 642 4155 περὶ
667 4082 849 4136 αὐτῶν
884 4080 1180 4150 φαντασία.

421 4175 511 4247 Τῷ
543 4175 661 4229 ὄντι
692 4173 1112 4245 θεραπευόμενα
1166 4173 1235 4225 τὰ
1282 4171 1614 4243 ὑπερήφανα
1644 4170 1751 4244 ἤθη
1801 4172 1932 4227 tau-

347 4270 459 4326 τῶν
486 4266 981 4339 ὑπεροπτικώτερα
1010 4265 1224 4336 πέφυκε
1249 4265 1520 4333 γίνεσθαι.

430 4361 669 4434 Ὁμοίως
706 4361 826 4413 ἐστὶ
877 4358 1112 4429 χαλεπὸν
1140 4357 1198 4413 ἐν
1231 4375 1295 4412 τε
1323 4359 1632 4422 δυσκολίαις
1660 4359 1930 4429 πραγμά-

349 4473 458 4510 των
505 4451 876 4509 ἀταπείνωτον
923 4451 1022 4520 τὴν
1076 4448 1258 4519 ψυχὴν
1305 4448 1703 4516 διασώσασθαι,
1729 4451 1826 4505 καὶ
1874 4450 1934 4504 ὲν

350 4548 470 4610 ταῖς
503 4543 912 4615 ὑπερηφανίαις
943 4541 1018 4612 μὴ
1049 4539 1382 4612 ἐπαρθῆναι.

1997 661 2072 722 te,
2094 654 2273 723 inquit
2322 651 2608 710 Dominus.

2064 739 2265 798 let-em.
2317 743 2677 800 Evanuerunt
2727 742 2890 799 etiam
2943 739 3268 813 pennigera,
3315 737 3446 808 quia
3499 733 3588 791 di-

1945 864 1949 868 -
1998 847 2205 892 xerunt
2235 837 2527 892 Dominum
2562 852 2674 893 non
2705 836 2953 892 visurum
2984 836 3102 890 vias
3135 834 3403 902 ipsorum.

2069 929 2212 985 Dan.
2243 945 2320 986 tv.
2377 929 2582 987 Omnes
2605 929 2698 1002 qui
2734 927 2970 1000 superbe
3005 926 3293 990 incedunt,
3325 922 3590 978 Dominus

2002 1021 2295 1092 deprimet.
2347 1030 2353 1036 '

2061 1113 2206 1184 ISap.
2254 1131 2309 1170 ν.
2345 1115 2501 1172 Tunc
2560 1115 2746 1172 dicent
2790 1115 2846 1170 in
2900 1112 3099 1184 seipsis
3138 1128 3154 1168 :
3190 1110 3330 1178 Quid
3385 1107 3594 1180 profuit

2005 1208 2164 1264 nobis
2219 1209 2520 1279 superbia?
2569 1209 2703 1280 quid
2753 1210 2882 1264 item
2933 1205 3210 1277 opulentia
3263 1219 3387 1260 cum
3434 1216 3592 1258 arro-

2008 1303 2192 1371 gantia
2216 1301 2513 1374 conjuncta
2541 1302 2812 1360 contulit?
2837 1300 3037 1356 Omnia
3065 1301 3118 1354 in
3147 1299 3354 1356 umbra:
3386 1310 3594 1350 morem

2008 1393 2415 1464 praeterierunt.

2080 1483 2206 1541 Noli
2231 1494 2284 1542 te
2305 1485 2592 1550 extollere,
2625 1502 2692 1543 ne
2720 1485 2908 1554 cadas,
2936 1493 2993 1540 et
3013 1483 3208 1540 animae
3237 1489 3344 1537 tuae
3362 1481 3599 1552 ignomi—

2011 1579 2161 1634 niam
2189 1579 2404 1646 inuras,
2440 1589 2494 1635 et
2523 1580 2790 1637 Dominus
2829 1579 3126 1651 patefaciat
3153 1577 3371 1632 occulta
3399 1585 3518 1640 tua,
3543 1580 3602 1629 et

2013 1674 2069 1731 in
2102 1672 2284 1728 medio
2305 1673 2556 1729 ecclesiae
2587 1672 2810 1742 dejiciat
2843 1681 2918 1729 te.

2085 1763 2260 1822 Eccli.
2289 1782 2346 1822 x.
2371 1766 2569 1824 Odiosa
2597 1768 2760 1824 estin
2781 1771 3082 1836 conspectu
3112 1763 3210 1820 Dei
3234 1771 3288 1820 et
3309 1760 3601 1818 hominum

2018 1857 2196 1916 inanis
2233 1859 2427 1930 gloria.

1941 1911 1990 1973 Β
2455 1951 2653 2009 divites
2680 1951 3007 2024 praedicent,
3030 1967 3155 2008 cum
3180 1951 3318 2007 nihil
3339 1937 3598 2007 habeant.

2083 2045 2279 2102 Melius
2311 2053 2394 2102 est
2421 2045 2476 2101 in
2503 2044 2843 2118 ignobilitate
2873 2045 2977 2100 sibi
3015 2046 3244 2112 servire,
3290 2057 3456 2114 quam
3497 2040 3600 2096 ho-

2016 2155 2206 2198 norem
2237 2139 2340 2194 sibi
2379 2151 2662 2194 assumere
2691 2151 2814 2194 cum
2845 2137 3003 2206 panis
3028 2133 3278 2203 penuria.

2095 2231 2240 2287 Ibid.
2274 2229 2417 2296 Quid
2444 2227 2718 2297 superbis,
2749 2234 2896 2282 terra
2924 2235 2980 2283 et
3003 2226 3178 2281 cinis?

2092 2321 2238 2377 Ibid.
2283 2319 2568 2388 Superbiae
2618 2316 2838 2373 initium
2887 2325 3177 2391 peccatum
3225 2325 3312 2374 est
3366 2317 3461 2388 (al.
3509 2335 3603 2374 sn-

2018 2415 2202 2488 perbia
2249 2414 2467 2470 initium
2520 2412 2722 2483 peccati
2775 2411 2904 2482 est),
2958 2418 3013 2466 et
3059 2410 3322 2481 praeditus
3370 2427 3434 2467 ea
3478 2427 3604 2482 pro-

2021 2509 2217 2566 fundet
2245 2505 2628 2564 exsecrabilia.

2093 2598 2268 2657 Eccli.
2302 2614 2428 2656 xttt.
2462 2597 2568 2664 Qui
2619 2598 2795 2670 tangit
2847 2597 3048 2669 picem,
3098 2596 3606 2663 contaminabitur;

2023 2692 2115 2764 qui
2147 2707 2268 2749 cum
2301 2691 2545 2760 superbo
2583 2690 2977 2758 communicat,
3008 2689 3209 2746 similis
3237 2691 3284 2745 ei
3313 2690 3535 2745 evadet.

2096 2783 2241 2839 Ibid.
2287 2783 2641 2838 Detestantur
2677 2783 2898 2852 superbi
2935 2783 3282 2837 modestiam.

2099 2876 2177 2933 Ne
2202 2875 2441 2947 superbe
2469 2884 2521 2929 te
2544 2889 2704 2946 geras
2727 2875 2782 2930 in
2811 2885 3112 2945 conspectu
3161 2875 3329 2944 regis.

2101 2965 2310 3024 Deiecit
2367 2965 2574 3033 exlex,
2633 2964 2797 3034 pet-iit
2851 2965 3170 3036 superbus,
3229 2965 3432 3021 cadent
3483 2965 3614 3023 elati

2026 3057 2230 3129 gladio.

2103 3149 2344 3206 Laudem
2377 3148 2614 3205 invicem
2639 3149 3002 3221 accipientes,
3037 3149 3253 3206 laudem
3295 3165 3325 3206 a
3357 3148 3474 3206 solo
3507 3149 3619 3206 Deo

1955 3255 2002 3319 ο
2035 3256 2147 3299 non
2172 3240 2440 3313 quaeritis.

2102 3333 2366 3406 Quisquis
2397 3348 2456 3390 se
2485 3333 2606 3402 ipse
2637 3335 2872 3400 extollit,
2908 3332 3266 3405 deprimetur.

2107 3427 2266 3496 Quod
2301 3430 2358 3484 in
2396 3427 2714 3485 hominibus
2743 3429 3023 3485 excelsum
3057 3435 3165 3499 est,
3197 3427 3252 3484 id
3293 3441 3480 3485 coram
3507 3426 3627 3484 Deo

2037 3520 2397 3580 abominatio.

2106 3611 2237 3668 Noli
2268 3612 2445 3670 elatus
2473 3627 2618 3682 esse,
2653 3613 2749 3671 sed
2780 3614 2935 3671 time.

2112 3701 2296 3759 Galat.
2319 3719 2373 3760 ν.
2399 3702 2475 3759 Ne
2504 3705 2676 3761 simus
2698 3704 2877 3761 inanis
2911 3703 3098 3776 gloriae
3129 3704 3338 3776 cupidi,
3373 3704 3616 3761 invicem

2037 3805 2429 3868 provocantes,
2465 3796 2700 3852 invicem
2733 3797 3064 3857 invidentes.

2112 3887 2174 3946 S.
2206 3887 2418 3945 Basilii.
2453 3887 2575 3945 Non
2605 3889 2769 3946 verba
2806 3892 2923 3960 ipsa
2952 3892 3135 3947 solent
3161 3889 3353 3947 dolore
3381 3888 3632 3958 allicere,

2038 3983 2134 4040 sed
2161 3983 2522 4039 conviciantis
2553 3983 2714 4040 uoltis
2750 3992 3124 4055 contemptus,
3171 3993 3227 4040 et
3256 3983 3526 4056 cujusque
3549 3983 3630 4041 de

2039 4091 2100 4132 se
2131 4075 2250 4145 ipso
2282 4074 2488 4145 Opinio.

2111 4167 2292 4223 Mores
2329 4168 2570 4223 hominis
2610 4153 2833 4240 superbi
2867 4169 2914 4225 si
2949 4182 3079 4226 vere
3119 4168 3300 4226 sanati
3318 4169 3484 4242 230
3504 4169 3633 4225 fue-

2040 4260 2174 4328 rint,
2206 4261 2384 4316 solent
2409 4275 2531 4316 esse
2555 4261 2640 4316 sui
2666 4261 3144 4332 despicientiores.

2113 4351 2294 4422 Eque
2347 4351 2565 4407 dillicile
2596 4361 2693 4416 est:
2723 4353 2778 4406 in
2826 4367 3013 4408 rerum
3055 4352 3466 4411 dilIieultatibtts
3511 4355 3638 4408 ani-

2041 4459 2191 4500 mum
2226 4444 2442 4499 ﬁrmum
2481 4458 2720 4510 servare,
2742 4459 2910 4516 quam
2933 4445 2989 4500 in
3023 4446 3478 4515 prOSperitatibus
3511 4462 3635 4502 non

2043 4535 2252 4592 exudh.

423 4637 715 4702 Κενόδοξός
749 4638 896 4688 ἔστιν
927 4635 956 4688 ό
981 4632 1142 4704 ψιλῆς
1171 4632 1361 4688 ἕνεκεν
1388 4633 1492 4704 τῆς
1532 4634 1593 4688 έν
1621 4632 1700 4706 τῷ
1743 4633 1921 4705 κόσμια

2109 4626 2294 4684 Inanis
2321 4626 2507 4698 gloriat
2537 4634 2784 4697 captator
2812 4635 2920 4694 est,
2958 4623 3052 4694 qui
3101 4625 3309 4696 aliquid
3349 4635 3444 4683 aut
3496 4624 3632 4684 facit

351 4733 532 4803 δόξης,
559 4729 662 4800 τῆς
717 4727 874 4800 παρά
899 4727 1009 4783 τῶν
1046 4725 1302 4799 ὁρώντων
1333 4726 1368 4797 ἢ
1393 4728 1726 4797 ἀκουόντων,
1764 4727 1936 4783 ποιῶν

353 4845 408 4882 τι
437 4827 470 4897 ἢ
506 4824 702 4894 λέγων.

425 4917 519 4990 Μὴ
547 4917 794 4990 έπαρθῇς
827 4915 992 4986 μέγα,
1026 4912 1114 4970 ίνα
1147 4912 1225 4987 μὴ
1262 4912 1449 4987 μεῖζον
1476 4913 1834 4987 κατενεχθῇς.

425 5101 586 5171 Μέγα
629 5100 748 5164 τοῖς
797 5095 1110 5171 ἀνθρώποις
1135 5095 1172 5168 ἠ
1200 5093 1335 5168 κενὴ
1379 5093 1511 5161 δόξα
1557 5091 1696 5167 πρὸς
1738 5091 1945 5167 ἀρετὴν

355 5193 382 5244 ὲ
391 5191 638 5262 μπόδιον.

441 5285 664 5356 Ῥᾷστον
685 5284 880 5338 ἑαυτὸν
906 5282 1146 5353 ἀπατᾷν,
1171 5280 1267 5337 καὶ
1287 5279 1499 5336 οἴεσθαι
1520 5275 1663 5336 εἷναί
1691 5295 1768 5347 τι,
1790 5277 1945 5334 οὐδὲν

355 5377 509 5444 ὄντα,
546 5377 653 5431 ὑπὸ
681 5376 782 5446 τῆς
809 5375 974 5446 κενῆς
1005 5375 1166 5446 δόξης
1193 5375 1547 5445 φυσώμενον.

431 5471 504 5524 Τὸ
533 5467 744 5524 οἴεσθαι
765 5467 863 5522 τοῦ
890 5463 1033 5523 εἶναι
1063 5468 1125 5521 τὸ
1159 5467 1418 5521 πλεῖστον
1447 5465 1791 5537 ἀφαιρεῖται.

431 5561 526 5634 Μὴ
545 5562 736 5636 φρόνει
759 5560 869 5616 τῶν
896 5558 1088 5616 κακῶν
1121 5557 1410 5628 φαίνεσθαι
1443 5557 1711 5632 κρείττων
1731 5573 1747 5590 ο
1775 5552 1948 5611 λυποῦ

360 5657 417 5711 δὲ
445 5657 556 5710 τῶν
590 5655 810 5724 ἀγαθῶν
841 5652 1182 5726 ἡττώμενος.

433 5748 635 5820 Ὕϐρις
667 5746 866 5818 μικρὸν
910 5745 1220 5818 κρατοῦντα
1257 5743 1537 5815 φυσᾶσθαι
1569 5742 1735 5815 μέγα.

433 5927 501 5983 Τί
527 5925 622 5982 τοῦ
652 5925 823 5999 vivos
855 5927 950 5985 καὶ
981 5928 1079 6002 τῆς
1110 5926 1368 5994 ἀπονοίας
1395 5923 1757 5999 αἰσχρότερον
1783 5936 1801 5991 ;

2047 4729 2143 4777 aut
2179 4719 2314 4775 dicit
2346 4719 2637 4775 mundanae
2657 4726 2713 4774 et
2741 4719 2902 4774 nudat
2932 4717 3119 4790 gloriae
3141 4733 3329 4786 causa,
3355 4735 3480 4790 qua:
3525 4720 3633 4792 ipsi

2043 4813 2180 4871 vela
2205 4811 2608 4884 spectatoribus
2647 4811 2734 4867 vel
2767 4809 3120 4868 auditoribus
3162 4809 3466 4867 tribuatur.

2116 4905 2390 4977 Theologi.
2432 4903 2515 4963 Ne
2566 4903 2806 4961 multum
2856 4904 3090 4974 tollere,
3147 4919 3219 4962 ne
3270 4904 3445 4977 magis
3494 4902 3636 4975 deji-

2045 5000 2215 5058 ciare.

2117 5087 2299 5147 Inanis
2327 5088 2503 5163 gloria
2553 5101 2816 5160 maguum
2861 5094 2951 5145 est
2990 5084 3063 5144 ad
3103 5085 3364 5144 virtutem
3403 5083 3636 5157 impedi-

2046 5191 2318 5240 mentum.

2132 5271 2476 5328 Facillimum
2507 5283 2595 5330 est
2617 5272 2864 5344 seipsum
2911 5272 3121 5338 fallere,
3167 5283 3232 5328 ac
3288 5285 3401 5342 pra:
3463 5271 3640 5344 gloria

2049 5365 2200 5423 inani
2232 5363 2482 5420 inﬂatum
2521 5378 2584 5421 ae
2608 5363 2816 5435 aliquid
2847 5372 3058 5435 putare,
3084 5377 3209 5419 cum
3233 5362 3372 5419 nihil
3401 5364 3505 5421 sis.

2116 5458 2342 5530 Opinati
2369 5459 2438 5514 ab
2469 5472 2589 5514 esse
2616 5459 2913 5528 plurimum
2949 5457 3154 5513 diﬂ'ert.

2120 5550 2245 5609 Noli
2276 5553 2524 5623 cogitare
2549 5559 2604 5608 te
2632 5552 2796 5609 malis
2823 5551 2912 5608 vid
2933 5551 3015 5608 eri
3046 5549 3484 5621 praestantiorem
3509 5564 3524 5604 :
3547 5548 3640 5605 sed

2050 5644 2236 5716 potius
2275 5642 2496 5699 tristare
2523 5641 2674 5713 quod
2704 5643 2782 5700 sis
2813 5643 2969 5699 bonis
3008 5641 3260 5699 inferior.

2127 5731 2334 5801 lnjuria
2367 5739 2474 5801 est,
2506 5731 2555 5788 si
2588 5731 2716 5803 quis
2759 5746 2886 5788 cum
2914 5731 3139 5803 paulum
3170 5733 3371 5799 valeat,
3404 5729 3640 5786 multum

2056 5823 2306 5883 inﬂetur.

2126 5920 2188 5979 S.
2220 5918 2492 5993 Chrysou.
2511 5915 2655 5988 Quid
2684 5920 2831 5980 {astu
2859 5926 2914 5979 et
2941 5915 3254 5986 arrogantia
3286 5913 3549 5980 turpius?
