  <div class='ocr_page' id='page_1' title='image "/cluster/home/n/w/nwhite01/storage/ocr_20150623/136/coo.31924054870419/597.png"; bbox 0 0 4062 6412; ppageno 0'>
   <div class='ocr_carea' id='block_1_1' title="bbox 450 386 592 452">
    <p class='ocr_par' dir='ltr' id='par_1_1' title="bbox 450 386 592 452">
     <span class='ocr_line' id='line_1_1' title="bbox 450 386 592 452; baseline 0.014 -5"><span class='ocrx_word' id='word_1_1' title='bbox 450 386 592 452; x_wconf 85' lang='grc'><strong>1183</strong></span> 
     </span>
    </p>
   </div>
   <div class='ocr_carea' id='block_1_2' title="bbox 1690 388 2394 456">
    <p class='ocr_par' dir='ltr' id='par_1_2' title="bbox 1690 388 2394 456">
     <span class='ocr_line' id='line_1_2' title="bbox 1690 388 2394 456; baseline 0.003 -5"><span class='ocrx_word' id='word_1_2' title='bbox 1690 388 2012 452; x_wconf 85' lang='grc' dir='ltr'><strong>ΑΝΤΟΝΙΙ</strong></span> <span class='ocrx_word' id='word_1_3' title='bbox 2048 391 2394 456; x_wconf 67' lang='grc' dir='ltr'><strong>ΜΕιΙεδΑῑ</strong></span> 
     </span>
    </p>
   </div>
   <div class='ocr_carea' id='block_1_3' title="bbox 3581 401 3731 469">
    <p class='ocr_par' dir='ltr' id='par_1_3' title="bbox 3581 401 3731 469">
     <span class='ocr_line' id='line_1_3' title="bbox 3581 401 3731 469; baseline 0.02 -3"><span class='ocrx_word' id='word_1_4' title='bbox 3581 401 3731 469; x_wconf 74' lang='grc'><strong>1184</strong></span> 
     </span>
    </p>
   </div>
   <div class='ocr_carea' id='block_1_4' title="bbox 523 502 2027 583">
    <p class='ocr_par' dir='ltr' id='par_1_4' title="bbox 523 502 2027 578">
     <span class='ocr_line' id='line_1_4' title="bbox 523 502 2027 578; baseline 0.001 -18"><span class='ocrx_word' id='word_1_5' title='bbox 523 503 658 560; x_wconf 83' lang='lat' dir='ltr'><strong>Vere</strong></span> <span class='ocrx_word' id='word_1_6' title='bbox 682 503 828 560; x_wconf 88' lang='lat' dir='ltr'><strong>dicta</strong></span> <span class='ocrx_word' id='word_1_7' title='bbox 885 511 969 561; x_wconf 91' lang='lat' dir='ltr'><strong>est</strong></span> <span class='ocrx_word' id='word_1_8' title='bbox 992 502 1062 560; x_wconf 88' lang='lat' dir='ltr'><strong>ab</strong></span> <span class='ocrx_word' id='word_1_9' title='bbox 1113 503 1358 576; x_wconf 77' lang='lat' dir='ltr'><strong>antiquis</strong></span> <span class='ocrx_word' id='word_1_10' title='bbox 1412 504 1595 563; x_wconf 92' lang='lat' dir='ltr'><strong>inanis</strong></span> <span class='ocrx_word' id='word_1_11' title='bbox 1652 504 1850 575; x_wconf 87' lang='lat' dir='ltr'><strong>gloria,</strong></span> <span class='ocrx_word' id='word_1_12' title='bbox 1884 504 2027 578; x_wconf 90' lang='lat' dir='ltr'><strong>quod</strong></span> 
     </span>
    </p>
   </div>
   <div class='ocr_carea' id='block_1_5' title="bbox 2143 502 3727 583">
    <p class='ocr_par' dir='ltr' id='par_1_5' title="bbox 2204 506 3727 583">
     <span class='ocr_line' id='line_1_5' title="bbox 2204 506 3727 583; baseline 0.007 -23"><span class='ocrx_word' id='word_1_13' title='bbox 2204 506 2449 574; x_wconf 84' lang='grc' dir='ltr'>Είκότως</span> <span class='ocrx_word' id='word_1_14' title='bbox 2482 509 2704 581; x_wconf 68' lang='grc' dir='ltr'>εἴρηται</span> <span class='ocrx_word' id='word_1_15' title='bbox 2758 511 2909 581; x_wconf 83' lang='grc' dir='ltr'>παρὰ</span> <span class='ocrx_word' id='word_1_16' title='bbox 2960 511 3072 565; x_wconf 92' lang='grc' dir='ltr'><strong>τῶν</strong></span> <span class='ocrx_word' id='word_1_17' title='bbox 3123 512 3376 568; x_wconf 73' lang='grc' dir='ltr'>παλαιῶν</span> <span class='ocrx_word' id='word_1_18' title='bbox 3427 516 3727 583; x_wconf 76' lang='grc' dir='ltr'>κενοδοξία.</span> 
     </span>
    </p>
   </div>
   <div class='ocr_carea' id='block_1_6' title="bbox 443 597 1795 671">
    <p class='ocr_par' dir='ltr' id='par_1_6' title="bbox 443 597 1795 671">
     <span class='ocr_line' id='line_1_6' title="bbox 443 597 1795 671; baseline 0.001 -15"><span class='ocrx_word' id='word_1_19' title='bbox 443 598 626 657; x_wconf 87' lang='lat' dir='ltr'><strong>inanis</strong></span> <span class='ocrx_word' id='word_1_20' title='bbox 657 599 752 667; x_wconf 88' lang='lat' dir='ltr'><strong>sit,</strong></span> <span class='ocrx_word' id='word_1_21' title='bbox 784 597 920 656; x_wconf 81' lang='lat' dir='ltr'><strong>nihil</strong></span> <span class='ocrx_word' id='word_1_22' title='bbox 942 599 1091 657; x_wconf 90' lang='lat' dir='ltr'><strong>intus</strong></span> <span class='ocrx_word' id='word_1_23' title='bbox 1120 600 1326 657; x_wconf 84' lang='lat' dir='ltr'><strong>habens</strong></span> <span class='ocrx_word' id='word_1_24' title='bbox 1356 599 1505 671; x_wconf 88' lang='lat' dir='ltr'><strong>quod</strong></span> <span class='ocrx_word' id='word_1_25' title='bbox 1532 599 1669 655; x_wconf 92' lang='lat' dir='ltr'><strong>utile</strong></span> <span class='ocrx_word' id='word_1_26' title='bbox 1702 599 1795 657; x_wconf 87' lang='lat' dir='ltr'><strong>sit.</strong></span> 
     </span>
    </p>
   </div>
   <div class='ocr_carea' id='block_1_7' title="bbox 517 800 2029 875">
    <p class='ocr_par' dir='ltr' id='par_1_7' title="bbox 517 800 2029 875">
     <span class='ocr_line' id='line_1_7' title="bbox 517 800 2029 875; baseline 0.001 -18"><span class='ocrx_word' id='word_1_27' title='bbox 517 802 675 875; x_wconf 64' lang='grc' dir='ltr'>(ἶνες.</span> <span class='ocrx_word' id='word_1_28' title='bbox 711 800 877 875; x_wconf 68' lang='lat' dir='ltr'><strong>Ny“.</strong></span> <span class='ocrx_word' id='word_1_29' title='bbox 901 800 1130 859; x_wconf 82' lang='lat' dir='ltr'><strong>Generis</strong></span> <span class='ocrx_word' id='word_1_30' title='bbox 1179 801 1437 858; x_wconf 79' lang='lat' dir='ltr'><strong>nobilitas</strong></span> <span class='ocrx_word' id='word_1_31' title='bbox 1475 809 1532 858; x_wconf 92' lang='lat' dir='ltr'><strong>et</strong></span> <span class='ocrx_word' id='word_1_32' title='bbox 1590 800 1764 859; x_wconf 81' lang='lat' dir='ltr'><strong>fastus</strong></span> <span class='ocrx_word' id='word_1_33' title='bbox 1806 800 2029 874; x_wconf 82' lang='lat' dir='ltr'><strong>superbi</strong></span> 
     </span>
    </p>
   </div>
   <div class='ocr_carea' id='block_1_8' title="bbox 443 894 1883 969">
    <p class='ocr_par' dir='ltr' id='par_1_8' title="bbox 443 894 1883 969">
     <span class='ocr_line' id='line_1_8' title="bbox 443 894 1883 969; baseline -0.004 -15"><span class='ocrx_word' id='word_1_34' title='bbox 443 898 827 969; x_wconf 79' lang='lat' dir='ltr'><strong>cognationem</strong></span> <span class='ocrx_word' id='word_1_35' title='bbox 854 910 980 951; x_wconf 93' lang='lat' dir='ltr'><strong>cum</strong></span> <span class='ocrx_word' id='word_1_36' title='bbox 1012 894 1214 967; x_wconf 75' lang='lat' dir='ltr'><strong>ﬁglinis</strong></span> <span class='ocrx_word' id='word_1_37' title='bbox 1241 894 1503 952; x_wconf 81' lang='lat' dir='ltr'><strong>lateribus</strong></span> <span class='ocrx_word' id='word_1_38' title='bbox 1541 894 1768 951; x_wconf 86' lang='lat' dir='ltr'><strong>habent.</strong></span> <span class='ocrx_word' id='word_1_39' title='bbox 1801 894 1883 965; x_wconf 78' lang='grc'><strong>(1)</strong></span> 
     </span>
    </p>
   </div>
   <div class='ocr_carea' id='block_1_9' title="bbox 515 987 2030 1060">
    <p class='ocr_par' dir='ltr' id='par_1_9' title="bbox 515 987 2030 1060">
     <span class='ocr_line' id='line_1_9' title="bbox 515 987 2030 1060; baseline -0.002 -15"><span class='ocrx_word' id='word_1_40' title='bbox 515 991 826 1046; x_wconf 78' lang='lat' dir='ltr'><strong>Etirenatus</strong></span> <span class='ocrx_word' id='word_1_41' title='bbox 856 998 910 1045; x_wconf 91' lang='lat' dir='ltr'><strong>et</strong></span> <span class='ocrx_word' id='word_1_42' title='bbox 953 998 1245 1060; x_wconf 89' lang='lat' dir='ltr'><strong>protervus</strong></span> <span class='ocrx_word' id='word_1_43' title='bbox 1275 1001 1390 1048; x_wconf 90' lang='lat' dir='ltr'><strong>tum</strong></span> <span class='ocrx_word' id='word_1_44' title='bbox 1438 988 1565 1046; x_wconf 89' lang='lat' dir='ltr'><strong>aliis</strong></span> <span class='ocrx_word' id='word_1_45' title='bbox 1612 987 1754 1044; x_wconf 88' lang='lat' dir='ltr'><strong>adiri</strong></span> <span class='ocrx_word' id='word_1_46' title='bbox 1788 1002 1898 1043; x_wconf 91' lang='lat' dir='ltr'><strong>non</strong></span> <span class='ocrx_word' id='word_1_47' title='bbox 1929 1000 2030 1058; x_wconf 84' lang='lat' dir='ltr'><strong>po-</strong></span> 
     </span>
    </p>
   </div>
   <div class='ocr_carea' id='block_1_10' title="bbox 445 1084 1430 1155">
    <p class='ocr_par' dir='ltr' id='par_1_10' title="bbox 445 1084 1430 1155">
     <span class='ocr_line' id='line_1_10' title="bbox 445 1084 1430 1155; baseline 0.002 -16"><span class='ocrx_word' id='word_1_48' title='bbox 445 1092 575 1152; x_wconf 86' lang='lat' dir='ltr'><strong>test,</strong></span> <span class='ocrx_word' id='word_1_49' title='bbox 604 1093 717 1139; x_wconf 91' lang='lat' dir='ltr'><strong>tum</strong></span> <span class='ocrx_word' id='word_1_50' title='bbox 750 1084 868 1155; x_wconf 91' lang='lat' dir='ltr'><strong>ipse</strong></span> <span class='ocrx_word' id='word_1_51' title='bbox 895 1084 1000 1141; x_wconf 84' lang='lat' dir='ltr'><strong>sibi</strong></span> <span class='ocrx_word' id='word_1_52' title='bbox 1032 1084 1290 1142; x_wconf 89' lang='lat' dir='ltr'><strong>inimicus</strong></span> <span class='ocrx_word' id='word_1_53' title='bbox 1319 1092 1430 1141; x_wconf 88' lang='lat' dir='ltr'><strong>est.</strong></span> 
     </span>
    </p>
   </div>
   <div class='ocr_carea' id='block_1_11' title="bbox 513 1196 2027 1265">
    <p class='ocr_par' dir='ltr' id='par_1_11' title="bbox 513 1196 2027 1265">
     <span class='ocr_line' id='line_1_11' title="bbox 513 1196 2027 1265; baseline 0.002 -14"><span class='ocrx_word' id='word_1_54' title='bbox 513 1196 570 1251; x_wconf 91' lang='lat' dir='ltr'><strong>Si</strong></span> <span class='ocrx_word' id='word_1_55' title='bbox 604 1196 863 1253; x_wconf 86' lang='lat' dir='ltr'><strong>detrahas</strong></span> <span class='ocrx_word' id='word_1_56' title='bbox 923 1196 1198 1255; x_wconf 78' lang='lat' dir='ltr'><strong>fastuosos</strong></span> <span class='ocrx_word' id='word_1_57' title='bbox 1229 1211 1435 1265; x_wconf 88' lang='lat' dir='ltr'><strong>mores,</strong></span> <span class='ocrx_word' id='word_1_58' title='bbox 1463 1196 1561 1255; x_wconf 74' lang='lat' dir='ltr'><strong>ira:</strong></span> <span class='ocrx_word' id='word_1_59' title='bbox 1614 1196 1798 1254; x_wconf 90' lang='lat' dir='ltr'><strong>nullus</strong></span> <span class='ocrx_word' id='word_1_60' title='bbox 1859 1198 2027 1255; x_wconf 88' lang='lat' dir='ltr'><strong>relin-</strong></span> 
     </span>
    </p>
   </div>
   <div class='ocr_carea' id='block_1_12' title="bbox 441 1291 855 1361">
    <p class='ocr_par' dir='ltr' id='par_1_12' title="bbox 441 1291 855 1361">
     <span class='ocr_line' id='line_1_12' title="bbox 441 1291 855 1361; baseline 0.002 -17"><span class='ocrx_word' id='word_1_61' title='bbox 441 1299 643 1361; x_wconf 87' lang='lat' dir='ltr'><strong>quetur</strong></span> <span class='ocrx_word' id='word_1_62' title='bbox 676 1291 855 1345; x_wconf 89' lang='lat' dir='ltr'><strong>locus.</strong></span> 
     </span>
    </p>
   </div>
   <div class='ocr_carea' id='block_1_13' title="bbox 510 1404 2027 1474">
    <p class='ocr_par' dir='ltr' id='par_1_13' title="bbox 510 1404 2027 1474">
     <span class='ocr_line' id='line_1_13' title="bbox 510 1404 2027 1474; baseline 0 -14"><span class='ocrx_word' id='word_1_63' title='bbox 510 1405 701 1461; x_wconf 89' lang='lat' dir='ltr'><strong>Elatus</strong></span> <span class='ocrx_word' id='word_1_64' title='bbox 725 1414 809 1460; x_wconf 90' lang='lat' dir='ltr'><strong>est</strong></span> <span class='ocrx_word' id='word_1_65' title='bbox 842 1417 1060 1473; x_wconf 84' lang='lat' dir='ltr'><strong>semper</strong></span> <span class='ocrx_word' id='word_1_66' title='bbox 1083 1404 1460 1474; x_wconf 83' lang='lat' dir='ltr'><strong>armgantium</strong></span> <span class='ocrx_word' id='word_1_67' title='bbox 1490 1404 1733 1471; x_wconf 87' lang='lat' dir='ltr'><strong>animus,</strong></span> <span class='ocrx_word' id='word_1_68' title='bbox 1755 1413 1810 1461; x_wconf 92' lang='lat' dir='ltr'><strong>et</strong></span> <span class='ocrx_word' id='word_1_69' title='bbox 1842 1405 1909 1461; x_wconf 93' lang='lat' dir='ltr'><strong>ad</strong></span> <span class='ocrx_word' id='word_1_70' title='bbox 1934 1422 2027 1463; x_wconf 84' lang='lat' dir='ltr'><strong>su-</strong></span> 
     </span>
    </p>
   </div>
   <div class='ocr_carea' id='block_1_14' title="bbox 440 1497 2025 1567">
    <p class='ocr_par' dir='ltr' id='par_1_14' title="bbox 440 1497 2025 1567">
     <span class='ocr_line' id='line_1_14' title="bbox 440 1497 2025 1567; baseline 0.002 -15"><span class='ocrx_word' id='word_1_71' title='bbox 440 1497 629 1552; x_wconf 88' lang='lat' dir='ltr'><strong>blimia</strong></span> <span class='ocrx_word' id='word_1_72' title='bbox 658 1512 876 1567; x_wconf 84' lang='lat' dir='ltr'><strong>semper</strong></span> <span class='ocrx_word' id='word_1_73' title='bbox 910 1497 1105 1563; x_wconf 82' lang='lat' dir='ltr'><strong>fertur,</strong></span> <span class='ocrx_word' id='word_1_74' title='bbox 1136 1497 1430 1554; x_wconf 79' lang='lat' dir='ltr'><strong>convivere</strong></span> <span class='ocrx_word' id='word_1_75' title='bbox 1476 1497 1863 1555; x_wconf 88' lang='lat' dir='ltr'><strong>humilioribus</strong></span> <span class='ocrx_word' id='word_1_76' title='bbox 1917 1515 2025 1555; x_wconf 90' lang='lat' dir='ltr'><strong>non</strong></span> 
     </span>
    </p>
   </div>
   <div class='ocr_carea' id='block_1_15' title="bbox 442 1588 2025 1661">
    <p class='ocr_par' dir='ltr' id='par_1_15' title="bbox 442 1588 2025 1661">
     <span class='ocr_line' id='line_1_15' title="bbox 442 1588 2025 1661; baseline 0.002 -15"><span class='ocrx_word' id='word_1_77' title='bbox 442 1591 749 1657; x_wconf 82' lang='lat' dir='ltr'><strong>sustinens,</strong></span> <span class='ocrx_word' id='word_1_78' title='bbox 794 1597 851 1645; x_wconf 91' lang='lat' dir='ltr'><strong>ct</strong></span> <span class='ocrx_word' id='word_1_79' title='bbox 895 1588 1240 1645; x_wconf 89' lang='lat' dir='ltr'><strong>moderatum</strong></span> <span class='ocrx_word' id='word_1_80' title='bbox 1285 1599 1344 1647; x_wconf 91' lang='lat' dir='ltr'><strong>et</strong></span> <span class='ocrx_word' id='word_1_81' title='bbox 1396 1589 1662 1647; x_wconf 85' lang='lat' dir='ltr'><strong>humilem</strong></span> <span class='ocrx_word' id='word_1_82' title='bbox 1708 1591 2025 1661; x_wconf 87' lang='lat' dir='ltr'><strong>despiciens</strong></span> 
     </span>
    </p>
   </div>
   <div class='ocr_carea' id='block_1_16' title="bbox 441 1684 717 1755">
    <p class='ocr_par' dir='ltr' id='par_1_16' title="bbox 441 1684 717 1755">
     <span class='ocr_line' id='line_1_16' title="bbox 441 1684 717 1755; baseline -0.007 -14"><span class='ocrx_word' id='word_1_83' title='bbox 441 1684 717 1755; x_wconf 88' lang='lat' dir='ltr'><strong>spiritum.</strong></span> 
     </span>
    </p>
   </div>
   <div class='ocr_carea' id='block_1_17' title="bbox 509 1775 2023 1850">
    <p class='ocr_par' dir='ltr' id='par_1_17' title="bbox 509 1775 2023 1850">
     <span class='ocr_line' id='line_1_17' title="bbox 509 1775 2023 1850; baseline 0 -17"><span class='ocrx_word' id='word_1_84' title='bbox 509 1776 847 1834; x_wconf 87' lang='lat' dir='ltr'><strong>Laudationo</strong></span> <span class='ocrx_word' id='word_1_85' title='bbox 890 1790 1104 1833; x_wconf 86' lang='lat' dir='ltr'><strong>summa</strong></span> <span class='ocrx_word' id='word_1_86' title='bbox 1156 1775 1352 1848; x_wconf 89' lang='lat' dir='ltr'><strong>dignus</strong></span> <span class='ocrx_word' id='word_1_87' title='bbox 1399 1785 1506 1845; x_wconf 84' lang='lat' dir='ltr'><strong>est,</strong></span> <span class='ocrx_word' id='word_1_88' title='bbox 1531 1777 1625 1847; x_wconf 82' lang='lat' dir='ltr'><strong>qui</strong></span> <span class='ocrx_word' id='word_1_89' title='bbox 1674 1784 2023 1850; x_wconf 74' lang='lat' dir='ltr'><strong>arrogantem</strong></span> 
     </span>
    </p>
   </div>
   <div class='ocr_carea' id='block_1_18' title="bbox 437 1852 2101 1940">
    <p class='ocr_par' dir='ltr' id='par_1_18' title="bbox 437 1852 2101 1940">
     <span class='ocr_line' id='line_1_18' title="bbox 437 1852 2101 1940; baseline 0 -14"><span class='ocrx_word' id='word_1_90' title='bbox 437 1871 575 1937; x_wconf 91' lang='lat' dir='ltr'><strong>odit,</strong></span> <span class='ocrx_word' id='word_1_91' title='bbox 609 1869 862 1926; x_wconf 80' lang='lat' dir='ltr'><strong>videlicet</strong></span> <span class='ocrx_word' id='word_1_92' title='bbox 902 1869 1081 1940; x_wconf 89' lang='lat' dir='ltr'><strong>ipsum</strong></span> <span class='ocrx_word' id='word_1_93' title='bbox 1113 1869 1442 1940; x_wconf 77' lang='lat' dir='ltr'><strong>arrogantia:</strong></span> <span class='ocrx_word' id='word_1_94' title='bbox 1498 1869 1717 1933; x_wconf 90' lang='lat' dir='ltr'><strong>vitium,</strong></span> <span class='ocrx_word' id='word_1_95' title='bbox 1744 1869 1890 1940; x_wconf 89' lang='lat' dir='ltr'><strong>quod</strong></span> <span class='ocrx_word' id='word_1_96' title='bbox 1940 1878 2025 1926; x_wconf 89' lang='lat' dir='ltr'><strong>est</strong></span> <span class='ocrx_word' id='word_1_97' title='bbox 2054 1852 2101 1913; x_wconf 73' lang='grc' dir='ltr'><strong>Β</strong></span> 
     </span>
    </p>
   </div>
   <div class='ocr_carea' id='block_1_19' title="bbox 440 1958 2025 2029">
    <p class='ocr_par' dir='ltr' id='par_1_19' title="bbox 440 1958 2025 2029">
     <span class='ocr_line' id='line_1_19' title="bbox 440 1958 2025 2029; baseline -0.004 -10"><span class='ocrx_word' id='word_1_98' title='bbox 440 1963 689 2019; x_wconf 91' lang='lat' dir='ltr'><strong>omnium</strong></span> <span class='ocrx_word' id='word_1_99' title='bbox 732 1962 1003 2017; x_wconf 91' lang='lat' dir='ltr'><strong>maiorum</strong></span> <span class='ocrx_word' id='word_1_100' title='bbox 1060 1960 1452 2024; x_wconf 69' lang='lat' dir='ltr'><strong>foedissimum,</strong></span> <span class='ocrx_word' id='word_1_101' title='bbox 1498 1966 1614 2014; x_wconf 89' lang='lat' dir='ltr'><strong>tum</strong></span> <span class='ocrx_word' id='word_1_102' title='bbox 1661 1960 1803 2029; x_wconf 89' lang='lat' dir='ltr'><strong>apud</strong></span> <span class='ocrx_word' id='word_1_103' title='bbox 1852 1958 2025 2015; x_wconf 89' lang='lat' dir='ltr'><strong>Deum</strong></span> 
     </span>
    </p>
   </div>
   <div class='ocr_carea' id='block_1_20' title="bbox 437 2049 2026 2125">
    <p class='ocr_par' dir='ltr' id='par_1_20' title="bbox 437 2049 2026 2125">
     <span class='ocr_line' id='line_1_20' title="bbox 437 2049 2026 2125; baseline -0.003 -15"><span class='ocrx_word' id='word_1_104' title='bbox 437 2064 555 2111; x_wconf 92' lang='lat' dir='ltr'><strong>tum</strong></span> <span class='ocrx_word' id='word_1_105' title='bbox 577 2054 721 2125; x_wconf 88' lang='lat' dir='ltr'><strong>apud</strong></span> <span class='ocrx_word' id='word_1_106' title='bbox 769 2053 1022 2109; x_wconf 86' lang='lat' dir='ltr'><strong>homines</strong></span> <span class='ocrx_word' id='word_1_107' title='bbox 1062 2051 1317 2107; x_wconf 90' lang='lat' dir='ltr'><strong>odiosum</strong></span> <span class='ocrx_word' id='word_1_108' title='bbox 1368 2062 1423 2106; x_wconf 91' lang='lat' dir='ltr'><strong>ct</strong></span> <span class='ocrx_word' id='word_1_109' title='bbox 1481 2049 1865 2121; x_wconf 89' lang='lat' dir='ltr'><strong>rejiciendum.</strong></span> <span class='ocrx_word' id='word_1_110' title='bbox 1889 2049 2026 2117; x_wconf 85' lang='lat' dir='ltr'><strong>Quis</strong></span> 
     </span>
    </p>
   </div>
   <div class='ocr_carea' id='block_1_21' title="bbox 435 2140 2028 2215">
    <p class='ocr_par' dir='ltr' id='par_1_21' title="bbox 435 2140 2028 2215">
     <span class='ocr_line' id='line_1_21' title="bbox 435 2140 2028 2215; baseline -0.004 -13"><span class='ocrx_word' id='word_1_111' title='bbox 435 2147 583 2202; x_wconf 89' lang='lat' dir='ltr'><strong>enim</strong></span> <span class='ocrx_word' id='word_1_112' title='bbox 641 2153 1074 2215; x_wconf 86' lang='lat' dir='ltr'><strong>contemptorem</strong></span> <span class='ocrx_word' id='word_1_113' title='bbox 1124 2157 1231 2197; x_wconf 92' lang='lat' dir='ltr'><strong>non</strong></span> <span class='ocrx_word' id='word_1_114' title='bbox 1284 2149 1441 2214; x_wconf 81' lang='lat' dir='ltr'><strong>putat</strong></span> <span class='ocrx_word' id='word_1_115' title='bbox 1485 2142 1772 2197; x_wconf 89' lang='lat' dir='ltr'><strong>molestum</strong></span> <span class='ocrx_word' id='word_1_116' title='bbox 1829 2151 1885 2196; x_wconf 90' lang='lat' dir='ltr'><strong>et</strong></span> <span class='ocrx_word' id='word_1_117' title='bbox 1938 2140 2028 2196; x_wconf 88' lang='lat' dir='ltr'><strong>in-</strong></span> 
     </span>
    </p>
   </div>
   <div class='ocr_carea' id='block_1_22' title="bbox 434 2231 2030 2304">
    <p class='ocr_par' dir='ltr' id='par_1_22' title="bbox 434 2231 2030 2304">
     <span class='ocr_line' id='line_1_22' title="bbox 434 2231 2030 2304; baseline -0.004 -10"><span class='ocrx_word' id='word_1_118' title='bbox 434 2235 832 2294; x_wconf 87' lang='lat' dir='ltr'><strong>tolerandum?</strong></span> <span class='ocrx_word' id='word_1_119' title='bbox 890 2234 1016 2304; x_wconf 88' lang='lat' dir='ltr'><strong>quis</strong></span> <span class='ocrx_word' id='word_1_120' title='bbox 1064 2234 1341 2304; x_wconf 85' lang='lat' dir='ltr'><strong>turgidum</strong></span> <span class='ocrx_word' id='word_1_121' title='bbox 1385 2246 1495 2286; x_wconf 91' lang='lat' dir='ltr'><strong>non</strong></span> <span class='ocrx_word' id='word_1_122' title='bbox 1556 2232 1670 2287; x_wconf 88' lang='lat' dir='ltr'><strong>odit</strong></span> <span class='ocrx_word' id='word_1_123' title='bbox 1727 2231 2030 2302; x_wconf 70' lang='lat' dir='ltr'><strong>spiritum?</strong></span> 
     </span>
    </p>
   </div>
   <div class='ocr_carea' id='block_1_23' title="bbox 434 2325 1540 2400">
    <p class='ocr_par' dir='ltr' id='par_1_23' title="bbox 434 2325 1540 2400">
     <span class='ocr_line' id='line_1_23' title="bbox 434 2325 1540 2400; baseline -0.005 -17"><span class='ocrx_word' id='word_1_124' title='bbox 434 2330 558 2400; x_wconf 92' lang='lat' dir='ltr'><strong>quis</strong></span> <span class='ocrx_word' id='word_1_125' title='bbox 583 2342 692 2383; x_wconf 90' lang='lat' dir='ltr'><strong>non</strong></span> <span class='ocrx_word' id='word_1_126' title='bbox 717 2326 934 2383; x_wconf 85' lang='lat' dir='ltr'><strong>inﬂatos</strong></span> <span class='ocrx_word' id='word_1_127' title='bbox 956 2325 1323 2395; x_wconf 84' lang='lat' dir='ltr'><strong>objurgandos</strong></span> <span class='ocrx_word' id='word_1_128' title='bbox 1348 2325 1540 2395; x_wconf 75' lang='lat' dir='ltr'><strong>putat?</strong></span> 
     </span>
    </p>
   </div>
   <div class='ocr_carea' id='block_1_24' title="bbox 506 2416 2024 2490">
    <p class='ocr_par' dir='ltr' id='par_1_24' title="bbox 506 2416 2024 2490">
     <span class='ocr_line' id='line_1_24' title="bbox 506 2416 2024 2490; baseline -0.002 -15"><span class='ocrx_word' id='word_1_129' title='bbox 506 2421 732 2490; x_wconf 88' lang='lat' dir='ltr'><strong>Semper</strong></span> <span class='ocrx_word' id='word_1_130' title='bbox 764 2418 910 2472; x_wconf 90' lang='lat' dir='ltr'><strong>enim</strong></span> <span class='ocrx_word' id='word_1_131' title='bbox 941 2416 1347 2489; x_wconf 88' lang='lat' dir='ltr'><strong>quodammodo</strong></span> <span class='ocrx_word' id='word_1_132' title='bbox 1375 2430 1642 2487; x_wconf 79' lang='lat' dir='ltr'><strong>arrogans</strong></span> <span class='ocrx_word' id='word_1_133' title='bbox 1698 2424 1783 2473; x_wconf 88' lang='lat' dir='ltr'><strong>est</strong></span> <span class='ocrx_word' id='word_1_134' title='bbox 1824 2416 2024 2484; x_wconf 82' lang='lat' dir='ltr'><strong>audax,</strong></span> 
     </span>
    </p>
   </div>
   <div class='ocr_carea' id='block_1_25' title="bbox 436 2494 1706 2585">
    <p class='ocr_par' dir='ltr' id='par_1_25' title="bbox 436 2494 1706 2585">
     <span class='ocr_line' id='line_1_25' title="bbox 436 2494 1706 2585; baseline -0.006 -14"><span class='ocrx_word' id='word_1_135' title='bbox 436 2528 620 2585; x_wconf 88' lang='lat' dir='ltr'><strong>asper,</strong></span> <span class='ocrx_word' id='word_1_136' title='bbox 654 2511 971 2577; x_wconf 85' lang='lat' dir='ltr'><strong>iracundus,</strong></span> <span class='ocrx_word' id='word_1_137' title='bbox 998 2518 1052 2566; x_wconf 90' lang='lat' dir='ltr'><strong>et</strong></span> <span class='ocrx_word' id='word_1_138' title='bbox 1079 2494 1349 2580; x_wconf 77' lang='lat' dir='ltr'><strong>compesci</strong></span> <span class='ocrx_word' id='word_1_139' title='bbox 1382 2526 1490 2566; x_wconf 93' lang='lat' dir='ltr'><strong>non</strong></span> <span class='ocrx_word' id='word_1_140' title='bbox 1510 2519 1706 2580; x_wconf 85' lang='lat' dir='ltr'><strong>potest.</strong></span> 
     </span>
    </p>
   </div>
   <div class='ocr_carea' id='block_1_26' title="bbox 507 2598 2027 2670">
    <p class='ocr_par' dir='ltr' id='par_1_26' title="bbox 507 2598 2027 2670">
     <span class='ocr_line' id='line_1_26' title="bbox 507 2598 2027 2670; baseline 0.001 -13"><span class='ocrx_word' id='word_1_141' title='bbox 507 2602 767 2657; x_wconf 69' lang='lat' dir='ltr'><strong>Clamant.</strong></span> <span class='ocrx_word' id='word_1_142' title='bbox 797 2598 1033 2655; x_wconf 81' lang='lat' dir='ltr'><strong>Excelsa</strong></span> <span class='ocrx_word' id='word_1_143' title='bbox 1060 2607 1116 2654; x_wconf 91' lang='lat' dir='ltr'><strong>et</strong></span> <span class='ocrx_word' id='word_1_144' title='bbox 1144 2599 1385 2670; x_wconf 91' lang='lat' dir='ltr'><strong>glorioso</strong></span> <span class='ocrx_word' id='word_1_145' title='bbox 1434 2598 1591 2655; x_wconf 82' lang='lat' dir='ltr'><strong>atiixa</strong></span> <span class='ocrx_word' id='word_1_146' title='bbox 1639 2608 1724 2655; x_wconf 86' lang='lat' dir='ltr'><strong>est</strong></span> <span class='ocrx_word' id='word_1_147' title='bbox 1772 2598 2027 2658; x_wconf 87' lang='lat' dir='ltr'><strong>volubilis</strong></span> 
     </span>
    </p>
   </div>
   <div class='ocr_carea' id='block_1_27' title="bbox 435 2692 2027 2762">
    <p class='ocr_par' dir='ltr' id='par_1_27' title="bbox 435 2692 2027 2762">
     <span class='ocr_line' id='line_1_27' title="bbox 435 2692 2027 2762; baseline -0.001 -11"><span class='ocrx_word' id='word_1_148' title='bbox 435 2696 502 2751; x_wconf 88' lang='lat' dir='ltr'><strong>ad</strong></span> <span class='ocrx_word' id='word_1_149' title='bbox 544 2694 903 2750; x_wconf 85' lang='lat' dir='ltr'><strong>humilitatem</strong></span> <span class='ocrx_word' id='word_1_150' title='bbox 933 2692 1166 2748; x_wconf 88' lang='lat' dir='ltr'><strong>mutatio</strong></span> <span class='ocrx_word' id='word_1_151' title='bbox 1193 2700 1249 2749; x_wconf 92' lang='lat' dir='ltr'><strong>et</strong></span> <span class='ocrx_word' id='word_1_152' title='bbox 1290 2706 1477 2762; x_wconf 87' lang='lat' dir='ltr'><strong>casus,</strong></span> <span class='ocrx_word' id='word_1_153' title='bbox 1506 2700 1568 2748; x_wconf 90' lang='lat' dir='ltr'><strong>ut</strong></span> <span class='ocrx_word' id='word_1_154' title='bbox 1619 2692 1810 2749; x_wconf 85' lang='lat' dir='ltr'><strong>divina</strong></span> <span class='ocrx_word' id='word_1_155' title='bbox 1864 2693 2027 2750; x_wconf 87' lang='lat' dir='ltr'><strong>docet</strong></span> 
     </span>
    </p>
   </div>
   <div class='ocr_carea' id='block_1_28' title="bbox 435 2787 707 2843">
    <p class='ocr_par' dir='ltr' id='par_1_28' title="bbox 435 2787 707 2843">
     <span class='ocr_line' id='line_1_28' title="bbox 435 2787 707 2843; baseline -0.004 0"><span class='ocrx_word' id='word_1_156' title='bbox 435 2787 707 2843; x_wconf 88' lang='lat' dir='ltr'><strong>doctrina.</strong></span> 
     </span>
    </p>
   </div>
   <div class='ocr_carea' id='block_1_29' title="bbox 502 2875 2026 2949">
    <p class='ocr_par' dir='ltr' id='par_1_29' title="bbox 502 2875 2026 2949">
     <span class='ocr_line' id='line_1_29' title="bbox 502 2875 2026 2949; baseline 0.001 -18"><span class='ocrx_word' id='word_1_157' title='bbox 502 2876 940 2933; x_wconf 76' lang='lat' dir='ltr'><strong>Philonis.Aiuttt</strong></span> <span class='ocrx_word' id='word_1_158' title='bbox 969 2876 1194 2949; x_wconf 91' lang='lat' dir='ltr'><strong>quidam</strong></span> <span class='ocrx_word' id='word_1_159' title='bbox 1243 2875 1547 2947; x_wconf 88' lang='lat' dir='ltr'><strong>sapientem</strong></span> <span class='ocrx_word' id='word_1_160' title='bbox 1594 2878 1843 2932; x_wconf 89' lang='lat' dir='ltr'><strong>omnium</strong></span> <span class='ocrx_word' id='word_1_161' title='bbox 1897 2892 2026 2949; x_wconf 86' lang='lat' dir='ltr'><strong>pos-</strong></span> 
     </span>
    </p>
   </div>
   <div class='ocr_carea' id='block_1_30' title="bbox 432 2966 2027 3037">
    <p class='ocr_par' dir='ltr' id='par_1_30' title="bbox 432 2966 2027 3037">
     <span class='ocr_line' id='line_1_30' title="bbox 432 2966 2027 3037; baseline 0.001 -14"><span class='ocrx_word' id='word_1_162' title='bbox 432 2978 668 3023; x_wconf 85' lang='lat' dir='ltr'><strong>tremqu</strong></span> <span class='ocrx_word' id='word_1_163' title='bbox 698 2983 899 3025; x_wconf 76' lang='lat' dir='ltr'><strong>exuere</strong></span> <span class='ocrx_word' id='word_1_164' title='bbox 934 2966 1119 3023; x_wconf 91' lang='lat' dir='ltr'><strong>inanis</strong></span> <span class='ocrx_word' id='word_1_165' title='bbox 1148 2966 1341 3037; x_wconf 69' lang='lat' dir='ltr'><strong>gloriae</strong></span> <span class='ocrx_word' id='word_1_166' title='bbox 1377 2966 1652 3034; x_wconf 90' lang='lat' dir='ltr'><strong>tunicam;</strong></span> <span class='ocrx_word' id='word_1_167' title='bbox 1692 2966 1894 3023; x_wconf 89' lang='lat' dir='ltr'><strong>etenim</strong></span> <span class='ocrx_word' id='word_1_168' title='bbox 1965 2977 2027 3024; x_wconf 91' lang='lat' dir='ltr'><strong>ut</strong></span> 
     </span>
    </p>
   </div>
   <div class='ocr_carea' id='block_1_31' title="bbox 431 3056 2024 3132">
    <p class='ocr_par' dir='ltr' id='par_1_31' title="bbox 431 3056 2024 3132">
     <span class='ocr_line' id='line_1_31' title="bbox 431 3056 2024 3132; baseline 0 -17"><span class='ocrx_word' id='word_1_169' title='bbox 431 3062 569 3116; x_wconf 88' lang='lat' dir='ltr'><strong>alias</strong></span> <span class='ocrx_word' id='word_1_170' title='bbox 612 3060 1055 3131; x_wconf 84' lang='lat' dir='ltr'><strong>perturbationes</strong></span> <span class='ocrx_word' id='word_1_171' title='bbox 1092 3068 1337 3130; x_wconf 89' lang='lat' dir='ltr'><strong>superet,</strong></span> <span class='ocrx_word' id='word_1_172' title='bbox 1367 3074 1398 3115; x_wconf 87' lang='lat' dir='ltr'><strong>a</strong></span> <span class='ocrx_word' id='word_1_173' title='bbox 1438 3056 1611 3130; x_wconf 89' lang='lat' dir='ltr'><strong>gloria</strong></span> <span class='ocrx_word' id='word_1_174' title='bbox 1655 3066 1711 3118; x_wconf 89' lang='lat' dir='ltr'><strong>et</strong></span> <span class='ocrx_word' id='word_1_175' title='bbox 1757 3074 1789 3116; x_wconf 93' lang='lat' dir='ltr'><strong>a</strong></span> <span class='ocrx_word' id='word_1_176' title='bbox 1836 3059 2024 3132; x_wconf 89' lang='lat' dir='ltr'><strong>populi</strong></span> 
     </span>
    </p>
   </div>
   <div class='ocr_carea' id='block_1_32' title="bbox 431 3153 1213 3223">
    <p class='ocr_par' dir='ltr' id='par_1_32' title="bbox 431 3153 1213 3223">
     <span class='ocr_line' id='line_1_32' title="bbox 431 3153 1213 3223; baseline 0 -15"><span class='ocrx_word' id='word_1_177' title='bbox 431 3153 745 3209; x_wconf 86' lang='lat' dir='ltr'><strong>laudatione</strong></span> <span class='ocrx_word' id='word_1_178' title='bbox 776 3155 1023 3223; x_wconf 88' lang='lat' dir='ltr'><strong>superari</strong></span> <span class='ocrx_word' id='word_1_179' title='bbox 1053 3154 1213 3209; x_wconf 89' lang='lat' dir='ltr'><strong>solet.</strong></span> 
     </span>
    </p>
   </div>
   <div class='ocr_carea' id='block_1_33' title="bbox 504 3223 2093 3318">
    <p class='ocr_par' dir='ltr' id='par_1_33' title="bbox 504 3223 2093 3318">
     <span class='ocr_line' id='line_1_33' title="bbox 504 3223 2093 3318; baseline 0 -18"><span class='ocrx_word' id='word_1_180' title='bbox 504 3245 585 3301; x_wconf 80' lang='lat' dir='ltr'><strong>Ex</strong></span> <span class='ocrx_word' id='word_1_181' title='bbox 631 3248 717 3302; x_wconf 90' lang='lat' dir='ltr'><strong>his</strong></span> <span class='ocrx_word' id='word_1_182' title='bbox 748 3247 843 3318; x_wconf 90' lang='lat' dir='ltr'><strong>qui</strong></span> <span class='ocrx_word' id='word_1_183' title='bbox 883 3247 937 3301; x_wconf 93' lang='lat' dir='ltr'><strong>in</strong></span> <span class='ocrx_word' id='word_1_184' title='bbox 990 3244 1274 3316; x_wconf 82' lang='lat' dir='ltr'><strong>republica</strong></span> <span class='ocrx_word' id='word_1_185' title='bbox 1326 3258 1643 3312; x_wconf 87' lang='lat' dir='ltr'><strong>versantur,</strong></span> <span class='ocrx_word' id='word_1_186' title='bbox 1671 3244 1721 3301; x_wconf 88' lang='lat' dir='ltr'><strong>si</strong></span> <span class='ocrx_word' id='word_1_187' title='bbox 1764 3242 2023 3301; x_wconf 87' lang='lat' dir='ltr'><strong>detrahas</strong></span> <span class='ocrx_word' id='word_1_188' title='bbox 2048 3223 2093 3287; x_wconf 67' lang='grc' dir='ltr'><strong>(ἶ</strong></span> 
     </span>
    </p>
   </div>
   <div class='ocr_carea' id='block_1_34' title="bbox 431 3334 2023 3412">
    <p class='ocr_par' dir='ltr' id='par_1_34' title="bbox 431 3334 2023 3412">
     <span class='ocr_line' id='line_1_34' title="bbox 431 3334 2023 3412; baseline 0.001 -19"><span class='ocrx_word' id='word_1_189' title='bbox 431 3340 689 3395; x_wconf 85' lang='lat' dir='ltr'><strong>materias</strong></span> <span class='ocrx_word' id='word_1_190' title='bbox 713 3339 795 3412; x_wconf 85' lang='lat' dir='ltr'><strong>[id</strong></span> <span class='ocrx_word' id='word_1_191' title='bbox 822 3347 925 3404; x_wconf 77' lang='lat' dir='ltr'><strong>est,</strong></span> <span class='ocrx_word' id='word_1_192' title='bbox 958 3339 1106 3410; x_wconf 92' lang='lat' dir='ltr'><strong>quod</strong></span> <span class='ocrx_word' id='word_1_193' title='bbox 1141 3334 1495 3409; x_wconf 82' lang='lat' dir='ltr'><strong>forinsecus],</strong></span> <span class='ocrx_word' id='word_1_194' title='bbox 1519 3336 1682 3394; x_wconf 87' lang='lat' dir='ltr'><strong>inane</strong></span> <span class='ocrx_word' id='word_1_195' title='bbox 1714 3336 2023 3408; x_wconf 85' lang='lat' dir='ltr'><strong>sepulcrum</strong></span> 
     </span>
    </p>
   </div>
   <div class='ocr_carea' id='block_1_35' title="bbox 430 3431 1339 3503">
    <p class='ocr_par' dir='ltr' id='par_1_35' title="bbox 430 3431 1339 3503">
     <span class='ocr_line' id='line_1_35' title="bbox 430 3431 1339 3503; baseline 0 -17"><span class='ocrx_word' id='word_1_196' title='bbox 430 3431 591 3503; x_wconf 77' lang='lat'><strong>231</strong></span> <span class='ocrx_word' id='word_1_197' title='bbox 624 3432 867 3503; x_wconf 87' lang='lat' dir='ltr'><strong>reperies</strong></span> <span class='ocrx_word' id='word_1_198' title='bbox 902 3438 1086 3487; x_wconf 87' lang='lat' dir='ltr'><strong>mente</strong></span> <span class='ocrx_word' id='word_1_199' title='bbox 1115 3444 1339 3487; x_wconf 91' lang='lat' dir='ltr'><strong>carens.</strong></span> 
     </span>
    </p>
   </div>
   <div class='ocr_carea' id='block_1_36' title="bbox 500 3543 2023 3617">
    <p class='ocr_par' dir='ltr' id='par_1_36' title="bbox 500 3543 2023 3617">
     <span class='ocr_line' id='line_1_36' title="bbox 500 3543 2023 3617; baseline -0.001 -16"><span class='ocrx_word' id='word_1_200' title='bbox 500 3546 773 3604; x_wconf 86' lang='lat' dir='ltr'><strong>Honorem</strong></span> <span class='ocrx_word' id='word_1_201' title='bbox 797 3554 889 3602; x_wconf 90' lang='lat' dir='ltr'><strong>aut</strong></span> <span class='ocrx_word' id='word_1_202' title='bbox 920 3545 1301 3617; x_wconf 78' lang='lat' dir='ltr'><strong>magistratum</strong></span> <span class='ocrx_word' id='word_1_203' title='bbox 1340 3544 1466 3617; x_wconf 87' lang='lat' dir='ltr'><strong>quis</strong></span> <span class='ocrx_word' id='word_1_204' title='bbox 1492 3544 1826 3616; x_wconf 90' lang='lat' dir='ltr'><strong>contempsit</strong></span> <span class='ocrx_word' id='word_1_205' title='bbox 1848 3543 1872 3600; x_wconf 89' lang='lat'><strong>?</strong></span> <span class='ocrx_word' id='word_1_206' title='bbox 1894 3543 2023 3600; x_wconf 83' lang='lat' dir='ltr'><strong>Nul-</strong></span> 
     </span>
    </p>
   </div>
   <div class='ocr_carea' id='block_1_37' title="bbox 428 3636 2018 3710">
    <p class='ocr_par' dir='ltr' id='par_1_37' title="bbox 428 3636 2018 3710">
     <span class='ocr_line' id='line_1_37' title="bbox 428 3636 2018 3710; baseline 0.001 -16"><span class='ocrx_word' id='word_1_207' title='bbox 428 3640 517 3696; x_wconf 88' lang='lat' dir='ltr'><strong>lus</strong></span> <span class='ocrx_word' id='word_1_208' title='bbox 540 3637 657 3695; x_wconf 80' lang='lat' dir='ltr'><strong>fere</strong></span> <span class='ocrx_word' id='word_1_209' title='bbox 680 3639 895 3695; x_wconf 92' lang='lat' dir='ltr'><strong>illorum</strong></span> <span class='ocrx_word' id='word_1_210' title='bbox 924 3638 1018 3710; x_wconf 90' lang='lat' dir='ltr'><strong>qui</strong></span> <span class='ocrx_word' id='word_1_211' title='bbox 1046 3638 1231 3695; x_wconf 87' lang='lat' dir='ltr'><strong>adhuc</strong></span> <span class='ocrx_word' id='word_1_212' title='bbox 1276 3636 1523 3695; x_wconf 87' lang='lat' dir='ltr'><strong>immersi</strong></span> <span class='ocrx_word' id='word_1_213' title='bbox 1579 3636 1812 3695; x_wconf 79' lang='lat' dir='ltr'><strong>fuerunt</strong></span> <span class='ocrx_word' id='word_1_214' title='bbox 1865 3636 2018 3695; x_wconf 87' lang='lat' dir='ltr'><strong>inani</strong></span> 
     </span>
    </p>
   </div>
   <div class='ocr_carea' id='block_1_38' title="bbox 428 3732 645 3804">
    <p class='ocr_par' dir='ltr' id='par_1_38' title="bbox 428 3732 645 3804">
     <span class='ocr_line' id='line_1_38' title="bbox 428 3732 645 3804; baseline 0 -17"><span class='ocrx_word' id='word_1_215' title='bbox 428 3732 645 3804; x_wconf 63' lang='lat' dir='ltr'><strong>gloria.</strong></span> 
     </span>
    </p>
   </div>
   <div class='ocr_carea' id='block_1_39' title="bbox 498 3847 2019 3922">
    <p class='ocr_par' dir='ltr' id='par_1_39' title="bbox 498 3847 2019 3922">
     <span class='ocr_line' id='line_1_39' title="bbox 498 3847 2019 3922; baseline 0.002 -19"><span class='ocrx_word' id='word_1_216' title='bbox 498 3847 736 3919; x_wconf 79' lang='lat' dir='ltr'><strong>Evagrii.</strong></span> <span class='ocrx_word' id='word_1_217' title='bbox 767 3848 1046 3920; x_wconf 87' lang='lat' dir='ltr'><strong>indignum</strong></span> <span class='ocrx_word' id='word_1_218' title='bbox 1075 3859 1161 3907; x_wconf 75' lang='lat' dir='ltr'><strong>est</strong></span> <span class='ocrx_word' id='word_1_219' title='bbox 1190 3858 1255 3907; x_wconf 91' lang='lat' dir='ltr'><strong>ut</strong></span> <span class='ocrx_word' id='word_1_220' title='bbox 1322 3850 1370 3908; x_wconf 88' lang='lat' dir='ltr'><strong>is</strong></span> <span class='ocrx_word' id='word_1_221' title='bbox 1416 3850 1509 3921; x_wconf 90' lang='lat' dir='ltr'><strong>qui</strong></span> <span class='ocrx_word' id='word_1_222' title='bbox 1551 3864 1744 3922; x_wconf 91' lang='lat' dir='ltr'><strong>parum</strong></span> <span class='ocrx_word' id='word_1_223' title='bbox 1771 3850 2019 3922; x_wconf 88' lang='lat' dir='ltr'><strong>prodest,</strong></span> 
     </span>
    </p>
   </div>
   <div class='ocr_carea' id='block_1_40' title="bbox 425 3940 980 4011">
    <p class='ocr_par' dir='ltr' id='par_1_40' title="bbox 425 3940 980 4011">
     <span class='ocr_line' id='line_1_40' title="bbox 425 3940 980 4011; baseline 0.002 -17"><span class='ocrx_word' id='word_1_224' title='bbox 425 3940 980 4011; x_wconf 59' lang='lat' dir='ltr'><strong>multumZglorietur.</strong></span> 
     </span>
    </p>
   </div>
   <div class='ocr_carea' id='block_1_41' title="bbox 495 4030 2018 4106">
    <p class='ocr_par' dir='ltr' id='par_1_41' title="bbox 495 4030 2018 4106">
     <span class='ocr_line' id='line_1_41' title="bbox 495 4030 2018 4106; baseline 0.004 -21"><span class='ocrx_word' id='word_1_225' title='bbox 495 4030 556 4086; x_wconf 88' lang='lat' dir='ltr'><strong>In</strong></span> <span class='ocrx_word' id='word_1_226' title='bbox 589 4032 846 4089; x_wconf 90' lang='lat' dir='ltr'><strong>omnibus</strong></span> <span class='ocrx_word' id='word_1_227' title='bbox 878 4032 1043 4089; x_wconf 86' lang='lat' dir='ltr'><strong>rebus</strong></span> <span class='ocrx_word' id='word_1_228' title='bbox 1072 4031 1260 4104; x_wconf 82' lang='lat' dir='ltr'><strong>Opinio</strong></span> <span class='ocrx_word' id='word_1_229' title='bbox 1287 4032 1516 4103; x_wconf 92' lang='lat' dir='ltr'><strong>impedit</strong></span> <span class='ocrx_word' id='word_1_230' title='bbox 1554 4032 1685 4090; x_wconf 89' lang='lat' dir='ltr'><strong>illud</strong></span> <span class='ocrx_word' id='word_1_231' title='bbox 1734 4032 1883 4106; x_wconf 91' lang='lat' dir='ltr'><strong>quod</strong></span> <span class='ocrx_word' id='word_1_232' title='bbox 1931 4042 2018 4093; x_wconf 90' lang='lat' dir='ltr'><strong>est</strong></span> 
     </span>
    </p>
   </div>
   <div class='ocr_carea' id='block_1_42' title="bbox 422 4137 637 4180">
    <p class='ocr_par' dir='ltr' id='par_1_42' title="bbox 422 4137 637 4180">
     <span class='ocr_line' id='line_1_42' title="bbox 422 4137 637 4180; baseline 0.009 -2"><span class='ocrx_word' id='word_1_233' title='bbox 422 4137 637 4180; x_wconf 86' lang='lat' dir='ltr'><strong>revera.</strong></span> 
     </span>
    </p>
   </div>
   <div class='ocr_carea' id='block_1_43' title="bbox 498 4211 1617 4292">
    <p class='ocr_par' dir='ltr' id='par_1_43' title="bbox 498 4211 1617 4292">
     <span class='ocr_line' id='line_1_43' title="bbox 498 4211 1617 4292; baseline 0.009 -25"><span class='ocrx_word' id='word_1_234' title='bbox 498 4211 800 4271; x_wconf 82' lang='lat' dir='ltr'><strong>Ventilator</strong></span> <span class='ocrx_word' id='word_1_235' title='bbox 828 4216 1051 4276; x_wconf 88' lang='lat' dir='ltr'><strong>virtutis</strong></span> <span class='ocrx_word' id='word_1_236' title='bbox 1078 4218 1295 4276; x_wconf 88' lang='lat' dir='ltr'><strong>animus</strong></span> <span class='ocrx_word' id='word_1_237' title='bbox 1319 4220 1617 4292; x_wconf 88' lang='lat' dir='ltr'><strong>superbus.</strong></span> 
     </span>
    </p>
   </div>
   <div class='ocr_carea' id='block_1_44' title="bbox 490 4303 2008 4387">
    <p class='ocr_par' dir='ltr' id='par_1_44' title="bbox 490 4303 2008 4387">
     <span class='ocr_line' id='line_1_44' title="bbox 490 4303 2008 4387; baseline 0.011 -28"><span class='ocrx_word' id='word_1_238' title='bbox 490 4303 741 4362; x_wconf 88' lang='lat' dir='ltr'><strong>Cisterna</strong></span> <span class='ocrx_word' id='word_1_239' title='bbox 775 4308 1037 4366; x_wconf 84' lang='lat' dir='ltr'><strong>destituta</strong></span> <span class='ocrx_word' id='word_1_240' title='bbox 1063 4311 1247 4382; x_wconf 90' lang='lat' dir='ltr'><strong>aquis,</strong></span> <span class='ocrx_word' id='word_1_241' title='bbox 1275 4312 1495 4370; x_wconf 88' lang='lat' dir='ltr'><strong>animus</strong></span> <span class='ocrx_word' id='word_1_242' title='bbox 1522 4314 1711 4386; x_wconf 66' lang='lat' dir='ltr'><strong>gloriae</strong></span> <span class='ocrx_word' id='word_1_243' title='bbox 1754 4316 2008 4387; x_wconf 84' lang='lat' dir='ltr'><strong>cupidus.</strong></span> 
     </span>
    </p>
   </div>
   <div class='ocr_carea' id='block_1_45' title="bbox 490 4396 1761 4467">
    <p class='ocr_par' dir='ltr' id='par_1_45' title="bbox 490 4396 1761 4467">
     <span class='ocr_line' id='line_1_45' title="bbox 490 4396 1761 4467; baseline 0.009 -15"><span class='ocrx_word' id='word_1_244' title='bbox 490 4396 773 4467; x_wconf 88' lang='lat' dir='ltr'><strong>Superbus</strong></span> <span class='ocrx_word' id='word_1_245' title='bbox 808 4401 1025 4459; x_wconf 90' lang='lat' dir='ltr'><strong>animus</strong></span> <span class='ocrx_word' id='word_1_246' title='bbox 1047 4404 1410 4462; x_wconf 84' lang='lat' dir='ltr'><strong>diversorium</strong></span> <span class='ocrx_word' id='word_1_247' title='bbox 1451 4406 1761 4465; x_wconf 88' lang='lat' dir='ltr'><strong>latronum.</strong></span> 
     </span>
    </p>
   </div>
   <div class='ocr_carea' id='block_1_46' title="bbox 491 4490 2004 4573">
    <p class='ocr_par' dir='ltr' id='par_1_46' title="bbox 491 4490 2004 4573">
     <span class='ocr_line' id='line_1_46' title="bbox 491 4490 2004 4573; baseline 0.009 -26"><span class='ocrx_word' id='word_1_248' title='bbox 491 4490 655 4548; x_wconf 80' lang='lat' dir='ltr'><strong>Joan.</strong></span> <span class='ocrx_word' id='word_1_249' title='bbox 688 4492 850 4551; x_wconf 84' lang='lat' dir='ltr'><strong>Clim.</strong></span> <span class='ocrx_word' id='word_1_250' title='bbox 875 4493 1137 4568; x_wconf 85' lang='lat' dir='ltr'><strong>Jejunans</strong></span> <span class='ocrx_word' id='word_1_251' title='bbox 1165 4499 1352 4570; x_wconf 82' lang='lat' dir='ltr'><strong>gloriae</strong></span> <span class='ocrx_word' id='word_1_252' title='bbox 1381 4501 1563 4558; x_wconf 89' lang='lat' dir='ltr'><strong>inanis</strong></span> <span class='ocrx_word' id='word_1_253' title='bbox 1586 4503 1821 4573; x_wconf 86' lang='lat' dir='ltr'><strong>cupidus</strong></span> <span class='ocrx_word' id='word_1_254' title='bbox 1852 4519 2004 4573; x_wconf 88' lang='lat' dir='ltr'><strong>sum,</strong></span> 
     </span>
    </p>
   </div>
   <div class='ocr_carea' id='block_1_47' title="bbox 2130 599 3731 683">
    <p class='ocr_par' dir='ltr' id='par_1_47' title="bbox 2130 599 3731 683">
     <span class='ocr_line' id='line_1_47' title="bbox 2130 599 3731 683; baseline 0.01 -32"><span class='ocrx_word' id='word_1_255' title='bbox 2130 599 2393 666; x_wconf 86' lang='grc' dir='ltr'>Διάκενος</span> <span class='ocrx_word' id='word_1_256' title='bbox 2425 602 2536 675; x_wconf 84' lang='grc' dir='ltr'><strong>γάρ</strong></span> <span class='ocrx_word' id='word_1_257' title='bbox 2588 606 2740 659; x_wconf 78' lang='grc' dir='ltr'>ἐστιν</span> <span class='ocrx_word' id='word_1_258' title='bbox 2794 604 2966 675; x_wconf 80' lang='grc' dir='ltr'>ενδον,</span> <span class='ocrx_word' id='word_1_259' title='bbox 3011 606 3167 662; x_wconf 80' lang='grc' dir='ltr'>οὐδὲν</span> <span class='ocrx_word' id='word_1_260' title='bbox 3196 607 3399 679; x_wconf 79' lang='grc' dir='ltr'>ἐχουσά</span> <span class='ocrx_word' id='word_1_261' title='bbox 3437 628 3493 664; x_wconf 91' lang='grc' dir='ltr'><strong>τι</strong></span> <span class='ocrx_word' id='word_1_262' title='bbox 3526 613 3731 683; x_wconf 80' lang='grc' dir='ltr'>χρήσι-</span> 
     </span>
    </p>
   </div>
   <div class='ocr_carea' id='block_1_48' title="bbox 2133 707 2258 763">
    <p class='ocr_par' dir='ltr' id='par_1_48' title="bbox 2133 707 2258 763">
     <span class='ocr_line' id='line_1_48' title="bbox 2133 707 2258 763; baseline 0.048 -18"><span class='ocrx_word' id='word_1_263' title='bbox 2133 707 2258 763; x_wconf 84' lang='grc' dir='ltr'>μον.</span> 
     </span>
    </p>
   </div>
   <div class='ocr_carea' id='block_1_49' title="bbox 2212 809 3726 891">
    <p class='ocr_par' dir='ltr' id='par_1_49' title="bbox 2212 809 3726 891">
     <span class='ocr_line' id='line_1_49' title="bbox 2212 809 3726 891; baseline 0.009 -28"><span class='ocrx_word' id='word_1_264' title='bbox 2212 809 2280 863; x_wconf 84' lang='grc' dir='ltr'><strong>Ἠ</strong></span> <span class='ocrx_word' id='word_1_265' title='bbox 2331 809 2582 882; x_wconf 79' lang='grc' dir='ltr'>εὐγένεια</span> <span class='ocrx_word' id='word_1_266' title='bbox 2624 814 2720 869; x_wconf 80' lang='grc' dir='ltr'>καὶ</span> <span class='ocrx_word' id='word_1_267' title='bbox 2752 814 2785 886; x_wconf 78' lang='grc' dir='ltr'>ἡ</span> <span class='ocrx_word' id='word_1_268' title='bbox 2818 815 3087 886; x_wconf 80' lang='grc' dir='ltr'>σεμνότης</span> <span class='ocrx_word' id='word_1_269' title='bbox 3123 815 3221 871; x_wconf 79' lang='grc' dir='ltr'><strong>τοῦ</strong></span> <span class='ocrx_word' id='word_1_270' title='bbox 3254 818 3613 891; x_wconf 80' lang='grc' dir='ltr'><strong>ὑπερηφάνου</strong></span> <span class='ocrx_word' id='word_1_271' title='bbox 3656 824 3726 877; x_wconf 86' lang='grc' dir='ltr'><strong>τὸ</strong></span> 
     </span>
    </p>
   </div>
   <div class='ocr_carea' id='block_1_50' title="bbox 2133 904 3123 979">
    <p class='ocr_par' dir='ltr' id='par_1_50' title="bbox 2133 904 3123 979">
     <span class='ocr_line' id='line_1_50' title="bbox 2133 904 3123 979; baseline 0.007 -22"><span class='ocrx_word' id='word_1_272' title='bbox 2133 904 2400 973; x_wconf 65' lang='grc' dir='ltr'>συγγενὲς</span> <span class='ocrx_word' id='word_1_273' title='bbox 2427 905 2565 979; x_wconf 86' lang='grc' dir='ltr'>πρὸς</span> <span class='ocrx_word' id='word_1_274' title='bbox 2594 905 2695 978; x_wconf 81' lang='grc' dir='ltr'><strong>τὴν</strong></span> <span class='ocrx_word' id='word_1_275' title='bbox 2732 907 2956 961; x_wconf 83' lang='grc' dir='ltr'>πλίνθον</span> <span class='ocrx_word' id='word_1_276' title='bbox 2983 907 3123 978; x_wconf 75' lang='grc' dir='ltr'>εχει.</span> 
     </span>
    </p>
   </div>
   <div class='ocr_carea' id='block_1_51' title="bbox 2212 995 3734 1071">
    <p class='ocr_par' dir='ltr' id='par_1_51' title="bbox 2212 995 3734 1071">
     <span class='ocr_line' id='line_1_51' title="bbox 2212 995 3734 1071; baseline 0.005 -21"><span class='ocrx_word' id='word_1_277' title='bbox 2212 995 2275 1051; x_wconf 84' lang='lat'><strong>&#39;0</strong></span> <span class='ocrx_word' id='word_1_278' title='bbox 2301 998 2518 1070; x_wconf 81' lang='grc' dir='ltr'>ἀπηνὴς</span> <span class='ocrx_word' id='word_1_279' title='bbox 2560 1000 2657 1052; x_wconf 76' lang='grc' dir='ltr'>καὶ</span> <span class='ocrx_word' id='word_1_280' title='bbox 2704 999 2938 1071; x_wconf 79' lang='grc' dir='ltr'>σοϐαρὸς</span> <span class='ocrx_word' id='word_1_281' title='bbox 2973 1000 3430 1070; x_wconf 80' lang='grc' dir='ltr'>ἀπροσπέλαστός</span> <span class='ocrx_word' id='word_1_282' title='bbox 3457 1002 3579 1057; x_wconf 76' lang='grc' dir='ltr'>ἐστι</span> <span class='ocrx_word' id='word_1_283' title='bbox 3610 1005 3734 1069; x_wconf 85' lang='grc' dir='ltr'>τοῖς</span> 
     </span>
    </p>
   </div>
   <div class='ocr_carea' id='block_1_52' title="bbox 2131 1086 3091 1163">
    <p class='ocr_par' dir='ltr' id='par_1_52' title="bbox 2131 1086 3091 1163">
     <span class='ocr_line' id='line_1_52' title="bbox 2131 1086 3091 1163; baseline 0.005 -24"><span class='ocrx_word' id='word_1_284' title='bbox 2131 1086 2440 1157; x_wconf 74' lang='grc' dir='ltr'>ἐγγίζουσι,</span> <span class='ocrx_word' id='word_1_285' title='bbox 2463 1087 2560 1144; x_wconf 81' lang='grc' dir='ltr'>καὶ</span> <span class='ocrx_word' id='word_1_286' title='bbox 2587 1088 2859 1160; x_wconf 81' lang='grc' dir='ltr'>δυσμενὴς</span> <span class='ocrx_word' id='word_1_287' title='bbox 2884 1089 3091 1163; x_wconf 74' lang='grc' dir='ltr'>ἑαυτῷ.</span> 
     </span>
    </p>
   </div>
   <div class='ocr_carea' id='block_1_53' title="bbox 2212 1197 3733 1281">
    <p class='ocr_par' dir='ltr' id='par_1_53' title="bbox 2212 1197 3733 1281">
     <span class='ocr_line' id='line_1_53' title="bbox 2212 1197 3733 1281; baseline 0.006 -28"><span class='ocrx_word' id='word_1_288' title='bbox 2212 1199 2343 1253; x_wconf 81' lang='grc' dir='ltr'><strong>Ἐὰν</strong></span> <span class='ocrx_word' id='word_1_289' title='bbox 2385 1200 2593 1273; x_wconf 78' lang='grc' dir='ltr'>ύφέλῃς</span> <span class='ocrx_word' id='word_1_290' title='bbox 2634 1200 2728 1255; x_wconf 81' lang='grc' dir='ltr'><strong>τοῦ</strong></span> <span class='ocrx_word' id='word_1_291' title='bbox 2760 1201 2933 1271; x_wconf 88' lang='grc' dir='ltr'>τύφου</span> <span class='ocrx_word' id='word_1_292' title='bbox 2963 1203 3025 1257; x_wconf 88' lang='grc' dir='ltr'><strong>τὸ</strong></span> <span class='ocrx_word' id='word_1_293' title='bbox 3051 1197 3210 1275; x_wconf 81' lang='grc' dir='ltr'>ἦθος,</span> <span class='ocrx_word' id='word_1_294' title='bbox 3241 1205 3436 1278; x_wconf 89' lang='grc' dir='ltr'>καιρὸν</span> <span class='ocrx_word' id='word_1_295' title='bbox 3468 1206 3572 1281; x_wconf 79' lang='grc' dir='ltr'>οὐχ</span> <span class='ocrx_word' id='word_1_296' title='bbox 3605 1206 3733 1275; x_wconf 70' lang='grc' dir='ltr'>ἔξει</span> 
     </span>
    </p>
   </div>
   <div class='ocr_carea' id='block_1_54' title="bbox 2129 1291 3146 1365">
    <p class='ocr_par' dir='ltr' id='par_1_54' title="bbox 2129 1291 3146 1365">
     <span class='ocr_line' id='line_1_54' title="bbox 2129 1291 3146 1365; baseline 0.005 -20"><span class='ocrx_word' id='word_1_297' title='bbox 2129 1291 2191 1346; x_wconf 90' lang='grc' dir='ltr'><strong>τὸ</strong></span> <span class='ocrx_word' id='word_1_298' title='bbox 2216 1292 2351 1347; x_wconf 89' lang='grc' dir='ltr'><strong>κατά</strong></span> <span class='ocrx_word' id='word_1_299' title='bbox 2376 1292 2548 1365; x_wconf 90' lang='grc' dir='ltr'>θυμὸν</span> <span class='ocrx_word' id='word_1_300' title='bbox 2580 1292 2905 1363; x_wconf 75' lang='grc' dir='ltr'>ἐγγενέσθαι</span> <span class='ocrx_word' id='word_1_301' title='bbox 2950 1294 3146 1360; x_wconf 83' lang='grc' dir='ltr'><strong>πάθος.</strong></span> 
     </span>
    </p>
   </div>
   <div class='ocr_carea' id='block_1_55' title="bbox 2200 1406 3728 1484">
    <p class='ocr_par' dir='ltr' id='par_1_55' title="bbox 2200 1406 3728 1484">
     <span class='ocr_line' id='line_1_55' title="bbox 2200 1406 3728 1484; baseline 0.007 -25"><span class='ocrx_word' id='word_1_302' title='bbox 2200 1406 2491 1479; x_wconf 70' lang='grc' dir='ltr'>Μετόωρός</span> <span class='ocrx_word' id='word_1_303' title='bbox 2535 1408 2686 1463; x_wconf 65' lang='grc' dir='ltr'>ἐστιν</span> <span class='ocrx_word' id='word_1_304' title='bbox 2722 1407 2808 1463; x_wconf 85' lang='grc' dir='ltr'><strong>ἀεί</strong></span> <span class='ocrx_word' id='word_1_305' title='bbox 2850 1425 2970 1471; x_wconf 85' lang='grc' dir='ltr'><strong>πως</strong></span> <span class='ocrx_word' id='word_1_306' title='bbox 3023 1408 3134 1462; x_wconf 90' lang='grc' dir='ltr'><strong>τῶν</strong></span> <span class='ocrx_word' id='word_1_307' title='bbox 3188 1409 3469 1477; x_wconf 78' lang='grc' dir='ltr'>ἀλαζόνων</span> <span class='ocrx_word' id='word_1_308' title='bbox 3498 1414 3528 1467; x_wconf 88' lang='grc' dir='ltr'><strong>ό</strong></span> <span class='ocrx_word' id='word_1_309' title='bbox 3566 1413 3728 1484; x_wconf 77' lang='grc' dir='ltr'>νοῦς,</span> 
     </span>
    </p>
   </div>
   <div class='ocr_carea' id='block_1_56' title="bbox 2128 1496 3728 1575">
    <p class='ocr_par' dir='ltr' id='par_1_56' title="bbox 2128 1496 3728 1575">
     <span class='ocr_line' id='line_1_56' title="bbox 2128 1496 3728 1575; baseline 0.004 -24"><span class='ocrx_word' id='word_1_310' title='bbox 2128 1497 2224 1551; x_wconf 80' lang='grc' dir='ltr'>καὶ</span> <span class='ocrx_word' id='word_1_311' title='bbox 2254 1496 2392 1567; x_wconf 78' lang='grc' dir='ltr'>πρὸς</span> <span class='ocrx_word' id='word_1_312' title='bbox 2438 1498 2510 1553; x_wconf 85' lang='grc' dir='ltr'><strong>τά</strong></span> <span class='ocrx_word' id='word_1_313' title='bbox 2554 1498 2670 1554; x_wconf 82' lang='grc' dir='ltr'><strong>ἀνω</strong></span> <span class='ocrx_word' id='word_1_314' title='bbox 2714 1498 2968 1569; x_wconf 81' lang='grc' dir='ltr'>φέρεται,</span> <span class='ocrx_word' id='word_1_315' title='bbox 3003 1498 3237 1570; x_wconf 80' lang='grc' dir='ltr'>συζῆσαι</span> <span class='ocrx_word' id='word_1_316' title='bbox 3267 1501 3728 1575; x_wconf 85' lang='grc' dir='ltr'>χθαμαλωτέροις</span> 
     </span>
    </p>
   </div>
   <div class='ocr_carea' id='block_1_57' title="bbox 2127 1589 3731 1664">
    <p class='ocr_par' dir='ltr' id='par_1_57' title="bbox 2127 1589 3731 1664">
     <span class='ocr_line' id='line_1_57' title="bbox 2127 1589 3731 1664; baseline 0.006 -21"><span class='ocrx_word' id='word_1_317' title='bbox 2127 1589 2231 1643; x_wconf 81' lang='grc' dir='ltr'>οὒκ</span> <span class='ocrx_word' id='word_1_318' title='bbox 2260 1589 2615 1661; x_wconf 76' lang='grc' dir='ltr'><strong>ἀνεχόμενος,</strong></span> <span class='ocrx_word' id='word_1_319' title='bbox 2644 1591 2741 1647; x_wconf 75' lang='grc' dir='ltr'>καὶ</span> <span class='ocrx_word' id='word_1_320' title='bbox 2769 1591 2831 1646; x_wconf 90' lang='grc' dir='ltr'><strong>τὸ</strong></span> <span class='ocrx_word' id='word_1_321' title='bbox 2863 1590 3089 1663; x_wconf 68' lang='grc' dir='ltr'>μέτριον</span> <span class='ocrx_word' id='word_1_322' title='bbox 3116 1592 3215 1647; x_wconf 81' lang='grc' dir='ltr'>καὶ</span> <span class='ocrx_word' id='word_1_323' title='bbox 3241 1594 3500 1650; x_wconf 88' lang='grc' dir='ltr'>ταπεινὸν</span> <span class='ocrx_word' id='word_1_324' title='bbox 3519 1597 3731 1664; x_wconf 77' lang='grc' dir='ltr'>ἀτιμά-</span> 
     </span>
    </p>
   </div>
   <div class='ocr_carea' id='block_1_58' title="bbox 2129 1677 2559 1752">
    <p class='ocr_par' dir='ltr' id='par_1_58' title="bbox 2129 1677 2559 1752">
     <span class='ocr_line' id='line_1_58' title="bbox 2129 1677 2559 1752; baseline 0.016 -7"><span class='ocrx_word' id='word_1_325' title='bbox 2129 1677 2240 1745; x_wconf 73' lang='grc' dir='ltr'>ζων</span> <span class='ocrx_word' id='word_1_326' title='bbox 2270 1680 2559 1752; x_wconf 68' lang='grc' dir='ltr'>φρόνημα</span> 
     </span>
    </p>
   </div>
   <div class='ocr_carea' id='block_1_59' title="bbox 2197 1795 3729 1869">
    <p class='ocr_par' dir='ltr' id='par_1_59' title="bbox 2197 1795 3729 1869">
     <span class='ocr_line' id='line_1_59' title="bbox 2197 1795 3729 1869; baseline 0.005 -20"><span class='ocrx_word' id='word_1_327' title='bbox 2197 1795 2493 1868; x_wconf 85' lang='grc' dir='ltr'>Εὐφημίας</span> <span class='ocrx_word' id='word_1_328' title='bbox 2550 1795 2654 1869; x_wconf 84' lang='grc' dir='ltr'>τῆς</span> <span class='ocrx_word' id='word_1_329' title='bbox 2697 1797 2987 1869; x_wconf 79' lang='grc' dir='ltr'><strong>ἀνωτάτης</strong></span> <span class='ocrx_word' id='word_1_330' title='bbox 3043 1798 3196 1867; x_wconf 79' lang='grc' dir='ltr'>ἄξιος</span> <span class='ocrx_word' id='word_1_331' title='bbox 3251 1801 3281 1854; x_wconf 89' lang='grc' dir='ltr'><strong>ό</strong></span> <span class='ocrx_word' id='word_1_332' title='bbox 3337 1800 3432 1856; x_wconf 88' lang='grc' dir='ltr'><strong>τὸν</strong></span> <span class='ocrx_word' id='word_1_333' title='bbox 3482 1800 3729 1865; x_wconf 76' lang='grc' dir='ltr'>ἀλαζόνα</span> 
     </span>
    </p>
   </div>
   <div class='ocr_carea' id='block_1_60' title="bbox 2132 1886 3728 1963">
    <p class='ocr_par' dir='ltr' id='par_1_60' title="bbox 2132 1886 3728 1963">
     <span class='ocr_line' id='line_1_60' title="bbox 2132 1886 3728 1963; baseline 0.006 -24"><span class='ocrx_word' id='word_1_334' title='bbox 2132 1886 2328 1954; x_wconf 86' lang='grc' dir='ltr'>μισῶν,</span> <span class='ocrx_word' id='word_1_335' title='bbox 2381 1888 2554 1960; x_wconf 79' lang='grc' dir='ltr'>ήγουν</span> <span class='ocrx_word' id='word_1_336' title='bbox 2604 1888 2738 1943; x_wconf 80' lang='grc' dir='ltr'>αὐτὸ</span> <span class='ocrx_word' id='word_1_337' title='bbox 2768 1891 2829 1943; x_wconf 87' lang='grc' dir='ltr'><strong>τὸ</strong></span> <span class='ocrx_word' id='word_1_338' title='bbox 2878 1890 3071 1962; x_wconf 82' lang='grc' dir='ltr'>χρῆμα</span> <span class='ocrx_word' id='word_1_339' title='bbox 3123 1890 3225 1963; x_wconf 80' lang='grc' dir='ltr'><strong>τήν</strong></span> <span class='ocrx_word' id='word_1_340' title='bbox 3285 1891 3636 1958; x_wconf 77' lang='grc' dir='ltr'>ἀλαζονείαν,</span> <span class='ocrx_word' id='word_1_341' title='bbox 3660 1899 3728 1950; x_wconf 81' lang='grc' dir='ltr'><strong>τὸ</strong></span> 
     </span>
    </p>
   </div>
   <div class='ocr_carea' id='block_1_61' title="bbox 2131 1979 3727 2057">
    <p class='ocr_par' dir='ltr' id='par_1_61' title="bbox 2131 1979 3727 2057">
     <span class='ocr_line' id='line_1_61' title="bbox 2131 1979 3727 2057; baseline 0.005 -24"><span class='ocrx_word' id='word_1_342' title='bbox 2131 1979 2353 2034; x_wconf 83' lang='grc' dir='ltr'>πάντων</span> <span class='ocrx_word' id='word_1_343' title='bbox 2402 1980 2685 2053; x_wconf 77' lang='grc' dir='ltr'>αἴσχιστον</span> <span class='ocrx_word' id='word_1_344' title='bbox 2711 1981 2822 2035; x_wconf 91' lang='grc' dir='ltr'><strong>τῶν</strong></span> <span class='ocrx_word' id='word_1_345' title='bbox 2851 1983 3068 2047; x_wconf 85' lang='grc' dir='ltr'>κακῶν,</span> <span class='ocrx_word' id='word_1_346' title='bbox 3100 1984 3199 2037; x_wconf 74' lang='grc' dir='ltr'>καὶ</span> <span class='ocrx_word' id='word_1_347' title='bbox 3248 1984 3399 2055; x_wconf 89' lang='grc' dir='ltr'><strong>παρά</strong></span> <span class='ocrx_word' id='word_1_348' title='bbox 3449 1985 3571 2057; x_wconf 87' lang='grc' dir='ltr'><strong>Θεῷ</strong></span> <span class='ocrx_word' id='word_1_349' title='bbox 3625 1990 3727 2041; x_wconf 61' lang='grc' dir='ltr'><strong>καί⁵</strong></span> 
     </span>
    </p>
   </div>
   <div class='ocr_carea' id='block_1_62' title="bbox 2129 2071 3726 2149">
    <p class='ocr_par' dir='ltr' id='par_1_62' title="bbox 2129 2071 3726 2149">
     <span class='ocr_line' id='line_1_62' title="bbox 2129 2071 3726 2149; baseline 0.006 -24"><span class='ocrx_word' id='word_1_350' title='bbox 2129 2071 2442 2144; x_wconf 84' lang='grc' dir='ltr'>ἀνθρώποις</span> <span class='ocrx_word' id='word_1_351' title='bbox 2497 2075 2770 2147; x_wconf 84' lang='grc' dir='ltr'>στυγηρὸν</span> <span class='ocrx_word' id='word_1_352' title='bbox 2821 2075 2915 2129; x_wconf 78' lang='grc' dir='ltr'>καὶ</span> <span class='ocrx_word' id='word_1_353' title='bbox 2966 2073 3302 2148; x_wconf 78' lang='grc' dir='ltr'>ἀπόϐλητον.</span> <span class='ocrx_word' id='word_1_354' title='bbox 3355 2077 3454 2140; x_wconf 88' lang='grc' dir='ltr'>Τίς</span> <span class='ocrx_word' id='word_1_355' title='bbox 3486 2078 3600 2149; x_wconf 74' lang='grc' dir='ltr'><strong>γὰρ</strong></span> <span class='ocrx_word' id='word_1_356' title='bbox 3628 2079 3726 2134; x_wconf 88' lang='grc' dir='ltr'><strong>τὸν</strong></span> 
     </span>
    </p>
   </div>
   <div class='ocr_carea' id='block_1_63' title="bbox 2129 2164 3728 2242">
    <p class='ocr_par' dir='ltr' id='par_1_63' title="bbox 2129 2164 3728 2242">
     <span class='ocr_line' id='line_1_63' title="bbox 2129 2164 3728 2242; baseline 0.005 -25"><span class='ocrx_word' id='word_1_357' title='bbox 2129 2164 2449 2237; x_wconf 83' lang='grc' dir='ltr'>ὑπερόπτην</span> <span class='ocrx_word' id='word_1_358' title='bbox 2480 2165 2581 2238; x_wconf 88' lang='grc' dir='ltr'><strong>ούχ</strong></span> <span class='ocrx_word' id='word_1_359' title='bbox 2632 2168 2851 2236; x_wconf 80' lang='grc' dir='ltr'>ἡγεῖται</span> <span class='ocrx_word' id='word_1_360' title='bbox 2912 2168 3321 2241; x_wconf 85' lang='grc' dir='ltr'>φορτικόν;τίς</span> <span class='ocrx_word' id='word_1_361' title='bbox 3358 2169 3422 2226; x_wconf 88' lang='grc' dir='ltr'><strong>τὸ</strong></span> <span class='ocrx_word' id='word_1_362' title='bbox 3484 2170 3728 2242; x_wconf 79' lang='grc' dir='ltr'>ὑπέρογ-</span> 
     </span>
    </p>
   </div>
   <div class='ocr_carea' id='block_1_64' title="bbox 2131 2258 3726 2334">
    <p class='ocr_par' dir='ltr' id='par_1_64' title="bbox 2131 2258 3726 2334">
     <span class='ocr_line' id='line_1_64' title="bbox 2131 2258 3726 2334; baseline 0.007 -23"><span class='ocrx_word' id='word_1_363' title='bbox 2131 2273 2228 2312; x_wconf 89' lang='grc' dir='ltr'>κον</span> <span class='ocrx_word' id='word_1_364' title='bbox 2270 2258 2334 2312; x_wconf 86' lang='grc' dir='ltr'><strong>ού</strong></span> <span class='ocrx_word' id='word_1_365' title='bbox 2379 2260 2735 2331; x_wconf 83' lang='grc' dir='ltr'>παραιτεῖται</span> <span class='ocrx_word' id='word_1_366' title='bbox 2782 2260 3042 2334; x_wconf 85' lang='grc' dir='ltr'>φρόνημα</span> <span class='ocrx_word' id='word_1_367' title='bbox 3068 2277 3085 2329; x_wconf 90' lang='lat'><strong>;</strong></span> <span class='ocrx_word' id='word_1_368' title='bbox 3112 2263 3228 2323; x_wconf 85' lang='grc' dir='ltr'>τοῖς</span> <span class='ocrx_word' id='word_1_369' title='bbox 3262 2263 3412 2333; x_wconf 83' lang='grc' dir='ltr'>μέγα</span> <span class='ocrx_word' id='word_1_370' title='bbox 3471 2268 3726 2334; x_wconf 75' lang='grc' dir='ltr'>φυσῶσιν</span> 
     </span>
    </p>
   </div>
   <div class='ocr_carea' id='block_1_65' title="bbox 2128 2346 2639 2422">
    <p class='ocr_par' dir='ltr' id='par_1_65' title="bbox 2128 2346 2639 2422">
     <span class='ocr_line' id='line_1_65' title="bbox 2128 2346 2639 2422; baseline 0.012 -21"><span class='ocrx_word' id='word_1_371' title='bbox 2128 2346 2214 2412; x_wconf 83' lang='grc' dir='ltr'><strong>τίς</strong></span> <span class='ocrx_word' id='word_1_372' title='bbox 2238 2349 2340 2404; x_wconf 76' lang='grc' dir='ltr'>οὐκ</span> <span class='ocrx_word' id='word_1_373' title='bbox 2365 2350 2598 2422; x_wconf 79' lang='grc' dir='ltr'>ὲπιτιμᾶ</span> <span class='ocrx_word' id='word_1_374' title='bbox 2622 2368 2639 2419; x_wconf 86' lang='grc'>;</span> 
     </span>
    </p>
   </div>
   <div class='ocr_carea' id='block_1_66' title="bbox 2214 2440 3722 2519">
    <p class='ocr_par' dir='ltr' id='par_1_66' title="bbox 2214 2440 3722 2519">
     <span class='ocr_line' id='line_1_66' title="bbox 2214 2440 3722 2519; baseline 0.006 -25"><span class='ocrx_word' id='word_1_375' title='bbox 2214 2440 2328 2495; x_wconf 77' lang='grc' dir='ltr'><strong>’Δεὶ</strong></span> <span class='ocrx_word' id='word_1_376' title='bbox 2350 2441 2461 2513; x_wconf 86' lang='grc' dir='ltr'><strong>γάρ</strong></span> <span class='ocrx_word' id='word_1_377' title='bbox 2489 2443 2607 2507; x_wconf 84' lang='grc' dir='ltr'><strong>πώς</strong></span> <span class='ocrx_word' id='word_1_378' title='bbox 2635 2444 2788 2498; x_wconf 67' lang='grc' dir='ltr'>ἑστιν</span> <span class='ocrx_word' id='word_1_379' title='bbox 2813 2444 2843 2497; x_wconf 87' lang='grc' dir='ltr'><strong>ό</strong></span> <span class='ocrx_word' id='word_1_380' title='bbox 2865 2444 3084 2511; x_wconf 81' lang='grc' dir='ltr'>ἀλαζὼν</span> <span class='ocrx_word' id='word_1_381' title='bbox 3112 2445 3342 2519; x_wconf 76' lang='grc' dir='ltr'>θρασὺς,</span> <span class='ocrx_word' id='word_1_382' title='bbox 3371 2448 3468 2504; x_wconf 81' lang='grc' dir='ltr'>καὶ</span> <span class='ocrx_word' id='word_1_383' title='bbox 3495 2449 3722 2504; x_wconf 75' lang='grc' dir='ltr'>ἀτιθασ-</span> 
     </span>
    </p>
   </div>
   <div class='ocr_carea' id='block_1_67' title="bbox 2130 2532 3218 2606">
    <p class='ocr_par' dir='ltr' id='par_1_67' title="bbox 2130 2532 3218 2606">
     <span class='ocr_line' id='line_1_67' title="bbox 2130 2532 3218 2606; baseline 0.011 -21"><span class='ocrx_word' id='word_1_384' title='bbox 2130 2548 2245 2597; x_wconf 87' lang='grc' dir='ltr'>σος,</span> <span class='ocrx_word' id='word_1_385' title='bbox 2276 2532 2542 2605; x_wconf 85' lang='grc' dir='ltr'>δύσοργός</span> <span class='ocrx_word' id='word_1_386' title='bbox 2566 2553 2625 2590; x_wconf 85' lang='grc' dir='ltr'><strong>τε</strong></span> <span class='ocrx_word' id='word_1_387' title='bbox 2658 2539 2756 2592; x_wconf 81' lang='grc' dir='ltr'>καὶ</span> <span class='ocrx_word' id='word_1_388' title='bbox 2788 2538 3218 2606; x_wconf 87' lang='grc' dir='ltr'>ἀκατεύναστος.</span> 
     </span>
    </p>
   </div>
   <div class='ocr_carea' id='block_1_68' title="bbox 2197 2622 3725 2706">
    <p class='ocr_par' dir='ltr' id='par_1_68' title="bbox 2197 2622 3725 2706">
     <span class='ocr_line' id='line_1_68' title="bbox 2197 2622 3725 2706; baseline 0.008 -28"><span class='ocrx_word' id='word_1_389' title='bbox 2197 2622 2291 2695; x_wconf 89' lang='grc' dir='ltr'>Τῷ</span> <span class='ocrx_word' id='word_1_390' title='bbox 2332 2624 2628 2700; x_wconf 77' lang='grc' dir='ltr'>δψουμένῳ</span> <span class='ocrx_word' id='word_1_391' title='bbox 2677 2630 2774 2683; x_wconf 77' lang='grc' dir='ltr'>καὶ</span> <span class='ocrx_word' id='word_1_392' title='bbox 2824 2624 3259 2705; x_wconf 73' lang='grc' dir='ltr'>μεγαλυνομένῳ</span> <span class='ocrx_word' id='word_1_393' title='bbox 3305 2633 3725 2706; x_wconf 70' lang='grc' dir='ltr'>παραπέπηγεν</span> 
     </span>
    </p>
   </div>
   <div class='ocr_carea' id='block_1_69' title="bbox 2127 2713 3726 2799">
    <p class='ocr_par' dir='ltr' id='par_1_69' title="bbox 2127 2713 3726 2799">
     <span class='ocr_line' id='line_1_69' title="bbox 2127 2713 3726 2799; baseline 0.008 -30"><span class='ocrx_word' id='word_1_394' title='bbox 2127 2713 2495 2788; x_wconf 79' lang='grc' dir='ltr'>ἀγχίστροφος</span> <span class='ocrx_word' id='word_1_395' title='bbox 2523 2720 2557 2790; x_wconf 87' lang='grc' dir='ltr'><strong>ή</strong></span> <span class='ocrx_word' id='word_1_396' title='bbox 2595 2720 2734 2790; x_wconf 87' lang='grc' dir='ltr'>πρὸς</span> <span class='ocrx_word' id='word_1_397' title='bbox 2761 2721 2824 2775; x_wconf 90' lang='grc' dir='ltr'><strong>τὸ</strong></span> <span class='ocrx_word' id='word_1_398' title='bbox 2850 2722 3109 2779; x_wconf 83' lang='grc' dir='ltr'>ταπεινὸν</span> <span class='ocrx_word' id='word_1_399' title='bbox 3140 2724 3416 2799; x_wconf 76' lang='grc' dir='ltr'>μεταϐολή</span> <span class='ocrx_word' id='word_1_400' title='bbox 3440 2727 3540 2781; x_wconf 80' lang='grc' dir='ltr'>καὶ</span> <span class='ocrx_word' id='word_1_401' title='bbox 3565 2727 3726 2781; x_wconf 86' lang='grc' dir='ltr'>πτῶ-</span> 
     </span>
    </p>
   </div>
   <div class='ocr_carea' id='block_1_70' title="bbox 2130 2809 3059 2885">
    <p class='ocr_par' dir='ltr' id='par_1_70' title="bbox 2130 2809 3059 2885">
     <span class='ocr_line' id='line_1_70' title="bbox 2130 2809 3059 2885; baseline 0.01 -23"><span class='ocrx_word' id='word_1_402' title='bbox 2130 2824 2237 2876; x_wconf 89' lang='grc' dir='ltr'>σις,</span> <span class='ocrx_word' id='word_1_403' title='bbox 2270 2809 2348 2876; x_wconf 84' lang='grc' dir='ltr'><strong>ὡς</strong></span> <span class='ocrx_word' id='word_1_404' title='bbox 2371 2812 2401 2865; x_wconf 89' lang='grc' dir='ltr'><strong>ό</strong></span> <span class='ocrx_word' id='word_1_405' title='bbox 2430 2811 2574 2874; x_wconf 84' lang='grc' dir='ltr'>θεῖος</span> <span class='ocrx_word' id='word_1_406' title='bbox 2595 2813 2841 2868; x_wconf 78' lang='grc' dir='ltr'><strong>διδάσκει</strong></span> <span class='ocrx_word' id='word_1_407' title='bbox 2875 2814 3059 2885; x_wconf 85' lang='grc' dir='ltr'>λόγος.</span> 
     </span>
    </p>
   </div>
   <div class='ocr_carea' id='block_1_71' title="bbox 2200 2899 3720 2984">
    <p class='ocr_par' dir='ltr' id='par_1_71' title="bbox 2200 2899 3720 2984">
     <span class='ocr_line' id='line_1_71' title="bbox 2200 2899 3720 2984; baseline 0.009 -30"><span class='ocrx_word' id='word_1_408' title='bbox 2200 2899 2339 2956; x_wconf 77' lang='grc' dir='ltr'>Φασί</span> <span class='ocrx_word' id='word_1_409' title='bbox 2365 2918 2532 2971; x_wconf 86' lang='grc' dir='ltr'>τινες,</span> <span class='ocrx_word' id='word_1_410' title='bbox 2557 2904 2642 2959; x_wconf 86' lang='grc' dir='ltr'><strong>δτι</strong></span> <span class='ocrx_word' id='word_1_411' title='bbox 2674 2905 2910 2963; x_wconf 80' lang='grc' dir='ltr'>ὕστατον</span> <span class='ocrx_word' id='word_1_412' title='bbox 2940 2907 3280 2965; x_wconf 87' lang='grc' dir='ltr'>ἀποδύσεται</span> <span class='ocrx_word' id='word_1_413' title='bbox 3303 2911 3395 2966; x_wconf 88' lang='grc' dir='ltr'><strong>τὸν</strong></span> <span class='ocrx_word' id='word_1_414' title='bbox 3422 2912 3523 2984; x_wconf 85' lang='grc' dir='ltr'>τῆς</span> <span class='ocrx_word' id='word_1_415' title='bbox 3553 2931 3720 2969; x_wconf 88' lang='grc' dir='ltr'>κενο-</span> 
     </span>
    </p>
   </div>
   <div class='ocr_carea' id='block_1_72' title="bbox 2127 2991 3721 3071">
    <p class='ocr_par' dir='ltr' id='par_1_72' title="bbox 2127 2991 3721 3071">
     <span class='ocr_line' id='line_1_72' title="bbox 2127 2991 3721 3071; baseline 0.009 -25"><span class='ocrx_word' id='word_1_416' title='bbox 2127 2991 2309 3060; x_wconf 77' lang='grc' dir='ltr'>δοξίας</span> <span class='ocrx_word' id='word_1_417' title='bbox 2354 2995 2560 3065; x_wconf 88' lang='grc' dir='ltr'>χιτῶνα</span> <span class='ocrx_word' id='word_1_418' title='bbox 2588 2999 2618 3051; x_wconf 88' lang='grc' dir='ltr'><strong>ό</strong></span> <span class='ocrx_word' id='word_1_419' title='bbox 2653 3000 2838 3070; x_wconf 89' lang='grc' dir='ltr'>σοφός.</span> <span class='ocrx_word' id='word_1_420' title='bbox 2873 3002 2987 3056; x_wconf 56' lang='grc' dir='ltr'><strong>Καὶ⁸</strong></span> <span class='ocrx_word' id='word_1_421' title='bbox 3017 3001 3128 3071; x_wconf 84' lang='grc' dir='ltr'><strong>γὰρ</strong></span> <span class='ocrx_word' id='word_1_422' title='bbox 3154 3002 3265 3056; x_wconf 88' lang='grc' dir='ltr'><strong>τῶν</strong></span> <span class='ocrx_word' id='word_1_423' title='bbox 3315 3005 3495 3060; x_wconf 78' lang='grc' dir='ltr'>ἀλλων</span> <span class='ocrx_word' id='word_1_424' title='bbox 3523 3007 3721 3061; x_wconf 87' lang='grc' dir='ltr'>παθῶν</span> 
     </span>
    </p>
   </div>
   <div class='ocr_carea' id='block_1_73' title="bbox 2129 3091 3723 3172">
    <p class='ocr_par' dir='ltr' id='par_1_73' title="bbox 2129 3091 3723 3172">
     <span class='ocr_line' id='line_1_73' title="bbox 2129 3091 3723 3172; baseline 0.011 -36"><span class='ocrx_word' id='word_1_425' title='bbox 2129 3092 2535 3160; x_wconf 84' lang='grc' dir='ltr'>περικρατήσει</span> <span class='ocrx_word' id='word_1_426' title='bbox 2561 3107 2576 3123; x_wconf 90' lang='grc'><strong>·</strong></span> <span class='ocrx_word' id='word_1_427' title='bbox 2609 3091 2747 3147; x_wconf 88' lang='grc' dir='ltr'><strong>ἀλλά</strong></span> <span class='ocrx_word' id='word_1_428' title='bbox 2778 3096 2881 3166; x_wconf 81' lang='grc' dir='ltr'>τῆς</span> <span class='ocrx_word' id='word_1_429' title='bbox 2911 3093 3071 3166; x_wconf 82' lang='grc' dir='ltr'>δόξης</span> <span class='ocrx_word' id='word_1_430' title='bbox 3131 3097 3227 3151; x_wconf 71' lang='grc' dir='ltr'>καὶ</span> <span class='ocrx_word' id='word_1_431' title='bbox 3272 3097 3368 3152; x_wconf 83' lang='grc' dir='ltr'>τοῦ</span> <span class='ocrx_word' id='word_1_432' title='bbox 3414 3100 3568 3172; x_wconf 82' lang='grc' dir='ltr'><strong>παρά</strong></span> <span class='ocrx_word' id='word_1_433' title='bbox 3602 3101 3723 3164; x_wconf 78' lang='grc' dir='ltr'>τοῖς</span> 
     </span>
    </p>
   </div>
   <div class='ocr_carea' id='block_1_74' title="bbox 2127 3178 3215 3259">
    <p class='ocr_par' dir='ltr' id='par_1_74' title="bbox 2127 3178 3215 3259">
     <span class='ocr_line' id='line_1_74' title="bbox 2127 3178 3215 3259; baseline 0.011 -27"><span class='ocrx_word' id='word_1_434' title='bbox 2127 3178 2347 3245; x_wconf 82' lang='grc' dir='ltr'>πολλοῖς</span> <span class='ocrx_word' id='word_1_435' title='bbox 2382 3181 2612 3237; x_wconf 76' lang='grc' dir='ltr'>ἐπαίνου</span> <span class='ocrx_word' id='word_1_436' title='bbox 2644 3184 2889 3256; x_wconf 85' lang='grc' dir='ltr'>πέφυκεν</span> <span class='ocrx_word' id='word_1_437' title='bbox 2918 3187 3215 3259; x_wconf 75' lang='grc' dir='ltr'>ἡττᾶσθαι.</span> 
     </span>
    </p>
   </div>
   <div class='ocr_carea' id='block_1_75' title="bbox 2199 3270 3723 3355">
    <p class='ocr_par' dir='ltr' id='par_1_75' title="bbox 2199 3270 3723 3355">
     <span class='ocr_line' id='line_1_75' title="bbox 2199 3270 3723 3355; baseline 0.012 -31"><span class='ocrx_word' id='word_1_438' title='bbox 2199 3270 2323 3327; x_wconf 90' lang='grc' dir='ltr'>Τῶν</span> <span class='ocrx_word' id='word_1_439' title='bbox 2354 3272 2649 3328; x_wconf 83' lang='grc' dir='ltr'>πολιτικῶν</span> <span class='ocrx_word' id='word_1_440' title='bbox 2674 3276 2771 3330; x_wconf 80' lang='grc' dir='ltr'><strong>ἐὰν</strong></span> <span class='ocrx_word' id='word_1_441' title='bbox 2795 3278 2897 3340; x_wconf 81' lang='grc' dir='ltr'>τὰς</span> <span class='ocrx_word' id='word_1_442' title='bbox 2924 3277 3057 3345; x_wconf 82' lang='grc' dir='ltr'>ὕλας</span> <span class='ocrx_word' id='word_1_443' title='bbox 3085 3280 3313 3355; x_wconf 78' lang='grc' dir='ltr'>ἀφέλῃς,</span> <span class='ocrx_word' id='word_1_444' title='bbox 3342 3280 3506 3339; x_wconf 89' lang='grc' dir='ltr'>κενὸν</span> <span class='ocrx_word' id='word_1_445' title='bbox 3540 3284 3723 3355; x_wconf 81' lang='grc' dir='ltr'>τάφον</span> 
     </span>
    </p>
   </div>
   <div class='ocr_carea' id='block_1_76' title="bbox 2126 3362 2967 3443">
    <p class='ocr_par' dir='ltr' id='par_1_76' title="bbox 2126 3362 2967 3443">
     <span class='ocr_line' id='line_1_76' title="bbox 2126 3362 2967 3443; baseline 0.012 -24"><span class='ocrx_word' id='word_1_446' title='bbox 2126 3362 2410 3439; x_wconf 77' lang='grc' dir='ltr'>εὑρήσεις,</span> <span class='ocrx_word' id='word_1_447' title='bbox 2441 3366 2568 3423; x_wconf 82' lang='grc' dir='ltr'>νοῦν</span> <span class='ocrx_word' id='word_1_448' title='bbox 2619 3367 2723 3424; x_wconf 87' lang='grc' dir='ltr'>οὐκ</span> <span class='ocrx_word' id='word_1_449' title='bbox 2754 3367 2967 3443; x_wconf 75' lang='grc' dir='ltr'>ἔχοντα.</span> 
     </span>
    </p>
   </div>
   <div class='ocr_carea' id='block_1_77' title="bbox 2195 3564 3722 3650">
    <p class='ocr_par' dir='ltr' id='par_1_77' title="bbox 2195 3564 3722 3650">
     <span class='ocr_line' id='line_1_77' title="bbox 2195 3564 3722 3650; baseline 0.01 -31"><span class='ocrx_word' id='word_1_450' title='bbox 2195 3564 2295 3630; x_wconf 86' lang='grc' dir='ltr'>Τίς</span> <span class='ocrx_word' id='word_1_451' title='bbox 2346 3567 2515 3639; x_wconf 85' lang='grc' dir='ltr'>τιμῆς</span> <span class='ocrx_word' id='word_1_452' title='bbox 2539 3568 2574 3640; x_wconf 80' lang='grc' dir='ltr'>ἢ</span> <span class='ocrx_word' id='word_1_453' title='bbox 2604 3567 2783 3642; x_wconf 77' lang='grc' dir='ltr'>ἀρχῆς</span> <span class='ocrx_word' id='word_1_454' title='bbox 2833 3575 3292 3650; x_wconf 79' lang='grc' dir='ltr'>καταπεφρόνηκε</span> <span class='ocrx_word' id='word_1_455' title='bbox 3317 3594 3333 3646; x_wconf 85' lang='grc'><strong>;</strong></span> <span class='ocrx_word' id='word_1_456' title='bbox 3360 3578 3559 3650; x_wconf 78' lang='grc' dir='ltr'>Σχεδὸν</span> <span class='ocrx_word' id='word_1_457' title='bbox 3604 3580 3722 3634; x_wconf 87' lang='grc' dir='ltr'><strong>τῶν</strong></span> 
     </span>
    </p>
   </div>
   <div class='ocr_carea' id='block_1_78' title="bbox 2126 3653 3720 3742">
    <p class='ocr_par' dir='ltr' id='par_1_78' title="bbox 2126 3653 3720 3742">
     <span class='ocr_line' id='line_1_78' title="bbox 2126 3653 3720 3742; baseline 0.011 -33"><span class='ocrx_word' id='word_1_458' title='bbox 2126 3653 2211 3711; x_wconf 71' lang='grc' dir='ltr'>ἔτι</span> <span class='ocrx_word' id='word_1_459' title='bbox 2261 3657 2635 3733; x_wconf 75' lang='grc' dir='ltr'>πεφυρμένων</span> <span class='ocrx_word' id='word_1_460' title='bbox 2664 3662 2724 3715; x_wconf 75' lang='grc' dir='ltr'>ὲν</span> <span class='ocrx_word' id='word_1_461' title='bbox 2758 3665 2948 3730; x_wconf 78' lang='grc' dir='ltr'>κεναῖς</span> <span class='ocrx_word' id='word_1_462' title='bbox 2998 3663 3183 3732; x_wconf 82' lang='grc' dir='ltr'>δόξαις</span> <span class='ocrx_word' id='word_1_463' title='bbox 3228 3667 3407 3735; x_wconf 81' lang='grc' dir='ltr'>οὐδεὶς</span> <span class='ocrx_word' id='word_1_464' title='bbox 3436 3668 3497 3723; x_wconf 89' lang='grc' dir='ltr'><strong>τὸ</strong></span> <span class='ocrx_word' id='word_1_465' title='bbox 3528 3671 3720 3742; x_wconf 84' lang='grc' dir='ltr'>παρά-</span> 
     </span>
    </p>
   </div>
   <div class='ocr_carea' id='block_1_79' title="bbox 2016 3755 2256 3800">
    <p class='ocr_par' dir='ltr' id='par_1_79' title="bbox 2016 3755 2256 3800">
     <span class='ocr_line' id='line_1_79' title="bbox 2016 3755 2256 3800; baseline 0.013 -3"><span class='ocrx_word' id='word_1_466' title='bbox 2016 3760 2029 3767; x_wconf 85' lang='lat'><strong>&#39;</strong></span> <span class='ocrx_word' id='word_1_467' title='bbox 2122 3755 2256 3800; x_wconf 77' lang='grc' dir='ltr'>παν.</span> 
     </span>
    </p>
   </div>
   <div class='ocr_carea' id='block_1_80' title="bbox 2196 3861 3525 3943">
    <p class='ocr_par' dir='ltr' id='par_1_80' title="bbox 2196 3861 3525 3943">
     <span class='ocr_line' id='line_1_80' title="bbox 2196 3861 3525 3943; baseline 0.014 -30"><span class='ocrx_word' id='word_1_468' title='bbox 2196 3861 2381 3919; x_wconf 91' lang='grc' dir='ltr'>Δεινόν</span> <span class='ocrx_word' id='word_1_469' title='bbox 2406 3862 2524 3919; x_wconf 75' lang='grc' dir='ltr'>ἐστι</span> <span class='ocrx_word' id='word_1_470' title='bbox 2556 3864 2701 3937; x_wconf 81' lang='grc' dir='ltr'>μέγα</span> <span class='ocrx_word' id='word_1_471' title='bbox 2728 3867 2951 3939; x_wconf 81' lang='grc' dir='ltr'>φρονεῖν</span> <span class='ocrx_word' id='word_1_472' title='bbox 2979 3870 3157 3943; x_wconf 86' lang='grc' dir='ltr'>μικρά</span> <span class='ocrx_word' id='word_1_473' title='bbox 3188 3871 3525 3942; x_wconf 84' lang='grc' dir='ltr'>πράττοντα.</span> 
     </span>
    </p>
   </div>
   <div class='ocr_carea' id='block_1_81' title="bbox 2203 4037 3421 4119">
    <p class='ocr_par' dir='ltr' id='par_1_81' title="bbox 2203 4037 3421 4119">
     <span class='ocr_line' id='line_1_81' title="bbox 2203 4037 3421 4119; baseline 0.012 -28"><span class='ocrx_word' id='word_1_474' title='bbox 2203 4037 2293 4092; x_wconf 84' lang='grc' dir='ltr'>Ἐν</span> <span class='ocrx_word' id='word_1_475' title='bbox 2322 4039 2489 4095; x_wconf 78' lang='grc' dir='ltr'>παντὶ</span> <span class='ocrx_word' id='word_1_476' title='bbox 2517 4040 2579 4097; x_wconf 91' lang='grc' dir='ltr'>τὸ</span> <span class='ocrx_word' id='word_1_477' title='bbox 2601 4041 2811 4099; x_wconf 75' lang='grc' dir='ltr'>οἴεσθαι</span> <span class='ocrx_word' id='word_1_478' title='bbox 2837 4046 2918 4118; x_wconf 82' lang='grc' dir='ltr'>τῷ</span> <span class='ocrx_word' id='word_1_479' title='bbox 2950 4042 3091 4102; x_wconf 70' lang='grc' dir='ltr'>εἶναι</span> <span class='ocrx_word' id='word_1_480' title='bbox 3116 4047 3421 4119; x_wconf 72' lang='grc' dir='ltr'>ἐμποδίζει.</span> 
     </span>
    </p>
   </div>
   <div class='ocr_carea' id='block_1_82' title="bbox 2188 4235 3426 4320">
    <p class='ocr_par' dir='ltr' id='par_1_82' title="bbox 2188 4235 3426 4320">
     <span class='ocr_line' id='line_1_82' title="bbox 2188 4235 3426 4320; baseline 0.011 -28"><span class='ocrx_word' id='word_1_481' title='bbox 2188 4235 2497 4310; x_wconf 83' lang='grc' dir='ltr'>Δικμήτωρ</span> <span class='ocrx_word' id='word_1_482' title='bbox 2525 4239 2731 4313; x_wconf 84' lang='grc' dir='ltr'>ἀρετῆς</span> <span class='ocrx_word' id='word_1_483' title='bbox 2752 4242 3017 4316; x_wconf 85' lang='grc' dir='ltr'>λογισμὸς</span> <span class='ocrx_word' id='word_1_484' title='bbox 3046 4246 3426 4320; x_wconf 80' lang='grc' dir='ltr'>ὑπερήφανος.</span> 
     </span>
    </p>
   </div>
   <div class='ocr_carea' id='block_1_83' title="bbox 2184 4328 3168 4413">
    <p class='ocr_par' dir='ltr' id='par_1_83' title="bbox 2184 4328 3168 4413">
     <span class='ocr_line' id='line_1_83' title="bbox 2184 4328 3168 4413; baseline 0.013 -30"><span class='ocrx_word' id='word_1_485' title='bbox 2184 4328 2403 4395; x_wconf 80' lang='grc' dir='ltr'>Λάκκος</span> <span class='ocrx_word' id='word_1_486' title='bbox 2430 4330 2658 4404; x_wconf 79' lang='grc' dir='ltr'>ἄνυδρος</span> <span class='ocrx_word' id='word_1_487' title='bbox 2690 4336 2968 4405; x_wconf 81' lang='grc' dir='ltr'>φιλόδοξος</span> <span class='ocrx_word' id='word_1_488' title='bbox 2995 4339 3168 4413; x_wconf 76' lang='grc' dir='ltr'>ψυχή.</span> 
     </span>
    </p>
   </div>
   <div class='ocr_carea' id='block_1_84' title="bbox 2198 4420 3382 4507">
    <p class='ocr_par' dir='ltr' id='par_1_84' title="bbox 2198 4420 3382 4507">
     <span class='ocr_line' id='line_1_84' title="bbox 2198 4420 3382 4507; baseline 0.014 -33"><span class='ocrx_word' id='word_1_489' title='bbox 2198 4420 2588 4493; x_wconf 82' lang='grc' dir='ltr'>’Υπερήφανος</span> <span class='ocrx_word' id='word_1_490' title='bbox 2615 4424 2761 4498; x_wconf 79' lang='grc' dir='ltr'>ψυχὴ</span> <span class='ocrx_word' id='word_1_491' title='bbox 2786 4429 3104 4502; x_wconf 74' lang='grc' dir='ltr'>πανδοχεῖον</span> <span class='ocrx_word' id='word_1_492' title='bbox 3147 4432 3382 4507; x_wconf 77' lang='grc' dir='ltr'>λῃστῶν.</span> 
     </span>
    </p>
   </div>
   <div class='ocr_carea' id='block_1_85' title="bbox 2183 4513 3710 4600">
    <p class='ocr_par' dir='ltr' id='par_1_85' title="bbox 2183 4513 3710 4600">
     <span class='ocr_line' id='line_1_85' title="bbox 2183 4513 3710 4600; baseline 0.014 -33"><span class='ocrx_word' id='word_1_493' title='bbox 2183 4513 2487 4586; x_wconf 85' lang='grc' dir='ltr'>Νηστεύων</span> <span class='ocrx_word' id='word_1_494' title='bbox 2524 4518 2815 4588; x_wconf 80' lang='grc' dir='ltr'>κενοδοξῶ,</span> <span class='ocrx_word' id='word_1_495' title='bbox 2850 4523 3109 4578; x_wconf 81' lang='grc' dir='ltr'>καταλύω</span> <span class='ocrx_word' id='word_1_496' title='bbox 3137 4525 3225 4581; x_wconf 79' lang='grc' dir='ltr'>ἵνα</span> <span class='ocrx_word' id='word_1_497' title='bbox 3256 4528 3334 4600; x_wconf 80' lang='grc' dir='ltr'>μὴ</span> <span class='ocrx_word' id='word_1_498' title='bbox 3353 4532 3603 4600; x_wconf 83' lang='grc' dir='ltr'>γνωσθῶ,</span> <span class='ocrx_word' id='word_1_499' title='bbox 3628 4534 3710 4596; x_wconf 79' lang='grc' dir='ltr'>ὡς</span> 
     </span>
    </p>
   </div>
   <div class='ocr_carea' id='block_1_86' title="bbox 417 4570 2027 4696">
    <p class='ocr_par' dir='ltr' id='par_1_86' title="bbox 417 4570 2009 4664">
     <span class='ocr_line' id='line_1_86' title="bbox 417 4570 2009 4664; baseline 0.009 -24"><span class='ocrx_word' id='word_1_500' title='bbox 417 4586 560 4642; x_wconf 90' lang='lat' dir='ltr'><strong>abdo</strong></span> <span class='ocrx_word' id='word_1_501' title='bbox 590 4601 677 4643; x_wconf 90' lang='lat' dir='ltr'><strong>me</strong></span> <span class='ocrx_word' id='word_1_502' title='bbox 705 4596 765 4643; x_wconf 92' lang='lat' dir='ltr'><strong>ut</strong></span> <span class='ocrx_word' id='word_1_503' title='bbox 787 4588 1010 4661; x_wconf 90' lang='lat' dir='ltr'><strong>ignotus</strong></span> <span class='ocrx_word' id='word_1_504' title='bbox 1053 4590 1180 4657; x_wconf 90' lang='lat' dir='ltr'><strong>sim,</strong></span> <span class='ocrx_word' id='word_1_505' title='bbox 1215 4603 1475 4663; x_wconf 87' lang='lat' dir='ltr'><strong>tanquam</strong></span> <span class='ocrx_word' id='word_1_506' title='bbox 1517 4570 1759 4664; x_wconf 80' lang='lat' dir='ltr'><strong>prudens</strong></span> <span class='ocrx_word' id='word_1_507' title='bbox 1813 4570 2009 4654; x_wconf 78' lang='lat' dir='ltr'><strong>rursus</strong></span> 
     </span>
    </p>
   </div>
   <div class='ocr_carea' id='block_1_87' title="bbox 2143 4570 3707 4696">
    <p class='ocr_par' dir='ltr' id='par_1_87' title="bbox 2143 4570 3707 4696">
     <span class='ocr_line' id='line_1_87' title="bbox 2143 4570 3707 4696; baseline 0.015 -39"><span class='ocrx_word' id='word_1_508' title='bbox 2143 4570 2387 4696; x_wconf 61' lang='grc' dir='ltr'>›ρόνίμος</span> <span class='ocrx_word' id='word_1_509' title='bbox 2410 4610 2576 4665; x_wconf 86' lang='grc' dir='ltr'>πάλιν</span> <span class='ocrx_word' id='word_1_510' title='bbox 2606 4570 2896 4681; x_wconf 62' lang='grc' dir='ltr'>κενοδοξῶ.</span> <span class='ocrx_word' id='word_1_511' title='bbox 2937 4615 3184 4686; x_wconf 87' lang='grc' dir='ltr'>Δαμπρὰ</span> <span class='ocrx_word' id='word_1_512' title='bbox 3232 4570 3707 4696; x_wconf 53' lang='grc' dir='ltr'><strong>πῖέιέεσξίιξὲξξξ</strong></span> 
     </span>
    </p>
   </div>
   <div class='ocr_carea' id='block_1_88' title="bbox 416 4676 2003 4752">
    <p class='ocr_par' dir='ltr' id='par_1_88' title="bbox 416 4676 2003 4752">
     <span class='ocr_line' id='line_1_88' title="bbox 416 4676 2003 4752; baseline 0.01 -21"><span class='ocrx_word' id='word_1_513' title='bbox 416 4676 653 4747; x_wconf 88' lang='lat' dir='ltr'><strong>gloriam</strong></span> <span class='ocrx_word' id='word_1_514' title='bbox 685 4692 907 4751; x_wconf 88' lang='lat' dir='ltr'><strong>appeto.</strong></span> <span class='ocrx_word' id='word_1_515' title='bbox 945 4680 1241 4752; x_wconf 87' lang='lat' dir='ltr'><strong>Splendide</strong></span> <span class='ocrx_word' id='word_1_516' title='bbox 1272 4685 1505 4741; x_wconf 86' lang='lat' dir='ltr'><strong>vestitus</strong></span> <span class='ocrx_word' id='word_1_517' title='bbox 1538 4684 1608 4741; x_wconf 88' lang='lat' dir='ltr'><strong>ab</strong></span> <span class='ocrx_word' id='word_1_518' title='bbox 1641 4686 1732 4741; x_wconf 86' lang='lat' dir='ltr'><strong>illa</strong></span> <span class='ocrx_word' id='word_1_519' title='bbox 1764 4687 2003 4747; x_wconf 86' lang='lat' dir='ltr'><strong>vincor:</strong></span> 
     </span>
    </p>
   </div>
   <div class='ocr_carea' id='block_1_89' title="bbox 2114 4692 3707 4774">
    <p class='ocr_par' dir='ltr' id='par_1_89' title="bbox 2114 4692 3707 4774">
     <span class='ocr_line' id='line_1_89' title="bbox 2114 4692 3707 4774; baseline 0.014 -28"><span class='ocrx_word' id='word_1_520' title='bbox 2114 4692 2367 4765; x_wconf 80' lang='grc' dir='ltr'>ἡττῶμαι</span> <span class='ocrx_word' id='word_1_521' title='bbox 2390 4696 2621 4771; x_wconf 88' lang='grc' dir='ltr'>ταύτην,</span> <span class='ocrx_word' id='word_1_522' title='bbox 2644 4701 2742 4753; x_wconf 56' lang='grc' dir='ltr'><strong>καὶ⁸</strong></span> <span class='ocrx_word' id='word_1_523' title='bbox 2774 4702 2969 4774; x_wconf 83' lang='grc' dir='ltr'>εὐτελῆ</span> <span class='ocrx_word' id='word_1_524' title='bbox 3015 4704 3373 4769; x_wconf 81' lang='grc' dir='ltr'>ὲξαλλάσσων</span> <span class='ocrx_word' id='word_1_525' title='bbox 3402 4692 3567 4767; x_wconf 78' lang='grc' dir='ltr'>πάλιν</span> <span class='ocrx_word' id='word_1_526' title='bbox 3612 4732 3707 4768; x_wconf 87' lang='grc' dir='ltr'>κε-</span> 
     </span>
    </p>
   </div>
   <div class='ocr_carea' id='block_1_90' title="bbox 413 4768 2027 4877">
    <p class='ocr_par' dir='ltr' id='par_1_90' title="bbox 413 4768 2005 4851">
     <span class='ocr_line' id='line_1_90' title="bbox 413 4768 2005 4851; baseline 0.008 -26"><span class='ocrx_word' id='word_1_527' title='bbox 413 4769 507 4825; x_wconf 85' lang='lat' dir='ltr'><strong>vili</strong></span> <span class='ocrx_word' id='word_1_528' title='bbox 542 4768 731 4827; x_wconf 90' lang='lat' dir='ltr'><strong>habitu</strong></span> <span class='ocrx_word' id='word_1_529' title='bbox 765 4781 960 4839; x_wconf 91' lang='lat' dir='ltr'><strong>tectus,</strong></span> <span class='ocrx_word' id='word_1_530' title='bbox 988 4789 1212 4832; x_wconf 91' lang='lat' dir='ltr'><strong>rursum</strong></span> <span class='ocrx_word' id='word_1_531' title='bbox 1261 4775 1494 4848; x_wconf 84' lang='lat' dir='ltr'><strong>gloriam</strong></span> <span class='ocrx_word' id='word_1_532' title='bbox 1520 4778 1685 4849; x_wconf 90' lang='lat' dir='ltr'><strong>cupio</strong></span> <span class='ocrx_word' id='word_1_533' title='bbox 1716 4795 1732 4835; x_wconf 87' lang='lat'><strong>:</strong></span> <span class='ocrx_word' id='word_1_534' title='bbox 1772 4779 2005 4851; x_wconf 86' lang='lat' dir='ltr'><strong>loquens</strong></span> 
     </span>
    </p>
   </div>
   <div class='ocr_carea' id='block_1_91' title="bbox 2143 4768 3704 4877">
    <p class='ocr_par' dir='ltr' id='par_1_91' title="bbox 2143 4768 3704 4877">
     <span class='ocr_line' id='line_1_91' title="bbox 2143 4768 3704 4877; baseline 0.015 -39"><span class='ocrx_word' id='word_1_535' title='bbox 2143 4785 2314 4877; x_wconf 55' lang='grc' dir='ltr'>ηοδοξῶ</span> <span class='ocrx_word' id='word_1_536' title='bbox 2339 4804 2354 4819; x_wconf 77' lang='grc' dir='ltr'><strong>ο</strong></span> <span class='ocrx_word' id='word_1_537' title='bbox 2386 4768 2563 4844; x_wconf 84' lang='grc' dir='ltr'>λαλῶν</span> <span class='ocrx_word' id='word_1_538' title='bbox 2594 4791 2874 4864; x_wconf 75' lang='grc' dir='ltr'>ἡττῶμαι,</span> <span class='ocrx_word' id='word_1_539' title='bbox 2902 4768 2997 4848; x_wconf 76' lang='grc' dir='ltr'>καὶ</span> <span class='ocrx_word' id='word_1_540' title='bbox 3046 4797 3337 4868; x_wconf 86' lang='grc' dir='ltr'>σιωπήσας</span> <span class='ocrx_word' id='word_1_541' title='bbox 3387 4802 3557 4860; x_wconf 83' lang='grc' dir='ltr'>πάλιν</span> <span class='ocrx_word' id='word_1_542' title='bbox 3606 4808 3704 4877; x_wconf 84' lang='grc' dir='ltr'>ήτ-</span> 
     </span>
    </p>
   </div>
   <div class='ocr_carea' id='block_1_92' title="bbox 411 4861 2005 4945">
    <p class='ocr_par' dir='ltr' id='par_1_92' title="bbox 411 4861 2005 4945">
     <span class='ocr_line' id='line_1_92' title="bbox 411 4861 2005 4945; baseline 0.009 -29"><span class='ocrx_word' id='word_1_543' title='bbox 411 4861 628 4927; x_wconf 83' lang='lat' dir='ltr'><strong>vincor,</strong></span> <span class='ocrx_word' id='word_1_544' title='bbox 663 4869 853 4921; x_wconf 86' lang='lat' dir='ltr'><strong>tacens</strong></span> <span class='ocrx_word' id='word_1_545' title='bbox 881 4880 1074 4924; x_wconf 85' lang='lat' dir='ltr'><strong>rursus</strong></span> <span class='ocrx_word' id='word_1_546' title='bbox 1118 4868 1297 4926; x_wconf 87' lang='lat' dir='ltr'><strong>victus</strong></span> <span class='ocrx_word' id='word_1_547' title='bbox 1329 4884 1450 4927; x_wconf 89' lang='lat' dir='ltr'><strong>sum</strong></span> <span class='ocrx_word' id='word_1_548' title='bbox 1480 4885 1848 4945; x_wconf 90' lang='lat' dir='ltr'><strong>:quocunque</strong></span> <span class='ocrx_word' id='word_1_549' title='bbox 1878 4888 2005 4945; x_wconf 89' lang='lat' dir='ltr'><strong>pro-</strong></span> 
     </span>
    </p>
   </div>
   <div class='ocr_carea' id='block_1_93' title="bbox 406 4952 1750 5029">
    <p class='ocr_par' dir='ltr' id='par_1_93' title="bbox 406 4952 1750 5029">
     <span class='ocr_line' id='line_1_93' title="bbox 406 4952 1750 5029; baseline 0.008 -20"><span class='ocrx_word' id='word_1_550' title='bbox 406 4952 607 5023; x_wconf 77' lang='lat' dir='ltr'><strong>ieceris</strong></span> <span class='ocrx_word' id='word_1_551' title='bbox 631 4953 798 5012; x_wconf 91' lang='lat' dir='ltr'><strong>istum</strong></span> <span class='ocrx_word' id='word_1_552' title='bbox 831 4957 1113 5029; x_wconf 89' lang='lat' dir='ltr'><strong>tribulum,</strong></span> <span class='ocrx_word' id='word_1_553' title='bbox 1138 4959 1368 5017; x_wconf 87' lang='lat' dir='ltr'><strong>aculeus</strong></span> <span class='ocrx_word' id='word_1_554' title='bbox 1396 4969 1509 5018; x_wconf 89' lang='lat' dir='ltr'><strong>stat</strong></span> <span class='ocrx_word' id='word_1_555' title='bbox 1541 4971 1750 5020; x_wconf 89' lang='lat' dir='ltr'><strong>rectus.</strong></span> 
     </span>
    </p>
   </div>
   <div class='ocr_carea' id='block_1_94' title="bbox 478 5064 2000 5148">
    <p class='ocr_par' dir='ltr' id='par_1_94' title="bbox 478 5064 2000 5148">
     <span class='ocr_line' id='line_1_94' title="bbox 478 5064 2000 5148; baseline 0.011 -27"><span class='ocrx_word' id='word_1_556' title='bbox 478 5064 709 5124; x_wconf 78' lang='lat' dir='ltr'><strong>Ditiicile</strong></span> <span class='ocrx_word' id='word_1_557' title='bbox 722 5077 809 5126; x_wconf 90' lang='lat' dir='ltr'><strong>est</strong></span> <span class='ocrx_word' id='word_1_558' title='bbox 825 5069 1003 5128; x_wconf 88' lang='lat' dir='ltr'><strong>inanis</strong></span> <span class='ocrx_word' id='word_1_559' title='bbox 1025 5072 1215 5143; x_wconf 67' lang='lat' dir='ltr'><strong>gloria:</strong></span> <span class='ocrx_word' id='word_1_560' title='bbox 1229 5075 1529 5133; x_wconf 65' lang='lat' dir='ltr'><strong>daemonem</strong></span> <span class='ocrx_word' id='word_1_561' title='bbox 1548 5076 1786 5148; x_wconf 82' lang='lat' dir='ltr'><strong>eti&#39;ugere</strong></span> <span class='ocrx_word' id='word_1_562' title='bbox 1820 5096 1836 5147; x_wconf 93' lang='lat'><strong>;</strong></span> <span class='ocrx_word' id='word_1_563' title='bbox 1870 5094 2000 5137; x_wconf 87' lang='lat' dir='ltr'><strong>nam</strong></span> 
     </span>
    </p>
   </div>
   <div class='ocr_carea' id='block_1_95' title="bbox 408 5157 1997 5253">
    <p class='ocr_par' dir='ltr' id='par_1_95' title="bbox 408 5157 1997 5253">
     <span class='ocr_line' id='line_1_95' title="bbox 408 5157 1997 5253; baseline 0.013 -42"><span class='ocrx_word' id='word_1_564' title='bbox 408 5157 674 5253; x_wconf 76' lang='lat' dir='ltr'><strong>quidquid</strong></span> <span class='ocrx_word' id='word_1_565' title='bbox 692 5161 934 5253; x_wconf 73' lang='lat' dir='ltr'><strong>molitus</strong></span> <span class='ocrx_word' id='word_1_566' title='bbox 962 5162 1152 5233; x_wconf 79' lang='lat' dir='ltr'><strong>fueris,</strong></span> <span class='ocrx_word' id='word_1_567' title='bbox 1182 5176 1242 5222; x_wconf 91' lang='lat' dir='ltr'><strong>ut</strong></span> <span class='ocrx_word' id='word_1_568' title='bbox 1269 5166 1411 5224; x_wconf 89' lang='lat' dir='ltr'><strong>hanc</strong></span> <span class='ocrx_word' id='word_1_569' title='bbox 1446 5169 1997 5253; x_wconf 80' lang='lat' dir='ltr'><strong>exstirpes,idipsum</strong></span> 
     </span>
    </p>
   </div>
   <div class='ocr_carea' id='block_1_96' title="bbox 407 5247 1476 5324">
    <p class='ocr_par' dir='ltr' id='par_1_96' title="bbox 407 5247 1476 5324">
     <span class='ocr_line' id='line_1_96' title="bbox 407 5247 1476 5324; baseline 0.011 -22"><span class='ocrx_word' id='word_1_570' title='bbox 407 5247 518 5303; x_wconf 86' lang='lat' dir='ltr'><strong>erit</strong></span> <span class='ocrx_word' id='word_1_571' title='bbox 550 5248 777 5307; x_wconf 87' lang='lat' dir='ltr'><strong>alterius</strong></span> <span class='ocrx_word' id='word_1_572' title='bbox 807 5250 987 5311; x_wconf 88' lang='lat' dir='ltr'><strong>inanis</strong></span> <span class='ocrx_word' id='word_1_573' title='bbox 1010 5254 1197 5324; x_wconf 64' lang='lat' dir='ltr'><strong>gloriae</strong></span> <span class='ocrx_word' id='word_1_574' title='bbox 1232 5256 1476 5314; x_wconf 89' lang='lat' dir='ltr'><strong>initium.</strong></span> 
     </span>
    </p>
   </div>
   <div class='ocr_carea' id='block_1_97' title="bbox 442 5337 2004 5442">
    <p class='ocr_par' dir='ltr' id='par_1_97' title="bbox 442 5337 2004 5442">
     <span class='ocr_line' id='line_1_97' title="bbox 442 5337 2004 5442; baseline 0.013 -49"><span class='ocrx_word' id='word_1_575' title='bbox 442 5429 456 5442; x_wconf 36' lang='grc' dir='ltr'><strong>ο</strong></span> <span class='ocrx_word' id='word_1_576' title='bbox 478 5337 593 5395; x_wconf 87' lang='lat' dir='ltr'><strong>Fur</strong></span> <span class='ocrx_word' id='word_1_577' title='bbox 626 5340 800 5399; x_wconf 89' lang='lat' dir='ltr'><strong>solem</strong></span> <span class='ocrx_word' id='word_1_578' title='bbox 827 5342 1150 5415; x_wconf 89' lang='lat' dir='ltr'><strong>detestatur,</strong></span> <span class='ocrx_word' id='word_1_579' title='bbox 1183 5351 1456 5420; x_wconf 86' lang='lat' dir='ltr'><strong>superbus</strong></span> <span class='ocrx_word' id='word_1_580' title='bbox 1486 5351 1769 5412; x_wconf 87' lang='lat' dir='ltr'><strong>modestos</strong></span> <span class='ocrx_word' id='word_1_581' title='bbox 1822 5355 2004 5428; x_wconf 87' lang='lat' dir='ltr'><strong>despi-</strong></span> 
     </span>
    </p>
   </div>
   <div class='ocr_carea' id='block_1_98' title="bbox 404 5439 505 5486">
    <p class='ocr_par' dir='ltr' id='par_1_98' title="bbox 404 5439 505 5486">
     <span class='ocr_line' id='line_1_98' title="bbox 404 5439 505 5486; baseline 0 0"><span class='ocrx_word' id='word_1_582' title='bbox 404 5439 505 5486; x_wconf 89' lang='lat' dir='ltr'><strong>cit.</strong></span> 
     </span>
    </p>
   </div>
   <div class='ocr_carea' id='block_1_99' title="bbox 475 5523 1985 5611">
    <p class='ocr_par' dir='ltr' id='par_1_99' title="bbox 475 5523 1985 5611">
     <span class='ocr_line' id='line_1_99' title="bbox 475 5523 1985 5611; baseline 0.011 -30"><span class='ocrx_word' id='word_1_583' title='bbox 475 5523 669 5581; x_wconf 80' lang='lat' dir='ltr'><strong>Melior</strong></span> <span class='ocrx_word' id='word_1_584' title='bbox 719 5537 806 5585; x_wconf 91' lang='lat' dir='ltr'><strong>est</strong></span> <span class='ocrx_word' id='word_1_585' title='bbox 860 5543 984 5587; x_wconf 91' lang='lat' dir='ltr'><strong>cum</strong></span> <span class='ocrx_word' id='word_1_586' title='bbox 1017 5532 1232 5591; x_wconf 89' lang='lat' dir='ltr'><strong>ratione</strong></span> <span class='ocrx_word' id='word_1_587' title='bbox 1272 5534 1383 5591; x_wconf 88' lang='lat' dir='ltr'><strong>vini</strong></span> <span class='ocrx_word' id='word_1_588' title='bbox 1429 5538 1604 5607; x_wconf 89' lang='lat' dir='ltr'><strong>potio,</strong></span> <span class='ocrx_word' id='word_1_589' title='bbox 1665 5553 1826 5611; x_wconf 88' lang='lat' dir='ltr'><strong>quam</strong></span> <span class='ocrx_word' id='word_1_590' title='bbox 1857 5554 1985 5597; x_wconf 89' lang='lat' dir='ltr'><strong>cum</strong></span> 
     </span>
    </p>
   </div>
   <div class='ocr_carea' id='block_1_100' title="bbox 401 5614 751 5691">
    <p class='ocr_par' dir='ltr' id='par_1_100' title="bbox 401 5614 751 5691">
     <span class='ocr_line' id='line_1_100' title="bbox 401 5614 751 5691; baseline 0.02 -20"><span class='ocrx_word' id='word_1_591' title='bbox 401 5614 545 5675; x_wconf 73' lang='lat' dir='ltr'><strong>fastu</strong></span> <span class='ocrx_word' id='word_1_592' title='bbox 581 5633 751 5691; x_wconf 65' lang='lat' dir='ltr'><strong>aqua.</strong></span> 
     </span>
    </p>
   </div>
   <div class='ocr_carea' id='block_1_101' title="bbox 2111 4876 3703 4967">
    <p class='ocr_par' dir='ltr' id='par_1_101' title="bbox 2111 4876 3703 4967">
     <span class='ocr_line' id='line_1_101' title="bbox 2111 4876 3703 4967; baseline 0.016 -38"><span class='ocrx_word' id='word_1_593' title='bbox 2111 4876 2307 4953; x_wconf 82' lang='grc' dir='ltr'>τήθην.</span> <span class='ocrx_word' id='word_1_594' title='bbox 2352 4878 2444 4945; x_wconf 83' lang='grc' dir='ltr'>Ὠς</span> <span class='ocrx_word' id='word_1_595' title='bbox 2476 4881 2544 4936; x_wconf 83' lang='grc' dir='ltr'>ἂν</span> <span class='ocrx_word' id='word_1_596' title='bbox 2576 4883 2744 4957; x_wconf 78' lang='grc' dir='ltr'>ῥίψῃς</span> <span class='ocrx_word' id='word_1_597' title='bbox 2772 4886 2874 4959; x_wconf 81' lang='grc' dir='ltr'><strong>τήν</strong></span> <span class='ocrx_word' id='word_1_598' title='bbox 2898 4886 3149 4957; x_wconf 83' lang='grc' dir='ltr'>τρίδολον</span> <span class='ocrx_word' id='word_1_599' title='bbox 3177 4891 3407 4964; x_wconf 88' lang='grc' dir='ltr'>ταύτην,</span> <span class='ocrx_word' id='word_1_600' title='bbox 3436 4896 3599 4967; x_wconf 86' lang='grc' dir='ltr'>όρθὸν</span> <span class='ocrx_word' id='word_1_601' title='bbox 3630 4876 3703 4954; x_wconf 14' lang='grc' dir='ltr'><strong>ίτὸ</strong></span> 
     </span>
    </p>
   </div>
   <div class='ocr_carea' id='block_1_102' title="bbox 2110 4968 2605 5041">
    <p class='ocr_par' dir='ltr' id='par_1_102' title="bbox 2110 4968 2605 5041">
     <span class='ocr_line' id='line_1_102' title="bbox 2110 4968 2605 5041; baseline 0.014 -19"><span class='ocrx_word' id='word_1_602' title='bbox 2110 4968 2338 5041; x_wconf 81' lang='grc' dir='ltr'>κέντρον</span> <span class='ocrx_word' id='word_1_603' title='bbox 2368 4970 2605 5030; x_wconf 77' lang='grc' dir='ltr'>ἵσταται.</span> 
     </span>
    </p>
   </div>
   <div class='ocr_carea' id='block_1_103' title="bbox 2180 5080 3699 5172">
    <p class='ocr_par' dir='ltr' id='par_1_103' title="bbox 2180 5080 3699 5172">
     <span class='ocr_line' id='line_1_103' title="bbox 2180 5080 3699 5172; baseline 0.018 -39"><span class='ocrx_word' id='word_1_604' title='bbox 2180 5080 2438 5137; x_wconf 83' lang='grc' dir='ltr'>Χαλεπὸν</span> <span class='ocrx_word' id='word_1_605' title='bbox 2467 5084 2759 5155; x_wconf 88' lang='grc' dir='ltr'>διαφυγεῖν</span> <span class='ocrx_word' id='word_1_606' title='bbox 2804 5088 2898 5145; x_wconf 84' lang='grc' dir='ltr'><strong>τὸν</strong></span> <span class='ocrx_word' id='word_1_607' title='bbox 2931 5093 3031 5165; x_wconf 85' lang='grc' dir='ltr'>τῆς</span> <span class='ocrx_word' id='word_1_608' title='bbox 3082 5098 3395 5166; x_wconf 83' lang='grc' dir='ltr'>κενοδοξίας</span> <span class='ocrx_word' id='word_1_609' title='bbox 3442 5102 3699 5172; x_wconf 87' lang='grc' dir='ltr'>δαίμονα.</span> 
     </span>
    </p>
   </div>
   <div class='ocr_carea' id='block_1_104' title="bbox 2072 5172 3696 5269">
    <p class='ocr_par' dir='ltr' id='par_1_104' title="bbox 2072 5172 3696 5269">
     <span class='ocr_line' id='line_1_104' title="bbox 2072 5172 3696 5269; baseline 0.049 -79"><span class='ocrx_word' id='word_1_610' title='bbox 2072 5228 2089 5235; x_wconf 34' lang='grc'><strong>⁵</strong></span> <span class='ocrx_word' id='word_1_611' title='bbox 2113 5172 2180 5226; x_wconf 76' lang='grc' dir='ltr'>..ο</span> <span class='ocrx_word' id='word_1_612' title='bbox 2216 5175 2579 5269; x_wconf 16' lang='grc' dir='ltr'>Υάρῇποιήσει</span> <span class='ocrx_word' id='word_1_613' title='bbox 2612 5196 2697 5245; x_wconf 87' lang='grc' dir='ltr'><strong>τις</strong></span> <span class='ocrx_word' id='word_1_614' title='bbox 2728 5182 3095 5257; x_wconf 82' lang='grc' dir='ltr'>καθαιρήσειν</span> <span class='ocrx_word' id='word_1_615' title='bbox 3126 5191 3320 5263; x_wconf 81' lang='grc' dir='ltr'>αὐτὴν,</span> <span class='ocrx_word' id='word_1_616' title='bbox 3344 5192 3507 5249; x_wconf 82' lang='grc' dir='ltr'>τοῦτο</span> <span class='ocrx_word' id='word_1_617' title='bbox 3546 5196 3696 5269; x_wconf 71' lang='grc' dir='ltr'><strong>ἁρχὴ</strong></span> 
     </span>
    </p>
   </div>
   <div class='ocr_carea' id='block_1_105' title="bbox 2106 5265 2984 5343">
    <p class='ocr_par' dir='ltr' id='par_1_105' title="bbox 2106 5265 2984 5343">
     <span class='ocr_line' id='line_1_105' title="bbox 2106 5265 2984 5343; baseline 0.019 -28"><span class='ocrx_word' id='word_1_618' title='bbox 2106 5265 2416 5332; x_wconf 82' lang='grc' dir='ltr'>κενοδοξίας</span> <span class='ocrx_word' id='word_1_619' title='bbox 2445 5268 2641 5341; x_wconf 75' lang='grc' dir='ltr'>ἐτέρας</span> <span class='ocrx_word' id='word_1_620' title='bbox 2667 5274 2984 5343; x_wconf 87' lang='grc' dir='ltr'>γενήσεται.</span> 
     </span>
    </p>
   </div>
   <div class='ocr_carea' id='block_1_106' title="bbox 2175 5354 3691 5453">
    <p class='ocr_par' dir='ltr' id='par_1_106' title="bbox 2175 5354 3691 5453">
     <span class='ocr_line' id='line_1_106' title="bbox 2175 5354 3691 5453; baseline 0.017 -46"><span class='ocrx_word' id='word_1_621' title='bbox 2175 5354 2535 5414; x_wconf 84' lang='grc' dir='ltr'>Βδελύττεται</span> <span class='ocrx_word' id='word_1_622' title='bbox 2556 5361 2714 5433; x_wconf 79' lang='grc' dir='ltr'>ἥλιον</span> <span class='ocrx_word' id='word_1_623' title='bbox 2736 5365 3000 5439; x_wconf 81' lang='grc' dir='ltr'>κλέπτης,</span> <span class='ocrx_word' id='word_1_624' title='bbox 3028 5371 3384 5446; x_wconf 83' lang='grc' dir='ltr'>ὑπερήφανος</span> <span class='ocrx_word' id='word_1_625' title='bbox 3405 5376 3463 5430; x_wconf 85' lang='grc' dir='ltr'>δὲ</span> <span class='ocrx_word' id='word_1_626' title='bbox 3490 5381 3691 5453; x_wconf 79' lang='grc' dir='ltr'>πραεῖς</span> 
     </span>
    </p>
   </div>
   <div class='ocr_carea' id='block_1_107' title="bbox 2099 5450 2393 5517">
    <p class='ocr_par' dir='ltr' id='par_1_107' title="bbox 2099 5450 2393 5517">
     <span class='ocr_line' id='line_1_107' title="bbox 2099 5450 2393 5517; baseline 0.02 -14"><span class='ocrx_word' id='word_1_627' title='bbox 2099 5450 2393 5517; x_wconf 82' lang='grc' dir='ltr'>ἐξουθενεῖ.</span> 
     </span>
    </p>
   </div>
   <div class='ocr_carea' id='block_1_108' title="bbox 2173 5546 3682 5639">
    <p class='ocr_par' dir='ltr' id='par_1_108' title="bbox 2173 5546 3682 5639">
     <span class='ocr_line' id='line_1_108' title="bbox 2173 5546 3682 5639; baseline 0.019 -42"><span class='ocrx_word' id='word_1_628' title='bbox 2173 5546 2436 5639; x_wconf 75' lang='grc' dir='ltr'>Ἄμεινον</span> <span class='ocrx_word' id='word_1_629' title='bbox 2463 5551 2497 5623; x_wconf 89' lang='grc' dir='ltr'><strong>ή</strong></span> <span class='ocrx_word' id='word_1_630' title='bbox 2535 5552 2679 5621; x_wconf 77' lang='grc' dir='ltr'>μετὰ</span> <span class='ocrx_word' id='word_1_631' title='bbox 2702 5553 2862 5627; x_wconf 86' lang='grc' dir='ltr'>λόγου</span> <span class='ocrx_word' id='word_1_632' title='bbox 2888 5560 3170 5616; x_wconf 82' lang='grc' dir='ltr'>οίνοποσία</span> <span class='ocrx_word' id='word_1_633' title='bbox 3197 5560 3299 5633; x_wconf 83' lang='grc' dir='ltr'>τῆς</span> <span class='ocrx_word' id='word_1_634' title='bbox 3334 5566 3477 5636; x_wconf 85' lang='grc' dir='ltr'><strong>μετά</strong></span> <span class='ocrx_word' id='word_1_635' title='bbox 3501 5566 3682 5639; x_wconf 82' lang='grc' dir='ltr'>τύφου</span> 
     </span>
    </p>
   </div>
   <div class='ocr_carea' id='block_1_109' title="bbox 2097 5634 2447 5706">
    <p class='ocr_par' dir='ltr' id='par_1_109' title="bbox 2097 5634 2447 5706">
     <span class='ocr_line' id='line_1_109' title="bbox 2097 5634 2447 5706; baseline 0.02 -19"><span class='ocrx_word' id='word_1_636' title='bbox 2097 5634 2447 5706; x_wconf 84' lang='grc' dir='ltr'>ὐδροποσίας.</span> 
     </span>
    </p>
   </div>
   <div class='ocr_carea' id='block_1_110' title="bbox 489 5793 2627 5889">
    <p class='ocr_par' dir='ltr' id='par_1_110' title="bbox 489 5793 2627 5889">
     <span class='ocr_line' id='line_1_110' title="bbox 489 5793 2627 5889; baseline 0.015 -41"><span class='ocrx_word' id='word_1_637' title='bbox 489 5795 566 5868; x_wconf 84' lang='lat' dir='ltr'><strong>(t)</strong></span> <span class='ocrx_word' id='word_1_638' title='bbox 585 5793 858 5855; x_wconf 79' lang='lat' dir='ltr'><strong>Nimirum</strong></span> <span class='ocrx_word' id='word_1_639' title='bbox 882 5800 1012 5873; x_wconf 89' lang='lat' dir='ltr'><strong>quia</strong></span> <span class='ocrx_word' id='word_1_640' title='bbox 1035 5815 1230 5863; x_wconf 86' lang='lat' dir='ltr'><strong>omnes</strong></span> <span class='ocrx_word' id='word_1_641' title='bbox 1261 5802 1510 5864; x_wconf 87' lang='lat' dir='ltr'><strong>homines</strong></span> <span class='ocrx_word' id='word_1_642' title='bbox 1532 5820 1599 5864; x_wconf 81' lang='lat' dir='ltr'><strong>ex</strong></span> <span class='ocrx_word' id='word_1_643' title='bbox 1629 5804 1745 5866; x_wconf 90' lang='lat' dir='ltr'><strong>luto</strong></span> <span class='ocrx_word' id='word_1_644' title='bbox 1778 5817 1839 5867; x_wconf 90' lang='lat' dir='ltr'><strong>ut</strong></span> <span class='ocrx_word' id='word_1_645' title='bbox 1866 5811 2068 5874; x_wconf 85' lang='lat' dir='ltr'><strong>lateres</strong></span> <span class='ocrx_word' id='word_1_646' title='bbox 2095 5816 2372 5889; x_wconf 81' lang='lat' dir='ltr'><strong>originem</strong></span> <span class='ocrx_word' id='word_1_647' title='bbox 2400 5820 2627 5881; x_wconf 87' lang='lat' dir='ltr'><strong>ducunt.</strong></span> 
     </span>
    </p>
   </div>
  </div>
