4062 6404
311 419 449 487 118.3

1033 417 1204 480 LOCl
1243 415 1675 480 COMMUNES.
1708 440 1778 454 --
1803 416 1997 478 PARS
2034 417 2120 479 II.
2155 415 2410 478 SEBMO
2437 415 2665 480 LXXV.

3427 406 3562 472 1186

375 532 476 585 Δεῖ
495 529 607 584 τῶν
627 531 764 586 νέων
789 527 1205 600 ἐκπνευματοῦν
1235 530 1295 580 τὸ
1319 528 1511 600 οἴημα,
1539 528 1638 580 καὶ
1661 527 1755 582 τὸν
1781 527 1876 582 τῦ-
1907 533 1930 590 Δ

2054 524 2632 583 Platonis.Exhaurire
2660 535 2877 596 oportet
2941 542 3006 582 ex
3033 524 3235 582 animis
3286 525 3557 595 iuvenum

302 641 424 695 φον,
457 623 536 688 ὡς
563 622 674 678 τῶν
703 622 890 678 ἀσκῶν
917 620 1011 676 τδν
1036 622 1174 692 ἀέρα
1205 623 1330 685 τοὺς
1383 620 1594 690 ἐκχέειν
1641 635 1698 672 τι
1755 618 1882 690 βου-

302 715 565 786 λομένους
620 713 931 787 χρήσιμονο
957 712 1090 768 nos
1137 711 1236 784 μὴ,
1259 711 1522 783 γέμοντες
1569 709 1737 780 ϐγκου
1785 709 1884 764 καὶ⁸

302 809 648 880 φυσήματος,
677 806 742 860 οὗ
775 804 1188 877 προσδέχονται.

374 898 514 962 Τοὺς
549 897 651 968 μὲν
683 895 887 960 ἀσκοὺς
941 897 1003 950 τὸ
1057 893 1281 965 πνεῦμα
1335 891 1598 965 διίστησι,
1646 894 1772 959 τοὺς
1822 891 1884 949 δι

303 991 568 1061 ἀνοήτους
605 987 931 1060 ἀνθρώπους
961 986 1024 1042 τδ
1052 985 1245 1059 οἴημα.

383 1081 448 1136 ’0
497 1079 690 1150 τῦφος,
716 1078 906 1150 ὥσπερ
937 1077 1164 1150 ποιμὴν,
1190 1071 1252 1132 οἶδ
1286 1075 1429 1132 θέλει
1478 1075 1604 1141 τοὺς
1653 1072 1886 1140 πολλοὺς

304 1175 452 1245 ἄγει.
1711 1201 1716 1203 -

387 1265 738 1337 Ἀλέξανδρος
765 1268 1000 1337 νοσήσας
1049 1264 1272 1336 μακρὰν
1321 1263 1498 1330 νόσον,
1534 1262 1610 1328 ὡς
1641 1262 1887 1337 ἀνέρρω-

308 1377 422 1426 σεν,
475 1360 628 1414 οὐδὲν
671 1359 776 1429 ἔφη
833 1356 1150 1429 διατεθῆναι
1202 1358 1404 1427 χεῖρονο
1434 1354 1722 1426 ὑπέμνησε
1770 1354 1884 1426 γὰρ

305 1454 455 1524 ἡμᾶς
488 1454 520 1522 ἡ
547 1453 699 1516 νόσος
730 1449 808 1522 μὴ
839 1450 982 1522 μέγα
1011 1451 1232 1520 φρονεῖν
1264 1446 1497 1520 θνητοὺς
1521 1446 1706 1511 ὄντας.

385 1634 513 1691 Ἐἀν
549 1635 665 1708 ἴδῃς
694 1631 942 1707 πονηρὸν
961 1635 1042 1700 είς
1087 1632 1224 1705 ὕψος
1254 1632 1565 1703 αἰρόμενον,

373 1727 628 1800 Λαμπρῷ
656 1745 718 1782 τε
749 1727 965 1797 πλούτῳ
996 1727 1089 1781 καὶ
1122 1725 1260 1798 τύχῃ
1290 1722 1693 1796 γαυρούμενον,

389 1820 594 1891 Ὀφρύν
623 1837 686 1872 τε
749 1820 936 1891 μεῖζον
965 1819 1064 1889 τῆς
1091 1819 1264 1890 τύχης
1293 1816 1590 1887 ἐπαίροντα
1615 1831 1629 1845 ·

377 1910 582 1966 Τούτου
612 1911 798 1980 τάχιον
837 1908 1141 1981 μεταϐολὴν
1169 1906 1468 1978 προσδόκα,

385 2002 705 2073 Ἐπαίρεται
731 2003 840 2072 γὰρ
867 2001 1071 2071 μεῖζον,
1106 1999 1194 2054 ἵνα
1224 2003 1317 2054 καὶ
1351 1997 1537 2067 μεῖξον
1562 1996 1738 2069 πέσῃ.

373 2089 443 2146 '0
491 2094 821 2164 τρισάθλιοι,
849 2090 1048 2154 πάντες
1084 2089 1137 2145 οἱ
1177 2089 1458 2159 φυσῶντες
1515 2089 1728 2153 ἑαυτοῖς
1785 2103 1880 2159 με-

305 2185 449 2253 γάλα
471 2185 486 2240 ι

373 2277 540 2332 Αὐτοὶ
566 2277 677 2348 γὰρ
701 2275 801 2330 οὐκ
833 2275 1014 2329 ίσασιν
1050 2272 1342 2345 ἀνθρώπου
1371 2273 1557 2344 φύσιν.

388 2369 767 2444 Ἀριστοτέλης
791 2367 1130 2438 θεασάμενος
1151 2366 1434 2420 νεανίσκον
1462 2364 1881 2436 κατωφρυωμέ-

305 2481 418 2534 νον,
452 2463 618 2536 μηδὲν
647 2462 705 2516 δὲ
730 2460 1118 2530 ἐπιστάμενον,
1153 2458 1448 2525 Νεανίσκε,
1493 2455 1622 2527 ἔφη,
1647 2452 1757 2520 οίός
1789 2474 1879 2526 μοι

301 2561 478 2622 δοκεῖς
520 2556 685 2620 αὐτὸς
731 2550 894 2622 εῖναι,
927 2553 1040 2622 ἐγὼ
1080 2551 1346 2622 γενοίμην
1367 2564 1384 2580 °
1419 2543 1533 2613 οἷος
1563 2549 1623 2604 δὲ
1655 2549 1722 2619 τῇ
1743 2549 1882 2619 ἀλη-

304 2651 430 2724 θείᾳ
457 2650 746 2720 ὑπάρχεις,
779 2644 1018 2701 τοιοῦτοί
1053 2661 1144 2714 μοι
1169 2643 1221 2698 οί
1256 2641 1446 2714 ἐχθροὶ
1466 2642 1734 2710 γένοιντο.

384 2826 449 2882 '0
497 2824 660 2888 αὐτὸς
711 2822 1056 2893 κατανοήσας
1102 2818 1391 2891 μειράκιον
1426 2817 1521 2871 ἐπὶ
1556 2814 1884 2887 πολυτελείᾳ

303 2921 402 2991 τῆς
431 2917 702 2990 χλαμύδος
725 2916 1147 2986 σεμνυνόμενον,
1171 2911 1248 2965 Οὐ
1281 2908 1508 2976 παύσει,
1528 2908 1655 2981 ἔφη,
1685 2907 1882 2979 μειρά-

305 3030 445 3080 κιον,
466 3013 560 3066 επὶ
584 3008 862 3083 προϐάτου
895 3006 1032 3078 δορᾷ
1057 3022 1116 3058 σε
1125 3002 1491 3075 μνυνόμενοςε

902 3098 1123 3154 ΛΟΓΟΣ
1159 3095 1284 3153 OE'.

825 3192 968 3261 Περὶ
1005 3189 1355 3262 φιλαυτίας.

383 3290 446 3346 '0
473 3288 648 3360 φιλῶν
680 3287 780 3359 τὴν
813 3285 994 3357 ψυχὴν
1023 3283 1191 3340 αὑτοῦ
1244 3279 1507 3336 ἀπολέσει
1552 3278 1724 3350 αὐτήν
1750 3291 1766 3309 ⁸
1789 3277 1886 3332 καὶ

300 3382 335 3436 ό
361 3383 538 3454 μισῶν
565 3380 737 3451 αὐτὴν
766 3380 826 3433 ὲν
849 3377 928 3451 τῷ
956 3376 1150 3448 κόσμῳ
1175 3373 1351 3444 τούτῳ
1375 3374 1456 3438 είς
1489 3371 1635 3443 ζωὴν
1662 3369 1888 3425 αἰώνιον

304 3473 532 3546 φυλάξει
563 3472 760 3543 αὐτήν.

377 3568 490 3638 Οὐχ
543 3566 573 3620 ό
619 3563 814 3619 ἑαυτὸν
870 3561 1157 3629 συνιστῶν,
1205 3561 1412 3626 ἐκεῖνός
1470 3561 1589 3614 ἐστι
1640 3558 1885 3630 δόκιμος,

300 3657 420 3717 ἀλλ’
449 3661 509 3714 ὃν
539 3662 568 3713 ό
603 3658 808 3729 Κύριος
843 3655 1176 3726 συνίστησιν.

377 3755 442 3810 Οἱ
473 3755 668 3817 πάντες
690 3752 760 3806 τὰ
783 3750 994 3805 ἑαυτῶν
1023 3746 1296 3819 ζητοῦσιν,
1323 3747 1384 3800 οὑ
1410 3745 1478 3800 τὰ
1502 3744 1595 3799 τοῦ
1625 3743 1888 3818 Χριστοῦ.

382 3936 498 3998 Πᾶς
529 3935 671 4006 ἀνὴρ
705 3931 955 4004 φαίνεται
990 3929 1171 4002 ὲαυτῷ
1201 3929 1431 3994 δίκαιος⁹
1470 3927 1791 3984 κατευθύνει
1825 3925 1885 3982 δι

302 4025 538 4098 καρδίας
567 4024 800 4095 Κύριος.

393 4139 823 4210 Ἐγκωμιαζίτω
852 4156 912 4193 σε
952 4140 982 4193 ό
1008 4137 1204 4204 πέλας,
1233 4137 1331 4191 καὶ
1364 4134 1442 4208 μὴ
1474 4133 1535 4190 τὸ
1562 4133 1655 4189 σὺν
1685 4133 1884 4204 στόμα,

302 4233 585 4304 ἀλλότρια,
618 4236 713 4285 καὶ
745 4231 820 4302 μὴ
846 4230 915 4286 τά
939 4230 1009 4286 σά
1038 4229 1215 4301 χείλη.

380 4344 587 4407 Πάντες
637 4343 742 4414 μὲν
771 4342 1016 4406 εὐσεϐεῖς
1045 4341 1108 4407 ἐξ
1148 4339 1269 4405 ὲνδς
1311 4337 1410 4394 τοῦ
1446 4335 1885 4409 καταγινώσκειν

302 4438 554 4509 ἀλλήλων
581 4436 858 4491 ἀσέϐειαν·
902 4435 938 4508 ἢ
987 4433 1101 4489 τῶν
1153 4434 1255 4504 μὲν
1286 4431 1436 4487 ίδίων
1467 4433 1632 4504 πρᾶοι
1672 4429 1884 4501 κριταὶ,

300 4531 417 4584 τῶν
437 4529 496 4582 δὲ
524 4525 822 4599 ἀλλοτρίων
851 4525 1106 4599 ἀκριϐεῖς
1134 4522 1450 4592 ἐξετασταί.

377 4729 636 4801 Συνῶμεν
659 4727 915 4799 ἀλλήλοις
953 4723 1363 4797 πνευματικῶς,
1400 4722 1691 4796 γενώμεθα
1723 4723 1881 4797 φιλά-

297 4823 488 4894 δελφοι
515 4821 720 4893 μᾶλλον
751 4819 785 4891 ἢ
816 4817 1090 4889 φίλαυτοι.

387 4937 447 4990 '0
479 4935 557 5006 μὴ
614 4931 1056 5002 καταδεχόμενος
1114 4928 1216 5002 τὴν
1282 4929 1436 5000 παρά
1495 4927 1591 4984 τοῦ
1650 4927 1886 4998 ἀδελφοῦ

302 5027 606 5101 θεραπείαν
635 5024 1064 5096 προσαγομένην
1093 5021 1244 5092 αὑτῷ
1275 5023 1609 5092 ἀσύμφωνός
1639 5023 1756 5075 ἐστι
1785 5023 1882 5075 καὶ

302 5125 467 5184 aeta;
488 5119 686 5191 ἑαυτῷ.
710 5118 901 5181 Οὐδεὶς
926 5117 1100 5188 φίλος,
1121 5115 1297 5180 οὐδεὶς
1317 5115 1565 5185 ἀδελφόςο
1585 5117 1656 5168 τὰ
1676 5115 1888 5170 ἑαυτῶν

304 5217 621 5287 σκοποῦμεν
647 5213 902 5277 ἕκαστος,
931 5210 1024 5265 διὰ
1061 5208 1223 5263 τοῦτο
1256 5209 1353 5262 καὶ
1384 5209 1454 5263 τά
1487 5208 1698 5262 ἑαυτῶν
1731 5207 1888 5260 κολο-

309 5310 530 5382 5οὖμεν⁶
587 5307 687 5363 καὶ
747 5305 1026 5371 ἀσθενεῖς,
1088 5304 1187 5358 καὶ
1249 5302 1722 5371 εὐκαταγώνπτοι
1792 5300 1890 5355 καὶ

301 5399 615 5471 ἀνθρώποις
657 5397 755 5452 καὶ
798 5394 1035 5466 διαϐόλῳ
1061 5392 1232 5462 ἐσμὲν
1261 5394 1327 5448 ἐκ
1360 5391 1455 5447 τοῦ
1508 5393 1584 5464 μὴ
1624 5391 1891 5447 συνασπί-

301 5491 418 5557 ζειν
451 5490 724 5561 ἀλλήλοις.
765 5488 879 5543 Καὶ
903 5487 1015 5559 γὰρ
1044 5489 1104 5540 ἐν
1139 5485 1365 5557 πολέμῳ
1389 5486 1486 5540 καὶ
1513 5485 1822 5558 παρατάξει
1853 5485 1883 5540 ό

305 5583 442 5654 πρὸς
481 5581 643 5635 τοῦτο
677 5579 841 5651 μόνον
887 5577 1033 5652 ὀρῶν
1077 5577 1440 5648 στρατιώτης,
1491 5577 1641 5640 ὅπως
1689 5577 1885 5632 ἑαυτὸν

313 5674 548 5747 ῑιασώσῃ
575 5671 790 5743 φυγὼν,
816 5670 914 5725 καὶ
938 5669 1067 5734 τοὺς
1097 5668 1296 5733 ἀλλους
1331 5667 1455 5739 μεθ’
1489 5666 1685 5722 ἑαυτοῦ
1711 5685 1886 5741 προσ-

1986 616 2178 672 falsam
2213 618 2526 689 opinionem
2555 627 2610 673 et
2651 618 2876 684 fastum,
2912 618 3055 674 sicut
3086 632 3267 673 aerem
3311 632 3379 672 ex
3418 616 3562 670 utri-

1983 707 2087 765 bus
2113 709 2246 766 utile
2272 708 2552 781 quippiam
2581 709 2816 766 infusuri
2851 717 3126 782 exsugunt
3154 727 3170 766 :
3200 724 3360 766 secus
3418 709 3567 765 enim

1989 799 2268 858 inflatione
2302 810 2358 858 et
2385 801 2580 872 spiritu
2608 808 2888 875 turgentes
2921 802 3057 857 nihil
3095 801 3417 856 admittunt.

2054 891 2316 948 Socratis.
2361 892 2526 952 Utres
2575 908 2672 951 aer
2731 893 3020 962 distendit,
3067 893 3318 950 homines
3381 899 3565 946 autem

1983 985 2180 1042 stultos
2199 984 2406 1057 Opinio.

2061 1075 2333 1149 Diogenis.
2365 1077 2564 1136 Fastus
2601 1077 2765 1138 sicuti
2810 1086 3020 1153 pastor,
3041 1091 3154 1150 quo
3191 1077 3320 1133 libet
3365 1076 3571 1131 multos

1987 1166 2162 1222 ducit.
3495 1173 3501 1178 ’

2059 1257 2216 1314 Alex.
2239 1261 2547 1317 Alexander
2587 1261 2848 1317 diuturno
2902 1260 3095 1316 morbo
3157 1257 3472 1320 aflliclatus,
3506 1265 3569 1311 ut

1989 1353 2286 1421 convaluit,
2313 1355 2538 1425 negavit
2582 1369 2642 1410 se
2691 1345 2854 1422 pejus
2882 1366 3003 1407 esse
3055 1351 3348 1415 affectum;
3385 1349 3574 1403 admo-

1988 1453 2084 1499 net
2119 1445 2266 1500 enim
2323 1461 2424 1503 nos
2477 1445 2770 1519 aegritudo,
2813 1444 3070 1500 mortales
3112 1458 3237 1498 cum
3279 1443 3474 1508 simus,
3506 1455 3574 1496 ne

1987 1537 2278 1607 magnifice
2315 1540 2383 1594 de
2413 1541 2572 1595 nobis
2604 1539 2931 1595 sentiamus.

1989 1630 2046 1688 Si
2078 1633 2282 1691 videris
2335 1634 2645 1705 improbum
2702 1634 2754 1689 in
2792 1633 2961 1688 altum
3013 1631 3243 1704 gradum
3296 1637 3575 1695 evectum,

1987 1723 2305 1796 Magnisqne
2367 1727 2564 1797 opibus
2593 1737 2646 1782 et
2674 1727 2894 1781 fortuna
2949 1727 3334 1790 exsultantem,

1989 1816 2400 1889 Superciliaque
2433 1833 2596 1889 supra
2637 1817 2911 1874 fortunam
2951 1817 3304 1873 extollentem
3329 1856 3347 1886 ,

1911 1871 1956 1928 Β
1985 1906 2120 1977 Ejus
2159 1909 2500 1965 celerrimam
2529 1918 2786 1978 exspecta
2819 1911 3177 1966 mutationem
3211 1929 3227 1978 ;

1988 1995 2225 2053 Tollitur
2256 2000 2401 2054 enim
2429 1999 2710 2066 altissime,
2734 2008 2796 2054 ut
2829 2000 3024 2070 majori
3059 2015 3188 2055 casu
3221 2008 3362 2056 ruat.

2052 2086 2358 2142 Menandri.
2393 2086 2439 2145 Ο
2486 2096 2570 2146 ter
2617 2089 2829 2156 miseri,
2887 2098 3152 2162 quotquot
3195 2088 3404 2160 magnis
3438 2093 3571 2144 sunt

1981 2179 2152 2235 inflati
2187 2183 2352 2237 rebus
2373 2183 2387 2237 l

2051 2271 2160 2341 Ipsi
2227 2273 2371 2328 enim
2407 2273 2647 2330 hominis
2699 2281 2950 2329 naturam
2987 2287 3094 2328 non
3132 2279 3358 2329 norunt.

2052 2364 2216 2419 Arist.
2236 2364 2554 2422 Aristoteles
2569 2365 3033 2422 adolescentulum
3068 2364 3370 2435 superciliis
3383 2362 3572 2422 sublao

1983 2454 2054 2512 tis
2079 2459 2482 2526 superbientem
2501 2459 2874 2531 conspicatus,
2896 2460 2991 2515 sed
3015 2459 3164 2514 nulla
3189 2458 3413 2514 scientia
3434 2472 3572 2529 prae-

1981 2547 2160 2603 ditum
2197 2546 2685 2612 :Adolescentule,
2707 2549 2908 2620 inquit,
2941 2550 3147 2604 utinam
3205 2549 3329 2604 talis
3373 2564 3574 2618 essem,

1982 2638 2163 2708 qualis
2193 2638 2310 2709 ipse
2353 2640 2448 2695 tibi
2489 2640 2715 2707 videris,
2759 2639 2940 2712 qualis
2993 2649 3174 2696 autem
3233 2653 3420 2696 revera
3488 2654 3572 2706 es.

1982 2729 2119 2785 tales
2149 2728 2280 2784 ﬁant
2312 2730 2503 2786 hostes
2545 2731 2674 2786 mei.

2052 2819 2201 2875 Idem
2240 2836 2364 2877 cum
2418 2822 2890 2878 autimadvertisset
2916 2830 3237 2893 sumptuosa
3287 2819 3574 2890 chlamyde

1982 2913 2450 2969 adolescentulum
2482 2929 2542 2970 se
2574 2914 2910 2985 iactantem:
2945 2913 3062 2968 Non
3089 2913 3332 2978 desines,
3362 2915 3567 2984 inquit,

1983 3005 2404 3068 adolescentule,
2435 3007 2552 3061 ovis
2587 3007 2721 3076 pelle
2747 3005 2967 3076 gloriari
2993 3004 3017 3059 ?

2261 3099 2423 3170 232
2454 3097 2689 3156 ssnno
2715 3097 2908 3154 Lxxv
2950 3097 3047 3170 [αι.
3079 3096 3348 3173 LXXXI].

2553 3191 2633 3247 De
2662 3207 2844 3246 amore
2869 3195 2956 3246 sui
2976 3231 2992 3246 .

2062 3285 2226 3341 Joan.
2253 3301 2352 3342 xu.
2389 3284 2492 3352 Qui
2530 3293 2679 3340 amat
2717 3284 2958 3340 animam
2985 3298 3169 3351 suam,
3197 3284 3386 3356 perdet
3411 3297 3570 3341 eam:

1990 3384 2046 3433 et
2068 3377 2164 3448 qui
2201 3377 2320 3432 odit
2350 3391 2470 3432 eam
2507 3375 2562 3430 in
2605 3377 2710 3430 hoc
2740 3373 2948 3430 mundo
2974 3415 2990 3443 ,
3045 3375 3102 3430 in
3152 3376 3319 3431 vitam
3368 3375 3571 3448 εειιιρξ-

1990 3477 2200 3524 ternam
2233 3467 2508 3523 custodiet
2535 3482 2683 3522 eam.

2061 3560 2124 3616 II
2161 3559 2288 3617 Cor.
2319 3575 2373 3615 x.
2405 3560 2525 3615 Non
2559 3561 2656 3630 qui
2704 3561 2884 3630 seipse
2911 3560 3284 3630 commendat,
3317 3561 3407 3617 hic
3442 3575 3571 3634 pro-

1989 3652 2159 3711 batus
2184 3663 2294 3720 est,
2327 3652 2423 3708 sed
2459 3668 2625 3725 quem
2655 3654 2799 3709 Deus
2828 3655 3176 3711 commendat

2059 3743 2263 3802 Omnes
2313 3759 2435 3817 qua:
2462 3758 2564 3803 sua
2623 3755 2753 3802 sunt
2801 3755 3071 3819 quaerunt,
3122 3761 3231 3805 non
3276 3762 3401 3821 quae
3443 3755 3572 3806 sunt

1988 3835 2219 3895 Christi.

2059 3927 2334 3987 Salomon.
2388 3930 2580 3999 Quivis
2628 3931 2734 3988 sibi
2792 3931 3008 3988 videtur
3057 3928 3265 4001 justus,
3316 3929 3414 3988 sed
3471 3943 3572 3988 cor

1987 4013 2256 4072 Dominus
2284 4018 2498 4090 dirigit.

2059 4125 2328 4199 Theologi.
2349 4126 2558 4185 Laudet
2591 4137 2642 4186 te
2665 4129 2976 4202 proximus,
3000 4146 3110 4187 non
3138 4146 3202 4188 os
3230 4141 3405 4198 tuum,
3428 4130 3573 4189 labia

1986 4216 2164 4275 aliena
2177 4261 2195 4288 ,
2236 4234 2343 4275 non
2381 4230 2491 4274 tua.

2057 4329 2262 4388 Omnes
2306 4331 2564 4390 videntur
2605 4331 2685 4404 pii
2734 4334 2791 4390 in
2846 4333 2952 4390 hoc
2978 4348 3114 4402 uno,
3157 4335 3572 4394 condemnanda

1987 4423 2248 4482 videlicet
2293 4424 2386 4480 alii
2418 4425 2556 4481 alios
2584 4425 2924 4496 impietatis:
2957 4440 3189 4483 suorum
3216 4437 3570 4498 peccatorum

1913 4557 1958 4617 Β
1989 4530 2184 4586 parum
2233 4517 2412 4573 severi
2457 4517 2693 4588 iudices,
2722 4518 3028 4574 alienorum
3082 4526 3266 4602 autem
3317 4522 3568 4580 accurati

1984 4609 2414 4666 examinatores.

2053 4723 2455 4778 Conversemur
2476 4722 2570 4778 alii
2607 4721 2734 4779 aliis
2767 4722 3144 4795 spiritualiter,
3172 4733 3228 4782 et
3256 4722 3431 4782 simus
3457 4722 3572 4782 fra-

1983 4823 2131 4872 trum
2161 4813 2339 4887 magis
2368 4829 2534 4886 quam
2565 4816 2739 4871 nostri
2765 4823 3044 4874 amantes.
3070 4835 3073 4838 ·

2057 4931 2119 4987 S.
2147 4929 2422 5002 Clirysost.
2450 4930 2553 4996 Qui
2608 4945 2718 4986 non
2759 4928 2946 4986 fratris
2991 4931 3318 4999 obsequium
3372 4932 3569 5002 accipit

1991 5025 2136 5096 quod
2161 5024 2251 5079 ille
2275 5023 2452 5091 oll'ert,
2478 5037 2663 5079 secum
2695 5022 2813 5094 ipse
2833 5022 3107 5080 dissentit.
3126 5019 3297 5078 Nemo
3335 5024 3569 5094 amicus,

1995 5131 2155 5173 nemo
2171 5115 2362 5181 frater,
2389 5116 2508 5170 suis
2529 5115 2766 5185 quisque
2795 5116 2966 5170 servit
2987 5113 3314 5182 commodis,
3334 5114 3568 5186 ideoque

1987 5223 2090 5265 sua
2119 5208 2357 5279 quisque
2383 5206 2622 5262 minuit:
2647 5215 2703 5261 et
2743 5206 2948 5262 infirmi
2997 5216 3047 5262 et
3075 5206 3347 5262 debellato
3381 5207 3571 5263 faciles

1985 5308 2102 5356 tum
2135 5299 2477 5366 hominibus,
2507 5307 2623 5355 tum
2646 5297 2872 5354 diabolo
2894 5313 3109 5367 sumus,
3134 5299 3280 5372 quod
3316 5299 3408 5355 alii
3427 5299 3569 5356 alios

1991 5407 2103 5448 non
2125 5391 2488 5448 delendimus.
2517 5388 2652 5445 Nam
2683 5391 2849 5452 etiam
2881 5389 2937 5446 in
2968 5407 3147 5464 pugna
3175 5402 3230 5449 et
3269 5393 3387 5450 acie
3415 5393 3572 5448 mites

1985 5484 2081 5557 qui
2120 5499 2272 5542 suam
2307 5484 2480 5544 soiius
2521 5483 2762 5540 salutem
2816 5483 2873 5539 in
2923 5486 3110 5541 animo
3158 5487 3319 5542 habet
3353 5486 3568 5542 caneris

1996 5592 2214 5650 quoque
2240 5575 2472 5648 proripit
2517 5584 2574 5632 et
2616 5575 2814 5648 perdit.
2845 5573 2891 5631 E
2911 5585 3104 5634 contra
3129 5579 3213 5634 vir
3245 5578 3400 5635 fortis
3426 5588 3482 5634 et
3510 5591 3574 5637 se

1994 5678 2049 5726 et
2081 5669 2221 5727 alios
2241 5678 2446 5725 servat.

321 5774 622 5828 ιπόλλυσινο
664 5769 855 5856 ῶσπερ
934 5764 1030 5826 οὖν
1079 5768 1109 5825 ό
1159 5768 1432 5841 γενναῖος,
1501 5766 1598 5825 καὶ
1641 5767 1786 5842 ὑπὲρ
1837 5767 1952 5825 τῶν
1985 5767 2163 5825 ἄλλων
2209 5769 2280 5825 τά
2336 5764 2481 5826 ὅπλα
2535 5766 2841 5844 τιθέμενος,
2884 5768 3029 5843 μετά
3064 5765 3196 5850 ,τῶν
3245 5765 3424 5824 ἄλλων
3471 5769 3572 5856 καὶ

324 5865 494 5921 ἀυτὸν
527 5853 808 5929 διασώζει.
