4062 6400
495 398 630 464 1131

1763 389 2088 453 ANTONII
2121 385 2471 450 MELISSJE

3604 372 3778 438 “83'

562 513 831 569 Philonis.
850 512 959 567 Sua
977 525 1143 566 causa
1180 506 1365 564 omnia
1391 513 1636 576 agentes,
1693 501 1973 573 pltilautia‘.
1998 499 2075 572 (id

2254 499 2321 554 Οί
2351 495 2562 552 ἑαυτῶν
2593 495 2756 566 μόνον
2785 493 2952 549 ἓνεκα
2983 492 3162 548 πάντα
3193 488 3527 560 πράττοντες
3557 487 3758 558 φιλαυ-

497 618 603 673 est,
630 606 827 659 amoris
853 604 962 671 sui)
994 601 1288 658 maximum
1323 596 1524 652 malum
1551 602 1834 650 exercent.

568 698 820 753 Euximi.
877 695 1046 750 Amor
1101 691 1190 747 sui
1238 698 1324 745 est
1363 686 1616 757 corporis
1643 684 1859 740 ratione
1877 694 2074 737 carens

494 789 760 852 amicitia,
788 802 854 842 ex
883 800 992 855 qua
1023 782 1247 854 quidem
1278 779 1528 836 nascitur
1555 774 1880 848 gulositatis
1905 773 2073 838 ratio,

495 887 554 934 et
580 878 758 933 inanis
805 875 989 947 gloriae
1037 872 1342 942 cupiditas:
1369 886 1435 926 ex
1467 869 1555 925 his
1604 877 1792 924 autem
1830 862 2079 920 nascitur

497 972 787 1026 universus
835 968 1104 1023 malorum
1137 978 1421 1021 numerus.

566 1061 830 1115 Platonis.
853 1059 989 1114 Cum
1016 1056 1386 1114 deridebimus
1411 1051 1570 1113 alios,
1597 1049 1753 1105 decet
1776 1047 1830 1103 in
1870 1059 1972 1100 nos
2005 1043 2081 1114 ip-

498 1169 591 1207 sos
665 1167 765 1207 nos
817 1159 1232 1212 convertatnus,
1280 1143 1794 1209 consideremusque
1847 1151 1978 1192 num
2026 1145 2082 1190 et

496 1242 602 1311 ipsi
633 1241 825 1296 iisdem
857 1239 1002 1294 vitiis
1028 1240 1201 1292 simus
1228 1231 1453 1290 obnoxii
1483 1249 1500 1290 ;
1533 1229 1704 1284 multa
1737 1227 1885 1282 enim
1928 1237 2081 1278 amor

496 1334 584 1390 sui
617 1332 758 1386 celat
802 1341 858 1386 et
917 1330 1069 1400 tegit,
1099 1330 1262 1384 etiam
1295 1327 1347 1379 in
1389 1324 1476 1380 bis
1503 1320 1597 1392 qui
1659 1318 1896 1374 maxime
1943 1314 2082 1370 alios

498 1424 748 1480 irrident.

575 1517 782 1571 Critiae.
838 1513 1062 1580 Indigna
1102 1524 1193 1566 res
1247 1516 1355 1573 est,
1396 1520 1520 1562 cum
1555 1501 1680 1575 quis
1699 1514 1817 1557 non
1866 1497 2084 1570 sapiens

500 1623 691 1680 sapere
720 1607 826 1664 sibi
856 1604 1092 1660 videtur.

579 1701 702 1770 Apti
752 1712 945 1752 sumus
967 1698 1036 1751 ad
1061 1694 1238 1748 aliena
1270 1690 1402 1746 vitia
1423 1687 1720 1754 cernenda,
1744 1683 1850 1757 ipsi
1903 1690 2084 1738 autem

499 1793 546 1846 si
575 1792 712 1846 male
741 1789 992 1854 facimus,
1023 1802 1128 1841 non
1163 1783 1466 1840 cernimus.

2177 593 2300 655 τίας
2327 593 2589 664 μέγιστον
2615 588 2787 646 κακὸν
2815 584 3250 657 ἐπιτηδεύουσιν.

2249 683 2512 740 Φιλαυτία
2540 679 2688 736 ἐστὶν
2719 682 2754 752 ἡ
2792 678 2886 733 τοῦ
2931 678 3187 746 σώματος
3218 674 3414 742 ἄλογος
3447 672 3623 742 φιλία.
3661 670 3759 737 Ἐξ

2156 765 2351 846 ἀὐτῆς
2393 776 2452 830 δὲ
2485 773 2731 828 τίκτεται
2782 772 2811 824 δ
2873 769 2972 839 τῆς
3010 765 3457 839 γαστριμαργίας
3491 763 3757 832 λογισμὸς

2178 867 2276 922 καὶ
2303 869 2332 922 ὁ
2359 868 2460 938 τῆς
2481 863 2810 929 κενοδοξίας·
2845 863 2910 915 ἐκ
2941 861 3000 914 δὲ
3029 858 3241 927 τούτων
3277 857 3523 912 τίκτεται
3551 855 3702 920 ἅπας
3726 856 3757 910 δ

2178 957 2290 1012 τῶν
2319 955 2509 1010 κακῶν
2537 953 2867 1024 κατάλογος.

2253 1047 2426 1102 Ὅταν
2441 1046 2906 1118 καταγελάσωμέν
2926 1063 3111 1112 τινων,
3129 1042 3482 1116 ἐπιστρέφειν
3509 1040 3594 1110 ἔφ’
3623 1039 3760 1094 ἐαυ-

2181 1140 2292 1201 τοῖς
2317 1139 2413 1192 καὶ
2439 1143 2665 1192 σκοπεῖν
2693 1137 2777 1190 Ge!
2809 1137 2892 1208 μὴ
2917 1136 3014 1190 καὶ
3036 1133 3193 1190 αὐτοὶ
3220 1135 3334 1196 τοῖς
3365 1132 3554 1194 αὐτοῖς
3581 1129 3760 1199 ὲσμεν

2182 1231 2379 1300 ἔνοχοι.
2405 1229 2582 1283 Πολλὰ
2607 1230 2716 1300 γὰρ
2737 1228 2798 1283 τδ
2827 1229 3090 1298 φίλαυτον
3119 1225 3454 1296 ἐπικρύπτει
3477 1223 3574 1276 καί
3603 1236 3760 1292 περι·-

2184 1322 2391 1390 6ά).λει,
2433 1322 2584 1392 παρὰ.
2611 1322 2722 1377 τῶν
2755 1320 2960 1392 μᾶλλον
2989 1319 3446 1389 καταγελώντων.

2253 1501 2439 1558 Δεινδν
2463 1503 2508 1557 δ’
2534 1503 2662 1557 ὅταν
2689 1518 2774 1566 τις
2800 1499 2877 1572 μὴ
2902 1499 3119 1572 φρονῶν
3139 1497 3271 1570 δοκῇ
3303 1497 3542 1568 φρονεῖν.

2266 1689 2485 1760 Ἀγαθοὶ
2516 1690 2574 1744 δὲ
2594 1689 2654 1743 τὸ
2684 1688 2856 1743 κακόν
2878 1687 3045 1756 ἔσμεν
3071 1684 3158 1755 ἐφ’
3192 1682 3394 1755 ἑτέρων
3424 1683 3572 1738 ίδεῖν·
3599 1682 3765 1738 αὐτοὶ

2185 1784 2231 1839 δ’
2257 1785 2386 1838 ὅταν
2418 1783 2684 1853 ποιῶμεν,
2706 1782 2766 1836 οὐ
2798 1780 3162 1852 γινώσκομεν.

576 1883 838 1938 Socratis.
877 1877 1047 1934 Nemo
1085 1877 1140 1932 in
1189 1875 1371 1945 seipso
1396 1873 1526 1927 vitia
1553 1869 1750 1936 cernit,
1775 1861 2078 1936 Pamphile,

2249 1873 2437 1936 Οὐδεὶς
2455 1873 2542 1925 ἐπ’
2561 1871 2728 1927 αὐτοῦ
2748 1872 2809 1926 τὸ
2829 1870 2997 1926 κακὸν
3020 1870 3242 1943 συνορᾷ,
3266 1867 3541 1940 Πάμφιλε·
3564 1865 3762 1940 ἑτέρου

503 1975 727 2029 alterius
753 1973 1018 2028 dedecora
1048 1970 1192 2025 videt
1215 1976 1423 2038 aperte.

576 2066 846 2135 Diogenis.
893 2062 1158 2132 Diogenes
1201 2059 1571 2126 interrogatus
1603 2049 1733 2122 quid
1763 2055 1907 2104 esset
1939 2042 2080 2099 dilli-

500 2157 793 2221 cillimum,
867 2153 1040 2210 Nosse
1101 2153 1365 2221 scipsum,
1412 2148 1636 2217 inquit;
1694 2143 1866 2198 multa
1929 2139 2077 2195 enim

505 2257 728 2319 propter
747 2260 992 2301 antorem
1022 2243 1105 2299 sui
1129 2242 1230 2299 sibi
1257 2253 1531 2310 quemque
1560 2245 1911 2305 praesumere.

577 2341 721 2394 Idem
767 2337 1059 2392 nonnullos
1115 2335 1366 2389 homines
1414 2343 1540 2385 esse
1589 2326 1802 2382 dicebat
1824 2325 1918 2395 qui
1951 2337 2074 2377 cum

507 2431 652 2486 belle
705 2431 972 2491 dicerent,
1030 2433 1289 2494 recteque
1330 2423 1700 2492 loquerentur,
1728 2416 1935 2485 seipsos
1969 2427 2078 2468 non

506 2521 781 2584 audirent,
831 2519 886 2573 in
921 2519 1166 2588 lyrarum
1222 2527 1454 2578 morem,
1501 2523 1623 2582 qua:
1665 2522 1788 2563 cum
1813 2504 1954 2561 belle
1981 2516 2076 2558 suo

501 2619 658 2678 nent,
694 2608 830 2664 nihil
855 2617 1034 2663 tamen
1061 2604 1328 2661 sentiunt.

733 2719 893 2790 233
924 2715 1163 2774 SERMO
1193 2713 1404 2771 LXXVI
1427 2711 1530 2787 [αι.
1569 2704 1862 2779 XXXVII].

499 2835 584 2894 De
635 2838 944 2892 curiositate
997 2842 1047 2887 et
1091 2832 1377 2886 securitate
1415 2836 1465 2884 et
1506 2826 1716 2896 quiete,
1740 2839 1804 2878 ac
1841 2820 2075 2892 quietum

801 2921 910 2960 esse
941 2904 1038 2958 Dei
1069 2901 1416 2973 cognitionem
1481 2897 1794 2952 conciliare.

573 3061 702 3117 Gen.
730 3077 856 3116 xxv.
885 3059 1124 3118 Iacobus
1155 3069 1276 3115 erat
1305 3055 1388 3113 vir
1417 3054 1668 3126 simplex,
1691 3050 1838 3110 domi
1864 3065 1925 3107 se
1944 3063 2077 3106 coa-

497 3155 707 3210 tinens.

575 3241 815 3298 Gloriam
847 3247 1164 3311 comparato
1186 3237 1334 3294 domi
1361 3234 1580 3292 sedens.

573 3333 698 3403 Job.
725 3333 1012 3399 Quiesces,
1046 3338 1104 3386 et
1132 3343 1242 3384 non
1265 3327 1369 3383 erit
1405 3327 1502 3398 qui
1530 3335 1708 3380 tecum
1739 3321 1929 3380 bellet.

575 3426 836 3482 Deridens
895 3437 1144 3494 magnam
1199 3419 1438 3476 civitatis
1502 3417 1741 3482 turbam,
1784 3413 2068 3486 querelam

497 3527 692 3574 autem
739 3515 1018 3572 exactoris
1044 3512 1374 3568 tributorum
1399 3524 1506 3565 non
1537 3507 1784 3563 audiens.

574 3608 756 3662 Otium
791 3604 931 3677 agite
949 3612 1004 3658 et
1039 3602 1348 3672 cognoscite
1371 3613 1459 3655 me
1490 3611 1609 3655 esse
1636 3594 1828 3653 Deum.

571 3698 735 3755 Solus
762 3711 883 3752 sum
915 3708 1016 3764 ego
1043 3691 1172 3749 dum
1198 3691 1536 3763 praeteriero.

581 3787 744 3842 Prov.
773 3783 872 3839 Vir
897 3782 1142 3854 prudens
1165 3782 1404 3851 quietem
1437 3779 1570 3849 agit.

577 3879 744 3934 Eccli.
786 3875 1092 3931 Dilliciliora
1141 3887 1318 3944 quam
1341 3871 1548 3942 quibus
1582 3883 1686 3938 par
1717 3869 1818 3932 sis,
1841 3882 1911 3922 ne
1933 3879 2080 3938 qua-

506 3973 633 4038 tito,
669 3979 724 4024 et
754 3977 804 4023 te
834 3965 1193 4038 profundiora
1231 3979 1300 4018 ne
1341 3970 1659 4018 scrutator:
1694 3958 1788 4014 sed
1819 3973 1941 4029 quas
1977 3958 2074 4014 tibi

501 4061 822 4133 praescripta
850 4066 1003 4124 sunt,
1054 4070 1118 4110 ea
1164 4054 1553 4119 considerato;
1607 4066 1729 4122 qua:
1754 4050 1898 4105 enim
1931 4049 2074 4105 ultra

500 4170 668 4228 opera
695 4153 786 4208 Dei
819 4161 971 4215 sunt,
1000 4147 1055 4202 in
1096 4145 1311 4201 arcanis
1335 4144 1524 4199 latent.

574 4243 708 4298 Boni
749 4240 852 4295 viri
884 4242 1147 4309 perpetuo
1174 4243 1305 4291 sunt
1336 4233 1528 4303 quieti.

573 4338 731 4390 Amos
757 4347 806 4387 ν.
834 4328 1186 4401 [intelligentia
1243 4327 1500 4398 praeditus
1553 4325 1658 4380 hoc
1688 4331 1937 4397 tempore
1990 4332 2074 4380 ta-

495 4427 672 4494 cebit,
703 4425 834 4495 quia
863 4433 1076 4492 tempus
1102 4421 1308 4476 malum
1336 4428 1445 4477 est.

577 4517 697 4577 lea.
746 4531 938 4596 t.xxxt_.
967 4514 1142 4581 Quem
1192 4513 1504 4583 respiciam,
1546 4510 1656 4568 nisi
1700 4510 1966 4566 humilem
2021 4514 2074 4564 et
2106 4523 2150 4580 υ

497 4611 768 4683 quietum,
800 4618 856 4665 et
896 4607 1084 4663 timide
1109 4607 1422 4662 audientem
1455 4617 1738 4661 sermones
1768 4618 1916 4658 meos
1941 4601 1966 4657 ί

571 4705 948 4770 Lmtabnntur,
987 4703 1080 4773 qui
1113 4699 1386 4772 tranquilli
1409 4700 1610 4756 suntin
1636 4706 1802 4753 terra.

560 4792 768 4862 lerem.
805 4809 881 4848 νι.
916 4792 993 4849 Ne
1024 4791 1380 4863 egrediamini
1437 4792 1494 4845 in
1545 4804 1759 4859 agrum,
1819 4803 1920 4844 nec
1975 4802 2070 4858 per

499 4887 624 4943 vias
669 4885 872 4954 vadite,
925 4883 1059 4962 quia
1095 4884 1314 4956 gladius
1369 4882 1615 4941 hostium
1654 4883 1708 4938 in
1749 4880 1938 4937 orbem
1967 4879 2073 4936 cir-

497 4977 860 5032 cum-habitat.

571 5068 874 5124 Benevolus
929 5065 1192 5122 Dominus
1230 5065 1296 5121 iis
1341 5064 1433 5136 qui
1485 5064 1662 5135 ipsum
1698 5073 2020 5135 exspectant
2053 5081 2068 5117 :

499 5162 697 5215 anima
717 5174 839 5231 qute
890 5158 1068 5229 ipsum
1108 5165 1319 5228 quaeret
1348 5196 1366 5226 ,
1395 5157 1534 5213 bene
1560 5157 1686 5224 crit,
1723 5167 1778 5213 et
1811 5158 1863 5212 itt
1895 5157 2072 5213 salute

503 5251 714 5306 Domini
733 5252 1104 5322 conquiescet.
1735 5231 1746 5246 ’

575 5342 715 5397 Bene
737 5350 824 5398 est
867 5342 917 5396 ei
961 5343 1054 5411 qui
1091 5341 1278 5398 tulerit
1318 5344 1508 5413 iugum
1547 5341 1888 5412 ajuventute
1922 5356 2016 5397 sua
2044 5358 2060 5410 ;

500 5433 708 5488 sedebit
734 5433 881 5488 solus
903 5442 958 5490 et
981 5435 1200 5504 tacebit,
1226 5434 1483 5504 quoniam
1511 5433 1566 5488 in
1590 5433 1769 5504 seipse
1791 5433 2068 5501 sustinet;

500 5525 652 5580 dabit
695 5524 1021 5596 percutientt
1070 5526 1367 5582 maxillam.
1403 5525 1755 5582 Saturabitur
1783 5526 2001 5598 probris
2053 5543 2070 5582 :

497 5615 624 5684 quia
653 5629 762 5670 non
792 5614 846 5670 in
877 5625 1142 5671 mternum
1173 5617 1400 5687 repellet
1434 5615 1722 5673 Dominus.

569 5789 699 5847 Luc.
733 5807 785 5847 x.
815 5787 1170 5861 Respondens
1217 5799 1400 5851 autem
1435 5791 1597 5852 Jesus
1625 5791 1769 5851 dixit
1795 5793 1844 5852 ei
1875 5811 1890 5860 ;
1919 5793 2060 5852 hlar-

2098 3195 2146 3255 (ἶ

2178 1966 2224 2022 δ’
2250 1964 2690 2038 ἀσχημονοῦντας
2724 1965 2914 2035 σαφῶς
2940 1964 3161 2035 ὄψεται.
3596 2010 3604 2017 .

2248 2058 2510 2130 Διογένης
2532 2057 2831 2128 ἐρωτηθεὶς
2851 2057 2907 2111 τί
2929 2056 3348 2129 χαλεπώτατον,
3367 2053 3442 2109 Τδ
3464 2052 3764 2122 γινώσκειν

2177 2148 2395 2214 ἑαυτὸν,
2443 2147 2572 2218 ἔφη.
2612 2147 2795 2203 Πολλὰ
2847 2147 2957 2218 γὰρ
3009 2144 3114 2200 ὑπὸ
3176 2145 3470 2217 φιλαυτίας
3523 2143 3766 2198 ἕκαστον

2182 2240 2365 2312 ἑαυτῷ
2389 2240 2770 2310 προστιθέναι.

2258 2331 2320 2387 '0
2359 2331 2521 2394 αὐτὸς
2567 2330 2677 2386 τῶν
2729 2326 3037 2403 ἀνθρώπων
3083 2328 3263 2394 ἐνίους
3309 2327 3416 2400 ἔφη
3450 2325 3520 2382 τὰ
3565 2326 3761 2380 δέοντα

2178 2421 2460 2490 λέγοντας,
2487 2419 2702 2474 ἑαυτῶν
2727 2421 2826 2476 οὐκ
2853 2420 3094 2487 ἀκούειν,
3117 2420 3308 2488 ὥσπερ
3335 2419 3434 2475 καὶ
3457 2415 3558 2483 τὰς
3585 2415 3760 2488 λύρας

2177 2514 2341 2569 καλὸν
2379 2513 2762 2584 φθεγγομένας
2792 2514 2894 2568 οὑκ
2926 2511 3306 2569 αίσθανὲσθαι.

2766 2696 2985 2754 ΛΟΓΟΣ
3043 2697 3182 2764 οςο.

2175 2810 2319 2882 Περὶ
2364 2809 2961 2882 πολυπραγμοσύνης
3014 2805 3116 2882 καὶ
3153 2804 3643 2882 ἀξρατμοσύζης
3655 2806 3763 2882 καὶ

2244 2874 2696 2950 ἡσυχίας·’κάῐ
2741 2879 2832 2950 ὅτι
2899 2874 2968 2932 τὸ
3011 2877 3254 2948 ἠρεμεῖν
3293 2874 3412 2946 τὴν
3452 2874 3561 2930 τοῦ
3606 2875 3763 2931 Θεοῦ

2245 2949 2472 3022 γνῶσιν
2502 2949 2805 3020 προξενεῖ.

2259 3042 2453 3098 Ἰακὼϐ
2485 3037 2553 3114 ῆν
2592 3042 2874 3114 ἄνθρωπος
2901 3039 3192 3109 ἄπλαστος,
3218 3038 3384 3094 οίκῶν
3413 3036 3613 3095 οἰκίαν.

2264 3219 2644 3293 Ἐνδοξὰσθητι
2674 3219 2985 3291 καθήμενος
3028 3220 3088 3273 ἐν
3119 3217 3196 3290 τῷ
3224 3219 3359 3290 οίκῳ
3389 3235 3509 3274 σου.

2265 3313 2615 3386 Ἧσυχάσεις,
2637 3312 2734 3367 καὶ
2764 3312 2865 3366 οὐκ
2891 3311 3048 3366 ἔσται
3069 3313 3098 3366 δ
3121 3311 3379 3382 πολεμῶν
3419 3327 3522 3367 σοι.

2251 3404 2589 3474 Καταγελῶν
2626 3403 2952 3475 πολυοχλίαν
2991 3404 3222 3472 πόλεως,
3256 3401 3464 3474 μέμψιν
3509 3403 3568 3457 δὲ
3596 3418 3766 3475 φορο-

2177 3497 2341 3566 λόγου
2368 3497 2469 3551 οὐκ
2498 3495 2733 3551 ἀκούων.

2251 3589 2558 3660 Σχολάσατε
2588 3589 2683 3643 καί
2714 3589 2888 3658 γνῶτε
2917 3589 3000 3646 δτι
3050 3589 3162 3658 ἐγώ
3196 3589 3314 3659 εἰμι
3343 3587 3497 3652 Θεός.

2249 3659 2578 3753 Καταμόνας
2606 3683 2722 3754 εἰμὶ
2749 3681 2884 3752 ἐγὼ,
2910 3681 3018 3748 ἕως
3045 3681 3106 3737 οὗ
3131 3659 3410 3754 παρέλθω.

2263 3775 2426 3848 Ἀνὴρ
2457 3776 2718 3846 φρόνιμος
2743 3774 2978 3847 ἡσυχίαν
3008 3775 3158 3844 ἄγει.

2260 3867 2613 3938 ’ἰσχυρότερα
2653 3883 2747 3920 σου
2785 3867 2862 3939 μὴ
2901 3867 3080 3939 ζήτει,
3121 3867 3217 3921 καὶ
3252 3866 3525 3938 βαθύτερά
3555 3882 3649 3921 σου
3685 3865 3766 3937 μὴ

2176 3957 2396 4031 ἐρεύνα.
2433 3959 2502 4012 ’Δ
2531 3958 2850 4030 προσετάγη
2899 3976 3002 4024 σοι,
3052 3957 3228 4014 ταῦτα
3255 3957 3490 4016 διανοοῦ.
3521 3958 3606 4012 Τὰ
3651 3961 3764 4028 γὰρ

2179 4050 2407 4108 πλείονα
2436 4051 2545 4106 τῶν
2571 4051 2750 4123 ἔργων
2779 4050 2946 4108 αὑτοῦ
2979 4053 3037 4106 ὲν
3071 4051 3436 4123 ἁποκρύφοις.

2258 4229 2487 4300 ’Δγαθοὶ
2518 4229 2853 4302 ἡσυχάζουσι
2874 4230 3187 4296 διαπαντός.

2259 4322 2323 4378 '0
2355 4320 2552 4377 συνιὼν
2584 4324 2644 4378 εν
2680 4323 2759 4393 τῷ
2789 4323 2970 4397 καιρῷ
2998 4324 3195 4396 ἰκτίνῳ
3242 4325 3583 4398 σιωπήσεται
3611 4364 3628 4394 ,
3678 4327 3764 4382 ὅτι

2178 4413 2372 4484 καιρὸς
2400 4415 2636 4487 πονηρός
2664 4417 2833 4474 ἐστιν.

2262 4507 2386 4561 Ἐπὶ
2413 4507 2538 4561 τίνα
2582 4506 2863 4579 ὲπιὸλέψω
2893 4507 3008 4564 ἀλλ’
3037 4510 3073 4582 ἢ
3101 4509 3197 4577 επὶ
3221 4509 3313 4565 τδν
3351 4508 3634 4580 ταπεινὸν,
3665 4510 3764 4566 καὶ

2185 4597 2430 4670 ἡσύχιον,
2467 4597 2562 4678 καὶ
2591 4599 2860 4670 τρέμοντα
2879 4618 2987 4671 ,μου
3015 4603 3142 4665 τοὺς
3171 4603 3406 4673 λόγους;

2251 4689 2737 4760 Εὑφρανθήσονται
2757 4692 2809 4746 οί
2837 4693 3208 4763 ἡσυχάζοντες
3236 4697 3295 4748 ὲν
3326 4696 3392 4765 τῇ
3423 4695 3518 4764 γῇ.

2249 4780 2338 4852 Μὴ
2369 4781 2744 4854 ὲκπορεύησθε
2775 4786 2858 4848 είς
2892 4785 2986 4839 τὸν
3015 4786 3209 4854 ἀγρὸν,
3246 4785 3345 4839 καί
3373 4786 3431 4838 ὲν
3464 4787 3584 4848 ταῖς
3615 4785 3761 4850 ὁδοῖς

2183 4873 2260 4945 μὴ
2311 4872 2596 4944 βαδίζητε,
2649 4874 2734 4929 ὅτι
2786 4876 3030 4947 ῥομφαία
3079 4875 3191 4931 τῶν
3236 4875 3452 4949 ἐχθρῶν
3503 4879 3763 4949 παροικεῖ

2181 4963 2457 5019 κυκλόθεν.

2265 5057 2490 5124 ’Δγαθὸς
2525 5055 2728 5128 Κύριος
2754 5058 2868 5122 τοῖς
2899 5057 3268 5129 ὑπομένουσιν
3296 5057 3461 5114 αὐτόν
3483 5075 3500 5094 ⁶
3543 5059 3688 5132 ψυχῇ
3726 5063 3761 5131 ἢ

2179 5147 2411 5218 ζητήσει
2447 5149 2629 5216 αὐτὸν,
2675 5149 2901 5218 ἀγαθὸν,
2934 5153 3030 5206 καὶ
3073 5151 3339 5223 ἡσυχάσει
3379 5153 3460 5216 είς
3489 5151 3549 5206 τὸ
3578 5153 3760 5225 σωτή-

2180 5259 2295 5313 ριον
2321 5241 2552 5312 Κυρίου.

2261 5333 2489 5400 Ἀγαθὸν
2515 5333 2692 5405 ἀνδρὶ,
2723 5334 2851 5388 ὅταν
2877 5334 2987 5407 ἄρῃ
3009 5333 3172 5406 ζυγὸν
3201 5335 3265 5391 ὲκ
3289 5335 3542 5408 νεότητος
3568 5337 3761 5394 αὐτοῦ.

2182 5425 2495 5496 Καθήσεται
2546 5426 2865 5497 καταμόνας
2913 5429 3008 5482 καὶ
3057 5427 3438 5498 σιωπήσεται,
3486 5429 3570 5483 ὅτι
3623 5424 3764 5500 ἦρεν

2177 5519 2263 5587 ἐφ’
2303 5519 2503 5589 ἑαυτῷ.
2554 5518 2733 5573 Δώσει
2785 5519 2864 5591 τῷ
2909 5521 3129 5574 παίοντι
3165 5521 3416 5588 σιαγόνα,
3451 5522 3763 5593 χορτασθή-

2181 5628 2330 5664 σεται
2353 5611 2697 5684 ὀνειδισμῶν,
2749 5613 2833 5667 ὅτι
2864 5613 2964 5668 οὒκ
2999 5615 3082 5679 είς
3117 5613 3209 5670 τὸν
3255 5614 3428 5669 αίῶνα
3472 5614 3761 5672 ἀπώσεται

2179 5702 2406 5773 Κύριος.
3173 5705 3180 5711 ’
3653 5755 3656 5757 λ

2261 5795 2604 5869 Ἀποκριθεὶς
2645 5797 2709 5869 ,δὲ
2741 5799 2767 5852 ὀ
2813 5799 3054 5868 Ἰησοῦς,
3111 5797 3265 5856 εἶπεν
3295 5801 3471 5874 αύτῇο
3530 5801 3761 5873 Μάρθα,
