4062 6404
353 406 485 471 1189
1127 411 1299 475 LOCl
1340 416 1785 482 COMMUNES.
1813 447 1884 458 -
1920 423 2114 486 PARS
2144 428 2225 491 Π.
2271 429 2527 492 SERMO
2561 431 2820 496 LXXVI.
3484 433 3628 499 1190

351 521 570 590 Μάρθα,
607 522 880 596 μεριμνᾷς
903 525 998 579 καὶ
1041 526 1290 599 τυρϐάζῃ
1317 530 1448 600 περὶ
1475 528 1664 586 πολλά.
1707 531 1860 595 Ἐνδς
1889 533 1946 586 δέ

2052 540 2163 606 tha,
2195 541 2429 610 Martha,
2463 545 2700 602 sollicita
2755 563 2816 604 es
2868 556 2919 602 et
2969 550 3212 608 turbaris
3236 550 3383 607 circa
3431 552 3629 607 multas

350 613 464 666 ἔστι
505 613 688 683 χρεία.
731 615 924 686 Μαρία
948 616 1008 672 δὲ
1032 617 1133 687 τὴν
1153 619 1366 690 ἀγαθὴν
1410 621 1604 692 μερίδα
1630 623 1935 692 ἐξελέξατο,

2041 646 2150 700 res,
2185 649 2353 689 unum
2387 645 2568 692 autem
2598 646 2684 693 est
2722 653 2882 709 opus.
2919 639 3086 695 Maria
3118 644 3382 714 optimam
3423 653 3631 714 partem

351 703 469 774 ἡτις
500 705 601 759 οὐκ
627 707 1070 780 ἀφαιρεθήσεται
1101 709 1198 764 ἀπ’
1225 711 1417 782 αὐτῆς.

2095 726 2224 792 egit,
2247 742 2370 796 qua:
2403 744 2514 786 non
2554 703 2842 787 auferetur
2873 733 2940 789 ab
2975 749 3061 790 ea.
3155 703 3174 714 -
3423 703 3441 714 .
3696 799 3699 803 .

421 796 738 869 Παρακαλῶ
769 799 865 856 οὖν
920 801 1090 872 ὑμᾶς,
1139 802 1384 873 ἀδελφοὶ,
1421 806 1772 877 περισσεύειν
1805 809 1942 880 μᾶλ-

2113 814 2354 889 Plu'lipp.
2389 834 2430 874 ι.
2459 819 2702 879 Obsecro
2744 823 2931 895 igitur,
2975 825 3194 893 fratres,
3245 835 3305 883 ut
3349 829 3522 902 magis
3566 844 3631 884 ac

352 894 465 991 λρν,
513 891 612 946 καλ¹
641 892 1047 964 φιλοτιμεῖσθαι
1077 897 1397 969 ἡσυχάζειν,
1447 901 1546 953 καὶ
1575 899 1846 971 πράσσειν
1873 901 1942 956 τά

2044 908 2219 978 magis
2268 911 2596 980 abundetis,
2660 923 2716 971 et
2768 891 2939 988 quieti
2973 934 3068 975 vos
3115 891 3380 988 tradatis,
3411 891 3468 975 et
3515 921 3627 991 pri-

352 980 482 1048 ίδια,
513 983 612 1038 καὶ
639 982 970 1056 ἐργάζεσθαι
999 988 1118 1052 ταῖς
1149 989 1344 1061 χερσὶν
1370 986 1549 1060 ὑμῶν.

2043 1011 2172 1058 vata
2224 1005 2442 1075 negotia
2481 1008 2704 1078 geratis,
2743 980 2801 1064 et
2831 1011 3086 1067 manibus
3121 1015 3317 1068 vestris
3358 980 3629 1084 opus-fa-

430 1162 645 1235 Ῥᾴδιον
685 1165 904 1236 ἑκάστῳ
953 1168 1110 1236 ἡμῶν
1156 1169 1648 1244 πολυπραγμονεῖν
1683 1173 1753 1225 τά
1785 1168 1948 1225 ἀλλό-

2047 1105 2228 1153 cratis.
2451 1129 2464 1135 ’

2119 1185 2179 1242 8.
2225 1187 2443 1245 Basilii.
2494 1188 2733 1247 Facilius
2792 1201 2879 1248 est
2953 1194 3156 1264 cuique
3202 1203 3448 1248 nostrum
3521 1192 3628 1248 alia

352 1271 500 1326 τρια,
524 1255 556 1324 ἢ
596 1257 664 1310 τά
687 1260 864 1312 οἰκεῖα
895 1259 1093 1313 ἑαυτοῦ
1120 1260 1583 1319 διασκέπτεσθαι.

2051 1281 2268 1337 curiose
2298 1291 2570 1351 spectare,
2595 1285 2979 1354 quamfnostra
3004 1286 3225 1356 propria
3255 1285 3625 1341 etmsiderare.

423 1348 620 1403 Πολλοὶ
675 1351 776 1420 μὲν
826 1351 888 1404 τὺ
934 1351 1149 1422 κάρφος
1203 1355 1267 1408 τὸ
1320 1357 1380 1409 ὲν
1429 1355 1510 1427 τῷ
1546 1355 1817 1428 ὀφθαλμῷ
1847 1353 1948 1413 τοῦ

2121 1374 2277 1431 Multi
2312 1375 2577 1433 festucam
2603 1393 2728 1447 quae
2756 1385 2843 1433 est
2885 1381 2940 1434 in
2966 1380 3126 1434 oculo
3159 1378 3349 1434 fratris
3373 1376 3629 1433 conside-

355 1438 592 1508 ἀδελφοῦ
641 1442 993 1508 κατανοοῦσι,
1023 1444 1124 1516 τὴν
1168 1445 1228 1498 δὲ
1257 1447 1317 1502 ὲν
1341 1447 1421 1519 τῷ
1444 1450 1634 1520 οίκείῳ
1683 1449 1952 1522 ὀφθαλμῷ

1735 1450 1952 1522 Ρθαλμῷ
2052 1477 2199 1536 rant,
2237 1467 2447 1524 trabem
2481 1438 2663 1524 autem
2691 1469 2775 1525 sui
2811 1469 2955 1526 oculi
2994 1484 3103 1525 non
3135 1470 3339 1525 vident.

361 1530 521 1584 δοκὸν
549 1533 649 1585 οὐκ
674 1532 1063 1603 ἐμϐλέπουσιν.

427 1622 768 1723 ἶΩσπερ-γάρ
790 1625 862 1678 τὰ
893 1626 1058 1697 θηρία
1084 1628 1538 1700 εὐκαταγώνιστά
1567 1635 1682 1688 ἐστι
1706 1634 1952 1706 καταψη-

2068 1659 2072 1663 ·
2126 1649 2201 1705 Ut
2231 1649 2378 1705 enim
2412 1649 2541 1706 ferae
2590 1650 2749 1708 facile
2787 1659 3143 1723 superantur,
3197 1651 3244 1708 si
3281 1651 3629 1717 demulceas;

352 1712 576 1785 χθέντα,
603 1713 779 1780 οὕτως
831 1718 1143 1788 ἐπιθυμίαι,
1177 1721 1270 1775 καὶ
1309 1721 1490 1794 ὀργαὶ,
1521 1725 1616 1778 καὶ
1644 1725 1822 1794 φόϐοι,
1857 1723 1953 1779 καὶ

2056 1743 2138 1799 sic
2189 1743 2535 1813 cupiditates,
2596 1743 2712 1808 irae,
2768 1746 3016 1814 timores,
3075 1744 3312 1813 dolores,
3366 1756 3631 1801 venenata

355 1805 555 1871 λύπαι,
603 1809 672 1862 τὰ
710 1808 898 1864 ίοϐόλα
942 1811 1042 1880 τῆς
1074 1814 1252 1884 ψυχῆς
1295 1816 1463 1879 κακά,
1507 1818 1948 1872 κατευνασθέντα

2059 1834 2229 1889 animi
2259 1835 2426 1899 mala,
2475 1851 2574 1905 per
2625 1836 2866 1908 quietem
2918 1822 3224 1908 consopita,
3275 1851 3378 1893 nec
3411 1836 3633 1893 eﬂerata

350 1899 445 1953 διὰ
475 1900 574 1970 τῆς
617 1903 868 1973 ἡσυχίας,
917 1906 1011 1958 καὶ
1044 1905 1121 1977 μὴ
1153 1881 1575 1979 νέξαγριούμενα
1605 1909 1685 1979 τῷ
1733 1912 1948 1981 συνεχεί

2479 1881 2563 1905 ν-.
2626 1881 2866 1908 νων...
2919 1881 3224 1908 ..ν...,.,,,....,
3277 1881 3378 1893 ..η
3412 1881 3631 1893 ww“-..

2057 1936 2316 1996 perpetua
2364 1926 2715 1995 irritatione,
2769 1927 2820 1984 vi
2874 1928 3103 1985 rationis
3149 1927 3366 1983 facilius
3421 1927 3631 1982 domari

351 1994 660 2070 ἐρεθισμῷ,
686 1995 1268 2072 εὐκαταγωνιστότερα
1294 2003 1362 2072 τῇ
1398 2000 1629 2072 δυνάμει
1663 2002 1757 2055 τοῦ
1781 2001 1944 2071 λόγου
2054 1994 2255 2076 sole—nt,

399 2103 588 2142 ινεται.
2107 2111 2114 2124 ‘

399 2103 588 2142 ινεται.

349 2102 392 2155 γ
429 2174 505 2228 Τὸ
553 2175 961 2250 ἀπεσχισμένον
989 2181 1088 2236 καὶ
1127 2180 1333 2247 ἰδιάζον
1362 2185 1457 2239 τοῦ
1494 2183 1820 2241 κοινωνικοῦ
1852 2184 1948 2239 καὶ

2121 2195 2276 2264 Quod
2331 2205 2642 2266 separatum
2692 2206 2748 2254 et
2791 2199 3065 2270 privatum
3121 2207 3230 2268 est,
3269 2201 3445 2272 pluris
3489 2199 3634 2257 a‘sti—

350 2267 642 2339 ήνωμένου
669 2272 783 2334 τοῖς
815 2271 1034 2336 πολλοῖς
1061 2276 1482 2348 προτιμότερον.

2050 2298 2260 2352 matur,
2285 2305 2447 2356 quam
2471 2290 2618 2361 quod
2638 2305 2934 2346 commune
2959 2291 3147 2348 multis
3173 2302 3227 2346 et
3250 2292 3629 2362 coniunctum.

435 2360 690 2454 Συντελεῖ
728 2363 864 2434 πρὸς
903 2365 964 2420 τὸ
991 2367 1290 2438 ἀμέριστον
1311 2369 1410 2438 τῆς
1427 2369 1606 2442 ψυχῆς
1635 2372 1697 2426 τὸ
1724 2370 1948 2438 ίδιάζειν

2119 2380 2284 2454 234
2315 2379 2460 2437 Utile
2491 2360 2582 2437 est
2631 2381 2887 2452 privatim
2922 2391 2978 2438 et
3020 2385 3316 2452 separatim
3354 2360 3630 2454 habitare,

348 2444 500 2545 κατά
529 2451 628 2524 τὴν
661 2454 898 2526 οἴκησιν.
929 2457 1004 2511 Τὸ
1034 2457 1146 2530 γὰρ
1177 2460 1634 2534 ἀναμεμιγμένην
1667 2462 1812 2535 ἔχειν
1846 2465 1948 2535 τὴν

2048 2444 2353 2530 υιῖιῆιῆιιε
2379 2473 2433 2528 in
2464 2444 2649 2545 plures
2669 2484 2850 2544 partes
2871 2489 2978 2529 non
3017 2444 3394 2544 distrahatur;
3419 2492 3543 2533 nam
3575 2444 3633 2534 in

349 2543 508 2615 ζωὴν
535 2547 650 2610 τοῖς
700 2548 954 2618 ἀφρόνως
997 2550 1094 2604 καὶ
1122 2555 1619 2624 καταφρονητικῶς
1653 2557 1793 2629 πρὸς
1841 2555 1944 2626 τὴν

2047 2565 2159 2622 vita
2187 2566 2546 2622 commiscere
2579 2580 2640 2622 se
2665 2581 2788 2622 cum
2820 2567 2890 2623 iis
2909 2567 3000 2637 qui
3023 2568 3400 2634 imprudenter
3423 2577 3478 2624 et
3506 2584 3634 2625 con-

349 2637 564 2732 ἀκριϐῆ
597 2639 835 2712 τήρησιν
876 2639 990 2696 τῶν
1036 2641 1268 2698 ἐντολῶν
1320 2644 1690 2718 διακειμένοις
1749 2647 1949 2720 βλαϐε-

2049 2659 2298 2731 temptim
2338 2659 2406 2716 ad
2440 2659 2824 2717 mandatorum
2850 2659 3285 2717 observationem
3307 2661 3634 2732 exquisitam

351 2728 502 2823 96??
633 2822 642 2823 ί
753 2821 776 2823 _
2051 2728 2233 2809 affecti
2271 2759 2426 2819 sunt,
2459 2752 2658 2809 inutile
2722 2761 2778 2808 et
2815 2753 3184 2823 perniciosum
3216 2763 3318 2811 est.

441 2821 684 2894 Ἡσυχία
709 2821 815 2878 ,οῦν
871 2823 1020 2896 ἀρχὴ
1073 2825 1401 2899 καθάρσεως
1454 2831 1522 2902 τῇ
1578 2828 1750 2901 ψυχῇ,
1807 2831 1950 2902 μήτε

2123 2844 2296 2911 Quies
2326 2845 2493 2916 igitur
2525 2844 2739 2900 initium
2772 2821 2857 2900 est
2890 2846 3231 2917 purgationis
3273 2848 3466 2913 animi,
3505 2863 3631 2903 cum

349 2912 618 3006 γλῶσσης
648 2914 921 2986 λαλούσης
948 2918 1019 2971 τὰ
1061 2918 1172 2974 τῶν
1201 2921 1534 2992 ἀνθρώπων,
1577 2925 1716 2994 μήτε
1744 2923 1950 2993 ὀφθαλ-

2051 2950 2228 3006 neque
2259 2912 2444 3004 lingua
2485 2949 2573 2990 res
2608 2935 2880 2991 humanas
2906 2935 3172 3006 loquitur,
3204 2951 3304 2992 nec
3332 2937 3474 2992 oculi
3511 2952 3633 2992 cor-

354 3005 483 3077 μῶν
509 3005 766 3078 εύχροίας
814 3008 1088 3081 σωμάτων
1136 3013 1232 3067 καὶ
1283 3017 1634 3086 συμμετρίας
1680 3034 1948 3089 περισκο-

2050 3042 2251 3101 porum
2285 3027 2501 3084 colores
2527 3035 2585 3084 et
2613 3033 2770 3098 aptas
2795 3005 3169 3084 membrorum
3222 3028 3632 3098 compactiones

348 3097 628 3167 πούντων,
657 3102 796 3172 μήτε
827 3102 998 3173 ἀκοῆς
1019 3102 1111 3158 τὸν
1130 3105 1282 3158 τόνον
1303 3106 1404 3176 τῆς
1431 3107 1615 3178 ψυχῆς
1643 3108 1951 3179 ὲκλυούσης

2053 3121 2639 3192 circumspiciunt,nee
2661 3134 2823 3175 aures
2847 3119 3012 3175 animi
3035 3120 3388 3177 intentionem
3414 3121 3634 3180 solvunt

349 3191 416 3242 ἀν
448 3191 712 3262 ἀκροάσει
743 3193 924 3264 μελῶν
953 3195 1090 3269 πρὸς
1119 3196 1318 3270 ἡδςνὴν
1356 3201 1773 3273 πεποιημένων,
1806 3202 1946 3274 μήτε

2053 3191 2342 3267 audiendis
2385 3211 2615 3268 canticis
2651 3213 2718 3266 ad
2769 3209 3104 3281 voluptatem
3157 3211 3475 3281 modulatis,
3537 3221 3633 3269 aut

352 3283 604 3354 ῥήμασιν
651 3286 1006 3358 εὐτραπέλων
1044 3292 1139 3346 καὶ
1167 3291 1506 3360 γελοιαστῶν
1557 3291 1889 3367 ἀνθρώπων,
1921 3294 1952 3350 δ

2057 3303 2223 3359 dictis
2251 3301 2576 3360 scurrilibus
2604 3311 2660 3358 et
2691 3302 2958 3373 ridiculis,
2986 3317 3096 3376 qua
3119 3318 3179 3360 re
3196 3303 3366 3358 animi
3401 3303 3635 3360 intentio

353 3379 603 3453 μάλιστα
633 3381 783 3436 λύειν
812 3383 910 3452 τῆς
937 3383 1125 3456 ψυχῆς
1156 3385 1251 3440 τὸν
1273 3386 1432 3442 τόνον
1464 3385 1736 3457 πέφυκεν.

1273 3386 1432 3442 τόνον
1464 3385 1736 3457 πέφυκεν.
2057 3394 2412 3467 languescere
2450 3394 2692 3452 maxime
2718 3396 2877 3454 solet.

433 3471 580 3536 Νοῦς
604 3474 704 3546 μέν
726 3476 836 3546 γὰρ
867 3478 944 3549 μὴ
974 3478 1239 3534 σκεδαννύ
1249 3497 1414 3550 μενος
1435 3481 1532 3535 ἐπὶ
1557 3482 1627 3536 τὰ
1656 3481 1783 3549 ἔξω,
1813 3481 1953 3554 μηδὲ

2135 3489 2289 3545 Mens
2314 3491 2462 3544 enim
2493 3503 2619 3544 cum
2650 3489 2717 3545 ad
2747 3505 2836 3547 res
2894 3497 3150 3548 externas
3179 3505 3289 3547 non
3312 3490 3632 3561 dissipatur,

354 3565 471 3620 ὑπὸ
515 3565 627 3620 τῶν
665 3568 1041 3641 αἰσθητηρίων
1078 3571 1173 3624 ἐπὶ
1202 3572 1296 3624 τὸν
1330 3571 1537 3644 κόσμον
1579 3573 1954 3647 διαχεόμενος,

2059 3595 2162 3637 nec
2211 3581 2266 3636 in
2317 3580 2582 3637 mundum
2636 3597 2733 3653 per
2767 3590 2948 3651 partes
3005 3584 3056 3638 in
3120 3583 3458 3655 quibus’siti
3506 3589 3638 3638 sunt

354 3659 618 3714 ἐπάνεισι
653 3660 754 3731 μὲν
803 3661 942 3729 πρὸς
970 3663 1189 3731 ἑαυτὸν,
1232 3663 1304 3719 δι’
1347 3664 1544 3720 ἑαυτοῦ
1575 3665 1635 3721 δὲ
1680 3669 1819 3740 πρὸς
1855 3667 1958 3740 τὴν

2060 3688 2261 3730 sensus
2294 3672 2643 3739 diffunditur,
2704 3674 2772 3732 ad
2823 3691 2882 3732 se
2934 3676 3050 3745 ipsa
3092 3677 3404 3741 revertitur,
3449 3689 3514 3730 ac
3541 3688 3641 3744 per

355 3755 496 3824 περὶ
546 3753 681 3806 Θεοῦ
725 3752 936 3808 ἔννοιαν
995 3756 1320 3811 ἀναϐαίνει·
1365 3759 1605 3830 κάκείνῳ
1643 3761 1722 3832 τῷ
1769 3762 1958 3816 κάλλει

2062 3783 2184 3825 sese
2215 3767 2282 3823 ad
2319 3766 2413 3823 Dei
2466 3768 2746 3822 notionem
2796 3768 3089 3836 ascendit;
3144 3776 3307 3838 atque
3365 3767 3456 3821 illa
3513 3765 3638 3836 pul-

359 3844 850 3916 περιλαμπόμενός
872 3865 932 3902 τε
955 3849 1053 3903 καὶ
1083 3850 1519 3924 ὲλλαμπόμενος,
1546 3856 1643 3910 καὶ
1665 3857 1836 3928 αὐτῆς
1857 3857 1959 3928 τῆς.

2062 3859 2378 3916 cbritudine
2402 3874 2528 3916 cum
2555 3859 3035 3916 circumlustratur
3066 3868 3230 3930 atque
3273 3857 3636 3922 illuminatur,

361 3935 587 4006 φύσεως
617 3937 791 4009 λήθην
838 3940 1129 4012 λαμϐάνει,
1168 3945 1309 4016 μήτε
1364 3945 1502 4017 πρὸς
1544 3949 1756 4020 τροφῆς
1791 3967 1960 4022 φρον-

2063 3954 2242 4023 ipsius
2277 3965 2496 4022 quoque
2555 3959 2766 4006 natura;
2817 3949 3188 4017 obliviscitur,
3236 3966 3346 4005 non
3394 3949 3640 4004 alimenti

360 4027 509 4094 τίδα,
541 4031 680 4100 μήτε
726 4033 864 4101 πρὸς
898 4034 1272 4104 περιϐολαίων
1318 4035 1616 4108 μέριμναν,
1645 4042 1742 4110 τὴν
1779 4039 1962 4112 ψυχὴν

2068 4059 2200 4101 cura
2227 4053 2323 4100 aut
2371 4042 2688 4100 vestimenti
2726 4042 2972 4097 animum
3020 4041 3344 4106 sollicitans,
3378 4038 3471 4097 sed
3502 4039 3643 4092 lme-

363 4119 769 4191 καθελκόμενος
788 4137 803 4154 ο
836 4123 975 4178 ἀλλά
1000 4126 1197 4197 σχολὴν
1226 4127 1334 4182 ἀπὸ
1359 4129 1471 4184 τῶν
1502 4125 1709 4200 γηΐνων
1736 4132 1961 4202 φροντί-

2064 4146 2184 4194 rata
2208 4137 2442 4194 terrenis
2465 4135 2614 4192 curis
2634 4151 2852 4191 omnem
2880 4150 3043 4191 suum
3071 4134 3311 4190 studium
3337 4131 3401 4187 ad
3425 4144 3645 4199 compa-

363 4212 479 4265 δων
534 4213 706 4281 ἄγων.
759 4216 860 4286 τὴν
913 4219 1098 4272 πᾶσαν
1152 4219 1350 4274 ἑαυτοῦ
1412 4223 1647 4296 σπουδὴν
1709 4225 1806 4279 ἐπὶ
1860 4227 1962 4297 τὴν

2067 4230 2238 4286 randa
2284 4229 2426 4284 bona
2505 4229 2841 4298 sempiterna
2887 4225 3170 4292 transfert,
3225 4239 3334 4293 quo
3383 4221 3641 4277 nimirum

364 4303 567 4373 κτῆσιν
608 4304 717 4361 τῶν
755 4307 990 4362 αίωνίων
1027 4309 1250 4377 ἀγαθῶν
1292 4311 1642 4383 μετατίθησι,
1676 4315 1794 4379 πῶς
1825 4332 1961 4370 κατ-

2066 4320 2482 4390 tcmperantiam
2532 4328 2586 4373 et
2637 4315 3035 4380 fortitudinem,
3067 4315 3338 4384 justitiam
3391 4319 3447 4368 et
3511 4324 3647 4381 pru-

365 4397 587 4468 ορθωθῇ
635 4399 784 4471 αὑτῷ
840 4401 875 4473 ἡ
915 4401 1244 4473 σωφροσύνη
1277 4403 1373 4457 καὶ
1411 4404 1444 4475 ἡ
1481 4403 1704 4475 ἀνδρία·
1742 4406 1864 4472 πῶς
1903 4408 1962 4463 δὲ

2067 4413 2332 4478 dentiam,
2359 4421 2412 4468 et
2442 4410 2680 4481 reliquas
2711 4411 2941 4466 virtutes
2978 4409 3178 4465 habeat
3207 4415 3262 4462 et
3300 4411 3572 4461 exerceat.
3647 4400 3650 4405 ’

367 4492 713 4562 δικαιοσύνη,
740 4494 838 4547 καὶ
880 4495 914 4566 ἡ
961 4495 1246 4566 φρόνησις,
1296 4497 1393 4553 καὶ
1422 4497 1480 4550 αἱ
1519 4496 1708 4560 λοιπαὶ
1741 4499 1958 4570 ἀρεταί.
1993 4562 2048 4570 -γ

445 4582 566 4654 Χρὴ
601 4600 655 4636 τι
697 4584 792 4637 καὶ
816 4562 1137 4656 ἡσυχάζειν,
1166 4562 1307 4640 ὥστε
1340 4586 1633 4653 άθολώτως
1700 4562 1964 4664 προσομι-
1993 4562 2048 4619 θ

2039 4562 2048 4595 ³
2144 4593 2412 4664 Tlteotogi.
2447 4591 2673 4658 Quietos
2710 4603 2812 4643 nos
2845 4600 2971 4643 esse
3018 4592 3251 4656 oportet,
3285 4589 3343 4637 ut
3375 4596 3481 4635 non
3526 4588 3643 4634 tur-

368 4677 488 4731 λεῖν
513 4675 591 4746 τῷ
619 4674 763 4745 Θεῷ,
812 4679 908 4732 καὶ
940 4679 1138 4750 μικρόν
1179 4694 1234 4733 τι
1279 4681 1540 4750 συνάγειν
1578 4685 1672 4739 τὸν
1698 4684 1824 4738 νοῦν
1856 4685 1968 4742 ἀπὸ

2070 4690 2293 4746 buleute
2323 4703 2446 4742 cum
2473 4686 2582 4742 Deo
2611 4684 3016 4754 colloquamur,
3061 4689 3120 4737 et
3165 4677 3444 4749 paululum
3485 4689 3643 4728 revo-

370 4768 485 4824 τῶν
514 4767 868 4826 πλανώντων.

2068 4795 2259 4838 cemus
2291 4787 2527 4835 mentem
2563 4777 2631 4834 ab
2661 4776 2730 4832 iis
2757 4789 2880 4848 quae
2913 4771 3190 4830 seducunt
3235 4779 3290 4826 et
3333 4767 3507 4824 errori
3561 4767 3643 4822 in-

1070 4884 1072 4886 ’
2068 4884 2313 4930 νοΙνυηι.

447 4951 736 5026 Τηροῦμεν
765 4954 866 5017 τὰς
915 4953 1163 5027 ἀλλήλων
1205 4955 1504 5028 ἁμαρτίας,
1554 4957 1662 5012 οὐδ’
1701 4958 1791 5014 ἵνα
1836 4957 1970 5032 θρη-

2068 4879 2313 4932 Volvunt.
3585 4879 3596 4884 -

2139 4969 2508 5024 Observamus
2531 4961 2764 5018 invicem
2805 4965 3012 5023 errata,
3047 4969 3156 5012 non
3191 4961 3250 5009 ut
3272 4951 3641 5023 deploremus,

357 5048 654 5117 _vﬁawp.ev,
701 5044 816 5098 ἀλλ’
860 5044 950 5098 ἵνα
994 5047 1374 5118 όνειδίσωμεν,
1416 5049 1526 5103 οὐδ’
1561 5050 1649 5104 ἵνα
1696 5050 1961 5122 θεραπεύ-

2068 5063 2162 5120 sed
2189 5068 2247 5115 ut
2287 5057 2681 5128 exprobremus
2713 5069 2729 5109 :
2764 5066 2867 5108 nec
2897 5059 2960 5106 ut
3004 5063 3283 5112 sanemus,
3325 5045 3419 5102 sed
3474 5053 3530 5097 ut
3559 5043 3644 5098 iu-

281 5205 284 5208 .
377 5153 585 5208 σωμεν,
639 5137 755 5191 ἀλλ’
812 5137 904 5194 ἵνα
952 5140 1435 5212 ζπροσπλὴξωμεν,
1505 5142 1600 5196 καὶ
1664 5142 1885 5212 ἀπολογι

2068 5167 2233 5222 super
2262 5148 2649 5204 vulneremus:
2683 5152 2736 5199 et
2759 5158 2857 5214 pro
2875 5139 3189 5196 defensione
3217 5149 3529 5196 nostrorum
3566 5137 3645 5190 vi-

378 5231 597 5300 έχωμεν
629 5230 739 5284 τῶν
773 5231 1061 5303 ἡμετέρων
1093 5231 1278 5287 κακῶν
1302 5235 1375 5288 τὰ
1401 5233 1511 5289 τῶν
1537 5234 1772 5305 πλησίον
1797 5233 1964 5304 τραύ-

2085 5242 2272 5297 ,ἰοι-υιῐι
2299 5237 2570 5294 habemus
2599 5234 2973 5307 proximorum
2997 5229 3247 5286 vulnera.
3674 5252 3689 5310 ε

463 5340 548 5378 τα.

463 5339 548 5378 τα.

381 5339 530 5472 μαἮ
576 5416 892 5488 ἀπράγμων
927 5417 1129 5490 ἡσυχία
1164 5417 1261 5489 τῆς
1298 5418 1358 5472 ἐν
1391 5419 1689 5491 πράγμασι
1729 5435 1970 5492 περιφα-

2129 5404 2360 5488 ’ϐτεθοικ
2397 5413 2666 5486 Nysseni;
2699 5409 2836 5466 Nili.
2875 5410 3061 5466 Otiosa
3099 5409 3253 5480 quies
3304 5408 3477 5478 pluris
3503 5405 3648 5463 testi-

366 5507 530 5574 ‘veia;
559 5511 887 5582 τιμιωτέρα.

2070 5513 2293 5580 manda,
2328 5524 2494 5580 quam
2523 5507 2868 5574 negotiorum
2905 5503 3137 5559 illustris
3166 5503 3437 5557 tractatio.

453 5604 578 5666 Bio;
610 5603 836 5675 ἡσύχως
877 5603 1183 5675 χρημάτων
1223 5603 1437 5658 πολλῶν
1475 5605 1968 5676 περιφανέστερος.

1937 5620 1968 5662 τ.
2142 5601 2264 5658 Vita
2293 5604 2476 5673 quieta
2512 5599 2700 5654 multis
2728 5597 2977 5669 pecuniis
3023 5594 3398 5666 anteponenda
3436 5598 3541 5646 est.

465 5694 755 5762 Ἐπίπονος
809 5700 920 5760 τοῖς
964 5696 1161 5751 νεωστὶ
1182 5697 1648 5767 ἀποτασσομένοις
1679 5699 1712 5767 ἡ
1743 5698 1966 5768 ἡσυχία.

2145 5697 2430 5752 Molestum
2465 5693 2533 5748 iis
2562 5692 2654 5762 qui
2679 5705 2872 5747 recens
2923 5694 3292 5749 secesserunt,
3339 5685 3507 5738 otium
3539 5685 3648 5747 est,

390 5785 520 5840 Τότε
552 5787 661 5856 γὰρ
685 5788 879 5858 καιρδν
909 5784 1152 5841 λαϐοῦσα
1183 5786 1216 5858 ἡ
1248 5786 1462 5858 μνήμη,
1501 5785 1684 5839 πᾶσαν
1720 5785 1972 5839 ἀνακινεῖ

2073 5787 2221 5859 quod
2273 5793 2406 5840 tunc
2455 5782 2801 5838 occasionem
2856 5786 3018 5835 nacta
3071 5776 3368 5841 memoria,
3430 5786 3648 5828 onmem

392 5877 485 5950 τὴν
508 5878 838 5953 ὲγκειμένην
858 5879 1228 5952 ἀκαθαρσίαν,
1251 5879 1311 5934 ού
1335 5877 1679 5973 σχολάζομὲα
1699 5877 1974 5973 πρότερον

2071 5878 2271 5952 repetit
2299 5884 2355 5936 et
2389 5882 2568 5934 movet
2609 5873 2830 5936 insitam
2863 5869 3284 5935 immunditiem,
3331 5880 3457 5923 cum
3489 5873 3650 5921 antea

1570 5962 1662 5984 ﬁ
