4062 6424
423 392 567 460 ιινι

1686 385 2006 449 ANTONII
2033 387 2381 450 MELISSIE

3560 388 3699 453 1192

425 504 495 560 ad
549 503 604 560 id
651 503 957 559 iaciendum
1041 504 1281 573 spatium
1326 513 1437 555 non
1489 498 1739 564 haberet,
1782 506 2008 569 propter

2138 503 2268 556 οὖτο
2294 502 2486 568 ποιεῖν,
2507 501 2595 556 διὰ
2626 500 2687 556 τὸ
2714 499 2918 574 πλῆθος
2943 499 3053 555 τῶν
3079 499 3484 573 περισπώντων
3514 519 3713 573 πραγε

425 597 835 653 multitudinem
889 594 1311 650 distrahentium
1347 593 1710 663 negotiorum.

498 686 729 759 Sapiens
755 685 992 755 quietem
1021 693 1077 740 et
1100 685 1273 740 otium
1320 682 1694 754 persequitur,
1729 689 1789 735 ut
1812 696 1996 736 rerum

421 780 731 839 divinarum
757 785 1066 849 opportune
1086 790 1309 846 compos
1336 775 1451 831 ﬁat.
1476 774 1710 844 Sapiens
1734 774 2000 844 demigrat

422 879 478 924 et
532 867 830 936 transfugit
880 883 910 923 ε
965 867 1076 923 vita
1124 865 1368 922 confusa
1439 875 1496 921 et
1557 863 1875 935 perturbata
1928 864 1999 921 ad

419 963 631 1019 beatam
664 961 829 1016 vitam
858 969 914 1018 et
946 959 1187 1032 paciﬁcis
1211 958 1653 1015 convenientem.

494 1052 607 1110 Res
634 1052 881 1124 proiecto
906 1060 1169 1109 constans
1199 1060 1253 1108 et
1288 1066 1412 1106 vera
1446 1050 1664 1107 exsistit
1689 1050 1999 1122 sapientia';

425 1147 522 1216 qui
553 1155 703 1202 amat
732 1146 879 1201 illam
924 1145 1141 1215 sapiens
1176 1142 1429 1209 exsistit;
1463 1156 1705 1214 cumque
1744 1142 1870 1198 talis
1902 1142 1994 1208 sit,

426 1246 609 1292 tamen
641 1252 745 1293 nos
776 1237 1057 1308 improbos
1112 1234 1362 1306 praeterit
1387 1247 1404 1289 :
1432 1234 1635 1289 bouum
1683 1233 1828 1290 enim
1862 1233 2003 1289 male

420 1329 743 1386 comitatum
777 1344 900 1385 esse
938 1344 1046 1384 non
1079 1327 1218 1384 vult.

493 1419 752 1475 Socratis.
790 1419 1046 1474 Socrates
1098 1418 1512 1488 interrogatus,
1571 1414 1667 1487 qui
1723 1415 1844 1470 sine
1880 1428 2007 1486 per-

420 1511 738 1567 turbatione
792 1511 1038 1566 viverent
1073 1524 1088 1563 :
1143 1507 1271 1576 Qui,
1314 1507 1515 1579 inquit,
1542 1506 1679 1562 nihil
1717 1505 1823 1564 sibi
1869 1520 2006 1563 con-

424 1601 610 1657 sciunt
649 1600 798 1655 mali.

494 1694 656 1767 235
690 1693 973 1764 Aristippi.
1028 1693 1339 1765 Aristippus
1395 1708 1520 1771 cum
1552 1683 1778 1765 quidam
1812 1691 1865 1748 ei
1897 1688 2006 1746 ob-

418 1791 639 1862 iiceret,
678 1807 742 1845 ac
767 1792 1006 1847 diceret:
1032 1791 1261 1862 Pr0pter
1291 1801 1344 1847 te
1370 1807 1499 1863 ager
1529 1792 1728 1865 periit;
1764 1790 1845 1845 An
1873 1802 2005 1854 non,

2108 595 2315 665 μάτων.

2163 686 2224 739 '0
2248 685 2413 755 σοφὸς
2430 684 2667 756 ἠρεμίαν
2685 685 2780 739 καὶ
2800 683 3233 757 ἀπραγμοσύνην
3251 683 3460 748 διώκει,
3480 685 3571 739 ῖνα
3586 684 3722 763 τῶν,

2101 776 2261 831 θείων
2292 776 2350 831 ἑν
2378 776 2629 849 εὐκαιρίᾳ
2650 777 2908 848 ἐπιτύχῃ.
2932 776 3103 845 Σοφὸς
3130 775 3379 848 μέτοικος
3402 776 3498 830 καὶ
3527 792 3703 848 μετα-

2101 867 2301 940 νάστης
2332 867 2482 923 ἐστὶν
2515 870 2579 924 ἑκ
2606 868 2702 923 τοῦ
2731 867 3082 940 πεφυρμένου
3131 867 3248 940 βίου
3278 871 3419 941 πρὸς
3446 871 3547 943 τὴν
3588 888 3708 944 μα-

2101 958 2303 1030 καρίαν
2338 960 2433 1015 καὶ
2461 959 2756 1034 είρηναίοις
2781 959 3100 1032 πρέπουσαν
3127 960 3298 1033 ζωήν.

2182 1078 2343 1131 Ἐστι
2373 1076 2474 1148 μὲν
2502 1077 2785 1149 ύπαρκτδν
2807 1076 3046 1147 πρᾶγμα
3081 1077 3277 1148 σοφίας
3298 1094 3314 1112 ο
3367 1078 3486 1134 ἑστι
3510 1080 3569 1135 δὲ
3599 1082 3710 1136 καὶ

2105 1169 2135 1223 δ
2164 1167 2402 1239 ἑραστὴς
2447 1168 2620 1236 αὐτῆς
2671 1167 2855 1239 σοφός.
2903 1167 3188 1238 ’Υπάρχον
3228 1167 3286 1222 δὲ
3326 1169 3503 1240 ὅμως,
3544 1173 3711 1242 ἡμᾶς

2102 1258 2233 1324 τοὺς
2277 1258 2519 1330 φαύλους
2582 1259 2896 1331 διελήλυθεν
2919 1273 2935 1291 ·
2969 1258 3177 1328 ἀγαθὸν
3220 1261 3331 1332 γὰρ
3390 1262 3492 1318 οὐκ
3524 1262 3711 1318 ἑθέλει

2104 1352 2300 1416 κακοῖς
2330 1350 2715 1422 συνέρχεσθαι.

2176 1442 2478 1515 Σωκράτης
2530 1443 2835 1517 ἑρωτηθεὶς
2875 1446 3025 1513 τίνες
3071 1447 3367 1519 ἀταράχως
3409 1448 3599 1518 ζῶσιν,
3634 1450 3709 1505 οι

2107 1531 2279 1605 μηδεν
2308 1533 2545 1601 ἑαυτοῖς,
2582 1528 2759 1602 εἶπεν,
2804 1534 3014 1591 ἄτοπον
3048 1537 3379 1601 συνειδότες.

2189 1690 2567 1763 ’Δρίστιππος,
2598 1690 2854 1761 λέγοντος
2881 1692 3030 1765 αὐτῷ
3054 1710 3223 1759 τινος,
3252 1694 3353 1751 Διά
3384 1694 3446 1755 σὲ
3481 1695 3707 1751 ἀπόλω-

2109 1781 2202 1837 λεν
2251 1784 2280 1836 ό
2333 1782 2545 1853 ἀγρὸς,
2603 1781 2841 1852 Οὐκοῦν,
2873 1783 3001 1856 ἔφη,
3056 1783 3278 1840 κάλλιον
3328 1784 3399 1840 δι’
3452 1785 3556 1856 εμὲ
3611 1785 3714 1839 τὸν

422 1880 622 1951 inquit,
654 1882 856 1937 melius
908 1898 995 1938 me
1038 1892 1264 1955 propter
1306 1898 1527 1956 agrum,
1572 1898 1738 1955 quam
1787 1888 2009 1955 propter

2138 1874 2341 1947 ιγρδνῆ
2373 1874 2463 1931 διὰ
2487 1873 2579 1929 τὸν
2608 1874 2778 1946 ἀγρὸν
2808 1875 2908 1947 ἑμέ
2936 1891 2953 1944 ;

423 1989 513 2030 me
538 1989 729 2046 agrum
765 1974 987 2045 perire?

501 2068 897 2125 Demosthenes
932 2082 1059 2124 cum
1096 2068 1325 2139 quidam
1378 2068 1589 2125 diceret
1640 2083 1767 2125 eum
1816 2081 2009 2140 agrum

423 2160 724 2231 negligere,
762 2162 942 2233 ipsum
996 2175 1178 2217 autem
1216 2176 1276 2217 se
1320 2177 1515 2217 curare
1548 2178 1563 2216 :
1598 2160 1675 2216 Ea
1720 2160 1891 2226 enim,
1927 2160 2016 2216 in-

423 2254 569 2323 quit,
598 2269 734 2310 curo
762 2265 986 2326 propter
1020 2271 1144 2325 quae
1176 2270 1363 2325 agrum
1399 2270 1738 2327 comparavi.

499 2345 753 2403 Severini.
797 2349 1083 2405 Thaletem
1132 2351 1187 2404 in
1242 2349 1442 2404 caelum
1492 2347 1925 2417 suspieientem.
1961 2353 2019 2402 et

426 2435 643 2505 lapsum
675 2436 727 2490 in
758 2436 1079 2494 barathrum
1110 2439 1310 2495 ancilla
1351 2439 1693 2509 conspicata,
1736 2437 1929 2494 merito
1961 2436 2017 2494 id

424 2528 503 2583 illi
531 2526 795 2584 accidisse
832 2529 1068 2599 dicebat,
1104 2531 1220 2603 qui,
1251 2547 1378 2587 cum
1408 2546 1526 2601 quae
1555 2537 1684 2585 ante
1710 2531 1873 2600 pedes
1924 2542 2016 2585 es-

426 2629 552 2678 sent
594 2622 896 2695 ignoraret,
930 2624 1131 2681 caelum
1177 2624 1645 2695 contemplaretur
1697 2632 1758 2679 ut
1806 2638 2015 2695 cogno—

426 2724 631 2772 ερρτει.

502 2805 767 2863 Euclidis.
799 2807 1004 2865 Valens
1033 2815 1262 2880 aegrotat
1293 2810 1475 2867 omnis
1507 2810 1783 2878 curiosus,
1835 2808 2016 2866 aliena

426 2900 666 2956 sollicite
691 2918 917 2959 curans.

497 2992 858 3050 Demonactis.
896 2993 1033 3049 Cum
1069 2992 1290 3066 quidam
1339 2994 1713 3066 exquirerent,
1740 3010 1807 3051 an
1850 3012 2014 3053 mun-

428 3083 534 3139 dus
571 3093 719 3140 esset
754 3086 1048 3150 animatus,
1089 3095 1145 3143 et
1194 3101 1410 3152 rursus,
1445 3102 1513 3142 an
1549 3087 1808 3158 globosus
1838 3106 1853 3144 :
1883 3088 2014 3157 Vos,

2186 2051 2570 2124 Δημοσθένης,
2596 2052 2854 2123 λέγοντος
2890 2052 3040 2125 αὐτῷ
3068 2069 3235 2120 τινος,
3263 2053 3346 2109 ὅτι
3391 2052 3502 2110 Τοῦ
3531 2053 3715 2126 ἀγροῦ

2116 2141 2381 2213 ἀμελεῖς,
2408 2141 2589 2213 ἑαυτῷ
2631 2142 2691 2197 δὲ
2740 2142 3047 2213 σχολάζεις,
3110 2144 3334 2200 Τούτων
3391 2146 3525 2217 γάρ,
3574 2144 3714 2217 ἔφη,

2116 2232 2510 2306 ἑπιμελοῦμαι,
2537 2233 2607 2289 δι’
2630 2231 2708 2291 ὧν
2738 2238 2835 2290 καὶ
2862 2236 2956 2291 τὸν
2986 2235 3160 2307 ἀγρὸν
3185 2237 3531 2309 ἑκτησάμην.

2183 2323 2367 2395 Θάλην
2391 2324 2473 2388 είς
2503 2324 2593 2379 τὸν
2624 2324 2855 2395 οὐρανὸν
2881 2325 3096 2398 δρῶντα
3126 2326 3225 2382 καὶ
3278 2327 3596 2398 ἐμπεσόντα
3622 2328 3713 2393 είς

2119 2412 2399 2487 βάραθρον
2428 2413 2741 2487 θεράπαινα
2766 2415 3077 2489 θεωροῦσα,
3111 2417 3302 2473 δίκαια
3342 2417 3539 2473 παθεῖν
3565 2418 3676 2488 ἔφη
3693 2459 3715 2488 ,

2118 2506 2180 2573 ὃς
2207 2508 2277 2562 τὰ
2316 2508 2472 2579 παρὰ
2507 2511 2671 2565 ποσὶν
2702 2509 2940 2581 ἀγνοῶν,
2981 2510 3050 2566 τά
3093 2510 3155 2566 ἑν
3197 2510 3415 2584 οὐρανῷ
3457 2510 3714 2568 ἑσκόπει.

2201 2816 2501 2888 ’Υγιαίνων
2553 2818 2705 2873 νοσεῖ
2736 2818 2847 2885 πάς
2900 2816 3218 2891 περίεργος,
3266 2820 3297 2874 ό
3339 2819 3411 2873 τὰ
3449 2817 3717 2890 ἀλλότρια

2117 2908 2619 2980 πολυπραγμονῶν.

2193 3002 2408 3057 ’Δλλων
2453 3001 2823 3068 ἑξεταζόντων
2874 3003 2925 3059 εί
2966 3003 2996 3059 ό
3042 3003 3251 3070 κόσμος
3294 3002 3562 3077 ἔμψυχος,
3612 3007 3719 3061 καὶ

2118 3092 2278 3159 αὖθις
2323 3094 2374 3149 εί
2421 3094 2793 3167 σφαιροειδὴς,
2837 3096 3053 3167 Ὑμεῖς,
3086 3090 3211 3151 εἷπε
3244 3096 3541 3166 Δημῶναξ,
3578 3096 3723 3167 περὶ

425 3174 608 3243 inquit
629 3174 933 3243 Demonax,
952 3176 1019 3231 de
1046 3178 1251 3233 mundo
1272 3177 1496 3234 solliciti
1521 3180 1678 3245 estis,
1705 3187 2012 3238 atvestram

429 3266 674 3294 ζημίη-...ιη
708 3267 1109 3294 2M.u.....lh2n.~.
1145 3283 1249 3294 ..Α-
1289 3270 1493 3294 -..--ι2-

2138 3187 2223 3241 εὲν
2278 3187 2374 3243 τοῦ
2422 3190 2635 3259 κόσμου
2680 3189 3199 3262 πολυπραγμονεῖτε
3228 3192 3265 3261 ,ε
3291 3192 3422 3263 περὶ
3487 3191 3578 3276 δὲ-
3608 3191 3720 3262 τῆς

429 3266 675 3340 ipsorum
708 3267 1110 3331 immunditiem
1144 3283 1251 3324 non
1286 3270 1515 3327 curatis.

756 3358 990 3416 SERMO
1023 3359 1265 3417 LXXVII
1302 3363 1402 3435 [αι.
1436 3361 1701 3438 XXXVI].

571 3451 649 3508 De
682 3453 1013 3523 negotiorum
1045 3454 1404 3510 sollicitudine
1432 3465 1483 3511 et
1512 3457 1874 3514 distractione.

500 3542 635 3599 Tota
666 3534 816 3613 impii
847 3544 955 3601 vita
986 3545 1040 3600 in
1077 3547 1452 3603 sollicitudine
1483 3555 1588 3603 est.

498 3632 620 3691 Job.
657 3633 758 3691 Odi
790 3636 1046 3707 equidem
1074 3638 1391 3694 universum
1420 3639 1693 3707 laborem,
1731 3655 1893 3710 quem
1914 3640 2017 3699 sub

425 3726 545 3782 sole
582 3729 846 3793 sustineo,
879 3728 1010 3802 quia
1075 3729 1331 3799 relinquo
1372 3745 1499 3786 eum
1546 3741 1672 3803 post
1716 3747 1804 3787 me
1836 3733 2018 3790 futuro

429 3817 637 3874 heredi
674 3827 774 3875 :et
798 3819 931 3891 quis
986 3820 1140 3876 novit
1185 3821 1479 3893 sapiensne
1522 3837 1591 3877 an
1626 3823 1895 3895 insipiens
1926 3824 2015 3880 fu-

425 3919 588 3966 turus
617 3912 731 3966 sit?

503 4004 758 4059 Peccanti
790 4004 940 4061 dedit
982 4003 1278 4060 distentam
1313 4005 1649 4060 anxietatem
1694 4008 1927 4080 augendi
1962 4018 2018 4066 et

430 4097 820 4164 eoaeervandi,
854 4105 917 4152 ut
946 4096 1039 4153 det
1061 4095 1211 4152 bono
1235 4096 1293 4152 in
1326 4105 1625 4166 conspectu
1655 4095 1773 4155 Dei.

510 4267 677 4325 Eccli.
709 4285 778 4326 tv.
809 4270 942 4338 ‘Fili.
972 4270 1059 4328 l'ac
1089 4286 1159 4328 ne
1188 4272 1355 4330 variis
1393 4272 1703 4331 actionibus
1740 4274 2018 4331 distraha-

432 4357 529 4413 ris.
561 4358 619 4413 Si
648 4360 795 4415 enim
824 4370 1021 4418 auctus
1044 4361 1241 4429 fueris,
1270 4379 1376 4419 non
1430 4364 1542 4421 eris
1598 4364 1866 4433 innocens
1888 4383 1903 4421 :
1925 4368 2020 4439 qui

431 4448 678 4519 sequitur
714 4462 1010 4521 quaestum,
1048 4453 1417 4525 implicabitur
1443 4456 1656 4516 litibus.

503 4542 613 4598 Cor
651 4544 986 4601 malitiosum
1017 4547 1341 4603 onerabitur
1370 4548 1676 4607 laboribus.

502 4631 633 4690 Luc.
667 4650 778 4690 xxv.
808 4633 983 4693 Homo
1028 4636 1256 4708 quidam
1288 4638 1418 4696 fecit
1447 4655 1663 4697 coenam
1711 4656 1965 4714 magnam
1992 4683 2010 4711 ,

430 4726 747 4797 multosque
798 4727 1033 4795 vocavit,
1085 4736 1141 4785 et
1186 4729 1337 4785 misit
1385 4747 1606 4789 servum
1658 4748 1819 4790 suum
1878 4735 2013 4791 hora

428 4832 628 4895 quinae,
659 4819 751 4888 qui
796 4817 1017 4887 iuberet
1063 4820 1323 4879 invitatos
1353 4823 1561 4892 venire,
1594 4825 1741 4895 quod
1780 4825 1894 4897 jam
1922 4840 2017 4897 pa-

431 4918 548 4965 rata
576 4918 768 4966 essent
800 4912 1006 4967 omnia.
1040 4911 1110 4967 Et
1140 4922 1428 4983 coeperunt
1473 4915 1677 4984 pariter
1718 4931 1914 4974 omnes
1957 4930 2018 4973 se

428 5017 728 5071 excusare;
760 5017 826 5058 ac
854 5003 1067 5073 primus
1116 5005 1257 5060 dixit
1288 5020 1348 5062 se
1392 5021 1582 5078 agrum
1641 5008 1863 5074 eruisse,
1907 5016 2016 5066 etc.

435 5089 569 5146 Dico
599 5091 772 5159 vobis,
803 5092 1081 5148 neminem
1113 5093 1336 5151 illorum
1366 5094 1435 5153 de
1466 5110 1626 5154 omna
1670 5111 1789 5154 mea
1826 5107 2018 5169 gusta-

433 5189 641 5237 turum.

508 5271 750 5343 Philipp.
782 5288 841 5328 n.
878 5271 1080 5332 Omnes
1117 5275 1186 5334 de
1217 5277 1334 5333 suis
1370 5278 1536 5336 rebus
1568 5280 1795 5338 solliciti
1845 5292 1977 5340 sunt
2000 5325 2018 5352 ,

435 5379 545 5421 non
573 5364 641 5420 de
664 5364 733 5422 iis
772 5380 892 5435 quae
922 5368 1197 5437 pertinent
1229 5369 1297 5425 ad
1331 5369 1635 5428 Christum.

512 5453 575 5512 S.
602 5456 819 5513 Basilii.
838 5457 983 5513 Fieri
1007 5474 1115 5515 non
1146 5468 1342 5531 potest.
1369 5470 1432 5517 ut
1454 5464 1697 5533 potiatur
1715 5464 1915 5536 aliquis
1942 5466 2020 5521 la-

443 5547 662 5605 boriosa
690 5563 874 5604 rerum
902 5549 1215 5605 divinarum
1246 5552 1624 5619 meditatione,
1671 5554 1815 5612 inter
1849 5557 2021 5614 animi

443 5639 831 5695 distractiones
878 5645 936 5694 et
1003 5641 1396 5712 occupationes
1450 5658 1634 5700 rerum
1688 5643 1756 5699 ad
1814 5644 2021 5702 vietum

440 5728 851 5800 pertinentium.

519 5819 592 5876 Ut
620 5819 680 5877 in
714 5820 936 5887 speculo
985 5837 1096 5880 non
1141 5833 1432 5893 repurgato
1461 5825 1610 5884 cerni
1646 5842 1755 5885 non
1791 5838 2019 5900 possunt

2114 3280 2327 3336 ἑαυτῶν
2354 3282 2626 3356 ἀκοσμίας
2645 3285 2710 3340 ού
2739 3284 3085 3357 φροντίζετε.

2718 3376 2947 3431 ΛΟΓΟΣ
2980 3374 3102 3433 OZ'.

2115 3465 2261 3534 Περὶ
2324 3466 2607 3537 συνοχῆς
2659 3467 3023 3539 πραγμάτων
3093 3468 3197 3524 καί
3252 3468 3717 3541 περισπασμοῦ.

2186 3557 2303 3621 Πᾶς
2332 3560 2361 3612 ό
2384 3557 2500 3628 βίος
2533 3558 2767 3625 ἀσεϐοῦς
2792 3562 2850 3615 ἑν
2880 3561 3145 3632 φροντίδι.

2202 3649 2477 3721 Ἐμίσησα
2528 3649 2643 3720 ἑγὼ
2704 3653 3003 3723 σύμπαντα
3062 3654 3264 3726 μόχθον
3311 3670 3440 3724 μου,
3489 3653 3552 3709 δν
3596 3652 3718 3723 ἑγὼ

2121 3740 2311 3810 μοχθῶ
2342 3741 2449 3797 ὑπὸ
2492 3742 2587 3797 τδν
2616 3742 2804 3814 ἥλιον*
2857 3743 2942 3798 ὅτι
2974 3744 3182 3817 ἀφίημι
3216 3744 3381 3800 αὐτὸν
3430 3745 3718 3818 ἀνθρώπῳ

2121 3828 2201 3902 τῷ
2238 3830 2358 3903 μετ’
2390 3832 2493 3904 ἑμέ
2512 3849 2527 3865 ο
2557 3837 2652 3889 καὶ
2675 3834 2762 3900 τίς
2792 3830 2935 3893 εἶδεν
2961 3837 3011 3891 εί
3040 3837 3206 3908 σοφὸς
3231 3837 3384 3893 ἔσται
3411 3839 3445 3909 ἢ
3480 3839 3715 3911 ἀφρων;

2194 4009 2287 4081 Τῷ
2324 4009 2698 4081 ἁμαρτάνοντι
2717 4012 2884 4067 ἔδωκε
2913 4015 3297 4085 περισπασμδν
3326 4014 3421 4071 τοῦ
3456 4016 3719 4086 προσθεῖ-

2122 4120 2212 4157 ναι
2247 4103 2345 4158 καὶ
2372 4101 2471 4156 τοῦ
2517 4106 2872 4175 συναγαγεῖν,
2901 4105 2995 4159 τοῦ
3024 4105 3209 4163 δοῦναι
3251 4107 3332 4179 τῷ
3376 4107 3567 4179 ἀγαθῷ
3599 4108 3714 4179 πρὸ

2123 4194 2420 4267 προσώπου
2454 4195 2549 4251 τοῦ
2577 4195 2737 4256 Θεοῦ,

2198 4286 2426 4353 Τέκνον,
2460 4288 2540 4359 μὴ
2578 4290 2711 4358 περὶ
2750 4287 2924 4343 πολλά
2966 4286 3215 4343 ἔστωσαν
3239 4289 3296 4342 αἱ
3332 4288 3561 4359 πράξεις
3588 4306 3711 4345 σου.

2136 4377 2263 4432 Ἐὰν
2302 4378 2413 4449 γάρ
2453 4379 2759 4452 πληθύνῃς,
2789 4379 2891 4435 οὐκ
2936 4379 3115 4445 ἀθῶος
3141 4378 3264 4452 ἔσῃ.
3296 4380 3517 4436 Διὼκων
3544 4383 3715 4453 ἐργο-

2121 4468 2348 4526 λάὸειαν
2379 4472 2707 4543 ἐμπεσεῖται
2734 4474 2816 4537 είς
2840 4472 3077 4544 κρίσεις.

2044 4572 2093 4632 υ
2192 4561 2409 4632 Καρδία
2444 4563 2659 4635 πονηρά
2690 4562 3092 4636 βαρυνθήσεται
3122 4568 3327 4632 πόνοις.

2191 4653 2517 4725 Ἄνθρωπός
2546 4672 2631 4719 τις
2651 4655 2879 4727 ἑποίησε
2909 4656 3127 4713 δεῖπνον
3161 4658 3327 4729 μὲγα,
3353 4657 3450 4713 καὶ
3482 4657 3717 4713 ἐκάλεσε

2116 4743 2369 4812 πολλοὺς,
2431 4745 2524 4800 καὶ
2560 4746 2853 4801 ἀπέστειλε
2905 4747 2998 4801 τὸν
3042 4748 3233 4803 δοῦλον
3271 4749 3439 4805 αὐτοῦ
3485 4752 3551 4819 τῇ
3588 4749 3719 4823 ὥρᾳ

2115 4834 2213 4888 τοῦ
2248 4834 2490 4903 δείπνου,
2540 4836 2721 4891 εἰπεῖν
2754 4839 2869 4903 τοῖς
2913 4838 3277 4911 κεκλημένοις
3316 4840 3597 4912 ἔρχεσθαι,
3628 4841 3718 4895 ὅτι

2118 4927 2318 5000 ἕτοιμά
2364 4931 2483 4984 ἑστι
2528 4928 2731 4985 πάντα.
2774 4929 2889 4984 Καὶ
2928 4930 3166 5002 ἤρξαντο
3211 4931 3321 4986 ἀπὸ
3352 4933 3486 5002 μιᾶς
3512 4947 3719 5000 παραι-

2119 5019 2333 5075 τεῖσθαι
2364 5021 2567 5087 πάντες
2587 5037 2603 5054 ο
2646 5022 2677 5075 ό
2705 5021 2924 5094 πρῶτος
2951 5018 3108 5078 εἶπεν
3135 5022 3311 5092 αὐτῷ,
3350 5022 3550 5093 Ἀγρδν
3583 5023 3716 5092 ἠγό-

2120 5125 2305 5186 ρασα⁶
2362 5113 2460 5168 καὶ
2508 5114 2581 5169 τά
2629 5114 2817 5171 λοιπά.
2851 5114 3013 5185 Λέγω
3062 5114 3191 5186 ύμῖν
3241 5115 3327 5169 ὅτι
3372 5115 3552 5179 οὐδεὶς
3606 5116 3717 5170 τῶν

2119 5204 2332 5274 ἀνδρῶν
2363 5206 2587 5261 ἐκείνων
2614 5206 2869 5275 γεύσεταί
2901 5224 3007 5279 μου
3035 5205 3132 5261 τοῦ
3159 5206 3406 5262 δείπνου.

2190 5296 2258 5353 Οί
2286 5298 2492 5364 πάντες
2511 5299 2584 5353 τά
2612 5298 2829 5354 ἑαυτῶν
2862 5298 3234 5372 μεριμνῶσιν,
3260 5299 3325 5353 ού
3357 5298 3427 5355 τά
3459 5299 3552 5354 τοῦ
3580 5300 3718 5371 Χρι-

2123 5405 2275 5445 στου.

2200 5479 2292 5535 Ἐν
2333 5482 2447 5544 τοῖς
2478 5479 2698 5535 ἑλκουσι
2741 5480 2842 5552 τὴν
2870 5481 3074 5553 ψυχὴν,
3115 5484 3211 5539 καὶ
3235 5482 3495 5555 ἀσχολίας
3528 5483 3721 5556 βιωτι-

2123 5570 2227 5635 κάς
2256 5570 2583 5643 ἑμποιοῦσι,⁹
2601 5573 2991 5644 περιγενέσθαι
3032 5574 3132 5646 τῆς
3181 5575 3448 5631 ἐπιπόνου
3475 5576 3718 5649 μελέτης

2121 5665 2232 5719 τῶν
2251 5663 2347 5718 τοῦ
2382 5662 2519 5719 Θεοῦ
2549 5664 2854 5737 ἀμήχανον.

2192 5827 2330 5885 Οὔτε
2377 5829 2675 5904 κατόπτρῳ
2725 5831 2971 5902 ῥυπῶντι
3030 5831 3258 5891 δυνατόν
3309 5835 3417 5891 τῶν
3461 5835 3719 5898 εἰκόνων.
