4062 6412
471 403 605 470 1193

466 724 638 772 ματος
679 713 776 781 τῆς
827 718 1031 786 σαρκὸς
1081 723 1517 798 ἐπισκοτουμὲνῃ

464 800 826 867 ὑποδέξασθαι
847 808 944 870 τὰς
973 811 1066 863 τοῦ
1094 813 1250 880 ἁγίου
1277 818 1598 886 Πνεύματος
1621 820 1938 892 ἐλλάμψεις.

533 892 747 966 Ὥσπερ
768 895 1051 971 ὀφθαλμὸν
1083 907 1486 977 περιαγόμενον
1522 914 1783 981 συνεχῶς,
1815 915 1914 968 καὶ
1943 915 2040 969 νῦν
2123 921 2125 923 ’

1176 422 1347 484 LOCI
1385 426 1827 494 COMMUNES.
1861 433 2150 498 -PARS
2178 439 2266 506 II.
2317 447 2572 516 SERMO
2602 457 2928 522 LXXVIII.

467 521 719 586 δέξασθαι
753 529 851 591 τὰς
897 531 1192 602 ἐμφάσεις,
1235 537 1361 592 οὔτε
1391 541 1536 613 ψυχῇ
1591 547 1711 609 ταῖς
1761 547 2040 618 βιωτικαῖς

402 673 413 684 ο
468 619 874 695 προσκλωμένῃ
931 628 1248 698 μερίμναις,
1308 637 1402 690 καὶ
1448 639 1562 699 τοῖς
1607 639 1674 690 ὲκ
1717 641 1809 693 τοῦ
1847 645 2048 711 φρονήο

3597 467 3732 532 1194

2075 554 2117 610 Α
2147 556 2442 632 imaginum
2471 572 2682 637 species
2717 588 2730 626 :
2758 575 2842 629 sic.
2872 577 3091 632 animus
3129 581 3277 636 curis
3307 582 3484 638 victus
3513 583 3728 651 afﬁxus,

2147 661 2204 706 et
2233 660 2757 730 perturbationibus,
2795 686 2916 739 quae
2947 687 2975 725 a
3015 675 3198 729 carnis
3232 691 3396 732 sensu
3430 694 3733 748 suggerun-

1557 729 1776 794 πάθεσι,
1819 733 2014 787 δυνατὸ

2154 756 2264 810 tur,
2297 749 2707 825 obtenebratus,
2732 761 2966 830 Spiritus
2995 767 3167 820 sam-ti
3201 769 3619 825 il-lustrationem
3651 788 3731 827 re-

2145 838 2196 892 ci
2205 855 2331 907 pere
2355 860 2460 898 non
2493 857 2694 916 potest.

461 982 562 1050 μὲν
589 984 682 1036 ἐπὶ
711 984 779 1038 τὰ
807 988 1016 1056 πλάγια
1054 995 1382 1065 φερόμενον,
1417 998 1514 1053 νῦν
1544 1000 1601 1053 δὲ
1650 1001 1789 1071 πρὸς
1831 1003 1902 1055 τὰ
1931 1003 2014 1057 ἄν(

461 1074 548 1101 ..-ι
583 1073 732 1101 μι--.
763 1080 939 1101 -ηηηι
987 1099 991 1101 _
1314 1089 1327 1101 .
1546 1092 1592 1101 ._
1627 1092 1651 1101 ..
1711 1092 1725 1101 .
1887 1093 1914 1101 _

2231 982 2289 985 νὴ
2326 982 2512 991 .-ν---ν
2553 982 2642 1008 Ὶι..
2673 982 3005 1002 υυιιιιιιυυισι
3049 982 3466 1021 υιιιιιιιιαὶςιιιιι,
3496 982 3560 1008 at;
3585 982 3728 1010 ιιυιιυ

2147 1023 2201 1076 in
2237 1033 2550 1085 transversa
2593 1035 3004 1101 circumfertur,
3055 1056 3201 1094 nunc
3227 1059 3444 1097 sursum
3478 1060 3542 1098 ac
3575 1047 3729 1100 deor-

457 1074 553 1126 καὶ
583 1073 736 1129 κάτω
760 1080 942 1136 πυκνά
980 1089 1520 1159 μεταστρεφόμενον,
1545 1092 1679 1146 ίδεῖν
1707 1092 1954 1162 ἐναργῶς
1981 1111 2010 1146 τ

457 1163 818 1203 ιἰτγηνρΐηειιηυ
839 1171 937 1203 ne"...
965 1171 1077 1203 ..τλη
1101 1193 1160 1203 ρ-
1187 1195 1204 1203 -
1251 1177 1388 1203 -ι--.
1438 1182 1529 1203 _-_\
1575 1182 1698 1203 “AA-ﬂ.
1745 1185 1758 1203 ι
1806 1185 1831 1203 Λ
1895 1187 1906 1203 ρ

2147 1073 2201 1076 ---
2238 1073 2550 1085 ------.,-ν..,.
2595 1073 3004 1101 ν--νυιι-ιυιιιιι,
3057 1073 3201 1094 num,
3227 1073 3444 1097 autaulll
3478 1073 3542 1098 ill;
3575 1073 3719 1100 thUf‘

2145 1130 2265 1169 sum
2295 1117 2624 1188 deﬂectitur,
2653 1125 2936 1181 evidenter
2964 1139 3016 1183 et
3048 1133 3193 1186 clare
3233 1151 3343 1187 rem
3379 1138 3719 1203 propositam

454 1163 818 1237 ,ὑποκείμενον
839 1171 937 1243 ούχ
964 1171 1078 1228 οἷόν
1100 1193 1161 1230 τε
1187 1195 1204 1211 ·
1248 1177 1392 1234 οὕτω
1438 1182 1533 1235 καὶ
1575 1182 1700 1236 νοῦν
1735 1185 2008 1256 ἀνθρώπω

457 1254 561 1284 ,τι-λ
597 1275 664 1284 ....
681 1259 746 1284 ,1-
763 1279 806 1284 _-.
834 1265 933 1284 ,κη
1083 1270 1097 1284 ι
1170 1271 1186 1284 ι
1305 1273 1317 1284 ι
1672 1275 1713 1284 ,μ
1983 1279 1996 1284 -

2146 1163 2265 1169 ---η
2298 1163 2624 1188 ..ν-...νυ-νιν
2653 1163 2924 1181 νν--ιυιιιυι
2964 1163 3016 1183 σι
3048 1163 3193 1186 ιιιιιῦ
3233 1163 3286 1187 lt'

2148 1207 2312 1279 236
2327 1224 2546 1265 cernere
2569 1229 2675 1268 non
2699 1227 2876 1284 potest
2905 1237 2918 1272 :
2945 1221 3024 1274 sic
3049 1233 3099 1276 et
3133 1240 3286 1278 meus

457 1254 562 1310 ὑπὸ
594 1259 807 1330 μυρίων
827 1265 935 1317 τῶν
971 1270 1110 1323 κατά
1136 1271 1228 1324 τὸν
1255 1273 1462 1342 κόσμον
1495 1275 1793 1345 φροντίδων
1821 1254 2041 1348 περιελ-

453 1347 684 1418 κόμενον
709 1354 991 1426 ἀμήχανον
1020 1363 1328 1417 ὲνατενίσαι
1349 1368 1419 1436 τῇ
1452 1367 1704 1439 ἀληθείᾳ.

520 1442 585 1494 Οί
612 1444 818 1515 σφόδρα
839 1449 960 1510 ταῖς
987 1451 1084 1504 τοῦ
1110 1451 1226 1521 βίου
1261 1457 1560 1526 μερίμναις
1583 1460 2035 1529 κατειλημμένοι,

448 1525 562 1584 οἷον
612 1532 824 1603 ὄρνιθες
873 1541 1236 1613 πολύσαρκοι,
1277 1525 1409 1618 είκῆῗ
1445 1550 1506 1602 τὸ
1555 1553 1756 1621 πτερὸν
1799 1525 2033 1624 έχοντες,

453 1623 605 1675 κάτω
632 1642 738 1679 που
767 1629 1026 1700 σύρονται
1051 1638 1192 1704 μετὰ
1219 1638 1329 1691 τῶν
1362 1637 1748 1710 βοσκημάτων.

518 1714 684 1790 Ψυχὴ
723 1716 818 1774 οὖν
866 1723 941 1794 μὴ
968 1725 1079 1778 τῶν
1136 1730 1421 1800 κοσμικῶν
1459 1733 1837 1802 ἀπαλλαγεῖσα
1869 1749 2032 1803 φρονη-

446 1802 626 1869 τίδων,
669 1805 794 1860 οὔτε
841 1813 930 1865 τὸν
957 1816 1090 1868 Θεὸν
1135 1819 1414 1890 ἀγαπήσει
1468 1823 1732 1892 γνησίως.
1772 1802 1898 1876 οῦτε
1940 1825 2031 1876 τὸν

443 1895 688 1951 διάϐολον
750 1901 1065 1971 βδελύξεται
1123 1911 1312 1976 ἀξίως.
1372 1914 1657 1985 Κάλυμμα
1709 1917 1819 1986 γὰρ
1876 1915 2025 1981 ἅπαξ

441 1984 556 2057 ἔχει
581 1992 841 2062 φορτικὸν
867 1995 965 2066 τὴν
994 2000 1271 2071 μέριμναν
1299 2004 1394 2058 τοῦ
1420 1984 1561 2075 βίον.

527 2172 614 2226 Ἑν
665 2173 1048 2251 θορυϐουμένῳ
1111 2183 1206 2236 καὶ
1237 2185 1484 2252 ἀγωνίας
1548 2189 1728 2259 ἔχοντι
1759 2191 1838 2259 νῷ
1894 2191 2019 2246 οὔτε

436 2259 617 2317 ἐννοιά
660 2282 746 2331 τις
778 2267 891 2321 τῶν
924 2272 1129 2339 καλῶν,
1177 2273 1300 2328 οῦτε
1335 2277 1470 2331 Θεοῦ
1514 2282 1676 2351 χάρις
1715 2283 2016 2351 ἐγγίνεται.

503 2442 731 2510 Τελείας
760 2446 940 2520 ψυχῆς
972 2451 1087 2506 ἐστι
1132 2453 1192 2508 τὸ
1219 2455 1528 2529 ἀμέριμνον
1547 2477 1562 2493 ο
1617 2463 1847 2528 ἀσεϐοῦς
1873 2464 1930 2519 δὲ
1958 2464 2018 2520 τὺ

434 2534 684 2602 φροντίσι
709 2540 1162 2609 κατατρίϐεσθαι.

495 2625 745 2692 Πέφυκεν
777 2628 804 2679 ὀ
831 2627 1041 2698 ἄφρων,
1070 2635 1157 2686 ἀεὶ
1187 2636 1339 2703 παρὰ
1361 2638 1452 2691 τὸν
1475 2638 1634 2708 ὀρθὸν
1660 2640 1818 2708 λόγον
1843 2642 2016 2696 κινού-

434 2729 612 2779 μενος,
647 2716 853 2789 ἠρεμίᾳ
882 2720 973 2772 καὶ
1001 2721 1308 2776 ἀναπαύσει
1338 2725 1611 2799 δυσμενὴς
1639 2725 1800 2784 εἶναι.

508 2805 832 2876 Ἀνθρωπος
897 2811 1313 2884 πολυμίριμνος
1381 2821 1558 2888 πρᾶος
1617 2821 1710 2874 καὶ
1787 2823 2014 2894 ἠσύχιος

427 2895 684 2961 γενέσθαι
718 2901 779 2952 ού
801 2899 1024 2956 δύναται
1045 2943 1061 2966 ,
1112 2905 1248 2960 διότι
1281 2909 1338 2961 αἱ
1370 2911 1670 2977 ἀναγκαῖαι
1697 2915 1866 2970 αἰτίαι
1903 2919 2012 2970 τῶν

426 2990 793 3057 πραγμάτων,
816 2994 875 3045 ἐν
907 2990 996 3058 αἷς
1024 2997 1386 3068 ταλαιπωρεῖ,
1412 3003 1821 3070 ἀναγκάζουσιν
1848 3009 2012 3063 αὑτὸν

427 3081 699 3134 κινεῖσθαι
742 3083 800 3135 ὲν
831 3084 1021 3150 αὐταῖς
1049 3087 1252 3144 ἄκοντα
1279 3094 1370 3144 καὶ
1419 3095 1493 3163 μὴ
1527 3095 1871 3166 βουλόμενον,
1915 3101 2011 3153 καὶ

421 3171 869 3243 διασκορπίζουσι
901 3179 1000 3249 τὴν
1031 3181 1274 3252 γαλήνην
1291 3185 1457 3238 αὑτοῦ
1484 3189 1577 3240 καὶ
1607 3190 1860 3262 ἡσυχίαν.

504 3264 692 3336 Χωρὶς
721 3268 1054 3340 ἀμεριμνίας
1081 3273 1198 3342 φῶς
1227 3277 1286 3327 ὲν
1312 3279 1380 3344 τῇ
1415 3277 1561 3351 ψυχῇ
1595 3298 1688 3334 σου
1735 3283 1812 3355 μὴ
1839 3284 2004 3355 ζητή-

497 3449 556 3503 ⁹Ο
623 3453 826 3520 φαῦλος
860 3458 1016 3512 πόλιν
1072 3479 1133 3514 τε
1175 3465 1270 3517 καὶ
1313 3466 1405 3518 τὸν
1451 3467 1595 3520 κατά
1655 3467 1811 3520 πόλιν
1843 3467 2001 3538 ὄχλον

413 3557 474 3593 τε
524 3544 619 3596 καὶ
670 3546 887 3616 φυρμὸν
944 3551 1250 3622 ἀνθρώπιον
1300 3556 1436 3624 ὁμοῦ
1501 3558 1598 3612 καὶ
1653 3563 2000 3630 πραγμάτων

416 3635 764 3700 μεταδιώκει.
796 3641 1318 3712 Φιλοπραγμοσύναι
1347 3648 1479 3719 γὰρ,
1529 3651 1620 3702 καὶ
1668 3650 1994 3718 πλεονεξίαι,

411 3728 747 3798 δημοκοπίαι
783 3750 844 3788 τε
878 3737 970 3790 καὶ
994 3737 1317 3810 δημαρχίαι,
1354 3740 1432 3810 τῷ
1461 3741 1692 3814 τοιούτῳ
1716 3743 1904 3814 τιμαίο
1936 3745 1998 3798 τὸ

409 3821 466 3873 δὲ
505 3823 800 3893 ἡσυχάζειν
831 3828 1177 3897 ἀτιμότατον.

482 3993 841 4066 Δυσεύρετον,
872 4001 905 4072 ἢ
935 4004 1030 4055 καὶ
1049 4007 1330 4072 παντελῶς
1359 4009 1672 4083 ἀνεύρετον,
1699 4011 1759 4067 ἒν
1783 4029 1995 4086 πεφυρ-

409 4083 555 4154 μένῳ
589 4086 689 4159 βίῳ
714 4090 775 4142 τὸ
795 4094 979 4150 καλόν.

1007 4188 1228 4244 ΛΟΓΟΣ
1257 4192 1384 4247 OH'.

613 4274 755 4342 Περὶ
792 4278 1138 4346 παρῤησίας
1172 4283 1272 4338 καί
1300 4283 1408 4340 τοῦ
1439 4286 1737 4357 ἐλέγχειν.

475 4359 664 4425 Οὐδεὶς
680 4367 738 4417 ὲν
755 4368 980 4438 κρυπτῷ
1000 4385 1053 4422 τι
1072 4373 1236 4438 ποιεῖ,
1252 4374 1345 4427 καὶ
1367 4373 1519 4444 ζητεῖ
1533 4378 1664 4431 αὐτὸ
1681 4375 1778 4449 [αι.
1797 4380 1984 4454 αὐτὸς]

399 4450 460 4502 ἐν
494 4453 780 4525 παρρησίᾳ
811 4450 971 4510 εῖναι.

475 4601 606 4684 Ἐὰν
653 4633 686 4703 ἡ
736 4635 936 4705 καρδία
985 4637 1144 4708 ἡμῶν
1193 4639 1269 4711 μὴ
1335 4645 1726 4720 καταγινώσκῃ
1790 4650 2011 4720 ἡμῶν..

394 4721 709 4792 παρρησίαν
765 4725 966 4796 ἔχομεν
1025 4730 1164 4800 πρὸς
1210 4731 1302 4784 τὸν
1351 4733 1505 4799 Θεὸν,
1558 4739 1650 4791 καὶ
1703 4741 1848 4810 ἅπερ
1897 4745 1976 4796 αί-

389 4812 594 4881 τοῦμεν
652 4814 1004 4888 λαμϐάνομεν
1064 4823 1197 4892 παρ’
1242 4824 1432 4889 αὐτοῦ,
1468 4829 1551 4882 ὅτι
1601 4831 1700 4894 τάς
1749 4833 1971 4899 ἐντολὰς

390 4902 558 4956 αὐτοῦ
617 4905 917 4977 τηροῦμεν,
972 4913 1070 4965 καὶ
1117 4916 1188 4968 τὰ
1240 4915 1448 4984 ἀρεστὰ
1505 4920 1736 4975 ἐνώπιον
1803 4925 1970 4981 αὐτοῦ

389 5008 546 5046 ποιου
555 5011 676 5060 μεν.

458 5084 665 5154 Μηδείς
711 5105 806 5142 σου
840 5091 944 5163 τῆς
988 5096 1244 5170 νεότητος
1287 5107 1738 5175 καταφρονείτω⁸
1778 5110 1968 5184 ἔλεγχε

386 5173 585 5239 αὐτοὺς
609 5178 924 5252 ἀποτόμως.

351 5259 355 5262 ’
455 5267 742 5332 Ἐξουσίαν
771 5275 956 5332 δίδωσι
987 5277 1169 5350 λόγοις
1194 5284 1336 5359 ἀρχὴ
1367 5287 1739 5366 δικαιοσύνης.

452 5446 545 5518 Μὴ
576 5449 804 5523 ὲκκαίῃς
829 5453 1131 5527 ἄνθρακας,
1161 5459 1526 5531 ἁμαρτωλοὺς
1575 5467 1839 5540 ἐλέγχων,
1890 5474 1965 5547 μὴ

382 5537 732 5612 ὲμπυρισθῇς
759 5545 914 5614 φλογὶ
950 5549 1122 5618 πυρὸς
1163 5551 1452 5621 ἁμαρτιῶν
1485 5559 1686 5614 αὐτῶν.

461 5629 520 5683 Ὃ
546 5633 930 5706 ἑφησυχάζων,
961 5641 1055 5693 καὶ
1082 5641 1157 5712 μὴ
1179 5644 1420 5715 ἐλέγχων
1441 5649 1539 5718 τὴν
1565 5651 1841 5724 ἁμαρτίαν
1870 5657 1962 5711 τοῦ

383 5717 614 5816 ἀδελφοῦ
646 5725 838 5792 αὑτοῦ,
881 5730 1230 5804 ἄσπλαγχνός
1261 5739 1411 5791 ἐστιν
1435 5755 1448 5769 ⁸
1487 5717 1731 5816 ὤσπερ-ό
1768 5747 1856 5804 τὸν
1885 5750 1964 5805 ίὸν

384 5803 602 5874 ἐναφιὶς
637 5815 716 5886 τῷ
744 5818 996 5890 δηχθέντι
1029 5803 1134 5880 aut;
1169 5827 1262 5880 τοῦ
1301 5831 1531 5890 ἰοϐόλον.

702 5919 977 5984 Pyram"
1022 5926 1140 5987 (in.
1189 5927 1510 5992 CXXXVI.

2014 4570 2062 4628 D
2088 4582 2135 4624 et
2163 4574 2351 4641 qum-it
2379 4577 2487 4641 ipse
2507 4578 2684 4647 palam
2716 4587 2872 4652 esse.)

3313 1227 3580 1292 humana,
3602 1245 3728 1283 sex-

2141 1301 2315 1355 centis
2345 1304 2635 1360 mundanis
2679 1309 2826 1362 curis
2859 1310 3144 1378 distracta,
3185 1318 3468 1376 veritatem
3519 1330 3725 1375 attente

2141 1406 2386 1458 cernere,
2427 1410 2491 1450 ac
2523 1399 2574 1450 in
2603 1413 2663 1452 ea
2697 1399 2868 1454 defixa
2895 1418 3018 1458 esse
3048 1406 3196 1459 nullo
3231 1409 3392 1463 modo
3425 1421 3621 1480 potest.

2213 1484 2315 1550 Qui
2345 1488 2701 1544 vehementer
2733 1492 2856 1548 vitae
2890 1496 3052 1564 hujus
3085 1499 3233 1554 curis
3262 1504 3513 1571 occupati
3551 1496 3718 1572 sunt',

2137 1577 2291 1644 quasi
2319 1593 2447 1634 aves
2468 1583 2804 1650 corpulemae
2834 1583 3034 1640 frustra
3062 1591 3255 1658 pennis
3291 1594 3529 1663 praedita:
3556 1597 3717 1651 deor—

2135 1683 2254 1724 sum
2278 1673 2578 1728 trahuntur
2606 1691 2729 1729 cum
2761 1678 3080 1744 pecudibus.

2204 1761 2265 1818 S.
2299 1764 2574 1836 Chrysost.
2626 1769 2857 1825 Animus
2901 1772 3070 1842 igitur
3127 1777 3424 1834 mundanis
3475 1779 3719 1836 nondum

2134 1853 2394 1911 liberatus
2442 1859 2611 1926 curis,
2641 1864 3020 1931 ineque-vere
3052 1864 3221 1921 Deum
3278 1855 3484 1938 diliget,
3535 1888 3713 1942 neque

2131 1946 2404 2000 diabolum
2456 1950 2840 2019 detestabitttr,
2876 1963 2933 2007 ut
2980 1955 3207 2026 dignum
3253 1968 3358 2015 est.
3390 1961 3720 2018 Prtetextum

2126 2035 2270 2088 enim
2306 2037 2468 2092 habet
2501 2055 2745 2109 gravem,
2789 2057 2975 2097 rerum
3010 2046 3074 2100 ad
3098 2049 3296 2104 victum
3327 2053 3717 2120 pertinentium

2127 2140 2340 2181 curam.

2197 2213 2256 2270 S.
2296 2215 2488 2287 ξυνίει.
2519 2220 2572 2273 In
2608 2232 2792 2278 mente
2819 2226 3051 2279 tumultu
3093 2234 3148 2281 et
3178 2242 3380 2300 angore
3408 2232 3589 2300 plena,
3621 2247 3716 2288 ne-

2124 2319 2233 2374 que
2268 2322 2446 2362 rerum
2483 2310 2838 2366 honestarum
2871 2314 3151 2384 cogitatio,
3195 2333 3375 2389 neque
3406 2318 3500 2375 Dei
3539 2321 3713 2391 gratia

2124 2394 2312 2452 in'est..

2194 2486 2250 2543 8.
2283 2488 2414 2544 Nili.
2461 2488 2693 2548 Perfecti
2734 2495 2901 2550 animi
2931 2509 3016 2552 est
3046 2512 3195 2554 cum
3220 2501 3465 2555 vacuitas
3502 2519 3517 2557 :
3544 2499 3711 2571 impii

2123 2586 2305 2633 autem
2338 2582 2489 2637 curis
2520 2584 2754 2640 conteri.

2193 2668 2465 2740 lnsipiens
2519 2681 2718 2740 praeter
2764 2686 2967 2734 rectam
3013 2679 3278 2736 rationem
3333 2691 3512 2735 motus
3561 2691 3712 2736 tran-

2119 2761 2444 2828 quillitatem
2483 2775 2538 2817 et
2573 2767 2874 2835 requietem
2905 2785 3126 2839 semper
3147 2771 3333 2838 odisse
3371 2772 3528 2827 solet.

2191 2849 2371 2906 Isaac.
2410 2851 2512 2919 Qui
2552 2856 2740 2912 multis
2771 2859 2920 2912 curis
2969 2859 3268 2916 distractus
3299 2873 3422 2928 est,
3467 2862 3606 2918 lenis
3652 2871 3710 2918 et

2117 2939 2336 3008 quietus
2381 2957 2507 2997 esse
2544 2947 2696 2999 nullo
2751 2949 2915 3003 modo
2972 2959 3172 3018 potest,
3223 2961 3512 3021 propterea
3559 2952 3706 3021 quod

2118 3042 2298 3082 causa:
2331 3033 2670 3099 negotiorum
2705 3035 2760 3088 in
2793 3037 2998 3106 quibus
3026 3040 3193 3094 miser
3215 3052 3321 3103 est,
3351 3050 3553 3110 cogunt
3579 3057 3703 3096 eum

2116 3124 2450 3176 cmmnoveri
2486 3123 2718 3180 invitum
2750 3137 2806 3182 et
2833 3131 3110 3185 nolentem
3133 3171 3148 3196 ,
3183 3141 3241 3187 et
3273 3132 3394 3202 ejus
3427 3133 3703 3203 tranquil-

2031 3231 2075 3290 ο
2117 3210 2225 3264 lum
2257 3222 2312 3267 et
2344 3215 2589 3282 quietum
2620 3227 2821 3273 statum
2845 3221 3180 3278 disturbant.

2181 3301 2312 3358 Sine
2368 3320 2623 3362 curarum
2660 3311 2932 3368 vacuitate
2961 3313 3146 3370 lumen
3184 3316 3239 3370 in
3277 3318 3464 3375 animo
3499 3333 3592 3379 tuo
3629 3341 3699 3381 ne

2106 3405 2346 3459 quaeras.
2476 3401 2477 3404 “

2175 3479 2446 3538 Philonis.
2480 3485 2768 3556 [mprobus
2800 3491 3076 3548 civitatem
3100 3509 3166 3549 ac
3199 3495 3436 3556 civitatis
3467 3502 3685 3559 turbam

2107 3581 2155 3622 et
2203 3571 2386 3627 faecem
2425 3577 2704 3633 hominum
2753 3581 2920 3636 simul
2945 3593 3003 3638 et
3034 3587 3374 3655 negotiorum
3407 3595 3691 3664 persequi-

2102 3665 2211 3710 tur.
2245 3657 2378 3714 Nam
2414 3663 2716 3722 alienarum
2768 3685 2952 3725 rerum
3009 3676 3323 3732 curationes
3349 3688 3404 3733 et
3436 3684 3689 3748 avaritia,

2099 3749 2436 3816 popularitas
2484 3763 2536 3808 et
2600 3759 2914 3817 tribunatus
2961 3763 3156 3832 plebis,
3210 3767 3519 3827 istiusmodi
3583 3773 3688 3829 ho-

2097 3839 2230 3894 mini
2277 3857 2378 3897 ceu
2423 3845 2725 3905 honorifica
2757 3855 3059 3921 probantur
3097 3871 3118 3912 :
3153 3867 3208 3913 at
3236 3865 3485 3930 quietum
3558 3880 3687 3926 esse

2095 3933 2586 4001 probrosissimum
2623 3950 2728 4000 est.

2166 4021 2388 4080 Dillicilc
2418 4038 2526 4092 est,
2559 4031 2645 4084 vel
2684 4037 2868 4103 potius
2894 4041 3123 4095 omnino
3154 4042 3273 4097 ﬁeri
3310 4059 3422 4099 non
3458 4056 3634 4116 potest
3661 4085 3682 4114 ,

2093 4121 2152 4167 ut
2175 4116 2437 4175 honestas
2467 4122 2521 4176 in
2555 4124 2662 4180 vita
2699 4130 3023 4185 conturbata
3059 4133 3389 4190 inveniatur.

2428 4210 2664 4270 SERMO
2693 4214 2959 4274 LXXVIII
2991 4219 3090 4294 [αι.
3126 4221 3342 4296 XLIX].

2483 4304 2560 4360 De
2597 4307 2841 4366 libertate
2871 4316 3300 4382 reprehendendi.

2108 4446 2118 4457 ,
2156 4388 2321 4446 Joan.
2358 4409 2455 4448 vn.
2490 4394 2660 4452 Nemo
2709 4403 2855 4469 quod
2901 4404 2955 4458 in
3003 4410 3219 4462 occulto
3264 4408 3418 4475 facit,
3470 4413 3522 4468 id
3557 4415 3676 4471 vult

2089 4481 2265 4549 palam
2295 4483 2434 4539 fieri.
2473 4487 2666 4555 (Alias,
2714 4506 2872 4546 nemo
2906 4495 3114 4565 aliquid
3161 4500 3218 4553 in
3259 4503 3465 4558 occulto
3519 4505 3674 4574 facit,

2156 4661 2185 4714 Ι
2211 4663 2375 4718 Joan.
2415 4681 2498 4722 ιιι.
2535 4668 2591 4722 Si
2625 4684 2723 4726 cor
2751 4683 3003 4730 nostrum
3037 4695 3147 4735 non
3185 4685 3513 4742 condemnet
3547 4703 3670 4755 nos,

2081 4751 2337 4810 fiduciam
2389 4758 2654 4818 habemus
2707 4765 2857 4834 apud
2912 4766 3083 4824 Deum
3118 4785 3217 4829 :et
3263 4791 3387 4846 quae
3431 4751 3669 4849 petimus

2079 4845 2148 4900 ab
2177 4861 2244 4900 eo
2274 4849 2604 4919 accipimus,
2640 4855 2768 4924 quia
2819 4861 3078 4917 mandata
3117 4864 3239 4934 ejus
3282 4845 3664 4939 exsequimur,

2077 4947 2132 4997 et
2160 4955 2283 5010 qua:
2317 4941 2396 4995 illi
2429 4942 2668 5012 placent,
2702 4945 2955 5006 facimus.

2151 5115 2259 5173 Fac
2293 5135 2361 5174 ne
2389 5120 2512 5190 quis
2540 5120 2880 5189 iuventutem
2916 5134 3063 5182 tuam
3094 5141 3408 5188 contemnat
3439 5126 3664 5206 :t‘epre-

2077 5209 2251 5264 lteude
2281 5225 2376 5268 eos
2407 5227 2614 5270 severe.

2147 5301 2308 5353 Prov.
2364 5316 2511 5356 xxvr.
2539 5303 2932 5366 Auctoritatem
2988 5313 3224 5368 orationi
3262 5315 3522 5372 conciliat
3555 5317 3660 5376 ini-

2076 5389 2207 5442 tiutn
2235 5391 2484 5459 jttstitiae.

2141 5478 2219 5535 Ne
2243 5484 2510 5540 carbones
2553 5491 2848 5556 accendas,
2889 5496 3187 5556 sceleratos
3221 5503 3654 5573 reprehendens,

2001 5612 2006 5616 .
2075 5589 2140 5626 ne
2164 5573 2382 5630 flamma
2421 5577 2560 5648 ignis
2591 5585 2935 5649 peccatorum
2977 5589 3219 5658 ipsorum
3251 5599 3527 5652 exuraris.

2143 5665 2203 5720 S.
2240 5668 2454 5723 Basilii.
2485 5670 2588 5735 Qui
2626 5675 2883 5742 quiescit,
2917 5695 3016 5735 nec
3041 5681 3228 5738 fratris
3250 5690 3430 5756 arguit
3453 5703 3650 5758 pecca-

2073 5764 2212 5825 tum,
2250 5759 2645 5818 inunisericors
2673 5775 2775 5833 est,
2809 5778 2866 5822 ut
2903 5771 2995 5839 qui
3024 5788 3288 5830 venenum
3318 5777 3558 5846 immittit
3594 5781 3648 5834 in

2070 5863 2194 5903 eum
2235 5853 2322 5920 qui
2356 5859 2439 5909 est
2465 5868 2495 5908 a
2525 5865 2788 5913 venenata
2823 5861 2993 5918 bestia
3026 5879 3266 5920 morsus.

3246 5962 3326 6024 38
