4062 6402
430 416 570 484 1195

1767 423 2076 486 ΛΝΤΟΝῙΙ
2112 425 2460 487 ΜΕῘᾸΞΞΕ

3563 427 3690 494 1196

499 534 662 606 237
688 534 748 591 in
773 534 1313 607 objurgandojgravis
1341 552 1410 594 ne
1438 547 1592 606 esto;
1624 554 1723 594 nec
1747 540 1880 604 cito,
1909 555 2011 595 nec

2191 542 2282 610 Μὴ
2308 542 2486 612 βαρὺς
2517 543 2577 594 ἐν
2599 540 2923 611 ἐπιτιμήσει
2953 525 3129 608 γίνου,
3165 539 3304 609 μηδὲ
3337 540 3567 609 ταχέως,
3594 560 3690 612 μη-

425 626 620 684 all'e‘ctu
676 627 864 686 nimio?
901 628 1306 698 reprehendito,
1361 631 1466 686 hoc
1511 630 1658 686 enim
1699 631 2008 686 insolentia:

425 730 510 776 est
543 740 556 776 :
586 738 686 777 nec
716 722 787 777 ob
833 737 920 777 res
964 723 1199 778 leviores
1247 724 1530 790 damnato,
1584 725 1744 791 quasi
1796 738 2013 778 summo

421 811 545 881 jure
607 827 732 867 cum
770 813 852 867 his
890 814 983 882 qui
1033 813 1425 882 dereliquerint
1461 829 1651 884 agens,
1699 823 1756 869 et
1796 816 2014 882 spirita-

424 903 550 957 liter
579 918 674 960 eos
707 904 1049 968 instaurans,
1082 907 1544 974 quemadmodum
1570 915 1757 963 monet
1779 907 2011 976 Aposto-

426 995 534 1060 lus,
568 994 804 1065 teipsum
829 998 1188 1054 considerans
1219 1013 1290 1054 ne
1309 1010 1366 1055 et
1391 1007 1451 1056 tu
1481 1001 1726 1056 tenteris.

495 1175 733 1232 Evidens
763 1186 850 1233 est
901 1177 1344 1248 reprehensionis
1405 1179 1564 1233 linem
1589 1195 1712 1233 esse
1741 1178 2013 1248 peccantis

426 1268 891 1336 emendationem,
914 1271 1169 1340 injuriam
1190 1285 1321 1325 vero
1343 1269 1420 1325 nil
1444 1271 1588 1325 aliud
1609 1269 1826 1326 eilicere
1849 1285 2008 1338 quam

425 1363 597 1430 ipsius
636 1360 1039 1416 confusionem.

494 1450 800 1521 Optabilius
866 1461 953 1507 est
1023 1452 1468 1522 objurgationem
1524 1453 1788 1522 sapientis
1849 1453 2012 1508 unius

428 1544 736 1606 admittere,
761 1559 924 1611 quam
954 1545 1124 1600 totius
1145 1546 1300 1602 chori
1333 1544 1615 1600 hominum
1641 1544 2010 1613 improborum

425 1635 741 1689 canentium
783 1636 896 1689 ﬁeri
932 1635 1266 1693 auditorem.

507 1725 568 1780 S.
609 1725 884 1799 Chrysa“.
920 1727 1118 1784 Libere
1179 1729 1330 1800 loqui
1378 1731 1699 1800 simpliciter
1727 1741 1814 1787 est
1847 1732 2010 1787 etiam

427 1817 664 1887 vulgaris
701 1819 940 1874 hominis
973 1835 1395 1889 saepenumero:
1431 1832 1486 1877 at
1512 1827 1658 1880 sicut
1697 1838 1785 1878 res
1817 1834 2009 1892 posin.

2116 635 2174 689 δὲ
2207 634 2478 704 ἐμπαθῶς
2511 634 2818 704 ἐξελέγχων
2839 649 2854 664 ·
2888 630 3123 697 αὔθαδες
3167 633 3274 704 γὰρ
3312 632 3374 684 τὸ
3413 632 3652 686 τοιοῦτον
3674 651 3687 666 ·

2119 726 2257 796 μηδὲ
2300 726 2396 779 ἐπὶ
2447 727 2667 795 μικροῖς
2715 721 3120 788 καταδικάζων,
3167 719 3244 786 ὡς
3289 722 3691 792 ἁκριϐοδίκαιος

2114 818 2278 882 αὐτὸς
2331 815 2786 888 ὗπάρχων,τοὺς
2840 815 2901 868 ὲν
2949 811 3359 884 παραπτώματι
3414 813 3690 882 προσλαμ-

2115 911 2434 980 ϐανόμενος,
2488 909 2582 961 καὶ
2633 907 3023 977 πνευματικῶς
3072 901 3418 974 καταρτίζων
3475 905 3688 969 αὐτοὺς,

2114 1004 2191 1066 ὡς
2219 1005 2247 1055 ὁ
2275 1000 2608 1064 ’Λπόστολος
2635 998 2916 1070 παραινεῖ,
2947 993 3169 1050 σκοπῶν
3203 993 3451 1064 σεαυτὸν,
3485 995 3560 1066 μὴ
3601 998 3692 1048 καὶ

2117 1099 2181 1151 σὺ
2216 1095 2542 1166 πειρασθῇς.

2186 1193 2407 1245 Ἔοικεν
2437 1189 2464 1244 ό
2501 1185 2602 1259 μὲν
2643 1187 2865 1257 ἔλεγχος
2897 1186 3049 1251 τέλος
3083 1183 3232 1257 ἔχειν
3272 1184 3369 1254 τὴν
3407 1181 3691 1253 διόρθωσιν

2112 1283 2206 1337 τοῦ
2239 1283 2666 1352 ἁμαρτάνοντος,
2709 1277 2822 1335 όδὲ
2859 1280 3165 1350 ὀνειδισμὸς
3207 1278 3302 1331 ἐπὶ
3335 1273 3689 1348 ἀσχημοσύνῃ

2113 1370 2208 1424 τοῦ
2243 1369 2567 1431 ἐπταικότος
2597 1365 2873 1436 γενέσθαι.

2124 1511 2159 1532 ,
2183 1461 2588 1528 Εὐκταιότερόν
2615 1461 2787 1524 ἔστιν,
2816 1458 3116 1527 ἐπίπληξιν
3164 1455 3332 1526 σοφοῦ
3372 1455 3494 1520 ἐνὸς
3543 1456 3692 1521 δέξα-

2114 1551 2262 1618 σθαι,
2301 1550 2335 1621 ἢ
2367 1552 2489 1605 ὅλου
2527 1548 2695 1620 χοροῦ
2737 1549 3048 1621 ἀνθρώπων
3081 1547 3303 1618 φαύλων
3337 1547 3576 1618 ᾀδόντων
3598 1563 3691 1613 γε·

2111 1646 2297 1700 νισθαι
2320 1644 2617 1714 ἀκροατήν.

2183 1736 2258 1790 Τδ
2287 1736 2386 1806 μὲν
2417 1735 2608 1798 ἁπλῶς
2638 1729 3118 1807 παρρησιάζεσθαι
3164 1733 3261 1787 καὶ
3300 1727 3396 1786 τοῦ
3438 1731 3691 1800 τυχόντος

2116 1830 2378 1892 πολλάκις
2421 1827 2578 1882 ἐστί’
2635 1829 2697 1881 τὸ
2740 1827 2797 1881 et
2849 1827 2930 1890 είς
2973 1829 3033 1878 τδ
3078 1826 3219 1886 δέον,
3250 1825 3347 1878 καὶ
3394 1823 3578 1893 καιρῷ
3619 1823 3692 1890 τῷ

427 1910 526 1970 lat,
553 1919 608 1964 et
641 1926 764 1966 cum
802 1921 1018 1983 tempus
1050 1913 1308 1971 idoneum
1341 1923 1448 1980 est,
1480 1914 1721 1969 adhibita
1754 1915 1898 1968 modi
1931 1928 2013 1970 re-

2116 1924 2469 1992 προσήκοντι,
2493 1921 2588 1975 καὶ
2617 1920 2757 1991 μετὰ
2778 1921 2880 1990 τῆς
2937 1919 3316 1989 ἁρμοττούσης
3350 1919 3692 1988 συμμετρίας

429 2001 556 2067 gula
608 2009 662 2056 et
690 2001 989 2072 prudenter
1019 2004 1184 2058 rebus
1227 2004 1328 2069 uti,
1365 2004 1416 2058 id
1463 2018 1597 2060 sane
1629 2021 1882 2076 magnum
1911 2006 2010 2061 ad-

428 2094 648 2148 modum
680 2104 734 2148 et
765 2097 1098 2152 eminentem
1130 2096 1306 2151 virum
1335 2098 1587 2167 requirit.

495 2183 614 2238 Vita
643 2200 767 2255 quae
816 2200 882 2241 ex
931 2185 1150 2257 legibus
1198 2187 1402 2257 agitur,
1448 2188 1722 2245 libertatis
1763 2189 2010 2247 en‘ectrix

425 2282 528 2328 081.

501 2367 738 2423 Maxima
773 2378 858 2424 est
906 2368 1159 2438 libertas,
1198 2385 1259 2426 se
1293 2385 1401 2426 non
1450 2369 1654 2425 habere
1703 2371 2012 2426 libertatem

424 2457 742 2512 existimare
771 2474 785 2510 :
817 2459 1286 2528 quemadmodum
1313 2459 1551 2516 dedecus
1593 2470 1677 2516 est
1711 2463 2012 2516 maximum

432 2549 488 2602 in
521 2558 820 2619 conspectu
853 2550 1068 2604 Domini
1097 2566 1155 2605 se
1189 2551 1492 2621 justiiicare
1521 2570 1536 2606 :
1567 2561 1735 2609 testes
1765 2564 1894 2608 sunt
1915 2568 2010 2609 eo-

428 2657 550 2696 rum
581 2657 703 2712 qua:
731 2641 991 2709 dicimus,
1017 2641 1330 2699 Pharisazus
1365 2655 1422 2698 et
1453 2641 1808 2699 Publicanus.

495 2738 643 2794 Nihil
669 2749 754 2794 est
786 2738 934 2809 quod
963 2737 1140 2809 magis
1167 2737 1538 2808 arrogantiam
1575 2752 1780 2808 augere
1813 2738 2011 2800 soleat.

426 2846 591 2901 quam
638 2831 1028 2901 praeclarorum
1081 2830 1388 2887 facinorum
1435 2829 1542 2886 sibi
1585 2830 1844 2887 conscius
1879 2831 2004 2886 ani-

427 2939 552 2980 mus
579 2934 633 2978 et
661 2933 818 2980 utens
847 2923 1119 2978 libertate.

502 3015 782 3070 Isocratis.
813 3014 1072 3070 Concede
1099 3013 1406 3069 libertatem
1453 3013 1552 3068 tibi
1583 3014 1720 3069 bene
1749 3011 2019 3083 cupienti-

2114 2014 2208 2067 καὶ
2258 2014 2527 2076 συνέσεως
2594 2012 2674 2083 τῷ
2711 2013 3003 2084 πράγματι
3058 2009 3391 2081 χρήσασθαι,
3450 2008 3694 2078 μεγάλης

2114 2107 2236 2160 λίαν
2265 2107 2362 2160 καὶ
2385 2106 2710 2177 θαυμαστῆς
2739 2107 2912 2160 δεῖται
2933 2103 3136 2174 ψυχῆς.

2191 2199 2459 2270 Ἔννομος
2485 2198 2597 2271 ζωὴ
2624 2198 2943 2270 παρρησίας
2965 2197 3324 2268 δημιουργός.

2187 2381 2437 2449 Μεγίστη
2475 2379 2763 2451 παρρησία
2806 2376 2867 2431 τὸ
2903 2378 2978 2447 μὴ
3011 2378 3256 2446 νομίζειν
3284 2376 3432 2447 ἔχειν
3483 2377 3695 2447 παρρη-

2119 2475 2243 2528 σίαν
2268 2490 2284 2506 ο
2319 2473 2511 2540 ὥσπερ
2531 2463 2623 2525 οὖν
2651 2469 2884 2539 αἰσχύνη
2913 2469 3171 2540 μεγίστη,
3205 2469 3268 2521 τὸ
3295 2467 3544 2523 δικαιοῦν
3574 2468 3695 2520 ἑαυ-

2115 2569 2207 2620 τὸν
2236 2565 2468 2620 ἐνώπιον
2505 2562 2712 2633 Κυρίου
2735 2579 2751 2595 ο
2807 2561 2908 2614 καὶ
2941 2561 3151 2630 μάρτυς
3184 2559 3294 2612 τῶν
3328 2561 3640 2629 λεγομένων
3670 2559 3697 2610 ὁ

2116 2657 2408 2726 Φαρισαῖος
2441 2657 2536 2710 καὶ
2559 2657 2587 2708 ό
2621 2654 2889 2723 Τελὼνης.

2188 2747 2356 2800 Οὐδὲν
2384 2745 2559 2807 οὓτως
2606 2745 2685 2808 εἰς
2713 2747 2974 2799 ἀπόνοιαν
2998 2745 3175 2815 αἴρειν
3205 2744 3418 2808 εἴωθεν,
3453 2745 3532 2806 ὼς
3577 2760 3696 2797 συν-

2119 2838 2262 2903 ειδὸς
2294 2839 2406 2892 τῶν
2433 2835 2901 2907 κατορθωμάτων,
2940 2837 3037 2892 καὶ
3084 2835 3232 2908 ψυχὴ
3291 2833 3430 2908 μετὰ
3488 2835 3698 2906 παρρη-

2121 2931 2244 2993 σίας
2276 2929 2448 2994 ζῶσα.

2195 3025 2348 3078 Δίδου
2383 3021 2700 3094 παρρησίαν
2733 3023 2847 3082 τοῖς
2877 3021 2939 3076 εὖ
2984 3020 3300 3092 φρονοῦσιν,
3337 3015 3424 3073 ἴνα
3462 3019 3592 3090 περὶ
3625 3007 3698 3072 ὧν

429 3110 555 3175 bus,
586 3119 648 3164 ut
671 3109 742 3164 de
769 3107 975 3178 quibus
1001 3107 1238 3178 ambigis
1258 3145 1274 3172 ,
1315 3109 1408 3177 qui
1439 3114 1619 3162 tecum
1649 3107 1943 3176 exquirant
1965 3115 2013 3161 el

2123 3115 2470 3188 ἀμφιγνοεῖς,
2500 3115 2631 3187 ἔχῃς
2661 3116 2792 3178 τοὺς
2825 3112 3348 3185 συνδοκιμάσοντας.

431 3203 661 3272 probent
693 3200 916 3256 habeas.

502 3291 735 3347 Praestat
763 3305 884 3356 sua,
913 3306 1080 3362 quam
1110 3290 1290 3346 aliena
1314 3289 1646 3360 radat-gum
1676 3297 1920 3360 peccata.

510 3478 856 3549 Pythagorea.
903 3475 1267 3548 Pythagoras.
1317 3489 1443 3531 cum
1476 3473 1700 3545 quidam
1733 3473 1965 3528 dixisset
2001 3489 2017 3526 :

432 3569 674 3624 Nimium
707 3582 794 3622 me
815 3567 1014 3622 irrides
1041 3583 1056 3633 ;
1085 3567 1268 3636 Atqui,
1302 3565 1506 3636 inquit,
1540 3565 1805 3634 splenicis
1849 3565 2016 3619 etiam

435 3661 582 3718 acria
611 3668 667 3715 et
698 3673 883 3714 amara
914 3669 1165 3727 prosunt,
1195 3657 1378 3712 dulcia
1408 3668 1628 3712 nocent.

507 3753 693 3822 Neque
723 3752 904 3823 gladio
922 3755 1146 3817 obtuso,
1169 3764 1348 3820 neque
1373 3750 1734 3805 immoderata
1766 3747 2022 3804 libertate

438 3849 516 3900 uti
555 3847 735 3902 decet.

509 3939 771 3995 Socratis.
811 3935 1130 3999 Libertatis,
1168 3943 1228 3990 ut
1260 3934 1530 4005 cujusque
1568 3935 1746 4004 partis
1778 3934 1932 4002 anni,
1967 3934 2022 3989 in

443 4041 692 4100 tempore
722 4027 898 4099 gratia
927 4026 1244 4097 jucundior.

753 4118 990 4176 SERMO
1024 4117 1241 4173 LXXIX
1278 4118 1377 4190 [σί.
1405 4116 1720 4192 CXXXIX].

709 4212 783 4267 De
820 4213 1024 4282 generis
1053 4210 1326 4266 nobilitate
1352 4220 1402 4266 et
1426 4212 1778 4280 ignobilitate.

509 4305 674 4361 Jonn.
705 4320 787 4360 ιιι.
830 4301 985 4371 Quod
1014 4313 1201 4359 uatum
1229 4311 1313 4359 est
1344 4319 1408 4360 ex
1445 4316 1631 4368 carne,
1662 4317 1794 4358 caro
1842 4311 1947 4369 est,
1975 4311 2030 4357 et

442 4415 475 4456 e
497 4400 692 4468 spiritu
721 4413 929 4464 natum,
968 4398 1197 4466 spiritus
1229 4406 1332 4452 est.

522 4492 677 4547 Rom.
705 4507 780 4547 Ix.
827 4489 948 4548 Non
997 4490 1092 4545 lilii
1133 4491 1318 4546 carnis
1350 4488 1515 4544 iidem
1575 4499 1703 4544 sunt
1735 4487 1829 4542 lilii
1872 4485 1964 4543 Dei
2014 4505 2030 4544 :

448 4587 541 4642 scd
584 4586 681 4640 ﬁlii
723 4583 1119 4655 promissionis
1156 4584 1432 4638 habentur
1462 4596 1564 4651 pro
1593 4579 1821 4635 semine.

525 4765 692 4823 Eccli.
767 4765 946 4822 Liberi
992 4767 1223 4822 beneste
1262 4765 1428 4819 vitam
1471 4771 1696 4833 agentes
1726 4763 2034 4834 genitorum

449 4871 686 4912 suorum
720 4865 906 4926 tegent
936 4855 1354 4926 ignobilitatem.

521 4948 578 5005 S.
615 4948 825 5005 Basilii.
861 4949 1049 5003 Patres
1076 4957 1129 5001 et
1171 4947 1410 5017 majores
1458 4961 1565 5002 non
1593 4945 1722 5002 licet
1745 4946 2041 5016 praedicare

2199 3293 2467 3366 Κρετσσον
2515 3295 2585 3350 τὰ
2622 3297 2800 3351 οἰκεῖα
2840 3293 3090 3366 ἐλέγχειν
3131 3291 3516 3363 ἁμαρτήματα
3562 3287 3595 3358 ἦ
3637 3285 3702 3339 τὰ

2125 3390 2404 3458 ἀλλότρια.

2197 3482 2472 3548 Φήσαντος
2505 3477 2659 3550 αὐτῷ
2691 3495 2858 3542 τινος,
2885 3475 3022 3532 Δίαν
3047 3493 3139 3544 μοι
3160 3472 3558 3537 ἐπισκώπτεις,
3579 3469 3701 3539 ἔφη’

2129 3573 2239 3628 Καὶ
2273 3574 2382 3644 γὰρ
2415 3575 2527 3636 τοῖς
2559 3572 2883 3640 σπληνικοῖς
2929 3571 3000 3623 τὰ
3043 3569 3143 3638 μὲν
3168 3565 3376 3638 δριμέα
3404 3565 3506 3617 καὶ
3536 3562 3707 3629 πικρὰ

2127 3667 2405 3734 ὠφέλιμα,
2433 3664 2502 3717 τὰ
2530 3663 2586 3716 δὲ
2616 3661 2826 3731 γλυκέα
2852 3661 3117 3732 βλαϐερά.

2204 3755 2339 3809 Οὔτε
2367 3755 2646 3824 μάχαιραν
2670 3752 2962 3823 ἀμϐλεῖαν,
2983 3749 3108 3804 οὔτε
3134 3747 3453 3820 παρρησίαν
3476 3747 3707 3802 ἄτακτον

2131 3851 2278 3921 ἔχειν
2307 3848 2411 3902 δεῖ.

2203 3943 2316 4012 Τῆς
2361 3939 2702 4012 παρρησίας,
2746 3936 2936 4009 ὥσπερ
2968 3936 3141 4010 ὥρας,
3170 3934 3232 3991 ἑν
3276 3931 3456 4006 καιρῷ
3489 3935 3525 4005 ἡ
3553 3930 3710 4004 χάρις

2133 4035 2317 4104 ἡδίων.

2731 4123 2950 4180 ΛΟΓΟΣ
2987 4123 3109 4178 ΟΘ’.

2411 4218 2550 4286 Περὶ
2581 4218 2893 4289 εὐγενείας
2921 4213 3023 4272 καὶ
3054 4214 3436 4284 δυσγενείας.

2208 4314 2282 4367 Τὸ
2329 4311 2700 4382 γεγενημένον
2731 4311 2796 4364 ὲκ
2841 4305 2937 4379 τῆς
2995 4307 3198 4378 σαρκὸς
3237 4306 3371 4374 σάρξ
3412 4305 3575 4371 ἐστι,
3621 4301 3714 4356 καὶ

2137 4405 2198 4460 τδ
2223 4404 2591 4475 γεγενημένον
2617 4403 2680 4453 ἐκ
2713 4397 2807 4453 τοῦ
2837 4397 3153 4467 πνεύματος
3185 4395 3405 4465 πνεῦμά
3438 4398 3612 4447 ἐστιν.

2216 4499 2290 4552 Οὺ
2341 4493 2413 4550 τὰ
2472 4494 2639 4548 τέκνα
2689 4487 2790 4557 τῆς
2831 4490 3069 4561 σαρκὸς,
3116 4489 3290 4542 ταῦτα
3340 4487 3508 4540 τέκνα
3559 4483 3714 4547 Θεοῦ,

2071 4589 2113 4642 D
2143 4589 2281 4644 ἀλλὰ
2353 4587 2420 4639 τὰ
2489 4586 2657 4637 τέκνα
2722 4582 2822 4652 τῆς
2888 4579 3226 4649 ἐπαγγελίας
3295 4576 3578 4647 λογίζεται
3639 4574 3717 4635 είς

2183 4684 2390 4732 πέοιια.

2205 4697 2244 4732 .s
2335 4697 2390 4732 α.

2145 4697 2392 4826 στ-Ἰξξιινα
2423 4769 2480 4820 ὲν
2502 4765 2685 4838 ἀγαθῇ
2711 4767 2826 4838 ζωῇ
2865 4764 2965 4833 τὴν
2992 4761 3342 4833 ἀναστροφὴν
3367 4759 3563 4830 ἔχοντα
3613 4755 3716 4810 τῶν

2145 4857 2293 4915 ἰδίων
2324 4858 2668 4929 γεννητόρων
2701 4854 2970 4928 κρύψουσι
3003 4855 3348 4922 δυσγένειαν.

2215 4947 2330 5003 Οὐκ
2354 4949 2552 5018 ἔχομεν
2583 4945 2830 5016 πατέρας
2857 4944 3034 5012 λέγειν
3071 4943 3162 4995 καὶ
3195 4940 3501 5010 προγόνους
3560 4951 3715 5006 περι-

455 5040 691 5114 nohiles,
721 5040 853 5109 quia
887 5036 1132 5091 veritatis
1179 5037 1265 5092 lex
1315 5037 1536 5107 propria
1580 5036 1849 5107 cujusque
1877 5035 2013 5106 depo

2147 5043 2357 5115 φανείς.
2401 5040 2462 5092 Ὀ
2511 5041 2619 5108 γὰρ
2648 5038 2749 5107 τῆς
2797 5035 3057 5107 ἀληθείας
3119 5033 3280 5104 νόμος
3331 5032 3440 5086 ἴδια
3489 5029 3720 5082 ἑκάστου

462 5133 565 5187 scit
596 5129 868 5186 encomia.

531 5221 804 5292 Theologi.
838 5220 1037 5275 Malum
1060 5219 1244 5276 vocari
1270 5220 1494 5290 pudeat,
1523 5231 1633 5273 non
1665 5216 1794 5272 item
1826 5215 2045 5287 ignobi-

461 5321 586 5372 lem.

535 5402 596 5458 S.
643 5402 916 5472 Chrysost.
962 5403 1321 5474 Splendidnm
1377 5415 1431 5458 et
1478 5401 1711 5456 nobilem
1766 5413 1875 5452 non
1925 5413 2042 5452 ma-

2145 5135 2371 5190 ἀπαιτεί
2399 5131 2468 5184 τὰ
2497 5127 2772 5200 ἐγκώμια.

2221 5225 2403 5284 Κακδς
2435 5221 2479 5273 δ’
2511 5221 2728 5275 ἀκούων
2759 5216 3046 5290 αἰσχύνου,
3081 5216 3158 5288 μὴ
3186 5214 3476 5285 δυσγενής.

2230 5404 2293 5458 ΊΙ
2343 5403 2591 5472 εὐγένεια
2634 5401 2730 5454 καὶ
2777 5402 2810 5469 ή
2861 5400 3133 5471 σεμνότης
3164 5396 3250 5452 τοῦ
3281 5394 3639 5467 ὑπερηφάνου
3666 5390 3726 5444 sb

458 5498 645 5566 jorum
701 5496 980 5562 nobilitas,
1029 5495 1124 5550 sed
1167 5495 1336 5550 animi
1383 5495 1556 5568 virtus
1605 5491 1820 5547 emi-ere
1878 5489 2013 5560 231

2152 5496 2414 5566 συγγενὲς
2442 5495 2578 5565 πρὸς
2608 5494 2707 5564 τὴν
2733 5492 2955 5547 πλίνθον
2981 5483 3146 5560 ἔχειν.

530 5588 622 5642 let.

462 5604 622 5644 smel.

464 5680 608 5735 Nihil
641 5679 854 5750 generis
886 5676 1142 5733 nobilitas
1167 5679 1235 5732 ad
1263 5676 1546 5746 pecuniam
1593 5692 1607 5728 :

467 5773 755 5844 Opnlentia
794 5771 941 5829 enim
1000 5771 1082 5828 vel
1123 5771 1426 5841 pessimum
1471 5765 1616 5823 inter
1683 5767 1891 5838 primos
1931 5765 2046 5820 col-

1776 5857 1964 5927 [locat.

2253 5669 2424 5727 Οὐδὲν
2446 5670 2480 5740 ἠ
2516 5670 2762 5738 εὐγένεια
2795 5671 2933 5740 πρὸς
2962 5671 3034 5721 τὰ
3062 5663 3324 5738 χρήματα
3349 5679 3366 5696 ·

2255 5764 2361 5818 Τὸν
2391 5766 2499 5835 γὰρ
2527 5764 2789 5818 κάκιστον
2819 5761 3051 5826 πλοῦτος
3079 5761 3160 5824 είς
3189 5754 3437 5830 πρώτους
3469 5752 3622 5824 ἄγει,
