4062 6404
480 376 623 437 1199

477 581 534 626 et
572 576 776 630 leviora
807 589 1045 646 precata.
1082 579 1126 632 si
1163 596 1265 631 non
1311 580 1626 646 prohibeas,
1677 581 1908 635 subinde
1954 594 2052 631 na-

480 677 707 721 scuntur
736 681 787 722 et
819 671 1243 739 magnitudinem
1275 683 1666 741 assequuntur.

553 759 811 814 Naturam
849 778 1107 817 accusare
1145 779 1251 817 nott
1289 765 1570 823 debemus,
1597 777 1721 817 cum
1752 760 2054 831 jucundam

483 860 576 902 aut
610 851 960 918 injucundam
993 853 1158 906 vitam
1191 868 1406 906 omnem
1448 852 1644 906 ellit-iat
1689 850 2052 906 consuetudo.

555 939 836 994 (.‘Imriclis.
871 941 946 995 Ex
976 943 1232 998 omnibus
1255 943 1397 997 enim
1427 944 1777 1013 passionibus
1805 959 1925 1014 qua:
1945 943 2056 997 cito

486 1032 808 1102 percipitur,
859 1035 908 1088 ei
965 1032 1126 1088 facile
1174 1036 1474 1089 remedium
1530 1035 1776 1089 adhiberi
1831 1044 2056 1104 potest:

489 1140 610 1190 quae
639 1141 766 1178 vero
793 1126 954 1198 longo
987 1138 1227 1196 tempore
1260 1127 1442 1180 innata
1475 1129 1658 1190 fuerit,
1685 1144 1851 1197 prope
1873 1137 1957 1182 est
1980 1128 2057 1180 in-

486 1215 770 1268 curabilis.

554 1305 809 1360 Cltoricii.
847 1305 1010 1361 Nacta
1073 1307 1242 1362 semel
1278 1305 1496 1363 delicias
1527 1315 1720 1361 natura
1757 1306 1840 1358 vix
1884 1305 1950 1359 ad
1982 1304 2058 1356 la-

485 1397 643 1450 bores
670 1398 784 1450 vult
815 1398 1036 1451 reverti.

557 1485 813 1540 Socratis.
863 1485 1011 1539 Nihil
1065 1496 1259 1541 natura
1307 1486 1610 1557 jucundum
1666 1498 1758 1540 aut
1809 1485 2062 1553 injucun-

483 1578 634 1639 dtnn,
669 1578 762 1630 sed
789 1575 973 1630 omnia
1005 1577 1132 1632 talia
1177 1577 1575 1632 consuetudine
1626 1578 1738 1632 lieri
1791 1579 2059 1632 videmus.

555 1665 826 1735 Optimum
850 1667 973 1721 vitae
1000 1683 1175 1736 genus
1203 1668 1296 1722 tibi
1334 1669 1618 1738 proponite
1643 1686 1656 1733 ;
1689 1671 1788 1724 hoc
1812 1670 1954 1724 enim
1977 1669 2063 1739 ju-

486 1760 724 1814 cundum
761 1759 954 1813 cllicict
987 1761 1346 1816 consuetudo.

1377 1847 1705 1906 Perdillicile
1737 1860 1818 1904 est

561 1940 632 1996 Ut
667 1943 824 2012 longa
879 1943 1217 1999 consuetudo
1245 1941 1390 1997 brevi
1425 1950 1668 2011 tempore
1717 1942 1990 1996 solvatur:

559 2035 834 2089 Consueta
858 2037 1001 2089 enim
1032 2035 1454 2105 haudquaquam
1490 2033 1844 2103 despicienda
1869 2041 2015 2088 sunt.

562 2152 828 2224 Polywni.
863 2153 1216 2208 Consuetudo
1252 2168 1280 2207 a
1313 2153 1497 2223 parvis
1533 2152 1752 2207 initium
1773 2151 1938 2224 capit,
1969 2167 2064 2208 ne-

488 2246 664 2316 glecta
696 2254 882 2300 autem
911 2246 1019 2300 vim
1055 2246 1351 2300 maximam
1381 2243 1603 2313 accipit.
1701 2309 1704 2312 ,

774 2357 1012 2412 SERMO
1044 2353 1258 2410 LXXXI
1303 2356 1400 2426 [αι.
1429 2355 1786 2428 CXXXVIII].

1050 2468 1124 2520 De
1161 2468 1510 2521 conscientia.

557 2581 729 2636 Nemo
763 2581 900 2635 liber
925 2591 1027 2644 est,
1057 2581 1151 2649 qtti
1182 2580 1359 2648 seipse
1389 2595 1494 2633 non
1525 2581 1786 2635 continet.

566 2673 811 2726 Libertas
850 2672 1119 2740 impotens
1150 2678 1204 2725 et
1234 2670 1591 2724 immoderata
1653 2669 1813 2724 facile
1863 2670 2070 2723 amitti-

492 2775 604 2820 ῑυΓ.

563 2855 705 2910 Fieri
735 2871 840 2909 non
873 2862 1052 2924 potest
1081 2862 1140 2908 ut
1163 2853 1211 2909 is
1252 2854 1391 2910 liber
1415 2855 1506 2919 sit,
1531 2853 1623 2924 qui
1657 2851 2074 2931 perturbationij

493 2949 593 3004 bus
630 2949 815 3010 servit,
846 2956 900 3002 et
929 2963 958 3002 a
996 2947 1499 3017 perturbationtbns
1530 2946 1784 3001 vincitur.

563 3032 794 3089 Praestat
823 3033 1029 3090 servire
1053 3035 1333 3100 decenter,
1363 3049 1527 3105 quam
1576 3034 1822 3087 libertate
1861 3032 1936 3085 υιε
1971 3032 2074 3085 im-

479 3125 773 3192 pudenter.

1745 379 2074 439 ANTONII
2123 376 2466 438 MELISSIE

554 486 812 542 Philonis.
845 489 1144 545 Diuturnus
1174 504 1292 545 mos
1324 501 1518 544 natura
1546 491 1662 560 ipsa
1701 492 1908 546 lirmior
1938 501 2043 553 est,
2078 504 2123 560 Α

2091 1847 2140 1906 Β

3568 377 3690 444 1200

2237 489 2583 559 Ἐγχρονίζον
2604 483 2733 557 ἦθος
2757 488 2971 557 φύσεως
3000 487 3382 558 κραταιότερόν
3407 488 3546 542 ἐστιν
3569 505 3582 522 ·
3607 493 3691 541 καὶ

2160 581 2336 648 μικρὰ
2375 580 2452 650 μὴ
2482 581 2804 649 κωλυόμενα
2833 581 3211 650 ἁμαρτήματα
3247 580 3433 647 φύεται
3465 580 3553 634 καὶ
3582 582 3692 633 ἐπι-

2156 672 2356 724 δίδοται
2390 673 2526 742 πρὸς
2557 674 2784 742 μέγεθος
2824 671 3245 734 συναυξάνοντα.

2229 763 2511 831 Μηδαμῶς
2545 765 2644 833 τὴν
2693 763 2854 832 φύσιν
2885 762 3221 832 αἰτιώμεθα·
3257 762 3430 816 πάντα
3471 764 3571 833 γὰρ
3597 761 3697 831 βίον

2160 853 2290 920 ἡδὺν
2321 853 2352 922 ἦ
2383 854 2520 924 ἀηδῆ
2549 856 2582 923 ή
2616 855 2872 923 συνήθεια
2903 855 3072 907 ποιεῖ.

2232 943 2409 1004 11ἀοος
2463 944 2572 1014 γὰρ
2611 943 2780 1007 ἅπαν,
2827 944 2889 996 τὸ
2947 944 3049 1013 μὲν
3105 945 3272 1010 ὀξέως
3321 943 3698 1010 γινωσκόμενον

2163 1032 2514 1103 εὐϐοήθητον,
2547 1035 2606 1087 τὺ
2657 1035 2714 1088 δὲ
2748 1035 2926 1105 χρόνῳ
2975 1036 3500 1106 παραπεμπόμενον,
3549 1035 3699 1102 ἐγγὺς

2162 1122 2398 1176 ἀνίατον.

2229 1283 2517 1372 Λαὸομένη
2544 1303 2688 1368 ἅπαξ
2733 1303 3066 1370 ἡδυπαθείας
3096 1305 3128 1373 ἡ
3158 1303 3320 1372 φύσις
3352 1302 3500 1372 μόλις
3550 1302 3701 1355 ἐθέλει

2163 1393 2301 1461 πρὸς
2328 1395 2523 1454 πόνους
2553 1397 2774 1465 χωρεῖν.

2235 1486 2402 1538 Οὐδὲν
2442 1485 2614 1550 οὕτως
2648 1488 2746 1558 ἡδὺ
2781 1487 2814 1556 ἥ
2862 1487 3026 1557 ἀηδὲς
3087 1489 3151 1557 τῇ
3185 1486 3346 1556 φύσει
3387 1487 3699 1558 ὑφέστηκενο

2165 1578 2341 1631 πάντα
2369 1578 2425 1630 δὲ
2454 1579 2517 1648 τῇ
2548 1578 2809 1650 συνηθείᾳ
2837 1579 3065 1648 γίνεται.

2240 1670 2364 1720 Βὶον
2387 1668 2548 1738 αίροῦ
2579 1669 2669 1722 τὸν
2695 1671 2936 1740 ἄριστον.
2967 1670 3172 1725 Τοῦτον
3202 1672 3312 1741 γὰρ
3346 1672 3472 1741 ἡδὺν
3503 1672 3534 1740 ἡ
3563 1669 3704 1738 συνή-

2166 1760 2286 1813 θεια
2320 1760 2558 1830 ποιήσει.

3181 1855 3485 1925 Ἀμήχανον

2303 1943 2538 2013 Μακρὰν
2571 1945 2862 2016 συνήθειαν
2891 1945 2949 1998 ὲν
2979 1945 3174 2017 βραχεῖ
3204 1947 3366 2001 λῦσαι
3395 1945 3581 2016 χρόνῳ.

2307 2033 2382 2086 Τὸ
2423 2034 2533 2105 γὰρ
2569 2035 2804 2106 σύνηθες
2836 2036 3075 2106 οὐδαμοῦ
3118 2039 3450 2111 παροπτέον.

2239 2147 2400 2212 Ἕθος
2437 2147 2666 2220 ἄρχεται
2705 2150 2806 2220 μὲν
2852 2149 2960 2203 ἀπὸ
2992 2150 3232 2221 μικρῶν,
3284 2147 3632 2219 ἀμελούμενον
3655 2144 3704 2198 δὲ

2163 2237 2266 2311 τὴν
2294 2239 2448 2311 ἰσχὺν
2483 2241 2709 2309 μείζονα
2738 2241 3028 2312 λαμϐάνει.

2749 2353 2967 2407 ΛΟΓΟΣ
3009 2351 3133 2407 UA'.

2685 2464 2825 2532 Περὶ
2853 2465 3220 2532 ἐλευθερίας.

2240 2579 2429 2641 Οὐδεὶς
2464 2579 2753 2648 ἐλεύθερος
2785 2581 2978 2633 ἑαυτὸν
3009 2581 3083 2651 μὴ
3117 2581 3362 2650 κρατῶν.

2253 2667 2569 2740 Ἐλευθερία
2639 2669 2893 2737 ἀκρατῶς
2967 2670 3061 2724 καὶ
3131 2672 3390 2743 ἀμέτρως
3463 2668 3709 2741 φερομένη

2172 2757 2551 2827 εύαφαίρετος.

2256 2850 2575 2921 Ἐλεύθερον
2602 2850 2866 2906 ἀδύνατον
2895 2851 3034 2908 εἶναι
3060 2855 3152 2908 τὸν
3172 2857 3372 2909 πάθεσι
3402 2853 3712 2914 δουλεύοντα,

2171 2935 2268 2988 καὶ
2297 2936 2402 2989 ὑπὸ
2433 2938 2624 2992 παθῶν
2653 2940 3048 3012 κρατούμενον,

2250 3029 2510 3096 ’Ἄμεινον
2568 3031 2839 3085 δουλεύειν
2901 3035 3178 3102 ἐπιεικῶς,
3243 3038 3277 3106 ἢ
3344 3031 3714 3106 ἐλευθεριάζειν

2173 3123 2574 3190 ἀναισχύντως.

1842 3209 2074 3267 SEBMO
2112 3211 2378 3269 LXXXII.

1807 3307 1901 3373 [De
1939 3307 2262 3362 conscientia
2309 3309 2409 3378 (1).

566 3405 814 3474 Epicteti.
851 3404 1118 3462 Parentes
1149 3405 1442 3475 paedagogo
1468 3418 1667 3474 pueros
1698 3419 1799 3457 nos
1848 3401 2214 3470 tradiderunt,
2243 3406 2340 3474 qui
2374 3406 2576 3476 ubique
2608 3407 2923 3463 observaret
2950 3423 3019 3462 ne
3045 3409 3196 3478 quid?
3216 3409 3534 3465 laederemur
3557 3423 3570 3460 :
3594 3406 3717 3458 Dens

483 3515 677 3559 autem
708 3503 818 3572 jam
848 3503 996 3556 viros
1023 3501 1206 3556 insitae
1236 3500 1584 3554 conscientiae
1613 3497 2006 3552 custodiendos
2035 3498 2226 3561 tradit,
2258 3516 2381 3567 quae
2410 3502 2632 3571 quidem
2660 3505 2904 3558 custodia
2937 3515 2992 3559 et
3021 3505 3370 3561 conservatio
3403 3513 3716 3573 nequaquam

495 3595 887 3651 contemnenda
920 3602 1028 3656 est,
1091 3593 1350 3661 quoniam
1379 3599 1432 3644 et
1465 3590 1572 3643 Deo
1605 3588 1941 3658 displiceret,
1970 3597 2025 3642 et
2061 3591 2418 3647 conscientia:
2451 3593 2552 3662 ipsi
2581 3606 2781 3648 nostrae
2810 3596 2998 3649 hostes
3023 3609 3297 3652 essemus.

814 3686 1048 3742 senato
1080 3682 1343 3739 LXXXIII
1389 3679 1488 3753 [al.
1522 3669 1749 3754 XCVII].

2774 3687 2991 3741 ΛΟΓΟΣ
3033 3684 3156 3741 ΗΓ.

1058 3776 1133 3830 De
1169 3775 1509 3844 benignitate.

2653 3781 2793 3850 Περὶ
2833 3783 3273 3850 χρηστότητος.

551 3870 728 3942 ’240
753 3869 882 3924 Luc.
914 3885 987 3923 vt.
1025 3868 1330 3921 Benefacite
1363 3873 1417 3917 et
1458 3872 1714 3918 mutuum
1759 3863 1903 3925 date,
1936 3862 2066 3917 nihil

2257 3870 2660 3938 ’Δγαθοποιεϊτε
2706 3872 2798 3923 καὶ
2821 3871 3115 3934 δανείζετε,
3143 3872 3314 3942 μηδὲν
3336 3866 3716 3930 ἀπελπίζοντες.

496 3965 623 4018 inde
655 3971 941 4032 sperantes
970 3975 986 4012 :
1013 3967 1068 4013 et
1097 3958 1202 4012 erit
1236 3971 1447 4010 merces
1489 3965 1689 4009 vestra-
1715 3954 1920 4020 ampla,
1971 3953 2066 4006 eri-

2174 3961 2271 4013 καὶ
2293 3960 2447 4013 ἔσται
2469 3964 2496 4014 ὁ
2522 3961 2712 4028 μισθὸς
2739 3961 2894 4030 ὑμῶν
2919 3961 3106 4024 πολὺς,
3131 3965 3226 4014 καὶ
3250 3959 3437 4014 ἔσεσθε
3461 3958 3564 4010 υίοὶ
3588 3954 3722 4021 Ὑψί-

495 4057 674 4124 tisque
706 4053 805 4108 lilii
836 4049 1143 4114 Altissimi;
1185 4049 1314 4116 quia
1360 4041 1477 4116 i'pse
1507 4045 1562 4099 in
1607 4045 1852 4115 ingratos
1884 4052 1938 4098 et
1968 4044 2066 4097 ini-

2176 4067 2304 4102 στου
2327 4065 2343 4080 ο
2379 4051 2460 4104 ὅτι
2495 4051 2654 4115 αὐτὸς
2689 4053 2922 4122 χρηστός
2957 4055 3105 4105 ἐστιν
3137 4053 3231 4106 ἐπὶ
3263 4053 3388 4116 τοὺς
3422 4046 3720 4122 ἀχαρίστους

481 4149 696 4217 probos
731 4143 1002 4213 benignus
1025 4151 1130 4196 est.

2177 4144 2274 4193 καὶ
2306 4142 2599 4212 πονηρούς.

569 4237 763 4308 Ephcs.
793 4251 865 4290 Iv.
887 4235 1072 4288 Estote
1090 4232 1306 4301 benigni
1337 4232 1572 4285 invicem
1597 4239 1650 4285 et
1672 4227 2066 4293 misericordes.

2247 4233 2467 4288 Γίνεσθε
2515 4237 2594 4297 εἰς
2636 4236 2901 4305 ἀλλήλους
2946 4237 3179 4307 χρηστοὶ
3222 4237 3317 4290 καὶ
3361 4234 3720 4300 εὔσπλαγχνοι.

481 4333 869 4384 ιοοηιιοηαηιηε
941 4334 1168 4389 mutuo,
1219 4323 1694 4393 quemadmodum.
1753 4322 1870 4392 ipse
1935 4322 2066 4378 Deut

2177 4325 2526 4396 χαριζόμενοι
2567 4327 2780 4390 ἑαυτοῖς
2805 4369 2820 4393 ,
2855 4328 3039 4391 καθὼς
3075 4329 3174 4382 καὶ
3211 4332 3239 4382 ό
3272 4328 3404 4392 Θεὸς
3441 4329 3496 4379 ὲν
3528 4313 3720 4390 Χριστῷ

492 4422 652 4476 vobis
681 4435 775 4490 per
804 4418 1080 4473 Christum
1106 4415 1456 4470 condonavit.

2178 4417 2471 4488 ἐχαρίσατο
2503 4419 2654 4488 ὑμῖν.

568 4513 780 4566 induite
802 4511 1010 4564 viscera
1039 4504 1434 4568 miserationis,
1462 4503 1878 4574 benignitatem,
1909 4503 2066 4557 animi

2257 4511 2582 4564 Ἐνδύσασθε
2655 4511 2943 4582 σπλάγχνα
3003 4511 3329 4584 οἰκτιρμοῦ,
3375 4506 3718 4580 χρηστότητα,

495 4604 882 4664 bmnilitatem,
919 4598 1220 4662 lenitatem,
1252 4595 1617 4650 clementiam.
1809 4637 1812 4640 .

2175 4591 2700 4672 ταπεινοφροσύνην,
2736 4603 3142 4674 μακροθυμίαν,
3176 4605 3479 4673 πραότητα.

559 4691 866 4748 ενΒαδίιὶὶ.
901 4687 1198 4757 Imaginem
1251 4686 1452 4750 habeo,
1496 4684 1626 4738 dum
1671 4683 1904 4738 rationis
1952 4700 2066 4740 sum

2248 4695 2322 4747 Τὸ
2349 4695 2468 4748 κατ’
2493 4695 2677 4750 εἰκόνα
2706 4696 2814 4766 ἔχω
2839 4698 2897 4748 ὲν
2920 4695 2998 4765 τῷ
3021 4694 3238 4762 λογικὸς
3263 4691 3404 4746 εῖναι
3424 4707 3437 4722 ο
3462 4689 3519 4742 τὸ
3544 4685 3596 4739 δὲ
3619 4678 3724 4735 καθ’

493 4785 767 4855 particeps
805 4805 816 4837 :
852 4781 919 4836 ad
948 4779 1374 4835 similitudinem
1406 4783 1588 4831 autem
1619 4777 1713 4839 lio,
1761 4775 1890 4829 dum
1920 4776 2066 4831 beni-

2177 4788 2438 4858 ὁμοίωσιν
2468 4789 2690 4858 γίνομαι
2723 4790 2781 4841 ὲν
2809 4789 2888 4856 τῷ
2916 4788 3154 4859 χρηστὸς
3185 4783 3458 4854 γενέσθαι.

494 4883 756 4952 gnitatem
788 4875 933 4930 colo.

570 4969 840 5041 Tlteolagi.
884 4967 1154 5024 Bonitatis
1189 4965 1351 5020 habet
1393 4963 1610 5019 Iaudem
1657 4962 2066 5018 mansuetudine

2260 4965 2490 5034 Ἀγαθὸν
2527 4965 2859 5035 χρηστότητι
2902 4965 3056 5035 νικᾷν
3097 4963 3444 5033 θρασύτηταν
3486 4954 3577 5006 καὶ
3619 4946 3723 5041 ps):-

497 5063 770 5117 ieritatetn
806 5061 1048 5125 vincere,
1087 5068 1140 5115 et
1179 5059 1234 5112 in
1281 5056 1540 5111 meliores
1575 5053 1784 5109 elﬁcere
1819 5053 2066 5121 iniuriam

2181 5058 2327 5118 τίους
2363 5057 2538 5109 ποιεῖν
2569 5057 2698 5119 τοὺς
2733 5053 3089 5122 ἀδικοῦντας,
3125 5050 3205 5115 οἷς
3240 5044 3605 5121 καρτεροῦμεν
3635 5032 3724 5088 πά-

495 5153 784 5217 Iacientes,
819 5149 1085 5220 patienter
1129 5149 1354 5204 ferendo
1401 5163 1524 5217 quae
1555 5147 1716 5201 nobis
1745 5145 2079 5200 inferuntur.
2183 5163 2428 5216 οχοντες.

568 5245 843 5300 Omnibus
869 5254 992 5298 esto
1027 5243 1319 5311 benignus,
1369 5241 1460 5293 sed
1495 5239 1731 5292 maxime
1779 5235 2066 5306 proximis.

2258 5237 2396 5290 nam
2431 5238 2528 5305 μὲν
2560 5236 2670 5288 ἴσθι
2699 5235 2955 5306 χρηστὸς,
2987 5233 3150 5287 πλέον
3177 5231 3234 5285 δὲ
3261 5231 3375 5292 τοῖς
3406 5228 3633 5294 ἔγγιστα.

567 5336 762 5404 Quaere
796 5335 889 5389 tibi
923 5333 1016 5388 Dei
1064 5331 1478 5401 benignitatem,
1511 5329 1556 5384 si
1591 5329 1858 5397 benignus
1884 5340 1964 5380 es.

2259 5329 2419 5396 Ζήτει
2448 5326 2584 5380 Θεοῦ
2618 5343 2699 5378 σοι
2729 5326 3076 5395 χρηστότητα
3109 5322 3343 5394 χρηστὸς
3368 5318 3462 5372 ὢν.

486 5459 492 5464 ι
567 5426 855 5492 Quodnam
922 5425 1116 5493 dogma
1179 5423 1485 5483 charitatis}
1518 5420 1772 5490 dogmate
1829 5416 2066 5473 brevius‘

2260 5419 2326 5470 Τί
2355 5419 2720 5488 χρηστότητος
2749 5417 2926 5485 δόγμα
2959 5414 3405 5484 συντομώτερον;

569 5519 756 5574 Talem
793 5528 842 5572 te
869 5515 1110 5585 praebeas
1139 5515 1330 5568 amicis
1355 5524 1409 5567 et
1437 5513 1718 5583 proximis,

2265 5509 2517 5570 Τοιοῦτος
2546 5508 2654 5560 ἴσθι
2682 5509 2796 5568 τοῖς
2827 5507 3001 5572 φίλοις
3033 5509 3126 5560 καὶ
3151 5507 3261 5567 τοῖς
3294 5503 3479 5568 πέλας,

569 5614 767 5680 Quales
791 5630 918 5685 erga
959 5623 1011 5668 te
1040 5607 1162 5663 illos
1187 5621 1310 5664 esse
1344 5607 1447 5661 vis.

2270 5599 2429 5663 Οἴους
2459 5599 2668 5668 σεαυτῴ
2694 5597 2882 5652 τούσδε
2907 5597 3200 5668 τυγχάνειν
3226 5593 3421 5657 θέλεις.

574 5814 651 5883 (I)
682 5813 867 5867 Gt'zrca
908 5812 1125 5866 desunt.
