4062 6456
427 479 560 544 1201

1138 486 1310 545 LOCI
1347 482 1888 548 COMMUNES."—-
1934 486 2131 547 PARS
2163 489 2252 552 Π.
2280 493 2533 557 SERMO
2574 501 2890 561 LXXXIV.

3558 498 3691 560 1202

488 597 604 651 Οὐκ
635 597 943 666 εὐεργετῶν
981 596 1176 667 μόνον,
1211 597 1350 652 ἀλλὰ
1382 598 1479 652 καὶ
1512 599 1758 665 κολάζων
1789 600 1993 669 ἀγαθός

2177 603 2294 661 Non
2327 610 2505 666 solum
2561 613 2709 669 Deus-
2751 616 2985 685 benigne
3015 626 3069 671 et
3104 617 3415 671 humaniter
3453 632 3553 670 nos
3581 625 3694 669 tra-

417 690 535 742 ἔστι
569 689 667 744 καὶ
697 687 1082 760 φιλάνθρωπος
1113 691 1142 744 ό
1176 689 1326 754 Θεός.
1362 693 1475 746 Καὶ
1507 695 1617 763 γὰρ
1650 694 1706 747 al.
1740 694 1992 758 κολάσεις

418 781 584 836 αὑτοῦ
629 781 724 834 καὶ
766 783 823 834 αἱ
860 782 1124 852 τιμωρίαι
1165 783 1424 852 μέγιστον
1465 785 1786 856 εὐεργεσίας
1828 786 1993 856 μέρος

418 872 578 925 είσίνο
613 872 738 926 ἐπεὶ
766 874 861 926 καὶ
895 873 1371 950 ίατρδς,οὐχίὅταν
1399 878 1482 940 εἰς
1509 877 1871 947 παραδείσους
1898 880 1995 933 καὶ

415 964 690 1032 λειμῶνας
727 964 896 1036 ἐξάγῃ
928 967 1018 1020 τὸν
1055 969 1333 1036 κάμνοντα
1375 967 1576 1037 μόνον,
1612 971 1718 1024 οὐδ’
1745 973 1876 1026 ὅταν
1909 975 1993 1037 εἰς

419 1053 676 1124 βαλανεῖα
716 1058 811 1109 καὶ
852 1057 1236 1128 κολυμϐήθρας
1279 1059 1506 1127 ὑδάτων,
1549 1060 1688 1115 ἀλλὰ
1727 1065 1823 1118 καὶ
1861 1064 1994 1117 ὅταν

417 1144 605 1197 ἄσιτον
647 1145 844 1216 κελεύῃ
893 1146 1192 1216 διαμεῖναι,
1238 1150 1368 1205 ὃταν
1413 1153 1608 1222 τέμνῃ,
1648 1152 1776 1207 ὅταν
1822 1155 1996 1223 πικρὰ

420 1237 676 1309 προσάγῃ
718 1239 1007 1310 φάρμακα,
1047 1241 1168 1296 τότε
1213 1242 1311 1297 καὶ
1356 1246 1540 1316 ἰατρός
1579 1246 1730 1299 ἐστιν
1771 1246 1994 1315 ὁμοίως,

420 1329 515 1380 καὶ
543 1329 644 1397 τὴν
674 1329 840 1382 αὑτοῦ
870 1332 1281 1403 φιλανθρωπίαν
1310 1338 1647 1391 ἐπιδείκνυσι
1684 1338 1870 1393 πλέον.

503 1421 565 1474 '0
597 1425 664 1494 τῇ
706 1422 868 1493 φύσει
931 1426 1136 1491 ἀγαθὸς
1198 1429 1294 1482 καὶ
1341 1429 1564 1499 ἀγαθῶν
1598 1432 1818 1498 πάντως
1851 1450 1996 1505 παρ-

422 1513 663 1577 εκτικός.

491 1605 655 1660 Ἴδιον
683 1610 883 1671 παντὸς
910 1608 1117 1676 ἀγαθοῦ
1146 1608 1205 1662 τὺ
1231 1610 1485 1680 ὠφελεῖν.

494 1699 571 1751 Οὐ
597 1699 855 1756 τοσοῦτον
884 1702 913 1758 ὁ
942 1702 1120 1772 λόγος,
1148 1705 1274 1758 ὅσον
1303 1705 1538 1776 χρηστὸς
1557 1707 1760 1778 τρόπος
1787 1709 2000 1763 πείθειν

423 1791 676 1846 δύναται.

495 1877 650 1936 Οἷσιν
678 1885 706 1936 ὁ
733 1885 932 1955 τρόπος
960 1887 1114 1944 ἐστὶν
1137 1889 1422 1961 εὔτακτος,
1459 1895 1728 1949 τουτέοισι
1758 1896 1854 1951 καὶ
1884 1897 1998 1968 βίος

427 1977 816 2032 συντέτακται.

498 2064 675 2137 Τέχνη
703 2069 801 2136 μὲν
826 2071 1137 2141 γνωρίμους
1162 2073 1482 2143 ἐκτησάμην

499 2158 756 2225 Πολλοὺς,
779 2161 868 2214 διὰ
891 2163 989 2216 τὸν
1007 2165 1210 2235 τρόπον
1236 2166 1293 2220 δὲ
1319 2167 1445 2230 τοὺς
1475 2166 1763 2231 πλείστους
1791 2169 2001 2236 φίλους.

497 2250 875 2325 Θεμιστοκλῆς
915 2257 1114 2326 χωρίον
1147 2257 1345 2314 πωλῶν
1377 2259 1632 2313 ἐκέλευσε
1673 2259 1999 2332 κηρύττειν,

426 2343 510 2396 ὅτι
538 2346 634 2399 καὶ
663 2345 880 2413 γείτονα
910 2348 1146 2418 χρηστὸν
1173 2348 1308 2418 ἔχει.
1381 2385 1386 2388 -

1020 2531 1241 2585 ΛΟΓΟΣ
1279 2531 1402 2586 ΠΔ’.

712 2620 852 2691 Περὶ
889 2623 1222 2689 πραΰτητος
1249 2621 1349 2676 καὶ
1374 2625 1712 2690 εὐλαϐείας.

505 2712 767 2776 Εὐλαόεῖς
803 2717 1008 2767 ποιεῖτε
1037 2715 1163 2776 τοὺς
1196 2715 1345 2779 υἱοὺς
1372 2714 1618 2785 Ἰσραήλ.

515 2804 574 2857 Ὀ
603 2803 892 2872 ἄνθρωπος
917 2805 1126 2876 Μωσῆς
1166 2805 1346 2875 πραῢς
1379 2806 1586 2877 σφόδρα
1613 2805 1765 2876 παρὰ
1795 2807 2004 2870 πάντας

431 2893 778 2964 ἀνθρώπους,
809 2897 939 2960 τοὺς
971 2896 1134 2960 ὄντας
1159 2899 1253 2951 ἐπὶ
1280 2900 1378 2966 τῆς
1411 2898 1540 2966 γῆς.

511 2985 804 3058 Ὀδηγήσει
857 2991 1057 3059 πραεῖς
1083 2989 1144 3043 ὲν
1167 2989 1368 3060 κρίσει,
1401 2989 1606 3055 διδάξει
1632 2994 1829 3063 πραεῖς
1850 2993 2002 3056 ὁδοὺς

429 3079 618 3134 αὐτοῦ.

501 3171 568 3226 Οῖ
604 3171 659 3226 δὲ
698 3175 894 3244 πραεῖς
923 3173 1395 3248 κληρονομήσουσι
1429 3179 1555 3250 γῆν,
1599 3181 1694 3235 καὶ
1726 3198 2006 3254 κατατρυ-

432 3263 702 3330 φήσουσιν
731 3264 826 3317 επὶ
850 3263 1046 3334 πλήθει
1083 3267 1332 3337 εἰρήνης.

515 3355 940 3426 ’Λναλαμόάνων
972 3360 1172 3426 πραεῖς
1194 3361 1223 3412 ό
1248 3361 1451 3430 Κύριος
1474 3402 1490 3426 ,
1520 3361 1726 3432 ὑψώσει
1769 3366 1926 3433 πρεῖς
1949 3365 2008 3419 ἐν

435 3449 700 3520 σωτηρίᾳ.

508 3540 840 3610 Πραΰθυμος
865 3541 1006 3611 ἀνὴρ
1034 3541 1207 3612 ταχὺς
1233 3543 1440 3613 ἱατρός.

502 3633 772 3700 Κρεῖσσον
815 3631 1144 3701 πραθθυμος
1211 3633 1350 3702 μετὰ
1404 3639 1813 3704 ταπεινώσεως,
1865 3639 1897 3709 ἢ
1951 3639 2010 3704 ὃς

431 3722 719 3792 διαιρεῖται
751 3721 922 3775 σκῦλα
949 3723 1088 3790 μετὰ
1115 3722 1348 3792 ὕϐρεως.

506 3815 817 3883 Μακάριος,
849 3813 910 3878 ὃς
951 3817 1332 3884 καταπτήσσει
1369 3819 1548 3872 πάντα
1571 3819 1641 3872 δι’
1679 3821 1968 3877 εὐλάϐειαν
1990 3839 2008 3857 ο

433 3907 462 3958 ό
483 3906 540 3960 δὲ
570 3904 804 3977 σκληρὸς
832 3904 931 3976 τὴν
957 3906 1184 3975 καρδίαν
1209 3910 1535 3977 ἐμπεσεῖται
1559 3914 1768 3976 κακοῖς.

517 3998 838 4066 Ἀπόκρισις
871 3997 1263 4053 ὐποπίπτουσα
1303 4001 1638 4072 ἀποστρέφει
1671 4003 1862 4074 θυμόν.

509 4095 608 4156 Ὃς
655 4092 902 4162 φείδεται
959 4093 1112 4163 ῥῆμα
1145 4093 1418 4162 προέσθαι
1475 4096 1733 4168 σκληρὸν,
1775 4099 2010 4168 ἐπιγνώ-

438 4201 580 4252 μων.

502 4273 678 4341 Λόγος
710 4273 956 4344 μαλακὸς
988 4275 1250 4344 συγκλάει
1302 4277 1468 4331 ὀστᾶο
1507 4277 1683 4348 πραῢς
1738 4278 1880 4332 ἔστω
1908 4299 2010 4348 μα-

435 4366 632 4436 χητήςο

509 4459 732 4524 Τέκνον,
777 4458 835 4510 ὲν
875 4457 1155 4527 πραΰτητι
1185 4458 1255 4510 τὰ
1291 4458 1431 4530 ἔργα
1456 4475 1550 4513 σου
1573 4459 1885 4528 διεξάγαγε,
1915 4461 2008 4515 καὶ

437 4548 544 4602 ὑπὸ
581 4548 870 4618 ἀνθρώπου
893 4547 1086 4601 δεκτοῦ
1117 4549 1477 4622 άγαπηθήσῃ.

503 4639 659 4693 Γίνου
688 4640 862 4709 πρᾶος
891 4639 951 4690 ὲν
983 4639 1274 4710 ἀποκρίσει
1302 4639 1486 4708 λόγου,
1519 4641 1608 4694 ἵνα
1632 4641 1895 4712 συνήσῃς.

517 4727 610 4779 Ἐν
638 4726 994 4797 μακροθυμίᾳ
1034 4725 1276 4796 φθέγγου
1327 4730 1644 4800 ἀπόκρισιν.
1674 4730 1738 4784 Εἰ
1772 4730 1888 4784 ἔστι
1922 4746 2007 4784 σοι

435 4819 676 4885 σύνεσις,
711 4819 1043 4890 ἀποκρίθητι
1079 4819 1158 4888 τῷ
1184 4820 1436 4890 πλησίον.

505 4909 732 4977 Τέκνον,
755 4911 814 4966 ὲν
846 4911 1123 4983 πραΰτητι
1145 4912 1245 4981 τὴν
1265 4912 1446 4984 ψυχήν
1477 4929 1571 4968 σου
1597 4913 1830 4980 δίδαξον.

511 5087 700 5151 Ῥίζας
759 5086 936 5142 ἐθνῶν
994 5087 1244 5142 καθεῖλεν
1289 5090 1319 5142 ό
1348 5087 1574 5158 Κύριος,
1605 5087 1703 5155 καὶ
1739 5087 2007 5157 ἐφύτευσε

435 5182 630 5250 πραεῖς
660 5181 776 5235 ἀντ’
802 5179 1009 5235 αὐτῶν.

505 5270 790 5342 Μακάριοι
845 5271 896 5324 oi
932 5271 1150 5341 πραεῖς,
1200 5270 1283 5324 ὅτι
1337 5271 1490 5326 αὐτοὶ
1536 5270 2008 5343 κληρονομήσουσι

439 5361 529 5428 τὴν
558 5360 686 5430 γῆν.

505 5451 712 5519 Ἀρατε
754 5451 848 5504 τὸν
878 5451 1040 5520 ζυγόν
1075 5469 1179 5523 μου
1211 5453 1297 5519 ἐφ’
1325 5451 1491 5520 ὑμᾶς,
1543 5451 1637 5504 καὶ
1673 5452 1874 5518 μάθετε
1911 5453 2007 5505 ἀπ’

434 5540 566 5609 ἐμοῦ
598 5543 682 5594 ὃτι
733 5543 911 5612 πρᾶός
964 5543 1082 5612 εἰμι
1125 5543 1220 5595 καὶ
1268 5542 1522 5604 ταπεινὸς
1547 5543 1616 5612 τῇ
1659 5542 1880 5614 καρδίᾳ.
1913 5544 2006 5597 καὶ

434 5631 697 5702 εὑρήσετε
723 5634 1040 5688 ἀνάπαυσιν
1061 5636 1182 5698 ταῖς
1217 5632 1419 5702 ψυχαῖς
1449 5633 1627 5702 ὑμῶν.

486 5725 576 5778 ⁵Ὀ
601 5724 762 5796 λόγος
818 5725 972 5796 ὑμῶν
999 5727 1234 5780 πάντοτε
1282 5727 1340 5780 ἐν
1387 5724 1596 5796 χάριτι,
1628 5724 1789 5778 ἅλατι
1837 5727 2007 5796 ἠρτυ-

437 5815 617 5884 μένος,
648 5817 846 5872 ειδέναι
896 5816 1013 5881 πῶς
1043 5818 1124 5872 δεῖ
1154 5819 1300 5889 ὑμᾶς
1333 5816 1414 5870 ένὶ
1441 5815 1661 5885 ἑκάστῳ
1708 5817 2000 5886 ἀποκρίνε-

437 5903 584 5960 σθαι.

2110 706 2220 752 ctat
2247 700 2373 755 dum
2409 704 2689 760 beneﬂciis
2730 721 2831 762 nos
2881 710 3064 775 allicit,
3115 725 3305 764 verum
3353 710 3517 763 etiam
3561 709 3689 762 dum

2111 793 2286 859 punit.
2324 793 2536 850 Etenim
2597 799 3104 856 animadversiones
3169 803 3286 871 ejus
3331 808 3383 853 ct
3427 799 3691 867 supplicia

2118 882 2368 939 beneﬁcii
2403 896 2529 941 sunt
2550 902 2675 956 pars
2697 891 2958 955 maxima,
2989 890 3282 960 quando‘et
3313 892 3558 946 medicus
3583 906 3690 944 non

2113 977 2289 1029 solum
2326 991 2450 1031 cum
2486 978 2540 1032 in
2567 979 2758 1035 hortos
2791 990 2845 1035 et
2879 992 3032 1051 prata
3065 985 3250 1036 educit
3281 991 3567 1052 inl‘Olllm,
3598 994 3694 1034 aut

2112 1064 2166 1117 in
2204 1065 2428 1122 balneas
2454 1077 2506 1122 et
2537 1084 2804 1140 aquarum
2851 1072 3111 1140 piscinas,
3164 1073 3255 1126 sed
3304 1073 3468 1125 etiam
3501 1085 3625 1126 cum
3662 1087 3693 1124 a

2114 1157 2239 1210 cibo
2265 1159 2541 1215 abstinere
2569 1163 2743 1232 jubet,
2775 1181 2898 1219 cum
2943 1178 3117 1230 secat,
3154 1181 3279 1220 cum
3315 1181 3502 1219 amara
3538 1165 3692 1218 adhi-

2116 1249 2204 1302 bet
2233 1250 2652 1316 medicameuta,
2689 1262 2805 1307 tum
2846 1270 3064 1324 quoque
3111 1270 3264 1324 reque
3310 1264 3394 1310 est
3424 1253 3689 1316 medicus,

2111 1358 2379 1411 suamque
2411 1345 2586 1415 magis
2626 1345 2864 1399 declarat
2896 1347 3308 1400 humanitatem.

2183 1431 2342 1501 Greg.
2382 1431 2550 1503 Nysa.
2583 1433 2684 1500 Qui
2717 1443 2912 1488 natura
2958 1436 3133 1490 bonus
3171 1442 3254 1489 est
3282 1475 3297 1498 ,
3344 1434 3486 1488 idem
3516 1442 3570 1488 et
3597 1434 3694 1488 bo-

2111 1534 2305 1574 norum
2337 1521 2563 1592 largitor
2589 1523 2814 1577 omnino
2847 1532 2952 1578 est.

2185 1613 2472 1682 Proprium
2509 1614 2779 1670 bonorum
2818 1618 3063 1671 omnium
3114 1625 3198 1672 est
3248 1615 3508 1685 prodesse
3549 1615 3690 1674 aliis.

2183 1703 2300 1760 Non
2331 1716 2442 1762 tam
2494 1708 2682 1778 verba,
2712 1711 2892 1781 [quam
2947 1711 3075 1766 boni
3127 1725 3318 1766 more.
3359 1711 3694 1782 persuadere

2112 1809 2365 1868 possunt.

2183 1889 2481 1960 Posidippi.
2513 1891 2754 1957 Quorum
2782 1907 2966 1948 mores
2998 1901 3124 1947 sunt
3155 1891 3444 1958 moderati,
3470 1907 3695 1950 eorum-

2107 1981 2228 2037 dem
2263 1991 2374 2038 tota
2399 1984 2510 2038 vita
2539 1985 2682 2040 bene
2700 1985 3005 2054 composita
3038 1995 3141 2040 est.

2205 2077 2334 2130 Arte
2359 2077 2561 2132 multos
2586 2077 2718 2130 mihi
2753 2076 3067 2139 familiares,

2206 2166 2451 2222 Moribus
2483 2178 2663 2222 autem
2695 2169 2962 2237 plurimos
3003 2169 3211 2224 amicos
3241 2169 3582 2239 comparavi.

2179 2255 2566 2312 Themistoclis.
2608 2257 3008 2313 Themistocles
3045 2259 3309 2328 praedium
3345 2259 3698 2314 venditurusr

2097 2347 2267 2416 jussit
2294 2348 2560 2417 praeconis
2595 2361 2728 2402 voce
2766 2349 3117 2418 promulgari,
3164 2350 3333 2403 etiam
3371 2350 3573 2405 bonum
3607 2350 3688 2403 vi-

2103 2435 2285 2488 cinum
2319 2436 2370 2489 id
2410 2435 2631 2489 habere.

2407 2527 2642 2584 SERMO
2682 2527 2946 2584 LXXXIV
2987 2527 3087 2600 [οι.
3129 2529 3388 2601 Χονιιηι.

2484 2621 2559 2674 De
2587 2621 2866 2675 clementia
2897 2629 2947 2674 et
2978 2623 3314 2676 verecundia.

2177 2715 2340 2769 Lavit.
2374 2711 2639 2768 Verentes
2665 2722 2718 2766 et
2749 2719 3058 2766 metuentes
3090 2711 3255 2767 facile
3278 2712 3419 2766 ﬁlios
3452 2711 3691 2770 lsraelis.

2178 2804 2344 2858 Num.
2381 2820 2477 2858 ιιι.
2516 2803 2695 2858 Moses
2739 2811 3065 2857 mansuetus
3095 2816 3260 2872 supra
3291 2816 3482 2857 oumes
3513 2803 3693 2858 homi-

2104 2914 2204 2958 nes
2230 2897 2324 2968 qui
2355 2907 2485 2954 sunt
2512 2897 2566 2951 in
2604 2897 2784 2951 terris.
3187 2901 3202 2913 '

2176 2990 2327 3045 Paul.
2365 3004 2514 3044 xxiv.
2557 2988 2791 3044 Deducet
2837 2997 2894 3042 et
2927 2993 3249 3042 mansuetos
3293 2986 3346 3042 in
3371 2986 3608 3056 judicio,
3635 2997 3693 3043 et

2105 3084 2322 3141 docebit
2360 3085 2654 3138 clementes
2685 3083 2803 3136 vias
2834 3097 2988 3138 suas.

2179 3176 2336 3232 Mites
2374 3186 2554 3229 autem
2606 3173 3006 3229 haereditabunt
3054 3181 3292 3236 terram,
3345 3171 3504 3244 241
3537 3179 3593 3228 et
3635 3172 3690 3227 in

2032 3281 2078 3343 ρ
2111 3283 2324 3324 smnma
2349 3282 2485 3337 pace
2514 3267 2677 3321 vitam
2704 3275 2864 3337 agent
2893 3282 3016 3320 cum
3052 3266 3351 3334 voluptate.

2185 3361 2473 3430 Excipieus
2503 3361 2798 3416 clementes
2841 3359 3104 3414 Dominus
3157 3357 3401 3420 extollet,
3433 3365 3488 3410 et
3514 3358 3667 3412 salu-

2113 3461 2217 3507 tem
2249 3451 2418 3506 dabit.

2191 3543 2286 3597 Vir
2315 3545 2417 3598 leni
2447 3543 2706 3614 prteditus
2738 3543 2920 3596 animo
2947 3543 3093 3596 celer
3120 3549 3206 3596 est
3239 3543 3500 3597 medicus.

2195 3635 2356 3690 Prov.
2389 3651 2498 3691 xvr.
2532 3633 2765 3689 Praestat
2799 3634 2902 3687 leui
2933 3648 3054 3688 esse
3085 3634 3270 3687 animo
3301 3649 3424 3687 cum
3459 3632 3683 3686 humili-

2112 3737 2241 3791 tate,
2279 3743 2443 3798 quam
2475 3727 2720 3780 dividere
2743 3727 2913 3796 spolia
2947 3741 3068 3780 cum
3099 3726 3453 3780 contumelia.

2187 3819 2382 3873 Beatus
2411 3819 2504 3887 qui
2553 3817 2851 3886 prudenter
2882 3817 3063 3870 omnia
3095 3815 3291 3872 timet:
3321 3815 3460 3870 duro
3491 3821 3678 3869 autem

2111 3913 2274 3968 corde
2307 3911 2565 3980 praeditus
2599 3910 2800 3965 incidet
2827 3910 2881 3964 in
2913 3909 3075 3963 mala.

2185 4001 2344 4058 Prov.
2370 4018 2462 4056 xv.
2493 4001 2797 4074 Responsio
2825 4001 3095 4057 submissa
3121 3999 3254 4054 iram
3289 3997 3507 4054 avertit.

2181 4095 2284 4160 Qui
2337 4104 2489 4149 cavet
2537 4108 2649 4164 quo
2699 4093 2886 4148 minus
2929 4090 3152 4147 verbum
3205 4089 3419 4146 emittat
3463 4088 3682 4149 durum,

2112 4187 2352 4257 prudens
2377 4195 2482 4239 est.
3383 4185 3388 4188 ’

2193 4277 2310 4330 laet
2332 4286 2387 4331 et
2413 4275 2566 4329 Prov.
2599 4291 2726 4331 xxv.
2759 4273 2935 4330 Mollis
2963 4277 3140 4331 oratio
3181 4274 3482 4344 confringit
3514 4289 3638 4328 ossa
3668 4290 3681 4337 ;

2111 4370 2259 4423 mitis
2285 4378 2402 4422 esto
2431 4377 2718 4436 pugnator.

2188 4457 2356 4510 Eccli.
2397 4455 2522 4517 Fili,
2553 4457 2606 4509 in
2636 4455 2856 4510 leuitate
2888 4455 2972 4510 fac
2993 4470 3156 4525 opera
3185 4464 3277 4510 tua
3320 4454 3593 4524 perﬁcias,
3625 4463 3682 4508 et

2112 4551 2180 4604 ab
2215 4549 2437 4602 homine
2465 4558 2713 4614 Spectato
2739 4547 3004 4615 diligeris.

2042 4608 2087 4664 θ
2187 4641 2317 4694 Esto
2343 4640 2478 4693 lenis
2507 4640 2559 4690 in
2587 4638 2963 4707 responsione,
2988 4647 3047 4691 ut
3071 4636 3364 4704 intelligas.

2177 4733 2312 4788 Cum
2362 4730 2625 4798 sapientia
2661 4731 2727 4783 da
2784 4744 3126 4798 responsum.
3182 4727 3239 4782 Si
3269 4727 3685 4797 intelligentiam

2109 4823 2300 4884 habes,
2349 4820 2614 4887 responde
2643 4820 2910 4889 proximo.

2178 4912 2341 4967 Ecrli.
2371 4929 2424 4970 κ.
2451 4912 2576 4978 Fili,
2601 4912 2656 4966 in
2688 4912 2907 4966 lenitate
2923 4912 3164 4966 animum
3187 4921 3338 4966 tuum
3363 4918 3687 4966 monstrato.

2110 5007 2309 5075 (Alias,
2334 5004 2578 5069 δόξασον,
2603 5004 2652 5057 id
2684 5012 2767 5058 est
2789 5003 3077 5074 gloriﬁca.)

2177 5095 2320 5148 Ibid.
2346 5095 2576 5150 Radices
2595 5096 2838 5165 gentium
2865 5095 3102 5163 detraxit
3127 5093 3413 5158 Dominus,
3442 5101 3498 5148 et
3529 5093 3583 5148 in
3606 5094 3689 5148 lo-

2109 5197 2230 5237 cum
2256 5183 2471 5235 illarum
2500 5183 2763 5250 plantavit
2793 5189 3131 5238 mansuetos.

2189 5273 2377 5328 Matth.
2413 5287 2465 5328 v.
2515 5273 2662 5330 Beati
2711 5275 3028 5341 clementes,
3081 5274 3340 5346 quoniam
3391 5275 3492 5344 ipsi
3525 5281 3685 5330 terra:

2110 5364 2481 5418 lizereditatem
2526 5364 2764 5432 capient.
3293 5349 3295 5353 ’

2185 5455 2378 5510 Matth.
2417 5471 2493 5508 χι.
2551 5456 2795 5524 Accipite
2841 5456 3032 5525 iugum
3062 5471 3242 5510 meum
3278 5471 3442 5522 super
3471 5470 3592 5521 vos,
3621 5473 3684 5511 ac

2106 5564 2173 5602 ex
2209 5565 2294 5601 me
2329 5547 2540 5609 discite,
2573 5549 2827 5613 quoniam
2855 5547 3001 5601 mitis
3021 5562 3142 5601 sum
3171 5557 3225 5602 et
3247 5548 3468 5602 humilis
3495 5547 3680 5613 corde,

2107 5649 2160 5692 et
2195 5638 2391 5691 animis
2417 5638 2612 5692 vestris
2645 5639 2946 5706 requietem
2973 5638 3278 5692 invenietis.

2177 5726 2383 5782 Colon.
2430 5743 2502 5782 tv.
2552 5728 2745 5782 Sermo
2795 5736 2976 5784 vester
3008 5743 3224 5796 semper
3266 5729 3318 5782 in
3352 5731 3546 5797 gratia,
3568 5733 3681 5788 sale

2106 5817 2380 5880 conditus,
2427 5828 2484 5872 ut
2516 5819 2976 5886 quemadmodum
3015 5820 3311 5887 unicuique
3344 5822 3680 5889 respondere

2105 5909 2377 5972 Convenit,
2403 5909 2611 5966 sciatis.
