4062 6408
481 359 618 424 1205

1253 355 1421 415 LOCI
1452 354 1772 414 COMMUN
1783 354 1892 416 ES.
1915 378 1982 389 -
2006 353 2201 413 PARS
2228 353 2310 414 Il.
2351 351 2608 413 SERMO
2643 350 2963 411 LXXXVI.

3608 347 3743 412 1206

548 477 659 529 Καὶ
685 468 752 542 ἦν
789 470 1030 541 Ἐιρραϊμ
1061 468 1136 528 ὡς
1171 465 1470 536 περιστερά
1503 467 1688 528 ἄνους,
1721 465 1798 537 μὴ
1847 465 2049 536 ἔχουσα

2221 463 2354 520 Osee
2409 479 2509 520 vn.
2542 462 2607 517 Et
2635 473 2754 518 erat
2783 445 3038 532 Ephraim
3071 459 3224 514 velut
3254 457 3505 516 colomba
3537 463 3739 518 stolida

479 567 729 634 καρδίαν.

548 652 769 708 Γίνεσθε
805 652 1060 724 φρόνιμοι
1102 653 1180 715 ῶς
1215 653 1266 706 ot
1317 649 1491 720 ὄφεις,
1551 648 1644 704 καὶ
1683 647 1940 715 ἀκέραιοι
1973 647 2050 707 ὡς

481 748 534 800 αἱ
565 745 909 815 περιστεραί.

559 837 621 890 '0
657 835 846 906 λύχνος
890 833 986 890 τοῦ
1019 832 1269 904 σώματός
1316 831 1465 888 ἐστιν
1500 832 1528 883 ό
1576 827 1882 901 ὀφθαλμός.
1925 827 2053 882 Ἐἀν

481 924 575 982 οὖν
603 930 632 980 ό
681 926 960 996 ὀφθαλμός
994 943 1086 982 σου
1125 922 1327 985 ἀπλοῦς
1382 918 1438 996 ᾖ,
1488 919 1609 976 ὅλον
1642 920 1705 972 τὸ
1757 919 1915 990 σῶμά
1959 933 2054 971 σου

482 1018 740 1088 φωτεινόν
767 1016 941 1072 ἕσται.

545 1109 750 1172 Διττῶς
776 1108 1005 1178 νοοῦμεν
1034 1108 1131 1178 τὴν
1155 1107 1392 1163 ἀκακίαν
1411 1122 1425 1136 ·
1455 1106 1490 1176 ἢ
1523 1106 1632 1174 γάρ
1661 1105 1802 1160 κατά
1820 1103 1920 1173 τὴν
1948 1103 2058 1160 ἀπὸ

481 1202 577 1272 τῆς
603 1200 880 1271 ἁμαρτίας
933 1198 1284 1269 ἀλλοτρίωσιν
1311 1195 1559 1267 λογισμῷ
1589 1193 2059 1264 κατορθουμένην,

483 1293 578 1345 καὶ
597 1291 684 1347 διὰ
721 1291 939 1362 μακρᾶς
975 1290 1251 1360 προσοχῆς
1304 1291 1400 1346 καὶ
1427 1288 1660 1358 μελέτης
1688 1287 1798 1341 τῶν
1836 1285 2060 1355 ἀγαθῶν

482 1381 646 1433 οἱονεὶ
671 1380 768 1450 τὴν
822 1379 979 1449 ῥίζαν
1035 1383 1134 1450 τῆς
1175 1378 1374 1443 κακίας
1427 1378 1792 1448 ἐκτεμόντες·
1831 1375 1866 1447 ἢ
1919 1377 2061 1428 κατά

485 1471 740 1543 στέρησιν
773 1473 945 1544 αὐτῆς
994 1471 1258 1540 παντελῆ,
1288 1471 1386 1541 τὴν
1415 1470 1509 1528 τοῦ
1546 1471 1757 1524 ἀκάκου
1787 1485 2062 1541 προσηγο-

485 1561 610 1632 ρίαν
637 1561 923 1630 δεχόμεθα.
960 1561 1064 1613 Καὶ
1090 1561 1252 1614 πάλιν
1291 1559 1496 1614 ἀκακία
1523 1560 1674 1612 ἐστὶν
1705 1560 1740 1629 ἡ
1772 1560 1940 1629 μήπω
1966 1556 2061 1611 τοῦ

485 1652 655 1708 κακοῦ
695 1653 980 1724 ἐμπειρία,
1014 1653 1100 1710 διὰ
1147 1652 1376 1721 νεότητα
1407 1651 1674 1716 πολλάκις
1698 1651 1736 1721 ἢ
1765 1649 1883 1720 βίου
1919 1649 2064 1713 τινὸς

486 1747 852 1814 ἐπιτήδευσιν,
884 1746 1128 1816 ἀπείρως
1166 1743 1332 1798 τινῶν
1362 1743 1499 1814 πρός
1528 1759 1682 1808 τινας
1716 1743 1918 1806 κακίας
1948 1743 2064 1795 δια-

2159 564 2216 608 et
2249 570 2446 609 carens
2485 557 2665 610 conte.

2240 645 2436 702 Matth.
2470 661 2524 700 κ.
2576 646 2763 702 Estote
2818 645 3113 716 prudentes
3151 645 3298 702 sicut
3349 651 3659 714 serpentes,
3690 653 3745 698 et

2159 738 2439 806 simplices
2467 747 2525 792 ut
2561 739 2845 793 columbm.

2234 830 2425 884 Matth.
2486 847 2561 884 νι.
2609 830 2855 886 Lucerna
2890 829 3144 900 corporis
3197 831 3275 888 tui
3306 838 3390 886 est
3437 828 3654 886 oculus.
3686 829 3743 882 Si

2162 922 2328 994 igitur
2385 922 2580 977 oculus
2613 931 2741 980 tuus
2791 924 3021 993 simplex
3079 923 3264 988 fuerit,
3304 930 3480 976 totum
3539 936 3744 990 corpus

2163 1025 2316 1070 tuum
2349 1015 2585 1069 lucidum
2616 1017 2743 1069 erit.

2233 1105 2294 1161 8.
2346 1106 2560 1160 Basilii.
2591 1105 2888 1175 Dupliciter
2927 1107 3294 1162 innocentiam
3351 1103 3746 1174 intelligimus;

2165 1206 2260 1252 aut
2308 1197 2452 1252 enim
2487 1197 2556 1251 ab
2587 1195 2915 1254 alienatione
2965 1212 2997 1251 a
3036 1206 3258 1266 peccato
3283 1237 3300 1262 ,
3352 1212 3474 1266 quas
3529 1196 3746 1252 ratione

2167 1289 2445 1360 dirigitur,
2485 1303 2550 1344 ac
2581 1304 2676 1358 per
2727 1290 2940 1358 longam
3000 1289 3362 1344 attentionem
3398 1297 3453 1344 et
3482 1286 3748 1342 exercita-

2168 1380 2372 1440 tionem
2404 1379 2673 1435 bonorum
2705 1382 2864 1449 quasi
2900 1381 3080 1434 radice
3114 1380 3371 1434 vitiorum
3397 1378 3622 1444 excisa;
3653 1385 3750 1432 aut

2169 1486 2236 1527 es
2260 1472 2573 1530 omnimoda
2601 1472 2822 1528 malitiae
2857 1472 3167 1543 privatione
3215 1471 3478 1538 simplicis
3507 1481 3560 1526 et
3585 1472 3747 1524 inno-

2171 1561 2345 1620 centis
2378 1561 2806 1634 appellationem
2857 1560 3174 1632 accipimus.
3210 1560 3279 1614 Et
3319 1574 3530 1620 rursus,
3589 1557 3751 1612 ἰιιιιος

2170 1650 2353 1705 centia
2384 1657 2468 1706 est
2493 1665 2556 1704 ea
2583 1665 2704 1719 quae
2733 1649 2857 1704 mali
2883 1651 3132 1721 imperita
3153 1659 3258 1716 est,
3282 1659 3342 1704 ut
3365 1664 3507 1718 sarpe
3530 1655 3752 1718 propter

2172 1748 2382 1796 aetatem
2407 1739 2724 1811 iuvenilem,
2756 1750 2851 1796 aut
2874 1751 3094 1811 propter
3125 1742 3248 1797 vita:
3278 1757 3455 1814 genus
3501 1742 3752 1796 nonnulli

487 1838 778 1906 κειμένων,
813 1831 925 1889 οἷον
968 1839 996 1890 ὁ
1047 1838 1176 1900 παῖς
1199 1835 1298 1890 οὐκ
1346 1831 1489 1888 οἶδεν
1531 1835 1934 1906 ὑπερηφανίαν,
1963 1834 2065 1886 οὐκ

2179 1831 2404 1901 imperiti
2435 1831 2890 1902 suntaliquarum
2924 1832 3341 1902 improbitatum
3369 1843 3422 1887 et
3451 1831 3708 1886 vitiorum
3734 1847 3752 1892 ;

486 1924 601 1982 οἶδε
628 1928 777 1984 δόλον
817 1929 850 1998 ἢ
893 1929 1267 1998 ῥᾳδιουργίαν.
1304 1925 1447 1991 Τοὺς
1497 1926 1778 1989 τοιούτους
1823 1926 2071 1988 ἀκάκους

487 2019 743 2090 λέγομεν,
771 2021 868 2088 οὐχ
896 2019 971 2082 ὼς
998 2021 1061 2072 ὲκ
1099 2017 1475 2090 προαιρέσεως
1506 2018 1705 2080 κακίας
1730 2016 2073 2086 κεχωρισμέ-

489 2127 638 2175 νους,
688 2110 803 2163 ἀλλ’
827 2112 902 2172 ῶς
932 2110 1101 2178 μήπω
1133 2112 1210 2172 είς
1241 2109 1440 2176 πεῖραν
1481 2109 1582 2179 τῆς
1612 2107 1858 2178 πονηρᾶς
1905 2106 2074 2173 ἕξεως

494 2203 852 2271 ἀφιγμένους.
887 2200 1295 2272 Χαρακτηρίζει
1328 2201 1422 2256 οὐν
1453 2200 1547 2256 τὸν
1592 2201 1800 2256 ἄκακον
1833 2201 1868 2272 ἡ
1903 2201 2073 2254 ἁπλό-

504 2311 604 2366 της
633 2294 727 2348 τοῦ
761 2294 990 2366 τρόπου.

567 2477 642 2531 Τὸ
676 2476 879 2530 ἀπλοῦν
903 2476 999 2530 καὶ⁸
1041 2475 1227 2529 ἄδολον
1260 2474 1354 2528 τοῦ
1387 2475 1554 2546 ἤθους
1609 2472 1850 2541 εὐκόλως
1885 2471 2080 2540 ἐξαγο-

499 2569 649 2640 ρεύει
675 2569 743 2622 τὰ
770 2569 1058 2638 ἀπόρρητα
1089 2568 1188 2637 τῆς
1218 2568 1426 2638 ψυχῆς.

590 2658 926 2726 Ἀφύλακτον
956 2659 991 2726 ἡ
1043 2657 1300 2726 ἁπλότης,
1355 2657 1446 2709 καὶ
1478 2655 1680 2727 ἥκιστα
1723 2653 1924 2710 κακίαν
1953 2655 2082 2724 ὐφο-

506 2749 664 2818 ρᾶται
689 2748 750 2802 τὸ
775 2747 973 2810 κακίας
1003 2747 1311 2816 ἐλεύθερον.

571 2840 748 2908 Βραδὺ
774 2839 909 2911 πρὸς
934 2839 1190 2892 ὑπόνοιαν
1221 2835 1393 2894 κακοῦ
1419 2839 1480 2890 τὸ
1503 2837 1638 2909 πρὸς
1659 2836 1864 2892 κακίαν
1895 2834 2082 2889 δυσκί-

506 2949 690 3000 νητον.

579 3025 652 3077 Τὸ
684 3025 766 3088 είς
797 3023 995 3079 κακίαν
1024 3026 1122 3098 οὐχ
1182 3022 1400 3092 ἕτοιμον
1429 3021 1551 3076 οὐδὲ
1586 3023 1668 3082 είς
1703 3020 1960 3074 ὑπόνοιαν
1994 3019 2085 3070 εὐ-

510 3113 692 3184 χερές.

584 3205 658 3258 Τὸ
682 3204 880 3266 κακίας
909 3201 1196 3276 ἐλεύθερον
1227 3205 1324 3256 καὶ
1358 3203 1663 3273 ὑφορᾶσθαι
1694 3205 1894 3258 κακίαν
1919 3203 2085 3275 ἀργό-

508 3312 568 3348 τε
575 3313 684 3366 ρον.

585 3388 993 3457 Χαρακτηρίζει
1023 3387 1116 3444 τὸν
1149 3387 1354 3442 ἄκακον
1384 3389 1416 3457 ἡ
1452 3386 1694 3454 ἁπλότης
1717 3387 1811 3440 τοῦ
1847 3388 2029 3455 λόγου.

593 3479 662 3532 Ἦ
710 3479 950 3550 ἁπλότης
996 3461 1302 3549 ripae-:ng
1320 3479 1468 3548 παρὰ
1510 3478 1651 3547 Θεῷ.
1697 3477 1771 3531 Τὸ
1803 3477 1910 3547 γὰρ
1955 3493 2090 3530 παν-

513 3571 733 3640 οῦργον,
791 3573 840 3623 εί
863 3571 958 3622 καὶ
987 3569 1176 3623 δεκτόν
1206 3585 1337 3622 ποτε
1370 3571 1430 3621 ὲν
1458 3571 1572 3631 τοῖς
1607 3569 1746 3622 κατά
1768 3566 1900 3620 Θεὸν
1926 3584 2092 3620 σπου-

515 3663 809 3730 δάσμασιν,
842 3660 962 3714 ἀλλ’
981 3660 1232 3728 οὐδαμῶς
1257 3664 1340 3724 είς
1373 3659 1574 3731 ἀρετῆς
1610 3660 1839 3714 εὐωδίαν
1863 3659 2092 3714 καταλο-

516 3755 878 3825 γισθήσεται.,

1099 3887 1318 3943 ΛΟΓΟΣ
1359 3885 1500 3954 nq'.

521 4025 664 4095 Napi
710 4025 1082 4096 πανούργου,
1137 4024 1240 4078 καὶ
1277 4023 1522 4096 δολίου,
1548 4023 1648 4076 καὶ
1691 4022 1955 4077 σκολιοῦ
1985 4021 2094 4075 τὸν

1178 4095 1425 4161 τρόπον,

605 4209 1008 4277 Ἐξολοθρεύσει
1035 4205 1244 4272 Κύριος
1272 4206 1454 4261 πάντα
1491 4209 1562 4260 τὰ
1609 4205 1767 4278 χείλη
1822 4207 1890 4260 τὰ
1919 4207 2092 4273 δόλια,

521 4302 772 4371 γλῶσσαν
803 4299 1284 4372 μεγαλορῤήμονα.

595 4395 670 4446 Τὸ
699 4394 873 4461 στόμα
910 4409 1004 4445 σου
1055 4389 1349 4442 ἐπλεόνασε
1389 4389 1612 4452 κακίας,
1659 4390 1752 4442 καὶ
1784 4391 1815 4458 ἡ
1873 4389 2098 4456 γλῶσσὰ

527 4503 620 4540 σου
653 4483 983 4554 περιέπλεκε
1017 4483 1101 4535 δολ
1113 4484 1351 4550 ιότητας.

601 4578 826 4642 Ἀνδρες
875 4577 1127 4646 αἱμάτων
1175 4574 1272 4627 καὶ
1319 4573 1625 4644 δολιότητος
1653 4573 1715 4626 οὐ
1756 4572 1833 4644 μὴ
1867 4572 2097 4643 ἡμισεύ-

529 4686 666 4723 σωσι
693 4668 793 4729 τὰς
827 4667 1044 4735 ἡμέρας
1079 4664 1284 4718 αὐτῶν.

605 4755 793 4827 Κύριε,
827 4757 988 4826 ῥῦσαι
1015 4755 1116 4824 τήν
1165 4755 1348 4824 ψυχήν
1378 4771 1481 4823 μου
1509 4753 1618 4807 ἀπὺ
1646 4753 1870 4823 χειλέων
1899 4754 2102 4808 ἀδίκων

533 4850 628 4902 καὶ
657 4849 765 4902 ἀπὸ
787 4847 1040 4918 γλώσσης
1082 4847 1288 4907 δολίας.

603 4942 1018 5008 Διεστραμμένη
1049 4937 1249 5004 καρδία
1281 4936 1625 4990 τεκταίνεται
1661 4936 1841 4988 κακά’
1871 4936 1930 4987 ὲν
1959 4952 2103 4988 παν-

533 5034 590 5086 τὶ
626 5030 805 5100 καιρῷ
833 5033 860 5083 ὁ
889 5031 1130 5091 τοιοῦτος
1158 5027 1403 5098 ταραχὰς
1452 5025 1737 5094 συνίστησι
1785 5026 1940 5079 πόλει
1966 5040 1982 5055 ⁸
2017 5027 2105 5080 διὰ

532 5121 692 5176 τοῦτο
717 5121 976 5189 ἐξαπίνης
1004 5120 1222 5190 ἔρχεται
1251 5121 1283 5190 ἡ
1316 5117 1563 5172 ἀπώλεια
1597 5116 1787 5184 αὐτοῦ,
1817 5117 1900 5170 ὅτι
1927 5117 2105 5188 χαίρει

535 5215 705 5266 πᾶσιν
728 5208 810 5273 oi;
848 5213 999 5281 μισεῖ
1023 5210 1052 5261 ό
1079 5209 1235 5272 Θεός.

608 5305 770 5371 Λόγοι
796 5302 1008 5354 ἀσεϐῶν
1039 5302 1224 5357 δόλιοι.

605 5392 792 5462 Ψυχαὶ
819 5392 1042 5446 δικαίων
1078 5391 1387 5444 πλανῶνται
1422 5395 1482 5445 ἐν
1505 5390 1828 5461 ἁμαρτίαις.

618 5487 681 5541 '0
707 5485 921 5550 σκολιός
948 5484 1042 5537 ἐπὶ
1071 5485 1133 5537 τὸ
1161 5482 1361 5538 ἑαυτοῦ
1400 5484 1577 5555 στόμα
1617 5484 1778 5553 φορεῖ
1805 5483 1907 5554 τὴν
1960 5481 2110 5535 ἀπώ-

533 5577 706 5630 λειαν.

619 5667 787 5738 Ἀνὴρ
817 5665 1028 5730 σκολιὸς
1063 5665 1436 5736 διαπέμπεται
1468 5665 1642 5731 κακά,
1669 5664 1764 5718 καὶ
1791 5662 2108 5734 διαχωρίζει

538 5761 743 5831 φίλους.

2176 1932 2236 1978 ιιι
2262 1938 2399 1998 puer
2422 1938 2534 1984 non
2557 1925 2708 1980 novit
2732 1924 3068 1994 superbiam,
3105 1939 3215 1982 non
3265 1923 3415 1977 novit
3443 1922 3629 1980 dolum
3659 1932 3752 1976 aut

2176 2016 2494 2072 versutiam.
2523 2014 2682 2072 Tales
2734 2015 3012 2084 simplices
3069 2015 3252 2071 dicere
3310 2014 3588 2079 solemus,
3644 2029 3758 2068 non

2178 2106 2323 2174 quod
2350 2120 2415 2160 ex
2439 2107 2690 2163 instituto
2717 2121 2748 2163 a
2797 2107 2944 2162 malo
2972 2115 3027 2163 et
3057 2106 3194 2160 vitio
3217 2107 3330 2161 sint
3355 2106 3621 2174 separati,
3657 2107 3754 2160 sed

2179 2197 2321 2268 quod
2380 2201 2618 2254 nondum
2673 2199 2948 2256 senserint
3005 2206 3098 2254 aut
3137 2199 3350 2267 experti
3383 2198 3493 2253 sint
3548 2197 3750 2256 malam

2180 2290 2345 2344 animi
2375 2289 2737 2348 adiectionem.
2767 2291 2990 2348 Format
3041 2288 3206 2366 243
3259 2290 3425 2364 igitur
3455 2288 3755 2365 simplicem

2183 2395 2394 2435 morum
2432 2383 2778 2451 simplicitas.

2255 2473 2586 2546 Simplicitas
2615 2484 2668 2532 et
2713 2489 2896 2532 mores
2932 2475 3158 2530 minime
3199 2474 3372 2531 dolosi
3401 2473 3560 2532 lat-ile
3590 2471 3757 2530 animi

2183 2576 2392 2623 secreta
2421 2568 2731 2622 enuntiant.

2257 2657 2527 2734 Tlieologi.
2595 2659 2818 2714 lncauta
2879 2668 2963 2716 est
3027 2659 3392 2726 simplicitas,
3428 2655 3759 2726 minimeque

2186 2754 2312 2807 mali
2340 2753 2641 2823 quidquam
2673 2753 3010 2822 suspicatur,
3043 2754 3136 2822 qui
3169 2769 3200 2807 a
3237 2753 3380 2807 malo
3416 2753 3550 2807 liber
3571 2761 3682 2806 est.

2255 2845 2466 2902 Tardus
2496 2854 2582 2900 est
2626 2845 2692 2901 ad
2725 2845 2852 2900 maii
2877 2846 3283 2928 suspicionem,
3329 2845 3423 2916 qui
3465 2843 3536 2900 ad
3559 2841 3761 2900 malum

2185 2951 2329 3006 aegre
2366 2935 2683 3005 impellitur.
2873 2929 2877 2934 ⁷

2256 3027 2360 3094 Qui
2389 3029 2455 3084 ad
2489 3029 2694 3082 malum
2721 3028 3132 3098 suscipiendum
3167 3038 3394 3098 paratus
3427 3042 3535 3082 non
3580 3034 3684 3093 est,
3716 3026 3762 3079 is

2186 3135 2257 3174 ne
2285 3120 2352 3173 ad
2383 3119 2510 3172 mali
2542 3119 2760 3188 quidem
2791 3117 3162 3189 suspicionem
3199 3117 3375 3174 facilis
3397 3126 3500 3180 est.

2266 3209 2330 3267 S.
2367 3208 2638 3282 Chrysost.
2669 3209 2770 3276 Qui
2803 3226 2835 3265 a
2867 3210 3010 3265 malo
3063 3210 3198 3265 liber
3221 3221 3327 3277 est,
3362 3212 3408 3265 is
3442 3212 3508 3264 ad
3559 3209 3760 3264 malum

2195 3301 2584 3369 suspicandum
2621 3301 2849 3355 tardior.

2267 3388 2548 3446 Orationis
2573 3391 2902 3460 simplicitas
2927 3391 3232 3462 simplicem
3257 3394 3523 3452 declarat.

2267 3481 2326 3536 S.
2356 3481 2564 3550 Cyrilli.
2594 3481 2812 3537 Maximi
2839 3493 2921 3538 est
2943 3485 3099 3552 pretii
3142 3485 3284 3553 apud
3315 3485 3479 3539 Deum
3505 3488 3769 3558 simplicia

2195 3585 2314 3640 tas;
2351 3590 2474 3630 nant
2510 3575 2610 3630 etsi
2641 3576 2882 3630 versutia
2926 3575 3214 3646 aliquoties
3258 3593 3366 3631 non
3395 3578 3638 3652 rejicitur
3692 3580 3752 3634 in

2195 3681 2378 3720 rerum
2451 3666 2761 3720 divinarum
2841 3666 3058 3733 studiis,
3103 3667 3526 3738 haudquaquam
3583 3679 3762 3726 tamen

2196 3757 2249 3813 in
2279 3757 2496 3814 virtutis
2516 3757 2881 3816 suaveolentis
2916 3774 3200 3814 numerum
3231 3769 3547 3832 rcpouetur.

2527 3889 2758 3974 SERMO
2821 3890 3086 3944 Lxxxu
3132 3891 3232 3963 lat.
3265 3891 3455 3965 xvnn

2197 4028 2274 4083 De
2311 4039 2540 4092 versuto,
2563 4035 2611 4080 et
2640 4027 2839 4094 doloso,
2875 4038 2921 4080 et
2951 4023 3207 4097 perversis
3243 4030 3472 4083 moribus
3521 4029 3770 4098 praedito.

2269 4209 2418 4265 Ριαι.
2460 4223 2536 4262 τι.
2581 4208 2864 4279 Disperdet
2894 4207 3157 4265 Dominus
3174 4209 3355 4268 omnia
3387 4209 3529 4266 labia
3581 4211 3766 4267 dolosa

2197 4309 2252 4353 ct
2282 4300 2520 4368 linguam
2546 4299 2830 4367 magniﬁca
2864 4299 3196 4368 loquentem.

2269 4389 2342 4446 Os
2379 4402 2532 4444 tuum
2574 4391 2780 4464 malitia
2813 4391 3160 4457 redundavit,
3190 4399 3247 4446 et
3281 4391 3464 4464 lingua
3499 4403 3589 4448 tua
3614 4394 3770 4450 dolos

2124 4495 2177 4554 Ι)
2201 4482 2520 4536 connexuit.

2277 4574 2382 4628 Viri
2407 4573 2740 4643 sanguinarii
2770 4583 2826 4630 et
2855 4573 3032 4644 dolosi
3066 4575 3351 4630 dimidium
3399 4576 3526 4630 vita:
3555 4586 3768 4646 tempus

2205 4681 2310 4718 non
2342 4667 2666 4734 implebunt.

2276 4759 2492 4824 Libera,
2530 4758 2778 4828 Domine,
2805 4776 2835 4815 a
2870 4759 3029 4814 labiis
3063 4760 3268 4829 iniquis
3300 4759 3537 4814 animam
3579 4778 3778 4828 meam,

2204 4857 2259 4904 et
2289 4865 2320 4905 a
2347 4850 2524 4921 lingua
2555 4851 2767 4906 dolosa.

2277 4940 2600 4998 Salomonis.
2648 4943 2972 4998 Perversum
3022 4958 3118 4996 cor
3165 4941 3552 4997 architectatur
3582 4943 3778 4999 mala:

2206 5034 2263 5087 in
2316 5034 2462 5088 omni
2519 5043 2762 5102 tempore
2811 5036 2936 5088 talis
3001 5036 3192 5090 turbas
3259 5034 3494 5089 suscitat
3541 5035 3774 5103 civitati,

2209 5125 2564 5195 quamobrem
2595 5137 2818 5193 repente
2844 5125 3020 5179 aderit
3045 5124 3347 5180 internecio
3381 5125 3522 5197 ejus,
3555 5126 3701 5197 quod
3731 5127 3778 5182 is

2208 5217 2464 5272 omnibus
2488 5217 2784 5270 delet-tetur
2810 5233 2930 5286 quae
2959 5218 3073 5271 odit
3105 5216 3272 5272 Deus.

2281 5304 2575 5358 Sermones
2611 5305 2902 5373 impiorum
2942 5305 3212 5361 insidiosi.

2280 5394 2462 5447 Animi
2491 5393 2760 5463 justorum
2786 5404 2972 5448 errant
3000 5394 3054 5448 in
3085 5396 3344 5464 peccatis.

2289 5485 2499 5540 Pravus
2529 5483 2584 5536 in
2607 5499 2703 5538 ore
2732 5498 2836 5539 suo
2859 5483 2965 5538 fert
2987 5485 3234 5540 exitium.

2291 5661 2384 5718 Vir
2417 5675 2614 5733 pravus
2651 5660 2889 5716 immittit
2917 5661 3080 5727 mala,
3103 5671 3156 5717 et
3187 5662 3450 5718 dissociat
3479 5660 3708 5717 amicos.
