4062 6404
381 377 515 438 1209

1079 375 1246 434 LOCI
1273 375 1712 439 COMMUNES.
1749 403 1820 416 -
1859 380 2051 440 PARS
2085 381 2161 443 II.
2206 378 2461 443 SERMO
2502 380 2897 445 LXXXVIII.

3492 386 3630 452 1210

447 491 726 560 Μακάριοι
774 491 827 544 oi
857 489 1096 562 καθαροὶ
1149 493 1218 564 τῇ
1250 493 1473 566 καρδίᾳ,
1525 495 1610 549 ὅτι
1646 497 1801 551 αὐτοὶ
1855 499 1949 552 τὸν

2117 496 2314 555 Matth.
2348 514 2399 553 ν.
2455 498 2606 554 Beati
2657 515 2792 570 puro
2814 499 3003 566 corde,
3037 499 3164 571 quia
3206 501 3308 571 ipsi
3348 503 3515 558 Deum
3549 506 3627 557 vi-

376 585 508 638 Θεὸν
535 582 780 652 ὄψονται.

461 676 525 729 Ἦ
556 675 827 745 καύχησις
859 675 1019 745 ἡμῶν
1059 674 1199 747 αὕτη
1245 676 1383 742 ἐστὶ,
1427 676 1489 731 τὸ
1519 678 1822 749 μαρτύριον
1849 680 1951 750 τῆς

379 767 742 836 συνειδήσεως
770 767 950 836 ἡμῶν,
996 767 1080 820 ὅτι
1109 769 1168 820 ὲν
1211 768 1462 838 ἁγιότητι
1503 770 1599 822 καὶ
1625 769 1950 842 είλικρινείᾳ

376 860 535 923 Θεοῦ,
567 859 668 912 οὐκ
715 860 774 913 ἐν
803 859 968 928 σοφίᾳ
1013 860 1272 930 σαρκικῇ,
1319 858 1455 912 ἀλλά
1497 859 1557 912 ὲν
1597 861 1782 932 χάριτι
1812 863 1948 917 Θεοῦ

377 953 802 1023 ἀνεστράφημεν
833 953 892 1006 ὲν
924 950 1004 1021 τῷ
1033 951 1248 1021 κόσμῳ,
1283 951 1692 1022 περισσοτέρως
1725 954 1782 1009 δὲ
1811 957 1951 1026 πρὸς

378 1044 544 1096 ὑμᾶς,

461 1133 730 1200 Ἀδελφοί,
771 1134 1144 1205 προσεύχεσθε
1197 1139 1328 1205 περὶ
1376 1139 1556 1208 ἡμῶν.
1601 1137 1952 1206 Πεποίθαμεν

378 1226 490 1292 γὰρ
520 1227 603 1278 ὅτι
649 1224 824 1295 καλὴν
860 1227 1172 1297 συνείδησιν
1220 1228 1441 1300 ἔχομεν,
1485 1230 1546 1285 ὲν
1577 1230 1716 1283 πᾶσι
1767 1225 1952 1294 καλῶς

378 1316 624 1380 θέλοντες
652 1317 1111 1388 ἀναστρέφεσθαι.

459 1407 588 1461 Ἐὰν
618 1409 651 1476 ὴ
679 1408 880 1478 καρδία
905 1409 1064 1479 ἡμῶν
1090 1410 1166 1482 μὴ
1191 1412 1576 1483 καταγινώσκῃ
1608 1411 1790 1481 ήμῶν,
1815 1413 1954 1483 παρ-

381 1498 577 1566 ῥησιαν
614 1498 810 1568 ἔχομεν
857 1501 996 1570 πρὸς
1039 1500 1132 1554 τὸν
1159 1502 1314 1569 Θεὸν,
1357 1503 1449 1556 κει)⁸
1483 1501 1512 1556 ὃ
1542 1502 1640 1556 ἐὰν
1687 1503 1950 1566 αἰτῶμεν,

379 1589 733 1659 λαμϐάνομεν
782 1589 918 1659 παρ’
969 1591 1162 1658 αὐτοῦ,
1209 1595 1294 1646 ὅτι
1348 1593 1450 1659 τὰς
1507 1592 1729 1657 ἐντολὰς
1787 1593 1952 1646 αὐτοῦ

380 1679 680 1748 τηροῦμεν,
714 1681 810 1733 καὶ
849 1681 921 1735 τά
959 1683 1169 1752 ἀρεστά
1201 1682 1436 1736 ἐνώπιον
1468 1683 1632 1737 αὐτοῦ
1664 1683 1950 1752 ποιοῦμεν.

456 1771 682 1838 Πρῶτον
718 1772 1058 1842 μακαριστὸν
1086 1773 1148 1826 τὸ
1178 1775 1237 1826 ἐν
1267 1776 1332 1845 τῇ
1362 1773 1575 1844 διανοίᾳ
1605 1775 1633 1843 ἡ
1644 1775 1763 1842 μῶν
1785 1774 1954 1826 καθα-

2052 587 2280 644 debunt.

2123 679 2188 735 II
2218 682 2346 738 Cor.
2376 697 2418 736 ι.
2455 681 2720 738 Gloriatio
2747 691 2930 738 nostra
2963 684 3078 738 haec
3105 691 3211 747 est,
3250 685 3625 740 testimonium

2053 774 2399 830 conscientiae
2435 782 2658 838 nostrae,
2697 774 2840 838 quod
2869 775 2924 828 in
2960 776 3256 830 sanctitate
3283 785 3338 830 et
3389 776 3628 832 sinceri-

2053 875 2160 921 tate
2193 865 2311 931 Dei,
2349 865 2544 920 nonin
2590 865 2858 936 sapientia
2911 867 3141 931 carnali,
3197 868 3290 922 sed
3337 869 3394 922 in
3443 869 3621 936 gratia

2051 956 2147 1012 Dei
2195 958 2248 1012 in
2301 955 2506 1012 mundo
2554 957 2756 1013 versati
2807 972 3028 1025 sumus,
3080 958 3180 1014 sed
3233 960 3406 1015 multo
3455 961 3627 1030 magis

2051 1049 2197 1117 apud
2232 1063 2352 1103 vos.

2124 1137 2368 1206 Fratres,
2401 1139 2704 1208 precamini
2756 1157 2856 1210 pro
2900 1143 3080 1199 nobis.
3122 1142 3458 1198 Coniidimus
3485 1145 3627 1198 enim

2053 1245 2151 1285 nos
2178 1233 2372 1285 bonam
2405 1232 2802 1288 conscientiam
2830 1233 3052 1299 habere,
3075 1235 3129 1288 iu
3162 1235 3418 1292 omnibus
3451 1236 3623 1290 bone-

2052 1329 2135 1376 ste
2171 1322 2382 1377 versari
2413 1323 2684 1379 volentes.

2121 1410 2287 1466 Joan.
2339 1411 2397 1468 Si
2428 1427 2525 1468 cor
2558 1423 2806 1468 nostrqu
2855 1430 2962 1470 non
3010 1415 3342 1471 condemnat
3399 1434 3518 1485 nos,
3557 1421 3623 1474 ad

2055 1502 2224 1557 Deum
2279 1504 2450 1558 libere
2493 1506 2830 1572 accedimus,
2880 1518 2931 1562 et
2971 1509 3229 1578 quidquid
3269 1510 3524 1576 petimus,
3564 1514 3632 1564 ab

2055 1591 2145 1645 illo
2173 1593 2474 1662 accipimus
2503 1612 2516 1649 :
2543 1595 2674 1665 quia
2699 1609 2973 1667 praecepta
2999 1599 3121 1668 ejus
3149 1613 3455 1665 servamus,
3481 1617 3631 1670 qua:-

2055 1695 2160 1748 qne
2190 1681 2269 1735 illi
2303 1691 2458 1751 grata
2491 1693 2647 1749 sunt,
2676 1684 2937 1741 facimus.

2127 1772 2192 1826 S.
2229 1772 2441 1830 Basilii.
2473 1775 2716 1832 Primum
2753 1777 3244 1847 beatissimumque
3282 1787 3368 1834 est
3401 1780 3546 1849 quod
3578 1781 3630 1834 in
3739 1802 3749 1811 -

388 1835 730 1932 ᾠδὴ-ἐπειδη
761 1835 889 1930 ῥίζα
931 1863 1041 1916 τῶν
1087 1865 1178 1919 διὰ
1230 1835 1332 1918 τοῦ
1372 1835 1950 1941 σώματος’-ἐνεργειῶν

2061 1863 2215 1934 245
2244 1868 2408 1921 corde
2438 1878 2626 1922 nostro
2656 1884 2850 1937 purum
2887 1887 2900 1924 :
2930 1872 3056 1938 quia
3099 1871 3250 1925 radix
3279 1880 3363 1927 est
3385 1872 3628 1926 omnium

381 1951 442 2004 τὸ
464 1951 522 2004 ἐν
546 1954 613 2022 τῇ
647 1953 845 2024 καρδίᾳ
875 1953 1176 2024 βούλευμα.

452 2040 712 2113 Καθαρὸς
761 2047 828 2114 τῇ
861 2045 1062 2116 καρδίᾳ
1108 2047 1258 2100 ἐστὶν
1315 2049 1344 2101 ό
1401 2048 1478 2117 μὴ
1537 2045 1954 2120 λαμϐανόμενος

383 2135 580 2189 ἑαυτοῦ
611 2135 706 2189 ἐπὶ
734 2137 956 2209 εντολῆς
983 2138 1118 2192 Θεοῦ
1150 2140 1434 2210 ἀθετήσει.

453 2227 568 2280 Οὐκ
612 2228 673 2279 ἐν
702 2231 922 2300 μικροῖς
951 2229 1015 2284 τὸ
1062 2231 1314 2298 εὐσεϐὲς,
1356 2233 1480 2288 οὐδὲ
1511 2235 1572 2289 ὲν
1603 2233 1684 2307 τῷ
1715 2236 1956 2304 κατηφεῖ

380 2317 440 2371 τὸ
472 2318 784 2388 φιλόσοφον,
811 2320 928 2375 ἀλλ’
949 2322 1010 2375 ἐν
1032 2322 1213 2394 ψυχῆς
1238 2327 1581 2399 στερρότητι,
1602 2328 1698 2381 καὶ
1717 2327 1955 2392 διανοίας

383 2407 746 2478 καθαρότητι,
783 2413 878 2466 καὶ
923 2414 1128 2485 γνησίᾳ.
1155 2418 1221 2486 τῇ
1263 2417 1406 2486 πρὸς
1454 2418 1516 2472 τὸ
1545 2417 1712 2472 καλὸν
1746 2417 1952 2473 νεύσει.

452 2590 618 2644 Οὐδὲν
645 2589 818 2655 οὕτως
851 2593 1002 2662 ἡμᾶς
1031 2592 1345 2662 εὐφραίνειν
1377 2590 1592 2661 εἴωθεν,
1616 2595 1693 2660 ὡς
1718 2596 1959 2662 συνειδὸς

379 2680 624 2753 καθαρὸν
653 2683 748 2736 καὶ
778 2683 994 2745 ἐλπίδες
1023 2683 1260 2751 ἀγαθαί.

453 2772 527 2826 Τὸ
558 2773 796 2838 συνειδὸς
849 2775 1226 2846 ἀγαλλόμενον
1280 2779 1728 2846 συγκαλλωπίζει
1775 2780 1957 2852 ἑαυτῷ

381 2863 478 2918 καὶ
523 2863 586 2917 τὸ
617 2864 936 2935 πρόσωπον,
969 2867 1064 2919 καὶ
1125 2867 1282 2938 ἄρδει
1338 2871 1438 2932 τὰς
1471 2873 1707 2941 παρειάς
1767 2872 1802 2943 ἡ
1855 2872 1958 2941 τῆς

382 2951 563 3022 ψυχῆς
609 2954 902 3023 εὐρωστία,
939 2958 1034 3009 καὶ⁹
1082 2957 1180 3026 οὐχ
1211 2958 1398 3022 ἁπλῶς
1429 2958 1644 3031 εἴρηται
1671 2963 1750 3032 τῷ
1783 2964 1952 3034 σοφῷο

384 3043 626 3115 Καρδίας
656 3046 1092 3117 εὐφραινομένης
1118 3049 1410 3116 πρόσωπον
1441 3051 1646 3106 θάλλει.

2055 1952 2301 2020 corporis
2329 1956 2609 2010 actionum
2639 1957 2822 2013 cordis
2861 1959 3183 2016 consilium.

2129 2042 2276 2098 Puro
2325 2046 2493 2100 corde
2546 2055 2632 2102 est
2667 2047 2716 2102 is
2762 2047 2941 2117 quise
2969 2049 3148 2118 ipsum
3199 2063 3309 2104 non
3354 2050 3632 2105 convincit

2054 2145 2447 2204 praeceptorum
2478 2135 2571 2188 Dei
2603 2144 2941 2206 contemptu.

2125 2223 2392 2296 Theologi.
2423 2225 2543 2282 Non
2575 2236 2662 2283 est
2718 2227 2917 2296 pietas-
2949 2228 3005 2282 in
3068 2243 3232 2285 renus
3296 2231 3499 2299 parvis,
3535 2246 3636 2285 nec

2056 2317 2346 2388 philosoph
2371 2333 2401 2372 a
2452 2318 2508 2373 in
2544 2320 2730 2376 vultus
2757 2320 3108 2386 demissione,
3139 2321 3237 2378 sed
3259 2321 3315 2376 in
3338 2321 3504 2375 animi
3537 2322 3634 2374 ﬁr-

2056 2409 2248 2464 mitate
2277 2418 2332 2465 et
2362 2411 2711 2480 cogitationis
2759 2411 2996 2481 puritate
3035 2419 3093 2467 et
3133 2426 3256 2467 vera
3303 2412 3372 2468 ad
3408 2427 3494 2468 res
3541 2414 3637 2466 Ito-

2055 2508 2242 2556 nestas
2271 2502 2658 2571 propensione.

2127 2589 2273 2646 Nihil
2293 2601 2379 2648 est
2402 2592 2550 2662 quod
2580 2592 2660 2648 sic
2706 2607 2807 2649 nos
2844 2593 3118 2648 delectare
3168 2593 3362 2657 soleat.
3402 2601 3462 2648 ut
3491 2609 3623 2650 con-

2055 2680 2287 2738 scientia
2317 2697 2453 2752 pura
2476 2695 2531 2738 et
2560 2698 2684 2754 spes
2706 2684 2872 2739 bona.

2131 2773 2484 2829 Conscientia
2523 2775 2645 2829 lteta
2682 2784 2737 2829 et
2764 2775 3046 2830 exsultans
3097 2771 3200 2830 sibi
3225 2775 3389 2830 etiam
3427 2774 3637 2830 vultum

2057 2861 2290 2918 hilarem
2317 2864 2514 2928 reddit,
2542 2881 2605 2920 ac
2630 2880 2797 2934 genas
2822 2865 2964 2935 rigat
2991 2864 3162 2921 animi
3194 2865 3335 2919 bona
3363 2865 3637 2928 valetudo,

2059 2968 2160 3006 nec
2209 2953 2329 3008 sine
2390 2968 2557 3008 causa
2599 2953 2807 3009 dictum
2858 2961 2943 3010 est
2995 2971 3024 3008 a
3058 2954 3360 3024 sapiente:
3410 2952 3514 3009 Ubi
3546 2968 3640 3008 cor

2059 3050 2275 3104 laetatur
2307 3049 2492 3106 vultus
2523 3048 2782 3106 ﬂorescit.

455 3135 520 3188 Oi
564 3135 810 3205 λαμπροὶ
840 3136 941 3206 τὴν
989 3137 1296 3208 συνείδησιν
1331 3140 1440 3196 υἱοὶ
1478 3143 1657 3211 φωτὸς
1698 3144 1794 3198 καὶ
1818 3144 1953 3215 ἠμέ-

2061 3141 2220 3211 Greg.
2257 3140 2422 3212 Nysa.
2480 3139 2584 3206 Qui
2638 3141 2897 3211 praeclara
2941 3150 3071 3196 sunt
3110 3139 3473 3203 conscientia,
3532 3139 3630 3194 iilii

384 3244 484 3299 ρας
514 3229 965 3300 ἀναγορεύονται.

452 3319 566 3390 Οὐχ
597 3321 631 3390 ή
676 3321 786 3374 τῶν
815 3323 1069 3394 πράξεων
1103 3327 1286 3398 ἀποχὴ
1334 3327 1539 3380 δικαιοί
1591 3324 1687 3378 τὸν
1737 3326 1957 3395 πιστὸν,

379 3410 498 3464 ἀλλ’
527 3412 560 3482 ή
589 3412 700 3466 τῶν
729 3413 952 3470 ἐννοιῶν
1002 3417 1197 3485 ἁγνεία
1243 3417 1339 3473 καὶ
1386 3415 1710 3487 είλικρίνεια
1755 3417 1956 3488 ἀκραι-

381 3500 537 3571 φνήςο

453 3594 562 3648 Καὶ
589 3592 744 3664 λόγος
782 3597 1044 3668 καθαρὸς,
1087 3601 1182 3652 καὶ
1214 3600 1328 3670 βίος
1359 3600 1718 3672 ἀκηλίδωτος,
1762 3601 1958 3672 θρόνος

380 3689 474 3739 καὶ
495 3687 624 3752 ναός
651 3689 800 3742 ἐστιν
825 3688 1079 3760 ἀληθινὸς
1105 3691 1202 3746 τοῦ
1231 3693 1392 3749 Θεοῦ.

465 3777 717 3833 Ἀπαθῶν
746 3783 841 3834 καὶ
865 3783 1124 3854 καθαρῶν
1153 3786 1302 3840 ἐστιν
1333 3789 1366 3857 ἠ
1399 3787 1671 3857 σωτηρία.

450 3951 696 4022 Σώφρων
726 3956 926 4026 καρδία
958 3957 1124 4030 λιμὴν
1159 3960 1567 4033 θεωρημάτων.

453 4045 570 4099 Οὐκ
611 4047 916 4122 ἑκριζωτὴς
948 4049 1059 4106 τῶν
1107 4052 1321 4120 παθῶν,
1378 4054 1494 4109 ἀλλ’
1542 4057 1960 4131 ἀνταγωνιστής

381 4134 534 4188 ἐστιν
562 4137 592 4190 ό
621 4136 905 4211 λογισμός.

467 4222 798 4297 Ἐπειδήπερ
842 4227 1094 4300 ἀοράτως
1139 4231 1218 4293 είς
1267 4231 1361 4286 τὸν
1411 4233 1514 4305 τῆς
1543 4233 1724 4305 ψυχῆς
1779 4235 1960 4306 χῶρον

381 4315 651 4371 εἰσδύεται
677 4319 705 4371 ὁ
735 4317 890 4383 Θεὸς,
923 4320 1442 4391 παρασκευάζωμεν
1475 4325 1570 4377 τὸν
1600 4327 1768 4379 τόπον
1811 4329 1958 4380 ἐκεῖ·

381 4422 471 4459 νον
491 4404 564 4469 ὡς
591 4406 767 4462 ἔνεστι
793 4409 1100 4474 κάλλιστον,
1127 4411 1447 4484 ἀξιόχρεων,
1473 4416 1796 4488 ἐνδιαίτημα
1819 4417 1956 4471 Θεοῦ

2060 3233 2201 3288 lucis
2219 3240 2275 3288 et
2300 3233 2406 3287 diei
2436 3233 2826 3303 praadicamur.

2127 3325 2243 3379 Non
2270 3323 2576 3378 facinorum
2611 3323 2944 3379 abstinentia
2969 3321 3181 3378 ﬁdelem
3215 3320 3497 3392 justiﬁeat,
3544 3319 3640 3376 sed

2055 3412 2448 3484 cogitationum
2470 3413 2694 3482 castitas
2719 3422 2773 3469 ct
2793 3427 2929 3484 pura
2952 3411 3262 3468 sinceritas.

2126 3587 2316 3644 Oratio
2368 3599 2544 3656 casta,
2601 3599 2656 3646 et
2707 3591 2818 3643 vita
2875 3590 3021 3644 nulla
3094 3588 3218 3644 labe
3267 3588 3638 3642 contaminata

2059 3681 2292 3753 thronus
2331 3689 2386 3736 et
2414 3696 2600 3736 verum
2633 3680 2727 3735 Dei
2773 3682 3037 3750 templum
3071 3688 3175 3736 est.

2130 3769 2368 3843 Evagrii.
2423 3771 2584 3828 Salus
2634 3783 2720 3828 est
2751 3787 2939 3827 eorum
2987 3772 3080 3842 qui
3131 3768 3640 3842 perturbationibus

2059 3873 2244 3920 carent
2267 3876 2321 3920 et
2349 3865 2473 3934 puri
2503 3873 2655 3920 sunt.

2127 3957 2362 4025 Iosephi.
2407 3955 2518 4011 Cor
2555 3964 2864 4024 temperans
2889 3952 3256 4009 doctrinarum
3311 3961 3503 4023 portus
3532 3961 3636 4006 est.

2127 4047 2246 4103 Non
2264 4047 2611 4117 exstirpatrix
2635 4047 3112 4116 perturbationum
3139 4055 3247 4112 est,
3273 4046 3366 4100 sed
3387 4044 3640 4099 adversa-

2060 4141 2164 4194 trix
2199 4139 2362 4194 ratio.

2132 4227 2398 4282 Philonis.
2443 4228 2582 4294 Quia
2644 4229 2799 4284 nnbis
2849 4243 2960 4282 non
3013 4225 3328 4282 videntibus
3380 4223 3638 4280 inanimi

2059 4320 2239 4375 locum
2265 4321 2431 4373 intrat
2463 4318 2629 4381 Deus,
2658 4333 3027 4387 praéparemus
3057 4316 3234 4371 locum
3269 4314 3446 4379 illum,
3477 4331 3639 4382 quant

2061 4411 2189 4465 licet
2227 4407 2659 4478 pulcherrimum
2702 4417 2756 4461 et
2787 4409 3041 4462 idoneum
3089 4405 3350 4468 maxime,
3397 4405 3640 4458 futurum

379 4497 770 4568 γενησόμενον.
823 4499 888 4554 Ei
935 4501 994 4557 δὲ
1044 4502 1143 4574 μὴ,
1199 4503 1424 4574 λήσεται
1475 4509 1826 4576 μεταναστὰς
1877 4512 1954 4574 εἰς

2065 4498 2164 4554 Dei
2187 4498 2583 4553 habitaculum.
2612 4495 2709 4549 Sin
2735 4509 2917 4557 secus,
2941 4493 3104 4549 nobis
3130 4509 3240 4548 non
3275 4491 3642 4548 sentientibus

379 4588 571 4657 ἕτερον
598 4585 750 4642 οἷκον
779 4590 810 4643 ό
842 4589 997 4654 Θεός.

455 4671 620 4742 Οἶκος
645 4678 780 4732 Θεοῦ
826 4679 994 4749 σοφοῦ
1037 4681 1284 4744 διάνοιασ,
1313 4683 1506 4739 τούτου
1540 4687 1789 4741 καλεῖται
1825 4687 1958 4749 Θεὸς

385 4768 533 4832 ἰδίως
560 4771 590 4822 ό
633 4770 744 4823 τῶν
777 4775 1133 4842 συμπάντων,
1166 4775 1243 4839 ὥς
1275 4793 1442 4848 φησιν
1469 4777 1500 4830 ό
1531 4779 1843 4849 προφήτης,
1883 4779 1958 4840 ὡς

381 4858 516 4924 Θεὸς
544 4861 916 4931 ἑμπεριπατεϊ
946 4860 1038 4920 οἷα
1065 4863 1350 4936 βασιλείῳ.

467 4950 798 5022 Ὀφθαλμοίς
832 4953 933 5023 μὲν
977 4954 1052 5008 τὰ
1097 4957 1158 5009 ὲν
1187 4958 1408 5028 φανερῷ
1433 4959 1530 5011 καὶ
1577 4961 1648 5013 τά
1697 4961 1754 5014 ἐν
1803 4963 1962 5031 χερσὶ

383 5041 887 5110 καταλαμϐάνεται⁶
936 5044 1199 5115 λογισμὸς
1229 5046 1286 5098 δὲ
1328 5048 1588 5119 ἀκέραιος
1622 5047 1816 5118 φθάνει
1869 5052 1961 5102 καὶ

384 5133 525 5203 πρὸς
547 5132 618 5187 τά
643 5133 848 5204 ἀόρατα
877 5136 973 5190 καὶ
1011 5136 1295 5208 μέλλοντα.

980 5313 1199 5366 ΛΟΓΟΣ
1239 5314 1368 5368 llH'.

383 5443 526 5512 Περὶ
575 5444 825 5511 καρδίας
878 5442 1168 5514 πονηρᾶς,
1218 5446 1318 5500 καὶ
1351 5446 1706 5515 συνειδότος
1751 5447 1960 5505 κακοῦ.

469 5579 565 5632 Ἐκ
606 5578 716 5632 τῶν
771 5578 1020 5651 κρυφίων
1076 5597 1178 5649 μου
1209 5579 1510 5651 καθάρισόν
1565 5598 1657 5653 με,
1708 5583 1805 5637 καὶ
1856 5584 1962 5639 ἀπὸ

387 5668 684 5737 ἀλλοτρίων
720 5671 907 5736 φεῖσαι
937 5666 1032 5721 τοῦ
1064 5667 1251 5723 δούλου
1283 5687 1400 5726 σου.

459 5760 880 5832 Διεστραμμένη
910 5761 1106 5835 καρδία
1136 5763 1475 5820 τεκταίνεται
1508 5767 1672 5821 κακά.

2062 4592 2116 4646 in
2158 4588 2321 4645 aliam
2353 4587 2579 4643 domum
2603 4585 2747 4640 Deus
2778 4584 3060 4654 migrabit.

2131 4681 2338 4736 Domus
2370 4679 2468 4734 Dei
2501 4675 2765 4750 cogitatio
2794 4677 3086 4748 sapientis,
3117 4689 3182 4730 ac
3215 4674 3382 4744 hujus
3417 4677 3641 4744 proprie

2063 4782 2288 4829 vocatur
2314 4773 2486 4838 Deus,
2516 4772 2611 4841 qui
2637 4771 3026 4825 universorum
3056 4775 3142 4824 est
3174 4768 3255 4840 (ut
3283 4768 3460 4836 inquit
3520 4783 3644 4835 pro-

2061 4865 2275 4936 pheta),
2300 4864 2446 4935 quod
2475 4862 2619 4918 Deus
2648 4872 2903 4930 tanquam
2936 4860 2989 4914 in
3019 4860 3167 4930 regia
3202 4860 3257 4913 in
3287 4874 3350 4914 ea
3382 4858 3641 4914 ambulet.

2132 4957 2323 5014 Oculis
2373 4971 2496 5026 qua:
2541 4963 2729 5024 aperta
2776 4961 2926 5020 sunt,
2983 4966 3214 5022 quaeque
3270 4951 3325 5005 in
3389 4951 3643 5005 manibus

2062 5058 2211 5114 sunt,
2230 5047 2772 5116 comprehenduntur
2802 5061 2819 5112 ;
2848 5044 2943 5100 sed
2971 5044 3112 5098 ratio
3147 5045 3362 5099 sincera
3388 5052 3643 5114 penetrat

2063 5141 2229 5196 etiam
2260 5155 2382 5210 qua:
2412 5139 2516 5192 sub
2546 5139 2738 5193 oculos
2777 5151 2886 5190 non
2917 5137 3121 5190 cadunt
3147 5145 3200 5190 et
3231 5135 3414 5190 futura
3447 5145 3596 5190 sunt.

2322 5311 2557 5370 SERMO
2589 5312 2903 5368 LXXXVIII
2939 5312 3043 5384 [αι.
3087 5311 3400 5387 LXXXIII].

2210 5451 2287 5505 De
2319 5449 2479 5506 corde
2513 5459 2742 5518 versuto,
2767 5449 2932 5519 deque
2984 5451 3130 5506 mala
3161 5453 3503 5508 conscientia.

2143 5583 2295 5638 Psal.
2352 5599 2505 5638 xvut.
2553 5582 2629 5637 Ex
2669 5582 2906 5638 occultis
2959 5584 3097 5640 meis
3141 5599 3309 5656 purga
3341 5601 3451 5653 me,
3489 5593 3545 5641 et
3572 5583 3645 5640 ab

2069 5675 2265 5729 alienis
2295 5691 2458 5745 parce
2481 5690 2637 5729 servo
2661 5685 2774 5730 tuo.

2136 5757 2298 5821 Prov.
2337 5783 2410 5824 vr.
2441 5764 2744 5824 Distortum
2768 5778 2863 5823 cor
2882 5763 3094 5829 perlicit
3120 5762 3283 5818 mala.
