4062 6446
417 451 551 514 1215

1661 441 1976 504 ANTONll
2017 441 2364 502 MELISSAI

3533 440 3668 504 1216

411 566 716 634 postulante
741 562 1038 617 occultabit
1065 574 1347 615 sermones
1396 575 1551 626 suos,
1596 568 1648 613 et
1683 559 1977 612 multorum

2083 556 2274 623 λόγους
2298 551 2486 619 αὑτοῦ,
2519 553 2614 607 καὶ
2643 552 2799 622 χείλη
2835 551 3048 605 πολλῶν
3083 551 3472 622 έκδιηγήσεται
3509 555 3667 608 σύνι⁴

408 658 570 713 labiis
604 655 946 709 enarrabitur
979 653 1266 722 prudentia
1298 651 1438 720 eius.

487 750 589 814 Qui
621 758 867 802 metuunt
901 747 1213 806 Dominum.
1253 755 1556 814 praeparant
1604 745 1816 799 animas
1843 757 1991 806 suas,

410 857 476 896 ac
508 843 561 894 in
593 849 884 908 conspectu
913 838 1028 906 ejus
1077 837 1441 892 humiliahunt
1485 836 1698 890 animas
1742 849 1894 900 suas,
1941 848 1996 893 et

415 934 637 990 lenitate
663 943 882 986 utentur
919 945 1092 999 usque
1135 931 1201 982 ad
1237 937 1452 998 tempus
1494 927 1825 982 visitationis
1854 925 1992 994 ejus.

471 1117 636 1189 248
667 1114 788 1177 Fili.
815 1116 1083 1170 siservire
1102 1112 1333 1167 Domino
1354 1109 1617 1174 instituis,
1642 1108 1709 1163 ad
1743 1107 1996 1162 tentatio-

403 1228 524 1264 nem
553 1211 796 1263 animum
839 1218 989 1262 tuum
1031 1213 1331 1276 praeparato
1363 1219 1380 1259 :
1411 1215 1616 1258 rectum
1648 1216 1745 1257 cor
1772 1199 1992 1262 habeto,

401 1311 454 1356 et
481 1301 794 1370 perdurato.

476 1393 604 1447 V’ide
630 1408 696 1445 ne
733 1391 956 1446 festines
986 1397 1230 1454 tempore
1269 1382 1596 1440 calamitatis
1628 1400 1643 1448 ;
1670 1389 1983 1451 exspectato

405 1485 674 1552 patienter
703 1483 893 1544 Deum,
919 1495 983 1534 ac
1003 1477 1080 1531 illi
1105 1476 1482 1541 adluerescito,
1508 1484 1565 1528 ut
1593 1473 1658 1528 ad
1685 1482 1988 1528 extremum

404 1576 540 1627 bene
573 1573 667 1626 tibi
697 1573 873 1629 cedat.

482 1663 728 1718 Lenitate
761 1665 814 1717 in
843 1661 1220 1732 respondendo
1243 1659 1428 1713 utitor.

477 1755 910 1825 Haudquaquam
945 1753 1180 1807 tardabit
1218 1751 1477 1820 patientia
1509 1748 1606 1818 pii.

485 1848 645 1900 Eccli.
675 1863 729 1901 κ.
763 1846 864 1911 Qui
900 1845 1297 1913 perseverarint
1319 1841 1565 1912 usquein
1605 1839 1790 1905 ﬁnem,
1826 1839 1874 1895 is
1906 1838 2008 1895 sai

411 1938 580 1992 lutem
639 1945 1024 2004 consequetur.

479 2023 610 2076 Luc.
645 2040 758 2079 ut.
781 2023 1045 2079 Patientia
1076 2032 1252 2080 vestra
1283 2023 1539 2090 nitentes,
1568 2021 1842 2093 possidete
1863 2019 1986 2075 ani-

406 2132 522 2169 nias
547 2125 773 2170 vestras.

477 2205 667 2272 Ep/tes.
703 2222 775 2260 tv.
812 2204 1051 2262 Obsecro
1081 2221 1198 2271 vos,
1228 2204 1450 2268 fratres,
1479 2218 1578 2273 ego
1605 2203 1694 2272 qui
1739 2203 1986 2271 captivus

401 2313 520 2351 sum
548 2305 600 2349 et
632 2296 844 2350 vinctus
873 2294 1086 2350 Domini
1112 2297 1354 2358 nomine,
1388 2300 1468 2356 ut,
1517 2292 1677 2346 sicuti
1710 2297 1796 2345 est
1824 2305 1986 2344 voca-

402 2387 548 2441 tione
578 2396 751 2439 vestra
775 2386 1022 2456 dignum,
1050 2383 1339 2439 ambuletis
1361 2397 1485 2438 cum
1514 2381 1662 2435 omni
1692 2381 1983 2447 modestia,

404 2479 820 2532 mansuetudine
867 2485 920 2532 et
949 2477 1196 2544 lenitate,
1229 2476 1465 2532 ferentes
1504 2489 1600 2529 vos
1641 2473 1871 2528 invicem
1929 2475 1984 2528 in

404 2572 692 2623 charitate.

477 2657 663 2712 Facite
685 2673 750 2712 ne
772 2665 1002 2712 vestram
1031 2656 1086 2710 in
1109 2655 1341 2711 dicendo
1361 2655 1666 2710 libertatem
1693 2653 1984 2719 amittatis,

405 2765 526 2817 quae
547 2765 793 2817 magnam
823 2749 983 2804 habet
1004 2749 1332 2803 mercedem.
1359 2747 1623 2803 Patientia
1651 2746 1794 2802 enim
1819 2745 1975 2799 vobis

407 2856 544 2908 Opus
564 2850 668 2903 est,
693 2851 753 2895 ut
775 2841 1035 2896 voluntati
1059 2841 1253 2895 divinae
1275 2839 1730 2909 obtemperantes,
1755 2837 1987 2907 promis-

407 2933 589 2985 sinnes
619 2933 921 3002 accipiatis.

479 3023 672 3078 Certus
717 3034 802 3079 est
845 3039 1068 3078 sermo:
1101 3024 1144 3079 si
1184 3023 1511 3079 commortui
1560 3022 1983 3088 sumus,convi-

408 3130 597 3169 ventus
645 3115 854 3170 etiam:
913 3116 956 3170 si
1002 3115 1242 3186 patimur
1307 3114 1609 3184 patienter,
1665 3129 1773 3168 una
1818 3115 1983 3168 etiam

409 3206 779 3274 regnabimus.

2101 667 2187 702 σιν
2218 649 2407 702 αὑτοῦ.

2169 747 2232 798 Ut
2267 743 2591 814 φοϐούμενοι
2634 743 2725 796 τὸν
2769 744 2972 813 Κύριον
3030 743 3381 810 ὲτοιμάσουσι
3415 744 3520 807 τὰς
3572 745 3667 812 ψυ-

2096 839 2196 907 χὰς
2233 836 2451 898 αὐτῶν,
2499 837 2596 888 καὶ
2650 834 2883 886 ἐνώπιον
2916 832 3084 887 αὑτοῦ
3129 833 3535 886 ταπεινώσουσι
3577 836 3665 898 τὰς

2094 926 2274 996 ψυχὰς
2308 925 2509 990 αὐτῶν,
2542 925 2636 978 καὶ
2667 925 3188 996 μακροθυμήσουσιν
3219 925 3325 986 ἕως
3367 926 3665 994 ἐπισκοπῆς

2095 1017 2284 1070 αὑτοῦ.
2543 1004 2558 1014 ’

2167 1107 2391 1169 Τέκνον,
2433 1110 2483 1160 εί
2521 1110 2800 1178 προσέρχῃ
2850 1092 3124 1160 δουλεύειν
3164 1106 3245 1175 τῷ
3280 1105 3494 1174 Κυρίῳ,
3526 1107 3664 1156 ἑτοίο

2099 1216 2270 1269 μασον
2306 1199 2404 1269 τὴν
2455 1200 2636 1270 ψυχήν
2672 1218 2765 1254 σου
2822 1201 2902 1261 εἰς
2938 1200 3276 1271 πειρασμόν·
3312 1197 3541 1252 εὔθυνον
3571 1197 3666 1267 τὴν
3730 1197 3736 1202 ’

2095 1289 2322 1357 καρδίαν
2363 1307 2482 1355 σου,
2509 1291 2605 1345 καὶ
2633 1293 2996 1361 καρτέρησον.

2167 1382 2260 1454 Μὴ
2293 1385 2540 1453 σπεύσῃς
2597 1385 2656 1436 ὲν
2715 1384 2900 1453 καιρῷ
2954 1383 3298 1450 ὲπαγωγῆς’
3355 1382 3540 1448 μεῖνον
3577 1379 3664 1449 τὴν

2093 1476 2396 1544 ἀναμονὴν,
2430 1476 2525 1526 καὶ
2587 1475 2884 1544 κολλήθητι
2942 1474 3112 1543 alia},
3151 1475 3243 1526 καὶ
3278 1473 3356 1541 μὴ
3405 1472 3665 1539 ἀποστῇς,

2096 1563 2187 1618 ἶνα
2239 1561 2484 1634 αύξηθῇς
2513 1563 2602 1618 ἐπ’
2628 1567 2875 1634 ἐσχάτων
2919 1582 3040 1618 σου.

2178 1657 2271 1710 'Ev
2307 1657 2667 1728 μακροθυμίᾳ
2696 1658 2938 1726 φθέγγου
2974 1659 3294 1728 ἀπόκρισιν.

2165 1749 2241 1803 Οὑ
2285 1748 2360 1819 μὴ
2389 1750 2775 1821 καθυστερήσῃ
2808 1750 3058 1820 ὑπομονὴ
3099 1748 3380 1811 εὐσεϐοῦς.

2179 1840 2238 1894 Ὁ
2265 1841 2570 1912 ὑπομείνας
2606 1845 2688 1904 είς
2726 1843 2905 1908 τέλος,
2947 1838 3101 1903 οὗτος
3126 1844 3458 1914 σωθήσεται.

2169 2020 2257 2073 Ἐν
2275 2023 2340 2092 τῇ
2372 2021 2620 2093 ὑπομονῇ
2647 2021 2802 2091 ὑμῶν
2823 2021 3101 2093 κτήσασθε
3129 2024 3230 2086 τὰς
3261 2024 3447 2094 ψυχὰς
3479 2026 3658 2095 ὑμῶν.

2160 2195 2478 2266 Παρακαλῶ
2504 2196 2673 2262 ὑμᾶς,
2714 2195 2957 2264 ἀδελφοὶ,
2981 2195 3091 2264 ἐγὼ
3118 2199 3145 2250 ὁ
3185 2199 3409 2266 δέσμιος
3453 2201 3513 2251 ὲν
3557 2201 3664 2254 Κυο

2091 2289 2212 2358 ρίῳ,
2260 2288 2425 2355 ἀξίως
2451 2289 2832 2359 περιπατῆσαι
2869 2289 2967 2358 τῆς
2998 2291 3246 2360 κλήσεως
3282 2286 3348 2361 ἦς
3376 2291 3665 2362 ἐκλήθητε,

2091 2379 2231 2447 μετά
2276 2381 2460 2446 πάσης
2522 2379 3030 2448 ταπεινοφροσύνης
3078 2382 3174 2434 καὶ
3213 2382 3548 2452 πραότητος,
3575 2401 3664 2450 με·

2085 2472 2156 2525 τὰ
2201 2472 2619 2542 μακροθυμίας,
2661 2471 2990 2542 ἀνεχόμενοι
3037 2470 3288 2540 ἀλλήλων
3338 2475 3397 2527 ὲν
3452 2475 3666 2547 ἀγάπῃ.

2157 2649 2250 2718 Μὴ
2277 2649 2593 2720 ἀποϐάλητε
2620 2623 2721 2718 τὴν
2746 2646 3060 2716 παρῤησίαν
3083 2646 3400 2717 ὑμῶν,ἦτις
3435 2649 3552 2720 ἔχει
3577 2667 3663 2720 με·

2085 2740 2262 2810 γάλην
2297 2741 2746 2810 μισθαποδοσίαν.
2784 2735 3099 2806 ’Υπομονῆς
3125 2737 3234 2807 γὰρ
3264 2737 3421 2809 ἔχετε
3455 2743 3664 2811 χρείαν,

2085 2831 2179 2886 ἵνα
2208 2832 2270 2885 τὸ
2301 2832 2513 2902 θέλημα
2537 2831 2635 2885 τοῦ
2669 2831 2807 2885 Θεοῦ
2837 2831 3192 2899 ποιήσαντες,
3224 2831 3537 2905 κομίσησθε
3567 2835 3665 2898 τὰς

2083 2925 2446 2992 ἐπαγγελίας.

2160 3018 2358 3080 Πιστὸς
2397 3021 2426 3072 ὁ
2474 3021 2654 3089 λόγος.
2703 3020 2768 3072 Εί
2798 3021 2908 3092 γὰρ
2936 3023 3419 3090 συναπεθάνομεν,
3449 3024 3546 3077 καὶ
3575 3040 3663 3076 ou-

2087 3110 2346 3180 ζήσομεν·
2387 3115 2438 3166 εί
2465 3115 2836 3186 ὑπομένομεν,
2873 3116 2971 3169 καὶ
3017 3114 3560 3186 συμϐασιλεύσομεν.

477 3295 652 3351 Omne
675 3297 926 3366 gaudium
953 3297 1279 3362 existimate,
1304 3297 1502 3353 fratres
1535 3296 1649 3352 mei’
1663 3295 1982 3366 prtedilecti,

2169 3289 2355 3342 Πᾶσαν
2384 3290 2565 3359 χαρὰν
2607 3291 2914 3362 ἡγήσασθε,
2952 3292 3174 3361 ἀδελφοί
3213 3309 3313 3361 μου
3363 3291 3660 3364 ἀγαπητοὶ,

412 3387 459 3440 si
495 3386 548 3440 in
577 3389 902 3442 tentationes
935 3387 1112 3444 varias
1153 3388 1474 3454 incideritis,
1519 3388 1652 3442 illud
1688 3387 1986 3456 nonigno-

408 3487 592 3532 rantes
621 3518 636 3542 ,
697 3478 1070 3546 probationem
1115 3481 1238 3534 fidei
1286 3488 1479 3534 vestrae
1518 3479 1790 3549 patientia:
1829 3478 1989 3532 effec-

406 3567 598 3621 tricem
649 3579 770 3622 esse
825 3584 841 3622 :
891 3569 1150 3636 patientia
1200 3579 1379 3623 autem
1430 3568 1731 3638 perfectum
1795 3567 1988 3621 habeat

407 3671 568 3724 opus,
599 3666 652 3710 ut
686 3658 909 3726 perfecti
937 3659 1060 3713 sitis
1081 3668 1137 3713 et
1160 3659 1378 3728 integri,
1407 3658 1549 3712 nulla
1574 3673 1633 3711 re
1659 3658 1983 3726 indigentes.

479 3747 676 3803 Beatus
705 3749 796 3816 qui
831 3757 1071 3804 tentatur
1122 3759 1177 3804 et
1211 3748 1483 3818 patienter
1511 3748 1614 3803 fert
1649 3767 1663 3802 :
1702 3751 1826 3818 quia
1857 3763 1984 3817 pro—

407 3838 568 3893 batus
609 3855 733 3894 cum
795 3839 980 3904 fuerit,
1031 3840 1156 3893 vitae
1205 3854 1465 3894 coronam
1517 3839 1769 3909 accipiet,
1819 3853 1982 3909 quam

411 3927 556 3985 Deus
587 3931 658 3986 iis
688 3931 959 4000 promisit,
991 3930 1086 4000 qui
1117 3930 1346 4000 diligunt
1375 3932 1575 4001 ipsum.

478 4098 540 4152 11
601 4099 746 4154 Petr.
810 4115 872 4157 ιι.
907 4100 1024 4156 Hoc
1047 4105 1220 4172 gratia
1279 4112 1384 4168 est,
1453 4104 1502 4159 si
1531 4105 1672 4158 bona
1701 4105 1984 4161 conscien-

409 4192 479 4245 tia
513 4192 638 4260 quis
665 4192 879 4249 dolores
905 4195 1142 4264 patiatur
1185 4195 1391 4264 inique.
1438 4194 1571 4260 Quae
1619 4197 1761 4251 enim
1809 4197 1980 4266 gloria

404 4294 512 4348 est,
577 4285 621 4339 si
676 4295 963 4355 peccantes
1008 4287 1253 4358 colaphis
1296 4287 1567 4342 ctedimini
1607 4296 1660 4342 et
1692 4288 1982 4358 patimini?

405 4375 512 4429 Sed
537 4377 580 4430 si
605 4376 1006 4433 benefacientes
1026 4377 1257 4432 cruciati
1281 4377 1546 4447 patienter
1569 4377 1746 4443 fertis,
1766 4379 1820 4434 id
1847 4394 1980 4436 sane

402 4476 615 4538 gratum
643 4475 729 4523 est
759 4467 890 4524 Deo.

475 4557 531 4611 Si
559 4559 740 4626 justus
769 4561 860 4614 vix
889 4559 1121 4614 salutem
1169 4561 1546 4630 consequitur,
1592 4562 1893 4619 sceleratus
1921 4570 1978 4618 et

405 4648 605 4718 impius
637 4651 727 4704 ubi
757 4651 1134 4720 comparebit?

473 4729 532 4794 S.
552 4740 772 4810 Ignatii.
790 4740 1048 4795 Firmiter
1069 4742 1196 4796 dum
1219 4742 1468 4807 caederis,
1494 4752 1554 4798 ut
1603 4745 1761 4800 incus
1808 4755 1973 4801 stato.

401 4827 662 4883 Generosi
693 4837 776 4881 est
807 4830 1023 4884 athletae
1051 4831 1182 4885 caedi
1209 4841 1265 4886 et
1296 4832 1547 4886 vincere:
1581 4837 1816 4890 maxime
1845 4851 1976 4890 vero

399 4927 622 4987 pr0pter
656 4919 824 4973 Deum
879 4920 1038 4974 nobis
1070 4921 1253 4975 omnia
1314 4921 1533 4976 ferenda
1567 4933 1716 4988 sunt,
1753 4935 1811 4980 ut
1855 4927 1973 4995 ipse

400 5020 498 5060 nos
527 5005 679 5061 ferat.

472 5097 752 5152 Patienter
794 5099 888 5154 alii
921 5101 1057 5155 alios
1089 5117 1211 5156 cum
1243 5102 1661 5159 mansuetudine
1703 5105 1972 5174 patimini,

401 5198 461 5244 ut
483 5203 700 5258 semper
731 5189 871 5246 Deus
899 5206 996 5246 vos
1023 5192 1220 5246 leuiter
1249 5193 1406 5247 ferat.

469 5277 529 5334 S.
561 5279 771 5334 Basilii.
807 5281 912 5347 Qui
931 5284 1261 5340 demissione
1283 5285 1448 5340 animi
1469 5301 1596 5342 suas
1616 5288 1973 5358 cogitationes

2086 3378 2216 3432 ὅταν
2238 3382 2570 3448 πειρασμοῖς
2625 3382 2971 3450 περιπέσητε
3035 3381 3326 3442 ποικίλοις,
3366 3383 3662 3448 γινώσκον-

2088 3487 2182 3533 τες
2225 3472 2312 3524 ὃτι
2352 3472 2599 3541 δοκίμιον
2635 3472 2789 3542 ὑμῶν
2831 3474 2928 3542 τῆς
2970 3471 3208 3534 πίστεως
3259 3473 3661 3541 κατεργάζεται

2088 3563 2406 3632 ὑπομονὴν,
2468 3563 2502 3634 ἠ
2554 3564 2612 3616 δὲ
2669 3565 2920 3634 ὑπομονὴ
2977 3566 3142 3634 ἔργον
3189 3564 3402 3617 τέλειον
3450 3565 3660 3634 ἐχέτω,

2087 3655 2176 3709 ἵνα
2226 3652 2326 3727 ἦτε
2376 3657 2572 3711 τέλειοι
2626 3659 2724 3712 καὶ
2773 3658 3084 3728 ὁλόκληροι,
3139 3663 3198 3712 ὲν
3253 3659 3453 3729 μηδενὶ
3479 3656 3659 3712 λειπόο

2089 3761 2263 3815 μενοι.

2157 3836 2446 3907 Μακάριος
2473 3838 2615 3910 ἀνὴρ
2647 3839 2706 3904 ὃς
2737 3842 3007 3909 ὑπομένει
3041 3842 3371 3912 πειρασμόνο
3409 3842 3493 3895 ὅτι
3522 3841 3658 3894 δόκι-

2099 3943 2198 3995 μος
2237 3929 2528 3997 γενόμενος
2554 3930 2785 4002 λήψεται
2813 3934 2904 3986 τὸν
2935 3934 3198 3999 στέφανον
3242 3936 3342 4003 τῆς
3387 3934 3556 4004 ζωῆς,
3600 3931 3657 3984 ὃν

2085 4019 2456 4087 ἐπηγγείλατο
2493 4025 2520 4075 ὁ
2546 4022 2679 4086 Θεὸς
2710 4026 2823 4086 τοῖς
2854 4025 3145 4091 ἀγαπῶσιν
3175 4026 3358 4079 αὐτόν.

2167 4110 2342 4165 Τοῦτο
2393 4113 2585 4183 χάρις,
2624 4114 2674 4167 εί
2730 4113 2817 4169 διὰ
2877 4116 3180 4186 συνείδησιν
3247 4118 3464 4186 ἀγαθὴν
3531 4119 3654 4172 ὑπο-

2085 4205 2238 4272 φέρει
2294 4221 2382 4267 τις
2442 4203 2660 4267 λύπας,
2720 4205 2944 4274 πάσχων
3014 4206 3236 4269 ἀδίκως.
3298 4189 3457 4260 [Ϊοῖον
3531 4209 3653 4276 ὑμῖν

2081 4294 2259 4362 κλέος,
2292 4295 2343 4348 εί
2389 4295 2796 4366 ἁμαρτάνοντες
2829 4297 2924 4349 καὶ
2976 4298 3399 4368 κολαφιζόμενοι
3455 4300 3653 4369 ὑπομέο

2082 4401 2244 4453 νετε;
2289 4384 2431 4438 Ἀλλ’
2465 4388 2515 4440 εί
2575 4387 3037 4454 ἀγαθοποιοῦντες
3068 4391 3164 4444 καὶ
3183 4392 3496 4461 πάσχοντες
3526 4395 3650 4444 ὑπο-

2083 4475 2300 4546 μένετε,
2344 4475 2506 4530 τοῦτο
2537 4479 2699 4548 χάρις
2729 4479 2881 4548 παρὰ
2912 4479 3054 4549 Θεῷ.

2009 4604 2055 4662 D
2163 4565 2228 4617 Et
2281 4565 2311 4618 ὁ
2343 4565 2552 4630 δίκαιος
2599 4567 2755 4635 μόλις
2813 4566 3074 4633 σώζεται,
3123 4570 3153 4620 ὁ
3203 4571 3533 4642 ἁμαρτωλὸς
3561 4573 3650 4625 καὶ

2078 4655 2284 4727 ἀσεϐὴς
2311 4656 2416 4710 ποῦ
2444 4660 2696 4725 φανεῖται
2719 4676 2738 4724 ;
3526 4681 3529 4683 -

2168 4748 2345 4814 Στῆκε
2374 4747 2450 4811 ὡς
2489 4748 2685 4818 ἄκμων
2727 4752 3088 4821 τυπτόμενος.
3126 4755 3384 4822 Μεγάλου
3415 4752 3646 4823 ἀθλητοῦ

2081 4836 2202 4889 έστι
2233 4837 2492 4909 δέρεσθαι
2542 4842 2640 4892 καὶ
2672 4843 2829 4912 νικᾷν
2851 4858 2868 4873 ο
2915 4843 3155 4911 μάλιστα
3193 4846 3249 4896 δὲ
3297 4847 3485 4899 ἕνεκεν
3516 4845 3644 4897 θεοῦ

2081 4928 2261 4980 πάντα
2311 4931 2459 4999 ἡμᾶς
2516 4931 2810 5000 ὑπομένειν
2857 4931 2960 4999 δεῖ,
3018 4934 3106 4988 ἵνα
3159 4937 3254 4988 καὶ
3308 4937 3470 5000 αὐτὸς
3505 4937 3643 5006 ἡμᾶς

2084 5017 2376 5092 ὑπομείνῃ.

2162 5108 2588 5178 Μακροθυμεῖτε
2645 5111 2768 5179 μετ’
2809 5113 3054 5183 ἀλλήλων
3089 5115 3148 5168 ἐν
3184 5117 3477 5188 πραΰτητι,
3511 5117 3581 5179 ὡς
3613 5118 3639 5168 ὁ

2079 5197 2211 5260 Θεὸς
2250 5199 2371 5268 μεθ’
2405 5200 2568 5270 ήμῶν
2599 5200 2916 5266 διαπαντός.

2165 5289 2227 5342 '0
2286 5292 2353 5363 τῇ
2417 5297 2894 5368 ταπεινοφροσύνῃ
2932 5301 3058 5363 τοὺς
3096 5299 3294 5353 ἑαυτοῦ
3353 5299 3641 5369 λογισμοὺς

398 5372 792 5440 prtemunierit,
826 5375 969 5442 apud
1005 5375 1170 5428 Deum
1203 5376 1383 5431 minus
1411 5379 1698 5434 dedecoris
1727 5381 1970 5436 inveniet

2083 5380 2482 5449 προκατασχὼν
2516 5383 2700 5435 πᾶσαν
2731 5385 2961 5455 ἀτιμίαν
3005 5389 3266 5442 έλάττονα
3301 5391 3522 5460 εὑρήσει
3549 5388 3639 5456 τῆς

395 5479 557 5531 quam
603 5479 788 5518 revera
820 5465 1016 5519 habeat
1047 5484 1060 5519 :
1095 5484 1159 5524 ac
1183 5483 1250 5522 ex
1277 5470 1539 5539 patientia
1570 5471 1677 5526 sibi
1707 5487 1967 5527 coronam

2083 5468 2382 5538 ἀληθείας*
2417 5473 2514 5526 καὶ
2557 5474 2651 5528 τὸν
2703 5476 2813 5529 ἀπὸ
2857 5481 2959 5548 τῆς
3008 5481 3297 5552 ὑπομονῆς
3327 5480 3639 5553 προξενήσει

394 5557 628 5624 parabit,
662 5556 889 5613 alterius
917 5559 1181 5614 insaniam
1206 5576 1320 5616 suae
1352 5563 1664 5618 securitatis
1695 5573 1750 5618 et
1772 5565 1972 5633 quietis

2083 5560 2253 5630 ἑαυτῷ
2285 5562 2551 5629 στέφανον
2581 5605 2595 5630 ,
2647 5567 2749 5635 τὴν
2787 5568 2999 5638 ἑτέρου·
3039 5571 3242 5642 μανίαν
3275 5575 3530 5644 ἀφορμὴν
3563 5569 3638 5620 oi-

393 5661 618 5701 causam
649 5649 875 5704 faciens.

467 5736 602 5790 Cum
641 5739 806 5807 igitur
834 5742 900 5792 ad
931 5741 1175 5795 convicia
1206 5743 1471 5809 incitat-is,
1502 5746 1674 5812 teipse
1722 5748 1775 5800 iu
1817 5748 1963 5817 judi-

393 5823 538 5878 cium
579 5827 871 5884 adductum
913 5830 1223 5884 existimato
1257 5849 1270 5884 :
1306 5843 1488 5888 utrum
1537 5835 1604 5887 ad
1651 5837 1818 5890 Deum
1874 5855 1969 5908 per

2073 5651 2228 5713 κείας
2261 5653 2565 5721 ἀσφαλείας
2597 5657 2943 5727 ποιούμενος,

2163 5743 2228 5796 '0
2287 5743 2351 5814 If.
2411 5746 2566 5817 ὅταν]
2628 5748 2723 5802 οὖν
2776 5767 2859 5804 σοι
2906 5754 3102 5825 κινηθῇ
3151 5757 3180 5808 ὁ
3227 5757 3326 5826 τῆς
3373 5755 3632 5826 λοιδορίας

2076 5839 2407 5909 πειρασμὸς,
2467 5841 2653 5911 νόμιζε
2693 5844 2975 5910 κρίνεσθαι
3038 5850 3232 5901 ἑαυτὸν
3282 5851 3502 5914 πότερον
3553 5848 3632 5900 διὰ
