4062 6410
429 363 560 428 1217

1133 364 1303 426 LOCI
1342 361 1783 425 COMMUNES.
1823 385 1894 400 -
1932 362 2128 422 PARS
2172 363 2256 423 II.
2293 362 2548 424 SERMO
2591 363 2917 425 LXXXIX.

3549 361 3692 428 1218

430 477 812 549 μακροθυμίας
848 478 1248 550 προσχωρήσῃς
1280 476 1373 545 vqr
1389 476 1528 546 Θεῷ,
1567 475 1601 546 ἢ
1632 475 1720 529 διά
1765 477 1866 543 τῆς
1909 474 2006 545 ὀρ-

2118 475 2391 532 lenitatem
2441 491 2766 531 accessurus
2810 477 2912 542 sis,
2970 490 3037 530 an
3093 489 3193 545 per
3239 475 3574 533 iracundiam
3623 479 3690 530 al

426 570 526 639 γῆς
556 571 866 641 ἀποτρέχῃς
898 571 1032 640 πρδς
1065 568 1160 622 τὸν
1188 569 1505 622 ἀντίπαλον.
1941 639 1944 641 Α

516 660 644 721 Τοῖς
677 660 960 712 εὐσεϐέσιν
987 659 1314 726 ἀγωνισταῖς
1342 656 1633 730 προλαόὼν
1656 658 1682 710 ὁ
1711 659 2000 729 προφήτης

428 749 716 817 ὕπέδειξεν
747 753 805 804 ἐν
836 752 979 822 ἀρχῇ
1009 750 1104 804 τοῦ
1145 749 1367 820 ψαλμοῦ
1419 749 1480 802 τὸ
1519 748 1786 820 μακάριον
1820 750 1998 815 τέλος,

427 846 516 898 ἵνα
573 847 640 916 τῇ
699 845 877 897 ἐλπίδι
915 843 1022 897 τῶν
1054 844 1438 912 ἀποκειμένων
1489 841 1714 910 ἀγαθῶν
1775 842 2001 906 ἀλύπως

428 937 524 990 τοῦ
577 937 692 1008 βίου
735 938 805 990 τά
837 925 1061 1005 ἀλγεινά
1092 936 1370 1005 φέρωμεν*
1400 933 1544 988 οὕτω
1572 935 1668 988 καὶ
1694 935 2002 1006 ὁδοιπόροις

428 1033 693 1101 τραχεῖαν
722 1031 847 1083 ὁδὸν
879 1029 1274 1100 πορευομένοις
1304 1031 1397 1082 καὶ
1444 1026 1714 1080 δύσϐατον
1753 1026 2002 1094 κουφίζει

427 1124 519 1173 τὸν
549 1122 768 1191 μόχθον,
802 1120 1111 1188 ἐπιτήδειον
1165 1120 1352 1181 αὐτοῖς
1400 1117 1776 1188 προσδοκηθέν
1829 1134 2004 1170 κατα-

430 1213 651 1280 γώγιον.
691 1212 782 1265 Διὸ
819 1211 914 1265 καὶ
940 1214 967 1264 ὁ
1007 1212 1184 1273 κοινὸς
1217 1212 1308 1264 τοῦ
1341 1209 1810 1280 βίου’διορθωτὴς,
1843 1213 1870 1262 ὁ
1899 1210 2002 1280 μέ-

428 1323 531 1372 γας
569 1303 916 1365 διδάσκαλος,
948 1304 1010 1355 τὸ
1039 1301 1262 1372 Πνεῦμα
1308 1301 1408 1370 τῆς
1461 1302 1721 1371 ἀληθείας
1751 1343 1766 1366 ,
1805 1301 1988 1369 σοφῶς

428 1396 524 1448 καὶ
557 1397 818 1464 ἐντέχνως
853 1396 980 1457 τοὺς
1026 1394 1254 1463 μισθοὺς
1311 1392 1669 1464 προεϐάλετο,
1704 1393 1793 1445 ίνα
1828 1394 2001 1462 ὑπερ-

431 1486 732 1549 κύπτοντες
755 1488 882 1548 τοὺς
909 1486 967 1536 ἐν
995 1485 1160 1555 χερσὶ
1210 1483 1436 1550 πόνους,
1480 1486 1546 1554 τῇ
1595 1483 1808 1554 διανοίᾳ
1854 1485 1994 1554 πρὸς

429 1579 528 1648 τὴν
571 1579 872 1633 ἀπόλαυσιν
905 1579 1013 1631 τῶν
1063 1577 1298 1630 αἰωνίων
1349 1577 1572 1644 ἀγαθῶν
1626 1575 2002 1646 ἐπειγώμεθα.

502 1673 577 1724 Οὐ
602 1674 711 1741 γάρ
733 1675 760 1724 ὁ
784 1672 1006 1740 ἀπορῶν
1030 1671 1138 1723 τῶν
1165 1670 1482 1739 ἀναγκαίων
1507 1670 1855 1740 καρτερικὸς,
1887 1668 2003 1723 ἀλλ’

2101 567 2480 622 adversarium
2511 584 2786 624 recurras.

2186 657 2349 728 249
2371 656 2481 712 Piis
2529 659 2891 714 certatoribus
2961 659 3228 730 Propheta
3293 659 3417 715 inde
3467 675 3495 714 a
3542 660 3700 730 priu-

2110 749 2253 817 cipio
2280 748 2484 804 Psalmi
2519 750 2876 805 beatitudinis
2911 751 3070 805 linem
3105 752 3366 819 ostendit,
3426 761 3482 804 ut
3529 752 3700 806 bono-

2103 857 2221 896 rum
2246 857 2340 909 spe
2371 841 2678 896 futurorum
2716 843 2990 898 molestias
3020 844 3142 898 vitae
3199 857 3306 897 non
3361 854 3583 914 gravate
3623 843 3700 898 fe-

2111 949 2320 988 ramus.
2374 932 2464 988 Sic
2497 945 2548 988 et
2580 935 2683 989 iter
2742 935 3061 990 facientium
3111 936 3352 991 laborem
3398 951 3604 1006 asperm
3645 946 3700 990 et

2103 1025 2395 1080 salebrosa:
2424 1027 2521 1080 viae
2548 1026 2688 1080 levat
2718 1028 2989 1082 commodi
3021 1031 3357 1097 exspectatio
3380 1013 3695 1084 diversorii.

2104 1114 2374 1180 Quocirca
2413 1118 2719 1171 connuunis
2745 1117 2869 1172 vitae
2894 1128 3091 1182 rector,
3137 1129 3192 1173 et
3225 1135 3458 1189 magnus
3507 1120 3701 1175 doctor

2106 1205 2348 1276 Spiritus
2379 1209 2468 1262 ille
2491 1209 2758 1272 veritatis,
2781 1211 3056 1278 sapienter
3083 1219 3136 1264 et
3165 1223 3281 1265 arte
3311 1212 3546 1266 maxima
3563 1227 3702 1281 prae-

2107 1302 2214 1354 mia
2247 1301 2551 1370 proposuit,
2582 1311 2642 1355 ut
2674 1301 2815 1355 ultra
2849 1302 3064 1357 labores
3083 1303 3369 1358 etdolores
3399 1312 3701 1374 praesentes

2108 1392 2528 1462 prospicientes,
2546 1395 2881 1462 cogitatione
2903 1409 3258 1466 properemus
3281 1397 3348 1452 ad
3370 1397 3703 1466 sempiterna

2104 1485 2246 1540 bona
2283 1483 2629 1555 perfruenda.

2175 1667 2293 1722 Non
2312 1667 2455 1723 enim
2475 1683 2658 1723 rerum
2677 1667 3110 1725 necessariarum
3132 1684 3299 1740 egens
3319 1669 3534 1739 patiens
3580 1675 3661 1724 est
3685 1709 3702 1735 ,

432 1769 460 1820 ὁ
508 1769 565 1819 ἐν
619 1763 854 1834 ἀφθονίᾳ
909 1762 1012 1833 τῆς
1064 1762 1418 1824 ἀπολαύσεως
1473 1761 1831 1832 ἐγκαρτερῶν
1888 1763 2004 1824 τοῖς

2118 1757 2206 1815 sed
2232 1757 2326 1828 qui
2360 1757 2783 1812 in-abundantia
2843 1757 3187 1828 voluptatum
3215 1756 3422 1828 perfert
3479 1756 3703 1812 malum.

433 1859 650 1922 δεινοῖς.

505 1952 805 2020 Σωφρόνων
851 1947 1062 2019 ἀνδρῶν
1107 1947 1169 2002 τὸ
1221 1947 1297 2018 μὴ
1341 1947 1608 2011 κινδύνοις
1663 1949 2013 2020 ἐπιρῤίπτειν

436 2042 686 2105 ἑαυτούς·
718 2040 987 2109 γενναίων
1018 2038 1076 2091 δὲ
1118 2039 1213 2092 καὶ
1243 2037 1548 2108 φιλοσόφων
1578 2038 1640 2092 τὺ
1669 2041 2013 2110 ἐμπεσόντας

439 2141 630 2208 φέρειν
661 2134 944 2202 γενναίως.

515 2229 675 2283 Ἔστι
708 2245 762 2281 τι
793 2227 947 2298 παρὰ
973 2223 1050 2292 τῷ
1084 2223 1240 2294 μύθῳ
1260 2225 1444 2293 φυτὸν,
1477 2224 1505 2276 δ
1537 2224 1721 2278 θάλλει
1743 2225 2012 2293 τεμνόμε-

435 2338 550 2384 νον,
590 2322 685 2374 καὶ
739 2321 876 2389 πρὸς
925 2318 1017 2370 τὸν
1051 2315 1270 2385 σίδηρον
1304 2316 1659 2384 ἀγωνίζεται,
1699 2319 1794 2372 καὶ
1829 2317 1900 2390 (εί
1932 2319 2014 2372 δεῖ

437 2413 681 2482 ποιητῶν
739 2411 1060 2481 μεμνῆσθαι
1106 2409 1291 2477 λόγου)
1329 2408 1546 2477 θανάτῳ
1594 2407 1684 2479 ζῇν
1739 2412 1835 2465 καὶ
1868 2412 2012 2480 τομῇ

435 2505 654 2571 φύεται,
691 2503 787 2555 καὶ
845 2499 1072 2567 αὔξεται
1118 2497 1534 2567 δαπανώμενον.
1589 2499 1776 2553 Ταῦτα
1825 2500 1924 2570 μὲν
1985 2502 2014 2554 ὁ

440 2595 629 2660 μῦθος,
679 2593 774 2646 καὶ
815 2593 849 2660 ἡ
899 2591 1200 2660 αὐτονομία
1254 2590 1348 2643 τοῦ
1404 2590 1722 2658 πλάσματος
1756 2609 1769 2623 ο
1805 2593 1927 2662 ἐμοὶ
1955 2593 2014 2647 δὲ

433 2683 585 2736 δοκεῖ
621 2681 808 2749 σαφῶς
839 2680 1052 2734 τοιοῦτο
1085 2677 1230 2734 εἶναί
1257 2697 1312 2733 τι
1345 2679 1375 2731 ὁ
1417 2680 1732 2748 φιλόσοφος,
1765 2681 1823 2742 δς
1863 2683 2012 2734 εὐδο-

441 2776 598 2843 κιμεῖ
647 2775 761 2836 τοῖς
821 2773 1045 2832 πάθεσι,
1097 2772 1191 2823 καὶ
1243 2769 1377 2840 ὓλην
1439 2771 1641 2840 ἀρετῆς
1685 2773 2015 2824 ποιεῖταιτά

433 2865 692 2935 λυπηρὰ,
733 2864 832 2918 καὶ
876 2865 990 2926 τοῖς
1040 2863 1305 2923 ἐναντίοις
1360 2863 1854 2930 ἐγκαλλωπίζεται,
1911 2864 2015 2934 μή-

432 2975 492 3011 τε
539 2960 650 3020 τοῖς
690 2955 883 3020 δεξιοῖς
917 2953 1104 3016 ὅπλοις
1151 2953 1250 3022 τῆς
1302 2953 1653 3022 δικαιοσύνης
1685 2953 2002 3022 αἰρόμενος,

417 3035 730 3116 ’μήτεΑτοῖς
759 3046 1073 3114 ἀριστεροῖς
1101 3045 1515 3114 καμπτόμενος·
1549 3045 1668 3098 ἀλλ’
1697 3047 1724 3100 ὁ
1758 3047 1919 3107 αὐτὸς
1954 3050 2011 3101 ἐν

2185 1934 2629 2002 Temperantium
2655 1941 2737 1990 est
2765 1949 2874 1990 non
2910 1950 2970 1992 se
2993 1935 3048 1990 in
3107 1936 3352 2006 pericula
3403 1937 3702 2007 conjicere,

2117 2025 2213 2081 sed
2246 2025 2467 2080 fortium
2490 2035 2543 2082 et
2571 2026 3016 2098 philosophorum
3033 2037 3140 2095 est,
3161 2028 3207 2084 si
3226 2028 3536 2095 inciderint,
3560 2028 3703 2086 ferre

2115 2115 2345 2171 fortiter.

2196 2208 2460 2280 Theologi.
2487 2209 2586 2265 Est
2609 2211 2664 2266 in
2697 2210 2934 2276 fabulis,
2968 2210 3208 2282 plantam
3242 2211 3534 2282 quamdam
3562 2225 3706 2270 esse.

2114 2314 2236 2369 qum
2267 2315 2389 2354 cum
2421 2299 2684 2355 inciditur
2746 2300 3034 2370 germinet,
3087 2316 3319 2372 qumque
3373 2317 3497 2356 cum
3556 2300 3705 2356 ferro

2115 2401 2326 2444 certare
2361 2391 2596 2458 dicatur,
2630 2406 2694 2446 ac
2727 2393 2773 2446 si
2824 2402 3108 2461 poetarum
3148 2396 3319 2448 'more
3366 2393 3515 2463 loqui
3547 2393 3700 2454 licet.

2115 2497 2234 2552 qua:
2267 2490 2440 2534 utorte
2474 2483 2637 2544 vivat,
2665 2491 2716 2535 et
2742 2481 3008 2536 incisione
3028 2493 3308 2542 nascatur.
3357 2493 3408 2536 et
3453 2495 3707 2536 consum-

2121 2574 2310 2642 ptiune
2345 2585 2633 2644 augeatur.
2665 2573 2814 2628 Talis
2849 2574 2978 2628 mihi
3001 2575 3214 2628 videtur
3262 2589 3386 2630 esse
3408 2577 3625 2644 sapiens
3655 2585 3710 2629 et

2117 2664 2493 2733 phiIOsOphus,
2532 2664 2622 2734 qui
2647 2664 2699 2717 in
2723 2663 3230 2731 perturbationibus
3253 2665 3554 2719 claritatem
3575 2679 3710 2718 con-

2116 2755 2364 2821 sequitur
2403 2769 2420 2820 ;
2451 2753 2537 2808 cui
2568 2753 2784 2810 virtutis
2822 2755 3045 2806 materia
3089 2759 3172 2807 est
3205 2753 3474 2818 molestia,
3529 2764 3584 2808 et
3608 2755 3709 2808 ad-

2115 2844 2288 2898 versis
2321 2846 2566 2899 ornatior
2597 2843 2858 2908 redditur,
2895 2859 2998 2899 nec
3017 2843 3502 2912 dexterisjustitize
3536 2845 3708 2899 armis

2117 2936 2352 2999 tollium,
2403 2951 2504 2992 nec
2553 2937 2792 2991 sinistris
2854 2935 3089 2991 ﬂectitur
3143 2945 3236 2990 aut
3287 2934 3572 3003 dejicitur,
3612 2937 3708 2990 sed
3815 3005 3826 3014 _

2117 3028 2259 3082 idem
2285 3043 2499 3097 semper
2526 3037 2705 3082 manet
2729 3043 2835 3083 non
2870 3028 3086 3092 iisdem,
3109 3037 3203 3084 aut
3220 3028 3384 3084 etiam
3403 3027 3705 3099 probatior,

436 3141 551 3200 τοῖς
582 3139 684 3191 οὐκ
717 3139 899 3198 αὐτοῖς
931 3136 1204 3206 διαμένων
1251 3138 1362 3200 ἀεὶ,
1412 3136 1444 3204 ἢ
1494 3141 1591 3190 καὶ
1619 3137 2009 3208 δοκιμώτερος,

2118 3120 2573 3190 quemadmodum
2603 3135 2794 3174 aurum
2849 3119 2905 3174 in
2934 3120 3174 3176 fornace;

435 3229 626 3298 ῶσπερ
659 3229 717 3280 ἐν
743 3228 960 3297 καμίνῳ
988 3227 1208 3298 χρυσὸς,
1243 3227 1660 3297 εὑρισκόμενος.

505 3321 726 3380 Βέλτιον
755 3320 849 3373 τοῦ
885 3321 1084 3388 τάχους
1123 3321 1156 3388 ἡ
1196 3319 1595 3389 μακροθυμία,
1639 3322 1735 3374 καὶ
1782 3320 1883 3389 τῆς
1917 3321 2016 3374 αύ-

438 3412 656 3474 θαδείας
685 3413 718 3481 ἡ
749 3413 1184 3478 συγκατάδασις.

526 3506 760 3576 Ἀγαθὸν
790 3505 1126 3575 χρηστότητι
1173 3504 1330 3574 νικᾷν
1362 3505 1678 3574 θρασύτητα
1704 3545 1720 3569 ,
1759 3504 1854 3556 καὶ
1891 3502 2017 3573 βελ-

439 3599 588 3661 τίους
615 3601 792 3651 ποιεῖν
805 3597 944 3658 τοὺς
975 3594 1320 3658 ἀδικοῦντας,
1356 3590 1438 3659 οἷς
1482 3595 1864 3666 καρτεροῦμεν
1897 3596 2007 3649 πά-

441 3705 687 3760 σχοντες.

511 3778 681 3832 Οὐδὲν
714 3777 1069 3849 ἰσχυρότερον
1100 3775 1210 3829 τῶν
1245 3775 1426 3830 πάντα
1458 3777 1652 3846 φέρειν
1682 3776 1941 3847 ἑτοίμων.

520 3871 780 3941 ’Λργοῦσι
830 3872 924 3924 καὶ
968 3871 1018 3922 οἱ
1065 3868 1144 3939 τῷ
1195 3870 1388 3938 κόσμῳ
1431 3867 1891 3936 προστετηκότες,
1922 3869 2018 3922 καὶ

439 3965 621 4034 πολλῷ
680 3963 843 4016 πλέον
893 3962 972 4032 τῷ
1025 3961 1144 4031 Θεῷ
1184 3959 1548 4013 δουλευόντων
1595 3974 1610 3989 ·
1641 3959 1777 4013 ἀλλά
1829 3959 2018 4028 μισθὸς

438 4058 626 4120 αὐτοῖς
652 4058 713 4109 τὸ
739 4055 946 4123 ἀλγεῖν’
981 4055 1114 4124 ἡμῖν
1149 4052 1205 4105 δὲ
1232 4053 1330 4106 καὶ
1358 4053 1419 4105 τὸ
1453 4053 1686 4122 πάσχειν
1719 4052 2013 4122 ἔμμισθον,

438 4153 566 4205 ὅταν
594 4149 682 4202 διά
718 4148 809 4201 τὸν
837 4147 970 4200 Θεὸν
997 4143 1390 4214 καρτερῶμεν.

524 4243 615 4311 Μὴ
650 4238 937 4310 γενώμεθα
966 4237 1142 4290 δοῦλοι
1175 4233 1358 4297 κακοὶ,
1407 4232 1735 4301 ἀγαθύνοντι
1772 4232 1872 4300 μὲν
1903 4231 2015 4296 ἐξο-

444 4332 836 4405 μολογούμενοι
857 4329 934 4398 τῷ
961 4327 1207 4398 Δεσπότῃ
1232 4343 1244 4356 ·
1281 4325 1590 4377 παιδεύοντι
1620 4324 1698 4389 δὲ,
1735 4326 1809 4393 μὴ
1843 4340 2014 4394 προσ-

2190 3297 2380 3353 Melior
2412 3299 2610 3355 lenitas
2633 3300 2933 3367 celeritate,
2958 3309 3014 3355 et
3042 3313 3346 3356 consensus
3377 3313 3541 3369 quam
3569 3313 3704 3355 con-

2117 3393 2381 3446 tumacia.

2192 3483 2331 3540 Utile
2361 3495 2446 3540 est
2478 3484 2762 3540 audaciam
2797 3483 3222 3539 mansuetudine
3243 3483 3488 3549 vincere,
3515 3493 3568 3538 et
3590 3499 3705 3538 me-

2115 3576 2278 3631 liores
2306 3577 2532 3632 redtlere
2565 3577 2822 3645 injuriam
2851 3575 3133 3642 facientes,
3172 3592 3296 3646 quae
3349 3577 3512 3632 nobis
3535 3577 3704 3631 iinfe-

2125 3675 2322 3720 runtur
2347 3670 2618 3737 patienter
2649 3666 2896 3722 ferendo.

2184 3758 2332 3813 Nihil
2364 3766 2446 3812 est
2475 3757 2668 3812 fortius
2701 3758 2766 3810 iis
2799 3757 2891 3826 qui
2916 3756 3064 3811 ferre
3093 3755 3277 3809 omnia
3309 3756 3482 3822 parati
3546 3767 3696 3812 sunt.

2188 3849 2377 3904 Dulent
2403 3851 2566 3903 etiam
2603 3849 2692 3917 qui
2728 3849 2844 3903 orbi
2875 3847 3114 3918 praafecti
3139 3855 3364 3911 sunt,ac
3395 3849 3564 3903 multo
3587 3863 3706 3902 ma-

2118 3941 2201 4012 gis
2229 3957 2392 4011 quam
2432 3941 2526 4010 qui
2559 3940 2668 3995 Deo
2693 3941 2960 4002 serviunt,
2993 3940 3086 3995 sed
3119 3939 3402 4008 praemium
3455 3939 3562 3994 illis
3618 3947 3704 3995 est

2119 4036 2274 4089 dolor
2311 4054 2324 4090 :
2356 4035 2516 4090 nobis
2549 4049 2677 4088 vero
2707 4034 2872 4088 etiam
2907 4034 3040 4103 pati,
3081 4047 3191 4088 non
3220 4042 3373 4089 caret
3427 4033 3703 4098 mercede,

2120 4127 2418 4182 dummodo
2455 4136 2678 4196 propter
2710 4124 2876 4180 Deum
2904 4126 3203 4195 patiamur.

2189 4215 2496 4272 Videndum
2523 4227 2608 4272 est
2637 4233 2704 4272 ne
2729 4219 2870 4272 servi
2935 4217 3060 4270 mali
3119 4219 3294 4273 simus
3329 4234 3345 4274 :
3375 4226 3429 4272 et
3475 4218 3706 4288 benigne

2120 4309 2339 4378 quidem
2371 4308 2592 4364 facienti
2629 4309 2859 4364 Domino
2894 4310 3082 4379 gratia:
3110 4325 3139 4363 a
3173 4308 3334 4366 nobis
3368 4318 3496 4364 sunt
3544 4325 3710 4380 agen-

443 4402 741 4495 τιθέμενοι.
773 4421 968 4475 Καίτοι
1025 4418 1155 4471 ποτέ
1217 4419 1465 4486 κρεῖσσον
1490 4415 1678 4482 ὑγείας
1709 4416 1891 4482 πόνος,
1923 4415 2010 4469 καῖ

2119 4403 2201 4456 dae
2235 4419 2249 4468 ;
2279 4410 2334 4456 et
2360 4402 2661 4471 castigante
2692 4403 2854 4454 etiam
2887 4416 2971 4463 eo,
2996 4417 3102 4455 non
3127 4417 3264 4472 aegre
3287 4402 3567 4456 ferendum
3598 4413 3705 4461 est.

452 4513 702 4583 ὑπομονὴ
739 4511 1001 4570 ἀνέσεως,
1033 4507 1126 4560 καὶ
1162 4504 1454 4574 ἐπίσκεψις
1486 4503 1766 4572 ἀμελείας.

511 4691 678 4745 Οὐδὲν
710 4685 883 4750 οὕτως
928 4683 1248 4754 αἰδεσίμους
1302 4680 1470 4747 ποιεῖ,
1509 4681 1586 4744 ὡς
1624 4679 2022 4751 ὑδριζομένους

443 4786 653 4853 φέρειν.

515 4873 785 4940 Καθάπερ
805 4870 920 4932 τοῖς
951 4867 1304 4938 μετανοοῦσιν
1343 4865 1377 4935 ἡ
1407 4863 1500 4917 τοῦ
1563 4863 1699 4917 Θεοῦ
1739 4863 2018 4935 μακροθυ-

447 4967 548 5038 μία
584 4965 887 5033 ὠφέλιμος,
938 4960 1087 5014 οῦτω
1138 4961 1251 5022 τοῖς
1295 4957 1596 5018 ἀνενδότοις
1631 4957 1728 5009 καὶ
1761 4955 2023 5026 σκληροῖς

448 5058 711 5128 μειζόνων
742 5054 956 5123 γίνεται
992 5053 1269 5104 κολάσεων
1297 5049 1596 5120 πρόφασις.

519 5149 682 5209 Ἐθος
731 5145 809 5216 τῷ
848 5145 966 5215 Θεῷ
1001 5143 1075 5214 μὴ
1124 5145 1188 5196 ἐκ
1238 5141 1545 5212 προοιμίων
1573 5141 1641 5192 τὰ
1673 5139 1821 5193 δεινά
1855 5155 2024 5203 κατα-

444 5243 616 5305 λύειν,
651 5240 764 5295 ἀλλ’
805 5241 933 5293 ὅταν
967 5237 1263 5308 κορυφωθῇ
1317 5235 1348 5306 ἢ
1385 5233 1619 5304 αὐξηθῇ,
1667 5236 1798 5287 ὅταν
1835 5233 2023 5302 σχεδὸν

449 5336 614 5408 μηδὲν
658 5330 1082 5399 ύπολελειμένον
1203 5329 1301 5397 τῆς
1351 5327 1462 5378 τῶν
1505 5327 1889 5396 πολεμούντων
1920 5342 2023 5378 κα-

452 5428 602 5494 κίας,
640 5427 767 5478 τότε
803 5422 1015 5493 ἀθρόως
1057 5420 1233 5474 πάντα
1270 5417 1599 5488 μεταϐάλλει
1635 5417 1726 5471 ἐπὶ
1755 5417 1814 5471 τὸ
1854 5417 2026 5489 γαλη-

447 5518 575 5584 νδν,
623 5519 719 5571 καὶ
775 5514 913 5585 πρὸς
966 5510 1416 5581 ἀπροσδοκήτους
1469 5509 1621 5572 τινὰς
1657 5509 2025 5572 καταστάσεις

449 5611 588 5666 αὐτὰ
615 5607 960 5680 πραγμάτων
991 5605 1140 5673 ἀγει.
1170 5642 1180 5651 ι

521 5703 694 5755 Ὅταν
725 5716 811 5762 τις
860 5696 1170 5768 ἐπηρεάζῃ,
1223 5693 1298 5765 μὴ
1344 5691 1481 5761 πρὸς
1514 5691 1682 5745 αὐτὸν
1712 5690 1853 5762 ἴδῃς,
1887 5692 2025 5747 ἀλλά

457 5793 595 5859 πρὸς
626 5791 718 5845 τδν
753 5789 1012 5845 κινοῦντα
1041 5784 1292 5856 δαίμονα,
1327 5783 1422 5836 καὶ¹
1453 5781 1552 5850 τὴν
1585 5779 1755 5850 ὀργὴν
1801 5780 2024 5836 ἃπασαν

2121 4493 2332 4547 Etenim
2377 4501 2599 4562 praestat
2652 4491 2940 4560 aliquoties
3002 4492 3295 4545 valetudini
3350 4491 3594 4558 morbus,
3652 4503 3708 4548 et

2123 4583 2382 4656 patientia
2417 4583 2750 4646 remissioni,
2783 4591 2836 4636 ct
2867 4582 3036 4635 animi
3073 4581 3302 4634 intentio
3335 4581 3701 4651 negligentiae.

2197 4673 2258 4729 S.
2284 4673 2560 4744 Chrysost.
2587 4669 2746 4725 Nulla
2781 4687 2865 4726 res
2887 4687 3039 4740 aeque
3071 4670 3204 4725 facit
3233 4671 3590 4736 venerabiles,
3619 4681 3704 4730 at-

2123 4780 2227 4836 que
2250 4763 2503 4833 injuriam
2529 4763 2822 4817 sustinuere.

2195 4853 2662 4920 Quemadmodum
2697 4851 3092 4922 paenitentibus
3139 4851 3321 4906 divina
3354 4852 3574 4921 prodest
3629 4852 3707 4908 le-

2125 4949 2293 5009 nitas,
2326 4947 2406 5001 sic
2433 4945 2725 5002 obstinatis
2752 4953 2807 4999 et
2837 4943 3213 5013 pertinacibus
3241 4946 3489 5012 graviora
3551 4943 3708 4998 affert

2126 5039 2411 5108 supplicia.

2199 5130 2348 5187 Solet
2383 5131 2527 5188 Deus
2555 5145 2666 5184 non
2703 5144 2731 5182 a
2761 5127 3036 5200 principio
3088 5127 3232 5181 mala
3284 5135 3552 5193 avertere,
3609 5125 3705 5181 sed

2126 5239 2253 5278 cum
2282 5239 2455 5292 usque
2479 5222 2547 5278 ad
2574 5237 2846 5277 summum
2865 5220 3185 5276 venerintet
3239 5219 3528 5285 creverint,
3585 5233 3708 5272 cum

2128 5315 2239 5371 fere
2267 5316 2402 5370 nihil
2448 5315 2777 5370 intentatum
2802 5311 2968 5367 fuerit
2989 5311 3058 5366 ab
3084 5311 3367 5376 hostibus,
3388 5321 3497 5364 tum
3549 5309 3713 5364 simul

2129 5408 2310 5462 omnia
2340 5408 2394 5460 in
2447 5420 2714 5462 summam
2753 5403 3203 5475 tranquillitatem
3238 5402 3521 5466 convertit,
3549 5400 3714 5472 250

2128 5515 2194 5556 ac
2221 5509 2411 5569 praeter
2464 5501 2710 5554 omnium
2739 5496 3201 5566 exspeCtationem
3225 5511 3314 5551 res
3339 5495 3486 5565 ipsas
3508 5495 3714 5562 Optime

2129 5590 2417 5647 constituit
2441 5597 2495 5644 et
2518 5588 2719 5645 firmat.

2199 5680 2335 5736 Cum
2367 5679 2488 5750 quis
2535 5687 2586 5735 te
2631 5678 2878 5742 offendit,
2935 5679 3045 5733 noli
3098 5678 3165 5732 ad
3216 5678 3391 5745 ipsum
3445 5673 3716 5745 aspicere,

2134 5774 2227 5831 st
2262 5773 2331 5830 ad
2363 5775 2661 5829 danuoncm
2696 5771 3085 5843 impellentem,
3115 5777 3168 5826 et
3199 5769 3333 5826 iram
3371 5775 3537 5822 totam
3569 5767 3624 5822 in
3655 5767 3716 5822 il-
