4062 6390
499 382 633 444 1219
1744 373 2060 434 ANTONII
2099 369 2442 442 MELISSIE
3603 377 3718 446 1220

489 505 599 555 lum
634 495 916 560 eilundito,
949 493 1093 550 illius
1119 503 1299 550 autem
1327 493 1585 551 miserere
1616 494 1709 564 qui
1743 507 1771 547 a
1811 495 2056 548 dammae

2171 483 2286 547 ad”?
2313 493 2524 548 ἐκείνου
2577 493 2816 549 κὲνωσον
2842 509 2857 526 ο
2888 492 3051 550 αὑτὸν
3100 491 3158 548 δὲ
3217 493 3316 547 καὶ
3345 493 3394 546 ἐ)
3408 491 3486 548 ἐει
3521 493 3608 548 τὸν
3638 496 3721 550 δι’

489 593 803 662 impellitur.

2171 585 2372 638 ἐκείνου
2413 585 2756 655 κινούμενον.

562 686 681 740 Non
711 687 855 740 enim
887 683 1064 742 solum
1099 685 1223 739 dum
1264 679 1390 736 boni
1423 675 1626 747 aliquid
1660 673 1916 738 facimus,
1967 673 2062 727 sed

2237 676 2310 729 Οὑ
2344 675 2454 744 γάρ
2489 677 2549 728 τὸ
2596 675 2824 746 ποιῆσαί
2878 693 2932 728 τι
2985 676 3227 746 χρηστὸν
3273 677 3459 746 μόνον,
3489 676 3617 732 ἀλλά
3641 681 3722 734 καὶ

489 779 650 832 etiam
683 777 812 832 dum
848 779 971 831 mali
1002 776 1238 848 patimur
1292 770 1520 840 aliquid,
1585 783 1780 836 magna
1839 765 2062 835 prmtnia

2171 766 2226 820 τδ
2258 768 2453 821 παθεῖν
2487 786 2537 820 τι
2569 769 2740 821 κακὸν
2801 769 3006 832 πολλὰς
3053 769 3167 839 ἔχει
3213 768 3319 833 τὰς
3345 767 3612 838 ζάμοιὸἀς·
3643 774 3722 822 καὶ

489 879 802 940 exspectare
836 870 1097 924 debemus
1128 885 1142 920 :
1173 867 1225 921 id
1259 866 1402 936 quod
1447 861 1618 918 .lobus
1672 859 1931 923 ostendit,
1969 859 2062 924 qui

2171 856 2436 914 δείκνυσιν
2468 859 2614 925 Ἰὼϐ,
2658 861 2769 914 ἀπὸ
2797 861 2906 913 τῶν
2941 859 3294 932 παθημάτων
3329 857 3530 932 μᾶλλον
3568 862 3599 931 ἢ
3630 860 3722 915 ἀπὸ

489 980 555 1019 ex
588 963 743 1017 malis
774 961 1005 1017 etrebus
1021 960 1263 1015 adversis
1283 955 1452 1026 magis
1473 969 1636 1025 quam
1657 968 1688 1008 a
1713 961 1858 1007 recte
1883 950 2061 1015 factis,

491 1058 673 1112 clarus
707 1056 903 1111 evasit.

565 1149 724 1204 Nulla
756 1146 996 1217 profecto
1034 1157 1121 1199 res
1148 1155 1254 1208 est,
1289 1156 1411 1210 quae
1456 1145 1566 1193 tam
1627 1131 1946 1202 splendidos
1990 1127 2069 1186 ef-

493 1243 639 1298 ficiat
667 1250 720 1295 et
751 1237 1053 1294 imitatione
1078 1235 1295 1305 dignos,
1333 1248 1394 1286 ac
1444 1229 1602 1286 bonis
1655 1235 1710 1284 et
1769 1217 2067 1281 commodis

491 1331 693 1388 alliciat
715 1330 1039 1394 innumeris,
1073 1338 1235 1396 quam
1269 1323 1450 1379 multa:
1471 1330 1524 1377 et
1548 1321 1714 1374 varia:
1740 1317 2068 1373 tentationes

492 1431 547 1480 et
577 1421 923 1486 aﬂlictiones,
955 1416 1220 1490 pericula,
1262 1415 1507 1476 labores,
1541 1409 1780 1467 tristitia:
1804 1415 1857 1464 et
1888 1405 2067 1462 conti-

492 1528 684 1573 nenter
711 1515 925 1572 insidiis
954 1513 1134 1584 appeti
1157 1511 1240 1566 vel
1257 1511 1322 1564 ab
1341 1510 1406 1563 iis
1429 1507 1521 1578 qui
1539 1507 1759 1561 minime
1775 1501 2062 1564 debebant,

491 1613 586 1668 sed
617 1611 802 1666 omnia
832 1608 1027 1661 leniter
1053 1605 1221 1658 ferre.

563 1698 837 1770 Quidquid
873 1696 1018 1752 enim
1047 1707 1076 1748 a
1101 1703 1426 1765 quocunque
1451 1686 1648 1758 injuste
1679 1686 1939 1755 patimur,
1974 1687 2068 1736 aut

491 1795 557 1848 ad
584 1800 932 1863 peccatorum
965 1784 1344 1842 remissionem
1396 1780 1541 1834 Deus
1589 1778 1748 1833 nobis
1807 1775 2066 1846 injuriam

491 1888 636 1940 illam
666 1885 921 1954 imputat,
957 1887 1049 1932 aut
1079 1878 1145 1930 ad
1208 1873 1484 1929 mercedis
1539 1869 2060 1924 remunerationem.

558 1977 657 2043 Qui
690 1973 976 2030 meditatas
1003 1971 1165 2025 habet
1182 1964 1529 2029 aiﬂictioues,
1554 1978 1660 2018 non
1679 1959 1920 2016 fastidiet
1939 1973 2062 2014 cum

488 2070 846 2139 opprimetur.

559 2160 617 2215 S.
656 2157 795 2212 Nili.
822 2155 1185 2212 Contemnere
1215 2160 1268 2204 et
1327 2147 1472 2202 nolle
1529 2145 1640 2214 pati
1703 2143 2040 2198 calamitates

489 2267 696 2320 magna:
720 2259 775 2302 et
802 2245 963 2301 varia:
984 2252 1066 2299 est
1092 2240 1422 2310 insipientia:
1453 2237 1754 2307 proprium.

561 2343 900 2414 Pythagorae.
953 2337 1199 2406 Magnam
1232 2348 1354 2387 eam
1415 2330 1662 2400 peritiam
1721 2326 2051 2391 existimato,

490 2451 585 2505 per
611 2446 774 2501 quam
813 2429 956 2483 ferre
982 2425 1159 2496 possis
1192 2421 1547 2490 imperitiam.

558 2517 826 2591 Glyconis.
860 2515 1019 2570 Notio
1041 2515 1137 2570 Dei
1171 2527 1263 2582 per
1290 2510 1564 2566 lenitatem
1580 2519 1632 2562 et
1647 2507 1988 2562 clementiam
2012 2507 2066 2561 in

491 2613 739 2666 homines
761 2608 1093 2662 declaratur.

561 2699 864 2757 Metrodori.
887 2695 1053 2768 Spera
1063 2713 1117 2751 re
1133 2711 1240 2749 non
1254 2693 1416 2750 debes
1434 2699 1565 2749 utea
1579 2709 1699 2764 qua:
1714 2691 1872 2762 fiunt,
1889 2701 2070 2764 quem"

490 2793 778 2849 admodum
835 2789 976 2845 velis
1033 2788 1167 2842 ﬁant
1233 2805 1247 2842 :
1312 2784 1408 2842 sed
1429 2785 1921 2858 'quemadmodum
1980 2802 2068 2844 res

491 2887 620 2957 ipsae
646 2882 918 2946 accidunt,
953 2881 1024 2934 ita
1059 2879 1308 2948 accipere
1333 2878 1519 2933 debes.

557 2973 790 3043 Iosephi.
819 2970 961 3025 Nihil
1017 2980 1126 3022 tam
1178 2969 1364 3038 plagas
1419 2968 1697 3037 reprimit,
1757 2983 1920 3038 quam
1974 2984 2069 3024 eas

490 3069 631 3123 ferre
660 3085 672 3120 :
699 3074 753 3120 et
783 3065 1038 3133 injuriam
1067 3060 1446 3129 accipientium
1469 3059 1728 3128 patientia
1751 3061 1936 3128 quieta
1987 3061 2072 3116 in-

485 3155 688 3224 iuriam
726 3153 1060 3208 facientibus
1089 3149 1348 3219 pudorem
1375 3147 1551 3203 affert.

876 3260 1110 3320 SERMO
1159 3261 1251 3316 xc
1302 3259 1400 3332 [αι.
1425 3259 1688 3334 Lxxnt].

597 3357 674 3412 De
723 3373 825 3413 non
853 3354 1176 3425 patientibus
1212 3362 1260 3407 e.’
1291 3354 1468 3406 animo
1495 3369 1657 3422 parvo
1693 3354 1958 3424 pragditis.

559 3514 835 3571 Salomon.
876 3509 1047 3566 Parvo
1079 3509 1260 3565 animo
1283 3505 1544 3580 praeditus
1587 3508 1745 3565 valde
1796 3517 1880 3566 est
1925 3511 2062 3567 insi-

490 3609 664 3677 piens.
971 3607 978 3609 “

557 3697 739 3753 Animi
768 3696 946 3751 virum
997 3694 1211 3762 angusti
1243 3693 1366 3765 quis
1399 3694 1537 3749 ferat
1565 3691 1594 3746 ?'

562 3791 731 3847 Eccli.
761 3807 820 3846 tt.
859 3787 953 3844 Va:
980 3786 1136 3845 vobis
1185 3791 1277 3859 qui
1327 3789 1645 3858 patientiam
1699 3785 2014 3858 perdidistis
2049 3790 2063 3844 l

487 3884 617 3955 quid
656 3881 866 3940 facietis
889 3898 1011 3937 cum
1038 3879 1301 3936 Dominus
1330 3879 1396 3934 ad
1428 3895 1513 3935 res
1556 3877 1927 3950 inspiciendas
1970 3896 2062 3937 ve-

490 3977 602 4031 ttiet
636 3973 660 4029 ?

556 4066 615 4121 S.
641 4065 852 4120 Basilii.
873 4062 929 4118 Si
959 4062 1212 4118 irasceris
1235 4059 1581 4127 convicianti,
1605 4059 1848 4115 convicia
1876 4076 2072 4132 appro-

490 4159 647 4211 basti.
698 4155 837 4220 Quid
879 4154 1026 4209 enim
1061 4154 1142 4207 ira
1192 4149 1704 4221 insipientius?Sin
1748 4169 1876 4208 vero
1933 4153 2070 4208 nihil

489 4247 726 4302 moveris
747 4243 904 4312 iram,
939 4245 1192 4314 injuriam
1222 4243 1508 4299 facientem
1576 4243 1785 4314 pudore
1816 4242 2067 4313 alfecisti,

496 4341 676 4408 reipsa
731 4336 1146 4408 temperantiam
1170 4334 1551 4392 manifestans.

555 4429 914 4484 Evidenttbu‘s
936 4427 1271 4497 argumentis
1297 4427 1558 4483 Dominus
1588 4435 1776 4486 noster
1793 4427 2071 4500 patientiae

2165 949 2274 1004 τῶν
2295 951 2749 1028 ,κατορθωμάτων
2783 953 3174 1024 εὐδοκιμήσας.

2239 1133 2405 1189 Οὐδὲν
2422 1136 2530 1203 γὰρ
2551 1135 2694 1190 οὕτω
2711 1135 3002 1208 λαμπροὺς
3029 1136 3181 1190 ποιεῖ
3205 1137 3302 1190 καὶ
3330 1135 3619 1205 ζηλωτοὺς,
3644 1135 3724 1188 καὶ

2173 1226 2388 1297 μυρίων
2435 1225 2782 1298 ἐμπίπλησιν
2832 1227 3055 1295 ἀγαθῶν
3079 1267 3096 1294 ,
3135 1227 3212 1290 ὡς
3253 1223 3574 1298 πειρασμῶν
3608 1227 3724 1296 πλῆ-

2171 1319 2285 1380 θος,
2319 1321 2410 1372 καὶ
2457 1319 2740 1385 κίνδυνοι,
2792 1323 2887 1374 καὶ
2921 1320 3100 1382 πόνοι,
3133 1322 3236 1374 καὶ
3281 1320 3532 1390 ἀθυμίαι,
3559 1319 3644 1374 καὶ
3671 1319 3722 1372 τὺ

2170 1411 2437 1480 διηνεκῶς
2499 1411 2997 1478 ἐπιϐουλεύεσθαι,
3052 1414 3153 1466 καὶ
3191 1413 3329 1484 παρ’
3385 1405 3460 1466 ὧν
3500 1409 3722 1481 οὐδαμῶς

2171 1504 2360 1574 ἐχρῆν,
2398 1504 2492 1557 καί.
2530 1504 2724 1576 πράως
2759 1503 2976 1559 ἅπαντα
3005 1503 3223 1576 φέρειν.

2243 1689 2422 1757 Ὅπερ
2472 1689 2580 1757 γὰρ
2611 1683 2678 1741 ἃν
2729 1681 2992 1757 πάθωμεν
3025 1686 3230 1750 ἀδξκως
3270 1684 3407 1753 περ’
3434 1679 3660 1746 ὁτουοῦν,
3688 1680 3714 1749 ἢ

2174 1780 2256 1842 εἰς
2288 1779 2707 1848 ἁμαρτημάτων
2751 1777 2996 1834 διάλυσιν
3048 1779 3076 1833 ὀ
3122 1779 3259 1841 Θεὶς
3296 1778 3430 1852 ἡμῖν
3475 1775 3718 1844 λογίζεται

2171 1873 2272 1942 τὴν
2299 1873 2513 1926 ἀδικίαν
2540 1871 2782 1942 ἐκείνην,
2817 1871 2850 1942 ἢ
2887 1872 2970 1934 εἰς
3004 1870 3209 1939 μισθοῦ
3243 1870 3531 1923 ἀντίδοσιν.

2255 1964 2314 2019 Ὀ
2343 1964 2735 2035 μεμελετηκὼς
2790 1961 3076 2018 θλίόεσθαι
3131 1960 3259 2017 οὑδὲ
3311 1957 3716 2028 ἀποδυσπετήσει

2172 2057 2308 2125 πρὸς
2337 2055 2396 2108 τὸ
2427 2054 2731 2119 πιέζεσθαι.

2245 2149 2319 2202 Τὸ
2347 2149 2632 2217 ὀλιγωρεῖν
2666 2149 2762 2202 καὶ
2795 2149 2872 2220 μὴ
2898 2148 3080 2204 θέλειν
3117 2145 3423 2218 ὑπομένειν
3456 2146 3716 2220 συμφορὰς

2177 2241 2420 2311 μεγάλης
2451 2241 2548 2294 καὶ
2576 2239 2829 2309 ποικίλης
2867 2241 3193 2312 ἀφροσύνης
3235 2242 3391 2294 ἴδιον.

2243 2331 2505 2400 Μεγάλην
2540 2330 2788 2384 παιδείαν
2846 2332 3060 2401 νόμιζε,
3098 2333 3170 2386 δι’
3211 2327 3278 2405 ἧς
3310 2331 3525 2402 δυνήσει
3553 2327 3715 2399 φέρειν

2173 2419 2555 2477 ἀπαιδευσίαν.

2245 2510 2451 2576 Γνῶσις
2483 2514 2616 2568 Θεοῦ
2645 2515 2733 2568 διά
2758 2515 3144 2587 μακροθυμίας
3185 2516 3284 2570 καὶ
3314 2515 3606 2584 πραότητος
3645 2511 3713 2573 εἰς

2175 2601 2344 2676 ἄνδρα
2386 2605 2742 2676 γνωρίζεται.

2244 2695 2338 2766 Μὴ
2368 2697 2519 2770 ζήτει
2552 2697 2804 2767 γενέσθαι
2834 2697 2905 2755 τὰ
2947 2697 3218 2770 γινόμενα
3249 2697 3327 2764 ὡς
3368 2697 3560 2762 θέλεις,
3598 2691 3715 2748 ἀλλά

2178 2787 2300 2843 θέλε
2347 2789 2424 2854 ὡς
2469 2789 2536 2844 ἂν
2575 2791 2646 2845 τὰ
2690 2791 2952 2863 γινόμενα
2977 2791 3228 2863 γίνηται.

2245 2967 2414 3022 Οὐδὲν
2469 2968 2613 3023 οὕτω
2657 2970 2759 3034 τὰς
2807 2967 3024 3042 πληγὰς
3059 2971 3401 3036 ἀναστέλλει,
3436 2969 3509 3034 ὡς
3551 2967 3602 3020 τὸ
3633 2959 3716 3033 φέτ

2181 3075 2314 3130 ρειν·
2369 3061 2468 3112 καὶ
2519 3060 2580 3114 τδ
2634 3060 2745 3116 τῶν
2792 3059 3169 3134 ἀδικουμένων
3201 3059 3430 3135 ἡσύχιον
3477 3062 3580 3122 τοῖς
3607 3057 3711 3111 ἀδι-

2101 3183 2145 3242 c
2177 3148 2336 3205 κοῦσι
2367 3152 2576 3221 γίνεται
2608 3151 2900 3225 διατροπή.

2794 3271 3016 3326 ΛΟΓΟΣ
3068 3276 3127 3339 ι.

2169 3355 2312 3426 Περὶ
2354 3359 2476 3413 τῶν
2504 3357 2591 3429 μὴ
2638 3338 3100 3430 ὑπομενόντων,
3122 3363 3270 3418 ἀλλ’
3305 3338 3712 3432 61tsz-

2892 3447 3034 3486 των.

2253 3516 2607 3589 Ὀλιγόψυχος
2645 3519 2861 3590 ἰσχυρὸς
2885 3521 3098 3590 ἄφρων.

2252 3694 2604 3766 Ὀλιγόψυχον
2633 3697 2800 3767 ἀνδρα
2828 3699 2913 3762 τίς
2940 3699 3155 3755 ὑποίσει
3193 3719 3209 3769 ;

2233 3783 2380 3840 Οὐαὶ
2423 3788 2551 3857 ὑμῖν
2580 3790 2691 3853 τοῖς
2721 3790 3094 3846 ἀπολωλεκόσι
3125 3793 3228 3864 τὴν
3271 3790 3598 3863 ὑπομοντήνί
3627 3787 3708 3841 καὶ

2171 3871 2225 3926 τί
2255 3873 2537 3945 ποιήσετε,
2566 3876 2692 3931 ὅταν
2723 3881 3126 3951 ὲπισκέπτηται
3155 3883 3394 3954 Κύριος;

2254 4053 2384 4108 Ἐὰν
2414 4053 2678 4127 ὀργισθῇς
2705 4057 2849 4112 κατὰ
2877 4058 2970 4112 τοῦ
3001 4057 3434 4132 λοιδορήσαντος,
3481 4055 3706 4113 ἐδεσιίιυε

2174 4161 2268 4207 σας
2307 4144 2376 4198 τὰ
2408 4144 2611 4215 ὀνείδη.
2658 4146 2724 4199 Τί
2761 4146 2871 4218 γὰρ
2917 4148 3084 4220 ὀργῆς
3129 4151 3553 4222 ἀφρονέστερονς
3601 4146 3705 4197 Ἐὰν

2171 4237 2229 4290 δέ
2261 4239 2450 4310 μείνῃς
2484 4239 2777 4312 ἀόργητος,
2809 4241 3054 4312 ᾔσχυνας
3087 4245 3179 4298 τὸν
3229 4244 3538 4317 ὑϐρίσαντα,
3582 4238 3704 4310 ἔργῳ

2171 4331 2269 4400 τὴν
2297 4331 2656 4403 σωφροσύνην
2683 4333 3116 4405 ἐπιδειξάμενος.

2242 4417 2322 4472 Δι’
2349 4419 2598 4490 ἐναργῶν
2625 4421 3043 4495 ὑποδειγμάτων
3086 4425 3115 4478 ὀ
3157 4425 3359 4495 Κύριος
3401 4421 3544 4496 ἡμῶν
3568 4417 3700 4471 ἐπεῖ·

492 4521 633 4571 viatn
671 4519 830 4573 nobis
861 4517 1210 4582 monstravit,
1246 4515 1440 4571 leniter
1497 4529 1892 4588 mansueteque
1941 4533 2064 4588 per-

2171 4512 2359 4566 δευσεν
2401 4514 2552 4584 ἡμᾶς
2602 4515 2701 4585 τὴν
2748 4515 2847 4586 τῆς
2901 4518 3180 4588 ὑπομονῆς
3239 4519 3374 4581 ὁδὸν,
3412 4514 3586 4584 πράως
3621 4510 3697 4560 καὶ

485 4609 779 4662 cutientem
812 4605 1013 4670 ferens,
1048 4606 1293 4675 nihilque
1330 4619 1391 4661 se
1421 4617 1798 4662 commovens.
1823 4605 2066 4664 Effector

487 4697 631 4750 enim
664 4695 786 4752 coeli
816 4703 1088 4764 terraeque
1121 4706 1176 4749 et
1205 4695 1473 4751 Dominus
1509 4693 1577 4749 ab
1605 4697 1863 4752 omnibus
1915 4713 2068 4753 crea-

490 4787 557 4841 tis
586 4786 918 4851 adorandus,
953 4787 1044 4855 qui
1077 4785 1231 4839 fulcit
1261 4785 1445 4840 omnia
1472 4785 1642 4840 verbo
1671 4788 1890 4843 virtutis
1930 4801 2065 4854 suae,

485 4893 608 4931 cum
634 4893 662 4932 a
687 4893 796 4947 quo
815 4879 970 4947 alapa
998 4888 1173 4932 eaeSus
1199 4875 1395 4942 fuerat,
1431 4877 1848 4948 haudquaquam
1879 4881 2062 4935 virum

487 4971 554 5024 ad
581 4967 739 5038 251
773 4968 1086 5023 inferendos
1115 4967 1432 5023 dehiscente
1477 4975 1622 5022 terra
1677 4965 1920 5038 demisit,
1969 4971 2065 5026 sed

493 5062 708 5114 monuit
735 5069 792 5112 et
815 5058 1026 5123 docuit,
1055 5059 1282 5114 dicens:
1328 5058 1419 5114 «Si
1453 5061 1600 5113 male
1653 5071 1776 5114 sum
1830 5061 2062 5128 locutus,

492 5157 695 5202 testare
726 5149 795 5203 de
823 5149 968 5202 malo
1005 5163 1019 5202 :
1047 5147 1130 5203 sin
1169 5155 1348 5203 autem
1381 5147 1539 5214 bene,
1573 5161 1675 5204 cur
1698 5163 1785 5205 me
1808 5152 1972 5208 caedis
2005 5155 2060 5207 Ἰ»

488 5239 547 5296 Si
583 5241 727 5294 enim
779 5239 1117 5295 assuefactus
1139 5237 1307 5294 fueris
1329 5243 1572 5294 omnium
1592 5251 1898 5310 postremus
1920 5253 2064 5310 esse,

489 5327 945 5401 quemadmodum
977 5338 1305 5401 praceptum
1354 5339 1436 5385 est
1479 5329 1717 5399 Domini,
1781 5345 2060 5403 nunquam

491 5407 881 5491 indignaberis,
913 5423 1069 5493 quasi
1100 5431 1294 5494 praeter
1308 5420 1626 5493 dignitatem
1656 5425 1754 5480 tibi
1783 5428 2063 5495 comingat

489 5515 714 5582 injuria.

561 5601 826 5673 Tlteologi.
862 5602 941 5658 Ex
968 5603 1034 5657 iis
1064 5603 1158 5672 qui
1190 5611 1492 5672 tentantur,
1518 5605 1608 5660 alii
1639 5605 1776 5660 mihi
1807 5604 2061 5661 videntur

489 5693 545 5746 in
571 5706 778 5748 morem
811 5691 1212 5748 levissimorum
1237 5693 1542 5764 lapillorum
1569 5705 1624 5750 et
1655 5695 1902 5751 inanium
1933 5709 2064 5752 (ποη-

490 5781 774 5837 chularum
804 5783 943 5854 rapi,
974 5797 1035 5838 ac
1063 5797 1130 5839 ne
1156 5785 1222 5840 ad
1255 5784 1640 5842 brevissimum
1675 5787 1893 5857 quidem
1914 5797 2061 5843 tem-

2169 4605 2442 4672 ἀκινήτως
2501 4605 2759 4675 ἐχόμενος
2812 4607 2908 4660 τοῦ
2965 4607 3282 4672 τύπτοντος.
3329 4607 3387 4662 Ὀ
3420 4605 3520 4674 γὰρ
3562 4601 3695 4667 οὖΡα’

2169 4693 2260 4748 νοῦ
2292 4696 2384 4748 καὶ
2414 4697 2514 4764 γῆς
2547 4697 2775 4767 ποιητὴς
2809 4700 2905 4752 καὶ
2943 4698 3244 4768 Δεσπότης,
3288 4699 3316 4752 ὀ
3361 4695 3502 4765 παρὰ
3545 4690 3696 4754 πάσηῖ

2166 4789 2266 4856 τῆς
2299 4787 2533 4849 κτίσεως
2559 4790 3060 4859 προσκυνούμενος,
3089 4793 3118 4844 ὀ
3142 4793 3321 4864 φέρων
3347 4791 3413 4842 τά
3445 4787 3602 4839 πάντα
3630 4771 3695 4842 τῷ

2170 4875 2378 4948 ῥήματι
2411 4881 2513 4948 τῆς
2556 4879 2840 4949 δυνάμεως
2891 4882 3082 4949 αὑτοῦ,
3134 4882 3256 4953 οὑχι
3311 4881 3478 4944 ζῶντα
3511 4867 3692 4938 έπεμψε

2165 4968 2262 5020 τὸν
2287 4968 2598 5038 ῥαπίσαντα
2621 4972 2700 5032 εἰς
2729 4971 2821 5024 τὸν
2851 4970 3008 5044 ᾅδην,
3040 4972 3142 5042 τῆς
3175 4973 3276 5043 γῆς
3309 4960 3689 5044 ὑπορραγείσηῖ’

2168 5060 2284 5113 ἀλλ’
2311 5061 2584 5114 ἐνουθέτει
2609 5063 2706 5115 καὶ
2735 5042 3006 5130 ἐδίδασκε,
3047 5042 3244 5134 λέγωνέ
3277 5084 3295 5115 ι
3324 5061 3385 5117 Εί
3414 5042 3505 5130 μὶν
3536 5048 3688 5110 κακῶς

2167 5149 2428 5221 ἐλάλησα,
2458 5151 2810 5222 μαρτύρησον
2850 5157 2980 5226 περὶ
3003 5155 3097 5208 τοῦ
3135 5153 3328 5209 κακοῦ·
3355 5153 3401 5205 εί
3431 5149 3482 5202 δὲ
3515 5142 3687 5200 καλῶς.

2166 5243 2220 5294 τί
2256 5258 2324 5312 με
2353 5243 2530 5314 δέρεις
2558 5255 2574 5311 3
2613 5262 2631 5295 ³
2683 5245 2809 5299 Ἐὰν
2838 5246 2951 5316 γὰρ
2982 5246 3204 5319 ἐθισθῇς
3249 5249 3454 5299 πάντων
3496 5238 3686 5305 ἔσχατος

2166 5327 2328 5400 εἶναι,
2375 5335 2516 5388 κατὰ
2544 5333 2643 5405 τὴν
2661 5335 2880 5407 ἐντολὴν
2929 5337 3023 5391 τοῦ
3045 5339 3268 5409 Κυρίου,
3313 5333 3495 5389 οὔποτε
3543 5330 3684 5391 ἀγαν⁴

2164 5425 2444 5494 ακτήσεις,
2477 5423 2554 5490 ὡς
2599 5429 2729 5498 παρ’
2790 5429 2949 5493 ἀξίαν
2997 5429 3100 5495 τῆς
3131 5430 3335 5501 ὓδρεως
3373 5416 3680 5482 ἀπαντώπηὶ·

2233 5605 2355 5658 Τῶν
2382 5608 2794 5676 πειραζομένων
2822 5611 2872 5662 οἱ
2902 5611 3004 5682 μὲν
3035 5609 3255 5665 ἐδόκουν
3295 5623 3378 5676 μοι
3403 5601 3473 5661 ὠς
3496 5595 3553 5648 τὰ
3578 5599 3681 5642 κου·

2165 5697 2372 5765 φότατα
2402 5699 2497 5750 καὶ
2559 5693 2737 5752 άπνοα
2789 5701 2900 5753 τῶν
2949 5702 3258 5774 καχληκων,
3298 5688 3516 5750 καὶτῶν
3542 5690 3681 5774 κηξυ·

2168 5789 2300 5842 κίων
2330 5789 2767 5860 παρασύρεσθαι,
2802 5795 2896 5846 καὶ
2928 5794 3048 5847 οὐδὲ
3081 5766 3272 5863 μικρὸν
3301 5785 3525 5854 ἀντέχειν
3557 5766 3669 5834 πρὸς
