4062 6464
477 410 503 475 1
513 410 615 474 223

1756 406 2080 470 ANTONH’
2124 405 2470 467 MELISSJE

3614 407 3729 472 ιεξι

549 521 812 576 Senectus
830 531 1108 588 nonorata,
1138 537 1242 577 non
1267 537 1386 592 qum
1410 523 1614 578 multos
1655 520 1818 576 habet
1847 534 2044 580 annos,

2227 518 2408 588 Γῆρας
2457 516 2640 588 τίμιον
2677 518 2739 570 ού
2792 518 2851 570 τὸ
2910 518 3300 588 πολυχρόνιον,
3341 518 3468 572 ούδέ
3527 521 3728 593 ἀριθμῷ

475 628 576 688 nec
611 630 839 668 numero
869 629 1134 668 annorum
1169 617 1437 670 metienda
1493 625 1596 681 est,
1668 616 1764 671 sed
1815 615 1924 670 vita
1970 614 2052 667 in-

477 706 761 760 taminata.

551 797 612 852 S.
636 796 846 851 Basilii.
882 796 1204 867 Facldiscas.
1236 813 1272 854 o
1297 799 1481 865 homo,
1511 814 1577 854 ac
1607 799 1856 854 docearis
1882 811 2049 850 evan-

478 888 703 958 gelicam
731 890 1222 953 conversationem,
1247 890 1525 945 oculorum
1548 888 2052 953 eruditionemJin-

481 994 599 1048 gum
621 979 1040 1044 continentiam,
1063 983 1309 1050 corporis
1353 983 1694 1048 servitutem,
1729 984 1896 1037 animi
1945 985 2052 1038 bu-

480 1069 784 1140 tnilitatem,
803 1070 1091 1140 puritatem
1112 1073 1328 1137 mentis,
1347 1075 1439 1127 irae
1453 1075 1893 1128 exstinctionem.
1917 1074 2054 1129 Cum

479 1139 684 1230 aliquid
736 1161 836 1217 abs
865 1170 915 1217 te
961 1162 1217 1230 exigitur,
1249 1165 1412 1218 etiam
1464 1165 1698 1234 amplius
1725 1166 1893 1221 addc:
1928 1182 2052 1221 cum

481 1251 766 1307 fraudatus
787 1252 979 1316 fueris,
1007 1251 1275 1322 judicium
1306 1269 1376 1308 ne
1391 1257 1590 1324 petito:
1613 1255 1658 1310 si
1691 1258 1886 1324 tequis
1915 1259 2052 1323 odit,

478 1351 692 1400 amato:
717 1343 760 1396 si
797 1345 1162 1414 persequitur,
1195 1343 1495 1401 sustineto:
1522 1347 1568 1400 si
1598 1347 1864 1403 conviciis
1925 1363 2054 1418 pro-

478 1432 703 1495 scindit.
735 1434 1042 1490 obsecrato.

551 1523 778 1580 Factum
811 1527 1038 1582 tacitum
1071 1528 1217 1584 dicto
1265 1539 1485 1600 praestat
1509 1529 1734 1588 iniecto.

553 1616 728 1672 Nemo
760 1618 879 1673 sine
898 1619 1116 1676 actione
1141 1622 1314 1677 adhuc
1345 1623 1605 1692 probatus
1629 1634 1734 1690 est,

549 1709 622 1762 At
655 1709 862 1778 absque
882 1710 1061 1768 verbis
1081 1722 1269 1782 argute
1289 1714 1516 1783 prolatis
1544 1729 1705 1784 quam
1739 1715 1982 1785 plurimi.

551 1798 672 1854 Non
693 1801 836 1855 enim
860 1801 1224 1871 loquentibus,
1253 1805 1347 1861 sed
1381 1815 1528 1860 recte
1556 1807 1863 1862 viventibus
1882 1806 2054 1874 gratia

1707 1895 1926 1968 [debetu
1938 1913 1983 1951 r.

561 1978 664 2034 Ubi
714 1995 808 2036 res
863 1981 996 2052 ipsae
1023 1993 1359 2052 comparent,
1391 1984 1551 2056 longa
1597 2000 1940 2055 supervacua
1974 1994 2068 2042 est

481 2070 680 2124 oratio.

554 2161 618 2217 S.
651 2161 928 2233 Cltrysast.
965 2161 1087 2218 Vita
1145 2167 1422 2236 potentior
1462 2167 1712 2222 oratione
1772 2166 2066 2234 verbisque

485 2270 699 2320 mores,
727 2268 779 2310 et
815 2271 1042 2325 operum
1104 2256 1502 2315 demonstratio
1539 2261 1830 2316 verborum
1865 2261 2066 2316 doctri-

484 2361 570 2399 na:
592 2346 946 2414 praeponitur.

559 2436 788 2505 Philipp.
822 2454 898 2505 n;
931 2438 1082 2494 Psal.
1106 2456 1169 2496 ll.
1205 2441 1349 2497 Audi
1385 2440 1712 2510 Apostolum
1766 2442 2062 2509 dicentem,

487 2524 630 2580 Cum
659 2528 854 2581 timore
883 2537 936 2580 et
979 2537 1216 2584 tremore
1256 2541 1491 2584 vestram
1535 2532 1776 2599 ipsorum
1829 2534 2061 2588 salutem

487 2616 716 2670 elﬁcite:
748 2617 928 2671 omnia
957 2617 1117 2674 facite
1142 2621 1261 2674 sine
1301 2623 1826 2678 nturmurationibus
1847 2633 1901 2678 et
1948 2624 2065 2678 dis-

487 2708 885 2777 putationibus,
921 2719 978 2763 nt
1009 2711 1132 2766 sitis
1181 2711 1459 2781 simplices
1493 2728 1558 2768 ac
1600 2713 1736 2768 tales
1766 2714 1834 2769 de
1859 2715 2062 2784 quibus

488 2799 748 2867 conqueri
787 2803 958 2868 possit
984 2816 1166 2865 nemo,
1198 2801 1291 2856 lilii
1326 2803 1415 2857 Dei
1449 2805 1568 2859 sine
1607 2807 2060 2876 reprehensione.

489 2888 632 2951 Quin
676 2889 838 2943 etiam
866 2901 1038 2954 .vates
1077 2891 1268 2959 David,
1295 2894 1531 2962 Servite,
1565 2895 1768 2965 inquit,
1835 2897 2065 2950 Domino

488 2994 609 3032 cum
648 2991 815 3046 metu,
857 2984 984 3052 quia
1009 2979 1207 3055 ubique
1231 2995 1315 3041 est
1347 2985 1512 3053 Deus,
1534 2989 1680 3044 audit
1713 2990 1920 3050 omnia,
1951 3004 2067 3043 om-

491 3073 578 3124 nia
609 3073 772 3140 videt,
822 3091 929 3129 non
957 3077 1117 3132 modo
1173 3093 1239 3134 ea
1273 3095 1395 3150 qua:
1441 3092 1677 3151 aguntur
1706 3092 1760 3137 et
1787 3083 2064 3147 dicuntur,

489 3179 678 3218 verum
697 3168 860 3222 etiam
893 3184 956 3223 ea
978 3169 1161 3224 omnia
1192 3186 1313 3240 quae
1340 3172 1395 3226 in
1429 3174 1688 3230 cordibus
1723 3175 2062 3238 volutantur,

2161 609 2300 664 ἐτῶν
2327 613 2628 681 μετρεῖται,
2652 610 2788 663 ἀλλὰ
2823 611 2937 680 βίος
2963 611 3326 678 ἀκηλέδωτος.

2240 788 2420 853 Μάθε,
2442 788 2723 858 ἄνθρωπε,
2754 787 3038 858 διδάχθητι
3062 788 3163 858 τὴν
3185 788 3568 860 εὐαγγελικὴν
3599 789 3729 843 πολι·

2161 883 2336 948 τείαν,
2389 880 2688 951 ὀφθαλμῶν
2739 881 3055 952 ἀκρίϐειαν,
3082 879 3354 951 γλώσσης
3401 881 3728 950 ἐγκράτειαν,

2164 972 2418 1042 σώματος
2459 972 2858 1041 δουλαγωγίαν,
2911 973 3172 1044 φρόνημα
3199 974 3496 1036 ταπεινὸν,
3541 974 3729 1036 ἐννοίας

2165 1062 2552 1132 καθαρότητα,
2614 1065 2788 1139 ὀργῆς
2865 1066 3202 1134 ἀφανισμόν.
3271 1063 3730 1136 ’Λτγαρευόμενος

2163 1155 2323 1208 πλέον
2357 1155 2544 1218 ἐπίθες
2572 1195 2588 1219 ,
2619 1154 2981 1226 ἀπατώμενος
3012 1157 3089 1227 μὴ
3122 1157 3387 1221 δικάζου,
3421 1155 3729 1226 μισούμενος

2161 1245 2376 1311 ἀγάπα,
2408 1246 2736 1317 διωκόμενος
2777 1247 2996 1318 ἀνέχου,
3027 1247 3534 1319 βλασφημούμενος
3571 1264 3728 1320 mps-

2160 1337 2338 1394 κάλοι.

2306 1521 2556 1587 Ἀφωνον
2582 1517 2744 1588 ἔργον
2768 1522 3022 1589 κρεῖσσον
3051 1522 3345 1592 ἀπράκτου
3375 1523 3556 1589 λόγου.

2303 1609 2430 1663 Βίου
2466 1611 2568 1674 μὲν
2598 1611 2774 1674 οὐδείς
2810 1611 3023 1666 πώποθ’
3064 1613 3265 1684 ὑψώθη
3295 1614 3421 1684 δίχα
3444 1628 3459 1643 ⁸

2300 1703 2477 1770 Λόγου
2508 1703 2564 1756 δέ
2591 1703 2776 1758 πολλοὶ
2805 1704 2902 1757 τοῦ
2927 1705 3111 1769 καλῶς
3146 1706 3528 1776 ψοφουμένου.

2305 1795 2382 1848 Οὐ
2410 1795 2522 1866 γὰρ
2549 1795 2881 1863 λαλούντων,
2911 1797 2973 1851 εὖ
3006 1797 3278 1864 βιούντων
3306 1798 3352 1851 δ’
3378 1801 3413 1869 ὴ
3447 1799 3619 1869 χάρις.

2973 1886 3294 1958 (ΤΙιεοίοςὶ.)

2241 1977 2589 2048 Φαινομένων
2621 1977 2800 2049 ιργων
2825 1980 3084 2045 περιττόν
3119 1982 3248 2034 ἐστι
3277 1979 3634 2051 μακρολογία.

2239 2161 2366 2227 Βίος
2417 2161 2578 2230 λόγου
2633 2159 3029 2228 δυνατώτερος,
3071 2161 3174 2216 καὶ
3234 2162 3435 2232 τρόποι
3463 2158 3719 2230 ῥημάτων,

2167 2254 2264 2306 καὶ
2300 2256 2333 2322 ἡ
2369 2254 2460 2308 διὰ
2495 2253 2602 2307 τῶν
2655 2253 2835 2324 ἔργων
2864 2252 3130 2318 ἐπίδειξις
3167 2255 3273 2325 τῆς
3305 2254 3396 2308 διὰ
3427 2251 3532 2306 τῶν
3574 2251 3718 2318 λόγων

2165 2345 2542 2408 διδασκαλίας.

2243 2439 2517 2492 Ἀκουσον
2564 2438 2659 2492 τοῦ
2694 2438 3023 2493 Ἀποστόλου
3072 2437 3334 2507 λέγοντος
3356 2452 3372 2470 ⁶
3441 2435 3586 2493 Μετά
3638 2431 3718 2498 φό-

2165 2529 2262 2583 ϐου
2309 2531 2404 2584 καὶ
2431 2529 2638 2598 τρόμου
2676 2529 2776 2599 τὴν
2825 2529 3038 2583 ἐαυτῶν
3077 2531 3369 2601 σωίεηρίαν
3399 2523 3715 2596 κατεργάζε·

2173 2621 2268 2674 σθε
2293 2635 2308 2650 ·
2344 2621 2523 2675 πάντα
2546 2623 2750 2673 ποιεῖτε
2775 2623 2942 2690 χωρὶς
2971 2621 3313 2689 γογγυσμῶν
3357 2619 3451 2672 καὶ
3509 2614 3717 2678 διαλογι-

2175 2713 2354 2783 σμῶνο
2405 2713 2495 2767 ἵνα
2541 2714 2773 2780 γένησθε
2817 2713 3100 2782 ἄμεμπτοι
3143 2712 3246 2765 καὶ
3266 2711 3536 2781 ἀκέραιοι,
3579 2706 3717 2757 τέκνα

2164 2805 2299 2859 Θεοῦ
2359 2805 2659 2874 ἀμώμητοι.
2741 2803 2904 2857 Ἀλλά
2967 2806 3063 2858 καὶ
3122 2803 3154 2857 ό
3233 2803 3520 2863 Θεσπέσιος
3581 2791 3714 2849 Assii

2165 2914 2332 2966 φησι·
2377 2896 2706 2951 Δουλεύσατε
2734 2896 2813 2965 τῷ
2866 2896 3058 2966 Κυρίῳ
3113 2897 3181 2950 ὲν
3236 2895 3409 2964 φόϐῳ,
3468 2881 3715 2955 Πανταχοῦ

2164 2988 2274 3060 γὰρ
2306 2989 2571 3058 πάρεστιν
2629 2991 2657 3043 ό
2687 2989 2842 3053 Θεὸς,
2879 2989 3062 3042 πάντα
3106 2985 3328 3054 ἀκούει,
3354 2985 3527 3038 πάντα
3551 2976 3713 3050 speet

2163 3082 2235 3135 τὰ
2263 3083 2617 3152 πραττόμενα
2657 3083 2823 3151 μόνον
2881 3081 2977 3133 καὶ
3011 3079 3313 3150 λεγόμενα,
3365 3076 3498 3132 ἀλλὰ
3547 3067 3713 3124 καὶτὰ

2165 3176 2224 3228 ἐν
2253 3173 2502 3243 καρδίαις
2545 3171 2794 3236 ἅπαντα,
2825 3171 2922 3224 καὶ
2968 3171 3038 3224 τὰ
3069 3172 3131 3224 ἐν
3163 3170 3248 3241 τῷ
3279 3167 3432 3238 βάθει
3461 3166 3555 3234 τῆς
3591 3175 3708 3227 καρ·

490 3255 575 3310 vel
613 3272 735 3325 quae
779 3269 908 3313 sunt
939 3261 992 3314 in
1029 3262 1194 3316 fundo
1223 3265 1586 3335 cordis:ipse
1640 3266 1784 3320 enim
1842 3276 1930 3321 est
1974 3282 2066 3321 cu-

2167 3266 2309 3322 δίας.
2345 3263 2607 3335 Κριτικὸς
2659 3264 2770 3334 γάρ
2803 3263 2952 3317 ἐστιν
2990 3262 3353 3334 ἐνθυμήσεων
3391 3259 3485 3313 καὶ
3529 3249 3713 3308 ἐννοιῶν

497 3348 786 3416 piditatum
838 3361 894 3408 et
939 3354 1328 3424 cogitationum
1384 3357 1760 3426 cordisjudex
1787 3367 1842 3413 et
1874 3359 2068 3428 cogni-

495 3447 600 3494 tor.

567 3532 728 3606 253
767 3533 825 3589 S.
887 3533 1028 3590 Nili.
1064 3535 1546 3596 Prmstantioribus
1590 3540 1898 3612 subiectum
1945 3556 2071 3598 esse

499 3625 844 3682 utilissimum
901 3641 1007 3686 est.

571 3717 786 3773 lnlini'a
814 3731 942 3774 sunt
975 3721 1116 3778 mala
1146 3739 1268 3792 qum
1296 3725 1701 3780 commaculant
1733 3727 2003 3790 animum,
2041 3739 2074 3779 a

498 3810 696 3877 quibus
718 3827 780 3867 ex
791 3815 1010 3883 purgari
1034 3824 1089 3869 et
1110 3815 1221 3870 elui
1248 3817 1473 3872 omnino
1496 3832 1602 3872 non
1638 3819 1761 3874 licet
1783 3834 1796 3870 :
1824 3835 2076 3874 necessa-

499 3907 584 3957 rio
619 3904 762 3958 enim
806 3905 1187 3975 relinquuntur
1217 3908 1392 3962 cuivis
1419 3909 1632 3964 mortali
1694 3913 1904 3977 sordes,
1957 3926 2079 3979 quae

498 3995 732 4050 leviores
786 3995 902 4052 lieri
961 4011 1126 4066 posse
1196 3999 1470 4067 videntur,
1502 4002 1617 4058 tolli
1642 4015 1824 4059 autem
1851 4005 2077 4060 omnino

498 4099 611 4140 non
648 4095 896 4155 possunt.

577 4173 1112 4245 Obedientiajuncla
1161 4178 1512 4235 continentiae
1544 4180 1626 4236 vel
1659 4180 1864 4238 bestias
1921 4183 2077 4239 subi-

503 4268 602 4336 git.

959 4378 1191 4435 saeuo
1237 4379 1374 4436 xcn
1437 4379 1536 4453 [αι.
1566 4381 1654 4455 C].

511 4494 583 4547 De
613 4493 884 4563 republica
904 4497 1270 4563 vituperanda,
1299 4505 1348 4548 et
1371 4495 1782 4550 inobedientibus
1813 4512 1875 4548 ac
1906 4496 2078 4551 rebel-

577 4565 739 4629 libus,
768 4565 930 4634 deque
982 4567 1047 4619 iis
1077 4566 1166 4632 qui
1196 4565 1426 4619 moribus
1457 4566 1819 4632 improbandis
1861 4567 2079 4634 prwditi
2110 4586 2154 4642 υ

575 4643 724 4688 sunt.

579 4727 720 4794 Quia
746 4727 1048 4783 noluerunt
1079 4741 1199 4781 mea
1230 4726 1386 4796 sequi
1431 4727 1681 4792 consilia,
1706 4727 1800 4783 sed
1837 4728 2081 4798 increpa-

507 4822 686 4875 tiones
711 4833 861 4876 meas
898 4818 1231 4884 deriserunt,
1251 4819 1352 4873 vim
1366 4835 1478 4874 suae
1509 4818 1774 4877 fructibus
1809 4821 2079 4888 fruentur,

509 4920 567 4965 et
610 4908 1007 4980 cupiditatibus
1029 4908 1147 4965 suis
1172 4909 1552 4978 explebuutur.

582 5086 784 5144 larem.
828 5085 1038 5158 Populo
1069 5084 1197 5140 huic
1248 5083 1354 5139 fuit
1389 5098 1484 5139 cor
1535 5084 1851 5142 inobediens
1895 5095 1950 5141 et
2000 5099 2086 5141 re-

2173 3357 2424 3430 καρδίας.

2249 3539 2324 3593 Τὸ
2367 3535 2761 3593 ὑποτάττεσθαι
2791 3539 2903 3602 τοῖς
2939 3536 3254 3608 κρείττοσιν
3300 3524 3710 3602 ὠφελιμώτατοι

2255 3721 2493 3788 Ἀπειρα
2543 3717 2612 3771 τά
2645 3715 3164 3786 καταρρυπαίνοντα
3197 3714 3299 3785 τὴν
3346 3699 3708 3802 ψυχὴν-καφ

2177 3807 2322 3878 ἅπερ
2351 3805 2672 3876 ἐκνίψασθαι
2706 3808 2801 3858 καὶ
2853 3803 3265 3858 ἀπολούσασθαι
3297 3793 3591 3863 ἱπαντελῶς
3623 3793 3704 3878 οὑξ

2177 3873 2386 3954 ἔνεστιν
2405 3915 2420 3930 ·
2452 3873 2842 3952 ἀπολείπονται
2871 3897 2980 3965 γάρ
3007 3893 3069 3959 ἐξ
3096 3896 3345 3963 ἀνάγκης
3385 3885 3535 3940 παντὶ
3556 3873 3704 3965 θνητῷ

2179 3990 2372 4060 κῆρες.
2413 3991 2680 4058 Λωφῆσαι
2743 3988 2843 4058 μὲν
2893 3963 3005 4058 γάρ
3062 3986 3242 4050 εἰκὸς,
3286 3975 3616 4050 ἀναιρεθῆναι
3661 3963 3707 4015 δὲ

2179 4083 2415 4148 εἰσάπαξ
2447 4081 2750 4152 ἀμήχανον.

2263 4149 2514 4243 ’Υπακοὴ
2551 4149 2721 4243 "pars
2778 4167 3107 4238 ἐγκρατείας
3165 4165 3457 4222 ύποτάσσει
3498 4155 3581 4208 καὶ
3629 4149 3704 4214 θη-

2184 4269 2297 4338 pia.

2775 4378 2996 4430 ΛΟΓΟΣ
3034 4374 3151 4444 t,B'.

2182 4479 2322 4561 περὶ
2353 4475 2660 4561 ῑτξβιτείας
2695 4437 3700 4561 vietis:raijirvi‘fffffmiii

2254 4515 3232 4613 ἕέεᾶἕλ“τὶὲὖὶι”’τὸ⁷ἧῦἑὲ³ἱιάΐὶοῦξ
3251 4515 3517 4602 ’φύκους
3557 4515 3678 4584 ἐκδν

2254 4632 2390 4669 των.

2265 4725 2487 4798 Ἐπειδὴ
2542 4725 2642 4779 οὐκ
2697 4725 2891 4795 ἤθελον
2953 4724 3118 4792 ἐμαῖς
3175 4716 3468 4804 ’προσέμιῖ
3500 4693 3697 4804 prliis:

2184 4789 2560 4888 ἐμυκτήρισαν
2587 4817 2644 4870 δὲ
2688 4789 2856 4885 ἐμοὺς
2896 4789 3156 4884 ἐλέγχους
3177 4829 3194 4846 ⁸
3221 4789 3499 4874 ’τοιγαροῦν
3523 4789 3696 4894 ἔδοξέ

2184 4879 2282 4979 της
2313 4879 2524 4961 ἐαυτῶν
2551 4906 2674 4960 ὁδοῦ
2699 4879 2826 4971 τοὺς
2856 4879 3126 4975 καρπούς,
3155 4903 3249 4957 καὶ
3275 4898 3368 4967 τῆς
3399 4881 3584 4944 ἑαυτῶν
3601 4879 3694 4928 ἐπι·

2187 4999 2386 5068 θυμίας
2425 4997 2860 5070 πλησθήσονται.

2257 5059 2349 5160 ἦιῷ
2368 5059 2493 5159 ’λαῷ
2513 5059 2691 5160 ἐούτίφ
2715 5090 2949 5160 ὲγενήθη
2981 5088 3179 5159 καρδία
3207 5083 3427 5152 ἀνήκοος
3468 5066 3550 5122 καὶ
3571 5059 3674 5113 ἀπει

518 5182 695 5236 belle:
727 5195 917 5236 omnes
979 5162 1350 5237 inobedientes
1401 5188 1530 5236 sunt
1571 5189 1625 5236 et
1677 5195 1774 5250 per
1833 5182 2067 5250 ambage:

2190 5181 2288 5252 θής
2313 5197 2328 5212 ⁸
2362 5182 2564 5243 πάντες
2597 5180 2841 5249 ἀνήκοοι,
2874 5179 3232 5249 πορευόμενοι
3271 5163 3502 5225 σκολιῶςο

517 5274 915 5346 ingrediuntur.

589 5367 669 5421 Ad
716 5381 876 5434 quem
933 5365 1126 5435 loquar
1158 5375 1212 5422 et
1261 5366 1520 5430 testabor,
1581 5360 1638 5419 nt
1689 5365 1914 5420 audiat?
1951 5363 2088 5418 Ecce

2260 5363 2407 5435 Πρὸς
2433 5364 2554 5417 τίνα
2578 5362 2800 5431 λαλήσω
2827 5365 2924 5417 καὶ
2953 5359 3428 5433 διαμαρτύρωμαιν
3457 5324 3679 5435 καὶ

523 5472 686 5511 aures
747 5471 937 5510 corum
996 5457 1400 5514 incircumcisa:
1469 5469 1618 5524 sunt,
1691 5473 1790 5511 nec
1861 5472 2062 5528 possun

2191 5472 2383 5522 σεται;
2427 5453 2558 5508 Ἰδοὺ
2592 5455 2948 5526 ἀπερίτμητα
2980 5454 3048 5508 τά
3072 5449 3184 5510 ὦτα
3214 5445 3405 5505 αὐτῶν,
3434 5435 3514 5490 καὶ
3537 5443 3586 5479 ου
3616 5419 3685 5470 δ.)-

522 5547 733 5602 audire.

596 5636 789 5691 Eur/1.
825 5652 908 5692 Ill.
941 5636 1046 5702 Qui
1075 5637 1226 5692 audit
1256 5653 1366 5706 me,
1405 5641 1623 5706 audiat;
1653 5649 1709 5694 et
1737 5641 1829 5709 qui
1857 5655 1962 5696 non
1991 5653 2090 5710 pa-

525 5740 627 5791 ret,
677 5743 745 5782 ne
788 5738 998 5799 pareat.

598 5816 805 5874 Basilii.
836 5817 943 5875 Ubi
964 5818 1281 5886 inimicitiae,
1341 5820 1487 5887 lites,
1534 5822 1650 5884 iraa,
1691 5822 2083 5885 contentiones.

2190 5562 2381 5600 νανται
2419 5543 2662 5597 ἀκούειν.

2280 5636 2338 5691 '0
2391 5635 2605 5691 ἀκούων
2638 5653 2743 5707 μου
2797 5635 3063 5702 ἀκουέτω,
3109 5635 3203 5690 καὶ
3243 5630 3269 5682 ό
3314 5615 3460 5678 ἀπειθ

2193 5729 2376 5785 θείτω.

2265 5821 2440 5874 Ὅπου
2476 5819 2685 5883 ἔχθραι.
2727 5819 2898 5884 ἔοεις,
2955 5818 3136 5880 θυμοὶ,
3193 5798 3528 5878 φιλονεινεῖαιι

3464 5610 3530 5663 ὦν
3565 5601 3682 5652 im"

3558 5769 3678 5840 ϐορά-
