4062 6350
408 348 543 412 L25

1184 342 1353 403 LOCI
1392 339 1836 403 COMMUSES.
1883 358 1954 375 ·-
2000 337 2195 398 PARS
2236 336 2322 396 11.
2359 333 2618 395 SERMO
2661 331 2876 394 XCIII.

3518 328 3540 391 1
3550 325 3654 387 226

385 461 514 522 6ους
561 457 858 528 ἀσιγήτους
918 458 1038 519 ταῖς
1092 454 1290 526 ψυχαῖς
1333 453 1681 522 ἐμποιοῦσαι,
1742 453 1858 505 ἐκεῖ
1908 451 1964 504 τὴ

2075 463 2196 517 qmc
2251 448 2303 502 in
2354 448 2552 501 animis
2611 445 2879 499 Limult-us
2925 439 3331 511 inexplicabiles
3391 436 3652 492 excitanti

387 547 604 617 πνεῦμα
638 549 736 617 τῆς
769 546 1076 616 πραότητος
1107 545 1206 597 ούκ
1240 543 1602 598 ἀναπαύεται.

460 641 729 709 Κρεῖσσον
776 634 931 708 οἶμαι
979 636 1368 706 ὲπιτιμηθῆναι
1419 636 1566 705 παρὰ
1610 639 1813 705 πατρὸς
1867 638 1959 691 καὶ

387 729 670 793 δεσπότου,
704 729 736 800 ἢ
771 727 1114 799 ἀπωσθῆναι.

491 822 719 884 Δναιδὲς
745 821 986 892 βλέμμα,
1017 821 1113 874 καὶ
1143 820 1416 891 μετέωρος
1449 819 1642 889 αὐχὴν,
1676 818 1770 871 καὶ
1804 837 1959 872 συνε-

386 916 490 988 χὴς
522 913 737 982 κίνησις
767 913 1010 982 ὀφρύων,
1046 912 1140 966 καὶ
1167 911 1406 981 βάδισμα
1440 909 1836 980 σεσοϐημένον,
1867 913 1961 962 καὶ

387 1009 448 1060 τὸ
477 1006 570 1059 ἐπὶ
604 1005 795 1073 μηδενὶ
827 1003 936 1056 τῶν
968 1001 1185 1071 φαύλων
1227 1002 1508 1074 ἐρυθριᾷν,
1551 1003 1754 1071 σημεῖα
1782 999 1963 1070 ψυχῆς

388 1099 537 1150 ἐστιν
563 1097 870 1166 αἰσχίστης,
913 1096 1040 1158 τοὺς
1073 1095 1299 1163 ἀφανεῖς
1331 1093 1440 1146 τῶν
1487 1093 1705 1146 οἰκείων
1739 1091 1963 1145 ὀνειδῶν

388 1192 593 1256 τύπους
629 1189 1010 1260 ὲγγραφούσης
1044 1188 1123 1256 τῷ
1156 1187 1374 1258 φανερῷ
1416 1186 1651 1256 σώματι.

618 1283 729 1337 Ἀεὶ
766 1283 869 1352 γὰρ
904 1281 1220 1352 ἀπειρήτων
1251 1281 1371 1344 v60;
1402 1279 1616 1350 ἀνδρῶν

454 1462 766 1532 Δύσμαχος,
797 1462 916 1518 οὐδὲ
949 1461 1162 1516 θέλουσι
1189 1462 1284 1516 καὶ
1333 1463 1656 1534 ἀτρεκέεσσι
1687 1460 1960 1516 πιθέσθαι.

991 1661 1212 1716 auro:
1244 1661 1361 1728 ιιτν.

385 1754 529 1824 Περί
559 1753 958 1825 ἀμοιϐῆς-,τῶν
1011 1749 1208 1825 sum)
1243 1754 1371 1808 κατ’
1417 1754 1641 1821 ἀρετὴν
1690 1752 1960 1818 ,βιωσάν-

666 1841 785 1878 των
814 1824 884 1877 ἐν
912 1824 1229 1893 ἀπεράντῳ
1261 1827 1678 1893 μακαριότητι.

469 1917 529 1972 ’0
561 1917 692 1980 Θεὸς
726 1919 754 1971 6
789 1917 1073 1985 φυλάττων
1105 1919 1203 1987 τὴν
1229 1916 1499 1986 διαθήκην
1532 1915 1720 1979 αὑτοῦ,
1776 1915 1870 1968 καὶ
1895 1916 1956 1966 τὸ

387 2007 534 2071 ἕλεος
566 2010 678 2070 τοῖς
703 2007 996 2076 ἀγαπῶσιν
1021 2006 1204 2072 αὑτὸν,
1236 2006 1464 2070 καὶτοῖς
1498 2004 1835 2075 φυλάσσουσι
1859 2003 1956 2066 τὰς

386 2097 609 2163 ἐντολὰς
640 2094 828 2162 αὑτοῦ,
859 2099 937 2161 εἰς
973 2094 1149 2167 χιλίας
1177 2097 1389 2164 γενεάς.

457 2191 670 2245 Δὶκκιοι
693 2189 1168 2261 κληρονομήσουσι
1199 2189 1323 2257 γῆν,
1379 2189 1476 2242 καὶ
1502 2186 1958 2259 κατασκηνὼσου-

390 2300 476 2336 σιν
502 2283 582 2345 εἰς
605 2282 777 2336 αἰῶνα
809 2281 1004 2345 αἰῶνος
1032 2279 1120 2334 ἐπ’
1146 2280 1337 2348 αὐτῆς.

462 2377 535 2429 Τὸ
562 2375 620 2429 δὲ
651 2375 798 2438 ἔλεος
821 2373 917 2427 τοῦ
955 2374 1162 2443 Κυρίου
1210 2373 1316 2428 ἀπ’.
1346 2371 1439 2426 τοῦ
1483 2375 1684 2437 αιῶνος
1714 2377 1812 2428 καὶ
1853 2377 1960 2438 ἓως

385 2465 484 2522 τοῦ
517 2467 716 2532 αἰῶνος
766 2467 862 2520 ἐπὶ
910 2465 1038 2529 τοὺς
1071 2464 1442 2536 φοϐουμένους
1475 2465 1660 2523 αὐτόν.

459 2561 597 2625 Τοὺς
621 2559 866 2622 δικαίους
897 2557 1272 2628 καταλήψεται
1307 2555 1514 2626 ἀγαθά.

476 2651 537 2707 ὐ
569 2652 942 2722 πορευόμενος
969 2651 1198 2716 δικαίως
1233 2651 1660 2724 βοηθηθήσεται.

462 2744 706 2814 Χρηστοὶ
747 2742 962 2796 ἔσονται
1014 2743 1302 2812 οἰκήτορες
1353 2745 1478 2812 γῆς,
1514 2745 1712 2799 ἄκακοι
1740 2743 1796 2798 δὲ
1827 2743 1959 2798 ύπο-

387 2837 772 2908 λειφθήσονται
801 2837 858 2888 έν
913 2834 1049 2905 αὐτῇ
1078 2849 1093 2864 ’
1123 2835 1205 2888 ὅτι
1251 2835 1428 2898 εὐθεῖς
1473 2835 1962 2905 κατασκηνὼσουσι

385 2929 517 3000 γῆν,
544 2928 674 2982 ἔνθα
696 2925 908 2996 ἀπέδρα
944 2925 1106 2997 ὀδύνη
1133 2927 1229 2980 καὶ
1258 2927 1402 2996 λύπη
1439 2927 1533 2980 καὶ
1563 2926 1887 2995 στεναγμός.

2071 539 2145 593 ibi
2191 538 2418 607 spiritus
2449 537 2749 590 clementiae
2779 549 2884 587 non
2921 532 3231 600 requiescit.

2134 628 2398 698 Theo/agi.
2429 627 2684 690 Prmstat,
2717 627 2934 694 Opinor,
2971 640 3000 678 a
3037 633 3188 694 patre
3222 631 3273 675 et
3303 621 3524 676 domino
3557 620 3654 673 ob-

2056 721 2290 793 jurgnri,
2322 737 2484 790 quam
2509 714 2774 775 abdicari.

2132 810 2424 879 impudens
2491 809 2706 872 oculus,
2748 809 2930 863 cervix
2990 815 3193 872 erecta,
3248 805 3506 860 continua
3559 819 3642 858 su-

2067 902 2416 968 perciliorum
2467 902 2656 958 motio.
2700 902 2950 955 incessus
2981 899 3278 962 fastuOSIIs,
3336 905 3390 950 et
3414 897 3484 952 ob
3517 897 3642 950 nul-

2064 993 2170 1046 lam
2227 1008 2341 1047 rem
2394 992 2700 1062 improbam
2750 992 3099 1058 erubescere,
3151 988 3316 1043 animi
3345 987 3632 1043 foedissimi

2068 1081 2226 1148 signa
2267 1092 2432 1146 sunt,
2487 1081 2733 1136 occultas
2783 1081 3115 1152 probrurum
3159 1094 3388 1135 suorum
3424 1074 3635 1132 Formas

2064 1171 2366 1240 conspicuo
2390 1173 2609 1240 corpori
2661 1173 3033 1228 inscribentis.

2137 1261 2382 1331 Oppiani.
2419 1260 2647 1332 S2mper
2677 1264 2822 1318 enim
2872 1263 3252 1334 imperitorum
3306 1276 3459 1316 mens
3498 1261 3646 1316 viro-

3292 1346 3294 1348 ’
3423 1350 3577 1427 [rum

2138 1445 2456 1516 Expugnatu
2490 1445 2726 1502 diﬂicilis
2759 1454 2880 1513 est;
2934 1461 3034 1501 nec
3089 1447 3279 1503 volunt
3311 1446 3476 1502 etiam
3507 1445 3652 1500 veris

3154 1538 3339 1612 [ﬁdem
3362 1539 3582 1594 habere.

2415 1654 2544 1709 seu
2558 1654 2651 1710 uo
2682 1654 2846 1710 xcm
2927 1655 3030 1727 [αι.
3069 1653 3296 1727 cum.

2070 1745 2142 1799 De
2170 1746 2589 1798 remuneratione
2615 1761 2794 1799 eorum
2823 1747 2912 1814 qui
2939 1745 3068 1799 bene
3094 1754 3144 1798 et
3173 1761 3238 1800 ea:
3281 1746 3474 1799 virtute
3513 1744 3654 1798 vixe-

2138 1825 2286 1881 runt,
2318 1816 2372 1868 in
2427 1815 2750 1869 beatitudine
2775 1816 3117 1882 sempiterna.

2139 1909 2294 1962 Deut.
2317 1923 2501 1962 xxvut.
2535 1908 2674 1961 Deus
2693 1907 2786 1977 qui
2819 1916 3000 1962 servat
3029 1915 3416 1964 testamentum
3450 1922 3637 1970 suum,

2063 2011 2115 2052 et
2148 1998 2581 2054 misericordiam
2602 1997 2954 2068 diligentibus
2969 1999 3145 2068 ipsum
3176 1999 3355 2068 iisque
3375 1998 3466 2066 qui
3497 2012 3653 2051 man-

2069 2088 2192 2141 dam
2231 2087 2400 2155 ipsius
2434 2096 2834 2156 exsequuntur,
2883 2088 2936 2141 in
2974 2088 3121 2143 mille
3149 2096 3356 2143 utates.

2142 2173 2292 2231 Psal.
2353 2192 2538 2231 xxxvr.
2621 2174 2762 2230 Justi
2843 2179 3214 2234 hereditatem
3298 2186 3463 2232 terrae
3552 2193 3648 2233 ac-

2065 2271 2289 2342 cipient,
2315 2285 2383 2326 ac
2414 2271 2466 2324 in
2491 2285 2554 2325 ea
2581 2270 2634 2324 in
2659 2273 2915 2327 saeculum
2945 2275 3126 2329 saeculi
3154 2273 3495 2328 habitabant.

2139 2358 2509 2414 Misericordia
2527 2370 2710 2414 autem
2741 2359 2956 2415 Domini
2981 2360 3330 2416 continuatur
3353 2376 3454 2431 ,ρει-
3478 2375 3651 2416 saecu-

2069 2451 2118 2506 la
2149 2451 2216 2505 iis
2247 2449 2337 2519 qui
2373 2451 2552 2520 ipsum
2583 2459 2849 2508 metuunt.

2143 2541 2424 2599 Salomon.
2449 2537 2593 2599 Justi
2623 2544 2830 2613 optime
2855 2545 3216 2616 excipientur.

2145 2651 2411 2722 Quijuste
2435 2651 2586 2716 vivit,
2613 2653 2662 2706 ei
2681 2653 2941 2707 auxilium
2975 2669 3082 2710 non
3107 2655 3298 2711 deerit.

2142 2743 2372 2812 Benigni
2396 2751 2556 2798 teme
2577 2753 2739 2800 erunt
2758 2759 3128 2814 possessores,
3157 2758 3212 2802 et
3230 2747 3558 2804 innocentes
3591 2749 3651 2805 il

2072 2849 2136 2892 ea
2204 2837 2607 2905 relinquentur;
2685 2853 2809 2891 nam
2864 2838 2964 2908 qui
3031 2839 3164 2895 recti
3212 2849 3362 2908 sunt,
3431 2841 3652 2897 habita-

2074 2931 2210 2984 bunt
2244 2939 2471 2998 terram,
2506 2930 2600 2987 ubi
2637 2931 2831 2988 abierit
2873 2932 3056 3004 dolor,
3103 2933 3324 2991 tristitia
3367 2942 3422 2990 et
3465 2935 3641 3006 gemi-

2076 3031 2188 3079 tus.

463 3107 680 3172 Δίκαιος
737 3107 835 3160 ἐὰν
891 3104 1072 3175 φθάσῃ
1131 3102 1494 3175 τελευτῆσαι,
1541 3105 1600 3157 ὲν
1657 3105 1964 3160 ἀναπαύσει

2149 3115 2312 3187 254
2337 3113 2529 3172 Justus
2569 3118 2612 3174 si
2634 3127 2939 3175 extremum
2982 3116 3107 3174 vitae
3159 3117 3301 3175 diem
3332 3121 3650 3192 confecerit,

389 3197 566 3252 ἔσται.

461 3290 699 3345 Δικαίων
734 3290 906 3362 ψυχαὶ
935 3291 994 3344 ὲν
1022 3290 1171 3361 χειρὶ
1196 3287 1354 3356 Θεοῦ,
1387 3289 1483 3344 καὶ
1524 3289 1587 3343 οὐ
1633 3289 1710 3361 μὴ
1757 3289 1959 3359 ἅψεται

390 3383 572 3439 αὐτῶν
596 3383 854 3455 βάσανος.

463 3479 602 3534 Τάδε
649 3478 800 3546 λέγει
852 3476 1100 3549 Κύριος,
1171 3476 1304 3530 Ἰδοὺ
1351 3481 1402 3530 οι
1455 3473 1802 3536 δουλεύοντες
1865 3491 1958 3545 μοι

392 3569 682 3640 φάγονται,
714 3570 873 3640 ὑμεῖς
904 3571 961 3624 δὲ
1008 3568 1316 3622 πεινάσετε.
1358 3567 1492 3621 ’ἰδοὺ
1541 3567 1591 3620 οἰ
1619 3565 1966 3631 δουλεύοντές

393 3677 488 3731 μοι
520 3659 761 3727 πίονται,
802 3659 961 3729 ύμεῖς
992 3659 1051 3714 δὲ
1102 3658 1383 3730 διψήσετε.
1426 3655 1562 3712 Ἰδοὺ
1594 3657 1646 3710 οἰ
1684 3656 1966 3710 δουλεύονσ

389 3751 484 3814 sic;
511 3767 601 3822 μοι
635 3751 1128 3820 εὐφρανθήσονται,
1165 3751 1326 3817 ὑμεῖς
1360 3749 1418 3803 δὲ
1448 3747 1907 3819 αἰσχυνθήσεσθε.

480 3931 569 3986 Ἐν
588 3931 666 4002 τῷ
691 3931 867 4002 καιρῷ
888 3932 1085 4003 ἐκείνῳ
1117 3931 1423 4001 σωθήσεται
1465 3933 1493 3986 6
1518 3932 1648 3995 λαὸς
1678 3933 1784 3993 πᾶς
1818 3933 1846 3984 6
1880 3931 1969 3984 εύ-

400 4021 582 4093 ρεθεὶς
604 4022 998 4090 γεγραμμένος
1038 4024 1095 4075 ὲν
1126 4024 1191 4092 τῇ
1238 4021 1404 4093 βίελῳ
1431 4021 1628 4094 ταύτῃ,
1659 4022 1754 4074 καὶ
1783 4019 1970 4074 πολλοὶ

393 4112 505 4166 τῶν
537 4112 911 4167 καθευδόντων
963 4113 1020 4167 ὲν
1067 4113 1173 4183 γῆς
1222 4113 1462 4184 χώματι,
1511 4112 1969 4183 ὲξεγερθήσονται

395 4203 552 4258 οὗτοι
581 4205 659 4266 εἰς
701 4203 848 4276 ζωὴν
889 4203 1131 4271 αἰώνιον,
1181 4205 1278 4259 καὶ
1327 4206 1375 4259 oi
1427 4205 1710 4268 συνιέντες
1763 4205 1970 4275 ἐκλάμ-

391 4296 589 4367 ψουσιν
621 4297 750 4370 ὠςὴ
784 4297 1103 4370 λαμπρότης
1126 4297 1220 4352 τοῦ
1247 4297 1648 4371 στερεώματος.

2068 3207 2124 3262 in
2159 3211 2401 3277 requiete
2431 3208 2647 3266 futurus
2673 3220 2777 3266 est.

2134 3295 2413 3355 iustorum
2437 3299 2602 3354 animi
2630 3301 2682 3354 in
2704 3316 2865 3356 manu
2893 3301 2984 3356 Dei
3017 3310 3166 3368 sunt,
3195 3317 3293 3358 nec
3313 3312 3497 3374 tanget
3519 3305 3643 3361 illos

2071 3389 2376 3446 cruciatus.

2140 3479 2253 3537 ha.
2279 3497 2404 3536 cxv.
2445 3481 2570 3537 Haec
2608 3481 2829 3538 Domini
2859 3494 2989 3541 sunt
3033 3487 3416 3554 verbazEcce,
3440 3488 3646 3558 inquit,

2068 3573 2211 3626 servi
2251 3573 2354 3627 mei
2385 3573 2573 3640 edent,
2605 3588 2703 3628 vos
2741 3583 2927 3632 autem
2990 3579 3264 3635 csurietis.
3313 3578 3454 3636 Ecce
3503 3583 3651 3637 servi

2071 3663 2175 3718 mei
2237 3664 2447 3730 bibent,
2501 3680 2600 3720 vos
2648 3677 2828 3722 autem
2883 3668 3100 3725 sitietis.
3184 3669 3323 3727 Ecce
3398 3673 3490 3742 qui
3530 3689 3652 3730 ser-

2069 3755 2225 3809 viunt
2250 3755 2408 3821 mihi,
2437 3755 2792 3824 laetabuntur,
2821 3772 2918 3816 vos
2951 3769 3131 3816 autem
3183 3763 3391 3830 pudore
3442 3765 3650 3820 allicie-

2069 3863 2223 3902 nutu.

2145 3941 2281 3994 Dan.
2309 3955 2402 3993 xu.
2437 3938 2494 3993 ln
2539 3947 2783 4009 tempore
2851 3943 2945 3996 illo
3001 3944 3232 3998 salutem
3282 3956 3653 4018 consequetur

2070 4035 2246 4090 omnis
2292 4033 2545 4104 populus,
2585 4034 2682 4103 qui
2732 4033 2902 4089 fuerit
2969 4036 3226 4092 inventus
3264 4037 3318 4092 in
3363 4039 3470 4094 hoc
3500 4041 3640 4096 libro

2069 4127 2344 4196 scriptus:
2390 4125 2656 4194 multique
2699 4140 2891 4181 eorum
2951 4129 3043 4196 qui
3079 4129 3357 4185 dormiunt
3409 4131 3463 4186 in
3492 4139 3653 4187 terra:

2071 4218 2303 4282 tumulo,
2349 4217 2740 4272 excitabuntur
2785 4219 2851 4274 ad
2897 4221 3062 4274 vitam
3119 4223 3532 4292 sempiternam,
3595 4239 3652 4279 et

2071 4309 2162 4378 qui
2218 4306 2530 4374 intelligunt
2576 4306 2942 4375 splendebunt
2968 4309 3127 4378 quasi
3174 4309 3431 4390 splendor
3456 4312 3642 4390 norma-

2074 4399 2260 4454 menti.

467 4480 676 4535 Δίκαιοι
710 4479 790 4543 εἰς
828 4478 920 4532 τὸν
951 4478 1122 4532 αἰῶνα
1157 4477 1314 4541 ζῶσι,
1351 4479 1450 4531 καὶ
1482 4479 1539 4533 ἐν
1572 4479 1768 4551 Κυρίῳ
1799 4481 1828 4534 6
1869 4499 1964 4551 μι-

2147 4489 2279 4561 Sap.
2301 4505 2353 4545 v.
2389 4490 2527 4547 Justi
2557 4499 2820 4546 aeternum
2852 4489 3136 4559 vivunt,et
3170 4492 3225 4547 in
3253 4491 3486 4550 Domino
3507 4510 3652 4551 mer-

396 4569 523 4636 σθὸς
558 4569 760 4634 αὐτῶν,
809 4568 909 4622 καὶ
941 4570 975 4638 ἡ
1027 4569 1250 4638 φροντὶς
1285 4569 1463 4623 αὐτῶν
1497 4569 1649 4639 παρὰ
1691 4570 1960 4644 ’Υψίστῳ.

392 4663 494 4716 Διὰ
527 4661 686 4715 τοῦτο
708 4661 974 4731 λήψονται
1032 4662 1092 4713 τὸ
1151 4659 1426 4730 βασίλειον
1455 4660 1556 4730 τῆς
1604 4661 1964 4733 εὐπρεπείας,

395 4756 490 4810 καὶ
523 4755 584 4808 τὸ
606 4755 850 4824 διάδημα
879 4752 975 4807 τοῦ
1012 4753 1245 4816 κάλλους
1276 4755 1339 4807 ὲκ
1360 4753 1545 4822 χειρὸς
1573 4753 1803 4824 Κυρίου.

479 4848 687 4915 Ἀγαθὰ
710 4849 823 4911 τοῖς
859 4847 1086 4916 ἀγαθοῖς
1127 4845 1354 4917 ἐκτίσθη
1386 4847 1483 4900 ἀπ’
1513 4845 1712 4916 ἀρχῆς.

463 5027 600 5080 Τότε
629 5027 746 5097 ἐρεῖ
767 5027 794 5079 6
821 5024 1076 5096 βασιλεὺς
1102 5025 1214 5088 τοῖς
1241 5025 1302 5078 ἐκ
1323 5022 1512 5088 δεξιῶν
1534 5023 1698 5076 αὑτοῦ
1721 5040 1735 5054 ·
1802 5023 1966 5078 Δεῦτε

399 5123 451 5176 οἱ
506 5119 860 5190 εὐλογημένοι
915 5115 1012 5171 τοῦ
1049 5112 1265 5189 Πατρός
1329 5134 1454 5186 μου,
1512 5115 1966 5188 κληρονομήσατε

390 5213 494 5284 τὴν
540 5211 958 5284 ἡτοιμασμένην
1011 5211 1143 5280 ὑμῖν
1195 5209 1475 5280 βασιλείαν
1518 5210 1624 5263 ἀπὸ
1659 5210 1969 5282 καταϐολῆς

392 5309 621 5376 κόσμου.
663 5304 958 5357 Ἐπείνασα
988 5302 1118 5374 γὰρ,
1144 5305 1238 5356 καὶ
1266 5303 1504 5357 ἐδώκατέ
1543 5321 1634 5374 μοι
1669 5307 1886 5374 φαγεῖν.

467 5394 767 5466 Πρόκειται
809 5395 1122 5456 ἀνάπαυσις
1176 5394 1370 5448 αἰωνία
1418 5397 1534 5458 τοῖς
1584 5395 1834 5465 νομίμως
1877 5397 1968 5449 τὸν

391 5485 629 5538 ἐνταῦθα
686 5483 1012 5553 διαθλήσασι
1073 5483 1206 5554 βίον,
1263 5484 1322 5536 οὔ
1370 5485 1522 5538 κατὰ
1572 5486 1794 5556 ὄφλημα
1859 5486 1968 5540 τῶν

393 5576 576 5646 ἔργων
600 5576 986 5646 ἀποδιδομένη,
1019 5575 1156 5629 ἀλλὰ
1199 5576 1341 5630 κατά
1387 5576 1546 5647 χάριν
1588 5577 1683 5630 τοῦ
1734 5580 1970 5648 μεγαλο-

393 5665 570 5738 δώρου
602 5670 736 5722 Θεοῦ
772 5670 885 5734 τοῖς
918 5669 998 5733 εἰς
1030 5667 1192 5721 αὐτὸν
1223 5668 1485 5736 ἠλπικόσι
1514 5671 1894 5742 παρεχομένη.

683 5857 933 5916 Pauor.
998 5856 1115 5915 Gn.
1157 5854 1372 5914 CXXX
1391 5853 1487 5916 Vl.

2070 4596 2160 4636 ces
2185 4596 2398 4648 eorum,
2431 4590 2489 4636 et
2511 4581 2578 4636 de
2599 4581 2735 4651 ipsis
2753 4581 3060 4636 sollicitudo
3087 4582 3229 4654 apud
3273 4582 3644 4640 Altissimum.

2069 4675 2255 4744 itaque
2279 4674 2481 4744 regiam
2505 4673 2845 4742 magniﬁcam
2867 4681 2921 4729 et
2943 4673 3201 4729 decorum
3226 4673 3475 4730 diadema
3502 4677 3648 4731 acci-

2069 4760 2221 4830 pient
2247 4761 2312 4815 de
2341 4775 2504 4814 manu
2521 4759 2756 4816 Domini.

2141 4848 2307 4908 Eccli.
2332 4869 2520 4908 xxxrx.
2557 4852 2702 4910 Dona
2741 4855 3028 4926 bonisjam
3068 4856 3196 4914 inde
3221 4858 3290 4913 ab
3325 4857 3482 4915 initio
3510 4872 3642 4914 con-

2070 4944 2180 4999 dita
2241 4955 2390 5002 sunt.

2142 5035 2340 5092 Matth.
2371 5053 2493 5092 xxv.
2523 5036 2662 5092 Tum
2698 5037 2842 5093 dicet
2864 5053 2958 5093 rex
2986 5037 3054 5093 iis
3080 5041 3172 5109 qui
3199 5041 3399 5098 fuerint
3427 5043 3496 5099 ad
3520 5043 3647 5098 dex-

2067 5134 2278 5185 teram:
2311 5130 2524 5196 Adeste,
2560 5144 2658 5185 vos
2678 5121 2990 5186 benedictia
3026 5131 3181 5186 Patre
3209 5147 3350 5199 meo,
3382 5133 3648 5203 possidete

2071 5225 2320 5284 paratum
2356 5218 2510 5274 vobis
2543 5233 2766 5288 regnum
2787 5234 2816 5272 a
2840 5220 3028 5274 mundi
3058 5223 3470 5280 constitutione.
3503 5225 3642 5280 Esu-

2071 5307 2170 5362 rivi
2203 5310 2371 5376 enim,
2404 5318 2460 5364 et
2489 5310 2716 5366 dedistis
2755 5311 3085 5369 mihiedere.

2143 5397 2205 5454 S.
2263 5399 2476 5456 Basilii.
2510 5399 2844 5470 Proponitur
2906 5404 3124 5472 requies
3178 5414 3378 5460 :eterna
3446 5407 3512 5463 iis
3557 5408 3648 5479 qui

2071 5488 2310 5559 legitime
2329 5492 2382 5546 in
2410 5491 2512 5547 hac
2540 5491 2650 5546 vita
2678 5491 3034 5560 decertarint,
3058 5511 3182 5566 quae
3207 5513 3317 5552 non
3362 5512 3426 5553 ex
3451 5499 3638 5554 debito

2070 5595 2298 5650 operum
2346 5583 2616 5648 redditur,
2656 5583 2750 5637 sed
2805 5598 2870 5638 ex
2902 5583 2998 5639 Dei
3033 5602 3351 5656 magnorum
3377 5587 3646 5643 donorum

2072 5673 2345 5742 largitoris
2372 5676 2567 5746 gratia,
2600 5674 2665 5732 iis
2695 5675 2787 5748 qui
2835 5675 2892 5734 in
2954 5676 3074 5748 ipso
3126 5694 3276 5749 spem
3334 5679 3644 5745 habuerint.

2071 5766 2364 5835 prtebetur.

3247 5861 3327 5922 39
