4062 6440
485 391 616 451 1927

489 391 616 455 1927
1736 387 2058 448 ΑΝΤΟΝΗ
2106 388 2448 450 ΜΕΙᾸΒΞΑΞ

3595 389 3718 453 199.8

551 509 829 565 JuSlorum
892 522 1092 562 corona
1170 505 1409 578 Spiritus
1465 518 1546 562 est
1586 507 1781 578 gratia,
1844 523 1963 576 quae
1993 515 2047 559 et

2224 507 2346 559 Τῶν
2396 505 2676 559 δικαίωνὸ
2713 504 2976 576 στέφανος
3025 502 3183 574 ήτοῦ
3240 500 3562 572 Πνεῦματὸς
3610 507 3714 557 ἐστι

482 604 752 672 copiosior
779 610 832 656 et
867 599 1156 670 perfectior
1179 600 1519 664 conceditur,
1551 615 1674 654 cum
1707 615 1804 668 pro
1839 601 2050 654 ratione

482 695 707 748 fortium
729 692 996 747 factorum
1021 691 1280 762 spiritalis
1307 691 1477 763 gloria
1519 691 1720 760 cuique
1769 691 2055 762 dispertia-

480 793 592 839 tur.
624 783 682 836 In
726 781 1112 852 Splendoribus
1140 783 1284 836 enim
1333 791 1652 837 sanctorum
1690 782 1873 836 multa;
1925 792 2053 836 sunt

482 875 794 930 mansiones
833 873 972 944 apud
1000 872 1233 927 Patrem.
1265 869 1389 926 llaac
1419 880 1545 926 sunt
1573 886 1695 940 qum
1725 871 2048 941 dignitatum

480 965 844 1020 diil‘erentiam
881 964 1141 1019 ofﬁcium,

553 1057 821 1129 Theologi.
852 1057 926 1113 Ac
953 1057 1090 1111 alios
1113 1055 1332 1125 quidem
1357 1056 1537 1110 lumen
1562 1053 1923 1109 inenarrabile
1953 1068 2048 1105 ex-

483 1151 636 1219 cipit,
691 1165 756 1205 ac
780 1158 983 1206 sancta:
1009 1160 1064 1204 et
1087 1148 1282 1217 regalis
1316 1146 1601 1200 Trinitatis
1641 1144 2046 1214 contemplatio,

484 1255 606 1310 quia:
635 1241 869 1298 lucidius
900 1249 953 1296 et
984 1241 1174 1311 purius
1205 1239 1459 1302 illustrat,
1482 1251 1712 1307 quicque
1740 1243 1852 1288 tota
1885 1232 2049 1286 menti

482 1334 740 1403 permista
792 1341 908 1390 est:
930 1333 1074 1403 quod
1103 1333 1277 1402 ipsum
1308 1329 1483 1386 solum
1500 1337 1554 1385 ct
1579 1326 1807 1383 maxime
1825 1339 2049 1394 regnum

474 1429 745 1482 (κατίοι-παι
796 1426 1072 1479 existimo.

546 1515 845 1570 Praemium
869 1514 1086 1567 virtutis
1127 1513 1289 1566 deum
1323 1510 1464 1574 fieri,
1495 1517 1550 1563 et
1603 1509 1896 1577 purissima
1928 1507 2050 1560 luce

481 1604 816 1661 collustrari.

552 1696 672 1750 Non
707 1695 798 1766 qui
825 1709 933 1748 non
961 1691 1232 1760 supplicio
1265 1689 1488 1760 dignus,
1545 1688 1686 1742 idem
1711 1688 1974 1744 continuo
1995 1697 2048 1741 et

482 1783 1208 1855 bonorezquemadmodum
1242 1789 1299 1836 et
1349 1780 1574 1851 praemio
1636 1778 1892 1848 indignus
1937 1793 2043 1832 non

479 1878 665 1932 statim
691 1875 1016 1946 supplicium
1045 1881 1305 1929 meretur.

549 1967 609 2023 S.
638 1965 1177 2037 Chrysostﬁegnum
1223 1963 1487 2019 caelorum
1522 1977 1631 2018 non
1659 1971 1743 2016 est
1775 1969 1917 2016 terra
1949 1960 2049 2015 flu-

478 2076 580 2116 ens
622 2061 781 2116 melle
808 2069 863 2115 et
897 2059 1060 2125 lacte,
1089 2071 1190 2113 nec
1230 2057 1424 2113 viridis
1477 2065 1724 2120 senecta,
1781 2071 1884 2111 nec
1912 2055 2049 2110 libe-

481 2167 669 2208 rorum
701 2152 886 2222 c0pia,
947 2163 1056 2205 non
1096 2149 1279 2213 cibus,
1309 2164 1420 2204 non
1474 2148 1686 2212 vinum,
1715 2162 1822 2202 non
1857 2147 2046 2206 ovilia,

485 2259 600 2298 non
635 2243 864 2305 bubilia,
898 2243 995 2297 sed
1059 2241 1259 2297 ccelnm
1289 2255 1353 2295 ac
1398 2255 1462 2295 ca
1500 2240 1644 2294 bona
1667 2254 1785 2308 quae
1811 2240 1865 2294 in
1909 2239 2050 2293 cmlo

483 2337 634 2394 sunt,
665 2337 718 2382 et
748 2328 970 2396 ad0ptio
999 2336 1054 2380 et
1089 2325 1404 2381 fraternitas
1458 2340 1584 2379 cum
1628 2324 1944 2394 Unigcnito,
1998 2334 2051 2378 et

486 2419 800 2474 communio
833 2417 1187 2484 baereditatis,
1221 2427 1275 2472 et
1301 2431 1408 2472 una
1427 2432 1547 2472 cum
1580 2415 1674 2471 illo
1700 2416 1874 2487 gloria
1905 2415 2043 2470 amri

479 2517 536 2565 et
566 2524 816 2580 regnare,
847 2519 901 2564 et
924 2516 1190 2564 sexcenta
1218 2508 1344 2561 talia
1377 2508 1624 2578 prtemia.
1706 2552 1728 2575 ,

552 2600 859 2668 Intelligere
878 2599 1141 2655 debemus
1166 2612 1263 2653 eos
1288 2600 1386 2667 qui
1412 2607 1656 2663 exparte
1691 2598 1855 2669 255
1891 2614 2049 2653 man-

479 2692 606 2747 data
661 2691 906 2747 exsecuti
940 2691 1162 2757 fuerint,
1188 2689 1342 2758 juxta
1368 2689 1616 2744 eamdem
1675 2692 1939 2745 rationem
1991 2689 2047 2742 in

481 2769 708 2853 regnum
744 2784 1013 2839 caelorum
1065 2783 1278 2854 ingredi
1307 2799 1322 2849 ;
1350 2782 1446 2853 qui
1482 2790 1661 2837 autem
1706 2783 1772 2837 ad
1836 2782 2048 2851 perfec-

479 2890 593 2930 tum
634 2875 819 2932 venire
851 2875 1064 2939 Volunt,
1089 2889 1317 2932 necesse
1347 2874 1550 2930 habent
1601 2875 1784 2930 omnia
1819 2890 2049 2944 prorsus

477 2968 1037 3038 exsequigtcontinet
1074 2979 1256 3023 autem
1311 2967 1495 3024 omnia
1537 2967 1792 3022 mandata
1852 2965 2050 3021 animae

482 3061 795 3131 abnegatio,
828 3075 950 3131 quae
976 3069 1063 3117 est
1093 3075 1267 3117 mors.
1303 3137 1312 3146 .

849 3175 1082 3232 saeuo
1113 3175 1273 3233 xcuv
1303 3175 1400 3248 [al.
1447 3174 1674 3248 CLVII].

477 3289 557 3344 De
585 3294 1013 3363 remuneratione
1045 3309 1248 3363 eorum,
1269 3293 1358 3363 qui
1385 3295 1437 3346 in
1465 3293 1590 3346 vitio
1616 3300 1665 3347 et
1698 3291 1879 3346 illicite
1911 3293 2050 3347 vime-

547 3362 656 3415 riut
686 3378 705 3415 :
724 3371 1132 3430 perpetuumque
1157 3362 1345 3416 illiset
1381 3363 1779 3418 interminatam
1815 3365 2052 3432 proposi-

549 3439 661 3484 tum
691 3447 802 3486 esse
834 3432 1172 3503 supplicium.

547 3521 706 3578 Deut.
734 3539 923 3579 ιιι-ιιι.
949 3523 1022 3579 Ut
1051 3539 1158 3580 non
1197 3524 1388 3595 perdat
1435 3525 1731 3581 sceleratus
1784 3526 2048 3580 innocen-

479 3621 606 3678 tem,
634 3614 780 3670 nolet
814 3614 955 3670 Deus
983 3614 1061 3671 illi
1105 3615 1331 3682 placari,
1373 3617 1469 3672 sed
1499 3615 1818 3671 exardescet
1840 3615 1918 3668 ira
1946 3615 2050 3668 Do-

483 3705 647 3774 mini,
681 3713 735 3762 et
756 3707 1031 3764 aemulatio
1062 3707 1180 3778 ejus
1201 3709 1258 3764 in
1287 3709 1565 3764 hominem
1595 3707 1769 3763 illum.

547 3883 670 3940 Job.
725 3900 889 3940 xvni.
942 3886 1050 3952 Qui
1103 3895 1404 3943 sementem
1461 3886 1749 3942 absurdam
1799 3885 2048 3950 fecerint,

477 3973 694 4029 dolores
724 3976 829 4030 sibi
862 3983 1088 4030 metent.

549 4064 842 4133 [inpiorum
876 4065 1101 4119 lucerna
1129 4067 1525 4136 exstinguctur.
1567 4066 1757 4120 Veniet
1816 4081 2047 4122 convcr-

477 4157 561 4213 sio
596 4168 808 4218 eorum,
848 4163 903 4209 et
940 4155 1146 4212 similes
1172 4165 1356 4228 _crunt
1404 4156 1594 4226 paleis,
1651 4172 1772 4227 qum
1803 4175 1832 4212 a
1887 4168 2050 4213 vento

475 4247 859 4316 disponuntur.

544 4341 831 4396 Paululum
868 4355 1043 4398 caesus
1065 4357 1124 4397 es
1162 4340 1388 4411 ﬂagellis
1423 4341 1493 4395 ob
1523 4355 1584 4395 ea
1613 4356 1734 4411 qua:
1788 4345 2043 4411 peccasti.

549 4431 694 4487 Psal.
731 4449 786 4487 τι.
828 4434 981 4489 Pluet
1005 4435 1057 4488 in
1084 4432 1362 4504 improbos
1390 4433 1604 4502 laqueo,
1641 4433 1784 4503 igne,
1816 4435 2045 4505 sulphu-

472 4535 532 4575 re
554 4529 609 4574 el.
637 4529 796 4577 vento
821 4523 1142 4592 procelloso.

543 4612 734 4668 Facies
769 4612 981 4668 Domini
1023 4613 1075 4667 in
1103 4627 1196 4669 cos
1228 4613 1320 4682 qui
1362 4613 1500 4668 mala
1529 4622 1764 4684 patrant.

548 4701 694 4757 Mors
715 4703 1107 4759 scelerosorum
1141 4704 1302 4759 mala.

545 4795 614 4850 Ut
645 4809 767 4849 cera
802 4795 924 4865 igne
952 4795 1180 4866 liquem.
1216 4796 1297 4850 sic
1331 4798 1980 4866 peccatorcslnteribunt.

543 4975 753 5030 Reddet
780 4974 886 5030 illis
918 4975 1182 5032 Dominus
1209 4975 1550 5046 iniquitatem
1579 4977 1846 5047 ipsorum,
1868 4989 1920 5034 et
1951 4996 2048 5048 pro

468 5066 680 5120 ratione
709 5065 925 5121 malltia:
955 5066 1172 5122 illorum
1203 5065 1464 5122 Dominus
1488 5066 1634 5122 Deus
1655 5069 2045 5125 exterminabit

467 5159 584 5213 eos;

543 5247 816 5304 Manasse.
848 5250 933 5305 Ira
954 5259 1170 5307 tuarum
1202 5251 1259 5308 in
1290 5251 1582 5308 sceleratos
1606 5253 1876 5308 minarum
1907 5255 2046 5308 into-

468 5340 692 5396 leranda
723 5352 828 5396 est.

543 5432 703 5487 Prov.
737 5430 1059 5502 Promptum
1086 5441 1170 5489 est
1203 5433 1495 5505 impiorum
1547 5437 1796 5506 exitium,
1838 5439 1903 5494 de
1937 5455 2043 5509 quo

465 5523 676 5580 inimici
724 5524 996 5578 laetantur.

539 5615 599 5670 ln
664 5613 929 5685 supplicio
971 5613 1364 5672 scelerosorum
1405 5634 1514 5674 non
1561 5630 1643 5678 est
1677 5622 1841 5678 ullum
1866 5637 2040 5681 reme-

469 5707 639 5762 dium.

543 5796 717 5852 Vitam
748 5797 1039 5867 impiorum
1065 5797 1330 5856 Dominus
1357 5808 1585 5858 evertet.

2070 1877 2121 1936 Β

2074 3225 2123 3286 C

2157 597 2339 666 χάρις,
2375 596 2737 665 δαψιλεστὲρα
2765 611 2826 646 τε
2877 595 2971 646 καὶ
3014 593 3332 664 τελειοτέρα
3379 593 3714 661 παρεχομένη

2157 690 2300 743 κατά
2329 689 2426 760 τὴν
2454 688 2748 756 ἀναλογίαν
2771 686 2880 740 τῶν
2908 686 3424 756 ἀνδραγαθημάτων
3447 684 3546 756 τῆς
3573 701 3718 738 πνευ-

2161 780 2401 850 ματικῆς
2434 781 2595 850 δόξης
2629 778 3034 847 διανεμομένης
3070 778 3314 842 ἑκάστῳ.
3360 776 3452 830 Ἑν
3480 777 3585 845 γὰρ
3611 776 3717 837 ταῖς

2152 873 2502 942 λαμπρότησι
2531 873 2640 924 τῶν
2664 872 2836 940 ἁγίων
2878 870 3067 922 πολλαὶ
3097 870 3258 936 μοναὶ
3291 868 3444 938 παρά
3489 867 3564 937 τῷ
3598 868 3702 919 Πα-

2155 965 2266 1034 τρί.
2295 964 2461 1016 Ταῦτ’
2486 965 2634 1017 ἐστὶν
2655 963 2984 1032 ἀξιωμάτων
3005 962 3288 1030 διαφοραί.

2223 1058 2334 1112 Καὶ
2362 1059 2487 1120 τοὺς
2509 1058 2609 1126 μὲν
2633 1057 2692 1109 τὸ
2715 1056 2998 1125 ἄφραστον
3035 1054 3152 1123 φῶς
3186 1054 3534 1122 ὑποδέχεται,
3562 1053 3647 1105 καὶ
3682 1053 3711 1120 ἠ

2149 1150 2249 1220 τῆς
2283 1151 2444 1217 ἁγίας
2471 1150 2567 1202 καὶ
2616 1147 2908 1219 βασιλικῆς
2967 1147 3200 1218 Τριάδος
3261 1146 3490 1216 θεωρία,
3540 1145 3713 1213 ὲλλαμ·

2151 1240 2366 1309 πούσης
2407 1239 2737 1309 τρανότερόν
2779 1255 2840 1291 τε
2873 1239 2967 1291 καὶ
3020 1236 3436 1308 καθαρώτερον,
3479 1237 3571 1290 καὶ
3599 1235 3710 1302 ὅλης

2149 1333 2258 1402 ὅλῳ
2309 1330 2388 1385 νοτ
2441 1331 2798 1401 μιγνυμένης,
2827 1332 2894 1399 ἢν
2928 1331 2990 1399 δὴ
3023 1331 3116 1384 καὶ
3159 1331 3338 1400 μόνην
3375 1329 3469 1382 καὶ
3498 1328 3712 1399 μάλιστα

2153 1424 2444 1493 βασιλείαν
2473 1423 2720 1493 οὐρανῶν
2750 1423 2862 1489 ἐγὼ
2889 1423 3134 1492 τίθεμαι.

2221 1511 2423 1569 *Λθλον
2448 1515 2658 1585 ἀρετῆς
2684 1514 2807 1567 θεὸν
2838 1516 3122 1582 γενέσθαι,
3157 1514 3258 1568 καὶ
3302 1513 3382 1584 τῷ
3413 1510 3710 1583 καθαρωτά-

2149 1621 2227 1674 τῳ
2261 1605 2400 1673 φωτὶ
2420 1603 2962 1674 καταστράπτεσθαι.

2221 1697 2297 1749 υύ
2321 1697 2430 1765 γὰρ
2451 1697 2598 1757 ὅστις
2624 1695 2685 1748 οὐ
2718 1695 2997 1759 κολάσεως
3021 1695 3196 1762 ἄξιος,
3235 1695 3342 1764 ήδη
3373 1695 3470 1747 καὶ
3522 1692 3671 1763 τιμῆς
3691 1705 3704 1719 ⁸

2153 1786 2345 1858 ὥσπερ
2375 1787 2497 1840 οὐδὲ
2529 1789 2676 1851 ὅστις
2698 1788 2760 1840 οὐ
2793 1787 2984 1859 τιμῆς,
3012 1787 3112 1859 ἤδη
3135 1787 3236 1841 καὶ
3261 1787 3548 1849 κολάσεως-

2219 1965 2336 2018 Οὐκ
2381 1964 2532 2020 εστιν
2571 1967 2604 2037 ἡ
2641 1965 2892 2036 βασιλεία
2934 1965 3043 2019 τῶν
3103 1963 3362 2036 οὐρανῶν
3421 1963 3494 2033 γῆ
3526 1963 3704 2034 ῥέουσα

2153 2058 2278 2122 μέλι
2325 2059 2421 2112 καὶ
2442 2058 2610 2127 γάλα.
2641 2059 2765 2112 οὐδὲ
2795 2059 2977 2128 γῆρας
3009 2057 3271 2128 λιπαρὸν,
3302 2056 3424 2111 οὐδὲ
3458 2057 3702 2108 πολυπαιο

2148 2153 2259 2215 δία.
2292 2153 2415 2206 οὐδὲ
2450 2154 2594 2216 σῖτος
2622 2152 2716 2206 καὶ
2764 2147 2932 2217 οἶνος,
2982 2151 3080 2204 καὶ
3107 2151 3343 2220 ποίμνια
3383 2149 3477 2202 καὶ
3529 2144 3701 2218 βουκό·

2150 2244 2237 2297 λια
2260 2286 2275 2308 ,
2305 2243 2422 2296 ἀλλ’
2462 2244 2690 2313 οὐρανὸς
2729 2244 2823 2296 καὶ
2869 2242 2939 2296 τά
2965 2242 3024 2295 ὲν
3076 2242 3337 2314 οὐρανοῖς
3381 2239 3579 2310 ἀγαθὰ,
3619 2238 3702 2289 καὶ

2151 2335 2394 2388 υἱοθεσία
2442 2335 2534 2388 καὶ
2565 2333 2860 2404 ἀδελφότης
2893 2333 2927 2404 ἡ
2961 2333 3096 2402 πρὸς
3125 2333 3222 2386 τὸν
3281 2330 3582 2401 Μονογενῆ,
3612 2328 3695 2380 καὶ

2151 2425 2409 2480 κοινωνία
2456 2424 2823 2496 κληρονομίας
2875 2425 2971 2478 καὶ
3023 2424 3084 2477 τδ
3132 2423 3552 2492 συνδοξασθῆναι
3619 2418 3698 2472 καὶ

2151 2517 2612 2588 συμϐασιλεῦσαι,
2645 2517 2747 2571 καὶ
2787 2517 2854 2571 τά
2882 2517 3054 2588 μυρία
3093 2515 3316 2572 ἔπαθλα
3343 2516 3545 2569 ἐκεῖνα.

2224 2609 2436 2663 Είδέναι
2469 2610 2576 2680 χρὴ
2600 2609 2683 2662 ὅτι
2707 2609 2802 2662 καὶ
2819 2609 2869 2661 oi
2896 2609 3142 2677 μερικῶς
3175 2608 3278 2671 τάς
3317 2605 3531 2666 ἐντολὰς
3552 2603 3696 2671 ἔργα·

2155 2699 2379 2770 σάμενοι
2406 2701 2549 2754 κατά
2594 2700 2887 2768 ἀναλογίαν
2940 2699 3022 2762 είς
3069 2699 3171 2768 τὴν
3205 2697 3486 2769 βασιλείαν
3529 2695 3691 2761 είσέρ-

2150 2809 2336 2861 χονται
2366 2807 2382 2824 ’
2414 2793 2462 2845 oi
2484 2792 2541 2845 δὲ
2573 2791 2892 2861 βουλόμενοι
2919 2792 2999 2852 είς
3027 2790 3089 2844 τὸ
3107 2790 3320 2844 τέλειον
3345 2788 3542 2857 φθάσαι
3569 2783 3697 2853 ὀφεί-

2148 2883 2678 2955 λουσιπεριεκτικῶς
2697 2883 2878 2946 πάσας
2895 2882 3272 2952 ἐργάσασθαι.
3319 2877 3632 2949 Περιεκτικὴ
3647 2874 3696 2925 δὲ

2149 2976 2345 3030 πασῶν
2376 2975 2488 3030 τῶν
2535 2974 2765 3029 ἐντολῶν
2792 2975 2945 3029 ἐστιν
2973 2975 3007 3044 ἠ
3052 2973 3153 3044 τῆς
3203 2973 3385 3045 ψυχῆς
3415 2972 3646 3042 ἄρνησις.
3670 2966 3695 3018 ὅ

2151 3066 2267 3119 ἐστι
2305 3064 2560 3128 θάνατος.

2748 3178 2968 3235 ΛΟΓΟΣ
3001 3174 3117 3245 ιμ’.

2155 3273 2292 3342 Περὶ
2326 3268 2723 3342 ἀμοιῦἦςςτῶνς
2751 3270 2820 3323 ἐν
2847 3270 3027 3342 κακίᾳ
3050 3267 3439 3342 κᾳίᾷθέσμως
3454 3261 3694 3342 βιωσάν-

2226 3333 2345 3397 ἱων
2364 3333 2386 3372 ἶ
2420 3333 2538 3395 καῖ
2559 3333 2653 3394 ὅτι
2695 3333 3117 3407 διηνεκὴς-’καὶ
3141 3333 3477 3407 ἀπέρὰντος
3505 3333 3541 3400 ἢ
3567 3333 3694 3388 ἀπο·

2226 3411 2467 3482 κειμένη
2499 3410 2707 3475 αὐτοῖς
2734 3412 3014 3474 κόλασις.

2222 3525 2340 3578 Ἵνα
2377 3524 2451 3592 μὴ
2485 3521 2724 3591 ἀπολέσῃ
2755 3523 2784 3574 ὁ
2828 3520 3151 3591 ἁμαρτωλὸς
3188 3521 3282 3574 τδν
3309 3515 3684 3586 ἀναμάρτητον,

2149 3617 2212 3670 οὐ
2275 3616 2349 3686 μὴ
2383 3613 2596 3684 θελήσει
2649 3614 2676 3665 ὁ
2736 3613 2866 3675 Θεὸς
2926 3613 3213 3683 ίλασθῆναι
3273 3609 3457 3678 αὐτῷ·
3488 3605 3692 3660 ἀλλ’ἐκ-

2151 3706 2485 3775 καυθήσεται
2509 3705 2645 3774 ὀργὴ
2680 3704 2906 3775 Κυρίου,
2939 3706 3030 3756 καὶ
3081 3706 3109 3756 ὁ
3141 3703 3304 3775 ζῆλος
3331 3697 3489 3753 αὑτοῦ
3545 3699 3596 3750 ὲν
3623 3691 3691 3762 τῷ

2151 3798 2424 3868 ἀνθρώπῳ
2462 3797 2675 3866 ἐκείνῳ.

2222 3888 2289 3941 Οί
2339 3886 2654 3957 σπείροντες
2683 3889 2754 3941 τὰ
2802 3889 2977 3943 ἄτοπα
3011 3889 3207 3954 ὀδύνας
3256 3888 3550 3959 θερίζουσιν
3580 3881 3690 3934 ἑαυ-

2150 3980 2284 4043 τοῖς.

2235 4069 2473 4124 Ἀσεϐῶν
2539 4068 2731 4141 λύχνος
2787 4069 3171 4140 σϐεσθήσεται.
3220 4070 3518 4124 Ἐλεύσεται
3566 4062 3617 4117 δὲ
3660 4059 3687 4125 ἡ

2152 4161 2508 4233 καταστροφὴ
2543 4162 2745 4226 αὐτῶν,
2781 4161 2876 4214 καὶ
2903 4161 3119 4216 ἔσονται
3156 4162 3346 4230 ῶσπερ
3393 4159 3558 4229 ἄχυρα
3597 4150 3685 4205 ὑπὸ

2152 4251 2380 4322 ἀνέμου.

2235 4345 2426 4414 Ὀλίγα
2453 4339 2528 4398 ὧν
2577 4347 2908 4417 ἡμάρτηκας
2969 4349 3406 4418 μεμαστίγωσαι.

2235 4435 2548 4503 Ἐπιϐρέξει
2606 4437 2700 4488 ἐπὶ
2740 4439 3098 4508 ἁμαρτωλοὺς
3149 4437 3372 4508 παγίδα,
3427 4429 3550 4502 πῦρ,
3603 4420 3684 4476 καὶ

2081 4564 2130 4623 D
2157 4527 2322 4593 θεῖον,
2357 4529 2452 4581 καὶ
2483 4529 2705 4598 πνεῦμα
2740 4530 3080 4598 καταιγίδος.

2227 4620 2531 4689 Πρόσωπον
2564 4621 2772 4691 Κυρίου
2801 4620 2895 4672 ἐπὶ
2921 4621 3213 4686 ποιοῦντας
3238 4617 3399 4673 κακά.

2225 4712 2468 4774 Θάνατος
2503 4711 2844 4782 ἁμαρτωλῶν
2879 4714 3136 4782 πονηρός.

2235 4802 2323 4865 Ὦς
2351 4803 2576 4870 τήκεται
2611 4802 2785 4873 κηρὸς
2810 4803 2919 4857 ἀπὸ
2963 4804 3259 4874 προσώπου
3300 4800 3481 4872 πυρὸς,
3531 4790 3678 4848 οὕτως

2152 4893 2484 4948 ἀπολοῦνται
2515 4895 2565 4946 oi
2594 4895 2935 4964 ἁμαρτωλοί.

2241 4987 2644 5042 ’Δνταποδὼσει
2674 4987 2860 5049 αὐτοῖς
2891 4987 3094 5056 Κύριος
3125 4989 3224 5060 τὴν
3254 4987 3476 5056 ἀνομίαν
3503 4974 3674 5036 αὐτῶν,

2155 5079 2248 5132 καὶ
2283 5079 2428 5131 κατά
2452 5077 2552 5149 τὴν
2587 5076 2860 5147 πονηρίαν
2906 5079 3090 5134 αὐτῶν
3120 5080 3338 5150 ἀφανιεῖ
3364 5072 3545 5132 αὐτοὺς
3586 5063 3676 5118 Κύ-

2155 5188 2270 5242 ριος
2304 5172 2331 5223 ὁ
2369 5170 2523 5232 Θεός.

2237 5263 2636 5325 Ἀνυπόστατος
2665 5262 2697 5332 ὴ
2727 5261 2867 5334 ὀργὴ
2892 5264 3010 5334 ,τῆς
3038 5265 3134 5320 ἐπὶ
3188 5257 3517 5335 ἁμαρτωλοῖς
3544 5252 3672 5304 ἀπει-

2149 5353 2248 5424 λῆς
2283 5371 2400 5407 σου.

2223 5446 2526 5518 Πρόχειρος
2576 5445 2674 5500 καὶ
2728 5445 3025 5520 ἐπίχαρτος
3057 5448 3264 5519 γίνεται
3318 5437 3515 5500 ἀσεϐῶν
3541 5423 3670 5485 ἀπώ-

2148 5537 2291 5590 λεια.

2232 5629 2320 5680 Ἐν
2347 5627 2617 5701 ἐπαγωγῇ
2643 5629 2987 5700 ἁμαρτωλῶν
3012 5632 3111 5684 οὐκ
3141 5630 3284 5683 ἔστιν
3321 5624 3470 5684 ἴασις·

2219 5804 2375 5874 Ζωὴν
2408 5805 2622 5861 ἀσεϐῶν
2651 5807 2982 5878 ἀναστρέψει
3015 5807 3240 5876 Κύριος.
