4062 6440
382 437 523 499 ὶῖζέθ

453 551 705 622 Διωγμὸς
745 549 962 605 ἀσεϐῶν
993 549 1070 610 εἰς
1124 547 1377 604 θάνατον.

465 643 882 714 Ἐτοιμάζονται
913 639 1236 702 ἀκολάστοις
1266 639 1550 710 μάστιγες.

456 739 522 792 Ol
579 737 775 807 ἄνομοι
813 734 1183 788 διελεύσονται
1215 731 1418 800 ἀγαθὲ,
1461 733 1555 784 καὶ
1586 733 1685 785 οὐκ
1720 733 1964 786 εἰσελεύ-

387 847 569 884 σονται
601 831 679 892 εἰς
711 828 872 883 αὐτά.

457 922 577 980 Φῶς
604 921 822 974 ἀσεϐῶν
870 919 1178 972 σϐέννυται.

475 1015 530 1066 ’Λ
545 1012 915 1081 μαρτάνοντας
951 1010 1346 1075 καταδιὼξεται
1373 1007 1539 1063 κακά.

471 1105 536 1158 'Il
570 1105 925 1174 καταστροφὴ
947 1103 1056 1157 τῶν
1079 1102 1416 1174 παρανόμων
1441 1101 1608 1170 κακή.

463 1197 696 1266 Κατὰρα
734 1196 938 1265 Κυρίου
963 1197 1020 1248 ἐν
1045 1197 1225 1256 οῖκοις
1258 1190 1496 1245 ἀσεϐῶν.

460 1286 610 1343 Οἷκοι
647 1289 860 1340 ἀσεϐῶν
891 1286 1377 1356 ἀφανισθήσονται,

461 1382 675 1450 Στηριῶ
704 1382 827 1444 τοὺς
859 1378 1170 1448 ὀφθαλμοῦς
1198 1397 1298 1450 μου
1331 1379 1418 1432 ἐπ’
1449 1379 1748 1443 αὑτοῦςείς
1777 1378 1956 1441 κακὰ,

388 1478 486 1530 καὶ
516 1478 616 1530 οὐκ
648 1478 728 1536 εἰς
764 1474 966 1543 ἀγαθά.

473 1569 894 1638 Ἀσθενήσουσιν
923 1569 975 1623 οῖ
1023 1569 1264 1635 ἀσεϐεῖς,
1301 1569 1398 1621 καὶ
1441 1565 1625 1637 ἐξαρῶ
1677 1567 1804 1628 τοὺς
1837 1562 1965 1618 ἀνό-

397 1678 534 1733 μους
561 1661 670 1714 ἀπὸ
697 1660 799 1728 τῆς
822 1661 948 1728 γῆς,
982 1659 1132 1728 λέγει
1166 1659 1372 1729 Κύριος
1404 1657 1830 1726 παντοκράτωρ.

477 1754 610 1807 ’ἰδοῦ
640 1753 825 1822 ἡμέρα
877 1752 1098 1823 ἔρχεται
1132 1753 1208 1815 ὡς
1253 1751 1515 1811 κλίϐανος
1548 1749 1837 1818 καιομένη,
1873 1747 1968 1800 καὶ

391 1844 575 1910 φλέξει
609 1841 828 1904 αὐτοὺς,
857 1842 951 1894 καὶ
981 1840 1198 1894 ἔσονται
1248 1841 1449 1904 πάντες
1477 1841 1526 1892 οἱ
1560 1840 1756 1908 ἄνομοι
1793 1839 1965 1893 καλά-

1175 433 1346 494 LOCI
1386 433 1930 498 COMMUNES.—
1971 432 2192 498 PARS.
2242 438 2318 500 lI.
2365 437 2622 498 SEBMO
2654 439 2848 499 XCIV.
3525 431 3661 498 1930

2001 555 2044 611 A
2149 553 2440 623 lmpiorum
2469 553 2688 609 afﬂictio
2717 552 3020 608 mortifera.

2139 644 2522 716 Prmparantur
2545 646 3038 715 intemperantibns
3080 642 3314 714 ﬂagella.

2138 737 2368 807 Exleges
2396 739 2755 809 prwlcribunt
2782 740 2944 804 bona,
2984 745 3034 792 ct
3062 754 3168 790 non
3197 735 3570 807 ingretlirnlur
3600 735 3654 790 iu

2067 845 2151 882 (3.

2139 921 2345 976 Lumen
2374 921 2664 990 impiorum
2700 921 3088 992 exstinguitur.

2138 1013 2436 1070 Peccantcs
2467 1015 2607 1068 mala
2635 1023 3054 1085 persequentur.

2142 1105 2332 1162 Exitus
2367 1107 2682 1175 iniquorum
2711 1108 2908 1161 miser.

2143 1198 2465 1255 Exsccratio
2486 1198 2700 1252 Domini
2739 1200 2791 1253 in
2825 1200 3085 1255 domibus
3116 1199 3436 1272 impiorum.

2145 1291 2343 1344 Domus
2368 1290 2662 1359 impiorum
2703 1291 3244 1347 exterminabuntur.

2142 1383 2303 1436 Amos
2360 1398 2434 1436 Ix.
2474 1380 2708 1449 Di-ligam
2741 1383 2934 1436 oculos
2968 1398 3116 1436 meos
3146 1385 3198 1437 in
3226 1385 3351 1440 illos
3391 1385 3456 1438 ad
3510 1386 3660 1440 cala-

2073 1473 2295 1526 mitates
2328 1469 2668 1534 inierendas,
2698 1487 2808 1524 non
2837 1474 3253 1541 prOsperitates.

2142 1564 2376 1632 Sophon.
2408 1580 2490 1620 ιιι.
2517 1563 2720 1619 lnlirmi
2742 1573 2906 1619 erunt
2935 1565 3111 1636 impii,
3134 1575 3188 1621 ct
3216 1567 3283 1621 de
3313 1573 3454 1620 terra
3478 1565 3661 1620 tollam

2070 1657 2311 1727 iniquos,
2373 1656 2636 1712 Dominus
2683 1657 2759 1711 ait
2817 1657 3220 1725 omnipotens..

2142 1749 2374 1804 ΜαίιιεΙι.
2417 1766 2492 1804 ιν.
2521 1751 2662 1804 Ecce
2691 1749 2811 1804 dies
2842 1750 3024 1804 veniet
3045 1751 3202 1820 quasi
3226 1751 3478 1806 clibanus
3501 1765 3664 1805 exar-

2073 1843 2325 1907 descens,
2366 1850 2420 1897 et
2448 1843 2852 1905 cremabitcos,
2921 1852 3195 1912 eruntque
3251 1859 3444 1898 omnes
3488 1843 3663 1912 iniqui

395 1908 495 2006 μη,
529 1936 624 1987 καὶ
674 1933 870 2003 ἀνάψει
908 1933 1107 1994 αὐτοὺς
1131 1934 1165 2000 ὴ
1196 1933 1381 2002 ἡμέρα
1410 1932 1445 2003 ἡ
1494 1929 1794 2002 ἐρχομένη,
1822 1929 1964 1994 λέγει

2075 1934 2290 2003 stipulzn
2316 1933 2548 1999 similes,
2590 1940 2645 1986 et
2678 1933 2933 1988 incendet
2971 1948 3069 1988 eos
3101 1935 3219 1990 dies
3255 1935 3346 1990 illa
3385 1949 3507 2005 qum
3535 1950 3666 1990 ven-

391 2029 596 2098 Κύριος
647 2025 1042 2098 παντοκράτωρ
1067 2038 1081 2052 ⁸
1114 2023 1207 2077 καὶ
1247 2023 1306 2078 οὐ
1343 2024 1418 2095 μὴ
1441 2021 1744 2092 ὑπολειφθῇ
1787 2021 1972 2083 αὐτοῖς

392 2121 539 2191 ῥίζα,
561 2119 681 2172 οὐδὲ
712 2117 923 2188 κλῆμα.

461 2211 753 2264 Συντέλεια
790 2211 885 2263 ἐπὶ
906 2208 1273 2281 ἁμαρτωλοὺς
1305 2206 1450 2281 ἥξει.

472 2303 602 2357 Ίδοῦ
626 2303 807 2373 ἡμέρα
833 2301 1039 2373 Κυρίου
1063 2302 1285 2373 ἔρχεται
1305 2301 1446 2372 μετά
1462 2299 1638 2370 θυμοῦ
1658 2299 1756 2354 καλ⁵
1775 2299 1970 2372 ὀργῆς.

389 2395 566 2450 θεῖναι
597 2397 699 2467 τὴν
727 2397 1060 2466 οἰκουμένην
1093 2395 1224 2465 ὅλην
1247 2394 1476 2467 ἔρημον,
1511 2393 1759 2457 καὶτοὺς
1785 2393 1971 2464 ἀμαρο

387 2489 598 2554 τωλοὺς
631 2489 902 2544 ἀπολέσαι
934 2488 993 2555 ἐξ
1027 2488 1224 2557 αὐτῆς.

462 2582 599 2635 Οὐαὶ
619 2580 700 2649 τῷ
727 2579 942 2652 ἀνόμωι
977 2578 1190 2649 πονηρά
1221 2576 1445 2632 κατὰτὰ
1467 2574 1606 2650 ἔργα
1628 2574 1796 2631 αὑτοῦ
1827 2591 1970 2645 συμ-

386 2673 619 2743 ϐήσεται
663 2671 836 2742 αὐτῷ.

461 2764 1000 2835 Κατακαυθήσονται
1057 2763 1105 2815 οί
1137 2761 1356 2833 ἄνομοι,
1402 2760 1502 2814 καὶ
1552 2759 1602 2812 οῖ
1649 2759 1971 2830 ἁμαρτωλοὶ

391 2852 529 2924 ἃμα,
558 2852 656 2907 καὶ
687 2852 790 2906 οὐκ
819 2851 976 2906 ἐσται
1010 2851 1039 2905 6
1068 2851 1302 2905 σϐέσων.

471 2945 531 2998 'U
569 2941 788 3012 σκώληξ
813 2943 996 2997 αὐτῶν
1030 2943 1093 2996 οὔ
1130 2941 1473 3012 τελευτήσει,
1511 2943 1606 2997 καὶ
1631 2941 1694 2996 τδ
1723 2938 1841 3010 πῦρ,
1868 2937 1970 2990 αὗ-

391 3038 504 3091 τῶν
534 3037 594 3090 οὐ
644 3037 1032 3107 σοεσθήσεται,
1064 3035 1159 3089 καὶ
1197 3034 1416 3090 ἔσονται
1463 3035 1547 3100 είς
1594 3035 1788 3107 ὅρασιν
1820 3031 1970 3101 πάσῃ

390 3127 582 3198 σαρκί.

474 3221 562 3273 Ἐν
587 3222 880 3290 συναγωγῇ
917 3219 1258 3291 ἁμαρτωλῶν
1288 3217 1697 3288 ἐκκαυθήσεται
1726 3217 1860 3290 πῦρ.

460 3400 598 3473 Πῦρ,
627 3400 862 3473 χάλαζα,
888 3401 985 3454 καὶ
1005 3400 1055 3453 λι
1064 3400 1184 3471 μδς,
1205 3400 1300 3454 καὶ
1321 3400 1580 3465 θάνατος,
1596 3400 1773 3454 πάντα
1794 3400 1970 3455 ταῦτα

389 3495 472 3558 είς
501 3492 728 3548 κόλασιν
756 3493 1103 3565 ἁμαρτωλῶν
1131 3494 1382 3564 ἐκτίσθη.

475 3587 787 3655 Ἐκδίκησις
802 3586 1159 3658 άμαρτωλῶι
1169 3585 1280 3656 πῦρ
1299 3585 1648 3656 καῖ’σκὼληξο
1673 3585 1768 3639 ἐπὶ
1787 3587 1971 3657 ἁμαρ⁴

386 3678 600 3741 τωλοὺς
623 3678 950 3750 κατακαύση
986 3681 1014 3733 6
1046 3679 1216 3748 Θυμὸς
1245 3679 1434 3734 αὑτοῦ.

461 3772 677 3841 Ὠσπερ
703 3771 1026 3841 συλλέγεται
1053 3770 1122 3823 τὰ
1150 3770 1366 3835 ζιζάνια
1397 3769 1494 3824 καὶ
1554 3770 1690 3839 πυρὶ
1724 3767 1967 3831 καίεται,

388 3863 566 3929 οὕτως
603 3863 758 3916 ἐσται
806 3863 864 3916 ἐν
907 3865 973 3932 τῇ
1010 3861 1300 3933 συντελείᾳ
1346 3861 1444 3916 τοῦ
1489 3862 1689 3926 αἰῶνος
1733 3860 1965 3914 τούτου·

389 3956 682 4013 ἀποστελεῖ
708 3959 736 4010 6
766 3956 896 4018 Υἱὸς
946 3954 1042 4008 τοῦ
1092 3953 1382 4026 ἀνθρώπου
1411 3955 1538 4019 τοὺς
1569 3954 1840 4025 ἀγγέλους
1871 3953 1971 4007 αὐ·-

385 4051 504 4116 τοῦ,
541 4050 640 4104 καὶ
689 4048 1038 4112 συλλέξουσιν
1067 4048 1132 4101 ἐκ
1159 4049 1260 4117 τῆς
1287 4048 1566 4116 βασιλείας
1593 4048 1759 4102 αὐτοῦ
1789 4047 1968 4102 πάντα

386 4143 455 4196 τὰ
492 4141 791 4209 σκάνδαλα,
828 4142 1080 4205 καὶτοὺς
1129 4141 1421 4204 ποιοῦντας
1448 4140 1552 4211 τὴν
1583 4125 1837 4210 ἀνομίαν,
1871 4143 1969 4196 καὶ

385 4236 720 4304 ἐμϐαλοῦσιν
780 4235 980 4299 αὐτοὺς
1038 4236 1119 4292 είς
1165 4233 1264 4305 τὴν
1325 4234 1558 4300 κάμινον
1611 4233 1708 4286 τοῦ
1765 4235 1959 4304 πυρός.

399 4327 551 4380 Ἐκεῖ
576 4326 733 4380 ἔσται
755 4327 783 4380 6
814 4325 1096 4396 κλαυθμὸς
1120 4325 1213 4379 καὶ
1241 4327 1268 4379 6
1297 4324 1546 4396 βρυγμὸς
1569 4324 1681 4378 τῶν
1711 4325 1964 4381 ὀδόντων.

458 4418 594 4471 Τότε
622 4417 741 4488 ἐρεῖ
769 4420 796 4470 ὁ
822 4415 1079 4486 βασιλεὺς
1106 4417 1200 4471 καὶ
1224 4419 1338 4479 τοῖς
1369 4417 1436 4484 ἐξ
1496 4415 1819 4488 εὐωνύμων,
1864 4419 1968 4472 Πο-

384 4507 612 4580 ρεύεσθε
659 4508 754 4563 ἀπ’
790 4507 948 4579 ἐμοῦ,
979 4510 1029 4563 oi
1083 4508 1481 4579 κατηραμένοι,
1517 4512 1596 4574 εἰς
1647 4509 1710 4563 τὸ
1747 4509 1857 4583 πῦρ
1902 4511 1965 4565 τὸ

2077 2037 2195 2079 mra
2221 2035 2326 2090 cst,
2364 2024 2494 2080 dicit
2528 2024 2672 2079 Deus
2734 2026 3108 2096 omnipotens,
3161 2041 3337 2097 neque
3384 2027 3660 2096 relinque-

2075 2127 2164 2172 tur
2193 2133 2291 2171 nec
2319 2117 2470 2172 radix
2499 2132 2597 2173 nec
2621 2133 2828 2173 ramus.

2147 2210 2314 2281 256
2342 2209 2546 2264 Habac.
2577 2210 2997 2267 Consummatio
3027 2211 3082 2268 in
3115 2211 3421 2269 scclerosos
3455 2213 3662 2269 veniet.

2146 2301 2263 2358 Isa.
2306 2319 2424 2357 xm.
2453 2302 2594 2358 Ecce
2615 2303 2731 2360 dics
2755 2303 2968 2359 Domini
2999 2304 3177 2360 veniet
3207 2318 3329 2359 cum
3358 2305 3659 2360 vellemen‘

2075 2395 2110 2448 ti
2138 2393 2235 2459 ira,
2281 2403 2339 2448 ut
2372 2400 2546 2448 totum
2576 2395 2764 2449 orbem
2800 2395 3080 2450 desertum
3112 2395 3333 2461 elﬁciat,
3399 2405 3456 2450 et
3499 2411 3563 2452 cx
3595 2410 3661 2449 eo

2077 2485 2231 2540 tollat
2260 2485 2601 2542 seelerosos.

2144 2575 2236 2632 Vae
2274 2577 2465 2646 iniquo
2492 2579 2506 2631 l
2538 2577 2710 2644 mala,
2745 2577 2894 2635 sicut
2918 2593 3106 2651 .opera
3142 2578 3315 2650 ipsius
3350 2579 3660 2652 requirunt,

2071 2669 2322 2724 accident
2358 2668 2432 2724 ei.

2145 2763 2459 2816 Exurentur
2485 2758 2660 2828 iniqui
2715 2770 2770 2816 et
2805 2762 3059 2818 scelerati
3087 2762 3281 2829 simul,
3313 2778 3412 2819 nec
3439 2763 3662 2820 exsistet

2071 2854 2364 2925 quisquam
2415 2853 2509 2925 qui
2550 2853 2730 2925 ignem
2763 2856 3098 2926 exstinguat.

2146 2947 2365 3003 Vermis
2394 2962 2582 3004 eormn
2613 2961 2720 3002 non
2751 2947 3038 3014 morietur,
3079 2962 3184 3004 nec
3212 2947 3355 3018 ignis
3419 2947 3661 3018 ipsorum

2077 3039 2481 3107 restinguetur,
2513 3045 2788 3109 eruntque
2815 3038 3072 3096 omnibus
3102 3039 3424 3109 spectaculo

1994 3252 2041 3314 ο
2145 3218 2449 3276 Eccli.m.
2491 3217 2544 3270 In
2616 3219 2848 3275 consilio
2907 3221 3309 3275 scelerosorum
3379 3219 3518 3289 ignis
3543 3235 3656 3274 ex-

2082 3311 2318 3367 ardebit.

2148 3419 2332 3459 xxxix.
2357 3404 2520 3475 Ignis,
2540 3404 2768 3476 grando,
2787 3413 2842 3460 et
2858 3403 3054 3470 fames,
3072 3411 3126 3457 et
3151 3418 3320 3469 mors,
3343 3403 3457 3459 lucc
3478 3402 3660 3456 orrmia

2077 3498 2144 3552 ad
2178 3498 2568 3554 sceleratorum
2599 3497 2930 3567 supplicium
2963 3497 3184 3553 condita
3211 3505 3366 3553 sunt.

2147 3589 2344 3646 Matth.
2377 3605 2497 3646 xui.
2539 3589 2788 3646 Vindicta
2818 3589 3222 3646 scelerosorum
3251 3589 3392 3658 ignis
3418 3598 3474 3644 et
3530 3603 3654 3643 ver-

2077 3683 2182 3740 mis
2213 3701 2228 3738 :
2262 3684 2316 3738 in
2343 3683 2637 3739 sceleratos
2660 3685 2738 3737 ira
2772 3682 2921 3737 illius
2950 3681 3296 3739 exardescet.

2143 3775 2612 3842 Quemadmodum
2641 3775 2976 3846 colliguntur
3002 3776 3232 3843 zizania,
3284 3784 3339 3831 et
3401 3777 3510 3848 igni
3563 3793 3658 3832 ex-

2076 3877 2334 3936 uruntur,
2401 3869 2481 3923 sic
2509 3869 2599 3923 lict
2624 3869 2680 3923 in
2719 3869 2882 3938 huius
2907 3869 3089 3924 surculi
3132 3868 3660 3935 consummatione;

2076 3961 2255 4016 mittet
2282 3958 2455 4015 Filius
2481 3959 2718 4014 hominis
2741 3961 2971 4028 angelos
3004 3975 3156 4025 suos,
3186 3967 3240 4013 et
3269 3974 3333 4013 ex
3369 3973 3534 4028 regno
3568 3959 3660 4036 ‘ip-

2075 4053 2192 4110 sius
2218 4053 2472 4124 coll‘gent
2506 4053 2684 4107 omnia
2715 4053 3067 4117 ollendicula,
3101 4067 3305 4121 eosque
3341 4053 3432 4123 qui
3468 4052 3654 4122 inique

2075 4155 2362 4216 segcrnut,
2380 4154 2436 4199 et
2455 4145 2750 4214 conjicient
2769 4147 2821 4200 in
2848 4145 3123 4200 fornacem
3144 4145 3304 4215 ignis,
3331 4145 3420 4200 ubi
3439 4143 3658 4201 futurus

2071 4250 2155 4294 εει
2183 4237 2343 4293 ﬂetus
2366 4245 2423 4294 et
2452 4237 2652 4293 stridor
2681 4237 2951 4292 dentium.

2144 4415 2286 4469 Tum
2319 4412 2465 4466 dicet
2498 4426 2587 4466 rex
2621 4411 2823 4482 iis,qni
2856 4420 3021 4467 erunt
3040 4411 3108 4467 ad
3166 4413 3446 4466 sinistram
3477 4427 3492 4468 :
3535 4411 3656 4468 Dis-
3752 4454 3760 4461 .

2071 4507 2247 4564 cedite
2275 4523 2305 4560 a
2342 4523 2448 4570 Inc,
2480 4505 2774 4570 exsecrati,
2815 4505 2870 4558 in
2896 4519 3076 4572 Ignem
3107 4504 3525 4572 sempiternum,
3559 4505 3655 4573 qui

382 4601 625 4666 αίώνιον,
654 4601 717 4654 τὸ
767 4603 1177 4672 ἡτοιμασμένον
1204 4601 1282 4673 τῷ
1315 4601 1548 4672 διαϐόλῳ
1574 4603 1669 4656 καὶ
1700 4605 1814 4664 τοῖς
1864 4605 1964 4673 ἀγ·-

2073 4596 2284 4655 Lliabolo
2315 4605 2369 4650 et
2391 4593 2605 4662 angelis
2631 4592 2751 4663 ejus
2782 4602 3130 4663 paratusest.

379 4693 567 4762 γέλοις
597 4690 786 4747 αὑτοῦ.

451 4779 578 4837 Οἵδε
627 4783 835 4854 Κύριος
885 4783 1134 4847 εὐσεϐεῖς
1192 4785 1256 4837 ἐκ
1311 4782 1626 4854 πειρασμοῦ
1699 4783 1956 4855 ῥύεσθαι,

379 4873 601 4937 ἀδίκους
646 4874 704 4927 δέ
751 4877 831 4934 εἰς
865 4875 1081 4946 ἡμέραν
1127 4875 1368 4946 κρίσεως
1411 4871 1814 4944 κολαζομένους
1865 4893 1962 4946 τη-

382 4983 521 5037 ρειν.

452 5057 594 5121 Τοὺς
625 5055 834 5120 πάντας
865 5056 1014 5126 ἡμᾶς
1066 5056 1456 5128 φανερωθῆναι
1501 5055 1584 5111 δεῖ
1635 5054 1958 5127 ἔμπροσθεν

379 5147 478 5202 τοῦ
512 5148 756 5219 βήματος
785 5149 879 5202 τοῦ
900 5148 1167 5219 Χριστοῦ,
1199 5150 1287 5202 ἵνα
1308 5150 1608 5218 κομίσηται
1629 5147 1864 5212 ἕκαστος
1892 5148 1962 5200 τά

375 5240 469 5294 διὰ
498 5239 593 5295 τοῦ
627 5241 881 5311 σώματος
915 5242 1054 5312 πρὸς
1083 5239 1117 5295 ἀ
1151 5241 1410 5312 ἔπραξεν,
1441 5243 1553 5296 εῖτε
1585 5240 1814 5310 ἀγαθὸν,
1843 5238 1956 5292 εἴτε

378 5331 605 5401 φαῦλον.

460 5422 558 5478 Ἐν
589 5419 878 5477 καὶτοῦτο
925 5422 1027 5490 τῆς
1079 5421 1177 5475 τοῦ
1229 5421 1481 5476 διαϐόλου
1536 5422 1846 5493 μεθοδείας,
1876 5412 1960 5480 ’τὸ

377 5517 510 5578 τοὺς
541 5513 775 5576 πολλοὺς
801 5512 914 5567 τῶν
937 5511 1269 5582 ἀνθρώπων,
1297 5511 1491 5586 ὥσπερ
1524 5517 1959 5589 ἐπιλαθομένους

376 5604 489 5659 τῶν
518 5603 800 5658 τοσούτων
836 5604 933 5658 καὶ
959 5602 1218 5658 τοιούτων
1248 5603 1344 5657 τοῦ
1376 5604 1583 5676 Κυρίου
1601 5608 1958 5678 ἀποφάσεων,

373 5697 534 5761 τέλος
589 5696 872 5760 κολάσεως
932 5699 1148 5760 ἑαυτοῖς
1198 5699 1574 5768 ἀπογράφειν,
1629 5703 1726 5755 καλ⁸
1775 5702 1856 5766 εἰς
1899 5703 1961 5756 τὸ

378 5788 578 5858 μέλλον
615 5789 970 5860 κατατολμᾷν
1005 5794 1104 5858 τῆς
1124 5789 1432 5861 ἁμαρτίας.
1462 5789 1526 5844 Ei
1558 5791 1665 5864 γὰρ
1695 5793 1797 5862 τῆς
1829 5795 1960 5847 αἰω-

371 5881 489 5934 νίου
520 5878 796 5944 κολάσεως
820 5878 972 5934 ἔσται
1007 5879 1139 5935 ποτὲ
1188 5881 1364 5950 τέλος,
1398 5882 1620 5952 πάντως
1669 5885 1782 5951 seu
1862 5885 1960 5940 καὶ

2138 4773 2198 4828 Il
2230 4771 2378 4827 Patr.
2415 4787 2475 4828 ιι.
2502 4769 2660 4827 Novit
2695 4769 2960 4824 Dominus
2979 4769 3098 4840 pios
3124 4785 3191 4825 ex
3228 4771 3527 4828 tentatione
3551 4771 3659 4827 eri-

2063 4881 2215 4937 pere,
2247 4865 2464 4934 iniquos
2496 4873 2678 4918 autem
2713 4863 2766 4917 in
2797 4863 2940 4917 diem
2967 4861 3160 4931 judicii
3190 4862 3519 4919 cruciandos
3542 4879 3657 4919 ser-

2063 4975 2218 5015 vare.

2133 5051 2197 5106 II
2233 5047 2360 5108 Cor.
2399 5064 2450 5104 ν.
2480 5049 2559 5103 Ad
2593 5046 2831 5102 tribunal
2863 5045 3070 5102 Christi
3091 5055 3154 5103 ut
3176 5047 3439 5104 sistamur
3461 5063 3656 5105 omnes

2063 5153 2298 5215 oportet,
2324 5153 2382 5198 ut
2405 5141 2619 5197 aulerat
2639 5141 2874 5210 quisque
2904 5154 3004 5210 pro
3027 5141 3148 5196 suis
3165 5141 3500 5210 actionibus,
3517 5157 3659 5212 quas

2063 5237 2117 5290 in
2149 5251 2378 5306 corpore
2395 5234 2586 5305 gessit,
2612 5218 2728 5289 sive
2745 5231 2973 5299 bonum,
3000 5232 3117 5288 sive
3140 5235 3367 5290 malum.

2138 5419 2200 5474 S.
2235 5417 2446 5472 Basilii.
2479 5416 2554 5470 Ex
2582 5412 2798 5469 insidiis
2817 5411 3017 5467 diaboli
3037 5421 3165 5468 sunt
3188 5411 3352 5468 etiam
3388 5414 3528 5479 istm,
3589 5421 3654 5469 ut

2063 5513 2219 5567 multi
2250 5509 2519 5576 ιιοιιιίιιεει,
2544 5507 2699 5579 quasi
2723 5504 2879 5559 obliti
2905 5511 2984 5560 tot
3003 5513 3057 5559 et
3083 5505 3271 5559 talium
3292 5503 3507 5561 Domini
3530 5519 3658 5560 sen-

2065 5605 2383 5672 tentiarum,
2422 5604 2582 5656 linem
2619 5601 3014 5671 suppliciorum
3041 5599 3143 5655 sibi
3170 5599 3652 5663 circumscribunt,

2064 5714 2174 5769 quo
2209 5700 2264 5752 in
2291 5696 2538 5752 futurum
2570 5694 2836 5750 audacius
2857 5699 3111 5763 peccent.
3162 5690 3222 5746 Si
3271 5691 3423 5746 enim”
3457 5689 3654 5743 a-terni

2064 5789 2316 5861 supplicii
2339 5789 2558 5844 futurus
2580 5795 2663 5843 est
2683 5785 2977 5857 aliquando
3004 5783 3150 5848 ﬁnis,
3188 5783 3411 5838 omnino
3433 5789 3488 5836 et
3541 5783 3650 5837 vita

2064 5894 2268 5941 acterna
2325 5881 2487 5938 linem
2523 5878 2772 5936 habitura
2819 5887 2922 5935 est.
2978 5872 3134 5941 Quod
3177 5875 3221 5930 si
3277 5876 3378 5930 hoc
3425 5875 3494 5930 de
3537 5873 3651 5928 vita
