4062 6478
475 459 631 522 3933

1328 472 1494 532 l.0(‘l
1537 476 1976 546 COMMUNES.
2007 510 2073 520 -
2104 487 2302 550 PARS
2330 492 2411 554 II.
2456 496 2546 556 SE
2556 498 2714 558 llMO
2755 501 2919 562 XCV.

3636 503 3769 565 T224

571 571 665 682 ΞΗ,
679 569 739 682 δέ
769 573 975 682 ἀληθὴς
1010 575 1107 682 καὶ
1136 579 1318 634 τελεία
1352 582 1570 655 ὑπακοὴ
1603 587 1709 641 τῶν
1742 589 2070 680 ὑποχειρίων

2243 603 2513 659 Caeterum
2549 624 2676 663 vera
2724 620 2779 665 et
2826 611 3066 679 perfecta
3102 611 3474 680 subjectos-um
3507 627 3634 682 erga
3664 615 3767 667 du”

473 663 634 756 πρὸς
661 665 766 756 τὸν
798 666 1213 755 καθηγοιῦμενον
1247 673 1308 726 ἐν
1341 674 1517 747 τούτῳ
1549 663 1828 736 δείκνυται
1850 726 1864 750 ,
1902 687 1964 738 ὲν
1995 685 2075 756 τῷ

471 754 565 824 μὴ
603 755 767 826 μόνον
785 757 898 811 τῶν
918 754 1137 814 ἀτόπων
1159 763 1300 818 κατὰ
1323 766 1424 837 τὴν
1452 784 1518 822 συ
1527 770 1769 843 μ6ουλὴν
1792 773 1889 829 τοῦ
1914 754 2079 847 προε-

354 858 367 863 ‘
468 848 700 940 στῶτος
729 850 1056 919 ἀπέχεσθαι,
1084 854 1219 908 ἀλλά
1250 857 1387 928 μηδὲ
1414 861 1555 916 αὐτὰ
1586 864 1653 918 τά
1679 866 1944 923 ἐπαινετὰ
1971 887 2078 940 χω.

461 938 571 1009 ρὶς
614 944 718 1012 τῆς
759 941 975 998 ἐκείνου
1017 945 1246 1018 γνώμης
1285 955 1483 1006 ποιεῖν.
1518 954 1584 1008 Ἦ
1625 956 1734 1026 γάρ
1775 938 2076 1031 ἐγκράτεια

392 1050 397 1051 ⁷
459 1035 583 1088 καὶ
620 1037 777 1089 πᾶσα
813 1037 847 1105 ἡ
885 1040 1176 1112 σωματικὴ
1236 1045 1583 1100 κακοπάθεια
1628 1050 1766 1119 πρός
1792 1067 1846 1103 τι
1880 1053 2078 1122 χρησί-

462 1142 610 1194 μως
641 1124 758 1196 εχει
781 1142 797 1159 ⁸
825 1128 944 1181 ἀλλ’
968 1129 1066 1183 ἐάν
1090 1148 1173 1195 τις
1198 1137 1320 1198 ταῖς
1347 1136 1506 1201 ίδίαις
1532 1140 1735 1209 ὁρμαῖς
1762 1141 2075 1197 ἀκολουθῶν

456 1217 558 1270 τὸ·
573 1217 820 1287 ἀρέσκον
849 1220 1001 1292 αὐτῷ
1031 1226 1182 1296 ποιῇ,
1215 1227 1313 1280 καὶ
1342 1229 1770 1293 συμϐουλεύοντι
1799 1234 1874 1302 τῷ
1908 1251 2075 1307 προε-

460 1308 662 1362 στῶτι
706 1328 761 1363 τι
814 1313 891 1382 μὴ
936 1313 1216 1384 πείθηται,
1267 1319 1452 1388 μεῖζον
1502 1322 1597 1376 τοῦ
1647 1325 2074 1397 κατορθώματος

452 1401 645 1494 ἔσται
670 1402 736 1454 τὸ
765 1403 1277 1476 πλημμελούμενον.
1303 1411 1361 1466 '0
1386 1412 1495 1483 γάρ
1522 1416 1981 1488 ἀντιτασσόμενος
2006 1426 2071 1494 τῇ

451 1493 716 1567 ἐξουσία
744 1500 810 1568 τῇ
843 1501 938 1553 τοῦ
970 1501 1107 1556 Θεοῦ
1140 1503 1373 1577 διαταγῇ
1409 1508 1713 1581 ἀνθέστηκε
1738 1528 1753 1544 ο
1790 1515 1884 1566 καὶ
1915 1517 1945 1567 ὁ
1974 1493 2075 1585 τῆς

450 1585 744 1653 ὑπακοῆς
790 1591 982 1657 μισθὸς
1031 1592 1238 1661 μείζων
1277 1598 1375 1652 τοῦ
1421 1601 1563 1655 κατά
1603 1603 1706 1674 τὴν
1745 1606 2072 1677 ἐγκράτειαν

453 1679 492 1731 ὲ
503 1696 548 1730 π
557 1680 845 1752 ικατορθώ
851 1699 1043 1751 ματος.

476 1766 481 1771 ’
558 1772 635 1826 Ἦ
667 1774 903 1846 ἄσκησις
931 1778 1030 1849 τῆς
1064 1780 1207 1836 κατά
1238 1783 1301 1837 τὸ
1335 1784 1672 1854 Εὑαγγέλιον
1700 1788 1795 1843 τοῦ
1827 1791 2068 1862 Χριστοῦ

445 1863 622 1933 πρὸς
651 1864 748 1917 τὸν
779 1866 915 1919 Θεὸν
944 1869 1362 1943 εὐαρεστήσεως
1390 1877 1448 1930 ὲν
1480 1880 1543 1948 τῇ
1575 1880 1928 1952 ἀναχωρήσει
1958 1886 2069 1940 τῶν

440 1956 774 2028 μεριμνῶν
802 1959 898 2013 τοῦ
931 1961 1140 2032 κόσμου
1162 2006 1178 2029 ,
1209 1966 1303 2021 καὶ
1327 1970 1395 2038 τῇ
1426 1970 1685 2024 παντελεῖ
1708 1973 2067 2044 ἀλλοτριώσει

432 2049 580 2103 τῶν
609 2049 945 2122 ’πειρασμῶν
969 2055 1103 2124 ἡμῖν
1128 2058 1512 2128 κατορθοῦται.
1546 2062 1638 2125 Ὠς
1661 2064 1710 2117 εί
1741 2066 1815 2136 μή
1842 2083 1907 2134 γε
1934 2066 2068 2120 ἀπο-

433 2145 821 2214 ξενώσαιμεν
854 2148 1086 2217 ἑαυτοὺς
1123 2152 1219 2204 καὶ
1254 2154 1585 2220 συγγενείας
1618 2159 1930 2228 σαρκικῆς,
1965 2160 2065 2214 καὶ

428 2235 771 2300 κοινωνίας
809 2237 961 2307 βίου,
996 2240 1163 2293 οίονεὶ
1209 2242 1347 2313 πρὸς
1386 2243 1575 2313 ἕτερον
1608 2249 1816 2318 κόσμον
1846 2251 1935 2305 διὰ
1966 2251 2065 2319 τῆς

432 2327 725 2399 σχέσεως
755 2330 1116 2399 μεταϐάντες,
1149 2334 1287 2387 κατά
1316 2335 1406 2389 τὸν
1434 2339 1712 2393 είπὸνταί
1733 2342 1926 2411 Ἡμῶν
1954 2344 2065 2413 γάρ

425 2426 508 2478 τὸ
553 2421 878 2492 πολίτευμα
913 2423 974 2477 ἑν
1003 2425 1253 2495 οὐρανοῖς
1283 2427 1580 2500 ὑπάρχειοι
1607 2431 1893 2504 ἀμήχανον
1917 2436 2066 2504 ἡμᾶς

429 2514 875 2587 περιγενέσθαι
907 2515 1004 2569 τοῦ
1043 2517 1250 2571 σκοποῦ
1282 2519 1381 2588 τῆς
1418 2521 1555 2592 πρὸς
1590 2521 1730 2578 Θεὸν
1760 2526 2064 2595 εὐαρεστή-

400 2623 606 2673 ,σεως
634 2648 649 2666 ,
684 2606 784 2658 τοῦ
820 2607 1033 2677 Κυρίου
1067 2611 1364 2681 ὁριστικῶς
1398 2614 1649 2680 είπόντος
1674 2659 1688 2680 ,
1719 2617 1800 2670 δτι
1836 2637 1856 2669 ι
1897 2612 2066 2680 Οὗτος

424 2699 570 2762 πᾶς
603 2698 671 2764 ἑξ
705 2698 883 2767 ὑμῶν,
912 2701 972 2764 ὃς
997 2703 1098 2755 οὐκ
1125 2703 1497 2760 ἀποτάσσεται
1524 2709 1639 2771 τοῖς
1669 2709 1865 2765 ἑαυτοῦ
1892 2711 2067 2779 ὑπάρ-

424 2806 684 2863 χουσιν,
719 2789 782 2843 οὕ
813 2791 1041 2846 δύναταί
1073 2811 1174 2861 μου
1207 2790 1347 2850 εἶναι
1379 2800 1631 2869 μαθητής
1658 2816 1673 2831 ο
1717 2820 1737 2854 ι
1775 2802 1870 2856 καὶ
1898 2802 2067 2857 ἀλλα-

422 2882 580 2953 χοῦ,
626 2899 649 2933 ι
687 2880 759 2935 Ε(
782 2901 866 2946 τις
897 2884 1049 2937 θέλει
1077 2886 1253 2941 ὀπίσω
1282 2906 1382 2958 μου
1413 2891 1615 2957 ἐλθεῖν,
1642 2894 2058 2966 ἀπαρνησάσθω

418 2976 690 3033 ἑαυτόν.
737 2997 757 3031 ι
790 2977 1060 3050 ’Δρνησις
1088 2981 1142 3036 δέ
1172 2981 1322 3036 ἐστιν
1352 2985 1549 3040 ἑαυτοῦ
1579 2989 1615 3058 ἡ
1647 2988 1920 3058 παντελὴς
1946 2990 2060 3043 τῶν

420 3068 862 3141 παρελθόντων
907 3073 1069 3144 λήθη,
1119 3076 1207 3129 καῖ
1263 3078 1297 3148 ἡ
1342 3079 1453 3133 τῶν
1496 3080 1826 3151 θελημάτων
1870 3083 2065 3136 ἑαυτοῦ

419 3163 859 3234 ἀναχώρησις.

2178 703 2392 752 ctorem
2424 698 2738 754 obedientia
2775 701 2827 756 in
2861 703 2963 757 hoc
2992 703 3320 771 ostenditur,
3363 711 3424 758 ut
3455 719 3564 760 non
3586 703 3764 761 solum

2175 785 2243 839 ab
2261 786 2531 852 absurdis,
2554 789 2799 858 praefecti
2827 792 3067 848 consilio
3089 793 3558 863 obtemperantes,
3592 793 3767 850 absti-

2179 887 2366 944 neant,
2397 883 2493 935 sed
2517 882 2683 936 etiam
2733 890 2793 938 ut
2824 899 2892 939 ne
2925 884 3263 956 illa-quidem
3308 902 3430 957 quae
3465 885 3763 941 laudabilia

2178 980 2312 1025 sunt
2366 971 2488 1028 sine
2541 973 2686 1029 illius
2735 978 2969 1032 consilio
3012 977 3343 1046 suspiciant.
3396 978 3756 1033 Gontinentia

2177 1063 2320 1114 enim
2357 1078 2423 1116 ac
2451 1066 2659 1134 quantis
2687 1069 2992 1138 corporalis
3020 1070 3245 1125 aﬂlietio
3272 1070 3340 1125 ad
3375 1070 3586 1141 aliquid
3614 1069 3766 1125 utilis
3814 1060 3819 1065 ’

2177 1162 2263 1206 est
2300 1173 2313 1209 :
2351 1156 2446 1210 sed
2476 1156 2521 1212 si
2551 1157 2697 1224 quis,
2747 1161 3000 1230 proprios
3031 1160 3306 1231 appetitus
3323 1176 3581 1231 sequens,
3613 1159 3761 1230 quod

2176 1247 2281 1303 sibi
2315 1247 2513 1317 placet,
2539 1249 2708 1320 258
2730 1250 2915 1317 faciat,
2939 1259 2995 1306 et
3013 1251 3274 1319 praal‘ecte
3292 1251 3579 1307 consilium
3605 1252 3763 1307 danti

2177 1356 2285 1395 non
2317 1340 2682 1409 obtemperet,
2732 1344 2909 1411 majus
2941 1343 3047 1398 erit
3090 1352 3400 1414 peccatum,
3435 1356 3598 1413 quam
3643 1341 3761 1396 olli-

2142 1500 2155 1501 γ
2182 1434 2356 1488 cium.
2412 1431 2511 1499 Qui
2547 1434 2692 1488 cnim
2722 1435 2925 1490 resistit
2957 1436 3232 1505 potestati,
3284 1435 3375 1488 Dei
3425 1434 3757 1489 ordinationi

2177 1523 2385 1578 resistit
2415 1540 2430 1578 :
2461 1539 2526 1578 ac
2546 1523 2883 1599 ubedientiae
2918 1526 3199 1598 pracmium
3227 1541 3390 1596 quam
3416 1525 3763 1581 continenter

2175 1616 2305 1672 facti
2344 1616 2522 1687 majus
2548 1626 2650 1674 est.

2245 1799 2581 1856 Exercitatio
2607 1801 2730 1855 vitae
2755 1816 2821 1856 ex
2845 1798 3143 1870 Evangelio
3170 1798 3374 1854 Christi
3405 1798 3668 1853 instituta!
3698 1807 3763 1851 ut

2099 1929 2145 1986 Β
2177 1892 2283 1947 Deo
2305 1895 2511 1963 accepti
2540 1892 2734 1958 simus,
2760 1892 2878 1947 haec
2906 1900 3025 1957 est,
3060 1899 3119 1945 ut
3144 1890 3466 1947 secedamns
3490 1890 3559 1944 ab
3581 1888 3760 1943 omni-

2174 1986 2272 2040 bus
2314 1985 2501 2040 mundi
2530 1984 2996 2052 solicitudinibns,
3047 1993 3103 2041 et
3132 1983 3363 2038 omnino
3416 1998 3445 2035 a
3496 1981 3756 2036 tentatio-

2170 2077 2333 2134 nibus
2368 2078 2531 2133 alieni
2573 2078 2768 2133 simus.
2805 2077 2938 2131 Nam
2980 2077 3085 2131 nisi
3126 2076 3469 2132 abducamus
3492 2075 3761 2144 ‘nosipsos

2170 2170 2239 2224 ab
2279 2170 2430 2224 omni
2478 2171 2661 2224 carnis
2691 2170 3023 2240 cognatione
3066 2177 3121 2224 et
3165 2168 3296 2223 vitae
3342 2166 3758 2232 communione,

2169 2263 2327 2330 quasi
2359 2261 2426 2315 ad
2460 2260 2692 2317 alterum
2725 2261 2987 2315 mundum
3033 2262 3334 2327 migrantes
3396 2274 3490 2328 per
3525 2257 3758 2311 medita-

2171 2354 2399 2422 tionem,
2449 2363 2746 2424 sequentes
2816 2352 3108 2408 consilinm
3183 2350 3351 2411 illius.
3417 2351 3514 2420 qui
3569 2349 3755 2404 dixit:

2174 2466 2194 2500 ι
2238 2446 2437 2503 Nostra
2467 2447 2613 2501 enim
2660 2444 3008 2502 conversatio
3041 2445 3096 2498 in
3140 2444 3297 2499 caelis
3327 2449 3434 2504 est,
3476 2458 3495 2493 ι
3533 2440 3759 2495 omnino

2170 2539 2289 2595 ﬁeri
2323 2540 2539 2608 nequit,
2587 2547 2647 2594 ut
2676 2539 3012 2610 propositum
3045 2545 3324 2593 teneamus
3369 2548 3478 2604 quo
3505 2534 3760 2588 volumus

2173 2631 2284 2685 Deo
2308 2632 2517 2701 accepti
2552 2646 2698 2697 esse,
2734 2645 2859 2685 eum
2892 2629 3156 2683 Dominus
3185 2626 3406 2682 delinite
3453 2625 3603 2680 dicat
3631 2624 3712 2679 sic
3741 2640 3757 2676 :

2177 2741 2196 2774 ι
2237 2721 2564 2792 Quicunque
2605 2739 2673 2785 ex
2723 2721 2876 2776 vobis
2925 2736 3034 2775 non
3081 2721 3265 2776 valere
3305 2717 3537 2788 jusserit
3575 2716 3759 2770 omnia

2170 2828 2292 2875 sua,
2347 2828 2454 2867 non
2493 2821 2675 2881 potest
2706 2825 2862 2865 meus
2893 2825 3016 2866 esse
3042 2807 3375 2878 discipulus.
3421 2824 3447 2859 ι
3479 2805 3544 2860 Et
3577 2805 3756 2860 alibi:

2177 2924 2195 2956 ι
2238 2904 2294 2957 Si
2348 2903 2477 2973 quis
2510 2918 2596 2958 me
2638 2903 2791 2971 sequi
2840 2900 2980 2966 vult,
3026 2899 3259 2969 abneget
3305 2895 3687 2964 semetipsum.
3732 2914 3751 2946 ι

2168 2995 2471 3066 Abnegatio
2514 3004 2693 3049 autem
2727 2993 2813 3047 sui
2860 2992 3034 3061 ipsius
3081 2998 3167 3045 est
3215 2989 3456 3056 perfecta
3509 2986 3762 3058 praeter-i-

2169 3098 2347 3143 turum
2381 3086 2610 3155 oblivio,
2655 3094 2712 3141 et
2753 3102 2782 3140 a
2815 3101 2914 3141 sua
2949 3085 3232 3140 voluntate
3278 3085 3505 3139 omnino
3557 3081 3766 3137 abalie-a

2169 3180 2342 3235 natio.

511 3268 609 3321 Τὸ
663 3260 853 3328 μέντοι
897 3277 962 3329 γε
1005 3261 1434 3331 ἐπιτεταγμένον
1475 3268 1536 3317 οὖ
1580 3267 1688 3336 χρὴ
1733 3268 2060 3337 ἀντιλέγειν.

2236 3271 2391 3338 Quod
2429 3272 2761 3342 imperatum
2797 3271 2959 3326 fuerit
2986 3278 3054 3341 et
3090 3269 3493 3339 prtescriplttm,
3531 3281 3636 3319 non
3674 3276 3761 3318 est

431 3364 516 3417 Ἣ
557 3357 690 3429 γὰρ
723 3354 940 3424 ὑπακοὴ
972 3353 1135 3425 μέχρι
1167 3354 1402 3411 θανάτου
1432 3358 1547 3428 ἔχει
1574 3359 1668 3412 τὸν
1697 3360 1842 3429 ὅρον.

521 3540 598 3592 ,Α
616 3531 759 3604 ρετὴ
807 3528 1118 3602 ἀρχομένου
1171 3531 1265 3585 καὶ
1307 3533 1441 3605 τιμὴ
1481 3535 1543 3588 τὸ
1592 3539 1779 3607 μένειν
1821 3539 1918 3594 ἐπὶ
1963 3542 2061 3611 τῆς

414 3625 744 3692 ὑπακοῆς.
852 3699 865 3707 ,
1000 3638 1015 3656 '

519 3721 681 3775 ἐὰν
709 3714 810 3788 ἔχῃ
843 3732 929 3779 τις
964 3716 1157 3772 πίστιν
1187 3718 1268 3781 είς
1296 3717 1420 3771 τινὰ
1442 3760 1457 3783 ,
1489 3720 1585 3774 καὶ
1616 3721 1833 3777 δίδωσιν
1864 3727 2062 3783 ἑαυτὸν

411 3811 816 3878 ὑποταγῆναι
844 3809 1016 3881 αὐτῷ,
1042 3809 1105 3863 οὐ
1137 3810 1329 3881 χρείαν
1355 3811 1469 3880 ἔχει
1501 3815 1791 3886 προσέχειν
1817 3820 2061 3886 ἐντολαῖς

408 3908 617 3968 Θεοῦ,
657 3903 797 3957 ἀλλὰ
826 3903 904 3974 τῷ
936 3900 1305 3973 πατρὶ-αὑτοῦ
1337 3908 1646 3974 συγχωρεῖν
1677 3909 1742 3963 τὰ
1776 3908 2061 3981 θελήματα

404 3998 655 4061 αὐτοῦ,
689 3994 783 4049 καὶ
814 3993 1072 4062 ἔγκλημα
1099 3992 1199 4046 οὐκ
1231 3992 1347 4062 ἔχει
1380 3996 1530 4064 παρά
1556 3997 1714 4051 Θεοῦ.

511 4090 902 4149 Ἀνάπαυσον
948 4086 1042 4141 τὸν
1091 4087 1306 4154 πατέρα
1359 4106 1493 4154 σου,
1543 4089 1629 4144 ἵνα
1673 4092 1806 4147 ὅταν
1849 4097 2062 4171 ἀπέλθῃ

405 4189 589 4259 πρὸς
624 4180 875 4248 Κύριον,
909 4178 1277 4249 παρακαλέσῃ
1309 4179 1450 4247 ὑπὲρ
1480 4181 1574 4235 σοῦ
1596 4222 1610 4246 ,
1642 4185 1735 4237 καὶ
1765 4181 1828 4239 εὖ
1861 4204 1944 4242 σοι
1972 4191 2064 4256 γέ-

401 4293 645 4346 vniat.

496 4361 759 4435 Σφόδρα
787 4357 1052 4430 ζηλοῦσιν
1080 4359 1129 4413 oi
1157 4358 1412 4426 δαίμονες
1439 4360 1566 4423 τοὺς
1593 4361 1650 4414 ἐν
1677 4363 1926 4437 ὑποταγῇ
1958 4386 2061 4420 πα-

398 4462 568 4531 τρδς
614 4452 1055 4523 ἀστράπτονταε
1076 4491 1093 4517 ,
1127 4452 1224 4505 καὶ
1254 4451 1536 4521 τρίζουσιν
1568 4454 1692 4507 κατ’
1715 4456 1899 4511 αὐτῶν
1931 4459 2059 4523 τοὺς

390 4558 703 4613 ὀδόντας,
732 4547 816 4601 ὅτι
843 4545 905 4599 ἐν
926 4545 994 4613 τῇ
1030 4545 1280 4615 ὑποταγῇ
1308 4545 1408 4614 τὴν
1429 4546 1714 4618 ἀποταγὴν
1737 4550 2058 4622 ἀμερίμνως

393 4643 782 4714 ἐζύγωσαν,
816 4634 942 4689 καθ’
963 4625 1041 4687 ὧν
1067 4633 1164 4688 καὶ
1194 4636 1498 4705 προφάσεις
1528 4637 2053 4708 ἁκριόολογοῦντες,

396 4727 825 4801 παροξυσμὸν
848 4725 1135 4795 ἀρτύουσι,
1165 4728 1259 4781 καὶ
1282 4729 1348 4797 τῇ
1378 4730 1757 4803 συμϐαινούσῃ
1787 4730 1926 4802 ὀργῇ
1955 4734 2056 4803 τὴν

395 4830 619 4906 μῆνιν
670 4816 1080 4886 ἑγγλῦφουσιν,
1121 4816 1315 4871 ἔπειτα
1359 4819 1419 4871 δὲ
1458 4822 1553 4876 καὶ
1597 4821 1751 4889 μῖσος
1792 4821 1930 4891 πρὸς
1968 4824 2059 4876 τὸν

387 4916 676 4986 πατέρα
701 4909 763 4962 τὸ
792 4909 917 4962 κατ’
937 4907 1120 4975 ὀλίγον
1146 4907 1405 4977 ἕψουσιν,
1433 4909 1510 4974 ὡς
1536 4910 1632 4965 ἅτε
1663 4911 1829 4980 δῆθεν
1853 4913 2057 4979 ἀδίκως

387 5004 938 5071 ἐπιπλήττοντος,
987 4998 1081 5051 καὶ
1123 5001 1269 5054 κατά
1314 5001 1612 5072 πρόσωπον
1655 5004 2054 5073 προσέχοντος,

385 5109 504 5164 ἵνα
553 5101 636 5152 ὲκ
681 5091 963 5158 διαφόρων
997 5088 1220 5159 τρόπων
1256 5091 1355 5162 τὴν
1389 5091 1567 5163 ψυχὴν
1605 5095 2056 5165 περιτινάξαντες

383 5200 532 5257 τῶν
570 5182 888 5255 πατρικῶν
919 5183 1182 5250 ἀγκαλῶν
1212 5187 1578 5257 σκορπίσωσι.

502 5374 583 5429 σο
635 5364 858 5438 βάλλων
902 5362 1099 5415 ἑαυτὸν
1141 5363 1222 5427 είς
1256 5365 1519 5437 ¹ὑπακοὴν
1560 5372 1814 5445 πατέρων
1855 5373 2053 5444 ἀμερι-

388 5467 612 5544 μνίαν
648 5457 754 5513 καὶ
781 5455 1097 5510 ἀνάπαυσιν
1128 5454 1263 5524 ἔχει.

1046 5546 1268 5601 ΛΟΓΟΣ
1302 5552 1434 5617 ιιςῖν.

956 5638 1099 5707 Περὶ
1156 5642 1558 5711 προεστῶτος.

484 5733 875 5799 Ὑπεύθυνος
915 5726 1011 5784 οὖν
1052 5733 1202 5786 ἐστιν
1254 5734 1283 5786 ὁ
1329 5737 1574 5803 ἐφεστὼς
1610 5743 1676 5811 τῇ
1723 5742 2049 5815 ἀδελφότητι

379 5825 758 5909 ἀγρυπνεῖν
786 5822 928 5893 ὑπὲρ
956 5820 1065 5873 τῶν
1093 5821 1285 5894 ψυχῶν
1315 5825 1517 5892 αὐτῶν,
1551 5832 1645 5884 καὶ
1674 5838 1947 5906 μεριμνᾷν
1978 5836 2046 5891 τὰ

2166 3363 2531 3427 recusandum
2571 3382 2584 3417 ι
2620 3377 2744 3417 nam
2775 3360 3087 3417 obedientia
3117 3362 3199 3415 vel
3225 3360 3292 3414 ad
3329 3368 3559 3414 mortem
3585 3373 3758 3426 usque

2165 3456 2501 3510 extenditur.

2242 3546 2303 3601 S.
2337 3548 2614 3617 Clirgsost.
2656 3546 2844 3603 Virtus
2872 3546 3103 3618 subjecti
3133 3555 3187 3602 et
3219 3546 3393 3601 honor
3424 3554 3511 3601 est
3541 3546 3594 3601 in
3628 3546 3763 3602 obe-

2163 3638 2366 3692 dientia
2403 3639 2727 3707 persistere.
2757 3649 2760 3652 ’

2239 3729 2293 3783 Si
2324 3731 2450 3799 quis
2483 3730 2642 3785 tidem
2669 3732 2834 3786 habet
2866 3733 2920 3786 in
2950 3732 3209 3798 aliquem.
3238 3749 3301 3787 ac
3326 3732 3569 3801 seipsum
3592 3730 3758 3784 tradit

2167 3819 2241 3872 illi
2271 3819 2698 3888 subjiciendum,
2733 3821 2867 3874 nihil
2895 3822 2944 3876 ei
2977 3831 3057 3876 est
3083 3838 3243 3891 opus,
3270 3833 3331 3876 ut
3352 3820 3627 3875 mandatis
3659 3819 3753 3874 Dei

2166 3920 2401 3965 mentem
2428 3910 2724 3977 adhibeat,
2752 3912 2845 3967 sed
2877 3921 2936 3966 ut
2956 3914 3094 3983 patri
3124 3928 3226 3967 suo
3258 3928 3420 3970 omne
3452 3910 3752 3965 volunt-itis

2165 4018 2277 4058 sum
2302 4002 2545 4057 studium
2567 4003 2800 4069 deferat,
2817 4010 2872 4058 et
2894 4004 3035 4072 apud
3063 4005 3233 4059 Deum
3259 4002 3490 4058 crimine
3515 3999 3753 4056 vacabit.

2234 4092 2420 4149 Reﬁce
2452 4102 2660 4164 patrem
2697 4105 2872 4163 tuum,
2913 4105 2971 4150 nt
3006 4111 3133 4151 cum
3168 4097 3237 4150 ad
3274 4096 3564 4150 Dominum
3599 4092 3753 4147 abico

2166 4186 2257 4252 rit,
2289 4201 2385 4255 pro
2417 4195 2468 4242 te
2494 4196 2670 4256 roget,
2706 4195 2762 4242 et
2795 4188 2890 4243 tibi
2921 4189 3061 4243 bene
3091 4189 3184 4244 sit.

2235 4364 2601 4422 Vehementer
2636 4367 2876 4423 oderunt
2902 4368 3182 4422 (Immunes
3207 4382 3301 4422 eos
3331 4367 3425 4437 qui
3458 4367 3512 4421 iu
3543 4363 3757 4431 subjec-

2165 4459 2314 4511 tione
2362 4458 2535 4526 patris
2588 4457 2859 4522 eminent,
2909 4465 2965 4511 et
3021 4457 3289 4511 adversus
3342 4470 3441 4510 eos
3497 4454 3756 4509 dentibus

2166 4548 2444 4614 frendent,
2502 4550 2648 4619 quod
2714 4564 2840 4603 cum
2913 4547 3223 4603 obedientia
3293 4546 3754 4602 renuntiationem

2112 4617 2133 4658 )
2163 4617 2583 4710 copulaverunl,
2653 4639 2818 4709 idque
2878 4639 3028 4695 omni
3099 4638 3452 4695 solicitudiue
3530 4637 3750 4705 posita:
3819 4676 3826 4682 .

2162 4732 2425 4788 adversus
2457 4747 2620 4803 quos,
2641 4730 2932 4789 meditatas
2976 4731 3219 4786 rationes
3245 4730 3750 4794 comminiscentes,

2164 4823 2533 4878 irritationem
2588 4825 2905 4887 instituunt,
2948 4839 3012 4878 ac
3044 4823 3136 4878 irae
3178 4822 3290 4891 jam
3325 4822 3526 4877 innatre
3554 4821 3753 4891 adjun-

2161 4923 2297 4984 gunt
2338 4914 2706 4977 iracundiam,
2750 4915 2952 4970 deinde
2994 4915 3160 4969 etiam
3209 4915 3394 4969 odium
3444 4913 3499 4968 in
3541 4921 3749 4983 patrem

2160 5008 2423 5078 paulatim
2473 5020 2742 5078 coquunt,
2771 5010 2932 5078 quasi
2978 5017 3136 5077 pater
3167 5008 3356 5077 inique
3389 5007 3663 5076 objurget,
3696 5014 3752 5059 ct

2158 5116 2452 5170 personam
2483 5100 2772 5168 reSpiciat,
2831 5111 2892 5156 ut
2940 5119 3004 5157 ex
3048 5100 3447 5156 dissidentibus
3501 5100 3748 5155 moribus

2158 5194 2403 5246 animum
2455 5192 2714 5262 agitatum
2746 5210 2814 5248 ex
2859 5195 3007 5251 ulnis
3040 5193 3285 5265 paternis
3317 5201 3593 5248 extortum
3637 5192 3749 5246 dis-

2158 5284 2363 5353 sipent.

2230 5375 2504 5439 Dorothei.
2540 5378 2644 5444 Qui
2675 5394 2735 5435 se
2766 5379 2821 5434 in
2853 5386 3070 5449 patrum
3094 5376 3464 5442 obedientiam
3492 5374 3746 5433 commit-

2156 5467 2241 5531 tit,
2276 5481 2473 5524 secure
2498 5479 2553 5523 et
2572 5471 2755 5539 quiete
2783 5471 2938 5525 vivit.

2501 5561 2737 5618 SERMO
2770 5564 2927 5620 XCVI
2987 5565 3085 5637 [ιιι.
3119 5563 3401 5636 CLXXII}.

2769 5656 2842 5711 De
2870 5662 3136 5728 prwfecto.

2226 5740 2289 5797 S.
2322 5739 2536 5801 Basilii.
2590 5744 2665 5800 Ex
2724 5748 2922 5805 otliicio
2980 5752 3248 5807 incumbit
3308 5751 3578 5821 praefecto.
3634 5751 3747 5805 fra-

2155 5843 2295 5887 trum
2322 5836 2620 5906 sodalitati,
2649 5850 2709 5896 ut
2741 5843 2924 5911 vigilet
2970 5860 3066 5912 pro
3111 5844 3308 5899 animis
3338 5856 3550 5911 eorum,
3579 5859 3643 5898 ac
3672 5845 3740 5900 de

381 5928 571 5991 πρὸς
638 5912 923 5985 σωτηρίαν
972 5912 1176 5983 αὐτῶν,
1213 5914 1287 5980 ὡς
1343 5917 1505 5989 λόγον
1555 5923 1891 5982 ἀποδώσων·
1950 5928 2045 5985 καὶ

2167 5927 2325 5984 talute
2354 5930 2596 5997 ipsorum
2626 5932 2697 5989 sit
2728 5934 2998 6004 solicitus,
3032 5937 3186 6005 quasi
3218 5937 3312 6007 qui
3345 5936 3614 5992 rationem
3662 5939 3731 5997 ait
