4062 6426
519 471 660 534 1233

1793 463 2115 527 ANTONII
2162 465 2510 525 ΜΕιᾸδδίΕ

3642 467 3760 533 1236

516 586 856 643 redditurus.
891 590 958 640 At
982 588 1052 642 ita
1072 588 1230 641 debet
1261 586 1326 640 de
1358 585 1562 640 animis
1588 584 1803 638 illorum
1845 580 2087 637 solicitu-

2210 581 2476 652 εεριμνᾷν
2510 581 2653 652 ὑπὲρ
2685 581 2797 636 τῶν
2832 584 3026 652 ψυχῶν
3055 581 3233 636 αὐτῶν
3265 582 3362 635 ἐπὶ
3395 580 3663 648 τοσοῦτον,
3692 584 3758 649 ὡς

517 678 700 732 οιίηειιι
726 681 1030 747 suscipere,
1059 685 1119 732 ut
1145 677 1213 732 ad
1245 687 1476 731 mortem
1509 690 1687 746 usque
1726 674 1970 730 studium
2003 686 2100 742 pro

519 767 627 822 illis
655 784 811 823 suum
836 770 1025 837 probet
1068 777 1124 823 et
1141 768 1399 835 declaret,
1425 782 1532 822 non
1559 767 1737 823 solum
1757 782 1818 820 ex
1840 764 2102 820 mandato

525 856 736 912 Domini
767 848 913 926 quod
938 856 1105 929 259
1132 858 1199 913 ad
1222 872 1416 914 omnes
1460 858 1723 930 pertinet,
1760 865 1820 912 ut
1860 860 2101 912 animam

522 962 678 1001 suam
727 948 855 1018 quis
894 957 1062 1018 ponat
1106 965 1207 1020 pro
1255 950 1450 1006 amicis
1501 950 1640 1017 suis,
1688 964 1876 1005 verum
1935 950 2102 1004 etiam

521 1052 589 1093 ex
627 1038 835 1108 privato
855 1048 911 1095 et
934 1042 1160 1111 proprio
1190 1041 1338 1100 illius
1365 1043 1459 1114 qui
1509 1044 1649 1098 dixit
1699 1045 1744 1113 (ι
1767 1041 1946 1099 Thess.
2001 1043 2061 1113 ιι)
2086 1058 2101 1095 :

533 1147 553 1180 ι
578 1127 820 1185 Studiosi
868 1141 1106 1188 vestrum
1136 1148 1201 1187 ex
1220 1133 1406 1189 animo
1428 1135 1785 1205 cupiebamus
1818 1134 2102 1204 impertire

523 1222 698 1290 vobis,
723 1239 831 1279 non
857 1224 1034 1279 solum
1066 1224 1440 1295 Evangelium,
1470 1242 1659 1281 verum
1690 1227 1856 1282 etiam
1889 1236 2104 1284 nostras

521 1313 766 1380 ipsorum
798 1312 942 1368 anim
953 1328 1030 1369 as.
1063 1333 1083 1367 ι

599 1402 693 1458 Sic
725 1400 893 1473 igitur
925 1420 1221 1475 persuasus
1251 1421 1375 1463 esse
1412 1406 1574 1461 debet
1607 1405 1917 1476 praefectus,
1959 1406 2104 1462 futu—

529 1509 651 1547 rum
690 1502 772 1560 ut,
813 1494 923 1550 nisi
955 1510 1077 1551 cum
1111 1499 1323 1553 ratione
1360 1498 1543 1567 praesit
1571 1497 1847 1564 fratribus,
1887 1512 1952 1553 ea
2018 1514 2106 1554 res

526 1583 631 1653 ipsi
671 1600 892 1653 gravem
946 1596 1001 1640 et
1046 1588 1414 1644 inevitabilem
1472 1592 1607 1644 iram
1661 1590 1932 1659 adducat;
1979 1606 2105 1646 nam

526 1676 750 1746 sanguis
776 1676 1015 1747 ipsorum
1046 1680 1112 1734 de
1142 1681 1396 1736 manibus
1418 1682 1537 1751 ejus
1565 1681 1890 1750 requiretur,
1915 1696 2105 1751 quem-

530 1768 819 1823 admodum
852 1771 1116 1841 scriptum
1143 1782 1250 1827 est.
1302 1774 1587 1843 Subiectus
1618 1783 1800 1828 autem
1849 1775 1929 1830 sic
1952 1790 2108 1843 para-

533 1867 624 1913 tus
651 1873 775 1915 esse
799 1859 978 1927 debet,
1024 1871 1084 1917 ut
1112 1864 1180 1917 ad
1213 1864 1418 1918 nullum
1451 1864 1836 1935 praescriptum
1888 1870 1943 1919 et
1969 1878 2106 1933 prae-

526 1961 747 2021 ceptum
774 1951 857 2008 vel
917 1952 1294 2011 dimcillimnm
1349 1958 1658 2028 pigritetur,
1700 1973 1763 2014 ea
1789 1971 1886 2027 spe
1910 1956 2106 2022 fretus,

531 2043 678 2108 quod
714 2059 921 2103 merces
976 2047 1155 2118 ampla
1184 2052 1256 2103 sit
1303 2051 1357 2103 in
1413 2051 1588 2105 t-mlis.

598 2132 952 2194 Obedi-ntem
992 2155 1118 2210 spes
1148 2140 1464 2196 consoletur
1509 2142 1654 2209 vitm,
1683 2150 1744 2198 ut
1784 2156 1908 2197 cum
1963 2148 2112 2196 omni

528 2225 726 2294 gaudio
755 2233 810 2282 et
840 2229 1096 2299 patientia
1128 2244 1268 2301 opus
1296 2230 1507 2287 Dotnini
1544 2231 1660 2287 fiat.

603 2404 924 2463 Testiiieare
959 2408 1159 2478 populo
1187 2409 1307 2475 isti,
1330 2410 1510 2483 inquit
1532 2412 1814 2483 propheta,
1846 2422 1901 2468 et
1927 2414 1973 2469 si
2003 2429 2111 2469 non

533 2495 832 2564 audierint,
872 2507 927 2554 tu
984 2501 1148 2571 culpa
1207 2506 1453 2560 vacabis.
1735 2566 1743 2573 ,

606 2589 797 2645 Solent
822 2591 1055 2663 subjeﬂi
1083 2607 1247 2663 quam
1271 2595 1564 2652 celerrime
1594 2596 1835 2666 pmice-ti
1861 2598 1946 2653 sui
1970 2597 2115 2653 vitiis

542 2681 719 2750 infici,
778 2691 945 2754 atque
1012 2685 1065 2741 id
1124 2686 1298 2742 multo
1355 2688 1570 2744 facilius
1625 2703 1785 2760 quam
1843 2688 2115 2745 contraria

535 2774 685 2830 vitiis
736 2774 938 2831 virtute
986 2775 1177 2834 imbui.
1240 2777 1424 2836 Facile
1479 2782 1624 2837 enim
1685 2788 1769 2837 est
1799 2788 1854 2835 et
1884 2794 2109 2851 promp-

550 2878 664 2920 tum
692 2866 824 2922 vitia
861 2868 1086 2936 imitari,
1131 2885 1232 2926 nec
1276 2872 1579 2943 quidquam
1636 2881 1722 2928 est
1772 2879 1885 2927 tam
1935 2871 2118 2938 facile,

534 2973 700 3029 quam
731 2959 848 3016 ﬁeri
882 2960 1111 3031 malum,
1136 2963 1301 3018 etiam
1335 2966 1382 3022 si
1407 2979 1567 3021 nemo
1602 2966 1670 3021 ad
1693 2966 1825 3022 illud
1854 2980 1953 3021 nos
1978 2965 2120 3021 invi-

540 3057 618 3105 tet
657 3060 713 3106 et
741 3055 924 3111 ducat.

610 3142 879 3201 Vitiorum
908 3151 1053 3220 apud
1083 3148 1280 3220 vulgus
1349 3151 1644 3207 celebratio
1686 3153 1887 3209 multos
1918 3152 1984 3208 ad
2042 3152 2119 3209 si-

2204 676 2298 727 καὶ
2349 673 2515 745 μέχρι
2557 672 2789 727 Θανάτου
2827 672 2927 746 τὴν
2974 674 3106 745 παρ’
3132 672 3318 728 αὐτῶν
3349 673 3586 745 σπουδὴν
3611 675 3760 730 ἐνδεί-

2204 765 2462 830 κνυσθαι,
2492 765 2555 819 οὑ
2586 765 2751 837 μόνον
2780 769 2926 822 κατὰ
2951 767 3044 821 τὸν
3071 768 3250 822 κοινὸν
3281 767 3422 839 πρὸς
3452 768 3650 833 πάντας
3679 768 3758 823 τοῦ

2205 859 2413 943 Κυρίου
2445 860 2624 928 λόγον,
2669 859 2757 915 ἵνα
2815 876 2904 924 τις
2958 858 3060 930 τὴν
3099 859 3280 931 ψυχὴν
3319 859 3492 916 αὐτοῦ
3542 860 3604 932 (iii
3636 860 3759 932 ὑπὲρ

2202 950 2314 1005 τῶν
2347 951 2518 1019 φίλων
2554 951 2746 1015 αὑτοῦ,
2799 949 2941 1006 ἀλλὰ
2968 950 3068 1004 καὶ
3101 949 3245 1005 κατὰ
3275 949 3372 1004 τὸν
3415 948 3546 1005 ῐδιον
3582 949 3671 1003 τοῦ
3692 952 3759 1003 εί-

2206 1042 2402 1105 πόντος
2425 1059 2442 1074 ο
2487 1060 2507 1095 ι
2556 1042 2924 1114 Ἰμειρόμενοι
2951 1041 3129 1114 ὑμῶν,
3159 1039 3498 1111 εὐδοκοῦμεν
3527 1039 3762 1111 μεταδοῦ-

2204 1151 2295 1186 ναι
2330 1135 2460 1203 ὑμῖν
2492 1135 2553 1188 οὐ
2583 1136 2746 1207 μόνον
2770 1134 2831 1189 τὸ
2861 1133 3216 1203 Εὑαγγέλιον,
3253 1132 3394 1187 ἀλλὰ
3418 1134 3510 1186 καὶ
3533 1132 3625 1195 τὰς
3654 1132 3761 1185 ἑαυ-

2205 1220 2317 1272 τῶν
2343 1219 2543 1291 ψυχάς.

2280 1400 2401 1472 Χρὴ
2423 1399 2516 1454 οὖν
2537 1388 2629 1455 τον
2655 1401 2975 1471 προεστῶτα
3007 1400 3327 1467 πεπεῖσθαι,
3354 1402 3437 1455 ὅτι
3459 1401 3519 1455 τὸ
3544 1401 3616 1474 μὴ
3639 1403 3760 1457 κατὰ

2206 1492 2365 1560 λόγον
2406 1492 2712 1563 προστῆναι
2767 1493 2863 1546 τοῦ
2913 1493 3150 1563 ἀδελφοῦ
3208 1494 3444 1565 βαρεῖαν
3494 1495 3635 1565 αὐτῷ
3680 1497 3760 1553 καὶ

2204 1584 2587 1655 ἀπαραίτητον
2613 1587 2712 1657 τὴν
2741 1584 2915 1658 ὀργὴν
2947 1586 3149 1656 ἐπάγει
3170 1600 3186 1617 ⁸
3224 1587 3288 1640 τδ
3319 1588 3429 1660 γὰρ
3460 1581 3594 1658 αἷμα
3615 1586 3758 1641 αὑτοῦ

2206 1677 2273 1729 ὲκ
2318 1676 2427 1729 τῶν
2480 1677 2685 1749 χειρῶν
2721 1678 2889 1730 αὑτοῦ
2945 1677 3337 1750 ὲκζητήσεται,
3371 1679 3548 1743 καθὼς
3580 1680 3759 1748 γέγρα-

2206 1783 2364 1821 πται.
2390 1768 2501 1821 Καὶ
2524 1770 2619 1821 τὸν
2652 1768 2899 1837 ὑπήκοον
2928 1767 3101 1832 οὕτως
3135 1768 3669 1839 παρασκευάζεσθαι,
3696 1769 3760 1833 ὡς

2208 1859 2347 1930 πρὸς
2389 1861 2554 1932 μηδὲν
2604 1861 2910 1930 ἐπίταγμα,
2968 1860 3105 1931 μηδὲ
3157 1860 3219 1915 τὸ
3260 1860 3635 1931 χαλεπώτατον
3667 1859 3760 1912 ἀπ·

2213 1956 2415 2018 οκνεϊν,
2473 1954 2847 2024 πεπεισμένος
2905 1955 2991 2009 ὅτι
3039 1955 3069 2008 ὑ
3111 1953 3308 2025 μισθὸς
3364 1952 3528 2016 πολὺς
3580 1955 3632 2006 ὲν
3666 1952 3761 2015 τοῖς

2215 2045 2276 2098 οὑ
2286 2046 2493 2114 ρανυῖς.

2284 2135 2392 2190 Τὸν
2447 2134 2549 2206 μὲν
2599 2135 2951 2192 ὑπακούοντα
3001 2135 3391 2209 εύφραινέσθω
3434 2137 3468 2209 ἠ
3506 2134 3648 2197 ἐλπίς
3677 2134 3758 2205 τῆς

2216 2227 2382 2298 ζωῆς.
2423 2227 2513 2281 ἵνα
2542 2227 2693 2302 πάσῃ
2715 2229 2864 2300 χαρᾷ
2888 2230 2986 2284 καὶ
3017 2229 3270 2302 ὑπομονῇ
3305 2229 3368 2284 τὸ
3396 2228 3553 2301 ἔργον
3583 2225 3758 2299 Κυρίου

2216 2318 2468 2387 γένηται.
2556 2308 2565 2313 ’
3318 2320 3321 2325 ’

2286 2412 2674 2484 Διαμάρτυραι
2714 2409 2792 2482 τῷ
2825 2410 2945 2483 λαῷ
2984 2410 3184 2482 τούτῳ,
3225 2410 3399 2483 φησὶν
3425 2411 3454 2465 ὁ
3482 2407 3755 2483 προφήτης,

2215 2504 2320 2558 κᾶν
2352 2504 2429 2573 μὴ
2463 2501 2797 2568 ἀκούσωσιν,
2830 2501 2999 2566 αύτδς
3028 2502 3330 2568 ἀνεύθυνος
3358 2502 3477 2576 ισῃ.

2288 2588 2440 2648 Φιλεϊ
2462 2592 2696 2664 τάχιστα
2720 2593 2823 2663 τῆς
2847 2593 2943 2649 τοῦ
2965 2592 3315 2664 προεστῶτος
3337 2595 3532 2658 κακίας
3552 2590 3760 2662 ἀναπίμ-

2217 2686 2458 2740 πλασθαι
2504 2686 2568 2739 τὸ
2619 2685 2885 2756 ὑπήκοον,
2942 2688 3038 2740 καὶ
3082 2686 3270 2758 πολλῷ
3314 2703 3381 2757 γε
3435 2687 3561 2758 ῥᾷον
3606 2684 3636 2756 ἢ
3679 2680 3759 2736 τοῦ

2218 2780 2470 2835 ἐναντίου
2492 2780 2593 2851 τῆς
2615 2778 2839 2849 ἀρετῆς.
2876 2780 3199 2850 Εὐζήλωτον
3231 2778 3344 2851 γάρ
3371 2795 3423 2833 τι
3453 2777 3542 2833 καὶ
3567 2776 3757 2848 πρόχει·

2220 2889 2316 2942 ρον
2349 2873 2587 2944 πρᾶγμα
2615 2872 2651 2943 ἠ
2672 2870 2993 2943 «μοχθηρία,
3015 2871 3112 2925 καὶ
3131 2870 3291 2926 οὐδὲν
3323 2870 3465 2925 οὕτω
3495 2869 3680 2942 ῥᾴδιον,
3697 2867 3758 2929 ὡς

2216 2964 2282 3019 τδ
2330 2964 2589 3033 γενέσθαι
2644 2962 2837 3030 κακὸν,
2885 2961 2982 3015 καὶ
3016 2963 3067 3015 εί
3117 2962 3195 3034 μὴ
3240 2962 3384 3036 τύχῃ
3414 2963 3546 3035 πρὸς
3584 2958 3759 3029 ταύτην

2221 3055 2368 3125 ἡμᾶς
2391 3052 2542 3122 ἄγων
2568 3052 2781 3123 μηδείς.

2290 3142 2398 3198 Τὸν
2425 3145 2485 3198 ἐν
2511 3143 2683 3214 κακίᾳ
2708 3141 3075 3213 περίϐλεπτον
3104 3140 3342 3206 πολλοὺς
3372 3140 3453 3205 είς
3482 3137 3569 3193 τιν
3601 3137 3758 3206 ὅμοιον

543 3230 670 3292 mile
701 3237 826 3294 vitae
860 3256 1033 3309 genus
1064 3244 1314 3307 attrahit,
1345 3258 1538 3299 eorum
1602 3248 1841 3303 maxime
1914 3246 2008 3317 qui
2034 3248 2116 3302 lu-

2225 3238 2343 3309 βίον
2374 3238 2486 3294 τῶν
2508 3236 2880 3310 εὐολισθήτων
2912 3236 3229 3307 ὑφέλκεται.

540 3328 678 3384 brici
713 3342 763 3386 et
785 3332 1155 3391 inconstantes
1179 3345 1328 3392 sunt.

626 3421 689 3477 S.
714 3421 990 3494 Chrysort.
1026 3425 1252 3483 Rectum
1286 3445 1394 3486 non
1428 3438 1513 3488 est
1549 3439 1608 3488 ut
1630 3430 1717 3487 leo
1752 3438 1940 3502 pascat
1966 3444 2120 3491 oves:

544 3526 646 3568 nec
693 3522 869 3571 tutum
915 3526 1002 3574 est
1032 3528 1092 3577 ut
1121 3523 1214 3593 qui
1241 3523 1423 3579 adhuc
1446 3524 1948 3595 perturbationibus
1969 3522 2124 3579 duci-

547 3608 658 3667 tur,
694 3604 761 3662 iis
790 3607 975 3677 prazsit
1003 3611 1094 3680 qui
1130 3611 1323 3669 iisdem
1355 3624 1663 3670 moventur.

618 3697 806 3770 Capite
832 3702 978 3758 enim
1007 3704 1149 3761 male
1172 3704 1394 3773 ati‘ecto,
1426 3722 1631 3777 corpus
1662 3708 1828 3763 etiam
1854 3707 2123 3776 reliquum

547 3788 976 3849 imbecillitatem
1013 3796 1343 3867 participare
1374 3814 1597 3855 necesse
1618 3806 1725 3855 est.

621 3880 912 3939 Maximam
956 3884 1114 3941 aiIert
1146 3888 1410 3957 subjectis
1435 3890 1732 3945 utilitatem
1761 3889 1999 3960 praefecti
2043 3907 2129 3948 re-

550 3976 818 4030 verentia.

630 4059 753 4116 Vita
781 4063 1163 4133 praefectorum
1184 4067 1385 4135 gravis,
1419 4068 1651 4136 talisque
1681 4083 1800 4138 qua:
1835 4067 2131 4137 reprehen-

556 4151 611 4206 di
645 4167 753 4208 non
787 4156 984 4225 possit,
1016 4158 1280 4224 subjectis
1314 4174 1411 4229 pro
1438 4160 1751 4215 eruditione
1777 4170 1880 4216 est.

873 4267 1108 4323 SERMO
1133 4269 1313 4325 XCVII
1344 4269 1455 4341 [ιιι.
1496 4269 1847 4344 CLXXVII

558 4355 636 4411 De
672 4357 739 4413 iis
769 4362 858 4428 qui
910 4361 971 4416 ob
1026 4362 1169 4417 cibos
1236 4364 1686 4437 o/fcndunturLet
1718 4366 1783 4420 de
1833 4380 2130 4420 mensarum

1171 4434 1497 4505 diﬂerentia.

1211 4438 1497 4490 itferentia.

630 4519 838 4578 Coloss.
874 4539 936 4579 ιι.
964 4522 1137 4578 Nemo
1154 4525 1547 4594 igiturjudicet
1586 4543 1681 4583 vos
1709 4528 1760 4583 in
1795 4527 1921 4583 cibo
1949 4535 2004 4581 et
2028 4540 2130 4597 po-

2298 3421 2413 3476 Οὐκ
2440 3420 2595 3485 eoos;
2620 3420 2813 3474 λέοντα
2843 3419 3094 3491 πρόϐατα
3116 3419 3311 3491 νέμειν
3333 3436 3348 3453 ο
3377 3416 3468 3472 καὶ
3495 3416 3587 3470 οὑκ
3613 3413 3760 3481 meo

2225 3513 2318 3580 λὶς
2342 3512 2566 3587 ἐμπαθῆ
2590 3513 2672 3566 ἔτι
2703 3512 2971 3583 ὲμπαθῶν
2994 3509 3210 3584 ιρχειν.

2293 3690 2555 3762 Κεφαλῆς
2588 3689 2698 3763 γὰρ
2730 3689 2915 3753 κακῶς
2950 3687 3340 3762 διακειμένης,
3375 3679 3763 3761 μεταλαγχάνειν

2227 3784 2447 3855 ἀνάγκη
2477 3785 2540 3839 τδ
2572 3784 2732 3854 σῶμα
2757 3783 2854 3854 τῆς
2889 3781 3204 3846 ἀσθενείας.

2296 3877 2582 3947 Μεγίστην
2632 3874 2791 3948 φέρει
2841 3875 2957 3939 τοῖς
3008 3873 3280 3946 ὑπηκόοις
3310 3869 3568 3942 ὠφέλειαν
3611 3863 3642 3934 ἠ
3682 3856 3759 3913 τοῦ

2234 3968 2583 4039 προεστῶτος
2643 3968 2924 4021 εὐλάϐεια.

2314 4063 2374 4115 Ὀ
2405 4062 2604 4127 σεμνὸς
2634 4062 2728 4114 καὶ
2762 4059 3133 4131 ἀνεπίληπτος
3161 4058 3274 4112 τῶν
3312 4050 3649 4126 προεστώτων
3667 4042 3760 4114 βίος

2233 4154 2510 4224 παίδευμα
2538 4153 2750 4219 γίνεται
2783 4154 2897 4216 τοῖς
2919 4150 3415 4221 ὑποτεταγμένοις.

2838 4263 3058 4320 ΛΟΓΟΣ
3096 4262 3210 4332 ιιΖκ

2232 4362 2372 4433 Περι
2423 4360 2543 4417 τῶν
2588 4360 2687 4415 ἐπὶ
2712 4357 3013 4433 ςβρὼμασι
3064 4352 3612 4433 σκανρ-αλιζομένων
3626 4348 3655 4412 ,⁸
3680 4341 3760 4398 και

2694 4426 2985 4499 διαφορᾶς
3029 4426 3353 4496 τραπεζῶν.

2304 4523 2398 4594 Μὴ
2429 4517 2524 4578 οῦν
2550 4539 2635 4586 τις
2666 4521 2811 4593 ὑμᾶς
2841 4520 3075 4592 κρινέτω
3104 4520 3162 4574 ὲν
3196 4518 3396 4588 βρώσει
3426 4513 3515 4567 καὶ
3541 4508 3706 4569 πόσει,
3731 4500 3759 4570 ἢ

553 4612 722 4678 tione,
754 4627 850 4671 aut
870 4617 926 4672 in
951 4628 1101 4686 parte
1122 4617 1231 4675 diei
1263 4618 1405 4688 festi,
1437 4630 1531 4674 aut
1559 4621 1846 4687 novilunii,
1875 4627 1969 4674 aut
1996 4618 2116 4674 Sal»

2238 4619 2297 4670 ἒν
2328 4616 2486 4686 μέρει
2514 4614 2709 4686 ἑορτῆς
2729 4654 2745 4679 ,
2778 4614 2812 4685 ἢ
2845 4613 3145 4684 νουμηνίας
3166 4653 3182 4678 ,
3209 4610 3245 4682 ἢ
3273 4606 3584 4667 Σαὸὁάτων,
3614 4601 3645 4653 ἆ
3666 4597 3761 4648 ἐστι

553 4703 833 4770 hatorum,
868 4722 988 4777 qum
1020 4715 1149 4766 sunt
1177 4710 1371 4767 umbra
1404 4711 1742 4776 futurorum,
1776 4724 1979 4780 corpus
2031 4724 2136 4763 au-

555 4805 666 4853 tem
687 4798 914 4855 Christi.

629 4889 662 4944 l
695 4892 816 4949 Cor.
853 4908 967 4947 vm.
999 4891 1166 4949 Cibus
1194 4909 1295 4950 nos
1331 4908 1444 4948 non
1471 4893 1821 4948 commendat
1860 4893 1969 4949 Deo
2002 4909 2139 4959 ;ncc

558 4997 668 5051 que
692 4986 837 5039 enim
884 4985 932 5041 si
969 5001 1078 5041 non
1117 4989 1373 5049 edamus.
1411 4984 1706 5043 inferiores
1760 5001 1955 5041 sumus
1982 5024 1997 5051 ,
2048 5003 2138 5040 uc-

560 5091 668 5142 qne
697 5076 741 5127 si
771 5077 1021 5142 edamus,
1053 5080 1391 5146 superiores.

636 5163 663 5215 1
702 5164 836 5219 Tim.
868 5183 939 5218 iv.
977 5166 1344 5235 Qumnmque
1381 5168 1523 5221 Deus
1552 5168 1811 5233 condidit,
1836 5175 1894 5220 ut
1922 5182 2141 5222 suman-

566 5265 654 5307 tur
686 5270 809 5308 cum
837 5259 1139 5325 gratiarum
1162 5260 1378 5312 a-:tione
1431 5273 1460 5311 a
1496 5258 1767 5321 fidelibus,
1819 5274 1882 5312 ea
1915 5269 2140 5326 tangere

566 5347 650 5400 fas
698 5356 819 5411 est;
885 5345 1153 5417 quidquid
1185 5349 1330 5404 enim
1392 5348 1537 5404 Deus
1590 5349 1856 5413 condiih't,
1912 5348 2138 5414 bonum,

567 5450 671 5490 nec
725 5436 1022 5508 quidquam
1078 5440 1432 5509 rejiciendum
1501 5450 1623 5505 est,
1685 5441 1732 5495 si
1799 5440 1963 5495 modo
2015 5456 2141 5496 cum

570 5528 871 5599 gratiarum
901 5533 1117 5586 actione
1164 5540 1414 5587 sumatur
1432 5550 1451 5592 ζ
1470 5543 1721 5588 sanctum
1741 5532 1889 5591 enim
1911 5531 2146 5592 eliicitur

569 5637 664 5690 per
698 5637 1005 5678 sermonem
1034 5622 1128 5680 Dei
1163 5636 1217 5679 ct
1249 5626 1648 5696 precationem.

639 5715 804 5786 260
836 5714 989 5771 Rom.
1020 5731 1133 5770 xlv.
1163 5720 1232 5772 At
1269 5718 1365 5788 qni
1390 5719 1673 5783 discernit,
1710 5719 1752 5773 si
1782 5716 1981 5785 ederit,
2014 5733 2144 5771 con-

569 5806 858 5864 dcmnatus
887 5816 996 5874 est,
1025 5809 1170 5879 quod
1205 5823 1311 5865 non
1355 5822 1419 5863 ex
1455 5806 1580 5863 Me.

640 5895 763 5955 Noli
801 5900 1085 5957 destruere
1128 5916 1264 5975 Opus
1319 5900 1409 5958 Dei
1440 5908 1659 5974 propter
1710 5902 1893 5959 cibum
1926 5900 2145 5957 temnia

2239 4707 2368 4762 σκιὰ
2392 4705 2503 4761 τῶν
2531 4705 2855 4776 μελλόντων.

2312 4886 2521 4958 Βρῶμα
2549 4884 2699 4956 ἡμᾶς
2726 4883 2787 4936 οὑ
2820 4881 3119 4954 παρίστησι
3146 4880 3224 4952 τῷ
3250 4877 3391 4950 Θεῷ.
3415 4874 3545 4932 Οὔτε
3569 4870 3664 4939 γὰρ
3686 4863 3759 4917 ἐὰν

2243 4980 2319 5053 μὴ
2354 4978 2642 5048 φάγωμεν.
2675 4974 3079 5046 ὑστερούμεθα,
3108 4972 3234 5027 οὒτε
3268 4974 3360 5027 ἐὰν
3391 4965 3655 5041 φάγωμενῖ
3680 4972 3758 5011 πε·

2245 5071 2637 5142 ρισσευόμεθα.

2319 5164 2386 5214 ’Λ
2429 5164 2458 5213 ὁ
2499 5161 2632 5223 Θεὸς
2678 5158 2894 5213 ἔκτισεν
2934 5158 3015 5221 είς
3065 5155 3371 5227 μετάληψιν
3409 5147 3541 5222 μετὰ
3579 5142 3762 5227 εὔχαρι⁴

2245 5255 2402 5316 στίας
2432 5255 2542 5314 τοῖς
2575 5253 2810 5317 πιστοῖς,
2840 5226 3111 5303 ἅπτεσθαι
3142 5250 3369 5301 ἑκάστου
3400 5242 3518 5313 χρή.
3549 5235 3648 5329 Πᾶν(
3671 5226 3759 5329 γεξρ

2244 5350 2454 5416 κτίσμα
2489 5346 2627 5401 Θεοῦ
2664 5345 2861 5407 καλὸν,
2899 5345 2995 5398 καὶ
3027 5343 3182 5396 οὐδὲν
3213 5338 3508 5405 ἀπόϐλητον
3539 5324 3759 5416 μετὰ-εὑ·

2244 5413 2535 5511 χαριστίας
2567 5422 3007 5509 λαμόανόμενον.
3047 5432 3362 5505 Ἀγιάζεται
3396 5427 3496 5498 γὰρ
3526 5419 3604 5474 διὰ
3630 5413 3760 5477 λόἴου

2246 5531 2386 5587 Θεοῦ
2418 5531 2517 5585 καὶ
2548 5529 2869 5596 ἐντεύξεως.

2334 5714 2394 5768 '0
2424 5711 2484 5766 δὲ
2515 5708 2934 5783 διακρινόμενος
2969 5707 3067 5766 ἐὰν
3099 5709 3250 5779 φάγῃ
3283 5694 3666 5765 κατακέκριται,
3695 5675 3759 5729 ὅτι

2248 5803 2350 5857 οὐκ
2380 5804 2445 5856 ἐκ
2476 5801 2735 5863 πίστεως.
3636 5861 3656 5865 ᾼ
3713 5850 3736 5865 ,

2320 5895 2417 5969 Μὴ
2445 5893 2635 5951 ἓνεκεν
2667 5861 2958 5967 βρώματος
2990 5889 3225 5949 κατάλυε
3254 5884 3311 5943 τδ
3340 5884 3491 5956 ἔργον
3517 5868 3599 5927 τοῦ
3627 5861 3754 5917 9M-
