4062 6446
417 416 550 480 1237

1169 418 1341 480 LOCI
1382 419 1826 481 COMMUNES.
1863 420 2148 480 -PARS
2190 423 2270 482 ll.
2315 423 2571 484 SERMO
2622 422 2887 484 XCVIII.

3540 422 3689 487 1938:

411 528 601 582 Πάντα
646 526 747 597 μὲν
780 527 995 599 καθαρά
1017 567 1033 593 ,
1069 530 1205 585 ἀλλὰ
1244 540 1414 587 κακον
1445 533 1526 604 τῷ
1565 532 1881 605 ἀνθρώπῳ,
1914 533 1980 605 τιῖ

2095 537 2308 604 quidem
2341 553 2497 607 pura,
2533 537 2626 594 sed
2654 537 2859 592 malum
2889 545 2971 593 est
3006 535 3237 600 homini,
3269 534 3359 606 qui
3384 547 3478 605 per
3501 534 3678 591 offen-

406 619 497 673 διὰ
524 620 951 691 προσκόμματος
980 623 1240 678 ἐσθίοντι.

479 710 777 780 Τράπεζαν
792 711 1021 782 ἡδίστην
1035 713 1136 767 οὐκ
1156 714 1474 786 ἐδεσμάτων
1495 714 1824 770 πολυτέλεια
1845 717 1991 770 ποιεῖ

330 838 339 843 -
413 802 610 873 μόνον,
640 802 779 857 ἀλλά
805 804 903 891 καὶἶ
932 804 967 874 ἠ
1007 803 1117 859 τῶν
1147 807 1508 878 κεκλημένων
1535 809 1739 880 ὄρεξις.

480 981 557 1036 ῦὺ
587 983 656 1053 τῇ
691 980 853 1050 φύσει
883 982 993 1038 τῶν
1020 984 1363 1058 ἐδεσμάτων,
1396 988 1538 1042 ἀλλὰ
1572 988 1670 1042 καὶ
1700 988 1772 1058 τῇ
1804 986 1988 1040 διαθέ-

409 1090 492 1126 σει
515 1074 629 1129 τῶν
656 1075 991 1147 ἐσθιομένων
1016 1080 1052 1150 ἠ
1085 1079 1412 1136 πολυτέλεια
1446 1081 1695 1153 κρίνεται
1719 1079 1833 1134 τῶν
1858 1096 1991 1151 τρα-

409 1165 613 1229 πεζῶν.

476 1258 725 1331 Λαμπρά
746 1262 999 1332 τράπεζα
1023 1264 1248 1336 εὐτελὴς
1276 1264 1555 1334 φαίνεται,
1582 1266 1713 1320 ὅταν
1741 1265 1819 1339 μὴ
1848 1266 1989 1337 μετά

408 1346 503 1401 τοῦ
543 1353 737 1421 πεινῇν
772 1353 1156 1422 προσϐάλωσιν
1188 1356 1240 1409 οῑ
1274 1356 1546 1426 παρόντες
1571 1371 1585 1385 ·
1623 1359 1722 1412 καὶ
1758 1359 1987 1429 εὐτελὴς

416 1438 578 1492 πάλιν
622 1440 927 1513 πολυτελὴς
973 1444 1282 1512 δείκνυται,
1325 1444 1457 1499 ὅταν
1497 1447 1801 1513 πεινῶντας
1847 1448 1990 1522 λάϐῃ

403 1530 532 1593 τοὺς
558 1530 909 1602 δαιτυμόνας.

482 1622 643 1694 Ψυχὴ
687 1626 820 1695 γὰρ,
857 1626 1024 1697 φησὶν
1085 1622 1329 1695 ’1ὼ6,’ἐν
1367 1628 1652 1702 πλησμονῇ
1690 1626 1849 1695 οὖσα,
1890 1649 1985 1704 κη-

404 1714 541 1783 ρίοις
568 1716 832 1785 ἐμπαίζει
852 1731 865 1745 ⁸
892 1718 1040 1789 ψυχῇ
1067 1719 1122 1773 δὲ
1150 1720 1323 1774 ἐνδεεῖ
1346 1722 1443 1776 καὶ
1467 1723 1537 1776 τὰ
1567 1723 1739 1793 πικρά
1763 1722 1979 1790 γλυκέα

398 1808 654 1875 φαίνεται
683 1825 697 1838 ·
741 1810 803 1863 οὐ
838 1813 939 1879 τῆς
983 1815 1203 1880 φύσεως
1234 1813 1346 1866 τῶν
1380 1816 1765 1884 προκειμένων
1803 1832 1981 1886 μετα·

2091 627 2335 683 diculutn
2371 630 2506 685 edit.

2161 716 2219 773 S.
2252 717 2463 774 Basilii.
2497 720 2611 798 Non
2648 722 2825 777 solum
2862 722 3112 778 ciborum
3157 721 3535 791 sumptuosus:
3565 734 3679 788 ap-

2090 819 2338 877 paratus,
2366 828 2554 868 verum
2582 815 2745 869 etiam
2775 814 3130 870 invitatorum
3184 812 3484 885 appetitus,
3524 825 3678 866 men-

2087 913 2206 955 sam
2236 902 2400 958 efﬁcit
2429 904 2914 974 iucundissimam.

2159 988 2277 1046 Non
2326 1001 2520 1050 natura
2554 995 2824 1063 ciborum,
2869 995 2966 1051 sed
3000 995 3242 1067 appetitu
3286 1003 3344 1050 et
3387 993 3673 1050 affectione

2090 1081 2367 1137 cdentium
2413 1092 2709 1155 apparatus
2733 1085 3016 1157 iudicatur
3045 1100 3386 1141 mensarum.

2161 1260 2396 1331 Opipara
2435 1278 2622 1319 mensa
2683 1270 2863 1322 tenuis
2894 1266 3127 1334 videtur,
3154 1280 3278 1322 cum
3316 1280 3429 1321 non
3460 1279 3666 1335 exspe-

2089 1364 2234 1407 ctata
2265 1355 2450 1410 esurie
2491 1356 2678 1411 cibum
2722 1370 2948 1412 sumunt
2977 1375 2992 1413 :
3026 1365 3083 1414 et
3110 1367 3300 1413 contra
3338 1358 3458 1412 vilis
3520 1374 3671 1414 sunt-

2089 1454 2285 1515 ptuosa
2319 1444 2401 1514 fit,
2440 1460 2565 1502 cum
2595 1449 2904 1506 esurientes
2934 1450 3272 1508 accesserint
3301 1451 3563 1507 convivzr.

2157 1622 2355 1676 Anima
2380 1623 2550 1687 enim,
2602 1623 2681 1679 ait
2725 1622 2923 1688 Jobus,
2981 1623 3037 1678 in
3096 1638 3281 1679 rerum
3338 1622 3675 1677 abundantia

2090 1728 2333 1782 versans,
2356 1712 2493 1770 favis
2516 1715 2735 1784 illudit;
2763 1717 2960 1772 anima:
2979 1725 3161 1771 autem
3189 1716 3456 1786 indigenti
3480 1730 3666 1769 amara

2091 1807 2279 1861 dulcia
2335 1807 2590 1862 videntur
2624 1847 2641 1873 ,
2713 1824 2823 1863 non
2873 1809 3001 1878 quia
3046 1809 3423 1879 appositurum
3478 1818 3672 1863 natura

403 1899 768 1974 ϐαλλομένης,
817 1903 958 1956 ἀλλά
1001 1907 1101 1973 τῆς
1145 1904 1443 1971 διαθέσεως
1483 1907 1593 1963 τῶν
1634 1907 1980 1979 ἑστιωμένων

2097 1909 2305 1955 mutata
2333 1901 2427 1969 sit,
2460 1901 2558 1957 sed
2593 1905 2722 1973 quia
2754 1903 3167 1958 convivantium
3198 1901 3414 1959 affectio
3442 1918 3669 1959 sensum

399 1988 496 2042 κλε
507 1990 745 2061 πτούσης
773 1992 874 2060 τὴν
904 1993 1178 2063 αἴσθησιν.

472 2081 577 2135 Σὺν
610 2083 806 2153 πλήθει
843 2086 1156 2156 βρωμάτων
1187 2087 1287 2141 καὶ
1320 2088 1644 2161 περιεργείᾳ
1680 2088 1816 2161 πρὸς
1849 2089 1976 2160 ἡδο-

397 2173 498 2243 νην
533 2177 961 2244 μετασκευάζων
991 2176 1089 2231 τοῦ
1123 2179 1355 2249 ἀδελφοῦ
1393 2198 1488 2234 σου
1523 2180 1624 2252 τὴν
1656 2181 1942 2251 τράπεζαν
1964 2222 1977 2242 .

400 2268 723 2336 κατηγορεῖς
762 2268 930 2322 αὐτοῦ
973 2269 1287 2341 φιληδονίαν
1318 2312 1333 2338 ,
1374 2275 1471 2327 καὶ
1515 2276 1772 2345 καταχεῖς
1814 2274 1980 2328 αὐτοῦ

398 2360 847 2429 γαστριμαργίας
877 2361 1059 2434 ὀνείδη
1080 2404 1097 2430 ,
1127 2357 1203 2420 ὧν
1231 2363 1667 2430 κατασκευάζεις
1688 2404 1704 2431 ,
1737 2365 1979 2436 ἐλέγχων

397 2450 563 2504 αὑτοῦ
590 2452 693 2521 τὴν
723 2452 853 2521 περὶ
880 2453 1056 2508 ταῦτα
1086 2455 1447 2525 ἡδυπάθειαν.

473 2539 721 2594 Καθόλου
754 2542 817 2596 τὸ
853 2543 1137 2615 ἐπιζητεῖν
1171 2545 1371 2617 βρῶμα
1413 2549 1548 2616 παρ’
1576 2548 1801 2618 ἐντολήν
1835 2548 1981 2601 ἐστιν

399 2630 494 2683 τοῦ
528 2631 736 2703 Κυρίου
766 2635 1013 2701 εἰπόντος
1036 2653 1051 2668 ⁸
1092 2656 1111 2689 ι
1150 2638 1242 2710 Μὴ
1271 2638 1485 2709 ζητεῖτε
1515 2641 1570 2692 τί
1599 2642 1809 2711 φάγητε
1831 2678 1847 2703 ,
1881 2642 1976 2697 καί⁵

396 2722 451 2776 τί
491 2723 676 2793 πίητε,
710 2727 807 2780 καὶ
851 2727 927 2798 μὴ
967 2730 1391 2802 μετεωρίζεσθε.
1429 2732 1617 2787 Ταῦτα
1654 2734 1764 2804 γάρ
1801 2733 1980 2789 πάντα
2018 2764 2025 2769 -

398 2814 469 2868 τά
497 2814 625 2886 ἔθνη
655 2817 751 2869 τοῦ
781 2817 988 2889 κόσμου
1018 2820 1334 2892 ἐπιζητεῖ.)

1001 2955 1224 3010 ΛΟΓΟΣ
1256 2957 1376 3024 ur.

458 3066 591 3136 Περὶ
622 3067 729 3122 τοῦ
755 3066 843 3138 μὴ
873 3068 1304 3131 σκανδαλίζειν
1325 3068 1479 3140 μήτε
1509 3072 1739 3140 κρίνειν
1766 3074 1920 3129 τινά.

475 3176 622 3230 Ἔδει
667 3177 1045 3250 παραδοθῆναι
1073 3179 1164 3234 τὸν
1204 3181 1334 3236 Υίδν
1367 3182 1464 3235 τοῦ
1507 3182 1822 3253 ἀνθρώπου,
1860 3185 1977 3238 ἀλλ’

2088 1988 2250 2042 fallit.

2157 2079 2503 2136 Multitudine
2545 2080 2795 2136 ciborum
2846 2088 2900 2137 et
2945 2097 3353 2152 supervacanea
3401 2082 3686 2152 copia-ads

2088 2169 2419 2240 voluptatem
2454 2185 2728 2241 apparans
2753 2170 2909 2225 fratri
2934 2180 3029 2226 tuo
3057 2186 3325 2237 mensam,
3353 2173 3517 2226 tacite
3539 2186 3671 2226 eum

2086 2275 2318 2316 accusas
2351 2262 2500 2332 quod
2539 2261 2881 2332 voluptarius
2913 2263 3008 2329 sit,
3060 2270 3117 2319 et
3159 2263 3394 2318 eflundis
3441 2264 3494 2316 in
3538 2277 3683 2317 eum.

2086 2353 2395 2422 gulusitatis
2432 2356 2658 2423 probra,
2703 2354 2823 2424 ipsa
2884 2354 3278 2424 praeparatione
3310 2362 3400 2409 tua
3427 2370 3526 2409 ceu
3558 2356 3655 2407 de-

2019 2442 2029 2457 ’
2088 2442 2310 2496 licatum
2342 2457 2466 2497 eum
2507 2457 2769 2515 arguens.

2161 2534 2362 2591 Matth.
2392 2551 2466 2592 vr.
2508 2534 2822 2592 Generatim
2848 2535 3038 2591 cibum
3061 2550 3307 2607 quaerere
3330 2536 3666 2592 contrarium

2086 2638 2172 2683 cst
2207 2627 2466 2684 mandato
2515 2627 2733 2683 Domini
2772 2627 3010 2684 dicentis
3055 2645 3071 2683 :
3124 2645 3145 2680 ι
3194 2627 3372 2683 Nolite
3418 2643 3667 2698 quaerere

2085 2721 2215 2791 quid
2240 2721 2437 2783 edatis,
2473 2720 2683 2792 etquid
2719 2720 2945 2786 bibatis,
2974 2730 3028 2776 et
3057 2721 3191 2791 quid
3224 2721 3467 2778 induatis
3507 2740 3521 2778 :
3552 2722 3666 2777 haec

2085 2815 2230 2870 enim
2268 2814 2452 2869 omnia
2482 2821 2671 2883 gentes
2703 2812 2893 2868 mundi
2922 2813 3229 2884 requirunt.
3269 2832 3289 2867 ι

2404 2949 2639 3006 SERMO
2676 2949 2884 3006 XCVIII
2910 2950 3009 3024 [αι.
3038 2949 3345 3022 CLXXVI].

2211 3066 2285 3120 De
2307 3082 2407 3118 non
2436 3064 2747 3136 offendendo
2783 3081 2875 3120 nec
2897 3064 3189 3136 judicando
3222 3080 3506 3136 quoquam.

2158 3176 2292 3233 Luc.
2329 3195 2466 3235 ult.
2496 3178 2796 3250 Oportebat
2834 3179 2992 3251 prodi
3027 3178 3224 3235 Filium
3269 3179 3531 3245 hominis,
3564 3182 3661 3238 sed

403 3266 527 3320 οὐαὶ
584 3266 653 3320 δι’
682 3245 765 3320 οὗ-
808 3245 1109 3340 παρεδόθη.
1169 3271 1280 3324 Καὶ
1338 3271 1410 3326 τὰ
1467 3245 1743 3327 σκάνδαλα
1797 3245 1976 3328 ἐλθεῖν

2085 3283 2159 3320 tu:
2184 3267 2257 3320 illi
2284 3282 2380 3337 per
2408 3245 2566 3337 quem
2601 3245 2853 3337 proditus
2874 3278 2959 3324 cst
2990 3285 3004 3321 :
3034 3278 3091 3325 et
3111 3268 3446 3347 offendicula
3473 3271 3660 3326 venire

402 3358 637 3431 ἀνάγκη,
671 3360 786 3412 ἀλλ’
810 3361 934 3414 οὐαὶ
962 3361 1029 3414 δι’
1053 3356 1115 3416 οὗ
1145 3361 1386 3433 ἔρχεται.

478 3450 780 3522 Συνέφερεν
809 3451 979 3521 αὐτῷ,
1012 3454 1060 3506 εί
1095 3452 1258 3520 μύλος
1288 3454 1469 3518 ὀνικὸς
1498 3456 1816 3524 περιέκειτο
1847 3458 1979 3524 περὶ

399 3544 495 3598 τδν
529 3545 801 3616 τράχηλον
835 3546 1001 3599 αὐτοῦ
1023 3588 1039 3613 ,
1079 3549 1175 3601 καὶ
1210 3547 1449 3621 ἔρριπτο,
1474 3550 1555 3613 είς
1592 3550 1870 3605 θάλασσαν
1893 3591 1907 3617 ,
1942 3554 1974 3623 ἢ

401 3637 486 3688 ὃτι
516 3635 905 3691 ὲσκανδάλισεν
931 3638 1030 3691 ἕνα
1059 3637 1169 3691 τῶν
1202 3640 1417 3709 μικρῶν
1443 3639 1672 3694 τούτων.

476 3730 595 3784 ’Ἱνα
637 3729 695 3782 δὲ
749 3732 825 3800 μὴ
874 3730 1319 3802 σκανδαλίσωμεν
1364 3733 1592 3800 αὐτοὺς,
1644 3733 1772 3803 βάλε
1819 3733 1979 3804 ἄγκι-

403 3840 563 3890 στρον
597 3824 678 3886 είς
711 3823 811 3892 τὴν
846 3821 1144 3885 θάλασσαν,
1183 3823 1281 3876 καὶ
1313 3824 1405 3876 τὸν
1439 3824 1722 3878 ἀναϐάντα
1756 3825 1978 3894 πρῶτον

406 3915 560 3986 ἰχθὺν
587 3911 740 3985 ἆρον,
769 3915 866 3970 καὶ
893 3915 1148 3985 εὑρήσεις
1179 3915 1238 3967 ἐν
1266 3914 1344 3984 τῷ
1376 3915 1605 3986 στόματι
1635 3915 1806 3970 αὐτοῦ
1842 3904 1972 3969 στα-

401 4010 567 4079 τῆρα,
594 4008 783 4061 τοῦτον
811 4007 899 4072 δὸς
929 4008 1113 4070 αὐτοῖς
1141 4008 1284 4078 ὑπὲρ
1315 4008 1448 4078 ἐμοῦ
1484 4009 1579 4062 καὶ
1612 4008 1731 4062 σοῦ.

478 4100 538 4151 Εί
577 4100 665 4153 διὰ
707 4098 904 4169 βρῶμα
944 4099 973 4151 ὁ
1012 4098 1242 4167 ἀδελφός
1286 4116 1381 4151 σου
1422 4100 1713 4165 λυπεῖται,
1755 4100 1857 4152 οὐκ
1894 4099 1976 4155 ἐτι

402 4187 542 4239 κατὰ
576 4188 797 4257 ἀγάπην
831 4190 1179 4258 περιπατεῖς.
1213 4185 1327 4241 Kal
1357 4189 1485 4255 μετ’
1512 4188 1723 4256 ὀλίγον
1744 4203 1757 4216 ⁸
1796 4188 1975 4241 Καλὸν

401 4279 464 4331 τὸ
502 4280 579 4350 μὴ
621 4281 816 4348 φαγεῖν
856 4281 1031 4350 κρέα,
1074 4280 1211 4350 μηδὲ
1251 4281 1398 4332 πιεῖν
1438 4273 1611 4344 οἶνον,
1654 4279 1793 4349 μηδέ
1835 4280 1892 4331 ἐν
1931 4273 1976 4347 ᾧ

401 4374 430 4426 ό
479 4372 709 4442 ἀδελφός
764 4387 861 4425 σου
917 4374 1287 4442 προσκόπτει,
1338 4370 1372 4442 ἢ
1427 4370 1886 4440 σκανδαλίζεται,
1938 4370 1973 4440 ἢ

403 4463 639 4520 ἀσθενεῖ.

2082 3372 2305 3413 necesse
2335 3368 2440 3424 est,
2469 3359 2564 3416 sed
2597 3375 2677 3415 vae
2709 3360 2783 3415 illi
2808 3375 2911 3431 per
2933 3376 3094 3431 quem
3130 3360 3374 3417 veniunt.

2157 3448 2357 3505 Malm.
2388 3467 2543 3506 svnt.
2586 3450 2785 3507 Utilius
2814 3462 2959 3508 esset
2989 3459 3050 3508 ut
3084 3452 3229 3510 mola
3258 3453 3494 3509 asinaria
3523 3453 3662 3511 collo

2077 3540 2194 3607 ejus
2223 3542 2673 3609 circumdaretur,
2709 3552 2764 3600 et
2818 3545 2934 3615 ipse
2978 3546 3031 3599 in
3089 3561 3240 3601 mare
3269 3547 3654 3617 projiceretur,

2079 3646 2241 3700 quant
2296 3640 2354 3687 ut
2381 3649 2546 3688 unum
2577 3649 2642 3689 ex
2678 3635 2799 3689 istis
2826 3635 3009 3703 parvis
3039 3635 3303 3691 offendat.
3477 3702 3489 3708 ,

2151 3722 2222 3780 Ut
2267 3734 2455 3791 autem
2488 3740 2583 3781 eos
2624 3741 2691 3780 ne
2736 3725 3101 3790 ofiendamus,
3152 3728 3277 3797 jace
3325 3729 3550 3784 hamum
3600 3730 3656 3785 in

2079 3832 2249 3884 mare,
2279 3831 2333 3873 et
2362 3834 2488 3874 eum
2517 3820 2611 3890 qui
2647 3821 2854 3888 primus
2897 3820 3206 3875 ascenderit
3248 3821 3455 3890 piscem
3501 3821 3656 3888 tolle,

2077 3921 2132 3963 et
2177 3910 2232 3964 in
2263 3926 2360 3965 ore
2390 3909 2512 3980 ejus
2556 3911 2807 3966 invenies
2857 3919 3141 3978 staterem,
3175 3927 3339 3982 quem
3379 3912 3492 3968 illis
3527 3912 3657 3968 dato

2078 4017 2178 4071 pro
2204 4018 2289 4057 tne
2316 4011 2368 4057 et
2402 4017 2502 4069 pro
2533 4009 2607 4056 te.

2147 4094 2302 4153 Rom.
2334 4110 2443 4150 xw.
2480 4093 2535 4148 Si
2562 4095 2984 4165 proptertibutn
3010 4096 3180 4151 frater
3208 4104 3338 4152 tuus
3357 4097 3524 4163 dolet,
3550 4112 3655 4152 non

2075 4205 2141 4244 ex
2177 4189 2442 4243 charitatc
2472 4188 2524 4242 id
2549 4188 2687 4257 agis.
2721 4188 2789 4243 Et
2816 4189 2974 4257 paulo
3001 4199 3118 4258 post
3149 4206 3165 4244 :
3194 4188 3404 4246 Bonum
3438 4201 3524 4245 est
3550 4206 3656 4244 non

2074 4282 2241 4335 edere
2268 4293 2482 4342 carnes,
2510 4289 2561 4333 et
2588 4281 2772 4335 viuum
2818 4294 2925 4336 non
2961 4282 3167 4346 bibere,
3215 4298 3315 4337 nec
3358 4284 3656 4352 quidquam

2076 4387 2186 4440 quo
2221 4369 2391 4424 frater
2416 4378 2543 4423 tuus
2572 4372 2859 4442 impingat,
2891 4378 2983 4424 aut
3028 4370 3357 4438 offendatur,
3383 4381 3477 4426 aut
3503 4372 3655 4426 infir-

2077 4469 2277 4515 metur.

489 4557 644 4613 Ἀλλὰ
678 4555 837 4611 τοῦτο
874 4554 1099 4627 κρίνατε
1139 4556 1378 4626 μᾶλλον,
1411 4554 1473 4607 τὺ
1510 4553 1587 4625 μὴ
1621 4554 1972 4626 προστιθέναι

2149 4552 2255 4607 Sed
2290 4551 2425 4606 illud
2451 4550 2696 4623 iudicate
2722 4552 2898 4623 magis
2922 4570 2990 4609 ne
3012 4556 3143 4624 quid
3166 4555 3525 4612 comtnittatis
3546 4572 3657 4628 quo

405 4652 740 4721 πρόσκομμα
768 4648 847 4720 τῷ
876 4648 1089 4719 ἀδελφῷ
1117 4651 1195 4712 είς
1227 4648 1546 4703 σκάνδαλον.

475 4743 660 4806 Οὓτως
705 4743 763 4795 δὲ
807 4739 1214 4811 ἁμαρτάνοντες
1259 4740 1339 4803 εἰς
1378 4739 1504 4800 τοὺς
1546 4736 1833 4807 ἀδελφοὺς,
1881 4738 1977 4790 καὶ

401 4837 699 4898 τύπτοντες
742 4834 924 4889 αὐτῶν
970 4833 1071 4904 τὴν
1120 4830 1842 4907 συνείδησινὶάσθενοῦσαν,
1898 4834 1975 4894 εἰς

404 4929 640 4997 Χριστὸν
671 4926 1040 4996 ἁμαρτάνετε.
1872 4995 1877 4999 ς

486 5016 852 5087 Ἀπρόσκοποι
880 5013 1118 5083 γίνεσθε,
1146 5016 1240 5068 καὶ
1272 5013 1575 5078 Ἰουδαίοις,
1605 5012 1701 5065 καὶ⁵
1724 5011 1972 5083 Ἕλλησι,

405 5112 501 5162 καὶ
530 5112 597 5179 τῇ
631 5108 931 5178 Ἐκκλησία
958 5106 1052 5160 τοῦ
1087 5107 1244 5160 Θεοῦ.

477 5198 569 5269 Μὴ
602 5197 708 5268 πρὸ
738 5197 931 5267 καιροῦ
960 5213 1014 5248 τι
1045 5197 1263 5264 κρίνετε
1291 5195 1395 5257 ἓως
1424 5194 1494 5257 ἂν
1522 5191 1653 5264 ἔλθῃ
1679 5194 1707 5246 ὁ
1737 5192 1939 5263 Κύριος
1959 5232 1972 5255 ,

401 5291 460 5353 ὃς
489 5292 582 5341 καὶ
608 5288 834 5356 φωτίσει
863 5288 930 5340 τά
962 5290 1177 5356 κρυπτὰ
1204 5286 1297 5340 τνῦ
1329 5287 1576 5349 σκότους,
1608 5285 1706 5338 καὶ
1733 5283 1977 5354 φανερῶ-

405 5401 486 5437 σει
514 5383 610 5444 τὰς
638 5382 832 5451 βουλὰς
858 5380 967 5432 τῶν
993 5379 1255 5449 καρδιῶν.
1282 5379 1421 5434 Τάδε
1447 5378 1541 5431 τοῦ
1565 5378 1703 5432 Θεοῦ
1732 5378 1976 5448 κρίματα

402 5474 641 5527 ἐκδικεῖν
667 5472 1040 5540 ἀπαραίτητος
1067 5471 1280 5540 ἀνάγκη
1303 5507 1317 5533 ,
1346 5469 1437 5523 ἵνα
1464 5471 1540 5540 μὴ
1567 5468 1852 5540 ἀπολαύσῃ
1878 5471 1975 5539 τῆς

403 5568 571 5638 ὀργῆς
600 5565 693 5618 τοῦ
721 5563 861 5619 θεοῦ
886 5566 914 5615 ὁ
938 5561 1325 5631 ἐφησυχάζων.

474 5746 569 5813 Μὴ
611 5743 778 5813 ταχὺς
821 5738 955 5798 εἶναι
1003 5742 1083 5805 είς
1124 5740 1302 5811 κρίσιν
1340 5738 1442 5793 ὑπὸ
1486 5740 1584 5810 τῆς
1626 5741 1852 5812 Γραφῆς
1896 5760 1975 5793 τε·

401 5840 753 5911 νουθέτημαι.

2078 4649 2247 4702 frater
2276 4645 2603 4702 offendatur.

2153 4737 2245 4791 Sic
2269 4736 2412 4791 enim
2441 4743 2734 4804 peccantes
2758 4735 2813 4791 in
2844 4735 3063 4802 fratres,
3092 4745 3147 4793 et
3184 4737 3540 4793 verberantes
3566 4753 3661 4792 eoo

2079 4844 2200 4883 rum
2243 4828 2514 4882 infirmam
2565 4830 2999 4893 conscientiam,
3049 4831 3102 4884 in
3153 4832 3434 4884 Christum
3474 4832 3652 4897 ipsum

2078 4922 2334 4990 peccatis.

2150 5011 2309 5068 Tales
2343 5027 2437 5067 vos
2461 5018 2741 5081 prrestate,
2768 5020 2827 5065 ut
2852 5027 3027 5081 neque
3054 5011 3281 5079 Judwis,
3309 5028 3487 5083 neque
3512 5013 3661 5068 Grae-

2078 5105 2177 5169 cis,
2213 5119 2391 5173 neque
2415 5104 2615 5159 Christi
2653 5105 2907 5159 Ecclesia:
2934 5105 3266 5161 offcndieulo
3301 5106 3445 5160 sitis.

2147 5194 2329 5251 Nolite
2386 5196 2710 5266 quidquam!
2754 5205 2881 5250 ante
2933 5206 3149 5267 tempus
3181 5198 3429 5266 judicare
3483 5200 3660 5255 donec

2078 5289 2288 5343 venerit
2317 5288 2596 5353 Dominus,
2638 5288 2729 5357 qui
2751 5297 2804 5341 et
2832 5288 3125 5343 illustrabit
3157 5290 3314 5361 261
3349 5300 3402 5345 ct
3425 5291 3478 5345 in
3503 5307 3661 5356 sper-

2078 5391 2192 5434 tum
2224 5380 2463 5450 proferet
2496 5395 2618 5449 qua:
2645 5386 2770 5436 sunt
2792 5380 3009 5435 occulta
3050 5380 3104 5433 in
3137 5383 3377 5438 tenebris
3399 5422 3413 5448 ,
3447 5393 3502 5437 et
3532 5399 3654 5437 cor-

2076 5472 2230 5527 dium
2257 5471 2486 5526 consilia
2534 5469 2845 5541 patefaciet.
2894 5470 3019 5527 Ilzee
3059 5473 3156 5527 Dei
3209 5474 3419 5543 judicia
3464 5474 3654 5531 ulcisci

2077 5576 2302 5615 necesse
2335 5567 2420 5615 est
2448 5562 2695 5625 omnino,
2726 5575 2796 5615 ne
2829 5563 3141 5631 experiatur
3168 5567 3301 5618 irant
3353 5562 3445 5618 Dei
3489 5564 3655 5617 etiam

2078 5654 2166 5708 ille
2195 5655 2287 5722 qui
2321 5653 2485 5708 fuerit
2507 5654 2743 5724 quietus.

2150 5745 2421 5815 Thculugi.
2476 5745 2553 5801 Ne
2584 5749 2740 5803 velox
2771 5749 2872 5803 sint
2904 5749 2969 5805 ad
3002 5747 3384 5820 jlltIItﬂlldum,
3434 5760 3466 5799 a
3512 5743 3662 5803 δεή-

2079 5850 2236 5908 ptum
2269 5838 2583 5896 admonitus
2624 5858 2768 5897 sunt.
