4062 6406
309 417 436 483 1241
1141 424 1306 485 LOCI
1352 425 1503 486 (ΞοΜ
1513 427 1564 485 Μ
1578 425 1802 487 UNES.
1844 448 1914 458 --

2016 421 2255 485 \RSII.
2289 422 2545 483 sermo
2574 423 2634 483 c.
3372 494 3385 507 χ
3441 418 3581 480 ista

316 545 553 614 ⁴ιιὺκτης,
580 543 668 597 ὅτε
695 544 752 597 ἐν
778 541 951 612 ἀγῶνί
980 543 1121 605 ἐστι,
1151 540 1457 607 ξενοπαθεῖ.
1485 540 1716 612 Ἔτερός
1745 542 1894 594 ἐστιν

2016 553 2095 593 tcc
2144 553 2253 608 unq
2551 540 2637 594 τειί
2687 538 3023 595 admiremur
3073 545 3168 591 aut
3211 548 3570 604 Stupeamus;

315 637 343 689 ὁ
372 635 472 704 τῆς
502 635 742 697 ἀνέσεως
776 633 993 705 καιρός.
1024 635 1123 688 Διά
1159 633 1390 704 θλίψεως
1424 633 1572 704 ἡμᾶς
1601 630 1893 697 τελειωθῆ-

2016 643 2129 680 nam
2165 645 2344 698 neque
2366 631 2537 699 pugil,
2569 631 2700 685 dum
2731 631 2784 685 in
2807 630 3106 686 certamine
3140 638 3245 696 est,
3280 629 3570 683 adversum

317 746 407 782 ναι
444 729 564 782 δεῖ·
603 728 652 782 εί
691 729 785 781 καὶ
828 729 904 800 μὴ
947 728 1186 796 διωγμός
1226 728 1368 793 ἐστι,
1410 725 1548 797 μηδὲ
1590 724 1797 794 θλίψεις
1833 722 1891 774 αί

2016 717 2203 785 tliquid
2239 721 2340 773 sibi
2371 720 2622 775 accidere
2661 720 2908 774 miratur.
2959 718 3075 776 Non
3134 719 3260 785 hoc,
3292 719 3387 774 sed
3420 716 3571 770 aliud

319 820 444 874 καθ’
474 820 716 892 ἑκάστην
769 821 985 892 ἡμέραν
1040 820 1173 889 ἡμῖν
1228 817 1668 888 συμπίπτουσαι.
1720 815 1783 868 Εἰ
1836 813 1894 866 δὲ

2016 816 2082 862 3st
2118 810 2468 865 recreatiouis
2502 821 2741 880 tempus.
2791 811 2890 867 llic
2924 826 3058 866 sane
3097 810 3152 866 in
3183 808 3574 865 afflictionibus

319 909 524 972 ταύτας
570 910 632 963 οὐ
681 911 943 980 φέρομεν,
996 909 1160 985 σχολῇ
1203 924 1267 973 γε
1309 906 1526 968 ὲκείνας
1570 903 1893 973 ἐνέγκαιμεν

2016 900 2267 969 perfectio
2318 901 2480 957 nobis
2535 903 2909 971 conquirenda
2959 912 3083 968 est;
3137 916 3451 972 quanquam
3494 900 3572 954 illi

316 999 404 1054 ἄν.
444 998 789 1067 ιΠειρασμδς
822 998 965 1068 ὑμᾶς
998 996 1099 1050 οὐκ
1129 994 1360 1064 εἴληφε,
1393 991 1653 1064 φησὶν,εί
1687 989 1763 1059 μὴ
1795 987 1893 1041 ἀν-

2016 1007 2166 1048 casus
2198 1008 2338 1062 quos
2372 997 2687 1064 experimur
2719 996 2984 1065 quotidie.
3013 995 3323 1065 persecutio
3347 1004 3403 1050 et
3432 993 3575 1048 affli-

320 1091 649 1163 θρώπινος.»
688 1090 994 1160 Εὑχώμεθα
1029 1089 1124 1144 οῦν
1154 1088 1232 1159 τῷ
1256 1086 1374 1157 Θεῷ
1398 1086 1474 1157 μὴ
1515 1081 1777 1137 εἰσελθεῖν
1812 1081 1891 1143 εἰς

2016 1083 2117 1136 etio
2164 1083 2273 1136 dici
2324 1097 2432 1136 non
2484 1082 2739 1140 debeant.
2786 1083 2939 1149 Q-tod
3000 1084 3044 1138 si
3076 1094 3256 1138 tamen
3309 1084 3411 1140 hos
3461 1098 3573 1138 non

319 1184 628 1257 πειρασμόν
652 1199 665 1215 ο
698 1182 1034 1244 εἰσελθόντες
1060 1182 1120 1236 δὲ
1149 1181 1409 1250 φέρωμεν
1439 1173 1727 1245 γενναίως.

2016 1169 2262 1237 ferimus,
2320 1174 2407 1227 vix
2459 1174 2582 1228 illas
2641 1173 2903 1230 feremus.
2962 1192 2980 1226 ι
3011 1175 3264 1230 Tentatio
3314 1191 3410 1231 vos
3463 1188 3572 1231 non

320 1276 705 1349 apprehendit,
740 1275 938 1344 inquit,
973 1274 1076 1330 nisi
1115 1258 1369 1329 humana.
1409 1289 1429 1323 ι
1466 1270 1764 1325 Precemur
1790 1263 1957 1335 igitur
1983 1280 2014 1319 ε
2047 1266 2155 1321 Deo
2188 1266 2246 1321 in
2310 1269 2668 1324 tentationem
2748 1287 2817 1326 ne
2897 1273 3234 1338 incidamus;
3288 1271 3370 1327 sin
3435 1270 3580 1327 inci-

319 1371 586 1435 derimus,
625 1367 845 1422 fortiter
875 1365 1140 1422 feramus.

392 1460 455 1513 ΟΞ
485 1458 555 1511 τὰ
589 1456 811 1527 μαλακά
845 1454 1140 1524 φοροῦντες
1175 1453 1233 1505 ἓν
1263 1451 1376 1513 τοῖς,
1411 1448 1583 1511 οίκοις
1610 1445 1723 1503 τῶν
1752 1445 1903 1516 βασι-

2090 1443 2194 1511 Qui
2243 1445 2392 1500 molli
2428 1446 2629 1504 vestitu
2665 1454 2917 1515 utuntur,
2948 1450 3002 1505 in
3039 1449 3179 1506 aulis
3209 1465 3397 1520 regum
3450 1464 3576 1505 ver-

318 1549 460 1603 λέων
491 1547 629 1601 είσίν
654 1563 666 1579 ·
703 1547 754 1600 οί
793 1546 852 1599 δι
884 1547 954 1599 τὰ
995 1547 1070 1615 μὴ
1108 1542 1439 1608 τοιαῦτα,ὲν
1469 1542 1583 1604 τοῖς
1625 1538 1902 1610 οὐρανοῖς.

2016 1547 2231 1606 santur;
2273 1539 2368 1609 qui
2394 1555 2524 1595 vero
2570 1556 2680 1596 non
2734 1542 2829 1598 tali
2880 1541 3078 1598 vestitu
3125 1551 3275 1607 sunt,
3329 1542 3384 1597 in
3420 1543 3578 1598 caelis

320 1643 398 1696 Τὸ
436 1640 546 1711 γὰρ
590 1638 834 1709 μαλακὸν
876 1637 1094 1708 ἱμάτιον
1127 1635 1225 1689 καὶ
1254 1634 1355 1704 τὴν
1388 1619 1675 1702 αὖστηράν
1718 1628 1904 1683 ἐκλύει

2016 1641 2154 1683 sunt.
2238 1628 2371 1684 Nam
2430 1631 2612 1687 mollis
2673 1633 2905 1690 vestitus
2964 1634 3075 1702 νει,
3110 1642 3390 1688 austerum
3457 1634 3582 1687 ani-

319 1732 539 1802 ψυχὴν,
571 1730 767 1800 διακλᾷ
789 1768 804 1793 ,
834 1728 1049 1797 διαχεῖ·
1084 1726 1191 1779 κᾶν
1222 1726 1397 1796 τραχὺ
1433 1722 1576 1793 λάϐῃ
1610 1721 1770 1790 σῶμα
1808 1720 1906 1774 καὶ

2016 1734 2153 1773 tuum
2205 1721 2526 1778 solutiorem
2574 1721 2755 1789 facit,
2811 1723 3033 1793 frangit,
3083 1725 3370 1793 diffundit;
3422 1735 3481 1781 et
3529 1727 3577 1781 si

323 1822 600 1894 σκληρὸν,
640 1821 849 1891 ταχέως
887 1818 978 1872 διά
1015 1817 1117 1888 τῆς
1155 1815 1617 1888 τρυφεραγωγίας
1660 1811 1907 1883 μαλακὸν

2016 1824 2212 1879 corpus
2237 1827 2493 1882 asperum
2527 1823 2583 1871 et
2631 1814 2831 1871 durum
2885 1821 3265 1884 nanciscatur,
3317 1819 3583 1873 continuo

328 1918 477 1970 ποιεῖ
504 1917 596 1969 καὶ
621 1914 868 1976 ἀσθενές.
905 1912 996 1978 Ἐξ
1021 1909 1083 1963 οῦ
1111 1911 1205 1963 καί
1231 1909 1287 1962 αἱ
1314 1908 1409 1960 ἐπὶ
1436 1905 1547 1961 τῶν
1571 1905 1758 1976 ἀγρῶν
1783 1919 1905 1973 τρε·

2016 1898 2214 1957 leliciis
2240 1903 2449 1959 emollit
2487 1913 2539 1959 ct
2580 1905 2855 1963 infirmius
2899 1906 3102 1963 reddit.
3150 1907 3230 1963 Ex
3263 1922 3373 1977 quo
3430 1906 3489 1961 fit
3520 1915 3581 1960 ut

329 2009 566 2077 ιρόμεναι
592 2006 849 2073 γυναῖκες
876 2001 984 2054 τῶν
1009 2000 1250 2057 ἀστικῶν
1277 1997 1484 2069 ἀνδρῶν
1510 1997 1650 2049 εἰσιν
1681 1994 1901 2065 ίσχυρό-

2016 1992 2268 2049 mulieres
2302 2008 2427 2064 quae
2454 1995 2568 2050 ruri
2607 1998 2818 2063 vivunt,
2851 1997 2984 2054 viris
3008 1999 3063 2054 in
3094 2001 3228 2056 urbe
3255 1999 3581 2068 degentibus

329 2113 509 2168 τεραι.
536 2094 645 2148 Τοῦ
666 2094 726 2147 δὲ
749 2098 997 2163 σώματος
1020 2089 1305 2161 γινομένου
1330 2085 1723 2159 μαλακωτέρου
1745 2085 1910 2152 ἀνάγ-

329 2206 401 2259 κη
434 2188 530 2241 καὶ
559 2188 655 2253 τὴν
684 2184 864 2255 ψυχὴν
895 2182 1289 2237 συναπολαυειν
1317 2181 1416 2249 τῆς
1444 2178 1625 2249 λύμης
1651 2193 1666 2208 ⁸
1700 2176 1768 2230 τὰ
1800 2177 1910 2246 γὰρ

330 2278 505 2334 πολλὰ
535 2279 628 2332 καὶ
663 2274 1090 2329 συνδιατίθενται
1121 2273 1289 2343 αὐτῆς
1319 2273 1374 2326 αἱ
1404 2271 1681 2342 ἐνέργειαι
1710 2269 1781 2339 τῇ
1806 2264 1905 2321 τοῦ

338 2370 591 2443 σώματος
619 2366 877 2424 διαθέσει.

403 2549 501 2613 Τίς
540 2547 635 2602 οὖν
673 2550 703 2603 ό
742 2547 843 2618 τῆς
883 2546 1083 2611 κακίας
1121 2544 1493 2616 δημιουργόςς
1532 2543 1615 2603 τίς
1653 2539 1712 2594 δὲ
1752 2537 1912 2600 ἄλλος

327 2641 446 2697 ἀλλ’
471 2641 503 2712 ἢ
537 2640 783 2712 ῥᾳθυμία
810 2640 911 2708 τῆς
939 2639 1354 2710 προαιρέσεωςς
1578 2716 1591 2723 τ

417 2732 486 2786 Ἦ
514 2731 694 2794 ἄνεσις
722 2732 820 2785 καὶ
848 2731 881 2800 ἡ
912 2727 1225 2799 ἀμεριμνία
1252 2729 1349 2782 καὶ
1379 2728 1410 2797 ἡ
1440 2726 1748 2789 ἀνάπαυσις
1778 2742 1912 2795 χαυ-

328 2821 486 2877 νοῦσι
513 2822 610 2876 καὶ
634 2820 911 2891 διαχέουσι
938 2819 1040 2888 τὴν
1064 2817 1247 2889 ψυχήν
1265 2834 1280 2850 ο
1317 2818 1366 2871 οί
1392 2816 1450 2870 δὶ
1481 2813 1784 2885 πειρασμοὶ
1813 2830 1911 2867 συ⁶

333 2916 656 2985 σφίγγουσιν
679 2911 850 2982 αὐτὴν
876 2911 971 2966 καὶ
1003 2910 1217 2964 ἑνοῦσιν
1243 2908 1416 2979 αὐτὴν
1442 2907 1518 2979 τῷ
1549 2907 1691 2979 Θεῷ,
1719 2906 1796 2971 ὡς
1824 2906 1911 2960 λέ-

329 3023 423 3074 γει
463 3009 491 3060 ό
532 3004 864 3076 Προφήτηςο
912 3020 933 3056 ι
981 3001 1188 3074 Κύριε,
1224 3003 1281 3056 ὲν
1324 3001 1502 3070 θλίψει
1544 2997 1902 3070 ἐμνήσθημεν

331 3115 454 3155 σου.
490 3115 512 3150 ι
716 3152 723 3157 ,

414 3185 544 3238 Ἐὰν
569 3182 683 3255 ἴδῃς
711 3182 903 3236 ἑαυτὸν
928 3183 985 3236 εν
1010 3181 1187 3253 καιρῷ
1213 3181 1634 3252 ἀναπαυόμενον
1662 3181 1771 3236 ἀπὸ
1798 3180 1913 3235 τῶν

327 3276 548 3338 παθῶν,
581 3276 656 3346 μὴ
683 3272 983 3347 πιστεύσῃς
1012 3272 1250 3343 σεαυτῷ,
1275 3272 1411 3327 διότι
1439 3272 1751 3327 στέλλουσιν
1777 3274 1906 3326 ἑαυ-

324 3370 460 3432 τοὺς
499 3367 550 3420 οί
589 3364 772 3437 ἐχθροὶ
812 3364 947 3435 πρὸς
987 3364 1179 3434 καιρίιν
1216 3366 1275 3417 ἑν
1319 3362 1667 3435 πανουργίᾳο
1710 3362 1842 3425 ἴσως
1882 3363 1912 3416 ό
1939 3349 1980 3406 (ἶ

329 3460 625 3531 ἄνθρωπος
655 3457 916 3512 ἀπολύσει
948 3457 1046 3527 τὴν
1076 3457 1304 3524 καρδίαν
1335 3456 1525 3521 αὐτοῦ,
1559 3455 1796 3527 νομίζων
1822 3457 1910 3510 ὅτι

326 3548 618 3620 ἁνεπαῦθη
638 3565 651 3582 ο
692 3550 790 3604 καὶ
822 3547 981 3616 ﬁgam
1016 3547 1437 3618 εἰσπηδήσουσιν
1474 3546 1566 3599 ἐπὶ
1595 3546 1697 3617 τὴν
1725 3547 1913 3601 ταλαί·

339 3660 528 3709 πωρον
553 3641 754 3713 ψυχὴν,
784 3644 878 3695 καὶ
909 3641 1177 3697 πάσουσιν
1207 3639 1377 3707 αὐτὴν
1406 3641 1481 3703 ὡς
1511 3639 1815 3711 στρουθίον.

408 3736 532 3797 Τοῖς
573 3732 671 3804 μὲν
704 3735 990 3802 κοσμικοίς
1025 3734 1073 3785 σί
1105 3732 1357 3801 δαίμονες
1388 3733 1477 3786 διὰ
1508 3732 1618 3785 τῶν
1649 3732 1915 3803 πραγμά-

332 3843 447 3882 των
486 3825 688 3896 μᾶλλον
721 3822 1059 3888 παλαίουσι,
1095 3824 1208 3887 τοῖς
1240 3822 1296 3876 δὲ
1334 3825 1589 3893 μοναχοῖς
1622 3824 1698 3886 ὡς
1731 3824 1825 3876 ἐπὶ
1854 3822 1916 3874 τὺ

336 3915 589 3970 ’πλεῖστον
615 3914 700 3967 διὰ
722 3913 833 3968 τῶν
857 3913 1138 3985 λογισμῶν
1164 3931 1179 3946 ο
1210 3912 1553 3984 πραγμάτων
1577 3913 1683 3983 γὰρ
1707 3912 1794 3967 διὰ
1817 3912 1917 3984 τὴν

333 4004 575 4076 ἑρημίαν
609 4005 951 4075 ἐστέρηνται.
985 4003 1095 4056 Kal.
1125 4003 1253 4057 ὅσον
1281 4000 1647 4073 εὐκολώτερον
1673 4000 1735 4053 τὸ
1764 4000 1908 4053 κατά

333 4099 578 4151 διάνοιαν
628 4095 964 4166 ἁμαρτάνειν
1011 4093 1107 4148 τοῦ
1162 4094 1284 4148 κατ’
1316 4093 1640 4164 ἐνέργειαν,
1692 4090 1918 4144 τοσοῦτο

334 4184 720 4257 χαλεπώτερος
756 4184 785 4236 ό
824 4183 968 4237 κατά
1003 4182 1247 4239 διάνοιαν
1280 4182 1517 4252 πόλεμος
1548 4180 1644 4234 τοῦ
1684 4180 1773 4234 διὰ
1809 4179 1916 4234 τῶν

337 4274 683 4345 πραγμάτων
727 4273 1145 4343 συνισταμένου.
1191 4271 1485 4340 Εῦκίνητον
1525 4270 1635 4341 γάρ
1677 4287 1729 4323 τι
1777 4270 1918 4339 πρᾶα

335 4381 461 4437 γμα
486 4368 513 4418 ό
538 4363 659 4427 νοῦς
681 4402 694 4429 ,
722 4365 816 4417 καὶ
843 4366 979 4433 πρὸς
1005 4363 1105 4427 τὰς
1132 4378 1365 4434 ανομους
1391 4361 1687 4430 φαντασίας
1713 4359 1916 4412 δυσκά-

338 4459 555 4517 θεκτος.

947 4567 1168 4621 ΛΟΓΟΣ
1224 4568 1302 4620 P'.

2013 2087 2123 2141 sint
2149 2085 2509 2144 robustiores.
2561 2088 2726 2160 Atqui
2781 2103 3014 2160 corpore
3060 2090 3309 2145 molliore
3342 2090 3577 2155 reddito,

1984 2193 2233 2253 .necesse
2266 2188 2353 2235 est
2382 2180 2545 2234 etiam
2579 2182 2825 2236 animum
2879 2182 3027 2238 illius
3054 2180 3423 2252 corruptionis
3455 2197 3581 2237 esse

1979 2258 2357 2341 h’participem,
2398 2280 2688 2342 propterea
2717 2275 2863 2344 quod
2907 2273 3084 2344 ipsius
3132 2274 3300 2328 animi
3334 2274 3578 2328 actiones

2015 2363 2129 2419 fere
2163 2364 2230 2420 ad
2262 2365 2513 2436 corporis
2547 2366 2897 2422 aﬂ‘eetionem
2942 2382 3216 2425 consensu
3251 2376 3444 2424 mutuo
3472 2367 3582 2422 fur-

2013 2463 2255 2511 tuentur.

2084 2544 2221 2612 Quis
2276 2546 2438 2618 igitur
2483 2557 2566 2604 est
2625 2546 2743 2603 vitii
2792 2547 3033 2605 artifex?
3083 2549 3210 2621 quis
3267 2548 3408 2605 alias
3470 2550 3581 2606 erit

2014 2652 2175 2708 quam
2213 2638 2514 2694 voluntatis
2536 2639 2786 2695 desidia?

2085 2728 2360 2785 Dorothei.
2432 2730 2751 2799 Remissio,
2808 2730 3104 2799 securitas,
3162 2732 3412 2803 requies,
3467 2731 3585 2788 hac

2011 2819 2298 2875 emolliunt
2324 2828 2378 2876 et
2402 2819 2713 2876 diffundunt
2735 2821 2980 2877 animum
3003 2840 3019 2888 ;
3051 2823 3378 2879 tentationes
3399 2833 3591 2884 autem

2013 2912 2378 2979 consolidant,
2417 2927 2482 2968 ac
2519 2927 2647 2967 cum
2680 2912 2790 2968 Deo
2818 2913 3198 2985 coniungunt;
3229 2912 3585 2982 quemadmo-

2012 3005 2141 3060 dum
2166 3004 2434 3075 Propheta
2483 3005 2652 3062 dicit:
2684 3024 2703 3059 ι
2737 3002 2991 3073 Domine,
3020 3004 3078 3061 in
3109 3005 3420 3062 calamitate
3466 3020 3585 3064 me-

2014 3097 2277 3153 minimus
2306 3099 2406 3153 tui.
2451 3118 2470 3153 ι

2085 3188 2143 3246 Si
2174 3190 2629 3248 animadverteris
2671 3190 2909 3262 teipsum
2951 3191 3135 3262 aliquo
3183 3199 3429 3260 tempore
3464 3206 3581 3262 per-

2014 3285 2420 3341 turbationibus
2446 3285 2872 3352 solutum,-vide
2904 3299 2973 3341 ne
3022 3296 3077 3341 tu
3125 3285 3223 3341 tibi
3258 3285 3416 3349 fidas,
3455 3285 3583 3354 quia

2016 3387 2208 3448 parant
2237 3392 2301 3435 se
2338 3378 2524 3435 hostes
2554 3378 2620 3432 ad
2650 3388 2865 3448 tempus
2889 3386 3258 3447 opportunum
3296 3377 3585 3442 versutia;

2016 3468 2267 3550 fortassis
2313 3468 2481 3524 homo
2511 3468 2694 3525 soluto
2740 3468 2845 3524 erit
2897 3469 3103 3533 animo,
3155 3469 3342 3523 omnia
3398 3467 3588 3524 sedata

2014 3575 2138 3617 esse
2164 3560 2415 3625 credens,
2445 3568 2501 3615 et
2537 3569 2761 3630 repente
2794 3560 2849 3614 in
2902 3560 3159 3616 miserum
3195 3559 3442 3614 animum
3496 3560 3587 3613 ln-

2015 3652 2201 3708 silicut
2228 3652 2436 3719 hostes,
2466 3660 2522 3707 et
2572 3650 2729 3721 quasi
2766 3650 3146 3720 passerculum
3186 3649 3549 3705 devorabuut.

2087 3744 2325 3815 Evagrii.
2353 3742 2504 3801 Cum.
2529 3744 2822 3799 mundanis
2856 3743 3136 3799 daemones
3187 3759 3284 3814 per
3314 3758 3402 3801 res
3433 3743 3589 3813 ipsas

2015 3835 2191 3907 magis
2238 3836 2533 3902 luctantur,
2583 3850 2708 3891 curn
2761 3834 3046 3892 monachis
3098 3846 3281 3890 autem
3343 3834 3458 3890 fere
3492 3849 3589 3906 per

2017 3928 2291 3982 rationum
2314 3927 2711 3997 disputationes
2735 3943 2752 3994 ;
2791 3927 3026 3996 negotiis
3055 3928 3201 3981 enim
3248 3935 3300 3982 et
3329 3927 3597 3998 operibus

2018 4028 2240 4089 propter
2261 4019 2613 4075 solitudinem
2637 4019 2804 4075 soluti
2823 4028 2970 4076 sunt.
2999 4019 3068 4074 At
3088 4029 3296 4090 quanto
3319 4020 3481 4090 263
3504 4018 3594 4074 fa-

2016 4111 2178 4165 cilius
2205 4119 2289 4165 est
2333 4120 2515 4167 mente
2544 4126 2798 4181 peccare,
2853 4128 3015 4182 quam
3057 4122 3284 4169 externa
3331 4114 3594 4179 actione,

2018 4209 2170 4255 tanto
2209 4208 2295 4258 est
2323 4204 2490 4258 animi
2532 4203 2732 4258 bellum
2785 4203 3083 4271 daﬂicilius,
3137 4220 3298 4274 quam
3344 4204 3594 4275 ipsarum

2017 4306 2224 4346 rerum.
2253 4291 2346 4347 Est
2381 4293 2525 4347 enim
2555 4310 2708 4349 meus
2737 4293 2994 4364 quiddam
3029 4299 3173 4365 quod
3214 4295 3374 4350 facile
3409 4311 3594 4352 move-

2017 4392 2128 4446 tur,
2163 4392 2217 4439 et
2245 4385 2314 4439 ad
2344 4384 2655 4440 contrarias
2687 4385 2791 4457 legi
2815 4386 3136 4455 pbantasias
3166 4386 3454 4442 effrenata.

2405 4577 2640 4635 δειδιίο
2666 4578 2706 4635 c
2741 4579 2838 4651 [aL
2870 4578 3195 4654 CLxxxn].

339 4658 482 4727 Περί
512 4656 625 4726 τῆς
666 4655 1066 4728 μεταλήψεως
1115 4655 1233 4740 τῶν
1279 4657 1454 4712 θείων
1503 4655 1611 4709 τοῦ
1650 4651 1910 4722 Χριστοῦ

2016 4666 2090 4722 De
2139 4667 2543 4738 participatione
2595 4667 2891 4722 divinorum
2939 4651 3171 4724 Clu-iuit
3195 4668 3597 4739 mysteriorum.

941 4728 1310 4796 μυστηρίων.
1883 4786 1889 4797 ν

419 4822 515 4885 '0;
547 4820 615 4873 ἂν
652 4819 808 4890 ἐσθίῃ
837 4820 929 4872 τὸν
959 4818 1123 4887 ἄρτον
1168 4819 1379 4883 τοῦτον,
1414 4818 1448 4887 ἢ
1483 4817 1615 4886 πίνῃ
1658 4814 1719 4868 τὸ
1746 4815 1918 4881 ποτή-

342 4932 464 4989 ριον
488 4912 582 4967 τοῦ
632 4915 840 4983 Κυρίου
875 4910 1137 4975 ἀναξίως,
1190 4911 1372 4982 ἔνοχος
1419 4910 1575 4962 ἔσται
1604 4908 1697 4960 τοῦ
1731 4906 1924 4976 σώμα-

344 5023 439 5069 τος
467 5008 562 5059 κα)⁸
598 5004 834 5074 αἵματος
860 5003 953 5057 τοῦ
986 5006 1213 5074 Κυρίου.
1246 5002 1600 5072 Δοκιμαζέτω
1627 5001 1684 5054 δὲ
1718 4998 1928 5069 ἀνθρω-

345 5115 451 5160 sco;
492 5099 706 5163 ἑαυτὸν,
760 5098 853 5151 καὶ
890 5096 1065 5158 οὕτως
1099 5099 1164 5149 ἐκ
1198 5095 1292 5148 τοῦ
1327 5097 1495 5164 ἄρτου
1543 5095 1793 5158 ἐσθιέτω,
1833 5094 1931 5147 καὶ

344 5188 412 5238 ἐκ
437 5184 534 5237 τοῦ
565 5183 830 5254 ποτηρίου
868 5184 1093 5238 πινέτω.
1147 5184 1206 5237 ὐ
1237 5186 1345 5252 γὰρ
1380 5184 1577 5237 ἐσθίων
1605 5185 1702 5238 καὶ
1748 5184 1924 5239 πίνων

345 5276 608 5343 ἀναξίως,
644 5280 817 5344 κρίμα
843 5277 1018 5345 ἐαυτῷ
1050 5275 1221 5328 ἐσθίει
1252 5279 1345 5329 καὶ
1375 5278 1545 5340 πίνει,
1599 5277 1675 5347 μὴ
1707 5277 1916 5345 διακρί-

347 5386 456 5425 νων
480 5369 541 5419 τδ
574 5366 734 5437 σῶμα
763 5367 860 5420 τοῦ
893 5368 1129 5438 Κυρίου.

435 5457 730 5527 Ἀθετήσας
757 5473 841 5520 τις
878 5456 1043 5526 νόμον
1070 5456 1339 5519 Μωσέως.
1389 5458 1561 5529 χωρὶς
1617 5458 1923 5529 οίκτιρμῶν

347 5550 441 5607 ἐπὶ
471 5549 623 5602 δυσὶν
669 5549 705 5619 ἢ
754 5550 906 5619 τρισὶ
937 5548 1210 5619 μάρτυσιν
1238 5549 1574 5620 ἀποθνήσκει
1601 5563 1617 5579 °
1654 5552 1808 5621 πόσῳ
1840 5551 1929 5604 δο-

347 5644 495 5696 κεῖτε
516 5641 757 5712 χείρονος
791 5639 1160 5709 ἀξιωθήσεται
1187 5640 1458 5708 τιμωρίας
1488 5642 1516 5694 ό
1539 5641 1630 5693 τὸν
1658 5640 1787 5694 Υίὸν
1820 5642 1919 5696 τοῦ

348 5734 486 5788 θεοῦ
517 5735 940 5798 καταπατήσας,
971 5733 1066 5785 καὶ
1110 5732 1168 5784 τὸ
1214 5726 1353 5803 αἷμα
1382 5731 1479 5802 τῆς
1508 5731 1778 5804 διαθήκης
1812 5751 1925 5789 κοι-

348 5826 438 5882 ιον
465 5824 841 5898 ἡγησάμενος,
865 5825 923 5879 ἐν
955 5819 999 5894 ᾧ
1028 5825 1288 5896 ἡγιάσθη,
1342 5824 1433 5878 καὶ
1467 5825 1524 5877 τὸ
1563 5825 1787 5895 Πνεῦμα
1817 5827 1918 5897 τῆς

2088 4823 2118 4878 Ι
2140 4824 2336 4881 Contr.
2366 4824 2692 4894 Quicunque
2722 4840 2913 4896 panem
2947 4826 3054 4881 huc
3079 4825 3276 4893 ederit,
3324 4836 3418 4881 aut
3443 4826 3600 4882 bibe.

2023 4914 2096 4977 rit
2123 4914 2381 4984 poculum
2417 4914 2632 4970 Domini
2664 4915 2902 4985 indigne,
2928 4931 3057 4971 reus
3090 4917 3193 4970 crit
3244 4917 3491 4985 corporis
3543 4927 3598 4972 et

2027 5005 2313 5075 sanguinis
2347 5003 2558 5059 Domini
2586 5020 2602 5063 :
2631 5008 2823 5075 probet
2860 5015 3041 5060 autem
3092 5006 3273 5073 seipse
3309 5005 3496 5073 homo,
3533 5021 3599 5062 ac

2031 5097 2113 5150 sic
2147 5097 2214 5152 de
2245 5097 2336 5151 illo
2366 5112 2504 5166 pane
2528 5098 2671 5166 edat,
2699 5105 2754 5153 et
2792 5096 2859 5153 de
2890 5096 3089 5167 poculo
3117 5096 3284 5151 bibat.
3318 5096 3423 5163 Qui
3450 5097 3599 5151 enim

2029 5186 2140 5242 edit
2159 5196 2215 5240 et
2237 5187 2374 5242 bibit
2402 5188 2641 5255 indigne,
2669 5187 2936 5257 judicium
2965 5188 3068 5242 sibi
3097 5188 3211 5243 edit
3239 5199 3293 5244 et
3312 5188 3469 5257 bibit,
3489 5204 3600 5246 non

2029 5276 2332 5346 dijudicans
2363 5293 2560 5348 corpus
2593 5277 2827 5333 Domini.

2099 5455 2155 5512 Si
2182 5456 2306 5527 quis
2328 5456 2495 5526 legem
2527 5455 2694 5513 Mosis
2729 5454 3166 5527 rejecisset,sine
3195 5456 3599 5524 misericordia,

2027 5546 2241 5605 duobus
2270 5558 2365 5602 aut
2395 5548 2570 5604 tribus
2586 5549 2870 5605 convictus
2909 5549 3166 5615 testibus,
3193 5559 3369 5605 morte
3401 5548 3602 5604 adicie-

2027 5641 2457 5711 baturzquanto
2483 5643 2731 5713 graviore
2782 5641 2981 5710 dignus
3029 5643 3134 5699 erit
3181 5643 3473 5714 supplicio,
3507 5641 3605 5712 qui

2027 5734 2223 5790 Filium
2256 5734 2350 5792 Dei
2402 5735 2756 5800 conculcarit,
2816 5745 2870 5791 et
2910 5736 3231 5806 sanguinem
3290 5735 3602 5790 testamenti

2028 5843 2370 5885 communem
2396 5829 2635 5895 duxerit,
2671 5844 2768 5900 per
2798 5844 2959 5900 quem
2994 5830 3066 5887 sit
3116 5829 3231 5899 ipse
3289 5827 3599 5883 sanctifica-
