4062 6406
518 413 662 479 1243

1767 414 2013 479 ΑΝΤυΝ
2029 415 2080 475 [l
2126 415 2473 478 MELISS/E

3660 415 3807 477 12M

520 544 632 597 tus,
659 534 864 605 quique
892 535 1150 605 Spiritum
1176 537 1366 607 gratiae
1425 536 1758 591 contumelia
1814 534 2056 590 all‘eeerit
2082 534 2091 588 l

2203 537 2428 608 χάριτος
2454 539 2778 610 ἐνυϐρίσας;
2807 539 3043 611 Οἴδαμεν
3065 540 3172 610 γὰρ
3196 538 3290 592 τὸν
3313 538 3560 600 είπὸντα,
3587 553 3608 585 ‹
3633 533 3809 604 Ἰ·ἷμοὶ

516 622 782 679 Novimus
800 626 944 679 enim
968 639 1092 679 eum
1115 626 1212 696 qui
1233 626 1406 681 dixit:
1436 644 1456 677 ι
1483 625 1600 680 Mea
1619 634 1706 679 est
1721 623 1980 687 vindicta,
2002 637 2101 691 ego

520 716 843 782 retribuam,
868 717 1002 772 dicit
1033 719 1318 775 Dominus.
1349 737 1368 770 ι
1405 720 1483 773 Ac
1511 732 1704 772 rursus
1731 733 1745 771 :
1785 736 1802 768 ι
1843 716 2102 770 Dominus

509 807 790 887 judicahit
835 809 1090 880 populum
1141 827 1300 867 suum
1333 829 1347 866 :
1383 810 1629 867 terribile
1656 820 1740 867 est
1769 809 2011 864 incidere
2045 809 2100 863 in

525 912 720 954 manus
747 897 839 952 Dei
873 900 1128 957 viventis.
1169 919 1188 952 ι

594 987 653 1042 8.
677 988 892 1044 Basilii.
931 989 1210 1057 Impurum
1258 992 1696 1062 appropinquare
1746 991 1953 1048 sanctis
1983 1007 2103 1062 my-

526 1080 714 1135 steriis
762 1081 842 1134 vel
873 1097 938 1136 ex
975 1080 1156 1136 Veteri
1197 1082 1553 1137 Testamento
1603 1084 1936 1138 horremlum
1982 1098 2103 1137 esse

515 1169 782 1238 judicium
818 1173 1096 1226 docemur.
1125 1172 1280 1237 Quod
1316 1173 1362 1226 si
1397 1173 1631 1242 amplius
1651 1183 1729 1228 est
1756 1173 1845 1226 hic
1873 1172 2098 1240 templo,

520 1262 873 1330 perspicuum
925 1272 1011 1316 est
1065 1264 1239 1332 magis
1284 1265 1616 1318 horrendum
1676 1281 1821 1326 esse,
1872 1264 1924 1317 id
1957 1264 2099 1331 quod

518 1350 677 1404 docet
706 1367 805 1406 nos
835 1351 1132 1420 Apostolus
1165 1354 1354 1408 dicens
1389 1369 1404 1406 :
1455 1373 1472 1405 ι
1505 1355 1608 1419 Qui
1637 1355 1750 1409 edit
1777 1364 1828 1409 et
1860 1355 1995 1408 bibit
2020 1356 2103 1407 in-

518 1443 703 1510 digne.
734 1442 1000 1507 judicium
1029 1444 1132 1498 sibi
1159 1444 1270 1498 cdit
1301 1456 1355 1499 et
1387 1445 1548 1500 bibit.
1591 1465 1608 1496 ι

589 1531 648 1586 S.
685 1532 958 1602 Clirysost.
1011 1532 1254 1601 Tempus
1304 1537 1712 1591 communionis
1769 1552 1876 1591 non
1933 1536 2101 1590 festus

515 1623 633 1677 dies
653 1632 706 1676 et
735 1624 986 1689 celebris,
1016 1624 1108 1678 sed
1135 1627 1468 1681 conscientia
1498 1643 1653 1697 pura,
1687 1639 1740 1682 et
1774 1629 1884 1682 vita
1916 1629 2103 1683 crimio

515 1715 679 1769 nibus
709 1715 901 1769 libera.
935 1717 995 1770 Et
1029 1719 1489 1788 quemadmodum
1527 1737 1651 1776 cum
1687 1722 1781 1790 qui
1828 1723 1933 1777 sibi
1967 1722 2101 1776 nihil

515 1806 657 1860 male
695 1809 930 1872 conscit,
970 1809 1127 1862 decet
1162 1809 1410 1878 quotidie
1446 1813 1710 1866 accedere
1743 1831 1756 1866 :
1791 1814 1870 1868 sic
1898 1829 2094 1884 pecca-

2204 631 2510 700 ἐκδίκησις,
2545 631 2657 700 ἐγὼ
2699 633 3080 688 ἀνταποδώσω
3104 675 3119 698 ,
3158 650 3177 683 ι
3229 630 3379 697 λέγει
3417 630 3661 698 Κύριοςσ
3699 627 3806 679 καὶ

2204 723 2390 802 πάλιν,
2423 742 2443 774 ι
2477 725 2683 796 Κύριος
2712 725 2893 796 κρινεῖ
2920 724 3016 777 τὸν
3059 723 3190 776 λαὸν
3219 720 3388 776 αὐτοῦ
3413 738 3428 752 ·
3459 719 3704 790 φοϐερόν
3738 716 3808 771 τὸ

2205 815 2470 884 ἐμπεσεῖν
2493 819 2577 882 είς
2607 819 2794 888 χεῖρας
2824 815 2962 870 Θεοῦ
2995 816 3220 882 ζῶντος.
3257 833 3281 868 ι

2276 993 2350 1045 Τὸ
2379 993 2437 1045 ἐν
2467 991 2782 1063 ἀκαθαρσίᾳ.
2837 991 2970 1045 ὅντα
3010 991 3133 1045 τινὰ
3181 990 3424 1057 ἐγγίζειν
3452 989 3568 1052 τοῖς
3596 989 3802 1057 ἁγίοις

2209 1085 2536 1155 μυστηρίοις
2583 1088 2678 1137 καί
2727 1087 2792 1136 ἐκ
2813 1084 2910 1155 τῆς
2963 1084 3210 1145 Παλαιᾶς
3246 1082 3526 1151 Διαθήκης
3553 1081 3805 1148 φοϐερόν

2205 1177 2572 1246 διδασκόμεθα
2601 1177 2663 1230 τδ
2697 1177 2896 1268 κρίμα.
2929 1177 2994 1229 Ei
3019 1176 3077 1229 δὲ
3118 1175 3282 1228 πλέον
3321 1173 3418 1227 τοῦ
3461 1173 3611 1268 ἱεροῦ
3655 1167 3798 1268 εὗδε,

2206 1268 2587 1339 φοϐερώτερον
2626 1265 2813 1336 δῆλον,
2845 1269 2873 1320 ὅ
2906 1284 2960 1321 τι
3009 1267 3292 1319 παιδεύσει
3320 1266 3469 1336 ἡμᾶς
3496 1266 3525 1316 δ
3556 1265 3803 1319 ἀπόστο-

2204 1357 2293 1419 λος
2324 1356 2493 1410 εἰπών
2521 1375 2536 1388 ·
2575 1376 2595 1410 ι
2634 1358 2696 1412 Ὀ
2729 1357 2922 1411 ἐσθίων
2973 1357 3070 1410 καὶ
3119 1356 3293 1410 πίνων
3343 1355 3580 1419 ἀναξίως
3613 1356 3803 1424 κρίμα

2207 1447 2389 1516 ἐαυτῷ
2417 1447 2589 1500 ἐσθίει
2615 1449 2708 1501 καὶ
2741 1448 2910 1500 πίνει.
2954 1466 2973 1499 r

2274 1542 2484 1612 Καιρδς
2515 1541 2804 1604 κοινωνίας
2837 1542 2938 1610 οὐχ
2970 1539 3132 1609 ἑορτὴ
3154 1539 3248 1591 καὶ
3279 1539 3614 1606 πανήγυρις,
3651 1537 3798 1592 ἀλλὰ

2205 1633 2448 1694 συνειδὸς
2475 1633 2737 1700 καθαρὸν,
2769 1633 2865 1686 καὶ
2895 1631 3009 1698 βίος
3033 1629 3405 1698 ἐγκλημάτων
3427 1628 3802 1697 ἀπηλλαγμέ-

2202 1741 2314 1786 νος.
2350 1725 2460 1778 Καὶ
2492 1725 2746 1794 καθάπερ
2778 1725 2870 1778 τὸν
2897 1723 3050 1777 οὐδὲν
3095 1723 3275 1792 ἐαυτῷ
3331 1722 3612 1774 συνειδότα
3650 1719 3804 1785 φαῦο

2202 1817 2292 1868 λον
2319 1816 2441 1869 καθ’
2489 1817 2727 1887 ἑκάστην
2759 1815 2842 1868 δεῖ
2877 1815 3162 1885 προσιέναι
3215 1813 3315 1883 τὴν
3368 1813 3610 1884 ἡμέραν,
3643 1810 3802 1863 οὕτω

518 1898 590 1953 tis
628 1911 1091 1969 praeoccupatum,
1124 1915 1227 1954 nec
1259 1903 1575 1969 pmuitcntia
1608 1913 1898 1970 imitatum,
1935 1923 2002 1959 ne
2043 1906 2091 1959 iu

2203 1907 2295 1961 τδν
2327 1909 2386 1960 ἐν
2417 1879 2788 1978 ἁμαρτήμασι
2819 1879 3536 1978 προ-κατειλημμένονί-καὶ
3584 1906 3662 1973 μὴ
3697 1920 3803 1973 με-

515 1988 654 2044 festo
683 1990 900 2058 quidem
925 1991 1013 2044 die
1043 1999 1219 2044 tntmn
1249 2002 1332 2047 est
1359 1992 1640 2048 accedere.
1671 1993 1800 2048 Nam
1834 2005 1894 2049 ut
1923 1996 2094 2050 semel

515 2078 571 2134 in
605 2095 746 2135 anno
795 2081 922 2134 licet
975 2098 1096 2136 cum
1122 2081 1392 2152 dignitate
1429 2086 1713 2148 accedere,
1740 2101 1848 2139 non
1903 2087 2099 2141 liberat

513 2185 615 2226 nos
660 2187 690 2226 a
734 2174 976 2242 peccatis
1008 2189 1022 2227 :
1055 2174 1128 2226 ita
1159 2175 1258 2228 hoc
1295 2176 1472 2244 ipsum
1524 2179 1694 2244 magis
1727 2179 2054 2231 condemnat
2080 2219 2096 2243 ,

511 2262 656 2328 quod
693 2265 863 2317 semel
885 2275 1097 2321 tantum
1128 2266 1452 2320 accedentes
1475 2283 1540 2319 ne
1571 2278 1683 2319 tum
1714 2269 1935 2337 quidem
1965 2286 2099 2339 pure

514 2355 569 2410 id
619 2357 908 2412 faciamus.
953 2359 1321 2423 Quamobrem
1357 2375 1454 2414 vos
1501 2376 1692 2415 omnes
1740 2363 1993 2429 obsecro,
2029 2381 2098 2420 ne

511 2447 832 2516 simpliciter
863 2458 1085 2520 propter
1114 2451 1240 2504 l'esti
1271 2452 1656 2506 necessitatem
1709 2455 1917 2511 adeatis
1947 2473 1961 2510 :
2000 2458 2095 2512 sed

511 2541 559 2593 si
587 2540 808 2607 quando
841 2539 1005 2609 hujus
1058 2551 1263 2596 sanctae
1308 2544 1606 2613 participes
1653 2546 1947 2605 oblationis
1975 2567 2098 2607 esse

509 2627 715 2692 velitis,
760 2628 932 2682 multo
960 2637 1088 2683 ante
1130 2645 1228 2683 vos
1283 2630 1432 2699 ipsos
1471 2646 1704 2699 purgare
1751 2634 1960 2691 debetis
2003 2653 2098 2704 per

509 2718 908 2787 paenitentiam,
960 2713 1330 2790 precationem
1369 2735 1424 2775 et
1466 2722 1888 2795 elcemosynam,
1925 2737 1979 2782 ct
2009 2745 2092 2784 re-

511 2825 634 2864 rum
680 2809 1012 2878 spiritalium
1049 2811 1256 2875 studio,
1313 2829 1415 2868 nec
1461 2829 1657 2871 rursus
1701 2819 1904 2873 reverti
1943 2823 2097 2877 canis

509 2901 619 2956 ritu
649 2902 716 2958 ad
747 2903 1028 2974 proprium
1063 2906 1350 2962 vomitum.

578 3080 662 3135 Ad
691 3081 872 3136 divina
900 3081 1100 3139 Christi
1136 3085 1394 3155 mysteria
1456 3086 1789 3157 negligenter
1814 3092 2092 3157 accedere,

509 3171 838 3241 supplicium
871 3172 1217 3229 intolerabile
1257 3185 1500 3231 meretur
1537 3194 1550 3230 :
1581 3190 1634 3232 et
1657 3179 1702 3234 si
1733 3181 1814 3234 vel
1843 3184 2008 3235 semel
2036 3183 2087 3235 in

507 3278 653 3317 anno
699 3264 804 3318 hoc
853 3265 977 3334 quis
1049 3267 1266 3334 audeat,
1297 3267 1439 3337 ignis
1484 3271 1789 3339 spiritualis
1821 3275 1974 3343 plena
2005 3285 2088 3329 cst

509 3355 630 3424 ipsa
668 3370 883 3412 mensa.
915 3357 984 3410 Et
1009 3360 1470 3427 quemadmodum
1507 3362 1672 3434 264
1718 3365 1894 3421 fontes
1933 3377 2093 3421 natu-

509 3445 700 3501 raliter
726 3463 871 3517 aqua
899 3451 1232 3518 scaturiuut,
1260 3454 1338 3506 sic
1368 3467 1421 3508 et
1445 3456 1558 3511 haec
1598 3473 1787 3512 mensa
1815 3459 2088 3516 ﬂammam

507 3541 804 3609 quamdam
845 3542 1175 3598 ini-ﬂabilem
1229 3544 1398 3601 fovet.
1443 3547 1589 3604 Cave
1641 3550 1810 3620 igitur
1861 3557 2091 3609 accedas

507 3649 633 3688 eum
656 3634 879 3704 stipula,
908 3635 1070 3707 lignis
1096 3647 1152 3694 et
1182 3638 1352 3703 [ωηο.
1383 3655 1451 3695 ne
1475 3642 1654 3712 majus
1677 3643 1879 3702 efﬁcias
1905 3648 2092 3701 incen-

505 3727 684 3793 dium,
729 3737 785 3783 et
819 3729 1061 3784 animum
1101 3731 1195 3798 qui
1245 3731 1306 3787 lit
1352 3732 1472 3803 ejus
1521 3736 1817 3808 particeps,
1867 3757 2088 3796 exuras.

505 3817 707 3888 Regem
744 3829 1074 3888 excepturus
1100 3838 1159 3877 es
1184 3839 1282 3893 per
1303 3830 1746 3884 communionem
1771 3847 1788 3898 ;
1823 3831 1965 3899 [lege
1996 3848 2094 3886 au-

504 3917 615 3964 tem
647 3910 971 3965 inanimum
1019 3914 1278 3980 intrante,
1313 3929 1507 3987 magna
1553 3932 1676 3974 esse
1728 3921 1891 3974 debet
1939 3931 2091 3974 tran-

505 4000 770 4069 quillitas,
820 4015 1015 4072 magna
1069 4004 1250 4072 quies,
1285 4006 1395 4060 alta
1440 4022 1763 4080 summaque
1801 4013 2090 4081 eugitatio-

503 4106 635 4150 num
668 4105 794 4160 pax.

576 4179 856 4248 Migraturi
884 4179 1014 4237 hinc
1043 4183 1088 4239 si
1120 4187 1508 4256 mysteriorum
1542 4189 1742 4248 fuerint
1772 4197 2086 4269 participes,

505 4285 639 4339 pura
671 4272 1028 4337 Conscientia,
1057 4290 1183 4330 cum
1234 4287 1542 4338 extremum
1588 4286 1792 4343 edituri
1823 4301 1951 4345 sunt
1978 4295 2088 4363 spi-

505 4363 698 4424 ritum,
736 4363 1026 4431 Stipatores
1063 4366 1266 4423 habent
1323 4375 1568 4441 angelos,
1602 4379 1695 4447 qui
1753 4381 1903 4450 ipsos
1953 4399 2084 4455 pro-

505 4462 622 4520 pter
651 4452 702 4505 id
739 4454 881 4518 quod
909 4469 1283 4527 sumpserunt,
1320 4463 1448 4519 hinc
1480 4467 1784 4527 deducunt.

2201 2004 2494 2059 τανοοῦντα
2519 2047 2534 2065 ,
2569 2007 2693 2060 οὖδέ
2732 2009 2792 2059 ἐν
2842 2007 3005 2076 ἑορτῇ
3043 2005 3333 2073 προσιέναι
3390 2005 3661 2074 ἀσφαλές.
3718 2006 3798 2058 Ού

2200 2094 2310 2162 γὰρ
2331 2094 2396 2163 δὴ
2417 2095 2478 2147 τὸ
2505 2095 2652 2163 ἅπαξ
2676 2096 2768 2150 τοῦ
2799 2096 3052 2149 ἐνιαυτοῦ
3078 2097 3422 2150 ἀπαλλάττει
3451 2097 3560 2149 τῶν
3588 2097 3802 2168 ἐγκληο

2202 2183 2388 2250 μάτων
2442 2186 2626 2253 ἡμᾶς,
2678 2186 2940 2251 ἀναξίως
2984 2186 3144 2254 Ι[.ἂν
3187 2184 3379 2257 ἀξίως]
3430 2187 3796 2255 προσίωμεν·

2199 2275 2329 2327 αὐτὸ
2377 2275 2438 2345 δὴ
2469 2275 2533 2347 li.
2583 2277 2666 2348 δέ]
2694 2279 2850 2331 τοῦτο
2917 2278 3184 2346 μειζόνως
3247 2275 3638 2342 καταδικάζει,
3710 2280 3798 2332 ὃτι

2199 2366 2346 2432 ἅπαξ
2393 2375 2731 2434 προσιόντες,
2767 2371 2887 2423 οὐδὲ
2944 2373 3064 2424 τότε
3139 2370 3398 2440 καθαρῶς
3444 2371 3800 2441 προσῗωμεν.

2197 2460 2296 2513 Διά
2351 2459 2512 2513 τοῦτο
2568 2462 2873 2531 παρακαλῶ
2928 2465 3137 2525 πάντας
3169 2463 3314 2532 ὑμᾶς
3343 2463 3418 2533 μὴ
3454 2463 3643 2526 ἁπλῶς
3703 2464 3796 2516 ﬁzi

2197 2551 2300 2620 τὴν
2335 2553 2433 2622 τῆς
2460 2553 2653 2622 ἑορτῆς
2679 2553 2928 2623 ἀνάγκην
2959 2554 3067 2607 τῶν
3101 2555 3259 2607 θείων
3286 2556 3553 2610 ἅπτεσθαι
3581 2573 3795 2626 μυστη-

2199 2643 2350 2711 ρίων,
2403 2644 2518 2697 ἀλλ’
2565 2644 2748 2697 εἴποτε
2797 2645 3041 2715 μέλλοιτε
3093 2647 3191 2714 τῆς
3237 2646 3399 2713 άγίας
3446 2647 3654 2716 ταύτης
3696 2667 3800 2716 με.

2197 2736 2371 2800 Οέξειν
2404 2741 2742 2808 προσφορᾶς,
2791 2740 2898 2808 πρὸ
2958 2739 3169 2792 πολλῶν
3219 2739 3446 2808 ἡμερῶν
3495 2741 3794 2795 διακαθαί-

2201 2845 2315 2898 ρειν
2340 2829 2427 2882 διὰ
2457 2831 2746 2898 μετανοίας
2786 2833 2881 2884 καὶ
2930 2831 3095 2900 εὐχῆς
3127 2831 3221 2883 καὶ
3260 2831 3654 2903 ἐλεημοσύνης,
3692 2835 3799 2888 καὶ

2196 2923 2295 2991 τῆς
2313 2924 2439 2993 περλ⁵
2466 2925 2532 2976 τά
2574 2926 2924 2993 πνευματικὰ
2957 2927 3177 2996 σχολῆς,
3209 2926 3303 2978 καὶ
3343 2928 3416 2995 μὴ
3453 2927 3620 2980 πάλιν
3655 2932 3792 2981 ἐπιο

2200 3016 2525 3084 στρέφεσθαι
2569 3020 2822 3090 καθάπερ
2868 3019 3015 3073 κύων
3041 3022 3134 3074 ἐπὶ
3167 3023 3259 3073 τὸν
3293 3019 3423 3073 ἴδιον
3449 3020 3671 3088 ἐμετον.

2269 3109 2343 3160 Τὸ
2381 3108 2642 3180 ῥᾳθύμως
2683 3111 2968 3179 προσιέναι
3019 3113 3134 3174 τοῖς
3187 3111 3356 3174 θείοις
3397 3112 3492 3165 τοῦ
3540 3114 3794 3182 Χριστοῦ

2123 3219 2168 3279 c
2204 3202 2529 3271 μυστηρίοις
2557 3203 2782 3256 κόλασιν
2832 3206 3115 3273 ἀφόρητον
3149 3204 3284 3276 ἔχει·
3337 3206 3441 3260 κᾶν
3491 3206 3643 3272 ἅπαξ
3688 3210 3794 3262 τοῦ

2198 3294 2448 3347 ἐνιαυτοῦ
2482 3295 2639 3347 τοῦτο
2670 3297 2844 3367 τολμᾷ
2867 3315 2971 3363 τις,
3007 3297 3178 3367 πυρὸς
3207 3298 3350 3368 αῦτη
3383 3300 3541 3368 γέμει
3569 3303 3604 3370 ἡ
3649 3305 3794 3371 τρά-

2196 3385 2336 3448 πεζα
2360 3383 2630 3453 πνεύματι
2655 3387 2882 3456 Κυρίου.
2917 3389 3026 3442 Καὶ
3057 3388 3308 3456 καθάπερ
3329 3389 3384 3441 αἱ
3412 3393 3586 3459 πηγαὶ
3617 3393 3788 3458 φύσει

2195 3477 2388 3541 ὓδατος
2437 3479 2849 3544 ἐναδλύζουσιν,
2911 3480 3055 3534 οὕτω
3105 3482 3201 3535 καὶ
3254 3483 3396 3554 αῦτη
3438 3485 3616 3552 φλόγα
3657 3489 3790 3542 τινὰ

2193 3567 2307 3636 ἔχει
2339 3567 2602 3639 ἄρρητον.
2637 3570 2730 3640 Μὴ
2763 3570 2947 3623 τοίνυν
2984 3571 3291 3645 προσέλθῃς
3323 3575 3580 3644 καλάμην
3615 3576 3786 3646 ἔχων,

2193 3659 2328 3726 ξὰλα
2358 3661 2454 3714 καλ¹
2501 3664 2716 3732 χόρτον,
2764 3663 2851 3717 ἶνα
2901 3665 2976 3734 μὴ
3034 3665 3262 3719 πλείονα
3311 3667 3412 3737 τὴν
3442 3670 3789 3739 ἐμπρησμὸν

2193 3753 2426 3824 ἐργάσῃ,
2459 3757 2555 3808 καὶ
2587 3757 2946 3829 κατακαύσῃς
2980 3758 3080 3828 τὴν
3111 3759 3647 3828 μεταλαμϐάνουσαν
3671 3763 3788 3832 dau-

2194 3847 2320 3916 χήν,
2363 3846 2601 3900 Βασιλέα
2643 3848 3009 3919 ὑποδέχεσθαι
3064 3852 3284 3919 μέλλεις
3313 3853 3404 3908 διὰ
3437 3855 3537 3924 τῆς
3582 3875 3783 3910 κοινω‹

2191 3936 2333 3998 νίας·
2372 3935 2641 4006 βασιλέως
2683 3939 2740 3993 δὲ
2791 3941 3166 4006 ἐπιϐαίνοντος
3195 3944 3295 4012 τὴν
3319 3944 3522 4015 ψυχὴν,
3570 3950 3784 4021 πολλὴν

2193 4026 2336 4080 εἶναι
2362 4030 2446 4082 δεῖ
2472 4029 2573 4100 τὴν
2601 4028 2863 4100 γαλήνην,
2894 4032 3097 4102 πολλὴν
3134 4033 3234 4102 τὴν
3264 4035 3518 4105 ἡσυχίαν,
3549 4039 3785 4108 βαθεῖαν

2193 4119 2300 4172 τῶν
2334 4119 2612 4191 λογισμῶν
2641 4123 2740 4190 τὴν
2771 4125 3017 4193 εἰρήνην.

2265 4212 2328 4264 Οἱ
2381 4212 2667 4282 μέλλοντες
2724 4215 2938 4270 ἐνθένδε
2981 4219 3281 4290 ἀπαίρειν,
3317 4221 3386 4276 ἂν
3424 4222 3632 4294 τύχωσι
3666 4229 3780 4282 τῶν

2194 4303 2513 4375 μυστηρίων
2541 4307 2904 4376 μετασχόντες
2929 4311 2987 4362 ἐν
3016 4310 3236 4384 καθαρᾷ
3274 4315 3610 4384 συνειδήσει,
3641 4319 3778 4376 ὅταν

2191 4395 2491 4449 ἀποπνέειν
2516 4396 2776 4465 μέλλωσι,
2809 4401 3240 4472 δορυφοροῦντες
3269 4405 3470 4468 αὐτοὺς
3494 4406 3563 4459 δι’
3595 4411 3778 4466 ἐκεῖνο

2189 4487 2248 4540 τὺ
2281 4487 2508 4556 ληφθὲν,
2539 4489 2848 4558 ἀπάγουσιν
2879 4493 3093 4546 ἐνθένδε
3126 4495 3371 4562 ἄγγελοι.

579 4540 632 4599 S.
681 4543 986 4600 Athanasii.
1056 4548 1114 4603 Si
1166 4553 1291 4620 quis
1356 4557 1648 4622 gulositate
1693 4576 1787 4619 aut
1836 4573 2078 4635 turpiqu

2334 4540 2375 4556 ,,
2468 4540 2507 4555 ν,
2547 4540 2838 4558 ,
2880 4540 3092 4546 -.-----
3126 4540 3371 4562 _,,--.-..

2263 4576 2331 4628 Εἴ
2351 4593 2430 4640 τις
2462 4578 2568 4630 ὑπὸ
2595 4582 3064 4650 γαστριμαργίας,
3099 4584 3136 4654 ἢ
3166 4586 3623 4653 συγκαταθέσεως
3646 4592 3773 4642 αἰσ-

501 4647 769 4688 cousensu
825 4639 1239 4709 cogitationum,
1301 4649 1460 4714 quasi
1517 4650 1632 4706 luto
1673 4660 2080 4717 contaminatus

502 4737 605 4791 εει,
640 4729 686 4783 si
715 4731 838 4800 quis
868 4735 995 4789 odio
1035 4747 1090 4791 et
1132 4739 1458 4809 injuriarum
1494 4750 1877 4809 recordatione
1922 4761 2078 4825 quad

502 4821 766 4890 vertigine
795 4823 1022 4879 allectus
1051 4838 1157 4897 est,
1220 4834 1266 4887 si
1308 4837 1432 4905 quis
1465 4838 1666 4894 invidia
1697 4856 1792 4898 ant
1841 4847 1919 4900 ira
1941 4821 2080 4918 iper-

500 4911 752 4968 turbatus
786 4925 888 4980 est,
926 4918 971 4972 si
1023 4922 1147 4990 quis
1178 4929 1434 4994 superbia
1469 4943 1522 4984 et
1552 4938 1864 5006 arrogantia
1898 4911 2076 4997 victus

499 5009 732 5068 tenetur,
766 5005 811 5058 is
846 5006 914 5060 ad
945 5009 1128 5065 divina
1181 5026 1234 5068 et
1276 5034 1408 5087 pura
1455 5021 1568 5077 haec
1609 5005 1868 5097 mysteria
1921 5048 2077 5087 acce-

494 5092 625 5144 dere
656 5109 724 5146 ne
754 5098 918 5161 ausit,
953 5103 1273 5174 priusquam
1323 5127 1417 5179 per
1469 5117 1848 5180 paenitentiam
1881 5141 2077 5181 conve-

495 5182 734 5276 nientem
766 5187 959 5243 eluerit
997 5200 1050 5246 et
1082 5201 1328 5266 purgarit
1356 5205 1592 5276 scipsum
1623 5211 1691 5266 ab
1715 5216 1862 5270 ozuni
1888 5220 2073 5275 carnis

494 5282 550 5326 ct
571 5274 796 5340 spiritus
825 5279 1263 5350 inquinamento.

2187 4669 2333 4740 χρῶν
2370 4671 2649 4739 λογισμῶν
2681 4675 3105 4744 βεὸορέὶόρωται,
3136 4677 3192 4729 εἴ
3226 4694 3312 4740 τις
3359 4679 3465 4731 ὑπὸ
3495 4682 3690 4748 μίσους
3713 4683 3767 4752 ζῆ

2189 4763 2555 4831 μνησικακίας
2590 4766 2916 4832 ἐσκότωται,
2940 4768 3103 4832 εἴτις
3133 4769 3238 4822 ὑπὸ
3272 4771 3469 4838 φθόνου
3515 4773 3547 4842 ἦ
3587 4774 3762 4842 ὀργῆς

2183 4851 2500 4919 τεθόλωται,
2557 4855 2612 4908 εί
2655 4872 2740 4919 τις
2801 4858 2906 4910 ὑπὸ
2947 4859 3328 4930 ὑπερηφανίας
3365 4863 3398 4931 ἢ
3435 4865 3762 4928 ἀλαζονείας

2183 4947 2543 5016 κεκράτηται,
2577 4947 2651 5018 μὴ
2682 4949 2931 5021 τολμήσῃ
2974 4953 3294 5023 προσελθεῖν
3322 4958 3434 5017 τοῖς
3463 4957 3634 5022 θείοις
3665 4963 3763 5012 καὶ

2182 5039 2470 5109 ἀχράντοις
2530 5045 2894 5112 μυστηρίοις,
2948 5045 3080 5115 πρὶν
3131 5048 3164 5116 ἦ
3220 5048 3309 5100 διὰ
3364 5052 3760 5120 προσηκούσης

2185 5133 2474 5198 μετανοίας
2509 5134 2919 5205 ἀπονιψάμενος
2951 5138 3229 5211 καθαρίσῃ
3259 5141 3453 5195 ἐαυτὸν
3486 5143 3596 5194 διπὸ
3626 5161 3796 5208 παλ-.

2181 5225 2267 5287 τὸς
2303 5225 2582 5296 μολυσμοῦ
2614 5229 2813 5299 σαρκὸς
2850 5232 2942 5284 καὶ
2985 5232 3319 5304 πνεύματος.

2059 5621 2086 5662 η
2105 5621 2133 5662 ε
2153 5623 2178 5664 η
2200 5624 2221 5664 η
2248 5623 2269 5664 ε
2305 5631 2330 5634 μ
