4062 6464
449 473 583 535 ῙΕΞΠ

1876 460 2257 522 ΛΒΟΕΝΟΛ.

3590 447 3730 512 1218

445 583 480 664 ᾖ
511 589 770 655 συγγενὲς
796 585 856 637 τι
883 583 1256 654 περιηγμένον
1297 581 1393 651 τῆς
1425 577 1692 648 κεφαλῆς.
1741 575 1851 630 Καὶ
1895 575 2024 646 ἥκοι
2058 591 2096 638 Α
2132 576 2194 626 Εἰ
2224 573 2282 626 δὲ
2311 572 2404 625 τοῦ
2433 572 2608 634 εἴδους
2633 570 2751 623 οὔτι
2782 585 2885 621 που
2915 568 3060 621 ἑκὼν
3090 568 3384 636 ἕψευσμαι,
3422 564 3539 617 ἀλλ’
3567 567 3729 635 ὁρᾷς.

446 680 512 734 ἂν
535 680 677 733 οῦτω
699 679 758 730 τὸ
783 678 880 744 τῆς
909 674 1129 743 ὀπώρας
1159 673 1361 740 ταύτης
1400 671 1568 724 καλὸν
1631 671 1746 731 τοῖς
1798 668 2029 738 ὀσφραι-

447 774 712 840 νομένοις,
734 770 944 822 οἴκοθεν
972 768 1174 820 οἶκαδε.
1211 765 1469 819 Τοιοῦτον
1499 763 1562 816 τὸ
1589 763 1722 833 ὲμδν
1741 762 2026 832 κήπευμα’

447 864 683 925 τοιοῦτος
715 862 895 927 Ἕριος
931 861 1240 929 ἑπορχεῖται
1289 857 1365 927 τῷ
1399 856 1557 926 δώρῳ
1582 871 1596 884 ⁸
1659 855 1752 908 καὶ
1815 854 2026 924 μήποτε

451 952 727 1020 φιλοῦντες
768 952 1011 1019 Ἔρωτες
1064 951 1293 1019 πυρσοῖς
1352 951 1462 1010 τοῖς
1521 947 1779 1016 χείλεσιν,
1832 944 2031 1012 ἐνεμά-

452 1045 608 1108 ξαντό
637 1061 688 1096 τι
711 1043 897 1095 αὐτόθι
945 1041 1047 1108 τῆς
1070 1042 1176 1093 τῶν
1200 1041 1426 1111 χειλέων
1452 1038 1653 1107 βαφῆς.
1680 1034 1745 1088 Τί
1786 1053 1876 1104 μοι
1907 1034 2032 1104 βουο

449 1135 672 1196 κολικάς
703 1133 883 1200 λέγεις
912 1132 1138 1200 κρήνας.
1168 1126 1254 1190 αἷς
1289 1132 1343 1183 αἱ
1368 1124 1533 1199 ’Ὧραι
1558 1129 1692 1198 πρὸς
1719 1127 1913 1188 κάλλος
1936 1127 2028 1178 τὸν

449 1228 636 1295 χρῶτα
663 1227 880 1279 λούουσι
908 1243 920 1289 ;
955 1227 1048 1279 καὶ
1077 1225 1174 1295 τὴν
1231 1223 1455 1294 ὀπώραν
1483 1222 1690 1290 ταύτην
1717 1220 2029 1274 ὲναποπλύυ

450 1319 657 1390 [νεσθαι
711 1317 913 1388 λέγεις]
963 1321 1042 1380 εἰς
1094 1317 1416 1388 ώραῖσμόν;
1474 1315 1594 1380 ἐξὸν
1622 1316 1798 1368 έκεῖνο
1831 1315 2032 1383 μᾶλλον

449 1412 643 1475 εἰπεῖν,
676 1410 750 1471 ὡς
779 1410 888 1473 ἄρα
913 1408 1009 1461 τοῦ
1040 1408 1268 1470 κάλλους
1299 1406 1684 1476 ὲπεσταλάχθη
1740 1407 1807 1476 τῇ
1839 1403 2034 1472 ὀπώρᾳ

449 1503 624 1572 ταύτῃ
653 1504 793 1553 κατά
816 1501 914 1570 τὴν
950 1500 1190 1570 Ὀμήρου
1219 1497 1425 1567 μοῦσαν
1445 1515 1459 1529 ⁶
1492 1497 1886 1565 Ειῦστέφανος
1923 1498 2034 1549 Κυ-

450 1593 645 1660 θέρεια
672 1592 824 1659 χρίει
847 1591 914 1646 τὸ
933 1591 1282 1658 πρόσωπον.
1312 1588 1396 1642 Τά
1427 1589 1524 1658 μὲν
1559 1583 1654 1642 οῦν
1679 1589 1843 1658 μέχρι
1871 1585 2032 1656 δεῦρο

451 1683 707 1752 τοιαύτης
739 1682 867 1752 παρ’
903 1684 1038 1752 ἡμῖν
1065 1681 1289 1750 ὀπώρας
1338 1682 1778 1750 ὲνυμφοκομεῖτο
1813 1679 2026 1748 κόριον,

455 1775 547 1828 ὑπ’
572 1775 881 1844 ἀμφιλαφεῖ
913 1773 1149 1826 παστάδι
1196 1771 1410 1840 φύλλων
1451 1771 1923 1841 θαλαμευόμενον.
1952 1771 2032 1824 Τὰ

452 1867 547 1918 νῦν
581 1866 635 1918 δὲ
667 1867 757 1918 καὶ
792 1866 925 1934 ἡλίῳ
968 1865 1174 1918 δέδοται
1196 1879 1213 1895 ⁸
1248 1866 1344 1917 καὶ
1373 1866 1422 1917 εί
1446 1863 1648 1934 βούλει,
1680 1864 1740 1917 τὸ
1776 1865 2032 1934 παραπέ-

2131 667 2282 727 ὃπως
2309 663 2404 715 καὶ
2428 663 2593 717 αὑταὶ
2613 661 2690 732 τῷ
2719 661 2907 733 χρυσῷ
2931 658 3250 728 προέκοψαν
3273 658 3350 720 εἱς
3382 657 3604 720 ἐκείνας
3631 656 3736 718 τὰς

2129 756 2438 820 ἐπιδόξους·
2497 754 2595 810 καὶ
2648 756 2713 808 τὸ
2771 755 2836 807 ἐκ
2868 752 3085 819 φύσεως
3140 747 3255 805 οἷον
3308 748 3736 818 ἀπονιψάμεναι

2129 847 2328 917 χρῶμα
2371 848 2404 919 ἢ
2457 847 2866 917 ἐπικρύψασαι,
2899 845 2979 915 τῷ
3036 843 3347 914 χρυσοειδεῖ
3402 839 3736 910 ἐπέγραψαν

2131 940 2365 1002 ὲαυτάς⁶
2401 941 2496 993 καὶ
2529 940 2676 993 καθά
2707 956 2809 991 που
2855 937 2924 991 τά
2949 937 3310 1007 χολοόάφινα,
3351 933 3498 987 οὕτω
3531 933 3601 1001 δὴ
3634 933 3738 984 καὶ

2133 1028 2294 1080 αὑταὶ
2311 1028 2654 1081 καπνώδεσιν
2681 1029 2874 1097 ἀτμοῖς
2894 1026 3307 1097 φαρμαχθεῖσαι
3332 1024 3402 1077 τὰ
3430 1027 3733 1091 πρόσωπα,

2131 1121 2434 1191 χλωρότητι
2461 1121 2689 1190 χρυσίου
2715 1118 3002 1183 σώζονται,
3036 1118 3131 1171 καί
3163 1133 3278 1176 πως
3307 1115 3415 1168 εἶσὶ
3441 1113 3538 1166 καὶ
3567 1112 3735 1166 αὗται

2133 1214 2352 1282 χρυσαῖ.
2397 1213 2672 1266 Ἐοίκασιν
2711 1209 2827 1277 οὖν,
2866 1211 2927 1265 τὺ
2965 1212 3190 1279 ἀγεννὲς
3247 1207 3628 1267 ὲκκλίνουσαι,
3665 1207 3732 1256 τ³›

2133 1306 2233 1370 τῆς
2279 1303 2550 1374 κλήσεως,
2579 1305 2634 1367 ὲς
2672 1303 2872 1374 χρῶμα
2909 1303 3121 1356 τοιοῦτο
3172 1298 3551 1371 μεταϐάπτειν
3599 1297 3736 1349 ἑαυ-

2133 1393 2252 1456 τάς,
2283 1392 2356 1456 ὡς
2383 1393 2448 1447 ἂν
2482 1393 2655 1463 ἔχοιεν
2689 1393 2964 1464 παράγειν
2995 1390 3142 1444 οὕτω
3198 1390 3291 1443 τὸν
3325 1387 3596 1458 βλέποντα
3632 1386 3738 1437 καὶ

2134 1487 2312 1538 δοκεῖν
2345 1485 2590 1553 εὐγενεῖς
2614 1501 2627 1514 ·
2683 1485 2714 1556 ἢ
2764 1485 2942 1538 τὶ·κα“ι
2974 1483 3301 1555 βουλόμεναι
3336 1475 3744 1548 μετεχρώσθη-

2137 1593 2278 1643 σαν;
2332 1576 2496 1630 Ἀλλά
2529 1576 2638 1646 μὴν
2682 1575 2839 1629 τοῦτο
2869 1577 2962 1630 καὶ
3005 1577 3155 1629 πάσα
3187 1575 3426 1627 πέπονθε
3461 1571 3743 1642 σταφυλὴ,

2138 1666 2572 1732 ύποξανθὶζουσά
2631 1685 2748 1730 πως
2787 1667 2867 1736 τῷ
2902 1665 3182 1738 χρώματι,
3219 1666 3316 1720 καὶ
3350 1665 3546 1734 καπνῷ
3597 1680 3744 1732 πυρ-

2140 1759 2378 1829 σουμένη
2433 1759 2571 1828 πρὸς
2629 1760 2690 1812 τό
2735 1759 3024 1830 χρυσοιδές
3050 1777 3065 1790 ο
3117 1759 3148 1828 ἦ
3193 1759 3287 1811 καὶ
3317 1758 3496 1817 ἄλλως
3527 1757 3746 1817 εἰπεῖν,

2140 1851 2402 1920 ὠχριῶσα
2431 1851 2573 1904 κατὰ
2616 1854 2818 1921 χρυσον
2848 1853 2970 1915 ταῖς
3021 1852 3085 1904 ὲκ
3114 1850 3342 1904 καπνῶν
3371 1848 3741 1920 άτμιδώσεσι.

451 1975 637 2026 τασμα
672 1957 764 2009 τοῦ
795 1955 984 2008 λοιποῦ
1011 1953 1300 2021 περιελὼν,
1331 1955 1492 2024 μάθε,
1523 1955 1596 2018 ώς
1613 1956 1676 2008 οὐ
1699 1954 1968 2024 ψευδόμεθ
1984 1974 2028 2007 1.
2068 1937 2107 1990 Β
2141 1944 2245 1995 Καὶ
2275 1942 2435 1995 τοῦτο
2465 1942 2621 2006 ἄλλος
2656 1945 2756 2012 μὲν
2791 1942 2857 1995 ἄν
2888 1960 2970 2005 τις
2994 1942 3121 2011 εὗρε
3160 1943 3408 2012 πόρισμα
3439 1940 3577 2010 πρὸς
3605 1957 3747 2007 Χρυ’

455 2049 723 2119 Εὑρήσεις
753 2048 863 2116 γάρ
897 2047 1060 2109 αὐτὸς
1096 2046 1347 2119 Ἐρώτων
1368 2047 1613 2118 ἄθυρμα,
1643 2048 1898 2119 Χαρίτων
1937 2050 2038 2119 μέ-

456 2138 522 2207 λη
533 2156 627 2207 μα,
655 2139 925 2206 Κάλλους,
967 2139 1172 2209 δχημα.

1207 2247 1282 2304 B'.

547 2363 687 2430 Ἐμὰ
721 2364 818 2417 καὶ
871 2364 1047 2417 ταῦτα
1081 2360 1150 2414 τά
1178 2380 1236 2414 τε
1279 2362 1424 2434 μῆλα
1470 2363 1568 2433 τῆς
1608 2365 1852 2434 Περσέας
1891 2368 1981 2419 καὶ
2014 2369 2043 2419 6

455 2457 771 2528 χρυσοειδὴς
795 2458 1014 2526 κρόκος,
1048 2458 1212 2510 καλὸν
1250 2459 1343 2510 ἐπὶ
1376 2457 1528 2527 καλῷ
1569 2459 1924 2522 (άπεναντίας
1974 2452 2040 2532 τῇ

458 2547 753 2618 παροιμίᾳ)
781 2549 1058 2617 κείμενος.
1093 2549 1160 2603 Τί
1190 2545 1285 2603 οῦν
1331 2548 1399 2604 ἂν
1443 2550 1574 2612 ἴδοις
1604 2551 1664 2601 ὲν
1691 2554 1759 2621 τῇ
1791 2551 2043 2618 Μεγαλο-

459 2639 614 2692 πόλει
643 2639 998 2710 καινότερον;
1047 2640 1138 2694 Ἐν
1165 2642 1356 2710 ἀγροῖς
1383 2642 1482 2712 μὲν
1527 2641 1650 2712 τάχ’
1686 2642 1753 2694 ἂν
1792 2642 2044 2711 εὐπόρως

458 2731 571 2784 τῶν
597 2731 858 2784 τοιούτων
896 2732 1052 2802 σχοίη
1085 2749 1206 2795 τις·
1265 2733 1504 2787 ἐνταῦθα
1541 2733 1621 2799 δὲ,
1675 2735 1769 2788 καλ⁸
1809 2735 2046 2803 μάλιστα

460 2823 592 2891 περὶ
621 2821 720 2893 τὴν
771 2822 893 2876 καθ’
929 2825 1076 2893 ἡμᾶς
1102 2824 1304 2894 ταύτην
1339 2827 1557 2896 μοῖραν,
1589 2827 1671 2878 ὅτι
1704 2827 1851 2895 μάλα
1875 2825 2046 2896 πολλὴ

463 2917 665 2979 σπάνις
711 2917 920 2970 τούτων
969 2916 1108 2971 ἐστι.
1169 2918 1348 2970 Καινά
1378 2918 1435 2972 δὲ
1493 2919 1586 2971 καὶ
1610 2917 1781 2987 ἄμφω
1811 2917 1901 2972 διὰ
1945 2919 2048 2989 τὴν

461 3008 632 3078 ὥραν.
691 3007 916 3080 Ὀπώρα
945 3027 1004 3062 τε
1037 3011 1144 3080 γὰρ
1175 3010 1397 3080 τοιαύτη
1436 3013 1494 3063 ὲν
1532 3011 1685 3080 βαθεῖ
1713 3009 2047 3080 φθινοπώρῳ

465 3099 663 3167 ξενίζει
685 3119 700 3132 ·
734 3102 828 3157 καὶ
857 3103 1018 3168 ἄνθος
1047 3104 1106 3158 ἐν
1136 3103 1462 3176 μετοπώρῳ,
1521 3105 1784 3170 σπανίζον
1838 3104 1906 3158 ἂν
1961 3106 2047 3175 εῖη

466 3194 670 3264 θέαμα.

1237 3311 1313 3366 1'".

552 3425 608 3475 '0
648 3425 924 3493 πάνσοφος
974 3423 1260 3496 Κομνηνός
1283 3439 1298 3455 ⁸
1329 3425 1364 3495 ἡ
1403 3425 1780 3488 πανσέϐαστος
1812 3425 2047 3495 κεφαλή.

464 3520 494 3571 6
519 3519 772 3590 χρυσοῦς,
800 3517 864 3570 οὐ
895 3517 1054 3587 μόνον
1075 3517 1174 3588 τὴν
1191 3517 1368 3588 κόμην
1386 3521 1480 3570 καὶ
1507 3517 1608 3588 τὴν
1633 3517 1729 3570 τοῦ
1757 3516 2051 3585 προσώπου

466 3613 650 3682 χάριν,
684 3610 819 3663 ἀλλά
846 3610 939 3663 καὶ
973 3609 1212 3678 μάλιστα
1244 3611 1344 3680 τὴν
1390 3608 1569 3682 ψυχὴν
1618 3611 1720 3680 τὴν
1753 3609 1924 3675 ὅντως
1954 3612 2054 3683 ἀρ·

469 3705 714 3775 ρύπαρον
735 3705 827 3757 καὶ
855 3703 1115 3774 στιλπνήν
1141 3704 1364 3773 ἀρεταῖς
1385 3718 1398 3732 ⁸
1424 3704 1485 3757 ού
1516 3702 1705 3774 χρυσῷ
1741 3705 1904 3774 μόνον
1957 3703 2053 3758 καὶ

467 3796 698 3866 ἀργύρῳ
729 3795 939 3865 βρίθειν
967 3795 1209 3862 ὲπάξιος,
1263 3796 1400 3849 ἀλλὰ
1454 3798 1547 3849 καὶ
1579 3797 1690 3850 πᾶν
1719 3796 1868 3866 ἔχειν
1897 3797 2050 3864 ἄλλο,

467 3889 586 3942 εἴτι
615 3887 756 3941 κατὰ
781 3887 986 3958 κόσμον
1008 3887 1380 3958 τιμαλφεῖται,
1411 3889 1505 3941 καὶ
1535 3886 1733 3942 πολλοῦ
1755 3887 1906 3955 ἄξιον
1929 3891 2052 3959 κρί-

467 3996 620 4032 νεται
641 3995 655 4009 ’
684 3978 882 4032 οὐκοῦν
917 3979 1012 4032 καὶ
1042 3979 1305 4042 τοιούτοις
1333 3979 1636 4047 δεξιωτέος,
1671 3979 1708 4034 ἃ
1732 3979 1798 4050 δὴ
1843 3980 2052 4050 τιμῶν-

467 4085 558 4121 ται
589 4067 807 4120 πολλοῦ.
845 4067 986 4120 Ἀλλ’
1019 4071 1179 4136 ἡμεῖς
1221 4069 1502 4138 ὀφειλέται
1527 4069 1632 4137 μὲν
1665 4069 1812 4139 αὐτῷ
1841 4070 2055 4125 πολλῶν

472 4157 773 4222 δεξιώσεων
788 4173 801 4186 ·
825 4156 965 4210 οὕτω
987 4158 1042 4210 δὲ
1073 4157 1134 4211 τὸ
1151 4158 1252 4227 τῆς
1279 4158 1462 4228 χειρὸς
1483 4159 1612 4228 ἡμῖν
1633 4159 1694 4212 οὐ
1720 4159 1900 4228 πέπλη
1911 4177 2052 4227 σται,

471 4249 547 4310 ὡς
573 4250 709 4319 μηδὲ
740 4251 956 4319 μικροῖς
987 4265 1131 4301 τισιν
1168 4249 1313 4319 ἔχειν
1342 4251 1751 4320 άφοσιώσεσθαι
1775 4251 1835 4304 τὸ
1865 4251 2054 4316 δεξίω-

475 4358 576 4410 μα.
629 4342 792 4412 ⁹Ορᾷς
840 4341 970 4410 γάρ,
999 4341 1147 4409 ὅπως
1195 4343 1275 4406 είς
1316 4341 1540 4396 τοσοῦτο
1566 4345 1845 4415 δραπέτης
1880 4344 1950 4398 τά
1973 4347 2055 4408 είς

471 4435 620 4504 ἡμᾶς
650 4435 676 4486 ὀ
701 4434 924 4503 χρυσδς,
958 4433 1032 4495 ώς
1069 4433 1206 4505 μηδὲ
1245 4435 1340 4504 τὴν
1395 4436 1455 4500 ἐξ
1486 4436 1651 4489 αὐτοῦ
1687 4453 2055 4507 παρωνυμυυ-

476 4527 646 4597 μένην
691 4526 916 4598 ὀπώραν
971 4527 1190 4594 ἀφεῖναι
1224 4525 1352 4594 παρ’
1381 4527 1512 4597 ἡμῖν
1563 4523 1738 4581 εἶναι·
1790 4529 1906 4582 ἀλλ’
1936 4531 2053 4582 ἀντ’

2143 2031 2237 2086 σοῦ
2269 2049 2324 2084 σε
2336 2032 2678 2102 μνολόγημα,
2704 2032 2798 2084 καὶ
2828 2027 2985 2087 εἶπεν
3018 2031 3087 2083 ἂν
3112 2071 3128 2096 ,
3178 2030 3255 2093 ώς
3279 2030 3387 2098 ἄρα
3421 2028 3631 2099 χρυσοῦ
3657 2027 3750 2080 δο-

2141 2125 2229 2176 κεῖ
2257 2125 2435 2177 πάντα
2465 2123 2716 2191 ἐφίεσθαι
2753 2123 2898 2176 καθά
2937 2140 3085 2184 τινος
3121 2121 3316 2191 ἐφετοῦ
3343 2121 3516 2190 ἄκρου
3538 2136 3554 2151 '
3589 2119 3647 2172 εῐ
3674 2135 3749 2184 γε

2143 2217 2237 2270 καὶ
2269 2217 2538 2286 σταφυλαὶ
2567 2216 2772 2288 χρυσὸς
2833 2217 2934 2269 οὐκ
2967 2216 3190 2284 ἔχουσαι
3226 2209 3390 2275 εἶναι⁹
3426 2214 3588 2268 ἄλλον
3615 2215 3748 2280 τρό-

2144 2325 2243 2361 πον
2275 2307 2665 2377 ὑποκρίνονται
2689 2308 2782 2361 τὸν
2813 2308 3036 2378 χρυσόν.
3079 2305 3222 2376 Ἐγὼ
3245 2307 3301 2360 δὲ
3332 2309 3412 2370 εῖς
3437 2307 3610 2376 ψόγον
3648 2309 3749 2359 καὶ

2141 2400 2300 2454 τοῦτο
2351 2399 2692 2469 μεταγράφω
2743 2399 2838 2453 τοῦ
2883 2399 3176 2470 βιοφθόρου
3210 2400 3444 2470 χρυσοῦ,
3476 2399 3614 2468 εἴγε
3648 2401 3749 2451 καὶ

2145 2496 2396 2565 σταφυλὴ
2464 2495 2730 2565 φθίνουσα
2782 2497 2875 2558 εἰς
2919 2493 3127 2563 χρυσοῦ
3190 2491 3392 2562 χρῶμα
3434 2491 3632 2562 βάπτει
3682 2492 3750 2543 τὸ

2145 2589 2460 2659 πρόσωπον,
2493 2587 2636 2642 καθά
2689 2585 2786 2641 καὶ¹
2819 2587 2942 2658 θρὶξ
2991 2585 3366 2656 ἀργυρίζουσα
3422 2585 3502 2655 τῷ
3540 2586 3747 2654 μακριῖι

2143 2681 2239 2734 τοῦ
2291 2681 2488 2752 χρόνου
2551 2682 2633 2744 εἰς
2687 2679 2897 2733 τοιοῦτο
2939 2678 3140 2748 χρῶμα
3197 2678 3526 2746 μετέπεσεν.
3577 2678 3751 2740 Ἀλλά

2144 2772 2317 2828 ταῦτα
2349 2774 2447 2844 μὲν
2468 2772 2710 2844 εἰρήσθω
2750 2791 2839 2842 μοι
2860 2771 3054 2842 ταύτῃ,
3080 2771 3156 2833 ώς
3194 2771 3260 2824 ἂν
3296 2772 3329 2839 ἡ
3356 2770 3528 2839 σεμνὴ
3557 2770 3752 2837 ἐκείνη

2149 2865 2396 2935 σταφυλὴ
2428 2865 2528 2936 ἔχῃ
2581 2862 3048 2932 ὲγκαλύπτεσθαι,
3086 2864 3184 2916 καὶ
3235 2861 3398 2916 τοῦτό
3436 2879 3498 2931 γε
3528 2863 3628 2930 τῆς
3689 2865 3754 2928 ἐξ

2147 2957 2305 3028 ἡμῶν
2330 2957 2653 3028 ἀποκρυϐῆς
2695 2957 2934 3027 κερδάνῃ
2966 2957 3027 3009 τὸ
3054 2956 3128 3025 μῆ
3159 2956 3377 3024 μεγάλα
3405 2959 3474 3027 τῇ
3525 2974 3752 3027 χρυσω-

2148 3047 2322 3117 νυμίᾳ.
2374 3046 2765 3116 σεμνύνεσθαι.
2821 3046 2972 3116 Αῦτη
3033 3045 3090 3098 δέ
3124 3064 3216 3113 μοι
3263 3047 3297 3115 ἡ
3343 3046 3453 3098 τῶν
3503 3045 3754 3114 βοτρύων

2150 3139 2360 3210 στοιῦὴ,
2401 3140 2450 3193 εἱ
2482 3141 2575 3193 καὶ
2614 3139 2688 3208 μὴ
2722 3139 2894 3206 σωρδς
2929 3138 3173 3208 ψεύστης
3199 3137 3404 3208 χρυσοῦ
3449 3139 3572 3192 κατ’
3603 3141 3756 3193 ἐκεὶο

2151 3251 2248 3298 νας
2274 3233 2376 3296 τὰς
2403 3233 2614 3302 χρυσᾶς
2651 3230 2954 3299 σταφυλάς,
2984 3231 3101 3284 ἀλλ’
3142 3230 3292 3284 ἔστιν
3317 3230 3494 3294 ἄλλως
3525 3231 3756 3302 άληθῶς

2157 3325 2303 3394 ὑπὲρ
2330 3325 2568 3392 ὲκείνας,
2610 3323 2880 3378 ἀπόθετον
2909 3323 3097 3388 καλὸν,
3138 3322 3395 3391 φθινάδος
3420 3321 3574 3392 ὥρας
3603 3325 3757 3377 ἀντί-

2158 3416 2351 3483 παλον,
2387 3417 2618 3487 μόνιμον
2646 3415 2876 3484 ἀγαθὸν,
2905 3415 3212 3485 ἀμϐροσίας
3251 3416 3554 3484 συρμάδες,
3586 3417 3757 3484 γλαυ-

2154 3510 2260 3578 κῆς
2313 3508 2538 3580 ὀπώρας
2590 3508 2908 3577 γλυκύτης·
2953 3507 3055 3561 κᾶν
3114 3511 3175 3561 τὸ
3237 3511 3534 3577 πρόσωπον
3565 3511 3757 3573 αὐτοῖς

2157 3601 2310 3655 ’ύδατι
2366 3600 2567 3673 ρύψῃς,
2621 3601 3061 3654 ἀποπλυνοῦνται
3099 3601 3199 3671 μὲν
3232 3602 3294 3656 τὸ
3347 3603 3502 3656 νόθον
3551 3604 3756 3674 χρῶμα

2155 3695 2250 3746 καὶ
2279 3692 2604 3764 πρόσθετον,
2643 3692 2713 3745 δι’
2751 3685 2813 3745 οῦ
2854 3694 3039 3762 μάτην
3084 3696 3572 3766 σεμνοπροσωπεῖν
3613 3697 3757 3758 τέως

2159 3784 2477 3852 βούλονται·
2525 3784 2892 3854 ὲκφανοῦνται
2937 3785 2994 3837 δέ
3049 3803 3133 3838 σοι
3177 3786 3603 3853 γλαυκώπιδες,
3659 3789 3757 3841 καὶ

2155 3877 2356 3940 ἑαυτάς
2393 3877 2579 3931 οὐκέτι
2630 3877 2950 3947 ψεύσονται.
2993 3877 3188 3942 ’Λλλος
3247 3879 3348 3946 μὲν
3374 3878 3468 3932 οὖν
3499 3880 3595 3933 ἐπὶ
3621 3897 3756 3932 στα-

2157 3969 2333 4038 φυλῆς
2364 3968 2553 4023 κάλλει
2599 3969 2878 4041 δύσερως,
2936 3969 3035 4022 καὶ
3091 3970 3160 4023 τὰ
3216 3970 3394 4039 μικρά
3444 3972 3581 4038 πρὸς
3616 3974 3757 4027 πολὺ

2157 4060 2305 4113 λαῶν
2336 4060 2587 4129 μέγεθος,
2624 4062 2723 4125 τὰς
2775 4063 2954 4132 ράγας
2979 4065 3205 4126 ταύτας,
3261 4064 3357 4116 καὶ
3388 4063 3662 4126 πιθάκνας
3691 4066 3759 4119 ἂν

2158 4153 2417 4222 ὠνόμασε
2481 4156 2850 4223 γλυκάζοντος
2907 4155 3224 4224 γεύματος,
3286 4154 3386 4209 καὶ
3451 4157 3756 4226 πλήθοντος

2156 4245 2425 4315 γλεύκους
2456 4247 2682 4310 ἀσκοὺς,
2716 4247 2816 4299 καὶ
2860 4247 3079 4317 μέλιτος
3111 4246 3424 4316 ἀποθήκας,
3455 4246 3553 4298 καὶ
3591 4247 3760 4316 χαρί-

2155 4353 2267 4388 των
2303 4335 2626 4406 δεξαμενὰς,
2680 4340 2774 4391 καὶ
2821 4337 3005 4408 δοχεῖα
3045 4336 3284 4408 τρυφῆς.
3323 4337 3467 4390 Ἀλλ’
3500 4337 3615 4406 ἐγὼ
3644 4338 3762 4392 τῶν

2157 4429 2416 4483 τοιούτων
2449 4431 2778 4500 μεθέμενος,
2813 4433 2990 4500 σωρόν
3020 4447 3142 4484 τινα
3181 4430 3378 4497 καλοῦ,
3401 4431 3500 4485 καὶ
3528 4429 3761 4484 τιθωνόν

2159 4521 2375 4590 ἡδονῆς,
2401 4521 2497 4573 καὶ
2519 4523 2748 4590 ταμεῖον
2781 4521 3117 4592 γλυκύτητος
3151 4523 3249 4593 τὴν
3301 4522 3528 4592 ὀπώραν
3551 4524 3760 4594 ταύτην

473 4619 644 4687 αὐτῆς
673 4615 1067 4687 ὲκπεπέμφθαι
1103 4618 1170 4687 τῇ
1203 4619 1268 4685 σῇ
1315 4617 1753 4688 μεγαλυπερόχῳ
1806 4619 2058 4690 λαμπρό-
2093 4630 2135 4682 [)
2166 4613 2278 4682 ἐρῶ
2303 4629 2318 4644 ο
2356 4615 2451 4666 καὶ
2483 4612 2676 4684 ἤθελον
2714 4613 2982 4677 δεδόσθαι,
3022 4614 3275 4685 καθάπερ
3304 4613 3535 4686 Ὁμήρῳ
3567 4616 3645 4687 τῷ
3673 4634 3760 4669 σο-

475 4725 596 4780 τητι
624 4709 902 4777 σταφυλὰς
935 4710 1034 4777 μὲν
1078 4707 1174 4762 καὶ
1198 4707 1432 4771 ταύτας·
1466 4709 1525 4761 οὐ
1564 4708 1671 4776 μὴν
1702 4712 1796 4765 καὶ
1824 4712 2057 4780 χρυσᾶς,

477 4802 637 4852 ὁποῖα
674 4801 740 4852 τά
776 4801 835 4852 ἐν
869 4799 1184 4870 ὑποσχέσει.
1216 4803 1241 4849 ει
1262 4800 1478 4867 θσνεραὶ
1514 4801 1621 4869 γάρ
1652 4802 1747 4853 καὶ
1779 4795 1939 4855 αὗται
1963 4805 2059 4856 καὶ

477 4894 714 4960 φυγάδες
747 4891 907 4962 ἡμῶν
939 4892 1083 4944 κατὰ
1111 4892 1202 4944 τὸν
1228 4892 1621 4946 ἐπιστατοῦντα
1646 4895 1711 4962 τῇ
1749 4896 1897 4962 σφῶν
1928 4896 2060 4965 κλή-

479 4998 561 5034 σει
590 4981 811 5050 χρυσόν.
843 4979 1059 5035 Οὔκουν
1085 4983 1216 5050 ἡμῖν
1248 4982 1516 5050 σταφυλαὶ
1545 4977 1704 5038 αὗται
1732 4988 1952 5055 χρυσαῖ,
1985 4988 2056 5039 εῖ-

477 5071 598 5133 δους
631 5071 687 5124 δέ
717 5087 860 5135 τινος
917 5072 1159 5143 ἑτεροίου
1188 5088 1201 5101 ’
1234 5073 1300 5137 ἃς
1331 5076 1362 5144 ἡ
1404 5073 1572 5145 χύδην
1605 5075 1807 5145 ῥέουσα
1838 5078 2059 5142 γλῶσσα

476 5163 814 5224 κουκούϐας
847 5164 1036 5223 καλεῖο
1066 5165 1264 5219 ταύτὸν
1313 5166 1373 5220 δὲ
1410 5166 1683 5236 γλαῦκας
1721 5169 1897 5222 εἰπεῖν
1917 5183 1933 5199 '
1965 5170 2060 5223 καὶ

474 5252 629 5322 οἶμαι
655 5253 746 5306 διὰ
795 5255 854 5306 τὺ
877 5254 971 5307 τοῦ
1004 5255 1294 5325 χρώματος
1343 5258 1552 5325 ὅμοιον,
1585 5260 1680 5313 καὶ
1709 5257 1806 5326 (ὡς
1835 5259 1901 5312 ἂν
1927 5259 2056 5331 εἴπῃ

471 5351 581 5412 τις)
610 5347 1010 5413 γλαυκωπόνο
1064 5348 1536 5414 ὑπογλαυκίζουσι
1578 5349 1689 5419 γάρ
1727 5355 1819 5402 καὶ
1873 5351 2055 5416 αὐταὶ,

471 5433 560 5487 ὅτε
613 5451 696 5496 τις
740 5435 911 5498 αὐτὰς
939 5434 1000 5487 τὸ
1047 5437 1265 5505 πρῶτον
1323 5438 1604 5509 δρέψεται.
1661 5438 1932 5511 Καθάπερ
1963 5437 2057 5493 οὖν

473 5523 683 5576 ἐκεῖναι
727 5523 1075 5593 κιῤῥάζουσι,
1107 5527 1200 5577 καὶ
1237 5525 1306 5579 δι’
1352 5526 1484 5579 αὐτὸ
1517 5521 1674 5580 αὗται
1712 5527 1814 5594 μὲν
1845 5528 2053 5580 ἐπωνυ-

475 5617 604 5682 μίας
629 5615 955 5683 κληροῦνται
977 5619 1267 5685 γλαυκός,
1292 5619 1497 5672 ἐκεῖναι
1537 5619 1596 5671 δὲ
1629 5619 1719 5672 διὰ
1769 5620 1828 5673 τὸ
1864 5623 2059 5692 κιρῤδν

472 5703 568 5756 τοῦ
599 5704 888 5775 χρώματος
917 5707 1346 5776 ὲπονομάζονται
1381 5707 1459 5778 τῷ
1483 5708 1691 5779 χρυσῷ.
1725 5711 1916 5780 Μικρὰ
1959 5713 2058 5780 μὲν

473 5792 566 5850 οῦν
594 5799 724 5865 ἡμῖν
755 5798 790 5866 ἡ
820 5797 967 5861 δόσις
995 5813 1011 5830 ⁸
1065 5797 1182 5852 ἀλλ’
1238 5800 1420 5870 ἐκείνη
1478 5801 1698 5863 πάντως
1729 5803 1805 5864 ώς
1845 5805 1936 5856 ἐπὶ
1964 5807 2053 5869 γέ-

471 5900 614 5950 νους,
642 5887 706 5966 ῆν
741 5887 852 5954 ἐγὼ
901 5887 1002 5956 μὲν
1046 5886 1439 5961 ὑπεσχ[όμη]ν,
1477 5890 1737 5960 ἔστερξας
1778 5893 1833 5946 δὲ
1873 5894 2047 5958 αὐτός.

2163 4705 2270 4776 φῷ,
2314 4705 2570 4776 βοτρυδὸν
2630 4707 2807 4759 εἰπεῖν
2857 4707 2957 4769 τὰς
2989 4707 3248 4776 μελίττας
3277 4709 3567 4774 πέτεσθαι,
3612 4709 3761 4762 οὕτω

2165 4799 2335 4866 κάμοὶ
2363 4799 2490 4861 τοὺς
2515 4797 2747 4869 βότρυας
2778 4798 3004 4861 τούτους
3029 4799 3195 4868 φάναι
3238 4801 3564 4870 μελισσηδδν
3588 4819 3762 4854 σεσω-

2165 4889 2401 4958 ρεῖσθαι,
2431 4889 2504 4953 ώς
2537 4890 2605 4943 ἂν
2653 4891 2813 4959 ἔσχον
2857 4890 2954 4943 καὶ
2982 4890 3126 4943 οὕτω
3174 4891 3440 4960 σεμνῦναι
3467 4893 3526 4946 τὺ
3556 4893 3757 4962 δῶρον.

2174 4982 2319 5035 Ἀλλ’
2345 4983 2469 5036 ἐπεὶ
2489 4983 2549 5036 οῦ
2587 5001 2677 5053 μοι
2703 4982 2962 5055 δέ[δοτα]ι
2994 4983 3282 5052 ὀνομάτων
3329 4985 3546 5038 θέσεσιν
3577 4986 3767 5054 ἐγχει-

2169 5077 2306 5144 ρεῖν,
2349 5075 2528 5138 ἄλλως
2559 5075 2692 5142 γοῦν
2730 5078 3178 5146 μεταχειριστέον
3211 5077 3272 5130 τὸ
3302 5077 3500 5146 νόημα,
3539 5078 3631 5130 καὶ
3658 5082 3763 5148 ρη-

2163 5166 2305 5231 τὲον,
2337 5166 2411 5228 ὡς
2442 5167 2551 5236 ἄρα
2582 5167 2787 5234 σμῆνός
2827 5184 2880 5220 τι
2912 5167 3006 5219 καὶ
3053 5169 3101 5218 οί
3156 5167 3384 5237 βότρυες
3433 5161 3603 5232 οῦτοι,
3667 5173 3761 5222 καὶ

2163 5257 2594 5327 ἐπισωρεύονται
2625 5261 2718 5310 καὶ
2757 5259 2936 5323 αὐτοὶ,
2970 5260 3226 5328 καθάπερ
3259 5263 3319 5314 αῖ
3356 5261 3636 5329 μέλισσαι,
3663 5263 3764 5314 καὶ

2161 5350 2580 5403 τιθαιϐώσουσιν
2643 5353 2791 5420 ἡμᾶς
2827 5352 2956 5406 ἄλλο
2992 5370 3044 5404 τι
3098 5354 3244 5420 μέλι,
3284 5353 3380 5405 καὶ
3418 5353 3630 5422 χλωρὸν
3665 5356 3762 5407 καὶ

2163 5441 2332 5506 γλυκύ
2359 5447 2373 5471 ⁶
2411 5442 2438 5493 ὀ
2473 5441 2570 5494 νῦν
2601 5444 2700 5510 μὲν
2735 5445 2814 5505 εἰς
2843 5445 3139 5514 νεκτάρεον
3169 5443 3476 5514 πέπηκται,
3527 5444 3760 5502 δύναται

2161 5535 2219 5586 δὲ
2251 5533 2346 5585 καὶ
2377 5537 2440 5586 ὲκ
2497 5537 2714 5604 πηκτοῦ
2777 5538 2940 5607 ῥυτὸν
2985 5537 3281 5605 γενόμενον
3319 5538 3401 5598 είς
3445 5537 3763 5606 ἀμϐροσίας

2165 5626 2361 5694 ῥυῆναι
2391 5628 2658 5694 σταγόνας
2681 5644 2694 5656 ·
2729 5629 2803 5690 ὡς
2835 5627 2980 5698 ἔχειν
3020 5629 3194 5696 τούτῳ
3234 5628 3312 5698 τῷ
3343 5628 3488 5696 λόγῳ
3519 5631 3610 5680 τὸν
3641 5629 3759 5696 Θῆ-

2162 5717 2331 5786 ϐηυεν
2352 5716 2574 5786 λυρικὸν
2608 5720 2842 5789 ποιητὴν
2873 5720 3261 5790 εὐστοχώτατα
3289 5721 3386 5788 τῆς
3443 5719 3759 5788 Δήμητρος

2163 5805 2463 5874 πάρεδρον
2492 5809 2667 5861 εἰπεῖν
2714 5809 2806 5862 τὸν
2852 5811 2953 5879 τῆς
2987 5811 3267 5880 σταφυλῆς
3323 5811 3529 5880 δοτῆρα
3569 5812 3759 5862 Διόνυ-

2165 5914 2274 5962 σον,
2301 5892 2387 5948 οἷα
2420 5898 2518 5966 τῆς
2542 5897 2765 5969 ὀπώρας
2821 5901 3022 5972 ταύτης
3069 5902 3163 5954 καὶ
3207 5903 3287 5966 είς
3316 5902 3524 5973 τροφὴν
3559 5918 3756 5954 συντε-
