4062 6404
303 373 322 437 1
335 375 445 442 Ξίι)

1145 390 1495 454 EUSTATI]
1509 396 1565 456 Il
1603 397 1892 460 TUESSA
1907 401 2366 466 LONICENSIS
2409 409 2818 474 EPISTOLJE.

3447 409 3585 479 1250

297 494 501 596 λούσης
535 499 634 596 τήν
675 500 772 596 οὑχ
823 501 1018 574 ὑγρὰν,
1051 505 1145 557 καὶ
1185 509 1264 568 εἰς
1317 509 1476 562 πόσιν
1511 511 1566 563 δὲ
1601 530 1882 581 συνεισφε-
1909 523 1956 580 Α
1984 519 2166 586 φιλίας
2192 522 2240 591 (ό
2261 522 2368 592 γᾶρ
2385 521 2543 588 λόγος
2569 525 2710 592 ὑπὲρ
2739 524 2886 594 ἐμὲ),
2917 523 3036 579 ἀλλ’
3095 523 3439 596 εὐγνώμονος
3467 527 3585 581 δια-

303 587 510 687 εούσης
539 590 597 644 τδ
649 594 925 687 χρήσιμον
951 610 965 625 '
1022 597 1058 650 ἆ
1108 598 1174 668 δὴ
1212 603 1306 655 καὶ
1336 603 1508 672 ἄμφω
1565 607 1774 662 ἀνεῖται
1819 613 1886 682 τῇ
1995 587 2216 677 θέσεως,
2256 587 2434 668 είτουν
2462 587 3398 687 δουλόφρονος’σχέσεωςπιίρκείτω
3421 587 3584 671 τοῦτο

302 683 580 751 Δήμητρι,
614 687 710 737 καὶ
733 686 905 756 αὑτῆς
935 690 1082 742 ἐστιν
1131 691 1292 761 ἔργον
1349 693 1648 765 ἐξαίρετον.
1682 701 1886 755 Τούτου

307 790 400 839 μοι
429 775 525 827 τοῦ
561 775 727 829 καλοῦ
777 781 1018 848 σμήνους
1065 784 1098 854 ἡ
1136 784 1416 857 γλυκύτης
1476 791 1576 858 μὲν
1627 791 1886 863 ἄντικρυς

307 868 670 934 μελιτόεσςα⁶
732 872 795 924 τὸ
832 873 889 926 δὲ
950 875 1174 946 κέντρον
1238 879 1525 952 ἐξῄρηται,
1585 886 1680 939 καὶ
1728 889 1889 940 τοῦτο

309 958 471 1010 πλέον
526 958 672 1030 ἔχειν
696 961 794 1014 τοῦ
829 964 1119 1031 μελισσόου
1161 971 1356 1039 κηρίου
1393 991 1482 1042 μοι
1520 976 1792 1041 φαίνεται.
1827 979 1889 1031 El

307 1049 364 1100 δέ
386 1051 445 1102 τὸ
477 1051 668 1118 στέγον
702 1055 938 1110 ἐνταῦθα
961 1059 1020 1109 τὸ
1053 1047 1396 1127 γλύκύτατον
1421 1065 1610 1134 σχῆμα
1644 1069 1704 1121 οὑ
1743 1069 1890 1123 δοκεῖ

311 1144 523 1212 σεμνῶς
570 1145 735 1215 ἔχειν,
769 1146 913 1203 ὥστε
946 1150 1020 1221 μὴ
1054 1152 1423 1222 ἐστεγάνωται
1473 1160 1614 1212 κατᾶ
1642 1161 1739 1224 τάς
1769 1162 1890 1227 ἐξα-

308 1231 516 1299 γώνους
563 1235 674 1289 τῶν
724 1237 995 1304 μελισσῶν
1046 1243 1350 1312 σήραγγας,
1393 1245 1528 1297 ἀλλὰ
1555 1245 1886 1318 θεωρητέον,

307 1324 386 1388 ώς
439 1327 838 1395 ἐσχημάτισται
875 1332 1202 1403 σεμνότερον
1256 1335 1432 1398 ἄλλως
1485 1341 1627 1392 κατά
1659 1340 1720 1392 τὸ
1757 1343 1887 1406 πᾶν,

312 1419 406 1470 καὶ
434 1418 466 1488 ἡ
497 1418 558 1470 τδ
590 1423 811 1489 σύμπαν
872 1421 981 1476 ἔσω
1040 1426 1348 1495 σφίγγουσα
1409 1431 1616 1501 σφαῖρα
1655 1433 1746 1484 καὶ
1789 1439 1890 1502 τὴν

311 1507 534 1577 ὀπώραν
561 1511 768 1581 ταύτην
813 1515 1130 1583 ἐπικοσμεῖ,
1173 1521 1268 1571 καὶ
1304 1517 1449 1573 οὕτω
1499 1521 1708 1588 γίνεται
1739 1525 1890 1577 τουτὶ

309 1600 374 1652 τὸ
398 1602 560 1656 καλὸν
616 1605 1044 1678 στεγανώτερον.
1081 1611 1391 1668 Κάντεῦθεν
1447 1612 1562 1666 ἐστι
1606 1614 1666 1668 τὸ
1698 1616 1798 1685 μέν
1837 1633 1890 1669 τι

310 1693 422 1745 τῶν
455 1695 796 1751 καθέκαστον
829 1701 1152 1769 σφαιριδίων
1184 1704 1394 1758 τούτων
1452 1706 1750 1760 ἀπολαϐεῖν
1795 1709 1891 1760 καὶ

312 1791 532 1852 φαγεῖν,
593 1788 702 1840 εἴτε
735 1791 830 1843 καὶΙ
854 1792 1230 1863 ἐναυξήσαντα
1257 1797 1470 1849 ἐκπιεῖν
1496 1813 1510 1828 °
1550 1799 1613 1851 τὸ
1637 1799 1694 1853 δέ
1722 1817 1774 1853 τι
1795 1802 1891 1854 καὶ

1988 707 2058 760 τά
2084 707 2250 777 μέχρι
2279 711 2493 763 τούτου.
2531 711 2606 762 Τὸ
2644 710 2702 762 δέ
2736 711 2831 764 καὶ¹
2881 710 2970 763 διὰ
3005 711 3294 780 χόρτασμα
3327 711 3421 764 καὶ
3453 711 3584 781 φόρ-

1989 816 2080 851 τον
2105 798 2355 868 σώματος
2386 802 2804 868 κατατολμήσαι
2833 801 2942 854 τῶν
2998 801 3146 854 οὕτω
3179 818 3268 870 μοι
3302 801 3577 870 φοϐερῶν,

1991 892 2090 945 οὑκ
2130 893 2262 961 ἐμόν
2293 894 2474 946 ἐστιν’
2505 895 2621 946 ἀλλ’
2656 896 2711 948 εἴ
2743 912 2830 958 τις
2879 894 3188 964 όψόδουλος,
3225 895 3316 947 καὶ
3370 895 3450 957 είς
3473 911 3578 961 γα-

1991 986 2160 1054 στέρα
2198 987 2538 1054 μαργαίνων,
2571 987 2666 1038 καὶ
2694 986 2940 1040 κινδύνου
2969 986 3028 1039 τὸ
3067 985 3349 1056 σπαταλᾷν
3382 986 3582 1038 ἀλλατ-

1991 1076 2241 1146 τόμενος.
2271 1072 2350 1131 Ἦ
2381 1078 2498 1140 πῶς
2529 1078 2596 1131 ἂν
2646 1079 2742 1135 καὶ
2775 1078 3040 1149 θαῤῥείην
3069 1077 3316 1140 εἰσαῦθις
3349 1077 3580 1140 ὁδεύειν,

1991 1167 2051 1233 ὂς
2079 1185 2144 1234 γε
2171 1169 2265 1222 καὶ
2291 1168 2385 1222 νῦν
2414 1169 2618 1238 ὀφείλω
2655 1170 2870 1239 μεγάλα
2911 1171 3132 1241 σῶστρα
3165 1169 3287 1239 Θεῷ
3318 1169 3394 1238 τῷ
3420 1186 3583 1237 περι-

1994 1260 2301 1332 σωσαμένῳ
2334 1277 2440 1330 με;
2504 1261 2569 1314 'H
2606 1261 2706 1328 μὲν
2736 1261 2844 1330 γὰρ
2883 1260 3074 1332 πρώτη
3132 1278 3222 1330 μοι
3256 1261 3438 1330 ἐκείνη
3465 1259 3585 1323 ἐδδς

1994 1351 2041 1404 εί
2071 1351 2168 1405 καῖ⁸
2213 1351 2302 1404 διὰ
2343 1349 2632 1420 τελμάτων
2664 1350 2896 1419 ἐγίνετο,
2948 1351 3064 1404 ἀλλ’
3114 1352 3195 1414 είς
3232 1351 3385 1420 χιόνα
3417 1367 3580 1403 κατε-

1993 1443 2310 1514 χωννύμην,
2369 1444 2466 1498 καὶ
2522 1443 2582 1496 οὑ
2619 1459 2710 1512 μοι
2769 1443 2908 1496 πολὺ
2956 1443 3016 1496 τὸ
3079 1444 3139 1496 ἐν
3189 1443 3364 1496 ἐλπίδι
3409 1442 3584 1496 κακδν

1991 1538 2288 1608 ἐτύγχανεν
2309 1555 2325 1570 ο
2369 1537 2553 1608 ἁπαλὴ
2585 1538 2694 1608 γάρ
2725 1538 2760 1606 ἡ
2809 1536 2944 1607 χιὼν
2979 1537 3321 1607 ὑπέστρωτο,
3353 1537 3448 1588 καὶ
3496 1535 3587 1588 οἵα

1991 1631 2399 1701 ἐγκαθευδῆσαι
2440 1629 2507 1684 ἂν
2547 1631 2640 1686 τὸν
2686 1629 3189 1700 περιπεπτωκόταο
3249 1629 3346 1681 καὶ
3399 1628 3450 1680 εί
3487 1627 3586 1697 μὴ,

1993 1723 2134 1777 κατά
2170 1723 2268 1793 τὴν
2301 1723 2558 1792 ποίησιν,
2617 1723 2696 1784 είς
2731 1720 2900 1774 ὕπνον
2937 1721 3154 1792 λιαρδν,
3206 1721 3325 1775 ἀλλ’
3361 1715 3456 1774 οὖν
3507 1721 3589 1782 είς

1993 1815 2274 1884 ναρκῶδές
2306 1831 2406 1867 που
2440 1813 2613 1876 πάθος
2648 1813 3067 1882 κατενεχθῆναι,
3093 1814 3186 1866 καὶ
3209 1813 3425 1865 κεῖσθαι
3455 1810 3589 1880 γοῦν

311 1880 814 1977 ἀφεῖναΑι-ἐσνέωτα,
847 1885 1016 1953 μηδέν
1039 1903 1092 1939 τι
1117 1890 1230 1949 τοῖς
1247 1888 1452 1952 λοιποῖς
1484 1892 1893 1961 λυμηνάμεκον.
1931 1889 1970 1943 Β
1997 1880 2304 1977 ἄνθρωπον,
2331 1907 2404 1958 Τδ
2427 1905 2484 1958 δὲ
2519 1906 2749 1974 ἔναγχος
2808 1880 3044 1974 ﬂabit—mh
3078 1905 3220 1958 κατὰ
3253 1902 3495 1972 βαρύνων
3521 1899 3591 1971 ἦν

314 1970 440 2024 Τῶν
497 1973 553 2026 δέ
592 1973 686 2026 τοῦ
726 1975 940 2046 μέλιτος
973 1983 1271 2048 σχημάτων
1328 1982 1427 2034 οὑκ
1467 1983 1696 2054 εὐχερὲς
1755 1984 1894 2037 άποο

317 2067 526 2120 σπάσαι
557 2069 700 2132 τινὰ,
733 2069 808 2140 μὴ
834 2071 1230 2139 περιθλίψαντα
1259 2073 1331 2126 τά
1362 2074 1523 2126 λοιπά
1546 2075 1894 2146 γωνιάματα.

319 2160 465 2230 Ιίλην
497 2161 636 2214 ἀλλά
660 2163 712 2214 τί
745 2180 832 2232 μοι
881 2167 1232 2234 σεμνολογεῖν
1268 2166 1330 2220 τὸ
1359 2167 1530 2238 δῶρον
1551 2184 1566 2234 ;
1619 2169 1794 2240 ὅπερ,
1847 2171 1898 2224 εἰ

317 2255 410 2304 καὶ
434 2253 522 2306 διὰ
573 2253 641 2306 τά
673 2256 895 2324 ῥήματα
947 2256 1110 2309 καλὸν
1163 2258 1258 2310 καὶ
1286 2259 1516 2328 κόσμιον
1558 2261 1652 2313 καὶ
1691 2261 1900 2330 θαυμά-

319 2359 458 2410 σιον,
490 2345 627 2398 άλλά
655 2346 858 2415 τρόπον
880 2347 1066 2419 ἕτερον
1096 2349 1154 2402 ἐν
1187 2353 1402 2420 μικροῖς
1436 2352 1694 2407 τέτακται
1717 2353 1806 2407 διὰ
1838 2355 1900 2407 τδ

217 2510 221 2514 .
316 2439 430 2499 τοῖς
454 2438 670 2501 πολλοῖς
704 2440 970 2510 τιμᾶσθαι
1001 2441 1076 2511 μὴ
1111 2441 1332 2498 πολλοῦ.
1365 2444 1559 2513 Ἀφες,
1609 2445 1898 2514 Εὑστάθιε,

319 2530 661 2598 σοφιστεύειν
694 2533 881 2603 μακρά
903 2549 919 2564 ·
986 2534 1108 2586 εἰπὲ
1137 2534 1193 2586 δὲ
1231 2534 1396 2601 μόνον
1432 2537 1611 2590 ἐκεῖνο
1657 2538 1901 2607 πανάλη-

318 2620 430 2684 θες,
463 2621 538 2684 ώς
568 2623 649 2674 ὅτι
683 2623 951 2692 πέπομφά
988 2639 1071 2675 σοι
1127 2625 1279 2676 τουτὶ
1331 2624 1393 2676 τὸ
1423 2625 1618 2694 δῶρον,
1672 2625 1806 2680 αὑτὸ
1835 2627 1902 2698 δὴ

318 2713 482 2766 τοῦτο
513 2715 607 2766 καὶ
633 2717 796 2782 μόνον
835 2716 1076 2783 ἔμφασιν
1113 2715 1366 2785 ἀμυδρὰν
1403 2718 1505 2787 τῆς
1549 2719 1900 2790 άπειροπλη-

318 2805 474 2868 θείας
504 2805 616 2858 τῶν
653 2807 734 2869 είς
784 2807 933 2876 ἡμᾶς
983 2823 1078 2860 σου
1127 2807 1331 2862 καλῶν.
1385 2810 1459 2863 Οὑ
1496 2810 1606 2881 γάρ
1644 2811 1725 2875 είς
1771 2814 1903 2876 ὅσας

317 2898 586 2951 διΐσταται
615 2900 788 2970 ράγας
817 2901 845 2952 ὁ
871 2899 981 2952 τῶν
1014 2899 1259 2970 βοτρύων
1285 2901 1495 2956 τούτων
1525 2904 1713 2973 ἐσμὸς,
1766 2905 1904 2960 ἀλλὰ

322 2991 642 3054 πλειστάκις
673 2992 814 3060 ὑπὲρ
840 2992 1010 3056 αὑτάς
1039 2992 1148 3046 τῶν
1178 2992 1289 3046 σῶν
1320 2993 1545 3062 ἀγαθῶν
1576 2996 1737 3065 ἡμεῖς
1763 2996 1902 3049 ἀποο

321 3080 560 3152 λαύομεν
580 3097 596 3114 ο
627 3083 745 3136 ἀνθ’
769 3071 844 3136 ῶν
872 3085 932 3138 ἐν
965 3087 1033 3156 τῇ
1065 3085 1176 3138 τῶν
1207 3087 1454 3156 οὐρανῶν
1497 3086 1746 3159 βασιλείᾳ
1769 3105 1905 3159 κρα-

2000 1998 2224 2069 βαίνειν,
2253 1998 2396 2051 κατά
2439 1995 2751 2066 βαράθρων,
2797 1995 2939 2048 κατὰ
2988 1995 3325 2064 χαρωνείων,
3367 1996 3589 2064 χασμά-

1999 2107 2129 2154 των,
2159 2088 2300 2143 κατά
2323 2087 2544 2141 λάκκων
2573 2087 2819 2156 ὀλέθρου,
2855 2086 2998 2141 κατά
3030 2087 3297 2156 στόματος
3331 2085 3482 2156 ᾅδου.
3514 2086 3589 2138 Τδ

2003 2180 2104 2250 μὲν
2138 2180 2248 2250 γάρ
2279 2179 2416 2233 πολὺ
2449 2178 2542 2232 τοῦ
2567 2177 2812 2246 παγετοῦ
2844 2179 3084 2247 συνεχῶς
3116 2195 3173 2230 τε
3217 2173 3353 2246 εἶχε,
3385 2180 3479 2230 καὶ
3506 2179 3588 2240 είς

2002 2272 2146 2324 πάνυ
2182 2271 2502 2343 στερέμνιον
2556 2270 2945 2341 ἐσκληρύνετο,
2979 2271 3074 2323 καὶ
3121 2271 3222 2322 οὐκ
3257 2269 3588 2337 ἐξεπιπολής

2000 2363 2145 2417 λεῖον
2173 2357 2241 2434 ἦν
2274 2364 2370 2416 καὶ
2415 2361 2722 2427 ἐξέστιλϐεν
2743 2375 2760 2392 ⁶
2809 2361 2885 2423 ὡς
2915 2357 3054 2414 εἶναι
3098 2361 3281 2414 πᾶσαν
3314 2361 3588 2428 ἀνάγκην,

2002 2457 2131 2519 τοὺς
2165 2455 2457 2526 δυστυχεῖς
2492 2456 2753 2524 ἡμιόνους
2795 2452 3206 2516 διολισθαίνειν,
3237 2454 3336 2506 οὑκ
3364 2452 3590 2523 ἔχοντας

2002 2549 2359 2619 ἐκτραχύνειν
2387 2547 2508 2600 ούδέ
2538 2547 2771 2617 διαιρεῖν
2818 2545 2970 2610 ὄνυξι
3009 2544 3071 2598 τδ
3103 2543 3461 2613 πατούμενον.
3511 2544 3595 2597 Τά

2002 2640 2113 2708 γάρ
2148 2638 2406 2708 σεληναῖα
2454 2638 2660 2702 σφίσιν,
2690 2637 2864 2689 εἰπεῖν
2893 2637 2951 2690 δέ
2986 2636 3341 2705 σαφέστερον,
3377 2634 3451 2686 τά
3490 2633 3595 2687 ὑπὸ

2003 2729 2141 2783 πόδα
2165 2729 2279 2790 τοῖς
2305 2727 2466 2792 ζώοις
2501 2726 2780 2780 ἐκπέταλα
2810 2725 3048 2794 σιδήρια,
3073 2724 3236 2796 ὅμοιά
3253 2741 3361 2778 τινι
3382 2724 3595 2794 σιδήρῳ

2005 2816 2407 2882 άντιτυποῦντι,
2443 2816 2538 2870 καὶ
2573 2817 2692 2868 λεῖα
2726 2815 2906 2868 ταῦτα
2931 2815 3060 2886 λείῳ
3088 2815 3168 2885 τῷ
3195 2815 3422 2883 παγετῷ
3452 2817 3598 2867 ἀντι-

2006 2909 2340 2978 πράττοντα,
2369 2907 2468 2961 οὑκ
2501 2901 2644 2976 εῖχον
2672 2907 2700 2960 ὃ
2749 2923 2802 2960 τι
2829 2907 2924 2960 καὶ
2951 2907 3273 2976 δράσουσινο
3306 2905 3424 2959 ἀλλ’
3445 2901 3592 2977 ἦσαν

2007 3000 2131 3054 καθ’
2160 3000 2330 3053 ἐαυτά
2359 3000 2460 3053 οὑκ
2520 2999 2715 3070 ἔχοντα
2763 2997 3117 3069 δράττεσθαι.
3149 2997 3406 3051 Ἐστιλϐε
3452 2999 3596 3052 κατά

2007 3091 2099 3143 τὸν
2133 3091 2286 3144 ὑελὸν
2333 3090 2362 3141 ὁ
2392 3090 2630 3157 παγετός
2653 3108 2669 3124 ο
2724 3090 2922 3160 μικροῦ
2951 3090 3010 3143 δὲ
3061 3089 3203 3160 ὑπὲρ
3233 3090 3322 3143 τὸν
3371 3090 3596 3161 σίδηρον

321 3175 429 3245 τὴρ
461 3175 727 3245 σωτήριος
775 3175 934 3248 σταίη
967 3193 1051 3231 σοι
1081 3177 1234 3246 παρά
1263 3177 1342 3248 τῷ
1373 3178 1677 3252 παναγάθῳ
1707 3180 1852 3252 Θεῷ.
1937 3227 1984 3288 c
2013 3183 2388 3235 ἐπεπύκνωτο.
2429 3181 2540 3234 Καὶ
2569 3181 2649 3251 τῷ
2681 3181 2781 3251 μέν
2808 3181 2938 3251 λείῳ
2959 3176 3073 3251 εἷχε
3094 3180 3156 3234 τὸ
3182 3180 3472 3251 ὀλισθηρὸν
3497 3181 3594 3233 καὶ

1083 3272 1158 3325 Δ’.

398 3361 560 3414 Κατὰ
587 3359 780 3430 ξιφῶν
829 3361 900 3415 ἐν
931 3360 1135 3430 καιρῷ,
1176 3362 1329 3416 κατὰ
1387 3362 1694 3431 κρημνῶν,
1762 3364 1914 3418 κατὰ

327 3453 628 3521 κυμάτων,
686 3451 838 3506 κατὰ
883 3453 1090 3522 χιόνος
1144 3453 1424 3519 βαθείας,
1467 3454 1618 3508 κατὰ
1648 3455 1912 3524 παγετοῦ

327 3545 820 3614 κακεντρεχείαςο
850 3546 944 3598 καὶ
971 3547 1150 3600 πάντα
1184 3545 1360 3598 ταῦτα
1401 3545 1492 3598 διὰ
1519 3545 1726 3615 φιλίαν,
1758 3545 1917 3609 εἴτις

327 3637 466 3705 ὀρθά
504 3639 762 3706 φρονοίη·
792 3637 852 3690 οὑ
884 3637 994 3707 μὴν
1028 3637 1109 3690 ἐτι
1133 3637 1230 3691 καὶ
1253 3636 1340 3690 διὰ
1375 3637 1614 3701 κοιλίαν,
1647 3639 1696 3691 εί
1727 3639 1801 3709 μή
1831 3656 1918 3702 τις

331 3733 757 3804 παρασιτεῖσθαι
793 3733 1137 3804 μεμάθηκεν.
1193 3733 1266 3786 Οὑ
1324 3732 1518 3786 πολλαὶ
1552 3734 1659 3803 πρὸ
1711 3732 1920 3802 ταύτης

331 3827 540 3896 ἡμέραι
560 3841 573 3855 ’
604 3826 702 3878 καὶ
757 3827 786 3878 ό
845 3825 944 3894 μὲν
973 3823 1192 3892 νιφετὸς
1235 3823 1519 3896 ἐτυράννει
1548 3823 1642 3877 τόν
1669 3843 1730 3878 τε
1757 3825 1917 3894 ἀέρα,

330 3918 432 3985 τήν
457 3933 517 3970 τε
569 3919 673 3986 γῆν
699 3933 714 3950 ο
747 3917 840 3968 τὸν
865 3915 964 3985 μέν
996 3916 1384 3986 συγκρύπτων,
1410 3917 1512 3986 τὴν
1542 3917 1600 3970 δὲ
1629 3918 1880 3988 συγχέων
1901 3950 1916 3964 ο

333 4009 431 4062 καὶ
459 4009 528 4063 τὰ
556 4011 655 4078 τῆς
681 4009 960 4078 Σκυθικῆς
981 4009 1217 4079 ἐρημίας
1247 4011 1423 4080 πτερά
1447 4009 1738 4079 φαντάζων
1765 4012 1918 4080 ἡμῖν,

334 4101 481 4174 άπερ
503 4105 567 4157 ἐκ
607 4102 706 4171 τῆς
737 4100 1027 4173 Ἡροδότου
1065 4101 1293 4170 Μούσης
1319 4100 1473 4154 ἐστιν
1526 4102 1918 4168 ἀναλέξασθαι.

333 4193 521 4251 Ἷισαν
543 4196 747 4248 ταῦτα·
783 4195 878 4248 καὶ
898 4195 926 4247 ὁ
957 4193 1256 4256 Εὑστάθιος
1286 4193 1618 4263 ἐθρασύνετο
1653 4195 1752 4266 τὴν
1777 4195 1918 4259 όδδν,

335 4287 433 4342 καὶ
460 4288 537 4348 είς
567 4287 657 4339 τὸν
707 4284 801 4338 τοῦ
855 4283 1144 4354 Κομνηνοῦ
1199 4281 1517 4354 παρέκυψεν
1549 4280 1738 4348 οἷκον,
1781 4283 1922 4353 χιόνι

339 4378 542 4450 βρύων,
571 4377 662 4430 καὶ
703 4375 781 4446 τῷ
807 4375 962 4446 κρύει
997 4373 1266 4441 πεπηγώς
1289 4390 1302 4404 ⁸
1339 4372 1659 4444 βαμϐαίνων
1698 4373 1802 4427 ὑπὸ
1825 4371 1921 4426 τοῦ

335 4475 565 4544 ψύχους,
622 4471 715 4524 καὶ
746 4470 841 4538 (ὡς
896 4467 1094 4536 είπεῖν)
1127 4467 1447 4537 ἡμίνεκρος.
1483 4465 1592 4520 Καὶ
1632 4460 1702 4536 ἦν
1736 4466 1916 4528 τοῦτο,

2017 3273 2460 3344 ἀπρόσψαυστον,
2485 3271 2564 3343 τῷ
2610 3273 2668 3326 δέ
2697 3271 2891 3344 πυκνῷ
2945 3273 3006 3326 τὸ
3055 3270 3420 3327 ἀνύπεικτον’
3471 3271 3596 3326 ὅθεν

2016 3367 2112 3420 καὶ⁷
2135 3365 2230 3419 νῦν
2257 3366 2356 3434 μὲν
2385 3365 2492 3419 ἀνά
2528 3365 2694 3428 πόδας
2726 3364 2928 3436 ἐχώρει
2958 3365 3020 3419 τδ
3064 3364 3390 3434 ὑποζύγιον,
3417 3363 3511 3418 νῦν
3538 3365 3597 3418 δὲ

2017 3451 2112 3505 καὶ
2137 3452 2218 3515 είς
2248 3453 2510 3523 ἑκάτερον
2551 3452 2875 3506 ἐταλάντευε
2911 3455 2973 3507 τδ
3007 3453 3257 3522 πλάγιον,
3294 3460 3391 3508 καί
3441 3454 3599 3524 μόλις

2018 3540 2166 3614 εἶχεν
2200 3544 2505 3614 ἐρείδεσθαι
2545 3547 2639 3601 καὶ
2689 3546 3007 3618 προϐαίνειν
3037 3550 3151 3612 τοῖς
3197 3549 3400 3618 ἐφεξῆς
3425 3563 3440 3579 ·
3501 3548 3598 3602 καὶ

2020 3637 2182 3706 ἐῴκει
2207 3636 2298 3708 νηῒ
2352 3637 2634 3709 πασχούσῃ
2687 3639 2789 3706 τὴν
2837 3640 2937 3708 τῆς
2971 3639 3247 3708 ἐχενηῖδος
3309 3637 3594 3709 ἐπιϐολὴν,

2020 3730 2115 3782 καὶ
2146 3729 2370 3800 μᾶλλον,
2401 3729 2531 3784 ἔνθα
2563 3747 2667 3784 που
2694 3731 2857 3793 τόπος
2885 3733 3202 3804 ἀνώρροπος
3225 3747 3242 3763 ο
3274 3734 3384 3796 τοῖς
3413 3731 3470 3785 δὲ
3498 3749 3600 3785 κα-

2021 3821 2320 3892 ταφέρουσι
2376 3823 2658 3891 παρήγετο
2693 3823 2940 3887 εὐπετῶς
2965 3864 2979 3888 ,
3037 3824 3114 3888 ὡς
3146 3825 3254 3878 οὐδ’
3296 3824 3362 3878 ἂν
3391 3827 3598 3894 σφαῖρα

2023 3911 2166 3966 κατὰ
2214 3913 2474 3984 πρανοῦς.
2513 3914 2794 3983 Ἐξεφόϐει
2831 3915 2889 3968 δὲ
2919 3916 3044 3979 τοὺς
3082 3917 3338 3983 ἡμιόνους
3367 3918 3468 3987 οὑχ
3497 3911 3598 3987 ἦτε-

2022 4023 2114 4058 τον
2147 4007 2294 4077 καὶὴ
2326 4005 2422 4062 τοῦ
2451 4007 2654 4062 δούπου
2699 4011 3056 4078 καινοφωνία.
3089 4010 3165 4063 Οὐ
3197 4012 3307 4080 γάρ
3347 4005 3414 4080 ἡν
3441 4013 3602 4065 κόνα-

2023 4098 2118 4161 ϐος
2141 4099 2265 4170 γῆς,
2329 4100 2392 4154 οὑ
2441 4099 2533 4153 τὸν
2581 4101 2760 4155 εἰσαεὶ
2806 4102 3002 4172 χρόνον
3055 4103 3449 4172 πεπείρανται,
3483 4103 3600 4156 ἀλλ’

2022 4190 2324 4262 ἐκάρκαιρε
2357 4192 2672 4262 καινότερον
2701 4193 2942 4249 ἐνταῦθα
2969 4194 3031 4247 τδ
3064 4195 3430 4264 ὑποκείμενον
3451 4213 3466 4227 ο
3505 4197 3604 4249 καὶ

2022 4279 2100 4349 τῷ
2126 4280 2448 4352 τραχυτέρῳ
2490 4280 2584 4334 τοῦ
2617 4281 2793 4352 ψόφου
2822 4283 2890 4336 τά
2921 4283 3038 4347 ζῶα
3093 4283 3231 4352 πρὸς
3277 4283 3449 4352 θυμὸν
3481 4283 3602 4336 ἐτα-

2024 4371 2268 4442 ράττετο,
2292 4375 2386 4427 καὶ
2413 4375 2441 4425 ό
2471 4374 2735 4444 ἐπιϐάτης
2765 4374 3237 4444 ἐκυμαίνετο.Κα“ι
3257 4373 3471 4427 τοιοῦτο
3501 4375 3602 4444 μὲν

2021 4462 2083 4514 τὸ
2106 4462 2290 4518 πλεῖον
2321 4463 2418 4518 τοῦ
2451 4463 2696 4534 παγετοῦ
2725 4465 2822 4517 καὶ
2848 4465 2910 4517 τὸ
2941 4463 3102 4518 λεῖον.
3145 4465 3274 4516 Ὅτε
3293 4464 3348 4517 δὲ
3377 4465 3470 4516 καὶ
3501 4463 3602 4534 τὴν

339 4566 584 4637 θέλωμεν
607 4567 804 4628 εἰπεῖν,
825 4562 1007 4633 φιλίας
1031 4558 1391 4631 (εὐλαϐοῦμαι
1423 4559 1480 4612 δέ
1503 4559 1594 4613 τὸν
1627 4558 1919 4630 φιλόσοφον
1949 4575 1996 4634 υ
2022 4553 2357 4626 ἀτράχυντον
2381 4555 2586 4625 ταύτην
2615 4553 2984 4623 παρέλθωμεν
3005 4554 3273 4625 ἀτραπὸν,
3302 4555 3602 4624 διεδέχοντο

337 4659 540 4714 κανόνα
561 4659 650 4713 διὰ
677 4657 738 4710 τὺ
769 4657 828 4710 ἐν
859 4655 993 4726 ἡμῖν
1033 4652 1415 4723 ἀσύμμετρον)
1437 4665 1452 4680 ⁸
1488 4646 1558 4721 ἦν
1607 4651 1766 4705 τοῦτο
1811 4651 1918 4705 τοί-

340 4769 457 4817 νυν,
491 4749 561 4803 ῖν’
599 4747 855 4818 ἀσφαλῶς
896 4747 1066 4811 εῐπω,
1098 4745 1286 4808 πίστις
1337 4743 1661 4816 ὑπολήψεως
1693 4745 1919 4816 εὐχαρί-

340 4859 468 4896 στου
500 4844 596 4897 καὶ
619 4843 676 4894 ἐν
707 4840 992 4908 εὑχρήστῳ
1019 4839 1302 4907 κειμένης,
1340 4837 1436 4890 καὶ
1485 4837 1554 4908 ἢν
1586 4837 1686 4889 οὑκ
1735 4837 1800 4892 άν
1835 4852 1920 4896 τις

344 4934 643 5006 μέμψαιτο.
692 4931 830 4987 Μετ’
864 4930 1081 5000 ἐκείνην
1112 4930 1320 5000 ἡμέραι
1352 4928 1446 4982 δύο
1483 4927 1590 4999 πρὸ
1622 4929 1720 4998 τῆς
1749 4928 1876 4997 ἄρτι
1901 4943 1914 4957 ο

343 5028 438 5081 καὶ
468 5025 528 5078 τὸ
559 5023 694 5077 πολὺ
750 5023 848 5092 μὲν
876 5021 971 5075 τοῦ
1015 5020 1235 5092 νιφετοῦ
1269 5019 1482 5090 άπῆλθε
1509 5021 1699 5074 τακέν.
1731 5017 1838 5071 Τοῦ
1865 5019 1922 5072 δὲ

342 5117 672 5187 λειπομένου
696 5116 756 5169 τὸ
788 5115 889 5186 μὲν
924 5112 1086 5166 πλέον
1123 5113 1264 5183 μετά
1289 5112 1554 5184 τηκεδόνα
1575 5113 1657 5175 είς
1681 5109 1920 5179 παγετὸν

346 5211 630 5266 πυκνωθὲν
667 5210 746 5281 τῷ
795 5209 1102 5279 τριϐομένῳ
1155 5207 1256 5277 τῆς
1305 5207 1586 5278 λεωφόρου
1636 5203 1922 5278 σταθηρῶς

347 5307 615 5373 άπέμεινε
640 5319 652 5333 ·
698 5303 760 5356 τὸ
809 5301 866 5355 δέ
907 5319 960 5354 τι
999 5300 1157 5371 μέινον
1183 5300 1277 5353 ἐπὶ
1307 5299 1405 5369 τῆς
1457 5298 1698 5374 φύσεως,
1745 5301 1923 5367 τεῖχος

345 5389 458 5447 οἶόν
487 5413 538 5448 τι
565 5397 630 5447 ἐκ
671 5391 884 5458 δεξιῶν,
912 5392 1008 5444 καὶ
1043 5392 1220 5458 τεῖχος
1257 5389 1317 5454 ἐξ
1347 5387 1650 5458 εὐωνύμων
1681 5389 1794 5450 τοῖς
1821 5405 1922 5440 πα-

349 5484 658 5551 ροδεύουσιν
688 5481 1092 5544 ἀνεστοίϐαστο,
1122 5479 1322 5548 ἀνέμου
1355 5477 1586 5548 χοάνοις,
1617 5478 1728 5549 ὅπῃ
1759 5477 1922 5548 τύχῃ,

345 5573 748 5646 διαρριπισθέν.
783 5573 896 5626 Καὶ
919 5566 988 5641 ἦν
1017 5570 1292 5623 κάνταῦθα
1331 5569 1495 5623 πάλιν
1519 5568 1726 5639 θρασὺς
1766 5569 1795 5619 ὁ
1827 5569 1925 5622 E5-

349 5665 594 5728 στάθιος,
651 5665 750 5718 καὶ
794 5661 1106 5730 κατετόλμα
1160 5659 1255 5713 τού
1310 5660 1552 5726 παγετοῦ
1579 5677 1594 5691 ·
1639 5661 1732 5712 καὶ
1779 5655 1926 5729 εἶχεν

350 5759 516 5810 αὑτὸν
545 5755 703 5815 αὖθις
741 5757 769 5809 6
805 5751 952 5816 οἶκος
974 5753 1068 5806 τοῦ
1105 5750 1393 5822 Κομνηνοῦ
1447 5750 1800 5822 θαρῤἡσαντα
1826 5751 1926 5822 τὴν

349 5847 492 5902 ὀδόν.
529 5847 738 5916 Δεῖγμα
797 5846 890 5899 καὶ
935 5842 1111 5908 τοῦτο,
1177 5841 1370 5898 οὑκουν
1434 5841 1574 5913 (οὐδὲ
1609 5841 1706 5898 νῦν
1759 5843 1924 5912 λέγω)

2021 4647 2167 4717 ἡμᾶς
2201 4647 2279 4716 πῆ
2307 4646 2406 4716 μὲν
2436 4645 2696 4699 ’Υσθυνοι
2727 4643 2826 4716 [οι.
2857 4643 3095 4715 βόθυνοι]
3130 4645 3273 4712 μέγα
3299 4663 3352 4698 τι
3391 4647 3602 4714 χαίνον-

2021 4754 2135 4805 τες,
2154 4737 2344 4802 ὕδατος
2365 4737 2682 4807 πλήθοντες,
2709 4736 2963 4804 παγετῶν
2980 4736 3313 4807 ἀπορῤῶγας
3335 4738 3492 4791 ἐκατέ
3502 4754 3601 4808 ρω-

2023 4833 2114 4884 θεν
2135 4830 2237 4884 ὅσα
2275 4830 2372 4884 καὶ
2398 4829 2561 4901 δχθας
2587 4827 3052 4899 προϐεϐλημένοι,
3091 4829 3188 4882 καὶ
3214 4827 3376 4899 μέχρι
3407 4829 3500 4881 καὶ
3519 4831 3600 4892 είς

2022 4924 2268 4994 γαστέρα
2326 4923 2452 4984 τοὺς
2510 4923 2766 4992 ἡμιόνους
2797 4920 3135 4990 βυθίζοντες·
3173 4919 3251 4991 πῆ
3289 4921 3345 4974 δὲ
3377 4920 3600 4993 βοθρεύ-

2027 5031 2196 5086 ματα,
2221 5015 2298 5078 εἰς
2325 5011 2487 5083 βάθος
2519 5011 2619 5082 μὲν
2641 5013 2740 5065 οὑκ
2761 5012 2826 5066 ἂν
2849 5011 2999 5077 ἄξιον
3015 5012 3174 5080 λόγου
3193 5012 3598 5082 κοιλαινόμενσ,

2022 5107 2123 5177 τῆς
2148 5107 2207 5160 δὲ
2246 5106 2441 5176 λοιπῆς
2495 5104 2831 5168 διαστάσεως
2866 5105 3328 5176 εὑπεριγράπτως
3380 5105 3598 5175 ἔχοντα,

2022 5197 2184 5250 ὁποῖα
2211 5195 2280 5249 τά
2297 5198 2406 5248 τῶν
2446 5195 2684 5264 ἀγγείων
2718 5194 2986 5264 σύστομα.
3009 5190 3177 5255 Εἷπες
3209 5196 3274 5249 ἂν
3309 5195 3401 5252 τὸν
3429 5213 3604 5263 παγε-

2023 5287 2116 5341 τὸν
2157 5286 2348 5340 τοῦτον
2389 5285 2542 5352 ἰδὼν,
2571 5281 2630 5339 εὖ
2665 5285 2811 5355 μάλα
2841 5286 3276 5341 συνεσκευάσθαι
3313 5289 3450 5358 πρὸς
3480 5287 3604 5341 ἀλό-

2025 5396 2136 5448 γων
2159 5378 2315 5442 ζώων
2347 5378 2625 5449 ποδάγραν
2644 5393 2660 5411 °
2701 5378 2782 5440 είς
2828 5378 3056 5432 τοσοῦτο
3083 5379 3194 5451 γάρ
3219 5380 3493 5451 ἠνοίγετο,
3520 5382 3602 5444 είς

2026 5473 2148 5525 ὅσον
2187 5471 2252 5525 άν
2299 5486 2386 5533 τις
2413 5469 2577 5532 ἵππος
2616 5467 2826 5541 χαλάσῃ
2854 5469 2945 5524 τὸν
2977 5469 3163 5542 ὄνυχα.
3219 5474 3456 5544 Μηχανὴ
3491 5493 3604 5544 χει-

2029 5563 2208 5634 μῶνος
2231 5559 2374 5631 αὑτη
2399 5559 2558 5626 ζώοις
2586 5560 2893 5628 ἐπίϐουλος,
2924 5564 3236 5632 μαγγανεία
3262 5581 3346 5628 τις
3373 5567 3600 5619 ταθείσα

2027 5654 2163 5726 πρὸς
2195 5652 2499 5724 θήρατρον⁶
2543 5653 2822 5727 ποδοκάκη
2857 5654 3090 5725 ψύχους,
3123 5655 3368 5708 ἐκποδὼν
3403 5673 3606 5727 πειρω-

2030 5747 2167 5817 μένη
2199 5744 2474 5798 θέσθαιτά
2516 5744 2810 5816 ὑποζύγια.
2841 5747 3106 5803 Ἐνταῦοα
3127 5750 3259 5819 ἡμῖν
3281 5750 3313 5818 ἡ
3339 5750 3604 5820 Δημήτηρ

2028 5839 2212 5894 οὐκέτι
2237 5839 2426 5912 μήτηρ
2449 5833 2540 5908 ἦν,
2573 5839 2688 5892 ἀλλ’
2716 5839 2795 5903 είς
2817 5841 3090 5910 μητρυιάν
3127 5841 3560 5909 μεταπέπτωκεν
3582 5854 3601 5873 ο
