4062 6408
523 379 656 448 1251

1926 387 2311 454 ADDENDA.

3629 384 3807 463 .1252

519 497 702 550 οὐκέτι
724 495 1012 564 ζωογόνος,
1041 493 1224 548 οὐκέτι
1250 493 1524 564 φυσίζωος
1547 510 1561 525 °
1598 493 1734 549 ἀλλά
1761 496 2096 567 ζωοφθόρος,
2132 498 2174 554 Δ
2205 502 2267 569 δὴ
2320 498 2662 568 ἐπιλέγοντες
2711 498 2807 553 καὶ
2860 497 3040 569 ἡμεῖς,
3070 495 3124 549 τί
3162 493 3353 563 τοῦτο;
3385 495 3479 549 καὶ
3507 496 3804 566 ὐδεριῶντι

520 591 657 644 ἀλλά
708 589 1125 660 φθισίμϐροτος.
1161 587 1402 642 Τοιαῦτα
1449 587 1598 641 κακὰ
1627 583 1698 658 ἦν
1736 589 1870 658 ἡμῖν
1925 589 2096 657 ιμπο-

518 683 628 738 δὼν
691 687 757 752 τῇ
821 683 959 752 μετά
993 682 1093 753 τὴν
1147 679 1372 752 πρώτην
1423 681 1562 735 έδόψ
1601 681 1829 752 τοιούτῳ
1865 681 2096 735 κλύδωνι

519 775 910 846 ἔφορούμεθα,
982 775 1088 834 ἕως
1147 773 1249 843 τῆς
1333 773 1496 842 φίλης
1576 773 1875 842 ἐγενόμεθα
1944 773 2094 841 γῆς,

519 867 613 917 καὶ
653 865 755 934 τῆς
797 864 1100 934 συντρόφου
1138 865 1363 935 ἀγορᾶς,
1417 865 1508 917 καλ,
1545 865 1654 917 τῶν
1686 860 2097 934 καπνορῤ[ο‹ἷ.ν]

517 957 726 1022 οἰκιῶν,
784 959 879 1012 καὶ
924 956 1021 1011 τοῦ
1069 956 1333 1026 συνήθους
1364 957 1555 1025 πηλοῦ.
1611 957 1719 1009 Καὶ
1758 957 1816 1008 1:6
1849 955 2100 1009 ἐντεῦθεν

517 1045 664 1118 εἶχεν
693 1051 840 1118 ἡμᾶς
875 1050 903 1101 6
927 1049 1114 1120 λιμὴν,
1142 1052 1236 1102 καὶ
1269 1049 1576 1120 σωζόμεθα.
1609 1049 1771 1118 Οῖμοι
1801 1049 1978 1101 τοίνυν
2001 1050 2100 1118 τῖς

521 1143 619 1211 σῆς
654 1143 894 1211 αἰθρίαςο
927 1145 1028 1210 τῆς
1057 1143 1308 1198 ἀκάπνου
1342 1143 1549 1205 ἑστίας·
1577 1141 1685 1195 τῶν
1713 1140 1974 1212 καθαρῶν
2003 1141 2096 1193 ἀέ-

518 1251 650 1304 ρων·
682 1236 789 1288 τῶν
819 1236 1096 1304 παγετῶν,
1131 1235 1312 1288 εἶτουν
1343 1235 1608 1303 παγίδων,
1642 1233 1707 1297 δις
1737 1235 1868 1304 ἡμῖν
1895 1233 2097 1302 ἔπηξεν

516 1327 545 1378 6
573 1326 802 1397 χειμών.
834 1328 900 1381 Τί
926 1345 1015 1398 μοι
1041 1327 1140 1396 τῆς
1173 1327 1376 1394 πολλῆς
1410 1329 1616 1396 χιόνος;
1657 1325 1691 1397 ἦ
1728 1343 1812 1386 τις
1835 1326 1965 1394 ὑμῖν
1997 1325 2098 1394 μὲν

515 1419 772 1491 ἀπερρύη
797 1421 910 1482 τοῖς
943 1421 1208 1482 ἀστικοῖς,
1238 1421 1368 1491 ἡμῖν
1397 1419 1453 1473 δὲ
1483 1422 1595 1481 τοῖς
1627 1419 1964 1490 ὲρημάξουσι
2001 1417 2096 1471 καὶ

516 1511 658 1579 ὑπὲρ
679 1514 748 1563 τὰ.
782 1510 1003 1564 Ῥιπαῖα
1031 1509 1424 1579 πεπλήθυνται·
1446 1509 1575 1578 παρ’
1603 1505 1704 1577 οἷς,
1736 1510 1864 1580 εἴπῃ
1891 1508 1955 1562 ἄν
1988 1525 2093 1570 τις,

515 1600 789 1668 περιξέων
821 1602 919 1671 τὴν
953 1603 1192 1671 ποίησιν,
1225 1602 1324 1672 τὴν
1367 1601 1465 1672 μὲν
1501 1603 1811 1672 θερμότητα
1843 1600 2099 1666 καθάπαξ

515 1691 938 1762 πτερυξαμένην
981 1694 1095 1749 ἄνω
1143 1711 1246 1748 που
1279 1693 1463 1765 μένειν
1501 1696 1558 1746 ἐν
1589 1694 1871 1765 Ὀλύμπῳ,
1905 1695 2005 1765 τὴν
2039 1695 2097 1747 δὲ

513 1786 832 1855 ψυχρότητα
866 1786 1135 1860 [πτεροῖσι
1174 1787 1592 1862 κατα]πτῆν[αι]
1632 1789 1892 1853 λευκοῖσι,
1925 1788 2095 1842 καλυ-

2209 591 2440 660 στόματι
2476 591 2536 644 τὸ
2569 591 2905 662 βλεπόμενον
2933 589 3390 658 παρεικάζοντες.
3421 589 3808 659 ἐπιϐάλλομεν

2204 686 2394 754 χεῖρας
2419 700 2434 714 ·
2472 684 2566 737 καὶ
2622 683 2684 736 τὸ
2742 681 2946 750 πτηνὸν
2975 681 3292 734 διέσπαστο.
3332 681 3443 736 Καὶ
3481 680 3607 735 οὐτε
3665 683 3809 736 αὐτό

2205 773 2558 844 κατείχομεν,
2595 773 2716 826 ἀλλ’
2741 777 2821 836 εἰς
2855 774 3100 842 γαστέρα
3134 773 3483 827 κατέσπαστο
3505 790 3520 804 ·
3549 775 3648 828 καὶ
3679 774 3808 829 οὐδὲ

2203 866 2302 937 τὴν
2333 866 2441 937 πρὸ
2470 866 2638 919 αὐτοῦ
2668 865 2873 935 γνῶσιν
2901 865 3141 936 εἴχομεν,
3171 866 3307 919 ἀλλά
3347 868 3442 919 καὶ
3493 869 3670 921 εἰσέτι
3699 869 3805 933 ζη-

2201 961 2425 1030 τοῦμεν.
2458 959 2564 1014 Καὶ
2592 960 2656 1012 τὸ
2689 961 2750 1012 τί
2773 958 2950 1012 τοῦτο
2978 958 3266 1027 περιμένει
3296 959 3450 1028 ἡμῖν,
3483 960 3580 1010 καὶ
3608 960 3802 1012 πυκνὰ

2200 1053 2518 1108 ἐκκαλεῖται
2564 1054 2592 1104 ό
2626 1050 2832 1120 ἐπῳδὸς
2864 1044 2978 1112 τοῖς
3007 1049 3231 1121 ᾄδουσιν
3256 1065 3270 1082 ·
3303 1051 3476 1117 ἡμεῖς
3507 1050 3577 1104 δὲ
3603 1053 3667 1104 τί
3695 1052 3802 1104 καὶ

2199 1147 2349 1214 πρὸς
2375 1144 2607 1210 ταῦτα;
2635 1144 2825 1208 Οὐδὲν,
2856 1143 3024 1214 ἀλλ’ἢ
3056 1143 3295 1205 πάντως,
3321 1145 3462 1212 ὅπερ
3488 1145 3583 1196 καὶ
3615 1145 3802 1206 ἐσαεὶ,

2201 1237 2262 1291 το
2294 1237 2618 1306 εὐχάριστον
2652 1239 2746 1290 καὶ
2773 1237 2840 1290 τά
2871 1239 2972 1307 τῆς
3007 1235 3198 1304 εὐχῆς,
3261 1235 3297 1287 ἀ
3352 1234 3448 1288 καὶ
3501 1236 3644 1303 μόνα
3687 1235 3804 1288 τῶν

2200 1328 2491 1399 ἡμετέρων
2519 1327 2838 1397 ἀντιδόσιμα
2873 1328 3009 1398 πρὸς
3033 1327 3093 1380 τὸ
3138 1326 3230 1378 σὸν
3258 1324 3676 1395 μεγαλόδωρον.
3715 1326 3802 1378 Τὰ

2200 1419 2382 1489 πτηνά
2434 1418 2611 1474 ταῦτα
2639 1420 2708 1474 τά
2749 1419 2906 1486 όλίγα
2935 1420 3002 1472 τά
3039 1418 3205 1484 ίξωτά
3260 1419 3398 1482 πρὸς
3433 1418 3534 1488 μὲν
3575 1418 3803 1489 ἐκείνην

2199 1512 2300 1578 τὴν
2327 1511 2388 1566 τὸ
2417 1513 2526 1567 πᾶν
2561 1513 2620 1565 έν
2651 1512 2830 1584 ὄρνισι
2857 1510 3162 1580 λογισθεῐεν
3188 1513 3255 1565 ἂν
3279 1513 3456 1579 ἄτομα
3481 1529 3496 1544 ο
3527 1515 3578 1565 εί
3620 1513 3677 1566 δέ
3713 1529 3803 1577 τις

2198 1602 2382 1664 αὐτοῖς
2433 1602 2495 1655 τὸ
2553 1603 2711 1669 γένος
2765 1601 3051 1667 λογίζοιτο,
3085 1597 3196 1655 εἷεν
3224 1601 3291 1656 ἂν
3319 1600 3446 1667 ἀξια
3490 1603 3585 1655 καὶ
3615 1603 3802 1656 ταῦτα

2198 1694 2419 1757 πολλοῦ,
2452 1693 2596 1747 καθά
2623 1711 2688 1762 γε
2730 1694 2826 1747 καὶ
2867 1693 2895 1746 6
2937 1693 3164 1764 χρυσὸς,
3203 1693 3340 1762 πρδς
3371 1689 3440 1746 ὃν
3463 1689 3523 1746 εὗ
3557 1692 3710 1760 μάλα
3736 1693 3803 1745 τὸ

2198 1788 2353 1856 γένος
2382 1785 2540 1842 τοῦτο
2560 1785 2852 1859 χρώζεται.
2881 1786 3128 1857 Χρύοεον
3147 1785 3176 1838 ό
3203 1784 3371 1855 μῦθος
3400 1784 3608 1839 ἔπλασε
3633 1785 3802 1851 γένος

512 1879 766 1949 ψαμένην
816 1858 930 1944 τοῖς
963 1858 1025 1933 ἐκ
1068 1881 1250 1950 χιόνος
1288 1858 1710 1952 φ-αρέεσήινίυύκ
1758 1881 1826 1935 ἂν
1864 1883 1933 1935 τὰ
1967 1880 2092 1934 καθ’
2122 1858 2168 1918 Β
2197 1881 2431 1950 ἀνδρῶν’
2465 1881 2560 1934 καὶ
2590 1858 2740 1934 ἔστιν
2769 1881 2826 1934 ὲν
2858 1879 3183 1948 παροιμίαις
3216 1879 3393 1932 έκεῖνο
3428 1877 3534 1947 7:96
3566 1877 3803 1931 πάντων

513 1970 664 2037 ἡμᾶς
680 1969 797 2022 οὐδὲ
819 1969 848 2022 6
869 1969 964 2023 τοῦ
986 1970 1177 2040 θέρους
1205 1970 1425 2025 καύσων
1449 1969 1754 2042 ἀπαλλάξῃ,
1774 1973 1867 2025 τοῦ
1887 1971 2094 2042 ψύχους

511 2061 572 2114 τὸ
611 2061 850 2132 ἀκμαῖον
883 2062 1222 2133 πυρούμενος
1243 2079 1260 2096 ο
1307 2063 1403 2118 καὶ
1435 2062 1592 2134 μόγις
1626 2062 1727 2132 μέν
1759 2081 1864 2118 που
1891 2065 1984 2118 καὶ
2012 2064 2094 2127 είς

513 2153 860 2223 φθινόπωρον
905 2156 1311 2225 καταστήσεται
1355 2156 1384 2209 6
1418 2155 1646 2226 χειμών·
1677 2154 1835 2224 ἔαρος
1863 2154 1919 2208 δὲ
1949 2152 2092 2208 δοκῶ

515 2264 606 2315 μοι
627 2246 686 2312 ἐξ
713 2247 978 2316 ὀνόματος
1001 2248 1096 2302 καὶ
1125 2247 1290 2319 μόνου
1325 2248 1723 2318 μεμνήσεσθαι.
1747 2247 1933 2311 Οὐτως
1957 2248 2091 2317 ἡμῖν

511 2341 546 2411 ἡ
582 2340 719 2411 χιὼν
775 2342 1114 2414 σεσώρευται
1167 2343 1246 2406 είς
1292 2341 1595 2411 δαψίλειαν,
1627 2342 1688 2396 οὐ
1741 2340 1902 2412 μόνον
1931 2342 2090 2410 (ὅπερ

509 2433 653 2499 ιστὶ)
687 2432 947 2503 μένουσα,
973 2433 1236 2503 γινομένη
1259 2433 1314 2488 δὲ
1341 2433 1436 2488 καὶ
1458 2433 1644 2487 πλεῖον
1669 2432 1858 2488 κακόν.
1886 2433 1960 2485 τὸ
1987 2431 2089 2501 μὲν

510 2521 620 2592 γὰρ
647 2521 820 2590 αὐτῆς
841 2520 940 2592 ἤδη
968 2521 1186 2593 τέτηκε,
1213 2521 1310 2575 καὶ
1335 2523 1418 2585 είς
1447 2521 1802 2592 κρυοταλώδη
1829 2522 2087 2573 σύστασιν

509 2616 750 2685 πέπηγε,
781 2617 878 2670 καὶ¹
926 2615 1070 2669 κατά
1115 2613 1214 2678 τὰς
1243 2616 1309 2669 ἐκ
1353 2615 1648 2686 μαρμάρου
1696 2611 1924 2684 λίθου[ς1
1957 2629 2090 2666 κατ·

508 2710 811 2780 ἐστρωται,
837 2709 934 2762 καὶ
959 2708 1228 2780 φυλάσσει
1271 2707 1370 2779 τὴν
1393 2710 1498 2778 γῆν
1531 2707 1844 2774 ὑποζυγίοις
1884 2706 2090 2776 ἀπρόσ-

507 2800 692 2855 ϐατον·
729 2801 790 2855 τὸ
821 2801 878 2855 δέ
908 2819 961 2857 τι
993 2800 1292 2871 συντέτηκε
1338 2799 1437 2870 μὶν
1469 2797 1680 2854 οὐδέπω
1723 2797 1865 2868 πρὸς
1903 2795 2088 2850 πλάκα

510 2893 690 2967 μί[αν,
712 2896 806 2950 καὶ
837 2893 1220 2967 συγ]κέχυται,
1253 2891 1387 2947 ἀλλὰ
1411 2892 1597 2963 διέχει,
1628 2892 1723 2946 καὶ
1745 2879 2087 2960 είςκρυστα-

505 2986 703 3051 λώδεις
730 2985 1004 3058 θρόμϐους
1043 2985 1318 3058 διέστηκεο
1358 2985 1418 3039 τὸ
1443 2985 1501 3038 δὲ
1539 2985 1728 3040 λοιπὸν
1762 2985 2084 3053 ὑπερκάθη-

505 3094 617 3146 ται,
641 3076 779 3149 χιὼν
806 3076 1114 3146 ἀκραιφνὴς
1137 3077 1197 3146 μί
1203 3072 1482 3146 μ[νουσα],
1506 3074 1630 3128 ὅσον
1658 3072 2082 3145 καταϐησομένη

503 3173 643 3241 πρὸς
681 3171 947 3240 τηκεδόνα
975 3169 1070 3223 καὶ
1108 3167 1510 3236 ὲπαυξήσουσα,
1544 3168 1600 3221 εί
1627 3184 1728 3222 που
1755 3165 1815 3220 τὸ
1853 3166 1915 3220 ὲκ
1946 3182 2086 3235 κρυ·
2110 3206 2155 3269 C

507 3265 706 3320 στάλου
735 3261 1096 3334 λιθόστρωτον
1152 3259 1534 3333 ὑπορρεύσειε.
1572 3258 1683 3314 Καί
1724 3260 1830 3312 είσι
1854 3255 2078 3330 τ[αῦτα]

504 3360 664 3416 κακὰ
686 3359 786 3414 ἐπὶ
813 3358 1044 3424 κακοῖς,
1075 3357 1217 3412 κατά
1239 3355 1337 3426 τὴν
1367 3355 1690 3427 παροιμίαν*
1715 3354 1748 3426 ἦ
1771 3353 1865 3409 καὶ
1882 3354 2081 3418 ἄλλως,

501 3451 758 3521 διάδοχοι
799 3448 1001 3504 κακῶν
1028 3447 1260 3516 κακοῖς,
1295 3447 1371 3511 ὡς
1421 3447 1454 3518 ἡ
1500 3445 1804 3519 τρ[αγῳδία
1846 3445 2080 3518 φ]η[σί].

501 3547 690 3600 Φείδου
723 3545 903 3599 τοίνυν
938 3542 1014 3613 μὴ
1049 3541 1208 3614 μόνον
1237 3541 1347 3595 τῶν
1375 3540 1687 3610 ὑποζυγίων
1719 3539 1900 3612 ἡμῶν,
1945 3540 2084 3594 ἀλλὰ

503 3637 600 3691 καὶ
633 3635 794 3708 ἡμῶν
827 3635 1029 3690 αὐτῶν.
1059 3635 1136 3689 Οὐ
1161 3634 1270 3707 γὰρ
1300 3633 1418 3688 δέον
1450 3633 1517 3688 ἂν
1542 3631 1775 3701 γένοιτο,
1802 3633 1898 3684 καὶ
1932 3631 2082 3701 ἡμᾶς

501 3730 590 3784 διὰ
617 3730 808 3797 γεῦσιν
833 3728 925 3783 τοῦ
951 3725 1100 3799 [ζῇν]
1120 3727 1398 3780 ἐκπεσεῖν⁹
1423 3725 1471 3778 εί
1499 3723 1556 3778 δὲ
1575 3723 1636 3778 τδ
1667 3721 1845 3793 στόμα
1876 3723 2041 3793 πλῆσ-
2063 3741 2080 3776 ι

501 3822 703 3894 χρεὼν,
738 3822 932 3891 ἔχομέν
969 3837 1063 3873 σου
1107 3819 1209 3880 τὰς
1254 3816 1578 3886 κειμηλίους
1623 3814 1853 3886 τροφὰς,
1901 3811 1960 3878 ἐξ
2005 3807 2081 3867 ὧν

502 3917 604 3985 τὴν
633 3914 846 3987 τρυφὴν
878 3911 1292 3980 ἀποπλήσομεν.
1323 3911 1398 3960 Οὐ
1448 3907 1556 3976 γὰρ
1584 3907 1725 3962 κατὰ
1762 3907 1824 3959 τὸ
1850 3906 2080 3959 παλαιὸν

507 4012 684 4080 μάννα
736 4009 976 4078 ἡμέραις
1019 4005 1153 4074 ἡμῖν
1199 4001 1453 4072 όλί[γαις]
1505 4001 1574 4054 τά
1618 3999 1686 4052 σά
1736 3999 2078 4069 μεμέτρηται

504 4101 688 4170 ἀγαθά
705 4115 718 4130 °
753 4098 877 4152 οὐδὲ
904 4097 1033 4167 περὶ
1057 4095 1159 4164 τῆς
1185 4093 1377 4164 αῦριον
1422 4094 1592 4165 μόνης
1619 4093 1754 4160 ἡμῖν
1783 4089 1945 4154 αὐτὸς
1985 4107 2081 4160 με-

509 4195 740 4266 ριμνᾷςο
795 4188 912 4244 ἀλλ’
963 4187 1313 4256 ὑπερϐαίνεις
1365 4185 1448 4248 είς
1494 4183 1707 4254 μακρὸν
1733 4183 1948 4237 ταῦτα·
1983 4184 2080 4236 καὶ

505 4288 652 4341 ἔστιν
674 4287 702 4340 6
721 4278 1084 4354 γλυκ[ασμδς]
1105 4281 1133 4333 6
1156 4279 1248 4342 σὸς
1271 4275 1640 4347 πολυχρόνιος,
1666 4275 1814 4344 καὶὴ
1840 4274 2079 4346 μέριμνα

505 4381 634 4450 περὶ
684 4375 914 4448 μακρῶν
957 4375 1094 4444 ἡμῖν
1124 4371 1232 4425 τῶν
1263 4370 1577 4440 ἐσύστερον.
1605 4370 1691 4408 —-'
1717 4367 1866 4435 Αλλ⁹,
1902 4367 1947 4420 ὣ
1982 4366 2076 4420 τοῦ

502 4472 818 4546 θαύματοςί
846 4470 924 4523 ἔτι
958 4483 1048 4538 μοι
1067 4463 1318 4535 [ταύτην]
1345 4461 1745 4534 ὑπαγορεύοντι
1773 4459 1921 4534 τΙὴν]
1943 4476 2080 4530 γρα-

2197 1975 2488 2046 ἀγόμενον.
2515 1973 2702 2044 Πολλῷ
2723 1973 2788 2048 δὴ
2819 1976 2980 2027 πλέον
3004 1973 3082 2041 τῷ
3104 1973 3250 2042 γένει
3270 1972 3445 2042 τούτῳ
3467 1971 3570 2042 τὴν
3596 1970 3801 2037 τιμίαν

2197 2067 2332 2140 ὓλην
2382 2066 2652 2138 προσάψει
2681 2083 2786 2130 τις,
2820 2067 2881 2120 τὸ
2919 2067 3018 2135 τῆς
3059 2065 3388 2135 πτερώσεως
3418 2063 3798 2133 λογισάμενος

2195 2161 2447 2232 χρύσεον·
2503 2160 2552 2214 εί
2603 2159 2661 2214 δὲ
2718 2157 2814 2213 καὶ
2858 2159 3061 2229 χρυσαῖ
3100 2157 3322 2226 νεφέλαι
3369 2156 3578 2228 χρυσὸν
3613 2174 3799 2212 κατα-

2195 2252 2385 2322 ερέΞαι
2419 2267 2523 2304 που
2557 2249 2835 2318 λέγονται,
2871 2247 3102 2319 χρύσεος
3148 2246 3216 2302 ἂν
3261 2247 3476 2315 λέγοιτο
3531 2248 3798 2312 κάκεῖνος

2194 2345 2323 2416 ἀὴρ,
2361 2343 2429 2398 δι’
2453 2335 2515 2397 οὗ
2545 2342 2613 2397 τά
2641 2341 2868 2397 τοιαῦτα
2935 2341 3118 2410 πτηνά
3178 2341 3387 2414 χρύσεα
3443 2340 3788 2394 στέλλονται.

2197 2435 2455 2505 Ἔχουσιν
2502 2429 2596 2488 οὖν
2633 2451 2686 2487 τι
2717 2432 2807 2486 διά
2837 2431 3011 2486 ταῦτα
3048 2433 3245 2500 σεμνὸν
3293 2432 3387 2486 καὶ
3419 2432 3595 2486 αὐτά·
3625 2433 3676 2487 εί
3730 2431 3794 2485 δὲ

2198 2525 2272 2595 μὴ
2304 2524 2484 2593 τοῦτο,
2517 2523 2654 2580 ἀλλά
2703 2541 2769 2593 γε
2817 2524 2906 2578 διὰ
2951 2522 3016 2577 τὸ
3066 2524 3206 2595 πρὸς
3245 2522 3477 2597 δύναμιν
3508 2523 3796 2596 ἡμέτερον

2193 2614 2498 2686 εὔγνωμον.

2948 2707 3026 2762 Ε’.

2274 2797 2502 2869 Ἀγέλην
2537 2815 2620 2854 σοι
2659 2799 2789 2866 ὃλην
2817 2797 3025 2868 ταύτην
3051 2798 3256 2854 στέλλω
3279 2799 3600 2871 κολυμϐάδα
3637 2817 3796 2872 πτη-

2191 2887 2299 2945 νῶν
2329 2891 2588 2960 εὐγενῶν.
2624 2891 2808 2963 Ὁρᾷς,
2840 2893 2990 2953 ὅπως
3021 2889 3121 2960 μὲν
3143 2889 3324 2959 πίονα,
3348 2890 3424 2955 ώς
3451 2891 3611 2962 εἴπερ
3639 2896 3795 2964 μετά

2192 2984 2410 3055 σφαγὴν
2439 2983 2533 3038 καὶ
2562 2984 2838 3054 ἀφέψησιν
2869 2981 3045 3054 τροφὴ
3065 2981 3296 3054 δαψιλὴς
3323 2985 3509 3048 αὐτοῖς
3532 2983 3796 3054 ἰταρεϐά⁴

2187 3077 2312 3130 λετο
2343 3075 2574 3148 φυσῶσα
2603 3075 2742 3148 πρὸς
2776 3075 3014 3144 πιμελήν
3042 3091 3058 3142 ;
3091 3074 3284 3138 Ὅπως
3315 3077 3410 3130 καὶ
3438 3075 3664 3148 λευκὴν,
3686 3077 3793 3130 λε·

2189 3173 2480 3246 λουμένην,
2513 3169 2589 3232 ώς
2637 3170 2666 3224 6
2725 3171 2956 3240 ποιητὴς
2987 3167 3252 3224 ὠκεανοῖο
3282 3168 3434 3237 λέγει
3479 3169 3574 3224 τὸν
3598 3169 3790 3236 ἣλιον,

2185 3266 2331 3321 οὕτω
2373 3265 2430 3317 δὲ
2480 3265 2574 3318 καὶ
2623 3261 2794 3333 αὐτὴν
2836 3259 3002 3315 οῐνοιο
3034 3279 3049 3328 ;
3087 3263 3279 3326 Ὅπως
3326 3261 3375 3316 δ’
3412 3262 3792 3329 εὐπρόσωπον

2185 3357 2278 3412 καὶ
2314 3355 2532 3426 καλήν;
2570 3355 2764 3418 Είποις
2814 3352 2882 3408 ἄν
2929 3353 3101 3424 αὐτὴν
3140 3353 3302 3408 ὁποῖά
3351 3369 3460 3407 τινι
3500 3353 3790 3424 περιθέτῳ

2183 3447 2504 3511 λευκάζοντι
2530 3446 2784 3519 χρώματι
2813 3448 2884 3516 τῇ
2917 3445 3123 3516 πιμελῇ
3153 3446 3463 3516 κεχρῶσθαι
3493 3447 3616 3500 καθ’
3646 3447 3782 3501 ὅλου

2183 3541 2279 3596 τοῦ
2336 3541 2612 3611 σώματος,
2658 3539 2985 3608 ὑποφαίνειν
3036 3537 3094 3592 δέ
3145 3553 3198 3592 τι
3232 3538 3326 3592 καὶ
3363 3537 3465 3606 τῆς
3515 3537 3787 3604 εὐγενοῦς

2187 3634 2398 3703 μίλτου,
2457 3631 2923 3702 ὑπογραφομένην
2978 3627 3093 3685 οἷον
3136 3629 3324 3700 ἠρέμα
3377 3629 3514 3700 πρὸς
3548 3627 3786 3698 ἔρευθος

2184 3726 2456 3796 ἐπιπολῆς
2483 3723 2563 3796 τῷ
2585 3723 2682 3778 τοῦ
2712 3723 2857 3777 οῐνου
2889 3722 3218 3793 έμϐάμματι
3241 3737 3255 3752 ’
3287 3720 3352 3775 οὐ
3383 3719 3784 3792 ’προκαλυπτο⁶

2186 3817 2357 3886 μένην
2391 3814 2859 3886 παραπετάσματι
2899 3813 3119 3884 πτερῶν
3151 3811 3453 3883 φθονερῶν,
3485 3812 3521 3866 ἀ
3543 3811 3605 3866 τδ
3635 3814 3784 3868 κάλ-

2180 3910 2270 3972 λος
2333 3907 2481 3961 ἔνδον
2544 3906 3074 3975 ὲναποκρύπτουσιν,
3137 3904 3256 3958 ἀλλ’
3309 3905 3669 3976 ἀποθεμένην
3719 3907 3785 3961 τδ

2181 4003 2436 4075 περιττὸν
2485 4001 2582 4057 καὶ
2626 4001 2718 4056 τὸν
2746 4000 2842 4055 τοῦ
2872 4001 3232 4071 πτερώματος
3263 4000 3434 4056 τύπον
3465 4003 3619 4055 κάτω
3670 4000 3781 4071 βα-

2180 4095 2402 4161 λοῦσαν,
2429 4093 2488 4157 6;
2510 4089 2612 4168 ᾗρε
2637 4092 2769 4164 πρὶν
2801 4093 2881 4157 είς
2908 4091 3042 4162 ὕψος
3071 4093 3244 4164 αὐτήν
3270 4109 3286 4124 ·
3325 4092 3418 4146 καὶ
3445 4094 3624 4158 οὕτως
3660 4091 3784 4150 οἷον

2179 4185 2672 4263 ἀπαυτομολοῦσαν
2721 4186 2803 4245 είς
2853 4185 3153 4257 τράπεζαν,
3179 4188 3276 4239 καὶ
3327 4185 3419 4239 τὸν
3465 4185 3782 4256 δαιτυμόνα

2179 4278 2256 4350 τῷ
2289 4279 2534 4348 σχήματι
2564 4274 2996 4331 κολακεύουσαι).
3029 4276 3210 4330 Καλαὶ
3236 4277 3337 4345 μὲν
3361 4277 3420 4330 αῖ
3452 4279 3782 4348 προυθίδες

2179 4370 2465 4440 ἀκανθίδες
2499 4361 2699 4423 αὐταιο
2733 4370 2839 4422 εἰσὶ
2870 4369 2915 4422 δ’
2946 4368 3098 4438 ὅμως
3143 4369 3266 4422 ἀντὶ
3300 4368 3526 4436 ἀγαθῶν
3569 4368 3779 4437 ἀγαθί-

2179 4460 2288 4524 δες.
2317 4459 2383 4513 Τί
2417 4458 2527 4529 γάρ
2558 4475 2646 4528 μοι
2673 4457 2879 4511 τούτων
2910 4457 3020 4510 τῶν
3063 4456 3231 4512 σκιῶν
3260 4458 3399 4528 πρὸς
3423 4457 3582 4529 ἥλιον
3613 4459 3779 4532 εὐερο

500 4571 634 4641 φὴν,
666 4565 1014 4636 ὲπεψέκασας
1043 4559 1172 4615 ἄλλο
1196 4557 1353 4612 τοῦτο
1377 4555 1559 4611 καλόν·
1590 4553 1684 4608 καὶ
1710 4556 1736 4608 6
1758 4551 1958 4612 πολλάς
1988 4569 2076 4621 μοι
2111 4553 2155 4608 D
2183 4552 2422 4623 γεσιῶν;
2454 4551 2507 4604 τί
2537 4569 2627 4622 μοι
2652 4551 2763 4605 τῶν
2795 4550 3061 4620 ψαμμίων
3088 4550 3225 4620 πρὸς
3255 4551 3379 4614 τούς
3413 4552 3771 4622 «poem-mg;

502 4663 702 4735 βρέξας
728 4655 992 4712 πετεινῶν
1019 4650 1316 4724 πτερωτῶν
1348 4649 1578 4718 σάρκας,
1598 4647 1627 4699 6
1656 4645 1719 4716 δὴ
1744 4645 2074 4714 γέγραπται,

503 4755 807 4820 ὲπέσταξας
837 4751 933 4806 καὶ
964 4749 1090 4819 ἄρτι
1123 4747 1276 4818 ὄρνιν
1305 4743 1512 4812 ταύτην
1545 4738 1873 4808 ἀνθόχυμον,
1895 4736 2079 4791 διακο-

499 4846 803 4918 λυμσῶσαν
836 4835 949 4896 οἷον
988 4841 1047 4893 ὲν
1081 4837 1329 4904 νέκταρι,
1369 4831 1532 4886 καλὸν
1569 4828 1879 4892 ἀλλόκοτον,
1918 4825 2080 4894 τεράσ-

501 4959 650 4996 στιον
671 4937 983 5008 γλύκασμαο
1018 4935 1086 5003 ἣν
1114 4931 1214 4983 οὐκ
1246 4924 1384 4981 οίδα.
1421 4923 1533 4978 Καὶ
1562 4921 1650 4990 φῶ
1681 4919 1780 4974 νῦν
1814 4935 1905 4988 μοι
1929 4919 2079 4984 πρώο

497 5046 607 5093 τως
645 5028 727 5090 είς
764 5042 826 5079 τε
855 5023 979 5093 ὄψιν
1002 5018 1286 5082 ἐλθοῦσαν,
1319 5015 1414 5070 καὶ
1455 5012 1732 5068 πεσοῦσαν
1762 5013 1840 5073 είς
1867 5009 2077 5078 τράπε-

499 5122 621 5186 ζαν.
656 5117 876 5190 Ταύτην
906 5111 1284 5184 διαψηλαφῶν,
1321 5110 1389 5162 τά
1430 5107 1532 5178 μὶν
1566 5101 1973 5176 ἐσημαινόμην,
2008 5099 2078 5154 τά

497 5215 546 5268 6‘
574 5211 1024 5281 ὲξεπεπλήγμηνο
1053 5205 1149 5260 καὶ
1179 5203 1398 5258 ἐδόκουν
1423 5199 1566 5273 μετά
1599 5196 1960 5272 χεῖραςνέχειν
1990 5195 2076 5248 ατ-

499 5319 691 5373 νιγμα,
726 5299 822 5356 καὶ
849 5298 1002 5371 ὄρνιν
1039 5295 1247 5368 ταύτην
1281 5295 1416 5366 ὁρᾷν
1448 5291 1544 5345 καὶ
1571 5289 1674 5345 οὐκ
1700 5290 1870 5358 ὄρνιν.
1907 5285 2078 5339 Ὅσον

503 5395 602 5464 μὲν
632 5392 742 5460 γάρ
772 5391 853 5453 εἰς
889 5390 1066 5460 δέρμα
1095 5386 1332 5456 ἐξήνθει,
1373 5383 1470 5437 καὶ
1503 5383 1584 5446 είς
1614 5381 1748 5434 ὀστᾶ
1783 5378 2075 5449 πτερύγων

495 5483 863 5555 έσκληρύνετο
891 5479 988 5534 καὶ
1019 5477 1218 5544 ποδῶν,
1249 5477 1348 5548 τὴν
1375 5477 1527 5545 ὄρνιν
1555 5475 1846 5543 ὑπέφαινε*
1875 5472 1988 5534 τοῖς
2015 5469 2074 5523 δὲ

493 5575 703 5637 λοιποῖς
733 5571 986 5634 ἀνόστεος
1017 5564 1085 5639 ἦν
1116 5569 1211 5621 καὶ
1249 5568 1402 5621 οὐδὲν
1427 5565 1666 5636 ὄρνιθος.
1700 5561 2072 5634 Περικύψαντι

493 5667 551 5722 δὲ
577 5664 674 5721 καὶ
702 5665 782 5728 είς
811 5662 884 5717 τά
911 5663 1083 5724 ἐντὸς,
1113 5658 1315 5730 πολλὴν
1350 5653 1468 5729 εἶχε
1515 5656 1616 5729 τὴν
1662 5657 1929 5725 σύγχυσιν
1975 5653 2073 5707 καὶ

493 5757 597 5829 τὴν
629 5753 1000 5828 κατεργασίαν
1050 5751 1415 5820 ἀξύμϐλητον.
1460 5749 1816 5820 Ἀμυγδάλων
1857 5749 1967 5817 γὰρ
1996 5745 2074 5800 δίο

494 5863 588 5917 χο,
620 5845 900 5923 τδηλοιπδν
933 5843 1082 5900 ἀπαν
1113 5837 1255 5911 εἶχεν
1289 5839 1715 5911 ἀδιευκρίνητον.
1753 5837 1931 5908 Συχνά
1960 5836 2070 5906 γὰρ

2181 4646 2236 4699 τί
2266 4644 2323 4698 δὲ
2359 4644 2468 4698 τῶν
2500 4641 2804 4713 Πυγμαίων
2835 4644 2970 4709 7:96;
3001 4645 3127 4706 τοὺς
3161 4643 3470 4712 Γίγαντας;
3511 4646 3634 4699 Ἵνα
3659 4646 3772 4717 γάρ

2178 4736 2348 4792 τᾶλλα
2392 4752 2486 4789 σου
2537 4737 2719 4806 παρῶ,
2769 4737 2836 4792 τά
2881 4734 2940 4790 δὲ
2973 4733 3072 4805 τῆς
3101 4735 3316 4805 ἡμέρας
3351 4737 3484 4804 ἐρῶ,
3519 4737 3774 4808 ἐπλησάς

2183 4845 2274 4898 μοι
2327 4829 2421 4881 τὸν
2452 4828 2697 4882 οἰκίσκον
2724 4828 3056 4900 ’ἀγριμαίων
3102 4827 3328 4898 θηρίων,
3359 4828 3541 4882 ἄλλων
3580 4830 3772 4896 ἄλλοις

2178 4922 2692 4990 ὲπισωρευομένων,
2727 4910 2824 4976 καλ
2855 4922 3075 4976 πάντων
3124 4921 3184 4976 εὖ
3229 4921 3626 4992 διατιθεμένων
3663 4926 3769 4994 τὴν

2177 5011 2481 5081 τράπεζαν,
2515 5011 2616 5064 ὅσα
2648 5029 2707 5064 τε
2739 5012 2838 5080 τὴν
2868 5011 3066 5082 χέρσον
3101 5011 3190 5066 ἀεὶ
3220 5013 3637 5082 περιὸόσκεται,
3669 5016 3770 5068 καὶ

2175 5103 2276 5156 ὅσα
2305 5105 2436 5174 περὶ
2466 5103 2568 5172 τὴν
2598 5101 2655 5167 ἐξ
2688 5102 2873 5171 ὑγρῶν
2900 5101 3076 5173 θήραν
3109 5104 3176 5158 τὰ
3219 5106 3449 5158 πλεῖστα
3492 5107 3672 5160 πονεῖ.
3695 5133 3768 5146 --

2189 5191 2335 5248 Ἀλλ’
2360 5194 2448 5246 ὅτε
2475 5193 2570 5248 καὶ
2600 5192 2883 5248 ἐπανέλθω
2925 5197 2990 5264 τῇ
3032 5195 3226 5267 μνήμῃ
3273 5196 3411 5266 7:96;
3434 5195 3538 5267 τήν
3565 5198 3770 5268 καινὴν

2177 5285 2488 5357 σκευωρίαν
2547 5284 2761 5340 ἐκείνου
2825 5284 2919 5340 τοῦ
2962 5285 3196 5356 έναγχός
3227 5304 3333 5341 που
3378 5289 3768 5356 περιτεθέντος

2173 5377 2597 5448 δαιτρεύματος,
2629 5375 2746 5429 ἀλλ’
2774 5375 3014 5430 ἐνταῦθα
3034 5376 3094 5430 τό
3122 5394 3182 5430 τε
3210 5377 3444 5448 πρᾶγμά
3468 5395 3561 5447 μοι
3590 5379 3764 5448 μέγα,

2173 5471 2270 5523 καὶ
2295 5470 2322 5522 6
2348 5469 2506 5536 λόγος
2529 5469 2632 5521 οὐκ
2663 5467 2903 5538 εὐχερῶς
2937 5455 3072 5538 ἔχει’
3091 5471 3442 5539 περιμετρεῖν
3466 5469 3666 5524 ἑαυτὸν
3691 5473 3764 5544 τῇ

2173 5561 2376 5630 χάριτι.
2406 5560 2520 5613 Οὐκ
2553 5560 2719 5630 ἄχαρι
2751 5559 2798 5613 δ’
2831 5555 2926 5614 οῦν
2962 5562 3094 5622 ἴσως
3125 5560 3256 5614 αὐτὸ
3290 5562 3384 5615 καὶ
3411 5563 3766 5632 περιηγὴσα-

2175 5651 2302 5706 σθαί
2340 5669 2453 5723 μοι,
2509 5650 2636 5704 καθ’
2679 5651 2806 5705 ὅσον
2856 5645 2968 5706 οἶόν
2995 5670 3052 5706 τε
3076 5667 3090 5684 ·
3137 5653 3212 5714 ώς
3239 5651 3306 5706 ἂν
3332 5652 3420 5722 είη
3465 5653 3562 5706 καὶ
3599 5651 3766 5708 τοῦτο

2170 5745 2270 5816 τῆς
2323 5742 2422 5798 νῦν
2475 5743 2839 5824 πανηγύρεως
2865 5745 2967 5815 τῆς
2997 5745 3079 5808 είς
3128 5745 3338 5800 κοιλίαν
3371 5744 3702 5814 ἐπεισόδιον,
3727 5746 3762 5818 ἢ

2172 5835 2266 5891 καὶ
2288 5835 2627 5907 παράρτυμα
2649 5850 2666 5870 ο
2701 5835 2801 5906 οὐχ
2836 5833 2979 5889 ὥστε
3013 5852 3072 5890 σε
3103 5833 3198 5889 καὶ
3229 5835 3422 5905 μαθεῖν
3455 5835 3766 5903 ἀγνοοῦντα
