4062 6410
235 368 368 430 12.33

987 371 1408 436 EUSTATHII
1449 377 2210 442 THESSALONICENSIS
2251 380 2641 442 EPISTOIJE

3373 373 3509 441 1251

231 482 290 535 τὸ
337 481 593 551 πρᾶγμα,
642 481 671 534 6
703 482 768 553 δὴ
800 483 953 548 τέλος
984 483 1104 539 οἰδα
1147 489 1552 559 περιηγήσεως,
1584 489 1700 543 ἀλλ’
1749 490 1816 545 ἵν’
1842 501 1890 560 Α
1921 493 1978 547 δὲ
2013 494 2094 558 είς
2123 492 2248 548 νοῦν
2278 494 2459 564 ἀναϐῇ
2492 509 2598 558 σοι,
2627 491 2740 544 τότ’
2765 489 2831 544 ἂν
2862 487 3210 562 θαρρούντως
3247 488 3316 542 τὰ
3371 488 3509 558 πρό·

232 575 472 644 ἐμαυτὸν
494 574 800 644 δοκιμάσω,
830 577 884 630 εί
904 577 958 632 τί
993 596 1101 632 που
1131 579 1242 650 ἔχω
1275 581 1414 651 πρὸς
1442 581 1701 653 λεκτικήν
1735 583 1816 637 ἔτι

234 669 548 739 ἐπιστήμην
599 669 842 740 εὐφυῶς.
901 671 1184 726 Σταίτινον
1237 677 1490 744 φύραμα,
1528 677 1610 738 είς
1656 676 1820 745 βάθος

237 761 339 831 μὲν
400 760 708 826 κοιλανθὲν,
759 763 841 826 είς
902 765 1139 834 σφαῖραν
1184 765 1244 818 δὲ
1297 765 1582 834 γυρωθὲν,
1644 767 1818 837 καλὴν

235 855 404 923 ἑφθὴν
429 854 582 924 ὄρνιν
609 854 950 924 έθαλάμευεν
975 857 1124 912 εἴσω.
1151 857 1262 910 Καὶ
1299 857 1407 910 ἔδει
1435 859 1533 926 τὴν
1565 857 1819 928 τοιαύτην

235 949 475 1015 σφαῖραν
507 948 960 1018 ἁνακαλυφθῆναι
1005 949 1187 1021 π[αρ’]
1218 950 1385 1003 αὐτού
1422 950 1517 1003 τοῦ
1551 952 1820 1018 ἐπιθέμα-

232 1058 345 1104 τος,
374 1041 402 1093 6
423 1040 692 1111 περιῆκτο
720 1041 803 1102 εἰς
830 1043 1213 1112 ἡμισφαίριον,
1246 1045 1342 1096 καὶ
1377 1043 1475 1112 τὴν
1501 1044 1652 1112 ὄρνιν
1685 1045 1810 1114 (κα-

238 1133 328 1186 λόν
355 1151 406 1186 τι
449 1133 660 1204 χρῆμα)
696 1133 1017 1202 ἐκκύψασαν
1049 1135 1179 1205 ὄψον
1211 1137 1324 1200 τοῖς
1356 1135 1464 1190 τῶν
1491 1137 1744 1205 ὁρώντων
1782 1135 1816 1206 ἢ

236 1225 562 1296 τρωγόντων
606 1225 852 1294 ὄμμασιν
901 1225 933 1296 ἢ
981 1227 1248 1297 στόμασιν
1288 1227 1592 1296 έμπεσεῖν’
1658 1227 1820 1281 πίονα

237 1317 339 1384 μὲν
373 1316 524 1380 ἰδεῖν,
557 1316 838 1387 τρυφερὰν
887 1317 944 1370 δὲ
987 1317 1196 1387 ⁴θιγεῖν,
1233 1319 1470 1386 τακερὰν
1498 1318 1556 1372 δὲ
1597 1321 1818 1388 φαγεῖν.

233 1411 308 1463 Τὸ
335 1411 394 1464 δὲ
436 1410 668 1481 φύραμα
707 1410 800 1464 καὶ
833 1411 915 1472 είς
945 1412 1155 1480 χύτραν
1175 1411 1406 1482 ὠπτήθη
1435 1411 1514 1483 τῷ
1539 1411 1684 1483 ζώῳ.
1728 1410 1820 1465 Ἐν

233 1502 387 1574 αὐτῷ
439 1503 551 1574 γὰρ
602 1503 873 1573 άνεψήθη,
913 1505 1008 1556 καὶ
1055 1505 1137 1568 εἰς
1183 1505 1511 1558 πινακίσκον
1550 1504 1819 1575 ἐπλάσθη.

247 1597 365 1650 Ἐπ’
429 1595 596 1650 αὐτοῦ
647 1596 757 1666 γάρ
807 1594 1086 1665 παρετέθη
1113 1612 1129 1628 ο
1159 1595 1235 1660 ὡς
1255 1591 1396 1650 εἶναι
1425 1597 1487 1649 τὺ
1519 1596 1820 1666 παράθεμα

233 1688 412 1743 πάνθ’
445 1687 598 1759 ὁμοῦ
625 1685 901 1757 χρήματα
933 1685 1156 1740 ταῦτα·
1192 1687 1420 1758 χύτραν,
1468 1687 1816 1752 πινακίσκον,

233 1782 424 1851 ἄρτον,
459 1781 818 1851 προσόψημα.
856 1779 1253 1848 Ἔστεγανούτο
1299 1779 1402 1849 μὲν
1428 1778 1540 1849 γάρ
1571 1778 1632 1833 1:6
1663 1794 1820 1847 περι-

1926 585 2114 656 ϐλημα
2143 585 2243 657 τὴν
2273 584 2538 657 τοιαύτην
2584 582 2999 638 ὐπαινίττεσθαι
3045 582 3253 653 τροφὴν
3294 580 3512 650 ἀποφή-

1927 695 2069 732 ναιο.
2113 677 2330 732 Ὀποῖον
2359 678 2417 732 δέ
2443 695 2568 732 τινα
2601 678 2629 730 6
2659 677 2754 739 σὸς
2779 675 3028 746 κωμικὸς
3051 675 3388 730 ἀναπλάττει
3412 673 3510 727 τὸν

1925 775 2111 837 αὐτοῖς
2137 772 2396 842 ταλάροις
2422 769 2513 824 τδν
2537 769 2706 840 τυρὸν
2737 768 3116 834 κατεσθίοντα,
3157 765 3302 820 οὕτω
3322 766 3380 819 δὲ
3411 764 3509 819 καὶ

1883 893 1890 901 ο
1925 865 1952 916 6
1977 863 2149 934 ταύτῃ
2181 859 2544 932 προσπεσώνο
2581 859 2718 929 αὐτῇ
2758 859 2954 929 χύτρα,
2983 858 3132 926 αὐτῷ
3167 857 3506 923 πινακίσκῳ,

1927 956 2064 1022 αὐτῇ
2089 953 2339 1023 τραπέζῃ
2371 952 2462 1004 τὸν
2495 949 2646 1020 ὄρνιν
2673 950 3046 1003 κατέσπακεν.
3097 949 3162 1001 Εἰ
3193 949 3248 1001 δὲ
3275 945 3369 1000 καὶ
3392 947 3508 1008 τοῖς

1927 1045 2242 1114 ῥητορικοῖς
2271 1040 2487 1102 ἀδύτοις
2519 1040 2763 1107 ἔγκειται
2797 1039 3044 1109 μέθοδος,
3077 1038 3147 1092 τὰ
3181 1038 3367 1106 γελοῖα
3392 1037 3504 1088 τῶν

1926 1134 2213 1206 νοημάτων
2264 1135 2346 1197 είς
2397 1133 2460 1185 τὸ
2509 1131 2798 1186 σπουδαῖον
2845 1130 3181 1200 μετάγουσα,
3216 1129 3250 1199 ἢ
3284 1127 3378 1180 καὶ
3434 1127 3506 1180 τά

1930 1227 2236 1297 σκυθρωπὰ
2292 1225 2430 1293 πρὸς
2481 1224 2544 1276 τὸ
2605 1223 2957 1292 ἱλαρώτερον,
2992 1223 3100 1292 ἔχω
3142 1223 3240 1291 τῆς
3287 1220 3506 1291 ὄρνιθος

1927 1321 2134 1390 ταύτης
2164 1317 2510 1387 άπονάμενος
2545 1314 2682 1381 πρὸς
2713 1315 3017 1384 ὑπόδειγμα
3049 1315 3276 1383 θατέρου
3309 1314 3512 1382 μέρους

1927 1412 2022 1465 τοῦ
2061 1410 2442 1481 θεωρήματος.
2478 1409 2646 1462 Δαῖτα
2688 1407 2799 1478 γὰρ
2843 1407 3302 1475 Ἀγαμεμνόνειον
3352 1399 3511 1456 οἶσθα

1931 1503 2031 1574 μὲν
2065 1503 2093 1555 ὃ
2118 1502 2170 1555 τί
2203 1518 2336 1556 ποτε
2369 1500 2626 1571 βούλεται
2654 1501 2837 1567 λέγειν
2866 1500 2893 1552 6
2928 1498 3023 1552 τού
3056 1497 3305 1565 Σοφίλου,
3337 1511 3512 1563 προσο

1928 1594 2194 1666 αρμόσεις
2247 1594 2304 1648 δὲ
2360 1593 2459 1663 τὴν
2513 1592 2812 1662 παροιμίαν
2855 1591 2952 1645 καὶ
2997 1589 3170 1660 ταύτῃ
3214 1590 3280 1657 τῇ
3308 1585 3508 1656 ὄρνιθι.

1927 1687 2308 1756 Χρυσόθεμιν
2345 1685 2455 1755 γὰρ
2496 1687 2544 1738 οἰ
2583 1686 2694 1737 τῶν
2724 1683 2872 1754 ὄψων
2919 1682 3155 1735 δαίδαλοι
3183 1679 3390 1748 ταύτην
3416 1695 3516 1730 καο

1927 1781 2083 1837 λοῦσι
2137 1779 2353 1833 παῖδαο
2404 1779 2500 1832 καὶ
2539 1776 2760 1839 πάντως
2805 1771 2953 1836 οἶδας
3006 1774 3108 1845 τὴν
3167 1773 3521 1843 Χρυσόθεμιν

235 1873 382 1944 έχον,
422 1877 518 1927 καὶ
557 1866 672 1926 οἷον
701 1875 782 1937 είς
813 1872 1024 1943 χύτραν
1069 1869 1138 1941 ἦν
1165 1869 1637 1942 όστρακούμενον.
1672 1869 1823 1922 Ἔσω
1856 1867 1896 1922 Β
1939 1874 2375 1944 Ἀγαμέμνονος.
2429 1870 2588 1925 Οὕτω
2637 1869 2700 1924 τὸ
2752 1871 2989 1938 πρᾶγμα
3045 1868 3248 1938 σεμνὸν
3301 1866 3395 1920 καὶ
3436 1867 3518 1928 είς

237 1965 371 2033 γοῦν
421 1963 591 2018 αὐτοῦ
639 1963 842 2035 πυρίῳ,
874 1961 1058 2025 καθώς
1093 1978 1178 2024 τις
1215 1961 1343 2029 ἔφη,
1374 1958 1606 2031 μαλακῷ
1645 1975 1822 2026 προσ-

235 2059 504 2128 ομιλῆσαν
533 2057 907 2126 κατειργάσθη
944 2055 1010 2107 τὸ
1045 2053 1186 2119 ζῶον
1231 2052 1371 2125 πρὸς
1417 2052 1637 2124 ἕψησιν,
1682 2050 1825 2121 πλὴν

235 2150 362 2205 ὅσον
382 2147 483 2201 οὐκ
515 2146 915 2216 ἑσκυθρώπαζε
945 2143 1006 2199 τὺ
1031 2145 1204 2214 ἄγγος
1229 2144 1370 2214 πρὸς
1398 2143 1510 2215 πῦρ
1536 2141 1822 2214 μελανθέν·

235 2241 350 2294 ἀλλ’
387 2240 556 2308 ἐγέλα
587 2239 863 2308 καπυρόν,
896 2238 993 2292 καὶ
1021 2235 1181 2290 τοῦτό
1204 2252 1268 2304 γε
1298 2234 1400 2304 τὴν
1425 2235 1632 2306 χύτραν
1665 2231 1826 2304 ἐψεύ-

235 2328 511 2387 δετο.Ἧν
551 2331 610 2384 δὲ
644 2332 741 2388 καὶ
775 2331 851 2394 ὥς
894 2331 974 2394 είς
1022 2329 1229 2383 πίνακα
1276 2327 1659 2399 ὑποκείμενον.
1704 2327 1825 2381 Ἐπ’

237 2422 406 2477 αὐτοῦ
431 2421 563 2490 γοῦν
593 2423 627 2492 ἡ
651 2423 802 2493 ὄρνις
823 2421 905 2486 είς
937 2420 1143 2492 βρῶσιν
1166 2419 1465 2491 παρέκειτο
1481 2435 1498 2450 ’
1523 2420 1586 2472 τδ
1605 2417 1650 2471 δ’
1674 2417 1827 2481 ὲντδς

239 2523 336 2570 καὶ
367 2516 548 2569 κοῖλον
576 2513 672 2568 τοῦ
703 2516 1055 2584 περιέχοντος
1105 2513 1185 2575 είς
1230 2510 1402 2582 ἄρτον
1455 2511 1665 2565 ἁπαλὸν
1691 2511 1829 2581 ἐμα-

237 2609 489 2673 λάττετο,
521 2605 691 2678 ζωμῷ
719 2605 1146 2676 δυσωπούμενον
1175 2603 1381 2669 ζέοντι.
1435 2602 1511 2658 Tb
1548 2603 1608 2658 δὲ
1637 2603 1828 2658 λοιπὸν

233 2698 398 2764 ’έντὺς
429 2701 576 2771 ὄρνις
606 2694 698 2770 ἦν,
721 2699 892 2768 ὄψων,
933 2691 1009 2754 ὧν
1035 2696 1102 2752 ἂν
1132 2697 1262 2768 εἴπῃ
1303 2714 1410 2760 τις.
1441 2696 1681 2767 ἥδιστον.
1713 2698 1826 2750 Καὶ

239 2789 380 2860 ὅπερ
410 2790 600 2860 ἄρτοις
653 2790 764 2850 τοῖς
794 2787 978 2852 ἄλλοις
1009 2788 1066 2841 αί
1104 2787 1288 2858 ψίχες,
1315 2786 1462 2840 τοῦτ’
1503 2785 1700 2858 ὲκείνῳ
1745 2785 1828 2856 τῷ

240 2881 666 2952 ὑποκρινομένῳ
695 2882 788 2935 τὸν
814 2881 982 2950 ἄρτον
1027 2881 1061 2950 ἡ
1095 2880 1248 2942 ἐντὸς
1280 2878 1644 2949 πυκαζομένη
1674 2878 1828 2948 ὄρνις

241 2975 533 3043 ἐτύγχανε,
572 2971 669 3026 καὶ
703 2972 812 3042 πρὸ
835 2973 1078 3040 γεύσεως
1105 2973 1205 3043 τὴν
1233 2974 1506 3043 ὄσφρησιν
1531 2973 1828 3043 γοητεύου-

241 3079 353 3115 σιι⁸
399 3061 500 3133 ήδὺ
562 3062 710 3131 μάλα
762 3059 1097 3134 [πν]είουσα,
1149 3061 1248 3115 καὶ
1295 3061 1418 3116 κατ’
1472 3062 1659 3114 ἐκεῖνα
1715 3060 1828 3114 τῶν

1926 1969 2120 2037 ὄνομα.
2156 1967 2268 2020 Καὶ
2294 1963 2456 2019 τοῦτο
2491 1963 2592 2033 μὲν
2619 1960 2857 2025 τοιοῦτο,
2893 1960 2982 2013 ἵνα
3019 1960 3095 2031 μὴ
3129 1965 3258 2031 περὶ
3294 1959 3356 2013 τὸ
3387 1959 3516 2027 ἐφε-

1926 2060 2019 2114 τὸν
2069 2057 2331 2112 ιπιπλέον
2385 2055 2495 2124 ἔχω
2544 2051 2912 2124 λιχνεύεσθαι.
2964 2052 3109 2119 Ἐγὼ
3173 2052 3231 2105 δὲ
3279 2050 3398 2120 ἅμα
3453 2068 3516 2104 τε

1927 2150 2067 2221 πρὸς
2093 2147 2155 2201 τὺ
2179 2147 2239 2215 ἐξ
2275 2147 2452 2218 ἀρχῆς
2475 2145 2760 2216 ἐπάνειμι,
2791 2145 2890 2200 καὶ
2926 2145 3026 2214 τὴν
3062 2142 3354 2211 ἐπιστολὴν
3387 2159 3517 2195 συν-

1927 2242 2093 2304 τελῶ,
2119 2241 2208 2296 ἶνα
2238 2241 2313 2312 μή
2345 2257 2429 2294 σοι
2459 2239 2632 2293 πλείω
2657 2240 2887 2310 γράφων
2918 2235 3263 2307 παρενοχλῶ.
3292 2234 3514 2306 Βραχύ-

1928 2333 2094 2389 τατόν
2117 2351 2200 2388 σοι
2226 2332 2388 2388 τοῦτο
2413 2331 2668 2402 μεγάλων
2696 2329 2884 2401 δώρων
2909 2330 3191 2398 άντίδομα.
3219 2329 3333 2384 Καὶ
3355 2326 3519 2381 τοῦτο

1927 2428 2090 2492 ἄλλος
2130 2429 2230 2499 μὲν
2250 2427 2318 2481 άν
2347 2425 2600 2496 ὤκνησεν
2629 2424 2761 2488 ἴσως
2795 2423 3068 2494 τολμῆσαι
3089 2438 3104 2453 ο
3147 2421 3258 2490 ἐγὼ
3287 2422 3344 2476 δὲ
3384 2421 3518 2492 (εἴτε

1929 2521 2170 2593 θάρῤους
2221 2519 2356 2574 αὐτὸ
2399 2517 2516 2588 θείη
2557 2533 2642 2581 τις
2689 2519 2802 2572 εἴτε
2833 2517 2930 2569 καὶ
2960 2513 3249 2585 ἀγροικίας
3283 2511 3519 2566 ἀπαιδα-

1931 2615 2191 2684 γωγήτου
2220 2609 2470 2680 ἔνδειξιν)
2503 2613 2602 2666 καὶ
2630 2609 2956 2682 τεθάρῤηκα
2976 2607 3073 2662 καὶ
3103 2605 3401 2674 πεποίηκαο
3430 2602 3520 2674 ὐφ’

1929 2699 1976 2775 ᾧ
2009 2707 2059 2760 εί
2092 2705 2168 2777 μὴ
2201 2704 2512 2775 διαχεθείης
2540 2720 2600 2756 τε
2637 2703 2736 2756 καὶ
2761 2701 3080 2771 γελάσειας,
3105 2699 3222 2752 ἀλλ’
3249 2693 3344 2752 οὖν
3373 2697 3514 2760 τέως

1931 2798 2053 2853 οὐδὲ
2103 2798 2484 2868 δυσχερανεϊς.
2531 2794 2606 2847 Τὸ
2637 2793 2746 2865 γὰρ
2777 2793 2872 2847 καὶ
2902 2791 3343 2863 ἐπικερτομῆσαι
3394 2786 3522 2842 οὐτε

1932 2891 2026 2945 σὺν
2047 2893 2296 2961 ποιῆσαι,
2325 2887 2440 2942 οὐτ’
2477 2886 2609 2954 έμδν
2635 2885 2966 2953 ὑπονοῆσαι,

2003 3075 2094 3146 Τῷ
2125 3071 2293 3144 αὐτῷ.
2321 3072 2502 3143 Μέχρι
2533 3071 2676 3134 τίνος
2711 3069 2823 3139 ἐγὼ
2853 3068 2942 3123 διά
2973 3069 3074 3132 τὰς
3101 3067 3199 3131 σάς
3223 3065 3519 3129 καλάνδας,

243 3155 426 3220 ζώωνο
454 3154 632 3208 ὁπόσα
666 3156 732 3225 τῇ
765 3154 993 3226 εὖοδμίᾳ
1039 3155 1139 3224 τῆς
1172 3155 1456 3226 ἀποφορᾶς
1500 3156 1602 3225 τὴν
1643 3155 1826 3218 αὐτοῖς
1855 3208 1899 3236 η
1933 3167 2171 3234 αὐθέντη
2203 3165 2480 3236 Κομνηνὲ,
2511 3162 2598 3216 ἐπ’
2631 3163 2868 3231 ἐμαυτὸν
2899 3162 3129 3232 ἀσκήσω
3162 3157 3520 3231 τηλικούτους

245 3246 651 3302 ἐπιϐάλλουσαν
690 3247 866 3320 Θήραν
919 3249 1197 3312 ἀνύουσιν,
1233 3248 1377 3302 οὕτω
1421 3249 1485 3318 δὴ
1540 3247 1637 3300 καὶ
1687 3247 1827 3317 αὐτὴ
1855 3246 1899 3268 ν
1934 3262 2204 3334 ἐχθρούς;
2245 3261 2352 3324 ἕως
2399 3260 2547 3322 τίνος
2586 3259 2714 3320 τοὺς
2768 3257 3030 3328 βριαροὺς
3063 3256 3342 3328 Γηγενεῖς,
3392 3251 3520 3314 τοὺς

241 3338 516 3410 ὀσφρήσει
546 3337 840 3410 θηρωμένη
869 3338 996 3401 τοὺς
1029 3339 1480 3410 ἐντυγχάνοντας.
1522 3337 1832 3408 Ὀσφρησά-

246 3449 435 3498 μενος,
463 3426 618 3494 εἶπες
641 3430 732 3496 ἂν,
765 3431 958 3500 ἀρκεῖν
1011 3447 1093 3484 σοι
1145 3431 1208 3484 τὸ
1256 3432 1422 3485 καλόν
1444 3448 1457 3461 ο
1492 3430 1637 3484 οὕτω
1667 3431 1832 3484 καλὸν

243 3518 348 3588 ὦζε
374 3523 707 3594 τούρνίθιον.
738 3523 1087 3594 Γευσάμενος
1113 3523 1213 3576 οὐκ
1241 3523 1308 3576 ἂν
1335 3523 1605 3594 ἀπέστης,
1634 3521 1831 3592 μέχρις

241 3615 308 3668 ἂν
341 3615 440 3670 καί
470 3616 527 3677 ές
566 3615 730 3669 αὐτὸν
755 3617 821 3685 τῇ
845 3615 991 3685 χειρὶ
1021 3617 1114 3668 τὸν
1148 3615 1398 3684 πυθμένα
1431 3615 1666 3677 κατέδυς
1687 3630 1702 3644 ⁸
1736 3614 1832 3666 οὗ·

242 3725 322 3760 τω
364 3705 506 3760 πολὺ
537 3705 599 3759 τὸ
625 3708 916 3776 ἐπαγωγὸν
945 3704 1095 3777 εἶχεν
1135 3709 1164 3760 6
1197 3706 1596 3770 πολυσύνθετος
1624 3706 1833 3769 ἐκεῖνος

243 3801 440 3872 χυμός.
465 3801 539 3853 Τὸ
582 3799 640 3854 δὲ
682 3801 778 3856 καὶ
805 3799 967 3855 πάλιν
996 3797 1066 3872 ἦν
1093 3801 1174 3865 εἰς
1201 3800 1380 3855 ἄλλων
1411 3804 1622 3871 τροφὴν
1668 3801 1833 3868 ἔξαρ-

241 3892 396 3946 κοῦν.
422 3886 605 3946 Ἦσαν
631 3893 740 3963 γάρ
773 3893 889 3946 ἐκεῖ
925 3892 992 3946 τά
1017 3893 1064 3946 τ’
1093 3893 1247 3955 ἐντὸς
1285 3893 1354 3946 τά
1399 3909 1459 3945 τε
1494 3891 1704 3961 θύραζε
1739 3892 1833 3945 καὶ

245 3984 508 4055 βρώσιμα
557 3985 651 4039 καὶ
699 3983 860 4039 καλά.
913 3985 1089 4054 Καλή
1130 3985 1232 4055 μὲν
1269 3985 1486 4055 ἱστορία
1534 3987 1600 4057 τῇ
1639 3985 1834 4058 μνήμῃ

241 4077 352 4132 τῶν
381 4075 592 4130 πολλῶν
624 4077 997 4148 περιπήγνυσι
1047 4077 1332 4146 τραπέζας
1365 4077 1602 4144 ἐκείνας,
1633 4077 1700 4142 ἃς
1734 4077 1830 4150 [οί]

241 4170 390 4240 ἀμφὶ
413 4169 507 4222 τὸν
534 4169 789 4239 Ἀγχίσου
817 4171 1036 4224 Αἰνείαν
1059 4171 1112 4223 λι
1123 4187 1206 4240 μῳ
1240 4170 1429 4233 κακῶς
1452 4171 1668 4240 ἔχοντες
1691 4171 1832 4225 κατὰ

245 4262 498 4334 χρησμὸν
521 4261 869 4334 ἐθοινήσαντο
889 4279 904 4294 ·
936 4264 1004 4318 τά
1033 4263 1079 4317 δ’
1107 4258 1248 4334 ἦσαν
1287 4262 1452 4333 ἄρτον
1508 4266 1602 4316 καὶ¹
1644 4263 1830 4334 μόνον,

245 4356 341 4409 καὶ
403 4355 606 4424 σεμνὸν
657 4355 821 4410 πλέον
873 4356 1047 4410 οὐδέν.
1090 4356 1357 4410 Ἐνταῦθα
1402 4357 1460 4410 δὲ
1498 4356 1561 4409 τὸ
1597 4357 1836 4427 πρᾶγμα

243 4453 558 4522 τεράστιον.
602 4451 758 4504 Ἐστι
793 4455 903 4521 γὰρ
937 4450 1112 4518 αὐτήν
1155 4467 1234 4520 τῳ
1271 4451 1595 4517 λογίσασθαι
1632 4450 1726 4502 καὶ
1758 4449 1834 4513 ὡς

1933 3352 2284 3420 καταράτους
2315 3350 2458 3421 μύας
2485 3349 2790 3417 πελωρίους
2817 3346 3067 3416 ἐκθρέψω
3089 3345 3210 3400 κατ’
3237 3343 3474 3415 ἐμαυτοῦ
3503 3356 3522 3409 ;

1933 3447 2015 3508 εἰς
2046 3443 2142 3507 οὓς
2180 3443 2256 3514 μὴ
2302 3441 2400 3497 καὶ
2431 3439 2712 3511 Σμινθέως
2748 3439 2932 3508 δεήσει
2979 3438 3150 3502 τινος,
3181 3436 3241 3500 ὃς
3277 3433 3523 3488 ἐκποδών

1937 3555 2028 3609 μοι
2060 3537 2354 3607 ποιήσεται
2386 3533 2446 3586 τὸ
2473 3532 2645 3586 κακόν
2673 3547 2688 3598 ;
2715 3533 2830 3584 Οὐκ
2852 3530 2919 3584 ἂν
2945 3529 3230 3598 πολεμίοις
3257 3525 3526 3588 τοιούτοις

1935 3614 2343 3701 πολιορκεῖσθαι
2364 3624 2772 3694 δυναίμην,οὐκ
2801 3622 2866 3677 ἂν
2898 3623 3078 3693 ἔχοιμι
3103 3621 3198 3674 καὶ
3231 3619 3402 3673 εἰσέτι
3424 3617 3523 3686 θηο

1938 3721 2255 3792 ριομαχεῖνί
2291 3719 2520 3774 Τοιοῦτο
2549 3719 2720 3772 κακόν
2755 3735 2848 3787 μοι
2877 3733 2942 3768 πε
2955 3713 3279 3784 ριεστοίχισε
3309 3709 3520 3780 κάρχα-

1937 3827 2066 3887 ρονσ
2104 3813 2329 3866 τοσοῦτο
2369 3813 2554 3880 στῖφος
2587 3809 2817 3880 θηρίων,
2853 3808 2952 3860 καὶ
2982 3805 3196 3859 τούτων
3227 3804 3520 3874 άπροσμαο

1935 3909 2137 3978 χήτων.
2167 3906 2242 3960 Οὐ
2279 3905 2440 3977 μόνον
2464 3906 2498 3974 ἡ
2521 3903 2618 3973 γῆ,
2653 3900 2796 3955 καθά
2831 3917 2932 3954 που
2981 3899 3142 3967 λόγος
3175 3897 3289 3966 ἔχει
3319 3893 3520 3948 παθεῖν

1934 4001 2028 4055 τὸν
2053 3997 2438 4068 ἱστορούμενον
2468 3995 2722 4066 Κρίνιδα,
2749 3993 2888 4047 ἀλλὰ
2917 3993 3010 4045 καὶ
3031 3992 3206 4058 τεῖχος
3232 3987 3327 4042 καὶ
3357 3986 3524 4054 στέγη

1938 4091 2033 4145 καὶ
2064 4089 2174 4152 πᾶς
2221 4089 2251 4141 6
2289 4087 2533 4150 οἳκίσκος
2578 4083 2792 4155 ὲξεῖρψέ
2844 4100 2934 4154 μοι
2961 4083 3063 4151 οὐχ
3109 4075 3298 4151 ἦττον,
3334 4077 3368 4148 ἢ
3398 4077 3528 4140 τοὺς

1940 4179 2250 4250 βατράχους
2303 4176 2472 4231 πάλαι
2517 4178 2628 4239 τοῖς
2685 4173 3077 4244 Αἰγυπτίοιςὴ
3132 4170 3256 4225 κατ’
3307 4168 3526 4231 αὐτούς.

1937 4271 2214 4340 Τοιαύτην
2249 4268 2466 4339 πληγὴν
2501 4269 2629 4331 τοὺς
2662 4267 2804 4334 μύας
2842 4267 3065 4327 τούτους
3098 4262 3208 4333 ἐγὼ
3234 4261 3485 4331 δυστυχῶ
3508 4275 3526 4292 ο

1937 4365 2101 4434 οἵπερ
2141 4363 2203 4416 οὐ
2246 4363 2410 4433 μόνον
2445 4361 2796 4414 ἐκδαπανῶσι
2831 4362 2900 4412 τὰ
2930 4357 3025 4412 τοῦ
3074 4357 3173 4426 ζῇν
3211 4355 3521 4424 ἐπιτήδεια,

1938 4453 2077 4508 ἀλλὰ
2105 4453 2204 4506 καὶ
2236 4451 2334 4506 ἀπ’
2375 4451 2545 4504 αὐτοῦ
2577 4450 2671 4504 τοῦ
2706 4449 2878 4503 ὐπνου
2911 4467 3002 4517 μοι
3037 4445 3524 4518 παρατρὼγουσιν.

243 4546 338 4598 ἐπὶ
369 4544 672 4614 τράπεζαν,
713 4543 807 4596 καὶ
858 4543 965 4614 μὴν
991 4543 1086 4597 καὶ
1118 4541 1192 4606 ὡς
1219 4542 1426 4614 χύτραν
1456 4543 1552 4596 καὶ
1577 4543 1788 4596 πίνακα
1816 4558 1831 4573 '
1869 4571 1910 4624 ι)
1941 4547 2077 4601 Οὐδὲ
2105 4546 2216 4616 γὰρ
2251 4545 2370 4600 οὐδὲ
2420 4545 2511 4612 ὐφ’
2541 4545 2730 4614 ἡμέρᾳ
2778 4543 2844 4595 τὸ
2889 4540 3150 4607 πολέμιον
3196 4537 3526 4599 ἐπιτίθεται,

245 4639 341 4691 καὶ
389 4638 510 4701 ἑνός
553 4653 637 4700 τις
697 4636 833 4706 ὄψου
881 4636 1076 4691 τούτου
1119 4637 1480 4705 γευσάμενος,
1529 4634 1732 4704 λέγοιτ’
1767 4634 1833 4688 ἂν

244 4726 425 4780 ταῦτα
475 4726 654 4779 πάντα
700 4726 1220 4796 καταθοινήσασθαι.
1257 4727 1413 4780 Ἔστι
1449 4725 1561 4796 γάρ
1609 4727 1724 4789 καὶ,
1759 4726 1835 4788 ὡς

245 4817 422 4882 οὕτως
457 4819 653 4881 εἰπεῖν.
686 4820 981 4874 πανδαισία
1012 4820 1074 4874 τὸ
1108 4823 1377 4892 πρᾶγμαο
1411 4821 1506 4875 καὶ
1541 4820 1664 4874 δέον
1690 4822 1836 4872 ἐστὶν

245 4909 384 4980 ὁμοῦ
434 4906 575 4973 εἶδος
625 4909 684 4964 ἓν
742 4911 1041 4980 ἐδέσματος
1093 4913 1254 4966 τοῦτο
1304 4912 1682 4984 περι-τεθῆναι,
1741 4916 1835 4965 καὶ

246 5002 412 5055 πάντ’
443 5001 608 5063 εὐθὺς
638 5004 988 5072 περικεῖσθαι
1025 5005 1098 5057 τά
1130 5005 1268 5075 πρὸς
1299 5004 1361 5056 τὸ
1393 5004 1609 5074 καίριον
1638 5006 1835 5074 τρόφι-

249 5111 327 5163 μα
348 5108 364 5123 ⁸
396 5095 496 5147 καὶ
528 5095 838 5159 ἀκολούθως
875 5095 934 5149 ἓν
963 5098 1126 5151 τοῦτο
1156 5099 1380 5168 φαγεῖν,
1412 5097 1506 5148 καὶ
1537 5097 1718 5149 πάντα
1765 5095 1835 5148 τά

243 5185 478 5240 τοιαῦτα
513 5189 732 5255 φαγεῖνο
766 5187 842 5250 ὡς
871 5183 1014 5242 εἶναι
1049 5190 1144 5242 καὶ
1165 5187 1478 5243 πλάσασθαί
1503 5203 1555 5240 τι
1583 5185 1835 5241 ἐντεῦθεν

243 5280 502 5348 αἴνιγμα,
570 5280 852 5350 γλαφυρδν
920 5282 1019 5352 μὲν
1076 5283 1275 5346 εἰπεῖν,
1340 5279 1718 5351 συμϐαλέσθαι
1777 5277 1834 5331 δὲ

243 5371 530 5442 δυσχερές.
567 5375 706 5442 Φέρε
747 5376 880 5444 γὰρ,
914 5375 1081 5438 εἴτις
1131 5375 1310 5445 ἔροιτό
1345 5390 1404 5426 σε
1428 5389 1442 5404 ο
1479 5372 1531 5425 τί
1587 5389 1717 5425 ποτε
1766 5371 1836 5425 ἂν

243 5463 330 5529 εἴη
348 5463 546 5516 ταύτὸν
574 5465 669 5518 καὶ
691 5463 750 5517 ἓν
779 5465 1028 5536 ἀριθμῷ,
1063 5463 1228 5529 πίναξ
1253 5465 1348 5517 καὶ
1373 5463 1549 5535 χύτρα
1579 5463 1674 5518 καὶ
1704 5462 1835 5532 ὄψον

246 5558 342 5609 καὶ
381 5556 544 5627 ἄρτος
577 5561 674 5613 καί
703 5559 983 5630 τράπεζα;
1014 5561 1108 5614 καί
1159 5578 1265 5614 που
1317 5559 1416 5613 καὶ
1457 5559 1538 5624 είς
1583 5558 1834 5628 ἰαμϐεῖον

247 5647 387 5701 αὐτὸ
424 5649 668 5705 τοιοῦτον
706 5651 1001 5724 εὐρύθμως
1033 5653 1292 5722 συνθήσει
1315 5667 1330 5682 ⁸

359 5742 637 5809 τράπεζα,
673 5745 880 5812 πίναξ,
910 5749 1140 5815 ψωμὸς,
1169 5745 1329 5815 ὄψον
1362 5745 1459 5799 καί
1495 5745 1722 5815 χύτρασ

244 5837 349 5888 οὐκ
381 5834 446 5887 ἂν
477 5836 756 5908 δυσχερῶς
799 5839 1210 5912 ἁναπεμπάσῖις
1257 5841 1318 5892 τὸ
1347 5839 1618 5909 πρᾶγμας
1660 5837 1831 5892 Ἑπάν

1941 4638 2080 4692 ἀλλά
2128 4656 2219 4706 μοι
2254 4638 2349 4692 καὶ
2380 4637 2536 4690 αὐτοὶ
2589 4637 2910 4706 νυκτερινὸς
2959 4631 3127 4702 φόϐος
3173 4629 3333 4684 εἰσίν.
3385 4626 3525 4682 Οὐδὲ

1941 4731 2046 4784 ὑπὸ
2074 4729 2207 4802 ήλίῳ
2239 4746 2332 4799 μοι
2367 4727 2775 4799 προσϐάλλουσι
2805 4725 3126 4794 λαμϐάνειν,
3153 4722 3242 4775 ὅτε
3270 4737 3353 4784 τις
3381 4715 3529 4790 εἶχεν

1939 4823 2006 4878 ἂν
2039 4822 2237 4886 αὐτοὺς
2282 4821 2570 4876 ὲκσοϐεῖν·
2608 4820 2744 4873 ἀλλὰ
2801 4816 3000 4880 νυκτὸς
3047 4813 3393 4883 ἐπιφύονται,
3449 4812 3533 4874 ὡς

1941 4915 2008 4970 ἂν
2041 4914 2332 4968 λανθάνειν
2381 4913 2652 4968 πάντοθεν
2679 4911 2854 4982 ἔχοιεν
2897 4910 2987 4965 διά
3016 4924 3075 4962 τε
3116 4907 3178 4961 τὸ
3212 4905 3308 4960 τού
3336 4905 3530 4975 περιέ-

1938 5025 2128 5078 χοντος
2160 5006 2469 5076 ἀφώτιστον
2496 5006 2593 5059 καὶ
2617 5005 2680 5059 τὸ
2708 5005 2804 5058 τοῦ
2837 5003 2989 5073 σφῶν
3020 5000 3314 5073 χρώματος
3341 4998 3533 5053 νύκτει-

1942 5117 2054 5170 ρον.
2097 5101 2361 5170 Διογένης
2399 5099 2499 5167 μὲν
2530 5095 2626 5154 οὖν
2675 5097 2918 5168 εὐτυχῶς
2959 5095 3105 5166 ἔχειν
3152 5093 3349 5161 ἐδόκει,
3389 5089 3533 5162 μύας

1938 5193 2080 5264 όρῶν
2117 5192 2310 5264 (κακὸν
2336 5191 2618 5260 τιθασσὸν)
2647 5191 2746 5264 τὴν
2770 5189 3061 5260 τράπεζαν
3092 5187 3522 5257 ὐποτρέχοντας.

1951 5283 2149 5354 Ἐᾠκει
2208 5283 2318 5356 γάρ
2352 5284 2691 5354 παρασίτους
2739 5283 2896 5347 τινὰς
2944 5282 3081 5354 όρᾷν
3127 5281 3220 5334 ὐπ’
3252 5279 3401 5350 αὐτῷ
3441 5274 3534 5333 οἶα

1937 5377 2212 5446 τρυφῶντι
2242 5375 2682 5448 λιχνευομένους,
2726 5376 2822 5430 καὶ
2851 5374 3274 5444 άγειρομένους,
3305 5373 3404 5427 καὶ
3429 5372 3531 5441 τῆς

1939 5469 2290 5539 εὐδαιμονίας
2319 5468 2820 5533 συναπολαύοντας.
2866 5468 2977 5523 Καὶ
3004 5467 3275 5529 τοιούτοις
3309 5465 3526 5520 σύνδει-

1938 5578 2070 5625 πνος
2099 5562 2165 5614 τὰ
2193 5561 2294 5630 τῆς
2321 5561 2516 5627 πενίας
2542 5562 2917 5633 παρεμυθεῖτο
2945 5560 3116 5614 δεινά.
3154 5559 3318 5630 ⁹Ῑίμῖν
3342 5558 3399 5612 δὲ
3429 5557 3530 5610 οὐκ

1935 5652 2054 5704 ἔστι
2094 5651 2323 5706 τοιαῦτα
2352 5653 2608 5726 πάσχειν,
2636 5654 2760 5708 οὐδὲ
2790 5656 3000 5709 τούτων
3036 5651 3225 5721 ἐγγύς.
3253 5649 3392 5704 Οὐδὲ
3419 5647 3531 5718 γάρ

1934 5745 1985 5796 οἰ
2019 5743 2144 5798 καθ’
2176 5744 2338 5815 ἡμῶν
2373 5744 2509 5817 μύες
2536 5744 2684 5800 οὗτοι
2716 5745 3012 5815 παράσιτοι
3038 5759 3054 5774 ο
3096 5740 3384 5796 κατάσιτοι
3421 5737 3526 5807 μὲν

1934 5832 2053 5906 οὖν,
2102 5837 2262 5909 εἴπερ
2295 5833 2363 5911 ἦν
2411 5839 2544 5909 ἡμῖν
2595 5839 3030 5911 όνοματοθετεῖν.
3084 5829 3524 5890 Κατασιτοῦνται
