4062 6402
551 367 690 432 19.55

1990 362 2370 425 ADDENDA.

3685 357 3817 423 1256

549 473 662 543 γὰρ
695 464 840 525 οὗτοι
874 468 943 522 τά
989 465 1392 538 περιπίπτοντα
1419 482 1433 498 ο
1491 465 1537 520 εί
1571 465 1615 520 δ’
1651 460 1767 532 οῦν,
1817 466 1934 522 ἀλλ’
1969 470 2130 539 ἡμεῖς
2158 470 2202 528 Α
2234 470 2440 539 λίχνον,
2473 467 2562 521 διά
2589 483 2649 520 τε
2675 467 2738 520 τὸ
2760 464 3024 538 δυσχερὲς
3048 465 3149 535 τῆς
3176 464 3634 535 καταπηδήσεως.
3665 470 3818 522 Ἔστι

549 565 779 617 ἐκείνων
836 560 1038 630 μᾶλλον
1073 550 1413 628 παράσιτοι,
1466 559 1582 622 τοῖς
1633 559 1814 613 αὐτῶν
1854 559 2134 630 λειψάνοις

551 654 1053 727 παρατρεφόμενοι.
1091 651 1203 704 Ούκ
1236 651 1353 704 ἔστι
1401 651 1522 705 κατ’
1555 651 1736 705 αὐτῶν
1774 654 2013 722 μηχανή.
2054 653 2137 707 Τά

551 750 662 804 τῶν
695 747 941 816 παγίδων
972 747 1052 806 είς
1087 745 1244 799 κενὸν
1274 745 1583 815 διαχάσκει,
1616 747 1714 798 καὶ
1741 745 1926 800 τέλεον
1953 746 2136 816 ἀπρα-

554 844 694 896 κτεῖ.
741 842 798 895 ’0
835 843 898 894 ἐκ
947 838 1107 906 ξύλου
1148 837 1373 908 τοξότης
1416 837 1684 907 Σμινθεῦς
1726 839 1804 902 είς
1839 838 2018 909 μάτην
2049 839 2138 892 ὲν-
2179 879 2188 886 .

552 934 791 988 τείνεται
817 947 831 963 ο
862 932 961 984 καὶ
1015 931 1154 993 ὅλως
1191 931 1272 991 είς
1324 930 1481 983 κενὸν
1530 930 1662 999 ἡμῖν
1681 923 1748 982 ἀί
1797 929 1920 984 κατ’
1955 930 2138 985 αὐτῶν

555 1029 728 1082 πᾶσαι
761 1025 1026 1090 σκάζουσι
1063 1023 1326 1094 μηχαναί.
1359 1022 1467 1075 Kal
1499 1021 1646 1075 ἔστιν
1687 1022 1761 1085 ὼς
1793 1021 1963 1085 ὅντως
1993 1023 2138 1092 ἀμὴ-

553 1135 718 1189 χανον
755 1119 817 1171 τδ
847 1116 1037 1181 κακὸν,
1067 1115 1245 1169 ἐκεῖνό
1295 1131 1362 1185 με
1395 1114 1508 1168 καῖ’
1535 1115 1694 1182 μόνον
1727 1115 2140 1186 περιμυθούμε-

555 1228 658 1277 νοι,
686 1212 768 1265 ὅτι
801 1228 892 1279 μοι
919 1209 1010 1263 τὸν
1043 1208 1288 1262 οἰκίσκον
1320 1209 1379 1262 δν
1412 1208 1631 1278 μονίμῳ
1662 1207 1914 1262 ἵστασθαι
1957 1209 2138 1263 οίωνί-

556 1304 766 1366 ζονται.
809 1303 871 1355 Εί
895 1301 1004 1371 γάρ
1033 1299 1354 1370 καμνούσης
1383 1299 1585 1366 οἰκίας,
1616 1299 1691 1363 ὠς
1717 1298 1896 1368 λόγος,
1939 1301 2139 1368 ἐκφεύ-

557 1411 766 1462 γουσιν,
801 1392 1142 1462 έστηξομένῃ
1179 1390 1399 1452 πάντως
1427 1391 1853 1460 προσμένουσιν.
1887 1391 2057 1446 Οὐδὲν
2081 1392 2138 1446 δὲ

558 1486 854 1556 παρέλκον,
901 1483 996 1537 καί
1039 1499 1090 1535 τι
1139 1481 1249 1534 τῶν
1287 1481 1780 1552 ῥᾳδιουργημάτων
1823 1482 2010 1547 αὐτοῖς
2060 1483 2138 1555 τῷ

561 1579 710 1646 λόγῳ
739 1574 1116 1647 περιδηλῶσαί
1149 1591 1266 1645 μοι.
1310 1574 1559 1642 ’Δγγεῖον
1588 1575 1858 1645 οίνοδόχον
1878 1591 1895 1610 ο
1929 1575 2139 1631 ἄνωθέν

561 1670 730 1724 ποθεν
758 1671 891 1740 ἡμῖν
920 1667 1250 1738 ἁπῃώρηται
1277 1667 1554 1722 παττάλου
1575 1670 1740 1732 τινος,
1764 1669 1945 1734 ὲξότου
1971 1673 2140 1741 μῆνες

562 1759 787 1829 συχνοί·
823 1760 917 1813 καὶ
949 1761 977 1812 6
1001 1758 1099 1824 τῆς
1139 1759 1546 1829 άπαιωρὴσεως
1591 1762 1800 1827 σχοῖνος
1834 1759 2016 1832 άδρδς,
2047 1761 2140 1814 καὶ

2236 563 2308 630 γὰ
2319 579 2351 631 ρ
2381 553 2442 613 οῦ
2469 561 2859 630 κατευστοχεῖν
2887 559 2992 629 μὲν
3013 557 3116 611 ούκ
3144 554 3294 628 εἶχεν
3315 558 3556 628 εὐχερῶς
3577 559 3675 612 τοῦ
3705 578 3818 614 σκοσ

2243 653 2372 718 ποῦ,
2404 651 2543 706 ά).λά
2567 651 2637 706 τὰ
2671 651 2772 720 μὲν
2803 649 2978 704 πολλὰ
2999 649 3178 717 δεξιοῦ
3201 649 3358 720 δίκην
3382 649 3610 718 κέλητος
3643 653 3809 721 περιέι

2244 746 2397 798 ϐαινε
2430 744 2531 816 τὴν
2561 745 2669 798 τῶν
2699 743 2951 816 βοτρύων
2976 743 3304 814 κρεμάθραν
3329 762 3342 776 ο
3381 742 3497 796 ἔστι
3525 743 3571 796 δ’
3597 745 3691 798 ὅτε
3736 745 3820 796 καὶ

2239 840 2392 893 κάτω
2420 856 2522 892 που
2549 836 2947 892 ἀπωλίσθαινε.
2979 837 3090 890 Kal
3118 835 3281 890 τοῦτο
3309 836 3360 890 0!
3389 835 3604 889 ἐκεῖθεν
3638 837 3822 890 δοῦποι

2239 929 2437 992 νυκτὸς
2497 930 2633 999 ἡμῖν
2670 928 3079 996 ύπεσήμαινον.
3127 930 3360 984 Κάτεισι
3395 928 3575 983 τοίνυν
3626 930 3686 983 ὲν
3731 933 3822 1001 μιᾷ

2240 1038 2348 1075 που
2373 1035 2389 1052 ⁸
2425 1019 2519 1074 καὶ
2569 1020 2664 1073 τοῦ
2708 1020 3116 1090 ὑπερκειμένου
3148 1019 3399 1090 καλάμου
3463 1021 3819 1090 προσεπιϐάς,

2240 1113 2332 1166 καὶ
2346 1110 2647 1179 λαϐόμενος
2667 1110 2933 1182 μηρίνθου
2961 1112 3121 1179 μιᾶς,
3153 1111 3246 1180 ὑφ’
3271 1105 3340 1182 ἧς
3371 1111 3466 1166 δύο
3489 1113 3637 1176 τινὲς
3662 1113 3822 1166 ὑπαν-

2239 1203 2450 1273 είχοντο
2483 1202 2735 1275 βότρυες,
2801 1205 3029 1273 ἀνάγειν
3066 1205 3231 1274 ἥθελε
3260 1205 3489 1269 τούτους
3519 1207 3681 1278 ὑψοῦ,
3711 1208 3822 1262 ὅποι

2244 1295 2378 1350 ποτὲ
2411 1296 2626 1367 ἢθελεν.
2669 1298 2822 1353 Ἐπεὶ
2847 1299 2905 1353 δὲ
2940 1300 3226 1369 τεράστιον
3252 1294 3320 1372 ἦν
3354 1301 3414 1353 τὸ
3452 1300 3823 1371 τολμώμενον,

2242 1389 2338 1441 καὶ
2387 1383 2499 1442 οἷον
2534 1389 2890 1461 ὑπερϐαίνειν
2925 1393 3086 1461 χεῖρα
3133 1391 3269 1462 μυὸς
3310 1391 3526 1462 (δώσεις
3565 1393 3679 1464 γάρ
3718 1411 3822 1460 μοι,

2242 1479 2338 1533 καὶ
2367 1482 2526 1550 χεῖρα
2553 1482 2906 1552 προσπλάσαι
2940 1483 3017 1552 τῷ
3046 1481 3190 1535 οὕτω
3215 1482 3550 1553 παλαμναίῳ
3583 1485 3680 1536 καὶ
3706 1483 3826 1554 δρα-

2245 1572 2472 1643 στηρίῳ,
2503 1573 2598 1626 καὶ
2626 1572 2898 1642 τολμῆσαι
2933 1575 3030 1628 καὶ
3067 1574 3339 1645 ὀξυλάϐην
3362 1577 3543 1630 εἰπεῖν
3573 1577 3710 1631 αὐτὸ
3738 1578 3827 1630 καὶ

2241 1663 2604 1734 χειρίσοφον),
2639 1662 2820 1734 βρίθει
2855 1681 2916 1718 τε
2945 1665 3097 1718 κάτω
3121 1665 3183 1719 τὸ
3205 1667 3480 1738 άρπαγὲν.
3513 1668 3610 1722 καὶ
3636 1669 3706 1720 τά
3743 1667 3828 1738 βο-

2243 1755 2438 1826 τρύδια
2467 1753 2636 1826 (οὕτω
2664 1757 2773 1826 γάρ
2798 1757 2863 1810 ὲκ
2896 1756 3142 1828 βοτρύων
3187 1761 3530 1830 κατασχεθὲν
3559 1762 3826 1831 πρότερον

559 1856 684 1915 ὅσος
716 1851 782 1906 ἂν
813 1852 895 1915 είς
929 1850 1130 1922 μικροῦ
1164 1851 1434 1932 δακτύλου
1487 1851 1797 1916 διαστάσεις
1823 1853 2139 1923 παχύνοιτο.
2170 1821 2213 1875 Β
2247 1847 2274 1900 ὁ
2334 1847 2576 1911 δάπανος
2613 1847 2674 1901 τδ
2715 1847 3040 1920 ζευκτήριον
3088 1851 3438 1922 ὑπεκόρισεν)
3496 1855 3826 1908 ἐκπίπτουσι

561 1944 657 2007 Είς
689 1942 848 1996 τοῦτο
873 1944 936 1996 ἐκ
968 1942 1248 2013 μετεώρου
1285 1943 1390 2012 μῦς
1422 1942 1669 2013 χαλάσας
1719 1944 1914 1998 έαυτόν
1947 1943 2042 2014 (ὡς
2074 1944 2144 1999 ἂν

562 2035 731 2104 εἰδείη
805 2036 1012 2099 ἐκεῖνος
1070 2034 1098 2088 6
1137 2035 1497 2106 καταιϐάτης,
1546 2036 1575 2090 ὁ
1623 2036 1987 2107 νυκτιλόχος),
2046 2039 2141 2091 καὶ

563 2127 736 2182 νύκτα
773 2128 905 2198 μίαν
955 2127 1342 2196 ὲπιφυλάττων
1373 2127 1452 2195 τῷ
1502 2127 1814 2196 πλάγματι,
1851 2130 1952 2182 οὐκ
1985 2127 2145 2200 ἔσχεν

564 2222 646 2284 εἰς
671 2221 820 2284 τέλος
842 2221 1170 2291 ἀποφυγεῖν.
1208 2221 1266 2274 '0
1288 2221 1395 2292 γάρ
1418 2237 1499 2275 τοι
1527 2221 1638 2274 τῶν
1661 2221 1892 2276 ὀδόντων
1911 2223 2145 2293 τριγμδς

564 2314 858 2384 ἐξέκρουσέ
894 2331 961 2384 με
997 2312 1093 2367 τοῦ
1136 2312 1329 2376 ὕπνου,
1372 2313 1471 2366 καὶ
1519 2313 1841 2381 άφυπνίζων
1873 2313 2144 2384 ἐξήγειρε.

567 2405 681 2458 Kal
718 2400 788 2475 ἦν
819 2422 909 2475 μοι
943 2403 1140 2475 λύχνος
1171 2405 1228 2456 ὲν
1261 2404 1363 2473 μιᾷ
1392 2404 1512 2457 ταῖν
1545 2405 1749 2474 χεροῖν,
1777 2405 1872 2457 καὶ
1903 2404 2065 2472 λύγος
2088 2407 2146 2458 ὲν

567 2496 799 2566 θατέρᾳ.
842 2497 954 2550 Kal
1004 2497 1032 2549 6
1060 2496 1318 2558 κάκιστος
1368 2495 1723 2565 ὲδραπέτευε,
1775 2496 2006 2564 τραπεὶς
2046 2497 2147 2565 μὲν

569 2587 651 2649 είς
683 2589 883 2658 φυγὴν,
911 2587 1140 2657 τρέμειν
1163 2587 1220 2640 δὲ
1251 2585 1441 2657 ὥσπερ
1477 2587 1637 2657 ἀφεὶς
1665 2588 1724 2640 τὸ
1757 2588 1974 2655 ἀγγεῖον
2000 2603 2014 2618 '
2054 2587 2146 2640 ἐπὶ

567 2677 705 2732 πολὺ
744 2677 853 2749 γὰρ
915 2679 1094 2732 έκεῖνο
1150 2678 1480 2747 μετεφέρετο
1534 2679 1985 2750 κραδαινόμενον.
2038 2677 2148 2732 Kal

568 2767 731 2823 τοῦτο
769 2771 867 2840 μὲν
913 2771 1020 2842 πρὸ
1056 2774 1273 2842 τρίτης.
1315 2771 1479 2825 Ἀλλά
1525 2772 1627 2842 τὴν
1664 2771 1791 2843 χθὲς
1829 2773 2058 2844 ἦιιυσται
2086 2772 2147 2826 τὸ

569 2857 732 2916 ἆθλον
780 2862 856 2932 τῷ
905 2862 1375 2937 καρτεροδόῘν]τῃ.
1425 2864 1536 2919 Kal
1587 2865 1865 2919 κατελθὼν
1923 2865 2148 2935 βαθείας

568 2953 788 3018 νυκτὸς,
821 2955 918 3008 καὶ
944 2954 1145 3019 λαθὼν,
1174 2956 1268 3010 καὶ
1297 2956 1580 3027 ὲντραγὼν
1605 2957 1666 3011 τὸ
1695 2958 1930 3027 σχοινίον
1959 2959 1987 3010 6
2014 2957 2149 3026 κάρ·-

569 3063 735 3116 χαρος
766 3047 1042 3119 τρώκτης,
1072 3047 1132 3100 τὸ
1163 3047 1331 3117 ἄγγος
1373 3049 1693 3120 κατέρριψε.
1738 3050 1848 3102 Καὶ
1873 3048 2004 3101 αύτδ
2039 3049 2141 3119 μὲν

2244 1937 2354 1993 τῶν
2392 1941 2488 1993 τοῦ
2515 1938 2768 2010 ἅρπαγος
2810 1940 3060 2012 ὀνύχων·
3091 1945 3189 1998 καί
3239 1963 3357 2008 πως
3397 1945 3544 1998 κατὰ
3591 1946 3824 2016 κρείττω

2246 2031 2422 2101 τύχην
2460 2033 2756 2088 πίπτουσιν
2802 2033 2903 2089 ούκ
2951 2036 3034 2100 είς
3067 2038 3194 2106 γῆν,
3241 2037 3380 2091 ἀλλά
3416 2038 3724 2105 περιϐάντα
3769 2037 3825 2090 τὸ

2247 2123 2613 2195 ὑποκείμενον
2644 2123 2802 2188 ξύλον
2845 2127 3174 2197 ἐκρέμαντο.
3216 2129 3438 2194 Κτύπος
3466 2131 3561 2184 ἐπὶ
3594 2132 3821 2192 τούτοις,

2247 2217 2342 2269 καὶ
2373 2219 2740 2287 νυκτεγερσία
2777 2219 2962 2275 πάλιν.
3011 2220 3122 2274 Kal
3158 2223 3316 2292 ἡμεῖς
3347 2219 3506 2285 αὖθις
3534 2223 3613 2286 ὡς
3657 2225 3714 2276 ὲν
3737 2240 3826 2277 νυ-

2247 2310 2375 2375 κτδς
2402 2310 2620 2382 φυλακῇ
2645 2310 2740 2366 τοῦ
2775 2313 3044 2384 προτέρου
3070 2313 3264 2383 λύχνου
3296 2316 3393 2369 καὶ
3423 2315 3517 2368 τοῦ
3546 2315 3716 2385 λύγου
3743 2330 3825 2382 γε·

2246 2403 2490 2472 νόμενοι,
2519 2403 2614 2457 τὸν
2650 2403 2750 2474 μὲν
2782 2403 3016 2474 ἅρπαγα
3041 2406 3142 2459 οὐκ
3172 2404 3469 2476 ὲξεύρομεν
3491 2406 3693 2477 (ᾤχετο
3723 2408 3823 2475 γὰρ

2251 2495 2380 2564 μῦς,
2436 2493 2621 2565 χανὼν
2664 2496 2746 2560 είς
2801 2496 3003 2566 μάτην,
3055 2496 3232 2550 ποδῶν
3282 2497 3474 2568 κτύπῳ
3518 2496 3623 2566 τὴν
3657 2496 3825 2566 φυγὴν

2249 2586 2617 2656 ύπεμφαίνων
2650 2588 2830 2658 ἡμῖν),
2862 2588 2923 2642 τὸ
2953 2589 3010 2642 δὲ
3044 2589 3318 2659 ἅρπαγμα
3344 2589 3561 2660 εἴδομεν
3596 2591 3748 2652 ὅπως
3770 2603 3827 2640 τε

2247 2681 2456 2736 ἄνωθεν
2487 2683 2860 2748 κατέσπαστο,
2901 2682 2999 2735 καὶ
3024 2681 3145 2744 οἵας
3176 2683 3234 2734 ἐν
3264 2683 3472 2754 ἑκάστῃ
3500 2682 3612 2737 τῶν
3651 2683 3827 2752 ῥαγῶν

2248 2768 2362 2843 εἶχε
2394 2773 2493 2837 τὰς
2518 2775 2759 2844 ἀμυχὰς,
2792 2775 2873 2828 ἔτι
2901 2774 2997 2828 καὶ
3019 2774 3467 2844 κραδαινόμενον.
3499 2807 3571 2818 -
3599 2776 3829 2830 Τοιαῦτα

2250 2865 2383 2933 ἡμῖν
2417 2863 2948 2935 ὲπικατερράγησαν
2975 2865 3045 2919 τά
3091 2867 3258 2929 κακὰ,
3293 2865 3445 2919 δεινά
3481 2870 3709 2935 φαγεῖν,
3740 2867 3830 2921 άλ.

2248 2955 2439 3010 λεοθαι
2463 2956 2634 3023 δεξιά,
2663 2956 2963 3026 πολυϐόρα,
2990 2959 3290 3027 παμφάγα,
3320 2958 3499 3028 φυγῆς
3515 2961 3615 3013 καὶ
3648 2959 3830 3028 μίσους

2248 3050 2396 3114 ἀξια.
2432 3049 2633 3103 Οὐκέτι
2663 3047 2793 3114 γοῦν
2820 3045 2922 3104 οἷοι
2951 3050 3220 3115 τοιούτοις
3253 3051 3502 3122 ἀντέχειν
3532 3053 3727 3120 ἐσμὲν,
3761 3051 3830 3120 μὴ

567 3139 950 3208 ἁπηχρείωσεν
973 3156 990 3173 ο
1023 3141 1174 3210 ἡμᾶς
1209 3141 1266 3194 δὲ
1294 3141 1387 3194 τοῦ
1424 3141 1593 3195 ὕπνου
1625 3141 1940 3205 έκπατάξας
1972 3141 2144 3212 ᾤχετο
2176 3159 2217 3220 c
2247 3144 2343 3198 καὶ
2368 3143 2572 3199 λάθωσι
2606 3146 3021 3214 καταφαγόντες
3060 3146 3232 3216 ἡμᾶς.
3267 3146 3376 3199 Kal
3404 3147 3526 3208 ταῖς
3558 3146 3664 3215 μὲν
3703 3162 3827 3198 στα·

571 3233 938 3302 μεταϐαίνων,
984 3235 1078 3287 καὶ
1121 3233 1459 3304 ύποτρύλων,
1496 3233 1571 3297 ὡς
1624 3229 1713 3287 οἷα
1759 3235 1993 3304 χαίρων,
2051 3233 2147 3288 καὶ

570 3327 780 3381 παιᾶνα
808 3327 1054 3396 μέλπων,
1079 3327 1166 3396 ἐφ’
1191 3321 1274 3390 οἷς
1304 3326 1495 3394 ἔπαιξε
1525 3326 1646 3380 καθ’
1681 3327 1861 3398 ἡμῶν,
1893 3326 2023 3382 ἄλλο
2049 3326 2150 3397 μὲν

568 3419 723 3474 οὐδὲν
757 3421 1099 3489 ἀπονάμενος
1132 3418 1227 3474 τοῦ
1262 3421 1478 3490 μακροῦ
1515 3420 1757 3491 πολέμου
1794 3422 1888 3474 καὶ
1910 3421 2007 3474 τοῦ
2037 3420 2150 3474 τῶν

569 3509 802 3563 ὀδόντων
830 3513 1104 3579 καμάτου,
1139 3509 1273 3563 αὐτὸ
1298 3509 1375 3574 δὲ,
1412 3511 1489 3574 ὡς
1519 3510 1687 3574 ἔοικε,
1723 3509 1890 3577 τοῦθ’,
1919 3510 2004 3565 ὅτι
2042 3527 2150 3582 περ

572 3601 732 3673 ἡμῶν
761 3602 1183 3673 κατωρχήσατο.
1216 3601 1328 3655 Kal
1352 3601 1511 3655 τοῦτο
1540 3603 1640 3672 μὲν
1663 3601 1894 3658 τοιοῦτο.
1941 3601 2150 3657 Ἐκεῖνο

569 3696 630 3749 δὲ
686 3693 765 3766 μὴ
799 3696 896 3749 καὶ
952 3696 1066 3757 τοῖς
1105 3691 1417 3764 περιδόξοις
1467 3693 1748 3750 ὲντάττειν
1806 3693 2151 3763 ἀκούσμασιν

574 3784 687 3856 ἔχοι
718 3803 822 3850 τις.
847 3786 1131 3856 Κάλαμος,
1164 3783 1240 3847 ώς
1262 3783 1342 3842 είς
1373 3783 1602 3853 όργυίας
1627 3784 1800 3854 μῆκος
1823 3787 1934 3848 τοῖς
1959 3785 2152 3856 ἄκροις

572 3878 876 3949 διεστηκώς
901 3896 916 3911 ο
955 3878 1120 3930 ἔτιδὲ
1162 3877 1258 3930 καὶ
1294 3875 1543 3948 ξύλονγὲξ
1585 3876 1834 3929 ἀκοντίου
1883 3875 2149 3948 θρωσθὲν,

580 3970 951 4024 ίσοδιάστατον
999 3967 1080 4039 τῷ
1134 3967 1367 4037 καλάμῳ
1401 3967 1584 4037 τοίχου
1638 3966 1785 4030 τινὺς
1842 3967 1972 4037 παρ’
2017 3969 2152 4037 ἡμῖν

576 4061 903 4125 ὲξάπτοντος
937 4060 1180 4128 πλάγιαι
1223 4062 1250 4113 ό
1284 4058 1384 4127 μὲν
1417 4059 1666 4128 κάλαμος
1715 4058 2108 4129 ὑπερκείμενος
2136 4075 2150 4092 ο

576 4149 638 4204 16
670 4149 714 4202 δ’
747 4148 814 4204 αὖ
869 4147 1026 4213 ξύλον
1079 4147 1438 4217 ὑποκείμενον
1485 4145 1565 4217 τῷ
1621 4147 1860 4217 καλάμῳ
1893 4147 2067 4220 βραχύ
2099 4168 2152 4204 τι

580 4242 723 4296 κατά
749 4258 874 4296 τινα
907 4239 1138 4296 καθέτου
1173 4239 1418 4310 ἰσότητα.
1447 4239 1666 4294 Τούτων
1694 4239 2028 4311 ἀπῃώρηντό
2061 4259 2153 4312 μοι

579 4334 721 4388 κατὰ
749 4335 920 4404 ζυγάς
960 4333 1206 4404 κείμενοι
1252 4331 1498 4402 βότρυες,
1545 4332 1606 4385 ού
1640 4333 1873 4403 μεγάλοι
1906 4334 2028 4403 μὲν,
2059 4334 2153 4388 άν-

576 4427 798 4481 τίπαλοι
839 4427 897 4481 δὲ
928 4426 1122 4497 χρόνου
1157 4428 1386 4502 τροπαῖς
1410 4437 1427 4454 ⁸
1457 4422 1582 4478 οὔτε
1621 4425 1893 4497 εύρωτιᾷν
1925 4425 2149 4492 είδότες,

578 4520 831 4588 καὶπρὸς
846 4518 1168 4589 πλαδασμδν
1183 4519 1346 4573 δὲκαὶ
1371 4520 1536 4590 σῆψιν
1553 4519 1860 4589 ἁντίμαχοι,
1881 4518 2041 4589 μέχρι
2059 4520 2153 4573 καὶ

579 4615 659 4676 εἰς
699 4613 799 4684 ἔαρ
834 4612 1239 4684 παραγγέλλειν
1274 4630 1364 4683 μοι
1383 4613 1763 4683 νομιζόμενοι·
1797 4609 1890 4674 οὓς
1920 4613 1954 4678 ἡ
1985 4612 2158 4681 δημο-

578 4703 706 4772 τικὴ
745 4704 970 4772 λεκτικὴ
1013 4706 1464 4772 κρυσταλίνους
1513 4705 1822 4758 ἀποκαλεῖ·
1861 4705 2005 4774 τάχα
2056 4703 2157 4776 μὲν

579 4795 668 4848 διά
690 4793 752 4848 τὸ
783 4796 839 4847 ἐν
862 4794 1109 4864 κρύειτά
1128 4793 1298 4848 πολλά
1317 4794 1542 4857 τούτους
1563 4794 1889 4863 τρυγᾶσθαι,
1913 4795 2073 4865 τυχὸν
2100 4795 2157 4848 δὲ

585 4887 677 4940 καὶ
723 4886 812 4940 διὰ
840 4885 900 4939 τὸ
950 4885 1258 4954 καθαρείως
1303 4884 1449 4955 ἔχειν
1494 4885 1588 4938 τοῦ
1630 4885 1960 4955 φαινομένου
2016 4887 2159 4939 κατὰ

583 4979 892 5051 κρυστάλου
944 4978 1068 5032 τινὰ
1115 4978 1432 5048 ὁμοιότητα.
1494 4976 1717 5040 Τούτοις
1763 4976 2159 5040 ἐπιϐουλεύσας

583 5064 664 5134 εἷς
685 5087 792 5138 τις,
817 5071 917 5124 οῦκ
941 5065 1039 5124 οἷδ’
1068 5071 1216 5133 ὅπως
1242 5069 1532 5141 ὁρμητίας,
1562 5067 1594 5137 ἢ
1623 5067 1716 5120 καὶ
1745 5067 2156 5137 καταῤῥάκτης,

583 5165 680 5218 καὶ
712 5162 919 5218 ἀνωθεν
965 5161 1295 5234 καταπηδῶν
1340 5162 1421 5224 είς
1470 5159 1692 5223 αὐτοὺς,
1727 5159 1796 5212 τὰ
1842 5159 1938 5228 μὲν
1969 5158 2161 5228 πρῶτα

587 5254 839 5326 περιϊὼν,
873 5255 971 5318 τάς
1001 5255 1289 5326 κρείττους
1337 5253 1446 5306 τῶν
1485 5252 1670 5323 ῥαγῶν
1705 5250 2027 5319 άπελέγετο,
2061 5251 2159 5313 τὰς

591 5347 692 5418 μὲν
727 5347 854 5410 ὅλας
883 5347 1245 5417 ἀποτρὼγων,
1279 5343 1391 5398 τῶν
1420 5343 1476 5396 δὲ
1514 5343 1610 5396 καὶ
1647 5341 1985 5408 άπεκμυζῶν
2016 5340 2162 5393 ἅπαν

589 5437 650 5489 τὸ
689 5434 961 5503 νόστιμον,
991 5435 1090 5498 τὰς
1120 5434 1176 5488 δὲ
1203 5434 1295 5486 καὶ
1328 5432 1502 5495 άλλως
1529 5432 1646 5492 ταῖς
1679 5430 1790 5484 τῶν
1817 5431 2042 5484 ὀδόντων
2067 5429 2161 5498 0i}-

590 5529 737 5595 ξεσιν
766 5526 1025 5596 ἀχρειῶν.
1062 5525 1172 5579 Kal
1202 5523 1373 5578 ταῦτα
1413 5523 1508 5592 μὲν
1532 5523 1598 5575 τά
1637 5522 1852 5593 πρῶτα.
1883 5522 1962 5574 Τά
2004 5522 2047 5573 δ’
2075 5524 2162 5575 ὲν-

590 5617 781 5673 τεῦθεν
812 5617 875 5671 τὸ
907 5615 1146 5686 πονηρὸν
1177 5617 1354 5668 έκεῖνο
1382 5613 1571 5684 θηρίον
1595 5613 1778 5666 ούκέτι
1808 5613 1951 5665 κατὰ
1986 5613 2164 5682 ράγας

591 5709 703 5762 δεῖν
728 5709 926 5777 διέγνω
958 5705 1054 5761 τοῦ
1082 5703 1250 5759 καλοῦ
1276 5701 1706 5772 ἀποδρέπεσθαι,
1743 5699 1857 5752 ἀλλ’
1881 5700 2002 5753 ὅλον
2027 5700 2165 5754 ἀπε-

598 5801 932 5872 νεγκάμενον
981 5796 1226 5870 οἴχεσθαι
1278 5788 1370 5850 τὸν
1399 5793 1636 5864 καρπὸν,
1668 5792 1759 5847 διά
1800 5809 1858 5844 τε
1906 5792 1965 5844 τὸ
2004 5790 2163 5860 φύσει

2254 3236 2445 3308 φυλαῖς
2472 3237 2647 3300 οὕτως
2665 3236 3186 3291 ὲπιϐεϐουλεύκασιν
3208 3239 3258 3290 οί
3290 3236 3473 3308 ἐχθροί
3498 3252 3513 3268 ο
3543 3240 3664 3299 τοῖς
3689 3236 3747 3290 δέ
3770 3251 3830 3304 γε

2255 3329 2540 3400 μεσπίλοις
2569 3329 2793 3383 τοσοῦτο
2826 3329 3105 3396 ἐπέθεντο,
3143 3328 3219 3393 ὡς
3259 3331 3462 3398 μηκέτι
3514 3329 3830 3399 παρεσθίειν

2250 3419 2453 3486 αὐτῶν,
2489 3419 2606 3472 ἀλλ’
2629 3420 2942 3492 ἀραμένους
2970 3421 3206 3490 ἀπάγειν
3231 3419 3330 3476 ὅλα
3357 3419 3496 3474 κατά
3519 3423 3656 3484 τοὺς
3680 3420 3833 3491 ἀχθο-

2253 3513 2444 3582 φορεῖν
2503 3509 2739 3578 δεξιοὺς,
2771 3513 2868 3566 καὶ
2916 3511 3282 3575 καθεκάστας,
3311 3511 3525 3582 ἡμέρας
3568 3512 3717 3566 οὕτω
3747 3512 3832 3566 τὸν

2252 3603 2489 3675 ἀριθμὸν
2518 3606 2705 3670 αὐτοῖς
2740 3604 3122 3675 καθυφίεσθαι.
3155 3605 3282 3668 Τοῖς
3312 3604 3370 3657 δὲ
3414 3604 3708 3668 κυδωνίοις
3741 3603 3833 3674 μή-

2252 3699 2365 3761 λοις
2421 3697 2839 3768 ἐμφωλεύουσιν
2883 3697 2934 3751 οἱ
2977 3699 3250 3764 κάκιστοι,
3317 3695 3454 3766 πρὸς
3508 3697 3833 3757 καταδύσεις

2253 3789 2394 3842 αύτα
2450 3788 2813 3860 σπηλαιώδεις
2866 3787 3256 3849 κοιλαίνοντες.
3322 3788 3455 3857 Ἔχε
3526 3789 3714 3841 τοίνυν
3771 3784 3832 3838 δι’

2253 3880 2502 3950 ἀνάγκην
2535 3880 2643 3951 πρὸ
2689 3879 2840 3950 ὥρας
2887 3879 2956 3933 τὰ
2987 3878 3074 3933 σά.
3111 3879 3220 3932 Καί
3272 3895 3364 3948 μοι
3406 3878 3516 3932 τῶν
3550 3877 3832 3933 καλανδῶν

2253 3971 2602 4043 προαπόλαυε
2633 3987 2647 4002 ·
2677 3971 2775 4026 καὶ
2802 3970 2992 4026 κακῶν
3021 3971 3169 4041 ἡμᾶς
3199 3970 3462 4024 τοιούτων
3491 3970 3830 4035 ἀπάλλαξον

2260 4065 2358 4117 καλ⁵
2391 4064 2570 4135 κῆρας
2603 4063 2701 4128 τὰς
2728 4061 2872 4117 οὕτω
2899 4061 3254 4134 πολυϐόρους,
3279 4061 3376 4126 τὰς
3405 4062 3830 4131 γαμψωνύχους,

2253 4155 2350 4218 τὰς
2384 4153 2587 4225 μικροῦ
2638 4153 2748 4207 δεῖν
2797 4153 2938 4206 κατὰ
2973 4151 3074 4224 τὴν
3129 4152 3436 4223 παροιμίαν
3485 4153 3834 4222 ἀναρπαξάν-

2253 4249 2434 4320 ὅρους,
2467 4246 2776 4316 άπάμυνον.
2829 4245 3165 4314 Δεδοίκαμεν
3193 4243 3308 4309 οὖν,
3349 4246 3558 4315 μήποτε
3595 4246 3693 4298 τοῦ
3743 4261 3828 4295 πο.

2257 4337 2520 4406 θουμένου
2551 4335 2855 4406 στερέντες,
2885 4336 3020 4406 ἡμῖν
3051 4333 3236 4399 αὐτοῖς
3277 4337 3326 4390 οί
3365 4336 3496 4406 παρ’
3526 4337 3665 4405 ἡμῖν
3695 4335 3834 4388 οῦτοι

2257 4428 2548 4498 παμφάγοι
2608 4428 2774 4498 θῆρες
2826 4425 3312 4483 ὲπιϐουλεύσωσιν.
3367 4428 3592 4480 Ἐπεισι
3638 4427 3693 4480 δέ
3748 4443 3834 4496 μοι

2185 4505 2232 4566 D
2259 4521 2486 4592 θαρρεῖν
2537 4519 2736 4585 ἄλλως,
2780 4519 2856 4582 ὡς
2890 4520 3000 4591 ἄρα
3051 4521 3117 4589 τῇ
3155 4519 3352 4592 κνίσσῃ
3406 4521 3832 4591 τεκμαιρόμενοι

2262 4612 2382 4664 κατ’
2416 4610 2560 4680 ίχνος
2588 4609 2936 4680 φιλουμέναις
2966 4609 3214 4680 ὀπώραις
3239 4611 3556 4680 ὲφέψονται,
3593 4610 3691 4664 καὶ
3717 4609 3834 4678 ἁφίυ

2264 4703 2446 4769 ξονται
2490 4704 2645 4772 παρὰ
2680 4701 2740 4755 σέ
2765 4717 2780 4734 ο
2813 4702 2909 4755 καὶ
2965 4701 3159 4770 μάθοις
3192 4701 3260 4756 ἂν
3303 4703 3610 4771 τηνικαῦτα
3661 4702 3832 4772 ἔργοις

2263 4794 2466 4858 αὐτοῖς,
2504 4787 2593 4846 οἷα
2621 4793 2691 4846 τά
2720 4791 2822 4862 τῆς
2853 4791 3036 4862 μάχης
3065 4793 3200 4862 ἡμῖν
3224 4785 3331 4846 ⁸ὀῦ
3383 4793 3521 4863 πρὸς
3549 4795 3829 4862 γεράνους.
3855 4854 3858 4864 ,

2263 4885 2338 4949 ὠς
2369 4883 2434 4937 ἂν
2465 4883 2623 4952 ήμῶν
2652 4883 2814 4946 αὐτὸς
2847 4882 3249 4950 καταπαίξειας
3269 4901 3283 4916 ·
3315 4884 3451 4937 ἀλλά
3479 4886 3714 4954 στρατὸν
3743 4871 3857 4950 γη-’

2264 4975 2420 5044 γενῆ,
2456 4968 2516 5029 οῦ
2543 4974 2929 5044 περιγενέσθαι
2962 4973 3105 5044 μέγα
3129 4973 3310 5045 ἔργον,
3343 4976 3436 5028 καὶ
3478 4970 3597 5028 οἷον
3628 4973 3835 5042 ἱστορίᾳ

2265 5067 2507 5136 δοθῆναι,
2537 5067 2633 5119 καὶ
2659 5065 2839 5135 λόγοις
2886 5067 3254 5137 συγγραφέων
3289 5065 3676 5137 σεμνύνεσθαι,
3711 5069 3762 5118 εί
3786 5080 3836 5115 τι

2265 5158 2600 5228 προσεκτέον
2625 5155 2705 5228 τῷ
2739 5156 2907 5211 πάλαι
2957 5157 3122 5227 λόγῳ,
3156 5156 3216 5222 6;
3263 5159 3391 5228 περὶ
3439 5157 3538 5227 τὴν
3588 5158 3833 5228 Χρύσαν.

2267 5249 2515 5319 Τρωϊκὸν
2541 5248 2599 5301 δὲ
2630 5244 2698 5320 ἦν
2739 5249 2828 5302 ὅτε
2861 5247 3002 5318 αῦτη
3045 5249 3322 5318 πολίχνιον
3367 5249 3612 5317 ίδρύσθαι
3653 5251 3835 5314 ξόανον

2265 5337 2437 5404 λέγει,
2470 5339 2564 5390 καὶ
2623 5337 2848 5406 σμίνθον
2901 5335 3047 5406 ἔχειν
3095 5340 3209 5400 τοῖς
3268 5338 3426 5392 ποσὶν
3462 5338 3833 5408 ἐπικείμενον.

2271 5429 2427 5481 Ἐστι
2458 5428 2514 5480 δὲ
2549 5426 2661 5498 άρα
2689 5429 2716 5480 6
2745 5427 2841 5494 μὲν
2869 5427 3136 5497 Σμινθεῦς
3167 5428 3247 5491 είς
3277 5428 3373 5482 νῦν
3411 5427 3836 5498 μεταλαμϐόμε-

2266 5535 2354 5581 νος
2384 5519 2524 5570 κατὰ
2545 5518 2789 5586 γλῶτταν
2819 5517 3086 5588 ἐγχώριον
3113 5533 3127 5548 ·
3161 5521 3189 5573 ό
3217 5519 3272 5572 δέ
3307 5535 3371 5586 γε
3402 5520 3590 5572 πατῶν
3623 5519 3714 5572 ἐπ’
3741 5519 3827 5571 αύ-

2231 5610 2357 5662 ·τὸν
2399 5609 2674 5662 Ἀπόλλων
2723 5612 2940 5680 σεμνδς,
2975 5611 3057 5664 ὅτι
3103 5610 3316 5664 τοιοῦτο
3352 5611 3537 5681 θηρίον
3588 5611 3830 5678 ἐνίκησε.

2268 5699 2380 5752 Kal
2437 5701 2537 5752 οὐκ
2577 5700 2962 5770 ἐπαισχύνεται
2992 5701 3090 5772 τὴν
3138 5700 3320 5772 νίκην,
3356 5699 3490 5757 ἀλλὰ
3536 5700 3628 5754 καὶ
3659 5699 3837 5769 χαίρει

2269 5791 2308 5842 Σ
2316 5788 2533 5860 μινθεὺς
2568 5790 2816 5845 ἐντεῦθεν
2847 5790 3202 5862 καλούμενος.
