4062 6408
328 363 462 433 1257

1071 481 1108 533 Ζ

1112 359 1535 424 EUSTATIIII
1575 352 2337 419 THESSALONH‘ENSIS
2361 352 2779 419 EPISTOLJE.

3458 358 3594 424 1258

1933 474 1983 535 Α
2012 474 2111 544 τῆς
2151 474 2411 546 χάριτος,
2464 475 2577 529 εἴτε
2651 476 2760 545 μὴν
2818 474 3188 547 ἀντιχάριτος·
3218 477 3384 547 ἡμεῖς
3432 480 3488 534 δέ
3539 482 3592 534 οῖ

398 569 484 638 Τῷ
508 568 690 636 αὐτῷ.
713 570 821 633 Τάς
846 569 941 624 νῦν
965 570 1280 637 καλάνδας
1308 569 1747 640 πανηγυρίζουσι
1771 567 1905 620 πάν·
2012 566 2199 635 λόγου,
2228 568 2277 621 εί
2332 569 2408 639 μὴ
2446 568 2519 639 τῷ
2552 568 2667 623 δντι
2706 570 3120 640 θεραπευτικοὶ,
3151 571 3486 643 θεράποντες
3540 573 3597 628 δέ

322 682 435 731 τες,
478 660 561 727 οἷς
608 665 679 719 τά
738 663 1029 734 Ῥωμαίων
1070 663 1463 732 πρεσϐεύεται,
1513 662 1607 716 καὶ
1666 661 1777 715 τῶν
1822 662 1903 723 εἰς

322 756 607 828 χαρμονὴν
648 755 1016 811 συντελουσῶν
1041 754 1270 825 ἡμερῶν
1319 757 1442 818 ταῖς
1486 754 1776 826 μεγίσταις
1806 753 1905 820 ἐγ-

327 850 575 918 κρίνουσι
601 864 619 881 ·
649 847 743 901 καὶ
772 849 873 901 ούκ
906 845 1018 899 ἐσθ’
1048 847 1106 910 ὃς
1152 845 1326 909 αύτάς
1361 845 1461 899 οὐκ
1491 845 1615 914 ἄγει
1644 843 1905 914 γλυκεῖαν

325 940 541 1012 ἐορτὴν,
582 941 631 994 εί
661 939 737 1010 μὴ
770 938 1020 1009 βούλεται
1046 939 1143 992 καὶ⁸
1177 939 1338 999 αὐτὸς
1374 938 1599 1009 ἥδυσμά
1642 951 1696 988 τι
1726 951 1909 1003 παρα-

326 1032 545 1088 κεῖσθαι
577 1034 643 1101 τῇ
680 1030 1012 1102 πανηγύρει,
1045 1030 1141 1084 καὶ
1188 1032 1255 1100 τῇ
1290 1028 1400 1083 τῶν
1439 1028 1751 1098 ἐορταστῶν
1788 1027 1906 1079 ῖλα-

332 1126 519 1195 ρότητι
569 1122 912 1195 παραρτύειν
946 1122 1037 1176 τὸν
1066 1121 1282 1191 γέλωτα
1306 1137 1322 1153 ·
1358 1119 1522 1185 αὐτὸς
1562 1120 1664 1189 μὲν
1702 1135 1907 1188 σεμνυ-

327 1220 558 1290 νόμενος
584 1217 679 1271 καὶ
716 1216 969 1284 συνάγων
1003 1218 1085 1278 είς
1115 1213 1554 1284 σκυθρωπότητα
1579 1214 1677 1274 τάς
1708 1210 1905 1280 ὀφρῦς,

326 1314 438 1372 τοῖς
471 1309 528 1363 δέ
557 1308 861 1379 θεωμένοις
894 1306 1040 1361 καθά
1077 1324 1178 1360 που
1226 1308 1323 1364 καὶ
1346 1308 1463 1370 τοῖς
1495 1305 1725 1376 Ἕλλησι
1770 1304 1908 1373 Θερ-

329 1402 481 1471 σίτης
531 1402 664 1455 ποτέ
701 1401 910 1455 πλατὺν
957 1400 1273 1468 ὑπανοίγων
1307 1399 1401 1452 τὸν
1448 1397 1799 1468 καγχασμδν,
1829 1397 1907 1458 ὼς

327 1494 384 1546 ἐν
409 1493 582 1563 θιάσῳ
617 1494 771 1563 μέσῳ
799 1492 1135 1564 χορευόντων
1168 1492 1512 1562 χαρμόσυνα,
1537 1489 1906 1544 ἐπίκλαυστον

329 1586 470 1659 ᾅδων
499 1585 680 1650 αὐτὸς,
722 1585 799 1647 ώς
840 1584 1228 1655 ἀνεόρταστος,
1254 1583 1331 1646 ώς
1358 1582 1657 1653 ἀνέραστος
1685 1580 1780 1635 τοῦ
1807 1597 1909 1635 κα-

326 1679 442 1743 λοῦ,
476 1678 553 1742 ώς
583 1678 846 1749 ἄντικρυς
876 1680 1239 1748 ἀχαρίτωτος,
1271 1677 1483 1746 πέτρας
1512 1676 1668 1750 (εῖπῃ
1700 1691 1785 1739 τις
1814 1674 1905 1741 ἀν)

2007 660 2180 729 ὅμως,
2208 659 2351 730 τάχα
2395 668 2453 713 δε
2484 662 2581 715 καὶ
2605 662 2838 733 ὀτρηροὶ
2882 662 2981 733 τὴν
3010 665 3199 733 τιμίαν
3240 683 3297 720 σε
3350 666 3595 738 κεφαλὴν

2008 753 2105 804 καὶ
2138 750 2235 805 τοῦ
2274 752 2478 817 παντὸς
2512 753 2674 820 ἀξίαν
2704 754 2783 823 τῷ
2805 756 2940 826 παρ’
2970 758 3104 828 ἡμῖν
3134 759 3305 829 τιμίῳ
3335 759 3596 827 δεξιωσό-

2010 843 2150 913 μεθα
2201 843 2367 915 λόγῳ,
2422 844 2712 911 συνθέντες
2768 849 2962 903 τοῦτον
3014 852 3122 904 ἔσω
3172 853 3440 906 πίπτοντα
3491 852 3589 906 τοῦ

2007 934 2202 1005 καιροῦ
2224 950 2240 967 ·
2272 934 2468 990 οὔκουν
2497 939 2638 993 κατά
2675 939 2769 994 τὸν
2801 941 3088 1013 σοφιστὴν,
3124 943 3183 996 ὃν
3222 943 3251 996 ό
3289 944 3446 1013 λόγος
3478 945 3594 999 ἀνω

2010 1043 2092 1079 σοι
2122 1028 2527 1097 παρεστήσατο.
2569 1033 2672 1085 Ἢν
2712 1033 2820 1103 γὰρ
2860 1036 3068 1097 ἐκεῖνος
3102 1034 3355 1090 ἐϐάδισεν
3380 1076 3395 1101 ,
3428 1036 3595 1101 αὐτὸς

2008 1118 2211 1188 τεμὼν,
2244 1119 2432 1191 ἔτρεψε
2471 1124 2652 1191 μόνος.
2685 1127 2746 1179 Ol
2776 1126 2821 1180 δ’
2862 1128 3015 1183 ἄλλοι
3062 1128 3206 1183 δοκῶ
3256 1147 3348 1199 μοι
3397 1130 3465 1184 ἂν
3496 1130 3596 1200 τὴν

2008 1213 2267 1285 τοιαύτην
2315 1215 2622 1287 ὀκνήσωσιν
2652 1219 2938 1291 ἀτραπόν·
2972 1222 3033 1275 ού
3082 1222 3194 1293 γὰρ
3240 1223 3399 1278 ἐσται
3439 1226 3595 1294 σφίσι

2010 1312 2131 1358 κατ’
2165 1304 2313 1377 ἴχνος
2368 1308 2579 1379 βαίνειν
2610 1310 2705 1364 τοῦ
2739 1313 2993 1384 ῥήτορος.
3054 1315 3351 1387 Γράφομεν
3376 1316 3434 1370 δέ
3465 1318 3592 1371 κατ’

2010 1397 2199 1467 ἔφοδον
2229 1400 2419 1474 ἀλλην,
2454 1403 2522 1457 δι’
2552 1397 2624 1475 ἧς
2654 1405 2723 1459 τά
2768 1406 2867 1477 τῆς
2905 1407 3053 1479 ῶρας
3086 1410 3187 1463 οὐκ
3219 1412 3594 1483 ἐκφράσομεν,

2009 1491 2147 1546 ἀλλά
2175 1494 2488 1565 φράσομεν,
2525 1497 2641 1560 τοῖς
2674 1497 2889 1553 ἑαυτῶν
2917 1498 3017 1571 τὴν
3048 1501 3268 1573 ἡμέραν
3299 1503 3594 1573 σεμνύνον-

2010 1599 2124 1647 τες,
2152 1585 2247 1639 καὶ
2270 1584 2349 1654 τῷ
2378 1589 2510 1658 περὶ
2537 1589 2865 1644 καλανδῶν
2898 1590 3043 1662 λόγῳ
3077 1592 3449 1664 ἐξοσιούμενοι
3495 1596 3597 1665 τὴν

2010 1675 2135 1728 κατ’
2176 1675 2392 1742 ἐκείνας
2436 1680 2775 1753 πανήγυριν.
2828 1683 3027 1738 Ἔσται
3068 1684 3125 1738 δέ
3177 1702 3262 1740 σοι
3291 1686 3597 1741 κάντεῦθέν

326 1771 681 1844 ἀ[γ]ελάστου
710 1771 855 1825 κατά
878 1770 975 1839 τὴν
998 1769 1302 1842 παροιμίαν
1328 1770 1652 1839 ἀπόκομμα.
1674 1768 1905 1834 Ἀγουσι
1942 1775 1984 1834 Β
2011 1782 2066 1819 τι
2114 1765 2290 1838 βραχὺ
2340 1771 2756 1843 προσωφέλημα
2776 1790 2791 1805 ·
2824 1775 2929 1828 κᾶν
2982 1776 3032 1829 εί
3081 1777 3177 1831 καὶ
3228 1777 3396 1847 μηδὲν
3448 1778 3599 1846 ἄλλο,

331 1866 432 1936 μέν
461 1863 555 1917 οῦν
582 1863 684 1926 τὰς
712 1860 1026 1929 καλάνδας
1058 1862 1119 1915 ἐν
1164 1862 1310 1932 λόγῳ
1341 1862 1709 1932 πανηγύρεως
1737 1858 1911 1914 anav-

326 1972 455 2020 τες·
488 1956 684 2023 ἄγουσι
712 1954 769 2009 δέ
810 1953 947 2009 ἀλλα
995 1953 1169 2017 ἄλλοι,
1203 1954 1279 2018 ώς
1322 1952 1557 2016 ἕκαστος
1587 1948 1729 2005 οἶδεν
1764 1950 1911 2022 ἐχειν

332 2047 367 2119 ἢ
405 2046 503 2101 τοῦ
539 2046 849 2118 βούλεσθαι,
877 2045 911 2116 ἢ
943 2044 1039 2099 τοῦ
1060 2044 1345 2100 δύνασθαι.
1376 2045 1487 2098 Καὶ
1516 2043 1704 2099 ὁποῖόν
1731 2060 1785 2097 τι
1814 2043 1912 2098 καὶ

329 2140 519 2210 ἡλίκον
551 2140 670 2202 ταῖς
701 2137 1038 2204 καλάνδαις
1065 2139 1211 2192 κατά
1235 2137 1345 2191 τῶν
1371 2136 1551 2191 ἀλλων
1579 2136 1807 2207 ἡμερῶν
1850 2135 1913 2188 τὸ

330 2229 626 2299 ἐκνίκημα,
660 2230 690 2283 ό
722 2228 893 2299 Σῦρος
920 2229 1033 2300 ἐχει
1056 2227 1412 2299 παραστῆσαι
1440 2244 1524 2281 σοι
1552 2226 1834 2297 σοφιστὴς,
1867 2217 1913 2293 ᾧ

332 2322 436 2393 τὴν
459 2320 656 2390 κλῆσιν
683 2320 1021 2375 ἐπέπνευσεν
1046 2322 1074 2375 ὁ
1108 2320 1422 2392 πυρίπνους
1450 2318 1718 2389 ἐγχώριος
1745 2317 1915 2373 Λίϐα-

335 2432 449 2479 νος,
489 2416 517 2469 ό
546 2416 644 2484 τῆς
676 2414 788 2467 τῶν
835 2414 1029 2482 Σύρων
1070 2414 1172 2483 γῆς
1209 2412 1579 2483 ύπερτέλλων,
1614 2412 1712 2466 καὶ
1764 2411 1916 2467 κάτω

333 2525 442 2561 που
472 2506 687 2560 κεῖσθαι
722 2504 893 2575 αὐτὴν
926 2507 983 2560 ἐν
1014 2503 1180 2576 κοίλῳ
1204 2505 1385 2573 ἀφείς.
1430 2504 1596 2559 Ἀλλά
1624 2503 1676 2557 τί
1710 2519 1794 2557 σοι
1820 2519 1917 2556 πε-

336 2598 621 2670 ριπλέκειν
660 2597 803 2652 δοκῶ
838 2596 1198 2667 περιφράζων
1225 2596 1320 2651 τὸν
1351 2596 1579 2668 ῥήτορα,
1628 2597 1724 2651 καῖ
1755 2614 1915 2665 σοφι-

338 2689 540 2753 στικῶς
566 2687 667 2760 τὴν
697 2687 792 2741 τοῦ
824 2688 1091 2757 ὀνόματος
1124 2687 1491 2758 παρωνυμίαν
1539 2684 1918 2758 μεταχειριζό-

342 2796 504 2851 μενος
531 2796 547 2848 ;
578 2780 676 2834 καὶ
702 2779 823 2843 πῶς
850 2778 1157 2851 παρασύρω
1186 2779 1276 2833 τὸν
1293 2778 1462 2851 ἄνδρα
1490 2779 1568 2849 τῷ
1595 2778 1814 2850 Λιϐάνῳ
1838 2776 1917 2847 τῷ

334 2869 480 2941 δρει,
510 2870 605 2924 καὶ
650 2869 752 2923 οὑκ
780 2869 963 2938 ἐξάγω
992 2870 1094 2940 τῆς
1148 2869 1379 2942 λόχμης,
1406 2870 1501 2923 καί
1545 2887 1626 2924 σοι
1662 2868 1916 2940 παριστῶ

335 2962 434 3017 τὸν
460 2961 634 3018 δεινὸν
656 2962 918 3033 σοφιστὴν
942 2961 1034 3015 τὸν
1060 2960 1320 3016 Διϐἀνιον
1347 2979 1364 3030 ;
1390 2961 1595 3033 Φράζει
1620 2962 1751 3031 γοῦν
1776 2963 1918 3015 ἐκεῖ·

338 3072 454 3123 νος,
498 3054 557 3110 εῦ
596 3054 743 3125 μάλα
792 3054 934 3108 κατά
980 3055 1181 3125 τέχνην
1228 3055 1688 3127 περιηγούμενος,
1738 3054 1914 3107 ὁπόσα

335 3149 449 3202 τῶν
477 3146 657 3202 καλῶν
681 3146 1105 3218 τελοῦνταιπερὶ
1127 3147 1319 3213 αύτάς,
1347 3148 1473 3211 τοὺς
1521 3149 1774 3218 κρότους,
1792 3147 1916 3213 τοὺς

338 3238 568 3311 ὕμνους,
622 3240 747 3303 τοὺς
800 3242 1058 3307 παιᾶνας,
1095 3240 1164 3293 τά
1206 3239 1380 3310 δῶρα,
1424 3240 1600 3295 τᾶλλα
1629 3240 1729 3311 τῆς
1778 3240 1892 3310 ήμέ

341 3350 445 3404 ρας
497 3332 703 3400 ἀγαθά,
736 3332 774 3387 ἀ
833 3332 1009 3404 στόμα
1067 3332 1328 3387 Λιϐανίου
1381 3333 1643 3404 τεχνικῶς
1689 3332 1921 3402 διαμασ-

341 3424 658 3494 σησάμενον
703 3422 894 3477 ἐλέανέ
924 3439 984 3477 τε
1035 3423 1132 3478 καὶ
1157 3424 1368 3495 τροφὴν
1404 3422 1619 3476 ἐνέθετο
1648 3423 1761 3485 τοῖς
1789 3438 1922 3493 προ-

336 3514 689 3585 τελουμένοις
743 3514 823 3568 ἐτι
854 3515 950 3567 καὶ
981 3513 1517 3584 βρεφοκομουμένοις
1561 3509 1674 3568 οἷον
1723 3513 1792 3567 τά
1840 3516 1923 3577 είς

342 3606 672 3679 ῥητορικήν.
712 3607 811 3661 Ἓν
835 3606 899 3677 δή
930 3624 981 3660 τι
1004 3606 1113 3660 τῶν
1140 3605 1241 3676 τῆς
1268 3606 1482 3677 ἡμέρας
1506 3606 1713 3677 ταύτης
1742 3606 1923 3659 καλῶν

340 3699 443 3751 καὶ
471 3696 533 3749 τὸ
564 3696 861 3767 δωρεῖσθαι
895 3698 989 3751 καὶ
1016 3695 1271 3768 ἀλλήλοις
1298 3714 1351 3751 τι
1382 3696 1677 3763 συντελεῖν,
1704 3697 1765 3751 ού
1794 3698 1923 3763 τοὺς

339 3788 545 3853 αὐτοὺς
568 3790 683 3853 τοῖς
715 3790 904 3853 αὐτοῖς
927 3788 1312 3860 (συνάλλαγμα
1337 3789 1448 3861 γάρ
1477 3789 1639 3844 τοῦτο
1672 3787 1924 3843 τοιοῦτον

341 3880 447 3934 οὐκ
475 3879 717 3948 εὐγενὲς,
752 3880 951 3950 φρενδς
985 3879 1288 3949 κερδαλέας
1334 3884 1613 3951 τέχνασμα
1643 3895 1661 3915 ·
1695 3880 1925 3949 κέρδους

341 3972 609 4040 ἀγεννοῦς
627 3972 977 4041 ἐμπόρευμα,
992 3969 1171 4041 ψυχῆς
1192 3970 1253 4024 οὐ
1274 3972 1464 4039 φιλικά
1487 3969 1794 4042 φρονούσης
1824 3972 1923 4041 ἐμ-

342 4064 614 4134 πόλημα),
646 4063 762 4117 ἀλλ’
790 4062 983 4134 ἄλλους
1005 4064 1187 4127 ἀλλοις
1215 4077 1230 4093 ·
1264 4062 1361 4116 καὶ
1400 4063 1611 4127 πάντας
1634 4064 1920 4134 ἀλληλοις,

340 4156 507 4211 ἄλλον
546 4155 675 4210 ἀλλο
703 4172 758 4209 τι
803 4154 1149 4226 χαρίζεσθαι·
1176 4154 1250 4217 ὡς
1277 4153 1392 4209 ἔστι
1427 4153 1529 4224 μὲν
1554 4148 1617 4209 οὗ
1644 4154 1741 4226 τὴν
1762 4154 1926 4226 χάριν

340 4246 752 4316 ἀνακάμπτειν,
780 4246 875 4300 καὶ
904 4246 1042 4313 πρὸς
1069 4244 1167 4312 τὴν
1189 4244 1543 4314 κατάρξασαν
1565 4245 1922 4314 στρέφεσθαι·

342 4339 463 4393 ἐστι
494 4338 541 4392 δ’
563 4339 652 4393 ὅτε
681 4342 777 4392 καὶ
797 4336 1184 4407 εὐθυωροῦσαν
1211 4335 1531 4406 προϐαίνειν
1553 4336 1677 4391 κατ’
1704 4335 1925 4391 εὐθεῖαν

1939 3105 1987 3169 C

2013 1858 2130 1914 ἀλλ’
2169 1860 2253 1913 ὅτι
2281 1876 2413 1932 περ,
2452 1862 2488 1917 ἀ
2516 1863 2736 1930 πολλοῖς
2770 1865 3014 1935 ἐδαφίοις
3055 1867 3257 1938 βίϐλων
3288 1869 3604 1939 κατέσπαρ-

2013 1966 2130 2018 ται,
2154 1952 2320 2023 ήμεῖς
2356 1952 2789 2026 ἀποτεμόμενοι,
2825 1959 3088 2031 καθάπερ
3118 1960 3258 2033 ἀδρά
3278 1978 3401 2017 τινα
3432 1962 3603 2033 δράγ-

2016 2057 2189 2111 ματα,
2215 2042 2293 2107 ώς
2319 2044 2404 2107 είς
2427 2045 2648 2116 εὐρεῖαν
2676 2048 2916 2120 πανδεχῆ
2946 2050 3114 2106 καλοῦ
3144 2052 3347 2117 παντὸς
3366 2052 3600 2119 αὔλακα,

2014 2132 2113 2204 τὴν
2168 2135 2269 2205 σὴν
2325 2136 2613 2207 φιλολόγον
2687 2138 2873 2212 ψυχὴν
2922 2142 3182 2214 φέροντες
3234 2145 3600 2214 ἐντιθέαμεν,

2016 2224 2177 2297 θέρος
2238 2242 2323 2281 σοι
2375 2227 2536 2283 τοῦτο
2595 2232 2972 2301 σχεδιάζοντες
3024 2233 3284 2307 εῦδαιμον
3340 2237 3401 2291 ἐν
3455 2237 3598 2310 μέσῃ

2016 2317 2289 2389 χειμῶνος
2315 2317 2457 2390 ῶρᾳ·
2492 2320 2521 2375 δ
2557 2320 2623 2375 σὺ
2656 2322 2778 2393 τάχ’
2805 2322 2874 2378 ἂν
2909 2326 3007 2380 καὶ
3060 2327 3139 2392 είς
3172 2328 3413 2398 χρυσοῦν
3441 2328 3603 2401 θέρος

2017 2410 2305 2482 ἐγγράψας
2337 2412 2638 2478 εἰκάσειας·
2681 2416 2781 2485 ούχ
2826 2416 2909 2470 δτι
2940 2417 3175 2485 τοιοῦτο,
3208 2418 3328 2473 ἀλλ’
3375 2420 3458 2475 ὅτι
3494 2438 3602 2490 περ

2017 2503 2163 2557 οῦτω
2214 2520 2301 2557 σοι
2343 2503 2743 2559 ταλαντεύεται
2799 2507 2869 2560 τά
2908 2507 3194 2579 ἡμέτερα,
3246 2511 3343 2564 καὶ
3378 2512 3603 2582 τιμᾶται

2018 2591 2240 2647 πολλοῦ.
2288 2592 2539 2663 Λέγομεν
2590 2589 2685 2649 οὖν
2740 2595 2896 2650 ἔνθεν
2923 2597 3159 2664 ἐλόντες,
3212 2597 3333 2672 [ὡς]
3378 2601 3477 2656 ούκ
3523 2604 3605 2667 είς

2016 2683 2115 2737 ἕνα
2161 2683 2284 2738 τινά
2321 2684 2517 2755 καιρὸν
2557 2684 2627 2739 τό
2665 2685 2774 2754 τῆς
2820 2688 3133 2758 καλάνδης
3163 2690 3369 2759 ἀγαθὸν
3418 2710 3604 2747 στενο-

2017 2773 2367 2845 χωρούμενον
2401 2778 2833 2848 περιγράφεται·
2866 2782 3353 2852 συνεπιμερίζεται
3404 2784 3460 2838 δέ
3489 2787 3606 2850 τοῖς

2016 2863 2225 2920 δώδεκα
2257 2866 2517 2938 μεγάλοις
2546 2869 2736 2938 τμήσα
2752 2885 2805 2923 σι
2840 2868 2936 2923 τοῦ
2983 2871 3258 2935 ἐνιαυτοῦ,
3284 2872 3320 2926 ἃ
3352 2873 3606 2945 κινούμε-

2018 2972 2107 3019 νος
2137 2955 2289 3027 ἣλιος
2332 2957 2431 3012 καὶ
2484 2958 2845 3029 παρελαύνων
2893 2961 2954 3014 τὸ
2991 2960 3087 3015 τοῦ
3136 2960 3408 3025 ζωδιακοῦ
3445 2964 3602 3031 λοξοῦ

2018 3046 2222 3101 κύκλου
2280 3048 2762 3121 δωδεκατημόριον
2815 3050 3049 3107 ἕκαστον
3100 3055 3330 3124 τέμνει·
3367 3053 3464 3109 καὶ
3511 3055 3606 3109 τὸν

2020 3137 2270 3193 ἐνιαυτοῦ
2312 3139 2578 3210 στέφανον
2606 3140 2751 3196 οὕτω
2782 3144 3068 3213 περιάγων
3094 3184 3110 3208 ,
3144 3144 3349 3215 γράφει
3386 3147 3479 3202 τὸν
3508 3145 3612 3200 κύ-·

2021 3229 2151 3284 κλον
2188 3230 2434 3302 ὁλοτελῆ·
2463 3232 2560 3285 καὶ
2609 3233 2733 3287 ὅσαι
2772 3234 3061 3304 νεομηνίαι
3091 3236 3601 3305 ύπανακύπτουσιν,

2022 3323 2201 3393 ἀρχάς
2235 3323 2541 3377 ἐνδιδοῦσαι
2586 3323 2682 3378 τοῦ
2736 3326 3008 3396 χρονικῶς
3051 3327 3270 3398 τρέχειν
3318 3332 3440 3393 ταῖς
3479 3330 3609 3398 ἐφε-

2023 3414 2144 3483 ξῆς,
2193 3414 2459 3471 τοσαῦται
2506 3418 2601 3470 καὶ
2632 3418 2931 3472 καλάνδαι
2962 3422 3445 3489 συνεκπίπτουσιν,
3477 3423 3610 3478 έκά-

2026 3525 2158 3562 στου
2189 3509 2299 3563 τῶν
2340 3509 2531 3580 μηνῶν
2561 3510 3027 3581 προεξάρχουσαι.
3068 3512 3179 3566 Καὶ
3222 3514 3365 3583 τάχα
3396 3516 3482 3578 είς
3507 3532 3608 3568 πο-

2023 3598 2344 3670 λυωνυμίαν
2397 3599 2460 3652 τὸ
2510 3598 2619 3653 τῶν
2674 3600 2877 3665 λέξεων
2907 3603 3100 3673 χρῆμα
3149 3604 3485 3672 συνάγεται·
3514 3607 3611 3660 καὶ

2024 3692 2142 3747 ἐστι
2166 3692 2367 3747 ταυτὸν
2388 3694 2467 3756 είς
2493 3692 2823 3763 πράγματος
2848 3695 3036 3764 φύσιν,
3066 3697 3377 3764 καλάνδας
3413 3713 3480 3751 τε
3513 3699 3610 3752 καὶ

2024 3784 2361 3854 νουμηνίας
2394 3785 2432 3854 ἢ
2466 3786 2812 3855 ἱερομηνίας
2844 3789 3044 3842 εἰπεῖν·
3070 3788 3259 3861 ὥσπερ
3282 3790 3347 3861 δή
3386 3807 3488 3842 που
3511 3791 3610 3845 καῖ⁸

2024 3877 2310 3933 ἐνιαυτὸν
2336 3880 2430 3932 καὶ
2458 3880 2617 3946 ἔτος,
2652 3879 2755 3949 ἥδη
2796 3879 2852 3933 δέ
2881 3881 2977 3932 καὶ
3006 3881 3250 3949 χρόνον,
3281 3881 3357 3945 ώς
3391 3883 3425 3951 ὴ
3456 3882 3610 3936 κάτω

2026 3970 2259 4041 κειμένη
2300 3969 2396 4023 καὶ
2425 3969 2659 4023 ταπεινά
2677 3968 3029 4042 φθεγγομένη
3068 3971 3353 4036 διάλεκτος
3376 3974 3443 4027 ἀν
3478 3974 3614 4028 ὐπο-

2028 4058 2363 4131 φθέγξηται.
2392 4059 2507 4130 Οὐχ
2533 4058 2901 4113 ύποπέπτωκε
2933 4060 2992 4113 δέ
3012 4061 3239 4135 τοιαύτη
3272 4063 3416 4129 λέξις
3436 4064 3605 4136 ἀρχῇ,

2026 4147 2137 4201 οὐδ’
2166 4148 2282 4201 ἐστι
2320 4148 2690 4219 πρωτόθετος·
2720 4149 2837 4202 ἀλλ’
2870 4151 2935 4202 ἐκ
2963 4150 3055 4204 τοῦ
3083 4151 3315 4217 καλεῖν,
3344 4149 3436 4208 οἷά
3462 4170 3611 4218 τινος

2027 4240 2233 4310 ἀρχῆς,
2264 4242 2382 4295 εῐτε
2446 4243 2558 4311 μὴν
2613 4241 2747 4311 ὕλης
2793 4243 3089 4313 ἀρχεγόνου
3123 4246 3458 4316 παράγεται.
3500 4248 3613 4301 Καὶ

2029 4331 2147 4385 ἐστι
2193 4334 2294 4401 μέν
2343 4333 2562 4403 ἀληθῶς
2617 4334 2869 4388 Λατίνων
2908 4336 3174 4407 ἐγχώριος
3229 4338 3262 4407 ἡ
3313 4338 3487 4408 φωνὴ,
3516 4342 3612 4394 καὶ

345 4430 637 4502 μετάδοσιν
666 4466 683 4493 ,
734 4427 933 4483 οῦκουν
986 4428 1259 4481 ἀντίδοσιν
1280 4445 1294 4458 ·
1323 4428 1421 4482 καὶ
1472 4428 1771 4501 προῤῥέειν
1823 4428 1923 4493 τάς
1955 4443 2001 4500 ι)
2029 4424 2136 4491 ἐξω
2184 4441 2290 4477 που
2321 4424 2422 4495 τῆς
2467 4426 2740 4497 Ἑλλήνων
2766 4426 2935 4495 αύλῆς
2962 4428 3249 4499 θυραυλεῖ.
3278 4429 3387 4481 Καὶ
3420 4429 3611 4483 είδεῖεν

343 4523 605 4593 χάριτας,
630 4521 705 4589 πῆ
737 4520 837 4591 μὶν
875 4520 981 4574 ἀνά
1007 4520 1230 4586 κύκλον,
1257 4521 1354 4574 καὶ⁷
1404 4521 1499 4589 (ώς
1526 4520 1727 4592 εἰπεῖν)
1752 4521 1925 4591 ἀψορ-

347 4613 535 4681 ρόους,
571 4611 651 4680 πῆ
682 4608 732 4663 δ’
783 4608 868 4663 ίθύ
922 4627 1043 4674 πως
1071 4610 1162 4663 τὸν
1196 4610 1323 4681 ῥοῦν
1358 4609 1662 4683 εὐθύρρουν
1689 4609 1928 4684 προϐάλ-

342 4702 560 4757 λεσθαι.
592 4700 705 4771 Τὴν
731 4701 841 4772 γὰρ
875 4701 1255 4773 παροιμιακὴν
1279 4702 1527 4774 ἀνάγκην
1555 4702 1925 4774 διαγραπτέον

342 4793 601 4859 ἐνταῦθα,
635 4794 746 4859 Δός
769 4810 825 4847 τι
875 4793 974 4847 καί
1002 4793 1151 4848 λάϐε
1191 4811 1269 4861 τι,
1298 4794 1588 4863 λέγουσαν.
1632 4794 1925 4865 Ἐξοστρα-

342 4888 539 4940 κιστέα
562 4884 674 4956 γάρ
709 4884 874 4955 αῦτη,
905 4886 1186 4950 πολιτείας
1232 4886 1595 4956 ὑγιαινούσης
1641 4886 1706 4940 τὸ
1749 4886 1924 4955 ἀνεμ-

344 4978 614 5046 πόρευτον
659 4977 979 5032 κοινωνικὸν
1016 4977 1344 5049 ἀναιροῦσα,
1378 4978 1474 5032 καὶ
1498 4978 1600 5049 τὴν
1635 4978 1821 5048 φιλίαν
1868 4976 1928 5042 ἐξ

343 5070 643 5141 ἀνθρώπου
712 5070 1005 5141 βάλλουσα.
1055 5072 1275 5139 ,Ἡμεῖς
1334 5070 1426 5125 οὖν
1492 5070 1772 5141 ἀπέχομεν
1825 5069 1927 5140 ἤδη

349 5166 521 5236 μυρία
566 5164 679 5217 τῶν
719 5164 830 5218 σῶν
858 5164 1082 5233 ἀγαθῶν
1113 5203 1130 5229 ,
1180 5163 1217 5218 ά
1251 5164 1574 5230 καταντλεῖς
1604 5164 1766 5235 ήμῶν
1798 5166 1927 5234 ὁση-

349 5257 536 5329 μέραι·
563 5256 644 5308 δεῖ
679 5257 737 5309 δέ
770 5258 865 5310 καὶ
899 5258 932 5327 η
943 5258 1052 5326 μᾶς
1079 5256 1222 5309 κατά
1256 5257 1355 5321 τάς
1386 5259 1444 5310 ἐν
1481 5256 1763 5327 συμϐόλων
1792 5272 1930 5326 γρα-

348 5351 476 5419 φαῖς
532 5349 876 5418 ὑμνουμένας
934 5350 1164 5420 χάριτας
1210 5350 1321 5403 τῶν
1375 5349 1487 5405 σῶν
1556 5350 1927 5419 ἐπιστρόφους

345 5439 601 5508 γενέσθαι
624 5440 887 5511 χαρίτων,
911 5443 971 5495 οὐ
998 5442 1268 5506 διδόντας,
1300 5442 1437 5496 ἀλλά
1474 5444 1728 5514 μεγάλων
1760 5445 1933 5515 προῦ-

349 5529 675 5600 παρξάντων
710 5531 1075 5595 ἀντιδιδόντας
1114 5534 1317 5603 μικρά·
1357 5535 1453 5586 καὶ
1500 5537 1689 5603 χεῖρας
1739 5535 1931 5605 χερσὶν

348 5621 626 5690 ἐμϐαλεῖν,
659 5624 756 5675 κα)⁸
787 5622 956 5678 καλοῦ
985 5623 1176 5679 τούτου
1204 5625 1407 5678 κύκλου
1434 5626 1649 5697 χορείας
1673 5628 1931 5698 Χαρίτων

348 5714 754 5783 κατάρξασθαι.
816 5718 927 5769 Καὶ
972 5717 1038 5787 δὴ
1068 5717 1276 5785 γίνεται
1315 5718 1476 5771 τοῦτο
1508 5719 1646 5790 πρὸς
1678 5719 1926 5789 δύναμιν.

353 5805 540 5859 Ἰ’Δλλοι
572 5806 672 5877 μὲν
706 5806 800 5861 οῦν
824 5808 1000 5871 ἄλλως
1034 5808 1491 5879 ἀφοσιούσθωσαν
1524 5810 1602 5881 τῷ
1654 5811 1835 5883 καιρῷ
1859 5797 1941 5867 τὰ.

679 5903 952 5969 Ρλτιιοι..
992 5907 1111 5969 Gn.
1140 5906 1481 5971 CXXXVI.

2030 4516 2097 4571 ἂν
2128 4515 2374 4587 ἀκριϐῶς
2428 4518 2632 4570 ἐκεῖνοι
2691 4518 2751 4570 τὸ
2780 4519 2955 4588 ῥῆμα,
2998 4519 3027 4572 ὅ
3072 4519 3127 4572 τί
3162 4535 3293 4573 ποτε
3338 4519 3608 4589 βούλεται.

2024 4607 2257 4676 Φέρεται
2295 4606 2342 4659 δ’
2378 4606 2535 4675 ὅμως
2583 4605 2761 4673 λόγος,
2797 4606 2872 4668 ώς
2920 4608 3028 4677 ἄρα
3077 4606 3143 4660 τὸ
3194 4608 3407 4662 καλεῖν
3440 4609 3612 4678 ὄνομα

2024 4699 2124 4763 τάς
2174 4697 2485 4765 καλάνδας
2515 4699 2866 4769 παρήγαγεν.
2905 4700 2967 4752 Ὀ
3016 4700 3129 4770 γάρ
3161 4716 3243 4754 τοι
3273 4729 3342 4741 -
3379 4702 3490 4756 εῖτε
3516 4703 3611 4756 καὶ

2026 4787 2305 4854 Λατῖνος,
2332 4789 2443 4841 εἴτε
2464 4788 2562 4842 καὶ
2596 4788 2902 4859 Ῥωμαῖος,
2946 4788 3127 4859 βούλει
3156 4790 3335 4860 λέγειν
3358 4794 3614 4864 -ἱερεὺς

2027 4880 2085 4933 ἐν
2117 4881 2307 4943 αὑταῖς
2342 4878 2689 4949 περικαλῶν
2723 4882 2815 4934 τὸν
2838 4882 2997 4952 ὄχλον
3043 4882 3389 4953 κηρύγματι,
3420 4885 3518 4947 τάς
3550 4900 3612 4938 τε

2027 4973 2258 5037 νόννας
2287 4970 2385 5026 τοῦ
2419 4974 2617 5046 μηνὸς,
2649 4973 2858 5045 πηνίκα
2890 4977 2999 5048 χρὴ
3040 4977 3197 5045 ἄγειν
3220 5015 3235 5041 ,
3274 4976 3487 5043 ἐξεϐόα,
3521 4978 3616 5031 καῖ⁹

2029 5065 2123 5128 τὰς
2157 5064 2360 5131 είδοῦς
2418 5065 2477 5119 δέ
2530 5066 2939 5139 προανέκραζε.
2972 5068 3132 5133 Τίνες
3184 5068 3241 5122 δέ
3270 5063 3433 5123 αὗταί
3479 5072 3613 5136 εἰσι,

2032 5155 2349 5228 βουλομένῳ
2381 5157 2532 5212 ἐστιν
2560 5157 2817 5213 ἀκοῦσαι·
2865 5161 3002 5223 τέως
3024 5161 3069 5215 δ’
3095 5162 3391 5235 ἀναμένειν
3413 5162 3616 5233 χρεών.

2043 5250 2278 5320 Ἠγοντο
2315 5252 2415 5321 μὲν
2460 5246 2557 5306 οὖν
2589 5253 2763 5307 πᾶσαι
2812 5252 3111 5308 καλάνδαι
3156 5252 3245 5309 διά
3293 5253 3486 5325 τιμῆς,
3521 5256 3617 5308 καὶ

2034 5344 2177 5411 .εραῖ
2204 5336 2349 5411 ἦσαν
2385 5341 2615 5413 ἡμέραι,
2658 5344 2750 5397 ὅτε
2807 5345 2905 5397 καὶ
2956 5343 3261 5416 νεομηνίαι·
3290 5344 3390 5397 καὶ
3420 5345 3484 5398 τδ
3514 5344 3617 5415 τῆς

2036 5433 2206 5503 ἀρχῆς
2238 5432 2382 5485 οὓτω
2436 5434 2581 5487 θεῖον
2634 5434 2939 5504 ἀνέφαινον.
2994 5434 3182 5500 Ἐδοξέ
3235 5434 3293 5487 δέ
3347 5451 3466 5499 πως
3514 5438 3615 5500 τὰς

2045 5527 2445 5598 Ἰαννουαρίους
2487 5527 2804 5593 καλάνδας
2849 5529 3109 5600 προέχειν
3154 5528 3263 5583 τῶν
3293 5529 3489 5596 ἀλλων,
3520 5531 3618 5581 καὶ

2032 5621 2093 5675 τὸ
2142 5621 2254 5674 ⁶τῶν
2285 5621 2494 5675 λοιπῶν
2551 5620 2846 5692 πρεσϐεῖον
2888 5620 3301 5689 ἐξιδιώσασθαι,
3356 5621 3450 5676 καὶ
3479 5620 3619 5673 ἀπο-

2034 5716 2241 5790 κρύψαι
2272 5717 2371 5781 τάς
2402 5716 2569 5781 ἄλλας
2613 5716 2692 5785 τῷ
2740 5718 2985 5788 θαύματι
3012 5732 3026 5746 ·
3054 5716 3130 5779 ώς
3164 5718 3259 5769 καὶ
3291 5712 3620 5784 σεσιγῆσθαι

2032 5811 2133 5876 τάς
2182 5810 2412 5878 λοιπὰς,
2475 5809 2570 5864 καί¹
2632 5810 2754 5881 μηδ’
2808 5810 2981 5881 ὄνομα
3033 5807 3164 5878 γοῦν
3216 5804 3525 5875 καλάνδης
3563 5807 3624 5858 ἐν

3228 5900 3303 5964 40
