4062 6416
481 364 509 424 ιῖ
523 365 626 426 259

1899 357 2283 422 ADDENDA.

3611 356 3758 425 I260

482 478 629 547 ἄλλῳ
662 475 794 545 μηνὶ
831 472 1132 545 φέρεσθαιο
1179 472 1318 542 τάχα
1352 471 1452 541 μέν
1479 469 1597 536 οῦν,
1630 469 1731 524 οὑκ
1757 469 2060 542 ἐξαρκούν-
2086 475 2134 533 Α
2165 474 2440 543 φερέσθω.
2478 473 2819 546 Προσεκτέον
2858 474 2914 528 δὲ
2946 474 3152 545 μᾶλλον
3179 472 3258 545 τῷ
3284 474 3587 546 Χαιρωνεῖ.
3617 477 3759 548 Τρτο

479 585 590 621 των
639 569 747 620 τῶν
786 567 1022 632 πολλῶν,
1051 565 1197 618 οὑτω
1231 565 1431 635 συχνὰς
1458 562 1558 626 τὰς
1587 562 1645 616 ἐν
1685 561 1885 632 δώροις
1913 562 2060 629 φιλο-

481 660 754 729 φροσύνας
787 658 1082 722 ποιεῖσθαι,
1110 657 1179 721 ἃς
1209 658 1242 727 ἡ
1265 659 1381 711 ’τῶν
1408 655 1638 728 ἡμερῶν
1669 656 1925 709 ἀπαιτεῖν
1952 649 2061 708 οἵδε

480 753 805 822 λαμπρότης
826 767 843 783 ο
875 751 1020 821 τάχα
1047 750 1105 803 δὲ
1153 751 1272 815 καὶ,
1308 751 1392 803 ὅτι
1421 749 1483 802 τὸ
1517 749 1617 812 τὰς
1663 747 1858 818 ἐορτὰς
1894 747 2064 812 ἄλλας

479 847 568 898 ἐπ’
603 845 792 908 ἀλλαις
833 844 1106 899 ἐπιτελεῖν
1143 842 1390 913 συνεχῶς
1428 842 1530 895 οὑκ
1572 841 1678 908 ἔξω
1714 839 2058 910 σκώμματος

477 937 727 990 ἔπιπτεν.
778 932 889 989 Ἦν
944 936 1054 1004 γὰρ
1095 936 1298 1006 ἀργίας
1339 934 1402 988 τὺ
1458 933 1697 1004 πρᾶγμα
1731 932 2060 1001 τεκμήριον,

476 1032 571 1083 καὶ
610 1029 672 1081 τδ
699 1029 799 1099 τῆς
831 1029 1195 1099 πανηγύρεως
1250 1025 1658 1094 ἀλλεπάλληλον
1687 1022 2061 1088 ἀναπτώσεως

474 1121 723 1192 ἐκρίνετο
747 1120 1041 1190 σύμϐολον.
1077 1120 1313 1189 Σημεῖον
1357 1118 1436 1172 δέ⁹
1472 1118 1568 1170 καὶ
1597 1116 1708 1186 γάρ
1737 1133 1821 1179 τις
1853 1133 2060 1186 κωμῳ-

473 1214 645 1267 δεῖται
677 1211 830 1274 πόλις
863 1214 920 1264 ὲν
947 1211 1250 1280 ίστορίαις,
1289 1209 1373 1262 ὃτι
1402 1207 1624 1270 πλείους
1673 1207 1781 1260 τῶν
1831 1206 2061 1277 ἐργασί-

476 1319 594 1374 μων
623 1299 729 1374 ἦγε
754 1303 851 1366 τὰς
885 1303 1104 1371 ἑορτάς.
1143 1301 1334 1361 Ὅπως
1367 1299 1412 1352 δ’
1450 1298 1521 1352 ἂν
1557 1298 1655 1367 ἔχῃ
1691 1297 1752 1350 τὸ
1800 1299 2059 1365 πρᾶγμα,

472 1397 684 1452 συνεῖλε
711 1396 896 1450 πᾶσαν
917 1393 1015 1465 τὴν
1036 1394 1147 1448 τῶν
1171 1391 1494 1447 καλανδῶν
1525 1391 1818 1460 τιμιότητα
1846 1390 1876 1442 6
1912 1391 2062 1445 Ἰαν-

471 1489 759 1557 νουάριος
787 1488 866 1552 εἰς
886 1486 1087 1540 ἐαυτὸν
1118 1486 1252 1556 μὴν,
1277 1484 1680 1553 πλεονεκτήσας
1695 1485 1822 1546 τοὺς
1843 1482 2058 1548 ἄλλους,

471 1582 566 1634 καὶ
605 1581 668 1634 τὸ
705 1579 886 1634 κοινὸν
909 1579 1353 1647 ἐξιδιωσάμενος.
1403 1575 1465 1628 Ὀ
1501 1576 1604 1644 μὲν
1626 1576 1687 1627 ἐκ
1717 1573 2060 1645 Χαιρωνείας

471 1671 762 1740 φιλόσοφος
788 1669 1166 1739 ἐξιστόρηκεν,
1187 1665 1262 1729 ὡς
1291 1667 1373 1720 ὅτι
1395 1664 1540 1730 ἔδοξε
1576 1662 1870 1731 Ῥωμαίοις
1893 1662 2062 1716 πάλαι

2165 563 2280 616 ϐων
2314 563 2425 633 γὰρ
2452 563 2637 636 (εἰπερ
2686 582 2772 629 τις
2830 563 3011 636 ἀλλος)
3058 564 3382 635 Ῥωμαῖκῆς
3429 564 3680 638 ἱστορίας
3728 570 3758 622 6

2164 653 2332 724 ἀνὴρ,
2365 656 2460 707 καὶ
2506 654 3011 726 ἀνθρωπικώτερον
3042 655 3388 724 φθέγγεται,
3433 657 3534 712 καῖ’
3580 658 3762 726 γῆθεν

2163 747 2337 801 λαλεῖο
2371 749 2470 803 καὶ
2520 749 2586 803 ἐκ
2627 749 2738 803 τῶν
2784 749 2921 819 παρ’
2957 751 3092 820 ἡμῖν
3122 749 3424 820 λαμϐάνων
3452 750 3758 804 πιστοῦται

2162 842 2233 893 τὰ
2276 841 2401 894 καθ’
2432 841 2599 912 ἡμᾶς.
2636 841 2742 895 Τὸν
2787 843 3038 896 Ἰαννον
3095 841 3203 914 γάρ
3258 841 3473 895 ἐκεῖνον
3505 881 3519 904 ,
3573 839 3756 912 οὗπερ

2162 935 2330 988 αὑτὸν
2371 934 2685 1004 μεμνῆσθαι
2721 935 3132 1004 προεξεθέμεθα
3159 974 3176 998 ,
3225 935 3404 988 οῖδασι
3449 938 3546 989 καὶ
3597 936 3758 990 ἄλλοι

2161 1027 2313 1094 λόγοι
2343 1027 2671 1096 Ἑλληνικοί,
2701 1028 2795 1080 καὶ
2824 1026 3118 1098 θρηνοῦσιν
3147 1029 3198 1080 οἱ
3230 1027 3401 1081 πάλαι
3433 1029 3527 1082 τὸν
3551 1028 3758 1098 ἀνδρα,

2163 1119 2260 1172 καὶ
2309 1120 2418 1173 τῶν
2458 1119 2820 1192 ’Δϐοριγίνων
2881 1120 3155 1187 (Λατίνων
3206 1119 3266 1172 δὲ
3325 1120 3387 1173 οὑ
3438 1121 3619 1190 μικρά
3665 1137 3759 1184 τις

2163 1211 2304 1280 αῦτη
2337 1211 2638 1283 ἀπόμοιρα)
2670 1213 2944 1283 κατάρξαι
2993 1212 3148 1280 φασί.
3177 1211 3464 1276 Δοιάζουσι
3513 1213 3570 1267 δὲ
3600 1213 3759 1282 αύτῷ

2163 1303 2258 1355 καὶ
2301 1303 2362 1354 τὸ
2394 1303 2719 1373 πρόσωπον,
2766 1304 2862 1355 καὶ
2908 1303 2985 1369 τῷ
3017 1303 3099 1356 ἐνὶ
3128 1304 3221 1357 καὶ
3248 1303 3469 1374 φυσικῷ
3502 1305 3601 1358 καὶ
3628 1305 3759 1358 δεύ-

2161 1406 2322 1460 τερον
2360 1391 2812 1460 προσπλάττουσι
2841 1390 3165 1462 πρόσθετον,
3191 1393 3549 1464 διπρόσωπον
3580 1396 3755 1450 αὑτὸν

2163 1482 2655 1547 ἀναπλάττοντες
2714 1483 2994 1553 ἄνθρωποι
3050 1483 3388 1555 αὐτονομίας
3443 1488 3752 1558 ποιητικῆς

2163 1573 2337 1644 βαθὺν
2364 1575 2620 1644 κρατῆρα
2666 1576 3103 1646 συστησάμενοι,
3151 1579 3249 1632 καὶ
3296 1577 3467 1632 πολὺν
3504 1579 3756 1648 μυθικῆς

2164 1664 2350 1727 ἀδείας
2412 1665 2656 1734 ἄκρατον
2694 1667 3022 1730 σπάσαντες,
3052 1667 3149 1720 καὶ
3202 1666 3394 1738 ὥσπερ
3440 1668 3518 1740 τῷ
3557 1669 3756 1739 ψεύδει

471 1762 606 1816 ποτέ
639 1762 756 1830 καὶ,
805 1761 932 1816 νέου
965 1761 1119 1824 ἔτους
1168 1758 1346 1830 ἀρχὴν
1383 1757 1477 1810 τὸν
1523 1756 1670 1826 μῆνα
1703 1754 1896 1808 τοῦτον
1924 1770 2059 1824 προ-
2089 1813 2131 1830 “
2167 1755 2459 1826 μεθύοντες
2484 1771 2499 1786 ⁸
2530 1755 2604 1820 ὡς
2663 1757 2920 1811 ἐντεῦθεν
2949 1758 3150 1822 αὐτοὺς
3177 1759 3278 1830 οὑχ
3311 1760 3463 1814 ἁπλᾶ
3508 1763 3579 1815 τὰ
3603 1762 3756 1816 κατά

468 1852 714 1906 τίθεσθαι
737 1850 835 1906 καὶ
869 1848 1023 1923 [προ]
1051 1848 1314 1920 τιμᾶσθαι
1351 1845 1511 1919 τιῶν]
1533 1845 1631 1898 ἀλλ
1652 1841 1775 1917 [ων]
1800 1859 1907 1914 μην
1926 1841 2050 1915 [ὡνῖ

469 1943 824 2016 ὑπερέκεινα,
857 1943 940 1996 ὅτι
975 1940 1141 2006 αὑτός
1167 1956 1229 1993 τε
1283 1939 1314 1993 6
1365 1937 1501 2009 μῘὴν
1543 1930 1724 2008 οὗτος]
1748 1931 1815 2006 ἦν
1847 1935 1937 1988 ὅτε
1963 1936 2052 1987 ἐν·

469 2036 623 2105 έστη,
665 2035 763 2089 καὶ
808 2033 858 2087 οί
889 2032 992 2104 μὲν
1029 2031 1132 2086 οὑκ
1157 2025 1219 2086 εὖ
1256 2028 1387 2101 παρ’
1422 2027 1609 2090 αὑτοῖς
1643 2024 2050 2097 μοναρχοῦντες

466 2123 563 2179 τεῦ
601 2126 826 2196 κρατεῖν
854 2121 1260 2195 παρελύθησαν,
1295 2121 1330 2191 ἡ
1361 2117 1419 2172 δὲ
1453 2115 1563 2173 τῶν
1585 2117 1879 2188 βελτίστων
1910 2116 2049 2169 ὑπά-

465 2231 576 2270 των
624 2215 769 2287 ἀρχὴ
813 2213 1063 2271 ἐντεῦθεν
1097 2211 1273 2283 ἀρχὴν
1310 2209 1690 2280 ἐκληρώσατο.
1721 2207 2048 2277 Προσεπιτί-

467 2307 594 2376 θησι
623 2307 680 2360 δὲ
708 2309 777 2378 τῇ
812 2306 1024 2380 ἱστορίᾳ
1057 2306 1153 2359 καί
1195 2319 1320 2358 τινα
1365 2299 1668 2371 Ῥωμαίοις
1711 2298 1811 2368 τὴν
1848 2297 2046 2366 κλῆσιν

471 2399 574 2468 μὲν
627 2400 866 2455 "law-or
888 2437 904 2461 ,
957 2398 1025 2450 τὰ
1079 2397 1137 2450 δέ
1191 2395 1330 2462 πρὸς
1375 2392 1653 2464 γεωργίαν
1705 2393 1800 2444 καὶ
1850 2391 2040 2456 una,

465 2492 568 2546 ὅσα
607 2489 763 2543 πόλιν
803 2506 861 2542 τε
897 2483 1008 2542 οἶδε
1041 2487 1296 2556 συνιστᾷν
1323 2484 1419 2539 καὶ
1453 2483 1568 2554 βίον
1603 2480 1882 2535 πολιτικὸν
1912 2496 2044 2548 συγ·

464 2585 704 2654 κροτεῖν,
735 2581 904 2653 ἀνδρα
952 2581 1210 2651 χαρίεντα.
1233 2614 1251 2642 ,
1284 2577 1344 2642 ὃς
1376 2576 1474 2630 καὶ
1512 2571 1754 2644 τοῦνομα
1804 2574 2043 2641 ἐγκατασ-

463 2677 675 2730 τίθεται
701 2673 778 2744 τῷ
805 2675 959 2744 μηνὶ,
985 2673 1150 2726 ὁποῖά
1175 2688 1305 2739 τινι,
1334 2669 1577 2740 κενηρίῳ
1607 2665 1813 2736 σεμνῷ*
1848 2664 2042 2729 εἰπὼν,

465 2764 606 2823 εἶναι
634 2768 726 2821 τὸν
760 2765 1180 2833 Ἰαννουὰριον
1223 2763 1466 2820 Ἰἁννου
1495 2759 1806 2829 ἐπώνυμον.
1835 2756 2044 2828 Σεμνύ-

466 2881 548 2916 νει
571 2863 628 2916 δέ
652 2863 747 2916 καὶ
785 2862 960 2924 ἄλλως
998 2860 1090 2912 τὸν
1113 2858 1306 2929 καιρὸν
1333 2856 1522 2912 τοῦτον
1561 2857 1791 2919 ἐκεῖνος,
1821 2855 1906 2908 ῖτι
1931 2867 2041 2924 περ

462 2959 527 3012 ἐκ
569 2957 678 3010 τῶν
702 2955 898 3009 νοτίων
941 2954 1104 3016 αὐτὸς
1141 2954 1276 3022 ἡμῖν
1304 2951 1571 3019 ἐπανάγει
1597 2948 1692 3002 τὸν
1731 2947 1908 3019 ἥλιον,
1950 2945 2042 3000 καὶ

463 3047 563 3117 τῆς
598 3046 816 3118 μακρᾶς
860 3042 1176 3114 ἀποδημίας
1196 3043 1398 3113 στήσας
1419 3038 1846 3106 ἐπανακάμπειν
1877 3034 2041 3101 ποιεῖ,

461 3143 557 3196 καί
605 3157 723 3204 πως
777 3138 838 3192 τὸ
870 3138 970 3210 ἔαρ
1003 3138 1140 3209 ἡμῖν
1185 3134 1472 3202 ὑπανοίγει
1498 3149 1513 3164 ο
1539 3132 1646 3229 καὶ
1684 3128 1882 3200 μικρὸν
1903 3127 2036 3229 δσον

460 3229 968 3300 ἀναπεταννύμενος
996 3229 1094 3283 καὶ
1121 3225 1380 3294 ὑπαύξων
1401 3223 1464 3278 τὸ
1489 3221 1608 3292 φῶς
1637 3221 1736 3274 καὶ
1761 3218 2036 3289 χρονίζειν

461 3327 605 3398 ὑπὲρ
651 3327 755 3395 γῆς
803 3327 895 3377 τὸν
942 3321 1211 3387 ζωογόνον
1271 3316 1563 3388 φωσφόρον
1614 3312 1826 3378 ποιῶν,
1863 3310 2040 3382 ἀρχάς

459 3437 614 3484 τινας
639 3419 741 3490 ἠδη
777 3417 1040 3485 γονίμους
1078 3413 1323 3466 ἐνδίδωσι
1344 3413 1410 3481 τῇ
1433 3411 1527 3478 γῇ,
1559 3407 1656 3462 καὶ
1679 3406 1866 3478 ἠρέμα
1901 3405 2039 3473 πρὸς

462 3511 628 3577 τονάς
664 3509 893 3578 ἀνοίγει,
941 3505 1082 3578 θύρα
1135 3520 1219 3567 τις
1266 3501 1458 3572 ὥσπερ
1507 3499 1796 3570 γινόμενος
1839 3495 2038 3566 ἐκείνῳ

462 3604 601 3674 πρὸς
644 3603 882 3672 γένεσιν.
912 3600 986 3654 T6
1022 3597 1066 3652 δ’
1103 3595 1354 3651 ἐντεῦθεν
1393 3595 1422 3648 6
1456 3588 1783 3663 Συροφοῖνιξ
1816 3588 2040 3659 Πορφύ-

463 3711 580 3765 ριος
605 3693 934 3764 ἀλληλουχεῖ
969 3708 1060 3762 μοι
1088 3690 1180 3743 τδν
1207 3687 1388 3757 λόγον,
1420 3685 1516 3740 καὶ
1542 3685 1618 3750 ὡς
1645 3683 1710 3738 εκ
1741 3699 1886 3744 τινος
1914 3680 2043 3752 βαλ-

461 3785 818 3857 ϐῖδος-τῆς
855 3783 1027 3854 θύρας
1069 3783 1276 3852 ταύτης
1311 3777 1682 3850 διεκδραμὼν,
1712 3775 1874 3832 ἀλλον
1909 3773 2040 3844 τρό-

461 3894 566 3934 πον
600 3878 765 3941 αὑτδς
799 3875 1097 3947 θυροκοπεῖ
1129 3871 1694 3939 τδνοἹαννουάριον.
1730 3869 1844 3922 Καὶ
1887 3867 2046 3937 στρέ-

462 3972 663 4043 φεσθαι
694 3972 796 4040 μέν
833 3971 935 4023 οὑκ
966 3968 1222 4038 ἀνέχεται
1259 3966 1435 4030 κάτω,
1469 3965 1564 4019 καὶ
1592 3963 1794 4026 τόπους
1829 3962 2042 4032 τρίϐειν

465 4063 740 4132 ίστοριῶνο
769 4062 830 4115 τὸ
858 4063 917 4114 δέ
971 4059 1081 4113 τῶν
1126 4058 1414 4128 νοημάτων
1439 4055 1648 4110 τούτων
1678 4055 1863 4128 βρῖθος
1894 4055 2037 4109 ἀπο-

463 4156 818 4225 σεισάμενος,
848 4152 944 4206 καὶ
977 4150 1076 4222 (ὡς
1114 4151 1308 4220 οῖεται)
1342 4149 1756 4220 πτερυξάμενος
1792 4146 2035 4214 ὑπερνέ-

462 4252 626 4320 φελος
658 4251 877 4320 Ἴκαρος
934 4244 1308 4318 προσπελάζει
1353 4247 1422 4316 τῇ
1468 4243 1720 4297 ἀπλανεῖ.
1765 4242 2039 4297 Κάκεῖθεν

465 4343 714 4415 βούλεται
754 4342 852 4413 μέν
879 4354 932 4394 τι
951 4366 955 4368 ·
974 4340 1176 4404 λαλεῖν,
1225 4337 1325 4390 οὐκ
1359 4338 1472 4408 ἔχει
1502 4337 1558 4390 δὲ
1589 4335 1682 4389 τὸν
1721 4334 1991 4389 ἀκούοντα
2018 4347 2035 4368 ο

2033 1845 2050 1878 ι
2087 1813 2134 1874 Β

2162 1849 2254 1904 τὸν
2297 1850 2399 1904 ἐνα
2449 1851 2546 1905 καὶ
2585 1851 2832 1922 μονοφυῆ
2867 1853 3247 1920 φαντάζεσθαι
3276 1853 3592 1925 ἄνθρωπον,
3627 1854 3754 1908 ἀλλ’

2158 1943 2192 2012 ἦ
2223 1941 2627 2014 φιλοτιμεῖσθαι
2659 1944 2831 1998 πλείω
2885 1945 2985 2013 τῆς
3040 1945 3261 2015 φύσεως
3307 1945 3503 2015 μόρια,
3545 1947 3756 2001 πενίαν

2155 2029 2310 2104 οἴμαι
2338 2035 2897 2107 καταψηφιζομένους
2925 2037 3121 2108 αὐτῆς·
3159 2037 3192 2108 ῆ
3221 2037 3533 2092 συντιθέναι
3563 2055 3752 2110 προσ-

2156 2126 2374 2196 φύσεις,
2421 2126 2456 2182 ἀ
2494 2128 2572 2200 μὴ
2619 2129 2834 2197 πέφυκε
2868 2129 3139 2198 γίνεσθαι.
3185 2127 3344 2183 Οὕτω
3383 2131 3514 2194 τοὺς
3549 2130 3753 2184 Ἱππο-

2155 2219 2497 2290 κενταύρους
2537 2223 2565 2276 6
2615 2221 2850 2286 παλαιὸς
2880 2220 3084 2293 Ἕλλην
3135 2221 3196 2289 ἐξ
3231 2221 3515 2292 ἀλλοφυῶν
3553 2225 3753 2293 σωμά-

2151 2327 2266 2366 των
2310 2313 2606 2381 συνήγετο·
2641 2314 2784 2368 οὑτω
2824 2316 2918 2369 τὸν
2945 2315 3208 2385 Κέκροπα
3238 2315 3415 2384 ὄφεως
3442 2316 3591 2388 ὁλκῷ
3616 2335 3753 2375 συν-

2151 2404 2485 2470 ανέπλεξεν’
2528 2405 2673 2460 οὕτω
2722 2406 2850 2470 τοὺς
2897 2406 3230 2471 Μολιονίδας
3277 2408 3744 2465 ἐπανεδίπλασεν.

2163 2498 2450 2554 Ἐντεῦθεν
2497 2503 2528 2554 6
2574 2500 2840 2572 πολύχειρ
2894 2500 3332 2573 Ἐκατόγχειρξή
3362 2504 3750 2574 πολυκέφαλος

2154 2591 2354 2662 Ὕδρα,
2410 2592 2617 2662 Ἀργος
2664 2594 2694 2646 6
2754 2594 3165 2665 μυριόμματος.
3213 2597 3748 2668 Προσανεδίπλασαν

2149 2681 2206 2735 δὲ
2253 2682 2420 2754 διφυῆ
2455 2683 2552 2737 καὶ
2595 2684 2784 2754 Ἰάννῳ
2819 2684 2890 2738 τὰ
2943 2686 3240 2756 πρόσωπα,
3292 2690 3454 2757 φαῖεν
3484 2689 3554 2744 ἂν
3593 2692 3649 2744 οῖ
3678 2693 3747 2745 τὸ

2149 2772 2247 2826 τοῦ
2296 2773 2470 2844 μύθου
2528 2774 2722 2830 νοσοῦν
2770 2775 3208 2846 θεραπεύοντες,
3243 2779 3332 2833 διὰ
3361 2780 3422 2833 τὺ
3453 2783 3581 2846 τοὺς
3613 2785 3743 2855 τρόο

2149 2879 2289 2928 πους
2338 2866 2438 2936 οὑχ
2479 2865 2690 2921 ἁπλοῦν
2737 2863 2882 2922 εἶναι
2912 2868 3005 2924 τὸν
3034 2869 3269 2936 ’ἰαννον,
3304 2871 3440 2926 ἀλλὰ
3475 2875 3622 2928 κατὰ
3649 2875 3751 2929 τὸν

2150 2955 2388 3023 Πρωτέα
2439 2957 2804 3028 πολύτροπον.
2851 2959 2912 3016 Ὀ
2955 2961 3056 3030 μὲν
3105 2958 3199 3016 οῦν
3248 2963 3609 3036 Ἰαννουάριος
3654 2967 3752 3019 ἐν-

2148 3045 2341 3102 τεῦθέν
2367 3049 2538 3103 ποθεν
2567 3050 2710 3119 ῐσχει
2739 3049 2840 3122 τὴν
2865 3050 3211 3121 ἐπωνυμίαν·
3239 3054 3298 3108 αί
3335 3053 3392 3108 δὲ
3415 3055 3546 3126 περὶ
3570 3056 3749 3111 αὑτὸν

2149 3136 2466 3204 καλάνδαι,
2514 3141 2612 3194 καὶ
2665 3141 2766 3195 ὅσα
2819 3143 2997 3209 σεμνά
3041 3143 3328 3198 τελοῦνται
3372 3145 3505 3215 περὶ
3537 3148 3740 3213 αὑτὰς,

2159 3227 2453 3302 Ῥωμαίων
2486 3232 2997 3305 προσεξευρήματα
3043 3235 3141 3289 καὶ
3168 3235 3309 3291 αὑτά
3332 3251 3348 3267 ·
3378 3237 3441 3291 ἐν
3485 3233 3573 3300 αἷς
3602 3239 3747 3295 ἄλλα

2150 3337 2212 3374 τε
2266 3320 2551 3376 ἐτελοῦντο
2598 3323 2726 3387 ἄξια
2773 3325 2958 3392 λόγου,
2997 3327 3092 3378 καὶ
3143 3326 3285 3398 ὑπὲρ
3316 3329 3508 3397 ὑγείας
3563 3333 3737 3404 εὐχαὶ

2150 3414 2264 3476 τοῖς
2317 3413 2636 3484 κρείττοσιν
2663 3416 3026 3472 ἀνετείνοντο.
3073 3419 3234 3490 Ἐξῆν
3271 3419 3329 3473 δέ
3368 3421 3467 3475 καὶ
3495 3422 3736 3492 δούλοις,
3853 3418 3856 3419 ⁷

2147 3501 2434 3566 δεσπόταις
2481 3505 2870 3577 συνεορτάζειν
2895 3544 2910 3570 ,
2974 3508 3072 3562 καὶ
3129 3509 3278 3565 ἀλῶν
3335 3527 3397 3564 τε
3452 3518 3743 3569 κοινωνεῖν

2147 3595 2336 3658 αὑτοῖς
2366 3595 2460 3648 καὶ
2489 3594 2554 3667 δὴ
2602 3598 2700 3650 καὶ
2735 3597 2835 3666 τῆς
2883 3597 3197 3669 ἐλευθερίου
3252 3600 3474 3672 στολῆς.
3511 3604 3657 3673 Πρὸς
3681 3606 3739 3658 τί

2152 3702 2243 3756 μοι
2269 3681 2488 3755 ταῦτα;
2530 3687 2619 3752 Ὠς
2647 3687 2715 3742 ἂν
2761 3688 2894 3760 ἔχῃς
2929 3689 3148 3761 μαθεῖν,
3181 3691 3265 3746 ὅτι
3298 3694 3393 3746 καὶ
3422 3693 3495 3748 τά
3523 3693 3621 3749 νῦν
3647 3697 3741 3766 ἐφ’

2148 3778 2310 3847 ήμῶν
2351 3779 2656 3849 τελούμενα
2718 3781 2968 3835 τοιούτου
3008 3782 3156 3846 τινὸς
3213 3783 3497 3854 ἐξέχονται
3546 3785 3735 3856 λόγου.

2150 3870 2334 3926 Τάλλα
2379 3888 2441 3924 τε
2481 3872 2593 3942 γὰρ
2653 3872 2716 3927 οὑ
2770 3874 2990 3944 μακράν
3043 3873 3279 3930 ἐκείνων
3309 3876 3596 3944 πίπτουσι,
3640 3879 3740 3933 καὶ

2149 3963 2521 4034 συμμετέχειν
2566 3963 2718 4017 ἔστιν
2763 3965 2895 4035 ἡμῖν
2950 3963 3207 4036 ἀλλήλοις
3249 3966 3361 4022 τῶν
3421 3968 3555 4039 παρ’
3609 3971 3739 4024 ἐκά-

2152 4071 2321 4122 στοις,
2352 4056 2448 4108 καὶ
2493 4055 2783 4110 κοινωνίαν
2818 4055 3042 4128 φιλικὴν
3077 4058 3378 4128 συνιστᾷν,
3427 4058 3462 4128 ἢ
3498 4061 3740 4129 φράζειν

2149 4147 2210 4200 ἐν
2241 4145 2320 4218 τῷ
2349 4146 2580 4218 παρόντι
2606 4163 2622 4179 ·
2676 4147 2960 4217 φιλοτιμία
3008 4164 3100 4212 τις
3129 4147 3361 4219 ἄκαιρος
3387 4149 3485 4203 καὶ
3515 4151 3740 4204 ἐπιστο-

2143 4238 2252 4292 λῶν
2280 4239 2469 4309 νόμοις
2497 4239 2802 4302 ἀντίθετος.
2839 4241 2966 4294 Ὀτι
3008 4239 3066 4294 δὲ
3099 4241 3192 4294 καὶ
3238 4241 3471 4308 νόννας
3507 4244 3608 4296 καὶ
3643 4246 3732 4297 εῖ-

2149 4330 2298 4396 δοῦς
2337 4329 2808 4394 ὑποτυπώσαντες
2847 4330 2950 4384 οὑκ
2974 4329 3206 4394 ἐντελῶς
3235 4331 3312 4392 ὡς
3346 4333 3406 4384 ἐν
3435 4332 3735 4403 ὑπογραφῇ

461 4437 560 4506 οὐχ
593 4437 676 4489 ὅτι
707 4435 843 4488 πολὺ
874 4433 970 4487 καὶ
1011 4432 1074 4486 οὑ
1112 4431 1434 4502 σύμμετρον
1477 4431 1616 4500 ἀκοῇ
1648 4429 1709 4481 τὸ
1747 4423 2037 4498 μεσιτεῦον
2149 4439 2262 4477 τινι
2313 4423 2686 4494 προεθέμεθα,
2719 4423 3013 4477 ὑποθετέον
3061 4423 3158 4477 καὶ
3208 4423 3411 4494 χρῶμα
3465 4424 3549 4494 τῷ
3602 4425 3738 4478 ὑπο-

459 4527 556 4579 1:05
608 4525 1003 4595 διαστήματος⁸
1045 4523 1165 4578 ἀλλ’
1213 4523 1296 4577 ὅτι
1326 4521 1641 4594 τερατώδης
1671 4523 1697 4574 6
1728 4519 1907 4587 λόγος⁹
1946 4517 2040 4571 καὶ
2071 4521 2123 4584 ο
2150 4515 2419 4587 γραμμῷ,
2467 4518 2566 4571 καὶ
2605 4517 2708 4587 τὴν
2753 4517 2944 4570 είκόνα
2984 4515 3080 4569 τοῦ
3130 4516 3296 4584 λόγου
3346 4515 3738 4570 συντελεστέον

451 4611 574 4678 οἷος
619 4617 698 4677 είς
742 4614 921 4686 ψυχὴν
962 4609 1022 4667 εὖ
1072 4612 1437 4683 λογιζομένην
1479 4610 1556 4683 μὴ
1587 4609 2036 4682 παρεισδύεσθαι,
2151 4624 2255 4662 σοι.
2301 4607 2360 4661 '0
2402 4607 2508 4678 μὴν
2563 4607 2820 4677 καθάπερ
2858 4605 3052 4677 όλότης
3101 4606 3180 4669 είς
3225 4605 3353 4676 τρία
3403 4607 3562 4677 παρά
3592 4605 3734 4660 Ῥωο

456 4707 579 4762 ἀλλ’
602 4706 752 4772 ἄξιος
780 4704 921 4759 εἶναι
946 4703 1364 4774 τῷπεπτωκότι
1390 4702 1600 4756 ἀνωθεν
1617 4702 1882 4772 ἐωσφόρῳ
1910 4716 2039 4768 συγ·
2153 4697 2336 4768 μαίοις
2364 4697 2612 4774 διῃρεῖτο
2641 4697 2710 4762 τά
2737 4697 3026 4767 τμήματαο
3058 4697 3168 4749 τῶν
3216 4696 3275 4748 δέ
3325 4696 3642 4767 τμημάτων
3673 4697 3736 4750 τὸ

461 4800 894 4870 καταφέρεσθαι.
934 4773 1288 4857 καταϐάσεις
1333 4793 1444 4864 γάρ
1503 4809 1659 4856 τινας
1703 4790 1764 4856 ἐξ
1804 4789 2039 4860 ούρανοῦ
2151 4789 2256 4859 μὲν
2310 4773 2599 4859 κατάρχον
2643 4786 2745 4859 τὴν
2795 4787 2996 4856 κλῆσιν
3048 4784 3163 4857 εἷχε
3202 4787 3313 4842 τῶν
3359 4786 3690 4841 καλανδῶν
3716 4802 3733 4818 ο

451 4893 795 4961 ὑποθέμενος
821 4889 920 4946 καὶ
954 4889 1254 4949 ,ἀναϐάσεις
1297 4882 1456 4950 αὖθις
1496 4884 1719 4957 ψυχῶν,
1748 4882 1841 4936 καί
1871 4900 1925 4935 τι
1953 4899 2040 4935 νο-

464 4985 630 5053 μὶσας
686 4983 1066 5052 συμπράττειν
1117 4978 1353 5032 ἐνταῦθα
1407 4978 1503 5030 καὶ
1553 4980 1655 5045 τὴν
1682 4974 1779 5029 τοῦ
1833 4973 2037 5044 ἄστρου

447 5078 631 5141 θέσιν,
664 5075 694 5127 6
729 5073 1100 5144 παραμείϐων
1131 5074 1162 5125 6
1192 5072 1344 5142 ἥλιος
1369 5069 1461 5124 τὸν
1511 5067 1920 5136 ἰαννουάριον
1945 5069 2040 5119 ἐκ-

451 5169 675 5238 ⁵μετρεῖ,
711 5168 890 5221 εῐτουν
921 5167 1016 5220 ὑπ’
1057 5166 1225 5219 αὑτοῦ
1271 5166 1386 5236 ἔχει
1420 5161 1817 5234 μετρούμενος
1851 5159 2037 5214 ἐντεῦ-

450 5261 555 5311 εθεν
612 5259 709 5310 καὶ
768 5258 862 5311 τὸν
919 5258 1065 5328 μῆνα
1119 5257 1495 5328 παρονομάζει
1571 5255 1880 5309 ίαννούαν
1937 5253 2036 5319 μὲν

471 5335 771 5420 Ῥωμαίοις
817 5350 988 5402 εἰπὼν
1027 5351 1311 5404 καλεῖσθαι
1338 5350 1437 5421 τὴν
1461 5348 1652 5416 θύραν
1678 5362 1694 5378 ·
1736 5348 1948 5401 ἐκεῖθεν
1977 5345 2038 5398 δὲ

452 5441 538 5512 τῷ
563 5440 745 5511 καιρῷ
778 5441 954 5512 τούτῳ
987 5442 1088 5510 τὴν
1127 5443 1326 5512 κλῆσιν
1357 5439 1790 5510 τερατευόμενος
1815 5437 2038 5490 διεκπε-

451 5535 593 5597 σεῖν,
626 5533 699 5596 ὡς
734 5529 875 5587 εἷναί
927 5551 1051 5587 τινα
1104 5534 1354 5602 θιφαῒον
1414 5531 1581 5586 αὑτὸν
1633 5530 1807 5601 ἀνόδῳ
1855 5528 2034 5599 τοιᾷδε

448 5623 552 5678 καὶ
584 5623 798 5695 καθόδῳ
833 5622 1279 5693 διακονούμενον,
1312 5617 1401 5686 αἷς
1451 5623 1552 5676 καὶ
1606 5617 1750 5691 θύρα
1796 5620 1881 5682 τίς
1928 5634 2032 5670 που

451 5711 901 5780 συνεξακούεται.
951 5713 1262 5786 Πορφύριος
1315 5714 1415 5784 μὲν
1453 5708 1549 5767 οὖν
1594 5712 1859 5781 χαιρέτω,
1893 5726 2032 5762 πτε·

446 5806 790 5876 θυσσόμενος
817 5805 1035 5879 ἄμετρα
1059 5820 1074 5839 ·
1108 5805 1205 5861 καὶ
1247 5804 1309 5860 τὸ
1349 5803 1552 5874 πτερὸν
1573 5801 1751 5868 λύσας
1791 5799 2031 5870 Ἅρπυια

2144 4883 2424 4952 διέχουσαι
2481 4880 2539 4934 δὲ
2599 4879 2716 4950 μετ’
2745 4879 2917 4950 αὑτὴν
2954 4880 3161 4950 ἡμέραι
3215 4877 3362 4942 τινές
3420 4877 3733 4948 ὡρισμέναι

2145 4977 2268 5036 ταῖς
2295 4975 2546 5038 νόνναις
2574 4971 2861 5029 ἐπέϐαλον·
2893 4970 3002 5024 ἔδει
3031 4970 3077 5022 δ’
3109 4965 3266 5032 αὖθις
3299 4969 3438 5038 μετά
3459 4969 3557 5032 τὰς
3591 4971 3735 5021 νόν-

2145 5079 2261 5129 νας
2303 5063 2547 5133 διασχεῖν
2580 5063 2795 5133 ἡμέρας
2823 5061 3076 5127 τοσάσδε,
3109 5060 3206 5114 καὶ
3236 5059 3337 5124 τάς
3365 5057 3569 5122 είδοῦς
3611 5059 3736 5111 ἐπι-

2146 5155 2361 5226 στῆναι.
2395 5154 2508 5207 Καὶ
2538 5152 2710 5215 οὕτως
2755 5153 2844 5207 ἀεὶ
2885 5152 3028 5209 κατὰ
3052 5152 3154 5215 τὰς
3186 5149 3315 5220 ἑξῆς
3349 5151 3376 5202 ό
3405 5148 3584 5202 ἐπιὼν
3615 5154 3732 5218 μὴν

2144 5247 2218 5300 τὰ
2256 5246 2350 5301 ῖσα
2381 5245 2590 5316 ἔπασχε
2640 5244 3010 5316 διαιρέματα·
3052 5243 3151 5297 καὶ
3197 5236 3316 5312 εἶχέ
3367 5255 3486 5303 πως
3517 5255 3734 5310 καταρ·

2145 5339 2348 5410 χοὺσας
2379 5337 2478 5409 μὲν
2506 5339 2610 5402 τὰς
2642 5337 2980 5403 καλάνδας,
3011 5334 3132 5406 μετ’
3160 5333 3343 5402 ὀλίγον
3365 5331 3423 5386 δέ
3449 5331 3551 5395 τὰς
3579 5332 3729 5386 νόν-

2143 5446 2278 5499 νας,
2314 5429 2744 5500 παρηχουμένας
2771 5429 2838 5482 ἐκ
2869 5428 2968 5498 τῆς
2995 5427 3247 5497 νεότητος
3278 5423 3371 5479 τοῦ
3401 5425 3548 5477 κατά
3571 5425 3735 5490 σελή-

2145 5539 2246 5592 νην
2292 5520 2473 5590 φωτὺς
2533 5517 3157 5589 ἐτιπροσαυξανομένου
3209 5518 3307 5571 καὶ
3355 5515 3435 5576 είς
3483 5513 3736 5567 ἐπίδοσιν

2143 5613 2400 5684 ἥκοντοςο
2433 5611 2531 5665 καὶ
2561 5611 2681 5682 μετ’
2707 5611 2880 5672 αὑτὰς
2913 5609 3015 5672 τὰς
3047 5606 3271 5672 είδοῦς,
3304 5607 3363 5660 ἐν
3406 5601 3495 5668 αἷς
3539 5605 3647 5673 ἠδη
3671 5606 3736 5654 τδ

2141 5705 2344 5759 οἰκεῖον
2369 5697 2530 5770 εἶδος,
2554 5703 2732 5756 εῐτουν
2749 5702 2944 5762 κάλλος
2964 5702 2992 5753 6
3014 5697 3337 5769 σεληνιακδς
3364 5694 3736 5765 ἀπελάμϐανε

2142 5796 2350 5857 δίσκος.
2376 5794 2486 5850 Καὶ
2519 5793 2693 5850 πάλαι
2715 5792 2816 5866 μὲν
2841 5791 2987 5848 οὑτω
3013 5789 3277 5858 τοιαύτην
3308 5783 3458 5856 εἶχον
3488 5784 3590 5849 τὴν
3622 5800 3732 5858 ση-
