4062 6474
390 528 527 599 1265

1171 529 1590 594 EUSTATIIH
1627 529 2389 595 THESSALONICENSIS
2438 529 2854 593 ΕΡΙεΤοιΑζ.

3522 524 3659 594 1266

333 722 336 724 γ
383 647 453 700 τὰ
482 645 617 702 ἀλλα
644 647 806 703 καλά.
837 649 901 704 Et
931 651 988 706 δὲ
1013 654 1106 707 καὶ
1143 651 1283 724 «pb;
1328 651 1461 720 ὕλην
1506 648 1823 712 ἀπονεύεις,
1856 649 1966 703 ίδού
1999 659 2048 717 Α
2073 653 2220 722 νήσῳ
2264 651 2616 723 διατρίϐοντα
2657 653 2993 726 προσφωνεῖ,
3040 653 3138 707 καὶ
3179 650 3471 724 ὑπερόριον
3513 651 3659 706 οὕτω

395 740 686 808 σταφυλῶν
725 734 872 797 οὗτοι
915 746 1140 815 βότρυες
1190 745 1302 799 τῶν
1338 761 1422 797 σοι
1461 743 1826 813 φιλουμένων,
1875 740 1981 795 λύ-

387 848 484 899 γου
508 833 926 904 ἀπῃωρημένοι.
956 837 1140 905 Σωρὸς
1176 840 1277 908 μὲν
1299 830 1454 900 οὗτος
1490 831 1574 900 εἷς
1603 833 1682 905 τῷ
1702 833 1975 905 καλλίστῳ

391 924 685 994 Κομνηνῷ,
715 927 796 997 τῷ
847 927 947 998 τὴν
997 928 1141 999 ἐμὴν
1187 929 1396 998 ταύτην
1444 927 1603 996 δίκην
1633 922 1693 980 εὖ
1744 925 1979 996 ἀγορεύ-

390 1029 546 1069 σαντι
571 1032 586 1046 ο
623 1016 810 1086 ἐτερος
832 1019 889 1072 δὲ
919 1018 996 1089 τῷ
1027 1020 1326 1091 ὐπερκάλῳ
1352 1019 1557 1089 Δούκᾳ,
1589 1018 1686 1072 ἐὰν
1728 1018 1864 1086 ἡμῖν
1894 1015 1981 1079 είς

388 1103 447 1156 ἓν
477 1107 776 1180 συμϐαίνῃ,
826 1110 925 1164 καὶ
959 1111 1169 1182 ἀπολύῃ
1209 1115 1309 1182 τῆς
1362 1111 1648 1183 μέμψεως,
1679 1108 1850 1180 πρινὴ
1887 1106 1981 1161 τὸν

389 1199 656 1272 δικαστὴν
693 1202 1102 1273 ἀποφήνασθαι,
1141 1205 1232 1268 Ὠς
1297 1205 1412 1272 είγε
1473 1205 1550 1276 μὴ
1614 1203 1775 1258 τοῦτο
1827 1211 1977 1263 ποιεῖ

393 1291 559 1361 (τάχα
597 1292 657 1347 δέ
704 1293 765 1349 οὐ
801 1297 987 1350 ποιεῖ’
1020 1297 1082 1351 οὐ
1121 1296 1314 1366 λέληθε
1342 1297 1451 1367 γὰρ
1471 1295 1584 1352 οὐδ’
1616 1295 1789 1351 αὐτὸν
1809 1293 1982 1361 τάλη-

396 1384 531 1452 θὲς),
559 1385 708 1440 ἔσται
743 1404 828 1442 σοι
857 1389 1134 1443 καὶτοῦτο
1157 1391 1217 1444 τδ
1244 1391 1620 1461 βοτρυηφόρον
1651 1387 1982 1456 καμακίδιον

395 1478 476 1540 είς
504 1477 780 1548 ἐπιθήκην
815 1478 1034 1547 μισθοῦ.
1063 1480 1130 1532 Τί
1161 1481 1270 1547 γὰρ
1299 1481 1383 1534 δεῖ
1421 1480 1696 1551 ψωμίξειν
1727 1477 1824 1532 καὶ
1851 1478 1982 1539 τοὺς

399 1569 628 1639 ἐχθρούς
650 1587 666 1635 ;
693 1570 812 1624 Ἵνα
839 1571 896 1624 δέ
924 1570 1089 1640 μάθοι
1110 1572 1140 1624 6
1166 1572 1550 1643 λαμπρότατος
1572 1573 1669 1626 καὶ
1690 1569 1981 1635 κάλλιστος

398 1662 491 1714 καὶ
543 1662 918 1728 συνετώτατος
951 1663 1186 1730 Δούκας,
1211 1666 1307 1718 καὶ
1331 1665 1482 1728 ὅπως
1525 1663 1641 1734 ἐγὼ
1691 1663 1821 1728 τούς
1845 1663 1984 1731 γαύ-

401 1772 526 1826 pou;
553 1756 876 1828 ἀνθρώπους
917 1759 1060 1828 μισῶ
1094 1763 1187 1812 καὶ
1225 1761 1364 1822 τοὺς
1393 1758 1691 1822 ὀκνοῦντας
1717 1758 1781 1812 τὸ
1805 1773 1982 1827 προσ-

398 1851 604 1914 κυνεῖν,
639 1849 993 1919 ὐπανάγνωθι
1026 1851 1178 1920 αὐτῷ
1203 1851 1365 1917 λόγον
1391 1851 1533 1906 κατά
1553 1851 1667 1905 τῶν
1691 1848 1983 1916 τοιούτων,

2081 744 2301 815 γραφήν
2342 744 2738 816 διαπέμπεται.
2797 745 2912 800 Kal
2962 745 3204 814 ἀληθῶς,
3244 745 3481 818 αὐθέντη
3531 761 3660 814 μου,

2081 836 2348 899 πολλάκις
2380 838 2477 904 μέν
2510 839 2605 890 καὶ
2646 836 2864 900 πολλοῖς
2896 837 2996 891 οὐκ
3020 837 3270 907 ἐνδήμοις
3311 837 3489 907 φίλοις
3533 837 3659 891 ἐπι-

2085 928 2289 982 στολῶν
2323 927 2518 997 λόγους
2569 930 2833 999 ἐπαφῆκα
2856 945 2872 960 ο
2928 929 3085 982 οὐπω
3141 927 3199 982 δέ
3229 945 3323 998 μοι
3365 929 3532 999 μέχρι
3561 927 3663 982 καὶ

2083 1021 2272 1091 ἐσάρτι
2297 1021 2326 1074 6
2360 1022 2639 1091 πτερωτὸς
2659 1015 2814 1088 οὗτος
2831 1021 3042 1094 Ἐρμῆς
3076 1021 3392 1095 δολιχεύσας
3425 1022 3506 1086 είς
3555 1040 3662 1093 μαο

2083 1114 2342 1184 κρότερον
2373 1114 2531 1169 ἔλυσε
2552 1115 2617 1170 rb
2653 1116 2875 1186 πτερὸν,
2939 1115 3003 1170 οὐ
3042 1114 3188 1170 κατά
3232 1115 3326 1168 τὸν
3358 1113 3662 1184 Ὁμηρικὸν

2095 1207 2306 1276 Ἑρμῆν
2328 1208 2386 1270 ἐς
2413 1206 2513 1276 τὴν
2535 1206 2634 1276 τῆς
2655 1207 2946 1277 Καλυψοῦς
2972 1207 3223 1276 πλαστὴν
3252 1205 3416 1276 νῆσον
3445 1205 3662 1262 στελλό-

2088 1315 2273 1370 μενος,
2297 1299 2354 1352 ὃν
2397 1298 2568 1368 μῦθος
2598 1299 2884 1368 ποιητικὸς
2932 1301 3012 1364 είς
3065 1299 3261 1355 λευκδν
3305 1299 3457 1370 ὄρνιν
3492 1317 3663 1370 μετα-

2085 1391 2300 1454 πλάσας
2347 1391 2602 1461 ἐπαφῆκε
2661 1393 2776 1454 τοῖς
2808 1393 3050 1461 κύμασιν
3073 1407 3090 1425 ·
3122 1392 3239 1447 ἀλλ’
3269 1392 3431 1448 ἀλλον
3458 1392 3663 1462 τρόπον

2082 1481 2160 1551 τῷ
2181 1481 2363 1552 λευκῷ
2391 1481 2565 1548 τούτῳ
2613 1480 2806 1553 βιϐλίῳ
2830 1476 2922 1537 οἷά
2951 1499 3060 1536 τινι
3121 1482 3405 1554 πορθμείῳ
3439 1482 3664 1553 ἐμϐιϐα-

2082 1576 2331 1644 ζόμενος,
2367 1577 2464 1630 xal
2505 1574 2644 1646 «pb;
2672 1574 2771 1645 τὴν
2818 1577 2906 1630 διὰ
2953 1577 3014 1630 σέ
3064 1575 3404 1645 όλϐιωτάτην
3453 1577 3660 1645 ταύτην

2081 1669 2244 1740 νῆσον
2269 1667 2396 1738 ἀρτι
2422 1667 2805 1740 πεμπόμενος.
2834 1669 3087 1741 Ζηλωτδν
3117 1671 3218 1740 μὲν
3245 1669 3363 1745 ,γάρ
3390 1689 3444 1724 τι
3469 1670 3662 1740 χρῆμα

2079 1757 2150 1832 ῆν
2175 1761 2264 1815 ὅτε
2291 1761 2325 1832 ἠ
2375 1760 2543 1831 νῆσος
2579 1759 2744 1831 αὕτη,
2776 1763 2872 1818 καὶ
2900 1766 3171 1831 γενναίων
3199 1763 3412 1833 ἀνδρῶν
3433 1763 3662 1834 οἰκητή-

2085 1870 2201 1924 ριον
2224 1868 2242 1885 ⁸
2276 1853 2326 1907 εί
2355 1851 2414 1907 δὲ
2457 1853 2552 1907 καὶ
2582 1855 2902 1926 λῃστρικὸν,
2934 1854 3050 1926 ἔχει
3089 1857 3186 1910 καὶ
3217 1854 3375 1909 τοῦτο
3409 1855 3666 1926 ποικίλην

399 1940 460 1994 ὃν
499 1941 609 2007 ἐγὼ
638 1941 766 2012 ἀρτι
800 1943 1009 2014 παλαιᾷ
1055 1944 1260 2015 μυθικῇ
1293 1943 1441 2014 ζύμῃ
1478 1943 1852 2014 ἐφυρασάμην
1872 1958 1887 1973 ο
1919 1940 1981 2006 ὃς
2014 2006 2053 2017 _
2085 1947 2330 2017 ἱστορίας
2363 1946 2584 2017 τριϐήν.
2641 1947 2846 2014 Γέγονε
2894 1947 2952 2000 δέ
2983 1963 3114 2001 ποτε
3167 1947 3262 2000 καὶ
3315 1946 3394 2016 τῷ
3443 1947 3508 1999 ἐκ
3537 1948 3664 2011 Διὸς

401 2033 484 2097 είς
510 2006 774 2104 μειδίαμά
798 2053 850 2088 τι
879 2006 1078 2088 λεπτὸν
1106 2036 1202 2090 καὶ
1233 2006 1754 2106 σένπρονκαλέσεταιί
1774 2006 1850 2088 τὸ
1872 2034 1980 2106 γάρ
2014 2006 2059 2063 Β
2095 2006 2360 2110 Ἠρακλεῖ
2399 2006 2813 2110 περιμάχητος,
2844 2039 2934 2093 ὅτε
2982 2040 3081 2094 καὶ
3133 2040 3263 2102 τοὺς
3312 2006 3679 2105 ἐνοικοῦντας

402 2126 708 2195 ἀκραιφνὲς
739 2126 833 2180 τοῦ
882 2127 1121 2195 γέλωτος
1168 2127 1250 2196 τῷ
1305 2127 1642 2201 πολυημέρῳ
1687 2127 1789 2196 τῆς
1820 2125 1984 2180 νόσου

403 2218 712 2288 ἀπέσϐηκε.
755 2220 1016 2288 Παρῆγεν
1045 2221 1074 2274 6
1105 2220 1438 2290 Προμηθεὺς
1467 2219 1778 2289 ἄνθρωπον,
1803 2216 1985 2272 καὶτὸ

405 2309 566 2378 σῶμά
593 2309 824 2364 ἔπλαττε
860 2310 962 2380 μὲν
995 2311 1103 2365 ἀπὸ
1129 2311 1234 2381 γῆς
1255 2326 1272 2342 °
1309 2311 1432 2383 θεία
1465 2312 1521 2365 δέ
1552 2311 1736 2383 ἔχριεν
1758 2310 1983 2382 ἀλοιφῇ.

407 2403 518 2456 Kal
542 2402 700 2458 τοῦτο
717 2399 786 2476 ἦν
819 2405 852 2470 ἡ
879 2404 1054 2475 ψυχή.
1086 2404 1230 2459 Ὀσα
1261 2403 1320 2458 δέ
1353 2403 1450 2457 καὶ
1479 2403 1610 2472 θείῳ
1666 2403 1986 2474 πράγματι,

405 2495 485 2564 τῷ
533 2496 720 2550 σκεύει
759 2494 853 2549 τοῦ
909 2495 1193 2565 σώματος,
1245 2495 1478 2551 ἐνετίθει
1521 2496 1618 2550 καὶ
1664 2495 1986 2566 φρονήσεως

407 2586 740 2656 ἀμϐροσίαν.
777 2588 888 2642 Kal
943 2588 1147 2657 ὥριζεν
1177 2591 1258 2651 είς
1292 2590 1492 2660 μέτρον
1513 2591 1576 2643 τὸ
1609 2589 1987 2659 πολυτίμητον

405 2677 568 2732 τοῦτο
619 2679 808 2749 ὐγρόν.
835 2679 947 2734 Kal
991 2681 1100 2734 ἔδει
1139 2681 1264 2744 τοὺς
1293 2681 1622 2751 δεχομένους
1671 2679 1988 2748 πεπλῆσθαι

407 2767 502 2822 τοῦ
535 2768 900 2840 ἐντιθεμένου,
931 2771 964 2838 ἦ
991 2771 1127 2826 ἀλλά
1157 2770 1253 2825 καί
1283 2789 1339 2824 τι
1363 2771 1549 2823 πλεῖον
1587 2771 1778 2836 αὐτοῖς
1808 2788 1984 2842 προσ-

407 2860 730 2925 επιστάζειν
793 2859 890 2914 τοῦ
936 2861 1082 2916 θείου
1129 2861 1319 2932 ύγροῦ.
1370 2864 1544 2917 Πᾶσιν
1587 2857 1682 2916 οῦν
1736 2862 1834 2932 τῆς
1891 2861 1988 2915 τοῦ

411 2955 632 3023 φρονεῖν
671 2953 981 3025 ἀμϐροσίας
1021 2957 1051 3009 6
1105 2955 1436 3027 Προμηθεὺς
1476 2956 1833 3026 ἐγχεάμενος,
1869 2951 1990 3010 εἶτα

410 3044 624 3110 καθίζει
651 3045 844 3100 ἑαυτὸν
873 3047 1280 3114 ἐσκευασμένος
1306 3047 1388 3110 είς
1415 3047 1476 3100 τὸ
1503 3049 1832 3118 σεμνότερον
1853 3063 1868 3077 ·
1894 3045 1991 3101 καὶ

415 3135 811 3207 μετακαλεῖαι
843 3140 968 3203 τοὺς
1001 3141 1063 3193 τὺ
1093 3139 1394 3211 ἀμϐρόσιον
1424 3141 1603 3194 ἐκεῖνο
1631 3139 1992 3208 δεδεγμένους

415 3230 604 3302 ὑγρόν.
634 3232 747 3286 Kal
785 3228 856 3304 ἦν
890 3231 1130 3300 ἀνάγκη,
1160 3231 1392 3286 ἕκαστον
1442 3229 1818 3284 ἐπικύπτοντα
1841 3230 1992 3284 δεικ-

2084 2131 2486 2203 ἀνδρικώτερον
2506 2133 2717 2193 ἐκεῖνος
2749 2132 3074 2203 ἐπιθέμενος
3103 2132 3460 2202 ἐχειρώσατο.
3484 2132 3674 2204 Μέρο-

2087 2243 2188 2287 πες
2213 2227 2270 2279 δὲ
2310 2227 2361 2280 οἱ
2395 2225 2612 2294 ἄνδρες,
2639 2223 2784 2280 οὕτω
2806 2229 2945 2296 πρὸς
2979 2225 3173 2293 κλῆσιν
3215 2224 3439 2295 ἐθνικήν
3467 2242 3671 2294 γνωρι-

2087 2310 2332 2390 ζόμενοι,
2364 2317 2463 2372 καὶ
2505 2319 2566 2372 τὸ
2629 2317 2830 2389 προσδν
2879 2318 3062 2382 αὐτοῖς
3115 2318 3314 2388 σεμνὸν
3359 2318 3455 2372 ἐπὶ
3501 2316 3669 2374 πλέον

2085 2413 2230 2468 οὕτω
2257 2411 2660 2483 προσαύξοντες
2683 2427 2702 2444 ο
2751 2409 2854 2480 τὴν
2888 2411 3000 2480 γὰρ
3049 2411 3342 2481 ἀνθρώπου
3367 2411 3572 2475 παντὸς
3609 2412 3674 2465 ἐν

2087 2504 2256 2576 κοινῷ
2290 2503 2492 2574 κλῆσιν
2530 2503 2611 2567 είς
2648 2502 2880 2565 ἐαυτούς
2930 2503 3378 2572 μεθειλκύσαντο.
3415 2504 3526 2557 Kal
3552 2502 3672 2573 ἅμα

2087 2612 2170 2657 τις
2201 2595 2356 2662 ἔλεγε
2391 2594 2622 2660 Κῶους,
2645 2593 2740 2647 καὶ
2771 2591 3026 2649 ἐπεκάλει
3057 2594 3186 2657 τούς
3217 2593 3499 2662 Μέροπας
3520 2608 3538 2624 ο
3573 2592 3671 2647 καί

2091 2703 2196 2740 που
2224 2685 2326 2753 τῆς
2353 2683 2544 2754 κοινῆς
2571 2685 2681 2738 τῶν
2712 2685 2968 2756 μερόπων
3024 2683 3336 2754 ἀνθρώπων
3368 2683 3674 2749 κατεξανα-

2091 2780 2337 2843 στάντες,
2371 2777 2448 2840 ὡς
2477 2777 2545 2831 ἀν
2571 2793 2656 2841 τις
2692 2775 2847 2848 είπῃ,
2877 2775 3290 2846 προσωνυμίας,
3333 2775 3678 2847 ἐλῄστευσαν

2095 2865 2197 2920 καὶ
2225 2864 2397 2936 αὐτὴν
2444 2859 2558 2918 οἷον
2587 2863 2684 2918 καὶ
2724 2862 3096 2928 ἐξιδιώσαντο.
3139 2862 3202 2918 EE
3249 2863 3308 2917 δὲ
3367 2867 3462 2918 καὶ
3490 2864 3676 2935 ἀγαθὴ

2091 2959 2324 3012 ἐνοικεῖν
2373 2958 2406 3026 ἡ
2440 2957 2511 3027 γῆ
2546 2955 2710 3028 αῦτη,
2749 2955 2994 3027 Ὀμήρου
3023 2956 3373 3022 ἀναλεκτέον,
3403 2954 3474 3013 εὖ
3502 2974 3674 3012 ναιο-

2093 3049 2284 3118 μένην
2318 3048 2687 3116 πεποιηκότος
2719 3047 2914 3117 αὐτήν.
2967 3049 3027 3101 EE
3069 3047 3126 3101 δέ
3160 3047 3256 3102 καὶ
3294 3049 3546 3117 καρποὺς
3577 3049 3677 3114 φέ-

2096 3157 2213 3212 ρειν
2243 3139 2393 3193 ἐστὶν
2416 3137 2646 3206 εὐφυὴς,
2681 3138 2776 3190 καὶ
2817 3135 2975 3201 ζώων
3004 3137 3230 3206 γόνιμος
3282 3137 3545 3205 εὐγενῶν,
3581 3137 3679 3193 ἀλ.

2091 3232 2204 3293 λοι;
2236 3231 2471 3300 ἱστορεῖν
2504 3228 2698 3298 δίδωμι
2722 3245 2739 3261 ο
2768 3232 2821 3282 οῖ
2848 3227 2947 3300 τὴν
2979 3228 3300 3300 Μεροπηῖδα
3353 3227 3560 3299 ταύτην
3579 3230 3680 3300 νῆ-

413 3319 564 3375 νύειν
593 3321 654 3374 τὸ
675 3321 889 3388 σκεῦος,
906 3319 968 3375 τὸ
1005 3321 1185 3389 σῶμα,
1215 3321 1302 3375 διὰ
1321 3321 1420 3383 τῆς
1444 3319 1716 3391 κορυφῆς,
1737 3319 1846 3373 είτε
1893 3335 1994 3388 με-
2022 3351 2068 3410 c
2101 3341 2193 3377 σον
2222 3323 2324 3393 τήν
2356 3321 2454 3375 Κῶ
2487 3321 2677 3390 αὐχεῖν
2707 3315 2861 3374 εἶπον
2884 3320 2976 3374 καὶ
3009 3318 3272 3390 τοῦνομα,
3316 3319 3406 3373 διά
3431 3320 3491 3374 τὸ
3513 3320 3682 3388 τυχὸν

414 3413 571 3480 στὸν,
593 3413 703 3467 εἴτε
720 3412 815 3467 καὶ
832 3413 1005 3475 ἄλλως
1022 3412 1146 3483 ἔχον
1166 3412 1526 3475 ἐστίν.”οσοις
1549 3410 1648 3481 μὲν
1667 3410 1760 3464 οῦν
1779 3409 1997 3463 ἐπιστε-

417 3506 525 3574 φής
545 3504 864 3576 φρονήσεως
892 3506 925 3574 ή
951 3503 1164 3574 κεφαλὴ
1184 3544 1200 3568 ,
1221 3501 1567 3556 κατέκυπτον
1590 3499 1998 3584 ἐπιδεικνύντες

419 3597 642 3660 ἑαυτοὺς
692 3595 958 3660 ἀνενδεῶς
1007 3595 1233 3667 ἔχοντας
1259 3611 1274 3626 ·
1321 3595 1420 3650 καὶ
1468 3591 1540 3665 ἦν
1565 3593 1727 3648 τοῦτο
1754 3609 1998 3661 προσκυ-

420 3689 556 3754 νεῖν,
587 3689 682 3742 καὶ
728 3688 821 3742 τδν
881 3687 1182 3758 εὐεργέτην
1237 3686 1536 3758 Προμηθέα
1582 3685 1780 3755 φιλεῖν.
1839 3685 1900 3738 Ol
1937 3684 1998 3738 δὲ

423 3781 592 3852 μήπω
645 3781 855 3850 μεστοὶ,
902 3779 1023 3834 ἀλλ’
1057 3778 1294 3842 ἐπιδεεῖς
1341 3777 1648 3851 ἀμϐροσίου
1703 3776 1994 3848 ἐπιρροῆς,

420 3873 633 3936 ἀτενεῖς
653 3867 817 3944 ἦσαν.
855 3872 950 3927 καὶ
1003 3870 1243 3936 ἀκλινῶς
1277 3866 1445 3941 εἶχον,
1469 3871 1572 3924 καὶ
1611 3863 1726 3925 οἷον
1767 3871 2000 3924 ἀνεστα-

419 3962 612 4018 λοῦντο
643 3964 725 4028 είς
755 3962 962 4034 ὄρθιον.
997 3964 1108 4017 Kal
1139 3958 1210 4034 ἦν
1239 3960 1399 4015 τοῦτο
1421 3959 1878 4027 ἀλαζονεύεσθαι,
1899 3960 2000 4014 καὶ

422 4055 523 4109 οὐκ
548 4055 748 4110 ειδέναι
792 4055 957 4126 χάριν
980 4054 1060 4126 τῷ
1086 4053 1147 4108 εῦ
1183 4054 1491 4126 ποιήσαντι.
1538 4053 1782 4108 Ἐκεῖθεν
1817 4053 2002 4108 τοίνυν

423 4146 520 4200 xal
546 4146 628 4209 είς
649 4146 800 4218 ἡμᾶς
835 4145 900 4198 τδ
930 4145 1032 4216 μὲν
1059 4143 1161 4217 τὴν
1186 4146 1432 4216 κεφαλὴν
1465 4145 1524 4198 ἐν
1562 4145 1740 4200 δέοντι
1769 4143 2000 4212 κλίνειν,

426 4235 746 4305 φρονήσεως
784 4234 956 4305 αὐτὴν
995 4235 1186 4304 γέμειν
1220 4235 1526 4306 περιδηλοτ,
1552 4234 1648 4288 καὶ
1673 4235 1754 4299 είς
1795 4235 2002 4304 εὐγνω-

427 4327 668 4398 μοσύνης
731 4327 959 4392 ἔνδειξιν
1009 4327 1298 4382 τάττεταιτ
1349 4327 1410 4381 τὺ
1457 4327 1518 4381 δὲ
1564 4327 1660 4382 ἐπὶ
1718 4328 2000 4399 σχήματος

427 4416 702 4480 ἵστασθαι,
743 4415 840 4471 καὶ
867 4415 969 4486 τὴν
996 4415 1175 4469 κλίσιν
1219 4414 1401 4470 όκνεῖν
1432 4415 1537 4485 τῆς
1584 4416 1853 4486 κεφαλῆς,
1886 4432 2004 4486 μω-

419 4508 550 4580 ρίας
581 4507 800 4580 γραφὴν
826 4507 1187 4579 ἀποφέρεται,
1217 4509 1314 4562 καὶ
1347 4509 1428 4572 είς
1449 4507 1778 4580 ἀχαριστίαν
1793 4507 2002 4578 ἐγγρά-

427 4619 494 4672 φε
506 4619 608 4656 ται.

1173 4691 1256 4749 Θ⁹ο

497 4787 817 4852 Διαπόντιός
854 4805 936 4842 σοι
968 4787 1029 4852 ἐξ
1076 4787 1237 4858 ἡμῶν
1267 4788 1409 4859 αὕτη
1452 4787 1740 4857 ἐπιστολή.
1795 4785 1909 4842 Kal
1955 4784 2006 4838 εί

2105 3415 2247 3470 πάνυ
2285 3432 2340 3468 τι
2375 3412 2656 3477 πολύξωον
2698 3413 2795 3466 καὶ
2847 3410 3309 3482 ἀγαμθοθρέμμονα
3337 3411 3520 3480 (κῶον
3569 3410 3680 3482 γὰρ

2104 3507 2246 3562 κατά
2282 3505 2562 3560 διάλεκτον
2584 3502 2648 3556 τὸ
2680 3501 2959 3572 πρόϐατον
2995 3496 3139 3555 εἶναι
3160 3500 3465 3568 τίθενται)·
3500 3501 3684 3571 καὶδὴ

2104 3599 2198 3651 καὶ
2228 3595 2328 3666 τὴν
2356 3594 2521 3664 νῆσον
2549 3593 2779 3663 ταύτην,
2824 3593 2900 3655 ὡς
2927 3591 3195 3654 τοιούτοις
3248 3589 3410 3656 ζώοις
3458 3589 3684 3662 ἐνευθηο

2102 3687 2396 3757 νουμένην,
2453 3685 2558 3754 τὴν
2615 3686 2756 3754 «pb;
2811 3683 2872 3734 τὸ
2935 3682 3075 3745 ζῶον
3141 3679 3466 3750 ὁμωνυμίαν
3495 3680 3685 3735 λαϐεῖν

2107 3780 2410 3852 βούλονται.
2443 3777 2602 3831 Καλὰ
2632 3777 2730 3846 μὲν
2751 3768 2845 3830 οῦν
2874 3773 3020 3828 οὕτω
3049 3775 3145 3828 καὶ
3173 3771 3342 3827 τάλλα
3366 3773 3466 3844 τῆς
3490 3773 3683 3842 νήσου.

2105 3875 2232 3927 Ὅτι
2254 3871 2311 3927 δέ
2355 3887 2414 3924 σε
2446 3869 2675 3923 πλουτεῖ
2729 3866 2976 3937 εὐτυχῶς
3013 3865 3123 3919 τῶν
3158 3865 3280 3919 κατ’
3315 3864 3489 3934 αὐτὴν
3523 3864 3688 3934 ἐξάρ.

2106 3963 2468 4039 χοντα,οὐδέν
2502 3961 2569 4016 ἂν
2617 3959 2964 4028 εὐδαιμονίας
3005 3957 3119 4028 ἔχοι
3175 3957 3529 4028 λειπόμενον.
3575 3957 3690 4010 Kal

2109 4051 2628 4128 προσεπιγράψεται
2661 4051 2800 4120 αὐτῇ
2856 4047 2997 4118 μετὰ
3042 4047 3153 4099 τῶν
3184 4046 3365 4100 ἄλλων
3401 4047 3493 4100 καὶ
3528 4045 3692 4100 τοῦτο

2113 4149 2259 4220 μέγα
2299 4145 2466 4200 καλόν
2487 4159 2502 4176 ⁶
2535 4144 2630 4198 καὶ
2665 4142 3009 4212 λαμπρυνεῖς
3038 4139 3208 4211 αὐτὴν
3243 4142 3310 4211 τῇ
3353 4139 3691 4212 σελασφορίᾳ

2108 4241 2210 4310 τῆς
2240 4237 2342 4306 σῆς
2394 4235 2684 4306 καλλονῆς,
2720 4234 2820 4304 οὐχ
2850 4227 3013 4303 ἦττον
3046 4231 3081 4302 ἦ
3112 4232 3212 4284 καὶ
3231 4233 3265 4284 6
3289 4230 3452 4294 καλὸς
3489 4231 3686 4295 Ἤλιος

2108 4332 2209 4401 τὴν
2266 4327 2603 4400 περίπυστον
2639 4325 2842 4389 Ῥόδον,
2895 4324 3036 4392 αὐτῇ
3099 4323 3591 4392 ἐπιφημιζόμενος,
3621 4350 3692 4362 _

2122 4419 2266 4476 Ἀλλ’
2310 4417 2467 4472 οὐπω
2502 4418 2603 4487 μὲν
2628 4417 2788 4486 (ὅπερ
2826 4413 2986 4484 ἐφην)
3033 4413 3446 4483 ἐπιστολιμαῖον
3480 4413 3694 4484 Ἑρμῆν

2109 4511 2282 4575 οὕτως
2311 4510 2604 4579 ὑπερόριον
2645 4508 2836 4577 ἀφῆκα
2891 4505 3178 4578 φέρεσθαι,
3223 4504 3540 4575 φειδόμενός
3599 4522 3692 4574 μοι

2109 4604 2205 4658 τοῦ
2239 4605 2499 4674 κήρυκος.
2552 4599 2664 4653 Νῦν
2717 4599 2776 4653 δὲ
2829 4597 3241 4668 διεπεμψάμην,
3290 4597 3694 4668 λογισάμενος,

2035 4704 2083 4760 ι)
2111 4696 2187 4756 ὡς
2211 4693 2376 4758 αὐτός
2419 4709 2480 4746 τε
2537 4690 2693 4763 σχοίη
2744 4691 2812 4744 ἀν
2861 4689 3085 4753 πάντως
3125 4688 3504 4760 πτερύξασθαι
3557 4688 3696 4758 πρὸς

2110 4789 2212 4860 τὴν
2247 4788 2348 4859 σὴν
2389 4785 2876 4857 μεγαλοδοξότητα,
2907 4785 3003 4838 καὶ
3021 4785 3155 4854 ἡμῖν
3193 4785 3250 4838 δέ
3279 4801 3363 4848 τις
3385 4784 3574 4856 ἕτερος
3601 4785 3701 4838 αὐ-

432 4884 529 4952 μέν
561 4883 866 4936 ἀποδεκτέα
891 4882 984 4936 καὶ
1007 4883 1136 4952 φίλη
1162 4887 1230 4954 τῇ
1254 4886 1320 4954 σῇ
1352 4883 1828 4954 μεγαλοδοξότητι,
1851 4880 2009 4936 οῦπω
2113 4881 2271 4935 τόθεν
2296 4878 2776 4947 ἀντιπτερύξεται,
2807 4877 2902 4930 καὶ
2944 4876 3164 4944 διδάξει,
3189 4876 3575 4947 περιγενέσθαι
3600 4877 3699 4930 καὶ

428 4975 767 5047 θαρῤήσαιμ⁹
798 4975 865 5028 ἂν
891 4975 1374 5046 διισχυρισάμενος
1399 4975 1790 5046 ἀποφήνασθαι
1810 4991 1822 5005 ⁸
1847 4975 1896 5027 εί
1931 4974 2010 5044 μὴ
2116 4973 2252 5046 πρὸς
2287 4972 2346 5026 σέ
2373 4969 2667 5040 ἀφικέσθαι
2697 4969 2790 5023 τὸν
2815 4969 3086 5039 ἡμέτερον
3111 4967 3302 5021 τοῦτον
3338 4967 3576 5038 Ἐρμῆν,
3601 4970 3700 5022 κα)⁸

429 5067 524 5121 καὶ
556 5063 898 5136 ἀντιγραφὴν
929 5065 1310 5136 χειρισαίμην,
1332 5066 1427 5120 καὶ
1454 5066 1606 5129 ὅπως
1633 5065 1773 5134 αὐτῇ
1803 5080 2012 5133 «pom-

429 5157 655 5229 νέχθης,
691 5157 908 5212 ἐκεῖθεν
941 5157 1194 5229 μάθοιμι.
1223 5158 1346 5211 Ὀτι
1372 5158 1428 5212 δὲ
1460 5159 1522 5211 ἐκ
1549 5159 1708 5227 φίλου
1738 5157 1800 5211 τδ
1826 5155 2011 5226 γράμ-

435 5267 536 5320 μα,
565 5248 724 5303 τοῦτο
747 5249 806 5304 δέ
839 5267 903 5318 γε
932 5251 1034 5303 οὐκ
1056 5251 1168 5318 ἐγὼ
1195 5250 1357 5320 μόνος
1395 5249 1745 5321 θαρρούντως
1774 5249 2014 5318 ἀπισχυο

2119 5067 2195 5137 μὴ
2227 5063 2356 5135 περί
2381 5080 2483 5116 που
2506 5061 2674 5132 μέσον
2711 5061 2802 5116 τὸν
2838 5059 3005 5114 πλοῦν
3050 5062 3386 5114 καταπεσεῖν
3447 5060 3702 5130 καμόντα

2115 5157 2216 5228 τὴν
2250 5155 2473 5224 πτῆσιν,
2514 5153 2660 5207 καθά
2713 5169 2818 5205 που
2854 5151 3013 5219 λόγος
3050 5151 3166 5221 ἔχει
3223 5150 3317 5202 τὸν
3358 5148 3605 5221 Ἴκαρον,
3635 5145 3700 5205 οῦ

2119 5247 2409 5314 περίθετον
2439 5246 2504 5297 ἐκ
2545 5242 2719 5315 κηροῦ
2748 5242 2841 5297 καὶ
2867 5241 3006 5313 ἡλίῳ
3057 5240 3219 5294 λυτὸν
3253 5241 3314 5293 τὸ
3355 5243 3592 5311 πτερόν·
3626 5240 3704 5303 ὡς

434 5344 680 5415 ρίζομαι,
722 5343 862 5398 ἀλλά
889 5343 1026 5415 πρὸς
1064 5345 1279 5414 μυρίοις
1301 5345 1506 5408 ἀλλοις,
1536 5346 1680 5405 ὅσοις
1713 5342 1808 5396 καὶ
1853 5343 2016 5405 αὐτὸς
2120 5341 2169 5393 εί
2203 5339 2279 5408 μὴ
2311 5338 2474 5391 τοῦτο
2526 5333 2616 5407 ῆν,
2656 5337 2757 5388 οὐκ
2804 5334 2869 5387 ἂν
2905 5332 3188 5404 ἐθάρρησα
3233 5333 3336 5402 τὴν
3389 5332 3701 5401 ἐπιστολήν.

432 5435 536 5505 ῆδη
587 5434 1104 5506 πεπληροφόρησαι.
1169 5434 1330 5489 Ἀλλά
1375 5452 1480 5488 που
1534 5433 1724 5503 θαῦμά
1788 5449 1849 5486 σε
1912 5434 2016 5503 ήδη
2123 5432 2231 5485 Kal
2259 5430 2434 5492 ἄλλως
2464 5429 2522 5482 δὲ
2549 5429 2642 5481 τὸν
2668 5427 2769 5497 μὲν
2800 5424 2962 5480 ἀλλον
3015 5426 3212 5496 καιρὸν
3244 5426 3376 5496 ῥᾷον
3403 5423 3532 5493 ἐνῆν
3569 5423 3705 5493 ἡμῖν

435 5527 814 5598 περιέρχεται,
871 5528 963 5580 καί
989 5545 1042 5580 τι
1094 5527 1270 5596 γλυκὺ
1321 5527 1414 5582 καὶ
1463 5527 1646 5597 ἱλαρὸν
1679 5528 2013 5598 ἐπιμειδιᾷς,
2127 5523 2318 5593 μαθεῖν
2347 5523 2417 5576 τὰ
2466 5520 2608 5574 κατά
2638 5519 2737 5589 τὴν
2771 5518 2868 5589 σὴν
2906 5517 3393 5600 μεγαλοὸοξότητα,
3428 5515 3700 5585 διαχειρι-

438 5619 534 5670 ὲάν
566 5622 591 5671 ὁ
621 5620 688 5671 τὰ
714 5619 886 5672 πολλά
921 5620 1091 5687 σιγῶν
1123 5618 1438 5681 Εὐστάθιος,
1469 5622 1496 5672 6
1525 5618 1624 5681 τὰς
1678 5620 1898 5689 γραφὰς
1928 5619 2021 5671 όκ-
2126 5616 2365 5684 ζομένην
2400 5613 2498 5675 τὰς
2523 5613 2700 5681 ἀρχὰς
2738 5611 2976 5681 ἄγχιστα
3007 5611 3105 5678 τῆς
3137 5607 3585 5676 Μεγαλοπόλεως,
3611 5609 3708 5657 καὶ

438 5709 568 5772 νῶν,
595 5712 621 5762 ὁ
649 5712 743 5763 καὶ
776 5711 915 5780 «pl;
967 5713 1090 5776 τοὺς
1123 5714 1293 5779 ἐγγὺς
1328 5711 1610 5782 ἐχέμυθος,
1642 5711 1709 5764 δι’
1745 5711 1888 5764 οὓτω
1916 5731 2020 5780 μαι·
2123 5708 2276 5760 οὐδὲν
2303 5707 2410 5758 ἔδει
2448 5707 2568 5758 τότε
2602 5702 2831 5774 γραφῶν
2857 5717 2871 5731 ⁸
2901 5703 3124 5772 εἴχομεν
3155 5703 3264 5771 γὰρ
3298 5699 3542 5761 αὐτόθεν,
3567 5699 3709 5767 ὅπερ

440 5801 709 5870 κρνιτάτου
739 5803 1104 5873 διαστήματος
1132 5806 1432 5874 φθέγγεται
1461 5818 1476 5833 ⁶
1505 5804 1600 5856 καὶ
1641 5803 1702 5856 ὃν
1733 5806 1790 5857 ὲν
1818 5807 1885 5872 τῇ
1919 5804 2022 5855 Νι·
2127 5801 2417 5870 ἠθέλομεν.
2452 5797 2565 5850 Νῦν
2599 5796 2656 5850 δὲ
2690 5794 2896 5866 ἀχανὴς
2951 5795 3154 5862 μεταξὺ
3201 5794 3355 5861 χύσις
3392 5790 3667 5856 Θαλάσσης
3691 5803 3706 5818 ⁸

442 5893 727 5962 κομηδέων
754 5893 854 5964 τὴν
883 5895 1141 5966 δουκικὴν
1181 5896 1405 5966 ἕναγχός
1442 5912 1543 5947 που
1581 5895 2022 5964 περιεζωσμένον
2126 5891 2422 5947 κάντεῦθεν
2451 5892 2582 5961 ἡμῖν
2616 5890 2645 5959 ἡ
2673 5887 2803 5956 περὶ⁸
2834 5885 2929 5938 σοῦ
2967 5887 3128 5954 φήμη
3161 5886 3372 5952 ἀνῖσχει
3409 5883 3645 5952 βράδιον,
3673 5882 3710 5949 ἢ

440 5984 619 6058 ἀρχὴν
652 5985 714 6039 οὐ
757 5990 1023 6060 προσεῖπε
1075 5991 1312 6061 γράψας,
1354 5989 1448 6044 νῦν
1495 5990 1554 6042 ὲν
1590 5991 1656 6057 τῇ
1709 5985 1816 6040 τῶν
1848 5985 2022 6042 Κώων
2126 5987 2155 6040 6
2188 5983 2317 6051 παρ’
2357 5983 2589 6049 Ἡσιόδῳ
2616 5982 2726 6045 τοῖς
2761 5978 3097 6042 Πανέλλησιν
3121 5977 3293 6039 ἣλιος.
3319 5976 3443 6030 ’Ὀτι
3489 5973 3581 6027 οὖν
3614 5988 3710 6025 πο·
