4062 6410
430 438 564 504 1367

1796 465 2186 531 ΑΒΒΕΝΒΑ.

3544 475 3686 543 1268

423 553 521 664 λίίς
566 556 665 628 ’ἤδη
700 560 909 664 χρόνος,
952 563 1010 629 ἔξ
1037 559 1233 664 -οῧξτερΑ
1260 569 1360 622 οὐκ
1404 566 1570 642 ἦλθεν
1606 575 1736 646 ἡμῖν
1770 577 2000 633 αὐτόθεν
2032 605 2076 660 Δ
2107 602 2206 639 σαν
2239 585 2576 650 ἐνέκλεισας.
2619 588 2804 659 Ἔχεις
2839 588 2933 643 οὖν
2954 590 3047 644 τὸν
3077 592 3550 664 γραμματοφόρον
3585 612 3686 649 σου

426 649 584 722 φήμη
618 653 816 720 σαφὴς,
854 655 1279 730 προκαλούμεθα
1307 665 1514 736 ταύτην
1543 667 1632 721 διὰ
1669 671 1769 740 τῆς
1797 671 2004 741 παρού-

427 758 530 808 σης
560 744 801 836 γραφῆς.
837 745 941 801 Τὸν
996 747 1054 803 δέ
1106 767 1170 819 γε
1223 753 1579 813 διακονοῦντα
1631 762 1699 830 τῇ
1750 760 2004 836 παρούσῃ

426 837 618 906 γραφῇ
649 835 795 901 τίνος
821 839 889 893 ἀν
917 840 1085 896 καλοῦ
1110 848 1455 920 τιμησαίμην
1478 866 1493 914 ;
1518 850 1623 904 τίνι
1653 852 1722 906 ἀν
1750 835 2006 922 ἄμειψαί-

431 942 578 996 μην;
627 928 682 982 τί
731 929 1051 1002 διαθέμενος
1101 939 1326 1008 ἀγαθὸν,
1362 945 1544 1014 τυχεῖν
1584 944 1852 1016 ἔξισχύσω
1908 946 2003 1001 τοῦ

431 1017 772 1112 πρέποντος
801 1023 970 1079 Οὐδὲν
998 1026 1235 1092 πάντως,
1257 1031 1426 1104 ἀλλ’ἢ
1455 1036 1520 1105 τῇ
1549 1037 1615 1105 σῇ
1642 1037 2006 1112 μεγαλοδώρῳ

429 1108 596 1164 αὐτὸν
634 1115 1036 1186 παραθέμενος,
1084 1119 1144 1175 6v
1175 1123 1472 1196 εὐεργέτην
1505 1125 1605 1197 μὲν
1642 1127 1881 1200 ἠγοῦμαι
1910 1108 2007 1187 καὶ

429 1201 708 1272 φίλτατον,
738 1207 820 1263 ὅτι
853 1227 944 1280 μοι
969 1215 1036 1284 τῇ
1071 1213 1301 1288 ἀγγελίᾳ
1334 1215 1502 1290 ταύτῃ
1533 1219 2000 1292 ἐξυπηρετήσατο.

429 1294 585 1364 Ζηλῶ
645 1297 704 1352 δὲ
762 1300 866 1369 τῆς
918 1307 1340 1377 μακαριότητος,
1368 1309 1450 1362 δτι
1485 1327 1569 1363 σοι
1615 1311 1856 1382 ἐντυχὼν
1884 1312 2004 1367 ἀνθ’

429 1382 614 1451 ἡμῶν,
641 1391 1010 1461 προσκυνήσει
1054 1409 1114 1446 τε
1149 1396 1242 1448 καὶ
1283 1397 1584 1470 προσείπῃ,
1617 1401 1713 1454 καὶ
1744 1401 2005 1470 γλυκείας

429 1476 651 1544 όμιλίας
682 1481 930 1550 ἀκούσει,
960 1487 1056 1538 καὶ
1083 1488 1193 1542 τῶν
1230 1489 1340 1544 σῶν
1365 1494 1773 1563 κατατρυφήσει
1801 1495 2004 1550 καλῶνο

431 1572 564 1641 περὶ
611 1565 674 1626 οὗ
707 1576 803 1630 καὶ
831 1576 1089 1635 δυσωπῶ.
1117 1582 1366 1639 Δυσωπῶ
1403 1583 1460 1637 δὲ
1494 1584 1795 1655 ὁλοψύχως,
1836 1587 1911 1651 ὡς
1939 1589 2008 1642 ἂν

431 1663 784 1739 ἀντιλήπτωρ
817 1672 1165 1742 χρηματίσας
1196 1675 1291 1730 ἐπὶ
1324 1678 1440 1741 τοῖς
1480 1677 1668 1732 αὐτόθι
1714 1679 2006 1750 πράγμασι

431 1755 531 1825 τῆς
559 1756 725 1824 ἀγίας
748 1759 842 1814 τοῦ
870 1765 1254 1837 φιλανθρώπου
1283 1771 1486 1838 μονῆς*
1509 1763 1577 1841 ἦς
1603 1769 1760 1839 ἆγιον
1781 1770 2008 1842 θρέμμα

431 1849 528 1903 καὶ
561 1851 724 1916 αὐτός
756 1855 871 1908 ἐστι
922 1856 1020 1911 καὶ
1072 1859 1274 1929 τίμιον.
1317 1861 1694 1933 Προσενεχθῇς
1737 1863 1888 1932 αὐτῷ
1925 1863 2006 1917 δι-

2105 677 2563 749 Βελλεροφόντην,
2611 679 2757 746 ὑπὲρ
2790 680 2958 734 αὑτοῦ
3005 681 3302 751 κομίζοντα
3350 685 3682 754 γράμματα.

2115 769 2335 823 Ἐκεῖνα
2361 769 2468 840 γάρ
2492 769 2855 840 ἀπήγγειλεν,
2888 767 2965 828 ὧν
2989 773 3218 843 ἢκουσε·
3259 773 3464 842 μᾶλλον
3493 775 3562 841 δ’,
3597 777 3686 844 ἐφ’

2101 857 2182 924 οἷς
2212 863 2273 916 ἐν
2303 863 2461 933 μέρει
2488 864 2586 920 καὶ
2603 863 2766 929 αὐτὸς
2781 865 2882 936 τὴν
2911 866 3254 936 κατηγορίαν
3279 869 3682 940 ἀπεμερίσατοο

2104 955 2189 1008 σοὶ
2221 953 2320 1022 μιν
2349 955 2530 1026 βραχύ
2555 974 2608 1011 τι
2643 955 2824 1027 γεῦμα
2855 959 3115 1027 κομίσας,
3143 959 3305 1024 αὐτὸς
3336 961 3394 1015 δὲ
3424 961 3522 1031 τὴν
3552 961 3687 1031 ὃλην

2103 1043 2305 1098 κύλικα
2340 1045 2441 1115 τῆς
2468 1046 2731 1116 μέμψεως
2772 1048 3112 1116 προεκπιιὶιν.
3150 1050 3262 1104 Καί
3291 1068 3377 1104 σοι
3414 1052 3688 1119 γέγονενό

2103 1134 2264 1206 ἀνὴρ,
2292 1136 2343 1190 εί
2371 1138 2468 1191 καὶ
2495 1139 2572 1210 μὴ
2602 1138 2920 1207 εὐάγγελος,
2952 1140 3069 1193 ἀλλ’
3108 1141 3387 1210 ἐτήτυμος
3427 1143 3685 1212 ἄγγελος,

2102 1226 2204 1279 οὐκ
2237 1227 2555 1298 ἑπιχρώσας
2591 1231 2656 1284 τὸ
2693 1229 2790 1284 τοῦ
2824 1231 2986 1299 λόγου
3021 1232 3315 1304 πρόσωπον
3381 1232 3686 1304 ψεύσματι.

2105 1317 2170 1370 El
2201 1317 2260 1370 δὲ
2289 1319 2373 1372 δεῖ
2401 1336 2456 1372 τι
2483 1321 2578 1374 καὶ
2611 1318 2860 1391 περὶτῆς
2885 1321 3164 1390 ἡμετέρας
3193 1323 3269 1393 (εί
3300 1322 3482 1394 χρεὼν
3513 1323 3690 1389 οὑτως

2105 1409 2304 1476 είπεῖν)
2341 1408 2696 1480 μικρολογίας
2737 1410 3210 1482 ἀπολογήσασθαι,
3237 1414 3442 1468 ταύτόν
3486 1431 3543 1469 τι
3593 1416 3691 1470 καὶ

2106 1501 2290 1568 αὐτὸς,
2319 1501 2578 1572 αὐθέντη,
2608 1503 2877 1568 πέπονθα,
2900 1504 2979 1568 ὡς
3003 1505 3164 1576 εἴπερ
3190 1506 3386 1576 πέπλῳ
3419 1507 3688 1578 λαμπρῷ,

2106 1595 2202 1648 καὶ
2225 1594 2431 1666 φαεινῷ
2462 1597 2756 1662 στίλϐοντι,
2808 1597 2906 1651 καὶ
2949 1596 3114 1652 καλὸν
3142 1598 3323 1668 ἠέλιος
3353 1599 3432 1662 ῶς
3463 1617 3690 1671 μαρμα-

2109 1684 2382 1756 ρύσσοντι,
2435 1685 2610 1755 ῥύπου
2643 1688 2745 1757 μὲν
2798 1688 2938 1751 ὅλως
2964 1688 3139 1753 οὐδὲν,
3196 1689 3418 1762 ἀμυχὴν
3473 1693 3532 1746 δέ
3565 1685 3704 1751 τιναί

2111 1777 2373 1849 βραχεῖαν
2402 1779 2434 1849 ἢ
2475 1780 2680 1844 κόνεως
2711 1781 3040 1851 ἐπιφόρησιν
3073 1781 3227 1847 ίδὼν,
3253 1783 3314 1836 οὐ
3339 1785 3580 1853 φορητὸν

2113 1835 2260 1939 "pia;
2291 1869 2352 1924 τδ
2383 1835 2950 1941 π’ρεγμαξάλλὲκᾏιί
2968 1871 3031 1926 τδ
3069 1835 3243 1944 βραχύ
3266 1835 3560 1927 gaza
3590 1835 3716 1927 ,ετ

432 1940 726 2034 διὰ
761 1944 855 1999 τὸν
881 1945 1094 2004 δίκαιον
1124 1950 1340 2022 κριτὴν,
1373 1951 1774 2022 φιλανθρώπως
1801 1953 1889 2008 διὰ
1909 1954 2008 2021 τὸν
2041 1947 2082 2004 Β
2115 1961 2285 2032 μηδὲν
2312 1940 2462 2029 ἀξιον
2489 1961 2648 2031 λόγου
2679 1963 2954 2031 ἀκοσμίαν
2985 1964 3050 2016 οὐ
3070 1940 3294 2034 μικρὰν
3339 1963 3434 2018 τοῦ
3471 1964 3688 2020 πέπλου

432 2032 837 2105 φιλάνθρωπον,
874 2039 1068 2110 πρᾴως
1093 2040 1150 2094 δὲ
1175 2042 1263 2096 διὰ
1289 2043 1388 2114 τὴν
1416 2043 1854 2116 αὐτοπρᾳότητα.
1880 2045 2009 2100 Συν-

431 2124 674 2179 δυσωπεῖ
694 2127 753 2182 δὲ
789 2129 964 2184 ταῦτα
1001 2133 1096 2186 καὶ
1125 2133 1287 2197 αὐτὸς
1313 2136 1341 2188 6
1367 2135 1698 2203 τιμιώτατος
1731 2135 2030 2206 καθηγού-,

435 2233 598 2284 μενος
639 2219 744 2288 τῆς
765 2219 862 2275 τοῦ
889 2221 1284 2294 φιλανθρώπου
1331 2225 1586 2296 Σωτῆρος
1631 2225 1819 2295 μονῆς,
1855 2225 2009 2294 φίλος

435 2327 531 2381 μοι
553 2311 692 2383 ἀνὴρ
711 2313 808 2368 καὶ
837 2314 1012 2382 φίλων
1043 2316 1302 2370 ἀπάντων
1330 2317 1359 2370 6
1389 2315 1688 2386 βέλτιστος,
1713 2316 1774 2370 δν
1801 2318 1865 2371 ὲκ
1893 2335 2012 2372 και-

433 2401 534 2471 νῆς
565 2404 804 2472 ποιμένα
837 2403 918 2475 τῷ
945 2405 1144 2460 ἑαυτοῦ
1174 2407 1459 2477 σεϐασμίῳ
1497 2410 1734 2480 ποιμνίῳ
1773 2424 2010 2477 περιπε-

436 2492 662 2563 ποίηται
687 2496 716 2549 6
742 2495 1142 2568 φιλάνθρωπος,
1177 2498 1288 2554 τῶν
1329 2499 1437 2570 πρὸ
1479 2500 1645 2554 αὐτοῦ
1690 2501 2011 2571 καινότερον

435 2583 802 2656 δκλεξάμενος
841 2587 1071 2660 ὲπιλογῇ
1120 2588 1409 2660 βασιλικῆς
1442 2590 1789 2660 διακρίσεως.
1820 2590 2011 2664 Τούτῳ

441 2677 753 2748 συνδέομαι,
787 2679 864 2741 ὡς
895 2677 964 2734 ἂν
1018 2681 1286 2755 περιέπῃς
1333 2682 1428 2737 τὸν
1477 2686 1721 2755 παρόντα
1775 2684 2011 2756 μοναχὸν

437 2768 533 2821 καὶ
559 2768 629 2822 τά
648 2768 750 2838 τῆς
774 2769 950 2841 μονῆς
971 2787 989 2803 ο
1017 2771 1110 2825 καὶ
1143 2773 1321 2841 γένοιο
1353 2772 1503 2840 δεξιά
1533 2777 1632 2843 τῆς
1652 2775 2013 2845 ἡγουμενείας

440 2859 648 2930 ταύτης
710 2863 880 2934 ἀρχὴ,
944 2866 1041 2918 καὶ
1075 2865 1280 2931 δείξαις
1306 2865 1583 2921 κάνταῦθα
1619 2866 1679 2921 τὸ
1707 2867 1799 2920 σὸν
1839 2883 2014 2936 μεγα-

438 2954 731 3022 λοπρεπές.
763 2957 864 3026 Είη
893 2952 987 3012 οὖν
1017 2958 1150 3030 ἡμῖν
1196 2957 1514 3013 τοεντεῦθεν
1564 2959 1759 3029 μαθεῖν
1805 2958 2010 3028 ἀγαθά.

438 3047 574 3101 Ποῖα
601 3047 776 3103 ταῦτα
802 3065 818 3116 ;
849 3047 962 3120 Τὴν
993 3051 1092 3120 σὴν
1119 3050 1356 3122 ὑγίειαν,
1387 3051 1484 3123 τὴν
1508 3051 1766 3111 ἀλυπίαν.
1794 3051 1895 3122 τὴν
1919 3052 2014 3104 ἐπὶ

437 3144 554 3206 τοῖς
581 3141 684 3196 ἀνά
711 3143 871 3213 χεῖρα
901 3143 1197 3212 πρακτέοις
1235 3144 1334 3200 σὺν
1361 3144 1480 3215 Θεῷ
1529 3144 1712 3200 εὔοδον
1761 3145 2008 3216 πρόοδον,

440 3233 540 3289 καὶ
566 3233 659 3289 ἐπὶ
687 3237 825 3290 πᾶσι
875 3234 935 3290 τὸ
983 3236 1303 3307 ἔμπρακτον
1348 3236 1452 3308 τῆς
1485 3237 1764 3308 ἡμετέρας
1807 3237 2014 3306 ταύτης
2040 3281 2084 3341 c

439 3328 683 3401 γραφῆς.

511 3512 868 3572 Πανσέσαστέ
913 3535 1004 3588 μοι
1043 3517 1273 3587 αὐθέντη
1297 3534 1311 3548 ·
1348 3519 1396 3571 εί
1429 3519 1524 3572 καὶ
1557 3517 1704 3588 μίαν
1728 3518 2016 3587 χελιδόνα

439 3607 527 3679 μὴ
577 3608 773 3665 ποιεῖν
821 3607 930 3679 ἔαρ
958 3609 990 3680 ἡ
1023 3609 1295 3680 παροιμία
1325 3611 1510 3680 φησὶν,
1557 3608 1675 3664 ἀλλ’
1715 3609 1850 3678 ἡμῖν
1878 3611 1912 3679 ἡ
1947 3609 2015 3678 σὴ

447 3704 548 3772 μία
601 3700 849 3774 χελιδὼν,
887 3701 950 3755 τὸ
1006 3700 1180 3772 βραχὺ
1229 3702 1553 3767 ἐπιστόλιον,
1598 3701 1704 3773 ἔαρ
1754 3702 1814 3754 ὲν
1865 3701 2017 3771 αὐτῷ

445 3795 674 3865 χειμῶνι
705 3793 993 3865 ὑπήνοιξεν
1022 3793 1254 3865 ἡδονῆςο
1299 3793 1544 3862 χελιδὼν,
1583 3792 1708 3846 οὐτε
1753 3792 2016 3863 στωμύλα

447 3885 804 3952 κωτίλλουσα,
831 3883 950 3938 ἀλλ’
978 3885 1100 3938 οὐδὲ
1128 3884 1240 3964 μὴν
1283 3885 1378 3938 τὸν
1424 3881 1610 3955 Τηρέα
1663 3884 2020 3953 περιτραυλί-

448 3973 618 4039 ζουσα
643 3975 738 4027 καὶ
775 3975 872 4043 τῆς
899 3974 1108 4028 ἐκείνου
1136 3974 1581 4046 παρατρώγουσα
1611 3973 1857 4045 κλήσεως
1891 3977 2018 4045 (κα-

449 4067 628 4134 θάπερ
673 4066 884 4128 ἐκεῖνος
927 4064 1030 4136 τὴν
1078 4065 1181 4136 τῆς
1221 4083 1353 4120 ποτε
1392 4065 1685 4137 ἀνθρώπου
1725 4065 2021 4133 Χελιδόνος

448 4154 697 4224 γλῶτταν
747 4153 1201 4225 ὲκαινοτόμησε)·
1235 4155 1408 4227 μικρά
1445 4157 1502 4210 δὲ
1535 4155 1887 4226 φθεγγομένη
1925 4157 2021 4209 καὶ

447 4247 606 4318 τορά,
640 4247 739 4300 καὶ
786 4245 870 4315 (τὸ
903 4246 1024 4301 ὅλον
1055 4247 1249 4320 είπεῖν)
1276 4249 1411 4318 ἡμῖν
1445 4248 1724 4319 προσφυῆ,
1755 4249 1906 4314 ὅπως
1954 4247 2023 4302 ἂν

451 4338 547 4394 καὶ
586 4339 719 4411 ἔχῃς
747 4338 939 4408 νοῆσαι
967 4339 1026 4393 τὸ
1054 4339 1390 4410 προσφυὲς,
1421 4341 1531 4396 εἴτε
1563 4342 1651 4396 διὰ
1694 4342 1756 4395 τὸ
1786 4342 1877 4413 ρὰ,
1910 4343 2023 4396 εἴτε

448 4431 539 4487 διὰ
589 4432 651 4485 τὸ
691 4431 802 4487 τῶν
843 4431 938 4486 τοῦ
975 4433 1228 4498 σώματος
1268 4433 1652 4506 διαστημάτων
1692 4434 2019 4505 μικροφυές.

461 4523 605 4577 ⁹Ἀλλ’
638 4524 950 4594 έπίπεμψον
983 4527 1116 4596 ἡμῖν
1154 4527 1250 4579 καὶ
1281 4526 1474 4596 ἑτέραν
1501 4525 1768 4597 χελιδόνα,
1802 4527 1897 4580 καὶ
1920 4521 2021 4580 αὖ·

2110 2053 2406 2122 νομίζειεν.
2448 2055 2681 2122 Ἐγνως,
2711 2053 2740 2107 ὃ
2767 2052 3030 2122 βούλομαι
3051 2053 3254 2122 λέγειν.
3281 2053 3359 2108 Οὐ
3397 2053 3686 2125 βούλομαι,

2109 2142 2348 2211 αὐθέντη
2389 2143 2665 2213 Κομνηνὲ,
2725 2141 2813 2210 ἐφ’
2850 2141 2998 2195 οὕτω
3054 2141 3272 2212 μεγάλη
3321 2143 3557 2213 σπουδῇ,
3600 2144 3690 2198 ὅτε

2109 2234 2304 2301 καιρὸς
2336 2234 2578 2305 ἀγωνίας
2610 2233 2794 2304 (εἴπερ
2826 2231 3003 2303 ποτὲ),
3035 2233 3126 2287 ὅτε
3157 2232 3309 2294 ὃλαις
3357 2235 3552 2304 χερσὶν
3600 2235 3693 2289 ἀνα

2111 2325 2333 2381 θεκτέον
2361 2326 2469 2380 τῶν
2494 2325 2696 2397 ἔργων,
2722 2325 2822 2396 τὴν
2860 2327 3019 2397 χεῖρα
3048 2325 3270 2395 βλέπειν
3299 2325 3398 2398 τὴν
3430 2327 3534 2396 σὴν
3555 2327 3695 2381 ἀπο·

2109 2417 2449 2488 κάμνουσαν.
2477 2417 2588 2472 Καὶ
2617 2417 2850 2488 βραχεῖα
2891 2417 2994 2486 μὲν
3031 2417 3230 2488 (είποις
3263 2415 3354 2488 ἂν)
3405 2418 3440 2486 η
3495 2418 3692 2487 ἀργία.

2109 2509 2224 2564 Καὶ
2273 2508 2380 2578 γὰρ
2420 2509 2511 2580 (νὴ
2541 2509 2668 2572 τοὺς
2719 2508 2938 2578 λόγους)
2990 2509 3328 2580 ὴλήθευσας.
3378 2508 3524 2562 Ἀλλ’
3568 2510 3696 2580 ἐμοὶ

2115 2601 2262 2672 μέγα
2289 2601 2352 2654 τὸ
2379 2603 2633 2672 πταῖσμα
2653 2613 2670 2630 ’
2728 2596 2887 2672 οἶμαι
2913 2600 2982 2666 δ’,
3031 2600 3116 2654 ὅτι
3143 2602 3240 2656 καὶ
3269 2601 3374 2655 σοί.
3413 2601 3574 2654 Οὕτω
3598 2601 3696 2656 καὶ

2111 2691 2402 2760 ἀλείπτης,
2444 2689 2571 2745 ίδὼν
2608 2689 2702 2743 τὸν
2748 2687 3162 2760 γυμναζόμενον
3202 2689 3290 2758 ἐφ’
3328 2690 3392 2744 ἓν
3426 2707 3480 2742 τι
3533 2689 3696 2760 βῆμα

2113 2783 2277 2848 ποδὸς
2309 2784 2344 2855 ἢ
2378 2783 2475 2838 καὶ
2497 2783 2681 2856 χειρὸς
2713 2783 2980 2838 ἀνάτασιν
3018 2784 3214 2837 ἑαυτὸν
3251 2783 3352 2837 οὐκ
3398 2783 3696 2854 εὐρύθμως

2116 2875 2486 2938 συντείνοντα,
2515 2877 2565 2930 εί
2604 2874 2684 2946 μὴ
2732 2873 2940 2945 ἔργοις,
2981 2873 3163 2942 λόγοις
3205 2873 3252 2928 δ’
3277 2873 3371 2928 οὖν
3414 2875 3518 2928 οὐκ
3548 2875 3697 2943 ἀγα-

2115 2965 2231 3030 θοῖς
2256 2967 2546 3038 ἀμείϐεται
2567 2966 2661 3022 τὸν
2683 2965 3142 3036 ὑπαλειφόμενον.
3187 2964 3392 3030 Μάθοις
3421 2965 3467 3018 δ’
3504 2964 3574 3020 ἂν
3603 2964 3696 3019 καὶ

2116 3058 2448 3130 στρατηγὸν,
2478 3059 2581 3113 κᾶν
2602 3057 2698 3112 ἐπὶ
2723 3058 2896 3129 βραχὺ
2922 3058 3014 3112 τὸν
3039 3057 3399 3128 στρατιώτην,
3439 3056 3499 3108 ὃν
3525 3055 3696 3120 αὐτὸς

2116 3150 2333 3220 ἀλείφει
2370 3151 2509 3220 πρὸς
2544 3149 2804 3220 πόλεμον,
2859 3148 3317 3214 ἀπονυστάξαντα
3355 3147 3523 3219 μάθῃ,
3557 3165 3696 3216 σφο-

2115 3243 2259 3314 δρῶς
2290 3241 2458 3297 αὐτοῦ
2493 3241 2944 3312 καθικνούμενον.
2975 3271 3048 3284 -—
3081 3241 3191 3296 Καὶ
3219 3241 3288 3295 τὰ
3319 3242 3418 3311 μὲν
3447 3240 3698 3310 ἡμέτερα

2115 3333 2368 3390 τοιαῦτα.
2405 3335 2498 3389 Σοὶ
2525 3334 2584 3388 δὲ
2621 3330 2682 3389 εὖ
2713 3335 2944 3404 γένοιτο,
2967 3334 3159 3404 ὅτιπερ
3179 3332 3519 3403 εὐαισθήτως
3546 3331 3699 3402 ἔχεις

2121 3428 2344 3496 σαυτοῦ,
2377 3428 2475 3484 καλ⁴
2499 3430 2598 3482 ἐπὶ
2631 3429 2894 3491 τοιούτοις
2931 3427 3100 3497 δάκνῃ
3131 3425 3231 3496 τὴν
3250 3423 3450 3495 ψυχὴν,
3477 3425 3574 3478 καὶ
3606 3441 3699 3478 κα-

2119 3520 2524 3591 θυπεμφαίνεις
2569 3522 2692 3585 ταῖς
2731 3519 3010 3580 τοιαύταις
3050 3518 3275 3588 ἀρχαῖς,
3320 3515 3480 3570 ὁποία
3528 3531 3617 3569 σοι
3641 3517 3699 3577 ἐς

2118 3613 2482 3682 τομετέπειτα
2509 3613 2542 3683 ἡ
2570 3612 2753 3684 ἀγαθὴ
2791 3611 2891 3683 τῆς
2932 3611 3112 3681 ψυχῆς
3169 3609 3377 3663 ὲσεῖται
3445 3605 3699 3678 προσαύ-

2121 3705 2294 3776 ξησις.

2855 3793 2959 3850 ιΒο.

2192 3881 2270 3946 Εὐ
2303 3905 2396 3958 μοι
2425 3887 2527 3959 τῆς
2555 3886 2769 3958 ἡμέρας
2798 3887 3023 3956 ταύτης,
3053 3883 3290 3954 αὐθέντη
3327 3882 3700 3947 πανσέδαστε,

2122 3982 2246 4036 καθ’
2296 3982 2365 4051 ἢν
2399 3981 2462 4034 τὸ
2509 3979 2602 4034 σὸν
2652 3978 2892 4050 γράμμα
2934 3979 3296 4048 κεκόμισμαι*
3345 3976 3411 4029 εὖ
3465 3993 3561 4047 μοι
3603 3976 3704 4047 τῆς

2135 4073 2585 4134 Ῥοδοδακτύλου.
2634 4071 2759 4127 καθ’
2789 4071 2857 4142 ἢν
2899 4071 3173 4141 εὐήμερςν
3237 4071 3372 4140 ἡμῖν
3407 4068 3704 4137 ὐτπιύγασε

2128 4166 2374 4237 μήνυμα,
2411 4165 2681 4235 ὑγιαίνειν
2722 4164 2823 4232 τὴν
2853 4164 2954 4232 σὴν
2977 4160 3286 4233 ἀντίληψιν.
3325 4162 3439 4215 Καὶ
3491 4162 3706 4215 ἐπανα-

2124 4257 2324 4322 τέλλοι,
2339 4255 2445 4310 Θεὲ
2466 4257 2664 4327 σῶτερ,
2689 4256 2822 4324 ἡμῖν
2849 4255 3021 4324 συχνὰ
3046 4253 3108 4306 τὸ
3125 4252 3337 4306 τοιοῦτο
3356 4251 3586 4321 ἀγαθὸν,
3609 4252 3706 4306 καὶ

2124 4347 2469 4412 διασκεδάξοι
2499 4349 2684 4401 πᾶσαν
2715 4347 2816 4418 τὴν
2837 4347 2903 4400 ὲκ
2926 4345 3105 4416 λύπης
3137 4344 3377 4417 ζοφερὰν
3397 4344 3704 4405 ἐπισύσταο

2127 4457 2236 4500 σιν.
2275 4437 2630 4508 ’Υγιαίνομεν
2656 4437 2807 4502 ’τέως
2836 4438 2933 4498 καὶ
2983 4437 3171 4507 ἡμεῖς.
3220 4435 3509 4505 χαίροντες
3550 4465 3626 4476 -
3653 4434 3705 4488 εἰ

2125 4531 2229 4603 μὲν
2261 4532 2353 4585 ἐπὶ
2374 4533 2488 4592 τοῖς
2526 4529 2650 4584 καθ’
2689 4531 2838 4600 ἡμᾶς
2885 4529 3162 4599 νομίσαις,
3207 4527 3350 4598 οὐχί·
3411 4526 3596 4596 μόνοις
3621 4525 3702 4587 δὲ,

451 4615 536 4678 οις
563 4615 730 4686 ἄλλην
748 4627 768 4648 ⁸
791 4615 891 4672 καὶ
913 4615 1138 4685 ποίησον
1157 4618 1292 4688 ἡμῖν
1319 4617 1412 4672 τδν
1436 4617 1680 4671 οἰκίσκον
1697 4647 1771 4658 --
1788 4618 1848 4671 οὖ
1875 4617 2021 4686 λέγω
2055 4615 2099 4670 D
2127 4619 2210 4686 οἷς
2231 4623 2616 4694 τροπαιουχεῖν
2639 4620 2732 4674 τὸν
2763 4621 3027 4690 κραταιὸν
3053 4619 3149 4673 καὶ
3179 4618 3336 4685 ἅγιον
3367 4617 3526 4686 ήμῶν
3553 4616 3707 4686 βασι-

450 4705 736 4776 χελιδόνων
771 4709 1000 4777 μουσεῖα
1031 4708 1356 4781 (μαινοίμην
1401 4709 1512 4781 γὰρ
1564 4709 1676 4780 ἂν),
1709 4710 1846 4762 ἀλλὰ
1893 4727 2026 4780 μου-

451 4800 613 4854 σείων
645 4800 923 4870 ἄντικρυς,
973 4801 1070 4854 καὶ
1098 4800 1339 4869 ἀηδόνων
1368 4799 1598 4871 λόχμην,
1629 4800 1662 4871 ἢ
1704 4803 1868 4870 νῆσον
1910 4802 2029 4855 Σει-

452 4891 656 4960 ρήνων,
683 4889 717 4959 η
748 4890 1094 4958 καταγώγιον
1123 4890 1418 4960 ὀρφανικόν
1439 4904 1452 4919 ·
1486 4890 1562 4953 ὡς
1589 4890 1658 4944 ἂν
1683 4890 1826 4944 οὑτω
1854 4892 1945 4944 καὶ
1967 4891 2029 4944 τὸ

450 4983 552 5053 ἔαρ
591 4982 866 5053 σταθηρὸν
911 4983 1165 5056 ποιήσῃς,
1200 4985 1296 5038 καὶ
1331 4983 1396 5053 δὴ
1424 4983 1520 5039 καὶ
1559 4983 1617 5046 ἐς
1649 4982 1808 5055 θέρος
1840 4983 2029 5054 τερψι-

451 5073 623 5143 θυμον
653 5074 1132 5143 παραγγείλωμεν.
1167 5075 1327 5128 Ποῖον
1353 5076 1528 5129 ἐκεῖνο
1553 5091 1570 5142 ;
1607 5075 1718 5138 Τὰς
1745 5076 1840 5129 ἐπὶ
1867 5078 1932 5146 τῇ
1959 5079 2026 5147 σῇ

453 5162 808 5236 πανσεσάστη
844 5163 1086 5236 ὑπεροχῇ
1137 5165 1381 5235 χρηστὰς
1441 5165 1684 5234 ἐλπίδας,
1719 5167 1786 5228 6.;
1817 5166 1913 5221 καὶ
1946 5169 2027 5232 είς

449 5253 607 5317 τέλος
635 5255 835 5324 ἀγάγοι
856 5255 986 5318 Θεὸς
1012 5258 1078 5326 τῇ
1113 5255 1279 5310 αὐτοῦ
1314 5256 1519 5326 χάριτι.

1187 5345 1292 5402 IA'.

537 5437 777 5502 Ἐκεῖνος
807 5438 992 5503 αὐτὸς,
1030 5440 1267 5508 αὑθέντη
1319 5439 1596 5511 Κομνηνὲ,
1630 5441 1658 5493 6
1702 5441 2029 5512 διακονήσας

450 5529 530 5603 τῷ
552 5533 656 5600 τῆς
683 5530 948 5599 ἀγγελίας
974 5549 1066 5602 μοι
1097 5533 1430 5604 σκυθρωπῷ,
1468 5533 1762 5604 εὐάγγελος
1794 5534 2027 5604 γίνεται,

451 5625 545 5677 καὶ
571 5621 830 5677 λελῦσθαί
876 5639 960 5675 σοι
996 5624 1096 5693 τὴν
1142 5624 1351 5693 μέμψιν
1401 5624 1620 5696 μηνύει,
1654 5626 1745 5679 καὶ
1802 5625 1902 5696 τὴν
1928 5626 2030 5695 τῆς

455 5718 663 5786 μικρᾶς
688 5716 906 5786 ἐκείνης
923 5714 1291 5779 ἀναπτώσεως
1313 5717 1683 5787 ἀπαλειφῆναι
1701 5719 1936 5790 γραφὴν,
1961 5719 2028 5782 ἢν

454 5809 773 5880 ἐγράψαμεν
795 5812 860 5865 ἀν
883 5828 942 5864 σε
973 5810 1211 5881 δριμέως
1241 5811 1370 5882 παρ’
1390 5811 1697 5882 εὐγνώμοσι
1722 5812 2025 5877 δικασταῖς,

457 5901 505 5955 εί
539 5901 614 5969 μὴ
645 5901 734 5956 τὸν
762 5903 1225 5975 ἔλεγχον-φθάσας
1257 5905 1355 5959 τὴν
1392 5903 1484 5957 τοῦ
1509 5905 1814 5976 κατηγόρου
1843 5905 2028 5974 γλῶσ-

2130 4713 2229 4768 λέα
2261 4711 2566 4782 ἀμάθομεν.
2599 4741 2670 4752 -
2699 4710 2781 4766 Τά
2801 4709 2944 4764 κατά
2967 4709 3060 4762 τὸν
3079 4706 3387 4779 ἡγούμενον
3419 4707 3707 4776 ᾠκονόμηο

2129 4823 2246 4871 ται,
2271 4805 2348 4870 ὡς
2365 4801 2434 4877 ἦν
2479 4803 2728 4859 δυνατόν’
2769 4803 2832 4856 οὐ
2860 4801 2926 4856 δι’
2973 4801 3103 4856 ἄλλο
3129 4817 3204 4867 τι,
3224 4799 3301 4862 ώς
3325 4799 3353 4851 6
3375 4797 3510 4861 Θεὸς
3538 4793 3705 4850 οἶδεν·

2129 4897 2270 4954 ἀλλά
2292 4897 2356 4953 τὸ
2395 4896 2580 4963 πλέον,
2629 4895 2718 4950 ῖνα
2763 4893 2842 4964 μὴ
2870 4893 3174 4963 πράγματα
3219 4889 3342 4961 ἔχῃ,
3367 4890 3452 4958 ἐφ’
3495 4885 3578 4952 οἷς
3605 4888 3707 4942 οὐκ

2131 4991 2325 5062 ἐχρῆν,
2354 4990 2390 5060 ἡ
2417 4989 2486 5060 σὴ
2507 4987 2819 5059 ἀντίληψις,
2843 4986 2933 5040 διὰ
2959 4985 3020 5039 τὸ
3060 4986 3169 5039 τῶν
3197 4985 3508 5038 ὑποθέσεων
3533 4982 3710 5051 ἀμφί-

2129 5084 2312 5150 λογον.
2334 5111 2405 5122 -
2447 5079 2822 5152 Προσκυνοῦσι
2854 5077 2956 5147 τὴν
2990 5075 3280 5146 ἀντίληψίν
3313 5091 3405 5128 σου
3441 5075 3539 5127 σὺν
3570 5075 3706 5142 ἡμῖν

2131 5175 2373 5238 ἀπαντες
2403 5172 2759 5243 οίὴμέτεροι,
2797 5168 3159 5240 ἐπευχόμενοι
3197 5169 3295 5240 τὴν
3324 5166 3464 5237 μετὰ
3515 5166 3710 5234 ὐγεὶας

2132 5265 2562 5337 αὐτοπρόσωπον
2638 5262 2903 5329 ἔντευξιν,
2967 5260 3069 5332 τὴν
3111 5259 3316 5324 ζῶσαν,
3363 5256 3464 5328 τὴν
3509 5256 3709 5324 γλυκει-

2137 5360 2256 5430 ράν.
2293 5389 2364 5400 -
2415 5355 2684 5425 ’Υγιαίνει
2731 5354 2829 5409 καὶ
2873 5355 2903 5407 6
2933 5353 3025 5417 σὸς
3083 5351 3301 5422 μικρὸς,
3347 5352 3377 5406 6
3437 5349 3710 5420 ἡμέτερος

2136 5451 2407 5520 μαθητής.
2440 5447 2587 5502 Ἀλλ’
2618 5445 2774 5501 οὔπω
2821 5444 2922 5515 τὴν
2951 5444 3204 5514 γλῶσσαν
3226 5442 3467 5513 έστρεψα
3492 5441 3627 5506 πρὸς
3647 5439 3710 5492 τὸ

2134 5540 2326 5610 σαφές.
2361 5535 2532 5609 Οἶμαι
2562 5538 2694 5608 γὰρ,
2744 5537 2828 5591 ὅτι
2871 5538 2963 5590 τὸν
3016 5535 3184 5589 καλὸν
3231 5535 3435 5596 ἐννοεῖς
3461 5548 3476 5562 ο
3507 5531 3601 5584 τὸν
3626 5529 3709 5582 ἔτι

2134 5632 2234 5703 μὲν
2259 5633 2422 5700 φύσει
2453 5630 2673 5701 μικρὸν,
2718 5630 2851 5699 ἡμῖν
2883 5628 2939 5682 δὲ
2992 5626 3168 5698 μέγαν
3200 5625 3478 5695 Ἰωάννην,
3508 5622 3568 5676 δν
3607 5622 3710 5675 οὐκ

2131 5725 2286 5793 ἀνίης
2319 5722 2761 5794 ἐπιγραφόμενός
2803 5737 2896 5790 μοι
2935 5718 3211 5788 μαθητήν.
3238 5717 3403 5770 Ἀλλὰ
3445 5714 3540 5770 καὶ
3563 5715 3708 5768 ἐκεί-

2131 5835 2221 5880 νος
2256 5817 2356 5886 μὲν
2413 5815 2671 5884 ὑγιαίνειν
2704 5815 2799 5867 καὶ
2831 5813 2915 5881 εἴη
2975 5809 3148 5871 οὕτως
3197 5809 3359 5880 ἔχων,
3412 5808 3508 5862 καὶ
3567 5805 3706 5875 μετά

2132 5911 2320 5977 ὑγείας
2348 5909 2560 5976 ὑψηλὴν
2587 5906 2804 5972 ἀνάγων
2837 5904 3074 5972 βλάστην
3103 5901 3205 5968 ἕως
3238 5902 3315 5967 είς
3347 5902 3574 5960 τέλειον.
3597 5896 3709 5951 Καί
