4062 6408
452 349 580 415 1271
1804 369 2193 455 ‘ADDENDA.
3566 392 3713 460 1272

433 477 606 540 ἡδέως
638 478 732 532 τὸν
763 482 862 551 τῆς
902 486 1118 555 γραφῆς
1155 487 1405 544 διάκονον
1456 491 1813 566 ἀναδέχομαι.
1865 499 2019 555 Ἐπεὶ
2044 509 2092 570 Α
2121 500 2307 565 θέντες
2339 502 2493 572 μόλις
2523 506 2831 575 γεγόναμεν
2865 506 3098 572 ἑαυτῶν,
3133 508 3228 563 καὶ
3272 510 3567 584 λαλοῦμεν,
3607 519 3718 572 καὶ

429 571 487 623 δὲ
510 573 605 626 καὶ
630 575 710 638 είς
738 578 927 646 χεῖρας
964 578 1025 631 τδ
1054 580 1292 650 γράμμα
1316 582 1538 653 λάϐοιμι
1572 588 1668 641 καὶ
1697 590 2014 659 ἀναπτύξας
2121 571 2357 663 βαδίζειν
2409 571 2629 666 ἔχομεν,
2655 571 2754 651 καῖ
2792 598 2874 661 είς
2928 601 3031 669 τὴν
3083 602 3406 674 ἀγιωτάτην
3444 571 3714 678 ,μεγάλην

428 662 719 733 διέλθοιμι,
746 667 957 734 γίνεταί
995 686 1086 739 μοι
1121 674 1265 727 κατά
1293 675 1393 745 τὴν
1430 679 1734 749 παροιμίαν
1763 682 2012 740 ἁναλλα
2116 662 2416 753 ἐκκλησίαν
2440 662 2805 759 ἀπέρχεσθαι,
2840 662 3071 746 καὶτῶν
3107 662 3281 766 αὐτῆς
3324 662 3715 758 δὲατὲολάεέξν

428 756 504 810 τὰ
552 758 662 814 τοῦ
692 759 1072 831 πράγματος⁸
1104 768 1200 821 καὶ
1232 768 1293 821 οὑ
1329 770 1492 838 μόνον
1537 774 1637 826 οὑκ
1670 774 1860 840 ἔνθους
1904 778 2007 842 ἐτι,
2114 777 2321 831 καλῶν.
2359 778 2471 848 Τὴν
2494 756 2567 833 δέ
2594 756 2701 851 σὴν
2728 784 3124 855 πανσεϐἀστην
3156 756 3400 859 κεφαλὴν
3432 791 3557 845 ἀντὶ

428 850 522 903 καὶ
569 851 889 924 ὀλιγοπότης
928 873 993 925 γε
1034 852 1174 914 εἶναι
1218 864 1533 932 μεμένηκα.
1586 866 1695 919 Καὶ
1741 862 1811 940 ἦν
1860 870 2008 933 είκὸς
2112 869 2195 933 είς
2236 870 2386 940 ἡμᾶς
2427 887 2523 923 σου
2572 850 2797 938 ἀγαθῶν
2842 850 3138 945 ἀμείψαιτο
3184 850 3407 945 ό-θεδς,
3440 876 3525 946 οἷς
3572 884 3710 949 ἀξία

425 942 487 995 τὸ
521 944 714 1009 πάθος.
748 947 904 1001 Κατά
939 950 1048 1019 γὰρ
1097 951 1190 1004 τὸν
1220 953 1315 1007 τοῦ
1371 955 1602 1025 Σοφίλου
1662 962 1745 1012 σοὶ
1797 959 1897 1030 μὲν
1943 956 2005 1014 εὑ
2110 962 2259 1015 ἐστὶν
2288 961 2427 1032 (ἐστι
2456 962 2533 1027 δὲ,
2564 958 2627 1019 οὗ
2660 964 2728 1020 ἀν
2758 942 2903 1019 εἴποι
2949 942 3055 1031 τις,
3087 968 3280 1040 καλοῦ)
3304 988 3319 1001 ⁸
3356 942 3454 1027 καὶ
3491 942 3707 1045 ῖδοιμέν

426 1034 723 1102 πράττοντι
760 1040 936 1108 χαίρω
959 1054 974 1069 ⁸
1011 1044 1061 1095 εί
1105 1043 1162 1097 δέ
1199 1048 1377 1100 σοιτά
1421 1047 1522 1114 τῆς
1560 1049 1734 1120 τύχης
1768 1051 2007 1117 ἔμπαλιν
2110 1070 2171 1107 σε
2202 1054 2417 1125 ἔχοντα,
2450 1055 2641 1128 ὥσπερ
2689 1057 2984 1129 εὐχόμεθα.
3036 1059 3198 1130 Ἡμῖν
3243 1034 3346 1134 ήδη
3396 1065 3552 1134 μέλει
3598 1034 3705 1122 καὶ

425 1126 677 1197 φέρεται,
711 1130 887 1200 μέγαν
915 1132 1075 1187 ὄκνον
1103 1134 1210 1207 ἔχω
1243 1141 1337 1193 καὶ
1368 1139 1708 1211 πεφόϐημαι.
1743 1141 2001 1197 Τοιοῦτόν

425 1235 518 1286 μοι
570 1220 759 1291 κῶμον
801 1223 1139 1294 ἐπεισήγαγε
1172 1230 1237 1299 τῇ
1286 1231 1536 1302 τραπέζῃ
1575 1232 1713 1303 τύχη
1758 1250 1843 1298 τις
1874 1234 2003 1302 φθο-

422 1310 556 1381 νερά
600 1312 1034 1387 ὑποκαθημένη·
1089 1318 1234 1373 οῦτω
1286 1338 1378 1391 μοι
1425 1322 1761 1392 ἐπεκώμασε
1793 1325 2003 1395 σφοδρά

422 1405 522 1457 καὶ
571 1405 913 1471 ἀκάθεκτοςο
960 1412 1055 1465 καί
1090 1429 1181 1481 μοι
1223 1414 1288 1466 τό
1330 1430 1387 1468 τε
1426 1415 1603 1487 στόμα
1645 1418 2001 1487 συμπιέσασα

423 1496 625 1566 ἐπέσχε
678 1500 772 1551 τοῦ
803 1501 1069 1570 ἐνεργεῖν,
1106 1508 1204 1558 καὶ
1241 1504 1341 1569 τάς
1375 1507 1566 1578 χεῖρας
1615 1511 1832 1578 παρῆκε
1858 1525 1874 1542 ⁸
1905 1511 2000 1564 καὶ

420 1587 476 1639 τί
520 1604 651 1641 ποτε
682 1590 793 1659 ἄρα
837 1593 866 1645 6
912 1592 1023 1648 τῶν
1064 1595 1338 1665 ’Δρπυιῶν
1377 1596 1627 1667 βούλεται
1677 1600 1866 1670 μῦθος,
1899 1603 2000 1656 αὑ-

418 1679 529 1741 τοῖς
552 1678 735 1749 ἔργοις
769 1699 858 1752 μοι
888 1686 1293 1757 παρεστήσατο.
1337 1688 1574 1744 Ἐκεῖναι
1604 1692 1713 1761 γὰρ
1738 1692 1801 1745 τδ
1831 1711 1999 1763 προσ-

417 1771 578 1840 τυχὸν
607 1773 1016 1845 ἀφαρπάζουσι,
1038 1780 1132 1833 καὶ⁴
1159 1780 1325 1836 αὑτοῦ
1350 1783 1554 1847 Φινέως
1573 1785 1683 1839 τῶν
1706 1803 1766 1840 τε
1795 1789 1997 1859 χειρῶν

2106 1146 2209 1214 τῆς
2257 1148 2338 1211 είς
2368 1149 2643 1219 τρυγητὸν
2685 1149 3060 1216 ἀπελεύσεως,
3082 1154 3232 1219 ὅπως
3268 1155 3336 1209 ἂν
3361 1157 3600 1227 ἔχωμεν,
3647 1160 3702 1214 εί

2108 1240 2203 1292 καὶ
2235 1238 2311 1311 μὴ
2355 1239 2563 1305 καλῶς.
2588 1241 2778 1304 Οὐδεὶς
2824 1243 2935 1314 γάρ
2971 1245 3081 1300 τῶν
3126 1246 3220 1300 τοῦ
3250 1249 3529 1320 ἡμετέρου
3564 1251 3703 1305 κελ-

2104 1327 2245 1393 λίου,
2277 1331 2428 1395 ὅστις
2468 1331 2536 1386 ἂν
2594 1333 2671 1404 μὴ
2724 1336 2841 1398 τοῖς
2896 1338 3190 1409 ἡμετέροις
3235 1341 3700 1417 κατακολουθήσῃ

2106 1419 2342 1489 ῖχνεσιν·
2399 1423 2538 1478 ἀλλά
2590 1426 2795 1490 πάντες
2842 1429 2940 1483 τοῦ
2992 1431 3160 1486 αὑτοῦ
3211 1434 3492 1505 κρατῆρος
3557 1439 3702 1507 ἡμῖν

2102 1511 2493 1584 ἐπερῤόφησαν
2514 1531 2529 1545 ⁸
2556 1508 2633 1570 ὧν
2663 1519 2713 1573 οί
2749 1519 2850 1589 μὲν
2877 1522 3076 1593 μικρόν
3104 1540 3156 1578 τι
3181 1525 3696 1599 ἀνεκουφίσθησαν,

2100 1605 2151 1660 οί
2179 1607 2236 1661 δὲ
2281 1607 2375 1661 καὶ
2407 1609 2577 1664 είσέτι
2614 1610 2964 1682 βαρύνονται,
3013 1616 3475 1686 φιλονεικοῦντες,
3515 1622 3736 1709 ἐμποοι

2099 1697 2207 1753 δὼν
2232 1700 2364 1771 ἡμῖν
2386 1703 2643 1770 γενέσθαι
2676 1704 2770 1759 τοῦ
2806 1707 2907 1777 ζῇν
2927 1724 2943 1741 ⁸
2974 1711 3023 1763 εί
3062 1712 3157 1765 καὶ
3197 1714 3364 1781 ἡμεῖς
3394 1713 3693 1789 [καρύα-1
3724 1697 3731 1723 τ

2098 1788 2307 1860 κοῦμεν
2353 1795 2447 1847 τὸν
2503 1794 2758 1860 θάνατον,
2792 1800 2889 1853 καὶ
2944 1804 3111 1857 παντὶ
3164 1806 3356 1876 τρόπῳ
3409 1808 3522 1861 τῶν
3574 1788 3695 1865 ἀνω

417 1860 518 1929 τῆς
542 1880 602 1917 τε
627 1866 909 1937 τραπέζης
944 1871 1039 1922 καὶ⁵
1065 1870 1159 1923 τοῦ
1194 1873 1462 1943 στόματος
1500 1874 1910 1948 ἀφαιρούμεναι
1935 1879 1996 1933 τὸ
2028 1877 2070 1932 Β
2098 1884 2389 1954 γινόμεθα.
2418 1885 2482 1941 Οἱ
2526 1888 2584 1943 δὲ
2636 1890 2870 1946 τοιοῦτοι
2903 1896 3000 1949 καὶ
3043 1860 3218 1960 οὕτως
3269 1860 3511 1969 ἔχοντες,

421 1955 588 2018 σῖτον,
619 1953 908 2020 ἐξίπταντο
935 1976 949 1991 ⁸
992 1962 1089 2016 καὶ
1152 1964 1201 2017 οί
1256 1963 1353 2019 τοῦ
1406 1966 1502 2020 σοῦ
1556 1968 1614 2022 δέ
1664 1970 1996 2041 γράμματος

416 2049 737 2119 πτερόεντες
770 2052 915 2107 οῦτοι
945 2052 1095 2122 λόγοι
1128 2054 1286 2111 οὐδέν
1332 2074 1383 2111 τι
1432 2061 1683 2129 κρεῖττον
1724 2061 1995 2133 Ἀρπυίας

413 2141 654 2198 διέθεντο
673 2146 741 2198 τά
772 2147 894 2202 κατ’
921 2150 1044 2218 ἐμέ.
1077 2152 1186 2206 Καὶ
1224 2148 1291 2222 ἦν
1321 2169 1413 2221 μοι
1444 2153 1602 2207 τοῦτο
1645 2155 1819 2210 κακὸν
1846 2157 1995 2211 ἀντί-

414 2235 658 2306 σταθμον
690 2240 799 2293 τῶν
846 2242 958 2297 σῶν
1009 2244 1225 2314 μυρίων
1278 2247 1483 2314 καλῶν,
1521 2246 1796 2318 βασκάνου
1848 2251 1994 2317 τινὸς

413 2330 897 2404 ἀντισηκῶσαντος
954 2338 1235 2410 δαίμονος.
1283 2342 1345 2396 '0
1395 2344 1505 2415 γάρ
1571 2363 1663 2416 μοι
1722 2347 1994 2412 πολλάκις

413 2426 858 2496 καρυκεύμασιν,
892 2428 1017 2484 οὔτε
1050 2432 1194 2503 λόγῳ
1218 2435 1431 2504 ῥητοῖς,
1461 2436 1579 2491 οὗθ’
1619 2438 1992 2496 ὑποπίπτουσι

414 2514 622 2586 μέτρῳ,
669 2516 1039 2585 διασκευάσας
1085 2523 1185 2595 τὴν
1233 2526 1540 2597 τράπεζαν,
1583 2529 1989 2603 ἀπεκόσμησάς

412 2623 519 2675 μου
591 2609 693 2681 τὴν
764 2610 1023 2682 εὐωχίαν,
1074 2615 1172 2669 καὶ
1246 2619 1479 2689 πικρίαν
1535 2625 1985 2692 κατασκευάσας,

406 2697 632 2769 ἀόρωτά
678 2718 772 2771 μοι
824 2704 1135 2775 πεποίηκας
1164 2713 1235 2762 τά
1283 2713 1384 2781 τῆς
1424 2715 1655 2786 τροφῆς.
1690 2717 1758 2771 Τί
1789 2716 1858 2772 ἀν
1892 2719 1988 2774 οῦν

405 2791 553 2862 εχοις
588 2793 823 2852 ἀκοῦσαι
851 2797 1018 2854 καλὸν
1052 2799 1113 2865 ἐξ
1160 2801 1475 2875 ἀνθρώπου,
1506 2806 1566 2870 6;
1620 2810 1823 2865 πεινῶν
1856 2811 1987 2866 ίδεῖν

294 2900 297 2903 ·
408 2900 489 2947 σε,
525 2886 621 2940 καί
667 2904 762 2942 σου
811 2890 911 2961 τὴν
939 2891 1069 2947 θέαν
1114 2894 1306 2965 διψῶν,
1331 2898 1429 2952 νῦν
1459 2898 1637 2965 ἄλλως
1658 2901 1748 2957 διά
1776 2920 1839 2958 σε
1879 2922 1984 2959 πε-

404 2977 635 3048 πείνηκέ
677 2998 739 3035 τε
781 2982 879 3037 καὶ
928 2984 1220 3056 δεδιψηκε⁸
1251 2989 1345 3043 καὶ
1392 2991 1577 3048 οὐκέτι
1625 3012 1708 3049 σοι
1751 2997 1985 3067 χάριτας

403 3072 581 3142 δφλει,
612 3076 785 3140 οὑτως
815 3077 1055 3147 ἐλλογῶν
1087 3097 1142 3135 τι
1185 3084 1300 3147 τοῖς
1326 3082 1603 3154 βρώμασι,
1630 3088 1723 3141 καὶ
1750 3088 1847 3143 νῦν
1883 3090 1985 3159 μέν

401 3160 597 3230 οὕτως,
626 3164 726 3219 νῦν
748 3166 806 3221 δέ
836 3166 1014 3230 ἄλλως
1044 3169 1460 3245 ἐπικαθήμενος
1494 3179 1609 3242 τοῖς
1634 3178 1716 3243 είς
1744 3178 1807 3234 τὸ
1838 3180 1938 3252 ζῇν
1962 3198 1978 3248 ;

402 3254 708 3325 Μέμνημαι
736 3258 847 3328 γάρ
888 3259 1058 3314 είσέτι
1104 3262 1200 3316 καὶ
1232 3263 1340 3318 τῶν
1372 3266 1579 3335 ἐφόδων
1630 3269 1857 3325 ἐκείνων
1886 3275 1983 3328 καὶ

403 3347 514 3402 τῶν
555 3348 791 3419 ζημιῶν,
820 3351 889 3416 ἀς
934 3351 1323 3427 ὑπομεμένηκέ
1366 3374 1458 3426 μοι
1513 3360 1582 3415 τά
1627 3361 1724 3417 τοῦ
1762 3362 1979 3433 ἄλσους,

402 3442 502 3497 καὶ
537 3439 627 3495 οἷα
671 3443 911 3498 πέπονθε
959 3449 1028 3500 τα
1075 3447 1247 3503 δεινά.
1291 3448 1453 3505 Ἀλλά
1501 3452 1579 3525 μὴ
1626 3454 1771 3509 οὕτω
1817 3458 1984 3528 μέχρι

402 3532 629 3597 τέλους⁸
664 3534 878 3604 γένοιτο
924 3537 981 3590 δέ
1031 3554 1124 3608 μοι
1154 3537 1320 3595 καλόν
1363 3559 1418 3596 τι
1461 3544 1678 3610 παθεῖν,
1726 3546 1822 3602 καὶ
1852 3546 1985 3616 γλυ-

404 3625 562 3691 κείας
623 3628 884 3696 ἀγγελίας
939 3630 1412 3704 ἐπισταλαχθῆναί
1467 3653 1563 3706 μοι
1617 3638 1822 3711 νέκταρ
1879 3640 1981 3709 όψέ

400 3717 590 3786 ποθεν,
614 3718 709 3789 ὑφ’
747 3714 815 3794 ἦς
845 3720 916 3775 τά
944 3722 1044 3793 τῆς
1087 3726 1316 3797 πικρίας
1373 3728 1831 3801 ἀνασταλήσεται.
1869 3734 1984 3790 Καὶ

400 3813 526 3867 τότε
555 3813 626 3869 ἂν
654 3814 852 3881 ἀνοίξω
876 3817 937 3869 τδ
971 3816 1168 3886 στόμα,
1203 3826 1300 3874 καὶ
1337 3822 1496 3893 τορὸν
1541 3824 1981 3899 ἀναφθέγξομαι.

399 3935 470 3949 --
502 3907 615 3960 Καὶ
652 3908 717 3961 σὺ
754 3908 853 3978 μὲν
904 3908 1099 3969 οὑτως.
1147 3911 1289 3964 Ἀλλ’
1328 3912 1442 3982 ἐγὼ
1491 3914 1552 3967 τὸ
1601 3916 1695 3970 σὸν
1739 3916 1873 3987 ὕψος
1918 3919 1984 3973 οὑ

397 3998 514 4060 τοῖς
563 3996 704 4060 τσοις
751 3996 1082 4067 ἀμείψομαι,
1112 4000 1251 4054 ἀλλά
1283 4001 1384 4071 τῆς
1418 4005 1650 4075 πικρίας
1697 4008 1982 4063 ἀντιδώσω

397 4090 717 4161 γλυκύτητα
741 4106 756 4122 ⁸
791 4091 889 4146 καὶ
921 4088 1039 4143 ἀνθ’
1068 4082 1145 4144 ὧν
1177 4093 1478 4164 ἐπίκρανάς
1517 4113 1608 4164 μοι
1638 4098 1703 4151 τὸ
1728 4098 1979 4169 ἄριστον,

398 4184 670 4254 γλεύκους
700 4184 982 4257 πληρώσω
1016 4203 1102 4241 σοι
1126 4187 1189 4241 τὸ
1218 4186 1476 4258 ἐστίαμα.
1511 4189 1661 4260 Ἐχω
1690 4194 1803 4264 γάρ
1832 4192 1981 4247 στεί-

396 4278 499 4340 λας
552 4276 871 4344 οίνούττας,
914 4278 1103 4349 ὀλίγας
1162 4279 1297 4348 μὲν,
1357 4279 1473 4334 ἀλλ’
1532 4282 1826 4355 ἀγαπητάς
1851 4302 1867 4319 ⁸
1914 4286 1983 4352 ἀς

396 4362 495 4421 οἷδ’
533 4366 617 4422 ὅτι
640 4366 901 4442 ἀποδέξῃ,
933 4369 992 4423 οὑ
1027 4370 1190 4439 μόνον
1212 4370 1287 4434 ώς
1316 4371 1489 4444 δῶρον
1515 4374 1809 4446 ἡμέτερον,
1842 4376 1982 4434 ἀλλά

394 4458 511 4525 καὶ,
545 4459 738 4530 ὅτιπερ
794 4459 900 4527 ἔξω
948 4460 1228 4534 καιροῦ,ἢ
1280 4464 1387 4533 πρὸ
1442 4465 1662 4536 καιροῦ.
1733 4494 1806 4511 -
1836 4468 1978 4539 Ἔμ-

395 4568 622 4621 φροντις
682 4550 759 4605 ὢν
812 4551 987 4607 ταῦτά
1058 4570 1140 4608 σοι
1206 4571 1426 4625 γραφω,
1477 4557 1830 4630 πανσεόάστη
1883 4578 1976 4630 μοι

2099 1974 2194 2028 καὶ
2213 1977 2368 2031 αὑτοὶ
2393 1983 2800 2052 προσαγορείας
2824 1984 3151 2051 ἀξιωθέντες
3179 1988 3327 2043 οὕτω
3352 1990 3691 2061 σεϐασμίας,

2096 2069 2469 2138 προσκυνοῦσι
2516 2076 2612 2125 καὶ
2642 2075 2800 2131 αὐτοὶ
2848 2079 2949 2132 σὺν
2995 2079 3128 2149 ἡμῖν
3157 2080 3250 2134 τὸν
3276 2081 3376 2153 τὴν
3407 2099 3690 2152 προσαγο-

2096 2160 2250 2230 ρείαν
2271 2162 2746 2234 διαπεμψάμενον,
2780 2168 2875 2222 καὶ
2926 2169 2998 2223 τὰ
3028 2172 3192 2240 ὅμοια
3230 2175 3685 2245 συνεπεύχονται.

2091 2281 2163 2292 -
2192 2254 2681 2328 Προσαγορεύομεν
2720 2258 2966 2324 ἆπαντες
3011 2264 3142 2327 τούς
3186 2281 3247 2319 τε
3277 2266 3493 2331 εἰδότας
3528 2269 3685 2338 ἡμᾶς

2092 2343 2303 2409 πάντας
2349 2348 2445 2400 καὶ
2487 2347 2824 2415 ἀγαπῶντας
2857 2351 2923 2406 ἐκ
2947 2353 3057 2407 τῶν
3087 2353 3188 2425 τῆς
3227 2355 3547 2426 ὑποταγῆς⁸
3578 2360 3683 2414 καὶ

2089 2434 2186 2489 τὸν
2234 2435 2521 2509 ἀγαπητὸν
2569 2438 2759 2510 κύριον
2804 2442 3077 2516 Νικήτην,
3122 2446 3216 2500 τδν
3277 2448 3391 2502 εἴτε
3437 2449 3680 2506 Λάκωνα

2090 2526 2203 2580 εἴτε
2236 2527 2463 2597 Τίμωνα
2492 2530 2564 2584 τά
2620 2549 2684 2601 γε
2732 2535 2814 2597 είς
2847 2535 3019 2605 ἡμᾶς,
3056 2537 3090 2608 ἢ
3143 2539 3614 2610 ἐπιλελησμένον·
3644 2543 3681 2614 ἢ

2088 2617 2206 2671 ἀλλ’
2250 2618 2480 2673 ἐπέλιπέ
2525 2637 2617 2691 μοι
2657 2622 2729 2676 τὰ
2775 2623 2877 2694 τῆς
2912 2625 3179 2695 κλήσεως.
3214 2627 3320 2681 Τὸν
3356 2629 3470 2698 γὰρ
3507 2631 3683 2702 συνή-

2087 2712 2215 2768 λικα
2245 2713 2301 2767 τί
2331 2713 2399 2768 ἃν
2448 2716 2778 2787 καλέσαιμι;
2820 2718 2879 2781 δς
2905 2718 2983 2782 ῶς
3026 2718 3089 2785 ἐξ
3119 2718 3368 2789 ἅρματος
3414 2720 3591 2792 βραχὺ
3624 2739 3679 2776 τι

2085 2805 2456 2877 ἀπαστράψας
2481 2807 2775 2871 ἀπέσϐεσε,
2801 2809 2897 2864 καὶ
2930 2810 3116 2864 οὑκὲτι
3146 2811 3347 2879 ἔφανεν
3374 2813 3508 2881 ἡμῖν
3542 2814 3679 2882 μιᾶς

2092 2897 2337 2964 ἀξιώσας
2360 2899 2728 2971 προσλαλιᾶς⁸
2761 2900 2821 2955 ὃν
2850 2900 3119 2971 ἀμύναιτο
3141 2903 3276 2968 Θεὸς
3304 2907 3371 2976 τῇ
3404 2906 3673 2976 στερήσει

2083 2991 2184 3060 τῆς
2221 2991 2551 3064 φιλουμένης
2579 2992 2755 3065 θήρας
2798 2993 2965 3063 αὑτῷ.
3004 2996 3115 3050 Καὶ
3148 2997 3315 3061 αὑτὸς
3349 2997 3449 3068 μὲν
3479 2999 3674 3053 αὐτόθι

2083 3082 2416 3152 πομπεύσαι,
2447 3085 2520 3140 τά
2563 3086 2695 3156 φίλα
2741 3087 2912 3142 ποιῶν
2943 3103 2958 3120 ⁸
2985 3089 3057 3144 τά
3091 3089 3149 3145 δέ
3194 3089 3429 3159 φίλτατα
3486 3091 3675 3163 πτηνά

2085 3173 2475 3243 περιδράμοιεν
2527 3176 2713 3242 αὑτὸν,
2775 3178 2836 3231 ἐν
2888 3177 3081 3248 χερσὶν
3130 3179 3308 3234 ἀλλων
3373 3181 3673 3247 πίπτοντα,

2088 3270 2186 3323 καὶ
2214 3270 2328 3333 τοῖς
2355 3270 2593 3325 ἐνταῦθα
2630 3270 2967 3342 ποριζόμενα
2994 3273 3133 3345 πρὸς
3160 3273 3449 3343 δαψίλειαν
3469 3290 3483 3305 ⁸
3514 3274 3545 3329 δ
3575 3276 3677 3331 καὶ

2086 3361 2321 3430 γίνεται.
2344 3389 2419 3403 --
2451 3361 2512 3416 '0
2539 3361 2865 3435 ίεροψάλτης
2897 3365 3137 3437 μοναχδς
3163 3365 3328 3437 χάρις
3353 3365 3453 3435 μὲν
3477 3366 3563 3420 ὅτι
3590 3368 3675 3436 τῷ

2084 3452 2235 3525 τυρῷ
2290 3444 2505 3525 φθάσας
2555 3458 2856 3527 προσεῖπεν
2900 3457 3036 3527 ἡμῖν
3077 3487 3150 3498 -
3178 3458 3367 3512 ἔκτοτε
3401 3458 3461 3511 δὲ
3494 3460 3564 3529 τῇ
3597 3462 3669 3531 σῇ

2087 3548 2183 3602 καὶ
2235 3547 2376 3620 μόνῃ
2435 3548 2724 3619 πρόκειται
2776 3549 2860 3614 είς
2920 3549 3243 3621 ἐντρύφημα
3300 3550 3669 3622 πανσεὸάστῳ

2087 3637 2329 3710 ὑπεροχῇ
2350 3667 2423 3678 -
2451 3637 2723 3711 μηδέποτε
2754 3641 3200 3713 προσαγορεύσας
3226 3643 3375 3714 ἡμᾶς
3393 3657 3408 3673 ⁸
3445 3642 3496 3696 εί
3529 3642 3676 3705 τέως

2087 3728 2185 3782 καὶ
2219 3728 2309 3801 ζῇ.

2825 3827 2925 3883 ΙΖ’.
3509 3872 3516 3879 .

2214 3915 2333 3973 Τοῦ
2365 3917 2575 3986 αὐτοῦ,
2613 3919 2938 3989 γεγονότος
2968 3918 3069 3975 ἐπὶ
3099 3919 3223 3975 τῶν
3245 3919 3545 3991 δεήσεων.

2159 4010 2347 4081 Ἔχεις
2392 4009 2526 4076 ίδοῦ,
2578 4010 2928 4065 πανσέόαστέ
2977 4029 3081 4083 μου
3130 4012 3391 4083 αὑθέντη,
3445 4013 3678 4084 πρώτην

2084 4100 2183 4172 τὴν
2210 4100 2306 4155 τοῦ
2335 4101 2633 4155 Εὑσταθίου
2661 4101 2846 4173 δέησιν
2868 4116 2885 4132 ⁸
2921 4102 3018 4156 καί
3053 4120 3139 4157 σοι
3166 4104 3471 4172 ἐγκαινίζω
3500 4106 3675 4159 εὐτυ-

2085 4191 2196 4262 χῶς
2222 4192 2283 4246 τδ
2309 4192 2585 4261 όφφίκιον.
2613 4193 2894 4263 Δεήσομαι
2924 4195 3057 4265 γὰρ,
3096 4196 3192 4249 καὶ
3241 4196 3538 4267 λυθήσεται
3572 4215 3669 4268 μοι

2082 4280 2153 4335 τά
2203 4285 2306 4354 τῆς
2360 4275 2620 4352 δεῆσεως.
2648 4283 2760 4337 Καὶ
2805 4283 2961 4339 ἔσται
3008 4284 3167 4341 τοῦτο
3197 4286 3325 4357 ἐμοὶ
3362 4286 3462 4355 μὲν
3486 4287 3672 4350 ἄλλως

2085 4373 2342 4444 χρηστὸν,
2382 4376 2449 4445 τῇ
2517 4375 2575 4428 δὲ
2629 4377 2697 4447 σῇ
2748 4376 3115 4449 πανσεδάστῳ
3175 4378 3420 4449 ὑπεροχῇ
3478 4378 3674 4443 οίωνδς

2084 4465 2310 4535 ἀγαθός.
2356 4466 2519 4521 Ἀλλά
2539 4466 2623 4529 τίς
2650 4470 2684 4539 ἠ
2720 4467 2941 4539 δέησιςς
2992 4470 3325 4541 Περιέτυχον
3379 4470 3505 4524 καθ’
3551 4471 3673 4523 666v

2084 4558 2164 4628 τῷ
2216 4557 2488 4629 καλλίστῳ
2536 4559 2855 4631 αὑταδέλφῳ
2910 4561 3011 4631 τῆς
3067 4562 3183 4634 σῆς
3215 4562 3672 4634 μεγαλυπερόχου

394 4644 630 4714 κεφαλὴ,
658 4645 753 4698 καὶ
798 4644 911 4699 οὐδ’
962 4646 1207 4716 ἐμαυτοῦ
1248 4650 1435 4719 σχεδὸν
1465 4648 1563 4705 ῶν.
1596 4651 1744 4705 Αίτῶ
1795 4653 1979 4707 τοίνυν
2014 4637 2060 4694 θ
2087 4649 2506 4721 λαμπρότητος⁸
2538 4652 2633 4705 καὶ
2680 4652 2807 4706 ἐπεὶ
2867 4653 2944 4725 μὴ
2995 4656 3329 4725 περιέργους
3366 4655 3478 4725 ἔχω
3527 4655 3670 4709 πάνυ

396 4735 752 4807 συγγνώμην,
776 4737 827 4790 εί
884 4738 1026 4809 μήτε
1082 4740 1433 4811 μακρολογῶ,
1467 4743 1604 4813 μήτε
1651 4744 1977 4815 καλλιλογῶ.

406 4830 962 4901 Ἀντιπροσαγορεύω
989 4832 1082 4885 τὸν
1106 4833 1315 4903 ὅμοιον.

1132 4924 1250 4992 ις’.

480 5015 739 5085 Ἀρκετδν
784 5017 917 5085 ήμῖν
969 5019 1048 5079 είς
1092 5018 1155 5071 τὸ
1188 5015 1247 5074 εὖ
1291 5019 1458 5089 ἔχειν,
1489 5021 1836 5076 πανσέὸαστέ
1873 5040 1979 5093 μου

397 5104 658 5176 αὑθέντη,
689 5107 749 5159 τὸ
783 5106 955 5171 οὕτως
1003 5110 1061 5162 ἐν
1097 5109 1292 5182 μνήμῃ
1328 5112 1543 5166 κεῖσθαι
1580 5114 1711 5184 περὶ
1742 5117 1849 5180 σοὶ,
1882 5113 1981 5168 καὶ

396 5198 559 5267 λόγου
619 5201 912 5270 τυγχάνειν
962 5203 1219 5255 τοσούτου
1244 5218 1258 5233 ⁸
1310 5203 1339 5256 ὃ
1388 5203 1453 5275 δὴ
1494 5205 1589 5259 καὶ
1644 5206 1823 5270 ἄλλως
1880 5207 1982 5276 μὲν

398 5292 766 5362 ἐγνωσμένον,
816 5295 1103 5363 παραστάν
1142 5295 1200 5349 δὲ
1257 5297 1353 5350 καὶ
1409 5297 1538 5368 ἀρτι
1592 5298 1682 5352 διὰ
1733 5299 1980 5371 γραφῆς,

398 5382 711 5453 ἀνασφῆλαι
746 5385 845 5453 τῆς
867 5386 1026 5439 νόσου
1084 5387 1388 5459 πεποίηκεν
1434 5391 1585 5460 ἡμᾶς
1632 5392 1729 5445 καὶ
1775 5391 1978 5445 ἀνακο-

404 5477 668 5547 μισθῆναι
716 5477 911 5549 μικρόν
941 5494 995 5531 τι
1031 5478 1155 5532 ὅσον
1185 5480 1277 5532 ἐπὶ
1305 5480 1373 5533 τὰ
1409 5482 1675 5551 πρότερα.
1710 5480 1978 5547 Γίνωσκε,

395 5570 477 5634 ὡς
503 5567 656 5623 οὔπω
688 5569 851 5640 μέχρι
883 5568 979 5621 καὶ
1012 5571 1253 5639 σήμερον
1278 5572 1580 5641 ἀκραιφνὲς
1614 5573 1748 5643 ἡμῖν
1787 5573 1847 5625 τὸ
1880 5573 1981 5641 τῆς

402 5661 593 5730 ὑγείας
623 5659 1007 5729 ἐπεμειδίασεν
1052 5660 1260 5727 ἀγαθόν
1284 5675 1300 5690 ⁸
1329 5661 1453 5714 οὑδέ
1480 5662 1550 5715 τά
1576 5663 1686 5716 τῶν
1717 5663 1980 5733 κυμάτων

398 5753 830 5823 κατεστόρεσται
869 5752 1069 5816 τέλεον,
1106 5750 1230 5805 οὐδὲ
1274 5753 1303 5804 6
1349 5753 1559 5823 χειμὼν
1608 5756 1688 5817 είς
1718 5754 1819 5824 ἔαρ
1854 5756 1981 5824 ἐγα-

398 5843 678 5913 ληνίασεν.
722 5845 1034 5917 Ἀγαπητὺν
1079 5845 1157 5915 δὲ,
1197 5846 1280 5901 ὅτι
1318 5845 1414 5900 τοῦ
1452 5847 1624 5900 κακοῦ
1657 5847 1977 5919 ἐπανακλη-

2085 4741 2213 4805 τοὺς
2256 4740 2590 4811 ὀφθαλμοὺς,
2620 4741 2800 4807 ἄλλως
2833 4760 2893 4797 τε
2941 4745 3037 4797 καὶ
3074 4744 3163 4797 ἐπ’
3214 4744 3544 4816 ὲρισφαλοῦς
3576 4747 3668 4816 βα·

2084 4833 2248 4898 δίζων
2275 4834 2418 4900 ὁδοῦ,
2448 4834 2549 4888 οὑκ
2596 4834 2756 4906 ἔσχον
2812 4835 3316 4908 ἐξακριϐώσασθαι,
3358 4836 3435 4901 ώς
3480 4839 3593 4910 ἀρα
3643 4841 3669 4892 6

2086 4924 2374 4987 κάλλιστος
2419 4925 2729 4996 ἀνθρώπων
2766 4927 2857 4996 εῐη
2911 4930 2939 4980 6
2999 4928 3235 4992 Δούκας,
3275 4928 3339 4982 τὸ
3388 4929 3488 5000 τῆς
3541 4930 3668 4984 ὁδοῦ

2084 5018 2291 5085 ἀγαθόν
2330 5032 2422 5087 μοι
2451 5017 2790 5088 συνάντημα.
2832 5018 3136 5090 Ἐπλάνησε
3167 5019 3226 5074 δέ
3253 5036 3325 5088 με
3360 5020 3455 5074 καὶ
3480 5022 3544 5075 τὸ
3567 5021 3669 5091 τῆς

2086 5109 2319 5180 προόδου
2378 5110 2709 5179 ἀπέριττον
2753 5106 2836 5174 εἷς
2889 5109 2999 5181 γὰρ
3062 5112 3162 5165 καὶ
3233 5111 3399 5180 μόνος
3452 5111 3666 5165 ἐκείνου

2084 5199 2381 5270 προώδευε,
2401 5201 2496 5253 καὶ
2519 5201 2726 5262 ἐκεῖνος
2756 5201 2821 5254 ἐκ
2847 5200 3067 5271 μακροῦ
3089 5201 3461 5273 διαστήματος
3478 5221 3493 5235 ·
3523 5200 3669 5256 ὥστε

2084 5293 2240 5359 ἔδοξά
2298 5310 2426 5349 τινα
2456 5291 2597 5349 εἶναι
2626 5294 2736 5347 τῶν
2780 5294 2910 5366 ἄρτι
2954 5294 3522 5365 λαμπρειμονούντων
3577 5294 3670 5348 δ;ἀ

2083 5387 2185 5456 τὴν
2232 5386 2332 5455 τῆς
2374 5385 2591 5456 ἡμέρας
2640 5385 2999 5458 φαιδρότητα.
3043 5387 3210 5440 Ὅθεν
3246 5390 3342 5440 κοιλ⁸
3386 5386 3670 5458 παρῆλθον

2086 5478 2248 5530 αὑτὸν
2282 5478 2739 5548 ἀπροσφώνητον,
2766 5477 2943 5549 βραχύ
2970 5496 3022 5533 τι
3054 5478 3131 5543 ὡς
3164 5481 3240 5550 μὴ
3275 5480 3669 5548 γινωσκομέντμ

2083 5569 2370 5633 ἐπικλίνας
2398 5568 2500 5639 τὴν
2522 5568 2788 5641 κεφαλὴν,
2822 5572 2919 5623 καὶ
2945 5569 3022 5634 ὼς
3050 5570 3319 5641 ἀλλοτρίῳ
3353 5568 3670 5639 ἀφοσιωσά-

2085 5678 2248 5731 μενος
2275 5662 2374 5730 τὴν
2411 5660 2805 5730 προσκύνησιν.
2848 5663 3004 5715 Ἐπεὶ
3044 5663 3101 5715 δὲ
3129 5658 3243 5731 εἶχέ
3277 5678 3347 5730 με
3390 5661 3453 5713 τὸ
3487 5659 3670 5731 βραχὺ

2085 5756 2182 5825 (ὡς
2230 5754 2393 5818 αὐτὸς
2443 5753 2511 5807 ἂν
2558 5753 2798 5825 εἰπης)ό
2835 5755 3030 5825 μικρὸς
3084 5755 3216 5824 ἐμὸς
3271 5754 3540 5819 οίκίσκος,
3570 5752 3671 5807 καὶ

2084 5842 2379 5916 ἀνεκλίθην
2408 5845 2822 5916 ὲπιτραπέξιος,
2856 5847 2952 5901 καὶ
2992 5845 3095 5917 ήδη
3118 5847 3213 5901 καὶ
3238 5847 3272 5917 ἡ
3304 5846 3427 5916 χεὶρ
3456 5845 3537 5909 είς
3562 5844 3672 5917 τὴν
