4062 6416
364 397 503 455 ιιιῖί

1175 405 1594 469 EUSTATIIH
1636 407 2394 476 TIIESSALONICENSIS
2431 413 2846 481 EPLSTOLAI.

3484 408 3613 475 1274

359 514 681 582 μαγειριταν
707 516 997 580 ἐϐάπτετο,
1035 520 1133 573 καὶ
1163 521 1213 574 οί
1240 521 1494 592 ὄρτυγες,
1536 525 1631 589 οὓς
1658 527 1925 598 ἐξηγορα-
1961 538 2004 592 Α
2036 529 2133 581 καὶ
2177 528 2306 601 περὶ
2356 529 2529 583 ιιέστιν
2558 547 2663 582 που
2700 530 2802 599 τὴν
2828 527 2947 582 ὁδὸν
2993 528 3092 592 τῆς
3129 526 3382 589 πτήσεως
3413 527 3614 578 παύον-

359 603 537 674 σάμην
576 622 679 667 σοι,
714 609 1112 679 ἐπτερύσσοντο
1160 614 1301 668 κατά
1349 616 1445 686 τῆς
1498 617 1801 687 τραπέζης,
1830 621 1926 675 καὶ
2034 636 2145 673 ται.

358 697 513 761 αὐτὸς
557 699 793 753 ἐνταῦθα
843 703 871 755 0
921 702 1126 767 σπανδς
1182 704 1435 777 Ἰωάννης
1467 707 1544 771 ὡς
1592 709 1653 774 ἐξ
1705 709 1928 781 ἐνέδρας

357 806 448 857 μοι
484 791 793 858 ἐπιφύεται,
824 795 919 848 καὶ
962 796 1161 865 δριμὺς
1203 797 1500 865 ἐπιπεσὼν,
1531 801 1583 853 τί
1632 802 1922 874 ἐποίησαςς

357 881 565 953 ἀναϐοᾷ
589 899 604 915 ο
638 883 728 937 διά
758 884 811 938 τί
842 886 935 940 τὸν
983 888 1193 943 Δούκαν
1224 891 1285 945 00
1336 893 1771 963 προσεφθέγξω;
1815 894 1927 964 ἐγὼ

355 972 414 1027 δὲ
444 974 546 1042 (μά
577 974 675 1045 τὴν
706 978 952 1049 κεφαλήν
990 997 1106 1047 σου,
1145 984 1240 1036 καὶ
1278 984 1355 1051 μά
1387 984 1487 1056 τὴν
1520 987 1801 1056 σωτηρίαν
1826 986 1926 1056 τῆς

355 1065 535 1134 ψυχῆς
584 1069 711 1138 μου)
770 1069 938 1134 εὐθὺς
984 1073 1303 1145 ἐπατάχθην
1347 1075 1423 1138 ὡς
1464 1077 1555 1129 ἐπὶ
1600 1077 1925 1131 καινοτάτου

356 1158 723 1230 ἀκούσματος.
759 1161 868 1216 Καὶ
916 1164 1016 1226 τάς
1064 1182 1125 1219 τε
1177 1169 1365 1237 χεῖρας
1414 1168 1642 1238 ἐσχασα.
1674 1168 1767 1221 καὶ
1810 1168 1927 1233 ἐξε-

354 1249 570 1320 πλάγην
606 1254 698 1305 ἐπὶ
721 1257 786 1325 τῇ
824 1256 983 1327 ἀκοῇ.
1019 1257 1128 1311 Kal
1162 1259 1272 1312 ίδοὺ
1317 1246 1509 1335 δέομαί
1537 1276 1651 1322 σου,
1694 1260 1928 1331 ζητῆσαί

357 1356 449 1410 μοι
498 1346 851 1416 καταλλαγὴν
908 1349 1001 1402 καὶ
1052 1351 1423 1418 συμπάθειαν,
1478 1352 1575 1403 καὶ
1625 1351 1926 1405 σπουδάσαι

352 1436 558 1503 ταύτην
608 1454 702 1506 μοι
746 1440 1229 1509 καταπράξασθαι.
1267 1442 1495 1512 Μάρτυς
1546 1442 1654 1512 γὰρ
1689 1443 1717 1496 0
1746 1441 1879 1505 Θεός
1905 1455 1923 1472 ⁶

355 1529 661 1601 ἐϐαρύνθην
711 1531 849 1602 πρὸς
899 1533 1159 1602 ἐμαυτόν,
1195 1534 1278 1588 ὅτι
1343 1534 1516 1598 οὕτως
1569 1534 1927 1605 ἀπροσέκτως

290 1643 297 1655 ·
355 1619 512 1691 ἔσχον
537 1622 627 1674 ἐπὶ
655 1622 732 1692 τῷ
761 1624 1072 1694 πράγματι.
1105 1626 1252 1694 Πλὴν
1284 1626 1344 1679 οὗ
1395 1626 1536 1681 πάνυ
1566 1626 1825 1694 ἐπταισα,
1855 1626 1925 1680 δι’

353 1710 419 1775 ἀς
448 1710 603 1768 εἷπον
628 1714 832 1779 αίτίας,
856 1716 951 1771 καὶ
983 1717 1119 1771 διότι
1144 1718 1207 1771 οὐ
1241 1719 1580 1790 συχνοτέρως
1604 1720 1925 1791 ἐντυγχάνω

354 1807 466 1868 τοῖς
525 1805 896 1873 ἀλλοις,ὦστε
951 1808 1047 1862 καὶ
1095 1809 1521 1882 ἀκριϐεστέρους
1574 1812 1763 1880 φέρειν
1795 1811 1925 1875 τοὺς

2777 732 2875 788 169⁸.

2037 867 2126 935 Τῷ
2202 867 2374 939 κριτῇ
2443 868 2553 922 τοῦ
2623 867 2859 939 βῄλου,
2906 865 3094 934 κυρίῳ
3167 865 3474 933 Γρηγορίῳ
3535 861 3615 927 τῷ

2244 937 2247 946 ἴ
2362 937 2369 938 ί
2671 937 2970 1006 Ἀντιόχῳ.

2110 1073 2171 1127 Τί
2196 1070 2349 1140 δῆτα
2375 1074 2487 1127 οὐκ
2537 1071 2614 1126 ἂν
2642 1071 2965 1140 ἐργάσαιτο
2999 1070 3345 1138 ἅνθρωπος;
3376 1067 3613 1130 Παλαιὸς

2033 1165 2090 1218 ἐν
2123 1162 2199 1235 τῷ
2220 1162 2452 1218 καθόλου
2478 1163 2575 1217 καὶ
2601 1165 2702 1217 οὐκ
2730 1165 2859 1234 ἐμὸς
2897 1166 2924 1218 0
2950 1164 3108 1231 λόγος
3141 1156 3318 1226 οὗτος.
3348 1155 3517 1223 Οῦτός
3547 1178 3611 1229 γε

2037 1253 2145 1323 μὴν
2168 1252 2322 1322 ἐμὸς,
2342 1254 2404 1306 οὐ
2429 1254 2567 1323 πρὸς
2596 1252 2824 1325 γνώμην
2858 1254 3001 1326 (κατ’
3026 1256 3282 1323 ἐκεῖνον),
3307 1255 3422 1307 ἀλλ’
3455 1254 3611 1317 ίδιοςο

2031 1344 2087 1399 τί
2114 1345 2215 1399 οὐκ
2256 1346 2323 1400 ἂν
2358 1348 2389 1417 ή
2426 1347 2648 1417 ἐνεργὸς
2706 1347 2953 1415 γλῶσσα,
2987 1349 3020 1416 ή
3078 1348 3342 1417 ἐντρεχής
3374 1345 3539 1417 φρὴν.
3583 1347 3612 1399 0

2033 1438 2211 1501 κοινὸς
2245 1438 2452 1507 ἀγαθὸς
2479 1439 2719 1509 ἑταῖρος,
2740 1439 2767 1491 0
2788 1437 2977 1508 κύριος
3001 1438 3219 1510 Μιχαὴλ
3242 1438 3607 1509 καταπράξηο

2031 1545 2152 1594 ταις
2194 1530 2258 1583 Et
2289 1530 2346 1584 δέ
2377 1531 2522 1598 κάμὲ
2553 1531 2745 1600 ἴσχυσε
2776 1533 2987 1593 πεῖσαι,
3015 1532 3116 1600 τὴν
3142 1533 3363 1601 γραφὴν
3390 1530 3602 1600 ταύτην

2032 1620 2306 1692 θαρρῆσαι
2338 1662 2354 1688 ,
2416 1622 2513 1675 καὶ
2566 1622 2767 1692 μένους
2826 1621 2921 1677 καὶ
2986 1622 3225 1692 θάρσους
3285 1620 3612 1691 ὑποπλήσας

2030 1710 2187 1765 δκνον
2264 1711 2409 1767 οὕτω
2485 1713 2653 1784 βαθὺν
2722 1713 3094 1786 ἐρριζωμένον
3163 1713 3438 1778 ἐξέσπασε
3513 1713 3614 1781 τῆς

2029 1803 2231 1874 ψυχῆς,
2290 1804 2385 1858 καὶ
2435 1805 2867 1861 ἀναπεπτωκότα
2923 1805 3242 1877 ἐπιρρώσας
3289 1804 3611 1868 ἐπέσπασε,

353 1894 464 1948 τῶν
508 1895 685 1964 ὂψεων
710 1897 1063 1967 χαρακτῆρας
1084 1914 1101 1931 °
1131 1899 1207 1963 ὡς
1236 1900 1399 1965 εὐθὺς
1428 1902 1545 1971 ἅμα
1592 1903 1659 1971 τῇ
1689 1901 1790 1973 θέᾳ
1833 1905 1929 1958 καὶ
1962 1899 2004 1957 Β
2032 1895 2126 1947 καὶ
2171 1894 2619 1965 ἀναϐεϐλημένον
2661 1895 2967 1966 ἐπώτρυνε,
3021 1895 3223 1965 μᾶλλον
3255 1896 3356 1966 μὲν
3403 1890 3497 1949 οῦν
3524 1894 3612 1947 δε-

234 2022 239 2025 -
352 1986 417 2040 ἐκ
475 1985 700 2058 πρώτης
759 1989 1016 2059 εἰσϐολῆς
1076 1991 1518 2062 καταλαμϐάνειν
1587 1994 1649 2047 τὸ
1706 1991 1923 2047 θεαθέν.

355 2078 655 2146 Προσκυνῶ
712 2078 829 2144 οὖν,
878 2082 981 2138 καὶ
1036 2083 1227 2153 τίθημι
1277 2084 1589 2154 μετάνοιαν,
1630 2086 1726 2140 καὶ
1778 2084 1928 2156 ζητῶ

354 2168 708 2237 συγγνώμην.
744 2169 925 2223 Ἔστω
971 2169 1029 2223 δέ
1065 2174 1132 2243 τῇ
1178 2176 1537 2244 πανσεϐάστῳ
1588 2192 1682 2229 σου
1714 2175 1927 2241 ἐνδοξό-

350 2272 474 2326 τητι
505 2262 921 2332 μεσιτευτήριον
947 2262 1143 2334 δῶρον,
1178 2263 1245 2318 τὰ
1278 2266 1422 2335 μῆλα
1467 2266 1642 2322 ταῦτα
1670 2268 1737 2320 τά
1778 2269 1922 2339 Περ-

351 2348 502 2410 σικὰ.
518 2348 581 2402 τὸ
605 2349 736 2419 ἐμόν
763 2353 1025 2424 κήπευμα
1047 2372 1064 2391 ο
1087 2349 1161 2410 ὧν
1186 2356 1549 2428 ἀπομερίσαις
1573 2359 1643 2413 ἂν
1660 2360 1727 2415 τὰ
1749 2359 1926 2430 ήμίση

348 2443 429 2513 τῷ
474 2444 741 2515 παγκάλῳ
795 2446 975 2520 Δούκᾳ
1021 2448 1104 2512 είς
1155 2448 1420 2520 μείλιγμα
1450 2451 1546 2504 καὶ
1580 2451 1927 2522 συμπάθειαν

348 2538 511 2609 ἐμήν.

1076 2632 1185 2689 ω’.

426 2721 707 2795 Διέτριϐεν
752 2723 1001 2789 ἐκτεθεὶς
1028 2727 1166 2796 πρὸς
1209 2725 1484 2797 Ἐλλήνων
1519 2727 1649 2799 περί
1689 2744 1793 2781 που
1823 2726 1925 2799 τὴν

350 2816 600 2887 Λημνίαν
632 2817 1001 2888 ἀπάνθρωπον
1043 2818 1253 2891 ἔρημον
1282 2820 1640 2890 Φιλοκτήτης,
1666 2821 1694 2873 0
1725 2822 1922 2874 Ποίαν-

347 2924 459 2972 τος.
492 2909 605 2964 Kal
650 2908 783 2981 ᾤκει
816 2910 914 2980 μὲν
961 2910 1170 2979 πέτραν
1226 2911 1553 2982 αύτόροφον,
1583 2912 1924 2983 ύπετρέφετο

347 3002 407 3057 δὲ
439 3003 537 3056 ὅσα
567 3004 662 3056 καλ⁵
687 3002 792 3074 θήρ
812 3020 826 3033 ·
860 3003 1085 3075 ὕδωρνδὲ
1115 3006 1300 3075 διῴκει
1327 3005 1520 3059 τοῦτον
1548 3006 1651 3060 οὐκ
1690 3006 1921 3060 ἀένναον

345 3092 455 3145 οὐδ’
488 3094 815 3164 ἀπόρρυτον,
849 3094 965 3148 ἀλλ’
991 3094 1202 3165 ὄμϐρου
1231 3096 1487 3167 λείψανον
1514 3101 1775 3169 σεσηπδς.
1809 3099 1920 3169 γῆς

348 3182 714 3251 ἐναπομείναν
744 3182 1048 3254 κοιλώματι
1078 3187 1174 3240 καὶ
1204 3187 1443 3258 κηρίοις.
1477 3189 1627 3253 ὅσοις
1666 3190 1918 3254 ἐπάλαιε,

348 3274 461 3336 τοῖς
480 3274 675 3337 δεινοῖς
697 3292 712 3308 ·
742 3252 927 3339 ἄλλως
947 3294 1009 3332 τε
1035 3278 1144 3332 οὐδ’
1174 3252 1441 3350 ἀρτίπους
1478 3280 1576 3346 ὣν,
1610 3252 1745 3336 ἀλλά
1778 3252 1920 3337 κατά
1947 3252 1992 3313 c

348 3365 457 3437 γῆς
484 3366 693 3436 ἕρπων,
726 3368 820 3421 καὶ
844 3367 1004 3422 τοῦτο
1029 3368 1093 3440 δὴ
1125 3370 1187 3424 τὸ
1240 3372 1407 3442 μέρος
1444 3372 1546 3444 τὴν
1580 3373 1922 3429 ἐκδακοῦσαν

346 3457 540 3512 τοῦτον
571 3456 914 3530 μιμούμενος
942 3459 1177 3529 ἔχιδναν.
1220 3461 1365 3517 Ἀλλ’
1395 3464 1546 3533 ὅμως
1575 3462 1705 3518 οὔτε
1734 3464 1798 3518 τὸ
1822 3465 1923 3535 τῆς

345 3549 558 3622 τροφῆς
603 3550 793 3606 τοῦτον
822 3550 1014 3606 ἐλύπει
1051 3551 1433 3622 δυσπόριστον,
1463 3556 1587 3611 οὔτε
1634 3557 1696 3611 τὸ
1725 3558 1922 3612 στατδν

348 3646 513 3716 ὕδωρ,
538 3642 663 3698 οὔτε
688 3644 749 3697 τὸ
772 3643 876 3713 τῆς
900 3643 1112 3714 ἐχίδνης
1142 3648 1327 3714 φόνιον
1348 3647 1637 3718 χάραγμα.
1670 3648 1924 3702 Ἐπειδὰν

344 3738 402 3792 δέ
447 3754 532 3801 τις
565 3736 779 3805 χρόνιον
840 3734 1153 3806 ἐνδημήσας
1214 3743 1508 3807 προσείποι
1563 3741 1671 3813 μὲν
1711 3743 1919 3795 ἐκεῖνον

345 3828 441 3882 καὶ
475 3826 820 3895 δεξιώσαιτο,
856 3828 949 3881 καὶ
1003 3828 1160 3894 τέλος
1201 3830 1545 3901 ἀναγόμενος
1597 3834 1919 3904 πιστευθείη

348 3921 449 3991 μὲν
478 3921 617 3989 πρὸς
667 3920 860 3991 ἀνδρὸς
914 3921 1204 3993 ἐπιστολὴν
1235 3921 1313 3987 ὡς
1359 3925 1487 3989 τοὺς
1532 3925 1793 3993 οίκείους,
1821 3923 1922 3983 εἶτ’

344 4012 614 4082 ἀμελήσει
665 4041 733 4053 --
782 4012 898 4067 ἀλλ’
926 4008 996 4085 ῆν
1035 4014 1199 4069 τοῦτο
1227 4015 1305 4088 τῷ
1348 4017 1652 4091 Φιλοκτήτῃ
1700 4020 1921 4076 πάντων

343 4103 662 4175 δεινότερον.
696 4104 933 4171 Ἔγνως,
954 4106 985 4160 δ
1014 4106 1181 4176 λέγω,
1217 4108 1313 4162 καὶ
1338 4109 1552 4177 φθάσας
1577 4112 1704 4176 τοὺς
1726 4111 1921 4181 λόγους

344 4198 700 4268 ἀφήρπασας.
735 4195 893 4251 Οῦτω
952 4214 1034 4252 σοι
1087 4197 1210 4262 νοῦς
1262 4200 1524 4266 ὀξύτατος
1552 4217 1567 4233 ·
1603 4204 1697 4257 καί
1732 4206 1783 4257 εί
1844 4204 1920 4275 μὴ

344 4288 594 4359 κωμικὸς
622 4284 691 4361 ἦν
727 4289 757 4343 0
784 4288 962 4358 λόγος,
986 4291 1220 4360 κυνηδὸν
1252 4293 1320 4347 ἂν
1347 4292 1515 4364 φαίην
1548 4311 1609 4348 σε
1640 4294 1732 4348 τὸν
1761 4296 1922 4363 λόγον

346 4381 692 4451 σιτήσασθαι.
724 4382 835 4437 Kal
861 4384 967 4453 γάρ
999 4399 1081 4436 τοι
1120 4384 1216 4437 καὶ
1243 4383 1406 4447 κύνες
1435 4386 1644 4455 πτῶμα
1687 4387 1920 4457 ῥιπτού-

346 4491 524 4544 μενον.
558 4474 765 4545 ἀέριον,
799 4475 965 4543 πρινὴ
1028 4476 1170 4530 κατά
1222 4475 1327 4546 γῆς
1386 4479 1596 4546 πεσεῖν,
1651 4478 1921 4547 φθάνουσι

342 4567 705 4636 καταφαγεῖν.
749 4566 912 4629 Ἀλλ’,
948 4561 993 4621 ὧ
1033 4567 1304 4637 δαιμόνιε,
1348 4567 1512 4624 ἔασον
1546 4571 1672 4625 ὅλον
1720 4588 1790 4643 με
1826 4572 1920 4626 τὸν

340 4654 497 4724 λόγον
558 4657 755 4711 εἰπεῖν.
784 4657 963 4710 Λυπεῖ
1013 4658 1108 4711 καὶ
1162 4658 1313 4729 ἡμᾶς
1366 4658 1428 4713 τὸ
1477 4659 1579 4731 τῆς
1634 4661 1918 4733 ἡμετέρας

340 4749 549 4817 ἐρήμου
600 4747 927 4819 ἀπόκροτον,
962 4748 1154 4803 καὶτὸ
1211 4750 1313 4819 τῆς
1369 4751 1578 4821 τροφῆς
1633 4769 1919 4824 μεμετρη-

343 4838 527 4908 μένον,
553 4842 651 4893 καὶ
683 4840 753 4892 τὰ
800 4842 903 4908 τῆς
930 4839 1058 4894 καθ’
1109 4842 1261 4913 ἡμᾶς
1298 4842 1517 4912 ἐχίδνης
1546 4843 1917 4915 χαράγματα*

338 4930 452 4985 ἀλλ’
481 4931 639 4984 ἔδακε
687 4932 849 4986 πλέον
880 4929 1088 4987 τούτων
1132 4934 1302 5005 ἡμᾶς,
1331 4934 1415 4987 ὅτι
1457 4936 1588 5006 περὶ
1627 4936 1727 5000 τάς
1779 4937 1920 5007 πρός

342 5040 402 5076 σε
452 5022 831 5093 δυστυχοῦμεν
885 5024 1127 5094 γραφάς,
1157 5026 1253 5080 καὶ
1296 5025 1606 5096 γράφοντες
1650 5028 1920 5099 δοκοῦμεν

342 5111 419 5183 μὴ
448 5110 706 5182 γράφειν.
734 5113 930 5167 Καίτοι
977 5113 1086 5169 τίνι
1121 5114 1267 5186 ἄλλῳ
1294 5116 1410 5187 (τήν
1444 5117 1583 5184 πρός
1612 5133 1673 5171 σε
1700 5120 1920 5189 γραφὴν

339 5204 837 5273 ἐνεπιστευσάμην,
867 5202 901 5275 ἢ
935 5204 1013 5274 τῷ
1040 5205 1137 5260 τοῦ
1163 5207 1431 5261 δεσπότου
1457 5208 1552 5262 τοῦ
1579 5209 1908 5266 διδασκάλου

335 5292 551 5361 ἀδελφῷ
588 5294 683 5347 καὶ
713 5294 842 5364 θείῳ
884 5294 993 5365 σῷ;
1039 5297 1183 5352 Ἀλλ’
1212 5297 1311 5366 (ὥς
1372 5297 1548 5365 ἔοικε)
1577 5287 1808 5373 δεύτερα
1847 5302 1919 5356 τὰ

334 5386 587 5456 ήμέτερα
641 5383 892 5454 θέμενος,
940 5388 1033 5442 τὸν
1076 5389 1263 5444 οτκαδε
1318 5390 1518 5461 ἤπειγε
1575 5391 1771 5459 πλοῦν,
1828 5392 1918 5448 ἵνα

335 5476 470 5545 ήμίν
518 5477 549 5529 ό
593 5477 702 5539 πᾶς
758 5476 846 5547 είη
896 5478 1052 5547 λόγος
1105 5480 1461 5551 τραγῳδικόςο
1501 5481 1689 5545 Οὕτως
1749 5484 1917 5553 ἡμεῖς

334 5569 731 5641 δυστυχοῦμεν,
764 5572 852 5640 ἐφ’
903 5568 986 5636 οἷς
1033 5574 1394 5644 εὐτυχοῦμεν.
1434 5574 1527 5645 Μὴ
1580 5574 1713 5643 γοῦν
1765 5577 1915 5646 ἡμᾶς

338 5657 559 5727 μέμφου
591 5676 605 5691 ·
656 5662 1031 5728 κατατοξάζου
1063 5664 1121 5717 δὲ
1146 5666 1247 5733 τῆς
1273 5663 1419 5719 οὕτω
1457 5667 1682 5735 βαρείας
1715 5667 1910 5737 τύχης,

334 5749 402 5803 δι’
436 5752 503 5821 ἢν
554 5753 688 5823 ήμίν
715 5755 904 5809 οὐκέτι
954 5754 1066 5809 οὐδ’
1100 5758 1148 5810 οἱ
1189 5756 1339 5825 λόγοι
1388 5758 1732 5828 πτερόεντες,
1776 5758 1914 5812 ἀλλά

336 5841 673 5916 βραχύτερον
740 5846 1149 5919 πτερυξάμενοι
1216 5847 1655 5920 πτερορῤυοῦσιν
1730 5845 1909 5918 αὖθις,

1954 4610 1997 4665 D

2032 1984 2182 2040 διότα
2208 1986 2531 2058 ἐθάρῥυνεν.
2559 1982 2636 2041 Ἦ
2675 1988 2784 2058 γὰρ
2811 1989 2912 2042 οὐκ
2956 1988 3175 2058 ἐφίλουν
3204 1986 3293 2040 ἀεὶ
3319 1990 3410 2040 τὸν
3440 1986 3609 2039 πολὺν

2032 2076 2167 2148 ἐμόν
2190 2094 2250 2131 σε
2279 2078 2581 2151 Γρηγόριον
2609 2095 2623 2145 ;
2655 2080 2889 2149 Μισοίην
2915 2084 2980 2133 ἂν
3002 2079 3240 2150 ἐμαυτὸν
3255 2079 3326 2149 (εί
3349 2078 3404 2132 δέ
3429 2077 3609 2145 τοῦτο,

2032 2172 2128 2226 καὶ
2159 2171 2499 2244 μαινοίμην),
2531 2172 2626 2225 ἐὰν
2655 2172 2830 2236 ἄλλως
2872 2174 3030 2245 ἔσχον
3064 2175 3159 2229 ἐπί
3214 2191 3297 2227 σοι
3329 2173 3612 2242 διακείμε-

2031 2278 2145 2325 νος.
2194 2263 2309 2319 ούκ
2363 2258 2510 2334 εἶχον
2546 2264 2604 2316 ἐν
2631 2264 2780 2334 ψυχῇ
2833 2280 2894 2317 σε
2946 2264 3296 2333 ἀνάγραπτον
3349 2264 3408 2316 ἐν
3442 2261 3611 2332 μοίρᾳ

2031 2353 2348 2422 κρείττονι;
2398 2352 2779 2425 Ἐξαλειφείην
2824 2355 2924 2425 τῆς
2980 2356 3089 2409 τῶν
3143 2357 3360 2421 ζώντων
3399 2352 3609 2425 βίϐλου,

2032 2444 2081 2495 εί
2114 2444 2196 2496 σοὶ
2232 2443 2307 2515 μὴ
2336 2446 2520 2499 πᾶσάν
2569 2444 2752 2516 πτύχα
2784 2444 2883 2514 τῆς
2928 2446 3158 2515 καρδίας
3202 2444 3436 2511 ἀνέῳξα.
3470 2443 3610 2496 Πότε

2034 2550 2126 2604 μοι
2156 2536 2251 2589 τοῦ
2285 2537 2555 2606 στόματος
2600 2540 2629 2592 0
2661 2538 2802 2609 ὑπέρ
2837 2555 2932 2592 σου
2964 2538 3125 2609 λόγος
3171 2536 3431 2605 ἀπέπτη;
3472 2537 3612 2603 Πότε

2031 2630 2099 2685 τὰ
2139 2627 2237 2698 τῆς
2283 2630 2506 2701 μνήμης
2555 2631 2829 2699 ἀπέλιπε;
2877 2633 3014 2686 Τίνα
3062 2631 3193 2685 ποτὲ
3243 2629 3354 2683 τῶν
3390 2626 3520 2699 περὶ
3551 2625 3612 2679 σέ

2029 2722 2375 2794 ἀφιξομένων
2405 2723 2651 2794 συνήθων
2674 2724 2820 2787 ίδὼν,
2855 2724 2956 2777 οὐκ
2995 2724 3157 2786 εὐθὺς
3186 2722 3311 2785 τοὺς
3340 2723 3470 2793 περὶ
3503 2718 3600 2773 σοῦ

2029 2816 2223 2885 λόγους
2259 2815 2607 2886 διακινήσας,
2641 2817 2701 2869 τό
2732 2834 2792 2870 τε
2826 2818 3041 2888 χαίρειν
3074 2815 3486 2886 διεπεμψάμην,
3516 2814 3613 2867 καὶ

2029 2908 2123 2960 τὸν
2169 2905 2455 2977 διάκτορον
2491 2905 2910 2979 ἐξεπεμψάμην,
2946 2908 3007 2961 τὸ
3048 2907 3249 2976 πτερὸν
3286 2908 3475 2977 ἀέριον
3518 2904 3615 2957 λύ-

2031 3014 2203 3053 σαντα
2229 3012 2245 3065 ;
2288 2996 2587 3069 Ἐπίδημος
2610 2996 2704 3065 ὢν,
2734 2999 2834 3069 τὴν
2861 3000 3004 3068 ἐμὴν
3026 3000 3205 3069 ψυχὴν
3232 2996 3376 3067 ἔχεις
3404 2995 3569 3049 οίκῶν
3590 3012 3607 3028 ο

2026 3089 2340 3158 ἀποδημίαν
2374 3087 2751 3159 στειλάμενος,
2784 3091 2842 3143 ἐν
2884 3088 3010 3158 ἐμοὶ
3050 3090 3417 3159 ἐναπέμεινας
3443 3103 3458 3118 ⁸
3512 3087 3610 3140 καί

2027 3196 2147 3241 πως
2163 3180 2344 3251 ψυχὴν
2375 3181 2695 3251 νεμόμενος,
2727 3180 2873 3253 ἔχεις
2894 3183 2955 3235 τὸ
2986 3182 3190 3252 ἐνξέμοὶ
3223 3180 3409 3250 νοερὸν
3442 3196 3612 3233 κατα-

2029 3272 2255 3341 γώγιον.
2300 3273 2444 3327 Ἀλλ’
2470 3276 2619 3344 ὅμως
2651 3275 2746 3327 καὶ
2770 3273 3017 3329 τοιοῦτον
3047 3275 3176 3328 ὅντα
3208 3291 3269 3327 σε
3293 3273 3424 3343 παρ’
3454 3274 3606 3341 ἐμοὶ,

2032 3364 2215 3434 ὀλίγον
2248 3368 2552 3438 προσεῖπον
2598 3368 2658 3421 ἐν
2702 3368 3032 3438 γράμμασι·
3079 3368 3173 3421 καί
3228 3382 3314 3420 σοι
3364 3365 3612 3436 μετρητά

2029 3473 2153 3511 τινα
2198 3458 2419 3529 γράψας
2453 3459 2512 3511 ἐν
2563 3460 2752 3513 πίνακι
2796 3460 2979 3531 τυκτῷ
3022 3462 3178 3531 (εἴπῃ
3230 3460 3298 3514 ἂν
3330 3457 3609 3528 Ὅμηρος)

2030 3550 2325 3617 ἐξέστειλα.
2355 3552 2455 3605 Διά
2487 3552 2540 3605 τί
2570 3568 2702 3606 ποτε
2733 3551 2946 3621 αῐτιον;
2991 3554 3090 3607 Διά
3116 3552 3343 3620 δειλίαν,
3372 3552 3439 3623 ήν
3472 3552 3610 3621 φθά-

2032 3658 2227 3708 σαντες
2257 3675 2326 3688 -
2359 3645 2388 3698 0
2413 3644 2569 3713 λόγος
2604 3645 2705 3716 μὲν
2731 3646 3247 3716 ἀνθωμολογήσατο,
3281 3648 3309 3699 0
3337 3646 3391 3698 δὲ
3418 3644 3610 3714 κύριος

2028 3735 2249 3808 Μιχαὴλ
2274 3739 2372 3810 τῆς
2421 3738 2602 3809 ψυχῆς
2632 3757 2728 3810 μοι
2762 3741 3046 3795 ἀπώσατο.
3090 3740 3254 3795 Ἀλλά
3298 3739 3384 3803 τίς
3422 3740 3457 3810 ἠ
3494 3739 3610 3792 δει-

2028 3830 2159 3896 λίας
2194 3832 2315 3885 Ὀτι
2364 3832 2393 3885 0
2422 3832 2522 3901 μέν
2550 3834 2630 3897 είς
2667 3833 2806 3904 ἀέρα
2838 3833 3100 3903 χεόμενος
3148 3832 3329 3900 λόγος,
3374 3832 3470 3885 καὶ
3504 3830 3610 3883 ὑπὸ

2028 3921 2296 3987 διακόνοις
2326 3922 2536 3993 ἑτέροις
2585 3924 3032 3994 διαπεμπόμενος
3068 3923 3352 3993 στόμασιν,
3406 3920 3467 3974 οὐ
3502 3922 3608 3991 ῥᾳ-

2029 4010 2158 4076 δίως
2206 4013 2449 4083 ἐλέγχειν
2488 4012 2634 4067 θέλει
2686 4014 2816 4078 τοὺς
2864 4014 3181 4079 στέλλοντας
3214 4030 3229 4046 ⁸
3264 4011 3403 4066 ἀλλά
3454 4012 3550 4065 καὶ
3580 4012 3609 4064 0

2031 4104 2199 4167 πολὺς
2218 4106 2313 4159 καὶ
2337 4107 2366 4158 0
2385 4105 2595 4170 ἀστεῖος
2616 4106 2850 4162 ἐνταῦθά
2883 4123 2947 4176 γε
2977 4107 3039 4161 τὸ
3072 4108 3183 4161 ἴσον
3211 4107 3605 4177 ἀποφέρονται,

2029 4197 2185 4266 παρά
2221 4196 2478 4251 τοσοῦτον
2508 4198 2886 4270 διαφέροντες,
2918 4200 3051 4270 παρ’
3076 4201 3201 4253 ὅσον
3241 4200 3426 4269 έχουσι
3468 4201 3608 4269 μνή-

2031 4303 2141 4357 μης
2170 4285 2203 4357 ἢ
2234 4289 2329 4341 καὶ
2353 4287 2611 4361 λεκτικῆς
2640 4291 2954 4361 ἐπιστήμης
2988 4293 3039 4346 οί
3088 4292 3607 4363 καθυπουργοῦντες

2030 4378 2183 4445 σφίσι
2211 4379 2309 4432 καὶ
2330 4380 2720 4451 ἀναφέροντες.
2746 4382 2857 4437 Καὶ
2882 4383 3030 4437 ἐστιν
3058 4384 3291 4439 ἐνταῦθα
3315 4387 3469 4455 παρά
3490 4386 3604 4447 τοῖς

2027 4470 2374 4527 διακονοῦσιν
2426 4473 2459 4544 ἦ
2518 4473 2578 4527 εδ
2608 4474 3131 4548 διακινδυνεῦσαι,ἢ
3181 4479 3242 4532 τὸ
3290 4481 3508 4548 τυχεῖν*
3541 4480 3602 4533 τὸ

2028 4564 2137 4631 γὰρ
2166 4565 2266 4633 τῆς
2301 4570 2747 4638 προσφωνήσεως
2789 4568 2963 4633 δεξιὸν
2994 4570 3107 4623 εἴτε
3156 4571 3251 4624 καὶ
3297 4571 3374 4641 μὴ
3414 4570 3603 4634 αύτοίς

2025 4656 2445 4726 ἐπιγράφονται.
2478 4658 2583 4713 Kal
2610 4662 2638 4714 0
2664 4661 2764 4732 μὲν
2787 4662 2887 4729 τὴν
2915 4662 3250 4731 προσλαλιάν
3289 4661 3601 4726 ἐπιστείλας

2021 4748 2317 4821 ἀμάρτυρα
2365 4751 2504 4823 ἔχει,
2555 4754 2676 4808 ὅποι
2729 4754 2860 4808 ποτὲ
2910 4756 3017 4826 ἄρα
3062 4756 3159 4810 καὶ
3190 4756 3350 4810 πέσοι
3397 4757 3466 4811 τά
3500 4757 3600 4826 τῆς

2021 4847 2427 4914 προσαγορείας
2447 4862 2462 4878 ο
2491 4850 2519 4900 0
2549 4847 2607 4901 δὲ
2633 4847 2776 4917 δρῶν
2798 4848 2875 4919 τῷ
2904 4850 3374 4921 προσαγορεύοντι
3399 4850 3460 4902 τὸ
3489 4850 3599 4902 πᾶν

2019 4937 2100 5000 είς
2138 4937 2329 4991 ἑαυτὸν
2372 4938 2682 5005 ἀνεδέξατο.
2715 4941 2825 4995 Καὶ
2869 4940 3096 4995 τοιαῦτα
3143 4943 3246 5011 μὲν
3280 4941 3491 4996 ἐκεῖνα.
3538 4940 3599 4994 Ὁ

2018 5029 2075 5084 δέ
2114 5047 2179 5098 γε
2215 5032 2275 5085 ἐν
2311 5033 2614 5101 σωματίοις
2653 5033 2904 5103 κείμενος
2948 5033 3109 5102 λόγος
3145 5032 3326 5087 οὐκέθ’
3363 5032 3466 5088 ὑπὸ
3495 5034 3599 5101 ἀγ-

2018 5122 2180 5189 γέλου
2236 5124 2541 5194 προάγεται
2593 5126 2844 5195 στόματι,
2894 5126 3007 5179 οὐδ⁹
3041 5128 3101 5180 ἐν
3151 5127 3355 5196 ἐτέρων
3391 5125 3596 5195 χείλεσι

2016 5214 2481 5268 διακινδυνεύεται
2506 5230 2524 5250 ο
2551 5216 2667 5269 ἀλλ’
2702 5217 2818 5270 ἐστι
2848 5216 3030 5288 ψυχῆς
3078 5217 3181 5287 τῆς
3208 5218 3597 5287 ἐπιστειλάσης

2016 5304 2279 5376 ἄντικρυς
2309 5305 2522 5376 κύημα,
2552 5306 2648 5361 τοῦ
2691 5307 2749 5361 δέ
2782 5308 3185 5380 ὑποδεξαμένου
3216 5308 3446 5374 κώδικος
3474 5311 3600 5380 μαί-

2017 5411 2184 5464 ευμα,
2241 5397 2692 5467 σπαργανοῦντος
2729 5393 2843 5454 οἷον
2877 5400 3061 5468 αὐτὸν,
3114 5401 3209 5455 καὶ
3268 5396 3379 5463 οἶος
3433 5402 3597 5471 ἐξέφυ

2019 5484 2539 5553 περιφυλὰττοντος,
2573 5488 2667 5543 καὶ
2696 5489 2776 5559 τῷ
2814 5488 2957 5560 φίλῳ
2991 5491 3487 5563 παρακομίζοντος,
3520 5492 3598 5556 ὡς

2020 5576 2207 5628 εἰκόνα
2237 5576 2334 5629 τοῦ
2387 5578 2721 5642 στείλαντος.
2764 5578 2827 5634 Et
2861 5580 2917 5635 δὲ
2969 5583 3200 5636 τοιαῦτα
3245 5582 3498 5638 δύνανται
3529 5584 3600 5637 τά

2015 5665 2126 5719 τῶν
2177 5667 2502 5736 ἐπιστολῶν,
2553 5670 2650 5724 καὶ
2696 5674 3033 5742 κατηγορεῖν
3080 5670 3192 5727 οἶδε
3225 5674 3315 5727 τὸν
3356 5674 3567 5726 ἐπιστεί

2016 5757 2205 5823 λαντα,
2245 5752 2358 5823 οἷος
2393 5763 2463 5816 τά
2518 5762 2578 5826 ἐς
2630 5763 2826 5833 λόγους
2861 5766 3092 5830 ἐκείνος,
3140 5765 3235 5819 καὶ
3265 5759 3352 5818 οἷα
3380 5765 3449 5817 τὰ
3492 5766 3597 5835 τῆς

2011 5849 2193 5923 ψυχῆς
2226 5852 2377 5924 αὑτῷ
2405 5855 2525 5911 ἐστι
2572 5861 2915 5928 γεννήματα,
2955 5859 3075 5923 πῶς
3103 5857 3171 5913 ἂν
3209 5856 3374 5923 αὐτὸς
3407 5856 3596 5913 εὐτόλ-
