4062 6402
462 371 598 436 1275

1863 391 1904 450 Α
1925 390 2129 450 DDEN
2143 391 2258 454 DA.

3573 398 3718 465 1276

461 501 579 553 μως
625 483 824 556 ἔχοιμι,
883 487 980 546 τάς
1032 490 1172 561 ἐμὰς
1225 495 1520 566 πιθηκίδας
1581 499 1719 570 πρός
1749 517 1807 554 σε
1853 506 1947 556 τὸν
1978 505 2037 557 ἐν
2067 507 2110 564 Δ
2142 523 2232 566 τες
2286 505 2606 576 ηττήμεθα·
2644 507 2739 560 καί
2784 509 2953 577 ἐσμεν
2980 537 3049 550 -
3080 509 3109 562 6
3141 508 3242 578 μέν
3288 527 3383 564 σου
3413 510 3476 565 τό
3523 514 3718 569 δευτε-

460 579 771 650 ῥητορείαις
830 585 1034 639 αίθωνα
1080 589 1268 644 λέοντα
1320 593 1580 662 προάγων
1633 599 2057 668 περιγυμνοῦν,.

403 683 409 690 ’
459 671 680 740 καὶτῆς
711 674 850 743 ὲμῆς
893 676 1180 744 ἀγροικίας
1215 683 1696 753 ἐνδαψιλεύεσθαις
1728 688 1841 741 Ούκ
1884 690 2034 743 ἀντι-

460 763 713 830 λέγομεν,
745 767 1102 836 ἐγχειριδίους
1133 773 1228 824 καὶ
1263 777 1586 845 κειμηλίους
1613 777 1870 850 ἐλέγχους
1897 782 2031 834 ἀπο-

462 855 716 911 τίθεσθαι
763 861 879 924 τοῖς
929 862 1067 926 τέως
1113 866 1214 920 οὐκ
1250 869 1518 924 εἰδόσιτά
1572 873 1696 925 καθ’
1719 875 1887 943 ἡμᾶς,
1937 879 2032 929 καὶ

457 949 798 1018 κατηγορίας
843 953 1205 1024 ἐγχαράττειν
1252 959 1377 1014 καθ’
1421 963 1580 1031 ἡμῶν
1611 965 1812 1032 αὐτῶν,
1844 967 1920 1030 ὡς
1965 968 2034 1022 ἂν

457 1041 690 1104 καὶτοῖς
719 1043 996 1112 ἐπιγόνοις
1023 1047 1244 1119 ἔχοιμεν
1274 1052 1876 1124 περιδειγματίξεσθαι.
1906 1059 2034 1113 Ἀλ-

458 1130 575 1196 λοις
608 1134 710 1202 μέν
746 1135 841 1192 οὖν
871 1155 982 1192 τισι
1031 1143 1174 1213 τάχα
1205 1142 1272 1197 ἂν
1301 1147 1535 1214 γράφων
1563 1147 1904 1220 τεθάρῥηκα,
1935 1153 2035 1206 καὶ

458 1223 558 1290 οὐχ
591 1224 905 1298 ὑπεστάλην
935 1230 1002 1284 ἂν
1036 1233 1106 1286 τά
1136 1234 1239 1301 τῆς
1270 1234 1583 1306 ἐπιστολῆς.
1617 1237 1765 1307 Πρδς
1793 1239 1854 1292 σέ
1885 1239 1943 1293 δέ
1965 1269 2036 1283 ~—

457 1312 597 1367 ἀλλά
632 1315 727 1370 καὶ
753 1316 852 1372 νῦν
880 1319 1020 1386 δέος,
1057 1322 1134 1394 μὴ
1164 1325 1232 1378 τὰ
1262 1325 1360 1395 τῆς
1397 1327 1615 1396 γραφῆς
1659 1326 1868 1398 ὄργανα
1898 1331 2035 1400 σχάο

460 1419 653 1472 σαντα,
693 1408 755 1462 τὸ
805 1409 968 1482 ἔργον
1016 1413 1206 1478 ἀτελές
1239 1432 1330 1483 μοι
1378 1416 1740 1488 προλίπωσιν.
1782 1418 1945 1474 Οὕτω
1974 1437 2034 1474 σε

457 1494 692 1565 τέθηπα,
745 1500 886 1555 οὕτω
913 1519 1011 1556 σου
1052 1505 1114 1562 τὸ
1141 1505 1241 1575 τῆς
1286 1507 1584 1577 ῥητορικῆς
1633 1507 1904 1580 ἐμπύριον
1931 1511 2035 1564 πέ-

2139 599 2304 667 ρεῖον,
2332 599 2360 652 6
2393 598 2470 659 δὲ,
2527 599 2556 652 ὃ
2585 617 2635 652 τι
2675 599 2829 668 τύχοι
2876 600 2978 670 τῆς
3020 601 3114 654 ἐπὶ
3142 599 3264 654 τόδε
3293 602 3593 672 φερόμενος
3615 606 3720 660 τά·

2136 706 2297 752 οεως.
2367 690 2431 742 Ὢ
2501 690 2676 760 λόγων
2740 691 2909 762 ἀκρον
2971 693 3290 762 γάργαρον·
3355 688 3400 748 ὦ
3481 695 3723 758 πλοῦτος

2135 783 2557 854 ἐπιχειρήσεων,
2599 785 2742 838 κατά
2783 783 2942 854 χύσιν
2986 784 3175 854 ἅμμου
3226 786 3589 855 ἐκνενημένος
3615 803 3631 818 ο
3675 782 3725 841 ὦ

2135 873 2372 944 ἀριθμὸς
2421 873 2828 944 ἐνθυμημάτων
2863 875 3099 928 ἀστείων
3137 874 3408 944 πολύχους
3432 892 3446 908 ο
3483 870 3529 928 ὦ
3578 877 3726 942 πλη-

2136 961 2346 1031 θυσμδς
2391 961 2616 1032 ὑψηλῶν
2645 963 2956 1034 νοημάτων,
2983 964 3231 1034 ἀστέρων
3271 965 3432 1035 δίκην
3463 967 3544 1030 εἰς
3575 967 3725 1036 πλῆ-

2135 1053 2228 1117 θος
2260 1053 2742 1124 ἐμπλατυνόμενος
2772 1057 2869 1110 καὶ
2899 1057 2980 1118 εἰς
3027 1057 3394 1129 λαμπρότητα
3419 1058 3722 1130 δᾳδουχῶν,

2136 1145 2282 1200 κατά
2313 1145 2556 1217 ϐμϐρους
2609 1147 2809 1214 ὑψόθεν
2836 1145 2950 1202 οἷον
2993 1149 3521 1220 καταρῥηγνύμενος
3552 1151 3629 1212 ὡς
3662 1152 3726 1204 ἐν

2136 1237 2508 1308 κατακλυσμῷ
2537 1270 2603 1280 -
2624 1239 2738 1310 δᾷδ’
2777 1240 2844 1295 ἂν
2873 1241 3004 1311 εῐπῃ
3037 1271 3108 1286 ς·-
3135 1240 3349 1294 ὕδάτων
3381 1241 3604 1295 πολλῶν
3633 1259 3647 1274 ο
3677 1236 3728 1295 ὦ

2141 1325 2322 1398 ῥεῦμα
2357 1328 2518 1396 λόγου
2548 1329 2790 1398 δαψιλές,
2822 1331 3081 1402 ἐπιρῥέον
3114 1329 3212 1384 ἆτε
3245 1330 3448 1383 πόντου
3493 1330 3729 1400 κύματα

2147 1416 2427 1486 Ἰκαρίοιο,
2459 1419 2596 1472 ἔπεα
2642 1420 2962 1488 νιφάδεσσιν
2996 1421 3233 1476 ἐοικότα.
3274 1422 3498 1475 Ἐπεισί
3535 1440 3630 1491 μοι
3662 1423 3730 1476 τὺ

2134 1509 2234 1578 τῆς
2259 1511 2633 1580 Συρακουσίου
2659 1514 2884 1584 Μούσης
2923 1515 3123 1578 εἰπεῖν,
3157 1514 3309 1581 ὅσος
3337 1515 3545 1583 ὄχλος,
3570 1517 3731 1583 μύρο

459 1605 652 1656 φρικα.
699 1591 812 1646 Καὶ
850 1593 1105 1667 Ῥωμαίῳ
1156 1598 1256 1668 μέν
1286 1600 1438 1670 ἀνδρὶ
1472 1600 1802 1672 (Ἀντωνίῳ,
1853 1598 2032 1673 οἶμαι)
2129 1619 2322 1670 μηκες
2347 1605 2680 1672 ἀνάριθμοι,
2713 1608 2894 1661 είτουν
2939 1608 3235 1678 μυρμηκιά
3283 1606 3464 1676 λόγων
3514 1598 3762 1674 σοφῶν(

457 1678 619 1749 λόγος
645 1683 846 1755 ἐρῥέθη
879 1687 1062 1755 ποθέν,
1086 1689 1165 1752 ὡς
1187 1691 1297 1760 ἄρα
1321 1693 1349 1746 6
1378 1692 1590 1762 δαίμων
1614 1693 1764 1762 αύτῷ
1793 1693 1886 1747 τὸν
1912 1695 2034 1748 ἐτέ-

462 1789 556 1842 ρου
595 1774 741 1840 τινὸς
771 1777 1078 1850 πεφόϐηται
1121 1781 1351 1850 δαίμονα
1372 1799 1387 1815 ο
1419 1785 1556 1854 ἡμῖν
1596 1785 1655 1839 δέ
1683 1786 1896 1856 δαίμων
1934 1787 2032 1857 μὲν

2136 1689 2272 1748 Εἶτα
2302 1693 2574 1764 θυρύϐους
2604 1696 2906 1767 προϐάλλῃ,
2941 1696 3038 1751 καὶ
3069 1701 3421 1767 πραγμάτων
3463 1697 3734 1767 ἐπίχυσιν

2137 1788 2231 1840 καὶ
2263 1786 2379 1854 βίου
2410 1788 2695 1857 σύγχυσιν,
2721 1790 2818 1842 καὶ
2845 1790 3047 1861 βλάϐας
3074 1791 3194 1854 οἵας
3218 1791 3312 1845 καὶ
3331 1790 3539 1859 τύρϐας
3565 1791 3732 1856 ὅσας,

461 1864 716 1934 φοόερὸς,
766 1867 946 1923 εἵτουν
993 1871 1130 1942 τύχη
1181 1873 1664 1944 μορμολυττομένη
1706 1879 1768 1930 τὸ
1815 1880 2027 1947 ὅμοιον,
2060 1863 2107 1926 Β
2137 1873 2228 1942 ὕφ’
2259 1868 2334 1930 ὧν
2363 1877 2458 1929 τοῦ
2493 1877 2650 1945 φίλου
2693 1878 2854 1946 λόγου
2888 1879 3344 1949 περικεκίνησαις
3381 1881 3488 1932 Καὶ
3531 1880 3732 1934 οὕκέτε

457 1953 578 2008 οὕτι
608 1955 947 2024 δεδόξασται.
981 1961 1108 2026 Πῶς
1136 1963 1244 2033 γὰρ
1279 1964 1346 2018 ἂν
1369 1967 1467 2021 καὶ
1509 1966 1593 2037 εἰη
1624 1967 1851 2039 τοιαύτη
1887 1967 2028 2040 τύχη

459 2049 590 2116 παρ’
619 2049 779 2119 ἡμῖν,
813 2047 896 2115 οἷς
921 2052 982 2106 τὸ
1023 2056 1132 2109 πᾶν
1165 2057 1192 2110 6
1219 2056 1352 2121 Θεός
1379 2074 1397 2126 ;
1448 2059 1584 2113 ὅπου
1617 2059 1728 2113 τῶν
1759 2061 2033 2130 Ἐλλήνων

459 2139 576 2194 ὅσοι
607 2143 907 2214 σοφώτεροι
943 2144 1157 2202 εὔνοιαν
1181 2149 1466 2221 θειοτέραν
1496 2151 1598 2219 τὴν
1623 2151 1797 2222 τύχην
1823 2151 2033 2222 ὁρίζον-

456 2253 573 2303 ται,
605 2241 701 2294 καὶ
727 2242 808 2302 εἰς
835 2242 1034 2296 ταυτὸν
1057 2243 1230 2312 αὐτὴν
1253 2245 1332 2316 τῷ
1363 2243 1517 2315 καλῷ
1545 2246 1643 2315 τῆς
1680 2245 2036 2314 εὐδαιμονίας

457 2331 776 2399 συνάγουσι.
814 2332 964 2405 Τύχη
1015 2336 1116 2404 μὲν
1168 2331 1264 2392 οῦν
1307 2337 1442 2406 ἡμῖν
1483 2337 1609 2392 οὕτε
1641 2337 1793 2392 ἐστίν
1835 2337 2032 2404 οὕτως,

455 2421 583 2478 οὕτε
613 2424 943 2496 πεφόϐηται.
994 2428 1056 2481 ⁸0
1080 2427 1138 2480 δέ
1172 2445 1263 2498 μοι
1308 2427 1468 2497 λόγος
1509 2427 1726 2499 φρίττει
1765 2429 1858 2482 τὸν
1892 2430 1985 2483 σόν
2015 2447 2031 2462 ο

456 2515 554 2568 καί
587 2533 692 2569 που
742 2519 1058 2588 περιτυχὼν
1107 2519 1276 2591 αὐτῷ,
1319 2520 1608 2584 συσταλεὶς
1654 2521 1988 2576 καταδύεται
2012 2536 2032 2557 ο

457 2607 556 2661 καὶ
584 2607 733 2661 καθά
774 2624 878 2662 που
920 2609 1082 2677 λόγος
1119 2609 1257 2680 ἔχει,
1291 2613 1566 2681 σωμάτων
1598 2612 1841 2677 κτύπους
1880 2614 2034 2677 τινὰς

458 2698 666 2770 ἑτέροις
698 2701 892 2766 εἴκειν,
923 2703 1018 2756 καὶ
1043 2705 1249 2757 τούτων
1274 2703 1552 2774 ἠχούντων
1577 2705 1818 2766 ἐκείνους
1849 2705 2031 2775 σιγᾷν,

454 2793 560 2844 ούκ
599 2791 822 2861 ἔχοντας
847 2795 1129 2866 ἀντηχεῖν,
1160 2795 1306 2852 οὕτω
1349 2797 1466 2861 καὶ,
1494 2797 1591 2852 τοῦ
1623 2798 1788 2868 σοφοῦ
1819 2799 1860 2851 Γ
1865 2815 2033 2870 ρηγο-

457 2882 579 2953 ρίου
611 2883 674 2937 τὸ
725 2883 978 2941 σύντονον
1011 2889 1072 2941 ἐν
1099 2890 1411 2959 ῥητορείαις
1454 2890 1692 2962 ᾄδοντος,
1726 2892 1760 2962 ἡ
1808 2890 1902 2944 τοῦ
1932 2891 2034 2944 Εὕα

458 2977 682 3032 σταθίου
712 2977 874 3034 λαλιὰ
897 2981 1008 3035 οὐδ’
1034 2985 1114 3044 εἰς
1145 2985 1382 3037 τονιαίόν
1406 3001 1458 3036 τι
1482 2984 1756 3054 ἀπήχημα
1789 2982 2036 3053 ύποψάλ-

452 3071 632 3126 λεται.
679 3071 804 3128 Ἔτι
850 3090 942 3142 μοι
973 3073 1074 3143 τῆς
1129 3073 1423 3145 ἐπιστολῆς
1470 3074 1690 3144 ἐκείνης
1732 3074 2034 3144 ἰνδάλματα

457 3168 753 3239 προτρέχει
781 3169 893 3222 τῶν
939 3169 1257 3240 ὀφθαλμῶν,
1289 3169 1358 3239 ῆν
1395 3168 1456 3222 ού
1501 3169 1610 3238 πρὸ
1654 3167 1852 3220 πολλοῦ
1893 3167 2035 3237 μετά

456 3262 648 3330 χεῖρας
700 3260 936 3330 ηὕχουν·
972 3261 1068 3314 καί
1105 3278 1173 3330 με
1214 3260 1309 3316 τοῦ
1354 3261 1586 3331 γράφειν
1635 3259 1891 3330 ἐκκρούει
1937 3260 2033 3312 ἐκ-

460 3353 724 3425 θροοῦντα
744 3355 842 3424 οὐχ
863 3349 1102 3426 ἦττον,ἢ
1130 3354 1221 3408 τὸν
1247 3353 1475 3426 θρυλλού
1484 3371 1646 3423 μενον
1668 3353 2036 3425 άντιφέροντα

455 3447 528 3500 τὰ
578 3446 792 3502 ἐκείνου
849 3446 1279 3517 ἐκδειματοῦντα
1341 3445 1666 3514 ἰνδάλματα.
1717 3445 1842 3498 Ἔτι
1897 3462 1968 3516 με
2005 3445 2036 3498 6

457 3539 668 3603 γλυκὺς
698 3540 910 3603 ἐκεῖνος
953 3538 1162 3610 ῥυθμὸς
1197 3540 1514 3610 ἐπικροτεῖ·
1551 3537 1633 3592 ἔτι
1676 3554 1742 3606 με
1777 3537 2036 3608 περιάγει

457 3630 520 3685 τὺ
549 3631 746 3694 κάλλος
766 3646 782 3665 ο
813 3631 876 3686 τὸ
915 3633 1026 3686 τῶν
1058 3631 1351 3704 νοημάτων
1385 3630 1543 3699 ὕψος,
1585 3631 1618 3700 ἡ
1671 3630 1966 3702 πυκνότης,
1999 3630 2034 3700 ἠ

460 3725 802 3796 στρυφνότης
821 3740 838 3757 ο
868 3725 904 3795 ἡ
951 3723 1145 3788 αὐταῖς
1187 3723 1616 3796 άνακεκραμένη
1647 3722 1926 3793 γλυκύτης
1949 3739 1964 3754 ·
1995 3723 2032 3793 ἡ

456 3818 556 3887 τῆς
587 3817 786 3883 λέξεως
834 3819 997 3890 χάρις
1023 3835 1038 3851 ο
1077 3819 1111 3889 ή
1150 3819 1210 3871 ἐν
1253 3819 1502 3888 σχήμασι
1550 3816 1830 3871 ποικιλίαο
1861 3813 2036 3869 τᾶλλα

459 3910 640 3966 πάντα
669 3909 830 3973 καλά,
880 3909 968 3962 ῑνα
1008 3909 1084 3981 μὴ
1114 3909 1209 3963 καὶ
1256 3907 1490 3978 φορυτὸν
1535 3908 1713 3968 ἄλλως
1747 3906 2035 3976 ὀνομάτων

459 4001 816 4069 ἐπισυνάγειν
842 4000 1081 4069 δόξαιμι.
1119 3999 1283 4054 Ἀλλά
1302 3999 1357 4053 τί
1383 4017 1474 4068 μοι
1498 3998 1789 4066 ἐπιστολῆς
1817 3996 2037 4066 ἐκείνης

457 4097 560 4163 τῆς
596 4094 749 4162 μιᾶς,
799 4093 849 4145 εἰ
876 4093 974 4144 καὶ
1013 4091 1134 4144 λίαν
1171 4090 1382 4158 καλῆς
1409 4091 1476 4145 Τί
1517 4091 1591 4159 μὴ
1624 4089 1716 4143 τὸν
1747 4088 1913 4157 σοφὸν
1935 4089 2037 4159 τὴν

457 4185 619 4254 χεῖρα
648 4183 1012 4253 Πρωτογένην
1036 4182 1138 4236 οὐκ
1167 4183 1234 4237 ἐκ
1262 4182 1374 4236 τῶν
1405 4181 1662 4250 μεγάλων
1694 4181 1894 4251 ἔργων,
1916 4181 2034 4235 ἀλλ’

455 4279 525 4331 ὲκ
575 4275 672 4330 τοῦ
717 4274 1003 4348 παρέργου
1061 4273 1539 4346 καλοῦ,.πέρδικος
1601 4272 1855 4340 ἐπαινῶ;
1908 4272 2036 4327 Ἐπὶ

453 4367 586 4422 νοῦν
615 4367 882 4436 λαμϐάνω
909 4367 1008 4437 τὴν
1039 4365 1141 4436 σὴν
1167 4363 1606 4436 καλλιγραφικὴν
1639 4363 2032 4435 λογογραφίαν,

455 4460 600 4535 [καὶ]
636 4460 928 4530 θαυμάσας
964 4459 1041 4523 ὡς
1093 4460 1176 4514 ἔνι
1225 4457 1484 4530 μάλιστα,
1523 4458 1617 4512 καὶ
1651 4457 1851 4511 ἐαυτοῦ
1892 4459 2030 4510 ἀπο·

2137 1967 2240 2040 φῂς
2271 1969 2394 2023 οὕτε
2419 1972 2538 2035 ταῖς
2567 1973 2736 2026 πάλαι
2765 1973 2896 2027 ποτέ
2916 1973 3107 2036 λάλαις
3138 1976 3324 2042 ὅμοια,
3349 1972 3477 2029 οὕτε
3511 1975 3734 2044 βίϐλοις

2138 2062 2603 2130 προστετηκέναι,
2649 2061 2766 2116 οὔθ’
2796 2064 2936 2129 δλως
2970 2065 3148 2119 ἐκεῖνο
3171 2061 3338 2130 εἶναι,
3358 2067 3421 2120 δν
3456 2068 3622 2136 ἡμεῖς
3648 2066 3735 2119 οτ-

2135 2152 2350 2222 δαμεν;
2386 2153 2452 2207 Ὢ
2479 2155 2580 2225 τῆς
2607 2154 2734 2210 καθ’
2760 2156 2923 2226 ἡμῶν
2957 2159 3187 2227 σκηνῆς.
3219 2159 3292 2212 Ἥ
3326 2155 3733 2230 σκη[νοϐα]τή-

2119 2261 2225 2300 *σοι
2245 2246 2276 2300 6
2295 2247 2453 2316 λόγος
2478 2263 2496 2315 ;
2525 2247 2984 2318 Ἐσχημάτισται,
3015 2247 3290 2318 ἧνθισται.
3328 2249 3734 2320 Ἐπικρύπτεις

2137 2340 2272 2409 ἡμῖν
2326 2337 2580 2404 σεαυτὸν,
2613 2339 2716 2392 οὐκ
2758 2337 2859 2392 οἶδ’
2906 2339 3018 2392 εἴτε
3068 2340 3217 2394 κατὰ
3274 2341 3368 2395 τὸν
3417 2341 3734 2412 Ὁμηρικὸν

2150 2431 2434 2498 Ὀδυσσέα,
2467 2432 2500 2502 ἢ
2544 2433 2598 2487 εί
2625 2449 2709 2494 τις
2756 2433 2879 2487 κατ’
2909 2433 3120 2487 ἐκεῖνον
3146 2433 3248 2506 τὴν
3282 2435 3481 2489 ἐαυτοῦ
3516 2436 3734 2505 κρύψιν

2139 2524 2582 2596 ἐσκηνοϐάτησεν
2602 2541 2618 2558 ο
2650 2527 2760 2579 εῐτε
2807 2525 2954 2580 κατά
2979 2527 3071 2579 τὸν
3101 2528 3160 2580 ἐν
3195 2527 3532 2596 σοφίσμασιν
3560 2530 3734 2597 ἐγκε-

2137 2619 2509 2688 καλυμμένον,
2535 2618 2611 2683 ὡς
2637 2617 2702 2673 ἂν
2727 2616 2954 2689 ὕστερον
2977 2619 3224 2688 ἐκφήνας
3251 2619 3321 2674 τά
3344 2621 3486 2674 κατά
3522 2637 3611 2685 σε,
3644 2622 3732 2686 εἰς

2138 2710 2484 2778 ἀντιφάσεως
2547 2709 2858 2781 μοχθηρίαν
2917 2711 3225 2783 συνελάσῃς
3282 2713 3454 2782 ἡμᾶς,
3510 2713 3734 2776 εἰδότας

2139 2802 2256 2872 ἅμα
2285 2803 2378 2856 καὶ
2402 2803 2504 2856 οὐκ
2531 2802 2740 2866 εἰδότας
2762 2820 2845 2859 σε.
2879 2805 2944 2856 Ὢ
2968 2807 3068 2873 τῆς
3087 2805 3378 2874 εἰρωνείας
3405 2805 3418 2859 !
3455 2803 3736 2875 Μυκτῆρα

2141 2895 2249 2964 γὰρ
2281 2895 2457 2950 εἰπεῖν
2481 2894 2541 2950 τὸ
2569 2895 2831 2966 πρᾶγμα,
2861 2891 3020 2965 οἶμαι
3051 2894 3150 2949 οὐκ
3177 2894 3419 2963 ἀσφαλές
3438 2891 3582 2948 “ml
3617 2895 3737 2965 μὴν

2137 2987 2260 3042 οὺῗέ
2307 2986 2584 3058 ἀκκισμὸς
2619 2987 2652 3058 ἢ
2690 2987 2886 3056 θρύψις
2953 2987 3016 3040 τὸ
3066 2987 3241 3050 πάθος
3290 2985 3431 3043 ἐστί.
3479 2986 3641 3056 Τάχα
3672 2987 3734 3040 δὲ

2139 3079 2374 3132 κάκεῖνα
2430 3077 2804 3146 διαγραπτέον
2857 3093 2970 3147 μοι,
3027 3079 3124 3132 καὶ
3173 3078 3367 3150 πόρῥω
3405 3078 3501 3132 τοῦ
3560 3079 3735 3147 λόγου

2142 3169 2366 3225 θετέονο
2414 3171 2703 3224 κατειπεῖν
2759 3170 2869 3241 γάρ
2917 3187 3012 3224 σου
3051 3169 3288 3240 φορτικά
3342 3169 3478 3240 πρὸς
3541 3170 3732 3240 ῥῆσιν,

2142 3262 2284 3316 πάνυ
2319 3259 2480 3332 βαρύ.
2512 3258 2654 3317 Οὕτε
2681 3259 2792 3332 γὰρ
2817 3261 2880 3314 τὸ
2905 3261 3182 3330 σκηνικῶς
3207 3263 3423 3330 ὁμιλεῖν
3451 3265 3510 3316 ἐν
3541 3263 3733 3317 τοιού-

2141 3371 2254 3420 τοις
2288 3355 2574 3409 σπουδαῖον
2620 3354 2896 3424 κρίνεται,
2928 3354 3026 3407 καὶ
3067 3355 3136 3407 τά
3181 3354 3290 3424 τῆς
3336 3354 3629 3423 εἰρωνείας
3670 3356 3734 3410 δὲ

2141 3447 2200 3499 ἐν
2229 3445 2430 3509 κακίας
2460 3445 2626 3517 μοίρᾳ
2653 3445 2935 3516 βέϐληται.
2968 3445 3034 3498 Ὦ
3061 3445 3244 3499 τοίνυν
3275 3444 3371 3498 τοῦ
3405 3447 3691 3510 ἐπιεικοῦς
3711 3463 3732 3480 ο

2141 3539 2189 3592 ῶ
2222 3537 2600 3607 καθυφέσεως,
2617 3539 2698 3601 εἰς
2716 3537 2784 3609 ἢν
2815 3538 2844 3590 6
2861 3537 3065 3607 ύψηλδς
3085 3538 3180 3591 καὶ
3209 3538 3378 3601 πολὺς
3393 3538 3494 3608 τὴν
3527 3540 3734 3608 σοφίαν

2142 3629 2488 3700 κατήνεγκας
2541 3629 2789 3685 σεαυτόν.
2833 3631 2898 3682 Ὢ
2943 3629 3038 3682 τοῦ
3076 3630 3300 3700 μετρίου
3350 3632 3730 3701 φρονήματος,

2142 3721 2233 3787 ὕφ’
2253 3715 2318 3776 οὕ
2348 3721 2704 3791 περιμετρεῖς
2735 3721 2958 3773 σεαυτὸν
2980 3721 3096 3781 τοῖς
3117 3720 3354 3784 πολλοῖς.
3385 3721 3620 3790 σημεῖον
3647 3723 3732 3784 εἰς

2145 3812 2308 3883 βάθος
2340 3811 2437 3866 καὶ
2463 3813 2544 3875 εἰς
2581 3810 2716 3881 ὕψος
2744 3811 2907 3866 άλλον
2933 3811 3138 3883 τρόπον
3171 3811 3268 3865 καὶ
3298 3811 3461 3873 αὐτὸς
3496 3811 3733 3877 αἰτησάεο

2144 3920 2307 3975 μενος
2340 3904 2434 3957 καὶ
2460 3903 2642 3958 λαϐὼν
2667 3905 2732 3958 ἐκ
2759 3903 2896 3958 Θεοῦ
2922 3919 2937 3936 ο
2967 3903 3154 3974 βάθος,
3182 3904 3243 3957 τὸ
3273 3904 3364 3957 διὰ
3389 3903 3732 3958 ταπείνωσιν

2141 3999 2293 4052 κάτω
2316 4013 2332 4030 ο
2371 3996 2528 4069 ὕψος,
2573 3995 2675 4069 τὴν
2715 3996 2862 4051 κατά
2905 3997 3099 4066 λόγους
3143 3996 3432 4052 ἀνάϐασιν.
3472 3996 3618 4065 Ἐγὼ
3668 3982 3732 4052 δέ

2141 4090 2330 4160 ἠξίουν
2356 4089 2584 4146 σεαυτὸν
2607 4090 2832 4156 εἰδέναι,
2866 4093 2962 4144 καὶ
2986 4090 3062 4161 μὴ
3087 4089 3317 4144 τοιαῦτα
3339 4091 3731 4159 καταγράφειν

2144 4178 2395 4236 σεαυτοῦ.
2425 4180 2502 4234 Ού
2547 4181 2657 4251 γὰρ
2689 4180 2753 4235 τδ
2785 4181 3014 4236 παλαιὸν
3043 4182 3224 4234 ἐκεῖνο
3264 4181 3502 4251 γράμμα
3539 4199 3730 4237 στενο-

2141 4275 2327 4345 χωρῶ,
2341 4275 2423 4338 τδ,
2447 4274 2644 4332 Γνῶθι
2663 4274 2918 4340 σαυτὸν,
2941 4275 3056 4328 ἀλλ’
3071 4275 3154 4338 εἰς
3167 4275 3378 4339 πάντας
3399 4275 3731 4346 ἀνθρώπους

2143 4363 2419 4426 πλατύνω,
2452 4363 2549 4418 καὶ
2611 4363 3024 4433 συνεπιμερίζω
3071 4363 3132 4417 τὸ
3175 4363 3342 4433 ῥητὸν
3391 4366 3505 4427 τοῖς
3561 4366 3732 4420 καθέ..

2143 4467 2360 4508 κασταο
2389 4455 2468 4518 ὡς
2518 4454 2639 4510 δέον
2679 4453 2762 4519 ὃν,
2812 4455 3049 4508 ἔκαστον
3087 4455 3282 4510 ἑαυτὸν
3331 4455 3539 4509 εἰδέναι
3570 4475 3587 4492 ο
3635 4458 3730 4512 ἶνα

454 4554 643 4623 γνοὺς,
670 4555 1014 4622 σχασάμενος
1037 4551 1138 4624 τὴν
1165 4551 1508 4620 σοφιστικὴν,
1528 4551 1710 4613 ἄλλοις
1742 4547 2037 4614 ἀντεπεξά⁸
2065 4580 2110 4634 D
2145 4547 2286 4617 μήτε
2314 4551 2344 4602 6
2367 4547 2426 4603 τὸ
2453 4547 2624 4618 μηδὲν
2651 4548 2728 4602 ὢν
2750 4547 2974 4618 ὕψιστόν
2992 4565 3046 4602 τι
3080 4549 3280 4619 φρονῇ,
3321 4549 3461 4619 μήτε
3484 4551 3513 4604 6
3553 4550 3729 4620 ὑπερ.

454 4645 650 4714 γεσθαι
675 4644 811 4716 πρὸς
827 4644 931 4716 τὴν
953 4645 1053 4715 σὴν
1077 4645 1148 4712 (εἰ
1171 4642 1468 4714 βούλοιντο)
1491 4641 1783 4713 ῥητορείαν
1805 4640 2032 4712 ἀφίημι.

458 4736 568 4790 Καὶ
611 4735 803 4808 ἧθελον
855 4737 990 4791 ἰδεῖν
1034 4739 1162 4800 τοὺς
1203 4735 1503 4800 τοιούτους,
1539 4735 1738 4798 οἵτινες
1782 4735 1889 4804 ἄρα
1940 4736 2038 4790 καὶ

455 4825 572 4882 εἷεν
593 4845 608 4858 ·
636 4829 714 4891 ὡς
747 4829 815 4883 ἂν
847 4824 994 4900 εἰχον
1023 4827 1300 4899 εὐθύμως,
1338 4828 1462 4881 ἰδὼν
1506 4827 1819 4897 ήττὼμενόν
1853 4843 1914 4879 σε
1943 4828 2038 4880 τὸν

456 4922 583 4990 ἐμοὶ
633 4920 887 4991 φοϐερόν.
915 4921 980 4974 Ol
1022 4920 1078 4974 δὲ
1105 4949 1178 4960 -
1219 4919 1355 4973 ἀλλὰ
1409 4919 1504 4974 καὶ
1544 4919 1702 4974 αὐτοὶ
1741 4918 1817 4982 ὡς
1845 4918 2037 4972 λέοντα

461 5011 704 5083 μηκάδες
752 5007 910 5080 αἶγες
941 5011 1304 5082 πεφόϐηνται.
1358 5012 1472 5066 Καὶ
1503 5011 1569 5064 σὺ
1627 5011 1726 5081 μὲν
1772 5009 1916 5063 κατά
1941 5011 2037 5063 τὸν

469 5102 770 5171 Ὁμηρικὸν
793 5101 1040 5172 Ἕκτορα
1063 5105 1278 5165 πάντας
1297 5101 1540 5167 καθίζων
1565 5102 1696 5165 τοὺς
1715 5101 2038 5172 ῥητορεύειν

455 5193 688 5258 δεινοὺς,
732 5187 854 5248 εἶτα
878 5195 973 5248 τὸν
1025 5195 1326 5248 ἀντίπαλον
1378 5193 1688 5264 μονομάχον
1722 5192 1944 5263 ζητεῖς
1983 5192 2037 5245 οἰ

459 5287 518 5341 δέ
548 5285 822 5352 σιωπῶσι,
856 5285 952 5339 καὶ
985 5287 1046 5340 ού
1077 5286 1345 5358 θαρῥοῦσι
1378 5287 1480 5356 τὴν
1511 5285 1877 5351 ἐπεξέλευσιν.
1915 5285 2034 5340 Κάν

456 5396 542 5441 τις
575 5379 760 5440 αὐτοῖς
797 5377 923 5431 καθ’
953 5378 1204 5446 Ὅμηρον
1233 5377 1377 5433 ἀλλ’
1428 5377 1602 5446 ὑμεῖς
1643 5376 1760 5446 μὲν
1807 5378 2036 5445 πάντες

457 5468 618 5536 ὕδωρ
661 5465 763 5521 καὶ
795 5464 935 5538 γαῖα
977 5457 1257 5536 γένοισθε
1304 5468 1728 5540 ἐπιφθέγξηται,
1767 5471 1818 5523 εἰ
1850 5469 1916 5540 δὴ
1944 5471 2034 5523 τὸν

458 5561 560 5617 ενα
596 5556 786 5613 τοῦτον
818 5557 1126 5612 δεδίττεσθε
1155 5559 1332 5622 αὐτοὶ,
1364 5559 1477 5614 οὐδ’
1503 5558 1680 5622 οὕτως
1709 5562 1791 5624 εἰς
1824 5562 2035 5631 τόλμαν

461 5651 765 5716 ὀξύνονται,
793 5648 901 5703 οὐδ’
929 5650 1090 5704 ἐννέα
1120 5649 1323 5712 πάντες
1344 5651 1702 5707 ἁνθίστανταί
1739 5667 1826 5706 σοι
1851 5667 1867 5684 ⁸
1896 5654 2038 5720 ἀγα-

465 5742 638 5812 πητδν
668 5741 801 5811 γὰρ,
837 5742 888 5795 εἰ
920 5742 1016 5796 καί
1049 5758 1170 5794 τινα
1205 5741 1326 5806 ἕνα,
1352 5742 1448 5794 καὶ
1491 5741 1655 5795 αὐτὸν
1683 5743 1743 5794 ού
1775 5743 1918 5797 κατά
1942 5745 2035 5799 τὸν

476 5834 654 5904 μέγαν
679 5833 908 5902 Δίαντα,
935 5833 1217 5906 ἐγεροῦσιν
1243 5835 1559 5906 ἀντίμαχον.
1585 5832 1742 5889 Οὕτω
1776 5851 1868 5890 σου
1900 5836 2036 5894 πάν-

2143 4638 2348 4709 ύψηλος
2408 4638 2556 4694 οὕτω
2614 4639 2754 4709 πρὸς
2806 4643 2912 4710 γῆν
2962 4641 3158 4696 tum
3213 4642 3496 4713 κατασπᾷ.
3563 4642 3730 4696 Ἀλλά

2138 4729 2315 4785 ταῦτα
2353 4730 2455 4800 μέν
2503 4728 2672 4800 ἄλλην
2706 4729 2822 4801 ἔχει
2865 4731 3086 4801 τριϐὴν,
3129 4731 3231 4786 εἷθ’
3258 4731 3405 4786 οὕτω
3443 4734 3728 4804 ποιητέον,

2139 4822 2249 4876 εἴτε
2275 4824 2368 4876 καί
2395 4822 2495 4894 μή.
2526 4823 2598 4876 Σὺ
2626 4823 2684 4878 δέ
2721 4822 2776 4876 τί
2802 4833 2936 4876 ποτε
2962 4825 3092 4896 φῂς,
3137 4824 3352 4896 ἀνδρῶν
3384 4825 3724 4894 λογιώτατες

2137 4914 2413 4980 δυστόκως
2445 4915 2594 4985 ἔχεις
2627 4915 2757 4984 περί
2781 4915 3072 4987 νοημάτων
3099 4919 3299 4984 γονάςς
3335 4917 3431 4971 καὶ
3461 4916 3523 4970 ὃν
3557 4918 3726 4987 ἱδρὼς

2141 5006 2373 5078 συνεχὴς
2421 5010 2517 5063 καὶ
2565 5007 2840 5079 θερμότης
2865 5007 3128 5078 ἐντρεχὴς
3158 5011 3255 5063 καὶ
3283 5009 3472 5072 ἔννους
3500 5009 3585 5072 εἰς
3629 5026 3728 5062 κο-

2140 5099 2268 5152 πίδα
2286 5099 2759 5169 φιλοσοφουμένην
2779 5100 3116 5168 ἐστόμωσεν,
3135 5100 3430 5154 ἀντιτυπία
3454 5101 3730 5170 πραγμάο

2136 5207 2248 5246 των
2275 5191 2591 5260 ἐπήμϐλυνε
2616 5207 2632 5259 ;
2658 5191 2914 5262 νενίκηκέ
2942 5208 3004 5244 σε
3036 5191 3210 5262 τύρϐη
3243 5192 3543 5261 φροντίδων
3559 5208 3576 5257 ;
3619 5209 3728 5246 πε-

2140 5284 2390 5355 ριγέγονέ
2461 5299 2602 5351 σου;
2666 5283 2888 5337 καθεῖλε
2951 5282 3048 5336 τοῦ
3107 5283 3312 5352 ὕψους;
3390 5283 3720 5349 ἀπέσπασε;

2139 5376 2594 5446 καταϐέϐληκεν;
2647 5377 2842 5430 Οὐκέτ’
2891 5378 3102 5440 ἐκεῖνος
3147 5371 3200 5431 εἰ
3228 5379 3256 5431 6
3293 5377 3461 5432 πάλαι
3508 5377 3730 5448 Γρηγό-

2140 5484 2253 5538 ριος
2281 5483 2296 5532 ;
2323 5466 2382 5529 ὃς
2415 5469 2509 5520 καὶ
2545 5469 2928 5538 καταλογάδην
2967 5468 3314 5539 περιπτύσας
3354 5487 3408 5523 τι
3447 5468 3652 5536 λόγιον,
3687 5470 3728 5542 ἢ

2136 5559 2232 5613 καὶ
2292 5559 2652 5630 παραρῥίψας
2715 5561 2974 5630 στιχίδιον
3027 5561 3261 5630 σχέδιον,
3305 5562 3390 5624 εἰς
3433 5561 3731 5630 ἀμίμητον

2137 5653 2272 5707 αὐτὸ
2296 5653 2390 5706 καὶ
2428 5654 2570 5721 μέγα
2607 5655 2721 5716 τοῖς
2766 5653 3084 5726 ῥητορεύειν
3123 5655 3370 5708 θέλουσιν
3415 5655 3726 5727 ἐλεπτούρ-

2137 5761 2314 5813 γησας
2372 5746 2661 5815 σκάριφον.
2696 5745 2885 5808 Οὕτως
2927 5748 2986 5800 ἐν
3044 5748 3226 5817 λόγοις
3271 5747 3502 5818 ἄπειρος
3554 5748 3680 5819 εἴην
3706 5765 3725 5782 ·

2141 5835 2428 5906 πεινῴμην
2451 5836 2596 5892 οὕτω
2629 5839 2823 5908 σοφίας
2849 5857 2861 5869 ·
2900 5840 3122 5896 τοιαύτη
3175 5857 3244 5909 με
3275 5840 3430 5907 λάχοι
3477 5841 3608 5905 περὶ
3634 5839 3728 5895 λό-
