4062 6410
315 433 450 496 1277

1042 388 1054 400 ’
1093 431 1515 496 EUSTATHII
1555 431 2314 497 THESSALONICENSIS
2353 433 2772 496 EPISTOLE.

3433 437 3588 501 1278'

311 561 448 615 γους
500 543 698 600 ἔνδεια.
732 540 805 600 Ὠ
837 545 1162 616 πράγματα,
1208 548 1428 606 λάόοιτέ
1466 567 1564 622 με·
1591 545 1636 606 ὧ
1669 552 1889 622 φροντίο
1921 557 1965 617 Α
1997 555 2190 626 κλῆσις
2219 555 2320 624 τήν
2351 554 2630 610 θάλασσαν
2661 552 3029 608 ἐπιλέλοιπεν.
3063 552 3220 608 Οὕτω
3245 551 3300 607 δὲ
3331 551 3442 624 ἀρα
3475 556 3573 608 καὶ

311 639 424 701 δες,
452 637 633 706 έχοιτέ
666 655 730 707 με
754 655 768 671 ο
813 634 859 692 ὧ
907 639 1107 709 τύρϐαι
1142 643 1238 696 καὶ
1275 642 1446 713 δχλοι,
1479 644 1626 713 ἀμφί
1656 661 1746 714 μοι
1795 645 1890 712 γέ-

312 731 496 784 νοισθε
545 730 756 801 κύκλῳ,
784 733 832 786 εἰ
879 733 1022 788 οὕτω
1073 736 1167 789 καί
1215 736 1441 807 τεχνοῦν
1478 736 1662 790 οἴδατε
1707 736 1802 791 καὶ
1833 738 1891 790 ἐν

316 821 626 878 καθεστῶτι
658 823 952 892 φυλάττειν
983 827 1109 890 τοὺς
1145 828 1405 898 ῥήτορας.
1442 827 1636 892 ’Ἄλλος
1663 829 1762 899 μὲν
1798 829 1894 883 οῦν

312 932 420 978 τις,
455 915 619 984 μέσος
644 915 1046 987 ἐναποληφθεὶς
1075 919 1420 990 πραγμάτων
1441 918 1586 974 οὕτω
1614 921 1888 990 μεγάλων,

312 1006 520 1061 ἔπαθεν
572 1007 643 1064 ἂν
695 1009 931 1080 ἀληθῶς,
974 1011 1118 1080 άπερ
1157 1014 1260 1066 οὐκ
1313 1013 1533 1084 άληθῶς
1577 1013 1740 1076 αὐτὸς
1774 1017 1894 1068 ἐπι-

312 1101 512 1172 γράψω
543 1101 730 1172 σαυτῷ
755 1117 771 1134 ·
797 1103 895 1173 οὺχ
927 1099 1038 1166 οἷος
1066 1103 1256 1177 εί[ης],
1286 1104 1658 1174 προσθέμενος
1681 1105 1889 1173 λέγειν,

313 1195 434 1250 ἀλλ’
483 1190 598 1258 οἷος
645 1194 712 1250 ἄν
749 1211 834 1256 τις
886 1195 1119 1262 γένοιτο,
1159 1196 1509 1266 τηλικούτοις
1565 1197 1893 1267 πράγμασιν

311 1285 614 1356 ἐνσχεθείς.
666 1287 741 1340 Σὺ
776 1282 870 1341 οὖν
927 1285 1126 1344 οὔκουν
1175 1288 1415 1354 τοιοῦτος
1457 1289 1583 1344 οὔτε
1634 1291 1889 1358 γέγονας,

312 1376 435 1430 ἀλλ’
480 1377 602 1433 οὐδὲ
661 1378 951 1448 μελλήσεις
1003 1379 1248 1435 ἔσεσθαι.
1297 1381 1482 1436 Αῐτιον
1515 1381 1585 1447 δ’,
1627 1383 1711 1435 ὅτι
1754 1382 1892 1452 πρὸς

316 1469 598 1540 ὑπεροχὴν
635 1470 736 1538 τῆς
765 1472 826 1525 ἐν
859 1471 1040 1540 λόγοις
1085 1471 1350 1543 ἐλήλυθας
1387 1471 1582 1538 ἕξεως,
1615 1473 1710 1526 καὶ
1754 1473 1892 1542 πρὸς

313 1563 628 1632 ἐπιστήμης
650 1564 808 1626 τέλος
860 1565 1158 1633 ἐλήλακας.
1204 1563 1416 1618 υύκοῦν
1458 1566 1540 1627 εἰς
1576 1564 1748 1636 ἀκρον
1807 1581 1890 1618 σοι

315 1653 510 1724 σοφίας
545 1657 735 1726 ήκοντι
767 1657 928 1728 ῥᾳδία
952 1659 1144 1718 ἔπειτα
1167 1657 1295 1712 καθ’
1321 1658 1594 1720 Ἡσίοδον,
1629 1659 1662 1729 ή
1697 1656 1891 1727 πρῴην

313 1748 528 1818 χαλεπὴ
561 1749 757 1817 γέγονε
780 1764 796 1781 °
845 1751 940 1804 καί
977 1768 1062 1804 σοι
1089 1751 1178 1804 διά
1197 1749 1374 1806 ταῦτα
1422 1750 1624 1815 ἄπονος
1655 1751 1688 1820 ἡ
1736 1751 1892 1819 ἐνέρ-

314 1857 462 1908 γεια,
494 1839 588 1894 καὶ
632 1840 700 1894 τὰ
731 1841 834 1911 τῆς
872 1844 1304 1913 μεταχειρίσεως
1342 1841 1582 1911 ἀμοχθα.
1631 1840 1742 1895 Καὶ
1775 1840 1890 1911 ἔχει

1994 648 2059 702 σὺ
2086 646 2260 700 τὸτοῦ
2294 647 2388 701 νοῦ
2425 678 2496 688 -
2532 647 2643 700 εἴτε
2692 647 2856 710 κύτος
2891 646 3057 714 φάναι
3086 645 3214 717 χρή,
3256 647 3369 699 εἴτε
3398 645 3572 701 ἀσυσ-

1995 755 2108 801 σον,
2135 738 2252 790 εἴτε
2281 744 2375 792 καὶ
2406 741 2535 810 χάος
2573 738 2661 791 διά
2701 737 2764 791 16
2789 737 2885 792 τοῦ
2921 735 3110 805 νοεροῦ
3129 736 3324 790 τούτου
3363 737 3569 806 χωρίου

1993 829 2328 899 πολυχανδές
2376 857 2448 871 σι-
2493 831 2575 893 εἰς
2621 828 2894 900 ὑποδοχὴν
2935 831 3118 897 πάσης
3171 827 3571 899 χρηστοηθείας

1993 922 2202 988 ἐξὲθου,
2237 921 2333 976 καὶ
2371 922 2436 988 δὴ
2465 923 2647 983 πάσας
2673 921 2835 989 λόγου
2867 922 3053 991 πηγάς
3087 921 3184 973 καὶ
3232 919 3436 981 πάντας
3474 937 3572 972 πο-

1991 1016 2202 1084 ταμοὺς
2236 1014 2514 1080 εἰσεδέξω.
2552 1016 2661 1068 Καὶ
2706 1014 2906 1068 οὔκουν
2943 1015 3024 1077 εἰς
3073 1011 3350 1066 θάλασσαν
3395 1012 3570 1083 πέρας

1994 1107 2219 1173 εἰδυῖαν,
2255 1107 2376 1161 ἀλλ’
2422 1108 2507 1169 εἰς
2557 1105 2800 1161 ὠκεανόν
2834 1124 2926 1176 μοι
2958 1105 3028 1160 τὰ
3057 1104 3200 1158 καλά
3230 1104 3403 1160 ταῦτα
3443 1121 3569 1158 συν-

1995 1199 2266 1272 έρρευσαν
2320 1199 2595 1268 χεύματα,
2649 1200 2744 1252 καὶ
2775 1200 2968 1251 τοῦτον
3017 1198 3314 1269 ἀψόρροον,
3345 1198 3442 1250 καὶ
3485 1197 3568 1260 εἰς

1993 1289 2186 1344 ἐαυτὸν
2219 1289 2364 1344 κατὰ
2399 1289 2597 1360 νοεράν
2642 1289 2918 1344 κύκλωσιν
2945 1289 3261 1352 ἐπανιόντα,
3297 1289 3393 1343 καὶ
3421 1287 3566 1342 κατά

1991 1399 2113 1436 τινα
2144 1381 2386 1452 στροφήν
2417 1381 2704 1450 ἀκάματον
2735 1379 3099 1450 ἐλιττόμενον,
3133 1379 3228 1432 καὶ
3257 1379 3358 1433 οὐκ
3385 1377 3566 1431 εἰδότα

1993 1474 2190 1544 πέρας.
2229 1472 2444 1527 Οὗκουν
2493 1471 2555 1526 16
2607 1471 2790 1542 χεῦμα
2818 1471 2976 1524 τοῦτο
3007 1469 3154 1523 λίποι
3194 1469 3260 1523 ἀν
3305 1468 3367 1521 σέ
3408 1485 3561 1534 ποτε,

1992 1565 2102 1620 οὐδ’
2134 1566 2206 1624 ῗεί
2264 1563 2520 1634 βούλοιο,
2574 1563 2723 1630 ἅπαξ
2797 1562 3100 1631 ἐνδόσιμον.
3163 1560 3237 1614 T6
3297 1560 3570 1612 κινεῖσθαι

1991 1655 2172 1714 λαϐὼν
2202 1658 2230 1711 6
2263 1655 2512 1727 οὐρανὸς,
2559 1657 2622 1708 06
2672 1657 2838 1708 παύει
2882 1653 2984 1722 τήν
3016 1651 3256 1722 κίνησιν.
3299 1649 3457 1704 Οὕτω
3507 1651 3568 1704 δὲ

1992 1751 2088 1804 καὶ
2131 1751 2162 1803 6
2221 1748 2314 1812 σὸς
2363 1748 2619 1820 οὐράνιος
2645 1746 2772 1809 νοῦς
2811 1745 2874 1800 06
2921 1745 3193 1800 παύσεται
3225 1745 3570 1813 κινούμενος,

1993 1843 2102 1896 κᾶν
2126 1841 2278 1914 πάθη
2303 1841 2448 1895 κατά
2469 1842 2570 1910 τὴν
2596 1840 2858 1893 ἀνωτάτω
2879 1837 3012 1892 ποτέ
3037 1839 3275 1907 σφαῖραν
3305 1837 3571 1908 βραχεῖαν

315 1932 536 2001 φύσεως
588 1932 732 1988 οὕτω
785 1934 846 1988 τὺ
909 1937 1162 2005 πρᾶγμα.
1204 1935 1318 1989 Οὐκ
1367 1934 1538 2000 ἐστιν,
1585 1933 1686 1988 οὐκ
1735 1933 1884 1986 ἐστιν
1916 1935 1958 1990 Β
1986 1934 2365 2004 ἀντίκρουσιν·
2399 1932 2534 1987 ἀλλὰ
2563 1931 2781 2002 μικρὸν,
2809 1931 2906 1984 καὶ
2925 1930 3136 1998 γίνεται
3155 1929 3264 1983 τῶν
3284 1929 3570 1999 προτέρων

316 2022 534 2095 ἐδραῖόν
563 2041 686 2078 τινα
721 2025 844 2079 κατ’
875 2026 1188 2095 ἐπιστήμην
1229 2025 1550 2095 γενόμενον,
1587 2040 1886 2095 μετακινη-

316 2117 476 2186 θῆναι
510 2117 605 2171 τοῦ
634 2117 867 2186 ἀγαθοῦ.
910 2118 1030 2172 Ἐπ’
1054 2118 1271 2182 οὐδενὸς
1299 2119 1434 2186 τῶν,
1467 2119 1582 2172 ὅσοι
1615 2117 1752 2189 πρὸς
1774 2118 1890 2183 ἕξιν

314 2206 616 2277 ἐληλάκασι
650 2207 812 2277 λόγου
855 2210 950 2262 καὶ
977 2207 1292 2278 τελειότητα
1321 2209 1689 2278 πραγμάτων,
1731 2208 1891 2279 ἐπιρ-

314 2297 417 2370 ῥοὴ
461 2297 564 2368 τὴν
599 2297 858 2369 τοιαύτην
902 2296 1184 2366 ἀπήλλαξε
1212 2299 1312 2368 τῆς
1361 2295 1563 2366 ψυχῆς.
1601 2293 1763 2348 Ἀλλά
1813 2294 1888 2364 μή

317 2407 409 2461 μοι
437 2390 541 2460 τήν
578 2390 944 2462 Ἑρμογένους
977 2391 1223 2462 πρόφερε
1249 2390 1397 2460 κῆρα
1426 2403 1441 2420 °
1476 2388 1510 2450 ἢ
1539 2387 1594 2441 εί
1615 2404 1701 2451 τις
1730 2386 1890 2450 ἀλλος

313 2481 437 2536 κατ’
463 2483 670 2536 ἐκεῖνον
706 2485 773 2553 τῇ
808 2485 889 2548 είς
933 2481 1104 2548 ἀκρον
1137 2481 1323 2553 εὐεξίᾳ
1354 2482 1582 2550 σφαλεὶς
1628 2479 1891 2552 ἐξεκρούο

313 2575 418 2646 σθη
445 2575 541 2630 τοῦ
588 2576 810 2641 εἰδέναι,
840 2575 934 2630 καὶ
967 2575 1037 2630 δι’
1075 2576 1308 2646 ὀξύτητα
1339 2575 1558 2643 φύσεως
1597 2574 1736 2644 ταχὺ
1795 2573 1892 2628 καὶ

315 2667 521 2739 ἤνθησε
551 2669 648 2722 καὶ
703 2670 1008 2740 ἀπήνθησε.
1040 2668 1124 2724 Τά
1165 2668 1277 2740 γὰρ
1302 2668 1531 2724 τοιαῦτα
1566 2670 1680 2722 τῶν
1725 2685 1892 2737 περι-

312 2763 628 2834 δειγμάτων
667 2764 764 2816 καὶ
817 2764 1040 2830 σπάνια,
1096 2763 1192 2818 καὶ
1237 2764 1350 2818 οὐδ’
1405 2765 1748 2834 ἀσυμφανεῖς
1790 2762 1892 2826 τὰς

315 2855 501 2919 αἰτίας
547 2855 869 2926 ἐσχήκασιν.
909 2853 1123 2910 Οὐκοῦν
1169 2855 1265 2910 καὶ⁵
1297 2854 1460 2918 αὐτὸς
1501 2856 1584 2917 εἰς
1635 2853 1894 2908 τοσοῦτον

312 2947 483 3013 ἐξεως
530 2947 709 3020 ἥκων,
764 2953 862 3002 καὶ
909 2947 1204 3003 δευσοποιὰ
1237 2949 1304 3016 τῇ
1355 2947 1500 3017 ψυχῇ
1544 2945 1613 3000 τά
1662 2947 1763 3017 τῆς
1806 2965 1896 3002 σο-

315 3039 447 3107 φίας
477 3038 710 3109 ἐντήξας
749 3039 1040 3110 χρώματα,
1091 3039 1476 3095 ἀναπόπλυτον
1519 3038 1664 3109 ἔχεις
1701 3039 1765 3092 16
1799 3039 1894 3094 άνο

315 3132 408 3196 θος
441 3135 535 3189 καὶ
572 3133 826 3204 λαμπρὸν
863 3127 976 3187 οἷον
1022 3134 1352 3205 προλάμπον
1386 3131 1714 3202 ποικίλμασι
1752 3131 1894 3202 γνὼ-

1987 2021 2167 2090 αὗθις.
2200 2027 2297 2080 καί
2327 2024 2781 2098 ὀξυρῤοπώτερον
2829 2025 3076 2094 φέρεται.
3111 2021 3378 2074 Γινώσκει
3415 2019 3512 2074 καὶ
3542 2020 3572 2072 6

1989 2119 2083 2184 06;
2109 2121 2260 2190 ἥλιος
2287 2120 2415 2184 νοῦς
2457 2119 2614 2172 δύσιν
2659 2118 2793 2173 ποτέ
2823 2115 2991 2187 (κατά
3020 2115 3113 2169 16v
3145 2113 3403 2183 αἰσθητὸν
3428 2111 3570 2181 ψάλ-

1990 2210 2107 2264 λειν
2158 2209 2342 2276 Δαυῒδ)
2375 2209 2470 2263 καὶ
2501 2208 2712 2274 δύεται,
2747 2210 2832 2272 εἰς
2880 2206 3076 2261 ἐαυτδν
3125 2203 3378 2268 σταλείς⁸
3427 2202 3569 2257 ἀλλὰ

1995 2304 2115 2374 μετ’
2145 2302 2208 2356 06
2261 2303 2398 2357 πολὺ
2451 2303 2671 2372 ἀνέσχε,
2720 2301 2818 2354 καὶ
2871 2300 2974 2371 τὴν
3035 2297 3318 2368 προτέραν
3367 2293 3571 2365 φαῦσιν

1991 2396 2286 2451 ἀπέλαϐεν.
2320 2391 2392 2448 Ὦ
2415 2396 2604 2465 ήμεῖς,
2634 2391 2720 2457 οἷς
2748 2393 2968 2465 βράδιον
2995 2389 3238 2454 τοιοῦτος
3266 2389 3420 2459 ἣλιος
3445 2384 3574 2457 φαί-

1991 2511 2096 2558 νει,
2118 2493 2214 2546 καὶ
2242 2491 2612 2562 πολυμήνους,
2640 2489 2836 2544 οὔκουν
2862 2487 3172 2558 ἑξαμήνους
3206 2484 3307 2546 τάς
3355 2483 3564 2542 νύκτας

1991 2586 2174 2640 τελεῖ·
2206 2585 2302 2640 καί
2353 2603 2410 2640 τι
2461 2584 2636 2656 βραχὺ
2680 2580 3035 2651 ἀναλάμψας,
3086 2577 3182 2631 καί⁵
3213 2577 3339 2630 ὅσον
3385 2574 3454 2628 ἂν
3493 2573 3574 2636 εἰς

1991 2679 2204 2749 Θούλην
2233 2679 2515 2750 χειμέριος
2548 2673 2706 2741 άῦθις
2735 2675 2941 2730 δύεται.
2979 2671 3052 2726 Σὺ
3079 2671 3136 2724 δὲ
3173 2669 3286 2738 (ἵνα
3319 2665 3418 2735 τὴν
3447 2680 3576 2732 τρο-

1995 2773 2292 2844 πολογικήν
2326 2771 2639 2842 σκευωρίαν
2673 2769 2855 2838 ἀφεὶς,
2903 2766 3091 2828 αὐτοῖς
3119 2760 3302 2831 ψιλοῖς
3327 2755 3574 2811 ἐπιϐάλω

1993 2868 2108 2930 τοῖς
2153 2863 2466 2936 πράγμασι)
2517 2865 2611 2917 καὶ
2665 2861 2917 2915 σπεύδων
2959 2861 3076 2921 τοῖς
3128 2857 3349 2920 ἀλλοις,
3391 2853 3576 2924 μένεις

1993 2957 2361 3028 ἀξύμΰλητος,
2401 2956 2498 3009 καί
2529 2953 2813 3026 ῥᾳστώνην
2844 2952 2991 3016 ἄγων
3021 2949 3292 3018 ἀήττητος
3320 2961 3336 2976 ·
3375 2943 3470 2998 καὶ
3491 2942 3576 3002 εἰς

1994 3051 2156 3121 ἔργον
2182 3051 2354 3121 ἥκων,
2390 3051 2502 3104 εἴτε
2537 3048 2645 3118 μὴν
2673 3047 2738 3099 ἐκ
2775 3045 3059 3114 παρέργου
3100 3059 3154 3094 τι
3187 3038 3428 3109 μετρῶν,
3462 3034 3574 3087 τῶν

1994 3145 2172 3200 ἀλλων
2194 3145 2522 3213 ύπέρκεισαι
2547 3159 2563 3174 ·
2597 3156 2786 3202 σαυτῳ
2815 3137 3000 3208 μέντοι
3043 3129 3572 3204 περιμετρούμενοςν

315 3241 479 3289 σεως.
541 3226 728 3296 Ἔχεις
787 3226 1098 3296 κρατῆρας.
1155 3225 1450 3297 ῥητορικοῦ
1511 3226 1686 3296 πυρὸς
1727 3225 1893 3294 μένος
1917 3281 1963 3306 η
1997 3236 2344 3306 ὑπεραίρεις,
2375 3229 2458 3298 οἷς
2496 3232 2838 3296 σπουδάζεις,
2868 3228 2938 3282 τά
2965 3227 3243 3297 πάρεργα.
3269 3223 3362 3292 Μὴ
3390 3219 3574 3274 τοίνυν

311 3317 576 3384 ἀφιέντας
596 3332 614 3351 ·
646 3317 739 3372 καὶ
764 3317 864 3373 οὐκ
900 3319 1051 3373 ἔστιν
1091 3318 1292 3382 αὐτοὺς
1323 3317 1616 3382 ἐπιλιπεῖν,
1647 3318 1751 3373 κάν
1785 3333 1888 3369 που

313 3409 511 3473 δόξωσι
570 3408 866 3464 διαλιπεῖν.
911 3407 1074 3463 Ἀλλά
1120 3407 1181 3463 16
1237 3407 1428 3478 νοερὸν
1468 3406 1627 3471 αὖθις
1672 3401 1892 3476 πνεῦμα

313 3499 660 3572 προσϐάλλον
689 3501 878 3567 αὐτοῖς
902 3503 1111 3572 ἀνίησι,
1157 3502 1254 3556 καὶ
1281 3503 1365 3565 είς
1402 3502 1684 3571 ποταμοὺς
1717 3500 1891 3571 πυρὸς

314 3595 532 3665 ἐκφυσᾷ
573 3595 827 3664 λαμπρὸν
857 3595 1174 3663 ἐπιλάμπον
1210 3612 1294 3648 σοι
1327 3593 1422 3648 τοῦ
1456 3594 1618 3664 λόγου
1658 3594 1718 3649 16
1745 3592 1888 3664 φῶς.

326 3685 611 3742 Ἐντεῦθεν
656 3689 777 3742 οὐδέ
821 3705 904 3742 σοι
958 3688 1369 3760 (παροιμιακῶς
1419 3689 1619 3760 εἰπεῖν)
1657 3692 1686 3745 6
1733 3690 1892 3757 λόγος

313 3778 623 3835 σῦέννυται.
649 3778 848 3845 Στῦλος
870 3780 1042 3851 πυρὸς
1071 3781 1101 3834 6
1124 3781 1281 3848 λόγος
1301 3781 1594 3852 προτρέχει
1618 3781 1712 3838 σοῦ
1731 3797 1747 3815 ⁶
1774 3783 1894 3846 πῶς
1923 3775 1932 3786 ’

316 3874 385 3928 ἂν
405 3870 504 3929 οὖν
535 3874 641 3929 ὑπὸ
663 3873 843 3928 σκότει
875 3875 1089 3943 γένοιο;
1123 3876 1244 3945 Πῦρ
1273 3877 1335 3930 06
1361 3876 1506 3931 κατά
1536 3876 1599 3930 16
1627 3879 1687 3931 ἐν
1729 3876 1896 3948 Ἀθήο

315 3985 439 4031 ναις
471 3969 734 4038 μυστικὸν
766 3969 1033 4026 ἀσσεστον
1076 3969 1380 4040 ταμιεύεις,
1426 3971 1678 4038 ’Δττικῆς
1715 3970 1772 4024 δέ
1804 3987 1895 4022 σο-

314 4060 446 4129 φίας
468 4061 647 4128 ἀλλως
670 4063 1027 4133 ἐμπύρευμα,
1053 4065 1156 4120 κᾶν
1179 4066 1244 4136 δή
1265 4066 1361 4120 καὶ
1387 4063 1674 4134 διακοπείη
1700 4080 1795 4117 σου
1824 4064 1894 4118 τὰ

311 4156 418 4226 τῆς
447 4156 702 4226 φαύσεως
723 4173 741 4191 ο
779 4156 994 4228 ἀνάγκη
1030 4159 1139 4228 γάρ
1165 4175 1296 4212 ποτε
1340 4159 1618 4230 ἀνθρώπῳ
1651 4175 1716 4228 γε
1751 4157 1890 4213 δντι.

325 4249 472 4304 ’Δλλ’
522 4251 623 4305 οὐκ
679 4250 761 4314 είς
809 4249 966 4314 τέλος
1017 4252 1194 4305 ἐκεῖνο
1244 4249 1307 4304 τὸ
1355 4249 1470 4321 πῦρ
1518 4249 1897 4305 ἀπέσόεσταιο·

314 4343 661 4410 Μοσώζεται
692 4343 752 4398 δέ
794 4344 1248 4414 ζωπυρούμενον,
1279 4343 1377 4397 καί
1407 4359 1556 4406 τινος
1590 4344 1768 4414 ἀρχῆς
1797 4344 1893 4398 λα·

313 4438 546 4507 σύμενον
592 4436 962 4506 ἐπεγείρεται,
1003 4439 1099 4489 καὶ
1133 4435 1462 4498 ἀνάπτεται,
1497 4439 1593 4490 καὶ
1622 4438 1704 4499 εἰς
1749 4437 1891 4507 λαμ-

312 4528 454 4600 πρὸν
497 4528 706 4598 πυρσὸν
737 4528 977 4598 αίρεται.
1011 4525 1252 4582 Τοιαῦτα
1281 4529 1431 4598 πυρά
1461 4529 1654 4596 πολλὰ,
1694 4529 1892 4594 ἐξυπο-

1917 3281 1964 3344 C

1989 3327 2221 3382 τοιαῦτα
2244 3327 2446 3398 γράφε,
2475 3322 2590 3380 ἀλλ’
2611 3322 2762 3392 ἀφίει
2806 3319 2906 3388 τήν
2937 3317 3217 3386 γλῶτταν·
3247 3313 3572 3380 πλήμμυρε,

1991 3421 2020 3474 6
2059 3419 2326 3490 ἡμέτερος
2371 3415 2643 3474 ὠκεανό;⁶
2695 3412 2912 3480 λάμπε,
2955 3411 2984 3463 ὁ
3014 3406 3137 3461 καθ’
3188 3405 3336 3475 ἡμᾶς
3378 3401 3572 3490 mw?

1992 3489 2090 3567 καῖ
2143 3511 2290 3567 ποίει
2343 3509 2415 3564 τὰ
2451 3505 2707 3562 σεαυτοῦ.
2743 3505 2935 3566 Ὅστις
2995 3500 3053 3555 δέ
3101 3514 3237 3553 ποτε
3271 3493 3342 3562 εἰ,
3395 3495 3461 3548 σὺ
3498 3489 3576 3562 μὴ

1991 3605 2153 3671 λέγε·
2205 3601 2393 3673 ἐροῦσι
2439 3601 2497 3655 δέ
2529 3598 2700 3660 ἄλλοι,
2755 3595 2849 3650 καὶ
2892 3594 3013 3650 ούδέ
3044 3593 3144 3654 τάς
3173 3590 3392 3660 ψήφους
3421 3585 3578 3641 δικά-

1995 3710 2214 3748 σουσιν’
2250 3692 2438 3763 ἐροῦσι
2478 3689 2559 3755 δὲ,
2590 3689 2674 3741 ὅτι
2717 3685 2862 3740 κατὰ
2892 3683 3112 3738 πάντων
3146 3678 3396 3750 ρητόρων
3427 3673 3573 3745 (ἀλλ’

1993 3788 2218 3841 ἀπέστω
2252 3784 2471 3854 φθόνος)
2501 3781 2692 3852 φέρεις
2728 3777 2797 3833 τά
2827 3774 3142 3846 νικητήρια.
3175 3771 3248 3824 Σὺ
3278 3768 3390 3840 γὰρ
3410 3767 3471 3822 06
3505 3782 3574 3836 με

1991 3881 2250 3953 ἀρέσκεις
2270 3892 2286 3909 ο
2314 3875 2429 3930 ἁλλ’
2448 3874 2570 3928 ούδέ
2592 3873 2800 3932 πείθεις
2824 3885 2914 3938 με,
2937 3865 3163 3920 τοιαῦτα
3182 3863 3388 3932 κρίνων
3411 3860 3558 3953 κατά

1995 3951 2219 4026 σαυτοῦ.
2240 3969 2314 4023 Ἦ
2355 3967 2681 4037 ’Δνάχαρσις
2711 3963 2830 4032 μὲν,
2853 3960 3111 4029 λαμπρὸν
3137 3953 3453 4019 ἀττικίζων,
3482 3951 3580 4006 τὸν

1993 4063 2212 4128 Σκύθην
2239 4061 2372 4130 περί
2402 4060 2514 4120 τοῖς
2536 4054 2801 4110 ἀκούουσι
2828 4050 3085 4122 ψεύδεται
3105 4061 3121 4077 °
3156 4045 3463 4116 Γρηγόριος
3489 4043 3580 4110 δὲ,

1995 4153 2337 4226 ὕπερφωνῶν
2365 4152 2490 4213 τοὺς
2520 4151 2629 4222 ὃπη
2674 4146 2808 4202 ποτὲ
2843 4147 3101 4216 ῥήτορας,
3131 4141 3222 4194 τὸν
3268 4139 3369 4192 οὐκ
3393 4137 3574 4190 εἰδότα

1993 4247 2056 4302 06
2103 4244 2406 4315 ψεύσεται;
2440 4243 2545 4296 Τὸν
2579 4242 2848 4312 Τυρταῖον
2879 4240 2912 4306 ή
2939 4229 3422 4306 καλλιρῤημοσύνη
3447 4245 3574 4298 μετ-

1993 4337 2207 4410 έγραψε
2260 4337 2357 4390 καὶ
2418 4333 2681 4405 μετέθετο
2703 4333 2808 4398 ζείς
2839 4330 3184 4396 Θεόφραστον
3205 4340 3220 4356 ·
3267 4323 3359 4376 καὶ
3387 4322 3416 4374 6
3447 4319 3586 4390 βοὴν⁴

1993 4427 2201 4497 ἀγαθὸς
2248 4425 2552 4494 Γρηγόριος
2604 4423 2687 4484 εἰς
2733 4419 2952 4489 ἄφωνον
2994 4416 3157 4485 βάτον
3205 4411 3572 4480 γεγράψεται,

1994 4519 2094 4573 καὶ
2131 4517 2159 4571 6
2201 4515 2495 4577 καλλιδόας
2543 4515 2604 4567 ἐν
2639 4512 2859 4580 ἀφώνου
2897 4508 3064 4579 μοίρᾳ
3105 4504 3429 4570 τετάξεται;
3463 4503 3578 4554 Καὶ

313 4591 618 4690 σμύχοντα,
649 4591 1049 4690 ἀναλάμποντα
1069 4637 1084 4654 ο
1119 4619 1179 4688 ἐξ
1210 4615 1284 4676 ὧν
1315 4591 1450 4689 ἡμῖν
1499 4591 1768 4676 ἀπόθετον
1811 4621 1890 4692 τῷ
1926 4614 1968 4669 D
1996 4609 2080 4674 τίς
2106 4607 2175 4663 ἂν
2203 4607 2335 4681 εἴπῃ
2363 4605 2559 4671 ταῦτα,
2580 4605 2678 4658 καὶ
2705 4603 2820 4665 τοῖς
2852 4599 3029 4662 οὕτως
3057 4598 3275 4692 ἀτίμοις
3309 4591 3578 4692 συνθήσε-

313 4709 462 4778 λόγῳ
513 4709 817 4776 φυλακτέον
864 4710 968 4782 τὴν
1021 4710 1276 4774 τίτανον,
1339 4711 1485 4782 ἥπερ
1537 4710 1890 4783 ἐπιχυθέντος

313 4799 509 4861 ὓδατος
540 4800 922 4869 ἐνεργεῖκατά
950 4798 1084 4872 πῦρ.
1118 4801 1356 4870 Λέγεται
1381 4800 1440 4854 δὲ
1471 4802 1566 4855 καί
1596 4818 1683 4865 τις
1723 4801 1890 4872 τέχνη

310 4889 412 4954 τὰς
451 4891 742 4960 παπύρους
792 4888 911 4959 ἅμα
964 4908 1026 4944 τε
1089 4889 1172 4954 είς
1225 4889 1371 4960 ὕδωρ
1429 4890 1734 4962 βάπτουσα,
1795 4893 1892 4946 καὶ⁵

311 4981 562 5053 ἀχρόνως
613 4983 697 5046 εἰς
746 4981 860 5053 πῦρ
910 4982 1253 5036 ἀνάπτουσα.
1304 4981 1415 5036 Καί
1471 4999 1564 5052 μοι
1598 4984 1700 5053 τήν
1747 4982 1891 5048 τέως

311 5075 583 5128 ἀπόθετον
632 5073 852 5128 τίτανον
899 5074 957 5128 ἐν
997 5073 1074 5145 τῷ
1125 5073 1264 5144 πρὸς
1303 5074 1636 5144 αἰτιολογίαν
1685 5074 1886 5142 λαϐὼν,

315 5167 733 5236 μεταχείρισαν
785 5165 974 5237 ἐκείνη
1030 5167 1138 5236 γάρ
1173 5165 1573 5238 ύποκαθημένη
1625 5167 1799 5232 ἐντὸς,
1829 5167 1892 5221 16

313 5257 431 5328 πῦρ
464 5255 624 5310 τοῦτο
650 5256 795 5311 κατά
827 5272 947 5308 τινα
988 5253 1238 5325 μηχανήν
1265 5257 1388 5318 ταῖς
1417 5254 1698 5325 παπύροις
1727 5255 1892 5325 ἀφίη·

315 5363 422 5398 σιν.
459 5342 619 5397 Οῦτω
655 5343 712 5398 δὲ
745 5343 839 5396 καί
865 5359 927 5397 σε
957 5344 1050 5396 16v
1072 5343 1346 5414 ἐμπύριον
1377 5346 1586 5417 ῥήτορα
1621 5345 1894 5417 βραχύτα-

309 5430 406 5484 τόν
459 5445 512 5484 τι
567 5429 676 5502 χρή
731 5430 1026 5501 ἐνιδρῶσαι
1057 5431 1138 5503 τῷ
1166 5431 1346 5503 λόγῳ·
1377 5436 1472 5488 καὶ⁸
1500 5436 1534 5504 ή
1571 5438 1719 5498 νοτὶς
1752 5435 1894 5507 αὕτη

310 5521 558 5593 αἰθέριον
606 5522 700 5576 τὸν
747 5525 846 5576 τοῦ
878 5522 1041 5590 λόγου
1073 5524 1287 5595 πυρσόν
1335 5541 1417 5578 σοι
1462 5525 1677 5580 ἔνδοθέν
1728 5530 1895 5584 ποθεν

314 5614 710 5669 ἀνεκαλέσατο.
764 5615 1100 5685 Μεσοῤῥαγῆ
1133 5615 1398 5681 κενεῶνες
1434 5617 1539 5687 γῆς
1582 5617 1896 5688 διασχόντες

312 5703 383 5776 ἦν
411 5708 502 5759 ὅτε
545 5703 741 5771 ὓδατος
786 5707 1211 5762 ἑνεκολπίσαντο
1237 5709 1518 5778 χάσματα,
1555 5712 1648 5765 καὶ
1687 5713 1768 5775 είς
1795 5711 1895 5766 θα-

313 5801 523 5864 λάσσας
568 5800 992 5871 ύπτιάσθησαν·
1038 5801 1132 5854 καὶ
1183 5801 1243 5855 16
1291 5801 1546 5857 ἐντεῦθεν
1591 5803 1787 5870 αἰῶνες
1837 5804 1898 5872 ἓξ

316 5895 454 5962 ὅλοι,
493 5893 589 5949 καὶ
638 5893 699 5948 16
739 5894 878 5967 ὑπὲρ
914 5895 1137 5965 αὐτοὺς,
1177 5897 1270 5953 καὶ
1298 5894 1420 5951 οὔτε
1457 5896 1516 5952 τὸ
1545 5891 1686 5953 εἶναι
1715 5895 1830 5952 060'
1861 5899 1894 5970 ἡ

1997 4717 2131 4769 ται;
2172 4699 2372 4768 Ἔλεγέ
2406 4713 2539 4752 ποτε
2589 4695 2684 4750 καὶ
2734 4691 3057 4762 Σωκράτης,
3113 4687 3313 4741 εἰδέναι
3370 4683 3576 4754 μηδέν·

2000 4795 2261 4865 προσεῖχε
2314 4792 2372 4846 δὲ
2423 4789 2600 4853 οὐδεὶς
2634 4787 2832 4856 ἐκείνῳ
2865 4785 2960 4838 16v
2988 4781 3138 4836 νοῦν.
3172 4779 3443 4847 Διάπειρα
3466 4775 3577 4844 γὰρ

1999 4886 2284 4957 ἐξήλεγχε,
2321 4882 2487 4953 σοφὸν
2517 4882 2921 4951 ἀποφαίνουσα.
2950 4874 3030 4931 O6
3075 4871 3308 4934 λέληθας
3347 4865 3442 4924 οῦν
3465 4867 3584 4920 066‘

2001 4977 2187 5043 αὐτὸς,
2233 4977 2315 5039 είς
2363 4974 2622 5044 τοιαύτην
2669 4971 2887 5025 πίπτων
2934 4967 3148 5036 σοφίαν.
3194 4961 3408 5031 Ἐρμῆς
3445 4959 3580 5029 ἡμῖν

2003 5068 2131 5122 ἀνευ
2158 5068 2330 5140 ψόγου
2356 5066 2699 5134 τετράγωνος
2735 5064 2975 5134 ἵδρυσαι.
3003 5059 3096 5127 Μὴ
3128 5055 3260 5126 γοῦν
3287 5052 3451 5108 δέδιθι
3477 5051 3585 5120 τὴν

2008 5162 2396 5233 μετάπτωσιν·
2442 5162 2622 5231 μενεῖς
2665 5159 2774 5228 γὰρ
2814 5157 2895 5219 εἰς
2926 5153 2989 5207 16
3038 5153 3150 5205 πᾶν
3197 5149 3434 5219 ἑδραῖος,
3479 5143 3582 5200 καὶ

2002 5254 2104 5308 οὐκ
2133 5252 2620 5324 εὐμετακύλιστος.
2653 5247 2886 5303 Μουσῶν
2918 5245 3238 5316 οἰκητήριον
3270 5237 3320 5294 εἰ
3340 5255 3354 5268 ο
3387 5238 3488 5291 οὐκ
3512 5237 3588 5290 ἂν

2000 5342 2094 5400 οῦν
2141 5363 2203 5399 σε
2253 5344 2594 5416 προλίποιεν,
2641 5335 3170 5406 ἑπαναπεπαυμέναι
3217 5328 3476 5393 καθάπαξ
3523 5330 3593 5383 ἐνί

2004 5439 2108 5494 σοί.
2137 5439 2210 5494 Ἦ
2256 5436 2524 5492 Ἑλικῶνα
2569 5434 2666 5502 μὲν
2700 5433 2798 5486 καὶ
2845 5428 3206 5501 Λειϐηθρίους
3240 5426 3342 5480 οὐκ
3390 5425 3590 5495 ήθελον

2002 5531 2296 5601 προλιπεῖν
2318 5569 2334 5593 ,
2385 5532 2486 5583 ούκ
2523 5528 2652 5594 ἀξια
2695 5527 2855 5594 λόγου
2896 5523 3097 5595 χωρία,
3121 5521 3367 5584 Μούσαις
3392 5519 3592 5570 ἐπονο-

2007 5623 2327 5697 μαζόμενα·
2381 5621 2440 5675 σὲ
2484 5621 2562 5687 δὲ,
2598 5619 2764 5673 καλὸν
2790 5617 2934 5671 οὕτω
2963 5616 3123 5683 λόγου
3155 5611 3354 5684 χωρίον
3391 5608 3590 5679 εύροῦ-

2007 5734 2122 5782 σαι,
2156 5712 2546 5786 προλείψουσιν
2571 5729 2588 5781 ;
2620 5712 2755 5783 06X).
2789 5709 3038 5771 πάντως·
3065 5705 3204 5761 ἀλλά
3236 5705 3330 5758 καὶ
3363 5703 3587 5771 μένοντι

2007 5804 2527 5879 συμπαραμενοῦσι,
2554 5806 2652 5860 καὶ
2674 5799 3050 5873 ἀποδημοῦντι
3076 5795 3582 5866 συνεκδημήσουσι,

2007 5901 2099 5958 καί
2141 5917 2202 5957 σε
2247 5902 2364 5966 τοῖς
2410 5899 2576 5958 πάλαι
2609 5898 2740 5954 ποτέ
2782 5894 2964 5966 σοφοῖς
3014 5891 3121 5948 κάν
3155 5886 3272 5955 τοῖς
3318 5884 3588 5954 τοιούτοις
