4062 6380
424 433 563 500 12'9

1837 441 2225 503 ADDENDA.

3527 435 3662 501 128’!

419 553 715 620 ἀντίμιμον
749 548 1008 618 θήσουσιν
1028 567 1043 581 ·
1075 551 1312 621 οῖπεροῦ
1347 553 1508 624 μόνον
1537 553 1678 610 οἶκοι
1711 555 1990 626 μένοντες,
2020 575 2065 630 Α
2092 572 2204 620 τον,
2239 555 2269 608 6
2297 551 2436 608 κατά
2482 551 2703 608 πάντων
2735 552 2924 616 πολὺς,
2955 551 3050 606 1:01
3077 543 3246 623 οὗπερ
3280 551 3448 622 μηδέν
3480 570 3536 607 τι
3559 555 3677 608 τῶν

417 643 556 698 ἀλλά
604 642 703 696 καὶ
753 642 859 712 ὅπη
892 643 1023 696 ποτὲ
1072 643 1348 710 ἀπιόντες,
1384 643 1562 714 Ἐρμῇ
1601 647 1699 700 1:01
1745 647 1993 712 Μούσαις

417 734 698 801 ἐμέλοντο.
744 730 1205 803 Ἐξεστρατεύετό
1243 753 1372 789 ποτε
1405 737 1718 809 Περικλῆς⁶
1749 739 1904 794 ούδέν
1935 739 1994 793 δέ

418 819 579 895 ἦττον
607 823 842 894 ἐϐρόντα
884 825 998 886 τοῖς
1041 823 1244 894 λόγοις,
1281 824 1474 898 ὥσπερ
1505 828 1794 899 ἀγοράζων
1825 831 1881 884 ἐν
1914 830 1996 884 εί-

421 915 589 984 ρήνης
651 913 861 986 καιρῷ,
927 914 1070 969 οὕτω
1137 916 1195 971 δὲ
1253 918 1347 972 καὶ
1404 920 1991 992 στρατοπεδευόμενος.

429 1002 758 1075 ’Υπερόριον
805 1006 1043 1076 πόλεμον
1091 1008 1120 1061 6
1171 1007 1378 1076 γλυκὺς
1428 1011 1672 1066 ἐπονεῖτο
1717 1011 1991 1082 Ξενοφῶν,

418 1097 516 1150 καὶ
547 1096 754 1167 πολλὴν
791 1097 899 1166 γῆς
946 1098 1173 1166 ἐμέτρει
1206 1101 1492 1172 περίοδονο
1525 1097 1637 1174 εἶχε
1671 1103 1729 1157 δὲ
1774 1121 1994 1173 συμπα-

421 1191 765 1261 ριπτάμενον
814 1191 908 1246 16v
961 1191 1195 1263 Ἑρμῆν,
1228 1195 1322 1249 καὶ
1355 1197 1384 1249 6
1417 1195 1527 1249 τῶν
1573 1196 1811 1251 Μουσῶν
1842 1198 1992 1267 αύτῷ

418 1281 754 1350 συνεσκήνου
784 1283 947 1352 χορός
967 1299 980 1314 ·
1015 1287 1111 1340 1:01
1130 1284 1284 1339 οὐδέν
1305 1302 1358 1339 τι
1388 1284 1482 1339 τοῦ
1511 1287 1672 1356 λόγου
1706 1289 1994 1358 παρέσπα-

422 1387 538 1437 στο,
576 1373 699 1427 οὐδὲ
745 1375 961 1444 χρόνιος
988 1372 1064 1429 ὣν
1096 1379 1212 1440 τοῖς
1253 1376 1576 1448 βαρϐάροις,
1609 1378 1708 1448 τῆς
1746 1380 1994 1452 Ἐλληνί-

417 1460 509 1525 δος
576 1465 830 1529 παιδείας
885 1466 1144 1531 ἐξέπεσεν
1211 1469 1523 1540 ὑπερόριος.
1588 1471 1830 1542 Ἐφευγέ
1883 1491 1992 1528 που

415 1555 772 1626 Δημοσθένης
803 1557 862 1623 ἐξ
901 1558 1180 1628 Ἀθηνῶν⁹
1213 1560 1350 1614 ἀλλὰ
1392 1561 1484 1614 τὸν
1511 1563 1718 1632 ῥήτορα
1750 1566 1990 1636 συνεπή-

416 1661 568 1712 γετο.
605 1647 671 1700 Τί
705 1665 792 1702 σοι
817 1649 968 1704 δοκεῖ
995 1651 1088 1704 τὸν
1122 1652 1356 1722 ποιητὴν
1384 1654 1452 1707 τά
1488 1655 1678 1724 μακρά
1709 1653 1808 1724 τῆς
1854 1657 1990 1709 61:0-

416 1738 619 1808 δημίας
653 1741 784 1810 περὶ
813 1741 872 1794 :6
923 1744 1309 1813 μεγαλόφωνον
1361 1744 1641 1812 σίνασθαις
1678 1748 1742 1801 El
1777 1747 1854 1820 μὴ
1883 1748 1992 1820 ἄρα

418 1831 514 1883 καὶ
539 1829 676 1899 πρὸς
707 1830 854 1912 ὓληνι
873 1832 1036 1902 λόγου
1068 1833 1331 1908 λαμπράν
1375 1841 1440 1911 τῇ
1473 1842 1693 1910 ποιήσει
1724 1843 1992 1912 συνελαμ-

2095 646 2352 700 ἁπάντων
2378 643 2479 715 τὴν
2510 646 2566 697 ἐν
2586 643 2770 712 λόγοις
2803 643 3092 700 εὐτεκνίαν
3119 644 3473 714 ἐκκρούεται·
3509 645 3674 715 μηδὲ,

2093 737 2177 790 ὅτι
2213 737 2434 807 μακράν
2476 736 2602 808 γίνῃ
2652 738 2765 791 τῶν
2813 736 3033 804 βίϐλων,
3077 737 3364 808 προΐσχου,
3407 737 3593 807 βίϐλος
3636 739 3673 807 ἠ

2095 827 2247 892 ζῶσα
2289 829 2384 882 καὶ
2419 825 2659 906 ἔμψυχος
2680 845 2696 860 ο
2747 828 2950 898 μᾶλλον
3000 829 3100 899 μέν
3127 825 3246 892 οὖν,
3293 830 3325 899 ή
3357 829 3467 884 τῶν
3495 829 3675 896 λόγων

2093 919 2378 986 πλήθουσα
2405 917 2570 987 γάζα,
2600 919 2660 973 :6
2693 920 3064 990 πολυτίμητον
3105 921 3570 993 βιϐλιοφυλάκιον.
3594 917 3677 976 Ἦ

2095 1007 2206 1077 γάρ
2257 1007 2324 1062 ἀν
2369 1008 2529 1072 0616;
2558 1011 2862 1079 ἀποσταίης
2907 1013 3130 1074 σαυτοῦ,
3177 1013 3226 1065 εί
3261 1011 3418 1065 τοῦτο
3460 1013 3677 1078 πείσεις

2093 1098 2263 1167 ἡμᾶς.
2316 1097 2530 1162 Πείσεις
2569 1099 2628 1154 δέ
2659 1099 2831 1172 ο[ὖκ].
2886 1101 3022 1156 Οὐδὲ
3067 1102 3176 1172 γάρ
3229 1102 3296 1155 ἂν
3333 1103 3455 1157 οὐδὲ
3503 1104 3674 1168 αὐτὸς

2093 1188 2400 1260 ἀποσταίης
2416 1188 2515 1260 τὴν
2538 1191 2732 1262 καινὴν
2751 1192 2951 1262 ταύτην
2973 1192 3295 1247 ἀπόστασιν.
3321 1190 3676 1263 Τετόλμηκα,

2093 1280 2406 1351 λελάληκα,
2467 1283 2917 1352 προσπεφώνηκα
2966 1284 3063 1357 τὸν
3110 1287 3169 1336 ἐν
3223 1283 3368 1353 λόγῳ
3420 1285 3588 1338 πολὺν
3640 1286 3672 1338 6

2094 1372 2407 1440 ἐλάχιστος⁹
2442 1372 2645 1442 μᾶλλον
2696 1372 2795 1438 μὲν
2827 1368 2922 1426 οὖν
2950 1373 3042 1426 16v
3083 1373 3142 1425 ἐν
3179 1375 3344 1444 σοφίᾳ
3376 1373 3518 1427 πάνυ
3551 1375 3580 1427 6
3607 1373 3674 1428 τὸ

2097 1464 2286 1535 μηδέν.
2344 1464 2457 1518 K01
2485 1457 2602 1518 οῖδα
2656 1465 2775 1532 μὲν,
2828 1465 2911 1518 61:
2957 1465 3084 1533 φίλα
3119 1482 3202 1518 σοι
3245 1463 3554 1534 ἀφίξονται,
3576 1463 3676 1532 τοῦ

2097 1554 2386 1626 μέλλοντος
2431 1557 2846 1626 ἐντρεπόμενος,
2898 1558 2946 1609 εί
2983 1557 3075 1609 1:01
3107 1555 3396 1625 διαδόσιμα
3425 1558 3539 1621 τοῖς
3576 1557 3676 1610 άλ-

2094 1648 2209 1710 λοις
2244 1648 2517 1718 ποιήσεις.
2570 1650 2666 1702 καὶ
2697 1649 3077 1719 δημοτιεύσεις
3117 1649 3187 1702 τά
3222 1648 3345 1702 καθ’
3373 1649 3544 1718 ἡμᾶς,
3575 1649 3678 1702 καὶ

2095 1738 2438 1808 ἀπελέγξεις,
2488 1741 2648 1803 ὅσους
2674 1742 2970 1811 ήττὼμεθά
3027 1758 3157 1794 σου*
3210 1741 3305 1794 καὶ
3333 1741 3478 1794 οὕτω
3526 1741 3678 1810 λαμ-

2096 1832 2236 1901 πρὸν
2285 1832 2556 1903 θρίαμϐον
2589 1834 2909 1907 καταγάγῃς
2965 1836 3143 1904 ἡμῶν.
3190 1834 3282 1899 Ὦς
3329 1833 3377 1888 6'
3409 1833 3477 1889 ἂν
3534 1832 3678 1904 ἔχοι,

418 1920 670 1978 ϐάνοντο.
725 1909 863 1978 οὺδέ
909 1925 1348 1996 Θεμιστοκλέους
1375 1909 1478 2002 τήν
1506 1909 1755 2000 γλῶτταν
1785 1935 1819 2004 ή
1859 1909 1992 2003 περὶ
2021 1909 2068 1970 Β
2096 1926 2254 1995 χαῖρε
2299 1926 2356 1979 ἓν
2385 1924 2504 1996 KG).
2557 1927 2909 1999 μεμνημένος
2964 1929 3120 2000 ἡμῶν
3163 1926 3250 1981 ἐπ’
3303 1927 3518 1998 ἀγαθῷ.
3551 1926 3683 1997 φίλ’

415 2015 485 2066 τὰ
519 2013 748 2069 τοιαῦτα
777 2019 999 2086 φροντὶς
1028 2017 1406 2090 ἐϐαρϐάρωσε.
1435 2023 1652 2094 Μικροῦ
1678 2023 1790 2078 δεῖν
1825 2024 1855 2078 6
1882 2024 1992 2080 τῶν

415 2105 594 2160 ἄλλων
623 2112 922 2178 κορυφαῖος
956 2111 1206 2177 Πλάτων,
1258 2113 1556 2188 Ἀθήνηθεν
1587 2115 1688 2187 τὴν
1717 2116 1798 2180 είς
1832 2118 1992 2171 Σικε-

417 2199 536 2252 λίαν
568 2201 951 2270 στελλόμενος,
1006 2202 1200 2258 ἐλαθεν
1229 2203 1297 2258 ἂν
1339 2206 1715 2276 παρεκκλίνας
1751 2208 1850 2277 τὴν
1882 2210 1992 2279 μά-

416 2299 540 2362 χην.
585 2293 728 2347 ’Δλλ’
762 2295 872 2348 ίδοὺ
923 2293 1000 2358 ὡς
1027 2295 1134 2350 61:6
1183 2301 1418 2368 πειρατῇ
1465 2299 1545 2371 τῷ
1593 2300 1739 2370 λόγῳ
1779 2299 1875 2357 καί
1907 2318 1992 2354 σοι

416 2386 685 2452 πάρεστιν
713 2386 1044 2456 ἐξελέγχειν,
1085 2389 1139 2440 ετ
1165 2407 1218 2442 τι
1251 2389 1346 2444 τὸν
1381 2391 1552 2462 ἄνδρα
1595 2392 1657 2444 16
1706 2393 1994 2464 ἀπόδημον

421 2480 637 2551 βλάψοι.
671 2483 782 2536 K01
817 2482 922 2552 μὴν
953 2481 1079 2537 οὔτε
1109 2485 1507 2554 παρενεπόδισε
1536 2485 1629 2540 τὸν
1660 2489 1761 2556 τῆς
1798 2486 1994 2553 σοφίας

416 2573 697 2643 κρατῆρα,
741 2573 882 2646 ὺπέρ
915 2574 974 2629 δέ
1006 2575 1099 2629 τδν
1147 2577 1399 2631 Αίτναῖον
1439 2577 1536 2645 (ὡς
1588 2576 1656 2632 ἄν
1701 2595 1786 2640 τις
1835 2578 1992 2650 εἴπῃ)

417 2667 886 2738 προσεξεφύσησε,
919 2670 1013 2724 καὶ
1061 2670 1237 2741 ἀνῆψε
1272 2673 1586 2742 φανότερον.
1635 2671 1848 2726 Οὔκουν
1873 2671 1994 2725 οὐδέ

420 2776 479 2812 σε
510 2759 742 2828 τυχόντα
781 2757 851 2813 τὰ
885 2762 1196 2831 πράγματα
1240 2763 1340 2831 τῆς
1388 2761 1550 2832 ὀρθοῦ
1581 2763 1726 2818 κατά
1774 2765 1992 2832 φιλοσο-

416 2851 547 2919 φίαν
575 2850 699 2905 όδοῦ
731 2851 1221 2922 περιπλάγξουσιν,
1248 2852 1357 2906 οὐδ’
1391 2853 1467 2915 ὡς
1500 2853 1571 2906 τὰ
1603 2853 1713 2908 τῶν
1751 2855 1995 2924 ἀνερμα-

417 2941 638 3008 τίστων,
670 2941 766 2996 1:01
794 2942 896 2996 600
930 2942 1006 3012 μὴ
1053 2942 1236 3013 φόρτῳ
1269 2942 1544 3014 βριθᾶται,
1596 2944 1844 2999 σαλεύειν
1879 2945 1994 3016 βιά·

420 3051 627 3090 σονται.
673 3033 811 3089 Ὗπδ
842 3035 994 3106 καλῷ
1039 3037 1275 3090 σκίπωνι
1309 3036 1535 3106 βαίνεις.
1579 3035 1854 3108 Ἐρμαῖκὴ
1895 3037 1994 3108 βα-

417 3130 621 3198 κτηρία
651 3129 748 3193 τὰς
779 3127 968 3200 βάσεις
1015 3130 1074 3181 ἐν
1123 3129 1361 3199 ἀσφαλεῖ
1408 3147 1491 3184 σοι
1537 3129 1882 3200 καθίστησιν.
1917 3129 1994 3184 06

2093 2033 2222 2071 τατε
2229 2055 2246 2072 ο

2565 2110 2676 2166 Τοῦ
2698 2111 3212 2179 αὺτοῦ-ἠθοποιΐα.

2097 2218 2315 2308 Ποῗίους
2337 2221 2414 2276 ἂν
2435 2220 2572 2308 εἶξε
2587 2227 2812 2292 λόγους
2844 2227 3231 2308 ’ρμωκῄςωνρ
3261 2227 3362 2281 ὅτε
3393 2225 3471 2308 τῇ
3489 2227 3681 2281 ἐπαύ-

2158 2307 2299 2358 ριον
2321 2295 2473 2358 μετὰ
2501 2294 2764 2350 θάνατον
2794 2297 2902 2350 τοῦ
2937 2297 3141 2352 πολλὰ
3161 2295 3682 2365 εὐεργετήσαντος

2162 2361 2350 2442 αὑτὸν
2371 2361 2720 2442 ,ἁγιωτάτου
2757 2368 3128 2442 πατριάρχου
3157 2369 3373 2442 κυρίου
3403 2367 3679 2442 Μιχαὴλ,

2163 2432 2273 2486 τοῦ
2294 2432 2400 2513 τοῦ
2430 2435 2773 2513 Ἀπχιάλορρ
2789 2432 3123 2513 ,ῖοὺόιλείλος
3145 2432 3416 2513 ἀφῂρέθη
3437 2435 3507 2500 ἐξ
3525 2432 3682 2513 ἀποξ

2167 2504 2403 2574 στοέῇς
2439 2505 2547 2558 τοῦ
2571 2506 2842 2573 μεγάλου
2868 2504 3197 2574 οἰκονόμου
3225 2504 3334 2562 τοῦ
3363 2504 3680 2572 «ancxy-ﬁ

2167 2571 2233 2644 τὸ
2283 2571 2402 2644 ἔξω
2443 2571 2688 2644 στρῶμα
2737 2576 2835 2629 καί
2879 2578 2955 2630 τὰ
3005 2571 3202 2644 (“dna
3231 2577 3332 2632 καί
3367 2571 3680 2642 λοιπὰζτὰ

2164 2641 2422 2709 ἀστείως
2455 2641 2674 2700 αὐτίκα
2701 2645 2955 2702 δοθέντα
2987 2641 3270 2716 πτωχοῖς.

2153 2746 2495 2824 ’Δνεξίκακε
2553 2759 2755 2830 σῶτερ,
2809 2759 3026 2830 ἀνέχου,
3082 2760 3159 2831 μὴ
3214 2761 3309 2815 1:01
3344 2761 3517 2816 κακόν
3577 2777 3675 2831 μοι

2095 2851 2308 2920 γένοιτο
2353 2851 2568 2906 πλεῖονο
2608 2852 2903 2917 ἀλεξίκακε
2927 2853 3052 2919 Θεέ,
3082 2853 3454 2924 ἀποσοϐηθείη
3495 2855 3590 2907 1:01
3637 2853 3678 2924 ἡ

2096 2944 2400 3014 φαινομένη
2457 2944 2597 3015 αὕτη
2654 2946 2920 3010 κάκωσις.
2968 2945 3132 3002 Ἀλλά
3189 2947 3243 2999 τί
3296 2945 3360 3016 δή
3420 2962 3551 2999 ποτε
3608 2944 3683 2998 τὰ

2099 3039 2384 3106 παρόντα;
2431 3038 2712 3094 Φαντασία
2740 3056 2825 3103 τις
2855 3038 3032 3101 ἄλλως
3059 3040 3154 3092 1:01
3181 3038 3428 3108 δόκησις,
3473 3037 3507 3105 ἢ
3532 3031 3690 3107 ’πρὸς

2096 3133 2361 3204 ἀλήθειαν
2425 3133 2840 3203 ὑφεστήκασιν;
2903 3135 3080 3203 ’Ὁναρ
3137 3131 3583 3194 ἀναπλάττεται,
3646 3129 3684 3200 ἢ

417 3222 599 3276 τοίνυν
629 3221 965 3292 πρόσκομμα
991 3222 1204 3290 πάθοις,
1232 3223 1335 3277 κᾶν
1360 3222 1657 3293 ἐρισφαλές
1688 3243 1773 3280 σοι
1803 3225 1866 3280 :6
1893 3226 1996 3297 τῆς
2034 3291 2064 3297 _
2099 3223 2254 3297 ὕπαρ
2278 3228 2391 3290 τοῖς
2419 3225 2722 3296 ὀφθαλμοῖς
2747 3225 3118 3297 παρίσταται;
3152 3224 3463 3294 Εύσχήμων
3489 3217 3684 3292 ἦλθον·

417 3313 562 3370 ὁδοῦ.
600 3313 827 3378 Πολλοῖς
872 3291 1179 3386 ἀγωγίμοις
1209 3291 1416 3385 βρίθεις
1438 3333 1450 3346 ·
1483 3291 1576 3370 611’
1611 3317 1802 3389 ἀγαθῷ
1833 3291 1995 3392 ἀρχιέ
2021 3291 2066 3353 c
2100 3291 2344 3387 κοσμίως
2388 3291 2556 3388 εἶχον,
2592 3291 2893 3390 περιϐολήν
2941 3335 3001 3372 τε
3031 3319 3239 3389 φέρων,
3270 3291 3444 3385 δπόση
3477 3291 3690 3384 τρυφε-

417 3411 632 3465 τέκτονι
682 3411 1086 3483 ἐκπεπόνησαι.
1144 3413 1479 3484 Κατατόλμα
1507 3414 1641 3483 γοῦν
1680 3417 1788 3470 τῶν
1815 3434 1997 3489 πραγ-

421 3503 647 3572 μάτων·
699 3502 866 3574 όρχοῦ
922 3503 1067 3558 κατά
1116 3507 1400 3575 κυμάτων,
1457 3507 1772 3573 ἐκπετάσας
1825 3508 1997 3564 ίστίον

420 3592 733 3664 πόμπιμον.
789 3595 1132 3666 Διακυϐἐρνα
1185 3597 1385 3652 σαυτὸν
1415 3598 1652 3666 ἀΰπνοις
1692 3603 1808 3665 τοῖς
1856 3602 1998 3657 κατά

418 3687 600 3758 ψυχὴν
647 3691 743 3744 1:01
799 3689 1115 3760 νοουμένοις
1145 3689 1414 3760 ὄμμασιν,
1468 3693 1615 3764 άπερ
1668 3694 1782 3764 ἐγὼ
1827 3695 2000 3750 πλείω

422 3782 550 3852 περί
587 3799 646 3835 σε
704 3781 918 3854 θεωρῶ,
977 3784 1123 3855 ήπερ
1168 3786 1268 3838 ὅσα
1318 3789 1462 3842 κατά
1501 3787 1664 3860 σῶμα
1715 3791 1847 3859 περὶ
1907 3792 2002 3844 τὸν

421 3873 668 3944 ἀλλοφυῆ
703 3876 931 3945 Ἄργον,
964 3878 1026 3930 16
1067 3878 1359 3933 πολυωπδν
1395 3883 1582 3953 τέρας,
1628 3883 1999 3952 ἐπέμφαινονο

419 3963 481 4017 δν
517 3965 548 4034 ή
587 3962 818 4032 ποιητοῦ
862 3965 1139 4038 πλαστικὴ
1187 3969 1268 4032 είς
1301 3969 1529 4034 πολλοὺς
1561 3971 1774 4042 ἤνοιξεν
1802 3972 2003 4040 ὀφθαλ-

427 4055 586 4125 μοὺς,
622 4055 720 4109 1:01
772 4055 961 4127 βρύειν
995 4059 1187 4129 ὥσπερ
1236 4061 1466 4126 πολλαῖς
1495 4061 1758 4134 ἐποίησεν
1786 4063 2002 4134 ὄψεσιν,

423 4147 506 4210 είς
541 4146 710 4218 μυρία
739 4147 968 4218 ὄμματα
1003 4155 1427 4222 κατατρήσασα,
1460 4154 1536 4219 ὡς
1575 4154 1826 4228 διαρρεῖν
1858 4156 1920 4211 06
1934 4174 2005 4212 τω

424 4239 487 4293 :6
517 4239 744 4293 όπτικὺν
772 4239 868 4295 τοῦ
913 4241 1037 4296 ὅλου
1072 4243 1367 4315 σώματος,
1396 4246 1472 4312 ὥς
1519 4249 1612 4303 ὅτε
1659 4250 2006 4322 πολυτρήτου

425 4333 571 4396 τινὸς
625 4335 962 4402 άναγωγέως
1010 4335 1156 4408 ὕδωρ
1209 4339 1519 4410 πολύρῤουν
1571 4342 2001 4410 ἐξακοντίζεται.

440 4425 604 4480 Ἀλλά
651 4425 822 4481 ταῦτα
873 4428 972 4498 μὲν
1006 4427 1153 4482 οὕτω
1195 4431 1335 4498 πρὸς
1368 4433 1428 4486 :6
1474 4437 1651 4506 πέρας
1679 4435 2006 4490 πέπαικται.

429 4519 502 4572 Συ
553 4519 612 4573 δέ
672 4520 724 4573 εί
783 4520 879 4573 1:01
934 4519 1012 4592 μὴ
1064 4521 1208 4575 οὕτω
1267 4523 1678 4595 πολυόμματος,
1710 4526 1828 4580 ἀλλ’
1862 4525 2010 4596 ἄλλῳ

2103 3409 2398 3481 ρευόμενον
2449 3409 2610 3478 σῶμα
2655 3411 3017 3476 παράκειται,
3050 3410 3147 3463 καὶ
3176 3408 3537 3478 λαμπρότητα
3587 3408 3689 3460 καὶ

2099 3504 2268 3573 ἀλλην
2298 3502 2438 3574 ὑπὲρ
2489 3501 2646 3567 ἀξίαν
2700 3501 2840 3574 (ἀλλ’
2867 3500 3038 3572 ὅμως)
3087 3501 3454 3570 ἐπαγόμενος.
3485 3497 3688 3568 Τάπης

2101 3593 2477 3665 ἀνθηρόχρους
2505 3594 2824 3664 ύφήπλωτο,
2853 3593 3120 3656 λειμῶνος
3161 3592 3506 3663 περιφαίνων
3532 3589 3688 3659 ὄψιν,

2100 3683 2184 3750 οἷς
2225 3688 2326 3740 ὅσα
2357 3687 2452 3740 1:01
2484 3685 2675 3740 ἄνθεσι
2726 3686 2992 3750 ποικίλοις
3040 3684 3371 3754 διελάμπετο
3405 3683 3690 3754 βάμμασι.

2100 3779 2342 3852 Στρῶμα
2369 3783 2398 3834 6
2428 3779 2607 3850 τάπης
2639 3780 2873 3848 ἀνεῖχεν,
2907 3781 2971 3834 06
3006 3778 3299 3850 Μιλησίοις
3331 3776 3698 3844 ἐστοιϐασμέ-

2106 3887 2198 3925 νον
2229 3871 2420 3940 ἐρίοις,
2450 3871 2610 3924 ὁποῖα
2640 3872 2735 3924 καὶ
2761 3870 2933 3924 ταῦτα
2966 3870 3144 3940 εὐαφῆ
3179 3870 3276 3924 1:01
3305 3866 3490 3935 άγαθά
3520 3867 3699 3936 μαλα-

2102 3964 2216 4027 κῶς
2266 3962 2653 4030 ἐγκαθεύδειψ
2693 3950 2837 4017 ’ἀλλὰ
2888 3965 3230 4033 σεσαγμένον
3283 3965 3436 4018 ἔνδον
3495 3964 3695 4017 ἄνθεσι

2105 4057 2317 4126 φυτῶν,
2353 4057 2390 4111 ἃ.
2429 4057 2745 4126 σπείροντες
2795 4057 3097 4128 ἄνθρωποι,
3152 4052 3274 4112 εἶτα
3321 4058 3383 4110 :6
3423 4056 3696 4111 ἐπανθοῦν

2105 4148 2327 4216 ἐριῶδες
2359 4147 2504 4221 [σὺν]
2543 4150 2693 4219 πόνῳ
2742 4150 3090 4219 συλλέγουσι,
3120 4148 3558 4220 παρευδοκιμῶν
3588 4149 3696 4220 τὴν

2103 4241 2217 4295 τῶν
2245 4241 2406 4310 ἐρίων
2434 4241 2634 4311 χρῆσιν
2663 4243 2732 4296 τὰ
2752 4238 2840 4307 είς
2889 4243 3102 4314 τρυφὴν
3138 4243 3500 4306 ἀνακλίσεως.
3530 4243 3608 4296 T6
3633 4243 3697 4297 δὲ

2105 4334 2441 4399 ἐπιπολάζον
2474 4333 2670 4400 λίνεον,
2709 4335 2786 4396 ὡς
2819 4335 3110 4404 ἐπεγξύειν
3135 4335 3198 4389 :6
3234 4336 3487 4406 στρῶμα,
3523 4336 3701 4405 ἐχρῆν

2112 4428 2212 4499 μέν
2246 4429 2328 4490 είς
2377 4427 2636 4496 μελανίαν
2657 4426 2952 4498 ξβεϐάφθαι
2987 4427 3468 4498 σκυθρωπότερον,
3501 4427 3592 4480 διά
3636 4446 3704 4482 τε

2110 4521 2212 4590 ἐμὲ
2247 4521 2362 4591 βίου
2413 4520 2660 4575 τοιούτου
2691 4521 3002 4592 ἄνθρωπον,
3051 4523 3148 4578 καὶ
3193 4519 3283 4575 διὰ
3330 4520 3393 4572 :6
3433 4519 3633 4583 πάθος,
3664 4519 3700 4590 ἢ

433 4609 621 4678 τρόπῳ
650 4608 728 4678 τῷ
769 4613 988 4679 συνεχεῖ
1017 4612 1114 4666 1:01
1148 4613 1423 4684 ἀκαμάτῳ
1460 4616 1562 4686 τῆς
1599 4617 1838 4688 θεωρίας
1877 4618 2010 4672 61:0-
2045 4630 2084 4685 ι)
2111 4616 2206 4668 καὶ
2235 4614 2456 4679 πένθος,
2491 4614 2520 4668 ὃ
2568 4632 2658 4684 μοι
2692 4615 2818 4685 ἀρτι
2865 4614 3262 4685 προσήρμοττε
3288 4629 3304 4645 ·
3339 4611 3401 4665 :6
3448 4610 3526 4677 δὲ,
3559 4611 3704 4666 ἀλλά

431 4701 651 4766 ϐάλλεις
693 4702 786 4757 16v
822 4703 1066 4773 Ἀργον·
1105 4705 1224 4759 οὐδέ
1277 4723 1359 4761 σοι
1391 4707 1559 4773 ὕπνος
1589 4710 1680 4763 ἐπὶ
1717 4709 2011 4781 βλεφάροις

433 4796 612 4848 κεῖται
645 4793 825 4864 (τοῦτο
872 4795 937 4863 δὴ
987 4798 1130 4851 κατά
1177 4798 1270 4851 τὸν
1328 4801 1634 4870 Ὁμηρικόν
1681 4803 2008 4871 Ὀδυσσέα),

431 4887 495 4939 06
559 4885 827 4949 Πλειάδας
903 4888 1189 4957 είσορῶντι
1248 4891 1345 4943 1:01
1415 4892 1617 4955 Ὑάδας
1676 4893 1772 4946 1:01
1825 4893 2013 4956 σθένος

444 4979 702 5050 Ὠρίωνος
735 4981 1050 5051 (καὶταῦτα
1080 4984 1179 5054 μὲν
1204 4985 1311 5056 γὰρ
1341 4985 1865 5058 θεωρητικώτερον),
1896 4984 2012 5040 ἀλλ’

436 5073 530 5126 ἐπὶ
562 5074 767 5142 μᾶλλον
795 5075 1003 5145 βίϐλοις
1036 5080 1460 5150 προστετηκότι,
1500 5080 1596 5132 1:01
1625 5079 1693 5132 τά
1723 5084 1782 5132 ἐν
1819 5079 2012 5144 αὐταῖς

433 5166 666 5234 οὐράνια
728 5169 900 5240 κάλλη
955 5170 1361 5240 προσϐλέποντι
1415 5172 1863 5241 ἀναπεπταμένῳ
1917 5172 2014 5227 καὶ

347 5263 350 5266 ’
435 5257 705 5328 ἀγρύπνῳ
734 5258 812 5329 τῷ
857 5261 1104 5330 ὂμματι·
1155 5263 1248 5333 ἀφ’
1281 5260 1360 5321 ὧν
1402 5264 1636 5326 ἄπλετος
1681 5264 1783 5336 ὅση
1833 5264 2015 5332 φωτὸς

435 5348 595 5404 ούσία
649 5352 1040 5422 ἐπεισκέχυταί
1091 5371 1174 5408 σοι
1223 5356 1408 5426 χάριτι
1452 5354 1547 5410 τοῦ
1607 5355 1847 5424 μεγάλου
1903 5355 2014 5408 τῶν

438 5444 631 5511 φώτων
659 5443 915 5514 πατέρος.
945 5447 1036 5512 Μή
1066 5463 1155 5516 μοι
1184 5448 1364 5502 τοίνυν
1392 5449 1638 5520 πρόφερε
1668 5449 1858 5513 ζάλας,
1889 5448 1918 5501 6
1946 5447 2017 5500 τά

440 5536 682 5591 ἐνταῦθα
710 5539 976 5607 τεχνικῶς
1003 5539 1417 5610 διακρινόμενος
1450 5542 1674 5610 κύματα
1693 5555 1708 5570 ⁰
1747 5542 1822 5612 μή
1847 5540 2017 5611 ταρά-

442 5645 591 5697 χους,
642 5631 670 5680 6
720 5629 992 5682 καθιστῶν
1045 5631 1260 5696 ἑαυτὸν,
1320 5633 1425 5702 ὅπη
1481 5635 1576 5686 1:01
1628 5631 1876 5703 βούλοιο⁹
1939 5632 2016 5703 μὴ

444 5718 754 5785 φροντίδας,
809 5721 838 5771 6
896 5717 1192 5787 πολύφρων
1245 5736 1307 5772 τε
1361 5722 1456 5775 1:01
1517 5723 1810 5790 ἀγχίνουςο
1851 5721 2018 5791 μὴτὸ

355 5845 363 5849 .
443 5805 692 5874 ἄσχολον,
728 5809 756 5861 6
791 5808 1306 5880 θεωρητικώτατοςο
1343 5811 1420 5880 μὴ
1466 5812 1495 5863 6
1543 5812 2018 5883 πραγματικὼτα-

454 5909 543 5957 τος
569 5898 873 5968 πράγματα
893 5913 906 5928 ·
943 5899 1150 5969 μήπου,
1182 5901 1236 5956 εί
1259 5915 1313 5954 τι
1344 5903 1436 5956 1:01
1451 5901 1643 5971 ’λέγειν
1666 5903 1811 5974 ἔχεις
1839 5903 2018 5962 τοιοῦ-

2111 4709 2307 4764 λευκὸν
2336 4709 2436 4780 μὲν
2468 4703 2558 4780 ἦν,
2593 4710 2669 4772 ὡς
2696 4709 2724 4762 6
2753 4707 2926 4776 ἥλιος,
2954 4705 3054 4777 τὴν
3093 4703 3482 4773 λεπτουργίαν,
3513 4705 3705 4756 ὁποῖον

2114 4801 2357 4872 ἀράχνης
2412 4799 2757 4869 τεχνάζεται.
2797 4793 2908 4850 Ἦν
2939 4797 3029 4850 καὶ
3063 4797 3096 4866 ή
3148 4795 3246 4865 τῆς
3280 4794 3527 4864 κεφαλῆς
3567 4793 3708 4846 ἀνάο

2113 4910 2314 4956 παυσις
2368 4892 2545 4962 τούτῳ
2605 4889 2924 4958 ἐφάμιλλος,
2975 4889 3051 4950 ὡς
3103 4885 3463 4956 ἀνακείμενόν
3497 4901 3568 4953 με
3623 4884 3703 4954 μὴ

2113 4983 2520 5052 ἐπιφαίνεσθαι,
2567 4981 2706 5038 ἀλλὰ
2734 4983 2800 5049 τῇ
2829 4980 2940 5034 τῶν
2969 4979 3350 5046 ὑποκειμένων
3393 4975 3706 5044 άπαλότητι

2113 5077 2583 5144 ἐγκαταδύεσθαι,
2647 5075 2719 5143 ἢ,
2778 5067 2840 5127 06
2901 5077 2994 5127 1:01
3054 5073 3257 5141 μᾶλλον
3315 5071 3425 5138 ἐγὼ
3473 5069 3705 5136 ἐπάξιος

2113 5170 2333 5233 δοκεῖν,
2421 5169 2672 5239 μνημείῳ
2737 5168 2845 5219 τινὶ
2907 5163 3451 5236 ἐγκαταχώννυσθαι.
3509 5159 3707 5218 Ἶισάν

2120 5279 2212 5331 μοι
2252 5261 2424 5314 ταῦτα
2483 5260 2626 5313 οὓτω
2686 5258 2880 5324 σεμνά.
2936 5260 3004 5315 Αἱ
3053 5258 3110 5310 δὲ
3157 5257 3391 5320 σινδόνες
3444 5255 3540 5326 (16
3596 5274 3709 5309 πα-

2119 5356 2453 5424 ραπέτασμα
2507 5352 2609 5420 τῆς
2663 5350 3002 5421 στρωμνῆς)
3056 5349 3226 5419 ἀκραι
3278 5349 3378 5419 μὲν
3438 5348 3708 5416 Σηρικαῖς

2118 5447 2420 5516 ἐνέλαμπον
2446 5446 2695 5514 κρόκαις,
2723 5443 2816 5496 1:01
2842 5441 3075 5504 ταύταις
3099 5441 3416 5511 ἁλουργοῖς,
3439 5438 3540 5494 καὶ
3555 5439 3706 5504 οἵαις

2117 5534 2218 5587 οὐκ
2245 5535 2311 5588 ἂν
2327 5533 2614 5605 ἀπαξιώσῃ
2631 5532 2857 5601 τρυφῶν
2879 5531 3044 5603 ἀνὴρ.
3072 5529 3244 5586 Εἶπεν
3271 5533 3339 5586 ἀν
3367 5547 3452 5594 τις
3486 5529 3706 5600 βλέπων

2120 5625 2291 5688 αὑτὰς
2329 5625 2432 5696 μὲν
2463 5625 2672 5697 Ἰρίδων
2691 5627 2850 5696 δίκην
2874 5624 3265 5694 παραλλήλους
3297 5621 3538 5684 κεῖσθαι,
3565 5620 3629 5673 16
3650 5621 3708 5672 δὲ

2123 5719 2310 5790 μέσον,
2345 5717 2462 5788 φῶς
2492 5714 2605 5771 οἷον
2637 5713 2814 5772 εἶναι’
2855 5717 3033 5779 οὕτως
3077 5716 3331 5785 ἀκράτως
3361 5708 3430 5783 ἦν
3484 5711 3706 5764 λευκόν.

2130 5813 2197 5868 Ἦ
2223 5813 2279 5867 δὲ
2303 5811 2791 5883 λεπτότης-ἀλλ’
2820 5812 2922 5864 061:
2954 5811 3021 5864 ἂν
3053 5805 3208 5862 εἶπεν
3235 5808 3264 5860 ὁ
3306 5805 3432 5858 ίδὼν
3472 5801 3708 5871 ὕφασμα

2124 5903 2361 5979 βλέπειν,
2389 5903 2529 5961 ἀλλά
2556 5893 2972 5974 πεφωτισμένον
3002 5900 3139 5973 ἡλίῳ
3167 5899 3328 5972 ἀέρα,
3354 5894 3713 5968 ἀμεσολάϐη-
