4062 6430
287 346 424 414 1231
1049 335 1470 399 EUSTATIIII
1497 337 2259 402 TIIESSALONICENSiS
2300 342 2727 409 EPISTOLJE.
3404 343 3542 409 1233

282 473 376 511 τον
412 453 652 523 σώματι.
692 446 755 502 ’11
785 447 843 502 δὲ
876 445 1203 516 στιλπνότης
1236 446 1549 500 ἀπολείϐειν
1584 448 1635 517 (δ
1669 446 1864 518 φασιν)
1893 451 1941 511 Δ
1971 456 2135 524 σύνης
2158 455 2267 524 γὰρ
2294 454 2355 507 οὐ
2384 455 2536 519 νόσος
2561 454 2823 525 ἀντεδόθη
2842 455 2978 526 πρὸς
3003 456 3248 522 κόλασιν,
3275 456 3389 510 ἀλλ’
3407 456 3547 523 ἐξω-

283 547 461 600 ἐδόκει
498 543 665 612 ὑγρὸν
710 540 913 594 ἔλαιον.
960 538 1071 591 Kal
1100 536 1317 593 ἔκειντο
1354 539 1545 610 χρῆμα
1568 540 1734 594 καλὸν
1771 541 1866 595 ἐπὶ
1963 545 2183 615 τερικοῦ
2217 544 2430 614 κόσμου
2463 546 2772 615 ἀφαίρεσις.
2804 546 3032 615 Μήποτε
3062 548 3118 602 δὲ
3141 548 3237 602 καὶ
3267 547 3343 611 ὡς
3373 543 3463 602 οίά
3491 567 3548 601 τι

285 634 437 705 καλῷ
486 632 566 705 τῷ
599 629 881 700 στρώματι
928 628 985 681 αί
1017 629 1274 693 σινδόνες,
1306 628 1732 699 δυσωπούμεναι
1772 631 1865 685 τὸν
1966 639 2134 710 φυτὸν
2164 639 2488 708 ἀχαριστίας
2523 640 2634 691 τῶν
2669 639 3049 693 ἐπανθούντων
3084 640 3413 711 περιθέτων,
3443 644 3548 694 ὅσα

287 725 509 796 θεατὴν,
544 724 733 794 πόρῤω
758 739 862 783 που
892 721 1099 791 μένειν,
1123 721 1199 785 ὡς
1234 720 1310 791 μὴ
1358 722 1442 775 ὅτι
1491 738 1557 790 γε
1596 723 1867 791 ἐγκαθευ-
1968 734 2060 785 καὶ
2091 730 2327 801 φύλλων,
2370 730 2849 802 ἀπογεγύμνωμαι
2872 749 2887 763 ·
2941 732 2973 802 ἢ
3012 735 3108 787 καὶ
3141 732 3318 795 ἄλλως
3347 735 3544 798 είπεῖν,

287 817 472 887 δῆσαι,
508 814 642 869 ἀλλά
677 814 812 886 μηδὲ
846 816 925 877 εἰς
954 815 1016 867 τδ
1048 814 1156 867 πᾶν
1186 813 1418 884 ψαῦσαι,
1464 813 1541 886 μὴ
1574 817 1668 869 καὶ
1695 834 1866 887 κραν-
1968 821 2288 893 φυλλορῤοῶ
2313 823 2413 893 τὴν
2440 821 2696 874 εὔκλειαν
2719 839 2732 852 ο
2763 820 2904 891 τάχα
2937 824 3032 876 καὶ
3084 824 3161 885 ὡς
3211 823 3548 892 παραδείσου

290 911 413 978 θείη
441 910 512 963 τὰ
541 907 686 962 οὕτω
712 907 891 977 τίμια.
926 906 1000 959 Τὸ
1032 906 1089 958 δὲ
1118 907 1492 977 ἐπικείμενον,
1514 908 1624 961 είτε
1641 908 1867 972 δάπιδος
1968 916 2184 986 τρυφῆς
2239 916 2391 982 ἄξιος
2441 916 2718 968 ἐκπεσεῖν.
2788 916 2901 984 Τὴν
2960 916 3252 986 παροῦσαν
3307 916 3552 984 ἐπέγνων

291 1002 424 1056 αὐτὸ
446 1003 554 1054 εἴτε
584 1003 678 1054 καὶ
705 999 902 1062 κοινῶς
948 998 1283 1067 ἀπλώματος
1323 1001 1561 1070 νοήματι
1599 1000 1869 1071 σεμνῦναι

290 1095 433 1164 χρὴ,
448 1094 547 1147 οὐκ
583 1091 649 1147 ἂν
679 1091 807 1162 ἄχρι
831 1092 1055 1161 ταχεῖαν
1078 1090 1370 1162 ἕκφρασινο
1396 1094 1578 1146 ἐκεῖνο
1611 1091 1669 1147 δὲ
1692 1094 1870 1146 εἰπεῖν

290 1187 475 1256 ἀρκεῖ,
496 1185 571 1249 ὡς
599 1185 731 1255 ἀρα,
750 1184 811 1237 δν
827 1186 1028 1255 τρόπον
1048 1183 1287 1255 ὕπερθεν
1306 1185 1416 1241 τῶν
1439 1186 1642 1239 λοιπῶν
1662 1184 1869 1251 ἔκειτο,

291 1279 438 1331 οὕτω
465 1278 557 1331 καὶ
590 1278 699 1331 τῶν
731 1276 936 1330 λοιπῶν
966 1278 1309 1348 ὐπερέκειτο.
1336 1279 1512 1349 Σκεύη
1542 1280 1633 1333 ἐπὶ
1659 1279 1872 1345 τούτοις

292 1372 361 1424 τὰ
386 1371 486 1441 μὲν
518 1372 625 1423 ἀπὸ
675 1369 888 1437 γυμνοῦ
935 1369 1163 1440 χαλκοῦ,
1197 1372 1264 1423 τὰ
1291 1371 1349 1425 δὲ
1382 1370 1481 1425 καὶ
1503 1370 1871 1442 γεγανωμένα

1969 1007 2289 1077 γύμνωσινο
2355 1006 2430 1075 μή
2494 1023 2585 1075 μοι
2638 1005 2696 1058 δέ
2739 1007 2952 1074 γένοιτο
2985 1008 3079 1059 καὶ
3130 1007 3212 1069 είς
3234 1006 3292 1059 τὸ
3324 1008 3550 1078 ἀρχαῖον

1972 1098 2447 1161 ἀποκατάστασις.
2515 1097 2723 1160 Πένθος
2778 1097 2905 1167 χθὲς
2957 1097 3052 1152 καὶ
3087 1093 3220 1169 ῆχος
3249 1099 3551 1153 κλαιόντων

1973 1195 2071 1245 xal
2103 1190 2416 1261 βαρυθυμία
2443 1206 2459 1222 ο
2492 1189 2789 1243 καὶταῦτα
2821 1191 2953 1257 περὶ
2990 1190 3121 1260 ὃλην
3150 1192 3251 1262 τὴν
3293 1192 3387 1244 τοῦ
3412 1190 3549 1245 Θεοῦ

1974 1283 2309 1352 ἐκκλησίαν’
2368 1284 2464 1336 καὶ
2524 1283 2557 1352 ἡ
2613 1284 2949 1347 κατάστασις
2994 1284 3139 1354 αῦτη
3167 1285 3259 1337 καὶ
3288 1285 3549 1355 σήμερον.

1988 1374 2153 1428 Ἀλλά
2168 1373 2263 1427 καὶ
2288 1375 2369 1437 είς
2396 1375 2610 1443 μακρὸν
2636 1371 2717 1425 ἐτι
2750 1375 3083 1444 παραμενεῖ.
3110 1375 3219 1426 Καὶ
3259 1376 3421 1445 ἡμεῖς
3452 1376 3553 1443 μέν

294 1462 615 1528 καττιτέρου
647 1464 930 1533 φανότητι,
963 1463 1169 1517 καὶτὸν
1209 1464 1453 1536 ἀργυρον
1472 1464 1877 1535 καθυποκρινό-
1975 1464 2036 1518 ἐν
2063 1465 2314 1534 τρυφαῖς,
2341 1462 2435 1527 οὒς
2462 1464 2569 1517 ἔδει
2597 1462 2721 1517 λίαν
2752 1463 2982 1527 ἄξεσθαι
3023 1465 3312 1532 δάκρυσιν.
3343 1464 3553 1519 Οὐκοῦν

299 1573 457 1625 μενα.
492 1553 660 1609 Εἶπεν
686 1556 753 1610 ἂν
779 1555 986 1627 όόρῶν,
1002 1556 1187 1620 αὐτοῖς
1209 1557 1570 1628 ἐναπομένειν
1598 1556 1696 1630 τὴν
1724 1557 1871 1627 ³ειῐνοιν.
1975 1558 2200 1619 ἐνδίκως
2234 1557 2267 1625 ἡ
2290 1555 2412 1626 δίκη
2442 1553 2714 1625 μετῆλθεν
2761 1556 2935 1625 ἡμᾶς.
2987 1556 3182 1608 Κεῖται
3230 1556 3369 1627 ἀνὴρ
3398 1558 3558 1610 αὐτό-

301 1648 591 1703 Ἔστιλϐον
610 1647 717 1718 γὰρ
735 1648 831 1701 καὶ
862 1648 1003 1718 ὐπέρ
1025 1648 1168 1704 αὐτὰ
1190 1651 1671 1721 κάτοπτρα.Θήκη
1694 1650 1871 1720 μύρου
1976 1663 2167 1721 χρημα
2203 1647 2371 1716 σοφία
2404 1646 2499 1700 καὶ
2527 1645 2835 1716 ἀγιωσύνη.
2860 1645 2922 1699 οὐ
2956 1646 3018 1699 τὸ
3052 1647 3340 1717 μεγαλεῖον
3364 1648 3426 1701 οὐ
3462 1650 3559 1717 μό-

298 1741 555 1804 στακτοῦ,
589 1740 772 1794 ὁποῖόν
803 1757 864 1793 τε
898 1740 1192 1805 ἀποϐλύζει
1231 1743 1421 1813 ῥόδων,
1444 1743 1541 1795 καὶ
1568 1743 1707 1813 ὅπερ
1729 1736 1873 1806 οἶνος
1906 1800 1947 1813 __
1978 1757 2070 1793 νον
2103 1741 2183 1803 είς
2210 1737 2604 1810 ἀρχιερατικδν
2634 1737 2826 1809 θρόνον
2860 1738 3242 1808 άνυψωθέντος
3294 1738 3553 1808 ἐξεφάνη,

299 1800 572 1905 σκευωρεντ
597 1835 1059 1905 φαρματτόμενος
1077 1800 1302 1891 εὐώδέσι
1324 1800 1615 1907 μίγμασιν.
1648 1800 1876 1908 ’λνάφοξι
1903 1800 1949 1861 Β
1977 1832 2112 1887 ἀλλὰ
2135 1800 2232 1885 καὶ
2252 1800 2560 1900 ἀὐτοῦ
2582 1800 2683 1901 τὴν
2711 1800 3044 1901 οἰκουμένην
3065 1831 3203 1901 ἐπλὴ
3215 1800 3353 1900 ῥουξ
3373 1800 3485 1884 Kal

302 1944 395 1998 ρον
421 1927 587 1982 καλὸν
609 1928 759 1995 ἰδεῖν,
796 1927 972 1983 πλατὺ
1000 1930 1272 2001 χωρῆσαι,
1307 1930 1417 1984 Καὶ
1453 1926 1524 2002 ἦν
1571 1931 1705 1985 αὐτὸ
1728 1931 1875 2001 θήκη
1980 1923 2082 1996 μὲν
2120 1923 2270 1979 ἄλλοι
2319 1921 2661 1991 ἐννοούμενοι
2707 1920 2770 1975 τὸ
2820 1921 2991 1984 πάθος
3020 1921 3251 1993 δάκρυσι
3278 1921 3553 1986 λούονται,

299 2019 550 2091 χιτῶνος,
572 2020 632 2075 δν
663 2020 765 2074 οὐκ
806 2020 874 2075 ἂν
913 2016 1036 2074 εἶπέ
1061 2039 1146 2086 τις
1177 2024 1361 2093 χεῖρας
1392 2025 1627 2093 καμεῖν,
1645 2024 1740 2077 καὶ
1772 2024 1878 2092 ὐφ-

301 2114 561 2183 ασμάτων
586 2111 643 2165 δὶ
670 2111 876 2165 λασίων
906 2111 1009 2181 (ὡς
1037 2111 1102 2166 ἂν
1125 2114 1322 2182 είπεϊν)
1352 2114 1431 2185 τῷ
1448 2114 1555 2167 ἀπὸ
1582 2113 1730 2168 λίνου
1760 2132 1880 2185 τρι-

299 2205 539 2277 χώματι,
556 2204 593 2259 ἃ
613 2204 723 2275 χρὴ
747 2205 839 2260 τδν
874 2204 978 2276 ἡδη
1010 2205 1352 2276 λουσάμενον
1374 2206 1779 2277 περιτίθεσθαι,
1799 2207 1879 2271 ὡς

300 2298 719 2369 ἀπομάττεσθαι
779 2297 879 2369 τὴν
906 2298 1204 2369 ὑγρότητα.
1258 2298 1414 2352 Καλά
1440 2299 1511 2352 τὰ
1542 2298 1748 2364 πάντα,
1782 2300 1880 2354 καὶ

300 2390 468 2463 τιμὴν
510 2391 713 2465 πολλὴν
758 2391 1106 2461 εὑρίσκοντα.
1145 2419 1215 2430 -
1256 2390 1443 2445 Ταῦτα
1486 2390 1882 2464 ἐπιλεξάμενος

304 2482 513 2553 (πολλά
542 2483 600 2549 δέ
632 2500 723 2553 μοι
748 2482 1107 2553 παράκειται,
1134 2482 1233 2537 καὶ
1255 2483 1394 2536 αὐτὰ
1432 2485 1757 2554 τεραστίως,
1784 2483 1882 2538 καὶ

303 2574 383 2638 ὡς
408 2575 513 2630 οὐκ
543 2576 610 2631 ἂν
640 2573 870 2646 ῆλπιζον
884 2576 925 2645 ),
954 2576 1184 2647 είχόμην
1211 2577 1313 2647 τὴν
1354 2576 1436 2639 είς
1481 2576 1543 2629 τὸ
1576 2576 1880 2647 βαλανεῖον.

306 2668 418 2721 Kal
448 2667 586 2731 τέως
613 2667 648 2737 ἡ
677 2665 798 2730 ὁδὸς
828 2665 1034 2731 εὐθεῖα,
1067 2667 1164 2721 καὶ
1187 2661 1306 2737 είχέ
1338 2684 1405 2736 με
1445 2667 1506 2720 τδ
1528 2668 1878 2737 κατάντημαο

307 2760 403 2813 καὶ
427 2757 603 2829 σωρὸς
628 2757 740 2811 τῶν
769 2757 980 2813 σκευῶν
1005 2756 1217 2812 ἔκειτοο
1244 2759 1339 2812 καὶ
1370 2757 1584 2830 [αὐ]τδς
1603 2759 1883 2814 ἀποδυσά-

309 2866 493 2921 μενος,
525 2851 622 2905 καὶ
658 2850 761 2921 τὴν
786 2849 1007 2919 στοιϐὴν
1030 2848 1365 2919 ἐπαυξήσας,
1414 2846 1497 2914 οἷς
1527 2850 1883 2920 προσεθέμην

306 2944 377 2997 τὰ
397 2942 492 2997 τοῦ
523 2942 849 3014 ἱματισμοῦ,
913 2940 1157 3012 ἐχώρουν
1214 2941 1350 3000 ἔσω.
1402 2944 1499 2997 καλ⁸
1530 2942 1641 2997 τῶν
1662 2944 1885 3015 θερμῶν

307 3031 519 3086 ὑδάτων
548 3031 795 3101 γίνομαι.
830 3031 943 3085 Kal
961 3031 1054 3085 τὸν
1086 3031 1259 3103 ῥύπον
1285 3032 1570 3103 ἀποσύρας
1593 3072 1610 3098 ,
1668 3037 1763 3090 καὶ
1804 3036 1885 3099 είς

1978 2014 2074 2070 καὶ
2103 2016 2195 2068 τὸν
2228 2013 2592 2085 πενθητήριον
2628 2012 2881 2085 ᾅδουσινο
2914 2014 3074 2085 ἡμεῖς
3105 2013 3163 2069 δὲ
3211 2015 3271 2068 τὸ
3313 2014 3555 2085 ἔμπαλιν

1980 2109 2320 2170 σπεύσαντες
2384 2104 2650 2177 αίσχύνην
2702 2105 2963 2176 δφλομεν.
3033 2107 3378 2177 Ἐδράμομεν
3435 2107 3554 2178 βίου

1978 2201 2117 2263 όδδν,
2165 2199 2252 2268 ἐφ’
2377 2197 2478 2251 οὐκ
2512 2196 2662 2251 ἐστιν
2710 2197 2770 2262 ὃς
2819 2199 2920 2251 οὐκ
2957 2198 3024 2253 ἂν
3054 2200 3385 2270 νεμεσήσειε
3410 2215 3426 2231 ο
3461 2200 3557 2253 καὶ

1982 2291 2234 2362 βραϐεῖον
2258 2288 2537 2360 ἠράμεθα,
2566 2291 2662 2343 καὶ⁸
2682 2291 2774 2343 τὸν
2806 2291 3153 2361 ἀγωνοθέτην
3182 2292 3442 2363 περιόντα
3465 2292 3557 2346 διὰ

1981 2382 2259 2452 θαύματος
2295 2383 2538 2452 ήγομενο
2573 2381 2648 2444 ὡς
2669 2382 2727 2435 δέ
2756 2382 2969 2452 ἀπῆλθε
3001 2383 3257 2447 λυθέντος
3284 2383 3379 2438 τοῦ
3421 2383 3554 2437 θεά-

1979 2493 2110 2545 τρου
2136 2475 2369 2539 ἐκεῖνος,
2414 2472 2807 2544 ἐξελαθόμεθα.
2855 2473 3069 2528 Οὐκοῦν
3130 2474 3361 2546 θέατρον
3414 2476 3558 2543 γινό·

1984 2568 2127 2640 μεθα
2178 2567 2273 2621 ἐπὶ
2321 2566 2541 2635 γέλωτι,
2592 2567 2689 2620 καὶ
2717 2567 2991 2636 γυμνικὸν
3021 2562 3134 2621 οἷον
3167 2562 3335 2621 ἆθλον
3361 2566 3557 2622 τοῦτον

1982 2660 2376 2733 ἀσχημοσύνης
2408 2658 2669 2731 ἀνύομεν.
2700 2654 2772 2713 ’Ὦ
2802 2658 3030 2729 ἡμερῶν
3082 2660 3330 2726 ἐκείνων,
3376 2662 3434 2714 ἐν
3467 2656 3558 2723 αἷς

1981 2750 2126 2826 ἦμεν
2152 2752 2505 2822 περίϐλεπτοι
2534 2750 2611 2821 τῷ
2633 2750 2769 2821 λαῷ,
2798 2754 2911 2816 τοῖς
2950 2751 3048 2805 τοῦ
3077 2751 3228 2822 ίεροῦ
3272 2750 3560 2821 συλλόγου,

1983 2849 2093 2907 τοῖς
2117 2846 2175 2900 ἐν
2202 2844 2380 2911 ἀξίαις
2410 2844 2717 2915 βασιλικαῖς
2735 2860 2750 2876 ο
2774 2844 2834 2896 τὸ
2860 2845 2968 2898 πᾶν
2994 2844 3192 2909 είπείν,
3217 2844 3329 2907 τοῖς
3354 2842 3559 2897 ἅπασι.

1984 2940 2100 2995 Νῦν
2128 2940 2185 2995 δέ
2212 2940 2312 2993 οὐκ
2340 2939 2487 2993 ἐστιν
2519 2938 2717 3006 εἰπεῖν,
2755 2939 2879 2993 ὅσον
2915 2937 3466 3009 περιπεφρονὴμεθα.
3488 2931 3562 2988 Ὠ

1986 3034 2187 3108 χρυσὸς
2210 3035 2418 3098 ἐκεῖνος
2450 3034 2479 3087 δ
2509 3032 2874 3103 καθημέριος,
2901 3031 3084 3095 ἐοικας
3107 3032 3206 3103 ήδη
3245 3031 3422 3086 θέλειν
3445 3033 3567 3086 ἐπι-

306 3121 577 3193 καλλονὴν
625 3121 908 3185 καταστάς
936 3121 1073 3193 ἡλίῳ
1121 3123 1437 3193 ἀντίμιμον,
1486 3124 1546 3188 ὃς
1595 3126 1690 3179 καὶ
1720 3127 1884 3190 αὐτθς
1910 3142 1955 3203 c
1985 3128 2195 3183 λείπειν
2222 3128 2390 3198 ἡμᾶς.
2439 3125 2633 3196 Ἦμεῖς
2662 3126 2718 3179 δέ
2742 3126 2918 3188 ἀλλως
2940 3125 3042 3194 τῆς
3072 3125 3288 3188 ἐλπίδος
3312 3125 3555 3196 εἴχομεν.

304 3215 564 3286 λαμπρὸν
604 3217 905 3286 παμφαίνει
930 3215 1179 3270 ὠκεανοῦ
1206 3216 1499 3286 λουόμενος
1528 3216 1735 3285 ὕδασιν,
1760 3218 1884 3289 ἐζή-

305 3325 433 3361 τουν
460 3307 715 3362 ἀναδῦναι
747 3308 851 3379 μέν
872 3307 970 3364 τοῦ
992 3308 1141 3363 ἔνδον
1172 3309 1486 3380 ἀλαμποῦς,
1519 3311 1801 3366 ἀνατεῖλαι
1825 3312 1882 3366 δὲ

306 3396 419 3454 οἷον
440 3400 793 3471 φαυστήριος.
832 3401 945 3455 Kal
972 3401 1133 3455 τοῦτο
1164 3400 1262 3471 μὲν
1286 3397 1433 3473 εῐχον
1456 3403 1667 3460 αὐτόθι.
1696 3405 1879 3477 Ζητη-

309 3490 401 3547 θέν
429 3491 484 3545 δὲ
517 3492 578 3545 τὸ
601 3480 910 3563 λουτήριον,
951 3490 1015 3545 τὸ
1034 3491 1379 3563 περίϐλημα,
1423 3492 1573 3548 ἔστιν
1596 3494 1836 3565 οὐδαμοῦ
1862 3511 1878 3528 ο

1979 3217 2053 3274 Ὦ
2081 3220 2241 3290 τιμαί⁹
2264 3221 2356 3273 καὶ
2386 3218 2594 3289 θρόνων
2616 3218 3045 3289 παραχωρήσεις
3074 3217 3172 3269 καὶ
3211 3215 3350 3271 όδῶν
3387 3218 3564 3271 ὐπεκ·

1984 3313 2225 3377 στάσεις,
2253 3312 2350 3366 καὶ
2373 3311 2519 3374 ὅσοις
2540 3311 2723 3373 ἀλλοις
2746 3312 2912 3381 ἡμεῖς
2937 3309 3068 3380 χθές
3095 3326 3201 3362 που
3230 3311 3327 3363 καὶ
3358 3308 3562 3380 πρῴην

1979 3402 2124 3476 ῆμεν
2162 3404 2539 3475 ἐμπρέποντες
2559 3419 2574 3434 ο
2598 3403 2701 3457 οὐκ
2726 3402 3255 3473 ἐκληρονομὴσαμεν
3278 3402 3460 3473 ὐμῶν.
3487 3402 3564 3455 Οὐ

1983 3496 2354 3568 παρεμείνατε
2409 3497 2508 3552 καὶ
2570 3497 2651 3559 είς
2693 3496 2873 3560 τέλος,
2899 3494 3016 3548 ἀλλ’
3048 3495 3154 3566 ήδη
3195 3496 3565 3566 ἀναχωρεῐτε,

305 3583 446 3638 ἀλλά
475 3582 571 3637 καί¹
612 3582 745 3637 αὐτὸ
781 3585 1041 3653 ἄφαντον,
1075 3588 1169 3637 καὶ
1196 3584 1232 3654 ἡ
1280 3584 1443 3655 λοιπὴ
1479 3586 1538 3641 δέ
1568 3588 1878 3660 ἀποσκευή.
1942 3580 1948 3585 ’
1981 3587 2121 3643 ἀλλά
2147 3587 2504 3656 δραπετεύειν
2530 3586 2767 3639 ἐοίκατε.
2792 3585 2908 3640 Νῦν
2935 3584 3178 3655 ἐμαυτοῦ
3204 3585 3404 3654 γέγονα
3427 3600 3441 3617 ⁸
3468 3584 3569 3639 νῦν

306 3673 374 3728 Τί
404 3674 470 3745 δὴ
529 3672 739 3742 ταύτας
796 3675 969 3729 Πόθεν
1004 3691 1096 3747 μοι
1128 3677 1190 3729 τὸ
1215 3679 1418 3745 κακόν;
1455 3679 1727 3750 Ἅρπυιαι
1753 3682 1882 3735 ἀνε-
1983 3681 2287 3751 ἐπανῆλθον
2311 3682 2391 3744 είς
2410 3679 2558 3735 νοῦν.
2590 3680 2761 3743 Μόλις
2792 3678 2984 3746 ἔγνων,
3016 3678 3135 3732 οἴου
3168 3677 3377 3746 ἀγαθοῦ
3406 3678 3566 3731 ἐστι·

310 3764 591 3836 ρείψαντο,
616 3766 712 3821 καὶ
737 3767 838 3821 οὐκ
855 3768 926 3821 -ἂν
956 3770 1234 3839 πτερωταὶ
1256 3770 1622 3840 παρεισδῦσαι
1653 3771 1882 3827 ἐλάνθα-
1984 3790 2183 3846 ρημαι,
2209 3772 2329 3834 ora:
2376 3772 2668 3843 εὐετηρίας
2710 3772 3068 3826 ἐκπέπτωκα.
3104 3770 3308 3826 Οὐκέτι
3340 3770 3571 3825 ἀποϐλέ-

305 3876 400 3915 νον
420 3876 436 3892 ο
468 3859 606 3914 ἀλλὰ
659 3859 901 3931 χανοῦσα
960 3861 1033 3932 γῆ
1065 3861 1392 3927 ὑπεδέξατο.
1423 3864 1534 3918 Kal
1579 3865 1679 3936 οὐχ
1707 3864 1884 3931 οὕτως
1985 3879 2161 3935 πομαι
2183 3880 2199 3896 ο
2243 3862 2441 3934 μενοῦν
2467 3880 2532 3932 γε
2561 3864 2659 3919 καὶ
2686 3863 3117 3935 περιϐλέπομαι.
3159 3859 3358 3919 Είλκον
3390 3863 3567 3918 πολλά

306 3953 469 4024 ἡμεῖς
495 3952 590 4007 τοῦ
623 3952 766 4037 κατά
805 3952 1031 4023 σεισμὸν
1062 3953 1271 4016 πάθους
1316 3955 1710 4027 δυσαίσθητοιο
1743 3957 1882 4013 ἀλλά
1982 3957 2094 4012 τῶν
2125 3952 2425 4027 ἀλλοτρίων
2468 3956 2600 4027 περὶ
2645 3955 2779 4026 ἐμέο
2818 3954 2915 4009 νῦν
2973 3955 3031 4010 δέ
3065 3954 3160 4010 καί⁸
3213 3955 3282 4010 τά
3318 3955 3565 4027 παρόντα

307 4041 423 4113 πῦρ
451 4043 720 4111 ἀνάλωσε,
750 4045 844 4098 καὶ
878 4044 1110 4117 ήλεγχεν
1143 4046 1211 4101 ἀν
1233 4045 1411 4118 τέφρα
1442 4048 1503 4101 τὸ
1552 4048 1649 4104 τοῦ
1707 4052 1882 4121 πυρὸς
1985 4051 2213 4122 οἴχεται.
2249 4047 2675 4118 Γυμνοτέρους
2706 4048 2937 4117 ὑπέρου
2971 4048 3131 4117 λόγος
3182 4049 3415 4113 παλαιός
3462 4065 3589 4119 φη·-

306 4136 492 4206 ἐργον.
526 4137 591 4192 Τί
621 4137 677 4191 δὲ
701 4136 840 4192 ἀλλά
870 4137 1054 4209 φῶρες
1078 4139 1333 4205 λαθόντες
1370 4142 1665 4213 ἀπήγαγον
1695 4145 1765 4198 τὰ
1789 4148 1887 4215 ξη-
1989 4160 2077 4198 σιν
2097 4161 2114 4178 ο
2152 4144 2315 4214 ἡμεῖς
2342 4142 2401 4196 δέ
2420 4142 2520 4196 οὐκ
2563 4139 2679 4195 οἴδα
2736 4142 2786 4196 εί
2814 4142 2910 4196 καὶ
2940 4141 3099 4197 αὐτοὶ
3148 4140 3456 4212 κεισόμεθα
3487 4143 3573 4206 είς

305 4230 584 4300 τούμενα;
615 4230 731 4296 πῶς
759 4230 818 4286 δέ
848 4230 916 4287 ἂν
944 4232 1180 4297 κλοπεὺς
1226 4233 1483 4288 τοσοῦτον
1534 4234 1702 4306 ἀχθος
1742 4236 1886 4292 οὕτω
1987 4237 2308 4307 παροιμίαν,
2342 4234 2487 4289 οὕτω
2507 4235 2978 4304 καταπαιχθέντες
3008 4236 3091 4298 είς
3113 4234 3418 4305 γύμνωσιν.
3453 4236 3573 4290 Ka-

304 4322 490 4387 λαθὼν
525 4323 700 4394 μέσης
735 4323 946 4396 ἡμέρας
971 4325 1193 4395 ἀροιτος
1237 4325 1537 4399 Ἀπαγωγὴ
1558 4328 1619 4381 τὸ
1648 4330 1886 4398 πρᾶγμα
1985 4328 2079 4382 λδν
2131 4329 2165 4400 ἡ
2226 4326 2433 4380 παλαιὰ
2494 4326 2655 4396 ἡμῶν
2722 4324 3021 4395 γυμνιτεία
3076 4326 3431 4397 μακαρισμοῦ
3455 4322 3574 4396 εἶχε

304 4415 596 4487 λῃστρικὴ,
648 4418 843 4487 ἐφόδου
890 4418 1203 4489 πολεμικῆς
1263 4419 1517 4486 ἔνδειξις,
1581 4420 1883 4493 θαρῤαλέου
1988 4420 2255 4491 πλάσμα·
2289 4417 2639 4489 ἐχρωμάτιζε
2665 4416 2758 4469 τὸν
2782 4418 2841 4469 ἐν
2877 4416 2980 4487 βίῳ
3030 4417 3312 4487 σπουδαίῳ
3341 4418 3573 4488 ἀπέριτ-

306 4507 605 4579 ᾶρπαγμα.
644 4510 719 4563 Οὐ
742 4508 916 4563 ταῦτα
960 4510 1132 4574 δόλος,
1180 4512 1242 4564 οὐ
1277 4511 1517 4583 λαθραία
1562 4492 1884 4583 ὑφαίρεσις·
1918 4492 1967 4554 D

305 4598 443 4651 ἀλλὰ
480 4598 707 4669 μελέτη,
760 4601 899 4655 ἀλλά
951 4600 1209 4671 σκέμμαο
1265 4604 1361 4657 καὶ
1419 4603 1613 4676 ἢβίας
1646 4604 1888 4676 ἕργον,ἢ

307 4690 584 4759 παίγνιον.
612 4692 925 4764 Σκοπητέον
944 4708 960 4725 ·
986 4693 1083 4746 καὶ
1107 4693 1172 4764 δὴ
1208 4694 1282 4765 μὴ
1315 4695 1495 4761 μόνον,
1521 4696 1686 4749 πόθεν
1714 4712 1805 4767 μοι
1828 4696 1891 4749 τὸ

306 4782 501 4841 κακὸν.
534 4782 673 4836 ἀλλὰ
720 4783 815 4837 καὶ
861 4785 924 4837 τὸ
954 4784 1152 4842 αίτιον.
1184 4814 1257 4826 -
1280 4787 1347 4840 Ὠ
1380 4804 1470 4856 μοι
1490 4803 1507 4820 ο
1545 4788 1761 4858 συνῆκα
1792 4787 1887 4842 τοῦ

305 4874 684 4946 ἀτοπήματος,
711 4875 835 4928 ὅθεν
856 4876 1195 4948 βέϐλαμμαι.
1220 4877 1335 4948 Πρὸ
1357 4878 1653 4949 ὀφθαλμῶν
1683 4881 1711 4933 ό
1736 4879 1891 4947 ἐλεγ-

305 4982 425 5037 χος.
457 4967 671 5037 Γυμνδν
706 4967 895 5037 ὥσπερ
930 4985 1021 5038 μοι
1071 4969 1132 5022 τὸ
1164 4969 1351 5040 σῶμα,
1396 4968 1540 5025 οὐτω
1572 4972 1668 5025 καὶ
1699 4972 1762 5025 τὸ
1791 4971 1890 5036 τῆς

307 5058 492 5129 ψυχῆς
524 5060 912 5129 πταῖσμα,καὶ
932 5062 966 5130 ἡ
990 5059 1257 5131 καταδίκη
1290 5058 1398 5122 ἐξω
1429 5062 1889 5132 μέμψεως,Ἀγα-

306 5150 509 5221 πητδν,
545 5151 595 5203 εί
630 5150 708 5219 μή
758 5151 1024 5222 προοίμια
1056 5153 1231 5207 ταῦτα
1283 5153 1432 5208 κακά
1467 5153 1719 5224 μεγάλων
1749 5153 1893 5222 ἁγώ-

307 5259 440 5298 νων.
488 5242 789 5314 Ἀγαπῴην
819 5243 906 5306 ἃν,
939 5245 988 5297 εί
1022 5244 1183 5315 μέχρι
1217 5244 1409 5299 τούτου
1445 5263 1537 5317 μοι
1567 5246 1801 5318 ὥρισται
1830 5246 1891 5300 τὸ

308 5335 509 5390 κακόν.
540 5335 676 5404 Δίκη
709 5335 776 5388 τά
832 5336 1079 5406 παρόντα
1122 5336 1349 5391 θεόθενο
1399 5338 1495 5392 τοῦ
1541 5340 1889 5393 πλεονεκτεῖν

310 5427 665 5496 ἀνταπόδομα
684 5443 698 5459 ο
729 5428 908 5498 ψυχῆς
931 5429 1031 5482 οὐκ
1058 5428 1385 5499 εὐχαρίστου
1427 5431 1587 5499 ποινή
1610 5446 1626 5463 ·
1676 5430 1890 5493 ἀδικίας

302 5520 652 5583 ἀντέκτισις·
689 5520 869 5591 ψυχῆς
890 5518 1176 5593 χ[ώλωμα1
1201 5523 1525 5592 ἐφαμάρτου
1552 5522 1887 5593 ὀξύρροπον,

303 5609 475 5673 ὡςτά
507 5610 677 5663 πολλὰ
718 5610 834 5681 ἔχει
868 5609 968 5681 τὴν
1001 5609 1270 5665 κάκωσιν.
1309 5610 1418 5664 Καὶ
1463 5610 1597 5665 αὐτύ
1640 5611 1740 5681 μὲν
1788 5611 1904 5665 οὐχ’

303 5702 447 5773 ὀρθὰ
479 5704 707 5774 βαδίζει,
748 5705 810 5757 τὸ
842 5704 899 5758 δέ
928 5703 1090 5775 σῶμα
1138 5702 1515 5774 σφαλλόμενον
1548 5703 1843 5757 σκύλλεται
1870 5718 1885 5734 ’

302 5795 427 5852 ἀλλ’
449 5794 577 5867 ἐμοὶ
606 5796 1101 5871 φιλανθρωποτέρα
1120 5797 1155 5869 ἡ
1192 5794 1562 5868 ἐπεξέλευσις.
1609 5794 1893 5867 ’Δγνωμος

1990 4528 2105 4566 τον.
2149 4510 2215 4564 Ἦ
2246 4510 2301 4564 δὲ
2325 4508 2608 4579 γύμνωσις
2638 4507 2781 4579 αῦτη
2814 4508 2960 4561 κατά
2990 4508 3089 4579 τὴν
3123 4508 3187 4562 ἐκ
3221 4508 3433 4571 κοιλίας
3464 4526 3574 4578 μη-

1995 4603 2152 4674 τέρος
2196 4601 2547 4656 καθίσταται.
2604 4600 2746 4672 Ἤδη
2798 4618 2886 4664 τις
2925 4601 3021 4654 καὶ
3048 4602 3576 4671 γυμνοσοφιστεύειν

1996 4693 2143 4763 ἡμᾶς
2182 4691 2592 4763 μυκτηρίσειεν.
2660 4692 2853 4745 Ἔστιν
2909 4690 3037 4764 ἄρτι
3100 4694 3296 4763 καιρὸς
3354 4691 3571 4761 λέγειν’

1994 4784 2336 4855 ἐξεδυσάμην
2380 4782 2453 4836 τά
2500 4782 2878 4853 ίμάτιάμου·
2932 4782 3051 4846 πῶς
3074 4783 3367 4853 ἐνδύσομαι
3389 4784 3572 4853 αὐτάς

1993 4875 2200 4940 Φαῦλος
2225 4873 2415 4939 οίωνδς
2434 4872 2503 4928 τά
2532 4874 2805 4946 παρόντα,
2853 4873 2929 4946 μὴ
2983 4875 3080 4930 καὶ
3134 4875 3218 4939 είς
3246 4875 3347 4945 τήν
3377 4875 3574 4948 λοιπὴν

1993 4967 2183 5022 οὐσίαν
2232 4984 2324 5037 μοι
2380 4966 2442 5020 τὸ
2480 4966 2652 5021 κακὸν
2708 4966 3055 5037 διαϐήσεται,
3088 4967 3181 5021 καὶ
3208 4967 3354 5039 ἀρχὴ
3400 4967 3577 5021 ταῦτα

1996 5059 2265 5131 μειζόνων
2294 5059 2449 5113 ἔσται
2478 5058 2687 5114 κακῶν.
2737 5059 2939 5131 Ἰωσὴφ
2994 5058 3454 5131 ἐγυμνοῦτο-μέν,
3481 5060 3577 5113 ἀλ-

1992 5154 2084 5205 λον
2117 5150 2174 5203 δέ
2208 5150 2410 5222 τρόπον
2429 5148 2761 5220 ἐσεμνύνετο
2781 5167 2796 5183 ο
2827 5152 2957 5221 ἐμοὶ
2987 5150 3045 5203 δέ
3072 5150 3174 5204 οὐκ
3196 5149 3294 5204 οἷδ’
3326 5150 3477 5214 ὅπως
3507 5150 3576 5204 ἂν

1992 5241 2054 5294 τὸ
2078 5241 2249 5304 πάθος
2290 5257 2374 5304 τις
2416 5239 2788 5311 ἐγγράψηται.
2823 5240 3047 5295 Χιτῶνα
3087 5239 3453 5311 πολυτίμητον
3484 5240 3578 5294 εὐ-

1994 5332 2272 5404 φροσύνης
2325 5331 2759 5405 περιετιθέμην·
2818 5332 2937 5387 ἀλλ’
2971 5335 3055 5388 ὅτι
3105 5332 3197 5387 τὸν
3229 5331 3577 5402 ἐξυφάναντα

1996 5425 2483 5497 περιπεφρόνηκα,
2514 5425 2598 5477 ὅτι
2621 5426 2804 5495 γυμνῇ
2831 5427 2897 5496 τῇ
2917 5427 3128 5496 κεφαλῇ
3160 5424 3210 5496 (ὅ
3226 5424 3415 5495 φασιν)
3438 5427 3579 5495 ἀπῃ-

1995 5518 2389 5586 ναιδευσάμην,
2420 5516 2614 5588 πάσχω
2640 5516 2741 5588 τὴν
2784 5517 2840 5569 ἐν
2866 5515 3063 5585 γελοίῳ
3102 5518 3315 5587 ταύτην
3348 5515 3575 5585 γύμνω-

1996 5626 2106 5664 σιν.
2170 5606 2371 5680 Ἐχρῆν
2421 5608 2482 5663 δέ
2532 5608 2644 5678 ἀρα
2697 5608 2789 5663 τὸν
2828 5606 3133 5662 σπεύδοντα
3179 5606 3425 5677 πληροῦν
3450 5603 3576 5668 τοὺς

1992 5702 2248 5766 κόλπους,
2279 5699 2356 5756 ὧν
2391 5702 2467 5773 μὴ
2499 5702 2690 5774 ἐχρῆν,
2747 5700 2942 5766 αὐτοῖς
2972 5699 3195 5763 κόλποις
3229 5698 3327 5766 τὴν
3354 5698 3577 5751 ἃπασαν

1991 5793 2177 5849 ὀλέσαι
2220 5794 2454 5865 σκέπην,
2508 5794 2605 5851 καὶ
2647 5794 2732 5861 είς
2759 5791 2920 5851 τοῦτο
2954 5791 3302 5855 καταστῆναι
3352 5785 3579 5853 γυμνώ-
