4062 6408
347 341 484 409 1285

1089 337 1521 402 EUSTATIIII
1563 335 2325 398 THESSALONICENSIS
2367 337 2783 400 EPISTOLi’E.

3472 337 3611 406 1286

337 463 560 535 γλυκύ.
579 458 696 516 Νῦν
722 461 780 516 δὲ
797 458 860 514 οῦ
888 476 978 529 μοι
1006 458 1178 531 θυμὸς
1203 458 1446 522 τοιοῦτος
1476 459 1677 528 ἐνίησι.
1710 473 1923 529 μεμνη-
1955 455 2003 513 Α
2030 456 2195 526 λῆρος
2219 459 2376 522 οὗτος
2413 459 2667 530 Ὅμηρος
2687 474 2704 490 ο
2751 460 2849 514 καὶ
2893 451 2962 529 ἦν
2995 457 3107 529 ἀρα
3139 457 3352 527 γελοῖον
3394 458 3615 529 ἀληθῶς

344 559 492 630 μένῳ
553 556 667 611 τῶν
709 555 999 609 ἀποθέτων
1057 552 1392 623 κρατήρων,
1446 549 1542 614 οὓς
1590 548 1922 618 ἐπιστεφέας

340 653 679 725 φερομένους
701 647 978 704 ἀναπολῶ.
1015 646 1072 702 Ὅ
1093 645 1291 700 ἐνδύων
1317 645 1390 699 τὰ
1418 644 1578 715 κρίνα
1603 642 1694 697 τοῦ
1725 640 1921 712 ἀγροῦ,

339 745 394 798 τί
437 742 512 813 μὴ
543 743 642 796 καὶ
664 742 816 812 ἡμᾶς
865 739 1162 804 ἐπενδύεις,
1196 737 1336 792 ἀλλά
1356 735 1607 805 ἀνάγκην
1645 734 1922 800 ἐπιτίθης,

339 836 589 904 δαπανᾷν
627 835 890 904 χρήματα
946 833 1027 895 είς
1082 829 1416 901 ἱματισμὸν,
1449 829 1637 884 καὶτὸ
1693 827 1924 890 ζωτικὸν

341 925 624 990 ἐκκενοῦν,
657 926 752 979 καὶ
771 923 872 994 τὴν
895 921 1074 994 ψυχὴν
1110 923 1349 993 ἐκχέειν,
1397 923 1494 974 καὶ
1525 920 1820 992 ὐποῤῥέειν
1848 919 1926 984 ὡς

341 1023 420 1084 είς
452 1019 695 1089 φθοράνς
729 1016 1045 1084 Ἄνθρωπε,
1093 1017 1243 1079 ὅστις
1274 1015 1406 1068 ποτέ
1451 1009 1523 1078 εί,
1559 1017 1586 1068 6
1616 1011 1928 1081 λωποδυτή-

342 1094 440 1168 σαῖς
471 1107 618 1174 ἡμᾶς
686 1100 840 1174 οἶμαι
877 1104 956 1163 δὲ,
1003 1097 1144 1157 εἷναί
1173 1119 1233 1155 σε
1266 1102 1377 1156 τῶν
1410 1103 1504 1156 καὶ
1541 1101 1795 1169 μεγάλων
1827 1100 1924 1152 καὶ

341 1197 450 1250 τῶν
479 1197 572 1250 τοῦ
597 1196 880 1267 βήματος·
931 1193 1076 1248 οὕτω
1121 1193 1231 1264 γὰρ
1281 1192 1663 1263 ύποψιθυρίξει
1713 1191 1776 1244 τὸ
1823 1191 1924 1260 τῆς

344 1293 532 1360 φήμη;
562 1291 786 1360 στόμα),
833 1289 1021 1342 δίκαια
1049 1287 1268 1354 ταῦτα;
1309 1288 1486 1357 Ἐρεῖς
1520 1287 1642 1355 μὲν,
1678 1280 1820 1348 οἴδα,
1849 1284 1925 1337 δί-

299 1447 326 1468 ’
343 1402 476 1437 καια
495 1401 508 1413 ·
539 1381 652 1450 ἐγὼ
685 1383 740 1436 δὲ
761 1382 898 1435 ἀλλὰ
922 1383 1098 1434 εἰπεῖν
1129 1380 1226 1450 μὲν
1250 1379 1427 1442 ἄλλως
1455 1378 1576 1430 οὐδὲ
1603 1377 1764 1440 αὐτὸς
1786 1377 1922 1446 ἔχω,

343 1475 714 1546 ταμιεύσομαι
767 1474 823 1528 δὲ
884 1475 1035 1543 ὅμως
1091 1474 1330 1542 ἄμυναν.
1387 1469 1599 1540 Μικρὸν
1633 1469 1786 1533 ὅσον,
1829 1469 1926 1522 καὶ

342 1566 514 1635 ψῆφοι
550 1565 645 1619 καὶ
689 1563 1216 1632 πολυπραγμοσύναι
1256 1561 1348 1616 καὶ
1381 1561 1518 1632 βὶων
1558 1560 1813 1631 πράσεις,
1847 1553 1924 1612 ὧν

342 1657 454 1726 ἐγὼ
479 1657 537 1710 δὲ
571 1655 706 1710 ἄλλα
731 1656 901 1708 εἰπεῖν
926 1655 1028 1724 μὲν
1054 1654 1232 1716 ἄλλως
1263 1653 1386 1707 οὐδὲ
1429 1652 1592 1715 αὐτὸς
1651 1650 1781 1720 ἔχω,
1819 1667 1924 1702 τα-

346 1750 645 1820 μιεύσομαι
673 1748 729 1802 δὲ
762 1749 910 1818 ὅμως
931 1749 1170 1817 ἄμυναν.
1201 1747 1415 1816 Μικρὸν
1446 1744 1592 1809 ὅσον,
1623 1742 1718 1796 καὶ
1750 1741 1922 1812 ψῆφοι

345 1841 443 1895 καὶ
488 1839 1016 1910 πολυπραγμοσύναι
1060 1837 1157 1892 καὶ
1208 1835 1339 1905 βίων
1399 1834 1654 1904 πράσεις,
1693 1824 1769 1887 ὧν
1811 1831 1924 1901 ἐγὼ

346 1935 720 2005 ύπερίσταμαι
746 1948 761 1963 ο
793 1933 890 1986 καὶ
915 1930 1146 2001 ζήτησις
1165 1927 1259 1983 τοῦ
1290 1927 1380 1982 τὸν
1406 1927 1551 1996 ἱερὸν
1584 1923 1926 1996 ἀναϐησομέ-

345 2046 437 2082 νου
471 2027 662 2098 θρόνον
683 2041 698 2058 ο
735 2027 827 2080 καὶ
857 2025 958 2079 οὐκ
995 2023 1235 2093 ἔναρθρα
1263 2021 1380 2092 μὲν,
1416 2021 1689 2091 βοήσομαι
1732 2018 1780 2072 δ’
1808 2016 1924 2082 οὖν,

335 2121 588 2190 ῥήματα,
617 2118 827 2180 ὁποίοις
859 2115 1238 2186 ἐντέθραμμαι
1260 2130 1275 2146 ο
1309 2111 1722 2183 καταϐοήσομαι
1745 2124 1760 2142 °
1785 2125 1928 2190 συμξ

347 2185 578 2282 φορήσω
631 2185 1038 2278 συκοφαντίαςέ
1075 2205 1246 2277 ψεύδη
1298 2204 1709 2275 συμπλάσομαι.
1759 2185 1930 2255 ἰδιωζ

346 2301 490 2354 τεύιυ
523 2300 625 2370 μὲν
654 2299 844 2365 τᾶλλα,
874 2299 994 2353 οὐδὲ
1022 2297 1342 2367 Λειϐήθριοι
1367 2295 1541 2359 οὕτως
1561 2296 1666 2362 ἔξω
1699 2295 1890 2365 σοφίας
1908 2310 1923 2326 ⁶

347 2395 444 2465 οὐχ
477 2392 622 2448 οὕτω
667 2392 1082 2463 βαρϐαρόφωνοι
1118 2393 1304 2461 Κᾶρες
1351 2391 1403 2444 οῖ
1436 2390 1926 2461 περιλαλούμενοιθ

346 2487 449 2539 οὐκ
475 2484 770 2555 ἐμμούσως
797 2483 908 2553 ἔχω
933 2483 1034 2551 τῆς
1059 2481 1309 2552 γλώττης
1329 2497 1343 2514 ο
1368 2479 1504 2536 ἀλλὰ
1527 2481 1596 2535 τὰ
1623 2483 1724 2552 μὲν
1744 2480 1931 2536 τοιαῦο

346 2589 415 2625 τα
447 2573 760 2641 σοφίσομαι.
778 2565 849 2624 Ὦ
871 2571 1018 2641 δεινὴ
1045 2570 1206 2642 τύχη,
1236 2571 1463 2642 τοιούτῳ
1490 2572 1645 2642 κακῷ
1673 2589 1742 2640 με
1774 2589 1932 2642 περι-

349 2661 612 2716 ϐαλοῦσα.
647 2663 756 2715 Καὶ
786 2661 1062 2718 κυϐιστῶν
1097 2679 1228 2717 ποτε
1271 2663 1563 2733 ἄνθρωπος
1614 2664 1930 2734 ὑφαιρεῖται

349 2756 410 2808 τὸ
441 2755 673 2825 ἄμφιον,
701 2753 798 2808 καὶ
838 2753 1084 2809 κίνδυνον
1127 2755 1260 2825 ἔχει,
1304 2755 1642 2826 ἀμφοτέραις
1693 2755 1929 2825 ἐπικρύ-

350 2866 528 2913 πτειν,
561 2847 598 2903 ἃι
630 2849 706 2919 μὴ
739 2849 965 2903 θεᾶσθαι
996 2850 1148 2915 ἄξιον
1176 2866 1191 2880 ο
1250 2848 1368 2903 ἀλλ’
1402 2847 1513 2902 οὐδ’
1545 2847 1712 2910 αὐτὸς
1746 2847 1932 2912 αίδοῦς

349 2940 620 3012 τοσαύτης
654 2941 1062 3012 ἐμπέπλησται.
1085 2938 1157 2996 Ὦ
1183 2944 1232 2997 οί
1261 2945 1388 3014 περὶ
1416 2941 1516 3012 ἐμὲ
1551 2937 1696 2996 οῦτοι
1724 2941 1932 3012 ἀνθρω-

350 3051 468 3102 ποι,
501 3037 554 3090 τί
596 3035 660 3105 δή
698 3052 829 3090 ποτε
862 3035 1117 3100 τοσοῦτος
1155 3036 1312 3109 δχλος
1349 3036 1771 3109 ὲπισυνίστασθε
1815 3053 1931 3106 μω-

2028 551 2092 606 τὸ
2120 552 2378 624 πρᾶγμα.
2403 552 2614 623 Βρέφος
2646 553 2942 620 ἐγενόμην.
2971 553 3066 604 καὶ
3099 551 3243 622 τάχα
3271 547 3339 622 ἦν
3373 568 3464 619 μοι
3491 550 3614 604 τότε

2026 648 2305 702 λούεσθαι.
2341 646 2724 718 ’Υπερανέϐην
2779 648 2877 715 τὴν
2915 645 3182 717 βρεφικὴν
3227 645 3466 715 ἡλικίαν,
3515 645 3613 696 καὶ

2025 741 2233 807 οὐκέτι,
2267 741 2384 795 ἀλλ’
2415 744 2465 795 εί
2503 741 2616 812 ἄρα
2646 741 2705 793 ἐν
2739 743 3026 808 ποταμοῖς.
3069 739 3382 808 Ἥκμαζον,
3413 739 3507 792 καὶ⁵
3541 732 3613 807 ἦν

2026 835 2087 889 ἐν
2116 836 2232 898 τοῖς
2260 835 2446 897 αὐτοῖς
2471 847 2488 866 ⁶
2519 830 2704 886 εἷλκον
2739 831 2882 886 οὕτω
2908 832 2999 886 τὸν
3029 830 3145 900 βίον
3174 830 3416 900 ὁμαλῶς.
3456 829 3616 898 Ὠμί-

2026 927 2170 998 λησα
2217 928 2300 997 τῷ
2358 928 2573 996 ὕστέρῳ
2635 926 2754 995 βίῳ.
2815 923 3110 984 Πακτωλὸς
3155 922 3278 984 ὅλος
3323 923 3453 989 περὶ
3484 920 3611 990 ἐμὲ.

2026 1020 2216 1092 χρυσῷ
2246 1020 2408 1090 ῥέων.
2451 1019 2752 1088 Ἐγενόμην
2809 1020 2924 1079 τοῖς
2975 1015 3209 1083 ἀγαθοῖς
3253 1011 3612 1083 ὑπέραντλος,

2025 1114 2244 1167 καὶτοῦ
2272 1112 2463 1166 λοιποῦ
2508 1112 2671 1182 κόρον
2729 1112 2829 1164 οὐκ
2858 1105 3004 1179 εἶχον
3052 1108 3145 1161 τοῦ
3185 1104 3608 1160 καταλούεσθαι.

2027 1195 2241 1262 Οὐκοῦν
2291 1204 2473 1266 καλῶς
2513 1201 2742 1272 αίσχύνη
2804 1219 2907 1271 μου
2955 1199 3309 1270 καταχέεται.
3342 1198 3610 1252 Εὐκταῖον

2025 1302 2089 1370 δή
2125 1317 2240 1369 μοι,
2270 1298 2433 1368 μέχρι
2460 1296 2720 1350 τοσούτου
2749 1293 3026 1362 στῆναιτά
3053 1293 3275 1363 λυπηρά
3309 1291 3404 1364 (ὡς
3433 1292 3610 1359 ἔγωγε

2026 1393 2124 1447 καὶ¹
2155 1391 2216 1445 τὸ
2241 1391 2412 1444 είσέτι
2443 1389 2640 1459 μέλλον
2671 1385 3061 1457 φαντάζομαι),
3095 1383 3170 1455 μὴ
3201 1384 3298 1438 καὶ
3327 1382 3611 1451 περιάγων

2031 1501 2100 1551 με
2137 1485 2166 1537 6
2197 1483 2292 1536 τοῦ
2324 1481 2442 1551 βίου
2478 1481 2675 1552 τροχδς
2709 1480 2790 1542 είς
2824 1481 3020 1531 ταυτὸν
3061 1477 3262 1544 ἀγάγοι
3305 1475 3479 1537 πάθος
3528 1473 3608 1542 τῷ

2026 1575 2414 1646 θρυλλουμένῳ
2456 1573 2661 1640 Ἰξίονι.
2699 1570 2894 1626 Πολλοὶ
2947 1569 3071 1623 κατ’
3100 1567 3236 1638 ἐμοῦ
3285 1565 3506 1638 δαψιλὲς
3550 1567 3612 1618 τὸ

2026 1668 2184 1737 μῖσος
2241 1665 2543 1736 ἐθρέψαντο
2569 1677 2584 1695 ο
2635 1663 2853 1725 πολλοῖς
2907 1658 3320 1728 ὲνειργασάμην
3382 1658 3612 1728 πικρίαν

2026 1760 2269 1828 ἄκρατον
2289 1771 2307 1790 ο
2335 1755 2438 1809 οὐκ
2468 1753 2672 1823 ὀλίγοις
2705 1751 2971 1821 ἐπετέθην
3003 1750 3176 1821 βαρύς
3199 1765 3215 1780 ο
3254 1749 3468 1812 οὐδενὸς
3501 1747 3612 1800 τῶν

2028 1848 2286 1903 ἁπάντων
2335 1844 2667 1914 ἐλογιζόμην
2709 1837 2852 1896 εἶναι
2881 1839 3153 1912 δεύτερος.
3182 1840 3245 1894 OE
3279 1840 3474 1908 γένους
3509 1837 3613 1892 αὐ-

2028 1939 2253 2012 χοῦντες
2305 1936 2672 2008 λαμπρότητα
2723 1930 2998 2004 μισθωτοῦ
3037 1931 3198 2001 δίκην
3231 1929 3613 1995 ἐξουθενοῦντό

2032 2045 2167 2104 μοι·
2223 2027 2516 2095 ἀπηξίουν,
2569 2025 2800 2096 ἐντίμως
2858 2025 2970 2086 τοῖς
3017 2024 3077 2076 ἐν
3134 2021 3316 2088 ἀξίαις
3368 2021 3613 2092 προσφέ-

2031 2121 2246 2193 ρεσθαι.
2286 2118 2484 2188 Λογίου
2533 2116 2592 2171 δέ
2639 2114 2878 2170 ἀκοῦσαι
2911 2115 3259 2184 φωνήματος,
3298 2113 3436 2169 ἀλλά
3461 2111 3611 2168 τοῦθ’

2027 2217 2217 2286 ὅμοιον
2243 2210 2372 2284 παρ’
2395 2209 2541 2280 ἐμοὶ,
2567 2208 2700 2261 ὡσεὶ
2719 2207 2811 2260 καὶ
2840 2206 3008 2260 ἵππου
3038 2205 3427 2278 χρεμετισμός.
3448 2206 3614 2274 Στερ-

2030 2307 2188 2361 κτέον
2218 2303 2334 2368 οῦν,
2365 2303 2413 2356 εί
2448 2301 2526 2372 μὴ
2555 2301 2615 2355 τὸ
2655 2300 2871 2371 ἱμάτιον
2913 2298 3326 2370 ἀποδυσάμενος
3353 2298 3610 2365 ἕκαστος,

2029 2396 2300 2467 εὐσταλὴς
2331 2394 2509 2458 ἔσται,
2531 2393 2715 2457 λίθους
2769 2392 3065 2462 ἐπαφιέναι
3123 2407 3236 2460 μοι,
3267 2389 3366 2444 καὶ
3402 2389 3612 2460 χιτῶνα

2029 2490 2221 2546 τοῦτον
2251 2489 2301 2559 (δ
2333 2488 2398 2559 δὴ
2422 2487 2667 2556 λέγεται)
2701 2483 2984 2540 ἐνδύσουσί
3025 2500 3094 2552 με
3125 2483 3360 2537 λίθινον·
3397 2482 3495 2537 καὶ
3522 2499 3611 2536 νο-

2033 2583 2274 2655 μιστέον,
2302 2582 2381 2644 είς
2408 2580 2612 2649 ἀγαθόν
2647 2597 2737 2648 μοι
2769 2578 2838 2632 τὰ
2866 2577 3109 2647 παρόντα
3139 2575 3419 2646 γενέσθαι.
3458 2575 3614 2646 Οίχε-

2029 2693 2121 2729 ται
2169 2674 2238 2727 τὰ
2283 2671 2517 2743 λαμπρά
2546 2670 2878 2740 στρώματα·
2923 2669 3020 2723 καὶ
3061 2667 3264 2731 καλῶς.
3315 2667 3541 2737 Οῖχεται
3585 2667 3615 2719 6

2033 2764 2363 2838 ίματισμός·
2405 2763 2482 2826 ὡς
2545 2761 2605 2815 εῦ
2651 2778 2742 2830 γε.
2795 2760 2954 2815 Οὕτω
2986 2758 3095 2828 γάρ
3129 2757 3345 2827 κούφως
3373 2754 3614 2828 δραμοῦο

2035 2875 2158 2928 μαι,
2191 2857 2287 2911 καὶ
2317 2854 2500 2910 λαθὼν
2537 2853 2900 2923 διαφεύξομαι
2943 2851 2977 2922 ἢ
3009 2850 3216 2918 οἴκαδε,
3246 2850 3280 2922 ἢ
3312 2847 3533 2913 ἀλλἐίς
3555 2846 3616 2901 τὸ

2033 2950 2332 3023 βάραθρον.

2769 3033 2872 3090 ῙΘ’.

351 3104 686 3197 κησόμενοιίς
724 3127 790 3181 Τί
827 3145 917 3198 μοι
951 3127 1051 3200 τὴν
1093 3104 1274 3198 θλίῷιν
1316 3104 1620 3196 ἐπαύξετες
1667 3104 1928 3183 Τίναήδο-
1957 3128 2006 3186 (Συ
2103 3132 2172 3188 Τί
2198 3133 2303 3199 ὅτι,
2335 3128 2612 3200 ἀγιώτατέ
2645 3145 2748 3200 μου
2785 3129 3042 3189 δέσποτα,
3080 3125 3158 3196 τῷ
3189 3125 3444 3197 μύρμηκι
3469 3125 3616 3179 λέον-

353 3221 502 3271 κεῖτε
539 3217 762 3288 βλέπειν
781 3234 798 3285 ;
834 3219 906 3271 Ἢ
938 3217 1012 3280 ὡς
1044 3219 1142 3271 ἐπὶ
1169 3218 1301 3273 θέαν
1334 3219 1521 3289 ἥκετε,
1548 3218 1930 3290 δραμούμενον

255 3347 260 3350 -
353 3310 638 3381 γυμνικῶς
670 3309 993 3380 θεασόμενοι
1013 3325 1031 3378 ;
1064 3309 1386 3380 Ἀνθρωπος
1417 3309 1529 3378 ἐγὼ
1572 3310 1698 3382 χθὲς
1739 3313 1838 3380 μὲν
1873 3313 1931 3366 ἐν

353 3405 542 3474 τιμαῖς
571 3401 934 3473 περίϐλεπτος
957 3417 972 3432 ο
1001 3403 1058 3456 αι
1087 3401 1146 3455 δὲ
1172 3397 1314 3474 ἦσαν
1341 3401 1400 3456 οὐ
1428 3405 1612 3472 φύσει.
1652 3402 1795 3457 Ἀλλ’
1819 3401 1932 3471 ἐγὼ

351 3493 688 3566 ήπατώμην.
725 3493 835 3547 Καὶ
867 3492 1049 3547 τοίνυν
1103 3493 1162 3548 αῖ
1206 3495 1307 3564 μὲν
1352 3489 1468 3547 οἷον
1523 3493 1932 3564 πτερυξάμεναι

353 3585 614 3654 οἴχονται,
675 3583 835 3646 αὐτὸς
885 3582 946 3635 δὲ
995 3581 1592 3652 παραδειγματίζομαι.
1633 3577 1704 3636 Ὦ
1745 3584 1794 3636 οἱ
1839 3583 1932 3636 τὸν

357 3676 657 3748 ἱματισμὸν
699 3676 792 3728 τὸν
833 3673 1116 3745 ἀλλότριον
1148 3673 1760 3746 μερισάμενοι,.σποδδν
1808 3674 1932 3728 ἀντὶ

355 3767 524 3836 ἄρτου
551 3765 780 3835 φάγοιτε
804 3781 821 3799 ο
851 3764 1016 3834 χολῆς
1061 3763 1347 3833 γεύσοισθε
1371 3778 1388 3795 ⁸
1421 3765 1616 3834 πικρία
1654 3767 1726 3821 τὰ
1775 3764 1934 3837 βρώ-

359 3876 506 3930 ματα
535 3857 611 3928 τῷ
641 3857 797 3929 ὑμῶν
825 3859 912 3927 εἴη
945 3855 1204 3927 λάρυγγι.
1240 3857 1306 3910 Τί
1336 3857 1445 3928 γὰρ
1476 3857 1599 3928 ἐμοὶ
1631 3858 1726 3912 καὶ
1755 3859 1930 3930 ἡμῖνς

361 3952 573 4021 Πτωχοί
600 3951 723 4004 ἐστε
747 3964 762 3979 ·
797 3948 1044 4004 σκελετοὶ
1066 3948 1308 4016 γένεσθε.
1345 3949 1696 4020 Λιμώττετεο
1731 3949 1808 4021 μὴ
1839 3950 1933 4004 κό-

360 4060 455 4115 ρος
481 4042 612 4114 ὑμῖν
644 4058 775 4094 ποτε
807 4039 1018 4110 γένοιτο
1047 4039 1326 4110 βρώσεως.
1351 4040 1783 4110 Γυμνητεύοιτε’
1820 4040 1935 4114 πῦρ

359 4137 394 4202 ἢ
420 4133 654 4202 παγετὸν
679 4131 1010 4187 ἐνδύσοισθε.
1049 4132 1138 4186 Ἐν
1164 4132 1379 4202 φυλακῇ
1405 4133 1529 4184 ἐστε
1548 4148 1564 4166 ο
1591 4131 1934 4203 βυθισθείητε

361 4228 457 4283 καὶ
512 4229 592 4292 είς
637 4227 918 4297 τέταρτον.
953 4225 1044 4296 Μὴ
1086 4227 1194 4296 γὰρ
1237 4224 1304 4279 ἂν
1346 4223 1473 4293 ἐμοὶ
1515 4225 1759 4294 ἀρέσκοι,
1791 4225 1937 4294 ὑμᾶς

358 4315 786 4385 ἐπισκέψασθαι.
828 4314 992 4384 Ὑμῖν
1033 4312 1507 4383 ἐγλισχρευόμην·
1544 4311 1673 4379 ύμῖν
1700 4309 1937 4382 ἐθησαύ-

365 4409 512 4480 ριζον
536 4423 550 4437 ο
583 4407 712 4477 ὑμῖν
739 4403 1125 4476 ἐμισθάρνουν.
1153 4401 1306 4471 Μηδὲ
1338 4399 1450 4470 ἐγὼ
1473 4400 1618 4468 ὑμᾶς
1645 4400 1933 4468 ἐγέννησα.

2030 3243 2123 3290 τος
2147 3224 2559 3295 προσπλάττεις
2589 3222 2800 3292 ἀλκήν;
2831 3220 2863 3291 ἢ
2893 3219 2971 3290 τῷ
3017 3219 3264 3289 σκώληκι
3310 3216 3618 3289 ταχύτητος

2031 3319 2235 3392 ἀρετὴν
2257 3333 2274 3384 ;
2305 3315 2528 3372 Μᾶλλον
2559 3315 2662 3383 μὲν
2686 3311 2803 3379 οὖν,
2835 3311 2979 3367 ῖνατί
3003 3313 3095 3366 τὸν
3120 3310 3378 3382 σκώληκα
3401 3310 3617 3371 τάττεις

2031 3411 2111 3474 είς
2138 3409 2450 3478 ἄνθρωπον,
2487 3406 2581 3461 καὶ
2610 3405 2673 3460 τὺ
2707 3404 2876 3475 μηδὲν
2905 3405 2986 3467 είς
3018 3404 3134 3458 ἴσον
3163 3403 3317 3471 ἄγεις
3346 3400 3424 3471 τῷ
3455 3398 3618 3464 ὃντις

2030 3502 2132 3574 ἥδη
2160 3501 2220 3555 δὲ
2253 3500 2348 3554 καὶ
2376 3499 2582 3570 τιμίοις
2616 3494 3050 3566 ἐγκατατάττεις
3078 3494 3172 3550 τὸν
3201 3493 3415 3558 οὐδενὸς
3446 3491 3619 3562 λόγου

2031 3595 2388 3664 τιμώμενον;
2451 3587 2645 3661 λογίζῃ
2699 3586 2796 3641 καὶ
2856 3586 3004 3656 ἡμᾶς
3072 3583 3213 3656 μετὰ
3265 3582 3616 3653 ἀνθρὼπωνς
3687 3598 3700 3608 ’

2031 3683 2289 3755 ἀριθμεῖς
2337 3679 2478 3752 μετὰ
2518 3680 2630 3734 τῶν
2690 3676 2857 3742 ἀξίων
2894 3677 3056 3744 λόγου
3103 3674 3250 3737 τινός
3269 3690 3287 3743 ;
3319 3672 3527 3741 ἀγαθόν
3559 3687 3616 3726 τι

2033 3775 2284 3846 φαντάζῃ
2320 3775 2451 3845 περί
2480 3771 2644 3842 ἡμῶν
2668 3787 2684 3838 ;
2715 3770 2807 3840 Μὴ
2837 3767 2904 3822 σύ
2931 3784 3021 3838 γε,
3057 3764 3330 3836 ἁγιώτατε
3357 3764 3614 3818 δέσποτα·

2033 3869 2152 3924 ἀλλ’
2183 3870 2345 3938 εῦχου
2378 3868 2542 3937 μόνον
2577 3864 2718 3935 ὑπὲρ
2744 3861 2926 3933 ἡμῶν.
2963 3860 3142 3931 Ἢμᾶς
3169 3858 3250 3924 δὲ,
3283 3850 3388 3911 οἷοί
3424 3856 3615 3925 ἐσμεν,

2034 3953 2142 4014 οῖδε
2174 3957 2274 4029 μὲν
2309 3958 2337 4009 6
2364 3955 2498 4018 Θεός
2519 3969 2534 3984 ο
2579 3947 2687 4007 οἶδε
2717 3951 2777 4006 δέ
2808 3951 2904 4004 καὶ
2947 3950 2976 4004 6
3004 3947 3136 4019 παρ’
3167 3949 3299 4018 ἡμῖν
3335 3944 3549 4018 κριτὴς.
3579 3947 3616 4017 ἠ

2039 4051 2368 4118 συνείδησις.
2420 4047 2495 4102 Ού
2543 4043 2884 4113 λανθάνομεν
2931 4040 2989 4096 δὲ
3040 4040 3160 4095 οὐδὲ
3205 4039 3333 4100 τοὺς
3365 4037 3620 4108 ἀκριϐεῖς

2036 4139 2336 4207 ἐξεταστὰς
2380 4137 2488 4192 τῶν
2536 4134 2660 4190 καθ’
2685 4134 2857 4206 ἡμᾶς.
2887 4161 2959 4174 -
2982 4131 3130 4186 Ὅσα
3166 4130 3224 4185 δέ
3255 4128 3627 4201 ἐψυχαγωγή-

2038 4232 2164 4301 θην,
2187 4231 2287 4302 τὴν
2309 4227 2530 4299 γραφὴν
2561 4226 2856 4307 δεξάμενος
2877 4227 2976 4296 τῆς
3006 4225 3108 4294 σῆς
3132 4223 3448 4291 ἁγιότητος,
3476 4215 3622 4274 οἶδεν

2020 4308 2065 4378 ’δ
2096 4324 2276 4378 πάντα
2304 4321 2460 4385 εἰδὼς
2489 4321 2644 4384 Θεός.
2675 4320 2974 4389 ’Δντικρυς
3008 4318 3118 4386 γὰρ
3153 4316 3292 4385 αὐτῇ
3329 4315 3487 4380 ἔδοξα
3532 4315 3620 4366 ἐν·

2037 4413 2222 4481 τυχεῖν
2283 4413 2352 4480 τῇ
2413 4409 2692 4480 ἁγιωσύνῃ
2743 4425 2860 4473 σου,
2911 4406 3143 4476 καὶτῆς
3173 4405 3436 4474 γλυκείας
3482 4403 3622 4457 ἀπο-

360 4469 720 4571 ὸῖχεσθείτά
747 4469 858 4567 ίμά
888 4469 1535 4556 κατασπάσαντεςξΕῐτα
1563 4494 1591 4546 ὁ
1618 4491 1932 4560 κατάρατος
1964 4469 2008 4524 D
2038 4469 2227 4556 λαξειν
2255 4469 2384 4564 θέᾶς
2417 4469 2474 4554 τέ
2523 4501 2619 4554 καὶ
2665 4469 2856 4569 ξωνῆξ
2875 4512 2892 4530 ο
2921 4492 2990 4569 ἦς
3019 4469 3290 4567 ἐπιϐραχὺ
3341 4493 3622 4559 καταξιω-

364 4595 627 4666 βαλανεὺς
661 4593 756 4646 καὶ
785 4591 848 4644 τὸ
881 4589 1014 4658 ἐμὸν
1046 4585 1224 4657 λοῦμα
1264 4585 1680 4657 ψηφηφορήσει,
1716 4583 1811 4637 καὶ
1837 4599 1938 4636 κα-

359 4680 670 4754 λαμήσεταί
729 4696 796 4750 με
843 4678 1066 4741 ὀϐολοὺς
1123 4675 1537 4746 προσαπαιτῶν.
1593 4671 1788 4736 Ἄλλος
1845 4689 1936 4742 μοι

361 4775 520 4829 τ..ῦτο
583 4771 835 4834 θάνατος.
873 4769 1100 4839 Ὅμοιον
1141 4767 1271 4838 γὰρ,
1323 4762 1698 4821 ἀποϐαλέσθαι
1733 4761 1934 4833 ψυχὴν,

363 4867 463 4920 καὶ
511 4863 916 4920 καταϐαλέσθαι
949 4861 1223 4932 δραχμήν.
1264 4856 1407 4928 Ἐγὼ
1443 4856 1502 4911 δὲ
1548 4855 1939 4924 ἀνταπαιτήσω

365 4957 486 5026 μὲν.
524 4954 562 5009 ἂ
591 4955 641 5007 οι
668 4953 852 5016 κακῶς
883 4954 941 5007 ἐν
968 4952 1183 5023 φυλακῇ
1209 4951 1458 5021 ὀλόμενοι
1485 4945 1936 5018 κατεϐρόχθισανο

363 5049 392 5101 6
422 5048 478 5102 δέ
513 5063 617 5101 που
644 5046 739 5099 καὶ
770 5045 986 5115 πληγὰς
1021 5045 1164 5098 κατά
1196 5043 1368 5113 κόρης
1407 5040 1650 5111 ἐντρίψει
1685 5056 1798 5110 μοι.
1843 5039 1940 5091 Φι-

363 5140 544 5210 λητὶν,
573 5138 622 5190 εί
655 5136 730 5208 μὴ
765 5135 1198 5208 προσαπαιτοίη,
1229 5134 1325 5188 καὶ
1355 5129 1432 5188 ὧν
1460 5133 1676 5202 φθάσας
1709 5130 1936 5202 ἐστέρη-

322 5292 328 5296 _
363 5248 476 5286 ται.
505 5228 674 5292 Ὀλας
699 5227 787 5282 ἀεὶ
812 5226 1110 5297 δεξαμενὰς
1134 5223 1352 5296 θερμῶν
1377 5223 1588 5278 ὑδάτων
1608 5217 1939 5291 ἀπήντλουν·

364 5322 460 5377 καὶ
507 5322 536 5375 6
581 5321 681 5391 μὲν
721 5321 900 5392 ἐξῄτει
937 5318 1130 5390 μισθὸν
1157 5317 1251 5371 τοῦ
1280 5316 1573 5388 λούματος,
1602 5313 1713 5384 ἐγὼ
1757 5311 1815 5365 δὲ
1849 5309 1942 5364 καὶ

321 5397 330 5410 ⁸
366 5415 596 5485 χάριτας
619 5412 927 5480 ἐποφείλειν
949 5428 1040 5482 μοι
1066 5409 1276 5482 ἦθελον.
1304 5409 1419 5463 Νῦν
1443 5408 1500 5462 δὲ
1531 5409 1698 5478 μέσος
1721 5406 1938 5476 ἔχομαι,

367 5504 465 5558 καὶ
494 5505 574 5566 εἰς
598 5502 833 5571 εὐθύνην
859 5510 1181 5571 πρόκειμαι.
1214 5499 1274 5554 Ὀ
1304 5497 1361 5551 δὲ
1389 5497 1701 5569 σκώμματα
1730 5493 1944 5565 ἐπαφή-

369 5611 452 5648 σει
487 5610 604 5664 μοι,
640 5593 918 5665 κωμῳδῶν
946 5592 1029 5656 είς
1056 5590 1118 5644 τὸ
1143 5589 1493 5661 φιλόλουτρον
1515 5604 1532 5621 ο
1573 5589 1669 5644 καί
1713 5605 1817 5643 που
1846 5589 1946 5644 καὶ.

368 5689 446 5750 είς
479 5686 646 5740 ῖππον
678 5685 874 5740 στατὺν
901 5685 1230 5757 παραϐαλεῖ,
1258 5683 1489 5738 είωθότα
1516 5679 1750 5753 ποταμῷ
1783 5682 1940 5736 λούε-

370 5775 514 5832 σθαι.
562 5774 883 5848 Ὁμηρικὸς,
917 5777 1104 5849 φησὶν,
1143 5767 1299 5838 οὗτος
1339 5775 1526 5843 ἵππος,
1557 5776 1706 5840 ὅστις
1755 5775 1886 5830 ποτὲ
1915 5779 1942 5830 6

2039 4594 2173 4659 θεὶς,
2210 4593 2562 4663 ἀνάγραπτον
2614 4591 2786 4660 αὐτὴν
2838 4589 2995 4642 ἐσαεὶ
3033 4588 3185 4658 φέρω
3234 4590 3294 4642 ἐν
3329 4587 3395 4657 τῇ
3445 4585 3619 4656 ψυχῇ.

2039 4684 2198 4739 Ποίει
2222 4679 2316 4738 οῦν
2346 4683 2545 4750 οὕτως,
2582 4682 2707 4752 ἅγιε
2752 4681 3010 4746 δέσποτα,
3043 4681 3138 4733 καὶ
3170 4675 3490 4750 ψυχαγώγει
3529 4677 3624 4732 διὰ

2039 4776 2300 4848 γραφῶν
2329 4775 2404 4839 ὡς
2439 4775 2506 4829 ἃν
2553 4774 2639 4845 εῖη
2692 4776 2789 4826 καὶ
2841 4773 3002 4826 τοῦτο
3050 4771 3187 4842 ἡμῖν
3228 4769 3290 4824 τὸ
3340 4769 3506 4825 καλὸν
3554 4771 3623 4826 ἐκ

2039 4866 2200 4933 Θεοῦ,
2232 4865 2323 4937 ὑφ’
2356 4865 2418 4921 οῦ
2456 4866 2628 4936 μυρία
2653 4861 3091 4936 εὐεργετήμεθα.

2795 4956 2883 5010 Κ’.

2113 5047 2283 5106 Εἶπον
2311 5052 2379 5106 ἂν
2415 5049 2598 5104 ὀκνεῖν
2642 5046 2706 5102 τδ
2751 5047 3008 5118 γράφειν,
3042 5041 3350 5117 ήγιασμένε
3405 5057 3497 5112 μοι
3533 5039 3624 5094 δέ.

2044 5147 2240 5212 σπότα,
2271 5145 2322 5197 εί
2365 5144 2440 5215 μὴ
2486 5142 2587 5214 τὴν
2627 5140 2832 5211 πολλήν
2861 5155 2956 5193 σου
2991 5138 3176 5207 φιλίαν
3203 5134 3350 5206 εἶχον
3385 5133 3620 5204 ἐποτρύ-

2043 5237 2246 5292 νουσάν
2277 5253 2367 5306 με,
2396 5235 2492 5290 καὶ
2520 5232 2659 5303 πρὸς
2704 5231 2804 5303 τὴν
2850 5247 2882 5300 γ
2893 5227 3070 5302 ραφὴν
3103 5227 3476 5300 ἐρεθίζουσαν.
3509 5219 3622 5281 Ἦν

2017 5330 2088 5397 ,δ’
2119 5331 2184 5386 ἄν
2216 5347 2309 5400 μοι
2337 5329 2432 5383 τοῦ
2461 5328 2622 5382 ὄκνου
2651 5325 2946 5396 πρόφασις,
2976 5322 3058 5375 δτι
3103 5320 3180 5392 μὴ
3223 5320 3318 5374 τοῦ
3360 5316 3621 5390 τυχόντος

2043 5421 2139 5477 νῦν
2171 5421 2330 5488 λόγου
2357 5421 2510 5490 παρά
2537 5419 2635 5488 τῆς
2667 5419 2766 5488 σῆς
2796 5413 3111 5484 ἁγιωσύνης
3133 5414 3366 5486 ἠξίωται
3395 5411 3462 5465 τὰ
3494 5408 3620 5463 καθ’

2044 5513 2230 5583 ἡμᾶς·
2281 5512 2421 5583 ὅπερ
2470 5511 2521 5564 εί
2571 5506 2632 5565 εὖ
2684 5508 2822 5578 ἔχει,
2858 5506 3012 5578 παρά
3063 5520 3150 5559 σοι
3185 5503 3388 5559 κείσθω
3431 5502 3616 5572 κριτῇ.

2054 5604 2199 5658 Ἀλλ’
2224 5600 2344 5659 οῖδα
2388 5605 2446 5657 ἐν
2481 5603 2664 5664 κενοῖς
2695 5599 3102 5669 ὑπογογγύσας,
3137 5599 3231 5651 καὶ
3257 5596 3350 5652 τὸν
3376 5593 3621 5648 ἀναίτιον

2043 5693 2450 5763 αἰτιασάμενος.
2481 5691 2648 5746 Οὐδὲν
2679 5691 2891 5756 καινὸν,
2927 5689 3169 5744 δέσποτὰ
3207 5704 3335 5757 μου,
3377 5684 3619 5752 πεποίηο

2045 5802 2146 5850 καί
2201 5785 2236 5856 ἦ
2301 5786 2600 5864 πέπονθας.
2646 5785 2792 5856 Ἐγὼ
2837 5787 2948 5874 γὰρ
2996 5785 3180 5853 αὐτὸς,
3209 5785 3307 5840 ἐὰν
3343 5776 3621 5841 τοσούτοις
