2031 3206
219 174 287 208 1287

918 175 1113 206 ADDENDA.

1783 177 1858 211 1288

217 233 314 269 ἔτυχον
341 234 539 271 ἑναπειλῆφθαι
566 235 740 273 πράγμασιν,
765 235 852 264 ὁπόσα
880 235 931 271 τὴν
958 235 1009 271 σὴν
1021 231 1048 262 Δ
1059 234 1109 262 οὐκ
1124 234 1184 262 εστι
1195 233 1252 261 τῶν
1269 234 1333 270 περὶ
1348 233 1455 269 λόγουςσ
1468 233 1516 262 καὶ
1531 234 1558 262 τί
1582 234 1651 269 πρὸς
1666 233 1744 268 κῦμα
1767 234 1862 261 πολλὰ

218 281 377 317 ἁγιωσύνην
393 283 613 318 περιειλήφασιν,
630 283 800 319 ἐξελαθόμην
812 283 847 311 ἂν
861 283 908 310 καὶ
924 282 1008 310 αὐτοῦ

219 323 269 353 106
284 325 426 361 ὀνόματος.
436 328 543 355 οὐκοῦν
557 330 766 364 καινοπραγεῖς,
784 328 853 355 ἀλλά
865 327 1010 364 συνεκτρέ-

221 378 277 406 χεις
292 373 326 405 τῇ
341 372 422 405 φύσει
437 372 485 399 τοῦ
497 374 672 408 πράγματος.
695 374 816 408 Ὑγίαινε
828 370 892 401 οὖν·
904 370 934 401 εὖ
946 373 1007 408 ἔχε’

221 413 287 447 μένε
311 415 414 448 ἄλυπος
427 424 433 431 ·
451 416 481 444 εὖ
497 426 538 444 σοι
555 418 678 445 πιπτέτω
700 418 735 445 τὰ
749 419 805 445 τῶν
824 418 1009 453 πραγμάτων.

227 459 310 494 Ἡμῖν
323 461 353 487 δὲ
367 463 460 497 ἀρκεῖ,
476 464 510 490 ἂν
526 465 556 491 ἓν
569 465 702 501 ζωπὺρῳμ
710 466 758 493 καὶ
777 465 851 501 μόνῳ
866 464 1011 498 φυλαττοί-

224 507 293 540 μεθα
309 509 384 542 παρὰ
399 511 431 544 τῇ
445 510 496 544 τῆς
511 512 559 545 σῆς
570 511 660 546 ψυχῆς
675 512 762 546 ἑστίᾳ,
776 512 822 538 καὶ
839 512 918 546 μόνον
937 511 1011 537 ἐστιν

221 554 264 579 ὅτε
281 553 325 580 διὰ
343 555 454 591 μνήμης
469 557 628 592 φεροίμεθα.
646 572 681 579 —-
698 558 764 593 Περὶ
786 558 834 585 τοῦ
861 558 944 584 καλοῦ
965 559 1009 591 φί-

220 598 278 631 λου,
293 600 339 627 τοῦ
356 600 524 635 λογιωτάτου
537 603 634 637 κυρίου
648 604 798 637 Γεωργίου,
817 605 858 630 ὅτι
877 604 926 637 μὲν
939 605 1012 630 δεινὰ

222 647 361 681 ἐνόσησεν,
380 648 482 681 ἔμαθον
494 656 501 663 ·
527 651 552 676 εί
570 649 598 676 δὲ
621 651 669 676 καὶ
688 649 835 685 ἀπηλλάγη
849 650 896 677 τοῦ
912 650 1010 682 κακοῦ,

222 692 324 734 ἔμαθον
341 694 430 721 οὐδέν.
443 695 489 721 Διὺ
505 696 551 721 καὶ
563 696 736 730 συμμερίτης
750 696 847 730 ἐκείνῳ
862 695 908 722 τοῦ
922 696 1011 723 δεινοῦ

223 738 334 773 γίνομαι
350 740 394 766 διὰ
409 740 510 775 λύπην,
527 742 573 767 καὶ
590 741 678 771 ἄλλως
695 742 724 768 οὐ
741 741 811 768 καλὰ
829 742 942 776 πάσχων
958 741 1011 768 οὐδ’

222 784 304 816 αὑτδς
321 785 365 811 διὰ
381 785 458 812 νόσον
473 787 543 820 ἐμὴν
557 787 646 822 δεινήν
660 796 689 813 τε
704 788 751 814 καὶ
767 788 944 823 πολυήμερον
956 796 962 804 ⁸
978 784 1013 823 ἦς

224 831 303 865 μόλις
317 832 471 866 ἀνασφῆλαι
487 833 646 867 δεδύνημαι.

586 880 652 906 KA'.

258 924 333 950 Δοκῶ
360 933 405 959 μοι
429 924 538 958 βλέπειν
558 925 607 960 τὴν
623 926 781 961 ἁγιωσύνην
800 925 937 960 σου,ἇγιέ
958 934 1010 961 μου
1029 918 1049 945 Β

223 971 349 1001 δέσποτα,
366 971 434 1005 μηδὲ
455 971 548 997 λαϐεῖν
569 972 615 998 ἐπὶ
633 973 711 1006 χεῖρα
727 972 859 999 θέλουσαν
877 971 927 1007 τὴν
944 972 1012 1006 ἐμὴν

222 1017 325 1051 ταύτην
340 1017 449 1052 γραφήν
462 1017 499 1048 ὡς
521 1017 666 1051 όψίσασαν,
682 1018 729 1044 καὶ
752 1018 819 1052 μετά
835 1018 919 1044 πολὺν
941 1017 1012 1044 οὕτω

222 1063 318 1098 καιρὸν
335 1065 486 1098 γενομένην
502 1064 577 1098 παρὰ
603 1065 636 1098 τῇ
667 1065 700 1099 σῇ
731 1064 867 1098 ἁγιότητι.
892 1064 945 1090 Καί
960 1072 1012 1091 που

222 1109 270 1135 καὶ
287 1109 397 1143 γραφὴν
421 1110 468 1135 τοῦ
486 1110 637 1144 ἀμνηστεῖν
664 1109 755 1143 φιλίας
773 1110 916 1146 ὲπιγράφῃ
930 1110 1012 1145 ἡμῖν’

221 1155 268 1182 καὶ
284 1154 355 1181 οὕτω
370 1155 557 1189 διατιθέμενος
572 1155 656 1190 ἔχεις,
672 1155 710 1187 ὥς
728 1155 803 1186 εἰκὸς
819 1155 865 1181 τὸν
883 1156 931 1182 ἐπὶ
945 1155 1012 1181 πολὺ

222 1202 292 1236 πρός
307 1210 354 1228 του
369 1201 424 1227 τῶν
436 1201 523 1234 φίλων
539 1201 755 1236 ἀπροσφώνητον
772 1201 912 1236 μείναντα.
933 1201 1014 1228 Ἀλλὰ

225 1249 274 1282 μὴ,
290 1247 353 1281 άγιέ
383 1256 434 1282 μου
460 1247 598 1273 δέσποτα·
623 1248 748 1282 συνήθως
776 1247 804 1274 δὲ
829 1247 1014 1282 ἀμνησικάκει

223 1294 272 1320 καὶ
299 1293 346 1327 νῦν
372 1294 458 1328 ἡμῖν’
484 1292 532 1319 καὶ
564 1292 655 1327 μαθὼν
678 1293 727 1328 τὴν
746 1293 847 1326 αἰτίαν,
866 1294 903 1328 μὴ
925 1293 965 1319 ὅτι
981 1301 1012 1326 γε

223 1339 309 1374 ἄχθου
340 1339 402 1365 καθ’
428 1338 519 1373 ἡμῶν,
549 1339 617 1366 ἀλλὰ
647 1340 694 1365 καὶ
719 1339 922 1374 σκυθρώπασον
944 1339 1014 1373 ὑπὲρ

225 1386 318 1420 ἡμῶν,
337 1386 383 1412 καὶ
409 1383 484 1417 εὖξαι
502 1385 545 1412 διὰ
566 1385 611 1411 τὸν
634 1385 710 1412 Θεὸν.
732 1385 842 1416 Ἰούλιος
864 1385 916 1420 μὴν
935 1384 1015 1412 κατέ-

225 1431 315 1457 κλινεν
332 1430 406 1465 ἡμᾶς
419 1438 425 1445 ·
444 1430 491 1457 καὶ
505 1430 583 1456 οῠπω
598 1430 678 1465 μέχρι
695 1431 743 1456 καὶ
762 1431 883 1465 σήμερον
900 1430 967 1464 (ἔστι
984 1430 1014 1457 δὲ

225 1476 298 1511 ἀρχὴ
320 1476 367 1502 τοῦ
386 1474 548 1510 ὸκτωὸρίου)
562 1475 686 1510 καθαρὰν
700 1475 795 1508 ὑγείαν
809 1475 927 1509 εἴδομεν.
937 1475 1015 1506 Τίνος

224 1523 271 1549 06v
282 1522 343 1554 οίει,
361 1522 496 1555 άγιώτατε
517 1521 649 1552 δέσποτα,
668 1521 742 1556 ἡμᾶς
767 1522 796 1547 ὲν
819 1521 938 1556 τοσούτῳ
953 1521 1014 1547 ἐπι-

225 1568 389 1603 στρέφεσθαι
402 1567 455 1594 τῶν
471 1568 499 1594 ὲν
517 1567 567 1602 βίῳ
580 1566 724 1602 πράξεωνς
741 1566 780 1593 Ἦ
795 1567 891 1593 τούτου
904 1566 1013 1597 πάντως

225 1615 272 1640 καὶ
289 1613 370 1648 μόνου
389 1612 447 1645 τοῦ,
464 1614 522 1644 πῶς
532 1613 565 1640 ἂν
583 1613 794 1647 ἁνασφήλωμεν,
811 1613 858 1639 καὶ
870 1612 950 1648 ἡμῶν
967 1613 1014 1639 αὑ-

226 1660 280 1688 τῶν
303 1661 447 1696 γενώμεθα
461 1668 469 1677 ’
496 1660 511 1686 ὃ
538 1662 586 1688 καὶ
602 1660 707 1694 γίνεται
731 1660 776 1687 διὰ
792 1659 847 1686 τῶν
859 1659 914 1686 σῶν
926 1659 1014 1693 ἆγῑων

226 1707 325 1742 εὐχῶν.
345 1708 395 1732 Διὰ
419 1706 505 1733 ταῦτα
528 1705 711 1742 ἐμεμνήμεθα
729 1705 779 1740 μὲν
795 1705 872 1731 ἐσαεὶ
895 1705 945 1738 τῆς
965 1705 1014 1738 σῆς

226 1753 380 1787 ἁγιότητος,
397 1753 445 1780 καὶ
459 1753 509 1786 τὴν
521 1752 575 1779 τῶν
588 1752 642 1778 σῶν
655 1752 741 1785 ἀγίων
755 1751 843 1786 ιὺχῶν
856 1750 1015 1786 ἐπικουρίαν

226 1798 423 1833 ἀνεζητοῠμεν,
439 1798 477 1830 ὡς
492 1800 540 1825 καὶ
556 1798 570 1824 ὁ
582 1797 664 1829 καλὸς
679 1795 735 1824 οἵδε
751 1797 931 1832 Δομέστικος·
947 1796 1016 1830 γρά-

226 1854 288 1881 φειν
303 1845 332 1872 δὲ
346 1845 397 1871 οὐκ
410 1845 532 1880 εἴχομεν,
548 1844 591 1871 ὃτι
618 1844 686 1879 μηδὲ
711 1843 763 1879 ζῇν
788 1843 927 1878 καθαρῶς.
949 1843 1018 1869 Συν-

227 1892 330 1926 ίγνως,
367 1888 437 1924 οῖδα,
469 1891 551 1925 ἡμῖν,
583 1890 646 1924 ἅγιε
679 1889 813 1917 δέσποτα·
852 1888 1015 1924 ῖλαρύνθης’

227 1937 329 1965 ἀπέθου
344 1938 393 1972 τὴν
406 1937 467 1964 καθ’
483 1938 561 1972 ἡμῶν
576 1936 809 1972 σκυθρωπότητα·
822 1936 870 1962 καὶ
890 1935 954 1967 δόξα
978 1934 1017 1969 τῷ

226 1983 297 2017 Θεῷ.
312 1982 399 2018 Εὖχου
421 1983 511 2009 τοίνυν
536 1982 572 2009 τὰ
598 1982 668 2016 ὑπὲρ
690 1980 781 2016 ἡμῶν,
800 1981 849 2008 καὶ
870 1980 1016 2015 γενήσεται

227 2029 294 2064 ήμῖν
319 2026 350 2055 εὖ
375 2028 420 2055 διὰ
443 2028 492 2062 τῆς
507 2028 556 2063 σῆς
573 2027 721 2055 θεοκλύτου
740 2027 834 2062 εὐχῆς,
851 2026 927 2061 λιτῆς
942 2034 1016 2060 γενο-

230 2075 315 2109 μένης
329 2075 373 2101 διὰ
388 2075 542 2109 παρουσίας
555 2074 605 2109 τῆς
618 2073 739 2109 μεγάλης
755 2072 911 2108 ἁγιωσύνης
923 2071 1017 2104 αὐτοῦ,

227 2121 272 2148 οῖα
288 2121 416 2148 οὐδέποτε
430 2120 552 2155 γέγονεν.
582 2121 611 2147 ’0
624 2121 727 2155 κόσμος
741 2129 771 2146 τε
786 2120 841 2154 γὰρ
856 2118 905 2150 (ὡς
919 2118 1018 2153 εἰπεῖν)

227 2166 288 2197 ὅλος
302 2166 401 2201 παρῆν,
418 2166 454 2197 ὡς
467 2166 514 2193 καὶ
533 2165 623 2193 πάντα
638 2164 868 2200 στενοχωρεῖσθαι
881 2163 920 2198 τῷ
936 2163 1017 2198 ὄχλῳ,

227 2212 277 2239 καί
291 2220 366 2243 τινας
383 2212 430 2237 καὶ
448 2211 570 2237 ἐκλιπεῖν
591 2210 631 2245 τῷ
645 2210 734 2245 πολλῷ
751 2209 797 2236 τοῦ
811 2208 946 2244 σφιγμοῢ.
963 2209 1018 2235 Καὶ

1060 281 1192 316 λαλητέον
1213 280 1326 315 κωφόνς
1347 281 1364 316 ἢ
1382 280 1514 312 πολλάκις
1539 280 1678 316 ἐπεστάλη
1697 280 1792 316 αὐτῷ·
1809 281 1862 307 καὶ

1060 327 1087 354 τί
1097 327 1137 354 δεῖ
1147 327 1230 355 πάλιν
1245 329 1290 355 καὶ
1304 327 1386 355 πάλιν
1401 327 1518 362 γράφειν
1529 336 1538 361 ;
1551 328 1587 353 Ἦ
1597 327 1745 363 δεξάμενος
1756 327 1863 361 συχνὰς

1060 372 1111 405 τὰς
1123 373 1282 407 ἐπιστολὰς,
1303 373 1334 400 οὐ
1349 373 1399 409 τὴν
1421 374 1483 409 ῐσην
1503 373 1676 409 ἀντιγραφὴν
1692 374 1738 400 καὶ
1754 372 1837 404 αὑτός
1851 380 1861 389 ο

1061 421 1088 448 τί
1104 420 1170 455 γοῦν
1186 422 1227 448 δεῖ
1240 421 1356 457 κάμνειν
1369 422 1420 457 τὴν
1434 422 1513 456 χεῖρα
1529 421 1683 456 γράφοντα,
1706 421 1756 448 καὶ
1770 428 1863 455 προσ-

1061 466 1153 494 λαλεῖν
1166 467 1213 494 τδν
1232 468 1301 502 μηδὲ
1326 467 1379 503 γρῦ
1398 467 1669 502 ἀντιφθεγγόμενονς
1694 466 1863 502 Προσάγαγε

1062 514 1119 543 τοῖς
1138 513 1201 539 καθ’
1213 513 1287 548 ἡμᾶς
1301 514 1352 548 τὴν
1367 514 1512 549 διαίρεσιν.
1529 513 1573 548 Μὴ
1590 512 1725 547 ἔγραψας,
1740 513 1793 540 οὐκ
1813 513 1864 539 ἀν·

1063 559 1242 594 τεγράψαμεν
1259 560 1305 594 δέ;
1326 561 1361 587 "ll
1391 560 1456 595 φῄς,
1481 559 1520 592 ὡς
1547 559 1610 586 οὗτε
1633 558 1768 594 ἔγραψας,
1796 558 1863 585 οὖτὲ

1063 605 1188 640 ἐγραψα;
1211 606 1267 632 Καὶ
1294 606 1393 642 ψεύδῃ.
1418 605 1517 639 Τρίτον
1540 606 1596 641 γὰρ
1624 605 1760 641 ἡμέτερον
1781 604 1864 632 τοῦτο

1063 651 1183 686 γράμμα
1196 652 1265 687 πρὸς
1277 652 1318 679 σέ.
1341 652 1518 683 Ἐπέστειλας
1534 652 1676 687 συχνάκις,
1698 652 1746 678 καὶ
1766 651 1864 684 λέγειν

1063 699 1195 732 ναρκεῖςς
1214 699 1268 725 Καὶ
1284 698 1343 730 πῶς
1362 698 1376 724 ό
1401 698 1470 733 μηδὲ
1485 700 1516 726 τὸ
1533 700 1584 734 τῆς
1610 697 1710 732 Ἠχοῦς
1738 697 1879 732 μιμησᾶρ,

1066 751 1145 778 μενος
1155 744 1361 779 ὖστερόφωνονς
1379 745 1451 772 Ἀλλ’
1464 745 1495 771 οὐ
1508 745 1563 771 τῶν
1576 745 1639 780 περὶ
1649 744 1747 778 λόγους
1755 743 1841 778 ἡμεῖς
1852 750 1862 776 ;

1071 790 1141 816 Ἀλλ’
1157 788 1179 817 ὧ
1196 791 1283 823 λόγοι,
1300 791 1347 817 καὶ
1364 791 1476 824 μοῦσαι,
1490 791 1539 818 καὶ
1553 791 1656 827 χρόνοι,
1672 790 1720 817 καὶ
1734 789 1861 825 ἱδρῶτες·

1066 839 1113 864 καὶ
1129 837 1176 864 ἐπὶ
1200 837 1294 868 πᾶσιν,
1317 833 1339 863 ὦ
1362 837 1530 869 διδάσκαλοι,
1555 837 1682 871 σύμφατε
1706 835 1745 870 τῷ
1768 834 1864 870 κυρίῳ

1066 882 1195 917 Γεωργίῳ
1211 883 1257 909 καὶ
1273 883 1365 918 ὑμεῖς.
1385 883 1434 908 Ἒν
1450 883 1490 909 ἔτι
1506 883 1561 909 τῶν
1576 881 1709 909 δισκελῶν
1721 881 1773 916 τῆς
1785 880 1861 908 διαι-

1065 929 1166 964 ρέσεως
1182 929 1318 955 λείπεται.
1341 928 1488 963 Φιλοῦμεν,
1510 929 1557 955 καὶ
1568 928 1599 955 οὐ
1614 927 1778 962 φιλούμεθα.
1800 927 1863 953 Ἐν-

1063 974 1162 1001 τεῦθεν
1180 975 1335 1010 γράφομεν,
1350 975 1397 1002 καὶ
1413 976 1427 1001 ὁ
1443 974 1621 1010 ἀντιγράφων
1635 973 1734 1005 οὐδείς.
1755 972 1863 1000 A0106-

1066 1030 1127 1055 μεν,
1145 1021 1192 1047 καὶ
1207 1022 1238 1048 οὐ
1261 1020 1510 1056 προσφωνούμεθα.
1528 1020 1562 1047 Τί
1576 1019 1623 1046 06v
1637 1019 1717 1046 σκιὰν
1735 1017 1859 1050 διώκεις,

1066 1068 1199 1094 Εὑστάθιε
1212 1075 1220 1101 ;
1234 1067 1268 1094 Τί
1276 1068 1338 1099 τοὺς
1351 1069 1456 1103 χάρτας
1469 1068 1498 1094 ὲν
1511 1068 1600 1099 κενοῖς
1610 1066 1735 1099 ἀναλοῖς;
1752 1065 1862 1101 sum

1063 1114 1094 1140 τὸ
1107 1115 1249 1149 γραφεῖον·
1270 1113 1307 1149 μὴ
1324 1113 1477 1148 στώμυλλε.
1503 1113 1562 1141 Κάν
1578 1121 1630 1140 που
1653 1111 1791 1148 γράφοντι
1803 1119 1861 1138 τινι

1064 1158 1190 1194 ἐντύχῃς,
1210 1158 1315 1184 ἐκείνου
1333 1159 1384 1193 τὴν
1401 1158 1548 1193 ἐπιστολὴν
1562 1157 1673 1184 ὲπιδύου
1688 1156 1738 1184 καὶ
1755 1156 1860 1187 αὐτός’

1064 1206 1112 1231 καὶ
1129 1203 1344 1239 προσαγορεύων
1361 1204 1442 1239 μόνον
1457 1203 1556 1239 ἀρκοῦ.
1574 1203 1609 1230 Τί
1623 1203 1678 1238 γὰρ
1692 1203 1791 1234 ἄλλους
1808 1202 1862 1237 μὲν

1065 1250 1228 1281 λακωνίζειν
1248 1251 1312 1285 χρὴ,
1328 1250 1358 1276 σὲ
1371 1251 1400 1277 δὲ
1417 1251 1541 1285 μακροὺς
1554 1249 1728 1277 κατατείνειν
1740 1249 1860 1284 λόγουςς

1066 1297 1122 1323 Καὶ
1140 1296 1257 1332 ἀρκτέον
1280 1296 1406 1323 ἐντεῦθεν
1419 1303 1426 1311 ·
1443 1296 1659 1330 προσαγορεύω
1675 1304 1716 1328 σε,
1739 1295 1861 1331 αὐθέντη

1067 1352 1130 1379 μου.

1429 1388 1494 1416 Kl".

1102 1433 1287 1470 Ὅμοιονέρῶ
1314 1442 1355 1460 σοι
1379 1434 1531 1468 αἰνίγματι.
1554 1433 1600 1460 Ἐν
1623 1432 1716 1468 ταυτῷ
1736 1432 1865 1468 ἧττημαι

1066 1482 1112 1508 καὶ
1129 1480 1272 1514 νενίκηκα”
1289 1479 1404 1506 κατόπιν
1420 1479 1458 1505 ὢν
1472 1478 1630 1514 ἔμπροσθεν
1644 1478 1755 1513 γέγονα.
1777 1478 1865 1505 Λύσω

1067 1534 1107 1553 σοι
1130 1527 1160 1552 τὸ
1184 1526 1311 1559 αἴνιγμα.
1335 1525 1479 1559 Ἠττημαι
1506 1523 1555 1551 τοῦ
1581 1524 1677 1559 κυρίου
1702 1523 1865 1559 Δημητρίου

1025 1581 1048 1612 C
1065 1570 1211 1605 ἐπιστολῆς
1225 1570 1320 1597 κάλλει
1336 1578 1365 1596 τε
1389 1571 1437 1597 καὶ
1458 1570 1548 1603 τάχει.
1578 1569 1707 1604 Κατῆρξε
1724 1569 1779 1603 γὰρ
1794 1570 1866 1605 γρά-

1065 1617 1130 1652 ψας,
1148 1618 1195 1644 καὶ
1219 1617 1327 1651 γράψας
1343 1616 1460 1650 ἔλαμψε.
1483 1615 1629 1650 Νενίκηκά
1645 1623 1675 1642 σε
1695 1614 1789 1642 κάλλει
1813 1614 1866 1650 μὲν

1066 1665 1175 1699 γραφῆς
1192 1663 1221 1689 οὐ
1240 1663 1292 1697 (μὴ
1310 1661 1382 1688 οὕτω
1405 1662 1530 1697 μανείην,
1551 1661 1618 1688 ὥσθ’
1637 1660 1711 1688 οὕτω
1727 1661 1864 1696 φρονεῖν),
1897 1667 1901 1671 ·

1066 1711 1145 1745 τάχει
1159 1709 1199 1736 δέ.
1214 1708 1345 1743 Κατῆρξα
1362 1708 1428 1741 γάρ.
1447 1707 1571 1734 Κατόπιν
1595 1705 1679 1743 ἦλθον
1701 1707 1748 1734 τοῦ
1772 1707 1866 1743 γράμ-

1068 1761 1153 1788 ματος
1166 1752 1284 1778 ἐκεῖνον’
1301 1752 1396 1786 φθάνω
1413 1753 1442 1778 τὸ
1468 1751 1525 1779 σόν.
1550 1751 1624 1787 Ὅρα
1646 1750 1726 1786 γοῦν,
1752 1752 1791 1787 μή
1820 1760 1867 1779 σοι

1066 1798 1160 1833 δεήσοι
1178 1796 1355 1831 περιπλοκῶν
1367 1796 1407 1832 τῷ
1420 1796 1578 1831 γράμματι,
1597 1796 1622 1823 εί
1638 1796 1677 1832 μὴ
1691 1796 1763 1823 κατὰ
1778 1797 1867 1830 πόδας

1066 1845 1235 1880 ἐπιστείλῃς,
1249 1845 1296 1872 καὶ
1312 1844 1363 1872 κᾶν
1384 1844 1449 1878 γοῦν
1465 1844 1596 1880 δευτέρας
1608 1844 1690 1881 ἔλθῃς
1701 1854 1709 1861 ·
1726 1844 1766 1877 ὥς
1781 1846 1867 1880 ἡμεῖς

1067 1899 1099 1925 γε
1114 1891 1162 1917 καὶ
1175 1891 1347 1925 πλατυτέραν
1361 1890 1492 1925 δευτέραν
1506 1890 1565 1925 μετ’
1580 1890 1610 1917 οὗ
1624 1890 1692 1917 πολὺ
1706 1890 1755 1917 καὶ
1765 1891 1866 1927 τρίτην

1069 1933 1110 1962 σοι
1123 1936 1271 1971 στελοῦμεν
1285 1936 1395 1971 γραφήν
1408 1943 1415 1951 ⁸
1433 1935 1471 1967 ὡς
1488 1934 1615 1962 ἐντεῦθεν
1637 1935 1764 1971 δεύτερόν
1788 1945 1821 1963 σε
1846 1937 1866 1974 ἢ

1067 1982 1159 2016 τρίτον
1176 1982 1343 2014 διεκπεσεῖν,
1357 1981 1371 2008 ὃ
1384 1982 1416 2008 σὺ
1433 1981 1471 2018 μὴ
1484 1982 1601 2018 ἀνάσχῃ.
1622 1982 1654 2009 Εἰ
1673 1982 1702 2009 δὲ
1719 1982 1768 2018 μὴ,
1785 1983 1865 2020 τόπῳ

1068 2027 1262 2063 περιγραπτὴν
1276 2027 1332 2062 ἐρῶ
1348 2027 1398 2064 τὴν
1410 2027 1513 2062 φιλίαψ
1530 2027 1580 2055 καὶ
1599 2026 1730 2056 τοσοῦτον
1749 2027 1866 2064 σκώψας

1069 2082 1103 2101 πε
1109 2074 1258 2110 παύσομαι.

1433 2119 1497 2148 KA'.

1104 2161 1242 2195 Κάλλιστε
1266 2167 1315 2194 καὶ
1333 2167 1508 2194 πανσέδαστέ
1532 2176 1584 2204 μου
1607 2169 1738 2204 αὒθὲντη.
1761 2169 1866 2205 Ἦμᾶς,

1069 2213 1107 2245 ὡς
1122 2213 1221 2245 ἔοικεν,
1236 2213 1286 2240 οὐκ
1301 2212 1375 2240 ἔστιν
1390 2213 1532 2240 ἐπιλιπεῖν
1547 2222 1614 2241 ποτε
1630 2215 1666 2242 τὰ
1684 2214 1818 2250 δυσχερῆ·
1831 2216 1869 2244 τὰ

227 2258 335 2293 δάκρυα
349 2257 420 2284 κατὰ
436 2257 557 2291 ποταμὸν
571 2256 708 2291 ὲχύθησαν
720 2264 727 2271 ·
740 2256 786 2283 καὶ
800 2255 912 2290 νηστεία
923 2254 1020 2281 ὲπετά-
1036 2263 1058 2290 ι)
1073 2259 1124 2294 μὲν
1136 2259 1229 2290 αὐτοῖς
1243 2259 1309 2294 ἡμῖν
1333 2259 1526 2294 ἐπιγινόμενα,
1538 2260 1574 2286 τὰ
1596 2259 1626 2286 δὲ
1640 2260 1700 2286 ’καὶ
1725 2261 1785 2292 τοῖς
1799 2261 1868 2289 ἀνα-

228 2304 281 2339 χθη
297 2312 327 2330 τε
340 2304 387 2330 καὶ
401 2302 590 2337 κατεπράχθη,
607 2302 654 2329 καὶ
670 2302 761 2329 πάντα
775 2301 893 2336 προέϐη,
905 2301 955 2327 ὅσα
969 2300 1017 2326 καὶ

228 2351 273 2377 ἐπὶ
290 2348 445 2381 Νινευῗταις
461 2349 603 2384 ἱστόρηται
613 2356 621 2364 ⁸
633 2349 732 2375 ταυτὸν
744 2348 773 2375 δὲ
786 2348 885 2380 εἰπεῖν,
901 2344 942 2379 οἷς
959 2346 1016 2379 EE:-

227 2396 337 2423 λεοῦται
349 2395 426 2427 Θεός.
689 2390 691 2392 ’

589 2439 654 2465 KB'.

269 2486 318 2519 Ὠς
328 2486 363 2519 ἐξ
373 2486 458 2520 ἡμῶν
469 2486 522 2513 τόν
531 2485 627 2513 δεῖνα·
643 2486 709 2514 εἰπὲ
718 2485 759 2519 τῷ
770 2486 854 2514 δεῖνι·
867 2492 1018 2520 προσαγο-

225 2532 361 2566 ρευθήτω
384 2534 400 2559 ό
421 2532 518 2559 δεῖνα.
539 2532 618 2559 Οὕτω
637 2532 790 2567 γράφουσιν
813 2533 837 2559 οῖ
863 2532 1017 2566 γράφοντες

229 2577 321 2612 λόγον·
334 2577 405 2604 οὕτω
417 2578 634 2612 μνημονεύουσιν
646 2578 670 2604 οί
684 2578 823 2612 φιλοῦντες
834 2578 921 2612 φίλον·
930 2577 1019 2609 οὕτως

229 2623 259 2648 ὲν
274 2622 384 2657 γραφῆς
400 2623 532 2658 παρέργῳ
546 2622 643 2649 τοῦτον
657 2623 778 2650 τιθέασιν
801 2623 818 2658 ἢ
836 2624 877 2654 εις
893 2623 1016 2655 ἀντλίαν,

229 2668 246 2703 ἢ
262 2670 301 2699 είς
316 2668 430 2703 πρῶραν
446 2668 516 2694 κατά
528 2669 572 2694 τὸν
588 2669 616 2695 ὲν
632 2670 664 2704 τῇ
685 2669 822 2704 τραγῳδίᾳ
839 2669 1017 2704 Φιλοκτήτην.

230 2713 372 2748 Μνηστέον
382 2714 436 2747 γὰρ
444 2714 472 2740 ὲν
482 2713 570 2748 καιρῷ
581 2714 649 2748 πρὸς
658 2715 703 2740 τὸν
712 2714 747 2741 τὰ
759 2714 854 2749 φιλικὰ
863 2714 1020 2749 χωλεύοντα

231 2767 272 2786 σε.
289 2759 321 2785 Ει
333 2759 361 2786 δὲ
378 2760 425 2785 καὶ
446 2759 460 2785 ό
475 2760 744 2794 προσαγορευόμενος
771 2760 874 2795 Ἑρμοῦ
892 2761 1019 2795 θεράπων

234 2806 336 2841 λογίου,
352 2805 434 2841 βαόαὶ
447 2804 497 2840 τῆς
509 2804 662 2840 ὓὸρεως.-
675 2806 753 2841 Φέρε,
770 2805 903 2840 διέλωμαί
919 2815 959 2833 σοι
970 2808 1020 2841 τὴν

237 2851 435 2888 προσηγορίαν.
455 2850 485 2879 '0
507 2851 779 2886 προσαγορευόμενος
804 2850 820 2885 ἢ
846 2851 877 2877 οὒ
900 2851 971 2877 πάνυ
995 2859 1020 2878 τι

237 2899 366 2934 φιλεῖται,
379 2898 428 2927 καὶ
441 2898 522 2934 ἀρκεῖ
541 2897 615 2933 αὐτῷ
627 2897 658 2924 τδ
678 2896 744 2931 γοῦν
758 2897 853 2931 μνείας
868 2897 975 2932 τυχεῖν·
1001 2897 1018 2933 ἦ

1068 2305 1203 2340 γράπτοις
1218 2306 1285 2340 ἡμῖν
1300 2305 1340 2336 είς
1360 2304 1463 2340 ψυχήνσ
1478 2305 1522 2339 ἐφ’
1538 2302 1579 2337 οἷς
1594 2305 1643 2332 καὶ
1657 2305 1751 2338 αὐτοῖς
1765 2306 1804 2338 ὡς
1821 2307 1870 2334 ἰπὶ

1068 2350 1214 2387 ἡμετέροις
1237 2352 1335 2382 κακοῖς
1351 2350 1538 2384 διετιθέμεθα,
1566 2351 1615 2378 καὶ
1638 2351 1802 2388 λυπούμεθα
1828 2352 1869 2388 μὰ

1067 2396 1118 2431 τὴν
1128 2395 1251 2431 κεφαλήν
1267 2404 1326 2428 σου,
1337 2395 1372 2431 ἢν
1385 2395 1435 2423 οὐκ
1450 2396 1484 2423 ἂν
1495 2396 1599 2431 ὀμόσας
1612 2395 1772 2432 ψευσαίμην
1787 2398 1868 2426 ποτε.

1069 2441 1179 2477 Μικροῦ
1204 2441 1259 2468 δεῖν
1276 2442 1290 2468 ό
1317 2441 1424 2477 χάρτης
1441 2441 1571 2477 ἀπερρύη
1603 2450 1655 2477 μου
1684 2443 1740 2470 τῶν
1763 2443 1868 2478 χειρῶν

1072 2488 1179 2514 ἐπιόντι
1196 2496 1242 2522 μοι
1260 2488 1308 2514 καὶ
1322 2487 1518 2523 ἀναλεγομένῳ
1534 2488 1569 2514 τὰ
1588 2487 1618 2514 ἑν
1629 2487 1717 2524 αὐτῷ.
1731 2488 1788 2516 Καὶ
1802 2489 1868 2516 οὐαὶ

1068 2533 1107 2568 τῷ
1122 2532 1223 2568 φθόνῳ·
1243 2532 1274 2559 οὺ
1291 2534 1345 2568 γὰρ
1359 2531 1393 2558 ἂν
1411 2531 1476 2559 ἄλλο
1494 2540 1522 2559 τι
1538 2532 1660 2561 τοιοῦτον
1682 2533 1865 2569 αἰτιάσωμαι.

1074 2580 1108 2607 Ἦ
1123 2579 1152 2606 δὲ
1166 2578 1294 2606 αὐθεντια
1313 2587 1360 2605 σου
1373 2577 1572 2614 εὖχαριστείτω
1588 2578 1636 2605 ἐπὶ
1653 2578 1722 2606 πᾶσι
1735 2578 1775 2614 τῷ
1791 2579 1867 2614 Θεῷ,

1070 2626 1117 2653 καὶ
1134 2625 1215 2656 αὐτὸς
1231 2625 1341 2659 ποιήσει
1354 2639 1389 2644 —
1403 2623 1454 2658 όψξ
1472 2623 1534 2658 μέν·
1547 2623 1606 2650 ἀλλ’
1619 2621 1668 2651 οὖν
1681 2624 1764 2660 ἡμεῖς
1780 2633 1870 2660 προσ-

1070 2670 1207 2705 κυνοῦμεν
1228 2670 1277 2705 τὴν
1300 2669 1446 2704 ἀντίληψιν
1472 2677 1539 2701 σου,
1567 2669 1736 2704 ὑγιαίνοντες
1763 2670 1870 2706 μόνον,

1070 2717 1171 2753 ὁμοίως
1187 2717 1235 2743 καὶ
1249 2716 1351 2748 πάντες
1367 2717 1391 2742 οί
1404 2715 1451 2743 τοῦ
1468 2715 1575 2743 κιλλίου
1591 2724 1657 2751 μου.

1438 2759 1503 2788 KE'.

1109 2807 1230 2841 Μεγάλε,
1260 2806 1462 2842 ἑπιφανέστατέ
1489 2815 1542 2842 μου
1571 2806 1701 2835 αὖθέντα.
1724 2805 1872 2843 Γλίσχρως

1074 2853 1128 2889 ἔχω
1143 2854 1178 2879 τὰ
1194 2854 1223 2885 ές
1237 2852 1397 2888 ἐπιστολὴν,
1415 2853 1464 2879 καὶ
1481 2853 1553 2880 κατὰ
1569 2853 1632 2884 τοὺς
1655 2852 1789 2888 ἀτέχνους
1811 2853 1871 2881 τῶν

1074 2899 1228 2935 ζωγράφων
1251 2899 1414 2934 διάκειμαι·
1429 2899 1455 2926 οῖ
1477 2899 1528 2927 οὐκ
1551 2898 1585 2928 ἂν
1598 2898 1749 2936 γράψων,
1775 2899 1802 2927 ιιι
1829 2899 1872 2935 μὴ
