4062 6402
423 328 556 391 19289

1226 329 1653 391 EUSTATIIII
1688 326 2454 391 THESSALONICENSIS
2504 325 2930 388 EPISTOLIE.

3551 320 3685 384 1290

419 445 556 510 πρὸς
591 439 904 511 ἀρχέτυπον
929 441 1216 510 γράφοιεν.
1252 443 1444 510 Κάγὼ,
1484 443 1530 494 εἰ
1566 443 1642 513 μὴ
1673 442 1771 506 τὰς
1801 442 1998 511 δμετέ-
2029 453 2072 508 Α
2107 455 2268 509 μενος
2294 435 2431 508 πρὸς
2464 437 2562 504 τὴν
2609 437 2790 489 ἐκεῖσε
2838 434 3001 504 ¹λῆξιν
3057 433 3305 506 μετάρω,
3357 433 3463 488 ὑπὸ
3497 434 3686 506 μηδενὶ

422 548 521 600 ρας
571 531 797 602 ἐμαυτῷ
832 531 954 584 κατ’
997 532 1154 602 δμμα
1200 532 1582 604 προϐαλοῦμαι
1615 532 1866 603 γραφὰς,
1898 534 1998 586 οὐκ

423 623 490 674 ἂν
521 621 699 684 άλλως
730 622 922 692 σχοίην
954 625 1211 690 γράφειν.
1267 624 1521 677 Στείλατε
1551 620 1645 678 οὖν
1673 625 1734 677 τὸ
1773 625 2003 694 ἀρχέτυ-

421 732 546 776 πον,
583 716 719 785 πρὸς
752 713 782 766 δ
810 718 871 770 τὸ
917 719 1179 786 γραφεῖον
1228 719 1547 789 κινήσομεν·
1605 719 1681 783 ὡς
1725 721 1857 788 ἡμῖν
1904 720 2004 773 οὐκ

422 807 648 860 ἄλλοθεν
675 808 708 878 ἢ
740 809 956 862 ἐκεῖθεν
988 809 1142 862 ἔσται
1172 809 1232 862 τὸ
1263 810 1566 879 ἐνδόσιμον*
1596 810 1704 864 οὐδ’
1731 811 1798 863 ἂν
1828 810 2004 872 ἄλλως

421 900 482 950 τδ
513 900 782 968 ἡμέτερον
817 901 1000 972 ῆχήσῃ
1045 901 1317 970 χαλκεῖον,
1351 904 1399 954 εἰ
1435 902 1510 973 μὴ
1541 901 1814 971 γραφικὴν
1844 901 2004 970 ὑμεῖς

423 991 651 1045 αὐτόθεν
680 991 881 1063 ἄνεμον
913 993 1250 1061 σχεδιάσετε.
1288 994 1568 1048 [Ινεύσατε
1594 993 1710 1057 οὖν,
1743 998 1838 1047 καὶ
1878 994 2008 1062 χαλ-

422 1085 520 1147 κὸς
548 1083 765 1154 ἡχήσει.
812 1083 877 1136 Ἦ
912 1084 968 1136 δὲ
999 1086 1108 1156 ὴχὴ
1158 1086 1354 1154 φθάσει
1407 1087 1570 1156 μέχρι
1616 1087 1710 1140 καὶ
1737 1087 1792 1147 ἐς
1832 1086 2004 1154 ἡμᾶς,

426 1175 524 1226 καὶ
575 1177 974 1245 περικτυπήσει
1024 1177 1124 1240 τὰς
1177 1177 1367 1242 ἀκοάς.
1413 1179 1474 1232 Εἰ
1526 1173 1621 1232 οῦν
1671 1177 1746 1249 μὴ
1790 1176 2002 1247 βαρεῖα,

372 1292 379 1298 -
429 1265 594 1317 πάλιν
628 1265 922 1332 πνεύσατε,
962 1265 1058 1320 καὶ
1089 1267 1254 1322 πάλιν
1301 1269 1522 1338 ἠχήσει,
1558 1268 1654 1321 καὶ
1702 1267 1879 1332 αὖθις,
1914 1267 2009 1320 καὶ

427 1357 614 1411 πάλιν.
651 1359 762 1411 Καὶ
792 1359 867 1430 μὴ
899 1359 1056 1412 τοῦτο
1101 1361 1180 1423 είς
1213 1361 1464 1430 ἄπειρον,
1502 1359 1708 1431 Χριστέ
1740 1359 1962 1429 βασιλεῦ
1990 1373 2004 1389 ⁶

299 1445 324 1464 ⁸
431 1448 713 1518 συντόμως
745 1450 853 1521 γάρ
897 1451 1104 1523 ίδοιμεν
1153 1451 1419 1524 ἀλλήλους
1470 1454 1564 1508 καὶ
1617 1452 2008 1523 ὀμιλήσαιμεν,

433 1543 509 1612 μὴ
543 1542 919 1613 μεσιτεύοντος
949 1545 1299 1615 γράμματος.
1319 1575 1389 1586 -
1423 1545 1564 1604 Ἀλλ’
1593 1545 1759 1616 ὁρᾶτέ
1794 1561 1883 1615 μοι
1911 1544 2010 1613 τὴν

433 1636 713 1707 δεινότητα
753 1637 853 1705 τῆς
897 1638 1211 1708 ἐπιστολῆς,
1261 1641 1295 1710 ἡ
1346 1640 1545 1710 μικροῦ
1596 1657 1664 1710 με
1709 1640 2007 1710 διέφυγεν;

447 1727 818 1798 Ἀμφοτέρους
854 1733 954 1800 μιᾷ
981 1731 1158 1803 ταύτῃ
1197 1731 1501 1802 δεξιοῦμαι.
1549 1735 1660 1787 Καὶ
1711 1732 1875 1800 τυχὸν
1911 1732 2008 1800 μὲν

2103 532 2340 605 δεσπότῃ
2392 531 2612 594 δούλους
2646 531 2939 600 τυγχάνειν
2975 529 3265 601 βούλομαι.
3308 529 3470 585 Ἀλλά
3523 530 3686 600 μέχρι

2109 625 2208 695 μὲν
2243 624 2404 686 αὐτὸς
2440 626 2498 676 ἐν
2533 625 2644 686 τοῖς
2672 623 2841 687 ζῶσίν
2895 625 3034 690 εἰμι,
3091 623 3212 692 μετ’
3261 621 3401 690 ἐμοῦ
3453 621 3689 680 ἔσονται.

2106 717 2205 768 καὶ
2235 716 2335 782 τῆς
2370 713 2428 779 ἐξ
2462 716 2616 779 ἔθους
2667 733 2760 784 μοι
2799 716 3123 786 κηδεμονίας
3158 717 3557 786 ἀξιωθήσονται
3583 732 3596 745 ·
3628 717 3691 788 ἥν

2105 809 2204 862 ούκ
2233 802 2350 862 οῖδα
2375 808 2542 876 εἴπερ
2567 809 2851 880 κρείττονα
2878 810 3030 879 παρά
3049 812 3164 872 τοῖς
3190 810 3415 874 οἰκείοις
3444 811 3510 865 ἂν
3539 811 3692 879 ἔσχον

2106 901 2328 968 γονεῦσί
2351 917 2512 966 ποτε,
2540 901 2725 955 οἶκαδε
2753 902 3029 972 μένοντες.
3060 901 3333 971 Ὀπηνίκα
3361 901 3418 954 δὲ
3445 901 3540 955 τοῦ
3576 902 3694 972 μεθ’

2107 993 2256 1060 ἡμᾶς
2289 992 2595 1061 μετάξομαι
2631 991 2770 1062 βίου,
2800 994 2960 1048 ἄδεια
3011 993 3075 1047 τὸ
3106 993 3357 1048 ἐντεῦθεν
3391 995 3578 1057 αὐτοῖς
3609 995 3696 1048 ἐν-

2108 1084 2418 1154 δοθήσεται,
2442 1085 2677 1153 διάγειν,
2699 1086 2777 1148 ὡς
2797 1086 3106 1155 ἐλευθέροις
3134 1088 3350 1154 ἐφεῖται
3376 1086 3692 1154 Ῥωμαίοις,

2111 1175 2352 1244 ἔνθαπερ
2395 1173 2465 1228 ἂν
2527 1175 2824 1245 βούλοιντο·
2880 1179 2977 1230 καὶ
3021 1177 3197 1240 οὐδεὶς
3227 1176 3350 1230 οὔτε
3406 1177 3516 1230 τῶν
3559 1177 3693 1231 κατὸ

2111 1265 2305 1332 γένους
2331 1260 2472 1334 αἷμά
2510 1282 2597 1318 σοι
2646 1267 3058 1336 προσηκόντων,
3099 1266 3222 1321 οὔτε
3270 1269 3380 1321 τῶν
3415 1268 3592 1331 ἄλλως
3622 1271 3693 1321 οἶ-

2112 1363 2278 1416 κείων
2313 1378 2373 1414 τε
2411 1363 2505 1415 καὶ
2537 1361 2858 1433 γνωρίμων,
2913 1362 2988 1424 ὡς
3014 1363 3222 1428 δούλοις
3255 1363 3568 1434 ἐγχειρήσει
3603 1364 3694 1416 αὐο

2110 1458 2243 1517 τοῖςο
2280 1454 2374 1507 τοῦ
2413 1455 2680 1524 παρόντος
2712 1455 2994 1523 ἐγγράφου
3027 1471 3128 1522 μου
3160 1454 3488 1523 ἀρκέσοντος
3515 1450 3697 1518 αὑτοῖς

2111 1546 2230 1598 ἀντὶ
2291 1545 2592 1614 ἀσφαλείας
2649 1539 2869 1612 ἀπάσης
2931 1546 3068 1614 πρὸς
3120 1546 3440 1616 ἀποτροπὴν
3495 1547 3699 1611 παντὸς

2114 1632 2515 1709 βουλησομένου
2555 1640 2972 1693 καταδουλῶσαι
3007 1641 3226 1706 αὐτοὺς,
3279 1640 3373 1692 τοῦ
3411 1641 3467 1693 δέ
3503 1641 3698 1694 εἰδέναι

2121 1731 2456 1799 ὀφείλοντος,
2486 1732 2570 1784 ὅτι
2601 1733 2700 1786 σὺν
2729 1732 2806 1801 τῷ
2843 1733 3010 1802 μηδὲν
3040 1732 3238 1786 ἀνῦσαι
3269 1735 3364 1788 καὶ
3387 1735 3452 1804 τῇ
3482 1732 3573 1786 τοῦ
3609 1751 3702 1804 με·

429 1820 534 1872 οὐκ
568 1821 672 1885 ἔξω
704 1823 888 1890 λόγου,
919 1822 1014 1886 οὓς
1043 1826 1139 1876 καὶ
1164 1826 1366 1894 τρόπος
1393 1827 1485 1878 καὶ
1517 1825 1708 1895 χρόνος
1741 1823 1836 1876 καὶ
1866 1825 2014 1878 πᾶσα
2049 1829 2088 1883 Β
2116 1825 2281 1892 γάλου
2323 1823 2461 1877 Θεοῦ
2495 1825 2606 1894 ἀρᾷ
2657 1824 3208 1894 καθυποϐληθήσεται
3257 1825 3329 1888 ὡς
3371 1825 3704 1881 ἀντιϐαίνειν

438 1912 761 1985 περίστασις
793 1916 1027 1984 ἥνωσεν,
1056 1916 1211 1969 ἑνοῦν
1242 1918 1338 1972 καὶ
1381 1919 1461 1987 τῷ
1492 1920 1805 1988 γράμματι.
1852 1916 2014 1969 Ἀλλά

437 2005 691 2075 σεμνύνω
723 2006 926 2075 μᾶλλον
953 2007 1046 2059 τὸν
1067 2008 1297 2076 χάρτην,
1331 2007 1426 2060 καὶ
1455 2008 1596 2061 ποιῶ
1626 2008 1812 2062 τοῦτον
1842 2008 2019 2073 πανή-

440 2115 622 2169 γυριν.
673 2101 748 2152 Οὐ
806 2099 914 2169 γὰρ
967 2095 1048 2162 εἷς
1101 2104 1229 2170 περὶ
1281 2098 1470 2154 τοῦτον
1517 2104 1838 2172 πονήσεται,
1881 2100 2018 2153 ἀλλά

441 2192 622 2260 χεῖρες
646 2191 835 2244 τούτου
865 2190 1150 2260 δράξονται
1173 2192 1462 2264 τέσσαρες·
1495 2193 1590 2246 καὶ
1619 2191 1840 2262 ὄμματα
1864 2207 2020 2261 περι-

443 2283 730 2353 βλέψονται
753 2283 1011 2337 τοσαῦτα·
1057 2286 1150 2336 καὶ
1181 2284 1332 2356 χείλη
1359 2284 1550 2338 τούτου
1592 2285 2020 2354 περιλαλήσουςι

443 2376 878 2445 τοσαυτάριθμα·
911 2379 1003 2429 καὶ
1057 2376 1242 2440 καινὸς
1293 2369 1446 2439 οὗτος
1489 2375 1690 2447 δρόμος
1735 2377 1793 2428 ἐν
1825 2375 2021 2444 σταδίῳ

439 2466 621 2536 τούτῳ
656 2467 852 2538 βραχεῖ
873 2467 1140 2536 ὀμμάτων
1163 2467 1317 2522 ἔσται
1347 2470 1444 2522 καὶ
1472 2467 1716 2538 χειλέων·
1740 2466 2022 2520 κάνταῦθα

447 2559 542 2612 καὶ
579 2562 745 2629 μόνον
773 2559 835 2612 τὸ
869 2559 972 2628 τῆς
1002 2559 1132 2622 θέας
1181 2559 1366 2614 ἔνθεον
1409 2562 1574 2630 τάχος
1607 2560 1876 2630 ἀνισασθῇ
1909 2576 2024 2623 πως

441 2655 560 2716 τοῖς
589 2652 818 2722 χείλεσι,
847 2651 1192 2723 προθεούσης
1224 2655 1325 2723 μὲν
1353 2653 1448 2706 καὶ
1495 2653 1678 2722 ἀκαρῆ
1705 2652 1765 2705 τὸ
1794 2652 2024 2722 θέατρον

447 2744 706 2816 ὀργώσης
739 2743 1068 2811 περιελθεῖν,
1124 2745 1587 2816 παρομαρτούσης
1634 2744 1680 2798 δ’
1723 2744 1874 2807 ὅμως
1931 2747 2026 2795 καὶ

451 2835 910 2907 συγχρονιζούσης
932 2837 1046 2900 τοῖς
1071 2837 1325 2906 χείλεσιν.
1359 2839 1450 2899 Ὠς
1472 2834 1728 2906 εὐτυχὴς,
1751 2827 1797 2887 ὦ
1824 2832 2022 2903 χάρτα.

448 2927 567 2981 Νῦν
600 2928 697 2998 μὲν
728 2922 822 2980 οῦν
871 2927 949 2992 ὡς
993 2929 1121 2988 τοὺς
1168 2928 1490 2989 Μολιονίδας
1540 2926 1726 2996 ἦνωσα
1785 2922 2022 2994 γράψας·

449 3022 648 3092 μικρὸν
681 3021 864 3076 δὲκαὶ
909 3021 985 3084 ὼς
1053 3020 1315 3090 Ὀρέστην
1362 3021 1603 3090 διαθήσω
1649 3017 1746 3072 καὶ
1777 3017 2029 3084 Πυλάδην

449 3116 622 3182 ὑμᾶς.
657 3115 768 3167 Καὶ
791 3115 933 3170 οὕτω
967 3117 1075 3187 γὰρ
1108 3117 1379 3179 κάκείνως
1408 3115 1560 3186 μένει
1592 3111 1660 3166 τὰ
1689 3113 1787 3182 τῆς
1819 3111 2025 3181 φιλίας.

454 3205 490 3284 ᾖ
528 3213 888 3280 συνετάκητε.

1173 3303 1331 3372 Kq'.‘

526 3398 820 3468 Αὐτάρκης
853 3400 953 3468 μὲν
981 3399 1082 3471 τὴν
1109 3400 1287 3472 ἀρχὴν
1314 3402 1342 3453 ό
1371 3401 1659 3472 ἅνθρωπος
1692 3400 2030 3461 πέπλασται,

453 3491 620 3555 αὐτὸς
646 3491 876 3561 ὀφείλων
912 3494 1093 3565 ἐαυτῷ
1118 3494 1215 3547 ἐπὶ
1241 3497 1362 3557 ταῖς
1391 3495 1536 3546 κατά
1563 3493 1656 3546 τὸν
1687 3491 1802 3562 βίον
1833 3491 2036 3560 πράξε-

457 3600 547 3635 σιν
577 3586 860 3650 ὲπαρκεῖν.
903 3586 1097 3655 Τρυφὴ
1139 3586 1197 3638 δέ
1234 3586 1683 3656 παρεισπεσοῦσα
1723 3585 1802 3652 τῷ
1849 3583 1967 3653 βίῳ,
1998 3583 2034 3654 ἢ

458 3678 554 3727 καὶ
572 3675 748 3738 ἄλλως
775 3676 1009 3746 νωθρεία
1027 3693 1113 3739 τις
1137 3679 1195 3730 ἐν
1219 3680 1332 3740 τοῖς
1352 3678 1646 3746 πρακτέοις
1668 3677 1760 3729 καὶ
1783 3676 2038 3729 ἀνάπτω-

463 3783 572 3829 σις,
608 3767 666 3818 τὸ
697 3767 800 3836 τῆς
831 3767 1048 3835 θητείας
1074 3767 1242 3837 ὄνομα
1269 3770 1667 3837 παρεισήγαγεο
1703 3766 1769 3819 δι’
1793 3760 1853 3820 οῦ
1876 3767 2039 3834 ἡμεῖς

372 3852 375 3854 ’
461 3859 566 3928 ,μὲν
595 3859 1055 3920 ἀναπεπτωκότες
1079 3859 1312 3928 ἡσυχίαν
1343 3859 1568 3928 ἄγομεν,
1603 3859 1652 3910 of
1680 3855 2040 3927 μισθαρνοῦν-

464 3967 554 4013 τες
607 3949 652 4000 δ’
683 3950 800 4002 ἀνθ’
828 3950 988 4020 ήμῶν
1033 3942 1212 4002 εἷλκον
1247 3950 1345 4020 τὴν
1393 3949 1712 4019 ἀθλιότητα.
1775 3949 1929 4000 Ἐπεὶ
1982 3946 2040 4000 δέ

466 4043 644 4105 καλῶς
675 4041 822 4109 ἔδοξε
855 4043 924 4095 τά
955 4042 1262 4112 πράγματα
1310 4041 1478 4112 ἔχειν,
1533 4043 1630 4095 καὶ
1676 4041 1735 4114 τό
1788 4039 2041 4111 θητεύειν

467 4136 781 4206 φερεπόνως
808 4134 951 4204 ἔχειν
991 4136 1142 4204 ημᾶς
1171 4133 1366 4199 ἐποίει,
1397 4134 1767 4204 μηχανώμεθα
1799 4133 1891 4186 καὶ
1917 4133 2041 4186 δου-

471 4231 643 4294 λείαν,
670 4229 746 4291 ὼς
777 4226 845 4280 ἂν
880 4227 1098 4296 ἔχοιμεν
1123 4226 1184 4278 τὸ
1213 4225 1464 4295 θητεύειν
1492 4225 1730 4278 αἰώνιον.
1755 4225 1910 4276 Ἔστι
1932 4224 2042 4293 γὰρ

474 4328 506 4391 ἠ
536 4321 754 4375 δουλεία
789 4319 979 4390 θητεία
1011 4333 1094 4379 τις
1129 4315 1360 4386 ἄμισθός
1407 4332 1467 4366 τε
1523 4315 1618 4368 καὶ
1665 4313 2042 4382 πολυχρόνιος.

475 4412 783 4466 Κάντεῦθεν
821 4411 881 4463 τὸ
920 4407 1013 4462 τοῦ
1055 4407 1328 4460 δουλεύειν
1359 4409 1442 4469 εἰς
1475 4407 1566 4458 τόν
1598 4405 1710 4474 βίον
1743 4404 2044 4473 παρεισερ-

2119 1915 2316 1968 ἐθέλων
2369 1915 2694 1985 δικαιοτάτῳ
2745 1917 2838 1968 καὶ
2892 1915 3137 1984 θεοφιλεῖ
3189 1916 3332 1970 οὕτω
3385 1917 3656 1986 θελήματι
3686 1934 3705 1950 ο

2118 2007 2256 2075 ὅπερ
2285 2005 2375 2059 διὰ
2415 2005 2637 2060 πλείονα
2686 2005 2982 2076 βεϐαίωσιν
3033 2007 3128 2059 καὶ
3159 2005 3237 2076 τῷ
3281 2007 3414 2078 ίερῷ
3449 2007 3704 2080 ἐκδικείῳ

2119 2096 2517 2165 ἐμφανισθῆναι
2565 2096 2836 2167 ἠθέλησα,
2881 2096 2956 2160 ὡς
2996 2095 3064 2150 ἂν
3115 2095 3302 2150 αὐτόθι
3363 2098 3704 2166 ἐπιγνωσθὲν

2121 2191 2201 2250 είς
2250 2188 2529 2257 ἐκδίκησιν
2560 2192 2675 2254 τοῖς
2726 2192 2882 2260 ἐμοῖς
2912 2190 3203 2258 γενήσεται
3241 2189 3471 2254 δούλοις,
3515 2191 3593 2261 τῷ
3637 2208 3700 2244 τε

2121 2280 2270 2333 δεῖνα
2303 2279 2397 2334 καὶ
2425 2279 2592 2345 δεῖνα,
2639 2281 2693 2333 εί
2738 2282 2870 2334 ποτέ
2918 2299 3003 2347 τις
3043 2283 3206 2352 τυχὸν
3259 2281 3398 2353 μετά
3442 2283 3532 2336 τόν
3569 2285 3705 2353 ἐμὸν

2123 2373 2358 2427 θάνατον
2396 2375 2462 2444 τῇ
2499 2373 2677 2428 αὐτῶν
2709 2373 2998 2445 ἐλευθερίᾳ
3021 2372 3272 2446 ἐμποδὼν
3303 2374 3558 2443 γενέσθαι
3581 2376 3706 2444 βού-

2126 2475 2184 2516 Αο
2191 2481 2292 2518 ιτο.

2852 2559 2980 2615 ΚΖ¹.

2197 2651 2312 2705 Οὐκ
2346 2647 2524 2719 εἷπον,
2579 2655 2676 2706 καὶ
2735 2653 2846 2708 ἰδοὺ
2882 2655 3221 2712 τετέλεσται.
3258 2657 3584 2711 Τετέλεσται
3612 2657 3667 2710 δέ
3689 2699 3707 2725 ,

2128 2744 2228 2813 ούχ
2269 2745 2463 2815 ὅτιπερ
2526 2741 2678 2798 εἷπον
2713 2746 2814 2817 (μὴ
2846 2747 2992 2801 οὕτω
3042 2749 3294 2820 μανείην,
3343 2749 3421 2812 ὡς
3453 2751 3549 2803 καὶ
3595 2753 3711 2811 τοῖς

2129 2835 2284 2903 ἐμοῖς
2318 2835 2498 2904 λόγοις
2552 2836 2763 2890 οίεσθαι
2818 2839 2939 2891 κατ’
3005 2839 3148 2910 ίχνος
3209 2842 3590 2911 συνεκτρέχειν
3643 2844 3712 2894 τὰ.

2131 2924 2486 2997 πράγματα)’
2519 2928 2636 2981 ἀλλ’
2663 2928 2770 2999 ἔχω
2799 2929 2990 2998 μαθὼν
3016 2934 3084 3003 τῇ
3118 2933 3286 3002 συχνῇ
3312 2933 3478 3003 πείρα
3497 2935 3566 2987 τὰ
3589 2933 3711 2987 κατ’

2131 3018 2250 3087 ἐμὲ,
2307 3021 2401 3072 καὶ
2451 3019 2698 3082 μάντεων
2745 3021 3049 3094 ὑπέρτερον
3081 3024 3300 3092 φθάνων
3331 3025 3474 3080 αύτά
3506 3039 3713 3096 προση-

2139 3109 2421 3180 μαίνομαι.
2450 3112 2592 3175 Χθές
2620 3113 2770 3181 κῦμα
2801 3115 3007 3184 κωφὸν,
3045 3117 3198 3187 ήτῆς
3223 3117 3378 3172 νόσου
3407 3135 3499 3188 μοι
3528 3120 3711 3190 πλημ-

2055 3176 2101 3239 C
2137 3176 2647 3272 ﬁuplcvﬁvsadleue,
2697 3176 2877 3274 λιγέος
2898 3176 3135 3275 ’ἀνέμου
3154 3176 3328 3272 ’τινὸς
3359 3176 3715 3280 ἐκδεχόμεῦον

2133 3295 2412 3349 κέλευθον·
2443 3299 2686 3366 σήμερον
2717 3299 3040 3372 κατεῤῥάγη
3068 3301 3129 3355 τὸ
3150 3301 3390 3372 πνεῦμα,
3413 3304 3510 3356 καὶ
3530 3303 3715 3357 οὐκέτι

2134 3382 2286 3452 κῦμα
2313 3386 2520 3452 κωφὸν,
2553 3387 2690 3441 ἀλλὰ
2733 3389 2874 3460 βαρὺ
2909 3389 3134 3459 βρέμον,
3183 3389 3283 3463 τὴν
3320 3392 3466 3462 ἐμὴν
3512 3394 3715 3463 ταύτην

2135 3475 2385 3544 ἐκμαίνει
2433 3476 2526 3529 τοῦ
2575 3480 2852 3550 κατάρρου
2887 3480 3185 3535 θάλασσαν.
3239 3482 3382 3546 Χθές
3427 3483 3598 3554 λεπτή
3630 3500 3716 3547 τις

2137 3566 2434 3636 ύπέτρεχεν
2463 3569 2711 3637 ἐπιφρὶξ,
2739 3569 2830 3636 ὑφ’
2855 3563 2923 3640 ἦς
2945 3571 3129 3639 ἡρέμα
3153 3570 3214 3622 τὸ
3237 3571 3332 3624 τοῦ
3353 3572 3528 3643 χυμοῦ
3555 3572 3719 3642 βάθος

2138 3659 2447 3729 ἐπόρφυρεν
2476 3658 2764 3729 ἐπιπολῆς·
2785 3663 3028 3731 σήμερον
3055 3662 3208 3715 όλοδν
3233 3665 3505 3734 ἐγείρεται
3539 3666 3716 3735 κῦμα,

2139 3748 2272 3802 αὐτὸ
2320 3749 2422 3818 μὲν
2465 3747 2661 3801 οὔκουν
2690 3751 2910 3820 κυρτὸν,
2943 3754 3092 3822 ἡμᾶς
3125 3753 3183 3805 δέ
3229 3754 3330 3823 τῆς
3361 3754 3528 3826 ὀρθῆς
3562 3773 3720 3828 περι-

2141 3843 2326 3898 κινοῦν
2359 3847 2622 3912 στάσεως,
2647 3849 2742 3900 καὶ
2772 3848 2954 3901 κλῖνον
2983 3851 3077 3902 ἐπὶ
3109 3853 3374 3922 κεφαλήν.
3418 3852 3508 3904 Ἐν
3533 3870 3722 3924 προοι-

2145 3937 2288 4006 μίοις
2316 3939 2348 4007 ἠ
2379 3938 2534 4002 νόσος
2562 3939 2806 4010 ἔναγχος,
2843 3942 2938 3995 καὶ
2965 3944 3117 4014 παρὰ
3149 3945 3317 4008 πόδας
3346 3945 3375 3998 ό
3405 3945 3576 4014 ἀγών·
3607 3950 3720 4007 τοῖς

2144 4031 2458 4101 προοιμίοις
2508 4033 2794 4102 ἀναλογῶν
2843 4029 2955 4089 οἷον
2997 4036 3161 4107 νέφος
3205 4039 3384 4092 ἐκεῖνο
3425 4043 3492 4110 τῇ
3531 4056 3720 4110 προτε-

2147 4120 2295 4190 ραίᾳ,
2327 4120 2503 4193 βραχὺ
2543 4123 2641 4194 τὴν
2670 4123 2976 4191 διάστασιν,
3009 4128 3072 4180 οὐ
3119 4129 3268 4200 παχὺ
3304 4129 3404 4200 τὴν
3439 4129 3722 4184 σύστασιν*

2143 4211 2280 4264 ἀλλά
2311 4213 2404 4265 τὸν
2431 4215 2693 4283 ἐκνεφίαν
2728 4216 2861 4284 ἡμῖν
2906 4211 3020 4271 οἷον
3059 4219 3432 4288 ἐξεφύσησεν,
3465 4220 3602 4272 ἀλλά
3631 4221 3724 4274 τὸν

2145 4305 2392 4373 χειμῶνα
2428 4306 2661 4374 πηλίκον
2689 4307 3008 4378 ἐξέρρηξεν.
3045 4310 3138 4371 Et;
3163 4310 3216 4362 τί
3245 4327 3338 4380 μοι
3358 4309 3562 4379 ταῦτα;
3594 4313 3725 4365 Κεί-

2149 4395 2294 4464 μεθα
2329 4396 2632 4461 νοσοῦντες,
2659 4399 2894 4452 αὐθέντα
2927 4401 3202 4471 Κομνηνέ,
3240 4402 3441 4470 μικροῦ
3493 4405 3727 4475 σπινθῆ-

474 4508 578 4577 ρύη
611 4504 804 4570 κακὸν,
857 4503 1020 4571 φύσει
1071 4500 1172 4570 μέν
1220 4498 1608 4567 ἀγνοούμενον,
1657 4495 1942 4565 πλεονεξίᾳ
1982 4494 2040 4546 δὲ
2072 4512 2117 4568 ο
2150 4501 2244 4553 ρος
2277 4486 2486 4577 ἐκείνου
2521 4488 2789 4557 μεγίστην
2821 4491 2954 4558 ήμῖν
2998 4492 3180 4560 πυρὰν
3215 4491 3597 4562 ὑπανάψαντος
3626 4513 3728 4548 πυ-

471 4598 789 4670 ἀνθρωπίνῃ
835 4592 1200 4664 παρευρεθέν.
1232 4590 1342 4644 Ἦν
1393 4590 1460 4644 ἂν
1521 4588 1614 4643 οὖν
1640 4589 1876 4660 ἀρέσκον
1925 4585 2044 4655 Θεῷ

474 4695 536 4744 τὸ
572 4691 672 4758 τῆς
700 4688 939 4750 δουλείας
965 4688 1045 4749 είς
1077 4686 1176 4754 τὴν
1224 4684 1457 4753 ἀρχαίαν
1487 4681 1801 4751 ἐλευθερίαν
1829 4681 2046 4734 ἀποκαέ

476 4782 687 4853 θιστᾷν,
722 4781 818 4834 καὶ
846 4779 907 4833 τὸ
935 4779 1035 4848 τῆς
1062 4776 1374 4841 πλεονεξίας
1415 4776 1723 4844 ἁμάρτημα
1752 4769 2049 4824 ἐπανισοῦν

475 4876 676 4943 φυσικῇ
709 4872 1053 4942 ἀδελφότητι.
1085 4871 1195 4924 Καὶ
1223 4872 1330 4938 γάρ
1353 4869 1452 4922 οὐκ
1478 4869 1544 4922 ἂν
1572 4865 1905 4954 συγγνώμης
1926 4865 2051 4954 νείη-

477 4982 577 5034 μεν
596 4964 757 5030 ἄξιοι,
779 4968 826 5018 εί
856 4964 988 5027 Θεδς
1022 4963 1122 5034 μὲν
1144 4965 1176 5018 ό
1200 4961 1364 5030 φύσει
1385 4960 1662 5029 Δεσπότης
1681 4957 1808 5020 τοὺς
1826 4953 2048 5017 δούλους

478 5059 624 5128 ἡμᾶς
653 5057 848 5125 ἀνάγει
871 5056 1005 5124 πρὸς
1033 5055 1392 5124 ἀδελφότητα,
1430 5053 1524 5105 καὶ
1558 5049 1744 5103 καλεῖν
1781 5047 2050 5116 ἀδελφοὺς

474 5152 575 5202 οὐκ
605 5148 849 5213 ἀπαξιοῖ*
906 5149 1072 5217 ήμεῖς
1127 5147 1185 5199 δὲ
1228 5147 1354 5208 τοὺς
1404 5143 1670 5212 ἀδελφοὺς
1709 5143 1774 5194 ἐκ
1805 5139 1900 5193 τοῦ
1950 5137 2051 5206 τῆς

481 5242 724 5308 ἰσότητος
796 5237 962 5306 ὕψους
1019 5238 1098 5300 εἰς
1145 5235 1388 5300 δουλείας
1449 5233 1722 5306 βάραθρον
1785 5230 2049 5298 κατάγειν

479 5332 754 5402 ἐθέλομεν.
789 5329 976 5385 Ταῦτα
1025 5327 1122 5382 καὶ
1151 5328 1312 5390 αὐτὸς
1363 5326 1736 5396 ἐννοούμενος,
1785 5326 1856 5377 τά
1909 5322 2052 5376 κατά

476 5425 801 5479 ἀκολουθίαν
826 5420 1134 5492 ἀνθρώποις
1167 5419 1371 5490 συνήθη
1395 5420 1489 5472 καὶ
1515 5419 1693 5489 χρόνῳ
1717 5415 1896 5486 πολλῷ
1916 5422 2076 5484 κρα·’

477 5515 768 5568 τυνθεῖσαν
825 5511 1180 5583 περιελθόντα
1239 5527 1330 5579 μοι
1377 5507 1623 5577 ψυχάρια
1664 5505 1845 5578 [ἐλεῶ.
1887 5502 1947 5575 ἃ]
1996 5506 2054 5556 ἐν

478 5609 630 5676 αὐτῷ
664 5605 741 5675 τῷ
773 5605 951 5676 χρόνῳ
980 5604 1078 5674 τῆς
1121 5602 1368 5664 δουλείας
1397 5601 1608 5670 ἐτεροῖα
1649 5599 1757 5652 τῶν
1796 5597 1918 5650 κατ’
1951 5595 2054 5665 ἐμὲ

478 5701 649 5768 τύχης
679 5697 985 5764 ἐλογίζοντο
1013 5697 1197 5765 (φύσει
1233 5693 1340 5762 γάρ
1383 5692 1672 5759 ἐλεύθερον
1715 5689 1855 5756 ζῶον
1907 5689 2055 5751 ἄπας

481 5792 813 5862 άνθριυπός)ο
854 5790 947 5841 καὶ
980 5789 1147 5841 ὁπότε
1189 5789 1289 5856 τὴν
1335 5783 1457 5838 καθ’
1490 5785 1640 5854 ἡμᾶς
1675 5783 1820 5856 ζωὴν
1853 5781 2055 5838 ἀποθέ-

819 5885 1090 5947 ΡΑΤιιοι..
1128 5887 1245 5948 Gn.
1281 5879 1616 5946 CXXXVI.

2148 4576 2326 4645 ρετοῦ.
2365 4575 2578 4630 Οὔκουν
2635 4577 2752 4630 ἐστι
2782 4579 3055 4650 τολμῆσαι
3104 4580 3204 4651 τὴν
3236 4582 3614 4654 μετακίνησιν,
3651 4585 3730 4654 μὴ

2147 4671 2242 4723 καὶ
2271 4670 2534 4740 λάθοιμεν
2589 4669 2687 4724 τοῦ
2726 4671 2901 4725 κακοῦ
2958 4672 3284 4741 μεταδόντες
3337 4676 3448 4735 τοῖς
3488 4692 3729 4744 προστυ-

2148 4759 2326 4831 χοῦσιο
2363 4762 2616 4833 καθάπερ
2667 4763 2827 4832 λόγος
2880 4763 2993 4834 ἔχει
3047 4765 3182 4834 δρᾷν
3232 4765 3325 4818 τὸν
3379 4764 3728 4830 κατώϐλεπα,

2149 4853 2340 4923 θηρίον
2372 4855 2570 4920 ἐκεῖνο,
2627 4848 2688 4908 οὗ
2721 4856 2892 4924 πυρὸς
2924 4856 3202 4927 κρατῆρες
3245 4855 3414 4927 (είποι
3443 4873 3530 4920 τις
3559 4856 3649 4928 ἂν)
3678 4859 3728 4911 οῖ

2148 4945 2441 5016 ὀφθαλμοί·
2475 4946 2526 5002 οἳ
2561 4945 2676 5017 ἅμα
2709 4966 2769 5001 τε
2802 4943 2944 5001 εἶδον
2979 4950 3114 5010 ἀνω,
3148 4949 3241 5002 καὶ
3283 4948 3396 5019 πῦρ
3435 4949 3728 5020 ἠκόντισαν

2149 5036 2184 5106 ἢ
2215 5036 2572 5102 ἐξετόξευσαν
2601 5056 2614 5070 ο
2675 5041 2769 5092 καὶ⁵
2818 5040 2880 5092 τὺ
2931 5040 3235 5111 προστυχὸν
3271 5039 3458 5093 οὐκέτι
3511 5041 3722 5104 ἀκτῖνες

2151 5131 2544 5199 περικέχυνται
2571 5132 2822 5196 όπτικαὶ,
2856 5133 2992 5186 ἀλλὰ
3023 5132 3218 5200 φλόγες
3250 5130 3418 5194 ὀξεῖαι
3450 5131 3720 5201 βάλλουσι·

2152 5222 2246 5273 καὶ
2284 5221 2344 5274 τὸ
2391 5221 2591 5294 βληθὲν
2623 5225 2802 5276 κεῖται
2844 5223 3065 5278 καυθέν.
3112 5221 3567 5292 Ἀναδιδάσκορεν
3614 5217 3728 5284 οὖν,

2153 5314 2300 5378 ὅπως
2327 5314 2439 5384 ἔχει
2469 5319 2536 5367 τά
2575 5316 2698 5370 καθ’
2727 5317 2899 5388 ἡμᾶς,
2931 5318 3022 5368 τὸν
3050 5315 3140 5369 διὰ
3165 5317 3227 5370 τὸ
3257 5316 3419 5384 φύσει
3447 5315 3611 5370 καλόν
3633 5313 3730 5368 τοῦ

2153 5405 2356 5476 τρόπου
2393 5406 2490 5458 καὶ
2524 5407 2586 5459 τὸ
2613 5406 2711 5476 τῆς
2739 5406 2938 5476 ψυχῆς,
2976 5404 3180 5474 μᾶλλον
3212 5405 3313 5473 μὲν
3340 5399 3433 5458 οὖν
3457 5403 3520 5456 τὸ
3552 5403 3732 5454 πάντα

2154 5500 2372 5562 πάντως
2401 5498 2580 5552 καὶτὸ
2610 5499 2874 5552 πάντοθεν
2903 5497 3152 5566 εὐγενὲς,
3183 5499 3240 5550 ἐν
3272 5497 3416 5564 λόγῳ
3444 5494 3734 5564 τιθέμενον

2155 5595 2228 5648 τὰ
2260 5595 2379 5648 καθ’
2404 5594 2575 5665 ἡμᾶς.

2882 5685 3016 5738 KH'.

2231 5779 2346 5835 Οὐκ
2394 5779 2482 5847 εἰς
2537 5777 2768 5849 πλῆθος
2819 5778 2879 5833 τὸ
2930 5778 3129 5849 δῶρον,
3175 5772 3414 5829 αὑθέντα
3457 5771 3735 5843 Κομνηνί.
