4062 6442
348 310 481 372 1291

1787 315 2148 378 ADDENDA

3487 321 3633 386 1292

343 426 522 498 Ἐρεῖς
553 425 602 480 δ’
631 427 699 482 ἂν
733 425 898 491 αὐτὸς
927 427 1114 498 τυχὸν,
1145 428 1220 492 ώς
1265 429 1352 494 εὶς
1381 426 1642 496 πλῆθος.
1684 430 1791 481 Καὶ
1825 447 1924 482 κα·-
1953 443 1994 497 Α
2025 429 2324 503 ὀλιγώρους
2352 430 2409 484 δὲ
2442 430 2661 496 πάντως
2708 431 2790 486 ότι
2851 431 3094 502 μάλιστα
3150 433 3249 487 καὶ
3301 438 3636 504 μικροφιεῖς

329 518 434 582 λῶς
472 519 646 590 ἐρεῖς.
677 519 788 572 Καὶ
818 517 981 572 τοῦτό
1010 536 1073 587 γε
1108 519 1328 582 πάντως
1367 519 1400 588 ἦ
1435 523 1703 587 σορίσειτ,
1743 521 1774 592 ἢ
1817 539 1914 574 κα-

328 615 601 683 τασοφίσῃ
654 613 716 666 οἳ]
783 611 874 664 τὸν
922 611 1265 665 διδάσκαλον.
1313 611 1561 682 Τάλαρος
1607 614 1714 682 γὰρ
1756 605 1914 676 οῦτνις

329 698 434 768 εἷς,
486 705 742 774 δεύτερος
795 705 1027 770 ἐκεῖνος,
1064 705 1250 776 τρίτος
1299 704 1496 768 ἄλλοςο
1541 707 1688 773 τρεῖς
1744 705 1913 762 οὗτοι,

329 797 444 851 Καὶ
475 798 682 868 πλῆθος
715 798 848 854 ίδού.
891 798 948 852 ’0
999 796 1106 868 γάρ
1156 799 1292 866 τρία
1331 797 1365 869 ἢ
1415 797 1654 868 πλήθους
1689 797 1912 870 ἀρχὴ,ἢ

330 890 573 961 πλήθους
609 890 852 959 πυθμήν.
885 893 991 958 Είς
1016 890 1253 960 πλῆθος
1287 890 1385 958 μὲν
1414 885 1508 945 οῦν
1535 890 1624 944 διὰ
1646 890 1822 944 ταῦτα
1855 891 1917 944 τὸ

331 981 506 1051 δῶρον
538 982 1010 1052 μεταϐαλλόμενος
1040 983 1129 1036 διὰ
1161 982 1262 1052 τὴν
1304 981 1402 1054 σὴν
1430 981 1774 1052 σοφιστικὴν,
1805 981 1917 1049 ἐρῶ

331 1077 427 1129 καὶ
475 1075 672 1138 αὐτός’
727 1075 924 1129 οὔκουν
979 1076 1038 1129 δὲ
1097 1077 1192 1129 καὶ
1250 1078 1341 1140 είς
1392 1075 1782 1143 πληθυσμόν.
1827 1074 1918 1126 Ἐν

335 1165 638 1238 μετοπώρῳ
670 1167 778 1236 γάρ
824 1165 886 1219 ού
926 1168 1089 1235 μόνον
1117 1169 1330 1231 καινὸν,
1373 1167 1469 1220 ἐὰν
1501 1167 1598 1238 (ὡς
1639 1168 1673 1236 ἡ
1718 1183 1916 1236 παροι-

336 1258 458 1330 μία)
499 1259 660 1321 ἄνθος
713 1260 952 1330 άναφυῇ,
1007 1259 1140 1312 ἀλλὰ
1190 1261 1284 1314 καὶ
1341 1261 1437 1313 ἐὰν
1502 1258 1625 1312 κατ’
1653 1259 1920 1328 Αἰσχύλον

333 1351 665 1423 ἀρτίδροπος
693 1353 886 1423 ὀπώρα
909 1353 1180 1417 νεάζουσα
1205 1353 1478 1425 τρυγηθῇ.
1514 1353 1669 1416 Τυὺςι
1694 1353 1792 1422 μὲν
1827 1351 1920 1406 οῦν

335 1444 562 1508 σικύους
619 1443 844 1507 τούτους
905 1446 1078 1513 σιγῶ·
1141 1446 1236 1498 καὶ
1287 1444 1350 1498 ού
1414 1445 1582 1514 λέγω,
1643 1443 1769 1498 οὔτε
1826 1444 1922 1497 ἐὰν

335 1535 677 1606 σπερματίαι
727 1536 821 1589 καὶ
852 1539 966 1600 τοῖς
997 1536 1265 1609 χρῄζουσι
1297 1539 1498 1606 φαγεῖν
1529 1537 1749 1606 ἀγαθοὶ,
1791 1536 1920 1592 οῦτε

335 1629 434 1683 ἐὰν
491 1629 555 1682 τὸ
607 1630 842 1699 πράσιον
891 1631 1196 1700 ἀκραιφνὲς
1251 1629 1468 1693 σώζωσι
1521 1630 1756 1700 χρῶμα’
1803 1631 1922 1684 ἀλλ’

334 1720 517 1774 ούδέί
551 1721 875 1790 φρίσσουσιν
918 1720 1212 1791 ὀξυκόμοις
1242 1719 1532 1786 ἀκάνθαις,
1575 1722 1738 1774 ὀποῖα
1767 1719 1922 1789 δορυ-

2025 525 2123 592 τὴν
2153 523 2368 593 ψυχήνο
2401 523 2451 577 οἳ
2489 523 2840 592 παραστάται
2867 523 2936 576 τὰ
2962 525 3043 586 είς
3088 523 3272 592 φιλίαν
3297 525 3471 588 ὀντες,
3509 521 3634 579 εἶτα

2027 613 2224 679 μικρόν
2272 631 2326 667 τι
2376 613 2737 667 διαλιπόντων
2792 613 2954 683 ἡμῶν
3009 614 3106 668 καὶ
3154 616 3638 686 ἀποστρεψάντων

2026 705 2262 775 ἀλλαχοῦ
2297 706 2398 774 τὴν
2451 707 2602 770 θέαν,
2631 705 2999 777 ἡφαντώθητε
3047 708 3513 778 δυσχεράναντες,
3546 711 3636 764 ὅτι

2028 798 2104 866 μὴ
2133 797 2258 859 τοὺς
2287 797 2604 868 ὀφθαλμοὺς
2635 797 2723 866 ἐφ’
2749 798 2896 866 ὑμᾶς
2928 799 3128 867 μόνους
3150 801 3633 870 ὲπεστηρίξαμεν,

2025 885 2071 943 ὦ
2123 888 2408 960 ἄνθρωποι
2443 890 2736 958 ἀξιόλογοι.
2771 890 2838 945 Τί
2895 891 2954 944 δὲ
3007 891 3070 945 οὑ
3127 893 3396 962 στρεπτδς
3431 897 3460 947 ό
3499 894 3635 964 τρά-

2026 983 2212 1054 χηλος,
2235 984 2311 1046 ώς
2333 979 2434 1038 ὧδε
2464 986 2560 1038 καὶ
2583 984 2702 1037 ἐκεῖ
2728 985 3204 1054 μεταστρέφεσθαι
3226 1003 3241 1052 ;
3279 985 3636 1056 Ὁφθαλμοὶς

2024 1078 2081 1128 δὲ
2115 1076 2167 1128 τί
2216 1094 2346 1130 ποτε
2398 1079 2430 1145 ἡ
2483 1075 2646 1146 φύσις
2695 1076 2828 1146 ἡμῖν
2865 1075 2962 1130 δύο
3001 1078 3422 1148 ἀπεκλήρωσεν,
3453 1082 3502 1132 εἰ
3554 1082 3637 1151 μὴ

2027 1170 2165 1238 πρὸς
2219 1170 2452 1239 διάφορα
2502 1168 2752 1239 μερίζειν
2787 1169 2888 1238 τὴν
2941 1169 3072 1223 θέαν
3122 1170 3450 1240 ἐμέλλομεν,
3492 1173 3638 1224 ἀλλὰ,

2028 1264 2165 1331 πρὸς
2205 1263 2265 1315 ἓν
2297 1281 2348 1316 τι
2380 1261 2696 1333 άπερείδειν
2728 1263 2815 1315 ἀεὶ
2853 1263 2951 1327 τὰς
2979 1263 3089 1316 τῶν
3117 1263 3391 1333 ὀμμάτων
3424 1265 3638 1333 βολά;;

2027 1355 2094 1408 Τί
2132 1355 2191 1408 δὲ
2232 1355 2307 1425 μὴ
2347 1355 2442 1410 καὶ
2486 1356 2614 1418 τοὺς
2645 1355 2814 1418 πόδας
2842 1354 3068 1420 ἀξιοῦτε
3120 1356 3427 1425 στηρίζειν,
3461 1358 3494 1428 ἦ
3529 1360 3634 1410 καὶ

2028 1447 2109 1508 εἰς
2142 1445 2274 1517 μίαν
2308 1446 2429 1500 τινὰ
2461 1446 2578 1500 ὁδὸν
2608 1447 3010 1515 ύποτείνεσθαι,
3040 1451 3135 1502 καὶ
3175 1449 3246 1501 δι’
3296 1451 3468 1516 αὐτῆς
3497 1453 3634 1502 ἁνα-
3729 1447 3734 1450 ’

2029 1539 2305 1609 κάμπτειν
2351 1540 2648 1610 διηνεκῶςς
2679 1542 2815 1607 Ἀγε
2861 1541 2926 1611 δὴ
2967 1542 3063 1595 καὶ
3116 1543 3214 1604 τὰς
3269 1547 3462 1612 χεῖρας
3517 1545 3632 1596 τῶν

2027 1631 2305 1702 διαφόρων
2361 1631 2616 1702 ἐπίσχετε
2665 1631 2944 1702 πράξεων,
2977 1635 3071 1686 καὶ
3130 1631 3192 1686 τὸ
3245 1633 3632 1704 πολύχρηστον

2027 1723 2259 1789 ὄργανον
2317 1723 2398 1785 είς
2465 1723 2871 1792 μονοχρηστίαν
2934 1723 3058 1776 τινὰ
3115 1726 3510 1792 περιστήσατε.
3545 1713 3627 1777 ἸΙ

335 1811 536 1882 φόρους
587 1813 700 1874 τοῖς
751 1811 1058 1876 ἐπιϐούλοις
1115 1813 1286 1876 αὐτὰς
1337 1813 1798 1884 προϐαλλόμενοι.
1841 1813 1917 1866 Ού
1949 1812 2134 1896 Βγὰρ
2167 1810 2227 1864 οὐ
2260 1810 2492 1866 τοιαῦτα
2547 1812 3055 1883 καταμηχανᾶσθαι
3103 1813 3205 1882 τῆς
3259 1815 3475 1882 φύσεως
3532 1815 3630 1865 θέ-

339 1903 447 1974 μὴν
476 1903 591 1958 ἀλλ’
632 1905 754 1958 οὐδὲ
811 1905 878 1957 τὰ
929 1905 1073 1960 σῦκα
1132 1905 1308 1959 ταῦτα
1355 1904 1629 1975 σεμνύνω,
1669 1905 1775 1958 κᾶν
1821 1903 1919 1959 τοῦ

338 1997 555 2067 μέλιτος
620 1999 1029 2068 παραπτύωσι’
1081 1999 1186 2054 κᾶν
1250 1999 1425 2068 γλυκὺ
1480 1999 1774 2070 σεσηρότα,
1827 2000 1923 2053 καὶ

334 2087 446 2146 οἷόν
492 2109 618 2147 τινα
672 2093 1036 2163 ύπανοίγοντα
1094 2095 1274 2164 χείλη,
1325 2095 1523 2149 ταυτόν
1585 2113 1640 2149 τι
1693 2097 1788 2150 καὶ
1828 2095 1920 2149 τὸν

335 2182 532 2254 θεατὴν
581 2183 672 2236 ἐπ’
700 2185 884 2250 αὐτοῖς
921 2185 1266 2256 προκαλῆται
1319 2187 1572 2255 ποιῆσαι.
1602 2189 1854 2255 Ἔπηλυς
1884 2189 1919 2258 ἡ

331 2278 546 2349 ὀπώρα,
581 2283 673 2331 καὶ
703 2277 802 2348 τῆς
848 2279 990 2350 ἐμῆς
1035 2279 1159 2350 ξένη
1189 2282 1316 2350 γῆς,
1346 2280 1442 2334 καὶ
1476 2280 1578 2333 οὐκ
1622 2280 1882 2350 ἰθαγενής
1903 2296 1919 2312 ·

331 2371 439 2439 ἐμὴ
469 2369 515 2423 δ’
547 2370 718 2440 ὅμως.
752 2369 909 2442 Παρὰ
941 2370 1097 2439 φίλου
1137 2371 1248 2442 γάρ
1298 2387 1392 2441 μοι
1442 2371 1504 2424 τὸ
1556 2371 1730 2440 δῶρον
1758 2389 1773 2404 ·
1807 2370 1920 2440 ἐγὼ

329 2465 376 2518 δ’
414 2463 574 2524 ἄλλος
613 2465 841 2527 ἐκεῖνος.
884 2464 945 2516 '0
997 2463 1054 2516 δέ
1109 2479 1173 2532 γε
1224 2465 1324 2533 τῆς
1371 2464 1651 2531 Περσαίας
1682 2467 1917 2535 καρπὸς,

330 2557 451 2612 ἀλλ’
498 2551 655 2620 οὗτος
693 2555 975 2626 αὐτόχθων
1028 2557 1202 2619 ἐστὶν,
1242 2555 1374 2627 ἐμὸς
1425 2557 1708 2628 αὐτόχθων
1761 2559 1918 2612 ἐστί’

331 2652 582 2720 γέννημα
637 2649 743 2719 γῆς
802 2651 956 2702 ἐστιν
1013 2650 1189 2720 ἐμῆςο
1229 2651 1562 2711 κατοικίδιος
1611 2650 1825 2720 ὀπώρα,
1855 2652 1916 2706 ού

331 2741 785 2814 μεταφορητὴ,ού
813 2741 1024 2794 πολλῶν
1050 2743 1371 2812 πειραθεῖσά
1405 2746 1606 2814 χειρῶν
1629 2760 1643 2774 ⁸
1673 2744 1906 2814 κορίσκη

329 2838 590 2905 σώφρων,
643 2835 769 2905 χθὲς
829 2834 1248 2888 ἀποσπασθεῖσα
1307 2834 1411 2905 τῆς
1479 2835 1706 2906 μητρὸς,
1747 2837 1912 2905 ἀχνυ-

329 2931 503 3001 μένης
550 2926 715 2998 τάχα,
745 2926 827 2981 ὃτι
860 2925 1068 2997 ταύτης
1102 2926 1436 2998 ἐστέρηταιο
1477 2927 1606 2997 ἄρτι
1646 2927 1744 2996 τὴν
1789 2945 1917 2996 τρο-

327 3021 429 3092 φὸν
469 3019 886 3091 παραμείψασα,
925 3019 1050 3090 άρτι
1081 3018 1176 3072 τοῦ
1234 3017 1479 3090 θαλάμου
1536 3019 1869 3088 προκύψασα
1898 3035 1913 3051 °

324 3114 386 3166 ού
443 3112 730 3182 πλανῆτις,
763 3112 864 3164 οὐκ
913 3110 1172 3179 άγοραία,
1219 3110 1281 3163 ού
1339 3109 1604 3180 δημόσιον
1659 3109 1865 3178 ἀγαθόν
1896 3123 1912 3139 ο

2024 1904 2186 1971 λετε;
2217 1899 2297 1958 Ἢ
2351 1904 2490 1974 πρὸς
2546 1906 2746 1973 μόνους
2802 1904 3034 1968 ἑαυτοὺς
3092 1905 3238 1974 ὑμᾶς
3287 1907 3628 1976 ἀπασχολεῖν

2025 1995 2309 2065 βούλεσθε,
2349 1997 2748 2066 τυραννοῦντες
2797 1997 2897 2068 τὴν
2952 1997 3165 2064 λαλιὰν,
3209 1999 3303 2052 καὶ
3354 2001 3518 2069 μόνον
3558 2003 3623 2054 οὐ

2026 2090 2296 2160 βοῶντεςο
2365 2090 2543 2159 Ἡμῖν
2587 2089 2770 2145 λάλει
2823 2090 2928 2144 καὶ
2969 2091 3218 2159 μόνοις·
3274 2092 3374 2145 καί
3425 2092 3456 2145 ὁ
3509 2094 3630 2160 τῆς

2024 2183 2280 2252 Μούσης
2331 2185 2608 2252 κάλαμος
2654 2183 2850 2254 ἀγέτω
2894 2183 3015 2254 μὲν
3076 2184 3198 2239 ἀπὸ
3247 2184 3368 2239 τῶν
3416 2186 3630 2240 ἄλλων

2023 2277 2308 2346 σχολὴν,
2366 2267 2720 2347 ἒμπνεέο-θω
2779 2275 2848 2330 δὲ
2903 2279 2994 2342 εὶς
3049 2277 3254 2345 μόνην
3324 2276 3631 2348 ἡμετέραν

2021 2368 2242 2436 ἀκοήν.
2285 2369 2572 2435 Ἀδικεῖτε,
2627 2367 2804 2423 ταῦτα
2861 2367 3139 2437 λέγοντες,
3186 2369 3246 2423 ού
3304 2373 3470 2441 μόνον
3524 2371 3629 2442 τὴν

2021 2459 2288 2530 ἑταιρίαν,
2339 2459 2475 2514 ἀλλὰ
2531 2459 2597 2529 δὴ
2665 2459 2765 2512 καὶ⁷
2812 2461 3004 2530 ἡμᾶς·
3042 2461 3289 2525 ἐκείνους
3357 2462 3479 2530 μὲν,
3539 2463 3628 2515 ὃτι

2021 2554 2489 2622 ἁπροσφωνήτους
2557 2553 2706 2617 ἐᾶτε,
2748 2545 2831 2618 οἷς
2885 2553 3180 2624 βούλεσθε·
3215 2557 3362 2626 ἡμᾶς
3409 2555 3494 2620 δὲ,
3539 2557 3627 2609 ὅτι

2023 2644 2159 2714 πρὸς
2189 2643 2417 2712 ἀφιλίαν
2452 2643 2665 2698 ἕλκετε.
2710 2645 2772 2700 ΕΞ
2822 2645 2881 2698 δέ
2938 2665 3069 2702 ποτε
3132 2649 3627 2718 προσφωνούμενοι

2021 2737 2115 2788 καὶ
2165 2737 2225 2789 ὲν
2257 2736 2464 2808 ἐτέρων
2516 2737 2780 2804 γραφαῖς,
2817 2735 3228 2808 δυσχεραίνετε,
3261 2742 3354 2794 καὶ
3402 2743 3625 2812 παραρο

2024 2828 2342 2898 ῥιπτεῖσθαι
2377 2828 2653 2899 νομίζετε,
2703 2829 2988 2894 ἀξιοῦντες
3038 2832 3066 2883 ὀ
3121 2832 3332 2886 καθένα
3377 2833 3626 2902 προσλα-

2018 2919 2230 2974 λεῖσθαι
2262 2920 2537 2977 ἰδιαίτατα
2583 2925 2798 2994 γραφῇ,
2834 2923 2916 2975 ὅτι
2950 2922 3045 2976 καὶ
3099 2923 3258 2992 ὑμεῖς
3299 2923 3443 2978 οὔτω
3479 2925 3626 2994 φατὲ

2019 3012 2334 3080 δεξιοῦσθαι
2391 3017 2563 3086 ἡμᾶς,
2598 3015 2717 3070 οὐδ’
2764 3015 3006 3071 ἐνταῦθα
3062 3017 3246 3081 καλῶς
3303 3017 3620 3086 λογίζεσθε.

2021 3105 2304 3174 Σκέψασθε
2337 3109 2446 3178 γὰρ
2478 3109 2538 3163 τὸ
2565 3109 2658 3164 τοῦ
2701 3113 3032 3182 πράγματος
3058 3108 3164 3175 ἔξω
3191 3110 3384 3165 τόπου.
3411 3111 3486 3165 Τὸ
3517 3112 3633 3180 μὲν

327 3205 460 3274 ἐμὸν
508 3201 570 3255 τὸ
622 3201 882 3271 μέλημαο
933 3199 1119 3272 χειρὸς
1175 3201 1317 3271 ἐμῆς
1380 3200 1624 3272 μέλημα.
1680 3201 1985 3272 Καρπδςα
2019 3197 2176 3267 ὑμῶν
2214 3200 2450 3253 ἑκάστου
2498 3202 2639 3272 πρὸς
2689 3202 2787 3256 ἕνα
2846 3204 3067 3274 ἔρχεται
3130 3204 3239 3275 ἰδία
3275 3205 3399 3258 κατ’
3427 3207 3619 3270 αὐτὸν,

325 3285 502 3354 οὗτος,
539 3288 695 3358 ὁρᾷς,
722 3287 894 3353 ὅπως,
925 3289 1016 3341 ὅτε
1049 3288 1161 3351 τοῖς
1202 3289 1527 3358 ὀμογενέσιν
1556 3291 1590 3362 ή
1617 3292 1729 3344 τῶν
1777 3290 1915 3361 φύλ-

325 3381 436 3434 λων
465 3380 738 3450 καταρῤεῖ
783 3377 940 3448 οὔλη,
973 3381 1041 3450 τῇ
1081 3379 1256 3451 λάχνῃ
1286 3379 1454 3444 αὐτὸς
1502 3381 1913 3454 πυκαζόμενος,

329 3471 508 3526 ῐουλον
537 3472 755 3541 πρῶτον
786 3471 1025 3540 ὲκφύων,
1059 3471 1150 3524 ὅτε
1200 3471 1329 3536 τοὺς
1369 3475 1492 3526 κατ’
1522 3475 1687 3528 αὐτὴν
1720 3475 1787 3528 τὸ
1817 3478 1917 3544 γῆ·-

331 3581 430 3636 ρας
453 3563 661 3634 οἴχεται
684 3564 1048 3617 κατασπᾶσαν
1072 3577 1088 3594 ⁶
1123 3563 1353 3630 νεάζων,
1381 3565 1474 3620 ὅτε
1521 3568 1630 3630 πᾶς
1663 3566 1909 3632 τοιοῦτος

327 3657 486 3719 ἄλλος
518 3658 666 3710 ἐστὶν
697 3657 757 3711 ὲν
781 3657 1058 3728 παρακμῇ
1077 3673 1092 3690 ο
1123 3657 1324 3727 μᾶλλον
1360 3657 1462 3728 μὲν
1509 3655 1603 3713 οὖν
1630 3659 1875 3730 οὐδαμοῦ
1896 3679 1912 3695 ·

327 3751 628 3824 ἐνεαρίξων
659 3754 718 3807 ὲν
753 3755 1084 3823 μετοπώρῳ,
1121 3752 1154 3824 ἢ
1195 3753 1509 3826 πρόδρομος
1539 3753 1651 3806 τῶν
1685 3756 1918 3821 λοιπῶν,

327 3847 424 3899 ἐὰν
475 3845 603 3913 άρτι
660 3845 818 3916 παρὰ
871 3847 982 3908 τοῖς
1036 3846 1336 3916 προθύροις
1389 3845 1575 3917 θῶμεν
1626 3840 1771 3900 εῖναι
1817 3845 1915 3900 τοῦ

327 3936 614 3993 ἐνιαυτοῦο
643 3937 678 4008 ἢ
712 3938 806 3990 ἐὰν
849 3938 1013 4000 αὐτὸς
1052 3940 1456 4008 περιπλόμενος
1503 3939 1914 4007 ἐκτετέλεσται,

329 4033 582 4102 ὲπίγονος
621 4027 776 4094 οὗτος
815 4034 1055 4102 καρπὸς,
1101 4030 1326 4099 ἔκγονον
1374 4032 1630 4103 ὀψίγονον
1665 4033 1913 4102 εὐγενὲς,

327 4124 575 4180 ἐνιαυτοῦ
608 4123 906 4194 τηλύγετος
942 4125 1090 4187 παῖς.
1125 4123 1188 4176 El
1225 4123 1285 4177 δέ
1308 4141 1361 4178 τι
1389 4125 1484 4177 καὶ
1510 4123 1686 4192 ψόγου
1720 4125 1919 4196 μικρὸν

327 4217 674 4287 ὲπισύρεται,
716 4215 832 4269 ἀλλ’
864 4217 903 4286 ἡ
939 4215 1176 4285 φυταλιά
1227 4233 1320 4287 μοι
1355 4217 1654 4284 πάγκαλος.
1701 4219 1919 4288 Πρωτο-

327 4313 486 4365 τόκον
541 4310 660 4363 ἐστί
701 4325 794 4378 μοι
841 4309 903 4362 τὸ
956 4309 1213 4377 δένδρον’
1239 4309 1366 4379 ἄρτι
1408 4307 1642 4373 πρώτως
1693 4310 1918 4380 ὀπώρας

331 4405 515 4476 μήτηρ
555 4402 762 4474 ἐκλήθη
787 4417 800 4433 ·
833 4403 960 4473 ἄρτι
1010 4401 1223 4472 καρπὸν
1271 4402 1626 4471 προεϐάλετο.
1662 4398 1789 4457 Οἶον
1823 4404 1918 4460 οῦν

2019 3293 2117 3360 ἐμὲ
2144 3292 2346 3366 δηλαδή
2370 3311 2385 3326 ο
2423 3294 2518 3348 καὶ
2553 3297 2759 3361 πάντες
2811 3297 3204 3368 (τραγῳδικῶς
3241 3299 3444 3369 εἰπεῖν)
3469 3298 3621 3354 ὥστε

2016 3385 2233 3450 τοξόται
2281 3386 2376 3440 τοῦ
2416 3387 2624 3442 σκοποῦ
2682 3389 2820 3459 ἐμοῦ
2879 3390 3439 3461 καταστοχαζόμενοι,
3474 3393 3623 3462 πέμ-

2020 3493 2151 3528 πετε
2201 3477 2303 3539 τὰς
2344 3479 2588 3548 γραφάς.
2647 3479 2710 3533 Et
2764 3479 2824 3533 δὲ
2879 3481 2976 3534 καὶ
3017 3478 3132 3548 ἐγὼ
3190 3483 3329 3552 ⁶πρὸς
3383 3482 3620 3537 ἕκαστον

2017 3568 2260 3637 ἐμαυτὸν
2308 3571 2623 3640 ὲπιμερίσω
2668 3573 2781 3634 τοῖς
2825 3573 3178 3642 γράμμασιν,
3214 3574 3370 3642 ὑμῶν
3411 3573 3482 3629 ἂν
3528 3576 3624 3648 ab;

2021 3661 2291 3730 μετρῆσαι
2326 3661 2424 3714 καὶ
2467 3663 2554 3715 τὸν
2586 3663 2780 3732 καιρὸν
2829 3663 2926 3717 καὶ
2964 3663 3036 3718 τὰ
3091 3665 3424 3735 γράμματα.
3459 3666 3618 3737 Τάχα

2019 3755 2128 3824 γὰρ
2158 3755 2315 3807 οὐδὲν
2353 3754 2483 3808 ἄλλο
2521 3772 2610 3824 μοι
2645 3757 2734 3809 διὰ
2757 3755 2876 3826 βῖου
2906 3756 3069 3828 ἔργον
3113 3757 3295 3825 ἔσται,
3328 3759 3361 3829 ἢ
3392 3761 3619 3829 γραφὰς

2018 3846 2450 3916 διαπέμπεσθαι.
2475 3849 2606 3901 Δότε
2658 3866 2754 3916 μοι
2791 3849 3058 3903 πυθέσθαι
3111 3851 3251 3920 πρὸς
3289 3853 3620 3922 ὁμοιότητας

2020 3937 2204 4009 ἔργον.
2243 3940 2653 4009 Περιεστοιχισέ
2702 3957 2824 3993 τινα
2871 3939 3030 4012 ὄχλος
3065 3941 3218 4009 μάλα
3272 3942 3442 4006 πολύς
3465 3959 3479 3972 ·
3514 3946 3616 3997 καὶ

2021 4031 2199 4086 ἐλάλει
2237 4032 2336 4102 οὐχ
2366 4034 2394 4084 ὀ
2422 4033 2522 4100 μὲν
2541 4031 2722 4098 τοῦτο,
2756 4032 2948 4104 ἔτερος
2985 4033 3042 4088 δέ
3071 4051 3160 4097 τις
3209 4036 3478 4105 ἑτεροῖον,
3513 4038 3620 4090 καὶ

2020 4122 2178 4187 ἄλλος
2227 4113 2512 4184 άλλοζκαὶ
2549 4124 2601 4177 οἱ
2651 4124 2857 4189 πάντες
2909 4126 3184 4195 ἀνόμοια·
3221 4126 3363 4179 ἀλλὰ
3411 4127 3475 4181 τὸ
3519 4127 3620 4180 τοῦ

2020 4215 2183 4285 λόγου
2224 4217 2377 4280 τέλος
2407 4217 2489 4279 είς
2523 4216 2651 4272 νοῦν
2692 4219 2791 4271 ἕνα
2846 4219 3102 4273 ἀπένευε.
3142 4217 3208 4269 Τί
3246 4218 3309 4289 δή
3348 4236 3477 4272 ποτε
3521 4215 3623 4273 οὖν

2021 4314 2052 4366 ό
2076 4312 2321 4370 τοιοῦτος
2345 4313 2636 4384 ἄνθρωπος
2671 4314 2924 4375 ἑκάστοις
2952 4315 3270 4384 ὲπιμερίζει
3298 4313 3391 4369 τὸν
3419 4314 3582 4382 λόγον
3600 4331 3627 4381 ;.

2024 4409 2140 4461 Οὐκ
2171 4403 2349 4477 οἶμαι,
2379 4407 2430 4459 εί
2461 4404 2538 4478 μὴ
2563 4407 2655 4460 τὸν
2690 4407 2974 4476 πνεύμονα
3018 4409 3206 4460 πονεῖν
3241 4404 3466 4459 ἒλοιτοο
3494 4405 3624 4460 ἀλλ’

329 4501 387 4562 ἔς
415 4499 592 4552 νέωτα
649 4496 956 4568 προενέγκῃ
991 4496 1226 4566 καρπὸν,
1257 4495 1508 4549 ἐντεῦθεν
1558 4496 1676 4549 ἐστι
1710 4497 1922 4566 τεκμή-
1951 4494 2011 4558 D
2032 4501 2114 4553 ἑνὶ
2137 4499 2284 4567 λόγῳ
2311 4499 2435 4560 τοὺς
2462 4500 2675 4561 πάντας
2715 4497 3038 4569 ἀμείψεται.
3079 4495 3239 4551 Οὕτω
3288 4499 3386 4550 καὶ
3424 4498 3620 4562 αὐτὸς,

330 4590 552 4662 ρασθαι.
581 4589 742 4657 Δέξαι
775 4589 907 4657 γοῦν
955 4589 1147 4642 τοῦτον
1205 4589 1448 4658 πρῶτον,
1485 4587 1561 4651 ώς
1608 4587 1920 4657 πρωτογέν-

329 4700 502 4754 νημα,
551 4682 627 4744 ώς
677 4679 960 4752 ἀπαρχὴν,
1000 4680 1076 4744 ώς
1121 4679 1320 4751 ἀρχὴν,
1371 4679 1448 4742 ὡς
1503 4679 1799 4740 διαθέσεως
1857 4677 1920 4731 οὐ

332 4776 543 4844 φαύλης
591 4773 868 4828 θαλύσιον.
918 4775 981 4827 Εἰ
1013 4773 1072 4825 δέ
1132 4789 1197 4841 γε
1249 4771 1520 4841 θελήσεις,
1550 4772 1695 4839 ὅπερ
1720 4769 1822 4823 οὐκ
1856 4769 1922 4823 ἂν

333 4866 760 4936 βουλοίμην,τοῦ
792 4867 951 4934 λόγου
983 4863 1568 4927 κατανεανιεύσασθαι,
1587 4862 1922 4932 εὐπορήσεις

335 4959 434 5028 μὲν
494 4959 560 5012 εὖ
615 4953 712 5012 οἷδ’
764 4959 847 5012 ὃτι
899 4959 1088 5030 (πολὺς
1143 4957 1252 5028 γάρ
1314 4973 1397 5010 σοι
1472 4957 1652 5009 ἐπέων
1713 4957 1918 5022 νομός⁶

333 5051 577 5121 στρεπτὴ
608 5051 654 5105 δ’
685 5050 974 5120 ἀνθρώπου
1024 5050 1246 5118 γλῶσσα
1281 5047 1405 5103 καθ’
1446 5048 1722 5118 Ὅμηρον)
1757 5062 1771 5077 ⁶
1809 5045 1928 5114 ἐγὼ

333 5143 391 5196 δὲ
423 5143 623 5210 μᾶλλον
649 5145 717 5196 ἂν
762 5143 1069 5214 ὲνέγκοιμι,
1097 5143 1264 5206 αὐτὸς
1293 5143 1355 5197 οὺ
1386 5140 1572 5206 καλῶς
1617 5139 1855 5206 ἁκούων,
1884 5139 1918 5210 ἢ

333 5233 431 5304 τὴν
487 5234 752 5303 τρόφιμόν
811 5253 912 5306 μου
973 5237 1266 5306 μανθάνων
1327 5233 1555 5305 ὀπώραν
1611 5232 1674 5286 οὐ
1739 5231 1918 5294 καλῶς

334 5323 662 5379 ἀκούουσαν.

1058 5421 1186 5474 ΚΘν.

572 5509 656 5575 Τῷ
687 5510 1000 5577 δισυπάτῳ
1029 5513 1128 5566 καὶ
1156 5511 1238 5580 τῷ
1261 5514 1674 5584 φουρνητὰρῃ.

406 5603 658 5658 Ἀπανθ’
709 5603 742 5657 ὁ
785 5603 1018 5672 μακρὸς
1062 5605 1506 5677 κάναρίθμητος
1541 5608 1789 5676 χρόνος,
1827 5607 1923 5662 καὶ

330 5695 390 5745 τὸ
437 5697 716 5764 ἐχόμενον,
746 5695 822 5758 ώς
877 5694 1048 5763 λόγιοι
1099 5695 1488 5766 ὑφηρπάσατε.
1536 5697 1829 5766 Ἐξέφηνεν
1886 5698 1915 5749 ὀ

333 5786 579 5852 τοιοῦτος
607 5788 702 5842 καὶ
741 5788 920 5858 ὑμᾶς’
959 5788 1062 5866 ούκ
1099 5781 1219 5842 οἶδα
1249 5788 1372 5859 μὲν,
1403 5789 1451 5843 εἰ
1488 5788 1584 5842 καὶ
1631 5788 1879 5858 χείρονας
1903 5799 1918 5816 ⁸

2023 4593 2072 4646 εί
2119 4592 2220 4660 μὲν
2255 4590 2400 4660 ὑμᾶς
2454 4590 2642 4659 ἑώρων
2689 4589 3178 4659 διασκιδναμένους
3221 4592 3299 4653 εἰς
3335 4589 3619 4658 ἑτεροίους

2023 4681 2238 4750 λόγους,
2264 4677 2412 4750 εἶχον
2462 4680 2528 4734 ἂν
2582 4681 2801 4742 πάντως
2851 4682 3125 4749 ἀνάγκην,
3157 4681 3292 4750 πρὸς
3345 4682 3622 4744 ἑκάστους

2027 4772 2134 4843 ἰδίᾳ
2168 4770 2374 4828 λαλεῖν.
2402 4771 2528 4824 ’ὐτι
2557 4770 2616 4824 δέ
2647 4788 2740 4840 μοι
2768 4771 2972 4834 πάντες
3001 4773 3065 4824 τὸ
3097 4770 3233 4824 αὐτὸ
3267 4771 3620 4839 άναφωνεῖτε

2024 4861 2247 4932 (λύπην,
2270 4861 2357 4930 ἐφ’
2395 4859 2476 4925 οἷς
2505 4861 2706 4932 ἄπειμι
2736 4879 2750 4895 ο
2792 4863 2994 4931 χαρὰν,
3017 4862 3115 4914 ἐάν
3145 4861 3275 4915 ποτέ
3309 4879 3376 4931 με
3425 4863 3578 4932 ἴδητε
3601 4880 3618 4895 ο

2025 4953 2451 5023 ὑγείαςέύχὴν,
2501 4953 2597 5008 καὶ
2647 4953 2750 5008 ὅσα
2803 4954 2943 5008 ἄλλα
2971 4953 3065 5007 τοῦ
3119 4956 3339 5024 στοίχου
3366 4954 3615 5018 τούτου),

2023 5047 2387 5117 περικόπτετέ
2428 5065 2520 5117 μοι
2546 5047 2646 5111 τὰς
2671 5047 2873 5110 πολλὰς
2910 5049 3157 5117 γραφὰς,
3189 5049 3283 5102 καὶ
3316 5047 3418 5116 τὴν
3451 5047 3620 5100 πολυ-

2023 5139 2212 5207 λογίαν
2248 5139 2597 5210 συντέμνετε.
2628 5141 2734 5194 Καὶ
2773 5139 2864 5193 διὰ
2895 5139 3069 5192 ταῦτα
3101 5139 3325 5208 συνάγω
3359 5140 3504 5208 ὑμᾶς
3535 5141 3620 5209 τῷ

2023 5232 2166 5301 λόγῳ
2219 5234 2299 5295 εἰς
2347 5232 2438 5284 ἕν’
2487 5235 2584 5286 καὶ
2624 5231 2751 5287 οὕτε
2809 5234 2982 5303 συχνὰ
3010 5234 3231 5304 γράφω,
3258 5233 3381 5286 οὔτε
3417 5232 3617 5299 πολλὰ,

2025 5329 2118 5380 καὶ
2151 5326 2272 5380 οὐδὲ
2322 5326 2460 5396 πρὸς
2513 5326 2801 5389 ἅπανταςο
2845 5329 2943 5382 καὶ
2974 5326 3098 5380 οὐδὲ
3148 5326 3261 5396 ἐχω
3310 5325 3486 5387 άλλως
3537 5329 3622 5378 εί-

2027 5421 2169 5482 πεῖν,
2206 5418 2312 5472 κᾶν
2341 5420 2390 5472 εί
2437 5418 2533 5472 καὶ
2567 5417 2741 5472 πολλὰ
2779 5417 3112 5491 μέμφοισθε.
3143 5415 3431 5488 Σκέψασθε
3476 5418 3613 5488 γὰρ,

2021 5511 2219 5574 ὁπόσος
2257 5527 2343 5574 τις
2395 5512 2635 5582 χαρτίων
2688 5506 3244 5580 ὲπιστοιὸασθήσεται
3310 5509 3611 5578 σφάκελος,

2023 5603 2118 5656 ἐὰν
2143 5603 2480 5656 ἐπιστέλλειν
2511 5605 2624 5666 τοῖς
2661 5603 2863 5656 καθένα
2895 5602 3051 5672 ὑμῶν
3077 5602 3201 5656 ὅσαι
3231 5603 3438 5673 ἡμέραι
3484 5601 3620 5669 βου-

2024 5695 2222 5766 λοίμην
2243 5713 2256 5726 ·
2290 5698 2403 5758 τοῖς
2438 5696 2658 5760 πολλοῖς
2690 5695 2932 5767 Μιχαὴλ,
2963 5696 3080 5759 τοῖς
3112 5695 3394 5758 τοσούτοις
3427 5694 3618 5748 Ἰωάν-

2024 5788 2312 5865 ν-ξιηις,μτοῖς
2347 5786 2672 5855 Βασιλείοις,
2705 5789 2816 5852 τοῖς
2855 5787 3083 5851 λοιποῖς,
3120 5779 3197 5842 ὧν
3241 5788 3309 5840 τὰ
3368 5786 3616 5848 ὀνόματα
