  <div class='ocr_page' id='page_1' title='image "/cluster/home/n/w/nwhite01/storage/ocr_20150623/136/coo.31924054870419/653.png"; bbox 0 0 4062 6408; ppageno 0'>
   <div class='ocr_carea' id='block_1_1' title="bbox 399 410 3695 504">
    <p class='ocr_par' dir='ltr' id='par_1_1' title="bbox 399 410 3695 504">
     <span class='ocr_line' id='line_1_1' title="bbox 399 410 3695 504; baseline -0.001 -24"><span class='ocrx_word' id='word_1_1' title='bbox 399 440 536 504; x_wconf 50' lang='lat'>1295</span> <span class='ocrx_word' id='word_1_2' title='bbox 1840 417 2200 481; x_wconf 77' lang='lat' dir='ltr'>ADDENDA</span> <span class='ocrx_word' id='word_1_3' title='bbox 3535 410 3695 477; x_wconf 60' lang='lat'>1295</span> 
     </span>
    </p>
   </div>
   <div class='ocr_carea' id='block_1_2' title="bbox 397 527 3685 619">
    <p class='ocr_par' dir='ltr' id='par_1_2' title="bbox 397 527 3685 619">
     <span class='ocr_line' id='line_1_2' title="bbox 397 527 3685 619; baseline -0.008 -12"><span class='ocrx_word' id='word_1_4' title='bbox 397 555 596 615; x_wconf 87' lang='grc' dir='ltr'>ποιεῖς·</span> <span class='ocrx_word' id='word_1_5' title='bbox 626 550 660 619; x_wconf 80' lang='grc' dir='ltr'>ἢ</span> <span class='ocrx_word' id='word_1_6' title='bbox 689 547 916 618; x_wconf 83' lang='grc' dir='ltr'>γράφων</span> <span class='ocrx_word' id='word_1_7' title='bbox 962 540 1263 612; x_wconf 86' lang='grc' dir='ltr'>ἀμνηστεῖς</span> <span class='ocrx_word' id='word_1_8' title='bbox 1289 537 1384 594; x_wconf 83' lang='grc' dir='ltr'>τοῦ</span> <span class='ocrx_word' id='word_1_9' title='bbox 1415 535 1846 602; x_wconf 76' lang='grc' dir='ltr'>Θεσσαλονίκηςο</span> <span class='ocrx_word' id='word_1_10' title='bbox 1881 533 1978 586; x_wconf 76' lang='grc' dir='ltr'>καὶ</span> <span class='ocrx_word' id='word_1_11' title='bbox 2008 541 2050 594; x_wconf 77' lang='grc' dir='ltr'>Α</span> <span class='ocrx_word' id='word_1_12' title='bbox 2077 533 2264 594; x_wconf 87' lang='grc' dir='ltr'>τάτοις</span> <span class='ocrx_word' id='word_1_13' title='bbox 2292 530 2584 593; x_wconf 77' lang='grc' dir='ltr'>δεσπόταις</span> <span class='ocrx_word' id='word_1_14' title='bbox 2622 546 2748 599; x_wconf 89' lang='grc' dir='ltr'>μου,</span> <span class='ocrx_word' id='word_1_15' title='bbox 2777 531 2856 599; x_wconf 78' lang='grc' dir='ltr'>τῷ</span> <span class='ocrx_word' id='word_1_16' title='bbox 2886 529 3021 582; x_wconf 82' lang='grc' dir='ltr'>δεῖνι</span> <span class='ocrx_word' id='word_1_17' title='bbox 3049 527 3144 582; x_wconf 69' lang='grc' dir='ltr'>καὶ</span> <span class='ocrx_word' id='word_1_18' title='bbox 3174 528 3331 594; x_wconf 82' lang='grc' dir='ltr'>δεῖνι,</span> <span class='ocrx_word' id='word_1_19' title='bbox 3367 527 3685 583; x_wconf 77' lang='grc' dir='ltr'>διαλείπειν</span> 
     </span>
    </p>
   </div>
   <div class='ocr_carea' id='block_1_3' title="bbox 395 620 3686 701">
    <p class='ocr_par' dir='ltr' id='par_1_3' title="bbox 395 620 3686 701">
     <span class='ocr_line' id='line_1_3' title="bbox 395 620 3686 701; baseline -0.012 -2"><span class='ocrx_word' id='word_1_20' title='bbox 395 647 518 700; x_wconf 80' lang='grc' dir='ltr'>οὐδὲ</span> <span class='ocrx_word' id='word_1_21' title='bbox 557 641 717 696; x_wconf 87' lang='grc' dir='ltr'>τοῦτο</span> <span class='ocrx_word' id='word_1_22' title='bbox 741 637 931 692; x_wconf 86' lang='grc' dir='ltr'>καλόν.</span> <span class='ocrx_word' id='word_1_23' title='bbox 979 634 1037 687; x_wconf 83' lang='lat'><strong>&#39;0</strong></span> <span class='ocrx_word' id='word_1_24' title='bbox 1088 631 1391 699; x_wconf 86' lang='grc' dir='ltr'>Περατικδς</span> <span class='ocrx_word' id='word_1_25' title='bbox 1429 629 1604 701; x_wconf 89' lang='grc' dir='ltr'>μέγας</span> <span class='ocrx_word' id='word_1_26' title='bbox 1640 627 1830 688; x_wconf 82' lang='grc' dir='ltr'>παπᾶς</span> <span class='ocrx_word' id='word_1_27' title='bbox 1865 642 1977 694; x_wconf 81' lang='grc' dir='ltr'>μα·</span> <span class='ocrx_word' id='word_1_28' title='bbox 2089 624 2214 694; x_wconf 81' lang='grc' dir='ltr'>ἄρτι</span> <span class='ocrx_word' id='word_1_29' title='bbox 2247 623 2347 691; x_wconf 83' lang='grc' dir='ltr'>τὴν</span> <span class='ocrx_word' id='word_1_30' title='bbox 2375 623 2433 675; x_wconf 86' lang='grc' dir='ltr'>ἐν</span> <span class='ocrx_word' id='word_1_31' title='bbox 2463 625 2530 693; x_wconf 82' lang='grc' dir='ltr'>τῇ</span> <span class='ocrx_word' id='word_1_32' title='bbox 2561 621 2946 689; x_wconf 80' lang='grc' dir='ltr'>Μεγαλοπόλει</span> <span class='ocrx_word' id='word_1_33' title='bbox 3001 620 3310 691; x_wconf 76' lang='grc' dir='ltr'>διατριϐὴν,</span> <span class='ocrx_word' id='word_1_34' title='bbox 3345 620 3686 690; x_wconf 73' lang='grc' dir='ltr'>στοχαζόμε-</span> 
     </span>
    </p>
   </div>
   <div class='ocr_carea' id='block_1_4' title="bbox 398 708 3690 803">
    <p class='ocr_par' dir='ltr' id='par_1_4' title="bbox 398 708 3690 803">
     <span class='ocr_line' id='line_1_4' title="bbox 398 708 3690 803; baseline -0.008 -13"><span class='ocrx_word' id='word_1_35' title='bbox 398 737 563 798; x_wconf 85' lang='grc' dir='ltr'>θέτω,</span> <span class='ocrx_word' id='word_1_36' title='bbox 618 735 767 803; x_wconf 79' lang='grc' dir='ltr'>ἡμᾶς</span> <span class='ocrx_word' id='word_1_37' title='bbox 818 730 918 800; x_wconf 81' lang='grc' dir='ltr'>μὲν</span> <span class='ocrx_word' id='word_1_38' title='bbox 973 724 1156 787; x_wconf 84' lang='grc' dir='ltr'>καλῶς</span> <span class='ocrx_word' id='word_1_39' title='bbox 1203 724 1376 794; x_wconf 81' lang='grc' dir='ltr'>ἐχειν,</span> <span class='ocrx_word' id='word_1_40' title='bbox 1428 722 1519 774; x_wconf 80' lang='grc' dir='ltr'>τὸν</span> <span class='ocrx_word' id='word_1_41' title='bbox 1572 721 1629 773; x_wconf 83' lang='grc' dir='ltr'>δέ</span> <span class='ocrx_word' id='word_1_42' title='bbox 1673 718 1788 770; x_wconf 80' lang='grc' dir='ltr'>υἱὸν</span> <span class='ocrx_word' id='word_1_43' title='bbox 1816 715 1983 770; x_wconf 89' lang='grc' dir='ltr'>αὐτοῦ</span> <span class='ocrx_word' id='word_1_44' title='bbox 2087 733 2176 777; x_wconf 91' lang='grc' dir='ltr'>νος</span> <span class='ocrx_word' id='word_1_45' title='bbox 2211 715 2306 783; x_wconf 84' lang='grc' dir='ltr'>ἀφ’</span> <span class='ocrx_word' id='word_1_46' title='bbox 2333 708 2408 768; x_wconf 82' lang='grc' dir='ltr'>ὧν</span> <span class='ocrx_word' id='word_1_47' title='bbox 2439 713 2606 777; x_wconf 83' lang='grc' dir='ltr'>είκός·</span> <span class='ocrx_word' id='word_1_48' title='bbox 2640 715 2689 766; x_wconf 87' lang='grc' dir='ltr'>εί</span> <span class='ocrx_word' id='word_1_49' title='bbox 2719 713 2774 766; x_wconf 90' lang='grc' dir='ltr'>δέ</span> <span class='ocrx_word' id='word_1_50' title='bbox 2802 712 2918 782; x_wconf 78' lang='grc' dir='ltr'>ἔχει</span> <span class='ocrx_word' id='word_1_51' title='bbox 2952 711 3179 774; x_wconf 77' lang='grc' dir='ltr'>τούτους</span> <span class='ocrx_word' id='word_1_52' title='bbox 3214 713 3249 778; x_wconf 80' lang='grc' dir='ltr'>ή</span> <span class='ocrx_word' id='word_1_53' title='bbox 3283 711 3541 803; x_wconf 78' lang='grc' dir='ltr'>μεγίστη</span> <span class='ocrx_word' id='word_1_54' title='bbox 3570 713 3690 765; x_wconf 84' lang='grc' dir='ltr'>τῶν</span> 
     </span>
    </p>
   </div>
   <div class='ocr_carea' id='block_1_5' title="bbox 398 802 3693 898">
    <p class='ocr_par' dir='ltr' id='par_1_5' title="bbox 398 802 3693 898">
     <span class='ocr_line' id='line_1_5' title="bbox 398 802 3693 898; baseline -0.012 -15"><span class='ocrx_word' id='word_1_55' title='bbox 398 823 845 898; x_wconf 77' lang='grc' dir='ltr'>περιαρῤωστεῖν</span> <span class='ocrx_word' id='word_1_56' title='bbox 874 835 889 850; x_wconf 76' lang='grc' dir='ltr'><strong>ο</strong></span> <span class='ocrx_word' id='word_1_57' title='bbox 946 817 1042 872; x_wconf 78' lang='grc' dir='ltr'>καὶ</span> <span class='ocrx_word' id='word_1_58' title='bbox 1076 816 1328 886; x_wconf 84' lang='grc' dir='ltr'>εὐχέσθω</span> <span class='ocrx_word' id='word_1_59' title='bbox 1384 814 1527 884; x_wconf 86' lang='grc' dir='ltr'>ὑπέρ</span> <span class='ocrx_word' id='word_1_60' title='bbox 1575 828 1636 864; x_wconf 89' lang='grc' dir='ltr'>τε</span> <span class='ocrx_word' id='word_1_61' title='bbox 1687 808 1848 880; x_wconf 66' lang='grc' dir='ltr'>ἡμῶν</span> <span class='ocrx_word' id='word_1_62' title='bbox 1887 806 1985 898; x_wconf 53' lang='grc' dir='ltr'>κα).</span> <span class='ocrx_word' id='word_1_63' title='bbox 2088 807 2320 874; x_wconf 87' lang='grc' dir='ltr'>πόλεων,</span> <span class='ocrx_word' id='word_1_64' title='bbox 2376 804 2672 876; x_wconf 85' lang='grc' dir='ltr'>προσκυνῶ</span> <span class='ocrx_word' id='word_1_65' title='bbox 2728 804 2826 856; x_wconf 72' lang='grc' dir='ltr'>καὶ</span> <span class='ocrx_word' id='word_1_66' title='bbox 2898 803 3178 898; x_wconf 82' lang='grc' dir='ltr'>δηλοποιῷ</span> <span class='ocrx_word' id='word_1_67' title='bbox 3217 802 3294 898; x_wconf 69' lang='grc' dir='ltr'>δι’</span> <span class='ocrx_word' id='word_1_68' title='bbox 3334 803 3693 898; x_wconf 31' lang='grc' dir='ltr'>ὑμέῦνγδπερ</span> 
     </span>
    </p>
   </div>
   <div class='ocr_carea' id='block_1_6' title="bbox 397 895 3694 974">
    <p class='ocr_par' dir='ltr' id='par_1_6' title="bbox 397 895 3694 974">
     <span class='ocr_line' id='line_1_6' title="bbox 397 895 3694 974; baseline -0.007 -1"><span class='ocrx_word' id='word_1_69' title='bbox 397 895 630 973; x_wconf 78' lang='grc' dir='ltr'>ἐκείνου.</span> <span class='ocrx_word' id='word_1_70' title='bbox 672 915 736 968; x_wconf 80' lang='grc' dir='ltr'><strong>Εἰ</strong></span> <span class='ocrx_word' id='word_1_71' title='bbox 769 915 827 968; x_wconf 81' lang='grc' dir='ltr'>δὲ</span> <span class='ocrx_word' id='word_1_72' title='bbox 871 911 1040 965; x_wconf 81' lang='grc' dir='ltr'>θέλων</span> <span class='ocrx_word' id='word_1_73' title='bbox 1071 909 1254 963; x_wconf 87' lang='grc' dir='ltr'>ἐλθεῖν</span> <span class='ocrx_word' id='word_1_74' title='bbox 1304 906 1384 970; x_wconf 80' lang='grc' dir='ltr'>είς</span> <span class='ocrx_word' id='word_1_75' title='bbox 1429 905 1581 974; x_wconf 77' lang='grc' dir='ltr'>ἡμᾶς</span> <span class='ocrx_word' id='word_1_76' title='bbox 1639 903 1888 955; x_wconf 83' lang='grc' dir='ltr'>πτοεῖται</span> <span class='ocrx_word' id='word_1_77' title='bbox 1921 897 1982 951; x_wconf 84' lang='grc' dir='ltr'>τὺ</span> <span class='ocrx_word' id='word_1_78' title='bbox 2096 901 2255 955; x_wconf 75' lang='grc' dir='ltr'>αὐτοὶ</span> <span class='ocrx_word' id='word_1_79' title='bbox 2287 900 2374 953; x_wconf 80' lang='grc' dir='ltr'>διὰ</span> <span class='ocrx_word' id='word_1_80' title='bbox 2401 901 2501 970; x_wconf 83' lang='grc' dir='ltr'>τὴν</span> <span class='ocrx_word' id='word_1_81' title='bbox 2527 900 2669 952; x_wconf 82' lang='grc' dir='ltr'>κατὰ</span> <span class='ocrx_word' id='word_1_82' title='bbox 2706 898 2840 952; x_wconf 83' lang='grc' dir='ltr'>Θεὸν</span> <span class='ocrx_word' id='word_1_83' title='bbox 2880 898 3102 968; x_wconf 80' lang='grc' dir='ltr'>ἀγάπην</span> <span class='ocrx_word' id='word_1_84' title='bbox 3137 895 3281 968; x_wconf 81' lang='grc' dir='ltr'>ὑπὲρ</span> <span class='ocrx_word' id='word_1_85' title='bbox 3306 897 3465 967; x_wconf 82' lang='grc' dir='ltr'>ἡμῶν</span> <span class='ocrx_word' id='word_1_86' title='bbox 3493 895 3694 966; x_wconf 81' lang='grc' dir='ltr'>εὖχον-</span> 
     </span>
    </p>
   </div>
   <div class='ocr_carea' id='block_1_7' title="bbox 395 991 1982 1079">
    <p class='ocr_par' dir='ltr' id='par_1_7' title="bbox 395 991 1982 1079">
     <span class='ocr_line' id='line_1_7' title="bbox 395 991 1982 1079; baseline -0.013 -16"><span class='ocrx_word' id='word_1_87' title='bbox 395 1011 497 1079; x_wconf 78' lang='grc' dir='ltr'>τῆς</span> <span class='ocrx_word' id='word_1_88' title='bbox 527 1006 806 1075; x_wconf 81' lang='grc' dir='ltr'>θαλάσσης</span> <span class='ocrx_word' id='word_1_89' title='bbox 832 1003 1038 1071; x_wconf 73' lang='grc' dir='ltr'>ὄχημα,</span> <span class='ocrx_word' id='word_1_90' title='bbox 1076 1000 1240 1069; x_wconf 85' lang='grc' dir='ltr'>ήμεῖς</span> <span class='ocrx_word' id='word_1_91' title='bbox 1280 998 1415 1052; x_wconf 81' lang='grc' dir='ltr'>ἀλλο</span> <span class='ocrx_word' id='word_1_92' title='bbox 1447 1014 1500 1050; x_wconf 87' lang='grc' dir='ltr'>τι</span> <span class='ocrx_word' id='word_1_93' title='bbox 1527 995 1587 1049; x_wconf 92' lang='grc' dir='ltr'>τό</span> <span class='ocrx_word' id='word_1_94' title='bbox 1611 1011 1676 1064; x_wconf 90' lang='grc' dir='ltr'>γε</span> <span class='ocrx_word' id='word_1_95' title='bbox 1699 991 1796 1067; x_wconf 89' lang='grc' dir='ltr'>νῦν</span> <span class='ocrx_word' id='word_1_96' title='bbox 1820 991 1982 1058; x_wconf 81' lang='grc' dir='ltr'>ποιῆ-</span> 
     </span>
    </p>
   </div>
   <div class='ocr_carea' id='block_1_8' title="bbox 400 1084 1984 1167">
    <p class='ocr_par' dir='ltr' id='par_1_8' title="bbox 400 1084 1984 1167">
     <span class='ocr_line' id='line_1_8' title="bbox 400 1084 1984 1167; baseline -0.011 -14"><span class='ocrx_word' id='word_1_97' title='bbox 400 1117 493 1153; x_wconf 92' lang='grc' dir='ltr'>σαι</span> <span class='ocrx_word' id='word_1_98' title='bbox 531 1098 632 1152; x_wconf 81' lang='grc' dir='ltr'>οὐκ</span> <span class='ocrx_word' id='word_1_99' title='bbox 662 1097 885 1167; x_wconf 77' lang='grc' dir='ltr'>ἔχομεν,</span> <span class='ocrx_word' id='word_1_100' title='bbox 919 1093 1024 1156; x_wconf 73' lang='grc' dir='ltr'>ἕως</span> <span class='ocrx_word' id='word_1_101' title='bbox 1058 1091 1124 1145; x_wconf 81' lang='grc' dir='ltr'>ἂν</span> <span class='ocrx_word' id='word_1_102' title='bbox 1161 1087 1495 1160; x_wconf 87' lang='grc' dir='ltr'>τεκτήνηταί</span> <span class='ocrx_word' id='word_1_103' title='bbox 1526 1104 1612 1150; x_wconf 90' lang='grc' dir='ltr'>τις</span> <span class='ocrx_word' id='word_1_104' title='bbox 1642 1088 1778 1157; x_wconf 78' lang='grc' dir='ltr'>ἡμῖν</span> <span class='ocrx_word' id='word_1_105' title='bbox 1810 1084 1984 1138; x_wconf 76' lang='grc' dir='ltr'>ἵππον</span> 
     </span>
    </p>
   </div>
   <div class='ocr_carea' id='block_1_9' title="bbox 396 1178 1984 1262">
    <p class='ocr_par' dir='ltr' id='par_1_9' title="bbox 396 1178 1984 1262">
     <span class='ocr_line' id='line_1_9' title="bbox 396 1178 1984 1262; baseline -0.012 -14"><span class='ocrx_word' id='word_1_106' title='bbox 396 1193 662 1262; x_wconf 79' lang='grc' dir='ltr'>δούρειον,</span> <span class='ocrx_word' id='word_1_107' title='bbox 694 1189 729 1261; x_wconf 75' lang='grc' dir='ltr'>ἢ</span> <span class='ocrx_word' id='word_1_108' title='bbox 761 1189 856 1241; x_wconf 68' lang='grc' dir='ltr'>καὶ</span> <span class='ocrx_word' id='word_1_109' title='bbox 882 1187 962 1249; x_wconf 82' lang='grc' dir='ltr'>εἰς</span> <span class='ocrx_word' id='word_1_110' title='bbox 989 1185 1265 1254; x_wconf 81' lang='grc' dir='ltr'>τέτρωρον</span> <span class='ocrx_word' id='word_1_111' title='bbox 1295 1181 1608 1251; x_wconf 75' lang='grc' dir='ltr'>ἐλεφάντων</span> <span class='ocrx_word' id='word_1_112' title='bbox 1660 1178 1984 1248; x_wconf 82' lang='grc' dir='ltr'>εὐπορήσω-</span> 
     </span>
    </p>
   </div>
   <div class='ocr_carea' id='block_1_10' title="bbox 401 1271 1981 1353">
    <p class='ocr_par' dir='ltr' id='par_1_10' title="bbox 401 1271 1981 1353">
     <span class='ocr_line' id='line_1_10' title="bbox 401 1271 1981 1353; baseline -0.011 -14"><span class='ocrx_word' id='word_1_113' title='bbox 401 1302 527 1353; x_wconf 88' lang='grc' dir='ltr'>μεν.</span> <span class='ocrx_word' id='word_1_114' title='bbox 569 1285 632 1337; x_wconf 86' lang='grc'>’0</span> <span class='ocrx_word' id='word_1_115' title='bbox 667 1280 763 1336; x_wconf 84' lang='grc' dir='ltr'>τοῦ</span> <span class='ocrx_word' id='word_1_116' title='bbox 805 1281 956 1333; x_wconf 84' lang='grc' dir='ltr'>δεῖνα</span> <span class='ocrx_word' id='word_1_117' title='bbox 1010 1277 1195 1348; x_wconf 81' lang='grc' dir='ltr'>πατὴρ</span> <span class='ocrx_word' id='word_1_118' title='bbox 1249 1273 1362 1328; x_wconf 81' lang='grc' dir='ltr'>είθε</span> <span class='ocrx_word' id='word_1_119' title='bbox 1390 1273 1655 1342; x_wconf 85' lang='grc' dir='ltr'>ὐγιαίνοι.</span> <span class='ocrx_word' id='word_1_120' title='bbox 1690 1271 1804 1325; x_wconf 78' lang='grc' dir='ltr'>Καὶ</span> <span class='ocrx_word' id='word_1_121' title='bbox 1841 1271 1981 1323; x_wconf 86' lang='grc' dir='ltr'>ἀνα-</span> 
     </span>
    </p>
   </div>
   <div class='ocr_carea' id='block_1_11' title="bbox 397 1361 1979 1449">
    <p class='ocr_par' dir='ltr' id='par_1_11' title="bbox 397 1361 1979 1449">
     <span class='ocr_line' id='line_1_11' title="bbox 397 1361 1979 1449; baseline -0.012 -17"><span class='ocrx_word' id='word_1_122' title='bbox 397 1377 722 1449; x_wconf 74' lang='grc' dir='ltr'>διδαχθήτω,</span> <span class='ocrx_word' id='word_1_123' title='bbox 755 1373 927 1436; x_wconf 80' lang='grc' dir='ltr'>οὑτως</span> <span class='ocrx_word' id='word_1_124' title='bbox 963 1369 1110 1442; x_wconf 80' lang='grc' dir='ltr'>ἐχειν</span> <span class='ocrx_word' id='word_1_125' title='bbox 1139 1369 1236 1422; x_wconf 78' lang='grc' dir='ltr'>καὶ</span> <span class='ocrx_word' id='word_1_126' title='bbox 1257 1367 1429 1437; x_wconf 72' lang='grc' dir='ltr'>ἡμᾶς,</span> <span class='ocrx_word' id='word_1_127' title='bbox 1457 1363 1598 1418; x_wconf 86' lang='grc' dir='ltr'>Θεοῦ</span> <span class='ocrx_word' id='word_1_128' title='bbox 1626 1361 1979 1434; x_wconf 82' lang='grc' dir='ltr'>βοηθοῦντος.</span> 
     </span>
    </p>
   </div>
   <div class='ocr_carea' id='block_1_12' title="bbox 2085 987 3690 1061">
    <p class='ocr_par' dir='ltr' id='par_1_12' title="bbox 2085 987 3690 1061">
     <span class='ocr_line' id='line_1_12' title="bbox 2085 987 3690 1061; baseline -0.003 -15"><span class='ocrx_word' id='word_1_129' title='bbox 2085 1011 2177 1048; x_wconf 90' lang='grc' dir='ltr'>ται</span> <span class='ocrx_word' id='word_1_130' title='bbox 2198 1034 2214 1060; x_wconf 95' lang='grc'>,</span> <span class='ocrx_word' id='word_1_131' title='bbox 2245 995 2343 1061; x_wconf 78' lang='grc' dir='ltr'>τὴν</span> <span class='ocrx_word' id='word_1_132' title='bbox 2387 995 2446 1044; x_wconf 74' lang='grc' dir='ltr'>ἐν</span> <span class='ocrx_word' id='word_1_133' title='bbox 2493 990 2787 1053; x_wconf 81' lang='grc' dir='ltr'>τοσαύταις</span> <span class='ocrx_word' id='word_1_134' title='bbox 2825 991 3121 1060; x_wconf 82' lang='grc' dir='ltr'>μερίμναις</span> <span class='ocrx_word' id='word_1_135' title='bbox 3143 989 3240 1042; x_wconf 78' lang='grc' dir='ltr'>καὶ</span> <span class='ocrx_word' id='word_1_136' title='bbox 3269 987 3690 1050; x_wconf 73' lang='grc' dir='ltr'>κόποιςθεόθεν</span> 
     </span>
    </p>
   </div>
   <div class='ocr_carea' id='block_1_13' title="bbox 2055 1083 3692 1156">
    <p class='ocr_par' dir='ltr' id='par_1_13' title="bbox 2055 1083 3692 1156">
     <span class='ocr_line' id='line_1_13' title="bbox 2055 1083 3692 1156; baseline -0.004 -15"><span class='ocrx_word' id='word_1_137' title='bbox 2055 1097 2066 1110; x_wconf 90' lang='grc'><em>’</em></span> <span class='ocrx_word' id='word_1_138' title='bbox 2087 1087 2274 1156; x_wconf 79' lang='grc' dir='ltr'>ὑγείαν</span> <span class='ocrx_word' id='word_1_139' title='bbox 2324 1088 2418 1140; x_wconf 81' lang='grc' dir='ltr'>καὶ</span> <span class='ocrx_word' id='word_1_140' title='bbox 2449 1085 2752 1155; x_wconf 86' lang='grc' dir='ltr'>ὑπομονήν.</span> <span class='ocrx_word' id='word_1_141' title='bbox 2791 1083 2940 1139; x_wconf 81' lang='grc' dir='ltr'>Ἀλλ’</span> <span class='ocrx_word' id='word_1_142' title='bbox 2966 1086 3128 1155; x_wconf 82' lang='grc' dir='ltr'>ἡμεῖς</span> <span class='ocrx_word' id='word_1_143' title='bbox 3162 1084 3538 1154; x_wconf 76' lang='grc' dir='ltr'>πλεονάζομεν</span> <span class='ocrx_word' id='word_1_144' title='bbox 3571 1083 3692 1134; x_wconf 80' lang='grc' dir='ltr'>ἰδοὺ</span> 
     </span>
    </p>
   </div>
   <div class='ocr_carea' id='block_1_14' title="bbox 2086 1173 3690 1249">
    <p class='ocr_par' dir='ltr' id='par_1_14' title="bbox 2086 1173 3690 1249">
     <span class='ocr_line' id='line_1_14' title="bbox 2086 1173 3690 1249; baseline -0.003 -17"><span class='ocrx_word' id='word_1_145' title='bbox 2086 1178 2365 1232; x_wconf 80' lang='grc' dir='ltr'>κάνταῦθα</span> <span class='ocrx_word' id='word_1_146' title='bbox 2398 1178 2498 1249; x_wconf 81' lang='grc' dir='ltr'>τὴν</span> <span class='ocrx_word' id='word_1_147' title='bbox 2524 1177 2731 1246; x_wconf 81' lang='grc' dir='ltr'>φιλίαν,</span> <span class='ocrx_word' id='word_1_148' title='bbox 2762 1178 2857 1229; x_wconf 74' lang='grc' dir='ltr'>καὶ</span> <span class='ocrx_word' id='word_1_149' title='bbox 2903 1175 3318 1245; x_wconf 84' lang='grc' dir='ltr'>προσλαλοῦμεν</span> <span class='ocrx_word' id='word_1_150' title='bbox 3341 1175 3436 1229; x_wconf 85' lang='grc' dir='ltr'>τὸν</span> <span class='ocrx_word' id='word_1_151' title='bbox 3464 1173 3690 1242; x_wconf 83' lang='grc' dir='ltr'>ἄφιλον.</span> 
     </span>
    </p>
   </div>
   <div class='ocr_carea' id='block_1_15' title="bbox 2086 1265 3684 1340">
    <p class='ocr_par' dir='ltr' id='par_1_15' title="bbox 2086 1265 3684 1340">
     <span class='ocr_line' id='line_1_15' title="bbox 2086 1265 3684 1340; baseline -0.004 -16"><span class='ocrx_word' id='word_1_152' title='bbox 2086 1271 2236 1324; x_wconf 75' lang='grc' dir='ltr'>Είσὶν</span> <span class='ocrx_word' id='word_1_153' title='bbox 2291 1272 2421 1340; x_wconf 78' lang='grc' dir='ltr'>ἡμῖν</span> <span class='ocrx_word' id='word_1_154' title='bbox 2472 1271 2568 1322; x_wconf 78' lang='grc' dir='ltr'>καὶ</span> <span class='ocrx_word' id='word_1_155' title='bbox 2605 1269 2790 1338; x_wconf 71' lang='grc' dir='ltr'>ἕτεροι</span> <span class='ocrx_word' id='word_1_156' title='bbox 2842 1265 3244 1337; x_wconf 68' lang='grc' dir='ltr'>Ἀσκληπιάδαι</span> <span class='ocrx_word' id='word_1_157' title='bbox 3289 1266 3460 1333; x_wconf 89' lang='grc' dir='ltr'>φίλοι.</span> <span class='ocrx_word' id='word_1_158' title='bbox 3511 1266 3684 1320; x_wconf 85' lang='grc' dir='ltr'>Ἀλλά</span> 
     </span>
    </p>
   </div>
   <div class='ocr_carea' id='block_1_16' title="bbox 2083 1358 3696 1431">
    <p class='ocr_par' dir='ltr' id='par_1_16' title="bbox 2083 1358 3696 1431">
     <span class='ocr_line' id='line_1_16' title="bbox 2083 1358 3696 1431; baseline -0.002 -15"><span class='ocrx_word' id='word_1_159' title='bbox 2083 1362 2295 1416; x_wconf 87' lang='grc' dir='ltr'>τούτων</span> <span class='ocrx_word' id='word_1_160' title='bbox 2331 1364 2360 1415; x_wconf 97' lang='lat'>6</span> <span class='ocrx_word' id='word_1_161' title='bbox 2394 1362 2492 1431; x_wconf 83' lang='grc' dir='ltr'>μὲν</span> <span class='ocrx_word' id='word_1_162' title='bbox 2517 1361 2741 1423; x_wconf 80' lang='grc' dir='ltr'>δικαίως</span> <span class='ocrx_word' id='word_1_163' title='bbox 2770 1358 3247 1431; x_wconf 78' lang='grc' dir='ltr'>προσαγορεύεται</span> <span class='ocrx_word' id='word_1_164' title='bbox 3270 1360 3405 1428; x_wconf 87' lang='grc' dir='ltr'>παρ’</span> <span class='ocrx_word' id='word_1_165' title='bbox 3436 1359 3622 1429; x_wconf 83' lang='grc' dir='ltr'>ἡμῶν,</span> <span class='ocrx_word' id='word_1_166' title='bbox 3663 1362 3696 1412; x_wconf 87' lang='lat'>6</span> 
     </span>
    </p>
   </div>
   <div class='ocr_carea' id='block_1_17' title="bbox 399 1451 3694 1538">
    <p class='ocr_par' dir='ltr' id='par_1_17' title="bbox 399 1451 3694 1538">
     <span class='ocr_line' id='line_1_17' title="bbox 399 1451 3694 1538; baseline -0.008 -13"><span class='ocrx_word' id='word_1_167' title='bbox 399 1473 538 1535; x_wconf 83' lang='grc' dir='ltr'>Τούς</span> <span class='ocrx_word' id='word_1_168' title='bbox 597 1468 940 1538; x_wconf 84' lang='grc' dir='ltr'>σοφωτάτους</span> <span class='ocrx_word' id='word_1_169' title='bbox 1020 1462 1475 1532; x_wconf 77' lang='grc' dir='ltr'>θεοφιλεστάτους</span> <span class='ocrx_word' id='word_1_170' title='bbox 1533 1476 1636 1528; x_wconf 91' lang='grc' dir='ltr'>μου</span> <span class='ocrx_word' id='word_1_171' title='bbox 1715 1455 1983 1522; x_wconf 80' lang='grc' dir='ltr'>ἀδελφοὺς</span> <span class='ocrx_word' id='word_1_172' title='bbox 2081 1455 2249 1510; x_wconf 90' lang='grc' dir='ltr'>δεῖνα·</span> <span class='ocrx_word' id='word_1_173' title='bbox 2283 1454 2546 1517; x_wconf 83' lang='grc' dir='ltr'>πολλάκις</span> <span class='ocrx_word' id='word_1_174' title='bbox 2575 1453 2802 1524; x_wconf 75' lang='grc' dir='ltr'>μὲνγὰρ</span> <span class='ocrx_word' id='word_1_175' title='bbox 2836 1451 3098 1522; x_wconf 74' lang='grc' dir='ltr'>ἔγραψεν.</span> <span class='ocrx_word' id='word_1_176' title='bbox 3135 1451 3195 1505; x_wconf 85' lang='lat'><strong>&#39;0</strong></span> <span class='ocrx_word' id='word_1_177' title='bbox 3229 1452 3288 1505; x_wconf 74' lang='grc' dir='ltr'>δὲ</span> <span class='ocrx_word' id='word_1_178' title='bbox 3334 1452 3481 1504; x_wconf 86' lang='grc' dir='ltr'>δεῖνα</span> <span class='ocrx_word' id='word_1_179' title='bbox 3509 1455 3568 1516; x_wconf 86' lang='grc' dir='ltr'>ἐς</span> <span class='ocrx_word' id='word_1_180' title='bbox 3598 1453 3694 1506; x_wconf 74' lang='grc' dir='ltr'>κό-</span> 
     </span>
    </p>
   </div>
   <div class='ocr_carea' id='block_1_18' title="bbox 400 1549 1982 1634">
    <p class='ocr_par' dir='ltr' id='par_1_18' title="bbox 400 1549 1982 1634">
     <span class='ocr_line' id='line_1_18' title="bbox 400 1549 1982 1634; baseline -0.012 -16"><span class='ocrx_word' id='word_1_181' title='bbox 400 1562 718 1634; x_wconf 84' lang='grc' dir='ltr'>προσκυνῶ,</span> <span class='ocrx_word' id='word_1_182' title='bbox 748 1560 844 1612; x_wconf 77' lang='grc' dir='ltr'>τὸν</span> <span class='ocrx_word' id='word_1_183' title='bbox 883 1559 1032 1612; x_wconf 78' lang='grc' dir='ltr'>δεῖνα</span> <span class='ocrx_word' id='word_1_184' title='bbox 1067 1556 1160 1609; x_wconf 74' lang='grc' dir='ltr'>καὶ</span> <span class='ocrx_word' id='word_1_185' title='bbox 1188 1555 1338 1609; x_wconf 87' lang='grc' dir='ltr'>δεῖνα</span> <span class='ocrx_word' id='word_1_186' title='bbox 1384 1552 1586 1622; x_wconf 84' lang='grc' dir='ltr'>(ποίοις</span> <span class='ocrx_word' id='word_1_187' title='bbox 1630 1550 1688 1603; x_wconf 81' lang='grc' dir='ltr'>δὲ</span> <span class='ocrx_word' id='word_1_188' title='bbox 1718 1549 1828 1605; x_wconf 83' lang='grc' dir='ltr'>τῶν</span> <span class='ocrx_word' id='word_1_189' title='bbox 1860 1549 1982 1602; x_wconf 86' lang='grc' dir='ltr'>όνο-</span> 
     </span>
    </p>
   </div>
   <div class='ocr_carea' id='block_1_19' title="bbox 2094 1544 3691 1616">
    <p class='ocr_par' dir='ltr' id='par_1_19' title="bbox 2094 1544 3691 1616">
     <span class='ocr_line' id='line_1_19' title="bbox 2094 1544 3691 1616; baseline -0.001 -17"><span class='ocrx_word' id='word_1_190' title='bbox 2094 1563 2292 1616; x_wconf 87' lang='grc' dir='ltr'>ρακας,</span> <span class='ocrx_word' id='word_1_191' title='bbox 2319 1547 2347 1598; x_wconf 89' lang='lat'>6</span> <span class='ocrx_word' id='word_1_192' title='bbox 2373 1546 2563 1608; x_wconf 85' lang='grc' dir='ltr'>κακός·</span> <span class='ocrx_word' id='word_1_193' title='bbox 2595 1545 2717 1598; x_wconf 88' lang='grc' dir='ltr'>οὐδέ</span> <span class='ocrx_word' id='word_1_194' title='bbox 2751 1546 2883 1612; x_wconf 77' lang='grc' dir='ltr'>γὰρ,</span> <span class='ocrx_word' id='word_1_195' title='bbox 2914 1545 2994 1598; x_wconf 85' lang='grc' dir='ltr'>ὃτι</span> <span class='ocrx_word' id='word_1_196' title='bbox 3043 1545 3110 1614; x_wconf 81' lang='grc' dir='ltr'>ζῇ</span> <span class='ocrx_word' id='word_1_197' title='bbox 3129 1581 3146 1604; x_wconf 83' lang='grc'><strong>.</strong></span> <span class='ocrx_word' id='word_1_198' title='bbox 3173 1544 3480 1614; x_wconf 76' lang='grc' dir='ltr'>ἀνέμνησεν</span> <span class='ocrx_word' id='word_1_199' title='bbox 3513 1545 3691 1614; x_wconf 80' lang='grc' dir='ltr'>ἡμᾶς,</span> 
     </span>
    </p>
   </div>
   <div class='ocr_carea' id='block_1_20' title="bbox 403 1633 3694 1724">
    <p class='ocr_par' dir='ltr' id='par_1_20' title="bbox 403 1633 3694 1724">
     <span class='ocr_line' id='line_1_20' title="bbox 403 1633 3694 1724; baseline -0.007 -16"><span class='ocrx_word' id='word_1_200' title='bbox 403 1633 591 1724; x_wconf 84' lang='grc' dir='ltr'>μάτων</span> <span class='ocrx_word' id='word_1_201' title='bbox 639 1650 930 1722; x_wconf 81' lang='grc' dir='ltr'>ἀγορεύσω</span> <span class='ocrx_word' id='word_1_202' title='bbox 961 1648 1184 1714; x_wconf 87' lang='grc' dir='ltr'>αὐτοῦς,</span> <span class='ocrx_word' id='word_1_203' title='bbox 1217 1644 1401 1715; x_wconf 82' lang='grc' dir='ltr'>ἀγνοῶ</span> <span class='ocrx_word' id='word_1_204' title='bbox 1422 1661 1436 1676; x_wconf 83' lang='grc'><em>’</em></span> <span class='ocrx_word' id='word_1_205' title='bbox 1474 1641 1889 1713; x_wconf 89' lang='grc' dir='ltr'>ἀναδιδαχθείην</span> <span class='ocrx_word' id='word_1_206' title='bbox 1921 1641 1979 1698; x_wconf 79' lang='grc' dir='ltr'>δὲ</span> <span class='ocrx_word' id='word_1_207' title='bbox 2082 1637 2235 1724; x_wconf 73' lang='grc' dir='ltr'>Τάχα</span> <span class='ocrx_word' id='word_1_208' title='bbox 2272 1637 2349 1702; x_wconf 84' lang='grc' dir='ltr'>δέ,</span> <span class='ocrx_word' id='word_1_209' title='bbox 2379 1637 2427 1690; x_wconf 81' lang='grc' dir='ltr'>εί</span> <span class='ocrx_word' id='word_1_210' title='bbox 2465 1637 2648 1708; x_wconf 84' lang='grc' dir='ltr'>παρῆν</span> <span class='ocrx_word' id='word_1_211' title='bbox 2673 1639 2702 1691; x_wconf 88' lang='lat'>6</span> <span class='ocrx_word' id='word_1_212' title='bbox 2737 1636 2877 1700; x_wconf 83' lang='grc' dir='ltr'>θεῖος</span> <span class='ocrx_word' id='word_1_213' title='bbox 2909 1634 3099 1703; x_wconf 87' lang='grc' dir='ltr'>αὐτοῦ,</span> <span class='ocrx_word' id='word_1_214' title='bbox 3135 1633 3351 1704; x_wconf 77' lang='grc' dir='ltr'>ὣθησεν</span> <span class='ocrx_word' id='word_1_215' title='bbox 3401 1638 3470 1690; x_wconf 81' lang='grc' dir='ltr'>διν</span> <span class='ocrx_word' id='word_1_216' title='bbox 3501 1634 3694 1689; x_wconf 79' lang='grc' dir='ltr'>αὐτόν.</span> 
     </span>
    </p>
   </div>
   <div class='ocr_carea' id='block_1_21' title="bbox 400 1735 1978 1813">
    <p class='ocr_par' dir='ltr' id='par_1_21' title="bbox 400 1735 1978 1813">
     <span class='ocr_line' id='line_1_21' title="bbox 400 1735 1978 1813; baseline -0.008 -13"><span class='ocrx_word' id='word_1_217' title='bbox 400 1745 471 1800; x_wconf 83' lang='grc' dir='ltr'>τὰ</span> <span class='ocrx_word' id='word_1_218' title='bbox 500 1744 827 1813; x_wconf 84' lang='grc' dir='ltr'>κάλλιστα)·</span> <span class='ocrx_word' id='word_1_219' title='bbox 863 1741 1130 1803; x_wconf 81' lang='grc' dir='ltr'>ὡσαύτως</span> <span class='ocrx_word' id='word_1_220' title='bbox 1176 1739 1273 1793; x_wconf 71' lang='grc' dir='ltr'>καὶ</span> <span class='ocrx_word' id='word_1_221' title='bbox 1323 1737 1416 1790; x_wconf 78' lang='grc' dir='ltr'>τὸν</span> <span class='ocrx_word' id='word_1_222' title='bbox 1464 1737 1628 1790; x_wconf 88' lang='grc' dir='ltr'>καλόν</span> <span class='ocrx_word' id='word_1_223' title='bbox 1682 1735 1787 1804; x_wconf 89' lang='grc' dir='ltr'>μού</span> <span class='ocrx_word' id='word_1_224' title='bbox 1846 1751 1978 1788; x_wconf 86' lang='grc' dir='ltr'>ποτε</span> 
     </span>
    </p>
   </div>
   <div class='ocr_carea' id='block_1_22' title="bbox 2082 1723 3694 1799">
    <p class='ocr_par' dir='ltr' id='par_1_22' title="bbox 2082 1723 3694 1799">
     <span class='ocr_line' id='line_1_22' title="bbox 2082 1723 3694 1799; baseline -0.001 -18"><span class='ocrx_word' id='word_1_225' title='bbox 2082 1723 2190 1782; x_wconf 70' lang='grc' dir='ltr'>Ἠν</span> <span class='ocrx_word' id='word_1_226' title='bbox 2235 1730 2291 1782; x_wconf 85' lang='grc' dir='ltr'>δὲ</span> <span class='ocrx_word' id='word_1_227' title='bbox 2341 1729 2435 1783; x_wconf 78' lang='grc' dir='ltr'>καὶ</span> <span class='ocrx_word' id='word_1_228' title='bbox 2472 1730 2593 1782; x_wconf 88' lang='grc' dir='ltr'>τότε</span> <span class='ocrx_word' id='word_1_229' title='bbox 2646 1729 2817 1799; x_wconf 72' lang='grc' dir='ltr'>χωρὶς</span> <span class='ocrx_word' id='word_1_230' title='bbox 2858 1729 3076 1798; x_wconf 82' lang='grc' dir='ltr'>ἐκείνῳ.</span> <span class='ocrx_word' id='word_1_231' title='bbox 3134 1728 3234 1780; x_wconf 83' lang='grc' dir='ltr'>’ον</span> <span class='ocrx_word' id='word_1_232' title='bbox 3265 1729 3458 1795; x_wconf 76' lang='grc' dir='ltr'>ἀφῆκα</span> <span class='ocrx_word' id='word_1_233' title='bbox 3509 1729 3694 1794; x_wconf 85' lang='grc' dir='ltr'>θεοφι-</span> 
     </span>
    </p>
   </div>
   <div class='ocr_carea' id='block_1_23' title="bbox 401 1817 3696 1906">
    <p class='ocr_par' dir='ltr' id='par_1_23' title="bbox 401 1817 3696 1906">
     <span class='ocr_line' id='line_1_23' title="bbox 401 1817 3696 1906; baseline -0.005 -14"><span class='ocrx_word' id='word_1_234' title='bbox 401 1836 804 1906; x_wconf 85' lang='grc' dir='ltr'>ἀρχιδιάκονον.</span> <span class='ocrx_word' id='word_1_235' title='bbox 841 1834 955 1888; x_wconf 87' lang='grc' dir='ltr'>Οὐκ</span> <span class='ocrx_word' id='word_1_236' title='bbox 1018 1833 1084 1886; x_wconf 86' lang='grc' dir='ltr'>ἂν</span> <span class='ocrx_word' id='word_1_237' title='bbox 1135 1831 1192 1884; x_wconf 89' lang='grc' dir='ltr'>δέ</span> <span class='ocrx_word' id='word_1_238' title='bbox 1252 1831 1486 1884; x_wconf 85' lang='grc' dir='ltr'>ἐνταῦθα</span> <span class='ocrx_word' id='word_1_239' title='bbox 1539 1829 1809 1900; x_wconf 81' lang='grc' dir='ltr'>λαθοίμην</span> <span class='ocrx_word' id='word_1_240' title='bbox 1855 1829 1978 1881; x_wconf 86' lang='grc' dir='ltr'>οὐδὲ</span> <span class='ocrx_word' id='word_1_241' title='bbox 2019 1889 2056 1906; x_wconf 58' lang='lat' dir='ltr'><strong>h</strong></span> <span class='ocrx_word' id='word_1_242' title='bbox 2090 1823 2350 1877; x_wconf 78' lang='grc' dir='ltr'>λέστατον</span> <span class='ocrx_word' id='word_1_243' title='bbox 2393 1822 2742 1886; x_wconf 85' lang='grc' dir='ltr'>διδάσκαλον,</span> <span class='ocrx_word' id='word_1_244' title='bbox 2775 1821 2868 1874; x_wconf 78' lang='grc' dir='ltr'>τὸν</span> <span class='ocrx_word' id='word_1_245' title='bbox 2901 1821 3184 1890; x_wconf 83' lang='grc' dir='ltr'>Ῥαδηνδν,</span> <span class='ocrx_word' id='word_1_246' title='bbox 3213 1817 3696 1893; x_wconf 76' lang='grc' dir='ltr'>οἵμαικαταμέμ-</span> 
     </span>
    </p>
   </div>
   <div class='ocr_carea' id='block_1_24' title="bbox 401 1920 1980 1998">
    <p class='ocr_par' dir='ltr' id='par_1_24' title="bbox 401 1920 1980 1998">
     <span class='ocr_line' id='line_1_24' title="bbox 401 1920 1980 1998; baseline -0.006 -17"><span class='ocrx_word' id='word_1_247' title='bbox 401 1929 495 1981; x_wconf 87' lang='grc' dir='ltr'>τοῦ</span> <span class='ocrx_word' id='word_1_248' title='bbox 528 1926 985 1998; x_wconf 83' lang='grc' dir='ltr'>θαυμασιωτάτου</span> <span class='ocrx_word' id='word_1_249' title='bbox 1011 1923 1449 1994; x_wconf 84' lang='grc' dir='ltr'>δευτερεύοντος,</span> <span class='ocrx_word' id='word_1_250' title='bbox 1483 1921 1624 1975; x_wconf 87' lang='grc' dir='ltr'>ἀλλὰ</span> <span class='ocrx_word' id='word_1_251' title='bbox 1664 1920 1980 1991; x_wconf 90' lang='grc' dir='ltr'>προσκύνη-</span> 
     </span>
    </p>
   </div>
   <div class='ocr_carea' id='block_1_25' title="bbox 403 2013 1984 2088">
    <p class='ocr_par' dir='ltr' id='par_1_25' title="bbox 403 2013 1984 2088">
     <span class='ocr_line' id='line_1_25' title="bbox 403 2013 1984 2088; baseline -0.003 -18"><span class='ocrx_word' id='word_1_252' title='bbox 403 2037 488 2072; x_wconf 93' lang='grc' dir='ltr'>σιν</span> <span class='ocrx_word' id='word_1_253' title='bbox 518 2018 614 2072; x_wconf 69' lang='grc' dir='ltr'>καὶ</span> <span class='ocrx_word' id='word_1_254' title='bbox 652 2016 800 2088; x_wconf 87' lang='grc' dir='ltr'>αὐτῷ</span> <span class='ocrx_word' id='word_1_255' title='bbox 826 2017 892 2070; x_wconf 85' lang='grc' dir='ltr'>δι’</span> <span class='ocrx_word' id='word_1_256' title='bbox 918 2015 1077 2086; x_wconf 84' lang='grc' dir='ltr'>ὑμῶν</span> <span class='ocrx_word' id='word_1_257' title='bbox 1109 2015 1522 2085; x_wconf 85' lang='grc' dir='ltr'>διαπέμπομαι.</span> <span class='ocrx_word' id='word_1_258' title='bbox 1559 2013 1787 2083; x_wconf 75' lang='grc' dir='ltr'>Φιλικῆς</span> <span class='ocrx_word' id='word_1_259' title='bbox 1819 2029 1984 2083; x_wconf 86' lang='grc' dir='ltr'>προσ·</span> 
     </span>
    </p>
   </div>
   <div class='ocr_carea' id='block_1_26' title="bbox 402 2105 1983 2180">
    <p class='ocr_par' dir='ltr' id='par_1_26' title="bbox 402 2105 1983 2180">
     <span class='ocr_line' id='line_1_26' title="bbox 402 2105 1983 2180; baseline -0.003 -18"><span class='ocrx_word' id='word_1_260' title='bbox 402 2111 620 2179; x_wconf 87' lang='grc' dir='ltr'>ρήσεως</span> <span class='ocrx_word' id='word_1_261' title='bbox 669 2109 1023 2180; x_wconf 85' lang='grc' dir='ltr'>ἀναμνήσατε</span> <span class='ocrx_word' id='word_1_262' title='bbox 1076 2107 1173 2160; x_wconf 79' lang='grc' dir='ltr'>καὶ</span> <span class='ocrx_word' id='word_1_263' title='bbox 1227 2107 1320 2158; x_wconf 78' lang='grc' dir='ltr'>τὸν</span> <span class='ocrx_word' id='word_1_264' title='bbox 1371 2142 1461 2161; x_wconf 91' lang='grc'>....</span> <span class='ocrx_word' id='word_1_265' title='bbox 1492 2107 1697 2177; x_wconf 80' lang='grc' dir='ltr'>ὰρῤ....</span> <span class='ocrx_word' id='word_1_266' title='bbox 1734 2105 1983 2175; x_wconf 76' lang='grc' dir='ltr'>βινδηνὸν</span> 
     </span>
    </p>
   </div>
   <div class='ocr_carea' id='block_1_27' title="bbox 2087 1914 3685 1986">
    <p class='ocr_par' dir='ltr' id='par_1_27' title="bbox 2087 1914 3685 1986">
     <span class='ocr_line' id='line_1_27' title="bbox 2087 1914 3685 1986; baseline 0.001 -18"><span class='ocrx_word' id='word_1_267' title='bbox 2087 1916 2282 1983; x_wconf 88' lang='grc' dir='ltr'>φεσθαι</span> <span class='ocrx_word' id='word_1_268' title='bbox 2315 1916 2492 1985; x_wconf 84' lang='grc' dir='ltr'>ἡμῶν,</span> <span class='ocrx_word' id='word_1_269' title='bbox 2524 1917 2584 1968; x_wconf 81' lang='grc' dir='ltr'>τὸ</span> <span class='ocrx_word' id='word_1_270' title='bbox 2622 1916 2697 1984; x_wconf 82' lang='grc' dir='ltr'>μὴ</span> <span class='ocrx_word' id='word_1_271' title='bbox 2735 1914 2940 1984; x_wconf 70' lang='grc' dir='ltr'>γράψαι</span> <span class='ocrx_word' id='word_1_272' title='bbox 2975 1915 3149 1986; x_wconf 82' lang='grc' dir='ltr'>αὐτῷ.</span> <span class='ocrx_word' id='word_1_273' title='bbox 3195 1915 3341 1970; x_wconf 78' lang='grc' dir='ltr'>Ἀλλ’</span> <span class='ocrx_word' id='word_1_274' title='bbox 3379 1916 3546 1976; x_wconf 78' lang='grc' dir='ltr'>αὐτὸς</span> <span class='ocrx_word' id='word_1_275' title='bbox 3576 1917 3685 1986; x_wconf 80' lang='grc' dir='ltr'>μὲν</span> 
     </span>
    </p>
   </div>
   <div class='ocr_carea' id='block_1_28' title="bbox 2086 2005 3682 2077">
    <p class='ocr_par' dir='ltr' id='par_1_28' title="bbox 2086 2005 3682 2077">
     <span class='ocr_line' id='line_1_28' title="bbox 2086 2005 3682 2077; baseline -0.001 -17"><span class='ocrx_word' id='word_1_276' title='bbox 2086 2007 2494 2077; x_wconf 74' lang='grc' dir='ltr'>ἀναμνησθεὶς,</span> <span class='ocrx_word' id='word_1_277' title='bbox 2521 2007 2606 2062; x_wconf 83' lang='grc' dir='ltr'>ὅτι</span> <span class='ocrx_word' id='word_1_278' title='bbox 2635 2007 2698 2060; x_wconf 86' lang='grc' dir='ltr'>οὐ</span> <span class='ocrx_word' id='word_1_279' title='bbox 2729 2005 2975 2070; x_wconf 88' lang='grc' dir='ltr'>τοιοῦτος</span> <span class='ocrx_word' id='word_1_280' title='bbox 3005 2007 3086 2069; x_wconf 87' lang='grc' dir='ltr'>είς</span> <span class='ocrx_word' id='word_1_281' title='bbox 3129 2009 3301 2076; x_wconf 78' lang='grc' dir='ltr'>ἡμᾶς,</span> <span class='ocrx_word' id='word_1_282' title='bbox 3335 2007 3537 2060; x_wconf 82' lang='grc' dir='ltr'>παύσει</span> <span class='ocrx_word' id='word_1_283' title='bbox 3575 2006 3682 2077; x_wconf 79' lang='grc' dir='ltr'>τὴν</span> 
     </span>
    </p>
   </div>
   <div class='ocr_carea' id='block_1_29' title="bbox 2089 2099 3677 2171">
    <p class='ocr_par' dir='ltr' id='par_1_29' title="bbox 2089 2099 3677 2171">
     <span class='ocr_line' id='line_1_29' title="bbox 2089 2099 3677 2171; baseline -0.003 -17"><span class='ocrx_word' id='word_1_284' title='bbox 2089 2101 2318 2171; x_wconf 64' lang='grc' dir='ltr'>μέμψιν⁸</span> <span class='ocrx_word' id='word_1_285' title='bbox 2345 2103 2508 2171; x_wconf 78' lang='grc' dir='ltr'>ἡμεῖς</span> <span class='ocrx_word' id='word_1_286' title='bbox 2528 2100 2584 2154; x_wconf 85' lang='grc' dir='ltr'>δὲ</span> <span class='ocrx_word' id='word_1_287' title='bbox 2607 2099 2946 2165; x_wconf 76' lang='grc' dir='ltr'>καινίζοντες</span> <span class='ocrx_word' id='word_1_288' title='bbox 2973 2099 3072 2170; x_wconf 84' lang='grc' dir='ltr'>τὴν</span> <span class='ocrx_word' id='word_1_289' title='bbox 3098 2100 3344 2170; x_wconf 87' lang='grc' dir='ltr'>ἀγάπην,</span> <span class='ocrx_word' id='word_1_290' title='bbox 3379 2099 3677 2168; x_wconf 76' lang='grc' dir='ltr'>ποιοῦμεν,</span> 
     </span>
    </p>
   </div>
   <div class='ocr_carea' id='block_1_30' title="bbox 401 2191 3687 2273">
    <p class='ocr_par' dir='ltr' id='par_1_30' title="bbox 401 2191 3687 2273">
     <span class='ocr_line' id='line_1_30' title="bbox 401 2191 3687 2273; baseline -0.003 -18"><span class='ocrx_word' id='word_1_291' title='bbox 401 2203 538 2273; x_wconf 86' lang='grc' dir='ltr'>(είθε</span> <span class='ocrx_word' id='word_1_292' title='bbox 593 2203 689 2255; x_wconf 70' lang='grc' dir='ltr'>καὶ</span> <span class='ocrx_word' id='word_1_293' title='bbox 729 2201 804 2272; x_wconf 87' lang='grc' dir='ltr'>μὴ</span> <span class='ocrx_word' id='word_1_294' title='bbox 847 2200 1003 2254; x_wconf 88' lang='grc' dir='ltr'>λύσοι</span> <span class='ocrx_word' id='word_1_295' title='bbox 1057 2199 1159 2270; x_wconf 78' lang='grc' dir='ltr'>τὴν</span> <span class='ocrx_word' id='word_1_296' title='bbox 1215 2198 1500 2267; x_wconf 88' lang='grc' dir='ltr'>γλῶσσαν,</span> <span class='ocrx_word' id='word_1_297' title='bbox 1543 2201 1635 2250; x_wconf 74' lang='grc' dir='ltr'>καὶ</span> <span class='ocrx_word' id='word_1_298' title='bbox 1681 2197 1805 2251; x_wconf 80' lang='grc' dir='ltr'>οὔτε</span> <span class='ocrx_word' id='word_1_299' title='bbox 1836 2200 1984 2269; x_wconf 80' lang='grc' dir='ltr'>ἡμᾶς</span> <span class='ocrx_word' id='word_1_300' title='bbox 2085 2193 2222 2263; x_wconf 77' lang='grc' dir='ltr'>ὅπερ</span> <span class='ocrx_word' id='word_1_301' title='bbox 2272 2192 2373 2246; x_wconf 89' lang='grc' dir='ltr'>οὐκ</span> <span class='ocrx_word' id='word_1_302' title='bbox 2423 2193 2653 2256; x_wconf 84' lang='grc' dir='ltr'>ἐκεῖνος,</span> <span class='ocrx_word' id='word_1_303' title='bbox 2707 2191 3222 2263; x_wconf 88' lang='grc' dir='ltr'>προσαγορεύοντες</span> <span class='ocrx_word' id='word_1_304' title='bbox 3279 2192 3466 2246; x_wconf 83' lang='grc' dir='ltr'>αὐτόν.</span> <span class='ocrx_word' id='word_1_305' title='bbox 3537 2191 3687 2244; x_wconf 83' lang='grc' dir='ltr'>Ἀλλ’</span> 
     </span>
    </p>
   </div>
   <div class='ocr_carea' id='block_1_31' title="bbox 399 2289 1982 2364">
    <p class='ocr_par' dir='ltr' id='par_1_31' title="bbox 399 2289 1982 2364">
     <span class='ocr_line' id='line_1_31' title="bbox 399 2289 1982 2364; baseline -0.002 -18"><span class='ocrx_word' id='word_1_306' title='bbox 399 2294 604 2364; x_wconf 82' lang='grc' dir='ltr'>ἀφήσει</span> <span class='ocrx_word' id='word_1_307' title='bbox 634 2293 730 2346; x_wconf 88' lang='grc' dir='ltr'>τοῦ</span> <span class='ocrx_word' id='word_1_308' title='bbox 766 2291 1137 2357; x_wconf 80' lang='grc' dir='ltr'>κατακλύσαι,</span> <span class='ocrx_word' id='word_1_309' title='bbox 1177 2291 1274 2345; x_wconf 73' lang='grc' dir='ltr'>καὶ</span> <span class='ocrx_word' id='word_1_310' title='bbox 1324 2291 1487 2360; x_wconf 87' lang='grc' dir='ltr'>ήμεῖς</span> <span class='ocrx_word' id='word_1_311' title='bbox 1537 2289 1982 2360; x_wconf 84' lang='grc' dir='ltr'>αίσθησὸμεθα)⁶</span> 
     </span>
    </p>
   </div>
   <div class='ocr_carea' id='block_1_32' title="bbox 400 2380 1984 2454">
    <p class='ocr_par' dir='ltr' id='par_1_32' title="bbox 400 2380 1984 2454">
     <span class='ocr_line' id='line_1_32' title="bbox 400 2380 1984 2454; baseline -0.001 -17"><span class='ocrx_word' id='word_1_312' title='bbox 400 2383 605 2454; x_wconf 76' lang='grc' dir='ltr'>ὁμοίως</span> <span class='ocrx_word' id='word_1_313' title='bbox 653 2383 872 2437; x_wconf 77' lang='grc' dir='ltr'>καὶτὸν</span> <span class='ocrx_word' id='word_1_314' title='bbox 920 2382 1152 2450; x_wconf 80' lang='grc' dir='ltr'>ἀδελφὸν</span> <span class='ocrx_word' id='word_1_315' title='bbox 1202 2381 1298 2437; x_wconf 90' lang='grc' dir='ltr'>καί</span> <span class='ocrx_word' id='word_1_316' title='bbox 1352 2397 1485 2436; x_wconf 91' lang='grc' dir='ltr'>ποτε</span> <span class='ocrx_word' id='word_1_317' title='bbox 1541 2380 1844 2451; x_wconf 82' lang='grc' dir='ltr'>σύντροφόν</span> <span class='ocrx_word' id='word_1_318' title='bbox 1881 2399 1984 2451; x_wconf 91' lang='grc' dir='ltr'>μου</span> 
     </span>
    </p>
   </div>
   <div class='ocr_carea' id='block_1_33' title="bbox 401 2473 1983 2544">
    <p class='ocr_par' dir='ltr' id='par_1_33' title="bbox 401 2473 1983 2544">
     <span class='ocr_line' id='line_1_33' title="bbox 401 2473 1983 2544; baseline -0.003 -14"><span class='ocrx_word' id='word_1_319' title='bbox 401 2478 494 2530; x_wconf 68' lang='grc' dir='ltr'>τον</span> <span class='ocrx_word' id='word_1_320' title='bbox 521 2477 710 2543; x_wconf 87' lang='grc' dir='ltr'>δεῖνα,</span> <span class='ocrx_word' id='word_1_321' title='bbox 753 2476 847 2528; x_wconf 72' lang='grc' dir='ltr'>τὸν</span> <span class='ocrx_word' id='word_1_322' title='bbox 884 2478 977 2529; x_wconf 79' lang='grc' dir='ltr'>καὶ</span> <span class='ocrx_word' id='word_1_323' title='bbox 1015 2475 1180 2528; x_wconf 77' lang='grc' dir='ltr'>αὐτὸν</span> <span class='ocrx_word' id='word_1_324' title='bbox 1227 2476 1292 2526; x_wconf 86' lang='grc' dir='ltr'>ἐκ</span> <span class='ocrx_word' id='word_1_325' title='bbox 1345 2474 1444 2539; x_wconf 84' lang='grc' dir='ltr'>τῆς</span> <span class='ocrx_word' id='word_1_326' title='bbox 1497 2473 1792 2544; x_wconf 75' lang='grc' dir='ltr'>ἐύδομάδος</span> <span class='ocrx_word' id='word_1_327' title='bbox 1840 2493 1943 2544; x_wconf 90' lang='grc' dir='ltr'>μου</span> <span class='ocrx_word' id='word_1_328' title='bbox 1969 2489 1983 2503; x_wconf 72' lang='grc' dir='ltr'><strong>ο</strong></span> 
     </span>
    </p>
   </div>
   <div class='ocr_carea' id='block_1_34' title="bbox 404 2563 1986 2635">
    <p class='ocr_par' dir='ltr' id='par_1_34' title="bbox 404 2563 1986 2635">
     <span class='ocr_line' id='line_1_34' title="bbox 404 2563 1986 2635; baseline -0.001 -16"><span class='ocrx_word' id='word_1_329' title='bbox 404 2567 486 2620; x_wconf 79' lang='grc' dir='ltr'>ἐτι</span> <span class='ocrx_word' id='word_1_330' title='bbox 522 2566 631 2635; x_wconf 83' lang='grc' dir='ltr'>γάρ</span> <span class='ocrx_word' id='word_1_331' title='bbox 658 2564 970 2634; x_wconf 88' lang='grc' dir='ltr'>οίκειοῦμαι</span> <span class='ocrx_word' id='word_1_332' title='bbox 1005 2565 1175 2634; x_wconf 81' lang='grc' dir='ltr'>αὐτὴν</span> <span class='ocrx_word' id='word_1_333' title='bbox 1201 2605 1219 2630; x_wconf 93' lang='grc'>,</span> <span class='ocrx_word' id='word_1_334' title='bbox 1266 2565 1361 2618; x_wconf 75' lang='grc' dir='ltr'>καὶ</span> <span class='ocrx_word' id='word_1_335' title='bbox 1414 2563 1536 2618; x_wconf 89' lang='grc' dir='ltr'>οὐδέ</span> <span class='ocrx_word' id='word_1_336' title='bbox 1590 2563 1876 2634; x_wconf 85' lang='grc' dir='ltr'>παύσομαι</span> <span class='ocrx_word' id='word_1_337' title='bbox 1906 2565 1986 2618; x_wconf 79' lang='lat' dir='ltr'>ol-</span> 
     </span>
    </p>
   </div>
   <div class='ocr_carea' id='block_1_35' title="bbox 404 2651 1989 2725">
    <p class='ocr_par' dir='ltr' id='par_1_35' title="bbox 404 2651 1989 2725">
     <span class='ocr_line' id='line_1_35' title="bbox 404 2651 1989 2725; baseline -0.003 -17"><span class='ocrx_word' id='word_1_338' title='bbox 404 2656 726 2725; x_wconf 81' lang='grc' dir='ltr'>κειούμενος</span> <span class='ocrx_word' id='word_1_339' title='bbox 752 2693 768 2720; x_wconf 94' lang='grc'>,</span> <span class='ocrx_word' id='word_1_340' title='bbox 799 2655 895 2706; x_wconf 77' lang='grc' dir='ltr'>καὶ</span> <span class='ocrx_word' id='word_1_341' title='bbox 937 2651 1024 2705; x_wconf 83' lang='grc' dir='ltr'>ἐπ’</span> <span class='ocrx_word' id='word_1_342' title='bbox 1056 2654 1196 2723; x_wconf 83' lang='grc' dir='ltr'>αὐτῇ</span> <span class='ocrx_word' id='word_1_343' title='bbox 1235 2652 1622 2722; x_wconf 83' lang='grc' dir='ltr'>καυχώμενος.</span> <span class='ocrx_word' id='word_1_344' title='bbox 1655 2651 1989 2723; x_wconf 87' lang='grc' dir='ltr'>Προσφωνή-</span> 
     </span>
    </p>
   </div>
   <div class='ocr_carea' id='block_1_36' title="bbox 406 2743 1985 2816">
    <p class='ocr_par' dir='ltr' id='par_1_36' title="bbox 406 2743 1985 2816">
     <span class='ocr_line' id='line_1_36' title="bbox 406 2743 1985 2816; baseline -0.003 -17"><span class='ocrx_word' id='word_1_345' title='bbox 406 2763 535 2800; x_wconf 91' lang='grc' dir='ltr'>σατε</span> <span class='ocrx_word' id='word_1_346' title='bbox 560 2745 756 2816; x_wconf 86' lang='grc' dir='ltr'>δικαίῳ</span> <span class='ocrx_word' id='word_1_347' title='bbox 787 2744 946 2814; x_wconf 83' lang='grc' dir='ltr'>ήμῶν</span> <span class='ocrx_word' id='word_1_348' title='bbox 977 2745 1076 2797; x_wconf 77' lang='grc' dir='ltr'>καὶ</span> <span class='ocrx_word' id='word_1_349' title='bbox 1115 2745 1243 2806; x_wconf 85' lang='grc' dir='ltr'>τούς</span> <span class='ocrx_word' id='word_1_350' title='bbox 1274 2743 1369 2797; x_wconf 87' lang='grc' dir='ltr'>τοῦ</span> <span class='ocrx_word' id='word_1_351' title='bbox 1397 2743 1706 2813; x_wconf 86' lang='grc' dir='ltr'>μακαρίτου</span> <span class='ocrx_word' id='word_1_352' title='bbox 1734 2743 1985 2814; x_wconf 79' lang='grc' dir='ltr'>Λήμνουο</span> 
     </span>
    </p>
   </div>
   <div class='ocr_carea' id='block_1_37' title="bbox 405 2836 1990 2908">
    <p class='ocr_par' dir='ltr' id='par_1_37' title="bbox 405 2836 1990 2908">
     <span class='ocr_line' id='line_1_37' title="bbox 405 2836 1990 2908; baseline -0.001 -16"><span class='ocrx_word' id='word_1_353' title='bbox 405 2839 503 2894; x_wconf 73' lang='grc' dir='ltr'>καὶ</span> <span class='ocrx_word' id='word_1_354' title='bbox 545 2839 676 2900; x_wconf 84' lang='grc' dir='ltr'>τούς</span> <span class='ocrx_word' id='word_1_355' title='bbox 707 2839 912 2900; x_wconf 87' lang='grc' dir='ltr'>καλούς</span> <span class='ocrx_word' id='word_1_356' title='bbox 966 2836 1073 2906; x_wconf 88' lang='grc' dir='ltr'>μού</span> <span class='ocrx_word' id='word_1_357' title='bbox 1129 2852 1265 2890; x_wconf 86' lang='grc' dir='ltr'>ποτε</span> <span class='ocrx_word' id='word_1_358' title='bbox 1304 2836 1668 2908; x_wconf 84' lang='grc' dir='ltr'>συντρόφους,</span> <span class='ocrx_word' id='word_1_359' title='bbox 1711 2838 1843 2900; x_wconf 78' lang='grc' dir='ltr'>τοὺς</span> <span class='ocrx_word' id='word_1_360' title='bbox 1888 2837 1990 2908; x_wconf 80' lang='grc' dir='ltr'>τῆς</span> 
     </span>
    </p>
   </div>
   <div class='ocr_carea' id='block_1_38' title="bbox 407 2928 1994 3000">
    <p class='ocr_par' dir='ltr' id='par_1_38' title="bbox 407 2928 1994 3000">
     <span class='ocr_line' id='line_1_38' title="bbox 407 2928 1994 3000; baseline 0.001 -17"><span class='ocrx_word' id='word_1_361' title='bbox 407 2930 751 3000; x_wconf 88' lang='grc' dir='ltr'>εὐεργέτιδός</span> <span class='ocrx_word' id='word_1_362' title='bbox 782 2946 885 3000; x_wconf 91' lang='grc' dir='ltr'>μου</span> <span class='ocrx_word' id='word_1_363' title='bbox 921 2928 1085 2998; x_wconf 85' lang='grc' dir='ltr'>ἀγίας</span> <span class='ocrx_word' id='word_1_364' title='bbox 1120 2928 1412 3000; x_wconf 88' lang='grc' dir='ltr'>Εὐφημίας</span> <span class='ocrx_word' id='word_1_365' title='bbox 1443 2928 1768 2998; x_wconf 77' lang='grc' dir='ltr'>κληρικούςο</span> <span class='ocrx_word' id='word_1_366' title='bbox 1803 2929 1854 2982; x_wconf 84' lang='grc' dir='ltr'>οἳ</span> <span class='ocrx_word' id='word_1_367' title='bbox 1897 2932 1994 2984; x_wconf 74' lang='grc' dir='ltr'>καὶ</span> 
     </span>
    </p>
   </div>
   <div class='ocr_carea' id='block_1_39' title="bbox 407 3018 1994 3092">
    <p class='ocr_par' dir='ltr' id='par_1_39' title="bbox 407 3018 1994 3092">
     <span class='ocr_line' id='line_1_39' title="bbox 407 3018 1994 3092; baseline 0 -17"><span class='ocrx_word' id='word_1_368' title='bbox 407 3022 830 3092; x_wconf 86' lang='grc' dir='ltr'>γινωσκέτωσαν</span> <span class='ocrx_word' id='word_1_369' title='bbox 854 3059 870 3085; x_wconf 97' lang='grc'>,</span> <span class='ocrx_word' id='word_1_370' title='bbox 919 3019 1002 3073; x_wconf 82' lang='grc' dir='ltr'>ὅτι</span> <span class='ocrx_word' id='word_1_371' title='bbox 1031 3059 1046 3083; x_wconf 96' lang='grc'>,</span> <span class='ocrx_word' id='word_1_372' title='bbox 1086 3018 1275 3090; x_wconf 83' lang='grc' dir='ltr'>ὥσπερ</span> <span class='ocrx_word' id='word_1_373' title='bbox 1341 3021 1442 3074; x_wconf 89' lang='grc' dir='ltr'>οὐκ</span> <span class='ocrx_word' id='word_1_374' title='bbox 1497 3020 1737 3090; x_wconf 85' lang='grc' dir='ltr'>ἐμαυτοῦ</span> <span class='ocrx_word' id='word_1_375' title='bbox 1764 3063 1779 3088; x_wconf 94' lang='grc'>,</span> <span class='ocrx_word' id='word_1_376' title='bbox 1816 3021 1994 3088; x_wconf 74' lang='grc' dir='ltr'>οὑτως</span> 
     </span>
    </p>
   </div>
   <div class='ocr_carea' id='block_1_40' title="bbox 407 3110 1994 3183">
    <p class='ocr_par' dir='ltr' id='par_1_40' title="bbox 407 3110 1994 3183">
     <span class='ocr_line' id='line_1_40' title="bbox 407 3110 1994 3183; baseline -0.001 -16"><span class='ocrx_word' id='word_1_377' title='bbox 407 3113 531 3167; x_wconf 89' lang='grc' dir='ltr'>οὐδέ</span> <span class='ocrx_word' id='word_1_378' title='bbox 579 3111 764 3167; x_wconf 85' lang='grc' dir='ltr'>αὐτῶν</span> <span class='ocrx_word' id='word_1_379' title='bbox 819 3110 1275 3180; x_wconf 82' lang='grc' dir='ltr'>ἐπιλανθάνομαι.</span> <span class='ocrx_word' id='word_1_380' title='bbox 1331 3112 1392 3164; x_wconf 78' lang='lat' dir='ltr'>El</span> <span class='ocrx_word' id='word_1_381' title='bbox 1449 3111 1505 3165; x_wconf 75' lang='grc' dir='ltr'>δὲ</span> <span class='ocrx_word' id='word_1_382' title='bbox 1567 3115 1645 3183; x_wconf 85' lang='grc' dir='ltr'>μὴ</span> <span class='ocrx_word' id='word_1_383' title='bbox 1703 3113 1798 3166; x_wconf 79' lang='grc' dir='ltr'>καὶ</span> <span class='ocrx_word' id='word_1_384' title='bbox 1857 3113 1994 3183; x_wconf 70' lang='grc' dir='ltr'>πρὸς</span> 
     </span>
    </p>
   </div>
   <div class='ocr_carea' id='block_1_41' title="bbox 2085 2278 3691 2352">
    <p class='ocr_par' dir='ltr' id='par_1_41' title="bbox 2085 2278 3691 2352">
     <span class='ocr_line' id='line_1_41' title="bbox 2085 2278 3691 2352; baseline 0 -17"><span class='ocrx_word' id='word_1_385' title='bbox 2085 2278 2198 2347; x_wconf 74' lang='grc' dir='ltr'>οἷός</span> <span class='ocrx_word' id='word_1_386' title='bbox 2241 2299 2310 2352; x_wconf 90' lang='grc' dir='ltr'>με</span> <span class='ocrx_word' id='word_1_387' title='bbox 2343 2281 2633 2350; x_wconf 82' lang='grc' dir='ltr'>διεξέφυγε</span> <span class='ocrx_word' id='word_1_388' title='bbox 2689 2283 2843 2352; x_wconf 87' lang='grc' dir='ltr'>παρὰ</span> <span class='ocrx_word' id='word_1_389' title='bbox 2889 2281 3064 2352; x_wconf 82' lang='grc' dir='ltr'>βραχὺ</span> <span class='ocrx_word' id='word_1_390' title='bbox 3124 2281 3404 2351; x_wconf 79' lang='grc' dir='ltr'>Ῥαδηνδς,</span> <span class='ocrx_word' id='word_1_391' title='bbox 3438 2285 3467 2336; x_wconf 91' lang='lat'>6</span> <span class='ocrx_word' id='word_1_392' title='bbox 3501 2281 3691 2335; x_wconf 75' lang='grc' dir='ltr'>κάλλο-</span> 
     </span>
    </p>
   </div>
   <div class='ocr_carea' id='block_1_42' title="bbox 2091 2375 3690 2446">
    <p class='ocr_par' dir='ltr' id='par_1_42' title="bbox 2091 2375 3690 2446">
     <span class='ocr_line' id='line_1_42' title="bbox 2091 2375 3690 2446; baseline 0 -17"><span class='ocrx_word' id='word_1_393' title='bbox 2091 2393 2217 2439; x_wconf 87' lang='grc' dir='ltr'>στος</span> <span class='ocrx_word' id='word_1_394' title='bbox 2245 2376 2423 2446; x_wconf 85' lang='grc' dir='ltr'>φίλος,</span> <span class='ocrx_word' id='word_1_395' title='bbox 2458 2376 2486 2428; x_wconf 89' lang='grc' dir='ltr'>ὁ</span> <span class='ocrx_word' id='word_1_396' title='bbox 2517 2375 2612 2428; x_wconf 70' lang='grc' dir='ltr'>καὶ</span> <span class='ocrx_word' id='word_1_397' title='bbox 2651 2375 2861 2444; x_wconf 79' lang='grc' dir='ltr'>γλυκὺς</span> <span class='ocrx_word' id='word_1_398' title='bbox 2907 2377 3107 2440; x_wconf 82' lang='grc' dir='ltr'>είπεῖν,</span> <span class='ocrx_word' id='word_1_399' title='bbox 3142 2375 3238 2429; x_wconf 74' lang='grc' dir='ltr'>καὶ</span> <span class='ocrx_word' id='word_1_400' title='bbox 3269 2375 3477 2446; x_wconf 78' lang='grc' dir='ltr'>πρᾶξαι</span> <span class='ocrx_word' id='word_1_401' title='bbox 3509 2376 3690 2444; x_wconf 79' lang='grc' dir='ltr'>ταχὺς</span> 
     </span>
    </p>
   </div>
   <div class='ocr_carea' id='block_1_43' title="bbox 2090 2467 3685 2539">
    <p class='ocr_par' dir='ltr' id='par_1_43' title="bbox 2090 2467 3685 2539">
     <span class='ocr_line' id='line_1_43' title="bbox 2090 2467 3685 2539; baseline 0 -19"><span class='ocrx_word' id='word_1_402' title='bbox 2090 2469 2188 2520; x_wconf 56' lang='grc' dir='ltr'>καί¹</span> <span class='ocrx_word' id='word_1_403' title='bbox 2221 2469 2488 2539; x_wconf 88' lang='grc' dir='ltr'>ἐπιτυχής</span> <span class='ocrx_word' id='word_1_404' title='bbox 2514 2484 2527 2497; x_wconf 90' lang='grc'><strong>·</strong></span> <span class='ocrx_word' id='word_1_405' title='bbox 2565 2469 2595 2520; x_wconf 87' lang='lat'>6</span> <span class='ocrx_word' id='word_1_406' title='bbox 2629 2467 2832 2539; x_wconf 78' lang='grc' dir='ltr'>θερμὸς</span> <span class='ocrx_word' id='word_1_407' title='bbox 2901 2468 3287 2536; x_wconf 80' lang='grc' dir='ltr'>εὐεργετῆσαι,</span> <span class='ocrx_word' id='word_1_408' title='bbox 3331 2471 3429 2523; x_wconf 72' lang='grc' dir='ltr'>καὶ</span> <span class='ocrx_word' id='word_1_409' title='bbox 3461 2471 3543 2530; x_wconf 82' lang='grc' dir='ltr'>εἰς</span> <span class='ocrx_word' id='word_1_410' title='bbox 3578 2469 3685 2521; x_wconf 86' lang='grc' dir='ltr'>ἀν-</span> 
     </span>
    </p>
   </div>
   <div class='ocr_carea' id='block_1_44' title="bbox 2090 2558 3692 2630">
    <p class='ocr_par' dir='ltr' id='par_1_44' title="bbox 2090 2558 3692 2630">
     <span class='ocr_line' id='line_1_44' title="bbox 2090 2558 3692 2630; baseline 0 -18"><span class='ocrx_word' id='word_1_411' title='bbox 2090 2559 2420 2630; x_wconf 84' lang='grc' dir='ltr'>τιληπτικὴν</span> <span class='ocrx_word' id='word_1_412' title='bbox 2459 2558 2836 2630; x_wconf 85' lang='grc' dir='ltr'>χειραγωγίαν</span> <span class='ocrx_word' id='word_1_413' title='bbox 2861 2559 3150 2630; x_wconf 84' lang='grc' dir='ltr'>εὑδρομος.</span> <span class='ocrx_word' id='word_1_414' title='bbox 3211 2559 3351 2614; x_wconf 81' lang='grc' dir='ltr'>Ἀλλ’</span> <span class='ocrx_word' id='word_1_415' title='bbox 3381 2559 3462 2622; x_wconf 84' lang='grc' dir='ltr'>είς</span> <span class='ocrx_word' id='word_1_416' title='bbox 3489 2560 3692 2614; x_wconf 86' lang='grc' dir='ltr'>τοῦτον</span> 
     </span>
    </p>
   </div>
   <div class='ocr_carea' id='block_1_45' title="bbox 2091 2651 3689 2725">
    <p class='ocr_par' dir='ltr' id='par_1_45' title="bbox 2091 2651 3689 2725">
     <span class='ocr_line' id='line_1_45' title="bbox 2091 2651 3689 2725; baseline 0.001 -21"><span class='ocrx_word' id='word_1_417' title='bbox 2091 2651 2243 2706; x_wconf 80' lang='grc' dir='ltr'>οὐδὲν</span> <span class='ocrx_word' id='word_1_418' title='bbox 2272 2653 2381 2723; x_wconf 80' lang='grc' dir='ltr'>χρὴ</span> <span class='ocrx_word' id='word_1_419' title='bbox 2407 2653 2732 2718; x_wconf 82' lang='grc' dir='ltr'>κοπωθῆναι</span> <span class='ocrx_word' id='word_1_420' title='bbox 2748 2653 2918 2723; x_wconf 79' lang='grc' dir='ltr'>ἡμᾶς.</span> <span class='ocrx_word' id='word_1_421' title='bbox 2968 2654 3110 2707; x_wconf 83' lang='grc' dir='ltr'>Ἀλλ’</span> <span class='ocrx_word' id='word_1_422' title='bbox 3132 2656 3160 2707; x_wconf 93' lang='lat'>6</span> <span class='ocrx_word' id='word_1_423' title='bbox 3181 2653 3379 2725; x_wconf 84' lang='grc' dir='ltr'>κύριος</span> <span class='ocrx_word' id='word_1_424' title='bbox 3404 2653 3689 2720; x_wconf 86' lang='grc' dir='ltr'>Στέφανος</span> 
     </span>
    </p>
   </div>
   <div class='ocr_carea' id='block_1_46' title="bbox 2091 2743 3691 2815">
    <p class='ocr_par' dir='ltr' id='par_1_46' title="bbox 2091 2743 3691 2815">
     <span class='ocr_line' id='line_1_46' title="bbox 2091 2743 3691 2815; baseline 0.001 -19"><span class='ocrx_word' id='word_1_425' title='bbox 2091 2743 2191 2814; x_wconf 80' lang='grc' dir='ltr'>τὴν</span> <span class='ocrx_word' id='word_1_426' title='bbox 2247 2744 2650 2815; x_wconf 79' lang='grc' dir='ltr'>ἐξαδελφότητα</span> <span class='ocrx_word' id='word_1_427' title='bbox 2706 2746 3082 2814; x_wconf 78' lang='grc' dir='ltr'>δυσωπηθεὶς,</span> <span class='ocrx_word' id='word_1_428' title='bbox 3143 2744 3364 2814; x_wconf 78' lang='grc' dir='ltr'>ἀμυδρᾷ</span> <span class='ocrx_word' id='word_1_429' title='bbox 3426 2744 3528 2813; x_wconf 83' lang='grc' dir='ltr'>μὲν</span> <span class='ocrx_word' id='word_1_430' title='bbox 3587 2746 3691 2798; x_wconf 62' lang='grc' dir='ltr'>καὶ</span> 
     </span>
    </p>
   </div>
   <div class='ocr_carea' id='block_1_47' title="bbox 2095 2831 3694 2908">
    <p class='ocr_par' dir='ltr' id='par_1_47' title="bbox 2095 2831 3694 2908">
     <span class='ocr_line' id='line_1_47' title="bbox 2095 2831 3694 2908; baseline -0.001 -18"><span class='ocrx_word' id='word_1_431' title='bbox 2095 2836 2388 2907; x_wconf 78' lang='grc' dir='ltr'>φειδομένῃ</span> <span class='ocrx_word' id='word_1_432' title='bbox 2448 2840 2514 2906; x_wconf 85' lang='grc' dir='ltr'>τῇ</span> <span class='ocrx_word' id='word_1_433' title='bbox 2569 2839 2747 2908; x_wconf 76' lang='grc' dir='ltr'>φωνῇ,</span> <span class='ocrx_word' id='word_1_434' title='bbox 2814 2835 3254 2907; x_wconf 86' lang='grc' dir='ltr'>προσαγορεύσει</span> <span class='ocrx_word' id='word_1_435' title='bbox 3312 2835 3360 2888; x_wconf 86' lang='grc' dir='ltr'>δ’</span> <span class='ocrx_word' id='word_1_436' title='bbox 3411 2831 3528 2900; x_wconf 77' lang='grc' dir='ltr'>οὗν,</span> <span class='ocrx_word' id='word_1_437' title='bbox 3589 2835 3694 2904; x_wconf 81' lang='grc' dir='ltr'>ἀφ’</span> 
     </span>
    </p>
   </div>
   <div class='ocr_carea' id='block_1_48' title="bbox 2094 2927 3692 3000">
    <p class='ocr_par' dir='ltr' id='par_1_48' title="bbox 2094 2927 3692 3000">
     <span class='ocr_line' id='line_1_48' title="bbox 2094 2927 3692 3000; baseline -0.001 -16"><span class='ocrx_word' id='word_1_438' title='bbox 2094 2932 2254 3000; x_wconf 79' lang='grc' dir='ltr'>ἡμῶν</span> <span class='ocrx_word' id='word_1_439' title='bbox 2293 2930 2602 2998; x_wconf 84' lang='grc' dir='ltr'>ἀπαγαγὼν</span> <span class='ocrx_word' id='word_1_440' title='bbox 2634 2931 2733 2998; x_wconf 83' lang='grc' dir='ltr'>τὴν</span> <span class='ocrx_word' id='word_1_441' title='bbox 2764 2931 2922 3000; x_wconf 81' lang='grc' dir='ltr'>χεῖρα</span> <span class='ocrx_word' id='word_1_442' title='bbox 2961 2928 3135 2999; x_wconf 87' lang='grc' dir='ltr'>βραχύ</span> <span class='ocrx_word' id='word_1_443' title='bbox 3167 2946 3224 2982; x_wconf 93' lang='grc' dir='ltr'>τι</span> <span class='ocrx_word' id='word_1_444' title='bbox 3257 2927 3354 2982; x_wconf 90' lang='grc' dir='ltr'>τοῦ</span> <span class='ocrx_word' id='word_1_445' title='bbox 3390 2928 3692 2997; x_wconf 83' lang='grc' dir='ltr'>στόματος.</span> 
     </span>
    </p>
   </div>
   <div class='ocr_carea' id='block_1_49' title="bbox 2109 3019 3696 3091">
    <p class='ocr_par' dir='ltr' id='par_1_49' title="bbox 2109 3019 3696 3091">
     <span class='ocr_line' id='line_1_49' title="bbox 2109 3019 3696 3091; baseline -0.004 -14"><span class='ocrx_word' id='word_1_446' title='bbox 2109 3021 2171 3077; x_wconf 83' lang='lat'><strong>&#39;0</strong></span> <span class='ocrx_word' id='word_1_447' title='bbox 2207 3021 2571 3091; x_wconf 80' lang='grc' dir='ltr'>Ἀντιοχείτης</span> <span class='ocrx_word' id='word_1_448' title='bbox 2599 3021 2680 3087; x_wconf 73' lang='grc' dir='ltr'>είς</span> <span class='ocrx_word' id='word_1_449' title='bbox 2708 3021 3081 3090; x_wconf 81' lang='grc' dir='ltr'>μελαντηρίαν</span> <span class='ocrx_word' id='word_1_450' title='bbox 3113 3020 3208 3073; x_wconf 81' lang='grc' dir='ltr'>ἐπὶ</span> <span class='ocrx_word' id='word_1_451' title='bbox 3239 3020 3452 3082; x_wconf 85' lang='grc' dir='ltr'>τούτοις</span> <span class='ocrx_word' id='word_1_452' title='bbox 3479 3019 3696 3088; x_wconf 81' lang='grc' dir='ltr'>βάπτε-</span> 
     </span>
    </p>
   </div>
   <div class='ocr_carea' id='block_1_50' title="bbox 2096 3111 3690 3188">
    <p class='ocr_par' dir='ltr' id='par_1_50' title="bbox 2096 3111 3690 3188">
     <span class='ocr_line' id='line_1_50' title="bbox 2096 3111 3690 3188; baseline 0.006 -24"><span class='ocrx_word' id='word_1_453' title='bbox 2096 3132 2210 3182; x_wconf 84' lang='grc' dir='ltr'>ται,</span> <span class='ocrx_word' id='word_1_454' title='bbox 2239 3115 2407 3169; x_wconf 83' lang='grc' dir='ltr'>πολὺν</span> <span class='ocrx_word' id='word_1_455' title='bbox 2440 3115 2884 3188; x_wconf 79' lang='grc' dir='ltr'>προὸεὸλημένος</span> <span class='ocrx_word' id='word_1_456' title='bbox 2905 3116 2996 3170; x_wconf 87' lang='grc' dir='ltr'>τοῦ</span> <span class='ocrx_word' id='word_1_457' title='bbox 3027 3117 3328 3188; x_wconf 83' lang='grc' dir='ltr'>προσώπου</span> <span class='ocrx_word' id='word_1_458' title='bbox 3365 3119 3454 3170; x_wconf 82' lang='grc' dir='ltr'>τὸν</span> <span class='ocrx_word' id='word_1_459' title='bbox 3476 3111 3690 3187; x_wconf 80' lang='grc' dir='ltr'>ὣχρον.</span> 
     </span>
    </p>
   </div>
   <div class='ocr_carea' id='block_1_51' title="bbox 406 3204 3698 3288">
    <p class='ocr_par' dir='ltr' id='par_1_51' title="bbox 406 3204 3698 3288">
     <span class='ocr_line' id='line_1_51' title="bbox 406 3204 3698 3288; baseline 0.002 -31"><span class='ocrx_word' id='word_1_460' title='bbox 406 3207 642 3274; x_wconf 80' lang='grc' dir='ltr'>πρᾶγμα</span> <span class='ocrx_word' id='word_1_461' title='bbox 696 3205 980 3273; x_wconf 87' lang='grc' dir='ltr'>ἐκφαίνειν</span> <span class='ocrx_word' id='word_1_462' title='bbox 1029 3204 1189 3256; x_wconf 83' lang='grc' dir='ltr'>τοῦτο</span> <span class='ocrx_word' id='word_1_463' title='bbox 1222 3204 1540 3273; x_wconf 82' lang='grc' dir='ltr'>δεδύνημαι,</span> <span class='ocrx_word' id='word_1_464' title='bbox 1593 3205 1748 3258; x_wconf 83' lang='grc' dir='ltr'>οὐδὲν</span> <span class='ocrx_word' id='word_1_465' title='bbox 1781 3205 1991 3276; x_wconf 75' lang='grc' dir='ltr'>θαῦμαο</span> <span class='ocrx_word' id='word_1_466' title='bbox 2024 3231 2069 3288; x_wconf 75' lang='lat' dir='ltr'>c</span> <span class='ocrx_word' id='word_1_467' title='bbox 2099 3208 2194 3260; x_wconf 82' lang='grc' dir='ltr'>καὶ</span> <span class='ocrx_word' id='word_1_468' title='bbox 2224 3207 2350 3270; x_wconf 85' lang='grc' dir='ltr'>τοὺς</span> <span class='ocrx_word' id='word_1_469' title='bbox 2381 3207 2700 3278; x_wconf 78' lang='grc' dir='ltr'>ὀφθαλμοὺς</span> <span class='ocrx_word' id='word_1_470' title='bbox 2732 3210 2920 3278; x_wconf 82' lang='grc' dir='ltr'>ἀγριοῖ</span> <span class='ocrx_word' id='word_1_471' title='bbox 2953 3213 3204 3278; x_wconf 83' lang='grc' dir='ltr'>συνάγων</span> <span class='ocrx_word' id='word_1_472' title='bbox 3254 3212 3334 3272; x_wconf 86' lang='grc' dir='ltr'>είς</span> <span class='ocrx_word' id='word_1_473' title='bbox 3364 3211 3561 3280; x_wconf 80' lang='grc' dir='ltr'>ὀργὴν,</span> <span class='ocrx_word' id='word_1_474' title='bbox 3593 3213 3698 3264; x_wconf 67' lang='grc' dir='ltr'>καὶ</span> 
     </span>
    </p>
   </div>
   <div class='ocr_carea' id='block_1_52' title="bbox 407 3295 1997 3368">
    <p class='ocr_par' dir='ltr' id='par_1_52' title="bbox 407 3295 1997 3368">
     <span class='ocr_line' id='line_1_52' title="bbox 407 3295 1997 3368; baseline -0.001 -16"><span class='ocrx_word' id='word_1_475' title='bbox 407 3296 561 3352; x_wconf 77' lang='grc' dir='ltr'>οῦπω</span> <span class='ocrx_word' id='word_1_476' title='bbox 613 3297 720 3366; x_wconf 68' lang='grc' dir='ltr'>γὰρ</span> <span class='ocrx_word' id='word_1_477' title='bbox 762 3296 974 3366; x_wconf 86' lang='grc' dir='ltr'>καιρός.</span> <span class='ocrx_word' id='word_1_478' title='bbox 1022 3295 1128 3348; x_wconf 89' lang='grc' dir='ltr'>Τὸν</span> <span class='ocrx_word' id='word_1_479' title='bbox 1203 3297 1670 3364; x_wconf 90' lang='grc' dir='ltr'>πανεντιμότατον</span> <span class='ocrx_word' id='word_1_480' title='bbox 1729 3298 1997 3368; x_wconf 87' lang='grc' dir='ltr'>δεσπότην</span> 
     </span>
    </p>
   </div>
   <div class='ocr_carea' id='block_1_53' title="bbox 413 3387 1994 3459">
    <p class='ocr_par' dir='ltr' id='par_1_53' title="bbox 413 3387 1994 3459">
     <span class='ocr_line' id='line_1_53' title="bbox 413 3387 1994 3459; baseline 0.002 -18"><span class='ocrx_word' id='word_1_481' title='bbox 413 3406 516 3458; x_wconf 91' lang='grc' dir='ltr'>μου</span> <span class='ocrx_word' id='word_1_482' title='bbox 551 3389 644 3441; x_wconf 79' lang='grc' dir='ltr'>τὸν</span> <span class='ocrx_word' id='word_1_483' title='bbox 683 3389 976 3441; x_wconf 84' lang='grc' dir='ltr'>σακελλίου</span> <span class='ocrx_word' id='word_1_484' title='bbox 1009 3389 1104 3441; x_wconf 75' lang='grc' dir='ltr'>καὶ</span> <span class='ocrx_word' id='word_1_485' title='bbox 1140 3387 1334 3459; x_wconf 88' lang='grc' dir='ltr'>παρὼν</span> <span class='ocrx_word' id='word_1_486' title='bbox 1363 3388 1736 3459; x_wconf 75' lang='grc' dir='ltr'>ἐσεϐαξόμην,</span> <span class='ocrx_word' id='word_1_487' title='bbox 1770 3392 1866 3444; x_wconf 76' lang='grc' dir='ltr'>καὶ</span> <span class='ocrx_word' id='word_1_488' title='bbox 1898 3393 1994 3444; x_wconf 92' lang='grc' dir='ltr'>νῦν</span> 
     </span>
    </p>
   </div>
   <div class='ocr_carea' id='block_1_54' title="bbox 414 3476 1994 3554">
    <p class='ocr_par' dir='ltr' id='par_1_54' title="bbox 414 3476 1994 3554">
     <span class='ocr_line' id='line_1_54' title="bbox 414 3476 1994 3554; baseline 0.002 -22"><span class='ocrx_word' id='word_1_489' title='bbox 414 3481 518 3534; x_wconf 91' lang='grc' dir='ltr'>οὐκ</span> <span class='ocrx_word' id='word_1_490' title='bbox 542 3480 719 3542; x_wconf 85' lang='grc' dir='ltr'>ἄλλως</span> <span class='ocrx_word' id='word_1_491' title='bbox 743 3480 1052 3548; x_wconf 85' lang='grc' dir='ltr'>διάκειμαι.</span> <span class='ocrx_word' id='word_1_492' title='bbox 1089 3478 1382 3548; x_wconf 87' lang='grc' dir='ltr'>Δηλώσατε</span> <span class='ocrx_word' id='word_1_493' title='bbox 1415 3476 1509 3533; x_wconf 76' lang='grc' dir='ltr'>οὖν</span> <span class='ocrx_word' id='word_1_494' title='bbox 1539 3480 1702 3534; x_wconf 87' lang='grc' dir='ltr'>τοῦτο</span> <span class='ocrx_word' id='word_1_495' title='bbox 1729 3485 1794 3554; x_wconf 81' lang='grc' dir='ltr'>τῇ</span> <span class='ocrx_word' id='word_1_496' title='bbox 1825 3483 1994 3535; x_wconf 87' lang='grc' dir='ltr'>αὐτοῦ</span> 
     </span>
    </p>
   </div>
   <div class='ocr_carea' id='block_1_55' title="bbox 411 3557 1989 3645">
    <p class='ocr_par' dir='ltr' id='par_1_55' title="bbox 411 3557 1989 3645">
     <span class='ocr_line' id='line_1_55' title="bbox 411 3557 1989 3645; baseline 0.002 -21"><span class='ocrx_word' id='word_1_497' title='bbox 411 3574 692 3645; x_wconf 82' lang='grc' dir='ltr'>τιμιότητι</span> <span class='ocrx_word' id='word_1_498' title='bbox 726 3572 1204 3642; x_wconf 84' lang='grc' dir='ltr'>προσκυνητικῶς.</span> <span class='ocrx_word' id='word_1_499' title='bbox 1242 3571 1574 3625; x_wconf 83' lang='grc' dir='ltr'>Γινωσκέτω</span> <span class='ocrx_word' id='word_1_500' title='bbox 1605 3573 1686 3636; x_wconf 80' lang='grc' dir='ltr'>δὲ,</span> <span class='ocrx_word' id='word_1_501' title='bbox 1719 3575 1824 3640; x_wconf 81' lang='grc' dir='ltr'>ὅτι,</span> <span class='ocrx_word' id='word_1_502' title='bbox 1859 3557 1989 3644; x_wconf 61' lang='grc' dir='ltr'>περὶ</span> 
     </span>
    </p>
   </div>
   <div class='ocr_carea' id='block_1_56' title="bbox 410 3657 1995 3734">
    <p class='ocr_par' dir='ltr' id='par_1_56' title="bbox 410 3657 1995 3734">
     <span class='ocr_line' id='line_1_56' title="bbox 410 3657 1995 3734; baseline 0 -18"><span class='ocrx_word' id='word_1_503' title='bbox 410 3657 474 3716; x_wconf 80' lang='grc' dir='ltr'>οὗ</span> <span class='ocrx_word' id='word_1_504' title='bbox 511 3663 1001 3734; x_wconf 87' lang='grc' dir='ltr'>παρηγγέλθημεν,</span> <span class='ocrx_word' id='word_1_505' title='bbox 1062 3662 1355 3732; x_wconf 74' lang='grc' dir='ltr'>ζητοῦντες</span> <span class='ocrx_word' id='word_1_506' title='bbox 1408 3664 1510 3715; x_wconf 88' lang='grc' dir='ltr'>οὐκ</span> <span class='ocrx_word' id='word_1_507' title='bbox 1573 3663 1995 3732; x_wconf 87' lang='grc' dir='ltr'>ἀναπίπτομεν·</span> 
     </span>
    </p>
   </div>
   <div class='ocr_carea' id='block_1_57' title="bbox 408 3757 1999 3828">
    <p class='ocr_par' dir='ltr' id='par_1_57' title="bbox 408 3757 1999 3828">
     <span class='ocr_line' id='line_1_57' title="bbox 408 3757 1999 3828; baseline -0.001 -17"><span class='ocrx_word' id='word_1_508' title='bbox 408 3757 438 3810; x_wconf 81' lang='grc' dir='ltr'><strong>ὃ</strong></span> <span class='ocrx_word' id='word_1_509' title='bbox 485 3758 543 3811; x_wconf 85' lang='grc' dir='ltr'>δὲ</span> <span class='ocrx_word' id='word_1_510' title='bbox 579 3757 832 3825; x_wconf 84' lang='grc' dir='ltr'>θέλομεν,</span> <span class='ocrx_word' id='word_1_511' title='bbox 882 3758 981 3828; x_wconf 91' lang='grc' dir='ltr'>οὐχ</span> <span class='ocrx_word' id='word_1_512' title='bbox 1036 3757 1375 3827; x_wconf 85' lang='grc' dir='ltr'>εὑρίσκομεν</span> <span class='ocrx_word' id='word_1_513' title='bbox 1402 3773 1416 3787; x_wconf 75' lang='grc'><strong><em>⁸</em></strong></span> <span class='ocrx_word' id='word_1_514' title='bbox 1453 3757 1587 3810; x_wconf 82' lang='grc' dir='ltr'>ἀλλὰ</span> <span class='ocrx_word' id='word_1_515' title='bbox 1624 3758 1848 3819; x_wconf 78' lang='grc' dir='ltr'>ἐλπίδας</span> <span class='ocrx_word' id='word_1_516' title='bbox 1901 3757 1999 3826; x_wconf 82' lang='grc' dir='ltr'>μὲν</span> 
     </span>
    </p>
   </div>
   <div class='ocr_carea' id='block_1_58' title="bbox 411 3847 1995 3920">
    <p class='ocr_par' dir='ltr' id='par_1_58' title="bbox 411 3847 1995 3920">
     <span class='ocr_line' id='line_1_58' title="bbox 411 3847 1995 3920; baseline 0 -19"><span class='ocrx_word' id='word_1_517' title='bbox 411 3851 473 3902; x_wconf 87' lang='grc' dir='ltr'>οὐ</span> <span class='ocrx_word' id='word_1_518' title='bbox 526 3849 797 3918; x_wconf 74' lang='grc' dir='ltr'>σταθεράς</span> <span class='ocrx_word' id='word_1_519' title='bbox 850 3849 1048 3919; x_wconf 81' lang='grc' dir='ltr'>ἔχομεν</span> <span class='ocrx_word' id='word_1_520' title='bbox 1108 3847 1476 3920; x_wconf 79' lang='grc' dir='ltr'>ἐξευρίσκειν,</span> <span class='ocrx_word' id='word_1_521' title='bbox 1528 3849 1907 3916; x_wconf 85' lang='grc' dir='ltr'>ἐντελέστερον</span> <span class='ocrx_word' id='word_1_522' title='bbox 1937 3848 1995 3902; x_wconf 82' lang='grc' dir='ltr'>δὲ</span> 
     </span>
    </p>
   </div>
   <div class='ocr_carea' id='block_1_59' title="bbox 411 3937 2001 4009">
    <p class='ocr_par' dir='ltr' id='par_1_59' title="bbox 411 3937 2001 4009">
     <span class='ocr_line' id='line_1_59' title="bbox 411 3937 2001 4009; baseline -0.003 -16"><span class='ocrx_word' id='word_1_523' title='bbox 411 3939 566 3993; x_wconf 79' lang='grc' dir='ltr'>οῦπω</span> <span class='ocrx_word' id='word_1_524' title='bbox 628 3941 779 3993; x_wconf 82' lang='grc' dir='ltr'>οὐδὲν</span> <span class='ocrx_word' id='word_1_525' title='bbox 834 3940 1055 4009; x_wconf 77' lang='grc' dir='ltr'>ἔχομεν.</span> <span class='ocrx_word' id='word_1_526' title='bbox 1103 3939 1162 3992; x_wconf 89' lang='lat'><strong>&#39;0</strong></span> <span class='ocrx_word' id='word_1_527' title='bbox 1215 3939 1549 4004; x_wconf 83' lang='grc' dir='ltr'>λογιώτατος</span> <span class='ocrx_word' id='word_1_528' title='bbox 1600 3937 1922 4000; x_wconf 84' lang='grc' dir='ltr'>διδάσκαλος</span> <span class='ocrx_word' id='word_1_529' title='bbox 1972 3938 2001 3989; x_wconf 86' lang='grc' dir='ltr'>ὁ</span> 
     </span>
    </p>
   </div>
   <div class='ocr_carea' id='block_1_60' title="bbox 411 4027 1999 4098">
    <p class='ocr_par' dir='ltr' id='par_1_60' title="bbox 411 4027 1999 4098">
     <span class='ocr_line' id='line_1_60' title="bbox 411 4027 1999 4098; baseline -0.005 -12"><span class='ocrx_word' id='word_1_530' title='bbox 411 4035 566 4086; x_wconf 75' lang='grc' dir='ltr'>δεῖνα</span> <span class='ocrx_word' id='word_1_531' title='bbox 621 4033 667 4084; x_wconf 84' lang='grc' dir='ltr'>εί</span> <span class='ocrx_word' id='word_1_532' title='bbox 703 4030 797 4083; x_wconf 78' lang='grc' dir='ltr'>καὶ</span> <span class='ocrx_word' id='word_1_533' title='bbox 834 4029 1361 4096; x_wconf 84' lang='grc' dir='ltr'>κατανωτισάμενος</span> <span class='ocrx_word' id='word_1_534' title='bbox 1391 4029 1542 4098; x_wconf 80' lang='grc' dir='ltr'>ἡμᾶς</span> <span class='ocrx_word' id='word_1_535' title='bbox 1594 4027 1763 4089; x_wconf 76' lang='grc' dir='ltr'>ἔοικε,</span> <span class='ocrx_word' id='word_1_536' title='bbox 1816 4027 1999 4092; x_wconf 87' lang='grc' dir='ltr'>λέγειν</span> 
     </span>
    </p>
   </div>
   <div class='ocr_carea' id='block_1_61' title="bbox 415 4117 2001 4189">
    <p class='ocr_par' dir='ltr' id='par_1_61' title="bbox 415 4117 2001 4189">
     <span class='ocr_line' id='line_1_61' title="bbox 415 4117 2001 4189; baseline -0.003 -14"><span class='ocrx_word' id='word_1_537' title='bbox 415 4121 582 4185; x_wconf 81' lang='grc' dir='ltr'>αἰδὼς</span> <span class='ocrx_word' id='word_1_538' title='bbox 621 4122 680 4173; x_wconf 90' lang='grc' dir='ltr'>ἐν</span> <span class='ocrx_word' id='word_1_539' title='bbox 711 4120 1033 4189; x_wconf 76' lang='grc' dir='ltr'>ὀφθαλμοῖςο</span> <span class='ocrx_word' id='word_1_540' title='bbox 1059 4118 1179 4172; x_wconf 79' lang='grc' dir='ltr'>ἀλλ’</span> <span class='ocrx_word' id='word_1_541' title='bbox 1203 4119 1361 4188; x_wconf 85' lang='grc' dir='ltr'>ὑμεῖς</span> <span class='ocrx_word' id='word_1_542' title='bbox 1394 4119 1675 4188; x_wconf 80' lang='grc' dir='ltr'>ἡμετέραν</span> <span class='ocrx_word' id='word_1_543' title='bbox 1701 4117 1848 4187; x_wconf 86' lang='grc' dir='ltr'>αὐτῷ</span> <span class='ocrx_word' id='word_1_544' title='bbox 1880 4118 2001 4171; x_wconf 89' lang='grc' dir='ltr'>δια-</span> 
     </span>
    </p>
   </div>
   <div class='ocr_carea' id='block_1_62' title="bbox 414 4207 2002 4282">
    <p class='ocr_par' dir='ltr' id='par_1_62' title="bbox 414 4207 2002 4282">
     <span class='ocr_line' id='line_1_62' title="bbox 414 4207 2002 4282; baseline -0.004 -15"><span class='ocrx_word' id='word_1_545' title='bbox 414 4210 720 4282; x_wconf 56' lang='grc' dir='ltr'>ημίσασθε</span> <span class='ocrx_word' id='word_1_546' title='bbox 752 4209 1076 4280; x_wconf 74' lang='grc' dir='ltr'>πρόσρησιν,</span> <span class='ocrx_word' id='word_1_547' title='bbox 1134 4208 1251 4278; x_wconf 79' lang='grc' dir='ltr'>άμα</span> <span class='ocrx_word' id='word_1_548' title='bbox 1292 4210 1388 4262; x_wconf 72' lang='grc' dir='ltr'>καὶ</span> <span class='ocrx_word' id='word_1_549' title='bbox 1438 4207 1834 4272; x_wconf 78' lang='grc' dir='ltr'>ὐπολαλοῦντες</span> <span class='ocrx_word' id='word_1_550' title='bbox 1863 4209 2002 4260; x_wconf 81' lang='grc' dir='ltr'>ὀνει-</span> 
     </span>
    </p>
   </div>
   <div class='ocr_carea' id='block_1_63' title="bbox 2102 3300 3694 3375">
    <p class='ocr_par' dir='ltr' id='par_1_63' title="bbox 2102 3300 3694 3375">
     <span class='ocr_line' id='line_1_63' title="bbox 2102 3300 3694 3375; baseline 0.004 -21"><span class='ocrx_word' id='word_1_551' title='bbox 2102 3300 2443 3368; x_wconf 80' lang='grc' dir='ltr'>παραϐλέπει</span> <span class='ocrx_word' id='word_1_552' title='bbox 2477 3303 2580 3371; x_wconf 84' lang='grc' dir='ltr'>τὴν</span> <span class='ocrx_word' id='word_1_553' title='bbox 2611 3303 2929 3371; x_wconf 81' lang='grc' dir='ltr'>ἐπιστολὴν,</span> <span class='ocrx_word' id='word_1_554' title='bbox 2967 3303 3072 3357; x_wconf 85' lang='grc' dir='ltr'>ποῦ</span> <span class='ocrx_word' id='word_1_555' title='bbox 3107 3321 3241 3358; x_wconf 90' lang='grc' dir='ltr'>ποτε</span> <span class='ocrx_word' id='word_1_556' title='bbox 3272 3305 3444 3375; x_wconf 82' lang='grc' dir='ltr'>αὐτῆς</span> <span class='ocrx_word' id='word_1_557' title='bbox 3478 3308 3694 3360; x_wconf 77' lang='grc' dir='ltr'>κεῖται.</span> 
     </span>
    </p>
   </div>
   <div class='ocr_carea' id='block_1_64' title="bbox 2101 3395 3696 3469">
    <p class='ocr_par' dir='ltr' id='par_1_64' title="bbox 2101 3395 3696 3469">
     <span class='ocr_line' id='line_1_64' title="bbox 2101 3395 3696 3469; baseline 0.004 -23"><span class='ocrx_word' id='word_1_558' title='bbox 2101 3395 2209 3446; x_wconf 75' lang='grc' dir='ltr'>Καὶ</span> <span class='ocrx_word' id='word_1_559' title='bbox 2245 3395 2356 3449; x_wconf 82' lang='grc' dir='ltr'>ἰδοῦ</span> <span class='ocrx_word' id='word_1_560' title='bbox 2404 3396 2501 3449; x_wconf 79' lang='grc' dir='ltr'>καὶ</span> <span class='ocrx_word' id='word_1_561' title='bbox 2535 3396 2698 3459; x_wconf 83' lang='grc' dir='ltr'>αὐτὸς</span> <span class='ocrx_word' id='word_1_562' title='bbox 2736 3399 2832 3449; x_wconf 69' lang='grc' dir='ltr'>καὶ</span> <span class='ocrx_word' id='word_1_563' title='bbox 2879 3397 3048 3467; x_wconf 84' lang='grc' dir='ltr'>ἐχέτω</span> <span class='ocrx_word' id='word_1_564' title='bbox 3078 3399 3282 3461; x_wconf 82' lang='grc' dir='ltr'>καλῶς,</span> <span class='ocrx_word' id='word_1_565' title='bbox 3318 3399 3696 3469; x_wconf 84' lang='grc' dir='ltr'>βοηθούμενος</span> 
     </span>
    </p>
   </div>
   <div class='ocr_carea' id='block_1_65' title="bbox 2101 3486 3696 3561">
    <p class='ocr_par' dir='ltr' id='par_1_65' title="bbox 2101 3486 3696 3561">
     <span class='ocr_line' id='line_1_65' title="bbox 2101 3486 3696 3561; baseline 0.004 -24"><span class='ocrx_word' id='word_1_566' title='bbox 2101 3488 2166 3538; x_wconf 86' lang='grc' dir='ltr'>ἐκ</span> <span class='ocrx_word' id='word_1_567' title='bbox 2195 3486 2358 3551; x_wconf 86' lang='grc' dir='ltr'>Θεοῦ,</span> <span class='ocrx_word' id='word_1_568' title='bbox 2397 3488 2490 3540; x_wconf 71' lang='grc' dir='ltr'>καὶ</span> <span class='ocrx_word' id='word_1_569' title='bbox 2519 3487 2820 3558; x_wconf 83' lang='grc' dir='ltr'>μεμνήσθω</span> <span class='ocrx_word' id='word_1_570' title='bbox 2851 3489 3034 3558; x_wconf 78' lang='grc' dir='ltr'>ἡμῶν.</span> <span class='ocrx_word' id='word_1_571' title='bbox 3085 3489 3214 3542; x_wconf 78' lang='grc' dir='ltr'>Ἐάν</span> <span class='ocrx_word' id='word_1_572' title='bbox 3243 3489 3299 3542; x_wconf 85' lang='grc' dir='ltr'>δὲ</span> <span class='ocrx_word' id='word_1_573' title='bbox 3325 3493 3696 3561; x_wconf 78' lang='grc' dir='ltr'>προσκυνὴσῃ</span> 
     </span>
    </p>
   </div>
   <div class='ocr_carea' id='block_1_66' title="bbox 2101 3575 3692 3648">
    <p class='ocr_par' dir='ltr' id='par_1_66' title="bbox 2101 3575 3692 3648">
     <span class='ocr_line' id='line_1_66' title="bbox 2101 3575 3692 3648; baseline 0.003 -20"><span class='ocrx_word' id='word_1_574' title='bbox 2101 3575 2196 3645; x_wconf 84' lang='grc' dir='ltr'>ἀφ’</span> <span class='ocrx_word' id='word_1_575' title='bbox 2229 3577 2386 3646; x_wconf 78' lang='grc' dir='ltr'>ἡμῶν</span> <span class='ocrx_word' id='word_1_576' title='bbox 2419 3577 2510 3630; x_wconf 84' lang='grc' dir='ltr'>τὸν</span> <span class='ocrx_word' id='word_1_577' title='bbox 2543 3577 2964 3646; x_wconf 88' lang='grc' dir='ltr'>παναγιώτατόν</span> <span class='ocrx_word' id='word_1_578' title='bbox 2999 3588 3103 3644; x_wconf 78' lang='grc' dir='ltr'>μου</span> <span class='ocrx_word' id='word_1_579' title='bbox 3133 3579 3425 3648; x_wconf 83' lang='grc' dir='ltr'>δεσπότην,</span> <span class='ocrx_word' id='word_1_580' title='bbox 3457 3578 3553 3632; x_wconf 87' lang='grc' dir='ltr'>τὸν</span> <span class='ocrx_word' id='word_1_581' title='bbox 3579 3599 3692 3633; x_wconf 83' lang='grc' dir='ltr'>πα-</span> 
     </span>
    </p>
   </div>
   <div class='ocr_carea' id='block_1_67' title="bbox 2100 3667 3696 3742">
    <p class='ocr_par' dir='ltr' id='par_1_67' title="bbox 2100 3667 3696 3742">
     <span class='ocr_line' id='line_1_67' title="bbox 2100 3667 3696 3742; baseline 0.001 -22"><span class='ocrx_word' id='word_1_582' title='bbox 2100 3669 2380 3738; x_wconf 85' lang='grc' dir='ltr'>τριάρχην</span> <span class='ocrx_word' id='word_1_583' title='bbox 2420 3667 2782 3736; x_wconf 88' lang='grc' dir='ltr'>θεουπόλεως,</span> <span class='ocrx_word' id='word_1_584' title='bbox 2815 3669 2912 3722; x_wconf 70' lang='grc' dir='ltr'>καὶ</span> <span class='ocrx_word' id='word_1_585' title='bbox 2953 3669 3312 3739; x_wconf 78' lang='grc' dir='ltr'>ἐξαιτήσηται</span> <span class='ocrx_word' id='word_1_586' title='bbox 3337 3671 3470 3742; x_wconf 74' lang='grc' dir='ltr'>ἡμῖν</span> <span class='ocrx_word' id='word_1_587' title='bbox 3494 3673 3696 3741; x_wconf 78' lang='grc' dir='ltr'>εὐχὴν,</span> 
     </span>
    </p>
   </div>
   <div class='ocr_carea' id='block_1_68' title="bbox 2102 3760 3698 3832">
    <p class='ocr_par' dir='ltr' id='par_1_68' title="bbox 2102 3760 3698 3832">
     <span class='ocr_line' id='line_1_68' title="bbox 2102 3760 3698 3832; baseline 0.001 -20"><span class='ocrx_word' id='word_1_588' title='bbox 2102 3760 2538 3830; x_wconf 82' lang='grc' dir='ltr'>εὐχαριστοῦμεν</span> <span class='ocrx_word' id='word_1_589' title='bbox 2585 3761 2756 3830; x_wconf 82' lang='grc' dir='ltr'>αὐτῷ,</span> <span class='ocrx_word' id='word_1_590' title='bbox 2811 3760 2886 3822; x_wconf 81' lang='grc' dir='ltr'>ὡς</span> <span class='ocrx_word' id='word_1_591' title='bbox 2940 3761 3062 3813; x_wconf 74' lang='grc' dir='ltr'>ἀντὶ</span> <span class='ocrx_word' id='word_1_592' title='bbox 3104 3761 3454 3832; x_wconf 86' lang='grc' dir='ltr'>βραχυτάτης</span> <span class='ocrx_word' id='word_1_593' title='bbox 3482 3763 3698 3832; x_wconf 86' lang='grc' dir='ltr'>ταύτης</span> 
     </span>
    </p>
   </div>
   <div class='ocr_carea' id='block_1_69' title="bbox 2104 3853 3697 3926">
    <p class='ocr_par' dir='ltr' id='par_1_69' title="bbox 2104 3853 3697 3926">
     <span class='ocr_line' id='line_1_69' title="bbox 2104 3853 3697 3926; baseline 0.003 -20"><span class='ocrx_word' id='word_1_594' title='bbox 2104 3853 2399 3920; x_wconf 77' lang='grc' dir='ltr'>ἐπιστολῆς</span> <span class='ocrx_word' id='word_1_595' title='bbox 2439 3853 2734 3924; x_wconf 82' lang='grc' dir='ltr'>ἐπιστολὴν</span> <span class='ocrx_word' id='word_1_596' title='bbox 2761 3853 3030 3908; x_wconf 84' lang='grc' dir='ltr'>ἀντιδόντι</span> <span class='ocrx_word' id='word_1_597' title='bbox 3082 3855 3383 3925; x_wconf 88' lang='grc' dir='ltr'>άγιασμοῦ.</span> <span class='ocrx_word' id='word_1_598' title='bbox 3415 3857 3697 3926; x_wconf 80' lang='grc' dir='ltr'>Πραγμά-</span> 
     </span>
    </p>
   </div>
   <div class='ocr_carea' id='block_1_70' title="bbox 2102 3940 3698 4018">
    <p class='ocr_par' dir='ltr' id='par_1_70' title="bbox 2102 3940 3698 4018">
     <span class='ocr_line' id='line_1_70' title="bbox 2102 3940 3698 4018; baseline 0.003 -21"><span class='ocrx_word' id='word_1_599' title='bbox 2102 3945 2289 3998; x_wconf 83' lang='grc' dir='ltr'>τευσοιί</span> <span class='ocrx_word' id='word_1_600' title='bbox 2341 3962 2429 4014; x_wconf 86' lang='grc' dir='ltr'>μοι</span> <span class='ocrx_word' id='word_1_601' title='bbox 2476 3946 2573 3998; x_wconf 77' lang='grc' dir='ltr'>καὶ</span> <span class='ocrx_word' id='word_1_602' title='bbox 2621 3945 2708 4009; x_wconf 83' lang='grc' dir='ltr'>σύ,</span> <span class='ocrx_word' id='word_1_603' title='bbox 2759 3940 2804 4000; x_wconf 82' lang='grc' dir='ltr'><strong>ὦ</strong></span> <span class='ocrx_word' id='word_1_604' title='bbox 2837 3945 2995 4016; x_wconf 88' lang='grc' dir='ltr'>κύριε</span> <span class='ocrx_word' id='word_1_605' title='bbox 3055 3948 3299 4018; x_wconf 81' lang='grc' dir='ltr'>Ἰωάννη,</span> <span class='ocrx_word' id='word_1_606' title='bbox 3331 3950 3499 4018; x_wconf 80' lang='grc' dir='ltr'>εὐχὴν</span> <span class='ocrx_word' id='word_1_607' title='bbox 3529 3950 3698 4015; x_wconf 78' lang='grc' dir='ltr'>ἁγίου</span> 
     </span>
    </p>
   </div>
   <div class='ocr_carea' id='block_1_71' title="bbox 2104 4035 3699 4108">
    <p class='ocr_par' dir='ltr' id='par_1_71' title="bbox 2104 4035 3699 4108">
     <span class='ocr_line' id='line_1_71' title="bbox 2104 4035 3699 4108; baseline 0.003 -19"><span class='ocrx_word' id='word_1_608' title='bbox 2104 4035 2322 4106; x_wconf 85' lang='grc' dir='ltr'>ἀνδρὸς,</span> <span class='ocrx_word' id='word_1_609' title='bbox 2382 4035 2477 4088; x_wconf 90' lang='grc' dir='ltr'>τοῦ</span> <span class='ocrx_word' id='word_1_610' title='bbox 2541 4037 2982 4108; x_wconf 86' lang='grc' dir='ltr'>Τετραγωνίτου,</span> <span class='ocrx_word' id='word_1_611' title='bbox 3015 4037 3105 4092; x_wconf 85' lang='grc' dir='ltr'>διὰ</span> <span class='ocrx_word' id='word_1_612' title='bbox 3161 4039 3330 4107; x_wconf 83' lang='grc' dir='ltr'>μέσου</span> <span class='ocrx_word' id='word_1_613' title='bbox 3378 4039 3477 4092; x_wconf 89' lang='grc' dir='ltr'>τοῦ</span> <span class='ocrx_word' id='word_1_614' title='bbox 3510 4041 3699 4108; x_wconf 83' lang='grc' dir='ltr'>φίλου,</span> 
     </span>
    </p>
   </div>
   <div class='ocr_carea' id='block_1_72' title="bbox 2102 4127 3698 4204">
    <p class='ocr_par' dir='ltr' id='par_1_72' title="bbox 2102 4127 3698 4204">
     <span class='ocr_line' id='line_1_72' title="bbox 2102 4127 3698 4204; baseline 0.006 -23"><span class='ocrx_word' id='word_1_615' title='bbox 2102 4128 2199 4181; x_wconf 86' lang='grc' dir='ltr'>τοῦ</span> <span class='ocrx_word' id='word_1_616' title='bbox 2257 4127 2503 4199; x_wconf 80' lang='grc' dir='ltr'>μαθητοῦ</span> <span class='ocrx_word' id='word_1_617' title='bbox 2554 4130 2772 4184; x_wconf 88' lang='grc' dir='ltr'>ἐκείνου</span> <span class='ocrx_word' id='word_1_618' title='bbox 2799 4148 2814 4163; x_wconf 80' lang='grc' dir='ltr'><strong>ο</strong></span> <span class='ocrx_word' id='word_1_619' title='bbox 2852 4132 2910 4184; x_wconf 85' lang='grc' dir='ltr'>ὃν</span> <span class='ocrx_word' id='word_1_620' title='bbox 2946 4132 3040 4184; x_wconf 76' lang='grc' dir='ltr'>καὶ</span> <span class='ocrx_word' id='word_1_621' title='bbox 3071 4134 3343 4203; x_wconf 84' lang='grc' dir='ltr'>πρόσειπε</span> <span class='ocrx_word' id='word_1_622' title='bbox 3377 4135 3471 4203; x_wconf 79' lang='grc' dir='ltr'>ἀφ’</span> <span class='ocrx_word' id='word_1_623' title='bbox 3506 4139 3698 4204; x_wconf 79' lang='grc' dir='ltr'>ἡμῶν.</span> 
     </span>
    </p>
   </div>
   <div class='ocr_carea' id='block_1_73' title="bbox 2106 4221 3698 4299">
    <p class='ocr_par' dir='ltr' id='par_1_73' title="bbox 2106 4221 3698 4299">
     <span class='ocr_line' id='line_1_73' title="bbox 2106 4221 3698 4299; baseline 0.005 -24"><span class='ocrx_word' id='word_1_624' title='bbox 2106 4221 2263 4275; x_wconf 84' lang='grc' dir='ltr'>Οὐτω</span> <span class='ocrx_word' id='word_1_625' title='bbox 2292 4222 2351 4276; x_wconf 86' lang='grc' dir='ltr'>δέ</span> <span class='ocrx_word' id='word_1_626' title='bbox 2380 4227 2476 4275; x_wconf 74' lang='grc' dir='ltr'>καὶ</span> <span class='ocrx_word' id='word_1_627' title='bbox 2515 4223 2606 4276; x_wconf 88' lang='grc' dir='ltr'>τδν</span> <span class='ocrx_word' id='word_1_628' title='bbox 2635 4225 2935 4293; x_wconf 85' lang='grc' dir='ltr'>γενόμενόν</span> <span class='ocrx_word' id='word_1_629' title='bbox 2957 4242 3089 4278; x_wconf 89' lang='grc' dir='ltr'>ποτε</span> <span class='ocrx_word' id='word_1_630' title='bbox 3111 4225 3402 4290; x_wconf 78' lang='grc' dir='ltr'>Ξανθείαςο</span> <span class='ocrx_word' id='word_1_631' title='bbox 3437 4230 3698 4299; x_wconf 78' lang='grc' dir='ltr'>εὑρήσεις</span> 
     </span>
    </p>
   </div>
   <div class='ocr_carea' id='block_1_74' title="bbox 413 4299 3701 4391">
    <p class='ocr_par' dir='ltr' id='par_1_74' title="bbox 413 4299 3701 4391">
     <span class='ocr_line' id='line_1_74' title="bbox 413 4299 3701 4391; baseline 0.003 -24"><span class='ocrx_word' id='word_1_632' title='bbox 413 4303 830 4375; x_wconf 71' lang='grc' dir='ltr'>διστικώτερονο</span> <span class='ocrx_word' id='word_1_633' title='bbox 866 4302 949 4355; x_wconf 82' lang='grc' dir='ltr'>δτι</span> <span class='ocrx_word' id='word_1_634' title='bbox 982 4302 1084 4356; x_wconf 72' lang='grc' dir='ltr'>οὐκ</span> <span class='ocrx_word' id='word_1_635' title='bbox 1118 4299 1260 4355; x_wconf 63' lang='grc' dir='ltr'>εἶναι</span> <span class='ocrx_word' id='word_1_636' title='bbox 1291 4301 1472 4370; x_wconf 80' lang='grc' dir='ltr'>πάντη</span> <span class='ocrx_word' id='word_1_637' title='bbox 1517 4300 1714 4370; x_wconf 66' lang='grc' dir='ltr'>ψευδὲς</span> <span class='ocrx_word' id='word_1_638' title='bbox 1767 4301 1913 4354; x_wconf 73' lang='grc' dir='ltr'>ἔοικε</span> <span class='ocrx_word' id='word_1_639' title='bbox 1941 4301 2003 4354; x_wconf 82' lang='grc' dir='ltr'>τδ</span> <span class='ocrx_word' id='word_1_640' title='bbox 2105 4313 2215 4385; x_wconf 88' lang='grc' dir='ltr'>γάρ</span> <span class='ocrx_word' id='word_1_641' title='bbox 2242 4331 2345 4367; x_wconf 90' lang='grc' dir='ltr'>που</span> <span class='ocrx_word' id='word_1_642' title='bbox 2375 4316 2471 4368; x_wconf 77' lang='grc' dir='ltr'>καὶ</span> <span class='ocrx_word' id='word_1_643' title='bbox 2500 4315 2685 4378; x_wconf 69' lang='grc' dir='ltr'>αὐτὸν,</span> <span class='ocrx_word' id='word_1_644' title='bbox 2716 4318 2808 4370; x_wconf 79' lang='grc' dir='ltr'>καὶ</span> <span class='ocrx_word' id='word_1_645' title='bbox 2837 4317 3202 4385; x_wconf 79' lang='grc' dir='ltr'>άναδιδάξεις,</span> <span class='ocrx_word' id='word_1_646' title='bbox 3231 4321 3315 4374; x_wconf 85' lang='grc' dir='ltr'>ὅτι</span> <span class='ocrx_word' id='word_1_647' title='bbox 3349 4321 3701 4391; x_wconf 87' lang='grc' dir='ltr'>ὑγιαίνομεν,</span> 
     </span>
    </p>
   </div>
   <div class='ocr_carea' id='block_1_75' title="bbox 414 4393 3701 4484">
    <p class='ocr_par' dir='ltr' id='par_1_75' title="bbox 414 4393 3701 4484">
     <span class='ocr_line' id='line_1_75' title="bbox 414 4393 3701 4484; baseline 0.002 -35"><span class='ocrx_word' id='word_1_648' title='bbox 414 4397 508 4451; x_wconf 89' lang='grc' dir='ltr'>τοῦ</span> <span class='ocrx_word' id='word_1_649' title='bbox 568 4395 878 4450; x_wconf 83' lang='grc' dir='ltr'>Εὐσταθίου</span> <span class='ocrx_word' id='word_1_650' title='bbox 923 4393 1260 4484; x_wconf 31' lang='grc' dir='ltr'>ῌύπονόημα,</span> <span class='ocrx_word' id='word_1_651' title='bbox 1321 4395 1508 4447; x_wconf 80' lang='grc' dir='ltr'>ὅτιτὸ.</span> <span class='ocrx_word' id='word_1_652' title='bbox 1563 4393 1857 4446; x_wconf 84' lang='grc' dir='ltr'>τελευταῖα</span> <span class='ocrx_word' id='word_1_653' title='bbox 1903 4393 2001 4445; x_wconf 88' lang='grc' dir='ltr'>τοῦ</span> <span class='ocrx_word' id='word_1_654' title='bbox 2109 4408 2453 4476; x_wconf 77' lang='grc' dir='ltr'>μεμνημένοι</span> <span class='ocrx_word' id='word_1_655' title='bbox 2499 4409 2688 4475; x_wconf 62' lang='grc' dir='ltr'>αὐτοῦ,</span> <span class='ocrx_word' id='word_1_656' title='bbox 2725 4410 2864 4482; x_wconf 80' lang='grc' dir='ltr'>ὅπερ</span> <span class='ocrx_word' id='word_1_657' title='bbox 2912 4411 2998 4463; x_wconf 54' lang='grc' dir='ltr'>διὰ</span> <span class='ocrx_word' id='word_1_658' title='bbox 3032 4415 3252 4482; x_wconf 77' lang='grc' dir='ltr'>γραφῆς</span> <span class='ocrx_word' id='word_1_659' title='bbox 3279 4415 3558 4484; x_wconf 63' lang='grc' dir='ltr'>ἡμετέρας</span> <span class='ocrx_word' id='word_1_660' title='bbox 3593 4435 3701 4481; x_wconf 81' lang='grc' dir='ltr'>μα-</span> 
     </span>
    </p>
   </div>
   <div class='ocr_carea' id='block_1_76' title="bbox 416 4481 3701 4574">
    <p class='ocr_par' dir='ltr' id='par_1_76' title="bbox 416 4481 3701 4574">
     <span class='ocr_line' id='line_1_76' title="bbox 416 4481 3701 4574; baseline 0.005 -32"><span class='ocrx_word' id='word_1_661' title='bbox 416 4489 572 4559; x_wconf 86' lang='grc' dir='ltr'>φίλου</span> <span class='ocrx_word' id='word_1_662' title='bbox 607 4488 893 4558; x_wconf 80' lang='grc' dir='ltr'>ἀποθύμια</span> <span class='ocrx_word' id='word_1_663' title='bbox 919 4481 1064 4557; x_wconf 79' lang='grc' dir='ltr'>ἦσαν</span> <span class='ocrx_word' id='word_1_664' title='bbox 1097 4485 1269 4556; x_wconf 77' lang='grc' dir='ltr'>αὐτῷ·</span> <span class='ocrx_word' id='word_1_665' title='bbox 1297 4487 1358 4538; x_wconf 74' lang='grc' dir='ltr'>οὗ</span> <span class='ocrx_word' id='word_1_666' title='bbox 1384 4486 1494 4556; x_wconf 87' lang='grc' dir='ltr'>γὰρ</span> <span class='ocrx_word' id='word_1_667' title='bbox 1528 4486 1595 4538; x_wconf 79' lang='grc' dir='ltr'>ἂν</span> <span class='ocrx_word' id='word_1_668' title='bbox 1627 4487 1708 4549; x_wconf 86' lang='grc' dir='ltr'>εἰς</span> <span class='ocrx_word' id='word_1_669' title='bbox 1744 4485 2002 4538; x_wconf 71' lang='grc' dir='ltr'>τοσοῦτον</span> <span class='ocrx_word' id='word_1_670' title='bbox 2107 4499 2220 4551; x_wconf 90' lang='grc' dir='ltr'>θεῖν</span> <span class='ocrx_word' id='word_1_671' title='bbox 2252 4499 2506 4568; x_wconf 79' lang='grc' dir='ltr'>ἠξίωσεν.</span> <span class='ocrx_word' id='word_1_672' title='bbox 2562 4501 2624 4554; x_wconf 78' lang='grc' dir='ltr'>ΕΞ</span> <span class='ocrx_word' id='word_1_673' title='bbox 2673 4503 2730 4555; x_wconf 85' lang='grc' dir='ltr'>δέ</span> <span class='ocrx_word' id='word_1_674' title='bbox 2779 4481 2872 4555; x_wconf 72' lang='grc' dir='ltr'>καὶ</span> <span class='ocrx_word' id='word_1_675' title='bbox 2917 4503 3010 4555; x_wconf 79' lang='grc' dir='ltr'>τὸν</span> <span class='ocrx_word' id='word_1_676' title='bbox 3062 4481 3215 4556; x_wconf 84' lang='grc' dir='ltr'>δεῖνα</span> <span class='ocrx_word' id='word_1_677' title='bbox 3275 4481 3527 4574; x_wconf 81' lang='grc' dir='ltr'>ἰσχύσεις</span> <span class='ocrx_word' id='word_1_678' title='bbox 3591 4525 3701 4560; x_wconf 78' lang='grc' dir='ltr'>που</span> 
     </span>
    </p>
   </div>
   <div class='ocr_carea' id='block_1_77' title="bbox 415 4577 3701 4668">
    <p class='ocr_par' dir='ltr' id='par_1_77' title="bbox 415 4577 3701 4668">
     <span class='ocr_line' id='line_1_77' title="bbox 415 4577 3701 4668; baseline 0.005 -32"><span class='ocrx_word' id='word_1_679' title='bbox 415 4581 664 4651; x_wconf 85' lang='grc' dir='ltr'>ἐσίγησε,</span> <span class='ocrx_word' id='word_1_680' title='bbox 698 4580 798 4633; x_wconf 71' lang='grc' dir='ltr'>καὶ</span> <span class='ocrx_word' id='word_1_681' title='bbox 849 4579 943 4631; x_wconf 82' lang='grc' dir='ltr'>τὸν</span> <span class='ocrx_word' id='word_1_682' title='bbox 991 4579 1140 4668; x_wconf 85' lang='grc' dir='ltr'>πάνυ</span> <span class='ocrx_word' id='word_1_683' title='bbox 1177 4579 1463 4649; x_wconf 83' lang='grc' dir='ltr'>γνώριμον</span> <span class='ocrx_word' id='word_1_684' title='bbox 1511 4577 1658 4631; x_wconf 76' lang='grc' dir='ltr'>οὕτω</span> <span class='ocrx_word' id='word_1_685' title='bbox 1686 4579 1825 4648; x_wconf 81' lang='grc' dir='ltr'>ταχὺ</span> <span class='ocrx_word' id='word_1_686' title='bbox 1866 4579 2000 4631; x_wconf 79' lang='grc' dir='ltr'>ἀπέ-</span> <span class='ocrx_word' id='word_1_687' title='bbox 2025 4593 2076 4652; x_wconf 90' lang='lat' dir='ltr'><strong>D</strong></span> <span class='ocrx_word' id='word_1_688' title='bbox 2107 4591 2256 4659; x_wconf 82' lang='grc' dir='ltr'>ἰδεῖν,</span> <span class='ocrx_word' id='word_1_689' title='bbox 2292 4592 2367 4660; x_wconf 84' lang='grc' dir='ltr'>μὴ</span> <span class='ocrx_word' id='word_1_690' title='bbox 2401 4593 2642 4666; x_wconf 78' lang='grc' dir='ltr'>ὀκνήσῃς</span> <span class='ocrx_word' id='word_1_691' title='bbox 2673 4598 3022 4662; x_wconf 83' lang='grc' dir='ltr'>προσειπεῖν,</span> <span class='ocrx_word' id='word_1_692' title='bbox 3051 4595 3133 4648; x_wconf 82' lang='grc' dir='ltr'>ὅτι</span> <span class='ocrx_word' id='word_1_693' title='bbox 3168 4596 3301 4667; x_wconf 86' lang='grc' dir='ltr'>μηδέ</span> <span class='ocrx_word' id='word_1_694' title='bbox 3319 4597 3482 4660; x_wconf 80' lang='grc' dir='ltr'>αὐτὸς</span> <span class='ocrx_word' id='word_1_695' title='bbox 3514 4597 3701 4668; x_wconf 74' lang='grc' dir='ltr'>ῶκιη-</span> 
     </span>
    </p>
   </div>
   <div class='ocr_carea' id='block_1_78' title="bbox 420 4667 3704 4758">
    <p class='ocr_par' dir='ltr' id='par_1_78' title="bbox 420 4667 3704 4758">
     <span class='ocr_line' id='line_1_78' title="bbox 420 4667 3704 4758; baseline -0.001 -34"><span class='ocrx_word' id='word_1_696' title='bbox 420 4671 615 4740; x_wconf 90' lang='grc' dir='ltr'>μαθεν.</span> <span class='ocrx_word' id='word_1_697' title='bbox 660 4670 810 4722; x_wconf 85' lang='grc' dir='ltr'>Ἔδει</span> <span class='ocrx_word' id='word_1_698' title='bbox 850 4685 917 4739; x_wconf 88' lang='grc' dir='ltr'>με</span> <span class='ocrx_word' id='word_1_699' title='bbox 971 4667 1068 4722; x_wconf 87' lang='grc' dir='ltr'>τοῦ</span> <span class='ocrx_word' id='word_1_700' title='bbox 1126 4684 1263 4722; x_wconf 88' lang='grc' dir='ltr'>ποτε</span> <span class='ocrx_word' id='word_1_701' title='bbox 1310 4669 1369 4721; x_wconf 90' lang='grc' dir='ltr'>ἐν</span> <span class='ocrx_word' id='word_1_702' title='bbox 1421 4668 1534 4740; x_wconf 85' lang='grc' dir='ltr'>τοῖς</span> <span class='ocrx_word' id='word_1_703' title='bbox 1589 4668 1833 4738; x_wconf 86' lang='grc' dir='ltr'>πρώτοις</span> <span class='ocrx_word' id='word_1_704' title='bbox 1891 4668 2000 4721; x_wconf 81' lang='grc' dir='ltr'>τῶν</span> <span class='ocrx_word' id='word_1_705' title='bbox 2107 4696 2199 4734; x_wconf 80' lang='grc' dir='ltr'>σεν</span> <span class='ocrx_word' id='word_1_706' title='bbox 2261 4681 2557 4750; x_wconf 68' lang='grc' dir='ltr'>ἐγγράφως</span> <span class='ocrx_word' id='word_1_707' title='bbox 2607 4681 2921 4752; x_wconf 75' lang='grc' dir='ltr'>μεμνῆσθαι</span> <span class='ocrx_word' id='word_1_708' title='bbox 2964 4683 3146 4753; x_wconf 61' lang='grc' dir='ltr'>ἡμῶν,</span> <span class='ocrx_word' id='word_1_709' title='bbox 3214 4688 3481 4755; x_wconf 57' lang='grc' dir='ltr'>σοκνεῖτε,</span> <span class='ocrx_word' id='word_1_710' title='bbox 3514 4667 3704 4758; x_wconf 36' lang='lat' dir='ltr'>arua},</span> 
     </span>
    </p>
   </div>
   <div class='ocr_carea' id='block_1_79' title="bbox 418 4760 1996 4832">
    <p class='ocr_par' dir='ltr' id='par_1_79' title="bbox 418 4760 1996 4832">
     <span class='ocr_line' id='line_1_79' title="bbox 418 4760 1996 4832; baseline -0.002 -17"><span class='ocrx_word' id='word_1_711' title='bbox 418 4763 610 4831; x_wconf 84' lang='grc' dir='ltr'>φίλων,</span> <span class='ocrx_word' id='word_1_712' title='bbox 669 4761 766 4814; x_wconf 86' lang='grc' dir='ltr'>τοῦ</span> <span class='ocrx_word' id='word_1_713' title='bbox 820 4761 1158 4828; x_wconf 84' lang='grc' dir='ltr'>λογιωτάτου</span> <span class='ocrx_word' id='word_1_714' title='bbox 1220 4761 1391 4824; x_wconf 86' lang='grc' dir='ltr'>δεῖνος</span> <span class='ocrx_word' id='word_1_715' title='bbox 1422 4800 1437 4824; x_wconf 91' lang='grc'>,</span> <span class='ocrx_word' id='word_1_716' title='bbox 1479 4760 1615 4830; x_wconf 81' lang='grc' dir='ltr'>μηδὲ</span> <span class='ocrx_word' id='word_1_717' title='bbox 1677 4761 1996 4832; x_wconf 83' lang='grc' dir='ltr'>μνησθῆναι</span> 
     </span>
    </p>
   </div>
   <div class='ocr_carea' id='block_1_80' title="bbox 417 4851 2002 4923">
    <p class='ocr_par' dir='ltr' id='par_1_80' title="bbox 417 4851 2002 4923">
     <span class='ocr_line' id='line_1_80' title="bbox 417 4851 2002 4923; baseline -0.003 -17"><span class='ocrx_word' id='word_1_718' title='bbox 417 4855 478 4906; x_wconf 77' lang='grc' dir='ltr'>τὸ</span> <span class='ocrx_word' id='word_1_719' title='bbox 520 4853 767 4919; x_wconf 83' lang='grc' dir='ltr'>σύνολον,</span> <span class='ocrx_word' id='word_1_720' title='bbox 807 4855 1042 4922; x_wconf 83' lang='grc' dir='ltr'>πρᾶγμα</span> <span class='ocrx_word' id='word_1_721' title='bbox 1099 4853 1364 4915; x_wconf 88' lang='grc' dir='ltr'>παθόντος</span> <span class='ocrx_word' id='word_1_722' title='bbox 1417 4851 1450 4922; x_wconf 79' lang='grc' dir='ltr'><strong>ἢ</strong></span> <span class='ocrx_word' id='word_1_723' title='bbox 1513 4855 1610 4906; x_wconf 76' lang='grc' dir='ltr'>καὶ</span> <span class='ocrx_word' id='word_1_724' title='bbox 1664 4854 2002 4923; x_wconf 87' lang='grc' dir='ltr'>ποιήσαντος</span> 
     </span>
    </p>
   </div>
   <div class='ocr_carea' id='block_1_81' title="bbox 419 4943 2003 5018">
    <p class='ocr_par' dir='ltr' id='par_1_81' title="bbox 419 4943 2003 5018">
     <span class='ocr_line' id='line_1_81' title="bbox 419 4943 2003 5018; baseline 0.001 -18"><span class='ocrx_word' id='word_1_725' title='bbox 419 4949 550 5015; x_wconf 73' lang='grc' dir='ltr'>ἡμῖν</span> <span class='ocrx_word' id='word_1_726' title='bbox 600 4947 1055 5016; x_wconf 82' lang='grc' dir='ltr'>ἀκαραδὸκητον,</span> <span class='ocrx_word' id='word_1_727' title='bbox 1111 4946 1213 5016; x_wconf 84' lang='grc' dir='ltr'>τὴν</span> <span class='ocrx_word' id='word_1_728' title='bbox 1272 4946 1353 5009; x_wconf 87' lang='grc' dir='ltr'>είς</span> <span class='ocrx_word' id='word_1_729' title='bbox 1404 4943 1666 4999; x_wconf 85' lang='grc' dir='ltr'>τοσοῦτον</span> <span class='ocrx_word' id='word_1_730' title='bbox 1699 4947 1872 5018; x_wconf 85' lang='grc' dir='ltr'>λήθην</span> <span class='ocrx_word' id='word_1_731' title='bbox 1908 4947 2003 5001; x_wconf 70' lang='grc' dir='ltr'>καὶ</span> 
     </span>
    </p>
   </div>
   <div class='ocr_carea' id='block_1_82' title="bbox 419 5039 2003 5111">
    <p class='ocr_par' dir='ltr' id='par_1_82' title="bbox 419 5039 2003 5111">
     <span class='ocr_line' id='line_1_82' title="bbox 419 5039 2003 5111; baseline 0.001 -19"><span class='ocrx_word' id='word_1_732' title='bbox 419 5039 688 5110; x_wconf 85' lang='grc' dir='ltr'>τοσαύτην</span> <span class='ocrx_word' id='word_1_733' title='bbox 719 5039 879 5110; x_wconf 82' lang='grc' dir='ltr'>σιγὴν</span> <span class='ocrx_word' id='word_1_734' title='bbox 909 5039 1006 5092; x_wconf 77' lang='grc' dir='ltr'>καὶ</span> <span class='ocrx_word' id='word_1_735' title='bbox 1040 5039 1378 5093; x_wconf 85' lang='grc' dir='ltr'>ἀνάπτωσιν.</span> <span class='ocrx_word' id='word_1_736' title='bbox 1412 5039 1478 5092; x_wconf 87' lang='grc' dir='ltr'>Τί</span> <span class='ocrx_word' id='word_1_737' title='bbox 1515 5042 1624 5111; x_wconf 85' lang='grc' dir='ltr'>γὰρ</span> <span class='ocrx_word' id='word_1_738' title='bbox 1654 5043 1750 5094; x_wconf 77' lang='grc' dir='ltr'>καὶ</span> <span class='ocrx_word' id='word_1_739' title='bbox 1785 5041 2003 5111; x_wconf 77' lang='grc' dir='ltr'>προϐασ-</span> 
     </span>
    </p>
   </div>
   <div class='ocr_carea' id='block_1_83' title="bbox 419 5129 2004 5201">
    <p class='ocr_par' dir='ltr' id='par_1_83' title="bbox 419 5129 2004 5201">
     <span class='ocr_line' id='line_1_83' title="bbox 419 5129 2004 5201; baseline 0.002 -20"><span class='ocrx_word' id='word_1_740' title='bbox 419 5130 616 5196; x_wconf 90' lang='grc' dir='ltr'>λεῖται,</span> <span class='ocrx_word' id='word_1_741' title='bbox 647 5130 696 5182; x_wconf 86' lang='grc' dir='ltr'>εί</span> <span class='ocrx_word' id='word_1_742' title='bbox 744 5130 821 5200; x_wconf 83' lang='grc' dir='ltr'>μὴ</span> <span class='ocrx_word' id='word_1_743' title='bbox 858 5131 1020 5199; x_wconf 73' lang='grc' dir='ltr'>τυχὸν</span> <span class='ocrx_word' id='word_1_744' title='bbox 1044 5131 1144 5199; x_wconf 76' lang='grc' dir='ltr'>τῆς</span> <span class='ocrx_word' id='word_1_745' title='bbox 1176 5129 1614 5198; x_wconf 87' lang='grc' dir='ltr'>Μεγαλοπόλεως</span> <span class='ocrx_word' id='word_1_746' title='bbox 1641 5132 1877 5201; x_wconf 88' lang='grc' dir='ltr'>γέγονεν</span> <span class='ocrx_word' id='word_1_747' title='bbox 1913 5131 2004 5184; x_wconf 85' lang='grc' dir='ltr'>ἕκ-</span> 
     </span>
    </p>
   </div>
   <div class='ocr_carea' id='block_1_84' title="bbox 420 5222 2003 5293">
    <p class='ocr_par' dir='ltr' id='par_1_84' title="bbox 420 5222 2003 5293">
     <span class='ocr_line' id='line_1_84' title="bbox 420 5222 2003 5293; baseline 0.003 -20"><span class='ocrx_word' id='word_1_748' title='bbox 420 5223 594 5291; x_wconf 89' lang='grc' dir='ltr'>δημος</span> <span class='ocrx_word' id='word_1_749' title='bbox 622 5237 637 5286; x_wconf 89' lang='grc'>;</span> <span class='ocrx_word' id='word_1_750' title='bbox 669 5222 839 5274; x_wconf 88' lang='grc' dir='ltr'>Τοῦτο</span> <span class='ocrx_word' id='word_1_751' title='bbox 870 5223 978 5292; x_wconf 87' lang='grc' dir='ltr'>γὰρ</span> <span class='ocrx_word' id='word_1_752' title='bbox 1007 5223 1106 5275; x_wconf 72' lang='grc' dir='ltr'>καὶ</span> <span class='ocrx_word' id='word_1_753' title='bbox 1152 5224 1313 5291; x_wconf 89' lang='grc' dir='ltr'>μόνον</span> <span class='ocrx_word' id='word_1_754' title='bbox 1348 5223 1500 5291; x_wconf 88' lang='grc' dir='ltr'>αὐτῷ</span> <span class='ocrx_word' id='word_1_755' title='bbox 1535 5224 1672 5293; x_wconf 82' lang='grc' dir='ltr'>πρὸς</span> <span class='ocrx_word' id='word_1_756' title='bbox 1701 5224 2003 5292; x_wconf 86' lang='grc' dir='ltr'>ἀπολογίαν</span> 
     </span>
    </p>
   </div>
   <div class='ocr_carea' id='block_1_85' title="bbox 425 5313 2006 5385">
    <p class='ocr_par' dir='ltr' id='par_1_85' title="bbox 425 5313 2006 5385">
     <span class='ocr_line' id='line_1_85' title="bbox 425 5313 2006 5385; baseline 0.002 -19"><span class='ocrx_word' id='word_1_757' title='bbox 425 5314 612 5368; x_wconf 73' lang='grc' dir='ltr'>ἱκανὸν</span> <span class='ocrx_word' id='word_1_758' title='bbox 661 5317 992 5368; x_wconf 86' lang='grc' dir='ltr'>ἐκκείσεται.</span> <span class='ocrx_word' id='word_1_759' title='bbox 1035 5314 1180 5368; x_wconf 82' lang='grc' dir='ltr'>Ἀλλ’</span> <span class='ocrx_word' id='word_1_760' title='bbox 1222 5313 1334 5383; x_wconf 83' lang='grc' dir='ltr'>ἐγὼ</span> <span class='ocrx_word' id='word_1_761' title='bbox 1369 5317 1689 5385; x_wconf 82' lang='grc' dir='ltr'>μέμνημαι,</span> <span class='ocrx_word' id='word_1_762' title='bbox 1736 5319 1835 5368; x_wconf 73' lang='grc' dir='ltr'>καὶ</span> <span class='ocrx_word' id='word_1_763' title='bbox 1883 5317 2006 5369; x_wconf 82' lang='grc' dir='ltr'>οὐδέ</span> 
     </span>
    </p>
   </div>
   <div class='ocr_carea' id='block_1_86' title="bbox 423 5404 2005 5478">
    <p class='ocr_par' dir='ltr' id='par_1_86' title="bbox 423 5404 2005 5478">
     <span class='ocr_line' id='line_1_86' title="bbox 423 5404 2005 5478; baseline 0.002 -20"><span class='ocrx_word' id='word_1_764' title='bbox 423 5405 709 5475; x_wconf 62' lang='grc' dir='ltr'>παύσομαι</span> <span class='ocrx_word' id='word_1_765' title='bbox 737 5404 880 5458; x_wconf 86' lang='grc' dir='ltr'>οὑτω</span> <span class='ocrx_word' id='word_1_766' title='bbox 913 5405 1107 5458; x_wconf 80' lang='grc' dir='ltr'>ποιῶν⁹</span> <span class='ocrx_word' id='word_1_767' title='bbox 1148 5409 1246 5459; x_wconf 75' lang='grc' dir='ltr'>καὶ</span> <span class='ocrx_word' id='word_1_768' title='bbox 1273 5407 1517 5475; x_wconf 87' lang='grc' dir='ltr'>γενέσθω</span> <span class='ocrx_word' id='word_1_769' title='bbox 1545 5406 1704 5460; x_wconf 84' lang='grc' dir='ltr'>τοῦτο</span> <span class='ocrx_word' id='word_1_770' title='bbox 1744 5408 1902 5478; x_wconf 79' lang='grc' dir='ltr'>δῆλον</span> <span class='ocrx_word' id='word_1_771' title='bbox 1937 5411 2005 5477; x_wconf 84' lang='grc' dir='ltr'>τῇ</span> 
     </span>
    </p>
   </div>
   <div class='ocr_carea' id='block_1_87' title="bbox 422 5495 2005 5569">
    <p class='ocr_par' dir='ltr' id='par_1_87' title="bbox 422 5495 2005 5569">
     <span class='ocr_line' id='line_1_87' title="bbox 422 5495 2005 5569; baseline 0.001 -21"><span class='ocrx_word' id='word_1_772' title='bbox 422 5499 615 5568; x_wconf 80' lang='grc' dir='ltr'>ἀγάπῃ</span> <span class='ocrx_word' id='word_1_773' title='bbox 644 5495 836 5550; x_wconf 88' lang='grc' dir='ltr'>αὐτοῦ.</span> <span class='ocrx_word' id='word_1_774' title='bbox 870 5495 1128 5549; x_wconf 80' lang='grc' dir='ltr'>Ἀκούετέ</span> <span class='ocrx_word' id='word_1_775' title='bbox 1159 5513 1260 5551; x_wconf 88' lang='grc' dir='ltr'>που</span> <span class='ocrx_word' id='word_1_776' title='bbox 1285 5497 1417 5569; x_wconf 89' lang='grc' dir='ltr'>περί</span> <span class='ocrx_word' id='word_1_777' title='bbox 1458 5514 1570 5551; x_wconf 91' lang='grc' dir='ltr'>που</span> <span class='ocrx_word' id='word_1_778' title='bbox 1605 5498 1672 5550; x_wconf 84' lang='grc' dir='ltr'>τά</span> <span class='ocrx_word' id='word_1_779' title='bbox 1704 5498 1799 5550; x_wconf 88' lang='grc' dir='ltr'>τοῦ</span> <span class='ocrx_word' id='word_1_780' title='bbox 1835 5498 2005 5568; x_wconf 84' lang='grc' dir='ltr'>φόρου</span> 
     </span>
    </p>
   </div>
   <div class='ocr_carea' id='block_1_88' title="bbox 422 5574 2001 5661">
    <p class='ocr_par' dir='ltr' id='par_1_88' title="bbox 422 5574 2001 5661">
     <span class='ocr_line' id='line_1_88' title="bbox 422 5574 2001 5661; baseline 0.002 -21"><span class='ocrx_word' id='word_1_781' title='bbox 422 5574 672 5658; x_wconf 71' lang='grc' dir='ltr'>νοτάριον</span> <span class='ocrx_word' id='word_1_782' title='bbox 722 5589 814 5641; x_wconf 78' lang='grc' dir='ltr'>τὸν</span> <span class='ocrx_word' id='word_1_783' title='bbox 866 5588 1044 5652; x_wconf 89' lang='grc' dir='ltr'>δεῖνα,</span> <span class='ocrx_word' id='word_1_784' title='bbox 1097 5588 1376 5660; x_wconf 89' lang='grc' dir='ltr'>γνώριμον</span> <span class='ocrx_word' id='word_1_785' title='bbox 1435 5592 1567 5661; x_wconf 79' lang='grc' dir='ltr'>ἡμῖν</span> <span class='ocrx_word' id='word_1_786' title='bbox 1631 5591 1693 5641; x_wconf 83' lang='grc' dir='ltr'>ἐκ</span> <span class='ocrx_word' id='word_1_787' title='bbox 1745 5586 2001 5643; x_wconf 82' lang='grc' dir='ltr'>παλαιοῦ.</span> 
     </span>
    </p>
   </div>
   <div class='ocr_carea' id='block_1_89' title="bbox 423 5675 2005 5750">
    <p class='ocr_par' dir='ltr' id='par_1_89' title="bbox 423 5675 2005 5750">
     <span class='ocr_line' id='line_1_89' title="bbox 423 5675 2005 5750; baseline 0 -18"><span class='ocrx_word' id='word_1_788' title='bbox 423 5675 590 5744; x_wconf 74' lang='grc' dir='ltr'>Οὗτος</span> <span class='ocrx_word' id='word_1_789' title='bbox 647 5682 748 5732; x_wconf 87' lang='grc' dir='ltr'>οὐκ</span> <span class='ocrx_word' id='word_1_790' title='bbox 813 5679 1034 5750; x_wconf 78' lang='grc' dir='ltr'>ὤκνησε</span> <span class='ocrx_word' id='word_1_791' title='bbox 1123 5679 1191 5731; x_wconf 85' lang='grc' dir='ltr'>δι’</span> <span class='ocrx_word' id='word_1_792' title='bbox 1253 5681 1546 5750; x_wconf 81' lang='grc' dir='ltr'>ἐπιστολῆς</span> <span class='ocrx_word' id='word_1_793' title='bbox 1610 5681 2005 5750; x_wconf 82' lang='grc' dir='ltr'>προσφωνῆσαι</span> 
     </span>
    </p>
   </div>
   <div class='ocr_carea' id='block_1_90' title="bbox 421 5771 2007 5844">
    <p class='ocr_par' dir='ltr' id='par_1_90' title="bbox 421 5771 2007 5844">
     <span class='ocr_line' id='line_1_90' title="bbox 421 5771 2007 5844; baseline -0.001 -19"><span class='ocrx_word' id='word_1_794' title='bbox 421 5776 594 5842; x_wconf 77' lang='grc' dir='ltr'>ἡμᾶς.</span> <span class='ocrx_word' id='word_1_795' title='bbox 641 5775 1014 5844; x_wconf 78' lang='grc' dir='ltr'>Ἀμειύὸμεθα</span> <span class='ocrx_word' id='word_1_796' title='bbox 1067 5771 1162 5827; x_wconf 79' lang='grc' dir='ltr'>οὖν</span> <span class='ocrx_word' id='word_1_797' title='bbox 1207 5775 1303 5827; x_wconf 77' lang='grc' dir='ltr'>καὶ</span> <span class='ocrx_word' id='word_1_798' title='bbox 1333 5776 1493 5844; x_wconf 78' lang='grc' dir='ltr'>ἡμεῖς</span> <span class='ocrx_word' id='word_1_799' title='bbox 1527 5775 1689 5827; x_wconf 81' lang='grc' dir='ltr'>αὐτὸν</span> <span class='ocrx_word' id='word_1_800' title='bbox 1724 5775 1836 5837; x_wconf 88' lang='grc' dir='ltr'>τοῖς</span> <span class='ocrx_word' id='word_1_801' title='bbox 1871 5775 2007 5835; x_wconf 82' lang='grc' dir='ltr'>ίσοις</span> 
     </span>
    </p>
   </div>
   <div class='ocr_carea' id='block_1_91' title="bbox 424 5866 2000 5939">
    <p class='ocr_par' dir='ltr' id='par_1_91' title="bbox 424 5866 2000 5939">
     <span class='ocr_line' id='line_1_91' title="bbox 424 5866 2000 5939; baseline 0.001 -22"><span class='ocrx_word' id='word_1_802' title='bbox 424 5866 510 5918; x_wconf 70' lang='grc' dir='ltr'>διὰ</span> <span class='ocrx_word' id='word_1_803' title='bbox 540 5866 636 5936; x_wconf 74' lang='grc' dir='ltr'>τῆς</span> <span class='ocrx_word' id='word_1_804' title='bbox 669 5868 936 5939; x_wconf 85' lang='grc' dir='ltr'>ὑμετέρας</span> <span class='ocrx_word' id='word_1_805' title='bbox 982 5866 1225 5937; x_wconf 85' lang='grc' dir='ltr'>ἀγάπης.</span> <span class='ocrx_word' id='word_1_806' title='bbox 1261 5867 1488 5939; x_wconf 83' lang='grc' dir='ltr'>Νομίζω</span> <span class='ocrx_word' id='word_1_807' title='bbox 1513 5906 1527 5935; x_wconf 92' lang='grc'>,</span> <span class='ocrx_word' id='word_1_808' title='bbox 1570 5869 1686 5931; x_wconf 86' lang='grc' dir='ltr'>τοῖς</span> <span class='ocrx_word' id='word_1_809' title='bbox 1723 5883 2000 5936; x_wconf 86' lang='grc' dir='ltr'>πανιερω-</span> 
     </span>
    </p>
   </div>
   <div class='ocr_carea' id='block_1_92' title="bbox 2103 4769 3702 4841">
    <p class='ocr_par' dir='ltr' id='par_1_92' title="bbox 2103 4769 3702 4841">
     <span class='ocr_line' id='line_1_92' title="bbox 2103 4769 3702 4841; baseline 0.006 -18"><span class='ocrx_word' id='word_1_810' title='bbox 2103 4772 2202 4834; x_wconf 71' lang='grc' dir='ltr'>τὰς</span> <span class='ocrx_word' id='word_1_811' title='bbox 2247 4773 2550 4841; x_wconf 87' lang='grc' dir='ltr'>ἀγγαρείας</span> <span class='ocrx_word' id='word_1_812' title='bbox 2584 4772 2787 4836; x_wconf 79' lang='grc' dir='ltr'>ταύτας</span> <span class='ocrx_word' id='word_1_813' title='bbox 2815 4812 2831 4836; x_wconf 95' lang='grc'>,</span> <span class='ocrx_word' id='word_1_814' title='bbox 2857 4769 2902 4827; x_wconf 82' lang='grc' dir='ltr'><strong>ὦ</strong></span> <span class='ocrx_word' id='word_1_815' title='bbox 2942 4776 3380 4841; x_wconf 87' lang='grc' dir='ltr'>σπουδαιότατοι,</span> <span class='ocrx_word' id='word_1_816' title='bbox 3413 4782 3513 4832; x_wconf 82' lang='grc' dir='ltr'>καὶ</span> <span class='ocrx_word' id='word_1_817' title='bbox 3557 4781 3702 4834; x_wconf 88' lang='grc' dir='ltr'>ἀνα-</span> 
     </span>
    </p>
   </div>
   <div class='ocr_carea' id='block_1_93' title="bbox 2106 4865 3705 4943">
    <p class='ocr_par' dir='ltr' id='par_1_93' title="bbox 2106 4865 3705 4943">
     <span class='ocr_line' id='line_1_93' title="bbox 2106 4865 3705 4943; baseline 0.009 -29"><span class='ocrx_word' id='word_1_818' title='bbox 2106 4865 2358 4916; x_wconf 87' lang='grc' dir='ltr'>πίπτετε·</span> <span class='ocrx_word' id='word_1_819' title='bbox 2394 4866 2691 4919; x_wconf 76' lang='grc' dir='ltr'>καὶταῦτα</span> <span class='ocrx_word' id='word_1_820' title='bbox 2745 4866 2872 4921; x_wconf 74' lang='grc' dir='ltr'>οὔτε</span> <span class='ocrx_word' id='word_1_821' title='bbox 2906 4868 3146 4933; x_wconf 87' lang='grc' dir='ltr'>σταδίοις</span> <span class='ocrx_word' id='word_1_822' title='bbox 3185 4868 3311 4924; x_wconf 78' lang='grc' dir='ltr'>οὔτε</span> <span class='ocrx_word' id='word_1_823' title='bbox 3347 4872 3553 4942; x_wconf 87' lang='grc' dir='ltr'>μιλίοις</span> <span class='ocrx_word' id='word_1_824' title='bbox 3585 4876 3705 4943; x_wconf 69' lang='lat' dir='ltr'>69L-</span> 
     </span>
    </p>
   </div>
   <div class='ocr_carea' id='block_1_94' title="bbox 2105 4957 3697 5035">
    <p class='ocr_par' dir='ltr' id='par_1_94' title="bbox 2105 4957 3697 5035">
     <span class='ocr_line' id='line_1_94' title="bbox 2105 4957 3697 5035; baseline 0.006 -25"><span class='ocrx_word' id='word_1_825' title='bbox 2105 4957 2366 5022; x_wconf 79' lang='grc' dir='ltr'>ζομένας,</span> <span class='ocrx_word' id='word_1_826' title='bbox 2397 4957 2535 5011; x_wconf 83' lang='grc' dir='ltr'>ἀλλὰ</span> <span class='ocrx_word' id='word_1_827' title='bbox 2569 4960 2668 5021; x_wconf 78' lang='grc' dir='ltr'>τὰς</span> <span class='ocrx_word' id='word_1_828' title='bbox 2699 4959 2921 5023; x_wconf 90' lang='grc' dir='ltr'>πλείους</span> <span class='ocrx_word' id='word_1_829' title='bbox 2987 4962 3224 5026; x_wconf 76' lang='grc' dir='ltr'>ἐνοδίους</span> <span class='ocrx_word' id='word_1_830' title='bbox 3284 4968 3697 5035; x_wconf 83' lang='grc' dir='ltr'>γενησομένας.</span> 
     </span>
    </p>
   </div>
   <div class='ocr_carea' id='block_1_95' title="bbox 2118 5047 3708 5127">
    <p class='ocr_par' dir='ltr' id='par_1_95' title="bbox 2118 5047 3708 5127">
     <span class='ocr_line' id='line_1_95' title="bbox 2118 5047 3708 5127; baseline 0.008 -27"><span class='ocrx_word' id='word_1_831' title='bbox 2118 5047 2242 5102; x_wconf 81' lang='grc' dir='ltr'>Ἐάν</span> <span class='ocrx_word' id='word_1_832' title='bbox 2290 5048 2346 5101; x_wconf 80' lang='grc' dir='ltr'>δὲ</span> <span class='ocrx_word' id='word_1_833' title='bbox 2383 5050 2543 5117; x_wconf 86' lang='grc' dir='ltr'>ὑμεῖς</span> <span class='ocrx_word' id='word_1_834' title='bbox 2591 5048 2764 5117; x_wconf 84' lang='grc' dir='ltr'>οὑτω,</span> <span class='ocrx_word' id='word_1_835' title='bbox 2809 5051 2892 5114; x_wconf 89' lang='grc' dir='ltr'>τίς</span> <span class='ocrx_word' id='word_1_836' title='bbox 2928 5051 2995 5105; x_wconf 80' lang='grc' dir='ltr'>ἂν</span> <span class='ocrx_word' id='word_1_837' title='bbox 3029 5054 3117 5125; x_wconf 80' lang='grc' dir='ltr'>εἴη</span> <span class='ocrx_word' id='word_1_838' title='bbox 3166 5057 3195 5108; x_wconf 87' lang='lat'>6</span> <span class='ocrx_word' id='word_1_839' title='bbox 3245 5057 3380 5127; x_wconf 83' lang='grc' dir='ltr'>πρὸς</span> <span class='ocrx_word' id='word_1_840' title='bbox 3407 5059 3708 5123; x_wconf 88' lang='grc' dir='ltr'>τοσούτους</span> 
     </span>
    </p>
   </div>
   <div class='ocr_carea' id='block_1_96' title="bbox 2111 5140 3707 5220">
    <p class='ocr_par' dir='ltr' id='par_1_96' title="bbox 2111 5140 3707 5220">
     <span class='ocr_line' id='line_1_96' title="bbox 2111 5140 3707 5220; baseline 0.006 -26"><span class='ocrx_word' id='word_1_841' title='bbox 2111 5140 2320 5210; x_wconf 85' lang='grc' dir='ltr'>μέλλων</span> <span class='ocrx_word' id='word_1_842' title='bbox 2350 5143 2714 5212; x_wconf 80' lang='grc' dir='ltr'>ἐγχαράττειν</span> <span class='ocrx_word' id='word_1_843' title='bbox 2748 5145 2967 5214; x_wconf 82' lang='grc' dir='ltr'>γραφάς</span> <span class='ocrx_word' id='word_1_844' title='bbox 2999 5163 3014 5214; x_wconf 87' lang='grc'><strong>;</strong></span> <span class='ocrx_word' id='word_1_845' title='bbox 3042 5147 3205 5209; x_wconf 68' lang='grc' dir='ltr'>Ἐμοὶ</span> <span class='ocrx_word' id='word_1_846' title='bbox 3238 5149 3295 5201; x_wconf 87' lang='grc' dir='ltr'>δέ</span> <span class='ocrx_word' id='word_1_847' title='bbox 3322 5149 3478 5202; x_wconf 85' lang='grc' dir='ltr'>οῦπω</span> <span class='ocrx_word' id='word_1_848' title='bbox 3523 5152 3707 5220; x_wconf 80' lang='grc' dir='ltr'>πέρας</span> 
     </span>
    </p>
   </div>
   <div class='ocr_carea' id='block_1_97' title="bbox 2107 5232 3708 5312">
    <p class='ocr_par' dir='ltr' id='par_1_97' title="bbox 2107 5232 3708 5312">
     <span class='ocr_line' id='line_1_97' title="bbox 2107 5232 3708 5312; baseline 0.006 -28"><span class='ocrx_word' id='word_1_849' title='bbox 2107 5233 2176 5286; x_wconf 83' lang='grc' dir='ltr'>τὰ</span> <span class='ocrx_word' id='word_1_850' title='bbox 2209 5232 2400 5301; x_wconf 85' lang='grc' dir='ltr'>φιλικὰ</span> <span class='ocrx_word' id='word_1_851' title='bbox 2455 5234 2698 5301; x_wconf 84' lang='grc' dir='ltr'>ὀνόματα</span> <span class='ocrx_word' id='word_1_852' title='bbox 2729 5235 2907 5305; x_wconf 74' lang='grc' dir='ltr'>ἔσχεν.</span> <span class='ocrx_word' id='word_1_853' title='bbox 2941 5236 3058 5290; x_wconf 86' lang='grc' dir='ltr'>ἀλλ’</span> <span class='ocrx_word' id='word_1_854' title='bbox 3085 5239 3335 5308; x_wconf 81' lang='grc' dir='ltr'>ἐπιρρέει</span> <span class='ocrx_word' id='word_1_855' title='bbox 3380 5240 3480 5311; x_wconf 84' lang='grc' dir='ltr'>οὐχ</span> <span class='ocrx_word' id='word_1_856' title='bbox 3535 5237 3708 5312; x_wconf 83' lang='grc' dir='ltr'>ἦττον</span> 
     </span>
    </p>
   </div>
   <div class='ocr_carea' id='block_1_98' title="bbox 2109 5325 3709 5399">
    <p class='ocr_par' dir='ltr' id='par_1_98' title="bbox 2109 5325 3709 5399">
     <span class='ocr_line' id='line_1_98' title="bbox 2109 5325 3709 5399; baseline 0.007 -22"><span class='ocrx_word' id='word_1_857' title='bbox 2109 5326 2140 5394; x_wconf 81' lang='grc' dir='ltr'>ἦ</span> <span class='ocrx_word' id='word_1_858' title='bbox 2171 5327 2248 5395; x_wconf 84' lang='grc' dir='ltr'>τῷ</span> <span class='ocrx_word' id='word_1_859' title='bbox 2293 5325 2580 5396; x_wconf 81' lang='grc' dir='ltr'>Ὁμηρικῷ</span> <span class='ocrx_word' id='word_1_860' title='bbox 2625 5328 2935 5399; x_wconf 71' lang='grc' dir='ltr'>Λαερτιάδη</span> <span class='ocrx_word' id='word_1_861' title='bbox 2967 5328 3038 5382; x_wconf 87' lang='grc' dir='ltr'>τά</span> <span class='ocrx_word' id='word_1_862' title='bbox 3095 5331 3197 5399; x_wconf 78' lang='grc' dir='ltr'>τῆς</span> <span class='ocrx_word' id='word_1_863' title='bbox 3227 5335 3446 5396; x_wconf 87' lang='grc' dir='ltr'>νεκυίας</span> <span class='ocrx_word' id='word_1_864' title='bbox 3478 5335 3709 5388; x_wconf 69' lang='grc' dir='ltr'>εἴδωλαο</span> 
     </span>
    </p>
   </div>
   <div class='ocr_carea' id='block_1_99' title="bbox 2109 5417 3710 5493">
    <p class='ocr_par' dir='ltr' id='par_1_99' title="bbox 2109 5417 3710 5493">
     <span class='ocr_line' id='line_1_99' title="bbox 2109 5417 3710 5493; baseline 0.007 -24"><span class='ocrx_word' id='word_1_865' title='bbox 2109 5417 2308 5471; x_wconf 87' lang='grc' dir='ltr'>είδωλα</span> <span class='ocrx_word' id='word_1_866' title='bbox 2354 5418 2463 5487; x_wconf 87' lang='grc' dir='ltr'>γάρ</span> <span class='ocrx_word' id='word_1_867' title='bbox 2517 5437 2634 5481; x_wconf 82' lang='grc' dir='ltr'>πως</span> <span class='ocrx_word' id='word_1_868' title='bbox 2667 5419 2762 5471; x_wconf 79' lang='grc' dir='ltr'>καὶ</span> <span class='ocrx_word' id='word_1_869' title='bbox 2816 5419 2980 5483; x_wconf 80' lang='grc' dir='ltr'>αὐτὸς</span> <span class='ocrx_word' id='word_1_870' title='bbox 3011 5420 3115 5490; x_wconf 79' lang='grc' dir='ltr'>τῆς</span> <span class='ocrx_word' id='word_1_871' title='bbox 3146 5422 3258 5474; x_wconf 83' lang='grc' dir='ltr'>τῶν</span> <span class='ocrx_word' id='word_1_872' title='bbox 3307 5424 3480 5490; x_wconf 79' lang='grc' dir='ltr'>φίλων</span> <span class='ocrx_word' id='word_1_873' title='bbox 3508 5425 3710 5493; x_wconf 84' lang='grc' dir='ltr'>οὐσίας</span> 
     </span>
    </p>
   </div>
   <div class='ocr_carea' id='block_1_100' title="bbox 2108 5507 3712 5580">
    <p class='ocr_par' dir='ltr' id='par_1_100' title="bbox 2108 5507 3712 5580">
     <span class='ocr_line' id='line_1_100' title="bbox 2108 5507 3712 5580; baseline 0.008 -20"><span class='ocrx_word' id='word_1_874' title='bbox 2108 5507 2262 5562; x_wconf 88' lang='grc' dir='ltr'>καλῶ</span> <span class='ocrx_word' id='word_1_875' title='bbox 2311 5511 2380 5563; x_wconf 82' lang='grc' dir='ltr'>τά</span> <span class='ocrx_word' id='word_1_876' title='bbox 2407 5510 2673 5580; x_wconf 86' lang='grc' dir='ltr'>ὀνόματα.</span> <span class='ocrx_word' id='word_1_877' title='bbox 2707 5511 2920 5566; x_wconf 87' lang='grc' dir='ltr'>Οὐκοῦν</span> <span class='ocrx_word' id='word_1_878' title='bbox 2983 5513 3104 5566; x_wconf 83' lang='grc' dir='ltr'>κατ’</span> <span class='ocrx_word' id='word_1_879' title='bbox 3153 5516 3366 5567; x_wconf 81' lang='grc' dir='ltr'>ἐκεῖνον</span> <span class='ocrx_word' id='word_1_880' title='bbox 3418 5517 3568 5571; x_wconf 78' lang='grc' dir='ltr'>ἓλκω</span> <span class='ocrx_word' id='word_1_881' title='bbox 3608 5525 3712 5573; x_wconf 77' lang='grc' dir='ltr'>καὶ</span> 
     </span>
    </p>
   </div>
   <div class='ocr_carea' id='block_1_101' title="bbox 2108 5599 3711 5676">
    <p class='ocr_par' dir='ltr' id='par_1_101' title="bbox 2108 5599 3711 5676">
     <span class='ocr_line' id='line_1_101' title="bbox 2108 5599 3711 5676; baseline 0.007 -24"><span class='ocrx_word' id='word_1_882' title='bbox 2108 5599 2268 5662; x_wconf 80' lang='grc' dir='ltr'>αὐτὸς</span> <span class='ocrx_word' id='word_1_883' title='bbox 2295 5600 2355 5652; x_wconf 75' lang='grc' dir='ltr'>τὸ</span> <span class='ocrx_word' id='word_1_884' title='bbox 2383 5599 2534 5668; x_wconf 81' lang='grc' dir='ltr'>ξίφος</span> <span class='ocrx_word' id='word_1_885' title='bbox 2553 5602 2614 5654; x_wconf 86' lang='grc' dir='ltr'>τὸ</span> <span class='ocrx_word' id='word_1_886' title='bbox 2643 5605 2908 5672; x_wconf 83' lang='grc' dir='ltr'>τμητικὸν</span> <span class='ocrx_word' id='word_1_887' title='bbox 2929 5603 3029 5673; x_wconf 85' lang='grc' dir='ltr'>τῆς</span> <span class='ocrx_word' id='word_1_888' title='bbox 3050 5605 3365 5676; x_wconf 80' lang='grc' dir='ltr'>ἐπιστολῆς,</span> <span class='ocrx_word' id='word_1_889' title='bbox 3384 5609 3479 5660; x_wconf 79' lang='grc' dir='ltr'>καὶ</span> <span class='ocrx_word' id='word_1_890' title='bbox 3500 5609 3711 5663; x_wconf 80' lang='grc' dir='ltr'>ἀποσο-</span> 
     </span>
    </p>
   </div>
   <div class='ocr_carea' id='block_1_102' title="bbox 2109 5689 3709 5766">
    <p class='ocr_par' dir='ltr' id='par_1_102' title="bbox 2109 5689 3709 5766">
     <span class='ocr_line' id='line_1_102' title="bbox 2109 5689 3709 5766; baseline 0.006 -25"><span class='ocrx_word' id='word_1_891' title='bbox 2109 5689 2190 5741; x_wconf 75' lang='grc' dir='ltr'>ϐῶ</span> <span class='ocrx_word' id='word_1_892' title='bbox 2234 5690 2301 5742; x_wconf 81' lang='grc' dir='ltr'>τὰ</span> <span class='ocrx_word' id='word_1_893' title='bbox 2349 5691 2720 5761; x_wconf 86' lang='grc' dir='ltr'>ἐπερχόμενα,</span> <span class='ocrx_word' id='word_1_894' title='bbox 2759 5693 2854 5746; x_wconf 78' lang='grc' dir='ltr'>καὶ</span> <span class='ocrx_word' id='word_1_895' title='bbox 2895 5693 3058 5744; x_wconf 81' lang='grc' dir='ltr'>παύω</span> <span class='ocrx_word' id='word_1_896' title='bbox 3088 5694 3230 5762; x_wconf 85' lang='grc' dir='ltr'>ὑμᾶς</span> <span class='ocrx_word' id='word_1_897' title='bbox 3259 5695 3353 5746; x_wconf 90' lang='grc' dir='ltr'>τοῦ</span> <span class='ocrx_word' id='word_1_898' title='bbox 3386 5697 3709 5766; x_wconf 74' lang='grc' dir='ltr'>ἀσχάλλειν.</span> 
     </span>
    </p>
   </div>
   <div class='ocr_carea' id='block_1_103' title="bbox 2110 5781 3713 5862">
    <p class='ocr_par' dir='ltr' id='par_1_103' title="bbox 2110 5781 3713 5862">
     <span class='ocr_line' id='line_1_103' title="bbox 2110 5781 3713 5862; baseline 0.007 -29"><span class='ocrx_word' id='word_1_899' title='bbox 2110 5783 2214 5835; x_wconf 65' lang='grc' dir='ltr'>Καὶ</span> <span class='ocrx_word' id='word_1_900' title='bbox 2242 5781 2350 5850; x_wconf 85' lang='grc' dir='ltr'>ἐγὼ</span> <span class='ocrx_word' id='word_1_901' title='bbox 2386 5782 2487 5852; x_wconf 86' lang='grc' dir='ltr'>μέν</span> <span class='ocrx_word' id='word_1_902' title='bbox 2522 5782 2666 5837; x_wconf 79' lang='grc' dir='ltr'>οὕτω</span> <span class='ocrx_word' id='word_1_903' title='bbox 2690 5783 2965 5850; x_wconf 86' lang='grc' dir='ltr'>,δεδοικὼς</span> <span class='ocrx_word' id='word_1_904' title='bbox 3001 5787 3100 5857; x_wconf 83' lang='grc' dir='ltr'>τὴν</span> <span class='ocrx_word' id='word_1_905' title='bbox 3132 5787 3406 5857; x_wconf 80' lang='grc' dir='ltr'>ὑμετέραν</span> <span class='ocrx_word' id='word_1_906' title='bbox 3428 5791 3674 5862; x_wconf 37' lang='grc' dir='ltr'>,Κίρκην</span> <span class='ocrx_word' id='word_1_907' title='bbox 3694 5829 3713 5859; x_wconf 86' lang='grc'>,</span> 
     </span>
    </p>
   </div>
   <div class='ocr_carea' id='block_1_104' title="bbox 2110 5873 3715 5948">
    <p class='ocr_par' dir='ltr' id='par_1_104' title="bbox 2110 5873 3715 5948">
     <span class='ocr_line' id='line_1_104' title="bbox 2110 5873 3715 5948; baseline 0.009 -22"><span class='ocrx_word' id='word_1_908' title='bbox 2110 5874 2233 5944; x_wconf 78' lang='grc' dir='ltr'>ἥτις</span> <span class='ocrx_word' id='word_1_909' title='bbox 2281 5875 2478 5946; x_wconf 76' lang='grc' dir='ltr'>ῥαδίως</span> <span class='ocrx_word' id='word_1_910' title='bbox 2521 5873 2666 5930; x_wconf 79' lang='grc' dir='ltr'>οὕτω</span> <span class='ocrx_word' id='word_1_911' title='bbox 2709 5879 2835 5943; x_wconf 84' lang='grc' dir='ltr'>τούς</span> <span class='ocrx_word' id='word_1_912' title='bbox 2864 5877 3191 5948; x_wconf 85' lang='grc' dir='ltr'>ἀνθρώπους</span> <span class='ocrx_word' id='word_1_913' title='bbox 3219 5879 3552 5948; x_wconf 79' lang='grc' dir='ltr'>ἀποθηριοῖ,</span> <span class='ocrx_word' id='word_1_914' title='bbox 3593 5885 3715 5940; x_wconf 80' lang='grc' dir='ltr'>ὅσοι</span> 
     </span>
    </p>
   </div>
  </div>
