4062 6404
404 466 409 471 '
429 444 566 508 1297

1211 452 1638 515 EUSTATHII
1677 450 2445 517 THESSALONICENSIS
2478 448 2897 512 EPISTOLIE.

3559 449 3688 516 1298

421 570 499 636 μὴ
538 565 1015 635 προσφθέγγονται
1048 565 1205 636 ἡμᾶς
1226 581 1241 596 ⁸
1279 567 1385 636 ήδη
1417 568 1475 622 δὲ
1517 567 1613 622 καὶ
1661 569 1691 621 ὁ
1740 567 1911 632 δεῖνα,
1936 569 1996 622 ὃν
2025 584 2068 636 Α
2099 565 2262 635 ἡμεῖς
2294 564 2344 617 οί
2377 563 2566 633 μικροὶ
2591 563 2809 634 ἔχομεν,
2844 560 2983 617 ἀλλὰ
3045 560 3141 617 καὶ
3191 560 3330 632 μετὰ
3372 561 3561 632 δώρων
3594 580 3690 632 μς-

415 660 578 729 ὐμεῖς
611 659 735 713 κατ’
776 661 993 729 ἐκείνην
1042 659 1140 729 τὴν
1196 659 1368 714 πάλαι
1401 660 1481 728 τῷ
1535 649 1853 731 καθ⁹’ὐμᾶς
1895 678 1993 714 κυ-

413 751 582 804 κεῶνι
635 753 717 813 εἰς
767 753 951 821 χοῖρον
1004 750 1464 820 μετεσκευάσατε.
1504 752 1701 806 ¹Ἀλλον
1726 753 1836 823 γάρ
1871 770 1992 806 τινα

416 841 526 895 τῶν
559 842 862 912 ὑμετέρων,
903 840 978 912 μή
1028 842 1241 911 γένοιτο
1294 843 1446 914 ὑμῖν.
1489 844 1834 914 Ἀρκούντως
1883 843 1993 914 γὰρ

414 937 464 988 υἱ
496 934 675 987 λοιποὶ
720 934 780 986 τὸ
826 935 922 988 τοῦ
964 933 1169 1006 Ἑρμοῦ
1203 934 1356 1003 μῶλυ
1388 934 1618 1006 φέρουσι
1644 937 1861 1004 φωνὴν,
1898 938 1995 990 καὶ

418 1030 581 1092 αὐτὸς
614 1030 1015 1099 ἀναλαμϐάνει.
1053 1032 1164 1086 Καὶ
1193 1031 1253 1083 οὐ
1299 1030 1442 1085 κατὰ
1488 1031 1580 1085 τὸν
1624 1031 1867 1102 Γρύλλον
1890 1023 1993 1084 ’τοῦ

418 1120 745 1188 Χαιρωνέως
776 1120 964 1190 σοφοῦ,
1003 1121 1136 1174 ἀλλά
1167 1123 1309 1177 κατὰ
1357 1122 1452 1175 τὸν
1493 1122 1665 1186 ὅντως
1706 1122 1996 1193 ἀνθρωπον

419 1210 714 1282 φθέγξεται
737 1227 752 1243 ⁸
781 1211 996 1266 καὶτὸν
1025 1211 1273 1267 κυκεῶνα
1324 1214 1456 1284 ἡμῖν
1511 1213 1847 1283 περιτρίψει,
1901 1215 1996 1268 καὶ

417 1308 658 1375 ποιήσει,
704 1307 778 1374 μή
823 1305 1049 1361 τοιαῦτα
1097 1306 1264 1362 αὐτοῦ
1314 1308 1831 1376 καταφθέγγεσθαι.
1880 1308 1995 1362 Καὶ

425 1398 680 1468 (νομίζω)
713 1397 940 1467 εὐξησθε
970 1398 1057 1465 ἂν,
1095 1401 1254 1468 σιγᾷν
1284 1400 1448 1454 αὐτὸν
1473 1399 1561 1453 διὰ
1592 1398 1792 1470 βίου,ἢ
1823 1398 1999 1454 θέλειν

418 1487 680 1554 γράφειν.
747 1483 901 1541 Εἶδον
959 1487 1070 1557 γὰρ
1131 1488 1293 1541 αὐτὸν
1370 1487 1518 1541 κατὰ
1555 1486 1653 1557 τήν
1708 1488 2002 1558 κωμῳδίαν

416 1579 679 1643 ὀξύλαλον
736 1579 924 1631 ὀδόντα
995 1580 1232 1650 θήγοντα
1263 1621 1277 1641 ,
1343 1583 1437 1633 καὶ
1499 1580 1678 1649 θυμοῦ
1731 1580 1990 1633 πνέοντα.

427 1668 493 1722 Ὅ
535 1669 668 1731 θεὸς
721 1669 956 1738 φυλάξαι
1015 1672 1161 1741 ὑμᾶς
1207 1671 1382 1741 ὑγιεῖς
1438 1672 1534 1725 καὶ
1572 1672 1775 1734 παντὸς
1825 1671 2000 1726 κακοῦ

419 1760 672 1821 ἀπαθεῖς.
727 1762 832 1815 Καὶ
883 1763 1274 1833 ἀντιγράψοιτε
1307 1763 1461 1832 ἡμῖν,
1499 1760 1555 1815 εί
1586 1779 1641 1816 τι
1675 1760 1877 1815 καλόν*
1901 1762 2001 1815 καὶ

424 1851 531 1922 πρὸ
560 1853 781 1906 πάντων
810 1854 894 1916 είς
931 1854 1136 1917 πλάτος
1166 1853 1233 1907 τά
1274 1851 1371 1907 τοῦ
1410 1850 1676 1922 κραταιοῦ
1709 1854 1806 1907 καὶ
1839 1854 1998 1921 ἁγίου

2099 655 2308 726 μνήσῃ,
2325 653 2645 709 καὶτούτων
2676 655 3121 725 μεγαλοπρεπῶν
3151 657 3245 710 καὶ
3262 654 3430 721 ἀξίων
3452 654 3648 709 πολλοῦ
3670 671 3686 687 ο

2097 746 2192 798 καὶ
2218 745 2478 800 οὐδέποτε
2510 745 2724 818 παύσῃ,
2756 747 2866 801 τῶν
2905 747 3200 801 Εὐϐοιόθεν
3231 747 3453 818 ὡραίων
3481 747 3686 816 καρπί-

2100 854 2237 906 μων,
2281 840 2384 893 ὅσα
2430 840 2548 904 τοῖς
2596 839 2738 894 κατὰ
2782 840 2883 911 τὴν
2932 839 3209 904 Βύζαντος
3393 839 3681 909 τιμῶνται,

2096 930 2232 999 ήμῖν
2263 930 2406 985 κατὰ
2441 933 2721 1004 ποταμοὺς
2755 933 3060 988 ἐπαντλῶν.
3097 932 3286 997 Οὕτως
3317 931 3684 1003 εὐδαιμονοῦ-

2101 1035 2205 1089 μεν
2226 1022 2391 1091 ἡμεῖς
2414 1022 2500 1077 διὰ
2526 1023 2588 1077 σέ
2605 1038 2621 1054 ο
2651 1021 2826 1087 οὕτως
2851 1023 3194 1095 ἀναπληροῖς
3219 1027 3355 1095 ήμῖν
3376 1023 3438 1077 τὸ
3463 1024 3642 1079 ἐνδέον
3662 1038 3683 1059 ο

2097 1112 2276 1176 οὕτως
2316 1115 2399 1177 είς
2446 1112 2682 1169 Εὔϐοιαν
2733 1117 3169 1187 μετασκευάζειε
3215 1118 3312 1171 καὶ
3362 1120 3683 1186 μεταποιεῖς

2097 1203 2302 1276 ταύτην
2328 1204 2430 1275 τὴν
2461 1205 2589 1258 καθ’
2609 1207 2761 1277 ἡμᾶς
2786 1225 2802 1240 ο
2835 1206 2979 1261 οὕτω
3010 1208 3108 1271 τὰς
3139 1208 3427 1278 ἀποθήκας
3457 1210 3687 1280 ἀνευρύο

2099 1311 2265 1365 νομεν
2294 1295 2382 1349 διὰ
2416 1296 2476 1349 σὲ
2499 1335 2516 1362 ,
2548 1297 2645 1349 καὶ
2677 1297 2875 1368 ἔχομέν
2909 1316 2969 1352 σε
3003 1299 3265 1370 ἄντικρυς
3296 1301 3512 1371 ἐτήσιον
3543 1301 3682 1370 ἄφε-

2099 1404 2213 1454 νος,
2255 1388 2289 1458 ἢ
2333 1389 2626 1459 Δήμητρος
2669 1391 3001 1460 καινοτάτην
3042 1391 3241 1458 ἀκτήν.
3278 1392 3354 1446 Οὐ
3401 1392 3508 1463 μὴν
3544 1393 3683 1448 ἀλλά

2099 1479 2197 1533 καὶ
2242 1476 2602 1545 Κυκλώπειος
2643 1481 2851 1552 ὐμϐρος
2891 1481 3057 1553 ὥριος
3099 1484 3231 1553 ἡμῖν
3273 1484 3678 1555 ἐπιρρήγνυταί

2100 1589 2207 1632 σοι,
2236 1572 2499 1643 ἄσπαρτα
2524 1572 2617 1625 καὶ
2643 1572 2886 1643 ἀνήροτα
2915 1575 3074 1627 πάνθ’
3098 1576 3227 1644 ήμῖν
3254 1574 3484 1627 αὐτόθεν
3513 1575 3683 1638 ἀνιεὶς

2098 1662 2168 1715 τὰ
2204 1662 2411 1730 ἀγαθά.
2447 1663 2513 1716 Τί
2559 1681 2651 1734 μοι
2690 1665 2719 1718 ό
2759 1665 3100 1734 καθημέριος
3133 1669 3233 1736 τῆς
3276 1666 3552 1736 ποιήσεως
3596 1666 3684 1736 βό-

2099 1771 2127 1806 τ
2136 1770 2234 1821 ρυς
2259 1770 2275 1816 ;
2313 1753 2374 1806 ὃν
2402 1753 2640 1824 ἀλλαχοῦ
2670 1771 2730 1807 τε
2760 1755 2864 1824 γῆς
2899 1755 3221 1824 βλαστάνειν
3250 1757 3279 1810 δ
3305 1758 3484 1826 γέρων
3517 1757 3687 1827 μῦθος

2104 1847 2443 1914 σεμνολογεῖ,
2477 1847 2572 1898 καὶ
2603 1848 2694 1899 ναὶ
2730 1848 2794 1916 δὴ
2831 1848 2927 1901 καὶ
2962 1849 3092 1919 περὶ
3125 1848 3330 1919 ταύτην
3363 1846 3432 1921 ἦν
3464 1851 3552 1903 ὅτε
3585 1851 3686 1919 τὴν

421 1946 581 2015 ήμῶν
618 1945 887 2015 βασιλέως
939 1944 1324 2015 ἀριστεύματα
1351 1958 1368 1977 ο
1414 1943 1451 1998 ἃ
1488 1943 1836 2015 περιᾴδονται
1873 1945 1993 2014 μὲν,
2029 1947 2072 2001 Β
2103 1938 2242 1990 κατά
2269 1937 2349 2000 σὲ,
2377 1938 2471 2006 ἀφ’
2491 1931 2664 2009 οὗπερ
2687 1939 2962 2009 ὁσημέραι
2988 1940 3221 2003 σπονδὰς
3247 1942 3297 1994 οἱ
3325 1941 3581 2012 ἐγχώριοι
3604 1943 3685 2013 τῷ

421 2039 524 2091 οὐκ
573 2040 655 2101 είς
702 2037 1104 2107 εὐδιάρθρωτον
1146 2037 1203 2090 δὲ
1258 2038 1392 2106 ἡμῖν
1442 2037 1521 2090 ἔτι
1578 2038 1999 2108 περιηχοῦνται.

421 2128 669 2182 Φθονεῖτε
728 2129 838 2199 7&9
897 2129 1033 2197 ἡμῖν
1085 2124 1286 2198 (οἶμαι)
1333 2127 1430 2181 τοῦ
1480 2127 1678 2192 καλοῦ,
1718 2127 1806 2182 ἵνα
1844 2129 2000 2199 μόνοι

422 2220 896 2274 καταπολαύοιτεο
944 2219 1044 2272 οὐκ
1081 2219 1306 2283 εἰδότες,
1358 2219 1441 2273 ὅτι
1504 2220 1600 2299 καὶ
1652 2219 1809 2292 ὑμῶν
1841 2221 2003 2275 ἀκόν-

424 2330 534 2366 των
559 2312 699 2366 αὐτὰ
735 2310 1215 2382 περιηχησόμεθα,
1244 2312 1343 2366 καὶ
1380 2311 1513 2383 ὑμῖν
1544 2296 1705 2383 χάριν
1743 2312 2002 2380 οὐδεμίαν

425 2405 549 2458 οὐδὲ
599 2404 855 2457 ἐντεῦθεν
913 2404 1192 2472 εἰσόμεθα.
1227 2406 1295 2458 Ὠ
1347 2423 1437 2477 μοι
1463 2408 1565 2478 τῆς
1593 2406 1793 2479 λήμης,
1826 2406 1873 2460 ῶ
1908 2424 2000 2476 μοι

426 2496 530 2563 τῆς
571 2496 952 2565 παροράσεως,
1003 2496 1097 2550 ἐὰν
1146 2497 1328 2561 ἄλλοις
1371 2499 1471 2568 μὲν
1511 2500 1621 2553 τῶν
1665 2496 1835 2567 φίλων
1882 2501 2002 2554 ἐνε-

421 2589 689 2656 τράνιτα,
727 2589 819 2640 τὸν
849 2587 908 2640 δὲ
947 2586 1284 2656 λογιώτατον
1317 2589 1466 2645 δεῖνα
1506 2593 1695 2663 ἀφῆκα
1735 2593 1867 2648 ίδεῖν
1892 2607 1908 2624 ⁶
1941 2592 2001 2646 δν

423 2681 583 2749 ὑμεῖς
608 2680 712 2751 ήΰν
740 2696 798 2733 τε
830 2680 1006 2750 μέγαν
1031 2697 1092 2734 τε
1124 2683 1577 2752 προσφωνοῦντες
1606 2686 1667 2739 οὐ
1696 2684 1962 2755 ψεύδεσθε
1982 2703 1998 2718 ⁶

421 2773 625 2838 ὅμοιον,
654 2770 727 2833 ὡς
757 2771 853 2824 ἐὰν
879 2773 971 2825 καὶ
998 2774 1091 2826 ἐπὶ
1115 2775 1223 2828 τῶν
1249 2777 1382 2844 παρ’
1412 2774 1642 2845 Ὁμήρῳ
1676 2778 2001 2846 Παναχαιῶν

422 2868 548 2928 τοὺς
589 2867 689 2936 μὲν
721 2865 916 2928 ἄλλους
950 2867 1295 2937 προσέϐλεπέ
1328 2885 1442 2937 τις,
1475 2870 1504 2922 ό
1536 2869 1594 2923 δὲ
1632 2869 1837 2939 μείζων
1866 2870 2002 2935 Αἴας

422 2961 584 3016 αὐτὸν
615 2961 896 3018 ἐλάνθανε.
929 2963 1041 3016 Καὶ
1068 2963 1211 3034 τάχα
1248 2964 1604 3037 παρέδραμεν
1637 2962 1704 3018 ἂν
1734 2963 1831 3016 καὶ
1865 2962 1999 3032 ἐμὲ,

420 3054 567 3108 καθὰ
607 3056 701 3107 καὶ
742 3056 800 3108 ἐν
835 3057 903 3125 τῇ
942 3054 1149 3127 περαίᾳ
1184 3055 1287 3126 τῆς
1329 3054 1603 3125 βασιλίδος
1639 3054 1750 3108 τῶν
1792 3055 2002 3109 πόλεων

423 3144 551 3210 τούς
592 3146 1021 3211 τιτυσκομένους
1062 3148 1186 3200 κατ’
1214 3145 1415 3208 αὐτοῦ.
1461 3147 1511 3200 εί
1561 3147 1635 3217 μή
1679 3151 1748 3218 τῇ
1789 3147 2003 3219 διανοίᾳ

422 3238 977 3306 καταστοχασάμενος
1017 3238 1185 3294 αὐτοῦ
1229 3238 1439 3312 ἔτυχον.
1482 3241 1595 3300 Καὶ
1634 3228 1746 3294 ἰδοῦ
1786 3239 2002 3308 κατέχω

2102 2025 2340 2095 Διονύσῳ
2369 2027 2684 2081 ἀπέθλιϐον.
2716 2027 2856 2082 Ἀλλ’
2881 2029 3107 2093 ἐκεῖνος,
3139 2030 3274 2095 εῖτι
3304 2031 3400 2085 καὶ
3431 2031 3687 2084 πειστέον

2103 2116 2181 2187 τῷ
2217 2115 2397 2188 μύθῳ,
2433 2116 2628 2187 βότρυς
2659 2113 2749 2189 ἦν,
2782 2120 2878 2172 καὶ
2914 2118 3109 2190 βότρυς
3139 2115 3244 2187 εἷς,
3275 2121 3371 2173 καὶ
3402 2112 3560 2184 οὗτος
3588 2138 3687 2175 τυ·

2103 2211 2198 2282 χὺν
2235 2212 2263 2262 ὁ
2303 2210 2585 2281 ὀμφακίας
2610 2228 2625 2242 '
2662 2212 2757 2265 καὶ
2790 2211 2853 2265 τὺ
2887 2212 3098 2266 ἐκεῖθεν
3131 2212 3451 2283 θλιϐόμενόν
3482 2231 3545 2267 τε
3590 2215 3689 2269 καὶ

2104 2304 2400 2374 ἀπορρέον,
2433 2305 2558 2357 ὅσον
2585 2303 2652 2358 ἂν
2686 2305 3020 2372 ἀποστάξειε
3057 2306 3250 2375 βότρυς
3272 2323 3288 2339 ·
3320 2306 3392 2367 ὼς
3431 2307 3588 2376 μόλις
3619 2305 3689 2359 ἂν

2102 2394 2164 2446 τὸ
2194 2395 2405 2448 ἐκεῖθεν
2434 2396 2849 2467 ἐκπιεζόμενον,
2881 2398 2933 2451 εῐ
2958 2415 3041 2462 τις
3072 2398 3156 2466 ἐφ’
3178 2398 3300 2451 ὅλον
3330 2398 3449 2461 ἔτος
3478 2400 3557 2461 εἰς
3585 2398 3686 2466 ἀγ-

2103 2501 2201 2554 γος
2245 2486 2312 2539 ἂν
2352 2487 2707 2556 ἐπισυνάγειν
2749 2488 2947 2555 ἐθέλοι,
2988 2489 3120 2559 μίαν
3165 2490 3415 2560 ἐπιχειλῆ
3454 2490 3687 2560 ποιήσα-

2104 2578 2234 2630 σθαι
2275 2576 2526 2647 λάγυνον.
2574 2578 2646 2632 Σὺ
2688 2579 2734 2632 δ’
2759 2579 2915 2643 ὅλους
2958 2580 3092 2652 ἡμῖν
3133 2580 3362 2634 αὐτόθεν
3409 2581 3685 2652 ἀμφορεῖς

2103 2670 2346 2740 Διονύσῳ
2384 2671 2745 2742 τελουμένους
2782 2673 2992 2743 δσῶραι
3031 2674 3447 2729 ναυστολεῖσθαι
3488 2677 3682 2739 ποιεῖς,

2103 2763 2198 2817 καὶ
2229 2762 2458 2828 τούτους
2492 2764 2759 2835 νέκταρος
2800 2764 3035 2837 ἐρυθροῦ
3075 2766 3200 2820 καθ’
3225 2766 3477 2836 Ὅμηρον
3512 2766 3686 2836 ἀπορ-

2105 2855 2324 2926 ρῶγας,
2354 2856 2451 2910 καὶ
2482 2856 2579 2911 τοῦ
2617 2857 2973 2929 Ἲσμαρικοῦ,
3005 2858 3064 2921 ὃς
3094 2859 3188 2912 καὶ
3211 2858 3301 2912 τδν
3328 2860 3523 2929 ἄγριον
3549 2858 3686 2912 ὑπέ-

2104 2962 2233 3000 σανε
2279 2946 2607 3017 Κύκλωπα,
2643 2949 2813 3019 μηδὲν
2854 2949 3204 3011 ἀποδέοντας.
3256 2949 3403 3017 Σιγῶ
3448 2950 3547 3013 τὰς
3595 2966 3689 3002 κο-

2101 3036 2421 3109 λυμβάδας*
2463 3039 2540 3095 ἐῶ
2585 3041 2652 3095 τά
2695 3040 2912 3106 όξωτάο
2954 3041 3025 3095 τὰ
3067 3040 3146 3111 τῷ
3188 3041 3383 3113 κιτρίῳ
3428 3038 3488 3093 εὐ
3540 3039 3686 3111 μάλα

2102 3130 2491 3200 κατηρτυμένα
2524 3131 2619 3185 καὶ
2652 3132 2791 3203 πρὸς
2826 3132 3020 3205 ήδονήν
3052 3134 3484 3204 ὲσκευωρημένα
3519 3148 3688 3185 σκευσ

2105 3221 2261 3291 άρια.
2292 3222 2358 3274 Τί
2398 3223 2508 3291 γάρ
2551 3240 2640 3292 μοι
2674 3222 2886 3287 τούτοις
2925 3224 3323 3296 ἐνδιατρίϐειν,
3357 3222 3478 3290 ἐξὸν
3512 3223 3630 3276 ἐκεῖ
3660 3241 3689 3276 ο

424 3331 588 3384 α;τδν
626 3334 692 3400 τῇ
738 3332 911 3402 ψυχῇ
954 3333 1051 3386 καὶ
1096 3332 1309 3402 χαίρειν
1347 3310 1683 3403 ,προσφωνῶν
1726 3332 1826 3387 καὶ
1867 3331 2004 3399 ἀξιῶ
2031 3326 2078 3387 ο
2107 3310 2321 3403 εἰπεῖν,
2351 3312 2434 3364 ὃτι
2462 3329 2569 3383 περ
2596 3312 2962 3368 ἀποπλουτεῖε
2990 3314 3155 3383 ἡμῖν,
3190 3314 3286 3367 καὶ
3314 3312 3396 3366 ὅτι
3425 3311 3567 3367 κατά
3596 3313 3689 3364 τὸν

428 3424 650 3492 μνήμην
681 3422 826 3494 ἔχειν
859 3424 1040 3493 ήμῶν,
1079 3424 1318 3480 στέλλων
1371 3427 1466 3479 καὶ
1527 3425 1900 3497 προσκύνησιν
1934 3425 2006 3479 δι’

424 3518 591 3571 αὐτοῦ
623 3518 704 3588 τῷ
740 3517 1198 3588 πανεντιμοτάτῳ
1235 3519 1393 3573 δεῖνι.
1426 3519 1703 3589 Πρόσθετε
1737 3521 1804 3589 τῇ
1842 3519 2007 3589 όμάδι

424 3612 533 3664 τῶν
562 3610 1122 3679 προσαγορευομένων
1148 3610 1393 3678 ἀδελφῶν
1423 3611 1522 3665 καὶ
1548 3610 1643 3666 τὸν
1671 3609 2005 3679 λογιώτατον

423 3702 603 3770 δεῖνα,
636 3703 729 3757 τδν
761 3703 927 3754 καλὸν
959 3703 1091 3771 ἡμῖν
1125 3702 1290 3774 μέχρι
1324 3702 1751 3771 Θεσσαλονίκης.
1784 3701 1857 3755 Τδ
1895 3702 2004 3769 7&9

426 3796 681 3848 ἐντεῦθεν
719 3796 1124 3865 συνταξάμενος
1165 3796 1355 3867 ὥσπερ
1393 3797 1605 3865 ἀφῆκεν
1643 3797 1813 3867 ἡμᾶς.
1842 3795 2009 3849 Ἤθε-

343 3867 361 3888 ³
423 3887 518 3939 λον
546 3884 603 3938 δέ
624 3927 640 3951 ,
671 3886 720 3938 εἰ
749 3888 1200 3958 ἐπεστράφηλκαὶ
1231 3888 1606 3959 προσέϐλεψεν
1630 3903 1648 3921 ο
1679 3888 1743 3943 οὐ
1774 3887 1885 3959 γὰρ
1913 3886 2008 3958 δή-

428 3992 535 4032 που
561 3977 798 4032 δέδοικεν
827 3977 1250 4049 ὸξαλατισθῆναι
1278 3982 1346 4051 τῇ
1376 3981 1709 4052 ἐπιστροφῇ.

1176 4072 1257 4126 A’.

712 4162 799 4228 Τῷ
827 4161 1211 4230 Αὐτωρειανῷ
1240 4162 1425 4230 κυρΙῳ
1455 4162 1718 4230 Μιχαὴλ.

438 4254 441 4255 ⁷
494 4249 607 4319 Ὣς
649 4254 876 4322 ἀγαθόν
915 4253 1108 4319 ἐστιν,
1150 4254 1498 4321 ἐπωνυμίας
1538 4256 1779 4318 πολλὰς
1818 4253 2005 4321 ἔχειν,

427 4340 602 4408 εἶπεν,
631 4344 690 4398 δν
719 4341 886 4406 οἶδας.
924 4346 1051 4399 Ἐπὶ
1078 4345 1134 4399 δέ
1168 4346 1230 4412 γέ
1264 4363 1349 4398 σοι
1378 4346 1437 4398 τδ
1465 4345 1709 4400 τοιοῦτον
1734 4345 2009 4416 ἀποϐῆναι

427 4437 508 4499 εἲς
537 4437 637 4490 οὐκ
665 4435 866 4504 ἀγαθὸν
893 4434 1091 4504 ἔοικεν.
1121 4436 1267 4499 Ἕως
1300 4450 1401 4501 μεν
1426 4435 1538 4504 7&9
1567 4433 2007 4504 πρωτονοτάριος

424 4522 514 4598 ἧς.
545 4502 867 4597 ἄλλοςήήμῖν
895 4502 1120 4595 ἐφαίνου
1144 4543 1160 4559 ⁸
1195 4526 1321 4579 ἐπεὶ
1347 4526 1405 4580 δὲ
1436 4502 1574 4595 πρδς
1603 4502 1819 4597 ἐτέραις
1846 4502 2009 4592 ἀξιῶ·

427 4635 546 4672 σεσι
580 4618 673 4672 καὶ
702 4618 763 4672 τὸ
797 4620 1179 4690 ἐκπροσωπεῖν
1209 4619 1418 4692 ἔχρωσέ
1451 4636 1511 4673 σε
1542 4618 1680 4689 πρὸς
1708 4619 1770 4672 τὸ
1809 4620 2007 4688 σεμνό-
2039 4655 2082 4712 D

427 4725 616 4778 τερον,
660 4711 754 4763 καὶ
789 4709 1050 4780 ὀνόμασιν
1090 4709 1418 4781 ἐπεγράφης
1455 4708 1868 4780 λαμπροτέροις
1909 4708 2004 4762 καὶ

430 4801 665 4868 πλείοσι,
694 4801 907 4869 δέομαι,
937 4803 1020 4855 ὅτι
1049 4801 1115 4854 ἐκ
1147 4800 1444 4872 προσώπου
1474 4817 1566 4855 σου
1596 4800 1822 4871 ἐξῆλθεν
1852 4801 1886 4871 ή
1919 4817 2008 4867 φι-

426 4893 521 4947 λία
559 4894 740 4963 ήμῶν.
777 4891 844 4948 Τί
883 4893 1251 4963 σκυθρωποὺς
1288 4895 1421 4965 ἡμῖν
1458 4892 1843 4963 παραυγάζεις
1877 4893 2009 4955 τοὺς

426 4983 779 5055 δφθαλμούς;
807 4985 859 5038 τί
886 4984 949 5036 τὸ
976 4985 1270 5054 πρόσωπον
1301 4986 1618 5052 συννεφοῖς;
1648 4984 1848 5038 Οὐκέτι
1875 4984 2007 5054 ἀλη-

429 5076 541 5140 θῶς
567 5076 723 5141 τίθης
750 5077 901 5146 ἡμᾶς
926 5079 983 5131 ἐν
1010 5076 1158 5148 λόγῳ
1182 5077 1261 5147 τῷ
1292 5076 1447 5148 πρίν.
1477 5077 1589 5132 Καὶ
1617 5077 1665 5130 ει
1695 5076 1796 5145 μὲν
1827 5076 1915 5131 διὰ
1941 5076 2010 5130 τὰ

428 5164 730 5219 ἐκλαϐόντα
759 5181 820 5216 σε
849 5163 1178 5233 πράγματα,
1205 5165 1364 5219 τοῦτό
1391 5181 1475 5219 σοι
1500 5164 1642 5234 τάχα
1668 5163 1849 5225 αἰτίας
1873 5164 2009 5217 ἀπό-

426 5257 584 5318 λυσις
604 5272 620 5288 ·
650 5257 699 5309 εἰ
726 5254 785 5308 δὲ
811 5253 940 5308 ἀλλο
965 5271 1016 5308 τι
1046 5255 1107 5307 τὸ
1134 5253 1446 5324 ἀπαλεῖψαν
1468 5256 1620 5325 ἡμᾶς
1648 5255 1746 5324 τῆς
1775 5252 1877 5323 σῆς
1906 5252 2010 5324 ψυα

429 5347 557 5417 χῆς,
583 5345 699 5399 ἀλλ’
723 5345 835 5412 ἐγὼ
860 5343 984 5399 οὐτε
1012 5344 1231 5399 σύνοιδα
1256 5346 1492 5407 πταίσας
1510 5362 1525 5378 ·
1554 5345 1649 5400 καὶ
1673 5347 1755 5400 ὅτι
1782 5345 1841 5398 δὲ
1865 5347 2009 5415 ἀπη-

428 5438 616 5507 λίφην,
660 5436 925 5506 ἐξέδραμέ
975 5452 1070 5507 μοι
1110 5435 1206 5490 τοῦ
1256 5437 1528 5509 στόματος
1570 5435 1689 5492 οὐτι
1735 5453 1839 5492 που
1884 5436 2010 5492 καθ’

431 5532 781 5586 ἑκούσιον.οὐ
819 5530 1065 5585 πιστεύω
1089 5532 1200 5602 7&9
1225 5530 1370 5585 οὕτω
1392 5533 1608 5599 παθεῖν,
1628 5536 1680 5587 εἰ
1706 5533 1781 5603 μὴ
1796 5531 2010 5600 καὶτῆς

434 5623 622 5695 βίϐλου
656 5621 764 5678 τῶν
801 5623 1020 5688 ζώντων
1045 5623 1227 5694 πολλῷ
1257 5625 1523 5696 πρὸτερον
1561 5622 2007 5695 ἀπαλιφήσομαι.

1156 5714 1286 5771 AA'.

592 5810 597 5815 ’
707 5804 793 5871 Τῷ
822 5805 987 5872 καλῷ
1016 5805 1214 5876 Καιρῷ
1240 5805 1321 5873 τῷ
1349 5806 1420 5870 ἐξ
1449 5807 1741 5876 Εὐρίπου.

518 5898 634 5955 Ἃεὶ
668 5898 733 5955 σύ
771 5897 833 5954 οὐ
873 5899 1040 5970 μόνον
1079 5900 1334 5973 μεμνήσῃ
1376 5899 1571 5971 ἡμῶν,
1612 5899 1645 5952 δ
1678 5899 1823 5954 πάνυ
1861 5895 2009 5967 μέγα

2123 3400 2476 3472 Ἀλεξάνδρου
2514 3402 2642 3473 ὅρον
2674 3403 2849 3457 ἔοικεν
2881 3405 2939 3456 ἐν
2976 3404 3063 3457 σοὶ
3102 3403 3316 3458 κεῖσθαι
3355 3405 3488 3474 ήμῖν
3517 3406 3547 3458 ὁ
3587 3405 3688 3473 θη-

2110 3494 2351 3563 σιυρός;
2388 3494 2521 3565 Εῐην
2551 3495 2618 3549 ἂν
2650 3494 2760 3563 ἐγὼ
2794 3497 3090 3567 προσήκων
3127 3497 3350 3567 μᾶλλον,
3387 3497 3533 3567 ἢπερ
3563 3500 3688 3552 Διο-

2111 3583 2291 3655 μήδης
2322 3588 2564 3653 ἐκεῖνος,
2603 3587 3003 3654 σεμνύνεσθαι,
3035 3589 3069 3660 ή
3112 3589 3142 3641 ὁ
3170 3587 3367 3642 τούτου
3402 3587 3689 3657 δορύξενος

2106 3680 2350 3745 Γλαῦκος
2370 3721 2385 3746 ,
2415 3683 2498 3736 ὅτι
2531 3700 2590 3736 σε
2621 3682 2792 3750 ξεῖνον
2821 3685 2978 3752 φίλον
3005 3683 3248 3739 τοιοῦτον
3275 3685 3376 3739 οὐκ
3406 3685 3462 3737 ἐν
3489 3684 3689 3752 Ἀργει

2113 3771 2267 3840 μέσῳ
2289 3811 2305 3837 ,
2333 3771 2449 3824 ἀλλ’
2474 3773 2534 3827 ἐν
2567 3773 2779 3827 Ἐλλάδι
2812 3775 2952 3847 μέσῃ
2980 3773 3287 3847 ηὐτύχησα.
3327 3775 3519 3845 Ἡμεῖς
3546 3774 3604 3828 δὲ
3634 3774 3688 3826 τί

2111 3879 2194 3916 σοι
2248 3865 2384 3934 πρὸς
2424 3865 2635 3933 ταῦτα;
2682 3868 2749 3920 Τί
2794 3867 2840 3920 δ’
2867 3868 2933 3922 ἂν
2979 3868 3242 3939 σχοίημεν
3286 3868 3684 3938 ἀντιμετρῆσαι

2111 3957 2226 4021 τοῖς
2267 3957 2493 4024 ἀγαθοῖς
2531 3974 2663 4026 σονς
2699 3961 2893 4030 Ἡμεῖς
2938 3962 3036 4030 μὲν
3069 3960 3321 4031 οὐδαμῶς
3345 3978 3360 3991 ·
3396 3963 3424 4014 ὁ
3466 3961 3522 4015 δέ
3545 3961 3681 4024 Θεός

2112 4064 2195 4102 σοι
2232 4048 2467 4118 ἀντιδοίη
2499 4047 2571 4103 τά
2606 4044 2681 4104 ῶν
2713 4049 2861 4116 ἄξιος
2898 4048 2968 4106 εἷ.
3005 4048 3072 4107 Εἴ
3106 4052 3164 4106 δὲ
3196 4053 3289 4107 τοῦ
3331 4052 3555 4118 παντὸς,
3589 4053 3688 4107 ἁν-

2111 4138 2347 4210 θρώπων
2382 4140 2604 4195 πάντων
2636 4141 2923 4207 κάλλιστος
2955 4140 3032 4198 ῶν
3065 4143 3159 4198 καὶ
3192 4142 3650 4213 ἐλευθεριώτατος
3670 4182 3688 4207 ,

2110 4233 2204 4283 καὶ
2234 4231 2328 4284 τὸν
2357 4231 2574 4303 ἑταῖρον
2609 4235 2688 4305 μὴ
2716 4234 3046 4305 ψευδόμενος
3068 4252 3082 4268 ·
3116 4237 3211 4290 καὶ
3239 4236 3293 4288 τί
3325 4236 3467 4306 γάρ,
3500 4235 3533 4306 ἢ
3570 4235 3691 4306 Ἐρ-

2115 4319 2219 4390 μοῦ
2254 4323 2405 4385 παῖς,
2437 4323 2534 4375 καὶ
2567 4324 2802 4379 Μουσῶν
2832 4326 3137 4398 ὑποφήτης,
3170 4327 3264 4379 καὶ
3296 4328 3553 4397 Χαρίτων
3584 4342 3690 4380 πχ-

2111 4410 2222 4463 σῶν
2247 4411 2485 4480 μέλημα,
2509 4413 2603 4465 καὶ
2625 4415 2723 4485 τῆς
2750 4414 3072 4484 Ἑλληνικῆς
3096 4418 3307 4486 ἐκείνης
3329 4417 3428 4486 τῆς
3450 4417 3690 4492 παλαιᾶς

2112 4502 2392 4570 εὐγενείας
2436 4503 2712 4574 σπινθήρ;
2749 4505 2946 4574 Ἡμεῖς
2977 4507 3035 4558 δέ
3068 4522 3150 4558 σοι
3184 4508 3361 4560 ἐκεῖνο
3400 4524 3689 4579 προσεπα-

2113 4592 2318 4664 σόμεθα
2342 4633 2356 4660 ,
2387 4592 2418 4645 ὃ
2451 4595 2547 4648 καὶ
2579 4595 2748 4650 πάλαι
2780 4612 2865 4659 τις
2898 4595 3008 4649 τῶν
3039 4596 3565 4667 ὐπεραντλουμένων
3595 4601 3690 4652 εὐ-

2109 4685 2319 4755 τυχίαις
2354 4685 2626 4757 ἀνέκραγε
2647 4724 2664 4751 ,
2701 4689 2898 4757 μικρὸν
2928 4688 3412 4758 παραποιήσαντες
3433 4703 3449 4718 ·
3486 4687 3687 4759 στῆσόν

2109 4791 2241 4829 ποτε
2279 4776 2381 4848 τὴν
2420 4780 2619 4848 χεῖρα·
2664 4776 2784 4841 ἃλις
2826 4778 2960 4848 ἡμῖν
2997 4780 3097 4847 τῆς
3144 4779 3245 4849 σῆς
3287 4781 3684 4850 ἀγαθοχυσίας.

2111 4868 2276 4923 Ὅσον
2303 4869 2414 4940 γὰρ
2442 4870 2576 4940 ἡμῖν
2607 4869 2974 4944 ἐπιδαψιλεύῃ
3001 4872 3101 4934 τὰς
3131 4871 3362 4941 χάριτας
3381 4913 3397 4938 ,
3428 4871 3686 4928 τοσοῦτον

2106 4962 2209 5033 τὴν
2242 4962 2402 5031 ήμῶν
2435 4961 2773 5030 στηλιτεύεις
2807 4960 3103 5018 οὐθένειαν.
3139 4961 3276 5015 Οὐδὲ
3307 4962 3418 5033 7&9
3450 4963 3648 5033 ἔχομεν
3668 5000 3685 5026 ,

2108 5053 2137 5107 ὃ
2166 5070 2220 5105 τι
2251 5054 2350 5120 τῆς
2387 5052 2524 5123 πρὸς
2557 5054 2706 5124 ἡμᾶς
2742 5070 2836 5108 σου
2859 5054 3103 5126 χρηστῆς
3124 5054 3419 5120 διαθέσεως
3449 5053 3687 5121 ἐνδειξόσ

2112 5144 2253 5217 μεθα
2281 5144 2448 5211 ἀξιον.

2619 5287 2625 5293 .
2836 5239 2958 5298 ΛΒ’.

2635 5330 2724 5397 Τῷ
2757 5331 3170 5401 οικουμενικῷ.

2179 5424 2383 5482 Ἦλθόν
2418 5442 2507 5497 μοι
2535 5425 2840 5496 πρόσφατοι
2868 5425 3003 5479 Θεοῦ
3035 5427 3248 5493 φωναί·
3273 5425 3579 5496 θεόφθογγα
3610 5425 3687 5491 ὥς

2111 5520 2172 5588 ἐξ
2200 5519 2431 5590 οὐρανοῦ
2468 5535 2560 5589 μοι
2590 5515 3061 5588 κατεπέμφθησαν
3091 5520 3335 5591 ῥήματα.
3368 5519 3560 5573 Μάννα
3594 5534 3687 5590 μοι

2111 5612 2423 5684 ἐπεϐρέχθη
2476 5611 2642 5675 θεῖον,
2687 5610 2782 5663 καὶ
2819 5610 2980 5664 τοῦτο
3021 5614 3227 5682 συχνὸν
3265 5612 3359 5665 καὶ
3402 5611 3532 5665 ἀλλο
3596 5610 3688 5663 ἐπ’

2111 5708 2276 5778 ἄλλῳ,
2306 5706 2398 5760 καὶ
2423 5705 2524 5777 τὴν
2549 5702 2743 5775 πρώην
2771 5705 2963 5759 πεῖναν
2989 5706 3244 5775 ἠκέσατο.
3274 5704 3575 5766 Φωτειανός
3603 5719 3688 5765 τις

2110 5796 2241 5873 ἦλθε
2260 5839 2276 5864 ,
2312 5800 2497 5870 φέρων
2529 5813 2619 5868 μοι
2648 5796 2909 5867 τοιαύτην
2939 5796 3272 5868 παραψυχὴν
3290 5835 3307 5863 ,
3337 5797 3574 5867 γράμμα
3606 5794 3694 5845 δε-

2116 5893 2319 5947 σπότου
2341 5905 2358 5921 ο
2391 5891 2451 5945 ἐν
2480 5882 2526 5961 ᾧ
2561 5889 2655 5944 καὶ
2690 5886 3054 5961 προσταχθεὶς
3087 5888 3218 5959 περὶ
3249 5885 3504 5956 ὁφφικίου
3524 5923 3541 5951 ,
3574 5883 3692 5952 ἅμα
