4062 6440
334 437 471 504 1299

1766 442 2144 516 ADDENDA

3451 430 3595 495 1300

336 544 465 612 ἐπῆὶ
479 543 569 596 θον
613 544 712 607 τὰς
760 548 888 615 περὶ
930 548 1118 602 τούτου
1169 549 1552 619 apemtum-cal;
1601 548 1908 616 συλλαϐὰς,
1934 553 1985 614 Δ
2010 548 2260 618 ϐόμενον.
2291 546 2356 600 Τί
2385 545 2448 614 δὴ
2479 545 2710 616 πάσχειν
2740 543 2841 615 ἐμέ
2867 544 3046 608 εἰκὸς,
3078 543 3175 597 τοῦ
3205 545 3326 612 ἐμοὶ
3356 544 3592 598 δεόντως

329 633 424 686 καὶ
453 634 651 688 αὐτίκα
679 637 858 707 (ἔτυχε
889 637 998 708 γὰρ
1027 638 1214 711 ὥσπερ
1244 641 1386 695 κατά
1415 643 1560 694 θεῖον
1588 641 1903 712 σφραγίδων

327 727 590 780 τοιούτων
616 728 825 799 καιρὸς)
857 730 1151 802 ἐπλήρωσα
1177 733 1238 786 τδ
1275 734 1638 804 προσταχθὲν.
1671 737 1751 798 εἰς
1782 735 1907 788 ὅσον

329 815 559 886 δύναμις
578 835 592 849 ο
621 819 826 890 θατέρᾳ
857 823 956 891 μὲν
979 825 1102 876 ταῖν
1127 827 1310 894 χεροῖν
1335 825 1476 896 όχῶν
1503 825 1584 878 ἔτι
1609 826 1702 879 τὸν
1726 826 1909 894 τίμιον

330 907 542 978 χάρτην
570 912 649 974 εἰς
682 911 1002 981 βάσταγμα,
1034 913 1243 985 θατέρᾳ
1271 915 1326 968 δέ
1356 917 1457 986 τήν
1489 918 1759 987 σφραγῖδα
1788 918 1897 972 δια-

329 1000 692 1069 τυπούμενος.
735 1003 947 1070 Μικρὸν
992 1008 1085 1058 καὶ
1131 1006 1316 1076 ἐτερος
1360 1006 1590 1075 ἄγγελος
1632 1003 1768 1079 ἦλθέ
1818 1025 1910 1077 μοι

331 1093 614 1162 χαρμονῆς
635 1133 650 1158 ,
683 1095 712 1147 6
747 1096 1036 1162 σύνδουλός
1069 1115 1172 1168 μου
1205 1097 1233 1151 6
1267 1100 1724 1169 ἐκκλησιαστικδς
1744 1141 1760 1166 ,
1793 1101 1910 1154 διά-

333 1201 490 1250 κονος
513 1187 540 1240 ό
566 1186 712 1241 δεῖνα
734 1205 747 1218 ·
779 1191 876 1243 καὶ
900 1191 961 1243 τὸ
990 1193 1168 1260 μάννα
1195 1194 1294 1262 τῆς
1323 1191 1518 1262 ἡδονῆς
1545 1192 1905 1260 ἐπληθύνετο.

333 1279 672 1343 Κάντεῦθεν,
704 1282 757 1336 εἰ
783 1281 889 1334 πού
924 1299 1008 1347 τις
1041 1283 1239 1354 πικρία
1269 1283 1436 1352 ὐπῆν,
1463 1282 1646 1336 οὐκέτι
1673 1279 1762 1354 ἦν.
1796 1283 1912 1337 Σώ-

335 1370 452 1435 ζοιό
485 1387 578 1440 μοι
610 1373 701 1424 ἐπὶ
737 1375 950 1442 μακρὸν
971 1414 986 1438 ,
1018 1375 1238 1444 οὐράνιε
1261 1413 1277 1441 ,
1310 1375 1406 1446 τὴν
1441 1375 1644 1446 ἀρετὴν
1674 1376 1908 1440 πανάγιε

334 1461 570 1516 δέσποτα
592 1481 607 1495 ο
632 1464 728 1518 καὶ
750 1465 1066 1536 ἐπιϐρέχοις
1090 1467 1221 1536 ήμῖν
1243 1467 1312 1519 τά
1335 1467 1518 1533 ἀγαθά
1536 1483 1550 1497 ·
1575 1467 1624 1520 εί
1649 1465 1712 1538 δὴ
1735 1465 1912 1520 τοιοῦο

333 1570 430 1607 τον
459 1555 646 1624 χάρμα
673 1553 751 1625 τῷ
781 1554 950 1627 δούλῳ
983 1574 1077 1610 σου
1107 1558 1170 1610 τὸ
1197 1557 1619 1626 όλιγοσύλλαϐον
1646 1557 1747 1627 τῆς
1774 1573 1914 1627 γρα-

336 1644 467 1716 φῆς,
493 1644 721 1715 πηλίκον
742 1645 804 1700 τὸ
828 1647 1178 1716 πολύστιχονς
1201 1647 1413 1711 Πλάκες
1439 1664 1530 1718 μοι
1550 1646 1721 1702 ταῦτα
1747 1647 1910 1702 θεῖαι.

335 1734 550 1791 Ἐκεῖνο
577 1737 783 1807 βιϐλίον
807 1738 878 1790 τά
907 1737 1028 1791 θεῖα
1054 1737 1301 1809 ψωμίζον
1330 1756 1400 1809 με
1421 1755 1434 1769 ·
1462 1737 1782 1814 ἀναψύξεως
1811 1738 1912 1806 δμ-

335 1823 462 1895 ϐροι
497 1841 590 1896 μοι
626 1827 805 1882 τοῦτο.
843 1827 1051 1882 Ἐκεῖνο
1085 1830 1339 1898 Χαρίτων
1373 1829 1618 1892 ὠκεανός
1646 1844 1660 1860 ⁶
1695 1831 1786 1882 τὸν
1816 1829 1908 1882 ἐπὶ

2014 637 2210 704 ἐφετοῦ
2257 637 2706 706 ἀποτυγχάνοντα
2752 634 2825 706 (εἰ
2877 635 2952 705 μὴ
3005 636 3292 699 ἐκπίπτω,
3340 633 3592 704 λογισμῷ

2008 727 2364 798 ἀδιοίκητος),
2396 728 2430 800 ἢ
2468 725 2686 792 πάντως
2717 727 2948 797 πάσχειν
2974 726 3155 798 λύπην
3178 727 3278 797 τὴν
3305 726 3399 780 ἐπὶ
3433 726 3598 794 μάλι-

2010 835 2115 872 στα
2145 834 2161 886 ;
2194 819 2382 872 Πᾶσαν
2413 819 2514 888 μέν
2543 817 2764 888 γραφὴν
2784 855 2801 880 ,
2834 816 2902 888 ἢν
2933 815 3000 871 ἂν
3028 817 3096 869 ἐκ
3123 816 3322 886 χειρῶν
3351 816 3597 886 ἀπέρχε-

2011 911 2136 964 σθαι
2167 911 2396 981 ἀφήσω,
2429 911 2658 978 ἐφίεμαι
2688 907 2943 964 ἀπελθεῖν
2962 949 2977 975 ,
3009 907 3142 964 ἐνθα
3169 908 3422 962 ἔσταλται
3446 925 3461 938 ο
3492 910 3594 979 οὐχ

2008 1005 2212 1074 ἥκιστα
2237 1003 2318 1065 δέ,
2345 1003 2411 1073 ἢν
2434 1002 2718 1071 τολμήσας
2744 999 3066 1071 ἐντελοῦμαι
3092 999 3428 1071 πορευθῆναι
3453 1001 3598 1070 πρδς

2009 1099 2108 1162 τὴν
2137 1095 2401 1164 μεγίστην
2431 1093 2744 1163 ἁγιωσύνην
2773 1110 2890 1147 σου.
2917 1093 3026 1146 Καὶ
3053 1093 3114 1145 οὐ
3141 1091 3306 1157 λέγω,
3336 1091 3598 1161 καθάπερ

2009 1189 2059 1240 εἰ
2091 1186 2187 1240 καὶ
2218 1184 2441 1256 τοξότης
2471 1186 2623 1256 βέλος
2650 1185 2810 1254 ἀφεὶς
2837 1185 3053 1253 ἐφίεται
3086 1183 3267 1252 βαλεῖν
3295 1183 3438 1237 κατά
3467 1201 3597 1236 σκο-

2010 1281 2115 1334 ποῦ
2147 1281 2229 1352 (τὸ
2261 1282 2371 1349 γὰρ
2403 1279 2652 1334 τοιοῦτον
2687 1278 2842 1333 οὐπω
2874 1295 2928 1332 τι
2967 1277 3113 1348 μέγα
3149 1276 3398 1341 βούλεται
3421 1292 3438 1309 ο
3472 1275 3596 1329 ἀλλ’

2010 1373 2200 1444 ὥσπερ
2241 1375 2270 1426 ό
2312 1373 2606 1442 εὐχόμενος
2648 1365 2728 1435 εἰς
2775 1371 2908 1424 Θεδν
2943 1370 3041 1440 τὴν
3077 1369 3386 1440 προσευχὴν
3419 1369 3599 1422 ἐθέλε.

2011 1463 2465 1529 κατευθύνεσθαι,
2518 1465 2613 1517 καὶ
2664 1465 2742 1534 μὴ
2790 1463 3153 1532 κενεμϐατεῖν
3198 1461 3467 1516 ἀτέλεστα
3515 1462 3601 1524 εἰς

2014 1557 2185 1628 μόνην
2216 1556 2428 1611 λαλιάν.
2464 1556 2574 1610 Kal
2611 1557 2739 1625 ἐμοὶ
2775 1556 2874 1626 μὲν
2908 1553 3082 1618 οὕτως
3115 1553 3263 1607 ἐστὶν
3299 1553 3553 1620 ἐφίεσθαι
3579 1567 3596 1581 °

2014 1648 2198 1720 βλέπω
2226 1648 2306 1714 δέ,
2332 1647 2407 1711 ὡς
2432 1647 2710 1700 διαπίπτω
2733 1650 2800 1699 τά
2831 1645 3006 1700 πολλά
3029 1645 3125 1699 τοῦ
3155 1645 3299 1698 κατά
3325 1643 3601 1715 ὀρθότητα

2013 1739 2266 1812 όρεκτοῦ.
2303 1741 2416 1794 Kal
2455 1738 2568 1808 ἐγὼ
2614 1740 2713 1808 μέν
2746 1740 2950 1806 ἀνοίγω
2994 1741 3170 1808 στόμα
3210 1737 3348 1808 πρὸς
3387 1739 3598 1804 ἀναφο-

2019 1833 2118 1902 ράν
2141 1847 2157 1862 ⁸
2191 1832 2287 1886 καὶ
2319 1831 2407 1886 ἵνα
2440 1831 2516 1898 μὴ
2555 1829 3014 1900 κατακαυχῶνται
3041 1829 3347 1898 Ἅρπυιαι,
3380 1829 3462 1890 εἰς
3497 1825 3604 1881 αῦ-

333 1918 403 1988 τῇ
442 1919 632 1990 εἰσόδῳ
668 1920 769 1990 τῆς
805 1924 1060 1992 νηστείας
1099 1923 1258 1990 λόγον
1300 1923 1555 1994 φημί.Ὦ
1591 1922 1706 1976 οἴου
1742 1921 1911 1976 καλοῦ
1943 1948 1988 2003 Β
2020 1941 2121 1994 ραν
2171 1925 2617 1996 ἀναρῤἰπτουσαι
2664 1923 2727 1978 τὸ
2771 1923 2870 1992 τῆς
2919 1921 3107 1991 φωνῆς
3157 1919 3455 1975 λεπταλέον
3501 1920 3605 1973 καὶ

337 2010 603 2079 ἄγευστος
641 2012 788 2081 ἐγώί
826 2013 872 2068 ὣ
905 2016 1023 2078 οῖας
1059 2015 1253 2086 σοφίας
1284 2017 1653 2088 ἀνήκουστοςί
1679 2011 1790 2070 Ἦν
1825 2018 1916 2071 ὅτε

338 2101 528 2174 καιρὸς
547 2145 561 2167 ,
593 2104 683 2156 ὅτε
714 2104 807 2158 καὶ
838 2107 1195 2176 ἀνθρωπίνως
1222 2109 1482 2174 ἐλάλουν,
1511 2109 1580 2163 τά
1608 2107 1718 2178 ἐμὰ
1750 2107 1915 2178 φθεγ-

338 2193 568 2262 γόμενος
594 2211 608 2225 ·
648 2196 784 2251 ἀλλά
828 2201 922 2251 καὶ
968 2199 1208 2266 ἀγγέλου
1248 2198 1468 2269 γλώσσῃ
1514 2199 1762 2260 ἐλάλουν,
1805 2201 1916 2261 τοῖς

335 2284 430 2340 τοῦ
461 2287 721 2357 μεγίστου
765 2289 965 2359 δηλαδὴ
1007 2291 1310 2360 ἀρχιερέως
1350 2292 1706 2362 ὐποφητεύων
1735 2291 1918 2358 διδάγ-

339 2395 494 2447 μασι.
522 2379 637 2432 Νῦν
663 2381 720 2432 δὲ
772 2381 833 2432 τὸ
863 2383 964 2451 μέν
1006 2383 1140 2450 ἐμὸν
1164 2383 1265 2436 οὐκ
1290 2379 1405 2437 οῖδα
1431 2385 1481 2436 εἰ
1506 2382 1917 2452 περιλέλειπταί

341 2488 468 2539 μοι,
500 2471 562 2524 τὸ
590 2471 646 2524 δέ
679 2473 970 2542 ἀγγελικὴν
997 2475 1303 2530 ἐπιλέλοιπε
1336 2474 1571 2546 φώνημα
1594 2490 1610 2506 ο
1645 2476 1739 2528 καὶ
1765 2475 1916 2544 ὅμως

342 2564 709 2632 μακαρίςεταί
740 2582 832 2634 μοι
859 2566 926 2618 τὰ
953 2565 1051 2619 τοῦ
1078 2567 1259 2622 λαλεῖν
1283 2567 1521 2638 ὄργανα,
1550 2567 1619 2619 δι’
1641 2564 1718 2621 ὧν
1743 2567 1920 2620 ἐκεῖνο

337 2652 401 2705 τδ
437 2653 595 2723 μέλος
622 2656 781 2726 έρῤεε
811 2657 871 2709 τὸ
901 2657 1076 2726 γλυκύ
1096 2700 1110 2724 ,
1139 2658 1216 2724 ὡς
1241 2660 1339 2713 ἐὰν
1371 2659 1467 2714 καὶ
1500 2658 1720 2729 σωλῆνά
1748 2674 1830 2721 τις
1861 2660 1920 2712 ἐν

346 2748 688 2819 μακαρισμῷ
721 2747 895 2821 τιθείη
921 2792 935 2814 ,
972 2748 1126 2804 δι’νοῦ
1165 2752 1329 2806 καλὸν
1364 2751 1508 2823 ὕδωρ
1545 2750 1915 2822 διωχετεύετο.

341 2843 561 2898 Γένοιτό
589 2861 681 2913 μοι
707 2845 897 2897 πεσεῖν
924 2849 1018 2899 καὶ
1043 2848 1104 2900 τὸ
1127 2847 1366 2901 τοιοῦτον
1392 2846 1559 2900 καλὸν
1583 2849 1676 2900 ἐπὶ⁵
1700 2847 1886 2918 χεῖρας
1903 2885 1917 2907 ,

341 2940 435 2991 καὶ
463 2937 793 3008 άγιασθῆναί
821 2955 911 3008 μοι
937 2939 998 2993 τὸ
1024 2940 1134 2994 πᾶν
1153 2956 1167 2970 °
1196 2941 1294 3003 τάς
1321 2942 1511 3011 χεῖρας
1534 2937 1921 3001 ἀνελιττούσας

343 3034 441 3081 καὶ
469 3027 898 3097 διαψηλαφώσας
927 3028 988 3082 τὸ
1019 3030 1173 3098 ἆγιον
1197 3046 1211 3061 ο
1242 3033 1312 3083 τά
1341 3029 1571 3099 ὄμματα
1602 3028 1884 3102 περιιόντα
1903 3070 1917 3094 ,

343 3121 442 3174 καὶ
472 3121 649 3174 ταῦτα
681 3121 951 3192 ἑκατέρας
984 3121 1197 3186 ἐννοίας
1222 3137 1238 3152 ο
1278 3121 1341 3174 τὸ
1384 3122 1482 3191 μέν
1513 3124 1578 3194 τῇ
1617 3121 1758 3176 κατὰ
1791 3122 1922 3174 ἀνά-

2017 2015 2408 2084 πνευματικδν,
2439 2013 2808 2086 καταϐαρύνω
2832 2013 3052 2084 ταύτην,
3085 2014 3168 2076 εἰς
3192 2012 3317 2065 ὅσον
3343 2011 3602 2081 δύναμις,

2019 2106 2275 2178 παχύνων
2306 2107 2389 2171 εἰς
2420 2109 2618 2175 σῶμα,
2651 2109 2748 2162 καὶ
2777 2109 3038 2175 κατάγων
3067 2107 3145 2170 εἰς
3176 2104 3321 2176 ἁφὴν
3342 2146 3359 2170 ,
3393 2106 3490 2160 καὶ
3516 2105 3604 2157 δι-

2018 2198 2244 2268 φθέραις
2277 2198 2512 2262 ἐντιθείς
2539 2214 2554 2228 ⁶
2586 2199 2664 2261 ὡς
2696 2199 2764 2253 ἂν
2797 2197 3030 2267 ἐκφύγοι
3069 2195 3168 2268 μέν
3197 2197 3258 2250 τὸ
3291 2196 3604 2266 ἀνωφορεῖ-

2020 2295 2165 2358 σθαι,
2207 2295 2300 2347 καὶ
2343 2292 2424 2355 εἰς
2466 2293 2601 2362 ἀέρα
2643 2290 3024 2356 σκεδάζεσθαι,
3073 2289 3292 2360 φέροιτο
3329 2288 3387 2342 δέ
3429 2287 3607 2340 ἰθυτε-

2018 2387 2146 2450 νῶς,
2189 2385 2222 2454 ἦ
2266 2386 2362 2438 καὶ
2407 2387 2621 2439 πέτοιτο
2665 2384 2810 2439 κατὰ
2846 2385 2945 2454 τὴν
2986 2382 3380 2453 ἱστορουμένην
3417 2377 3602 2453 [ποτέ]

2018 2479 2353 2550 Θετταλικὴν
2399 2477 2590 2549 μελίαν
2632 2480 2714 2542 εἰς
2755 2480 2854 2540 τὰς
2900 2477 3332 2547 μακαριωτάτας
3373 2478 3604 2545 χεῖρας,

2019 2567 2182 2626 δι’ὦν
2212 2574 2307 2626 καὶ
2339 2574 2463 2643 ἐμοὶ
2493 2575 2644 2626 πᾶσα
2676 2571 2898 2638 εὐλογία
2933 2569 3029 2622 xal
3055 2569 3136 2637 τῷ
3167 2566 3358 2638 κόσμῳ
3385 2567 3448 2619 τὸ
3479 2566 3603 2620 θεό-

2021 2663 2113 2721 θεν
2161 2667 2454 2737 ἐξίλασμα.
2506 2667 2621 2720 Οὐκ
2669 2665 2778 2736 έχω
2823 2665 2881 2718 δέ
2931 2662 3017 2715 διὰ
3064 2661 3286 2723 τέλους,
3335 2659 3365 2713 ὃ
3416 2659 3602 2713 θέλωο

2020 2760 2158 2812 ἀλλά
2185 2761 2253 2812 τὰ
2285 2759 2458 2811 πλείω
2490 2757 2791 2826 πλάζομαι.
2822 2754 3141 2824 Τεκμήριον
3171 2752 3228 2804 δὲ
3261 2753 3290 2804 6
3323 2750 3608 2811 σύνδουλός

2024 2868 2128 2920 μου
2171 2851 2264 2904 καί
2306 2867 2438 2902 ποτε
2481 2848 2851 2910 συνδιάκονος,
2889 2847 2919 2898 6
2958 2844 3142 2897 δεῖνα·
3185 2843 3320 2910 ἐμδν
3360 2839 3610 2910 θρέμμα,

2021 2945 2118 2996 καὶ
2151 2942 2357 3010 ἀγαθὸς
2391 2939 2888 3011 ὐπογραμματεύς,
2927 2936 3082 3006 φίλου
3118 2934 3448 2988 πιστοτάτου
3485 2933 3612 2986 ἀνε-

2022 3037 2144 3107 ψιός
2168 3052 2183 3068 ·
2222 3036 2283 3090 δν
2321 3037 2350 3089 ό
2394 3033 2778 3104 φιλάνθρωπος
2817 3032 2999 3098 ζῶντα
3042 3029 3142 3101 μέν
3181 3029 3262 3090 εἰς
3303 3025 3612 3097 ἡγούμενον

2023 3131 2254 3187 ἐκάλεσε
2280 3170 2296 3195 ,
2353 3128 2583 3183 θανόντα
2637 3127 2695 3182 δέ
2745 3129 2805 3180 ὲν
2861 3124 3090 3195 σκηναῖς
3139 3119 3314 3189 ἁγίων
3369 3119 3612 3189 (πεποι-

342 3228 545 3281 γνωσιν
573 3210 858 3267 ἐπελεύσει
886 3213 955 3267 τὰ
985 3213 1163 3278 ἐκτὸς,
1197 3212 1265 3267 τὰ
1293 3213 1339 3267 δ’
1363 3214 1514 3278 ἐντὸς
1543 3214 1620 3284 τῷ
1653 3213 1792 3282 φωτὶ
1820 3213 1921 3280 τῆς
1952 3277 1990 3292 Α
2025 3225 2133 3289 θὼς
2173 3225 2351 3292 λέγω)
2397 3221 2730 3276 ἀνέπαυσεν.
2775 3217 2952 3281 Οὗτος
2993 3215 3060 3286 δὴ
3098 3217 3128 3268 6
3175 3209 3461 3274 σύνδουλός
3505 3227 3615 3278 μου

343 3305 496 3369 θείας
525 3307 898 3376 ἐναυγάζομαι
930 3307 1186 3376 γνώσεως
1207 3325 1223 3340 ο
1255 3309 1322 3362 τά
1352 3308 1506 3378 χείλη
1539 3308 1917 3376 πτυσσόμενα,

344 3397 442 3451 ml
488 3400 558 3455 αῦ
605 3401 746 3472 πρὸς
793 3401 1060 3471 ὑποδοχὴν
1108 3401 1386 3472 ἀγιασμοῦ
1432 3401 1766 3469 ἀνοιγόμενα
1793 3413 1810 3430 ⁶
1859 3402 1922 3455 τὸ

345 3494 523 3564 στόμα
568 3491 948 3562 πληρούμενον
992 3492 1086 3547 τοῦ
1133 3495 1342 3548 ἐκεῖθεν
1385 3494 1776 3562 γλυκάσματος
1823 3495 1922 3547 καὶ

343 3585 444 3653 τῆς
485 3585 576 3636 ἐπὶ
608 3583 784 3655 τούτῳ
822 3586 1080 3649 αἰνέσεως
1105 3602 1120 3616 ·
1155 3583 1263 3658 τ[ὺ]
1299 3584 1472 3658 ὄλ[ον]
1512 3586 1661 3647 ἐντὸς
1683 3623 1700 3651 ,
1730 3585 1793 3638 τὸ
1832 3583 1922 3636 διὰ

347 3673 547 3737 παντὸς
592 3673 758 3728 αὐτοῦ
803 3675 1070 3729 ἱκνεῖσθαι
1109 3676 1177 3730 τά
1219 3679 1320 3747 τῆς
1357 3675 1712 3741 διδασκαλίας
1755 3676 1920 3730 καλά.

352 3766 462 3820 Καὶ
509 3765 671 3819 τοῦτο
721 3766 820 3838 μέν
866 3767 1142 3839 ἐπετάχθη
1197 3768 1588 3839 γραμματικὸς
1637 3766 1923 3831 σύνδουλός

353 3872 478 3928 μοι’
507 3858 568 3912 εῦ
593 3854 733 3927 οῖδα,
762 3861 857 3916 καὶ
883 3859 1116 3929 γίνεται.
1146 3863 1256 3916 Kal
1281 3862 1390 3931 ἐγὼ
1414 3861 1614 3924 εἰδείην
1639 3859 1706 3916 ἂν
1732 3859 1924 3930 ἐκείνῳ

348 3949 510 4019 χάριν
538 3949 722 4018 ἤματα
751 3953 952 4014 πάντα,
981 3952 1060 4012 εἰς
1089 3953 1332 4004 τοιοῦτόν
1361 3969 1453 4022 μοι
1484 3951 1685 4020 ἀγαθὸν
1713 3952 1921 4020 ὑπουρ-

349 4041 603 4107 γήσαντι.
635 4038 777 4106 Ἐγὼ
803 4039 861 4091 δὲ
889 4043 983 4092 καὶ
1015 4039 1095 4092 έτι
1121 4040 1337 4109 τολμῶν
1361 4041 1577 4110 δέομαι.
1611 4039 1734 4093 Ἐπί
1760 4056 1926 4093 τινων

350 4131 459 4200 πρὸ
501 4129 638 4198 ἐμοῦ
675 4129 768 4182 τοῦ
807 4131 1166 4200 ἀχρειοτάτου
1206 4131 1379 4198 ἁγίων
1411 4130 1717 4202 ἀρχιερέων
1751 4145 1926 4199 παρε-

349 4220 681 4291 χωρήθησαν
727 4220 971 4290 Ἑϐραῖοι
1023 4221 1398 4291 πλατυνθῆναι
1429 4237 1444 4252 ·
1496 4223 1598 4277 οὐκ
1645 4216 1766 4286 οἷδ’,
1813 4222 1927 4275 εἴτε

349 4314 494 4367 κατά
523 4313 716 4385 λήθην,
748 4313 858 4366 εἰτε
889 4314 985 4367 καὶ
1011 4314 1153 4368 κατὰ
1177 4313 1385 4383 εἴδησιν
1412 4315 1658 4380 ἐκείνων,
1688 4313 1800 4368 εἴτε
1831 4315 1927 4369 καὶ

349 4408 492 4461 κατά
526 4407 678 4462 θείαν
706 4408 829 4462 τινὰ
862 4407 1130 4462 κέλευσιν.
1165 4406 1337 4460 Τοῦτο
1365 4407 1423 4460 δὲ
1455 4408 1552 4476 οὐχ
1585 4406 1924 4476 εὑρίσκεται.

349 4501 464 4555 Kal
491 4500 718 4572 ᾤκησαν
747 4501 795 4553 οἱ
831 4501 930 4569 μὲν
958 4501 1017 4552 ἐν
1045 4499 1450 4568 ἐρειποτοπίοις
1481 4499 1891 4567 Χριστιανικοῖς
1909 4537 1926 4564 ,

2027 3315 2338 3388 προεκλήθη
2386 3315 2456 3368 δι’
2483 3303 2662 3384 εὐχῶν
2709 3312 2809 3379 τῆς
2861 3308 3106 3380 μεγάλης
3155 3307 3469 3374 ἁγιωσύνης
3513 3320 3613 3356 σου

2025 3416 2107 3476 εἰς
2159 3410 2336 3482 ὄνομα
2387 3409 2632 3480 ὑψηλὸν,
2684 3405 2868 3474 ψήφου
2923 3402 3076 3465 θείας
3129 3397 3464 3471 μνησθείσης
3513 3395 3616 3449 αὐ-

2023 3504 2120 3560 τοῦ
2157 3505 2238 3566 εἰς
2275 3501 2596 3556 ἐπίσκοπον.
2626 3499 2751 3552 Ὅτι
2790 3497 2848 3550 δέ
2888 3495 2989 3548 οὐκ
3027 3492 3199 3563 ἐχρῆν
3233 3489 3412 3552 ἄλλως
3448 3487 3617 3542 αὐτὸν

2023 3592 2494 3664 τελεσφορηθῐῃαι
2531 3590 2622 3659 ὐφ’
2669 3588 2851 3658 ήμῶν,
2883 3588 2932 3639 εἰ
2968 3583 3168 3654 μήκαὶ
3204 3582 3303 3653 τὴν
3353 3579 3616 3644 τοιαύτην

2023 3688 2160 3757 ήμῖν
2191 3681 2602 3752 τελεσιουργίαν
2633 3679 2980 3746 εὐλογήσασα
3013 3676 3045 3742 ή
3081 3672 3293 3742 μεγάλη
3331 3671 3618 3740 ἀγιωσύνη

2029 3793 2126 3830 σου
2159 3774 2330 3828 πλείω
2380 3773 2472 3825 τὸν
2507 3769 2782 3838 ἁγιασμὺν
2840 3765 3148 3835 ἐπιπέμψει
3204 3763 3377 3832 αὐτῷ,
3426 3760 3618 3815 καὶτὸ

2028 3869 2121 3922 ἐπὶ
2157 3865 2405 3936 κεφαλῆς
2447 3862 2622 3933 μύρον
2656 3859 2963 3926 καταϐῆναι
3014 3855 3233 3923 ποιήσει
3276 3850 3618 3920 πλημμῦρον
3705 3877 3712 3882 ·

2029 3961 2124 4014 ἐπὶ
2157 3958 2401 4027 πώγωνα
2442 3955 2538 4009 καὶ
2571 3953 2665 4005 ἐπὶ
2718 3951 2855 4015 πᾶν,
2884 3949 2912 4001 ὅ
2962 3948 3026 4018 δή
3055 3946 3249 3999 τούτου
3305 3941 3618 3996 πέπλασται

2029 4052 2300 4115 δεκτικὸν,
2335 4045 2720 4116 ἀνηνέγκαμεν
2767 4039 3060 4112 δεητικῶς.
3119 4036 3260 4090 Ἀλλ’
3290 4037 3344 4088 αἰ
3377 4035 3618 4103 δεήσεις,

2029 4143 2171 4212 τάχα
2202 4141 2344 4195 κατὰ
2377 4141 2476 4202 τὰς
2509 4132 2976 4203 λογοποιουμένας
3001 4128 3154 4193 λιτὰς
3185 4128 3360 4200 χωλαὶ
3390 4126 3488 4181 καὶ
3516 4125 3622 4178 αὐ·-

2031 4235 2125 4288 ταὶ
2151 4233 2459 4296 διεκϐᾶσαι,
2477 4227 2780 4282 κατέπεσόν
2813 4241 2940 4296 μου,
2970 4223 3066 4278 καὶ
3085 4221 3186 4275 οὐκ
3215 4220 3374 4291 ἐσχον
3397 4220 3625 4284 ἐξικνεῖ-

2035 4325 2183 4388 σθαι,
2212 4323 2323 4393 ὄπη
2380 4319 2514 4390 παρ’
2548 4317 2710 4389 ἡμῶν
2743 4313 3134 4385 ἐπέμφθησαν.
3198 4311 3312 4366 Καὶ
3368 4309 3484 4378 ἐγὼ
3517 4309 3622 4378 μὲν

2033 4419 2174 4488 ὑπὲρ
2217 4416 2408 4469 τούτου
2455 4415 2577 4482 τρὶς
2622 4411 2715 4464 τὸν
2771 4408 2964 4479 κύριόν
3013 4425 3138 4477 μου,
3204 4403 3624 4473 παναγιώτατον

2033 4511 2321 4574 δεσπότην,
2371 4502 2726 4576 παρεκάλεσα
2749 4519 2763 4532 ο
2810 4503 2859 4554 οἱ
2893 4501 2950 4553 δὲ
3000 4499 3073 4569 (τί
3103 4499 3168 4551 ἂν
3195 4497 3338 4550 εἴπω
3359 4497 3401 4565 ;)
3433 4496 3626 4548 διακο-

347 4593 738 4646 ἀνοικισθεῖσιν
765 4591 859 4645 ὐπ’
880 4592 1061 4646 αὐτῶν
1084 4607 1099 4623 ο
1133 4593 1182 4643 οἱ
1213 4592 1268 4644 δὲ
1306 4591 1400 4644 καὶ
1427 4592 1486 4643 ἐν
1515 4591 1838 4660 οἰκήμασιν,
1869 4592 1929 4642 ἐν
1959 4609 2006 4668 D
2033 4602 2253 4662 νοῡντές
2288 4615 2390 4666 μου
2439 4601 2559 4659 ταῖς
2589 4597 2863 4665 δεήσεσιν,
2903 4593 3129 4663 ἀφῆκαν
3163 4588 3492 4659 καραδοκεῖν
3522 4587 3625 4654 τὴν

349 4678 430 4747 οἷς
455 4683 632 4755 ᾤκουν
657 4684 976 4756 Χριστιανοί
995 4699 1012 4714 ο
1038 4677 1116 4737 ὧν
1139 4685 1462 4750 οἰκημάτων
1489 4683 1614 4736 τινὰ
1640 4682 1736 4734 καὶ
1765 4683 1932 4744 θείοις

347 4776 729 4846 εἰκονίσμασιν
761 4775 1085 4846 ήγλαῒζοντο
1117 4777 1213 4829 καὶ
1245 4774 1541 4844 ἐψάλλοντο
1566 4790 1580 4805 ·
1617 4774 1716 4827 καὶ
1757 4771 1936 4835 οὐδεὶς

347 4865 417 4940 ἦν
444 4868 550 4932 ἐως
581 4869 675 4920 καὶ
705 4867 830 4937 χθὲς
857 4869 885 4920 ὁ
913 4866 1114 4922 λαλῶν.
1144 4867 1307 4938 "Apr:
1335 4865 1394 4918 δέ
1425 4864 1489 4921 ἐκ
1513 4881 1659 4928 τινος
1690 4863 1936 4934 ἐριθείας

349 4960 586 5031 ἐλαλήθη
610 4959 673 5013 τὸ
695 4960 926 5028 πρᾶγμα
945 4973 960 4988 °
986 4959 1082 5011 καὶ
1105 4957 1239 5026 ἐμοῦ
1263 4958 1323 5010 τὸ
1347 4955 1599 5010 ἐντεῦθεν
1620 4954 1935 5024 ἀναγκαίως

351 5055 784 5120 ὐποκινήσαντος
805 5089 822 5116 ,
857 5049 1016 5118 ἐδόθη
1055 5051 1193 5118 πρός
1226 5066 1392 5103 τινων
1427 5047 1524 5103 καὶ⁵
1558 5048 1892 5117 κατάστιχον
1917 5062 1932 5077 ·

353 5147 449 5196 καὶ
477 5147 661 5214 έχουσι
687 5142 914 5197 τοιαῦτα
938 5143 1000 5195 οὐ
1031 5143 1192 5210 μόνον
1221 5144 1252 5212 ἡ
1284 5141 1647 5212 μητρόπολις,
1675 5139 1815 5193 ἀλλά
1841 5140 1935 5192 καὶ

352 5239 520 5306 ἐτερα
547 5237 840 5306 πρόσωπα.
861 5235 986 5290 ’Ότι
1013 5233 1144 5301 γοῦν
1167 5234 1292 5303 ἐμοὶ
1319 5232 1418 5284 οὐκ
1441 5233 1833 5300 ἐκγενήσεται,
1854 5230 1934 5290 εἰς

351 5332 414 5383 τδ
445 5331 556 5383 πᾶν
584 5327 933 5397 κατορθῶσαι
954 5367 969 5392 ,
1000 5327 1051 5380 εἰ
1083 5326 1160 5396 μὴ
1189 5327 1254 5378 ἐκ
1283 5328 1380 5396 τῆς
1415 5323 1663 5394 μεγάλης
1693 5321 1937 5389 ἁγιωσύ-

353 5441 453 5489 νης
496 5440 590 5477 σου
633 5420 974 5482 συνετισθὼ,
1022 5419 1113 5473 ἵνα
1155 5420 1252 5472 καὶ
1293 5417 1660 5486 ὐπακούωμαι
1685 5431 1702 5448 ο
1748 5416 1937 5485 τολμῶ

355 5516 452 5570 ml
496 5513 706 5586 ἐρωτῶ,
754 5513 808 5566 τί
853 5511 1055 5581 ὀφείλω
1101 5512 1363 5582 ποιῆσικι;
1413 5511 1501 5564 ἵνα
1555 5507 1938 5579 προσκυνήσας

355 5608 663 5678 ἐγχειρήσω
695 5606 788 5659 καὶ
817 5603 1093 5658 τελειώσω
1121 5604 1198 5666 εἰς
1228 5602 1456 5670 ἀγαθόν.

1091 5695 1204 5748 AI".

431 5793 541 5844 Kal
571 5791 771 5853 παντὸς
801 5789 900 5860 μὲν
924 5787 1110 5848 τέλους
1135 5788 1406 5857 ἀποτυχία
1430 5787 1590 5839 λυπεῖ
1611 5788 1899 5858 ἄνθρωπον
1920 5807 1934 5820 ⁸

363 5884 398 5952 ή
429 5882 481 5934 δὲ
513 5882 603 5934 τοῦ
641 5882 844 5950 ἀγαθοῦ
878 5881 971 5936 καὶ
1002 5881 1238 5950 μάλιστα
1270 5879 1359 5932 τὸν
1391 5879 1490 5931 οὐκ
1520 5878 1624 5940 ἔξω
1657 5882 1770 5944 νοὸς
1805 5883 1937 5952 ρεμο

2035 4691 2212 4757 λύσιν,
2237 4690 2337 4741 οὐκ
2367 4683 2485 4741 οἶδα
2514 4687 2720 4758 πηνίκα
2759 4683 3125 4752 ἐλευσομένην
3155 4697 3246 4750 μοι
3265 4696 3281 4712 ο
3313 4680 3522 4748 ὅμοιον,
3546 4677 3625 4739 ώς

2035 4785 2086 4838 εἰ
2118 4784 2214 4836 καὶ
2247 4782 2527 4848 ἐξανοίξας
2557 4797 2645 4842 τις
2676 4779 2737 4832 τὸ
2783 4779 2960 4846 στόμα
2983 4777 3064 4836 εἰς
3085 4773 3319 4839 ἔνθεσιν,
3346 4765 3468 4825 εἶτα
3504 4772 3627 4824 δια-

2034 4876 2232 4948 τριϐὴν
2276 4872 2372 4926 τοῦ
2402 4869 2766 4940 ἐλπιζομένου
2814 4867 3098 4936 δυστυχῶν
3135 4863 3393 4935 κάθηται,
3425 4863 3628 4932 διαχά-

2038 4986 2186 5024 σκων
2219 4969 2302 5029 εἰς
2325 4967 2546 5036 ἄνεμον,
2587 4965 2619 5034 ἢ
2655 4964 2752 5017 καὶ
2773 4963 2873 5031 τὴν
2904 4960 3146 5029 κεφαλὴν
3209 4957 3497 5026 ὑποκύψας
3527 4957 3628 5009 καὶ

2038 5059 2398 5128 ἀνακαλύψας
2427 5060 2502 5121 εἰς
2531 5056 2785 5124 εὐλογίας
2830 5053 3123 5123 ὑποδοχήν.
3167 5050 3292 5104 Ἐπὶ
3324 5048 3538 5120 μακρὸν
3564 5047 3627 5100 δέ

2037 5153 2244 5222 ταύτην
2297 5151 2438 5219 ὀρῶν
2482 5147 2918 5218 διαμέλλουσαν,
2971 5146 3126 5214 μένει
3181 5144 3276 5196 ἐπὶ
3311 5142 3626 5212 σχήματος,

2038 5245 2312 5313 ἀφέμενος
2351 5243 2454 5312 τῆς
2487 5241 2803 5311 ὀρθότητος.
2845 5238 2987 5290 Ἀλλ’
3026 5238 3136 5291 ἰδοὺ
3190 5237 3286 5290 καὶ
3315 5239 3349 5306 ή
3388 5235 3626 5303 ἐλεημο-

2040 5337 2174 5405 σύνη
2210 5336 2301 5390 τοῦ
2334 5335 2646 5402 ἀγιωτάτου
2685 5332 2949 5387 αὐθέντου
2996 5333 3091 5383 καὶ
3127 5329 3422 5398 εὐεργέτου
3449 5326 3626 5397 πολλὴ

2038 5427 2167 5498 περὶ
2196 5427 2320 5496 ἐμέ.
2353 5426 2460 5479 Καὶ
2491 5426 2544 5478 τί
2571 5423 2636 5495 δὴ
2667 5423 2889 5488 κωλύει,
2938 5422 3035 5474 καὶ
3067 5420 3306 5491 τέταρτα
3363 5418 3626 5489 δεηθῆναί

2041 5536 2148 5588 με;
2179 5519 2354 5588 Τυχὺν
2377 5519 2436 5570 οὐ
2462 5515 2726 5588 ψεύσεται
2751 5533 2840 5585 με.
2887 5514 2947 5566 'O
2975 5511 3110 5581 γοῦν
3136 5511 3341 5583 ταύτην
3381 5507 3628 5578 κομίζων

2038 5605 2136 5676 τὴν
2191 5604 2377 5672 δέησιν
2413 5606 2702 5674 γενήσεται
2734 5605 2865 5673 ἡμῖν
2896 5602 2956 5656 τὸ
2991 5601 3185 5654 καλόν·
3215 5601 3310 5653 καὶ
3342 5599 3437 5652 ἐπὶ
3458 5597 3627 5654 πλέον

2037 5699 2138 5750 οὐκ
2179 5697 2620 5766 ἀναρτησόμεθα.
2657 5696 2884 5766 Τολμῶν
2915 5691 3008 5749 οὖν
3054 5699 3150 5747 καὶ
3182 5693 3345 5747 πάλιν
3381 5709 3478 5746 σου
3505 5692 3628 5745 δέο-

2043 5806 2160 5860 μαι,
2199 5788 2430 5842 ἀκοῦσαι
2465 5788 2748 5841 σύνδουλόν
2800 5806 2901 5858 μου
2964 5787 3024 5840 τὸ
3076 5785 3478 5854 εὐλογήθητι·
3527 5785 3630 5837 καὶ

2041 5883 2194 5934 ἔσται
2220 5882 2604 5952 εὐλογημένος,
2640 5885 2714 5947 εἰς
2743 5883 2808 5953 ἢν
2843 5881 2977 5952 πρὸς
2999 5880 3134 5934 Θ;ο.ῦ
3165 5879 3370 5935 έκλήθῐι
3399 5879 3630 5932 ἐπισκο-
