4062 6410
458 425 590 497 1301

1251 438 1676 503 EUSTATHII
1715 448 1761 505 T
1775 448 2480 515 HESSALONICENSIS
2519 457 2927 520 EPISTOLIE'

3587 474 3719 538 1302

441 559 572 612 πην.
615 541 736 595 Ἔτι
774 543 968 614 δέομαι
1011 543 1113 615 τῆς
1156 549 1406 621 μεγάλης
1451 552 1768 626 ἁγιωσύνης
1801 575 1893 611 σου
1931 559 2027 612 καὶ
2060 581 2103 637 Α
2134 562 2502 633 Συρακούσιος
2550 569 2784 639 ποιητὴς
2837 572 2960 626 ὑπὸ
2992 575 3122 641 ταῖς
3167 577 3454 650 ἀρϐύλαις
3500 584 3719 640 ἀείδειν

439 632 627 702 δέησιν
655 634 940 706 όλόψυχον,
973 638 1069 691 καὶ
1089 639 1158 710 ἢν
1188 640 1254 693 ἂν
1275 643 1368 694 καὶ
1387 643 1546 706 Θεοῦ,
1587 647 1902 716 μεμνῆσθαι
1923 651 2024 718 τῆς

397 723 583 790 ’ἐμῆς
641 727 1035 795 ταπεινότητος
1083 729 1218 796 πρὸς
1267 730 1362 784 τὸν
1411 731 1634 802 ὕψιστον
1679 735 1833 798 Θεὸν,
1894 739 2026 794 ὅταν

440 815 649 877 ἐκεῖνος
710 817 811 886 τήν
874 819 1032 888 ἡμῶν
1097 824 1371 895 σιυστικὴν
1429 829 1675 899 μεγάλην
1707 830 2026 902 ἁγιωσύνην

441 909 624 963 σου”’.
668 910 816 964 Πάνυ
866 913 976 984 γάρ
1008 914 1108 984 τῆς
1156 917 1416 989 τοιαύτης
1448 920 1742 993 εύκτηρίου
1799 926 2026 998 μνήμης

440 996 673 1064 δέομαι’
741 1002 837 1055 καὶ
902 1006 1072 1076 χωρὶς
1137 1008 1309 1075 αὐτῆς
1371 1011 1472 1064 οὐκ
1529 1011 1597 1066 ἄν
1667 996 2025 1074 συνίστασθαι

441 1089 650 1162 ἔχοιμι.

1169 1193 1294 1248 AA'.

447 1272 533 1338 Τῷ
565 1277 968 1352 πανσεόάστῳ
1002 1282 1283 1348 σεϐαστῷ
1317 1284 1416 1340 καί
1446 1288 1545 1342 ἐπὶ
1582 1289 1704 1344 τῶν
1727 1291 2024 1370 δεήσεων.

528 1365 811 1437 Ὀχληρὸς,
844 1372 920 1435 ὡς
955 1373 1149 1433 ἔοικεν.
1175 1377 1286 1444 ἐγὼ
1322 1380 1574 1436 πάντοτε.
1613 1384 1786 1439 Τοῦτο
1815 1365 1892 1454 δέ,
1927 1389 2028 1460 οὐχ

445 1461 526 1515 ὅτι
557 1464 650 1515 καὶ
707 1467 916 1532 παπᾶς,
961 1468 1036 1530 ὥς
1083 1469 1150 1523 ἂν
1180 1472 1385 1526 εἴποιεν
1415 1476 1466 1528 οί
1525 1476 1752 1532 πολλοί·
1793 1479 1912 1533 ἀλλ’
1943 1482 2028 1537 ὅτι

449 1549 639 1623 θαρῤὦ
667 1557 758 1608 ἐπὶ
792 1560 859 1627 τῇ
887 1558 1166 1630 ἀντιλήψει
1200 1579 1316 1620 σου.
1353 1565 1416 1620 Et
1437 1567 1494 1621 δὲ
1526 1569 1716 1633 ἅπλῶς
1766 1573 2028 1642 φορτικὸν

445 1643 508 1696 τὸ
534 1645 809 1718 ἐνδελεχὲς
834 1649 929 1705 τοῦ
951 1653 1244 1722 αίτεῖσθαι,
1281 1658 1490 1728 μήποτε
1513 1660 1607 1714 καὶ
1638 1662 1748 1715 τῶν
1783 1666 2028 1735 συνεχῶν

441 1739 620 1807 εὐχῶν
649 1743 1050 1812 αίτιαθείημεν.
1084 1747 1152 1808 ἀς
1199 1751 1343 1823 ὑπὲρ
1385 1754 1489 1823 τῆς
1519 1757 1620 1825 σῆς
1639 1760 2024 1816 πανσεσάστου

443 1834 718 1903 ὑπεροχῆς
740 1835 816 1903 τῷ
837 1837 958 1906 Θεῷ
986 1840 1346 1912 ἀναφέρομεν.
1366 1847 1506 1900 Ἀλλ’
1531 1849 1654 1903 οὐτε
1678 1851 1810 1913 Θεὸς
1830 1853 2026 1908 ἐνταῦ-

2131 659 2472 723 πταιούσας
2501 663 2668 732 φησίν
2687 677 2700 693 '
2731 663 2764 734 ἢ
2795 665 3046 734 τρίόολος
3085 671 3178 724 καὶ
3210 673 3374 742 βάτος
3402 693 3484 741 τις
3515 679 3721 733 ὐποκάι-

2128 749 2312 817 θηται,
2355 751 2493 804 ἀλλά
2525 752 2699 806 ταῦτα
2734 756 2867 827 παρ’
2893 756 3045 812 οὐδὲν
3095 761 3302 827 θετέον,
3349 767 3718 838 ὑπερπηδῶν-

2127 857 2248 906 τας,
2304 841 2338 912 ἢ
2392 843 2488 897 καὶ
2543 844 2722 908 ἄλλως
2787 849 3260 921 ἀποποιουμένους
3315 856 3383 909 τά
3439 858 3716 924 ἐμποδών.

2058 981 2068 989 ,
2139 931 2335 1002 Ἐρεῖς,
2373 935 2450 1005 μὴ
2488 936 2714 990 τοιαῦτα
2742 935 2882 993 εἶναι
2909 940 2976 994 τά
3007 943 3148 997 κατά
3182 945 3264 1008 σὲ,
3304 947 3380 1010 ὡς
3405 949 3716 1021 βοθρίσκοις

2127 1025 2588 1092 παρεικάζεσθαι,
2638 1030 2732 1084 καὶ
2786 1030 3032 1096 λιθιδίοις
3090 1039 3562 1107 παραϐάλλεσθαι,
3616 1045 3712 1098 καὶ

2128 1115 2396 1182 ἀκάνθαις
2443 1122 2900 1190 παροτιοιοῦσθαι,
2939 1127 3131 1191 ὁποίας
3179 1130 3244 1184 ἄν
3283 1149 3370 1194 τις
3413 1135 3508 1187 καὶ
3536 1153 3717 1205 παρα-

2131 1207 2416 1276 βλέψηται.
2455 1211 2598 1264 Ἀλλ’
2623 1213 2734 1280 ἐγὼ
2754 1215 2981 1271 τοιαῦτα
3010 1221 3188 1273 πάντα
3216 1223 3384 1277 τᾶλλα
3413 1226 3579 1296 φημὶ,
3606 1245 3716 1281 πα-

2131 1301 2374 1371 ρατιθεὶς
2406 1303 2543 1356 αὐτά
2575 1307 2715 1375 πρὸς
2765 1307 2826 1361 τδ
2855 1309 2952 1378 τῆς
3003 1311 3194 1379 ὑγείας
3223 1315 3388 1370 καλόν
3415 1333 3430 1349 ο
3477 1320 3544 1389 ἦν
3576 1319 3717 1389 ἔχων

2127 1391 2445 1462 εὐχαρίστει
2476 1394 2616 1464 Θεῷ,
2639 1397 2974 1469 ἀναθέμενος
3005 1404 3075 1457 τὰ
3119 1405 3298 1459 πάντα
3326 1410 3390 1479 τῇ
3419 1409 3592 1474 ὅντως
3620 1429 3716 1478 με-

2129 1484 2491 1558 γαλοδυνάμῳ
2516 1487 2848 1560 Θεομήτορι.
2902 1493 2965 1546 Εί
3013 1493 3071 1548 δὲ
3102 1495 3267 1567 μέχρι
3308 1500 3402 1552 καὶ
3456 1502 3713 1557 τοσούτου

2127 1575 2238 1630 τῶν
2262 1580 2536 1648 περιττῶν
2567 1581 2853 1651 ἐψίλωσαι,
2907 1585 2984 1641 ὡς
3017 1588 3112 1640 καὶ
3154 1590 3288 1659 περὶ
3337 1591 3469 1646 αὐτὸ
3503 1594 3564 1647 τὸ
3615 1594 3714 1648 τοῦ

2130 1667 2429 1738 ἐνδύματος
2459 1673 2738 1743 εὐπρεπὲς
2764 1676 3002 1746 ἀχρείως
3030 1680 3198 1750 ἔχειν,
3253 1683 3370 1736 ἀλλ’
3399 1685 3427 1737 6
3453 1685 3520 1738 τὰ
3553 1687 3716 1756 κρίνα

2131 1762 2380 1831 κοσμῶν,
2409 1767 2503 1817 καὶ
2525 1765 2586 1818 τὺ
2611 1767 2762 1838 ῥόδον
2784 1771 3136 1838 ἀντεπαύξων
3161 1775 3314 1844 ήλίου
3339 1777 3714 1850 λαμπρότητι,

2128 1853 2225 1906 καὶ
2246 1853 2485 1925 δένδροις
2533 1861 2805 1930 χορηγίαν
2858 1861 3059 1930 βύσσου
3093 1865 3574 1938 φιλοτιμούμενος,
3622 1871 3720 1924 καὶ

445 1927 518 1981 θα
551 1928 843 1998 βαρύνοιτο
871 1930 958 1998 ἂν,
997 1933 1121 1986 (τίνι
1161 1935 1272 2005 γὰρ
1317 1937 1492 2007 ἑτέρῳ
1531 1943 1593 1994 τδ
1630 1944 1874 1998 τοιοῦτον
1910 1946 2020 2000 τῶν
2055 1945 2097 2001 Β
2125 1945 2416 2018 σκώληκας
2438 1927 2746 2021 μηρύὲσθαι
2789 1927 2967 2018 διδοὺς
2995 1957 3064 2008 τὰ
3103 1927 3237 2016 ,τοῖς
3270 1927 3490 2023 πολλοῖς
3519 1927 3676 2030 τίμια
3697 1979 3716 1996 ⁹

445 2019 689 2089 ἐφ’ήμῖν
719 2023 1103 2098 ἀναπεμφθείη
1148 2029 1287 2098 ἄν;)
1346 2033 1535 2104 οὐτεή
1582 2037 1868 2106 ἀντίληψις
1923 2059 2019 2094 σου

446 2110 658 2181 βαρέως
705 2114 770 2168 ἂν
805 2117 1038 2186 ἐνέγκοι,
1061 2122 1410 2192 αἰτουμένων
1441 2126 1618 2195 ήμῶν.
1656 2130 1790 2184 Τίνα
1817 2133 1926 2203 γὰρ
1956 2133 2024 2187 ἂν

443 2207 946 2278 προπαλεσιῦμεθα
983 2213 1141 2277 ἡμῶν
1171 2214 1556 2271 ἀντιλαϐέσθαι
1619 2221 1780 2275 πλέον
1811 2223 2021 2294 αὐτῆςς

444 2299 516 2352 ‘0
534 2300 592 2353 δέ
622 2301 913 2372 ζητοῦμεν,
953 2304 1202 2359 καθέλκει
1237 2309 1338 2375 μὲν
1377 2311 1512 2380 ἡμῖν
1563 2315 1644 2376 είς
1672 2315 1838 2383 ὄγκον
1869 2317 2024 2387 εὐερ-

444 2393 629 2459 γεσίας
656 2394 830 2467 βαρύν
856 2412 871 2429 ·
903 2398 1107 2469 ἀϐαρὲς
1133 2401 1189 2453 δὲ
1211 2402 1387 2467 ἄλλως
1423 2405 1540 2459 ἐστὶ
1578 2411 1672 2461 καὶ
1719 2410 2024 2482 ἐλαφρότα-

446 2500 542 2536 τον
569 2488 632 2554 τῇ
660 2487 942 2558 ἀντιλήψει
967 2506 1084 2544 σου.
1121 2493 1387 2546 Εὐκταῖον
1427 2495 1583 2564 ἡμῖν,
1640 2499 2022 2570 προσκυνῆσαι

446 2575 540 2629 τὸν
561 2576 830 2648 πάντιμον
880 2583 1147 2650 κραταιὸν
1198 2583 1360 2653 ἡμῶν
1407 2585 1502 2640 καὶ
1554 2588 1712 2654 ἅγιον
1756 2589 2020 2660 βασιλέα⁶

445 2667 542 2722 καὶ
573 2669 634 2722 τδ
668 2672 976 2742 στερεῖσθαι
1008 2675 1108 2743 τῆς
1132 2676 1298 2729 αὐτοῦ
1319 2677 1496 2747 ὅψεως
1530 2680 1718 2747 ὅμοιον
1745 2681 1876 2751 ἡμῖν
1899 2682 2020 2750 κρί-

440 2778 614 2828 νεται,
644 2763 720 2827 ὠς
750 2767 798 2817 εί
820 2765 1025 2820 καὶτοῦ
1059 2767 1240 2832 καλῶς
1277 2770 1377 2840 ζῇν
1405 2771 1772 2842 ἐκπίπτομεν.
1814 2773 1937 2828 Ὀτι
1965 2775 2023 2828 δὲ

441 2857 476 2924 ή
508 2855 659 2920 νόσος
686 2859 943 2924 καθάπαξ
971 2859 1274 2914 ἐνδακοῦσα
1326 2863 1584 2931 ἐνερείδει
1619 2866 1745 2929 τοὺς
1780 2867 2021 2930 ὀδόντας,

441 2948 538 3001 καὶ
568 2948 667 3000 οὐκ
690 2949 910 3018 ἀνήσειν
952 2948 1224 3019 βούλεται,
1261 2950 1472 3016 ἀθέτως
1526 2951 1723 3022 ἔχομεν
1757 2954 1896 3024 πρὸς
1923 2955 2024 3024 τὴν

441 3038 578 3105 ὁδὸν,
607 3041 786 3094 ἐκεῖνο
821 3040 1295 3110 ὑπολογιζόμενοι,
1336 3043 1414 3106 ὡς
1441 3042 1562 3096 οὐδὲ
1613 3045 1693 3107 εἰς
1719 3045 1839 3098 ὅλον
1875 3047 2023 3114 μῆνα

445 3134 575 3204 ῥᾷον
602 3135 735 3202 ἡμῖν
763 3133 917 3188 ἔσται
947 3139 1291 3204 καταντῆσαι
1329 3136 1407 3198 είς
1438 3136 1498 3190 τὸ
1529 3135 1887 3206 ποθούμενον.
1915 3139 2024 3191 Περ

447 3228 778 3298 ρικαλοῦμεν
810 3225 906 3282 οὖν
931 3229 1122 3299 μαθεῖν
1145 3229 1252 3282 ἀπὺ
1278 3231 1376 3299 τῆς
1407 3229 1751 3300 ἀντιλήψεως
1788 3249 1901 3294 σου,
1930 3234 2022 3286 ἐὰν

441 3324 470 3375 6
497 3323 760 3391 κραταιὸς
780 3323 875 3376 καὶ
905 3322 1058 3391 ἀγιος
1092 3323 1252 3394 ἡμῶν
1281 3323 1538 3394 βασιλεὺς
1571 3325 1859 3394 ἐλπίζηται
1887 3327 2024 3394 πρὸς

440 3413 512 3466 τὰ
531 3412 632 3482 τῆς
659 3413 868 3477 δύσεως
926 3413 1101 3467 ἐλθεῖν
1135 3415 1278 3484 μέρη
1300 3431 1314 3446 ο
1353 3415 1442 3470 ῖνα
1473 3413 1616 3468 οὕτω
1665 3417 2024 3488 στηρίξαντες

440 3505 900 3574 καρτερήσωμεν,
941 3507 1037 3559 καὶ
1059 3505 1448 3575 ἐπιτεμοῦμεν,
1476 3506 1658 3570 καθὼς
1689 3509 1927 3578 ἐγχωρεῖ
1959 3510 2026 3564 τὰ

441 3599 539 3668 τῆς
565 3598 686 3652 ὁδοῦ
707 3616 723 3632 ο
761 3598 861 3666 ὡς,
886 3598 980 3652 ἐὰν
1008 3599 1193 3652 αὐτόθι
1219 3599 1557 3669 ἐμϐραδῦναι
1613 3600 1804 3671 μέλλῃ,
1839 3602 2026 3655 οὐκέτι

445 3692 699 3760 μενετέον
743 3694 900 3763 ἡμῖν,
950 3693 1086 3748 ἀλλά
1135 3694 1396 3749 σταλτέον
1439 3696 1540 3764 τὴν
1571 3695 1667 3748 ἐπὶ
1693 3697 1764 3749 τὰ
1813 3697 2024 3762 αὐτόθι,

442 3765 548 3838 κᾶν
575 3785 667 3837 ἐπὶ
689 3785 910 3854 φορείου
937 3788 1040 3856 χρὴ
1071 3787 1411 3844 στέλλεσθαι.
1436 3787 1609 3843 Τοῦτο
1645 3790 1745 3858 μὲν
1771 3784 1865 3842 οὖν
1891 3791 2025 3858 ἡμῖν

439 3876 501 3928 ἓν
536 3877 909 3948 εὐεργέτημα,
938 3880 1034 3932 ἐὰν
1067 3881 1328 3952 γένηται*
1359 3881 1548 3950 ἕτερον
1583 3880 1642 3935 δὲ
1674 3881 1830 3934 οὐδὲν
1855 3881 2024 3936 αὐτοῦ

441 3967 662 4020 ἔλαττον
691 3969 832 4025 τόδε.

1163 4066 1290 4118 ΛΕ’.

801 4155 888 4225 Τῷ
925 4158 1210 4224 Γουδέλῳ
1238 4159 1423 4226 κυρίῳ
1449 4160 1680 4215 Λέοντι.

521 4251 858 4322 Ἐνεαρίζειν
890 4251 1079 4322 ὥσπερ
1135 4253 1267 4322 ἡμῖν
1323 4253 1556 4320 πάρεστι
1591 4253 1671 4322 τῷ
1727 4253 2021 4323 γράμματι

439 4342 541 4410 τῆς
565 4344 786 4411 ἀγάπης
814 4361 932 4412 σου,
961 4344 1056 4397 τοῦ
1079 4344 1346 4415 χειμῶνος
1369 4346 1779 4415 ἐκλαθομένοις,
1812 4348 1871 4402 ὃν
1900 4349 2023 4402 καθ’

441 4437 598 4502 ήμῶν
643 4438 676 4506 ή
735 4436 1016 4507 βαρυτάτη
1061 4439 1214 4501 νόσος
1247 4439 1497 4510 ἐξέμηνε.
1530 4442 1917 4513 Συνεχύθημεν
1966 4443 2024 4497 δὲ

440 4529 638 4596 ἄλλως,
673 4531 755 4584 ὅτι
793 4529 918 4600 μηδ’
965 4533 1200 4585 ἐνταῦθα
1247 4533 1305 4584 τὸ
1356 4532 1455 4602 ἔαρ
1483 4537 1619 4604 ἡμῖν
1645 4536 1904 4607 καθαρῶς
1934 4539 2021 4590 αξ-

2126 2039 2219 2091 καὶ
2246 2039 2310 2091 ἐκ
2333 2039 2685 2110 λειμωνίδος,
2724 2043 2867 2098 καθά
2896 2047 3000 2100 πού
3043 2065 3130 2112 τις
3158 2048 3286 2120 ἔφη,
3321 2052 3460 2115 πόας
3490 2054 3716 2122 ἐξυφαί-

2125 2129 2315 2183 νεσθαι
2361 2131 2554 2196 ποιῶν,
2607 2134 2770 2188 ὁποῖα
2808 2134 2930 2190 οὐδέ
2981 2138 3228 2210 ἀράχνης
3259 2142 3328 2196 ἂν
3372 2141 3718 2216 λεπτουργή·

2127 2237 2291 2282 σειεν,
2329 2221 2429 2275 οὐκ
2455 2222 2526 2275 ἂν
2578 2224 2699 2278 οὐδέ
2735 2227 2830 2280 σοῦ
2861 2229 3206 2302 ἀμελήσειεν,
3234 2233 3319 2287 ὅτι
3358 2234 3496 2304 μηδὲ
3529 2237 3714 2307 ἡμῶν,

2125 2310 2246 2365 οὐδέ
2281 2327 2426 2375 τινος
2445 2312 2606 2369 ἄλλου
2630 2316 2742 2370 τῶν
2773 2319 2899 2373 καθ’
2929 2322 3098 2391 ἡμᾶς.
3123 2324 3297 2394 Χαῖρε
3315 2324 3410 2380 οὐν
3432 2326 3714 2395 ὑγιαίνων,

2127 2403 2222 2456 καὶ
2248 2404 2572 2474 φυλάττοιτό
2603 2425 2686 2462 σοι
2735 2411 2895 2464 τοῦτο
2930 2413 2992 2466 τὸ
3035 2415 3241 2482 ἀγαθὸν
3277 2417 3438 2487 μέχρι
3487 2419 3714 2481 παντός.

2129 2497 2645 2569 Προσαγορεύουσιν
2677 2501 2728 2554 οί
2761 2503 3026 2574 ἡμέτεροι
3061 2508 3265 2571 πάντες
3304 2508 3420 2578 ἅμα
3446 2511 3581 2579 ἡμῖν
3624 2511 3716 2564 τὸν

2125 2589 2316 2659 κύριον
2363 2591 2606 2662 Μιχαὴλ,
2638 2595 2731 2647 τὸν
2762 2593 2860 2666 (ὣς
2893 2596 3050 2650 αὐτοί
3085 2601 3239 2667 φασι)
3270 2598 3532 2670 Τεῦκρον.
3560 2602 3715 2656 Διατί

2125 2679 2318 2747 10610;
2358 2681 2528 2750 Διότι,
2559 2686 2749 2754 φασὶν,
2795 2687 3184 2758 ὑποδυόμενος,
3214 2693 3313 2746 ὅσα
3370 2695 3466 2746 καὶ
3511 2694 3715 2748 ἀσπίδα

2124 2775 2269 2836 τινὰ,
2302 2776 2402 2845 τὴν
2447 2777 2546 2848 σὴν
2584 2779 2898 2852 ἐπιστολὴν,
2952 2782 3204 2855 καθάπερ
3247 2786 3456 2851 ἐκεῖνος
3484 2789 3584 2854 τὴν
3617 2781 3712 2842 τοῦ

2125 2865 2478 2936 Τελαμωνίου
2528 2870 2872 2936 ἑπταϐόειον,
2923 2875 3129 2927 ἐκεῖθεν
3165 2876 3566 2945 ὑποφαίνεταιο
3616 2881 3714 2934 καὶ

2128 2957 2324 3027 μικρόν
2353 2975 2407 3012 τι
2439 2961 2631 3029 φανεὶς
2653 2962 2781 3015 καθ’
2811 2963 3002 3033 ἕτερόν
3037 2984 3157 3020 τινα
3187 2965 3440 3032 παλαιὸν,
3465 2969 3714 3040 ἀποκρύ-

2127 3065 2340 3115 πτεται,
2371 3051 2444 3116 ὡς
2478 3047 2568 3106 οἷα
2596 3053 2801 3118 δεδιὼς,
2841 3056 2915 3127 μὴ
2964 3059 3059 3110 καὶ
3089 3061 3283 3129 φανεὶς
3312 3062 3407 3116 ἐπὶ
3448 3062 3584 3116 πολὺ
3618 3063 3716 3134 βα-

2128 3142 2411 3214 σκανθείη,
2433 3147 2542 3198 εῐτε
2571 3151 2668 3200 καὶ
2710 3148 2959 3221 βληθείη,
2985 3153 3081 3206 καί
3132 3171 3185 3207 τι
3237 3153 3401 3208 πάθοι
3433 3155 3582 3225 μέγα
3613 3173 3715 3210 και

2072 3281 2096 3320 τ
2129 3234 2244 3301 κδν,
2277 3236 2310 3308 ἢ
2353 3239 2448 3292 καὶ
2488 3242 2812 3313 μακρότερα
2843 3243 3087 3316 λαλήσας
3119 3247 3460 3319 ἅπορῤεύσοι
3491 3249 3592 3320 τὴν
3622 3249 3713 3303 λα-

2129 3327 2285 3382 λιάν·
2340 3333 2444 3387 οὐκ
2495 3335 2674 3400 εἰδὼς,
2714 3336 2798 3390 ὅτι
2857 3339 3215 3410 καταισχύνει
3251 3341 3347 3394 ἐπὶ
3401 3342 3567 3394 πλέον
3613 3344 3714 3411 τὴν

2141 3423 2414 3494 Ἀττικὴν,
2452 3429 2637 3498 ῥήτωρ
2678 3429 2778 3498 μὲν
2825 3434 2905 3494 είς
2934 3431 3106 3503 αὐτὴν
3140 3431 3546 3504 κατεληλυθὼς,
3580 3435 3713 3491 ἀπο-

2117 3519 2406 3596 ,καταστὰς
2450 3519 2506 3573 δὲ
2546 3523 2627 3583 εἰς
2655 3519 2890 3590 ἄφωνον,
2957 3525 3016 3577 Ὀ
3048 3525 3240 3596 παρὼν
3265 3527 3392 3600 (οὐκ
3447 3525 3569 3598 οἷδ’)
3601 3530 3714 3582 είτε

2126 3607 2510 3678 ήλιόκαυστος,
2531 3612 2644 3666 εἴτε
2675 3614 2769 3666 καὶ
2809 3615 2985 3678 ἄλλως
3016 3618 3191 3670 εἰπεῖν
3221 3619 3588 3690 μελανόχροος
3615 3621 3715 3692 ἀρ-

2127 3700 2229 3770 χὴν
2277 3703 2398 3771 (τὴν
2423 3704 2674 3771 γλῶσσαν
2706 3707 2816 3776 γὰρ
2842 3707 2904 3760 οὐ
2961 3710 3428 3780 περιεργάζομαι,
3453 3711 3590 3766 ἀλλὰ
3619 3711 3717 3766 τοῦ

2127 3797 2566 3866 προφαινομένου
2630 3801 2794 3867 μόνου
2833 3801 3107 3869 γίνομαι),
3161 3803 3244 3867 δὶς
3291 3803 3393 3876 ήδη
3425 3804 3598 3859 ἐλθὼν
3635 3808 3720 3869 είς

2129 3887 2296 3954 ἡμᾶς,
2317 3889 2405 3940 καὶ
2425 3889 2500 3952 ὡς
2524 3893 2586 3944 ἐκ
2612 3892 2780 3959 φίλων
2806 3893 3147 3964 ἀποδεχθεὶς,
3179 3897 3240 3949 τὸ
3273 3899 3374 3964 μέν
3399 3899 3617 3967 πρῶτον
3633 3901 3714 3962 είς

2132 3979 2638 4052 μαυροκαλόγηρων
2670 3983 2928 4054 ἐτιμήθη,
2970 3985 3097 4053 ἄρτι
3123 3988 3179 4040 δὲ
3223 3987 3319 4041 καὶ
3349 3988 3428 4051 εἰς
3465 4005 3712 4060 μαυροη-

2129 4071 2413 4140 γούμενον.
2449 4073 2620 4128 Τοῦτο
2643 4075 2708 4144 δὴ
2737 4077 2796 4130 16
2849 4079 2909 4133 ἐν
2937 4078 3233 4149 προθύροις
3261 4079 3362 4149 τῆς
3393 4079 3714 4149 Μεγαλοπό-

2128 4161 2265 4226 λεως
2289 4179 2304 4195 ο
2340 4167 2434 4217 καὶ
2461 4165 2547 4219 διὰ
2577 4165 2738 4220 τοῦτο
2765 4168 2858 4222 ἐπὶ
2905 4171 3129 4240 μνήμης
3165 4172 3319 4241 ἡμῖν.
3365 4172 3495 4226 Ἒάν
3522 4173 3579 4226 δὲ
3610 4173 3718 4238 ζὼ-

2131 4269 2218 4305 σιν
2251 4255 2386 4324 ἡμῖν
2415 4257 2708 4329 ἐπανέλθῃ,
2743 4259 2883 4328 τάχα
2924 4258 2991 4312 ἂν
3014 4263 3095 4324 εἰς
3118 4262 3355 4315 Αἰθίοπα
3380 4261 3590 4316 Μωσῆν
3616 4264 3719 4317 αὐ-

2126 4343 2218 4396 τὸν
2268 4347 2719 4416 μεταμείψωμεν.
2750 4350 2844 4412 Εἰς
2887 4351 2999 4420 γὰρ
3031 4353 3121 4404 τὸν
3162 4353 3332 4407 καλὸν
3380 4355 3718 4424 δημαγωγόν

2127 4435 2370 4502 Μωῦσῆν
2396 4439 2495 4490 οὐκ
2525 4438 2592 4490 ἂν
2637 4435 3090 4511 λευκανθήσεται.
3122 4443 3184 4495 Εἰ
3218 4443 3275 4496 δέ
3323 4445 3534 4499 τιᾶλλο
3557 4449 3718 4518 ὑμεῖς

2129 4530 2682 4598 προσευπορήσαντες
2709 4530 2984 4600 δηλώσετε
3017 4534 3150 4601 ἡμῖν
3183 4535 3304 4603 μετ’
3329 4536 3520 4604 αὐτοῦ,
3539 4541 3718 4594 ἐκεῖνο

442 4617 661 4688 θριάζον
689 4615 759 4690 ἦν
789 4621 885 4673 καὶ
915 4621 1176 4690 ἀνέφελον
1202 4633 1218 4650 ⁸
1251 4621 1366 4674 ἀλλ’
1395 4617 1510 4694 εἶχε
1540 4625 1640 4693 μέν
1670 4625 1832 4679 ὁποῖά
1852 4645 1903 4679 τι
1932 4627 2022 4697 ρό-
2054 4641 2097 4696 ι)
2125 4619 2433 4689 καλέσομεν
2462 4622 2644 4674 αὐτόν.
2687 4621 2931 4693 Εῠχομαι
2985 4624 3042 4676 δὲ
3069 4667 3082 4681 .
3139 4627 3416 4696 εὐήμερον
3473 4630 3611 4698 φάος
3655 4631 3716 4696 ἐξ

438 4712 532 4766 δου
573 4713 735 4778 ἄνθος
781 4713 1156 4782 ἐναστράπτον
1203 4717 1419 4784 χάριεν,
1480 4713 1578 4786 τὴν
1618 4716 1718 4788 σὴν
1765 4719 2015 4786 ὑγίειαν·

443 4806 732 4862 ὑπεκέντει
756 4805 812 4859 δὲ
863 4807 1012 4876 ἡμᾶς
1049 4806 1354 4876 καθαπερεί
1403 4824 1486 4867 τις
1515 4808 1834 4878 ἀκανθώδης
1865 4813 2020 4882 ἀκμὴ

437 4897 507 4950 τὰ
534 4897 759 4968 θλιϐερά
797 4899 864 4952 τὰ
895 4899 987 4953 ἐπὶ
1023 4901 1102 4962 σὲ,
1132 4901 1227 4952 καὶ
1255 4901 1286 4969 ή
1315 4899 1413 4968 τῆς
1439 4898 1616 4971 λύπης
1641 4900 1844 4971 ὀξύτης
1872 4906 2018 4976 κοιὶή

440 4985 690 5041 ἐντεῦθεν
744 4989 1015 5058 ἀλγηδών.
1049 4991 1235 5043 Ταῦτα
1281 4989 1345 5060 δὴ
1376 4990 1443 5044 τά
1493 4991 1682 5054 κακῶς
1713 4993 2023 5048 διατιθέντα

441 5079 536 5131 καὶ
559 5079 619 5130 16
648 5079 938 5148 εἱλικρινὲς
959 5081 1056 5150 τῆς
1078 5077 1315 5143 εὐζωῖας
1340 5079 1699 5136 ἐπιθολοῦντά
1726 5097 1831 5135 σοι.
1874 5083 2016 5137 Ἀλλ’

437 5171 489 5223 εί
520 5171 613 5224 καὶ
639 5169 784 5225 οὕτω
808 5169 1004 5235 ταῦτα,
1045 5172 1179 5240 ἡμῖν
1207 5172 1252 5225 δ’
1285 5167 1379 5226 οὖν
1419 5173 1626 5244 ἢρκεσε
1658 5176 1720 5227 τὸ
1750 5175 1909 5240 ἄνθος
1942 5179 2020 5242 είς

340 5285 346 5300 -
439 5265 794 5335 παραψυχὴν,
840 5260 899 5319 εὖ
925 5265 1153 5330 εἰδόσιν,
1205 5268 1283 5330 ὡς
1319 5267 1420 5320 οὐκ
1470 5267 1621 5322 ἔστιν
1672 5270 1907 5324 ἐνταῦθα
1945 5271 2022 5340 μὴ

438 5358 878 5426 περιπεφυκέναι
908 5359 1005 5413 καὶ
1026 5357 1286 5412 ἄκανθαν.
1323 5361 1394 5413 Ἦ
1415 5361 1569 5424 τίνας
1601 5360 1725 5423 οίει,
1760 5360 1892 5414 καλέ
1919 5379 2021 5432 μου

439 5449 698 5517 δέσποτα,
724 5451 833 5504 τῶν
853 5452 909 5505 ἐν
935 5450 1136 5506 ἅπαντι
1157 5452 1234 5520 τῷ
1265 5452 1386 5522 βίῳ.
1415 5453 1490 5524 μὴ
1516 5454 1600 5506 ὅτι
1632 5470 1694 5522 γε
1722 5454 1833 5506 τῶν
1870 5457 2024 5508 ἀστι-

442 5544 721 5610 κωτέρων,
767 5543 904 5596 ἀλλά
931 5542 1026 5597 καὶ
1077 5543 1186 5595 τῶν
1238 5544 1324 5595 ἐπ’
1369 5543 1603 5614 ἐρημίας
1649 5544 2020 5613 μοναζόντων,

442 5633 692 5701 καθαρὰν
716 5633 1165 5704 προσκομμάτων
1197 5631 1409 5702 τρίϐειν
1455 5632 1555 5706 τὴν
1587 5635 1682 5687 τοῦ
1717 5636 1834 5704 βίου
1867 5637 2021 5703 666v;

445 5723 558 5778 Καὶ
590 5723 702 5777 είθε
736 5724 926 5794 μηδεὶς
955 5723 1217 5795 μεγάλοις
1245 5722 1362 5776 τισὶ
1389 5724 1780 5795 προστρίσοιτο
1805 5727 2020 5790 κακοῖς.

446 5815 508 5867 El
530 5815 586 5869 δέ
617 5817 814 5886 μικρός
868 5832 956 5880 τις
1004 5815 1357 5886 παραχάσκοι
1411 5815 1656 5886 βόθυνος,
1686 5817 1719 5888 ἢ
1750 5818 1846 5872 καὶ
1875 5819 2026 5882 λίθος

447 5911 679 5980 βραχεῖα
715 5912 834 5974 τοῖς
863 5910 1024 5966 ποσὶν
1072 5908 1419 5981 ἐπιτροχάζει
1442 5910 1751 5975 ἐπίϐουλος,
1779 5912 1967 5978 ὁποίας
1993 5915 2024 5966 6

2127 4711 2284 4780 ὑμῶν
2339 4712 2499 4765 αὐτὸν
2545 4713 2868 4781 ἀναγγεῖλαί
2904 4729 3030 4784 μοι·
3077 4716 3149 4786 μὴ
3210 4720 3304 4770 καὶ
3341 4719 3500 4784 δόξω,
3543 4721 3714 4814 νύκτα

2125 4802 2437 4872 ἐπιπέμψαι
2475 4804 2638 4872 ὑμῖν·
2677 4804 2709 4874 ἢ
2740 4803 2834 4856 καὶ
2864 4802 3196 4872 ἀκούσομαι,
3223 4806 3303 4860 ὅτι
3336 4808 3603 4880 ἐγεννήθη
3634 4802 3714 4875 ὥς

2124 4895 2452 4966 νυκτικόραξ
2483 4897 2542 4948 ἐν
2583 4894 2848 4966 οίκοπέδῳ
2873 4895 3050 4966 ὐμῶν.
3080 4899 3270 4968 Φωνῆς
3303 4899 3492 4962 ἐθάδος
3525 4902 3705 4975 ἀπόῤ-

2096 4991 2270 5057 ,ροιαι
2297 4987 2475 5041 ταῦτα
2504 4989 2570 5042 ἐκ
2600 4988 2778 5056 φίλου,
2809 4989 3308 5059 παραμυθουμένου
3365 4994 3463 5051 καὶ
3509 4996 3703 5050 ἑαυτὸν

2124 5081 2218 5135 καὶ
2250 5081 2416 5150 ύμάς.

2840 5177 2948 5244 Δεῖ
2949 5175 2983 5234 ⁸.

2131 5287 2215 5356 Ἱῷ
2253 5287 3229 5366 πρωτονωϐελλσςοξίμῳ-ὑπερτᾼάτῳ
3256 5291 3358 5347 καὶ
3391 5295 3706 5366 λογοθέτῃ,

2583 5360 2664 5424 τῷ
2703 5360 2764 5413 Ἀ
2775 5360 3211 5429 γιοθεοδωρίτῃ.

2196 5451 2355 5507 Μετά
2389 5451 2487 5516 τὰς
2513 5452 2656 5522 ὑπὲρ
2683 5453 2794 5505 τῶν
2847 5453 3021 5521 ἁγίων
3055 5453 3326 5525 βασιλέων
3369 5460 3532 5528 ἡμῶν
3560 5461 3708 5515 ἐνδε-

2124 5544 2301 5615 λεχεῖς
2329 5545 2492 5613 εὐχὰς
2521 5543 2683 5610 ἔργον
2711 5543 2898 5612 ὅμοιον
2929 5546 3064 5615 ἡμῖν
3110 5546 3396 5603 ἐπιτάσσει
3443 5552 3504 5603 τὸ
3538 5554 3704 5606 καλὸν

2125 5638 2222 5689 καὶ
2257 5636 2462 5704 ἀγαθὸν
2507 5636 2604 5705 τῆς
2654 5636 2754 5703 σῆς
2783 5637 3144 5707 ἀντιλήψεως.
3173 5641 3283 5693 Κάὶ
3313 5642 3523 5708 γίνεται
3546 5643 3706 5698 τοῦτο

2125 5729 2338 5798 διχόθεν
2361 5745 2376 5760 ⁶
2400 5728 2463 5781 ἔκ
2492 5744 2554 5781 τε
2577 5725 2672 5780 τοῦ
2704 5728 2784 5791 είς
2828 5729 3009 5783 κοινὸν
3044 5730 3401 5800 καθήκοντος,
3424 5735 3486 5786 ἐκ
3516 5752 3576 5787 τε
3611 5736 3706 5789 τοῦ

2130 5819 2237 5889 ίόία
2283 5820 2612 5891 πρέποντος.
2648 5820 2857 5874 Ἐκεῖνο
2893 5821 3013 5890 μὲν,
3043 5821 3126 5874 ὅτι
3157 5820 3260 5890 χρὴ
3287 5825 3399 5885 τοῖς
3420 5827 3705 5893 ἐγγυτάτω

2129 5911 2541 5982 παραστατοῦσι
2570 5911 2646 5981 τῷ
2695 5911 3078 5982 θεοειδεστάτῳ
3108 5913 3266 5980 ἡμῶν
3316 5914 3700 5979 αὐτοκράτορι,
