4062 6408
354 408 490 475 13-73
1774 423 2138 487 ADDENDA
3485 431 3626 496 1304

352 532 448 586 καὶ
474 531 573 601 τῆς
595 530 807 585 ἐκείνου
846 531 973 596 θέας
1006 532 1100 588 καὶ
1131 533 1426 606 θεραπείας
1475 535 1775 604 ἀξιωθεῖσι,
1809 556 1924 620 κοι-
1953 548 1997 602 Α
2031 543 2106 612 μὴ
2150 542 2247 597 καὶ
2275 545 2636 617 παμφαγήσῃ
2663 546 2725 601 τὸ
2758 545 2986 618 λυποῦν,
3022 549 3070 602 εί
3099 549 3178 620 μὴ
3214 549 3277 604 τὸ
3309 551 3401 605 σὸν
3435 554 3627 621 ἱλαρὸν

351 625 460 688 νῶς
515 624 667 694 ἡμᾶς
725 625 1078 692 ἀφοσιοῦσθαι
1127 629 1198 682 τὰ
1233 629 1342 682 τῶν
1393 630 1590 699 εύχῶν.
1643 632 1738 696 Τίς
1770 632 1827 686 δέ
1862 633 1928 687 ἂν
2031 635 2171 687 κατά
2237 636 2410 706 στόμα
2463 640 2930 710 προσυπαντῆσαν
2997 641 3203 695 παύσει
3263 643 3361 713 τῆς
3397 645 3624 717 βορότη-

351 716 646 786 προσήκων
697 718 783 786 εἴη
837 718 1102 782 τοιούτοις
1151 725 1370 790 σεμνοῖς
1399 724 1636 792 ὕπερθεν
1686 726 1787 794 τῆς
1824 728 1926 795 σῆς

348 806 714 875 ἀντιλήψεωςς
754 809 912 879 εἴπερ
950 811 976 862 6
1001 812 1290 879 κράτιστος
1322 814 1481 882 ήμῶν
1509 815 1787 882 βασιλεὺς.
1820 817 1929 870 ὣσ-

348 914 453 967 περ
485 899 690 952 ἐκεῖνον
721 900 874 966 Θεὸς,
909 901 1052 956 οὕτω
1092 903 1186 957 καὶ
1217 905 1378 967 αὐτὸς
1422 904 1628 978 εὕρηκε
1667 907 1728 961 σέ
1764 907 1928 978 θερα-

350 991 538 1044 πεύειν
591 991 651 1044 τὸ
685 990 851 1045 αὐτοῦ
898 993 1082 1048 ἔνθεον
1131 996 1502 1052 ἱκανώτατον·
1555 1000 1632 1064 ὡς
1689 1000 1780 1054 τὸν
1831 1002 1931 1071 μὲν

349 1079 722 1148 αὐτοκράτορα
767 1082 1034 1151 βασιλέων
1059 1085 1368 1156 ὑπερῆρθαι
1405 1089 1646 1154 πάντων,
1685 1090 1781 1153 οὓς
1819 1091 1930 1145 ἐσω

351 1170 588 1237 μεγάλου
613 1170 892 1243 θαύματος
912 1176 939 1227 6
976 1175 1185 1244 μακρὸς
1211 1178 1404 1246 χρόνος
1438 1179 1601 1248 ἔθηκε
1621 1195 1633 1210 ’
1668 1181 1726 1234 τὸ
1752 1180 1808 1234 δέ
1839 1181 1930 1236 σὸν

353 1262 692 1332 μεγαλοφυές
725 1265 1086 1337 ὑπερκεῖσθαι
1116 1268 1362 1334 πάντων,
1405 1271 1568 1335 ὅσους
1610 1274 1659 1325 οί
1694 1273 1929 1342 πατέρες

351 1357 497 1424 ἡμᾶς
521 1356 790 1423 ἐδίδαξαν,
826 1360 920 1410 καὶ
952 1353 1033 1421 οἷς
1056 1359 1331 1430 ὀφθαλμὸς
1361 1363 1642 1434 αὐτόπτης
1670 1364 1927 1418 ἐπέϐαλε.

351 1447 459 1499 Καὶ
490 1447 632 1500 οῦτω
677 1449 776 1517 μέν
810 1451 942 1519 ἡμῖν
971 1451 1150 1505 ἐκεῖνο
1175 1453 1386 1520 γίνεται
1419 1453 1480 1506 τὸ
1509 1455 1573 1508 ἐκ
1601 1456 1694 1508 τοῦ
1725 1456 1931 1522 κοινοῦ,

351 1536 446 1590 καὶ
478 1529 590 1588 οἷον
617 1539 794 1590 εἰπεῖν
819 1539 879 1591 τὸ
908 1541 1049 1594 κατὰ
1089 1541 1383 1612 περίληψιν
1410 1543 1511 1613 τῆς
1545 1545 1732 1614 εὐχῆς.
1771 1546 1844 1598 Τὸ
1874 1545 1935 1598 δέ

353 1629 558 1692 ίδιάζον
605 1629 802 1700 ἔχομεν
849 1631 1000 1684 αὐτοὶ
1027 1633 1092 1685 ἐκ
1133 1634 1242 1687 τῶν
1289 1637 1366 1697 είς
1403 1637 1549 1706 ήμᾶ,
1583 1639 1804 1705 ἀγαθῶν
1833 1639 1934 1709 τῆς

352 1721 453 1790 σῆς
481 1721 821 1791 ἀντιλήψεως
847 1739 861 1754 ο
899 1714 974 1777 ὧν
1004 1725 1137 1794 ήμῖν
1162 1726 1221 1778 τὸ
1256 1725 1460 1800 ῥεῦμα,
1493 1729 1568 1791 ὡς
1588 1730 1683 1782 καὶ
1707 1731 1790 1800 είς,
1813 1731 1936 1785 ἀέν-

352 1831 478 1866 ναον
508 1814 782 1884 ἐξαρκεῖν,
813 1815 1270 1887 ἐπεπλήμμυρεν.
1315 1819 1478 1872 Ἀλλὰ
1511 1821 1675 1874 τοῦτο
1725 1805 1824 1891 μέν
1869 1822 1932 1876 τὸ

357 1906 449 1976 τῆς
475 1907 640 1976 εὐχῆς
669 1907 845 1972 οὕτως
894 1911 1072 1964 είσαεὶ
1101 1910 1348 1978 γίνεται,
1381 1914 1476 1964 καὶ
1521 1913 1642 1966 οὐδὲ
1669 1914 1819 1985 λήξει
1845 1933 1930 1983 γι·
1961 1899 2000 1954 Β

352 1999 593 2066 νόμενον,
618 1999 723 2061 ἕως
768 1998 836 2053 ἃν
867 2000 961 2054 καὶ
989 2003 1018 2055 6
1071 2001 1194 2065 νοῦς
1235 2004 1293 2057 ἐν
1323 2005 1400 2072 τῷ
1435 2004 1735 2058 καθεστῶτι
1767 2008 1928 2079 μένῃ,

353 2091 446 2142 καὶ
473 2091 532 2145 τὸ
559 2092 734 2162 στόμα
761 2093 899 2162 πρὸς
926 2093 1124 2163 λόγους
1148 2081 1455 2166 ἀνοίγηται.
1487 2097 1615 2150 Εἴθε
1649 2098 1706 2150 δὲ
1737 2094 1805 2168 ἦν
1836 2100 1928 2151 καὶ

353 2185 444 2236 ἐπὶ
491 2185 616 2239 τάδε
652 2185 746 2240 τοῦ
779 2187 970 2257 χρόνου
1017 2188 1176 2242 τοῦτο
1223 2187 1489 2254 γίνεσθαι.
1529 2189 1697 2258 Ἢμῖν
1745 2189 1822 2254 δέ,
1848 2192 1930 2244 ὅτι

353 2277 645 2345 γράμμασι
675 2280 1183 2348 προσκυνήσαντες,
1213 2281 1308 2334 καὶ
1340 2281 1430 2334 διὰ
1489 2279 1799 2350 προσώπων
1831 2283 1932 2336 οὐκ

353 2369 456 2433 ἔξω
483 2369 642 2438 λόγου
696 2374 1008 2425 πιπτόντων
1056 2373 1263 2442 ὁμοίως
1309 2374 1794 2444 προσενεχθέντες,
1830 2376 1930 2430 οὐκ

353 2464 584 2534 ἔσχομεν
639 2463 855 2532 μαθεῖν,
888 2465 936 2516 εἱ
971 2463 1031 2517 τὸ
1079 2463 1236 2533 ἡμῶν
1262 2463 1479 2532 ἀξίωμα
1513 2465 1764 2535 εἰσῆλθεν
1793 2467 1930 2520 ἐνώ-

357 2572 477 2608 πιον
530 2558 629 2626 τῆς
659 2553 759 2624 σῆς
791 2556 1154 2626 ἀντιλήψεως,
1197 2555 1546 2608 εὐλαϐεῖσθαι
1579 2562 1930 2627 περιγίνεται

357 2651 449 2704 καὶ
486 2649 546 2703 τὸ
574 2650 708 2704 πολὺ
735 2650 829 2703 τοῦ
866 2649 1091 2722 θαρρεῖν
1119 2652 1509 2724 ὑποτέμνεται,
1536 2657 1749 2726 μήποτε
1777 2656 1930 2727 παρά

356 2741 526 2813 θύρας
557 2741 606 2812 (ὃ
655 2740 842 2812 φασιν)
900 2742 1108 2812 ἥκομεν
1137 2743 1234 2813 τῆς
1271 2745 1372 2814 σῆς
1404 2746 1567 2816 ἁγίας
1601 2747 1802 2818 ψυχῆς,
1837 2748 1933 2800 καὶ

353 2836 432 2895 είς
463 2833 806 2904 ἀποθυμίους
829 2838 1102 2910 πίπτομεν
1124 2859 1138 2872 ·
1161 2843 1297 2912 ὅπερ
1327 2843 1403 2914 μὴ
1432 2847 1585 2915 ήμῖν,
1614 2829 1770 2915 κύριέ
1805 2861 1932 2912 μου,

359 2924 435 2992 μὴ
463 2926 599 2995 ἡμῖν
619 2942 634 2957 ο
666 2927 742 2997 μὴ
776 2929 930 2999 ἡμῖν,
966 2931 1301 3004 ἀντιλῆπτόρ
1335 2951 1436 3000 μου
1463 2951 1478 2965 ·
1533 2935 1672 3007 πρὸς
1701 2935 1801 3004 τῆς
1834 2935 1932 3003 σῆς

353 3016 515 3082 ἁγίας
541 3017 891 3090 ψυχῆς’πρὸς
911 3021 1006 3073 τοῦ
1043 3021 1285 3088 πλάτους
1303 3025 1403 3096 τῆς
1433 3026 1531 3096 σῆς
1569 3026 1931 3095 ἀγαθότητος,

353 3109 420 3178 ἦν
443 3109 544 3164 οὐκ
589 3108 708 3163 ἔστι
763 3114 1316 3185 στενοχωρήσασθαι·
1356 3116 1493 3184 πρὸς
1546 3119 1643 3188 τῆς
1682 3119 1930 3188 μνήμης.

366 3201 507 3254 Ἀλλ’
532 3197 576 3256 ὦ
610 3220 724 3273 μοι,
755 3205 810 3257 τί
841 3205 1068 3274 ἔπαθον,
1105 3207 1189 3261 ὅτι
1239 3207 1498 3278 τοιαύτην
1524 3209 1750 3280 μνήμην
1779 3209 1932 3262 οὔπω
1958 3242 2001 3299 C

353 3295 467 3349 δέον
493 3293 553 3349 ὃν
582 3295 949 3367 κεκλήρωται,
979 3297 1038 3352 ὃν
1066 3298 1174 3352 ἔδει
1193 3301 1369 3364 ζῶντα
1389 3302 1504 3363 τοῖς
1537 3301 1638 3370 μὲν
1664 3302 1926 3371 ἐντυγχά-

354 3403 536 3440 νουσιν
563 3388 848 3450 ἀσπασίως
878 3389 1196 3459 βλέπεσθαι,
1223 3393 1336 3454 τοῖς
1367 3393 1426 3445 δέ
1454 3392 1659 3456 λοιποῖς
1687 3393 1774 3446 διὰ
1800 3393 1929 3461 γλυ-

354 3478 510 3542 κείας
545 3482 764 3553 μνήμης
809 3483 1092 3554 φέρεσθαι,
1121 3484 1490 3554 καραδοκοῦσι
1518 3486 1619 3556 τὴν
1647 3487 1722 3548 εἰς
1755 3487 1928 3539 νέωτα

354 3573 630 3642 ἐντευξιν;
680 3577 771 3647 Μή
831 3579 980 3648 ἡμῖν,
1035 3577 1170 3648 πρὸς
1216 3578 1316 3646 τῆς
1378 3579 1656 3648 μακαρίας
1707 3581 1928 3648 μνήμης

354 3668 566 3722 ἐκείνου
592 3669 689 3722 τοῦ
719 3669 871 3734 ὄντος
907 3671 1220 3742 μακαρίτου
1247 3673 1574 3743 ἀρχιερέως,
1606 3673 1702 3726 τοῦ
1737 3671 1932 3727 δεσπό-

353 3774 449 3810 του
502 3775 603 3826 μου
625 3776 638 3790 ’
671 3753 732 3813 οὗ
766 3761 907 3814 κατὰ
934 3763 1093 3832 σῶμα
1122 3763 1220 3833 μὲν
1247 3768 1422 3832 τάφος
1465 3758 1542 3827 εἷς
1563 3780 1578 3796 ο
1617 3765 1674 3817 αἱ
1700 3764 1756 3818 δὲ
1791 3762 1928 3815 πάνυ

355 3863 464 3899 των
496 3847 689 3918 ψυχαὶ,
722 3843 804 3912 οἷς
833 3849 1072 3917 ἔγνωστο
1108 3853 1374 3922 (ἔγνωστο
1407 3852 1575 3922 δέ““)
1609 3852 1931 3923 ἐγκείμενον

356 3936 632 4008 φέρουσιν,
666 3939 762 4009 οὐχ
789 3939 878 3995 οἷά
927 3959 1048 3994 τινα
1082 3945 1314 4012 κενήρια
1370 3943 1468 3996 καὶ
1498 3947 1694 4012 μέχρις
1731 3943 1932 4013 ὀνόμα-

355 4044 445 4091 τος
474 4047 488 4060 ο
520 4028 658 4082 ἀλλὰ
687 4031 976 4102 θειότερον,
1029 4034 1124 4106 ὅτι,
1146 4034 1285 4102 πρὸς
1319 4035 1552 4103 πρᾶγμα
1577 4034 1670 4088 καὶ
1707 4035 1927 4104 νοερῶς.

368 4120 530 4174 Ἀλλά
553 4121 604 4174 τί
624 4122 685 4192 δή
713 4139 841 4175 ποτε
871 4124 1020 4193 αύτῷ
1057 4126 1157 4193 μέν
1185 4125 1308 4194 ἐμοὶ
1335 4125 1641 4196 ἐξευρίσκω
1678 4125 1931 4197 μηχανὴν

357 4213 690 4283 παρήγορον,
723 4215 812 4267 τὸν
839 4215 897 4268 δέ
950 4215 1204 4270 ἐλεοῦντα
1261 4217 1479 4288 ἐκτήκω
1510 4220 1623 4282 τοῖς
1671 4219 1928 4289 δάκρυσι,

362 4306 549 4376 μνήμῃ
615 4307 875 4372 φιλτάτου
929 4309 1228 4377 ὀνόματος;
1263 4305 1322 4364 οὗ
1377 4311 1690 4380 στερεῖσθαι
1736 4311 1930 4364 ταυτὸν

359 4395 424 4448 ἂν
451 4399 536 4465 εἴη
577 4397 654 4465 τῷ
687 4398 1044 4467 μεμνημένῳ,
1077 4398 1152 4460 ὡς
1202 4401 1298 4452 ἐὰν
1328 4401 1420 4453 καὶ
1447 4400 1646 4470 ψυχῆς.
1675 4400 1741 4452 Τί
1772 4400 1831 4453 δὲ
1871 4403 1931 4452 τὸ

358 4487 496 4556 πρὸς
545 4489 735 4559 ήδονῆς
783 4489 905 4559 ἐμοὶ
937 4489 1271 4560 θηρώμενος,
1304 4491 1364 4546 τὸ
1385 4493 1525 4562 πρὸς
1558 4491 1931 4563 ἐλεημοσύνην

2029 743 2141 789 τος.

2742 831 2870 885 ΛΖ’.

2601 939 2686 1004 Τῷ
2741 939 3044 1007 Μυστικῷ.

2116 1052 2176 1106 Ὀ
2201 1051 2356 1117 Θεὸς,
2383 1055 2412 1106 6
2440 1053 2565 1114 τοὺς
2587 1053 2774 1120 ἁγίους
2801 1053 2958 1122 ἡμῶν
2989 1053 3227 1122 βασιλεῖς
3255 1058 3349 1110 καὶ
3383 1058 3621 1127 στερεώο

2037 1161 2136 1208 σας
2166 1146 2262 1197 καὶ
2298 1145 2556 1212 στερεῶν,
2608 1145 2704 1198 καὶ
2737 1146 2825 1198 ἀεὶ
2871 1147 3100 1215 ἀνυψῶν
3146 1149 3241 1202 καὶ
3301 1149 3618 1214 ἐπαυξάνωπ.

2032 1239 2132 1308 τὴν
2161 1237 2343 1290 ἔνθεον
2376 1236 2654 1305 βασιλείαν
2684 1236 2886 1300 αὐτῶν,
2937 1229 3012 1292 ὧν
3039 1239 3103 1291 σὺ
3147 1238 3400 1306 θεράπων
3465 1241 3618 1308 ἐγγί-

2034 1328 2145 1393 ζων
2173 1346 2230 1382 τε
2264 1328 2358 1381 καὶ
2391 1328 2738 1392 πιστότατος,
2779 1331 2986 1393 ἐκεῖνος
3053 1332 3319 1401 προσθείη
3375 1334 3618 1401 μακροὺς

2033 1421 2256 1489 χρόνους
2282 1423 2346 1490 τῇ
2375 1423 2440 1491 σῇ
2474 1421 2587 1491 ζωῇ
2614 1437 2629 1453 ·
2667 1421 2754 1474 ἴνα
2785 1421 2884 1494 ἔχῃ
2919 1439 2978 1474 σε
3009 1423 3037 1476 6
3063 1425 3270 1490 κόσμος
3299 1426 3380 1485 είς
3437 1425 3620 1479 κοινὸν

2034 1511 2363 1577 ἀγαθὸν,καὶ
2417 1511 2727 1576 ἀξιωθείης.
2793 1513 2983 1584 ὥσπερ
3037 1515 3273 1567 ἐνταῦθα
3341 1516 3619 1584 μεγίστων

2032 1597 2229 1664 τιμῶν,
2260 1597 2401 1650 οὕτω
2433 1598 2524 1650 καὶ⁵
2581 1600 2640 1650 ἐν
2689 1599 2767 1664 τῷ
2827 1601 2944 1652 ἐκεῖ
2985 1601 3140 1653 αἰῶνι
3185 1606 3286 1670 τῆς
3346 1604 3486 1669 πρὸς
3526 1604 3621 1656 τὸν

2033 1689 2388 1756 παμϐασιλέα
2445 1691 2578 1742 Θεὸν
2607 1693 2900 1761 ἐγγύτητος
2923 1708 2936 1722 °
2969 1693 3103 1762 ὅπερ
3138 1694 3232 1746 καὶ
3275 1694 3468 1765 θάρόει
3523 1697 3622 1748 σὺν

2033 1781 2175 1846 Θεῷ.
2209 1783 2270 1834 EE
2295 1783 2403 1852 γὰρ
2430 1784 2521 1834 καὶ
2570 1783 2750 1846 ἄλλοις
2802 1784 3044 1846 κίνδυνος
3098 1785 3324 1838 ὕπεστιν
3368 1787 3622 1849 ἀκοῦσαι,

2035 1873 2116 1925 ὅτι
2147 1871 2228 1926 Τὰ
2275 1872 2467 1942 ἀγαθά
2520 1887 2637 1927 σου
2695 1875 2766 1929 ἐν
2829 1875 2906 1942 τῇ
2963 1873 3076 1942 ζωῇ
3127 1891 3245 1934 σου
3298 1877 3622 1943 ἀπέλαϐες.

2035 1963 2171 2016 ἀλλά
2197 1965 2284 2030 σὺ,
2329 1964 2406 2028 ὡς
2459 1966 2640 2020 πάντα
2689 1967 2747 2020 ἐν
2806 1967 2928 2037 Θεῷ
2983 1968 3259 2037 πράττων,
3331 1968 3424 2024 καὶ
3483 1971 3622 2040 πρὸς

2035 2058 2244 2110 ἐκεῖνον
2273 2058 2518 2126 ἀφορῶν,
2551 2060 2643 2111 καὶ
2689 2061 2789 2128 τῆς
2819 2062 2936 2114 ἐκεῖ
2966 2061 3127 2131 δόξης
3185 2061 3498 2131 ἐφιέμενος,
3552 2064 3623 2118 δι’

2032 2147 2100 2216 ἦν
2141 2149 2234 2199 καὶ
2263 2147 2440 2201 πάντα
2472 2150 2645 2211 ποιεῖς
2678 2149 2744 2202 τὰ
2788 2151 2925 2220 πρὸς
2957 2150 3259 2220 θεραπείαν
3311 2152 3448 2206 Θεοῦ
3475 2168 3489 2182 ·
3523 2155 3624 2207 καὶ

2036 2234 2135 2294 ὧδε
2163 2240 2232 2291 τὰ
2267 2240 2324 2303 ἐξ
2354 2241 2560 2292 ἐκείνου
2588 2239 2734 2308 ἔχεις
2772 2239 2977 2307 ἀγαθὰ,
3028 2243 3122 2295 καὶ
3170 2243 3288 2294 ἐκεῖ
3341 2243 3398 2296 δὲ
3457 2245 3623 2297 ἀκού-

2035 2349 2146 2395 σεις
2173 2349 2187 2364 ·
2211 2333 2487 2394 Ετσελθε,
2507 2331 2712 2394 δοῦλε,
2740 2334 2829 2398 είς
2871 2334 2986 2398 τὴν
3019 2333 3212 2402 χαρὰν
3257 2335 3366 2388 τοῦ
3397 2337 3624 2402 ΚυρΙου

2031 2441 2168 2481 σου.
2209 2424 2269 2480 ’0
2341 2426 2795 2496 θαυμασιώτατος
2863 2427 3275 2498 καθηγούμενος
3321 2431 3349 2481 6
3395 2431 3562 2493 δεῖνα,
3593 2430 3623 2481 6

2035 2519 2339 2580 ἐνδιάθετος
2382 2519 2479 2572 καὶ
2508 2517 2841 2586 θερμότατός
2872 2536 2968 2571 σου
3003 2519 3232 2588 εύχέτης
3291 2519 3386 2572 καὶ
3443 2518 3623 2589 κῆρυξ

2037 2610 2147 2664 τῶν
2207 2610 2317 2663 σῶν
2366 2609 2749 2678 ἀγαθουργιῶν
2810 2609 3151 2680 διαπρύσιος,
3195 2609 3470 2680 ἐπηύξησέ
3530 2629 3622 2679 μοι

2030 2702 2130 2772 τὴν
2153 2701 2522 2771 εὐχαριστίαν,
2551 2701 2872 2766 ἀναδιδάξας
2906 2720 2998 2770 με,
3033 2702 3116 2755 ὅτι
3141 2704 3204 2757 ἐκ
3234 2703 3370 2757 Θεοῦ
3396 2703 3621 2773 ὁδηγίας

2033 2793 2319 2862 ἐμνήσθης
2352 2792 2488 2861 πρὸς
2519 2792 2682 2845 αὐτὸν
2717 2791 2818 2858 τῆς
2867 2792 3010 2860 ἐμῆς
3071 2795 3484 2861 ταπεινότητος.
3530 2796 3622 2847 Διὸ

2032 2885 2126 2938 καὶ
2155 2884 2436 2954 θαρρήσας
2464 2884 2769 2952 περικαλῶ,
2805 2883 2892 2937 ἵνα
2921 2885 3010 2938 διά
3050 2884 3142 2938 τὸν
3177 2884 3331 2950 Θεὸν,
3356 2886 3414 2938 ὃν
3444 2885 3620 2954 ὕπερ-

2032 2975 2336 3038 ϐαλλόντως
2364 2977 2569 3039 ποθεῖς,
2606 2975 2700 3028 καὶ
2734 2977 2822 3029 διὰ
2855 2977 2919 3028 τὸ
2972 2976 3204 3043 δίκαιον,
3241 2975 3302 3029 οῦ
3365 2977 3618 3046 ὑπερμα-

2034 3069 2165 3136 χεῖς,
2219 3067 2315 3121 ἐάν
2339 3085 2424 3130 τις
2457 3069 2565 3121 τῶν
2588 3067 2682 3120 τοῦ
2715 3067 2928 3120 κελλίου
2991 3086 3093 3136 μου
3151 3069 3290 3139 ἔχων
3327 3070 3622 3123 δυσκολίαν

2035 3157 2093 3224 ἐξ
2125 3158 2336 3220 ἀδικίας
2362 3158 2744 3228 προσκαλῆται
2773 3161 2855 3222 είς
2888 3159 3143 3230 βοήθειαν
3189 3160 3288 3229 τὴν
3333 3159 3623 3228 ἀντίληψίν

2037 3267 2151 3315 σου,
2177 3250 2500 3320 ἐμπαρέχῃς
2523 3251 2671 3319 αύτῷ
2703 3251 2802 3321 τὴν
2833 3251 2926 3304 ἐπὶ
2969 3251 3166 3317 δικαίῳ
3199 3251 3475 3321 βοήθειαν.
3505 3251 3623 3303 Καὶ¹

2037 3344 2253 3404 πάντως
2284 3341 2445 3394 δώσει
2494 3345 2522 3395 6
2565 3341 2700 3404 Θεὸς
2743 3343 2835 3395 καὶ
2871 3342 3012 3412 ύπέρ
3061 3341 3254 3396 τούτου
3302 3341 3401 3413 τὴν
3456 3340 3625 3404 ἀξίαν

2037 3433 2273 3503 ἀμοιϐήν
2296 3435 2362 3503 τῇ
2399 3434 2680 3504 ἀντιλήψει
2719 3451 2838 3490 σου.

2759 3529 2886 3582 AH'.

2641 3641 2725 3708 Τῷ
2760 3643 3018 3711 Σερῤὥν.

2122 3747 2498 3818 Ἐπεθύμησα,
2527 3748 2720 3818 ὥσπερ
2751 3750 2844 3804 τοῦ
2878 3753 3008 3806 ίδεῖν
3070 3770 3155 3818 σε,
3185 3753 3328 3807 οὕτω
3385 3753 3479 3808 καὶ
3519 3751 3622 3805 τοῦ

2036 3842 2126 3894 διὰ
2152 3841 2371 3911 γραφῆς
2407 3846 2728 3910 προσειπεῖν
2757 3843 2855 3914 τὴν
2900 3846 3001 3916 σὴν
3034 3846 3320 3916 ἀγιότητα.
3355 3847 3465 3899 Καὶ
3522 3845 3620 3900 τοῦ

2041 3930 2142 4000 μὲν
2165 3931 2384 4002 πρώτου
2413 3932 2578 3986 αῐτιοι
2631 3932 2754 3986 οὔτε
2781 3933 2913 4002 ἐγὼ,
2941 3933 3064 3987 οὔτε
3099 3935 3207 4004 μὴν
3254 3939 3288 4005 ὴ
3337 3936 3621 4004 ἀγιωσύνη

2040 4039 2135 4074 σου
2159 4039 2175 4054 ο
2231 4023 2294 4075 οὺ
2323 4023 2429 4094 γὰρ
2449 4023 2705 4092 θαμίζειν
2727 4025 2864 4094 πρὸς
2887 4025 3150 4096 ἀλλήλους
3187 4027 3406 4096 ἔχομεν.
3435 4026 3541 4080 Τοῦ
3565 4027 3620 4079 δὲ

2037 4118 2292 4188 δευτέρου
2314 4119 2348 4189 ή
2376 4119 2474 4188 μέν
2503 4118 2784 4189 ἁγιωσύνη
2811 4137 2906 4174 σου
2953 4120 3070 4184 πῶς
3093 4121 3159 4174 ἀν
3193 4139 3208 4186 ;
3241 4122 3383 4190 τάχα
3414 4123 3471 4175 δέ
3496 4120 3619 4174 οὐδὲ

2039 4211 2170 4278 ἐγὼ,
2210 4211 2346 4265 ἀλλὰ
2379 4210 2447 4262 τὰ
2487 4211 2616 4276 περὶ
2647 4212 2749 4278 ἐμὲ
2780 4213 3110 4280 πράγματα.
3159 4212 3620 4282 Πληροφορήθητι

2038 4303 2167 4370 γὰρ,
2214 4301 2295 4352 ὅτι
2345 4299 2598 4362 τοσοῦτος
2658 4300 2816 4369 ὄχλος
2864 4300 3164 4370 φροντίδων
3215 4302 3467 4368 ἀμφέπει
3527 4319 3620 4371 με,

2037 4393 2112 4452 ὡς
2142 4391 2250 4443 ἀπὸ
2278 4389 2529 4459 φυλακῆς
2555 4393 2774 4460 πρωίας
2801 4392 2906 4456 ἐως
2942 4393 3037 4446 καὶ
3066 4395 3146 4456 είς
3179 4393 3330 4463 ἥλιον
3355 4394 3416 4446 οὐ
3446 4411 3620 4446 κατα-

2037 4482 2204 4535 δύντα
2236 4482 2420 4551 μόνον,
2451 4480 2586 4535 ἀλλά
2632 4484 2728 4535 καὶ
2767 4487 2880 4549 τοῖς
2917 4484 3021 4537 ὑπὸ
3055 4485 3158 4554 γῆν
3209 4485 3620 4554 ἐμϐαθύναντα,

356 4581 712 4650 ἐπίστροφον,
767 4581 1024 4651 κρατῆρα
1070 4583 1248 4654 λύπης
1277 4584 1560 4652 ἐπιστέφω
1606 4584 1686 4653 τῷ
1717 4584 1936 4654 ἐνδαψι-
1962 4585 2016 4645 D
2040 4579 2320 4648 τρίϐεσθαι
2361 4581 2440 4642 είς
2471 4579 2725 4650 ἐντυχίας
2777 4582 3194 4650 πραγματικὰς,
3224 4573 3300 4634 ὧν
3340 4580 3620 4650 ἀμελῆσαι

354 4671 634 4742 λευομένῳ
687 4671 778 4726 τὸν
825 4673 997 4738 ἔλεον,
1044 4675 1385 4745 ἀντιμετρῶν
1420 4676 1521 4729 οὐκ
1569 4675 1776 4745 ἀγαθὰ,
1809 4678 1970 4732 οὐδὲ·

356 4764 466 4817 τῶν
516 4763 844 4834 κρειττόνων
879 4765 1516 4836 ἀντικαταλλασσόμενος
1557 4768 1757 4836 ὄμοια;
1793 4768 1932 4837 Φέρε

355 4857 421 4927 δὴ
453 4858 843 4926 περιμετρήσω
871 4854 951 4924 τῷ
981 4855 1214 4909 θλίϐοντι
1244 4857 1312 4910 τὰ
1357 4856 1516 4926 ίλαρά
1542 4872 1556 4888 ·
1591 4856 1933 4928 ψυχαγωγήσ-

358 4962 440 4998 σω
479 4945 574 4998 τὸν
609 4943 808 5015 μικροῦ
850 4947 944 4999 καὶ
981 4947 1304 5001 ἐκλείποντα
1332 4963 1346 4977 ·
1384 4949 1695 5017 ἀντιστήσω
1719 4947 1781 5000 τὸ
1813 4947 1935 5016 τέρ-

359 5053 462 5090 πον
492 5037 568 5107 τῷ
621 5038 889 5108 λυπηρῷο
949 5039 1380 5108 ἀντισταθμήσω
1433 5038 1496 5090 τὸ
1545 5039 1820 5106 γλυκάζον
1856 5024 1966 5109 τῷ’

359 5131 724 5200 πικραίνοντι,
770 5131 868 5184 καὶ
923 5131 1114 5202 μνήμῃ
1163 5131 1503 5198 γλυκυτάτου
1534 5131 1801 5200 ὀνόματος
1836 5146 1935 5185 κα-

358 5223 651 5292 τακεράσω
679 5223 740 5276 τὸ
759 5222 1027 5292 πικράζον
1048 5224 1246 5288 ἐκεῖνο,
1273 5222 1365 5276 καὶ
1391 5222 1775 5287 ἀνασκευάσω,
1795 5222 1934 5292 πρὸς

358 5317 495 5385 ὅπερ
518 5314 708 5384 ἐχρῆν.
753 5317 895 5384 Πρὸς
929 5315 1028 5384 τῆς
1060 5312 1243 5366 ἐνθέου
1279 5315 1372 5366 καὶ
1431 5313 1740 5384 ἁγιωτάτης
1771 5313 1932 5380 βασι-

357 5407 516 5476 λικῆς
547 5404 808 5473 κεφαλῆς,
837 5405 926 5474 ὑφ’
955 5400 1022 5476 ἧς
1049 5406 1110 5457 τὸ
1145 5407 1252 5458 πᾶν
1270 5405 1364 5476 τῆς
1397 5405 1723 5475 οἰκουμένης
1773 5405 1935 5472 σῶμα

360 5497 456 5549 καὶ
483 5496 768 5566 συνέχεται
793 5497 887 5547 καὶ
913 5495 1187 5563 ἀνέχεται,
1218 5496 1507 5549 εἰσελθέτω
1558 5496 1790 5550 ἐνώπιόν
1835 5512 1932 5551 σου

361 5587 393 5655 ἡ
423 5586 607 5656 δέησίς
642 5602 748 5652 μου
773 5600 788 5616 ο
818 5585 1114 5655 δηλωσάτω
1145 5586 1276 5654 ἡμῖν
1307 5588 1334 5639 6
1360 5587 1420 5638 :6
1445 5587 1684 5656 γράμμα
1711 5603 1936 5657 περικο-

366 5675 538 5747 μίζων
573 5678 674 5746 τῆς
721 5676 878 5745 ήμῶν
920 5677 1309 5746 ταπεινότητος
1364 5676 1425 5728 τὸ
1451 5678 1547 5747 τῆς
1573 5679 1670 5748 σῆς
1717 5679 1935 5747 ἀντιλή-

360 5769 507 5835 ψεως
529 5769 660 5837 περὶ
700 5770 849 5837 ἡμᾶς
893 5767 1140 5837 εὐμενὲς,
1180 5768 1272 5820 καὶ
1296 5767 1604 5838 ζησόμεθα·
1650 5770 1724 5833 ὡς
1755 5771 1848 5823 νῦν
1873 5787 1933 5836 γε

367 5859 793 5929 παρατρώγεταί
824 5878 873 5913 τι
924 5861 1019 5929 τῆς
1055 5858 1199 5930 ζωῆς
1255 5863 1406 5930 ἡμῖν,
1456 5863 1550 5914 καὶ
1594 5862 1931 5934 δεδοίκαμεν,

2041 4670 2144 4740 μὲν
2180 4671 2282 4723 οὐκ
2322 4671 2734 4742 ἀρχιερατικδν,
2768 4671 3172 4741 ἐπιμεληθῆναι
3201 4671 3256 4724 δέ
3281 4672 3449 4724 καλὸν
3479 4673 3580 4742 μέν
3605 4688 3621 4704 ·

2037 4767 2154 4820 ἀλλ’
2185 4767 2454 4837 ἀπογείης
2494 4768 2554 4820 ού
2589 4767 2748 4838 μόνον
2774 4765 3159 4836 ἀναγνώσεως,
3191 4767 3330 4820 ἀλλά
3375 4768 3472 4821 καὶ
3521 4768 3621 4835 τῆς

2036 4856 2117 4918 είς
2140 4855 2267 4918 τοὺς
2293 4854 2584 4924 φιλοῦντας
2614 4859 3075 4927 προσφωνήσεως.
3121 4856 3186 4909 Ἦ
3209 4855 3338 4924 γοῦν
3367 4856 3622 4926 παροῦσα

2036 4947 2250 5017 γραφὴ,
2284 4947 2523 5016 πρωΐθεν
2549 4948 2981 5018 ὑπισχνουμένη,
3016 4949 3331 5017 παρέτεινεν
3385 4948 3490 5010 ἐως
3518 4949 3620 5002 καὶ

2040 5038 2121 5098 είς
2174 5037 2315 5107 ἀέρα
2382 5035 2628 5106 λαμπάδι
2684 5038 3018 5106 φωτίζεσθαι
3074 5039 3317 5093 θέλοντα.
3373 5039 3465 5091 Διὸ
3520 5040 3622 5090 καὶ

2040 5131 2440 5193 ἀπεστένωται,
2468 5130 2563 5182 καὶ
2595 5130 2802 5200 βραχέα
2827 5129 2979 5182 λαλεῖ
3002 5146 3016 5161 ο
3062 5131 3255 5201 καίρια
3311 5131 3495 5199 μέντοι
3523 5146 3615 5197 γε,

2036 5223 2130 5276 καὶ
2158 5217 2233 5277 ὧν
2263 5223 2425 5292 ἡμεῖς
2449 5220 2735 5291 ἐφιέμεθα.
2766 5220 3031 5289 ’Υγίαίνε,
3063 5221 3156 5273 καὶ
3180 5219 3428 5289 μέμνησο
3457 5219 3622 5289 ἡμῶν

2038 5316 2096 5368 ἐν
2129 5316 2248 5378 ταῖς
2271 5314 2406 5383 πρὸς
2437 5314 2572 5367 Θεὸν
2597 5315 2834 5381 ἀγωγοῖς
2864 5329 2958 5365 σου
2987 5313 3317 5377 ἐντεύξεσιν,
3345 5311 3623 5379 ὑγιαινόν-

2035 5423 2147 5459 των
2175 5407 2271 5459 καὶ
2305 5405 2487 5459 αὐτῶν
2511 5407 2632 5468 ταῖς
2657 5405 2778 5466 σαῖς
2816 5405 2988 5474 ἱεραῖς
3017 5405 3228 5474 εὐχαῖς,
3279 5403 3372 5456 καὶ
3417 5405 3620 5455 ἐπικα-

2035 5499 2316 5566 λουμένων
2346 5499 2444 5568 τὴν
2468 5497 2723 5549 ἐντεῦθεν
2749 5495 2932 5550 θεόθεν
2957 5495 3239 5566 βοήθειαν.
3270 5494 3372 5546 Τὸν
3401 5492 3619 5561 θαυμα-

2037 5590 2299 5643 σιώτατόν
2333 5605 2425 5659 μοι
2451 5589 2628 5657 φίλον,
2654 5590 2748 5641 τὸν
2795 5588 3184 5658 γραμματικὸν
3219 5589 3317 5656 τῆς
3371 5584 3619 5652 ἁγιωσύ-

2035 5700 2134 5752 νης
2158 5699 2274 5748 σου,
2323 5679 2716 5750 προσαγορεύω
2753 5697 2768 5711 ο
2805 5679 2863 5742 ὃς
2911 5679 3092 5731 ἀδικεῖ
3146 5677 3266 5746 μὲν,
3311 5676 3405 5729 καὶ
3444 5675 3620 5728 αὑτοῦ

2037 5775 2350 5844 καθείργων
2394 5774 2474 5836 είς
2500 5771 2743 5842 ἀφωνίαν
2762 5772 2862 5840 τὴν
2901 5771 3152 5838 γλῶσσαν
3176 5771 3270 5822 καὶ
3301 5768 3394 5819 τοῦ
3453 5771 3622 5836 ρητοο

2041 5868 2220 5935 ρεύειν
2273 5866 2578 5934 ἀπείργων,
2619 5865 2692 5930 ὡς
2739 5868 2786 5918 εί
2849 5864 2941 5917 καὶ
2992 5864 3150 5934 σιγᾷν
3200 5860 3572 5928 κατακέκριτο
3601 5875 3622 5893 ⁶
