4062 6406
420 398 556 464 1305

1227 395 1643 457 EUSTATHII
1680 394 2432 457 THESSALONICENSIS
2462 393 2865 456 EPISTOL/E.

3551 386 3688 452 1306

414 510 595 568 ἀδικεῖ
618 506 675 563 δὲ
696 507 792 562 καὶ
840 507 1012 579 ἡμᾶς,
1049 506 1126 579 μὴ
1148 506 1485 578 γλυκαίνων,
1509 505 1592 573 οἷς
1650 507 1874 578 γράφει,
1899 506 1998 572 τάς
2028 511 2074 569 Α
2102 509 2350 578 οἰκήσεις
2368 525 2383 540 ο
2413 508 2509 563 καὶ
2534 507 2798 570 πολλάκις
2832 504 3024 570 καιρὸς
3074 501 3387 573 πολύμηνος
3414 502 3686 571 διήρχετο.

416 600 608 664 ἀκοάς.
909 600 914 603 ’
1084 645 1088 649 .

1154 695 1244 748 ΔΘ

914 788 1001 854 Τῷ
1031 788 1505 856 Μετρητοπώλῳ.

501 883 631 937 Εἴθε
669 883 747 956 μὴ
777 882 1025 952 ἔγραψας
1048 883 1205 952 ἡμῖν,
1255 883 1391 951 μηδέ
1451 883 1645 946 ἔδακες
1692 883 1850 952 ἡμῶν
1900 882 2002 950 τὴν

419 975 597 1045 ψυχὴν
646 976 736 1030 διά
792 975 892 1044 τῆς
943 975 1186 1044 γραφῆς.
1243 975 1443 1043 Ἤρκει
1498 975 1610 1045 γὰρ
1682 973 2003 1045 μεμνῆσθαι

422 1066 582 1136 ήμῶν
608 1067 709 1140 τὴν
738 1067 959 1136 ἀγάπην
996 1083 1114 1129 σου,
1153 1067 1248 1119 καὶ
1298 1065 1727 1137 ὑπερεύχεσθαι.
1777 1065 2005 1136 Μάρτυς

422 1161 451 1212 ό
482 1159 652 1225 Θεὸς,
681 1163 714 1230 ή
759 1160 987 1229 ἀλήθεια
1009 1175 1026 1192 ·
1061 1158 1180 1229 ἅμα
1213 1158 1417 1229 ἔμαθον
1474 1160 1568 1214 τδν
1620 1159 1851 1214 θάνατον
1909 1154 2005 1211 τοῦ

420 1250 717 1305 καλλίστου
768 1267 864 1304 σου
898 1249 1178 1319 γαμϐροῦ,
1232 1251 1328 1305 καὶ
1383 1250 1559 1315 οὕτως
1618 1249 1887 1318 διετέθην,
1929 1247 2010 1311 ὡς

425 1341 521 1394 ἐάν
552 1341 826 1397 ἀπέθανεν
873 1343 997 1411 ἐμοὶ
1029 1343 1253 1412 γνήσιος
1283 1343 1576 1412 συγγενής.
1604 1337 1679 1396 Ὠ
1700 1341 1867 1396 καλόν
1903 1357 2005 1411 μου

430 1432 671 1499 παιδίον,
739 1427 785 1486 ὦ
812 1433 1097 1504 ἀγαπητόν
1124 1449 1140 1466 ·
1172 1427 1216 1487 ὢ
1247 1433 1571 1504 Θαυμάσιον.
1604 1429 1675 1487 Ὦ
1705 1433 2004 1504 περιμυθία

429 1523 522 1577 τοῦ
555 1522 721 1577 καλοῦ
765 1541 866 1592 μου
901 1525 1094 1594 κυρίου
1139 1525 1387 1581 Ἰωάννου
1408 1542 1422 1556 ·
1463 1525 1508 1580 ὦ
1537 1526 1700 1590 ἄνθος
1728 1526 2008 1595 μαρανθὲν

427 1613 626 1681 ἄωρον.
673 1614 1047 1683 Ἐνθυμοῦμαι
1115 1616 1215 1683 τὴν
1286 1616 1496 1670 ἐκείνου
1546 1618 1850 1682 παίδευσιν,
1907 1616 2007 1685 τὴν

428 1702 784 1767 κατάστασιν,
817 1704 918 1774 τὴν
952 1707 1090 1774 πρὸς
1122 1708 1183 1759 σὲ
1218 1708 1384 1778 τιμὴν
1416 1706 1511 1761 καὶ
1545 1708 1791 1775 ἀγάπην,
1819 1706 1879 1760 τὸ
1908 1705 2005 1760 τοῦ

429 1794 547 1864 βίου
610 1796 993 1865 προνοητικὸν,
1026 1799 1122 1867 τήν
1168 1798 1516 1866 γεροντιαίαν
1548 1801 1607 1851 ἐν
1638 1799 1854 1869 νεότητι
1880 1799 2013 1869 φρό-

432 1902 605 1953 νησιν,
635 1885 695 1938 τὸ
721 1886 816 1939 τοῦ
844 1886 1011 1954 ἤθους
1044 1887 1300 1958 γαληνὸν,
1322 1888 1391 1943 τά
1417 1889 1553 1942 ἄλλα
1574 1891 1751 1944 πάντα
1774 1890 1843 1944 τὰ
1869 1890 2009 1960 ὑπὲρ

433 1977 529 2048 τὴν
559 1978 770 2032 ἐκείνου
822 1977 1076 2048 ἠλικίαν·
1129 1979 1228 2033 καὶ
1272 1980 1541 2049 δάκνομαι
1584 1982 1682 2051 μὲν
1712 1983 1806 2036 καὶ
1845 1984 2010 2045 αὑτὸς

435 2068 528 2137 τὴν
543 2068 741 2140 ψυχὴν,
772 2070 1111 2139 ἐνθυμοῦμαι
1131 2070 1186 2124 δὲ
1209 2075 1304 2129 καὶ
1332 2074 1414 2138 σὲ,
1435 2072 1489 2124 τί
1509 2074 1726 2142 μέλλεις
1754 2075 2007 2146 πάσχειν·

436 2163 527 2214 καὶ
570 2162 817 2227 ὅπλάζω
845 2163 943 2235 τὴν
978 2164 1181 2236 λύπην,
1222 2166 1319 2218 καὶ
1371 2163 1649 2228 ταλανίζω
1691 2165 1802 2218 ’τὸν
1855 2166 2009 2237 βίον·

438 2254 528 2305 καὶ
555 2253 654 2317 τάς
693 2256 919 2319 ἐλπίδας
960 2257 1116 2327 ήμῶν
1138 2256 1510 2329 ἐννοούμενος,
1543 2253 1629 2311 οἷα
1669 2276 1770 2327 μεν
1803 2260 2018 2326 ἐλπίζο-

439 2344 667 2416 μεν,οἷα
698 2348 753 2401 δὲ
789 2348 848 2413 ἐξ
878 2348 1180 2417 ἀποτυχίας
1215 2348 1522 2421 πάσχομεν.
1574 2349 1799 2417 Ἐδοξας
1864 2353 2021 2407 εὑτυ-

441 2440 603 2509 χῆσαι
638 2439 734 2493 καὶ
763 2442 1009 2511 ἐντυχεῖν
1033 2440 1324 2510 εὑρέματι,
1351 2443 1441 2495 ὅτε
1469 2441 1568 2512 τὴν
1628 2441 1803 2513 ἀρχὴν
1859 2438 2018 2514 εὗρες

442 2530 681 2584 τοιοῦτον
706 2533 958 2603 γαμϐρόν
983 2551 998 2566 ο
1033 2535 1129 2588 καὶ
1162 2530 1307 2605 εἶχεν
1336 2533 1479 2589 οὕτω
1508 2535 1570 2589 τὺ
1596 2538 1855 2606 πρᾶγμα.
1905 2540 2020 2592 Νῦν

443 2622 498 2675 δὲ
527 2617 638 2676 οἷον
659 2622 879 2689 ἔπαθες,
907 2622 1088 2692 ὀλίγον
1109 2625 1447 2695 γευσάμενος
1478 2624 1573 2678 τοῦ
1615 2626 1859 2679 τοιούτου
1892 2626 2022 2695 γλυ-

445 2713 701 2778 κυτάτου,
731 2709 853 2767 εἶτα
879 2714 965 2768 διὰ
991 2714 1092 2785 τῆς
1121 2717 1431 2788 στερήσεως
1492 2719 1657 2773 αὑτοῦ
1698 2720 2025 2790 πικρανθεὶς

446 2806 673 2860 πλείονα
699 2822 716 2839 ⁶
753 2807 846 2860 καὶ
873 2808 935 2860 οὑ
969 2806 1116 2876 λέγω
1150 2809 1239 2863 διὰ
1271 2812 1332 2864 τὸ
1364 2809 1535 2883 βάρος
1556 2816 1655 2882 τῆς
1690 2814 1901 2885 τροφῆς
1925 2816 2024 2885 τῆς

447 2895 638 2960 ἀθλίας
660 2897 871 2952 ἐκείνου
907 2898 1167 2965 γυναικὸς
1216 2902 1309 2955 καὶ
1370 2903 1471 2972 τῆς
1515 2904 1625 2959 τῶν
1686 2906 2026 2977 βρεφυλλίοιν

448 2991 782 3061 ἀνατροφῆς,
818 2991 955 3046 ἀλλά
982 2992 1071 3046 διά
1103 2992 1205 3064 τὴν
1253 2993 1465 3048 ἐκείνου
1500 2997 1783 3068 στέρησιν.
1816 3000 2028 3054 Λυπεῖ-

450 3080 574 3133 σθαι
611 3081 712 3152 μέν
737 3077 831 3135 οῦν
865 3099 925 3136 σε
956 3082 1041 3136 διά
1069 3083 1132 3137 τὸ
1178 3084 1345 3138 αὑτοῦ
1377 3087 1665 3158 στέρεσθαι
1688 3090 1749 3143 οὐ
1797 3091 1873 3162 μὴ
1918 3109 2029 3146 κωο

2101 601 2195 654 καὶ
2227 604 2254 654 ὁ
2282 600 2470 672 κύριος
2505 600 2912 660 Κωνσταντῖνος
2937 597 3102 650 ῶκνει
3129 596 3229 664 τὴν
3251 596 3334 658 είς
3366 594 3458 647 τὸν
3476 594 3689 647 Εὐστά-

2103 691 2220 745 θιον
2246 691 2533 746 ἐπέλευσιν
2564 708 2579 722 ⁸
2617 691 2712 744 καὶ
2745 688 3123 759 ἐρωτώμενος.
3160 686 3305 740 διατί
3334 687 3492 739 τοῦτο
3520 687 3688 748 ποιεῖ,

2103 784 2285 840 ἐλάλει
2327 785 2397 838 τά
2446 784 2656 847 εἰκότα,
2689 783 2784 837 καὶ
2822 782 3035 836 ἔπειθε.
3088 780 3210 842 Πῶς
3254 778 3318 849 δὴ
3370 778 3467 831 νῦν
3526 777 3692 839 αὑτὸς
3746 848 3751 852 1

2102 875 2204 929 οὑκ
2225 875 2487 927 ἐννοεῖται
2518 876 2649 940 περὶ
2681 872 2838 943 ἡμῶν
2887 871 2956 924 τὰ
3004 872 3185 937 ὅμοια,
3211 870 3411 938 ἐπικλᾷ
3455 868 3511 921 δὲ
3561 870 3695 936 ἡμῖν

2105 968 2415 1037 ἀμνηστίας
2445 967 2721 1031 αίτίασιν;
2768 966 2964 1033 Ἡμεῖς
3001 962 3302 1035 ἐδοκοῦμεν
3347 962 3691 1029 ἀντιγραφῆς

2105 1060 2294 1128 ἀρκεῖν
2323 1059 2419 1112 καὶ
2446 1058 2547 1122 τάς
2596 1058 3022 1128 προσηγορείας,
3072 1055 3138 1120 ἀς
3198 1054 3454 1125 μυριάκις
3501 1053 3688 1106 ἐστέλ-

2105 1149 2289 1219 λομεν.
2335 1147 2461 1201 Ἐὰν
2493 1147 2551 1200 δέ
2577 1149 2859 1214 ἐσιγῶντο,
2891 1148 3059 1216 ψόγος
3092 1148 3207 1208 τοῖς
3235 1144 3648 1214 ἁμαρτάνουσιν
3674 1157 3692 1174 ο

2110 1242 2272 1311 ἡμεῖς
2294 1240 2351 1294 δέ
2375 1239 2775 1294 ἀκαταιτίατοι.
2807 1242 2942 1310 Περὶ
2989 1240 3097 1294 τῶν
3139 1239 3249 1293 σῶν
3293 1239 3395 1291 οὑκ
3447 1234 3696 1306 ἔγραψας

2110 1332 2265 1403 ἡμῖν,
2295 1330 2445 1393 ὅπως
2478 1329 2683 1401 έχουσι.
2717 1330 2825 1383 Καὶ
2854 1332 2903 1383 εί
2938 1331 3037 1400 μὲν
3067 1329 3150 1394 εὖ,
3201 1330 3262 1384 ού
3298 1329 3479 1392 καλῶς
3511 1326 3698 1395 ἐποίη-

2114 1441 2240 1487 σας,
2292 1422 2367 1491 μὴ
2400 1421 2574 1476 θέλων
2605 1422 2949 1493 συμμερίτας
2982 1423 3113 1490 ἡμῖν
3139 1421 3282 1491 ἔχειν
3333 1419 3433 1487 τῆς
3459 1421 3655 1488 ,χαρᾶς
3681 1435 3696 1451 ο

2111 1515 2160 1567 εί
2189 1513 2245 1566 δὲ
2278 1513 2478 1581 ἄλλως,
2510 1515 2649 1585 ὅπερ
2705 1513 3081 1583 ἀπευχόμεθα,
3116 1512 3181 1565 σὺ
3235 1512 3332 1580 μὲν
3378 1510 3553 1572 εἴποις
3609 1509 3698 1571 ἂν,

2110 1604 2193 1657 ὅτι
2215 1604 2317 1658 οὐκ
2355 1604 2702 1666 ἐπέστειλας,
2737 1600 2828 1655 οἷα
2858 1600 3153 1671 μὴ’Θέλων
3185 1599 3391 1653 θλίϐειν
3418 1601 3542 1662 ταῖς
3597 1615 3701 1652 κα-

2112 1697 2432 1767 καγγελίαις
2461 1696 2632 1767 ἡμᾶς.
2673 1694 2865 1762 Ἡμεῖς
2897 1694 2954 1746 δέ
3008 1693 3130 1746 οὑδέ
3187 1692 3360 1754 οὕτως
3409 1690 3704 1751 αἰτιάσεως

2114 1789 2463 1857 ἀπολύσομέν
2492 1804 2576 1853 σε,
2616 1787 2692 1850 ὡς
2725 1787 2804 1859 μὴ
2831 1787 2930 1856 τὴν
2959 1786 3151 1857 κοινὴν
3186 1786 3381 1839 πείναν
3424 1784 3526 1853 τῆς
3551 1784 3709 1837 εὐκο-

2112 1884 2233 1945 λίας
2258 1880 2319 1936 εὖ
2345 1879 2715 1950 διακρίνοντα.

2849 1971 2986 2024 MA’.

2121 2085 2207 2152 Τῷ
2248 2084 2658 2153 πανσεόἀστῳ
2709 2081 2989 2172 σεϐαστῷ
3031 2082 3131 2137 καὶ
3176 2081 3421 2152 μεγάλῳ
3465 2079 3714 2147 ἑταιρει-

2820 2172 2994 2223 anm-

2191 2251 2306 2306 Μία
2331 2249 2557 2321 χελιδὼν
2613 2249 2699 2318 ἐφ’
2745 2251 2897 2320 ἡμᾶς
2938 2243 3128 2319 γραφὴ
3191 2242 3570 2306 πανσέϐαστος
3612 2243 3715 2309 τῆς

2128 2341 2230 2409 σῆς
2279 2339 2623 2410 ἀντιλήψεως
2654 2338 2770 2409 (καὶ
2794 2337 2933 2408 αὑτὴ
2991 2337 3052 2391 οὑ
3112 2335 3411 2405 δυσαχθὴς,
3445 2335 3526 2388 ὅτι
3582 2333 3719 2403 μηδέ

2124 2430 2283 2494 λάλος
2311 2447 2329 2463 ο
2365 2432 2459 2485 καὶ
2489 2430 2611 2484 οὑδέ
2634 2431 2726 2484 οἶα
2756 2431 2900 2483 κατά
2930 2429 3028 2500 τὴν
3056 2425 3570 2498 παροιμιαζομένην
3604 2441 3717 2489 φω-

2121 2526 2237 2577 νεῖν
2268 2521 2559 2594 βάρϐαραδ
2600 2521 2996 2592 μεμετρημένη
3044 2520 3101 2573 δέ
3149 2518 3251 2590 τὴν
3309 2518 3570 2585 γλυκεῖαν
3615 2516 3717 2569 λαο

2122 2617 2269 2682 λιάν,
2299 2617 2482 2678 ὁποῖος
2510 2607 2664 2676 οὗτος
2712 2614 2877 2681 νόμος
2908 2607 3228 2683 ἐπιστολῆς,
3272 2610 3367 2665 καὶ
3397 2609 3534 2680 πρὸς
3601 2608 3721 2662 Ἐλ-

2122 2709 2336 2782 ληνίδος
2361 2709 2614 2779 γλώσσης
2644 2704 2990 2775 ἀπεξεσμένη
3043 2702 3350 2774 εὐγένειαν)
3384 2732 3455 2745 —-
3485 2701 3587 2770 μία
3621 2699 3722 2771 μὲν

2125 2800 2244 2868 οῦν,
2306 2802 2447 2871 ὅπερ
2505 2800 2668 2871 ἔφην,
2731 2797 2874 2867 αῦτη
2929 2796 3156 2869 χελιδὼν
3210 2795 3490 2863 ἐπετάσθη
3550 2792 3722 2861 ἡμῖν·

2127 2891 2553 2963 ἀλλάἱθριάζον
2601 2891 2702 2962 ἔαρ
2751 2890 3001 2959 ἐποίησε.
3047 2888 3115 2942 Τί
3164 2887 3243 2951 δὲ,
3307 2886 3406 2941 ἐάν
3461 2883 3593 2939 ποτέ
3635 2900 3722 2946 τις

2127 2985 2365 3055 δευτέρα
2398 2982 2688 3051 ἐπιφανείη
2716 2996 2733 3048 ;
2768 2974 2845 3033 Ἦ
2881 2980 3102 3039 πάντως
3135 2975 3373 3048 χρυσοῦν
3428 2973 3588 3046 θέρος
3622 2989 3723 3042 τη-

2131 3074 2368 3130 νικαῦτα
2399 3074 2635 3143 μηνύσει
2666 3073 2947 3142 ἐσόμενον.
2984 3069 3169 3123 Ἔλθοι
3201 3069 3405 3132 τοίνυν,
3439 3064 3534 3119 καὶ
3562 3065 3725 3133 ἡμεῖς

452 3171 622 3238 λύσω,
679 3172 767 3225 ἴνα
826 3172 903 3245 μὴ
956 3172 1092 3242 δόξω
1122 3155 1491 3247 ἀπάνθρωπος
1540 3180 1636 3231 καὶ
1686 3155 2033 3252 ἀνάλγητος·
2064 3177 2108 3237 C
2140 3170 2241 3224 οὐκ
2266 3168 2571 3238 ὀκνήσομεν
2602 3166 2671 3219 τὰ
2700 3165 2907 3236 συνήθη
2963 3161 3264 3252 “FP-“4’”
3321 3160 3485 3231 αὐτῇ⁸
3534 3155 3728 3252 Τοιῗῖμ

452 3262 587 3314 ὅπου
606 3279 669 3330 γε
700 3262 794 3316 καὶ
827 3263 989 3328 αύτδς
1006 3263 1119 3332 ἐγὼ
1137 3265 1198 3318 ού
1231 3266 1413 3336 μόνον,
1441 3267 1735 3338 δεξάμενος
1764 3270 1864 3342 τὴν
1890 3287 2032 3340 γρα-

454 3353 565 3425 φήν
599 3371 717 3419 σου,
748 3356 844 3407 καὶ
872 3356 1167 3417 ἀναμαθὼν
1199 3356 1291 3410 τδν
1323 3360 1535 3413 ἐκείνου
1595 3361 1847 3428 θάνατον,
1878 3363 2032 3430 ἀφω-

456 3462 544 3507 νος
603 3445 792 3513 ἔμεινα
853 3446 938 3513 ἐφ’
997 3448 1204 3514 ἱκανὸν,
1263 3449 1398 3501 ἀλλά
1451 3450 1543 3503 καὶ
1600 3453 1792 3515 εἰσέτι,
1844 3453 2035 3514 ὁσάκις

458 3537 665 3589 ἐκεῖνον
697 3536 1007 3605 ἐνθυμηθῶ,
1059 3539 1128 3592 τὰ
1170 3540 1333 3606 ὅμοια
1398 3541 1592 3611 πάσχω
1622 3558 1635 3573 ·
1668 3544 1762 3595 καὶ
1817 3543 1910 3594 ἐπὶ
1968 3542 2036 3596 τὰ

462 3627 677 3697 ἐξῆςδὲ
713 3629 970 3681 οὐδέποτε
1033 3629 1198 3682 αὑτοῦ
1264 3631 1616 3700 ἐπιλήσομαι.
1673 3632 1822 3686 Διότι
1878 3633 2038 3701 ἐγγε-

461 3721 782 3790 γραμμένον
826 3716 973 3791 εϊχον
1029 3721 1192 3775 αὑτὸν
1246 3724 1325 3786 είς
1379 3721 1560 3793 ψυχὴν
1610 3723 1684 3784 ὡς
1731 3723 2035 3798 [πλείστου]

463 3813 637 3877 ἄξιον.
682 3812 925 3879 Ἀξιώσω
973 3813 1029 3866 δέ
1086 3830 1170 3879 σε,
1207 3814 1284 3886 μὴ
1342 3815 1622 3877 παντελῶς
1677 3817 1924 3871 ἐνδοῦναι
1970 3820 2038 3888 τῇ

463 3904 634 3975 λύπῃ,
671 3903 770 3956 καὶ
824 3902 1146 3972 βυθισθῆναι
1174 3903 1280 3957 ὑπὸ
1321 3903 1432 3957 τῶν
1472 3903 1729 3975 θλίψεων,
1765 3906 1880 3959 ἀλλ’
1939 3908 2042 3960 ὑπ-

465 3997 678 4067 ανέχειν
705 3994 932 4049 σεαυτὸν
974 3997 1067 4048 καὶ
1095 3995 1581 4065 ἀνακουφίζεσθαι.
1646 3998 1898 4068 Ἀρκέσει
1960 4016 2044 4053 σοι

466 4086 577 4157 γάρ
611 4088 639 4140 ό
673 4085 1029 4157 ἐλευσόμενος
1050 4086 1242 4157 καιρὸς
1274 4090 1354 4150 είς
1382 4087 1444 4141 τὸ
1465 4087 1767 4144 θλίϐεσθαι.
1800 4090 2047 4161 Περιμυ-

470 4176 567 4230 θοῦ
604 4177 663 4231 δέ
693 4178 789 4232 καὶ
815 4176 918 4249 τὴν
970 4176 1212 4246 ἐλεεινὴν
1265 4178 1474 4232 ἐκείνου
1525 4184 1764 4248 γυναῖκα
1822 4183 2046 4253 τρόποις

469 4271 653 4336 ἄλλοις
673 4288 754 4336 τε,
812 4271 908 4326 καὶ
960 4270 1050 4324 διά
1095 4270 1190 4324 τοῦ
1243 4270 1536 4339 φαίνεσθαί
1588 4289 1649 4326 σε
1689 4273 1766 4344 μὴ
1813 4274 2047 4329 πάντοτε

471 4365 727 4418 κλαίοντα
757 4364 852 4418 καὶ
876 4363 1240 4434 λυπούμενον.
1260 4363 1417 4418 Οῦτω
1460 4366 1569 4438 γάρ
1602 4367 1699 4420 καὶ
1728 4368 1912 4439 ἐκείνη
1949 4385 2047 4422 πε-

475 4457 731 4531 ριμυθίαν
761 4459 880 4512 τινὰ
912 4455 1165 4528 λήψεται.

1217 4551 1310 4609 Μ’.

557 4645 924 4715 ’Υγιαίνοντες
979 4645 1048 4715 τῇ
1114 4642 1207 4698 τοῦ
1267 4643 1404 4698 Θεοῦ
1466 4645 1711 4715 βοηθείᾳ,
1780 4645 2054 4715 εὐχόμεθα

476 4733 743 4802 ὑγιαίνειν
773 4733 870 4787 καὶ
906 4733 1006 4804 τὴν
1035 4732 1258 4804 ἀγάπην
1291 4752 1386 4788 σου
1412 4752 1424 4767 ·
1462 4734 1491 4788 δ
1516 4735 1581 4806 δὴ
1637 4736 1735 4791 καὶ
1789 4736 2058 4806 μανθάνο-

481 4844 604 4897 μεν.
638 4826 764 4879 Ἐἀν
787 4825 844 4879 δέ
878 4825 1104 4896 θλιϐερά
1129 4825 1213 4880 σοί
1241 4843 1363 4881 τινα
1394 4827 1772 4896 ἐπιγίνωνται,
1804 4827 1963 4881 τοῦτο
1990 4827 2060 4898 τῇ

478 4918 575 4971 τοῦ
605 4917 721 4989 βίου
754 4917 1114 4989 προσλογίξου
1143 4918 1455 4991 ἀνωμαλίᾳ.
1491 4919 1627 4972 Οὐδὲ
1668 4920 1777 4988 γὰρ
1804 4917 2058 4983 δυνατὸν,

480 5008 771 5078 ἄνθρωπον
802 5009 862 5063 ἐν
906 5009 1005 5080 βίῳ
1032 4994 1375 5080 τυγχάνοντα
1399 5010 1707 5079 διαφυγεῖν,
1737 5008 1926 5080 ὥσπερ
1967 5009 2063 5062 οὑ-

481 5101 534 5153 δὲ
562 5101 659 5163 τὰς
699 5099 993 5170 μερίμνας,
1021 5099 1196 5165 οὑτως
1220 5101 1340 5155 οὑδέ
1372 5101 1470 5163 τάς
1519 5099 1724 5164 λύπας.
1759 5097 1864 5153 Καὶ
1909 5098 2066 5152 τοῦτο

485 5192 583 5261 μὲν
603 5190 705 5243 οὑκ
733 5190 848 5260 ἔχει
875 5207 927 5243 τι
956 5190 1282 5260 παράδοξον.
1321 5192 1395 5245 Τὸ
1425 5192 1483 5245 δέ
1513 5191 1927 5259 ὑπολαμϐάνειν
1982 5207 2064 5255 σε,

485 5278 565 5334 ὅτι
596 5277 976 5349 ἐπελαθόμεθά
1009 5297 1125 5345 σου,
1156 5283 1250 5335 καὶ
1270 5282 1350 5334 ὅτι
1381 5281 1457 5354 μὴ
1478 5282 1756 5351 φιλοῦντες
1780 5282 1841 5335 ού
1858 5281 2067 5349 γράφου

488 5388 609 5439 μεν,
631 5370 790 5424 τοῦτο
821 5369 1123 5440 παράδοξον
1154 5370 1291 5439 ἡμῖν
1323 5371 1468 5437 ἔδοξε
1495 5373 1585 5426 διά
1612 5387 1672 5424 τε
1702 5371 1839 5424 ἄλλα
1871 5372 2067 5433 πολλά,

488 5461 582 5515 καὶ
619 5460 752 5514 διότι
772 5460 832 5514 τδ
867 5460 967 5530 μὲν
987 5463 1223 5533 γράφειν
1254 5461 1352 5516 καὶ
1383 5463 1606 5532 βλέπειν
1649 5461 1914 5534 ἀλλήλους
1950 5463 2069 5516 ἐστι

492 5569 592 5606 που
622 5552 804 5620 φιλίας
828 5552 1181 5607 ἐνδεικτικόν·
1212 5553 1313 5607 οὑκ
1334 5553 1439 5624 ἤδη
1481 5554 1539 5606 δέ
1578 5553 1639 5608 τὸ
1677 5554 1753 5624 μὴ
1813 5555 2069 5625 γράφειν,

493 5643 628 5714 μηδέ
654 5646 736 5708 εἰς
765 5643 1023 5714 ἐντυχίαν
1041 5644 1321 5715 ἔρχεσθαι,
1346 5644 1568 5714 ἀφιλίας
1595 5644 1871 5714 λογίζεται
1906 5646 2074 5700 ἔνδει-

494 5734 596 5796 ξις.
660 5733 1054 5806 Ἐνθυμήθητι,
1089 5737 1193 5802 ὅτι,
1253 5736 1492 5807 ὁπηνίκα
1547 5731 1688 5805 ἦμεν
1738 5735 1960 5807 ένδημοι
2003 5738 2070 5808 τῇ

494 5827 894 5897 Μ;γαλοπόλει,
928 5829 1102 5903 βραχὺ
1151 5831 1428 5904 διάστημα
1459 5830 1730 5903 ἐμέσαξεν
1786 5832 1920 5902 ἡμῖν
1973 5830 2071 5897 τὰς

2135 3262 2234 3316 τόν
2259 3276 2315 3314 τι
2348 3259 2442 3313 καὶ
2473 3258 2624 3329 παρὰ
2672 3261 2785 3319 τοῖς
2825 3257 2995 3311 πάλαι
3037 3251 3107 3325 ἦν
3136 3255 3421 3324 γινόμενον
3445 3268 3459 3283 ·
3498 3251 3592 3304 καὶ
3639 3249 3727 3303 ὅτε

2135 3353 2259 3408 κατ’
2311 3353 2488 3423 ἀρχὴν
2551 3353 2670 3413 ταῖς
2720 3349 2957 3421 χελιδόσι
3011 3347 3106 3402 τοῦ
3168 3347 3458 3415 φαίνεσθαι
3506 3339 3576 3415 ἦν
3625 3343 3729 3411 τὴν

2138 3444 2540 3516 πρὼτηνῆκαὶ
2591 3443 2879 3513 δευτέραν,
2923 3440 3105 3508 λόγοις
3148 3437 3450 3505 ἐδεξιοῦντο
3507 3452 3731 3502 συγκει-

2139 3537 2320 3606 μένοις
2355 3535 2490 3606 πρδς
2521 3535 2843 3604 ἐμμέλειαν.
2876 3533 3071 3586 Ἔσται
3104 3530 3198 3584 οῦν
3247 3529 3408 3583 τοῦτο
3450 3528 3547 3581 καὶ⁵
3572 3528 3735 3598 ἡμῖνζ

2138 3629 2190 3682 οῖ
2225 3627 2350 3681 οὔτε
2380 3626 2476 3681 νῦν
2526 3627 2908 3696 ήμελήσαμεν,
2963 3624 3078 3678 ἀλλ’
3128 3623 3585 3694 ἐπεκροτήσαμεν
3636 3619 3732 3671 καὶ

2138 3721 2356 3792 ᾠδικῶς
2403 3720 2837 3790 ἐσκιρτήσαμεν,
2886 3719 2983 3772 καὶ
3023 3716 3216 3785 ὑγείαν
3254 3717 3352 3768 καὶ
3395 3715 3506 3767 πᾶν
3545 3712 3735 3780 ἓτερον
3817 3763 3820 3767 .

2140 3811 2346 3882 ἀγαθὸν
2392 3813 2460 3882 τῇ
2514 3809 2798 3882 ἀντιλήψει
2844 3826 2942 3862 σου
2992 3807 3352 3879 ἐπηυξάμεθα
3389 3805 3484 3859 καὶ
3536 3804 3618 3865 είς
3670 3802 3734 3854 τὸ

2142 3905 2296 3958 ἐπιδν
2317 3902 2375 3957 δέ
2396 3902 2630 3957 τοιοῦτοι
2650 3900 2891 3971 ἐσόμεθα
2913 3916 2931 3933 ’
2957 3900 3031 3963 ὡς
3057 3899 3245 3969 τάχιον
3267 3898 3334 3951 ἂν
3362 3896 3732 3950 διεκπεσεῖται

2145 3995 2280 4067 ἡμῖν
2302 3997 2340 4066 ἡ
2388 3996 2608 4064 γλῶσσα
2633 3994 2728 4048 τοῦ
2760 3994 3042 4060 στόματος,
3074 3992 3221 4062 ’ήπερ
3270 3988 3439 4058 αὐτὴν
3468 3986 3739 4057 ἐπιλείψει

2145 4084 2417 4141 λαλοῦσαν
2447 4089 2475 4140 ό
2505 4085 2663 4154 λόγος
2703 4087 2732 4138 ό
2760 4085 2888 4154 περὶ
2918 4082 3020 4153 τῆς
3052 4083 3150 4152 σῆς
3183 4080 3547 4150 ἀντιλήψεως.
3577 4079 3652 4132 Τὸ
3679 4077 3737 4131 δὲ

2147 4176 2334 4232 λοιπὸν
2365 4175 2462 4231 τοῦ
2490 4179 2684 4249 καιροῦ
2716 4179 2794 4241 εἰς
2826 4176 3005 4247 ψυχὴν
3055 4173 3226 4243 αὑτὴν
3277 4171 3631 4244 ἀνάγραπτόν
3679 4188 3741 4224 σε

2154 4266 2395 4337 φέρομεν
2421 4282 2437 4299 ο
2469 4264 2698 4320 καὶτῶν
2732 4281 2790 4317 τε
2813 4265 2992 4335 εὐχῶν
3024 4267 3118 4317 καὶ
3146 4260 3249 4330 τῆς
3290 4260 3486 4329 λοιπῆς
3516 4260 3739 4329 μνήμης

2152 4354 2338 4426 φέροις
2361 4355 2492 4425 παρ’
2536 4356 2672 4425 ήμῖν
2696 4355 2767 4409 τά
2795 4356 3120 4425 πρωτόλεια.
3170 4351 3464 4406 Ἐπακούοι
3494 4350 3550 4404 δὲ
3587 4351 3740 4411 Θεός.

2898 4441 3033 4498 ΜΠ.

2084 4547 2129 4603 ι)
2163 4531 2247 4598 Τῷ
2274 4531 2741 4602 φιλανθρωπίνῳ
2757 4534 3087 4603 παλατίνῳ,
3117 4533 3303 4600 κυρίῳ
3341 4529 3617 4599 Ἰωάννῃ,
3663 4527 3746 4595 τῷ

2520 4625 2615 4678 καί
2644 4624 2907 4693 ὕστερον
2933 4630 3117 4695 καθγη
3129 4627 3382 4696 ουμένῳ.

2229 4717 2347 4770 Νῦν
2379 4716 2577 4785 ἔγνων,
2605 4721 2801 4788 ὅτιπερ
2831 4719 2889 4770 ἐν
2914 4717 3056 4772 οὑτω
3083 4719 3272 4783 καλοῖς
3303 4721 3365 4773 τὸ
3397 4719 3530 4791 ἐμδν
3580 4719 3744 4781 ἄλσος

2161 4812 2360 4876 κεῖται,
2394 4811 2489 4864 καὶ
2520 4809 2757 4878 δένδροις
2790 4810 3039 4879 εὐγενέσι
3090 4813 3260 4882 κομᾷ,
3314 4813 3408 4867 καὶ
3467 4811 3744 4881 θαύματος

2161 4900 2333 4968 ἀξίοις
2363 4902 2733 4974 ἐνευθηνεῖται
2763 4906 3020 4974 καρποῖς,
3057 4905 3154 4958 καὶ
3184 4904 3400 4967 πολλοῖς
3430 4903 3614 4956 θάλλει
3636 4904 3749 4966 τοῖς

2162 4995 2391 5063 ἀγαθοῖς
2421 5011 2436 5025 ·
2468 4996 2564 5048 κα)⁵
2592 4993 2797 5065 ἐξαίρω
2827 4994 2938 5048 τῶν
2972 4994 3148 5048 ἀλλων
3192 4995 3255 5049 τὸ
3284 4994 3417 5063 ἐμὸν
3464 4993 3623 5048 τοῦτο
3653 5011 3754 5048 κα-

2163 5087 2279 5155 λὸν,
2302 5088 2394 5140 καὶ¹
2417 5086 2522 5156 γῆν
2565 5085 2698 5140 αὐτὸ
2731 5085 2905 5157 κρίνω
2955 5086 3222 5156 μακάρων
3246 5102 3263 5119 ’
3295 5087 3383 5141 ὅτε
3416 5087 3514 5139 καὶ
3537 5086 3599 5140 τὸ
3652 5088 3754 5157 τῆς

2166 5178 2267 5248 σῆς
2299 5178 2609 5249 ἁγιωσύνης
2641 5177 2913 5248 μακάριον
2942 5180 3022 5241 είς
3054 5178 3216 5232 πόθον
3263 5179 3626 5244 ἐξεκαλέσατο
3650 5193 3666 5210 °
3696 5177 3754 5239 ὃς

2168 5285 2230 5337 γε
2260 5269 2356 5323 καὶ
2387 5269 2763 5331 κατασκόπους
2786 5268 3145 5340 ἐπιπέμπεις,
3187 5271 3294 5324 τῶν
3332 5270 3484 5341 ἐμῶν
3535 5269 3756 5338 ἀγαθῶν

2165 5380 2220 5416 τι
2250 5362 2684 5434 προδώσονταςῆ
2712 5365 2805 5416 καὶ¹
2835 5363 3327 5433 περισυλήσοντας,
3361 5363 3455 5417 δύο
3512 5362 3755 5427 τούτους,

2168 5455 2378 5519 δεινοὺς
2400 5453 2817 5519 ἐπιϐουλεῦσαι,
2868 5456 3069 5523 σοφοὺς
3114 5453 3507 5525 τεχνάσαοθαι,
3548 5449 3754 5516 δεξιοὺς

2169 5544 2644 5615 κατασκέψασθαι.
2673 5543 2832 5599 Οὕτω
2862 5545 2996 5598 ποτὲ
3024 5547 3119 5600 καὶ
3150 5546 3379 5617 Ἰησοῦς,
3403 5547 3431 5600 ό
3453 5545 3545 5599 τοῦ
3573 5545 3754 5615 Ναυῆ,

2173 5640 2273 5710 τῆς
2327 5636 2676 5709 ὑμνουμένης
2734 5624 3086 5708 Ἱεριχοῦντος
3129 5637 3547 5707 ἐπιϐαλόμενος,
3589 5652 3761 5690 κατα-

2175 5731 2413 5795 σκόπους
2435 5726 2704 5796 ἐξέστειλε
2724 5727 2818 5783 δύο
2837 5743 2852 5759 ·
2885 5727 2936 5781 οἳ
2983 5728 3079 5784 καὶ
3110 5727 3577 5800 παρεισπεσόντες
3609 5725 3760 5780 ἔνδον

2177 5825 2276 5897 τῆς
2305 5822 2532 5891 πόλεως,
2562 5822 2658 5878 καὶ
2677 5825 2808 5892 πᾶν,
2838 5821 2975 5892 ὅπερ
3004 5819 3303 5888 ἐϐούλοντο,
3368 5821 3503 5889 πρὸς
3550 5818 3749 5889 τέχνην
