4062 6488
328 465 458 516 1ῖὲοἰ

1730 452 1771 511 Α
1784 449 2088 513 DDENDA

3452 445 3594 512 1303

309 555 811 627 κατεργατάμενοι,
844 556 1068 628 μεγάλῳ
1094 555 1174 626 τῷ
1217 555 1531 627 στρατηγῷ,
1581 555 1721 627 πρὸς
1765 557 1904 627 ὅπερ
1930 561 1980 622 Α
2006 558 2110 629 τὴν
2139 556 2496 628 ὑμνουμένην
2532 555 2927 628 Ἰεριχουντίαν
2957 555 3178 626 ἐκείνην
3208 557 3287 627 τῷ
3318 558 3414 612 τοῦ
3447 559 3594 630 ἐμοῦ

307 647 490 715 ῆθελε,
525 650 907 702 συνεϐάλοντο.
942 651 1049 701 Καὶ
1079 650 1186 718 μὴν
1220 651 1253 719 ή
1289 649 1446 713 πόλις
1469 649 1649 719 ἐκείνη
1688 648 1900 719 μεγάλη

310 733 402 807 ἦν,
424 739 515 790 καὶ
537 739 676 806 καλὴ
696 737 780 808 ἦν,
803 740 898 793 καὶ
928 740 1094 793 πολλὰ
1122 736 1236 809 εἶχε
1255 742 1320 793 τὰ
1337 740 1604 808 ἐπαγωγά
1626 756 1639 770 ’
1665 740 1757 793 καὶ
1776 740 1904 792 τοῦ·

311 848 374 882 το
391 829 515 882 οὐτε
533 831 658 893 τοὺς
675 831 1147 895 ἐπιϐουλεύοντας,
1165 831 1288 884 οὐτε
1314 833 1422 900 μὴν
1442 831 1621 900 πολλῷ
1639 832 1907 902 πρότερον

313 925 440 985 τοὺς
493 923 840 985 ἐνοικοῦντας
889 924 1199 978 ἐλάνθανεν.
1274 925 1431 993 Ἐμοὶ
1484 927 1542 980 δὲ
1600 927 1748 996 μόνῳ
1789 925 1902 976 τῶν

316 1013 492 1066 ἄλλων
528 1013 626 1085 (ὡς
680 1014 846 1084 ἔοικε)
914 1015 1077 1086 μέχρι
1119 1018 1216 1068 καὶ
1269 1015 1461 1087 ἐσάρτι
1508 1017 1568 1069 τὸ
1618 1018 1816 1087 κήπιον
1841 1017 1903 1069 οὐ

318 1106 565 1159 πάνυιτι
617 1109 676 1160 ἐν
709 1108 932 1178 ἀριθμῷ
961 1103 1031 1180 ἦν
1054 1123 1069 1140 ο
1111 1109 1222 1160 οὐδ’
1269 1108 1415 1162 οὓτω
1449 1111 1760 1180 περιέργως
1790 1110 1908 1163 ἐνέ-

319 1196 519 1250 ϐλεπον
560 1200 673 1261 τοῖς
728 1198 898 1253 αὐτοῦ
925 1215 940 1232 ο
991 1201 1101 1255 οὐδ’
1163 1201 1428 1273 ὐπερλίαν
1469 1201 1630 1270 έμελέ
1677 1219 1768 1269 μοι
1798 1202 1908 1254 τῶν

321 1289 445 1340 κατ’
477 1289 631 1342 αὐτό.
678 1289 1019 1361 Ἐκρύπτετο
1039 1295 1150 1362 γάρ
1185 1310 1254 1363 με
1277 1295 1420 1363 τάχα
1452 1293 1546 1345 καὶ
1573 1293 1634 1345 τὸ
1665 1292 1861 1356 κάλλος
1889 1309 1904 1324 ·

321 1383 421 1452 οὐχ
453 1381 838 1452 ὐπεξέφαινεν,
879 1385 1001 1440 οὐδέ
1031 1388 1391 1455 παρεγύμνου
1423 1383 1523 1445 τὰς
1555 1384 1808 1453 χάριτας.
1841 1382 1909 1435 Σέ

323 1473 382 1526 δέ
433 1475 532 1527 οὐκ
566 1474 895 1529 ἐλάνθανεν·
929 1475 1045 1529 ἀλλ’
1098 1478 1131 1546 ἠ
1175 1477 1307 1546 παρ’
1348 1475 1582 1545 Ἡσιόδῳ
1616 1474 1911 1537 πολυλάλος

325 1568 485 1637 φήμη
534 1567 634 1635 τὴν
691 1573 885 1622 τούτου
934 1586 1019 1639 σοι
1074 1568 1338 1637 ἀλήθειαν
1395 1569 1763 1638 παρεκόμιζε,
1815 1570 1913 1622 καὶ

326 1662 467 1730 πρὸς
499 1661 720 1730 φίλτρον
749 1660 996 1725 ἐξέκαεν.
1038 1660 1259 1732 Ἀμέλει
1287 1660 1384 1714 καὶ¹
1416 1661 1542 1723 τοὺς
1583 1657 1912 1726 ἐπιϐούλους
1975 1663 1985 1672 ’

329 1750 391 1806 εὖ
437 1753 584 1822 μάλα
637 1754 976 1823 καταρτίσας
1003 1755 1293 1824 ἐπαφῆκας
1327 1755 1461 1825 ήμῖν
1485 1771 1502 1785 ν
1557 1754 1773 1824 φθονῶν
1813 1756 1912 1824 μὲν

325 1873 399 1885 -
447 1845 549 1898 οὐκ
588 1844 655 1899 ἂν
711 1844 928 1916 εἴποιμι
980 1845 1096 1914 (τοῦ
1137 1846 1246 1916 γὰρ
1305 1845 1436 1917 περὶ
1469 1845 1530 1899 σὲ
1580 1846 1773 1917 χοροῦε
1804 1846 1912 1899 τῶν

326 1936 540 2005 ἀρετῶν
586 1937 880 2008 ὑπερόριος
908 1941 936 1992 ό
972 1939 1167 2006 φθόνος
1215 1937 1534 2010 ἐξώρισται)
1558 1955 1574 1971 ο
1615 1938 1839 2008 νέμεσιν
1868 1939 1914 1992 δ’
1942 1929 1990 1991 Β

321 2025 398 2084 αὖ
473 2033 972 2103 προσμαρτυρῆσαι
1045 2030 1126 2102 τῷ
1203 2032 1494 2102 πράγματι
1567 2031 1713 2086 ὀκνῶ
1792 2033 1916 2085 κατ’

329 2125 598 2194 ἐμαυτοῦ.
671 2124 1030 2196 Νεμεσᾶσθαι
1091 2125 1200 2195 γὰρ
1289 2123 1490 2179 οὔκουν
1557 2124 1915 2196 βεϐούλημαι.

333 2217 521 2288 Κρίνω
577 2218 728 2285 γοῦν,
795 2220 878 2272 ὅτι
947 2218 1108 2289 ζῆλος
1160 2219 1189 2273 ό
1252 2218 1519 2289 κρείττων
1570 2217 1762 2271 ἐκκάει
1831 2233 1912 2284 σε,

331 2313 431 2366 καὶ
479 2312 514 2383 ή
563 2312 660 2367 τοῦ
717 2315 898 2385 κήπου
951 2314 1114 2386 χάρις
1166 2313 1478 2384 ἐφέλκεται.
1519 2314 1629 2368 Καὶ
1677 2311 1802 2368 ἐπεὶ
1843 2315 1918 2386 μὴ

344 2408 686 2478 μεταστῆσαί
734 2425 826 2478 μοι
876 2408 938 2462 τὸ
977 2409 1142 2471 ἄλσος
1191 2409 1337 2479 ἔχεις
1391 2409 1754 2480 ἐπισπάστρῳ
1810 2410 1921 2464 τινὶ

332 2502 692 2572 παλαμναίῳ,
723 2502 858 2572 μηδέ
893 2504 1256 2571 μετακινῆσαι
1284 2503 1498 2576 ἀνάγκῃ
1525 2504 1634 2557 τινὶ
1666 2503 1920 2576 μηχανῆς

331 2594 750 2664 ἐκστόγχειρος,
783 2594 919 2649 αὐτὸ
984 2595 1084 2661 μὲν
1133 2593 1226 2648 καὶ
1264 2594 1416 2648 ἄκων
1445 2595 1541 2664 ἐᾷς
1589 2596 1683 2648 ἐπὶ
1735 2595 1921 2666 χώρας

338 2687 546 2755 μένειν,
571 2687 668 2740 καὶ
699 2690 834 2759 παρ’
855 2690 994 2759 ἡμῖν
1015 2687 1156 2745 εἶναι
1182 2707 1198 2723 ·
1227 2690 1563 2746 ἐπισπᾶσθαι
1596 2691 1656 2744 δέ
1687 2691 1921 2761 μελετᾷς

329 2779 513 2842 ἄλλως
569 2779 902 2850 εὐμηχάνως
957 2780 1060 2852 τὴν
1117 2782 1470 2851 εὐδαιμονίαν
1517 2782 1714 2836 τούτου
1782 2782 1920 2851 πρὸς

331 2871 558 2927 ἑαυτόν·
590 2873 684 2927 καὶ
711 2874 791 2927 ὅτι
818 2875 894 2944 μὴ
917 2874 1050 2929 αὐτὸ
1075 2877 1437 2945 περιαγαγεῖν
1467 2873 1634 2945 ἔχεις,
1661 2874 1921 2944 μετάγειν

332 2966 514 3028 θέλεις
539 2966 610 3020 τά
639 2969 699 3021 ἐν
725 2968 896 3036 αὐτῷ.
932 2967 1091 3022 Οὕτω
1123 2985 1214 3039 μοι
1241 2969 1408 3030 καλὸς
1446 2971 1474 3022 ό
1513 2969 1691 3038 κῆπος
1713 2984 1728 3001 ο
1778 2966 1921 3020 οὕτω

336 3059 499 3112 πίωνο
523 3059 697 3124 οὕτως
713 3060 946 3131 εὐθαλής
965 3076 980 3092 ο
995 3059 1167 3124 οὕτως
1181 3063 1262 3122 είς
1279 3059 1653 3134 καρπογονίαν
1674 3059 1884 3130 εὐφυής
1903 3075 1920 3093 ο

329 3148 510 3213 οὕτως
565 3151 647 3215 είς
722 3151 888 3205 καλὸν
951 3151 1098 3207 ἀπαν
1170 3151 1408 3214 εῦθετος.
1475 3145 1602 3209 Οἷος
1686 3146 1782 3204 οῦν
1839 3151 1920 3212 είς

2005 649 2175 703 τόπου
2229 648 2381 718 καλῷ
2434 648 2811 718 παρενέῤῥιψε
2863 647 3040 718 (φιλία
3069 666 3155 712 τις
3194 648 3398 718 δηλαδὴ
3427 649 3596 702 πολυ-

2007 740 2320 810 ρέμϐαστος
2347 741 2444 794 καὶ
2472 741 2637 794 καλὸν
2660 739 2898 794 δοκοῦσα
2923 770 2996 782 —
3025 742 3171 794 εἴποι
3205 741 3270 794 ἂν
3308 744 3342 811 ἡ
3381 742 3596 808 Σαπφὼ

2005 862 2078 872 -
2105 832 2386 901 δημόσιον)
2413 851 2427 864 ο
2462 834 2600 886 ἀλλὰ
2625 834 2720 888 καὶ
2755 833 2995 904 καθαρὰ,
3034 835 3130 887 καὶ
3159 834 3303 887 κατά
3333 833 3433 904 τὴν
3460 833 3594 903 παρ’

2019 923 2250 994 Ἡσιόδῳ
2290 923 2458 994 Δίκην
2493 924 2787 994 παρθένος,
2837 925 2931 978 καὶ
2975 923 3194 986 πολλοῖς
3239 923 3594 994 ἀνομίλητος.

2010 1010 2177 1071 Οὗτοι
2208 1018 2597 1087 περιελθόντες
2627 1018 2776 1071 ἄπαν
2809 1035 2898 1087 μοι
2928 1016 2990 1069 τὸ
3019 1019 3244 1086 κήπιον,
3279 1017 3334 1068 εῖ
3358 1034 3460 1069 που
3491 1015 3598 1083 μὲν

2013 1113 2186 1182 μῆλον
2213 1107 2283 1182 ἦν
2314 1112 2576 1181 ἑκάτερον
2596 1126 2610 1140 ·
2665 1113 2790 1164 ὅσον
2823 1127 2882 1162 τε
2912 1113 2972 1163 ἐκ
3003 1109 3268 1179 Περσίδος
3312 1109 3427 1178 ἔχει
3452 1110 3598 1177 τάχα

2013 1206 2112 1276 μὲν
2145 1206 2240 1258 καὶ
2269 1205 2370 1274 τὴν
2396 1205 2631 1272 γένεσιν.
2659 1203 2761 1273 τὴν
2799 1202 2855 1256 δὲ
2882 1201 3267 1272 παρωνυμίαν,
3297 1202 3373 1262 ὼς
3394 1201 3496 1253 οὐκ
3527 1202 3600 1259 ἄν

2010 1300 2097 1368 εῑη
2147 1297 2456 1367 ἀμφίϐολον
2482 1315 2496 1330 υ
2530 1299 2626 1352 καὶ
2674 1299 2800 1350 ὅσον
2845 1297 2902 1349 δέ
2933 1297 3033 1364 τὴν
3065 1297 3253 1357 ἁπλῶς
3291 1295 3388 1348 τοῦ
3423 1295 3601 1365 μήλου

2011 1391 2208 1460 κλῆσιν
2241 1391 2434 1460 ἔλαχεν
2489 1390 2874 1449 ἀσυνδυάστως
2921 1390 3058 1460 πρὸς
3113 1386 3366 1440 ἐπίθετον
3393 1402 3410 1417 ο
3458 1385 3602 1440 άλλά

2011 1481 2189 1537 ταῦτα
2241 1484 2374 1553 παρ’
2398 1483 2552 1536 οὐδὲν
2585 1482 2844 1536 ἐτίθεντο.
2886 1481 3238 1550 Παρήρχοντο
3281 1479 3336 1531 δέ
3379 1495 3469 1548 μοι
3502 1478 3602 1530 καὶ

2011 1575 2110 1638 τὰς
2140 1576 2384 1643 εὐγενεῖς
2419 1574 2720 1643 σταφυλὰς,
2749 1573 2830 1626 ὃτι
2859 1573 3110 1640 ὄμφακες
3135 1587 3148 1602 ο
3183 1569 3278 1623 καὶ
3305 1569 3403 1631 τὰς
3432 1567 3603 1622 καλὸν

2013 1669 2336 1736 λαμπούσας
2389 1667 2567 1737 ῥοιὰς,
2623 1667 2820 1735 ὅτιπερ
2868 1667 2926 1718 ἐν
2974 1666 3153 1725 κενοῖς
3195 1663 3458 1732 λεπύροις
3517 1659 3604 1712 ἔτι

2014 1763 2107 1816 καὶ
2156 1760 2402 1824 κάλυξιν.
2447 1757 2527 1814 Οὐ
2588 1759 2882 1828 προσεῖχον
2912 1755 2972 1809 δὲ
3020 1755 3111 1808 τὸν
3145 1753 3270 1808 νοῦν
3320 1753 3446 1804 οὐδὲ
3477 1753 3606 1810 ταῖς

2018 1855 2210 1914 συκαῖς
2228 1867 2243 1882 ·
2269 1849 2422 1906 οὐπω
2451 1851 2562 1921 γὰρ
2581 1851 2643 1902 τὸ
2667 1848 2778 1903 τῶν
2808 1848 2994 1902 σύκων
3019 1847 3143 1917 μέλι
3166 1845 3604 1916 προύϐέϐληντο,

2017 1944 2129 2000 οὐδ’
2180 1947 2261 2006 εἰς
2319 1943 2538 2012 ὁμιλίαν
2604 1939 2720 1996 οἷον
2781 1942 3098 2010 ὐπέχαινον.
3147 1940 3214 1992 Τί
3275 1955 3368 2008 μοι
3414 1937 3607 2006 μακρά

2017 2040 2237 2108 λέγεινς
2280 2038 2468 2092 Πάντα
2498 2037 2571 2090 τά
2601 2037 2715 2089 ἐκεῖ
2747 2034 3182 2105 περιδραμόντες
3227 2033 3295 2087 τά
3335 2033 3498 2096 καλὰ,
3529 2033 3605 2083 τὰ

2019 2134 2210 2195 πολλὰ,
2259 2133 2330 2186 τὰ
2380 2131 2636 2202 λαμπρὰ,
2691 2130 2812 2194 ἐνὸς
2871 2129 3112 2197 ἐγίνοντο
3161 2128 3250 2181 καὶ
3295 2129 3459 2197 μόνου
3504 2125 3607 2179 τοῦ

2020 2225 2363 2296 περιπύστου
2394 2224 2636 2292 δένδρου,
2660 2219 2758 2275 τοῦ
2793 2219 3088 2286 ἐπιφθόνου
3111 2236 3126 2251 ·
3160 2221 3252 2271 καὶ
3277 2218 3385 2270 τῶν
3415 2217 3603 2271 ἄλλων

2019 2322 2422 2393 ἀποκρίναντες
2469 2319 2570 2389 τὴν
2599 2317 2772 2387 καλὴν
2823 2317 3061 2386 μητέρα,
3111 2315 3211 2385 τὴν
3259 2311 3611 2383 ἀμυγδαλῆν,

2021 2415 2152 2485 περὶ
2219 2413 2312 2466 τόν
2371 2411 2548 2480 αὐτῆς
2600 2411 2783 2479 γόνον,
2845 2410 2939 2463 τὸν
2986 2407 3106 2472 ἐνα,
3164 2407 3259 2460 τὸν
3315 2405 3611 2475 ἀγαπητὸν

2023 2509 2358 2579 ἐκεχήνεσαν
2383 2523 2398 2538 ·
2425 2506 2521 2560 καὶ
2553 2505 2756 2568 ίδόντες
2781 2503 2842 2556 τδ
2873 2501 3235 2567 ποθούμενον,
3264 2497 3610 2569 ἀποσχέσθαι

2020 2606 2121 2657 οὐκ
2157 2603 2372 2672 ήθελον,
2427 2600 2548 2654 ἀλλ’
2580 2599 2693 2654 ὅλοι
2749 2597 2880 2666 περὶ
2913 2595 3049 2650 αὐτὸ
3093 2588 3254 2666 ἦσαν.
3297 2594 3408 2645 Καὶ
3459 2593 3610 2661 ῥητὰ.

2025 2696 2208 2766 ῥητοῖς
2245 2694 2570 2748 συνέϐαλλον
2603 2692 2814 2761 ψίθυρα
2841 2709 2856 2722 ο
2892 2693 2988 2744 καὶ
3024 2691 3128 2742 οὐκ
3164 2688 3242 2741 ἔθ’
3279 2687 3385 2741 ὑπὸ
3414 2687 3608 2755 κόλπῳ

2025 2788 2274 2854 συνεῖχον
2324 2786 2423 2848 τὰς
2481 2787 2693 2854 χεῖρας,
2748 2782 2886 2835 ἀλλὰ
2941 2779 3336 2850 παρεγύμνουν
3392 2779 3610 2849 ἠρέμα,

2022 2876 2336 2938 δεικνύντες
2365 2875 2524 2943 ήλίῳ.
2573 2874 2685 2926 Καὶ
2734 2869 2881 2942 ετχον
2912 2873 2972 2924 ἐν
3018 2871 3222 2939 ἑτοίμῳ
3275 2867 3611 2936 δράττεσθαι

2020 2969 2117 3024 τοῦ
2145 2968 2384 3039 καρποῦ,
2421 2969 2569 3030 ὅπως
2593 2967 2660 3021 ἄν
2693 2965 2788 3019 καὶ
2815 2967 3013 3033 ἔχοιεν,
3045 2962 3157 3016 εἴτε
3186 2963 3322 3032 πρὸς
3345 2961 3464 3031 βίαν
3491 2963 3611 3016 εἴτε

2023 3063 2121 3117 καὶ
2152 3061 2290 3131 δόλῳ
2323 3058 2745 3131 περιγενόμενοι
2769 3076 2783 3090 ο
2835 3056 2938 3108 κᾶν
2975 3054 3306 3124 ἐξέπραξαν,
3349 3056 3399 3107 εί
3432 3070 3611 3122 κατη-

2027 3155 2238 3224 μέλησα
2272 3153 2404 3220 ἐγὼ.
2445 3154 2556 3205 Καὶ
2601 3151 2807 3221 ᾤχοντο
2851 3149 2942 3210 ἂν,
2993 3148 3464 3216 ἀφαρπάσαντεςο
3504 3149 3608 3199 καὶ

337 3245 596 3313 ἀφέλειαν
639 3245 839 3314 ἔγωγε,
893 3247 1055 3318 εἴπερ
1101 3245 1264 3308 αὐτὸς
1313 3246 1414 3317 μὲν
1455 3245 1707 3301 τοιούτου
1753 3245 1919 3300 καλοῦ
1949 3273 1994 3331 c
2027 3239 2167 3301 εἶδεν
2194 3246 2261 3301 ἂν
2285 3246 2438 3316 ἥλιος
2470 3245 2752 3315 ἁρπαγὴν,
2787 3242 2882 3294 καὶ
2911 3239 3138 3309 ταύτην,
3173 3241 3242 3309 ἦν
3275 3239 3374 3292 οὐκ
3404 3234 3474 3309 ἦν
3504 3239 3616 3304 ἔξω

340 3339 609 3408 ἐπήϐολος
670 3338 748 3391 ὣν
796 3339 898 3391 οὐκ
946 3340 1104 3409 ἔσχον
1156 3337 1508 3406 ἐπίστασθαι,
1562 3338 1717 3394 ἄλλοι
1759 3340 1816 3392 δὲ
1863 3339 1923 3392 τὸ

342 3432 476 3500 ἐμὸν
514 3431 722 3496 ἀγαθὸν
764 3432 1052 3502 πόρρωθεν
1097 3431 1507 3501 φαντασάμενοι
1537 3430 1673 3498 ἐμοῦ
1720 3431 1925 3500 μᾶλλον

341 3524 806 3594 ἐξηκριϐώσαντο.
867 3525 1058 3588 Οὕτως
1108 3526 1331 3596 ἀμαθὴς
1385 3523 1497 3592 ἐγὼ
1538 3525 1634 3578 τοῦ
1689 3525 1923 3588 δέοντος,

333 3609 437 3671 ’καὶ
497 3619 790 3687 προσήκων
841 3618 1256 3673 ὐποδιδάσκοντι
1325 3617 1643 3683 τάττεσθαι,
1701 3618 1798 3670 καὶ¹
1863 3617 1924 3670 τὸ

341 3709 638 3776 γινώσκειν
663 3710 748 3763 ἀεὶ
779 3711 912 3781 παρ’
941 3709 1123 3774 ἄλλοις
1154 3711 1296 3782 ἔχων
1336 3710 1612 3781 κείμενον.
1659 3708 1826 3762 ’Λλλὰ
1876 3708 1928 3761 τί

345 3801 484 3871 πρὸς
534 3802 717 3866 ἄλλοις
783 3803 1029 3871 γίνομαι,
1089 3803 1217 3865 τούς
1271 3801 1481 3864 δεινοὺς
1540 3799 1927 3859 κατασκόπους

347 3895 508 3963 ἀφείς
534 3911 548 3962 ;
579 3896 706 3958 τούς
755 3895 1039 3966 ὐποφήτας
1071 3895 1171 3965 τῆς
1208 3895 1458 3964 μηχανῆς
1486 3911 1501 3961 ;
1536 3895 1662 3956 τοὺς
1693 3891 1931 3960 ὑποδρη-

349 3987 558 4061 στῆρας
605 3987 712 4056 τῆς
759 3987 1095 4056 ἐπιϐουλῆςς
1152 3987 1281 4050 τοὺς
1310 3987 1412 4057 τῆς
1465 3985 1610 4054 ἐμῆς
1660 3983 1930 4052 φυταλιᾶς

351 4079 546 4148 βαρεῖς
597 4077 962 4144 ἐπιϐούλους;
1026 4079 1157 4141 τοὺς
1210 4079 1281 4130 τὰ
1348 4079 1447 4148 μέν
1510 4076 1647 4130 ἄλλα
1713 4075 1932 4138 κοινοὺς

352 4171 612 4240 ἑταίρους
651 4171 750 4225 καὶ
775 4171 851 4234 ὡς
880 4171 973 4222 ἐπὶ
1013 4167 1256 4240 σταθμοῦ
1284 4168 1384 4239 τὴν
1420 4167 1604 4237 φιλίαν
1636 4171 1694 4222 ἐν
1720 4167 1932 4234 ίσότητι

353 4263 800 4329 ταλαντεύοντας,
846 4261 1082 4316 ἐνταῦθα
1119 4261 1178 4314 δὲ
1227 4263 1365 4330 πρὸς
1399 4260 1572 4330 ῥοπὴν
1599 4259 1930 4330 ὲτερόξηλον

352 4360 454 4423 τὴν
513 4354 827 4422 πλάστιγγα
888 4355 1365 4423 μεταστήσαντας,
1427 4352 1526 4405 καὶ
1574 4351 1711 4420 πρὸς
1758 4351 1819 4404 τὸ
1856 4351 1932 4419 μὴ

2027 3337 2152 3408 ἐμοί
2185 3340 2239 3408 γ’
2273 3335 2368 3392 οῦν
2395 3338 2559 3404 λόγου
2595 3336 2806 3388 πεσεῖν.
2839 3332 2957 3386 Νῦν
2993 3332 3051 3386 δέ
3088 3347 3156 3402 με
3196 3330 3505 3401 περιελθὼν
3531 3331 3616 3394 ὡς

2025 3433 2194 3505 τάχος
2249 3430 2502 3501 πτερόεις
2549 3447 2632 3492 τις
2684 3425 2967 3494 λογισμὸς,
3024 3427 3122 3477 καὶ
3179 3422 3464 3476 κατειπὼν
3510 3422 3618 3494 τὴν

2030 3521 2346 3592 ἐπιϐουλὴν,
2424 3517 2741 3589 παρέστησέ
2817 3532 2877 3568 τε
2945 3517 3061 3578 τοῖς
3135 3513 3447 3578 ἐπιϐούλοις
3515 3517 3620 3567 καὶ

2028 3614 2254 3684 ἀπεῖρξε
2286 3613 2380 3665 τοῦ
2427 3611 2855 3681 ἐγχειρήματος,
2910 3608 3328 3678 ἐλεγχομένους,
3379 3607 3475 3660 καὶ
3513 3610 3620 3674 τῆς

2032 3705 2328 3775 ἐπιϐουλῆς
2360 3704 2621 3773 ἐξάρνους
2657 3702 2732 3769 μὴ
2777 3700 3124 3770 γινομένους.
3175 3698 3443 3752 Ἐνταῦθα
3477 3699 3534 3752 εῐ
3561 3719 3618 3753 τι

2031 3800 2127 3852 καὶ
2174 3794 2674 3866 περιαυτολογῆσαί
2711 3810 2778 3862 με
2828 3793 2956 3864 χρὴ,
2987 3791 3317 3862 τεθαύμακα
3349 3792 3614 3861 ἐμαυτὸν,

2033 3893 2115 3945 ὅτι
2143 3889 2551 3960 πραῦθυμήσας
2580 3887 2674 3939 καὶ
2701 3885 2776 3956 μὴ
2805 3884 3207 3954 θυμομαχήσας
3238 3885 3334 3937 καὶ
3360 3882 3620 3936 ἐκπεσὼν

2033 3981 2296 4052 ἐμαυτοῦ,
2331 3981 2480 4033 κακά
2508 3979 2766 4046 διεθέμην
2807 3980 2936 4039 τοὺς
2966 3975 3067 4046 τὴν
3100 3975 3240 4046 ἐμὴν
3271 3975 3379 4044 γῆν
3404 3975 3616 4045 ταύτην

2036 4074 2584 4144 περιεργασαμένους
2637 4071 2740 4124 οὐκ
2796 4067 3063 4123 εῦσκοπα.
3112 4069 3271 4123 Καλὰ
3319 4070 3454 4138 γοῦν
3521 4087 3621 4140 μοι

2035 4167 2209 4220 ταῦτα
2237 4167 2449 4218 οἴκοθεν
2473 4163 2945 4233 πολιορκουμένῳ,
2983 4163 3077 4216 καὶ
3101 4164 3197 4232 ἀφ’
3225 4165 3411 4226 ἑστίας
3436 4163 3622 4235 ἔχοντι

2035 4260 2105 4314 τὰ
2131 4261 2231 4329 τῆς
2262 4259 2577 4328 ἐπιϐουλῆς.
2611 4256 2677 4310 Τί
2707 4251 2800 4310 οῦν
2824 4256 2889 4311 ἂν
2914 4255 2994 4309 ἑτι
3028 4273 3119 4326 μοι
3145 4256 3300 4326 παρά
3321 4257 3432 4310 τῶν
3463 4257 3623 4310 ἁλλο-

2035 4353 2225 4407 δαπῶν
2261 4353 2530 4422 μήκιστον
2573 4351 2822 4419 γένηται,
2873 4351 2922 4403 εί
2967 4349 3094 4412 τούς
3143 4351 3312 4419 ἐμοὺς
3357 4352 3417 4404 ἐν
3473 4351 3623 4404 οὕτω

353 4447 520 4500 καλὸν
595 4447 824 4509 ἑαυτοὺς
891 4443 1371 4505 καθελκύσαντσςς
1425 4440 1454 4494 δ
1503 4439 1568 4510 δὴ
1643 4438 1937 4508 προδοσίας
2038 4443 2279 4514 καιρίοις
2329 4441 2657 4504 ἐπιϐούλους
2702 4442 3018 4512 ἐξεύρηκας
3065 4443 3131 4496 Τί
3169 4441 3214 4495 δ’
3244 4442 3311 4496 ἂν
3355 4443 3437 4504 εἰς
3481 4445 3625 4497 ἀπο-

357 4542 543 4609 νόμος,
581 4542 628 4593 εί
665 4537 760 4592 καὶ
807 4538 968 4600 ὄκνος
1017 4537 1215 4589 εἰπεῖν.
1277 4533 1343 4586 Τί
1387 4533 1452 4603 δὴ
1483 4533 1609 4594 τούς
1658 4529 1936 4592 τοιούτους
2042 4535 2223 4607 φυγὴν
2246 4535 2470 4604 ἐνέδρας
2495 4534 2658 4594 αὐτὸς
2686 4536 3120 4604 μηχανήσωμαι,
3144 4535 3272 4597 τοὺς
3297 4535 3627 4604 συμμάχους

361 4633 766 4704 παραδραμὼν,
797 4631 872 4694 ὡς
897 4629 1068 4699 ἔφθην
1103 4627 1296 4694 εἰπὼν,
1329 4628 1459 4694 περὶ
1486 4625 1622 4679 ἄλλα
1653 4624 1746 4677 τδν
1778 4623 1937 4690 λόγον
1967 4647 2017 4708 ι)
2043 4629 2379 4698 αὐτομόλους
2403 4627 2525 4681 καθ’
2553 4627 2712 4698 ἡμῶν
2737 4625 2976 4696 ἐξευρών
3003 4643 3018 4692 ;
3042 4626 3208 4680 Οὐδὲν
3229 4625 3357 4679 ἄλλο
3383 4625 3627 4690 πάντως,

363 4725 593 4791 πλανῶ;
648 4723 699 4777 οἳ
759 4721 959 4793 μικροῦ
1013 4715 1127 4774 οἷον
1177 4719 1244 4774 ἄν
1295 4737 1364 4788 με
1411 4717 1669 4771 διέθεντο.
1723 4715 1938 4784 Ἡμέρα
2045 4723 2184 4777 ἀλλά
2221 4740 2302 4776 σοι
2337 4720 2728 4790 ἀποπληρώσω
2771 4720 2833 4772 τδ
2869 4720 3106 4788 θέλημα,
3149 4719 3247 4772 καὶ
3290 4720 3351 4772 τδ
3405 4718 3630 4773 ἐπιδου-

359 4817 680 4884 ἐπὲλαμπεν
716 4816 839 4885 ήδη,
893 4813 988 4866 καὶ
1026 4814 1074 4866 οἱ
1128 4810 1475 4866 κατάσκοποί
1525 4825 1642 4873 σου,
1673 4805 1767 4860 τοῦ
1799 4805 1942 4860 κατὰ
2043 4817 2335 4884 λευάμενον
2367 4815 2509 4868 ἑκὼν
2553 4810 2735 4866 ἀέκων
2761 4829 2845 4865 σοι
2884 4811 3289 4882 διαπέμψομαι,
3325 4809 3484 4867 οὕτω
3516 4813 3628 4882 γὰρ

361 4908 522 4976 λόγον
551 4905 756 4976 ὑψηλὸν
791 4905 1087 4975 νοουμένου
1129 4919 1216 4972 μοι
1249 4901 1395 4954 θείου
1437 4901 1532 4954 καὶ
1561 4897 1746 4952 θεόθεν
1767 4899 1944 4966 δημα-

363 4997 573 5067 γωγοῦ,
633 4997 956 5058 ἐπιστάντες
1008 4995 1086 5065 τῷ
1138 4994 1314 5060 ἄλσει,
1377 4992 1840 5064 περιεργάζονται
1875 4989 1946 5042 τὰ

365 5092 491 5147 κατ’
522 5091 657 5144 αὐτό
685 5107 700 5123 ’
733 5093 763 5145 ό
786 5091 887 5160 μὲν
915 5089 1097 5152 πολιὸς
1130 5088 1254 5158 ήδη,
1283 5089 1378 5141 καὶ
1411 5087 1588 5157 χρόνῳ
1621 5083 1723 5156 τὴν
1751 5087 1948 5154 ἐμπει-

366 5187 494 5258 ρίαν
565 5185 784 5254 μακράν
841 5181 1239 5249 συλλεξάμενος
1269 5193 1284 5210 ’
1349 5180 1480 5249 ἡδὺς
1526 5179 1722 5242 εἰπεῖν,
1777 5177 1948 5246 ταχὺς

369 5276 722 5332 ἐπιτελέσαι·
797 5274 923 5340 ὀξὺς
989 5273 1268 5344 προϊδεῖν,
1341 5273 1533 5342 βριθὺς
1607 5270 1945 5323 ἐπιθέσθαιο

374 5370 606 5440 σφοδρὸς
637 5368 737 5437 τὴν
765 5367 970 5437 ῥύμην,
997 5365 1204 5435 πτηνὸς
1231 5366 1291 5417 τὸ
1319 5365 1484 5434 τάχος
1513 5380 1528 5395 ο
1565 5363 1723 5426 ἀετός
1755 5361 1951 5433 ὥσπερ

372 5461 584 5519 ἄνωθέν
608 5459 772 5512 ποθεν
801 5456 1150 5528 καταῤῥάξας
1178 5458 1332 5526 ἡμῖν.
1369 5457 1429 5510 '0
1450 5455 1509 5508 δέ
1541 5472 1605 5523 γε
1637 5454 1825 5518 λοιπὸς
1858 5456 1954 5508 καὶ

377 5553 632 5625 δεύτερος
695 5548 961 5612 άετιδεύς,
1020 5547 1116 5600 τοῦ
1187 5547 1634 5618 προφρασθέντος
1688 5546 1952 5612 ἔκγονος·

377 5641 532 5694 οὒπω
591 5640 693 5709 μὲν
742 5638 812 5691 τά
867 5637 1032 5690 πτίλα
1085 5635 1222 5707 πρὸς
1275 5636 1631 5705 όξυκινησίαν
1679 5636 1826 5689 κατά
1862 5637 1955 5688 τὸν

377 5733 536 5787 ἀετὸν
567 5731 952 5798 εὐθετισμένος
987 5730 1228 5799 πατέρα,
1272 5729 1526 5799 γαμψοὺς
1560 5730 1619 5784 δὲ
1650 5729 1800 5799 ὅμως
1829 5729 1960 5781 ὑπέ-

379 5837 492 5890 χων
520 5819 646 5881 τοὺς
680 5817 881 5887 ὄνυχας
919 5819 1013 5871 καὶ
1047 5818 1193 5880 οἴους
1225 5819 1574 5884 ἀφαρπάζειν
1619 5819 1681 5871 τὸ
1721 5835 1960 5888 προστυ-

391 5912 502 5978 κόν.
529 5910 762 5974 Τούτους
796 5927 889 5964 σου
921 5912 1047 5972 τοὺς
1090 5911 1473 5973 κατασκόπους
1505 5913 1567 5963 οὐ
1605 5911 1775 5981 πόρνη
1818 5911 1958 5965 κατᾶ

2044 4909 2172 4972 τούς
2215 4926 2277 4962 τε
2307 4906 2692 4968 κατασκόπους
2743 4903 3083 4973 ἀμυνοῦμαι,
3143 4904 3240 4956 καὶ
3285 4903 3394 4956 ἀπὸ
3447 4902 3629 4970 θυμοῦ

2049 4999 2239 5056 πεσεῖν
2275 5019 2359 5055 σοι
2391 4999 2622 5070 ποιήσω,
2646 4998 3007 5061 διαπεσόντος
3035 4999 3220 5061 αὐτοῖς
3253 4997 3346 5051 τοῦ
3383 4998 3592 5051 σκοποῦ
3611 5015 3629 5032 ο

2050 5097 2146 5150 καὶ
2177 5095 2288 5149 οὐδ’
2320 5092 2724 5164 ἀντιστήσομαί
2756 5108 2850 5144 σου
2883 5091 2961 5161 τῷ
2999 5091 3326 5160 βουλήματι,
3363 5092 3445 5144 ὅτι
3489 5091 3634 5160 μηδὲ

2051 5191 2226 5258 πάρος
2260 5189 2389 5240 ποτέ
2411 5187 2509 5255 τῆς
2541 5186 2640 5255 σῆς
2662 5183 3003 5239 ἀπεστάτουν
3027 5182 3226 5251 φρενός
3253 5181 3432 5253 (τοῦτο
3470 5182 3536 5247 δὴ
3571 5182 3636 5235 τὸ

2052 5280 2419 5350 Σοφόκλειον).
2452 5279 2642 5348 Ἔχεις
2667 5277 2760 5331 οῦν
2790 5279 2886 5330 καὶ
2915 5275 2980 5347 δὴ
3007 5276 3066 5329 τὸ
3089 5275 3222 5344 ἐμὸν
3254 5273 3414 5327 τοῦτο
3439 5271 3632 5333 καλὸν,

2053 5373 2114 5426 τὸ
2157 5373 2320 5441 μέγα,
2351 5371 2412 5424 τὸ
2445 5371 2682 5440 μονῆρες
2702 5387 2715 5400 ·
2759 5367 2789 5421 ό
2822 5368 2962 5438 τάχα
3000 5366 3159 5436 μόνον
3190 5365 3248 5420 ἓν
3274 5360 3424 5435 εἶχεν
3454 5365 3482 5417 ό
3508 5364 3638 5416 καθ’

2057 5466 2208 5536 ἡμᾶς
2239 5465 2364 5530 ἄρτι
2413 5462 2551 5532 βίος,
2597 5461 2673 5525 ὡς
2717 5459 2809 5514 τὸν
2847 5456 2940 5512 τοῦ
2974 5457 3237 5528 Περιόζου
3281 5455 3410 5510 ποτὲ
3460 5457 3640 5526 μέγαν

2057 5557 2152 5608 καὶ
2198 5553 2489 5607 κάλλιστον
2537 5553 2846 5623 μάργαρον.
2895 5549 3084 5620 Ἔχεις
3132 5548 3193 5601 τὸ
3230 5543 3323 5600 τοῦ
3383 5547 3506 5600 κατ’
3536 5547 3643 5614 ἐμὶ

2059 5645 2260 5704 ἄλσους
2288 5643 2593 5712 ἀγλάϊσμα,
2622 5642 2723 5712 τὴν
2741 5639 2837 5694 τοῦ
2865 5637 2998 5709 ἐμοῦ
3026 5637 3204 5708 κήπου
3230 5633 3642 5699 καλλιτεχνίαν,

2062 5737 2138 5798 είς
2172 5735 2200 5787 ὃ
2249 5735 2349 5802 τὴν
2395 5733 2579 5786 πᾶσαν
2615 5729 2996 5800 καλλιτεχνίαν
3036 5727 3070 5796 ἠ
3129 5725 3296 5793 φύσις
3341 5724 3645 5792 φιλοτίμως

2063 5823 2544 5894 ἐγκαταϐέϐληται
2568 5839 2582 5854 ο
2633 5816 2806 5890 οὗπερ
2838 5823 2906 5874 τὰ
2937 5819 3078 5873 καλὰ
3107 5818 3208 5886 τὴν
3246 5815 3384 5884 πρὸς
3414 5813 3485 5866 τὰ
3512 5813 3635 5880 ὁμο

2067 5917 2198 5971 νενῦ
2243 5917 2554 5976 ἐκπέφευγε
2603 5915 2904 5974 συμϐολήν.
2945 5911 3153 5967 Τούτου
3200 5903 3490 5976 στερηθεὶς
3531 5905 3647 5972 ἐγὼ
