4062 6436
449 427 588 494 1309

1245 405 1683 488 'EUSTATHII
1723 422 2484 486 THESSALONICENSIS
2509 424 2931 487 EPISTOLE.

3591 417 3726 483 1310

445 544 514 597 τὰ
546 542 646 611 μέν
675 539 810 597 ἄλλα
857 539 1142 610 δυσφόρως
1175 539 1334 608 ἔσχον
1360 554 1372 567 ·
1425 540 1508 592 ὅτι
1552 538 1608 592 δὲ
1642 538 1678 606 ἡ
1727 538 1915 607 μήτηρ
1948 536 2104 599 (τὺΛ
2131 536 2216 589 Τά
2277 537 2379 606 μὲν
2432 533 2532 589 οὖν
2583 537 2724 590 ἄλλα
2778 537 2888 589 τῶν
2942 535 3180 606 δένδρων
3238 553 3346 606 καρ
3400 534 3454 590 >ῦ
3495 535 3725 605 ἔναγχος

443 630 679 703 δένδρον)
706 630 806 684 οὒκ
836 629 993 697 όλίγο
1011 645 1026 673 ε
1046 629 1142 683 τοῦ
1175 629 1379 697 βάρους
1405 627 1841 698 ἀπεφορτίσατο,
1870 625 2032 680 τοῦτό

449 742 540 796 μοι
572 725 633 778 16
670 724 831 794 μόνον
859 720 1119 792 ἐλογίσθη
1145 724 1465 792 παρήγορον
1490 737 1505 753 ’
1541 721 1641 784 ὡς,
1667 722 1716 773 εί
1741 720 1816 789 μὴ
1843 719 2034 788 τάχιον

447 817 686 871 ἐκκοπέν
723 816 1050 886 ἀπεγένετο,
1093 815 1447 868 κατέσπακεν
1485 813 1552 867 ἄν
1583 829 1634 865 τι
1677 813 1778 879 τῆς
1825 811 2034 880 μητρὸς

446 909 528 979 τῷ
558 909 739 979 βάρει,
771 909 869 962 καὶ
896 909 978 973 είς
1018 908 1118 972 τὰς
1155 908 1283 974 ἐξῆς
1319 906 1484 973 γονὰς
1517 905 1889 974 ἀπηχρείωσε.
1925 903 2035 956 Kal

450 1001 560 1072 μὴν
608 1003 642 1071 ἡ
702 1003 910 1072 μήτηρ,
947 1001 997 1054 εί
1053 999 1148 1055 καὶ
1198 999 1288 1053 τὸν
1330 997 1528 1068 φόρτον
1580 997 1678 1050 οὐκ
1723 995 1861 1066 ἔχει,
1913 995 2034 1050 ἀλλ’

449 1093 597 1161 ὅμως
624 1092 785 1162 ἐῴκει
825 1093 1051 1163 θρηνεῖν
1086 1091 1254 1163 (είποι
1279 1090 1346 1144 ἂν
1384 1091 1414 1144 6
1445 1087 1784 1160 Θεόκριτος),
1820 1087 1913 1141 τδν
1939 1087 2036 1140 ἕνα

449 1184 541 1237 τὸν
586 1185 796 1252 γλυκὺν
823 1183 1014 1237 τοῦτον
1062 1183 1450 1252 ἀφαιρεθεῖσα.
1490 1182 1602 1234 Καὶ
1652 1179 1904 1250 μεγάλην
1934 1181 2036 1248 τὴν

448 1275 692 1348 ἐκκοπὴν
747 1278 844 1331 τοῦ
909 1275 1127 1347 καρποῦ
1206 1274 1633 1347 κραδαινόμενος
1687 1274 1715 1325 6
1771 1274 2038 1343 ἀκρέμων

446 1366 623 1432 οὗτος,
655 1367 820 1422 καλὸν
836 1367 1138 1437 κάρπιμον,
1165 1366 1522 1436 ἐξεκρέματο.
1557 1364 1817 1419 Σαλεύειν
1837 1365 2034 1430 ἐδόκει,

447 1459 542 1514 καὶ
572 1459 650 1522 ὡς
685 1460 747 1514 ἐν
787 1459 978 1514 πένθει
1009 1458 1422 1524 κατασείεσθαι,
1453 1459 1551 1512 καὶ
1581 1457 1650 1512 τὰ
1681 1457 1833 1512 κάτω
1853 1457 2037 1512 νεύειν

449 1551 680 1613 ἐκεῖνος.
724 1548 1060 1620 Ἐκουφίσθη
1087 1555 1214 1620 μὲν,
1254 1549 1544 1620 οἰχομένου
1573 1549 1670 1602 τοῦ
1701 1547 1941 1617 καρποῦ,
1971 1548 2034 1603 16

447 1641 544 1695 τοῦ
584 1641 788 1712 βάρους
814 1643 952 1696 πολὺ
981 1643 1353 1713 ἀποθέμενος·
1381 1642 1444 1696 τὸ
1469 1641 1516 1696 6'
1545 1636 1616 1714 ἦν
1636 1641 1696 1694 οὐ
1730 1640 2034 1711 κουφισμὸς

449 1731 692 1801 ἀληθῶς,
743 1732 878 1786 ἀλλά
935 1735 1084 1804 φυγή
1137 1749 1220 1796 τις
1272 1732 1370 1786 καὶ
1429 1731 1751 1802 ἀνοικισμδς
1806 1732 1905 1786 καὶ
1956 1733 2037 1796 είς

449 1820 584 1892 ὕψος
607 1825 1080 1889 ἀποκατάστασις,
1111 1826 1188 1896 μὴ
1213 1826 1310 1879 καὶ
1340 1824 1490 1896 αύτῷ
1511 1824 1581 1879 τά
1607 1826 1704 1896 τῆς
1743 1825 2036 1880 ἐπιϐούλου

448 1915 632 1985 χειρὸς
685 1915 860 1968 κακόν
914 1933 969 1969 τι
1027 1916 1320 1970 διάθωνται
1411 1917 1861 1988 προσαψάμενα·
1912 1919 2038 1972 ἐπεὶ

449 2005 636 2059 οὐκέτι
683 2006 851 2060 πιστά
892 2009 961 2063 τά
1009 2025 1074 2076 γε
1134 2011 1216 2072 εἰς
1279 2009 1472 2080 αὐτήν.
1523 2009 1634 2063 Kal
1690 2008 1803 2079 μὴν
1863 2008 2040 2074 άλλως

454 2102 683 2172 ⁴ἡμέρως
714 2097 860 2174 εῐχον
894 2105 990 2156 καὶ
1016 2106 1045 2158 6
1075 2107 1262 2176 φέρων
1284 2105 1552 2176 ἀκρέμων
1581 2104 1677 2159 καὶ
1705 2107 1735 2158 6
1767 2101 1982 2176 καρπὸς
2010 2104 2040 2158 6

451 2196 753 2264 φερόμενος
779 2212 793 2228 ο
845 2196 904 2259 6;
948 2199 1044 2250 καὶ
1078 2199 1230 2254 κάτω
1272 2196 1610 2269 προκύπτων
1662 2197 1858 2269 ήθελεν
1902 2199 2042 2250 ἐπα-

451 2287 679 2356 φᾶσθαι,
709 2288 806 2342 καὶ
853 2289 962 2342 τῶν
993 2291 1388 2361 ὑπερχομένων
1435 2289 1788 2363 δράττεσθαι.
1828 2291 1939 2344 Καὶ
1969 2285 2040 2356 ἦν

451 2380 585 2444 ἐθὰς
604 2380 911 2451 ἀνθρώπων
940 2384 1231 2452 κεφαλαῖς,
1263 2388 1358 2438 καὶ
1389 2384 1631 2457 χείλεσιν
1655 2382 1858 2453 ὡμίλει
1893 2382 2038 2454 (ᾔδει

449 2473 581 2542 γὰρ,
615 2473 701 2526 ὃτι
736 2475 830 2526 καὶ
856 2476 1130 2542 φιλεῖσθαί
1165 2478 1314 2530 ἐστιν
1344 2476 1518 2548 ἄξιος)
1540 2491 1555 2506 ⁶
1610 2479 1706 2532 καὶ
1734 2475 2038 2546 ὀφθαλμοῖς

451 2564 731 2631 ἐνέπιπτε,
757 2567 851 2620 καὶ
893 2569 1002 2639 γάρ
1037 2585 1122 2622 τοι
1154 2571 1248 2622 καὶ
1275 2569 1610 2635 ἀξιοθέατος.
1653 2569 1764 2622 Καὶ
1791 2568 1930 2630 ὅλως
1965 2562 2038 2639 ἦν

449 2656 839 2727 φιλάνθρωπον
866 2660 930 2713 16
975 2661 1164 2716 καλόν.
1194 2662 1323 2715 Ὅτε
1373 2664 1556 2731 μέντοι
1586 2660 1940 2728 κατεσπάσθη
1970 2659 2038 2715 τὰ

448 2749 546 2803 τοῦ
600 2750 840 2819 καρποῦ,
903 2753 1002 2806 καὶ
1048 2753 1077 2806 6
1125 2753 1320 2818 κλάδος
1386 2754 1642 2825 ἀφῃρέθη
1686 2753 1747 2807 τὸ
1798 2751 2036 2822 ποθητὸν

447 2842 699 2913 φόρημα,
745 2847 865 2896 τότε
898 2845 963 2915 δὴ
1003 2846 1283 2900 ἀναίνεται
1312 2846 1374 2899 16
1404 2845 1694 2917 χειρόηθες
1714 2862 1728 2877 ο
1780 2847 1876 2898 καὶ
1902 2845 2034 2916 δρα-

449 2936 619 3002 πέτης
689 2937 978 3008 οίχόμενος
1047 2939 1344 3010 ἀναχωρεῖ,
1411 2941 1510 2994 καὶ
1576 2940 1658 3001 είς
1714 2937 1786 2992 τά
1865 2937 2033 2992 αὐτοῦ

447 3028 722 3092 ἀναλύσας
778 3029 918 3100 ὑψοῦ
975 3031 1102 3084 ὅσον
1147 3033 1314 3102 τάχος
1367 3029 1610 3102 αἴρεται,
1654 3030 1730 3094 ὡς
1773 3030 1838 3084 ἐκ
1885 3048 2034 3094 τινος

450 3124 744 3190 μηχανῆς’
814 3122 1002 3176 οὐκέτι
1056 3122 1232 3192 φιλῶν
1280 3121 1632 3194 ἀνθρώπους,
1683 3122 1807 3176 οὐδὲ
1861 3139 2035 3177 κατα-

2137 629 2526 699 εύφορήσαντα
2587 629 2845 699 κέκμηκε
2903 628 3094 683 τέλεον
3152 631 3235 693 είς
3297 629 3438 694 ἔτος,
3496 625 3585 683 οἷα
3625 637 3727 693 τὴν

2145 719 2278 790 ὓλην
2311 721 2406 774 τοῦ
2438 722 2638 792 γεννᾷν
2666 720 3087 789 δαπανήσαντα,
3131 721 3228 774 καὶ
3258 722 3360 788 τὴν
3387 721 3602 788 γένεσιν
3631 720 3727 783 (ὡς

2136 812 2202 867 ἂν
2263 813 2393 886 είπῃ
2436 815 2544 881 τις)
2606 815 3182 882 κατασωτευσάμενα’
3246 818 3342 867 καὶ
3385 812 3564 866 οὐκέτ’
3612 813 3725 879 ἔχει

2135 907 2351 973 καρπὸν
2375 905 2568 960 οὐδένα
2609 908 2936 978 προφέρειν.
2969 909 3139 962 Μένει
3165 907 3221 960 δὲ
3243 906 3477 976 γονίμης
3508 904 3728 973 φύσεως

2137 998 2434 1068 ἀσυντελῆ,
2472 998 2695 1066 φύλλοις
2745 1000 3121 1069 εὐθηνούμενα
3173 999 3390 1065 μόνοις·
3441 999 3517 1059 ὼς
3565 997 3728 1065 ἔργον

2138 1083 2300 1156 εἶναι,
2351 1091 2646 1158 διαγνῶναι
2679 1092 2774 1145 τὸν
2805 1091 3035 1161 θεατὴν,
3093 1091 3203 1144 εἴτε
3253 1089 3471 1158 φύσεως
3515 1089 3725 1156 ἡμέρου

2137 1182 2201 1234 16
2247 1181 2440 1250 φυτὸν.
2491 1184 2604 1236 εἴτε
2655 1185 2752 1236 καὶ
2812 1184 3070 1249 καθάπαξ
3121 1184 3182 1237 οὐ
3235 1185 3462 1252 γόνιμον
3514 1180 3774 1288 ἡμέρουι

2139 1274 2378 1342 καρποῦ.
2410 1272 2484 1326 Τὸ
2519 1274 2576 1327 δέ
2609 1275 2744 1344 ἐμὸν
2771 1275 2935 1329 τοῦτο
2966 1277 3158 1344 φυτὸν,
3185 1277 3218 1344 ἡ
3250 1275 3390 1345 καλὴ
3414 1276 3506 1344 ἀμ·
3531 1273 3728 1341 γδαλὴ,
3765 1272 3770 1300 ⁸

2139 1363 2202 1417 16
2230 1364 2446 1432 νεαλές,
2487 1365 2548 1418 τὸ
2602 1367 2806 1436 πέρυσι
2865 1370 2961 1422 καὶ
3013 1367 3362 1439 πρωτοτόκον
3413 1368 3510 1421 καὶ
3566 1365 3730 1418 πολυο

2139 1457 2322 1522 τόκον,
2353 1457 2444 1511 ὅτε
2471 1458 2540 1512 τὰ
2565 1458 2707 1513 αὐτὰ
2738 1460 2836 1512 νῦν
2868 1460 2976 1513 ἔδει
3003 1462 3097 1512 καὶ
3131 1461 3368 1528 μάλιστα
3396 1460 3509 1521 τοῖς
3543 1458 3730 1521 ἄλλοις

2141 1549 2358 1617 παθεῖν,
2420 1553 2517 1606 καὶ
2578 1553 2719 1624 πρὸς
2789 1555 3008 1622 γένεσιν
3077 1554 3412 1622 ἀποκαμεῖν,
3487 1553 3550 1605 οὗ
3604 1551 3728 1604 κατ’

2140 1640 2328 1694 ἐκεῖνα
2369 1644 2557 1697 τέλεον
2583 1644 2911 1700 λανθάνεται
2954 1644 3056 1714 τῆς
3096 1645 3261 1715 γονῆς
3283 1659 3298 1673 °
3335 1644 3451 1697 ἀλλ’
3480 1645 3602 1696 ἀντὶ
3631 1643 3730 1711 τῆς

2143 1733 2313 1788 πάλαι
2350 1737 2790 1806 μυριοπληθείας
2832 1737 2962 1808 ἄρτι
2987 1737 3087 1806 τὴν
3119 1737 3328 1806 μονάδα
3379 1735 3728 1807 προῖσχεται,

2141 1829 2237 1881 κα)⁸
2263 1828 2470 1882 τοκάδα
2502 1829 2848 1901 πληροφορεῖ
2871 1833 3008 1893 τέως
3055 1829 3260 1900 ἑαυτὴν
3307 1823 3447 1883 εἶναι
3478 1830 3728 1899 γόνιμον.

2145 1922 2267 1973 Ἔτι
2313 1937 2379 1990 γε
2426 1922 2538 1992 μὴν
2581 1921 2866 1976 κάνταῦθα
2913 1923 3218 1992 φιλοσοφεῖ,
3267 1919 3503 1976 ἀνιοῦσά
3541 1937 3601 1974 τε
3650 1918 3730 1989 τῷ

2141 2011 2365 2083 καρπῷ,
2403 2013 2498 2067 καὶ
2544 2013 2698 2086 αὐτῷ
2737 2013 3287 2078 ὑποκαταϐαίνουσα,
3331 2013 3428 2067 καὶ
3461 2011 3590 2064 ποτὲ
3630 2012 3730 2078 μὲν

2141 2105 2348 2177 πλῆθος
2380 2107 2757 2178 προῖσχομένη
2797 2106 3130 2177 ἀνάριθμον,
3159 2105 3289 2158 ποτέ
3331 2105 3387 2159 δὲ
3419 2105 3480 2158 16
3509 2103 3569 2157 ἓν
3597 2107 3730 2159 αὐτὸ

2139 2199 2202 2253 16
2258 2198 2801 2268 στοιχειωδέστατον,
2832 2192 2894 2253 οὗ
2927 2199 3036 2252 πᾶν
3088 2197 3294 2267 πλῆθος
3347 2197 3599 2268 μετέχειν
3647 2214 3727 2266 πη

2138 2289 2506 2360 δεδιδάγμεθα
2531 2307 2546 2323 ·
2577 2294 2673 2346 καὶ
2704 2292 2962 2346 οὐδέποτε
2993 2290 3054 2344 16
3083 2289 3249 2362 ἔργον
3287 2287 3450 2342 τοῦτο
3483 2288 3728 2360 ἀριθμοῦ

2141 2382 2293 2436 ἐστιν
2361 2382 2798 2449 ἀνεπίγνωστον,
2844 2383 2876 2452 ἢ
2924 2381 3021 2435 τοῦ
3074 2381 3218 2436 κατὰ
3256 2380 3603 2450 παραύξησιν
3647 2379 3732 2443 είς

2139 2474 2333 2542 πολλὰ,
2372 2475 2407 2546 ἢ
2445 2473 2543 2529 τοῦ
2576 2477 2654 2539 είς
2685 2474 2744 2528 ἓν
2776 2475 2900 2531 κατ’
2950 2475 3232 2531 ἀνάλυσιν.
3279 2475 3353 2529 Σὺ
3407 2474 3466 2528 δέ
3502 2474 3612 2544 ἄρα
3663 2474 3728 2527 16

2141 2565 2234 2620 σὺν
2258 2567 2430 2638 φυτὸν
2458 2567 2714 2622 ἐπαινεῖν
2741 2565 2950 2632 ἔοικας,
2980 2568 3008 2622 ὃ
3034 2568 3163 2639 χθὲς
3191 2569 3275 2631 εἰς
3305 2566 3569 2632 ἐπίδειξιν
3599 2566 3730 2620 πολ-

2139 2655 2253 2720 λοῖς
2285 2656 2792 2728 φιλοτιμησάμενον
2825 2659 3103 2730 ἀριθμοῖς,
3127 2660 3373 2730 σήμερον
3397 2659 3492 2712 τοῦ
3525 2659 3731 2719 παντὸς

2138 2749 2443 2816 ἐξελάθετο.
2480 2751 2571 2815 Ὠς
2594 2751 2823 2821 εὐγενής
2846 2770 2930 2814 τις
2959 2751 3186 2822 ἀληθῶς
3206 2752 3565 2822 ἀναχώρησις
3587 2750 3730 2821 αὕτη

2137 2843 2386 2910 τοκετοῦ,
2426 2844 2517 2898 καὶ
2555 2845 2654 2916 (ὡς
2700 2846 2899 2914 εἰπεῖν)
2948 2845 3239 2900 ἀνάπαυλά
3277 2861 3363 2908 τις
3413 2845 3688 2914 γενέσεως
3714 2863 3728 2877 ·

2137 2939 2232 2994 καὶ⁵
2256 2939 2320 2994 οὐ
2351 2939 2493 2994 κατά
2515 2939 2614 3010 τὴν
2653 2939 2762 2993 τῶν
2789 2938 3023 2992 λεόντων
3075 2938 3453 3008 συμπέρασμα
3486 2936 3728 3005 φύσεως.

2135 3033 2264 3095 Τοῖς
2296 3031 2397 3102 μὲν
2421 3033 2530 3102 γάρ
2554 3032 2618 3084 ἐκ
2643 3030 2859 3084 πολλῶν
2882 3029 3238 3100 γεννημάτων
3261 3031 3342 3091 εἰς
3369 3029 3467 3083 ἕνα
3497 3030 3730 3100 τελευτᾷ

2141 3122 2385 3191 σκύμνον
2417 3121 2875 3176 ὑποκαταϐαίνων
2903 3123 2932 3174 6
2966 3120 3187 3184 τοκετός
3215 3137 3232 3153 ο
3265 3122 3361 3174 καὶ
3394 3119 3472 3189 τῷ
3501 3119 3731 3189 σκύμνῳ

443 3212 654 3284 ψᾶσθαι
713 3213 884 3268 θέλων
923 3215 1237 3286 ἀνθρώπων
1289 3216 1502 3287 χερσὶν,
1559 3215 1653 3285 ὑφ’
1705 3209 1782 3269 ὧν
1808 3215 1836 3268 ό
1865 3213 2032 3278 καλὸς
2060 3229 2104 3288 α
2136 3213 2314 3284 τούτῳ
2343 3212 2508 3276 εὐθὺς
2539 3213 2636 3266 καὶ
2665 3213 2698 3284 ἡ
2728 3213 2944 3282 γένεσις
2973 3211 3436 3282 ἐπεσφράγισται,
3472 3208 3732 3278 συγκλει-

443 3305 898 3360 ἐπιϐεὸούλευται
937 3306 1182 3371 τοκετός.
1217 3304 1376 3360 Ούτω
1419 3306 1512 3360 καὶ
1551 3304 1766 3378 πέρδιξ,
1809 3304 2031 3369 ἁλόντος

444 3402 541 3455 ⁹ιῖοῦ
599 3399 838 3465 νεοττοῦ,
868 3400 1034 3463 αὐτὸς
1085 3400 1500 3467 πτερυξάμενος
1526 3398 1720 3470 ᾤχετο.
1774 3399 1934 3458 Κατά
1962 3399 2032 3450 τὰ

443 3492 587 3546 αύτά
639 3491 697 3545 δέ
742 3507 845 3545 που
897 3490 994 3543 καὶ
1047 3490 1207 3556 λέων,
1253 3492 1395 3545 ἐπὰν
1443 3493 1472 3544 6
1521 3490 1825 3553 λεοντιδεὺς
1883 3488 2034 3554 αὑτῷ

444 3584 760 3654 ἀνθρώποις
790 3581 944 3634 λάθοι
969 3580 1154 3633 πεσὼν
1175 3580 1511 3651 ὑποχείριος,
1536 3580 1712 3649 ἀλκῆς
1732 3579 2033 3649 λαθόμενος

444 3676 838 3746 ἐδραπέτευσε.
874 3671 1050 3725 Βαὸαὶ
1075 3667 1186 3735 οἷος
1215 3673 1314 3742 μὲν
1336 3673 1536 3742 πέρυσι
1567 3673 1782 3743 χρόνοις
1811 3671 2035 3742 ἀπειρο-

450 3763 664 3834 πληθὴς
695 3763 929 3832 καρπῶν
960 3761 1064 3831 τὴν
1094 3761 1546 3834 προενεγκοῦσαν
1577 3762 1908 3829 κατέστεφε,
1941 3761 2033 3813 καὶ

452 3859 644 3928 ῶσπερ
680 3858 834 3920 ἐντὸς
859 3855 1139 3916 ὲπύκαζεν
1165 3870 1179 3884 ⁸
1213 3855 1289 3918 ὡς
1320 3855 1499 3907 δοκεῖν
1531 3855 1609 3925 μὴ
1636 3855 1854 3924 δένδρον
1892 3849 2032 3906 εἶναι

448 3952 511 4005 16
540 3950 679 4020 πρὸς
709 3949 838 4004 θέαν
868 3950 1210 4018 ἐκκείμενον,
1233 3947 1373 4002 ἀλλά
1404 3947 1593 4016 βουνὸν
1613 3948 1737 4002 ὅλον
1762 3947 1992 4018 καρπῶν
2016 3947 2030 4000 !

449 4036 575 4107 οἷος
615 4043 672 4096 δὲ
701 4041 827 4111 άρτι
857 4041 979 4096 ἀντὶ
1008 4040 1228 4095 πολλῶν
1276 4039 1506 4096 ἐκείνων
1544 4038 1630 4106 εἷς
1679 4039 1842 4095 αὐτὸν
1872 4058 2036 4096 κατε-

446 4135 752 4204 κόσμησεν,
780 4131 1084 4204 ἀξιόχρεως
1113 4132 1238 4186 ἀντὶ
1270 4133 1483 4203 μυρίων
1510 4133 1592 4196 είς
1643 4132 2034 4190 καλλιτεκνίαν

445 4228 515 4296 τῇ
547 4225 716 4296 μητρί
744 4225 757 4279 ί
785 4226 895 4279 Kal
929 4223 1123 4296 πρώην
1174 4223 1275 4294 μέν
1308 4224 1685 4279 πολυτοκοῦσα
1711 4224 1802 4278 τὸν
1832 4226 2036 4296 θεατήν

449 4316 708 4386 ἐμέριζεν
737 4317 820 4379 είς
859 4316 1061 4381 πολλὰ,
1099 4316 1518 4388 ἀμηχανοῦντα,
1549 4317 1697 4382 τίνος
1734 4317 1802 4373 ἂν
1826 4315 2036 4388 γένοιτο

445 4409 557 4460 τῶν
617 4407 828 4461 πολλῶν
854 4423 869 4438 ο
932 4406 1030 4462 νῦν
1081 4406 1142 4461 δέ
1198 4408 1591 4478 παραξέσαντα
1639 4409 1740 4481 τὴν
1791 4410 2035 4464 παλαιὰν

447 4497 657 4568 ταύτην
714 4497 1037 4568 παροιμίαν,
1101 4498 1320 4550 εἰπεῖν’
1358 4501 1466 4554 ,οὺ
1518 4499 1797 4566 πολλοὺς
1843 4501 2032 4568 ἔτεκε,

2137 3307 2368 3377 σθείσης
2400 3305 2505 3375 τῆς
2551 3307 2793 3374 φύσεως.
2824 3305 2917 3376 Τῷ
2944 3305 3002 3358 δὲ
3049 3304 3170 3374 ἐμῷ
3213 3303 3416 3372 δένδρῳ
3451 3303 3732 3356 ὑποκατα-

2136 3401 2376 3454 ϐαίνοντι
2411 3401 2472 3454 16
2505 3400 2565 3453 ἓν
2603 3398 2762 3452 τοῦτο
2804 3399 2865 3452 ού
2893 3398 3121 3467 τελευτὴ
3158 3398 3545 3467 γονιμότητος,
3592 3395 3731 3449 ἀλλὰ

2137 3493 2375 3564 μονότης
2402 3492 2498 3545 καὶ
2522 3492 2713 3554 στάσις
2742 3491 2836 3543 καὶ
2864 3490 2958 3561 (ὡς,
2983 3490 3194 3558 φθάσας
3219 3489 3378 3559 ἔφην)
3409 3487 3727 3550 ἀνάπαυλα,

2133 3586 2230 3638 καὶ
2268 3582 2573 3651 ἐπαγγελία
2597 3581 2830 3652 καρπῶν
2879 3579 3307 3650 φιλοτιμοτέρων
3339 3580 3399 3642 ἐς
3427 3577 3624 3632 νέωτα.
3651 3576 3728 3628 Ού

2135 3673 2244 3743 γὰρ
2280 3673 2624 3741 ἀπέκαμενή
2661 3670 2826 3740 φύσις
2853 3669 2950 3724 τοῦ
2981 3670 3231 3740 δένδρου,
3256 3667 3394 3722 ἀλλὰ
3423 3668 3516 3720 νῦν
3543 3669 3727 3738 ἀκμά-

2137 3765 2254 3829 ζειν
2285 3765 2617 3836 ἀπάρχεται,
2643 3763 2738 3818 καὶ
2766 3762 3087 3832 πολυγονεῖν
3126 3761 3350 3832 μελετᾷ,
3383 3762 3477 3814 καὶ
3516 3761 3723 3829 ἐγγυάσ-

2135 3859 2224 3913 ταί
2259 3875 2350 3929 μοι
2372 3859 2474 3929 τὴν
2510 3856 2840 3926 πολυγονίαν
2888 3856 3197 3910 εἰσέπειτα.
3231 3854 3340 3908 Καί
3389 3871 3482 3923 μοι
3514 3853 3604 3907 τὸν
3629 3853 3728 3907 ἕνα

2135 3951 2328 4006 τοῦτον
2360 3951 2455 4006 τὸν
2483 3949 2661 4021 μέγαν
2690 3949 2906 4020 καρπὸν
2934 3944 3286 4020 προενεγκὼν
3310 3946 3390 4008 είς
3416 3945 3730 4016 ἀρχέτυπον

2137 4046 2321 4110 δποῖα,
2377 4043 2782 4116 καρποδοτήσει
2833 4040 2971 4110 πρὸς
3025 4039 3087 4093 16
3134 4037 3312 4095 ἐπιόν.
3385 4036 3725 4107 ’Ᾱσχολεῖται

2138 4136 2271 4209 περὶ
2321 4135 2533 4191 κλάδων
2582 4134 2842 4206 βλάστην,
2897 4132 2995 4188 καὶ
3049 4130 3336 4200 στελέχους
3379 4128 3577 4200 αὔξην,
3634 4130 3728 4182 καὶ

2139 4230 2331 4300 φλοιοῦ
2361 4227 2672 4299 παχύτητα,
2703 4229 2800 4282 καὶ
2842 4227 3089 4299 πρέμνον
3142 4224 3481 4296 στερρότητα
3500 4239 3517 4256 ο
3550 4221 3628 4285 ὡς
3659 4221 3729 4276 ἂν

2137 4321 2234 4376 τοῦ
2267 4322 2515 4384 ἐπιόντος
2538 4320 2694 4382 ἔτους
2723 4318 2862 4391 (ἀλλ’
2886 4317 3102 4371 ἐπέστω
3136 4316 3408 4386 βάσκανος
3443 4313 3602 4384 ἀκοή)
3633 4313 3729 4367 τὸν

2140 4413 2309 4469 πολὺν
2338 4413 2555 4484 καρπὸν
2580 4412 2819 4479 στέγειν,
2846 4409 2944 4463 καὶ
2971 4410 3032 4462 τὸ
3060 4409 3272 4461 ἐκεῖθεν
3299 4405 3594 4476 ὑπανέχειν
3625 4405 3729 4475 βά-

2139 4521 2234 4575 ρος
2264 4503 2576 4576 δυνήσεται.
2613 4502 2708 4563 Et;
2741 4500 3052 4561 διαστάσεις
3094 4495 3407 4565 εὐρύνεται,
3446 4495 3526 4555 είς
3561 4494 3728 4566 εὐρυ-

447 4588 713 4643 τεκοῦσα
766 4587 835 4640 δὲ
865 4587 1062 4658 μέγαν
1111 4589 1304 4644 ἔτεκε.
1355 4590 1467 4643 Kal
1517 4591 1660 4662 τάχα
1720 4591 2038 4659 φιλοσοφεῖν
2069 4606 2114 4661 ι)
2143 4595 2352 4667 χωρίαν
2400 4595 2731 4659 ἐκτείνεται,
2760 4593 2842 4654 είς
2873 4591 3109 4661 τοπικὴν
3157 4588 3391 4657 εὐφυΐαν
3430 4588 3726 4644 διίσταται.

449 4680 629 4734 ἔοικεν
654 4682 682 4733 6
715 4680 846 4750 ἐμὸς
878 4675 1037 4744 οὗτος
1067 4681 1304 4750 καρπὸς,
1334 4680 1429 4736 νῦν
1462 4683 1564 4750 μὲν
1603 4684 1703 4736 ὅσα
1736 4685 1830 4737 καὶ
1855 4685 2034 4753 φύλλα

446 4772 624 4835 διδοὺς
673 4773 866 4828 ἐαυτὸν
908 4774 988 4836 είς
1037 4774 1250 4844 τρυφὴν
1281 4775 1349 4844 τῇ
1392 4775 1586 4844 μητρὶ,
1639 4773 1800 4840 αὖθις
1851 4776 1908 4830 δὲ
1955 4779 2037 4841 είς

447 4865 548 4920 ἕνα
609 4870 705 4918 καὶ
765 4867 928 4934 μόνον
986 4865 1459 4937 προϐεϐλημένος,
1509 4865 1588 4930 ὡς
1649 4867 1716 4921 ἂν
1765 4867 2036 4938 ἐντρέψας

449 4957 670 5027 ἐκείνην
701 4957 888 5028 πείσῃ,
914 4959 992 5028 μὴ
1018 4961 1109 5010 ἐπὶ
1139 4957 1439 5027 πολυγονία
1472 4957 1617 5027 μέγα
1646 4961 1890 5028 φρονεῖν,
1918 4960 2036 5013 ἀλλ’

446 5049 528 5112 είς
555 5049 655 5118 τὴν
695 5047 870 5118 ἀρχὴν
901 5049 1308 5119 ἐπεστράφθαι,
1353 5051 1450 5103 καὶ
1472 5049 1674 5120 ἐαυτήν
1702 5051 1925 5119 εἰδέναι,
1959 5051 2037 5117 ὡς

450 5140 512 5206 ἐξ
535 5139 653 5204 ἐνὸς
691 5140 790 5210 τήν
813 5140 990 5209 ἀρχὴν
1018 5142 1180 5210 μόνον
1203 5142 1299 5194 καὶ
1326 5143 1576 5194 τοιούτου
1609 5142 1690 5204 είς
1713 5141 2038 5212 τηλικοῦτον

449 5237 666 5306 δένδρον
689 5235 963 5307 προήχθη,
988 5235 1164 5290 καὶτὸ
1199 5238 1343 5306 μέγα
1373 5244 1466 5293 καὶ
1499 5238 1842 5309 πολυπληθὲς
1871 5257 2038 5293 κατε-

450 5329 727 5400 πλούτησε
771 5330 865 5399 τῆς
903 5329 1264 5394 πολυτεκνίας
1293 5332 1515 5403 σεμνόν.
1551 5333 1661 5387 Kal
1693 5333 1907 5404 μήποτε
1947 5319 2058 5387 διὰ⁸

452 5422 516 5477 16
545 5420 642 5475 νῦν
677 5439 780 5491 μου
809 5421 997 5475 ἄδικον
1023 5424 1118 5477 καὶ
1147 5422 1321 5488 οὕτως
1362 5423 1789 5496 ἀχρειῶδεξτοῦ
1820 5424 2037 5496 καρποῦ

453 5514 576 5568 οὐδὲ
603 5513 660 5578 ἐς
695 5513 907 5584 τροφήν
939 5514 1354 5584 ἀποχρήσεσθαι
1379 5517 1485 5587 χρὴ
1513 5519 1579 5587 τῇ
1611 5518 1805 5588 μονάδι
1837 5517 2034 5590 ταύτῃ,

454 5603 659 5659 οὐδὲτὸ
697 5602 860 5672 φύσει
885 5605 1070 5674 τίμιον
1113 5606 1252 5677 αὐτῇ
1295 5609 1762 5678 περιποιήσεσθαι
1810 5610 1906 5664 καὶ
1957 5611 2039 5674 είς

454 5695 630 5767 ἀρχὴν
681 5695 884 5766 ὁμοίως
923 5697 1193 5763 γενέσεως
1230 5700 1654 5769 ταμιεύσεσθαι,
1682 5703 1780 5757 καὶ
1809 5703 2040 5774 σπέρμα

458 5789 680 5855 εὐγενὲς
723 5787 857 5842 αὐτὸ
899 5787 1143 5844 ἐκθεῖναι
1192 5793 1273 5856 είς
1322 5795 1452 5865 γῆν,
1503 5794 1599 5864 ἀφ’
1629 5791 1691 5850 οὗ
1743 5797 2040 5868 γενήσεται

461 5883 670 5950 ὅμοιον,
704 5881 798 5934 καὶ
839 5879 1178 5956 πληθυνθείη
1205 5884 1264 5939 16
1309 5887 1476 5942 καλὸν
1506 5887 1744 5959 αὐξηθέν
1775 5889 1872 5944 ἐπὶ
1906 5889 2032 5961 γῆς.

2150 4685 2460 4740 Ἀνατέλλει
2486 4701 2579 4754 μοι
2619 4685 2904 4752 κάμακας,
2945 4674 3023 4735 ὧν
3071 4682 3100 4734 6
3139 4679 3352 4750 καρπὸς
3395 4681 3598 4740 ἐκεῖνος
3648 4680 3729 4741 είς

2140 4777 2202 4833 16
2237 4776 2430 4846 μέλλον
2456 4775 2691 4847 δαψιλὴς
2717 4773 3228 4846 ἀπαιωρηθήσεται.
3280 4771 3601 4840 Προνοεῖται
3632 4769 3731 4823 τοῦ

2138 4871 2332 4926 ἔπειτα
2357 4871 2700 4942 στερεμνίου,
2722 4870 2798 4932 ῶς
2823 4867 2890 4922 ἂν
2915 4867 2992 4938 μὴ
3015 4865 3076 4918 16
3100 4863 3235 4919 πολὺ
3269 4863 3460 4934 βρῖθος
3493 4863 3593 4933 τῆς
3626 4879 3730 4916 πο-

2137 4960 2393 5024 λυτοκία;
2420 4962 2554 5017 αὐτὸ
2583 4959 2991 5029 κατακάμψειε.
3017 4957 3232 5019 Τόπους
3261 4955 3521 5026 παράγει,
3559 4953 3609 5007 οἳ
3632 4953 3730 5022 τὴν

2138 5053 2490 5122 εὐδαιμονίαν
2543 5052 2876 5122 χωρήσουσι.
2935 5048 3186 5120 Σημαίας
3243 5046 3392 5115 ὑψοῖ,
3424 5043 3510 5111 ἐφ’
3552 5035 3627 5096 ὧν
3666 5042 3729 5096 16

2141 5147 2343 5214 ἐσυτῆς
2399 5143 2778 5214 ἀναστηλώσει
2824 5140 3014 5201 καλὸν,
3068 5141 3166 5193 καὶ
3220 5134 3584 5206 θριαμϐεύσει
3630 5133 3726 5187 τοῦ

2136 5234 2362 5292 τοκετοῦ
2407 5236 2712 5307 θεατρικῶς
2759 5234 2819 5288 16
2859 5232 3252 5301 καλλὶστευμα.
3287 5230 3397 5283 Καὶ
3431 5225 3579 5281 οὕτω
3627 5228 3729 5296 μὲν

2137 5333 2219 5395 είς
2251 5329 2385 5401 ὕψος
2418 5328 2724 5400 μηκύνεται
2750 5343 2767 5360 ο
2801 5330 2869 5400 τῇ
2902 5327 2959 5382 δέ
2990 5327 3070 5390 είς
3103 5326 3304 5387 πλάτος
3333 5320 3617 5377 διαστάσει
3647 5323 3723 5384 είς

2139 5425 2340 5496 ὄροφον
2383 5422 2807 5485 ἐκπετάννυται,
2857 5421 2954 5474 καὶ
3003 5419 3163 5473 σκιάν
3205 5417 3422 5472 ἔνδοθεν
3454 5414 3728 5467 ὐποθαλα-

2143 5518 2321 5587 μεύει,
2350 5514 2524 5587 καλὴν
2550 5514 2630 5584 τῷ
2661 5513 2977 5584 βουλομένῳ
2998 5511 3402 5580 ὑποκαθῆσθαι,
3433 5509 3524 5561 καὶ
3554 5506 3727 5577 ήλίοις

2140 5611 2616 5677 ἀνεπιϐούλευτον.
2648 5609 2758 5662 Kal
2782 5605 2956 5660 ταῦτα
2991 5603 3088 5658 νῦν
3115 5605 3179 5658 16
3221 5603 3355 5673 ἐμὸν
3383 5599 3731 5670 τεχνασάμε-

2141 5721 2231 5758 νον
2260 5703 2476 5775 δένδρον
2504 5703 2586 5766 είς
2611 5700 2729 5764 ἔτος
2763 5697 2893 5754 ἄλλο
2915 5697 3012 5751 καὶ
3041 5693 3120 5765 τῷ
3151 5693 3351 5764 καρπῷ
3383 5683 3564 5758 πολλῷ
3589 5690 3725 5744 καλ-

2145 5795 2406 5862 λυνεῖται,
2439 5794 2536 5850 καὶ
2560 5793 2636 5858 ὡς
2678 5794 2712 5864 ή
2761 5789 2966 5862 Ξέρξου
3020 5785 3296 5849 πλάτανος
3343 5783 3614 5854 πρότερον
3647 5784 3729 5846 είς

2144 5887 2327 5960 εὐφυῆ
2354 5887 2644 5960 νυμφικῶς
2692 5885 2896 5957 ἑαυτὴν
2924 5876 3236 5949 ἀναδρομὴν
3263 5877 3600 5946 σκευάσασα,
3629 5878 3724 5930 καὶ
