4062 6440
313 428 450 495 1311

1738 421 1997 486 ADDEN
2013 423 2102 483 DA

3444 421 3591 490 13ἱί

311 546 390 604 είς
421 543 642 609 εὐγενὲς
675 543 952 607 εὐσταλῶς
994 544 1226 614 μέγεθος
1273 543 1616 614 διαστήσασα
1638 558 1652 574 ο
1685 535 1806 594 εἶτα
1833 539 1890 592 δέ
1920 535 1969 598 Α
1993 537 2105 590 τῶν
2137 535 2432 607 χαρτιδίων
2465 537 2732 606 φήσομεν,
2781 536 2830 590 εί
2882 537 3011 610 περὶ
3046 535 3220 592 ταῦτα
3273 537 3368 590 καὶ
3399 537 3479 606 τῷ
3502 541 3595 590 τι·

314 632 409 684 καὶ
433 634 623 704 κόσμῳ
656 629 770 686 οῖον
799 634 1015 705 χρυσέῳ
1038 634 1116 703 τῷ
1144 633 1389 704 λαμπρῷ
1413 631 1510 686 τοῦ
1539 631 1752 702 καρποῦ
1781 649 1900 684 στο-

313 724 772 793 λισθήσεταιοώς
828 726 922 781 νῦν
957 744 1020 795 γε
1075 728 1176 781 οῦκ
1234 728 1457 796 ἐξαρκεῖ
1506 727 1568 779 τὸ
1619 725 1900 792 νεοτήσιον

312 815 473 866 τοῦτο
508 815 603 866 τοῦ
649 815 868 885 δένδρου
900 815 1099 880 κάλλος
1147 817 1468 887 μερίζεσθαι
1516 815 1654 886 πρὸς
1704 816 1896 884 πολλὰ,

319 905 430 958 οὐδ’
457 907 749 976 αὐτάρκως
777 908 888 978 έχει
920 908 1133 975 φύσεως
1161 911 1297 977 πρός
1325 926 1386 961 τε
1416 907 1730 972 διαστάσεις
1756 908 1902 974 ἀξιο-

318 998 512 1063 λόγους
545 999 1034 1068 καταμερίζεσθαι,
1067 1001 1161 1054 καὶ
1190 1000 1266 1071 τῷ
1292 1000 1490 1071 καρπῷ
1522 999 1701 1069 πολλῷ
1736 1017 1904 1052 κατα-

320 1087 624 1155 ϐρίθεσθαι.
663 1090 772 1142 Καὶ
806 1091 840 1160 ή
881 1092 1027 1143 αίτία
1061 1091 1212 1160 παρά
1263 1092 1354 1142 τὸν
1411 1093 1626 1159 χρόνον.
1667 1089 1742 1142 Οὐ
1791 1091 1902 1158 γὰρ

319 1177 474 1245 ήλίου
526 1180 752 1243 πολλαῖς
800 1183 1314 1237 ἀποκαταστάσεσιν
1347 1184 1380 1252 ὴ
1438 1175 1632 1236 τούτου
1687 1184 1904 1250 γένεσις

325 1271 811 1342 συμμεμέτρηται,
843 1275 979 1328 ἀλλά
1004 1274 1259 1343 πέμπτον
1284 1277 1318 1344 ἢ
1350 1276 1510 1329 ἐκτον
1540 1275 1659 1338 ἔτος
1687 1274 1749 1327 τὸ
1783 1274 1904 1327 τού-

323 1379 420 1416 του
453 1363 612 1426 θάλος
649 1367 860 1435 μετρεῖ.
897 1367 1084 1436 Ἔχεις
1131 1363 1245 1434 οὖν,
1278 1369 1582 1438 τιμιωτάτη
1613 1367 1760 1439 ψυχὴ
1808 1369 1898 1422 καὶ

325 1453 420 1507 τοῦ
470 1456 673 1520 παντὸς
715 1458 842 1523 ἀξία
893 1475 981 1534 μοι
1035 1458 1271 1528 κεφαλὴ,
1304 1459 1366 1512 τὸ
1415 1458 1474 1512 ἐν
1517 1461 1611 1513 καὶ
1644 1461 1752 1512 πᾶν
1805 1460 1905 1529 τῆς

327 1548 468 1615 ἐμῆς
502 1549 768 1618 κηπαίας,
804 1549 896 1601 τὸν
942 1552 1221 1621 ἐγγυητήν
1275 1569 1364 1621 μοι
1396 1552 1497 1620 τῆς
1531 1551 1810 1621 εὐφορίας,
1846 1552 1904 1605 τὸ

326 1639 494 1691 καλόν
551 1657 645 1709 μοι
688 1641 748 1692 ἐν
791 1641 966 1694 ἐλπίδι
1021 1642 1397 1713 πληροφορίας
1443 1643 1772 1712 ἀρχέτυπον,
1812 1645 1906 1696 τὸν

326 1731 429 1799 τῆς
457 1732 707 1796 είσαῦθις
749 1736 1134 1804 καρποφορίας
1169 1753 1260 1802 μοι
1300 1735 1630 1805 πρόδρομον.
1663 1735 1906 1802 Φύλαξον

326 1823 421 1876 οῦν
445 1824 608 1878 αὐτὸν
644 1826 928 1890 ἀπόθετον,
963 1829 1059 1881 καὶ
1096 1827 1171 1891 ὡς
1205 1826 1380 1900 ἀρχὴν
1416 1828 1671 1901 περίεπε,
1703 1829 1800 1882 καὶ
1829 1830 1904 1892 ῶς

329 1915 614 1985 κειμήλιον
641 1916 852 1988 σύνεχε,
886 1883 982 1970 κά).
1004 1920 1081 1980 ὡς
1112 1883 1391 1991 ἐγγυητήν
1414 1883 1732 1989 περιστελλε
1757 1937 1772 1952 ·
1801 1883 1902 1990 ήδη
1937 1883 1978 1936 Β

328 2005 384 2057 δέ
411 2005 507 2058 καὶ
544 2005 616 2069 ὼς
654 2006 877 2077 ἔλεγχον
923 2007 1262 2079 σύγκρυπτε.
1292 2011 1400 2063 Καί
1444 2030 1536 2081 μοι
1573 2013 1710 2082 πρὸς
1742 2013 1904 2066 αὑτὸν

329 2101 386 2152 ἐν
418 2099 597 2171 καιρῷ
650 2102 950 2172 συγκρίνας
992 2105 1048 2155 τὸ
1087 2103 1347 2170 ἐσόμενον
1395 2103 1490 2159 τοῦ
1521 2104 1759 2176 καρποῦ,
1811 2105 1907 2158 καὶ

332 2190 542 2259 μαθὼν,
573 2192 622 2244 εί
659 2192 956 2263 ψεύσομαι,
991 2195 1293 2263 ἀπέλεγξόν
1335 2214 1396 2249 τε
1430 2198 1524 2250 καὶ
1554 2199 1902 2270 ἐπιτίμησον.

332 2280 396 2332 Et
426 2281 483 2334 δέ
515 2283 608 2335 καὶ
642 2284 967 2352 μεταλαϐεῖν
1007 2286 1172 2343 αὐτοῦ
1218 2291 1428 2360 βούλοιο
1464 2289 1602 2362 (οῖδα
1631 2292 1762 2363 γὰρ,
1793 2289 1907 2346 οἷον

331 2375 426 2427 τοῦ
451 2376 668 2445 καρποῦ
691 2377 752 2431 τὸ
781 2379 1114 2450 ἐπαγωγὸν),
1143 2387 1278 2454 μήτε
1309 2385 1470 2454 μόνος
1496 2387 1556 2437 τὸ
1579 2386 1744 2440 καλὸν
1773 2390 1909 2441 ἀπο-

330 2468 509 2521 λαϐὼν
537 2469 648 2539 ἔχε,
701 2471 834 2538 μήτε
867 2473 1068 2544 ἄθρουν
1107 2479 1167 2530 τὸ
1201 2477 1344 2546 μέγα
1388 2479 1545 2533 τοῦτο
1594 2482 1906 2552 προσφέρου

329 2563 483 2636 (τί[ς]
514 2566 622 2635 γὰρ
656 2567 723 2620 ἂν
753 2567 924 2632 οὕτως
971 2568 1135 2623 αὐτοῦ
1183 2557 1699 2645 κατακαυχήσηται,
1732 2578 1780 2629 εί
1831 2579 1904 2647 μὴ

329 2659 461 2710 αὐτὸ
511 2660 669 2712 τοῦτο
703 2659 983 2729 βουθοίνας
1033 2663 1121 2732 εἴη
1179 2663 1476 2734 ἐκεῖνος;)·
1526 2668 1805 2738 κατάτεμε
1851 2671 1908 2724 δέ

331 2753 674 2820 κερματίσας
710 2758 788 2819 είς
821 2757 1012 2824 πλείω,
1059 2762 1156 2814 καὶ
1185 2765 1297 2826 τοῖς
1326 2765 1386 2818 τὸ
1421 2766 1587 2820 καλὸν
1617 2768 1782 2822 εἰδόσι
1813 2770 1907 2823 καὶ

331 2845 549 2914 φιλοῦσι
595 2847 892 2918 διάνειμαι.
951 2853 1283 2926 Ἀποχρήσει
1337 2859 1448 2927 γὰρ
1486 2854 1606 2912 οἶδα
1639 2861 1906 2925 τοιούτοις

327 2938 544 3002 πολλοῖς
566 2956 584 2973 ο
613 2940 662 2992 εί
693 2942 784 2994 καὶ
819 2943 893 3013 μὴ
924 2945 1141 3010 πάντως
1173 2951 1308 3016 πρὸς
1341 2950 1551 3020 τροφὴν
1596 2953 1904 3023 πλησμίαν,

331 3030 469 3083 ἀλλά
493 3048 555 3098 γε
585 3034 799 3104 τρυφήν
825 3049 839 3064 ο
873 3037 921 3087 εἰ
953 3034 1028 3105 μὴ
1063 3037 1198 3104 πρὸς
1243 3038 1423 3108 κόρον,
1462 3039 1598 3093 ἀλλὰ
1644 3043 1779 3111 πρὸς
1810 3042 1908 3111 χά-

337 3140 422 3190 ριν
447 3139 461 3154 ο
490 3123 538 3176 εί
576 3123 650 3194 μὴ
686 3124 823 3193 πρὸς
857 3126 1202 3193 πανδαισίαν,
1233 3128 1365 3181 ἀλλά
1393 3129 1531 3198 πρὸς
1558 3130 1776 3199 ἥδιστον
1805 3133 1908 3203 ἀρ·-

2002 629 2261 697 μιωτάτῳ
2289 627 2529 698 δεσπότῃ
2575 644 2678 697 μου
2707 629 2786 699 τῷ
2816 629 2968 696 δεῖνι,
3004 631 3100 683 καὶ
3131 629 3209 699 τῷ
3242 629 3395 698 καλῷ
3429 630 3592 684 δεῖνι.

2002 721 2110 773 Καὶ
2139 720 2270 783 ῖσως
2304 721 2404 772 οὐκ
2435 720 2816 774 ἐπαινέσονταί
2856 739 2938 783 σε,
2973 715 3049 776 ὧν
3086 725 3257 785 ποιεῖς
3282 738 3297 752 ο
3325 724 3375 775 εί
3419 723 3478 775 δὲ
3504 724 3597 776 εὐ-

1999 810 2295 881 λογήσουσί
2345 827 2428 876 σε,
2475 811 2687 881 σχάσας
2730 812 2831 880 τὴν
2867 813 3133 883 γραφίδα,
3167 814 3295 882 μένε
3347 813 3591 882 ἄφωνος.

2728 904 2775 957 Μ
2783 910 2856 960 Δ’.

2256 995 2340 1062 Τῷ
2369 997 2526 1052 νέων
2555 996 2806 1066 Πατρῶν
2832 999 3020 1067 κυρίῳ
3040 999 3338 1066 Εὑθυμίῳ.

2078 1091 2462 1164 Πανιερώτατε
2495 1092 2619 1160 ἆγιέ
2653 1109 2755 1161 μου
2803 1091 3038 1145 δέσποτα
3058 1107 3071 1122 ’
3106 1092 3228 1145 οὐδὲ
3262 1093 3330 1145 τά
3358 1091 3494 1146 ἄλλα
3523 1088 3590 1145 εὖ

2004 1183 2286 1252 πράττων,
2311 1181 2615 1250 δυσπραγῶ
2643 1181 2944 1248 κάνταῦθα,
2968 1183 3049 1236 δτι
3079 1183 3258 1252 λύπην
3278 1181 3398 1236 κατ’
3417 1184 3595 1252 ἐμαυ-

2002 1271 2098 1325 τοῦ
2141 1272 2362 1342 τρέφειν
2413 1273 2512 1342 τὴν
2553 1272 2652 1344 σὴν
2700 1273 3014 1343 ἁγιωσύνην
3059 1274 3589 1346 πεπληροφόρημαι.

2005 1364 2116 1417 Καὶ
2147 1364 2342 1434 ήθελον
2375 1366 2474 1435 μὲν
2505 1366 2580 1436 μὴ
2631 1365 2832 1435 λέγειν,
2867 1368 2949 1420 ὅτι
2991 1367 3053 1420 οὐ
3087 1367 3272 1430 καλῶς
3299 1383 3315 1398 ο
3343 1367 3443 1420 οὐκ
3479 1367 3592 1435 ἐχω

2003 1456 2061 1510 δέ
2109 1457 2184 1528 μὴ
2219 1459 2417 1512 εἰπεῖν.
2469 1459 2579 1512 Καὶ
2628 1460 2747 1522 πῶς
2791 1460 2901 1530 γάρ
2948 1459 3015 1512 ἂν
3067 1459 3283 1524 καλῶς;
3323 1459 3439 1527 εῖγε
3493 1459 3592 1511 τὸν

2005 1550 2246 1602 ἀναίτιον
2286 1551 2344 1603 ἐν
2377 1551 2527 1621 αίτίᾳ
2555 1551 2798 1604 τίθεσθαι
2827 1553 3054 1622 κρίνεις,
3087 1551 3183 1603 καὶ
3224 1551 3591 1619 ἀποστέργεις

2007 1642 2099 1696 τὸν
2129 1642 2364 1694 πνέοντά
2398 1659 2479 1706 σε,
2511 1643 2606 1696 καὶ
2638 1644 3013 1710 ἀπραγμόνως
3042 1643 3466 1708 ἀποδοκιμάζεις
3494 1643 3592 1693 τὸν

2008 1736 2072 1788 ἐκ
2099 1735 2313 1804 μακροῦ
2359 1736 2604 1803 δόκιμον.
2639 1737 2702 1788 El
2736 1735 2800 1798 δ’,
2829 1735 2910 1788 ὃτι
2939 1734 3012 1806 μὴ
3057 1734 3362 1787 ἐπιστέλλω
3392 1735 3590 1801 συχνὰ,

2006 1826 2168 1880 τοῦτό
2201 1844 2261 1879 σε
2292 1828 2581 1897 δοκιμάζει
2612 1829 2734 1881 καθ’
2771 1829 2949 1899 ήμῶν,
2980 1827 3125 1898 εἶχον
3162 1831 3262 1899 μέν
3297 1829 3392 1881 καὶ
3425 1827 3591 1888 αὐτὸς

2010 1919 2418 1985 ἀντεπαγαγεῖν
2443 1935 2496 1970 τι
2526 1919 2766 1972 τοιοῦτον
2791 1937 2805 1951 ο
2839 1922 2911 1990 μή
2947 1938 3038 1990 μοι
3070 1921 3126 1973 δέ
3156 1921 3386 1988 γένοιτο.
3429 1919 3504 1970 Τό
3527 1934 3590 1970 τε

2007 2011 2118 2080 γὰρ
2143 2013 2202 2065 ἐν
2223 2015 2342 2076 τοῖς
2369 2013 2634 2076 τοιούτοις
2662 2013 2960 2082 ἀμυντικὸν
2993 2015 3054 2066 οὐ
3085 2013 3223 2080 πρὸς
3261 2013 3469 2081 ἀγαθοῦ
3496 2013 3592 2066 ἀν·-

2007 2103 2157 2173 δρδς,
2203 2106 2299 2158 καὶ
2329 2105 2451 2159 οὐδὲ
2479 2105 2777 2176 τεκμήριον
2820 2105 3091 2176 σταθηρὸν
3137 2107 3198 2158 τὸ
3231 2105 3458 2174 γράμμα
3501 2120 3594 2171 φι-

2006 2198 2152 2261 λίας.
2197 2198 2360 2250 Ἀλλά
2400 2199 2565 2253 καλὸν
2597 2200 2718 2268 μὲν,
2753 2201 2800 2250 εί
2839 2199 3112 2264 πέμποιτο
3137 2215 3150 2229 ·
3187 2196 3595 2276 μὴιστελλόμε-

2009 2306 2099 2342 νον
2123 2289 2180 2341 δέ
2207 2289 2297 2344 διά
2326 2308 2379 2344 τι
2402 2291 2788 2361 παρεμπίπτον
2817 2291 3081 2362 ἀνάγκης,
3107 2290 3260 2342 οὐδὲν
3285 2289 3384 2359 τήν
3407 2289 3592 2358 φιλίαν

2010 2382 2303 2450 ἐλύπησεν,
2365 2383 2485 2436 ούδέ
2541 2384 2994 2452 παρενεπόδισεν.
3042 2383 3157 2436 Οὐκ
3205 2380 3594 2450 ἀντεπάγομεν

2009 2473 2104 2528 οῦν
2137 2474 2226 2529 διὰ
2257 2473 2429 2529 ταῦτα
2459 2475 2520 2526 τὸ
2571 2476 2688 2528 ἴσον
2719 2477 2817 2544 τῆς
2855 2473 3594 2540 αίτιάσεως.Ἀπολογοῦμαι

2009 2573 2088 2636 δέ,
2125 2570 2483 2641 ὑποφητεύων
2528 2573 2590 2639 τῇ
2634 2570 2902 2641 ἀληθείαο
2939 2569 3034 2622 καὶ
3087 2569 3326 2622 πέποιθα
3350 2609 3365 2632 ,
3421 2569 3494 2638 μὴ
3525 2569 3596 2620 ἂν

2011 2665 2215 2720 ἁλῶναι
2265 2664 2519 2734 ψεύδους,
2548 2663 2633 2730 ἐφ’
2689 2657 2769 2724 οἷς
2804 2661 2936 2732 ἐρῶ.
2971 2663 3086 2714 Ούκ
3142 2660 3464 2724 ἐπιστέλλω,
3503 2660 3598 2713 δέ-

2013 2775 2210 2823 σποτα,
2261 2757 2348 2809 διὰ
2397 2757 2526 2818 τοὺς
2573 2755 2792 2824 φαύλως
2832 2754 3216 2816 διακονοῦντας
3260 2757 3375 2816 τοῖς
3413 2755 3599 2823 γράμ-

2013 2868 2168 2921 μασι,
2204 2849 2418 2902 καὶτὸν
2461 2849 2639 2902 κοινὸν
2678 2847 2999 2909 ἀδικοῦντας
3036 2847 3247 2918 Ἑρμῆν
3273 2864 3287 2877 ο
3323 2847 3372 2899 οἳ
3423 2848 3597 2916 χειρί-

2012 2943 2206 2997 σασθαι
2245 2942 2344 3012 μὲν
2372 2939 2674 2994 ἐπιστολῶν
2725 2940 2874 2992 ἀετοὶ
2902 2939 3207 3002 ὠκυπετεῖς
3245 2939 3594 3006 ἐφίπτανται,

2009 3035 2237 3106 κομίσαι
2266 3035 2321 3087 δὲ
2365 3033 2444 3104 τῷ
2493 3033 2632 3103 φίλῳ
2659 3033 2753 3085 καὶ
2777 3031 2915 3100 ὑπὲρ
2944 3031 3070 3092 τοὺς
3109 3031 3265 3093 ὅνους
3295 3028 3598 3097 νωθρεύον-

2009 3127 2435 3196 ται.Κερδαλέοι
2491 3126 2662 3192 τινές,
2709 3121 2888 3195 οἶμαι,
2933 3120 3078 3178 οῦτοι
3135 3126 3432 3195 ἄνθρωποι,
3489 3125 3598 3192 πρὸ

331 3233 500 3282 τυμα.
543 3215 655 3268 Καὶ
699 3217 851 3269 ἔσται
884 3218 1000 3279 τοῖς
1047 3218 1146 3284 μὲν
1191 3218 1500 3286 φιλοκάλοις
1530 3220 1606 3281 ώς
1649 3221 1868 3290 ἥδυσμα
1893 3237 1907 3252 ο
1937 3216 1982 3275 C
2015 3221 2182 3290 ἔργου
2214 3219 2509 3289 τιθέμενοι,
2557 3219 2830 3288 χαρτάρια
2874 3219 3234 3286 ἐπισωρεύειν
3272 3218 3464 3287 συχνὰ,
3501 3219 3597 3270 καὶ

326 3309 445 3371 ’τοῖς
488 3308 546 3361 δέ
582 3308 880 3377 ὀψοφάγοις
924 3312 1000 3374 ὡς
1041 3311 1193 3380 ὄψον,
1227 3311 1350 3382 ἔχον
1387 3329 1439 3366 τι
1477 3313 1721 3383 χάριτος.
1768 3313 1910 3376 Τούς

329 3415 394 3464 γε
451 3399 560 3470 μὴν
615 3401 1005 3470 χαριεστέρους
1064 3403 1297 3472 λυπήσει
1354 3402 1708 3473 κατατμηθέν
1767 3404 1912 3457 οὕτω

329 3489 490 3543 τοῦτο
535 3493 596 3544 τὸ
645 3493 827 3559 τίμιον
871 3495 1169 3565 κάρπιμον.
1215 3495 1565 3566 Θεωρήσουσι
1616 3497 1726 3566 γάρ
1754 3494 1913 3549 τοῦτο

331 3585 476 3636 κατά
501 3601 566 3653 γε
594 3583 721 3648 τοὺς
753 3585 865 3640 ἄνω
901 3587 1091 3653 λόγους
1114 3588 1208 3641 καὶ
1237 3587 1312 3651 ὡς
1339 3589 1537 3658 ἀρχὴν,
1568 3589 1664 3642 καὶ
1694 3588 1769 3651 ὡς
1798 3606 1914 3642 κει-

335 3679 549 3749 μήλιον,
575 3680 668 3733 καὶ
697 3680 771 3743 ώς
816 3668 1094 3750 ἐγγυητήν
1119 3695 1135 3711 ο
1168 3673 1244 3734 ὧν
1272 3681 1488 3743 οὐδενός
1529 3684 1698 3750 ἐσμεν
1726 3680 1913 3735 ἀνεπί-

333 3789 556 3841 στροφοι
609 3771 907 3842 ἄνθρωποι.
950 3772 1024 3825 Ἥ
1069 3789 1130 3826 τε
1183 3772 1294 3841 γάρ
1351 3773 1493 3843 ἀρχὴ
1555 3775 1612 3826 ἐν
1661 3775 1914 3843 τιμητοῖς

336 3864 672 3930 σπουδαίοις,
708 3867 802 3919 καὶ
829 3866 890 3918 τὸ
922 3867 1207 3935 κειμήλιον
1241 3867 1544 3937 συνέχεται,
1575 3869 1669 3920 καὶ
1700 3871 1726 3920 0
1759 3868 1915 3934 ἐξεγ-

333 3954 616 4022 γυώμενος
662 3957 1005 4026 περιέπεται.
1052 3959 1412 4028 Μεμνήσεται
1444 3959 1502 4012 δὲ
1531 3963 1558 4012 ὁ
1600 3958 1695 4011 τοῦ
1744 3958 1911 4012 καλοῦ

333 4047 525 4101 τούτου
553 4047 745 4116 φαγὼν
773 4049 870 4117 τῆς
902 4048 1184 4120 ήδύτητος,
1212 4051 1288 4114 ὡς
1315 4052 1365 4106 εί
1397 4052 1494 4105 καὶ
1525 4053 1700 4106 λωτοῦ
1729 4053 1915 4123 ἐνεφοο

339 4137 504 4209 ρήθη,
533 4137 646 4192 εἴτε
681 4139 790 4211 μὴν
821 4140 1129 4210 ἀμϐροσίας
1159 4145 1255 4196 καὶ
1290 4143 1553 4213 νέκταρος

1061 4233 1195 4287 Ml".

901 4320 984 4387 Τῷ
1020 4323 1351 4393 δισυπάτῳ.

412 4412 574 4466 Ἄλλο
601 4413 661 4468 ού
713 4415 988 4486 γράφεις;
1021 4417 1222 4471 Οὐκέτι
1252 4419 1473 4486 λαλεῖς;
1516 4421 1686 4476 Τοῦτο
1717 4424 1915 4478 κατάν-

333 4521 486 4574 τημα
521 4508 628 4559 τῶν
659 4509 870 4579 συχνῶν
899 4512 1124 4566 ἐκείνων
1163 4512 1363 4580 λόγων,
1389 4513 1450 4566 τὸ
1479 4513 1602 4584 μηδ’
1651 4515 1790 4578 ὅλως
1819 4517 1915 4570 λα-

334 4597 480 4663 λεῖν;
553 4597 749 4668 Ἐχρῆν
777 4601 868 4654 ἀσί
899 4599 1113 4674 [γητον]
1165 4603 1409 4668 λιάζειν,
1467 4605 1562 4658 καὶ
1621 4604 1710 4658 ἀεὶ
1758 4604 1916 4658 τοῦτο

335 4687 529 4749 ποιεῖν,
580 4687 725 4757 ἤπερ
776 4689 1048 4759 ἀλάμενον
1096 4693 1290 4762 τοσάδε
1330 4692 1538 4762 (θετέον
1584 4691 1648 4758 δ’,
1683 4693 1765 4748 ὅτι
1819 4693 1916 4746 καὶ

338 4775 569 4846 μακρὰ),
604 4773 724 4832 εἷτα
758 4782 1193 4851 συμποδισθῆναι
1225 4761 1700 4855 κκαὶάκινητίζειν
1730 4785 1812 4847 είς
1855 4784 1918 4837 τὸ

335 4867 463 4921 πᾶν.
499 4869 608 4922 Καὶ
636 4870 730 4923 τοῦ
761 4873 996 4944 σωλῆνος
1035 4875 1201 4929 καλὸν
1231 4877 1290 4930 τὸ
1323 4875 1617 4947 σύστομον,
1653 4877 1729 4941 ώς
1759 4876 1825 4930 ἂν
1855 4877 1918 4928 τὸ

335 4961 596 5030 ἐπιρρέον
647 4961 791 5033 ὕδωρ
828 4965 1159 5035 πνιγόμενον
1201 4969 1301 5039 ῥέῃ
1347 4971 1701 5038 παράμονονο
1737 4968 1831 5020 ἐὰν
1861 4967 1917 5020 δὲ

333 5050 510 5105 πλατὺ
538 5054 698 5126 χαίνῃ
729 5054 1148 5130 [ἀνεῳγμέ]νον,
1173 5057 1235 5113 τὸ
1250 5061 1359 5114 πᾶν
1385 5059 1637 5131 ἐξήμεσε,
1665 5061 1760 5113 καὶ
1783 5060 1911 5112 οὐκ·

335 5142 412 5196 ἐτ’
438 5147 643 5208 ἐκεῖνος
685 5147 1009 5220 εὔχρηστος.
1037 5151 1399 5222 Συρφετώδης
1450 5153 1570 5222 μὲν,
1596 5152 1697 5205 οὐκ
1720 5152 1918 5222 ἄχαρις

333 5234 392 5286 δέ
438 5235 613 5302 λόγος,
648 5237 708 5298 ὃς
741 5239 888 5306 φιλεῖ
914 5239 1080 5294 καλὸν
1114 5241 1174 5294 τὸ
1201 5242 1387 5310 ὀλίγον
1429 5245 1525 5298 καὶ
1567 5243 1818 5296 πάντοτε.
1853 5241 1918 5296 Et

332 5317 392 5370 δὲ
440 5319 501 5371 τὸ
553 5321 864 5378 Δωδωναῖόν
923 5341 1016 5394 μοι
1073 5329 1400 5398 περιφέρεις
1444 5328 1728 5398 χαλκεῖον,
1781 5328 1918 5381 ἀλλὰ

333 5410 576 5480 φλύαρος
605 5415 810 5475 ἐκεῖνος
837 5416 866 5466 ὁ
895 5413 1052 5485 ἦχος,
1091 5421 1185 5471 καὶ
1211 5421 1363 5472 οὐδέν
1397 5437 1448 5473 τι
1488 5422 1757 5490 προσήκει
1797 5423 1920 5482 ταῖς

335 5503 688 5575 φιλουμέναις
711 5507 1042 5572 ἐπιστολαῖς.
1079 5512 1140 5563 El
1169 5510 1226 5563 δέ
1263 5512 1338 5581 μὴ
1368 5511 1620 5582 θαμίζειν
1647 5515 1704 5574 ἐς
1735 5511 1916 5579 φίλου,

335 5597 474 5665 μηδέ
508 5599 679 5670 συχνὰ
722 5599 881 5653 τοῦτο
911 5604 1108 5668 ποιεῖν,
1134 5607 1161 5656 0
1187 5604 1244 5668 ἐξ
1290 5606 1498 5676 ἀγορᾶς
1528 5605 1687 5674 λόγος
1727 5604 1877 5657 λαλεῖ
1901 5617 1917 5635 ⁶

337 5689 456 5742 ἀλλ’
493 5689 617 5743 οὔτε
650 5693 782 5764 περὶ
807 5694 1026 5753 τῶν-ὼς
1058 5695 1275 5766 άληθῶς
1305 5697 1476 5765 φίλων
1509 5699 1541 5766 ή
1577 5697 1793 5766 γνώμη,
1825 5698 1920 5751 καὶ

335 5783 460 5835 ούδέ
494 5786 691 5839 ταυτὸν
722 5787 851 5840 ποσὶ
877 5786 1131 5859 θαμίζειν
1163 5789 1260 5844 καὶ
1291 5790 1606 5860 γράμμασι.
1635 5789 1787 5859 Τάχα
1811 5788 1919 5842 τοί-

342 5893 436 5929 νυν
471 5877 809 5948 ἀπέοτερξας
855 5882 1001 5950 ἡμᾶς
1027 5897 1044 5915 ο
1080 5882 1140 5934 οὐ
1176 5883 1283 5949 γὰρ
1329 5879 1499 5950 δήπου
1546 5880 1825 5948 φείδεσθαί
1855 5897 1916 5932 σε

2019 3315 2099 3376 είς
2156 3312 2528 3383 ὀψαρτυτικὴν
2599 3312 2870 3381 ἐμπορίαν
2939 3309 3334 3380 φορτίζεσθαι·
3383 3309 3598 3378 τρυφῆς

2017 3405 2280 3475 ἐπιϐολὴν
2327 3404 2673 3474 εὐπόριστον,
2723 3401 2965 3473 ἐμπολὴν
3006 3403 3243 3472 τρυφαῖς
3287 3400 3595 3470 ἀγώγιμον,

2019 3497 2093 3561 ῶς
2129 3498 2195 3552 ἂν
2233 3499 2407 3567 ἐχοιεν
2441 3499 2551 3559 τοῖς
2579 3495 2731 3566 ὄψοις
2770 3496 3060 3565 ἡδύσματα
3104 3493 3596 3551 καταλλάττεσθαι.

2024 3589 2096 3642 Ἦ
2144 3589 2196 3642 τί
2247 3590 2342 3642 καὶ
2376 3587 2690 3657 βουλόμενοι
2737 3587 2927 3654 ἕτερον
2973 3586 3240 3656 φορυτοὺς
3295 3587 3600 3640 ἐπιστολῶν

2020 3683 2305 3752 ἀγείρουσι
2339 3680 2462 3749 μὲν,
2509 3681 2770 3751 ἐπέχουσι
2800 3679 2892 3746 δέ;
2934 3679 3002 3733 Ὃ
3036 3679 3092 3732 δέ
3123 3679 3220 3732 τοῦ
3272 3679 3600 3748 πράγματος

2020 3771 2448 3843 φορτικώτατον,
2496 3772 2673 3824 ἐκεῖνό
2729 3773 2901 3835 ἐστιν,
2942 3769 3029 3823 ὅτι
3079 3769 3268 3822 πολλοὶ
3320 3768 3429 3821 τῶν
3479 3771 3601 3832 ταῖς

2020 3866 2261 3936 γραφαῖς
2317 3865 2738 3934 ὑπουργούντων
2781 3863 2877 3916 καὶ
2927 3864 2986 3916 ἐν
3027 3862 3310 3928 ἀξιώσεως
3354 3862 3601 3916 τίθενται

2023 3957 2180 4026 μέρει
2193 3956 2254 4008 τὸ
2272 3957 2528 4025 πρᾶγμα,
2550 3957 2646 4010 καὶ
2661 3951 2972 4018 λιτάζονται
2989 3953 3598 4023 χειρίσεσθαιγράμμα,

2021 4048 2117 4100 καὶ
2172 4045 2451 4116 ἐξαίρουσι
2495 4043 2571 4114 τῷ
2625 4044 2770 4114 λόγῳ
2805 4045 2897 4098 τὸν
2936 4044 3240 4113 άπόδημον,
3297 4044 3392 4097 καὶ
3446 4044 3604 4112 φίλον

2022 4139 2234 4208 ἐταῖρον
2269 4137 2669 4206 ἐπιγράφονται
2699 4152 2715 4168 ’
2748 4137 2844 4190 καὶ
2871 4131 2907 4206 ἦ
2947 4137 3054 4207 μὴν
3084 4135 3220 4206 παρ’
3260 4136 3425 4189 αὐτὸν
3460 4137 3604 4191 κατά

2024 4229 2263 4299 σπουδὴν
2302 4227 2474 4282 ἐλθεῖν
2507 4228 2871 4298 βεϐαιοῦνται,
2902 4229 2978 4290 ὡς
3010 4230 3073 4280 ἐκ
3107 4228 3379 4296 πελάγους
3412 4233 3494 4289 είς
3520 4229 3605 4280 λι-

2027 4321 2184 4390 μένα,
2213 4319 2309 4373 καὶ
2339 4318 2398 4385 ἐξ
2431 4317 2740 4386 ὁδοιπορίας
2769 4319 2990 4386 μακρᾶς
3013 4318 3093 4379 είς
3117 4317 3462 4372 ἀνάπαυλαν.
3493 4320 3606 4372 Καὶ

2022 4413 2188 4482 ἡμεῖς
2221 4409 2523 4480 τηνικαῦτα
2552 4410 2690 4478 πρὸς
2721 4409 2905 4472 αὐτοῖς
2949 4409 3147 4479 ἔχομεν
3191 4409 3288 4463 τὸν
3319 4409 3467 4474 νοῦν,
3507 4414 3608 4464 καὶ

2021 4499 2286 4569 δοκοῦμεν
2316 4498 2533 4568 ἐρμαίῳ
2559 4500 2818 4568 ἐντυχεῖν,
2854 4498 2948 4552 καὶ
2978 4499 3340 4568 ἐπιτρέχομεν
3370 4499 3450 4568 τῷ
3477 4517 3607 4568 φαι-

2021 4592 2254 4661 νομένῳ.
2291 4591 2373 4642 Ta
2396 4591 2453 4644 δέ
2496 4588 2638 4663 ἦσαν
2672 4590 2848 4658 οὐδὲν,
2897 4589 3013 4644 ἀλλ’
3046 4590 3077 4661 ἢ
3113 4590 3273 4661 χάρις
3321 4590 3603 4660 γλώσσης,

2021 4683 2115 4736 καὶ
2149 4685 2231 4744 είς
2272 4681 2411 4751 ἀέρα
2464 4681 2657 4752 ψόφος,
2695 4684 2789 4735 καὶ
2822 4681 3036 4751 κόμπος
3085 4683 3259 4745 κενός.
3305 4683 3413 4735 Καὶ
3447 4683 3608 4734 αὐτοὶ

2024 4774 2124 4844 μὲν
2146 4775 2430 4844 γράφομεν
2458 4775 2528 4826 τὰ
2549 4773 2832 4836 δοκοῦντα,
2859 4773 2953 4825 καὶ
2985 4773 3085 4826 ὅσα
3113 4773 3254 4827 εἰσὶν
3279 4776 3336 4826 ἐν
3363 4775 3606 4846 ἀνάγκῃ,

2022 4866 2424 4938 τεθαρρηκότες
2490 4868 2558 4936 τῇ
2614 4865 3025 4936 ἐπιπολαζούσῃ
3078 4866 3158 4935 τῷ
3215 4867 3609 4938 ἀγγελιαφὸρῳ

2022 4959 2357 5030 χρηστότητι
2381 4973 2397 4988 ο
2425 4960 2452 5010 0
2479 4957 2534 5010 δέ
2564 4957 2633 5009 τά
2661 4956 2833 5010 πολλὰ
2865 4957 3048 5010 ἐκεῖνα
3077 4957 3274 5026 λόγους
3303 4958 3494 5019 κενοὺς
3528 4957 3608 5011 εἷ-

2019 5067 2110 5104 ναι
2173 5049 2517 5120 πραγμάτων
2576 5049 2759 5116 ἀφεὶς,
2809 5047 3245 5119 ἀτελεσφόρητον
3291 5047 3446 5102 ἔθετο
3502 5049 3609 5120 τὴν

2020 5141 2211 5195 ἐλπίδα
2240 5141 2320 5212 τῷ
2349 5141 2643 5195 στείλαντι.
2689 5141 2748 5194 Ὀ
2785 5140 2885 5210 μὲν
2917 5142 3028 5211 γὰρ
3057 5143 3113 5194 ἐν
3141 5141 3316 5193 ἐλπίδι
3347 5141 3506 5211 φέρει
3535 5143 3611 5196 τὰ

2020 5232 2123 5302 τῆς
2160 5235 2403 5303 γραφῆς,
2451 5233 2552 5301 τὴν
2585 5231 2849 5301 φιλτάτην
2879 5231 3004 5302 ὄψιν
3048 5231 3237 5285 αὐτόθι
3280 5231 3608 5301 καραδοκῶν

2020 5319 2132 5376 οἷον
2170 5323 2595 5394 ἐνοπτρίσασθαι
2620 5340 2635 5355 ο
2679 5323 2740 5377 τὸ
2769 5322 2816 5376 δ’
2857 5322 3034 5386 ἄλλως
3081 5325 3296 5376 πίπτει.
3335 5324 3443 5374 Καὶ
3476 5321 3608 5375 οὔτε

2021 5418 2082 5470 τὸ
2135 5415 2470 5487 ποθούμενον
2509 5416 2749 5485 γίνεται,
2804 5416 2899 5470 καὶ
2938 5417 2972 5488 ἡ
3028 5416 3184 5486 φιλία
3230 5415 3606 5470 διαϐάλλεται.

2021 5510 2141 5564 Τίνι
2171 5509 2306 5578 γοῦν
2327 5509 2455 5572 τοὺς
2497 5509 2776 5573 τοιούτους
2808 5510 3182 5580 τιμησάμενός
3211 5525 3295 5573 τις
3342 5507 3505 5579 κρίνῃ
3537 5509 3611 5562 ἂν

2023 5602 2320 5668 εὐθύτατα,
2349 5602 2384 5673 ἢ
2418 5602 2558 5672 τάχα
2588 5601 2655 5655 ἂν
2685 5602 2902 5674 θανάτῳ
2932 5617 2948 5671 ;
2983 5602 3094 5655 Καὶ
3140 5603 3249 5672 μὴν
3280 5603 3380 5671 οὐχ
3417 5603 3610 5664 ἱκανὸς

2023 5695 2182 5766 ἀνδρὶ
2210 5696 2440 5766 τοιούτῳ
2489 5697 2717 5758 θάνατος
2757 5691 2861 5761 εἷς,
2891 5695 3037 5748 οὕτω
3067 5695 3196 5758 τοὺς
3225 5695 3411 5763 φίλους
3453 5695 3595 5763 διχά·
3637 5753 3642 5755 _

2025 5785 2194 5851 ζοντι.
2240 5786 2548 5841 Ἐπίϐουλοι
2579 5787 2762 5857 φιλίας
2793 5788 2844 5840 οί
2882 5786 3136 5851 τοιοῦτοι,
3168 5786 3426 5856 ἀληθείας
3459 5786 3607 5855 ἱεροί

2026 5879 2196 5944 συλοι,
2222 5879 2503 5946 κακόξενοι
2528 5893 2544 5912 ο
2569 5877 2816 5934 ἀδικοῦσι
2840 5877 2930 5934 τὸν
2963 5878 3286 5943 Ἑταιρεῖον,
3311 5875 3608 5942 ψεύδονται
