4062 6402
374 5624 377 5625 ν
488 5557 678 5621 πυίαις
736 5556 1128 5627 ἀνερείψασθαι
1193 5556 1341 5626 δοίης
1403 5558 1574 5627 ἡμᾶς.

471 360 609 426 1313

1282 360 1704 422 ΕΠδΤΑΤΗΙΙ
1741 359 2496 422 THESSALONICENSIS
2515 358 2923 426 EPISTUL—‘E.

3600 363 3736 430 1316

460 478 556 531 τὶν
591 474 825 545 Ἑρμῆν,
853 474 914 526 τὸ
946 474 1042 544 τῆς
1068 473 1330 543 ἀγγελίας
1362 473 1745 546 κιϐδηλεύουσι
1770 477 2033 547 καθαρόν.
2064 479 2115 538 Α
2141 478 2347 541 κακῶς.
2391 477 2506 531 Ούκ
2536 477 2644 549 ἔχω
2687 478 2863 546 φιλεῖν
2911 478 3034 532 ούδέ
3057 479 3146 532 τὸν
3204 479 3642 552 Βελλεροφῶντα,
3672 481 3736 547 6;

465 566 633 619 Οὐδὲν
665 567 801 630 ὅλως
856 568 995 620 εἰσιν
1029 566 1221 636 ύγιές⁶
1254 567 1303 620 οἳ
1353 567 1447 621 καὶ
1501 569 1634 640 ἡμῖν
1681 569 1753 622 τά
1800 571 2050 640 παρόντα.

464 661 770 730 ἐπήγειραν
818 659 1144 731 πράγματα,
1194 659 1364 713 πολλά
1400 659 1500 728 μὲν
1550 660 1811 724 λαϐόντες
1863 661 2047 732 γράμ-

472 770 620 822 ματα
656 753 791 822 πρὸς
830 753 929 823 τὴν
958 752 1057 824 σὴν
1084 752 1351 823 ἀγιότητα
1380 751 1514 822 παρ’
1542 753 1724 823 ἡμῶν,
1755 753 2050 817 ἀποδόντες

464 843 521 897 δὲ
552 842 671 897 οὐδὲ
697 842 777 906 ἓν,
803 845 896 896 καὶ
926 842 1015 896 διὰ
1039 841 1198 896 τοῦτο
1224 842 1434 915 ναρκᾷν
1457 843 1549 897 ἐπὶ
1576 846 1684 907 τοῖς
1713 841 1914 914 ἐφεξῆς
1948 860 2052 898 πε-

467 936 760 1005 ποιηκότες
798 935 968 1005 ἡμᾶς,
1001 935 1079 998 ὡς
1111 935 1179 987 τὰ
1206 938 1307 1006 τῆς
1354 938 1800 1008 προσφωνήσεως
1832 937 1966 1007 ἡμῖν
1994 937 2051 989 ὲν

462 1023 650 1094 ψιλαῖς
690 1024 786 1077 καὶ
814 1025 1005 1093 μόναις
1032 1024 1246 1079 κεῖσθαι
1285 1028 1791 1098 προσαγορεύσεσιν
1814 1044 1830 1058 °
1855 1027 1911 1083 εί
1944 1028 2048 1082 πού

466 1133 550 1178 τις
585 1114 821 1168 ἐνταῦθα
852 1115 981 1183 γοῦν
1015 1115 1199 1169 δίδωσι
1229 1116 1295 1168 τά
1320 1120 1509 1182 πιστὰ,
1548 1119 1621 1183 ὡς
1655 1117 1831 1188 ἔγωγε
1871 1116 2048 1191 οἶμαι,

465 1204 576 1259 οὐδ’
626 1208 692 1259 ἂν
737 1204 895 1260 τοῦτό
935 1223 1025 1277 μοι
1058 1212 1361 1278 συμπεσεῖν
1396 1208 1662 1280 εὐτυχῶς.
1717 1212 1906 1265 Ἐοικε
1938 1214 2048 1282 γὰρ

463 1296 589 1349 ούδέ
626 1296 1001 1368 προσκύνησίς
1030 1298 1195 1351 ποθεν
1219 1298 1339 1352 οὐδὲ
1359 1298 1518 1366 λόγος
1538 1299 1787 1353 ὁστισοῦν
1817 1299 2050 1365 ἐξικνεῖ-

472 1388 596 1441 σθαί
633 1406 714 1442 σοι
749 1390 844 1457 ἀφ’
876 1390 1031 1460 ἡμῶν
1056 1407 1071 1423 ο
1106 1391 1165 1443 ού
1210 1391 1319 1460 γὰρ
1346 1391 1414 1445 ἂν
1443 1389 1618 1455 οὕτως
1653 1392 1801 1462 ἡμᾶς
1827 1392 2050 1463 διέγρα-

470 1498 570 1548 φες
616 1482 718 1551 τῆς
754 1482 950 1553 ψυχῆς.
984 1483 1281 1554 Μάρτυρες
1332 1483 1391 1537 δέ
1444 1501 1538 1555 μοι
1596 1485 1787 1538 τούτου
1820 1516 1891 1529 -
1921 1487 2049 1551 τοὺς

473 1578 575 1649 μὲν
602 1579 794 1643 ἄλλους
823 1579 875 1632 τί
924 1578 1023 1632 καὶ
1070 1580 1251 1649 λέγειν
1281 1579 1493 1652 ἐχρῆν;
1539 1582 1568 1635 6
1609 1580 1667 1635 δέ
1718 1581 2051 1651 τιμιώτατος

474 1672 663 1741 κύριος
699 1671 977 1739 Ἰωάννης,
1008 1672 1036 1724 6
1082 1672 1423 1745 δευτερεύων
1458 1672 1675 1737 πάντως
1705 1674 1800 1727 καὶ
1829 1674 2048 1744 ἀπαράο

470 1781 714 1835 γραπτος
740 1782 754 1797 ο
788 1764 846 1830 6;
874 1765 1164 1835 διαφόρους
1194 1767 1333 1838 ἐμὰς
1366 1765 1587 1836 γραφάς
1628 1764 2046 1835 ἀναδεξάμενος,

2152 568 2315 638 ἀέρια
2347 565 2706 641 [χαλκω]θεὶς
2734 567 2928 635 ἔπαιζε
2962 572 3106 624 κατά
3134 573 3419 641 Πίνδαρον.
3463 570 3589 643 Εἶχε
3624 575 3734 644 γὰρ

2151 658 2314 713 αὐτὸν
2346 660 2572 730 ὕστερον
2598 659 2659 713 τδ
2691 659 2926 732 Ἀλήϊον,
2955 663 3106 716 κάτω
3137 663 3437 726 πεζεύοντα
3467 665 3563 718 κλὶ
3597 682 3732 717 κατ-

2150 749 2530 822 επιχειροῦντα
2557 751 2658 820 τῆς
2712 751 2914 822 ψυχῆς,
2947 753 3042 804 καὶ
3086 753 3183 820 τὴν
3231 750 3352 819 μετ’
3393 753 3575 805 αὐτῶν
3611 769 3739 805 συνο

2150 842 2496 913 αναστροφὴν
2532 842 2957 913 ἐκτρεπόμενον.
3002 842 3077 895 T6
3124 842 3179 896 δὲ
3221 843 3316 896 τοῦ
3358 833 3573 913 Ἰκάρου
3608 843 3743 914 ὕψος

2151 937 2481 1007 κατενεχθέν
2515 939 2595 1001 είς
2629 939 2986 1003 ταπείνωσιν,
3037 939 3343 1008 παροιμίαν
3392 936 3581 1007 ῶσπερ
3616 938 3742 991 καθ’

2153 1028 2346 1093 ὕδατος
2394 1029 2660 1101 ἔγραψεν.
2712 1025 2866 1083 Εῐναι
2921 1030 2978 1083 δὲ
3010 1030 3186 1083 ἔοικεν
3239 1028 3348 1081 οὐδ’
3402 1030 3610 1091 ἐκεῖνος
3650 1028 3743 1081 ἄν-

2154 1121 2372 1192 θρωπος
2423 1122 2811 1191 προσηκόντως
2853 1122 2992 1193 ἔχων
3046 1123 3123 1184 είς
3169 1122 3427 1191 ἔξαρμαο
3486 1120 3741 1173 ἐντεῦθεν

2152 1214 2272 1266 οὐδὲ
2316 1213 2749 1283 τετελεσφόρηκε
2775 1215 2844 1267 τά
2861 1214 2956 1267 τοῦ
2982 1213 3211 1267 σκοποῦ.
3249 1214 3402 1285 [Ἐξι
3438 1208 3740 1283 ἐ[ναν]τίου

2154 1305 2301 1380 [μοι]
2332 1308 2534 1373 τοίνυν,
2570 1306 2625 1360 εῖ
2657 1306 2759 1359 πού
2789 1322 2898 1373 τις,
2933 1306 3188 1369 Δαίδαλος
3211 1321 3227 1337 ·
3267 1307 3345 1376 τῷ
3370 1307 3594 1374 τοιούτῳ
3630 1303 3741 1374 γὰρ

2152 1384 2421 1470 προσήκει
2451 1400 2512 1453 τδ
2542 1399 2640 1470 τῆς
2669 1400 2946 1469 πτήσεως.
2975 1399 3268 1453 Δυέτωσαν
3292 1395 3541 1470 1α15ραις
3556 1397 3605 1449 οἱ
3638 1397 3740 1447 Βο-
3777 1456 3781 1461 τ

2153 1491 2423 1566 ρεάδαιτδ
2463 1489 2734 1565 πτε[ρδν,]
2781 1489 3741 1566 φ[ι]λ[οτιμ]οῦντεςτὸτοιοῦτονκα·
3774 1482 3779 1487 ’

2149 1584 2265 1639 λόν.
2299 1586 2435 1640 Οὑδέ
2459 1585 2549 1639 τὸν
2568 1587 2784 1656 Περσέα
2816 1586 3129 1656 μέμφομαι,
3151 1582 3454 1655 θαρροῦντα
3480 1582 3579 1651 τὴν
3603 1582 3741 1647 πτῆ’

2154 1693 2255 1732 σιν·
2295 1672 2364 1747 ἦν
2393 1678 2503 1747 γάρ
2526 1678 2731 1741 ἐκεῖνος
2764 1679 3040 1745 πτερωτὸς
3060 1677 3128 1730 τά
3149 1679 3230 1741 είς
3254 1674 3480 1747 βάδισιν,
3515 1671 3740 1745 [εῖτουν,
3786 1676 3791 1677 ⁷

2155 1768 2324 1843 καθ]ά
2340 1788 2423 1833 τις
2448 1770 2609 1838 λόγος
2636 1771 2804 1834 ποιεῖ,
2839 1769 3268 1840 ἀρϐυλόπτερος.
3303 1768 3485 1837 Ἦμᾶς
3516 1766 3574 1821 δέ
3590 1751 3741 1820 κάτω

474 1832 742 1921 ἐξέστειλε
772 1832 993 1930 γράψας
1031 1832 1125 1911 καὶ
1154 1832 1337 1920 αὐτός.
1380 1832 1522 1910 ῖᾹλλθ
1546 1854 1672 1910 οὔτε
1700 1832 2054 1929 αὐτὸς-ἤνυσε
2085 1832 2130 1891 Β
2157 1880 2243 1927 τις
2264 1832 2419 1915 ἐάτω
2459 1832 2665 1931 μένειν,
2715 1832 2810 1915 καλ
2837 1832 2945 1914 τῶν
2972 1863 3070 1930 τῆς
3124 1832 3230 1931 γῆς
3261 1832 3443 1915 καλίῦν
3475 1859 3743 1931 χορτάζε-

471 1951 540 2004 τά
572 1950 667 2004 τοῦ
699 1950 924 2018 σκοποῦ,
956 1951 1049 2004 καὶ⁵
1080 1951 1241 2021 ἡμεῖς
1283 1949 1743 2020 συνεξεπέσομεν.
1776 1949 1933 2021 Ἔχει
1957 1951 2053 2003 καὶ

473 2043 635 2108 αὐτὸς
662 2043 1119 2115 ἀπαριθμεῖσθαι,
1150 2045 1295 2098 πόσα
1319 2042 1562 2114 ἔγραψεν
1591 2045 1651 2098 ἐν
1677 2046 1879 2108 κενοῖς,
1911 2040 2054 2095 καθά

472 2135 567 2189 καὶ
594 2138 777 2207 ἡμεῖς.
803 2134 974 2190 Τοῦτό
998 2153 1092 2205 μοι
1123 2135 1185 2189 τὸ
1212 2135 1305 2188 τοῦ
1339 2135 1415 2207 μὴ
1441 2136 1678 2207 γράφειν
1708 2137 1906 2202 αῖτιον,
1930 2137 2054 2206 ἀγιέ

477 2246 581 2298 μου
610 2228 848 2282 δέσποτα
873 2244 889 2259 ·
939 2228 1038 2295 ὡς,
1071 2227 1124 2282 εί
1153 2245 1218 2298 γε
1258 2228 1555 2301 θαρροῦντι
1599 2246 1690 2299 μοι
1719 2225 1811 2301 ἦν,
1842 2229 1917 2301 μὴ
1956 2229 2052 2283 τοῦ

480 2319 819 2390 ποθουμένου
874 2320 1190 2387 ἐκπίπτειν,
1240 2320 1517 2392 δυσχερῶς
1565 2323 1631 2376 ἂν
1668 2320 1863 2393 ἔφερες
1897 2322 2054 2395 ὄχλον

475 2412 723 2481 πάσχων,
771 2407 853 2476 οἷς
900 2407 1045 2483 εἶχον
1092 2412 1330 2484 γράφειν
1365 2413 1557 2483 συχνά.
1611 2412 1820 2467 Οὔκουν
1861 2414 1929 2468 ἂν
1978 2415 2058 2468 δι-

479 2505 651 2566 καίως
683 2506 863 2559 αἰτίαν
900 2505 1144 2578 ἔχοιμεν,
1190 2503 1271 2571 οἷς
1301 2508 1362 2562 οὐ
1409 2509 1719 2580 γράφομεν.
1752 2511 1827 2567 Τὸ
1855 2510 1912 2565 δὲ
1960 2515 2055 2568 καὶ

474 2598 776 2666 ὀνειδίζειν,
805 2600 974 2668 τῦφον
1002 2602 1154 2672 ἡμᾶς
1182 2602 1401 2668 παθεῖν,
1429 2602 1516 2675 ἐφ’
1540 2600 1623 2668 οἷς
1646 2605 1725 2676 τῷ
1757 2607 2054 2677 σοφιστικῷ

478 2690 676 2761 βαθμῷ
711 2692 1086 2763 προσέϐημεν,
1121 2694 1197 2766 μὴ
1226 2694 1292 2750 σύ
1334 2713 1399 2764 γε
1439 2696 1540 2752 ἔτι.
1582 2697 1688 2750 Τοῦ
1719 2699 1920 2762 παντὸς
1944 2700 2054 2770 γὰρ

476 2786 672 2855 δέομεν
727 2786 970 2839 τοιοῦτόν
1017 2803 1069 2840 τι
1120 2786 1351 2841 παθεῖν’
1385 2787 1440 2841 οῖ
1488 2804 1550 2856 γε
1601 2791 1696 2843 καὶ
1732 2792 2054 2862 φαινόμενοι

480 2875 846 2947 ἐρυθριῶμεν,
888 2878 983 2930 καὶ
1036 2876 1260 2946 ραϐϐίον
1291 2877 1359 2931 τά
1390 2878 1473 2940 εἰς
1521 2879 1812 2949 ῥητορείαν
1852 2881 2052 2935 καλού-

483 2983 657 3035 μενοι,
689 2966 1167 3037 ἐγκαλυπτόμεθα,
1207 2968 1302 3021 καὶ
1336 2967 1497 3039 μόνον
1524 2970 1585 3022 ού
1634 2972 2055 3043 προϐαλλόμεθα

480 3063 578 3130 τῆς
604 3060 781 3129 ὅψεως
808 3060 1088 3131 θοιμάτιον
1109 3077 1121 3092 ·
1154 3061 1182 3113 ὃ
1211 3061 1275 3132 δὴ
1306 3064 1419 3123 τοῖς
1446 3046 1839 3134 ἁπλουστέροις
1869 3066 2054 3129 αἰδοῦς

484 3156 857 3226 προκάλυμμα
908 3156 1140 3223 γίνεται.
1178 3156 1333 3210 Οἶδεν
1369 3161 1395 3213 6
1436 3159 1593 3224 Θεὸς,
1630 3162 1711 3215 ὅτι
1760 3162 1820 3215 ού
1863 3164 2047 3232 ψεύδο-
2079 3183 2123 3240 C

487 3265 608 3317 μαι.
645 3245 806 3312 Οἶδας
843 3249 904 3303 τὸ
931 3249 1065 3319 ἐμδν
1086 3252 1147 3304 ού
1177 3252 1319 3305 πάνυ
1347 3270 1399 3306 τι
1428 3254 1803 3325 περιπόνηρον
1828 3272 1840 3286 ο
1880 3255 1937 3308 τὸ
1961 3255 2054 3309 ἐπὶ

484 3340 731 3409 προόδοις
780 3341 881 3394 οὐκ
935 3343 1226 3415 έντρεχέςο
1276 3344 1336 3397 τὸ
1385 3346 1480 3398 ἐπὶ
1539 3349 1659 3409 ταῖς
1710 3345 2055 3416 ἀνυψώσεσιν

482 3432 710 3495 εὐλαϐές
732 3450 745 3464 ·
797 3434 859 3486 τὸ
891 3434 985 3487 ἐπὶ
1038 3436 1152 3498 τοῖς
1191 3433 1518 3505 ὑψουμένοις
1569 3436 1876 3508 ἀφθόνητον
1906 3453 1920 3467 ο
1956 3438 2055 3508 τὴν

484 3525 720 3598 σπουδὴν
759 3526 851 3580 τοῦ
903 3527 1234 3580 λανθάνοντα
1267 3527 1385 3598 ζῇν,
1434 3528 1467 3599 ἢ
1506 3530 1641 3599 μηδέ
1689 3530 1811 3599 ζῇν.
1839 3529 1962 3593 Πῶς
1988 3529 2055 3581 ἂν

480 3619 573 3673 οὖν
625 3621 957 3690 τυφωοείην,
1018 3620 1114 3672 καὶ
1161 3620 1221 3673 ού
1280 3620 1483 3688 μᾶλλον
1536 3620 1833 3691 ἀχθοίμην,
1862 3618 1923 3675 οὗ
1978 3621 2054 3691 μὴ

480 3713 716 3778 ἐμαυτὸν
746 3713 932 3778 ἀξιοῦν
961 3708 1106 3782 εἶχον
1140 3716 1332 3766 τούτου
1375 3712 1591 3782 τυχὼν;
1630 3714 1825 3767 Πολλοὶ
1855 3714 2056 3767 πολλά-

434 3794 437 3799 ’
481 3823 567 3869 κις
581 3806 914 3877 ἀνεπτέρουν
932 3808 1079 3877 ἡμᾶς
1103 3825 1116 3840 ·
1143 3807 1255 3860 ἀλλ’
1271 3809 1435 3878 ἡμεῖς
1452 3806 1741 3880 ἐϐρίθομεν
1765 3808 1937 3874 κάτω,
1960 3806 2055 3860 καὶ

479 3898 579 3969 τὴν
617 3902 755 3970 πρὸς
777 3898 881 3970 γῆν
915 3899 1199 3971 διατριϐὴν
1240 3902 1593 3972 ἐστέργομεν.
1614 3898 2055 3971 Ἀνεμίμνησκον

483 3992 748 4064 μακάρων
771 3991 981 4062 τρυφῆς
1004 4008 1021 4024 ο
1050 3993 1182 4063 ἡμῖν
1212 3993 1268 4046 δέ
1295 3993 1460 4064 ἡρεσε
1488 3993 1581 4046 καὶ
1602 3994 1630 4045 ό
1652 3992 1789 4063 πρὸς
1811 3990 2051 4062 ἡμέραν,

432 4066 439 4077 ⁴
479 4080 535 4134 εί
564 4099 667 4136 που
699 4083 795 4138 καὶ
828 4083 1016 4154 ἀρκῶν
1051 4085 1160 4152 εῖη,
1184 4085 1211 4136 6
1232 4083 1621 4153 κατάϐλωμος.
1647 4082 1880 4135 Ἦθελον
1905 4081 2055 4150 ἡμᾶς

479 4176 529 4230 οί
559 4177 840 4247 φιλοῦντες
878 4175 1212 4242 αὐξάνεσθαι
1254 4178 1351 4230 καὶ
1386 4175 1739 4245 ἀνδρίζεσθαι
1764 4189 1777 4202 ·
1809 4174 1960 4242 ἡμᾶς
1996 4171 2056 4225 δέ

478 4274 577 4325 οὐκ
598 4270 908 4332 ἐλάνθανεν,
926 4271 1007 4324 ὅτι
1027 4268 1288 4332 κώνωπες
1305 4270 1487 4340 ἡμεῖς,
1508 4268 1591 4321 ὅτι
1615 4266 1933 4338 μύρμηκες,
1958 4265 2055 4319 καὶ

478 4363 532 4417 εῖ
555 4363 609 4416 τί
636 4380 741 4416 που
773 4361 978 4416 τούτων
1000 4361 1220 4414 ἔλαττον
1248 4362 1328 4425 είς
1363 4360 1641 4414 εὐτέλειαν
1663 4399 1680 4425 ,
1710 4360 1862 4414 κάτω
1890 4358 2055 4427 συρό-

486 4475 666 4529 μενον,
694 4456 728 4529 ἢ
752 4456 866 4511 ἀνω
895 4455 1216 4524 φερόμενον.
1243 4453 1354 4508 Καί
1379 4469 1483 4507 που
1512 4453 1611 4507 καὶ
1638 4450 1843 4507 τοιαῦτ’
1886 4451 2053 4521 ἡκουε

2156 1956 2301 2017 σθαι.
2328 1956 2509 2009 εῖτουν
2541 1954 2683 2007 κατά
2715 1956 2812 2017 τάς
2843 1952 3069 2026 [χαμαὶ]
3093 1954 3287 2023 φύσεις
3307 1954 3655 2024 ἐρέπτεσθαι.
3677 1952 3741 2006 Εί

2152 2050 2208 2104 δέ
2237 2065 2367 2103 ποτε
2390 2049 2486 2103 καὶ
2506 2049 2690 2119 δεήσει
2724 2048 3123 2119 πτερύξασθαι,
3158 2048 3469 2119 ἀγαπητὸν,
3502 2047 3552 2100 εί
3594 2048 3741 2099 κατά

2152 2143 2252 2215 τὴν
2282 2142 2528 2210 Λιϐυκὴν
2559 2140 2823 2211 στρουθὸν
2856 2139 2923 2193 τά
2971 2140 3142 2194 πολλά
3177 2141 3273 2211 τῆς
3316 2140 3422 2211 γῆς
3451 2137 3742 2211 ἐφαπ[τοί-

2156 2232 2318 2304 μεθα.
2354 2232 2465 2286 Kal
2489 2229 2623 2305 μὴν]
2644 2230 2760 2301 ἔχει
2789 2228 2933 2282 καλὸ
2970 2228 3179 2300 Ἐρμῆς
3210 2228 3538 2297 πράγματα,
3567 2226 3655 2278 διὰ
3682 2225 3741 2275 τὸ

2155 2327 2359 2397 πτερόν
2389 2325 2663 2385 ἀστατῶν,
2700 2324 2797 2376 καὶ¹
2820 2323 2915 2376 νῦν
2950 2321 3049 2389 μὲν
3087 2319 3323 2391 χθόνιος,
3354 2318 3450 2372 νῦν
3475 2317 3534 2370 δὲ
3580 2315 3739 2377 αὖθις

2154 2419 2408 2491 οὐράνιος
2438 2417 2537 2472 ῶν.
2566 2417 2678 2480 Ta;
2700 2417 2757 2470 δέ
2781 2416 3044 2486 Σειρῆνας
3076 2412 3126 2487 [ὁ
3156 2413 3327 2467 πάλαι
3353 2410 3546 2485 μ]ῦοος
3577 2410 3738 2470 αὐτὸς

2155 2511 2251 2566 καὶ
2280 2510 2558 2581 παρέλυσε
2587 2508 2682 2562 τοῦ
2718 2508 2926 2577 πτεροῦ
2958 2509 3053 2562 καὶ
3103 2506 3453 2572 κάτέπνιξεν.
3515 2502 3574 2557 Ὀ
3604 2503 3741 2571 γοῦν

2154 2602 2331 2656 ταῦτα
2381 2602 2560 2669 λέγων
2621 2601 2921 2664 Εὐστάθιος
2978 2601 3074 2654 καὶ
3130 2595 3313 2667 πολλῷ
3360 2594 3631 2667 πρότερον
3675 2595 3737 2646 ού

2158 2697 2301 2764 μέγα
2339 2692 2687 2768 φρον[ἡσας],
2718 2693 3096 2765 πανιερώτατέ
3129 2709 3232 2760 μου
3260 2690 3519 2748 δέσποτα.
3544 2689 3644 2741 οὐκ
3675 2688 3739 2740 ἂν

2156 2790 2373 2850 πάντως
2403 2788 2514 2855 έχοι
2543 2785 2868 2854 τυφοῦσθαι,
2898 2784 2991 2838 τοῦ
3020 2783 3359 2852 ποθουμένου
3397 2781 3514 2852 βίου
3565 2796 3739 2849 μετα-

2155 2879 2380 2940 ναστάς·
2401 2877 2620 2946 στέργοι
2638 2875 2706 2939 δ’,
2726 2875 2773 2928 εί
2792 2873 2980 2947 [μετά]
3011 2873 3112 2941 τὴν
3132 2872 3293 2942 φίλην
3308 2870 3412 2940 γῆν
3439 2865 3618 2942 [ποτε]
3646 2866 3743 2920 αύ-

2152 2970 2246 3023 τὸν
2278 2969 2503 3037 οὐρανὸς
2526 2964 3334 3037 ἐλαφρίζοιτο.Ἀπολελόγημαι
3389 2962 3511 3033 ἤδη,
3547 2961 3742 3013 δέσπο-

2154 3081 2245 3128 τα,
2286 3059 2393 3134 [οὐ]
2440 3057 2645 3133 μό[νον]
2670 3058 2868 3120 ἱκανῶς
2904 3057 3040 3111 ἀλλά
3075 3055 3167 3110 καὶ
3194 3053 3743 3125 ἀληθῶςοπροσθὴσω

2153 3155 2209 3209 δέ
2241 3157 2306 3225 τῇ
2339 3154 2500 3224 λοιπῇ
2525 3151 2654 3225 [μου
2686 3149 2898 3224 γραφ]ῇ
2931 3151 3026 3203 καὶ
3066 3151 3166 3221 τὴν
3228 3148 3515 3221 κορωνίδα.
3555 3145 3621 3201 Et
3640 3164 3737 3200 σου

2163 3247 2531 3319 ἐπελαθόμην,
2571 3245 2793 3300 λάθοιτό
2829 3262 2935 3315 μου
2990 3244 3143 3308 Θεός.
3178 3243 3303 3297 Ὀτι
3333 3243 3388 3296 δέ
3432 3241 3552 3296 ούδέ
3582 3240 3735 3310 φίλον

2161 3338 2538 3409 ἐπιγράφομαί
2562 3356 2683 3393 τινα
2703 3335 3039 3410 κρείτ[τονα]
3096 3337 3195 3405 τῆς
3218 3336 3347 3409 [σῆς
3401 3333 3739 3407 ἁγιότηῖτος,

2162 3427 2268 3487 οἶδε
2289 3432 2386 3501 μὲν
2400 3431 2494 3484 καὶ
2510 3431 2661 3484 τοῦτο
2682 3430 2834 3494 Θεός·
2848 3432 2908 3483 ού
2926 3430 3175 3485 λανθάνει
3186 3431 3261 3495 δὲ,
3280 3427 3451 3499 οἶμαι,
3471 3429 3590 3483 ούδέ
3612 3445 3737 3483 τινα

2161 3526 2292 3592 τῶν,
2314 3525 2425 3579 ὅσοι
2460 3524 2760 3579 Εὐστάθιόν
2789 3541 2847 3577 τε
2879 3522 3070 3577 τοῦτον
3116 3522 3359 3592 ἀκριϐῶς
3388 3524 3585 3585 οἴδασι,
3637 3521 3736 3576 καὶ

2160 3618 2252 3671 τὸν
2305 3616 2719 3686 πανιερώτατον
2783 3614 3192 3685 μητροπολίτην
3233 3616 3502 3684 Πατρῶν.
3560 3612 3734 3684 Εὕχου

2161 3711 2312 3781 ἡμῖν,
2346 3709 2474 3778 ἀγιέ
2527 3725 2628 3780 μου
2662 3707 2917 3761 δέσποτα.
2980 3707 3267 3778 Εύχόμεθα
3310 3707 3406 3761 καὶ
3437 3708 3597 3776 ἡμεῖς
3630 3708 3741 3760 πάν

2160 3802 2366 3871 ἀγαθὸν
2393 3803 2460 3871 τῇ
2489 3802 2556 3871 σῇ
2588 3800 2866 3870 ἁγιότητιο
2918 3799 3289 3868 συνευχόμεθα
3341 3798 3399 3853 δὲ
3454 3799 3550 3852 καὶ
3608 3798 3739 3851 ἰδεῖν

2162 3897 2330 3967 αὐτὴν
2352 3897 2674 3967 χαίρουσαν,
2696 3892 2791 3945 καὶ
2815 3890 2885 3945 τά
2912 3890 3104 3959 φιλικά
3129 3892 3186 3944 ἐν
3208 3890 3366 3960 ὄψεσι
3393 3893 3737 3961 προσειπεῖν.

2161 3988 2253 4060 Τῷ
2286 3988 2424 4052 τέως
2456 3985 2512 4039 δὲ
2543 3984 2705 4038 λύσον
2740 3983 2840 4053 τὴν
2869 3982 3143 4051 γλῶσσαν,
3194 3983 3290 4035 καὶ
3325 3982 3699 4052 ἀντιφώνησον
3721 3998 3736 4013 °

2163 4082 2259 4136 καῖ
2280 4080 2454 4145 οὕτως
2474 4080 2607 4152 ἡμῖν
2637 4078 2737 4150 τὴν
2770 4080 2833 4132 ἐκ
2855 4077 3034 4148 λύπης
3077 4077 3325 4133 διάλυσιν
3360 4076 3596 4149 συνόχει.

2879 4175 3015 4228 ME'.

2804 4264 2890 4331 Τῷ
2921 4264 3104 4332 αὐτῷ.

2236 4359 2500 4429 Ἠγειρας
2561 4358 2732 4428 ἡμᾶς,
2773 4352 2855 4420 οἷς
2897 4357 3166 4426 ἐλάλησας
3187 4372 3204 4389 ο
3271 4358 3597 4430 ἀνέστησας,
3657 4353 3741 4424 οἷς

2162 4444 2561 4521 ἐφώνησας.*Ω
2589 4449 2749 4515 λόγος
2781 4447 2983 4513 γλυκύς
3006 4449 3020 4502 !
3046 4441 3091 4501 ὧ
3119 4448 3341 4515 γλῶσσα
3366 4449 3620 4519 Χαρίτων
3643 4451 3741 4518 γέ-

483 4552 621 4621 πρδς
645 4550 805 4621 ἡμῶν
828 4551 856 4602 6
881 4549 943 4604 τὸ
977 4548 1243 4619 ἡμέτερον
1264 4546 1609 4602 ἐπισπεύδων
1643 4545 1866 4616 ὕψωμα·
1892 4546 2057 4598 ἔασον
2086 4538 2135 4596 D
2162 4560 2341 4615 μουσα
2370 4543 2383 4597 l
2409 4542 2486 4605 ὡς
2519 4543 2630 4611 ἀρα
2663 4540 2729 4593 σὺ
2764 4541 2923 4611 μόνος
2957 4540 3016 4593 ἐν
3053 4543 3168 4605 τοῖς
3196 4542 3323 4612 ἀρτι
3347 4541 3549 4611 λαλεῖς,
3579 4546 3740 4598 ὁποῖα

478 4641 650 4710 ἡμᾶς,
677 4633 723 4693 ὦ
750 4632 924 4705 οὗτος,
959 4639 1142 4709 μένειν
1175 4635 1348 4691 κάτω.
1399 4637 1477 4690 Ού
1507 4635 1736 4708 θέλομεν
1768 4635 2053 4705 ὑψοῦσθσιν

479 4730 542 4782 οὐ
584 4728 849 4800 φιλοῦμεν
897 4728 1247 4793 αὐξάνεσθαι.
1306 4726 1627 4798 Ηύξήμεθα,
1676 4728 1761 4798 ἐφ’
1791 4729 1915 4782 ὅσον
1948 4726 2058 4781 ἔδει

482 4820 786 4893 αὐξηθῆναι
816 4821 913 4874 καὶ
954 4820 1247 4892 μύρμηκα·
1298 4819 1406 4874 ἔδει
1454 4820 1513 4874 δὲ
1562 4819 1782 4883 πάντως
1828 4818 1928 4873 οὐκ
1979 4818 2058 4881 είς

480 4912 722 4975 λέοντας,
755 4910 967 4981 μήποτε
991 4912 1100 4982 ἀρα
1119 4910 1178 4963 τὺ
1206 4910 1305 4980 τῆς
1338 4910 1558 4982 γραφῆς
1583 4909 2058 4982 μυρμηκολέοντες

480 5002 738 5073 ὀλοίμεθα
762 5002 915 5071 παρά
951 5003 1013 5055 τὸ
1056 5002 1133 5073 μὴ
1182 5001 1327 5072 ἔχειν
1362 5003 1591 5075 τροφήν.
1650 5004 1759 5056 Kal
1797 5003 1970 5068 ἄλλως
1999 5003 2056 5056 δέ

482 5094 604 5149 οὐαὶ
641 5092 894 5165 μύρμηκι
957 5097 1179 5165 πτεροῖς
1234 5095 1480 5167 ἀρθέντι,
1537 5094 1675 5166 ῶςὴ
1727 5096 1787 5162 ἐξ
1850 5097 2057 5168 ἀγορᾶς

485 5187 758 5257 παροιμία
786 5185 957 5241 λαλεῖ.
989 5185 1269 5249 Κὼνωπες
1319 5186 1397 5255 δέ,
1432 5189 1481 5241 εί
1530 5187 1608 5258 μὴ
1653 5189 1923 5259 περίγειοι
1959 5189 2058 5243 πέ-

482 5296 678 5345 τοιντο,
728 5279 828 5334 οὐκ
859 5279 927 5334 ἀν
979 5278 1082 5349 τῆς
1111 5279 1366 5347 πτήσεως
1411 5278 1491 5343 είς
1526 5279 1692 5333 καλὸν
1738 5280 2055 5346 ἀπόναιντο,

483 5371 858 5441 ἀρπαχθέντες
877 5372 1102 5442 ἀνέμοις
1124 5372 1222 5425 καλ⁵
1240 5371 1677 5443 ἀπαλλαχθέντες
1694 5371 1774 5434 είς
1807 5369 1931 5424 δλεθ
1939 5388 2053 5443 ρον.

488 5464 660 5534 Ἀφες
694 5459 787 5518 οῦν
832 5466 979 5533 ἡμᾶς
1023 5469 1082 5518 ἐν
1114 5462 1214 5534 βίῳ
1279 5459 1441 5531 εἶναι,
1483 5465 1577 5518 καὶ
1627 5465 1703 5536 μὴ
1758 5467 1879 5528 ταῖς
1934 5465 2058 5534 Ἀρ-

1648 5556 1791 5627 Ἐγὼ
1850 5555 1906 5610 δὲ
1965 5557 2060 5610 τὸν

486 5649 758 5703 Τάνταλον
813 5648 1101 5720 ἄνθρωπον
1151 5644 1308 5718 οἶμαι
1373 5650 1541 5702 πάλαι
1587 5650 1720 5703 ποτὲ
1774 5651 2056 5720 γενέσθαι,

489 5737 629 5809 πέρα
661 5737 754 5791 τοῦ
792 5738 1002 5801 δέοντος
1036 5736 1342 5808 ύιῙιιυθέντα⁸
1375 5737 1433 5801 ὃς
1466 5735 1590 5791 οὔτε
1615 5741 1727 5801 τοῖς
1750 5741 1902 5794 κάτω
1932 5738 2059 5793 σύν-

487 5843 625 5898 εστι,
660 5827 754 5883 καὶ
796 5828 915 5884 ούδέ
953 5830 1061 5885 τῶν
1106 5830 1365 5886 ἀνωτάτω
1414 5829 1612 5901 ψαύειν
1663 5828 1823 5900 ἔχων,
1857 5830 2058 5904 πάσχει

2160 4636 2456 4705 φθέγξεται
2488 4634 2654 4702 σοφὸς
2700 4633 3011 4703 ἄνθρωπος.
3054 4632 3202 4687 ’ἰδὼν
3235 4633 3337 4705 μέν
3375 4634 3476 4705 τὴν
3515 4637 3740 4707 γραφὴν

2158 4726 2257 4792 τῆς
2285 4725 2385 4794 σῆς
2435 4724 2726 4793 ἁγιότητος
2758 4723 3241 4795 (ἐπιμαρτυρέσθω
3282 4741 3376 4795 μοι
3413 4728 3526 4791 τοῖς
3558 4725 3741 4797 λόγοις

2157 4817 2186 4871 ό
2212 4816 2312 4888 τῆς
2339 4814 2599 4886 ἀληθείας
2623 4813 2800 4884 Θεὸς),
2824 4815 2921 4869 καὶ
2959 4815 3050 4868 τὸν
3079 4814 3260 4869 τίτλον
3291 4816 3495 4886 ταύτης
3518 4817 3739 4887 περιελ-

2159 4907 2291 4975 θὼν,
2328 4907 2667 4978 ἐξελαθόμην
2695 4908 2793 4978 τῆς
2816 4907 3127 4975 ἀσθενείας,
3159 4908 3195 4979 ἦ
3230 4926 3300 4979 με
3349 4911 3735 4981 περιεκέχυτο.

2170 5000 2261 5066 Ὠς
2278 5001 2337 5055 δέ
2358 4999 2454 5055 καὶ
2481 4999 2778 5066 ἀνέπτυξα,
2822 5002 2917 5054 καὶ
2954 5000 3048 5054 τοῦ
3096 5001 3495 5068 ἀναγινώσκειν
3549 5002 3737 5073 ἐγενό-

2162 5108 2291 5164 μην,
2323 5092 2405 5146 ὃτι
2438 5091 2538 5160 μὲν
2572 5093 2605 5163 ἡ
2646 5091 2929 5161 ἀγιωσύνη
2964 5109 3058 5146 σου
3097 5092 3388 5163 πράγμασι
3427 5110 3738 5164 περιεστοι-

2158 5185 2343 5257 χίσθη,
2377 5186 2439 5240 ού
2485 5185 2632 5257 μάλα
2667 5202 2735 5257 με
2768 5185 3008 5255 ἐλύπησε
3046 5185 3294 5255 (δύνασαι
3318 5187 3429 5259 γάρ
3466 5188 3603 5243 Θεοῦ
3631 5188 3736 5260 χά-

2161 5296 2273 5351 ριτι
2308 5279 2415 5333 τῶν
2444 5278 2703 5332 τοιούτων
2732 5278 3071 5350 ἐλαφρότατα
3095 5279 3546 5351 ύπερπέτεσθαι)’
3574 5282 3657 5335 δτι
3675 5281 3736 5337 δὲ

2163 5373 2438 5444 ὑγιαίνειν
2459 5371 2671 5443 ἔλαχες,
2696 5370 2855 5426 τοῦτο
2883 5372 2963 5436 είς
2986 5370 3126 5444 ἐμὴν
3148 5372 3479 5444 ἐλογισάμην
3500 5373 3731 5441 ὑγίειαν·

2157 5465 2187 5520 6
2220 5466 2317 5519 καὶ
2375 5463 2696 5533 φυλάττοιτό
2726 5480 2807 5515 σοι
2846 5462 2933 5516 διὰ
2994 5463 3112 5534 βίου
3163 5466 3245 5527 είς
3290 5469 3466 5519 κοινὸν
3502 5446 3749 5533 ἀγαθόνέ

2158 5556 2345 5629 Βραχὺ
2366 5556 2424 5609 δὲ
2456 5556 2559 5626 τῆς
2610 5553 2973 5624 ἀναγνώσεως
3024 5558 3334 5627 γενόμενος,
3386 5557 3483 5611 καὶ
3533 5558 3733 5628 μηκέτ’

2159 5650 2299 5721 ἔχων
2325 5649 2528 5703 διδόναι
2574 5647 2705 5711 τοὺς
2742 5648 3059 5719 ὀφθαλμοὺς
3116 5650 3195 5721 τῷ
3227 5650 3516 5721 γράμματι
3568 5651 3733 5722 (οὕτω

2158 5736 2271 5807 γάρ
2307 5751 2375 5807 με
2408 5737 2443 5806 ἡ
2472 5735 2629 5800 νόσος
2681 5736 2934 5807 διέθετο),
2971 5733 3089 5792 εῐτα
3132 5739 3305 5811 ἑτέρῳ
3345 5740 3469 5803 δοὺς
3498 5740 3737 5795 ὑποϐάλ-

2160 5830 2270 5885 λειν
2300 5846 2393 5901 μοι
2423 5829 2491 5884 τὰ
2520 5829 2620 5902 τῆς
2640 5830 2929 5901 ἐπιστολῆς
2949 5831 3025 5895 ὡς
3042 5832 3262 5901 ἐγένετο
3287 5832 3492 5897 ἐκεῖνος
3511 5834 3579 5904 τῇ
3601 5833 3734 5888 ἀνα-
