4062 6422
375 327 508 390 1317

1167 327 1585 388 EUSTATIIII
1621 323 2381 387 THESSALONICENSIS
2420 324 2590 386 EPIS
2610 324 2828 391 l‘OL.’E.

3513 324 3652 390 1338

374 461 474 512 μαι
499 445 817 516 γράμματι.
865 447 990 501 Ἐὰν
1037 447 1096 500 δέ
1150 465 1256 501 που
1311 447 1507 518 δεήσῃ,
1539 445 1637 498 καὶ
1687 447 1782 500 ἐπὶ
1830 444 1955 499 τάδε
1989 444 2288 512 Αδεῖσθαι,
2319 445 2414 498 καὶ
2469 445 2575 499 ὑπὸ
2618 445 2840 499 σύσκιον
2898 446 3182 515 πάγκαλον
3222 445 3645 500 ἁναπαύεσθαι’

371 537 467 591 τοῦ
499 540 736 610 γράφειν
764 539 1142 610 προϐήσομαι.
1174 541 1402 602 Πάντως
1436 539 1492 592 δὲ
1521 538 1734 602 πείσεις
1754 555 1769 571 ο
1801 539 1850 591 εί
1883 536 1960 608 μὴ

379 630 478 682 καὶ
517 631 579 682 σὲ
621 632 650 682 ὁ
677 629 824 682 δεῖνα
860 631 1211 702 παρήγαγεν,
1242 632 1271 685 ὃ
1315 632 1392 704 μὴ
1440 630 1673 700 γένοιτο.
1708 631 1817 684 Καὶ
1855 629 1963 700 μὴν

375 722 488 790 ἐγὼ
525 726 903 792 καχυπόπτως
934 726 1065 797 ἔχω,
1101 730 1197 781 καὶ
1245 727 1484 792 δέδοικα,
1530 727 1606 796 μὴ
1636 725 1731 778 καὶ
1769 723 1831 777 τὸ
1870 725 1962 778 σὺν

379 817 517 884 πρὸς
559 818 620 871 τὸ
660 818 858 872 ἑαυτοῦ
897 815 1030 889 ἦθος
1075 821 1334 886 άπέξεσε.
1383 819 1558 873 Τοῦτο
1600 819 1658 873 δὲ
1697 817 1770 888 μὴ
1802 815 1865 870 σύ
1897 834 1959 883 γε

376 911 544 982 πείσῃ
566 927 582 942 ο
618 910 694 980 μὴ
726 914 839 980 καὶ,
867 913 1118 968 τιριοῦτον
1157 915 1394 967 ἕκαστον
1425 911 1592 969 εῖναι.
1617 905 1772 964 οἴσπε
1783 927 1814 980 ρ
1841 910 1964 981 ἦδε-

372 1016 464 1053 ται
497 1001 694 1067 ξυνὼν.
727 1004 1150 1076 ἐπιφθέγξωμαί
1183 1023 1292 1068 σοι,
1321 1004 1418 1059 καί
1461 1021 1519 1057 σε
1546 1003 1709 1056 τοῦτο
1739 1001 1872 1070 γοῦν
1902 1001 1963 1053 τὸ

375 1091 542 1161 μέρος
569 1094 722 1148 ὕδατι
755 1097 1084 1165 παρεικάσω
1114 1097 1202 1150 διά
1243 1096 1343 1165 τὴν
1384 1094 1482 1150 τοῦ
1527 1095 1694 1167 ῆθους
1741 1094 1962 1158 συνεξοο

377 1187 631 1255 μοίωσιν.
668 1187 819 1241 Φιλεῖ
853 1188 962 1258 γάρ
1009 1207 1093 1243 τοι
1131 1193 1360 1246 κάκεῖνο
1408 1188 1657 1243 τοιοῦτον
1698 1181 1863 1252 εἶναι,
1894 1187 1962 1240 δι’

372 1275 442 1353 ἦς
477 1281 542 1335 ἂν
572 1282 675 1350 γῆς
717 1281 1042 1351 πορεύηται.
1071 1283 1146 1336 Οὐ
1206 1283 1316 1353 μὴν
1355 1281 1520 1335 ἀλλ’ὁ
1565 1281 1667 1350 μὲν
1704 1279 1878 1344 δεῖνα,
1912 1281 1963 1333 εί

379 1374 480 1443 μὲν
533 1373 806 1444 βούλεται,
842 1375 1161 1445 στεργέτω’
1215 1377 1266 1428 εί
1318 1373 1364 1425 δ’
1408 1373 1502 1427 οὖν
1555 1371 1963 1441 ἀποστέργεται

375 1465 546 1534 ἡμᾶς,
577 1465 690 1530 ἐγὼ
740 1465 798 1518 δὲ
837 1465 935 1518 καὶ
968 1465 1178 1520 ἀπόντα
1213 1466 1372 1534 φιλῶ.
1425 1465 1732 1536 Προσθήσω
1761 1463 1829 1530 δ’,
1877 1463 1961 1517 ὅτι

374 1556 518 1624 τάχα
573 1559 666 1610 καὶ
717 1557 922 1610 ἄκοντα
945 1557 1043 1612 καὶ
1080 1558 1154 1625 μὴ
1197 1556 1574 1626 φθεγγόμενον
1625 1555 1958 1626 προσφωνεῖ),

374 1649 561 1716 ὅμοιον
589 1649 664 1711 ὡς
706 1647 784 1720 [εἴ
819 1649 930 1721 τ]ις
981 1649 1281 1721 ἀνδριάντα
1313 1649 1498 1720 φιλοίη
1537 1649 1704 1719 μηδὲν
1753 1648 1958 1702 είδότα.

386 1739 597 1792 Ἐκεῖνο
632 1740 800 1810 μόνον
843 1738 984 1808 οἶδα,
1015 1741 1091 1805 ὡς
1141 1742 1478 1796 ἐπιστέλλων
1507 1741 1660 1810 αὐτῷ
1698 1741 1795 1794 τοῦ
1842 1738 1961 1794 λοι-

2064 537 2237 598 οὕτως
2271 540 2299 591 ὁ
2331 540 2789 609 γεγυμνασμένος
2847 541 2915 592 τά
2966 539 3304 610 αἰσθητήρια
3353 539 3490 608 προς
3531 539 3649 592 διά-

2064 645 2246 695 κρίσιν
2278 630 2524 700 χείρονος
2563 631 2660 683 καὶ
2693 630 3014 701 βελτίοντος,
3042 631 3134 684 ἐπὶ
3184 609 3301 696 τοῖς
3329 631 3441 685 τῶν
3466 609 3649 700 πραγ-

2066 724 2255 791 μάτων
2311 725 2566 795 ἐνθουσιᾷ
2620 725 2882 779 κάλλεσι·
2928 724 3023 777 καὶ
3078 724 3336 794 θέλγεται
3401 725 3501 793 μὲν
3535 727 3652 786 τοῖς

2066 816 2315 884 ῥυθμοῖς,
2345 816 2715 885 ἐπαγάλλεται
2743 816 2796 870 δέ
2832 819 3176 886 συμφωνίαις
3212 818 3304 870 καὶ
3329 817 3644 889 ἁρμονίαςςέ

2063 907 2239 974 λόγων
2271 910 2327 962 δὲ
2361 911 2598 979 μάλιστα
2620 911 2814 981 κόσμῳ
2850 912 2945 964 καὶ
2976 911 3163 964 κάλλει
3204 911 3482 982 συνθήκης
3512 927 3647 976 γοη-

2065 1000 2282 1055 τεύεται
2326 1003 2592 1072 ἀτεχνῶς.
2642 1005 2786 1072 Ἐρῶ
2841 1008 2952 1074 γάρ
3003 1022 3085 1057 σοι
3132 1005 3290 1071 λόγον
3335 1004 3654 1075 ἀπόρρητον

2067 1092 2188 1160 μὲν,
2212 1092 2660 1163 φιλοσοφώτατον
2691 1097 2770 1152 δέ.
2813 1096 2876 1149 Ἦ
2907 1097 3076 1166 ψυχὴ,
3106 1095 3360 1148 κάλλιστε
3403 1097 3651 1163 Καῖσαρ,

2069 1185 2209 1254 μετά
2250 1184 2345 1237 τοῦ
2395 1187 2590 1254 νοητοῦ
2621 1187 2854 1250 κάλλους
2889 1187 2967 1256 τῷ
3015 1185 3229 1256 σώματι
3263 1185 3654 1255 προσαρμόζει

2064 1296 2157 1332 ται
2179 1293 2193 1308 ⁶
2229 1279 2357 1332 ίδεῖν
2379 1279 2436 1332 δέ
2463 1279 2625 1332 τοῦτο
2672 1281 2731 1332 ἐν
2774 1280 2853 1351 τῷ
2881 1279 3054 1349 ύλικῷ
3085 1281 3276 1349 κόσμῳ
3305 1279 3366 1333 οὐ
3397 1279 3648 1332 δύναται.

2067 1373 2142 1424 Ού
2173 1372 2283 1441 γάρ
2310 1375 2482 1442 χωρεῖ
2509 1373 2610 1441 τὴν
2643 1372 2839 1426 ἀῦλίαν
2863 1375 2896 1441 ἡ
2931 1371 3056 1441 ῦλη.
3089 1372 3416 1442 Ἀπορῤοίας
3444 1372 3502 1424 δέ
3525 1369 3649 1422 τού-

2064 1480 2157 1516 του
2188 1466 2286 1517 καὶ
2316 1465 2438 1534 ίχνη
2468 1465 2526 1517 ἐν
2571 1467 2908 1534 σωματικοῖς
2942 1464 3192 1535 θεωμένη
3263 1463 3542 1525 κάλλεσιν,
3569 1464 3650 1516 οἰ-

2067 1557 2224 1626 στρεῖ
2241 1557 2334 1609 καὶ
2359 1557 2623 1626 μέμηνεν,
2651 1557 2898 1625 οἰομένη,
2923 1558 3104 1610 ἐκεῖνο
3133 1552 3297 1616 εἶναι,
3331 1556 3470 1624 ὅπερ
3493 1557 3550 1608 ἐν
3572 1553 3655 1624 τῷ

2066 1650 2279 1717 σώματι
2341 1651 2605 1719 γενομένη
2663 1650 2958 1720 διέφθειρε.
2995 1650 3094 1700 Διά
3137 1650 3314 1702 ταῦτα
3368 1648 3498 1715 περὶ
3551 1649 3653 1709 τὰς

2063 1741 2400 1810 πολυτίμους
2431 1741 2542 1794 τῶν
2569 1741 2733 1794 λίθων
2789 1743 2886 1794 καὶ
2933 1743 3002 1794 τά
3032 1742 3212 1811 εὐειδῆ
3251 1741 3524 1810 πρόσωπα
3557 1740 3654 1792 καὶ⁸

374 1833 479 1886 ποῦ
509 1833 607 1903 τὴν
638 1835 878 1902 σύριγγα
915 1832 1378 1906 [προσθή]σομαι.
1424 1834 1635 1887 Ἐκείσε
1660 1833 1772 1904 γὰρ
1803 1834 1831 1886 ὁ
1857 1833 1960 1902 μέν
1993 1823 2036 1880 Β
2063 1833 2163 1896 τὰς
2231 1832 2496 1900 μουσικὰς
2547 1833 2816 1903 ἁρμονίας
2863 1834 2910 1886 οἱ
2964 1833 3021 1884 δέ
3091 1849 3155 1901 γε
3219 1830 3654 1901 φιλοσοφώτεροι

373 1944 460 1988 τις
516 1926 862 1994 καλαμίσκος
921 1927 1034 1980 τῶν
1087 1927 1270 1982 ἄλλων
1327 1925 1808 1995 ὑπερανίσταται*
1839 1923 1959 1978 ὁδέ

378 2021 497 2089 μετ’
528 2023 738 2076 ἐκεῖνον
777 2020 1032 2090 δεύτερος
1061 2018 1422 2073 ὑπολείπεται
1458 2018 1534 2088 τῷ
1572 2015 1794 2090 [μή]κει
1816 2031 1830 2047 °
1860 2018 1958 2071 καὶ

373 2113 403 2166 6
430 2111 614 2182 τρίτος
671 2111 798 2175 τοὺς
855 2112 961 2180 πρὸ
1010 2109 1178 2164 αὐτοῦ
1218 2109 1585 2179 ύποκάθηται.
1619 2109 1678 2163 '0
1717 2109 1775 2162 δὲ
1819 2109 1959 2178 μετὰ

373 2202 565 2257 τοῦτον
619 2203 702 2257 ἐτι
756 2205 941 2257 πλεῖον
975 2204 1459 2267 ὑποκαταϐαίνων,
1500 2203 1650 2271 ὅμως
1699 2203 1796 2256 τοῦ
1839 2201 1958 2270 μετ’

375 2296 588 2369 ίαύτδν]
635 2298 1020 2370 ὗπερκάθηται
1041 2315 1058 2330 ο
1105 2298 1269 2360 αὐτὸς
1300 2298 1356 2352 δὲ
1387 2299 1468 2359 είς
1499 2296 1838 2367 βραχύτερον
1876 2294 1959 2349 ἐτι

375 2389 754 2442 συνέσταλται.
787 2390 898 2443 Καὶ
936 2389 1096 2444 τοῦτο
1139 2389 1305 2463 μέχρι
1334 2389 1518 2458 πάσης
1542 2387 1644 2456 τῆς
1669 2383 1960 2456 σύριγγῡς,

373 2477 486 2534 ἔστ’
509 2480 575 2534 ἂν
604 2479 1011 2552 ἐσκον[θυλκὼς
1043 2479 1267 2553 βρα]χί›,
1287 2479 1638 2550 καταλήξειε.
1663 2477 1772 2530 Καὶ
1797 2478 1960 2548 ἡμεῖς

372 2572 436 2626 τὸ
490 2571 590 2641 μὲν
647 2571 867 2644 πρῶτον
914 2573 1242 2644 ἐγράψαμεν
1273 2572 1423 2642 αὐτῷ
1462 2571 1809 2642 μακρότεραο
1858 2565 1958 2623 εἷθ’

375 2663 825 2729 ὑποκαταϐάντες
857 2663 1356 2737 συνεστίάλημεν].

1089 2757 1234 2816 MH'.

446 2853 560 2924 Τὴν
593 2854 746 2923 ίεράν
779 2869 875 2906 σου
909 2852 1008 2907 καὶ
1045 2853 1382 2923 τριπόθητον
1421 2853 1693 2922 κεφαλήν,
1728 2854 1955 2924 μέγιστε

373 2948 488 3003 τῶν
529 2946 750 3001 πώποτε
792 2947 1188 3016 γεγενημένων
1229 2946 1530 3014 Καισάρων
1577 2947 1672 2996 καὶ
1726 2945 1958 3012 άξιάγα-

377 3059 496 3106 στε,
529 3038 625 3093 νῦν
668 3039 973 3108 ἀπόναμαι,
1023 3031 1091 3108 ἧς
1137 3036 1448 3106 συνείλοχα.
1499 3038 1811 3107 ἁγιότητος.
1851 3038 1960 3092 Καὶ

375 3135 472 3188 νῦν
500 3136 664 3203 σοφὸς
699 3131 843 3187 δοκῶ
899 3131 1253 3202 γεγενῆσθαι,
1283 3130 1378 3185 καὶ
1429 3131 1488 3183 ἐν
1541 3131 1622 3200 τῷ
1673 3129 1959 3200 καταλόγῳ
1988 3174 2031 3230 C

376 3226 487 3280 τῶν
515 3225 714 3296 λογίων
754 3224 1222 3296 συνηριθμῆσθαι,
1269 3223 1434 3279 ὁπότε
1470 3241 1572 3294 μου
1609 3223 1674 3277 σὺ
1707 3222 1818 3276 τῶν
1868 3222 1962 3275 λό-

375 3335 490 3387 γων
520 3317 672 3389 ἐρᾷς.
715 3315 804 3369 Ἐν
853 3315 1056 3387 αὐχμῷ
1115 3317 1212 3370 καὶ
1256 3315 1433 3370 ταῦτα
1481 3314 1816 3385 φιλομούσου
1867 3315 1963 3368 καὶ

375 3410 627 3479 γλώττης
669 3409 767 3463 καὶ
799 3409 991 3476 ἀκοῆς.
1023 3407 1090 3461 Τί
1117 3409 1229 3479 γάρ
1271 3408 1470 3478 ὁφελος
1514 3408 1748 3478 αὐλητῇ,
1782 3408 1832 3460 εί
1863 3407 1963 3460 αὐ-

381 3503 506 3568 λοὺς
539 3504 638 3573 μὲν
668 3501 781 3573 ἐχοι
811 3501 1038 3568 καλοὺς,
1065 3501 1241 3565 οὐδεὶς
1269 3501 1327 3554 δὲ
1368 3500 1548 3554 αὐτῶν
1579 3499 1804 3554 ἀκούειν
1834 3499 1963 3570 βού-

377 3597 562 3663 λοιτο;
596 3597 661 3650 Τί
706 3595 765 3648 δέ
815 3596 1134 3668 κιθαριστῇ,
1163 3596 1215 3648 εί
1246 3594 1474 3647 ἐντείνει
1511 3595 1612 3663 μὲν
1643 3592 1828 3654 καλῶς
1856 3592 1961 3657 τὰς

380 3689 598 3762 χορδὰς,
645 3690 698 3743 οἱ
744 3689 802 3744 δέ
841 3691 898 3742 ἐν
945 3689 1210 3756 γειτόνων
1257 3689 1359 3759 τὴν
1416 3685 1631 3740 ἐκείνου
1684 3683 1960 3756 μουσικὴν

381 3782 865 3852 ἀποστρέφονται;
899 3781 962 3835 Εἰ
991 3781 1051 3834 δέ
1085 3782 1182 3834 καὶ
1221 3781 1456 3850 δρομεὺς
1489 3778 1694 3847 ἀγαθὸς
1723 3776 1835 3845 εἴη,
1866 3777 1964 3830 οὐ·

381 3876 490 3938 δεῖς
513 3875 570 3928 δὲ
599 3875 733 3945 ὁρᾷν
765 3874 1013 3943 βούλοιτο
1046 3873 1348 3942 ίπτάμενον
1402 3870 1569 3925 αὐτὸν
1601 3871 1662 3923 ἐν
1697 3871 1812 3932 τοῖς
1836 3869 1962 3938 δρό-

384 3989 530 4043 μοις.
558 3971 614 4024 τί
671 3969 793 4023 ποτ’
846 3968 914 4024 ἀν
959 3968 1230 4022 ἀπόναιτο
1265 3965 1366 4036 τῆς
1417 3965 1737 4034 ώκύτητος;
1772 3963 1963 4028 Οῦτως

380 4065 494 4134 ἐγὼ
522 4063 580 4117 τὸ
615 4063 777 4133 μέχρι
812 4060 910 4115 τοῦ
951 4061 1047 4113 νῦν
1098 4059 1386 4130 κύμϐαλον
1419 4053 1489 4130 ἦν
1533 4057 1828 4123 ἀλαλάζον,
1869 4057 1964 4111 καὶ

383 4157 562 4228 μάτην
592 4155 742 4225 ήχῶν
766 4171 780 4185 ·
809 4153 948 4207 ἀλλὰ
987 4151 1054 4206 σύ
1089 4169 1157 4222 με
1188 4152 1519 4222 σεμνότερον
1549 4150 1637 4204 διὰ
1685 4152 1786 4219 τῆς
1836 4152 1962 4201 ἐπι-

383 4248 580 4321 μελοῦς
636 4246 928 4311 ἀπέδειξας
991 4243 1338 4316 ἀκροάσεως.
1376 4243 1488 4296 Καὶ
1519 4240 1608 4294 ῐνα
1665 4257 1746 4292 σοι
1801 4239 1961 4306 ἐξαγ-

380 4341 572 4411 γείλω,
601 4339 630 4391 ὁ
671 4338 826 4408 παρά
854 4335 949 4389 σοῦ
987 4336 1238 4388 πέπονθα
1268 4332 1429 4404 (ἀλλά
1459 4348 1550 4402 μοι
1584 4329 1662 4401 τῷ
1687 4331 1836 4400 λόγῳ
1869 4331 1964 4384 τὸν

381 4432 504 4485 νοῦν
535 4430 822 4500 πρόσεχε)·
851 4428 1076 4498 σημεῖον
1116 4424 1380 4491 ποιοῦμαι
1413 4425 1511 4493 τὴν
1547 4421 1648 4492 σὴν
1682 4423 1811 4490 περὶ
1831 4423 1964 4484 τοὺς

2069 1944 2135 1980 πε
2149 1928 2197 1997 ρὶ
2225 1927 2286 1980 τδ
2315 1929 2420 1979 τῶν
2451 1927 2627 1993 λόγων
2663 1927 2858 1990 κάλλος
2891 1929 3181 1998 ἐπτόηνται
3207 1945 3220 1959 ο
3250 1928 3430 1988 ὁποῖος
3468 1919 3520 1978 εί
3561 1925 3647 1979 σύ.

2080 2016 2222 2071 Ἀλλ’
2239 2019 2344 2072 ἔδει
2376 2036 2435 2071 σε
2462 2021 2556 2071 καὶ
2590 2018 2836 2073 τοιούτου
2886 2020 3182 2086 φιλοσόφου
3215 2021 3420 2088 τυχεῖν,
3455 2019 3645 2072 ὁποίου

2065 2107 2162 2161 τοῦ
2199 2108 2608 2180 Ἀριστοτέλους
2645 2109 2744 2178 μὲν
2771 2111 2798 2162 ὁ
2829 2107 3200 2175 Ἀλέξανδρος,
3226 2107 3320 2159 τοῦ
3357 2106 3644 2168 Πλάτωνος

2065 2196 2123 2250 δέ
2154 2199 2184 2249 ὁ
2215 2199 2516 2263 Διονύσιος.
2557 2197 2721 2251 Ἀλλά
2760 2198 2824 2251 σὺ
2863 2199 2958 2268 μὲν
2981 2200 3246 2266 κρείττων
3275 2197 3502 2250 ἐκείνων
3528 2197 3652 2264 (καὶ⁸

2064 2289 2142 2352 ώς
2171 2289 2284 2358 ἐγὼ
2314 2291 2525 2354 δικάζω
2572 2291 2666 2343 καὶ
2716 2291 3138 2359 ἀποφαίνομαι)’
3186 2288 3299 2358 ἐγὼ
3338 2289 3396 2343 δὲ
3446 2290 3654 2360 χείρων

2067 2383 2380 2454 παραπολύ.
2417 2384 2562 2455 Πλὴν
2585 2384 2843 2438 τοσοῦτον
2869 2384 3169 2453 εὐτύχηκα,
3195 2385 3277 2437 ὅτι
3310 2401 3412 2452 μου
3444 2383 3652 2454 μᾶλλον

2066 2478 2199 2548 ἐρᾷς
2245 2478 2279 2545 ἢ
2329 2477 2442 2530 τῶν
2503 2477 2812 2546 φιλοσόφων
2851 2478 3084 2530 ἐκεῖνοι·
3132 2478 3225 2530 καὶ
3258 2478 3345 2531 διὰ
3382 2477 3555 2532 ταῦτα
3585 2477 3654 2532 τὸ

2070 2573 2207 2641 παρ’
2251 2571 2376 2641 ἐμοὶ
2428 2571 2651 2624 ἔλαττον
2706 2571 2890 2624 πλεῖον
2929 2572 3037 2642 ήγῇ
3097 2570 3194 2624 τοῦ
3238 2573 3370 2642 παρ’
3415 2571 3672 2635 ἐκείνοις⁵

2070 2667 2312 2736 μείζονάς
2347 2683 2405 2719 τε
2437 2668 2532 2720 καὶ
2581 2665 2851 2729 πλείονος.
2907 2667 3052 2735 Πλὴν
3088 2669 3184 2720 καὶ
3217 2666 3376 2719 τοῦτο
3417 2666 3549 2732 ῖσθι,
3573 2665 3657 2730 ὡς

2066 2760 2264 2812 ἐκεῖνοι
2299 2759 2420 2828 μὲν,
2449 2753 2526 2813 ὧν
2570 2759 2777 2828 ἀρτίως
2808 2758 3114 2828 ἐμνήσθην,
3141 2759 3495 2828 σφοδρότατοι
3525 2760 3655 2829 ἐρα-

2068 2845 2240 2919 στῘαὶ]
2277 2848 2338 2900 τὸ
2371 2847 2492 2900 κατ’
2521 2847 2700 2919 ἀρχάς
2747 2848 2840 2900 ἐπὶ
2882 2849 3010 2913 τοὺς
3061 2847 3388 2918 φιλοσόφους
3418 2848 3654 2916 γενόμε-

2068 2959 2174 3009 νοι,
2238 2941 2470 3011 ὕστερον
2501 2941 2691 3012 ὥσπερ
2721 2943 2772 2996 οί
2807 2943 2916 2997 τῶν
2956 2943 3203 3014 δρομέων
3232 2942 3485 3012 ὀλίγωροι
3521 2942 3658 2996 καο-

2067 3035 2288 3105 υφῆκαν
2318 3036 2504 3098 αὐτοῖς
2532 3034 2626 3089 τοῦ
2659 3035 2884 3104 ἔρωτος.
2910 3038 3016 3090 Καὶ
3038 3036 3128 3089 διὰ
3155 3036 3447 3096 ταῦταζκαὶ
3463 3037 3653 3089 Διονύ-

2069 3147 2182 3192 σιος
2248 3130 2307 3182 ἐν
2357 3133 2642 3200 τυράννοις
2696 3129 3026 3200 ῆρίθμηται,
3079 3129 3161 3184 ὅτι
3225 3129 3293 3182 τά
3358 3129 3650 3191 Πλάτωνος

2064 3223 2299 3293 ῆθέτησε
2324 3223 2579 3294 δόγματα
2599 3238 2615 3255 ⁶
2639 3224 2738 3279 καὶ
2777 3224 3125 3295 Ἀλέξανδρος
3174 3225 3286 3278 τῶν
3317 3224 3651 3293 κρειττόνων

2064 3316 2362 3386 ἐγκωμίων
2401 3316 2715 3388 ἐστέρηται,
2747 3316 2834 3370 ὅτι
2866 3319 2968 3388 τῆς
3007 3317 3425 3385 Ἀριστοτέλους
3453 3319 3650 3386 σοφίας

2064 3408 2549 3476 καταπεφρόνηκε.
2576 3408 2712 3478 Περὶ
2745 3409 2828 3461 σοὶ
2858 3407 2915 3461 δὲ
2945 3408 3101 3461 οὐδὲν
3127 3406 3375 3462 τοιοῦτον
3406 3409 3647 3472 ὑπονοῶ,

2063 3501 2147 3554 ὅτι
2179 3501 2273 3554 καὶ
2297 3502 2566 3571 κρείττων
2595 3502 2822 3556 ἐκείνων
2853 3502 3037 3572 πολλῷ
3066 3503 3161 3556 καὶ
3195 3505 3296 3573 τὴν
3331 3505 3514 3577 ψυχὴν
3545 3506 3645 3559 καὶ

2063 3593 2162 3663 τὴν
2198 3595 2438 3650 σύνεσιν.
2472 3594 2622 3649 Ἔδει
2648 3596 2707 3649 δὲ
2737 3596 2833 3649 καὶ
2881 3595 3010 3659 τοὺς
3041 3594 3285 3665 βασιλεῖς
3313 3600 3428 3660 τοῖς
3459 3600 3647 3666 σοφοῖς

2064 3685 2296 3749 ἐκείνοις
2346 3688 2788 3758 μνησικακῆσαι,
2827 3689 2910 3741 ὅτι
2959 3687 3075 3741 οὔτ’
3117 3688 3503 3760 Ἀριστοτέλης
3555 3690 3651 3759 ὲγο

2065 3779 2277 3850 κώμιον
2319 3779 2697 3851 Ἀλεξάνδρου,
2743 3781 2869 3835 οὔτε
2927 3782 3159 3836 Πλάτων
3217 3781 3498 3836 Διονυσίου
3547 3799 3654 3836 πεα-

2067 3873 2314 3944 ποίηται.
2333 3873 2435 3928 Διά
2459 3872 2637 3928 ταῦτα
2663 3874 2852 3944 ὥσπερ
2883 3873 3206 3945 ὑϐρισμένοι
3234 3875 3390 3945 παρά
3417 3873 3651 3943 τούτων,

2065 3967 2224 4041 δίκην
2257 3968 2390 4039 παρ’
2413 3968 2596 4022 αὐτῶν
2625 3971 2723 4039 τῆς
2758 3965 2973 4038 ὕϐρεως
2999 3968 3254 4038 ἑκάτεροι
3282 3967 3650 4040 ἀπειλήφασι.

2067 4060 2180 4114 Καὶ
2220 4059 2308 4114 ἵνα
2337 4077 2418 4115 σοι
2453 4063 2551 4114 καὶ
2603 4061 2665 4114 τδ
2712 4060 2846 4132 περὶ
2902 4060 3128 4116 ἐκείνων
3185 4061 3654 4133 ἀνακαλύψω,είς

2065 4155 2237 4227 ἄκρον
2278 4155 2380 4225 μὲν
2436 4156 2762 4227 φιλοσοφίας
2809 4155 3176 4227 ἐληλάκεισαν
3224 4155 3436 4226 ἄμφω·
3473 4155 3654 4226 λόγοιν

2065 4245 2122 4300 δὲ
2169 4247 2403 4317 χάριτας
2442 4247 2542 4299 οὐκ
2602 4248 2897 4317 ἐσχήκασι.
2929 4248 3028 4302 Διά
3062 4246 3238 4300 ταῦτα
3285 4245 3542 4310 ἐλάττους
3590 4248 3657 4301 ἐν

2065 4339 2179 4400 τοῖς
2238 4337 2534 4407 ἐγκωμίοις
2586 4337 2916 4407 γεγόνασινο
2944 4339 3057 4406 ἐγὼ
3095 4337 3152 4390 δέ
3190 4355 3275 4392 σοι
3323 4341 3508 4409 ἥττων
3545 4339 3658 4410 μὲν

2067 4429 2390 4504 τὴνισοφίαν
2419 4431 2664 4497 ἐκείνων,
2700 4431 2970 4500 κρείττων
3007 4430 3066 4484 δέ
3094 4430 3196 4500 τὴν
3225 4429 3480 4500 γλῶτταν
3513 4431 3656 4502 περὶ

379 4527 570 4594 λόγους
612 4521 912 4592 ἐπιθυμίαν
969 4521 1071 4590 τῆς
1128 4517 1230 4587 σῆς
1275 4517 1510 4587 ἀρίστης
1541 4514 1746 4586 ψυχῆς.
1769 4515 1862 4582 ἀφ’
1895 4509 1960 4588 ἧς
1994 4517 2038 4573 D
2064 4522 2164 4593 τὴν
2195 4523 2477 4593 εὐφημίαν
2505 4522 2642 4593 είμί.

383 4618 596 4688 γίνεται
651 4615 717 4667 τὸ
768 4611 1078 4680 ἐπιθυμεῖν.
1119 4609 1262 4677 Ἐγὼ
1291 4609 1399 4677 γάρ
1445 4607 1557 4675 (ἵνα
1603 4623 1687 4660 σοι
1723 4605 1962 4675 τάληθὲς

383 4713 517 4784 ἐρῶ)
565 4711 628 4764 οὐ
677 4708 844 4780 ξηρὸς
873 4707 1077 4776 γέγονα
1123 4704 1224 4775 τήν
1265 4700 1482 4770 σοφίαν,
1535 4700 1645 4755 οὐδ’
1687 4698 1882 4766 ὥσπερ
1913 4698 1962 4750 ot

380 4805 571 4859 πολλοὶ
638 4804 804 4873 μέχρι
843 4799 940 4852 τοῦ
1009 4797 1192 4866 λέγειν
1273 4793 1764 4866 προθυμηθέντεςο
1825 4791 1964 4845 ἀλλὰ

382 4897 722 4959 παντοδαπὸς
752 4896 886 4948 πᾶσι
945 4891 1146 4960 γέγονα
1189 4887 1505 4957 πράγμασι,
1539 4888 1631 4939 καὶ
1660 4887 1843 4938 πᾶσαν
1874 4902 1965 4954 φι-

379 4991 610 5044 λόκαλον
633 4985 814 5057 ψυχὴν
847 4981 1060 5036 ἐπαινῶ
1079 4996 1095 5012 ο
1126 4981 1189 5034 ού
1230 4981 1413 5050 μόνον,
1443 4977 1566 5048 ἥτις
1612 4975 1807 5047 νοητοῦ
1829 4977 1964 5030 κάλ-

380 5081 508 5142 λους
540 5079 663 5149 ἐρᾷ,
690 5076 828 5130 ἀλλὰ
860 5077 958 5128 καὶ
1006 5072 1130 5142 ἥτις
1175 5070 1486 5143 χρωμάτων
1546 5066 1831 5138 ἀνθηρῶν,
1865 5070 1962 5121 καὶ

379 5173 574 5242 τέχνης
604 5169 890 5240 ἀκριϐοῦς,
923 5167 1020 5220 καὶ
1066 5163 1439 5237 μαργαρίτου,
1491 5163 1589 5216 καὶ
1631 5160 1962 5230 σαπφείρου,

382 5267 479 5321 καὶ
503 5263 783 5318 ὑακίνθου.
820 5259 1012 5327 Τεκμή
1023 5273 1138 5327 ριον
1170 5257 1279 5326 γὰρ
1306 5255 1406 5325 τὴν
1431 5255 1562 5326 περὶ
1578 5253 1754 5308 ταῦτα
1779 5251 1965 5306 ποιοῦ-

385 5377 484 5431 μαι
538 5358 724 5425 ἔφεσιν
756 5357 854 5426 τῆς
889 5352 1230 5424 ὑψηλοτέρας
1255 5351 1554 5420 ἐπιθυμίας
1589 5351 1682 5402 καὶ
1713 5348 1962 5419 κρείττο-

381 5469 491 5515 νος.
522 5449 696 5502 Ὅταν
748 5448 806 5501 δέ
853 5463 938 5508 τις
983 5445 1161 5512 λόγων
1222 5443 1454 5505 κάλλους
1495 5434 1806 5513 ἐρᾷ,ὀῦτος
1839 5440 1964 5510 ἐμοὶ

383 5541 718 5616 ὑψηλότερός
767 5541 882 5594 ἐστι
933 5536 1034 5607 τὴν
1083 5536 1342 5607 ἐπιϐολὴν
1386 5536 1484 5604 τῆς
1515 5533 1716 5605 ψυχῆς.
1751 5534 1964 5603 Ὥσπερ

380 5639 490 5706 γὰρ
527 5637 556 5687 ὁ
585 5633 902 5687 παντάπασι
933 5629 1034 5700 τὴν
1060 5627 1288 5698 γνώμην
1311 5625 1522 5697 ἠλίθιος
1553 5625 1818 5694 ἀκίνητός
1844 5625 1962 5678 ἐστι

381 5727 518 5795 πρὸς
555 5727 739 5778 πᾶσαν
790 5721 1085 5793 μουσικὴν,
1114 5719 1210 5772 καὶ
1247 5717 1401 5772 οὐδὲν
1461 5719 1624 5770 αὐτὸν
1675 5717 1824 5788 αἱρεῖ
1855 5715 1963 5769 τῶν

381 5820 483 5873 ὅσα
511 5820 743 5885 τερπνά,
776 5816 897 5872 ἀλλ’
935 5817 993 5872 ἐν
1025 5816 1125 5884 ἴσῳ
1154 5812 1383 5879 τίθεται,
1422 5810 1672 5882 βορϐόρῳ
1703 5809 1961 5888 ἐγκαλιν-

2790 4617 2906 4672 ΜΘ⁸
2914 4655 2932 4673 .

2137 4706 2280 4776 ιῖρὺς
2315 4707 2414 4777 μὲν
2443 4706 2642 4777 τυροὺς
2674 4707 2770 4761 καὶ
2801 4708 2955 4772 ὕδνα,
2987 4708 3120 4774 ῐσως
3151 4709 3211 4765 δὲ
3248 4711 3346 4767 καὶ
3379 4712 3530 4782 μύρα
3549 4712 3652 4768 καὶ

2063 4801 2333 4869 πέμματα
2362 4800 2456 4853 καὶ
2481 4800 2776 4871 ἀρώματα,
2814 4801 3250 4874 ύπερθαύμαστέ
3280 4821 3375 4876 μοι
3399 4804 3654 4876 Καῖσαρ,

2064 4890 2411 4944 ἐπιστέλλειν
2468 4893 2564 4944 καὶ
2613 4891 3050 4960 ἀνταμείϐεσθαι
3104 4892 3385 4965 δύναμαι·
3417 4895 3556 4965 πρὸς
3587 4895 3652 4948 δὲ

2066 4983 2236 5037 ἵππον
2281 4982 2426 5036 οὕτω
2489 4983 2592 5053 μὲν
2657 4965 2846 5049 καλὸν,
2897 4983 3042 5039 οὕτω
3072 4984 3131 5039 δὲ
3174 4989 3371 5056 μέγαν,
3407 4985 3552 5040 οὕτω
3587 4987 3654 5043 δὲ

2065 5073 2360 5142 τρυφερὸν,
2404 5071 2547 5125 οὕτω
2597 5072 2655 5126 δέ
2686 5074 2860 5144 ταχὺν
2891 5074 2987 5128 καὶ
3019 5074 3327 5146 εὐκίνητον,
3353 5077 3651 5148 ἐπιστολὴν

2068 5163 2358 5234 ίσόμετρόν
2404 5181 2463 5216 τε
2499 5165 2595 5218 καὶ
2644 5165 2966 5232 ίσοδύναμον
2997 5167 3224 5235 ποιῆσαι
3253 5169 3549 5240 ἀμηχανῶ.
3579 5171 3653 5226 ΕΞ

2065 5249 2176 5328 γὰρ
2209 5261 2303 5310 καὶ
2337 5259 2412 5328 μὴ
2434 5258 2674 5323 τοιοῦτος
2704 5254 2790 5330 ἦν,
2827 5260 2963 5330 μηδὲ
2994 5259 3271 5324 τοσούτοις
3293 5263 3642 5335 ἐκεκόσμητο

2065 5349 2342 5413 κάλλεσιν,
2370 5351 2588 5414 ὁπόσοις
2612 5351 2724 5405 οὐδ’
2747 5353 2775 5404 ὀ
2798 5350 2891 5403 τοῦ
2928 5351 3286 5424 Ἀλεξάνδρου
3315 5353 3654 5423 παράσημος

2065 5441 2228 5505 ἵππος
2261 5444 2491 5509 (ἐκεῖνος
2523 5444 2634 5512 γάρ
2670 5442 2958 5513 θυμοειδὴς
3001 5442 3177 5506 ἄλλως
3225 5438 3313 5515 ἦν,
3347 5445 3650 5498 ἀποπτύων

2064 5550 2123 5586 τε
2161 5537 2252 5586 τὸν
2283 5533 2524 5603 χαλινὸν,
2563 5535 2655 5588 καὶ
2695 5534 2764 5587 δι’
2793 5533 3106 5608 ὑπερϐολήν
3157 5535 3470 5606 ἀγερωχίας
3523 5539 3646 5590 ἐπι.

2065 5626 2241 5698 ϐάτην
2278 5627 2354 5697 μὴ
2390 5627 2798 5697 προσιέμενος)·
2835 5625 2954 5680 ἀλλ’
2979 5627 3169 5696 ἐπειδὴ
3203 5627 3353 5697 παρὰ.
3399 5625 3644 5681 τοιούτου

2064 5718 2258 5789 ἀνδρὸς
2299 5718 2476 5790 δῶρόν
2507 5735 2600 5787 μοι
2653 5719 3016 5785 ἀπέσταλται,
3039 5717 3212 5788 ὁποίῳ
3239 5717 3305 5771 ἂν
3331 5717 3506 5782 οὐδεὶς
3535 5718 3652 5774 τῶν

2065 5807 2160 5864 ἀπ’
2193 5807 2386 5874 αἰῶνος
2429 5808 2680 5879 γηγενῶν
2704 5809 3058 5874 ἀντερίσειεν,
3087 5802 3205 5868 πῶς
3245 5803 3312 5858 ἂν
3353 5803 3636 5868 διαμιλλη-
