4062 6412
421 333 558 396 1219

1859 329 2214 389 ADDENDA

3543 327 3690 389 13⁸ἒο

419 449 625 517 σαίμην
643 445 790 517 λόγῳ
813 445 949 516 1:96;
971 445 1068 516 τὴν
1095 447 1188 500 τοῦ
1216 446 1533 517 πέμψαντος
1564 448 1766 519 ἀρετήν
1791 463 1807 511 ;
1834 444 1992 500 Ἐπεὶ
2023 463 2064 515 Α
2097 444 2403 512 ἀναστῆσαι
2457 438 2723 508 σύντομός
2775 453 2836 489 τε
2887 438 2984 489 1:01
3041 436 3372 507 ἐπιτήδειος.
3417 437 3568 506 Ἐγὼ
3624 441 3693 492 δὲ

417 541 474 594 δὲ
505 541 600 594 καὶ
619 541 648 593 6
673 537 979 608 πεπομφὼς
1003 540 1116 593 ἀνω
1141 558 1243 592 που
1272 540 1508 610 κάθηται
1544 541 1654 593 τῶν
1676 540 1875 608 νεφῶν,
1902 540 1995 593 1:01

423 633 483 684 :6
518 631 767 699 πεμφθὲν
801 628 1000 698 μικροῦ
1030 629 1138 681 δεῖν
1166 632 1278 692 τοῖς
1331 631 1604 698 ὁμοειδέσι
1633 628 1795 694 ζώοις
1826 629 1998 696 ἀσύγ-

425 733 650 788 κριτονο
686 718 824 788 πρὸς
860 717 954 770 δύο
992 718 1315 787 τηλικαῦτα,
1357 719 1420 771 :6
1470 719 1665 781 κάλλος
1714 717 1852 788 ὁμοῦ
1903 721 2000 771 1:01

427 814 486 865 :6
519 813 748 882 μέγεθος
802 811 868 873 δ’,
909 811 1188 880 Ἡρακλῆς
1232 813 1439 877 ἐκεῖνος
1485 813 1942 880 ἀνταγωνίσαιτο.
1967 812 2001 882 ή

430 905 702 975 παροιμία
730 905 914 973 φησίν.
960 904 1099 958 Ἀλλ’
1133 907 1264 959 ὅταν
1297 907 1395 974 μέν
1428 907 1565 974 πρδς
1597 907 1696 976 τὴν
1740 906 1840 976 σὴν
1885 907 2004 958 ἐπι-

435 997 615 1066 μύσας
657 999 954 1068 ὑπεροχήν,
982 999 1074 1050 τὸν
1109 999 1278 1051 ἵππον
1329 1000 1613 1062 θαυμάσαι
1643 999 2003 1070 βουλήσομαι,

431 1092 585 1144 κάτω
613 1109 717 1143 που
747 1091 938 1144 τούτου
970 1095 1064 1144 καὶ
1112 1092 1206 1144 τὸν
1253 1093 1605 1159 Βουκεφάλαν
1635 1093 1730 1147 1:01
1763 1094 1858 1147 τὸν
1893 1094 2006 1164 Πή-

436 1201 604 1248 γασον
630 1184 875 1250 τίθεμαι.
911 1182 977 1236 Τί
1011 1183 1141 1252 γάρ.
1171 1186 1220 1237 εί
1275 1185 1304 1236 6
1355 1185 1454 1253 μέν
1487 1185 1759 1255 εὕσαρκος
1789 1186 1888 1252 μέν
1922 1204 2007 1250 τις

433 1270 523 1340 ἦν,
550 1272 644 1326 καὶ
697 1275 971 1337 πιότατος,
1011 1275 1105 1326 1:01
1155 1273 1280 1343 βοὸς
1330 1273 1539 1345 κεφαλῇ
1583 1275 2008 1346 διεσχημάτιστο

436 1364 528 1417 ἐπὶ
555 1365 649 1417 τοῦ
693 1363 895 1434 μηροῦ,
922 1365 1256 1434 θρασύτατος
1279 1365 1335 1418 δέ
1359 1366 1551 1429 τάλλα,
1586 1370 1681 1420 καὶ
1711 1368 1809 1438 τὴν
1853 1368 2010 1438 ἡνίαν

438 1457 514 1525 μὴ
556 1456 911 1526 προσιέμενος
938 1473 952 1488 ο
989 1458 1017 1509 6
1067 1458 1125 1510 δέ
1172 1460 1254 1520 εἰς
1292 1459 1435 1529 ἀέρα
1465 1461 1766 1530 ἐπτέρωτο,
1797 1462 1890 1514 1:01
1918 1462 2011 1514 τὸν

440 1549 706 1619 ἐπιϐάτην
741 1549 1004 1613 πολλάκις
1044 1551 1154 1603 τῶν
1197 1553 1383 1604 νώτων
1413 1553 1755 1622 ἀπέκρουεν;
1803 1553 1944 1606 Ἀλλ’
1980 1554 2008 1606 6

439 1657 501 1705 γε
532 1639 806 1710 πεμφθεὶς
834 1643 956 1710 ἐμώ⁸
983 1642 1075 1694 1:01
1105 1641 1182 1711 τῷ
1211 1643 1399 1696 κάλλει
1432 1645 1530 1712 μὲν
1553 1645 1646 1696 καὶ
1673 1644 1751 1713 τῷ
1788 1645 2012 1713 μεγέθει

440 1732 664 1793 ἐκείνοις
699 1731 1060 1800 ἀνθάμιλλος·
1086 1731 1198 1802 ἔχει
1226 1733 1280 1786 δέ
1315 1734 1454 1801 μετὰ
1486 1734 1595 1786 τῶν
1627 1733 1770 1787 δυοῖν
1806 1733 2013 1786 τούτων

441 1825 648 1893 ἀρετῶν
678 1825 773 1878 1:01
827 1824 888 1876 :6
931 1825 1004 1895 μή
1062 1828 1168 1894 1:96
1223 1827 1422 1880 πολλοῦ
1479 1827 1867 1896 γεγεννῆσθαι,
1896 1826 2012 1880 ἀλλ’
2047 1811 2086 1867 Β

439 1918 566 1983 ἄρτι
595 1916 735 1986 ήϐᾇν
767 1916 867 1982 τὴν
901 1916 1119 1969 ἵππειον
1147 1918 1308 1988 ἥϐην,
1349 1919 1558 1988 ἥμερόν
1590 1936 1650 1972 τε
1700 1915 1864 1985 εἶναι,
1916 1921 2012 1972 1:01

440 2008 567 2079 ιμὴι
600 2008 736 2079 πρὸς
763 2007 900 2073 θίξιν
941 2009 1120 2078 χειρὸς
1152 2011 1479 2078 ἀγριαίνειν,
1511 2013 1647 2080 μήτε
1681 2013 1890 2068 δεῖσθαι
1915 2009 2012 2064 τοῦ

440 2099 957 2169 περιποππύζεσθαι
977 2139 991 2162 ,
1030 2100 1126 2153 1:01
1155 2094 1264 2152 οἷον
1297 2100 1677 2156 τιθασεύεσθαί
1707 2119 1766 2156 τε
1799 2104 1892 2156 καὶ
1919 2120 2013 2156 κο-

440 2190 789 2243 λακεύεσθαι.
830 2191 1002 2242 Ὅταν
1049 2190 1149 2259 μὲν
1196 2189 1288 2242 οῦν
1321 2193 1458 2261 πρὸς
1491 2193 1582 2244 τὸν
1615 2193 1785 2246 ἵππον
1813 2193 2011 2257 ἀπίδω,

441 2279 615 2343 οὕτως
667 2281 854 2334 τοῦτον
914 2281 1478 2352 ὕπερεκπέπληγμαι,
1531 2285 1627 2335 1:01
1683 2285 2015 2356 ἀσύγκριτον

444 2371 579 2441 προς
609 2370 736 2432 τοὺς
767 2370 987 2434 λοιποὺς
1021 2370 1243 2439 τίθεμαι
1263 2385 1278 2399 ⁸
1311 2371 1360 2423 εί
1386 2371 1441 2423 δέ
1478 2372 1614 2440 πρὸς
1641 2371 1732 2425 τὸν
1767 2373 2018 2427 ἀποστα-

440 2458 602 2512 λέντα
631 2458 982 2526 μεταϐιϐἀσω
1009 2457 1107 2528 τὴν
1138 2459 1364 2522 ἔννοιαν,
1389 2461 1689 2526 τηνικαῦτα
1736 2465 1798 2515 :6
1835 2463 2017 2532 λυχνι-

445 2549 561 2600 αῖον
586 2547 702 2615 φῶς
737 2547 1044 2616 θαυμάζειν
1097 2549 1276 2616 ἀφεὶς,
1321 2549 1418 2602 τοῦ
1458 2551 1610 2619 ήλίου
1665 2553 1880 2624 τέθηπα
1917 2560 2016 2624 τὴν

451 2638 842 2707 μαρμαρυγήν.
872 2638 1020 2692 Ἔδει
1075 2638 1173 2707 μὲν
1202 2634 1297 2692 οῦν
1347 2657 1428 2703 σε,
1474 2644 1598 2696 ὅσον
1630 2646 1720 2698 ἐπὶ
1753 2649 1874 2710 ταῖς
1907 2649 2017 2701 τῶν

448 2734 789 2802 πραγμάτων
842 2733 1162 2804 ὑπεροχαῖς,
1250 2735 1573 2804 ὑπερνεφεῖν
1627 2754 1687 2791 τε
1762 2740 1857 2792 1:01
1907 2737 2018 2795 οἷον

448 2827 782 2895 ἀεροϐατεῖν,
811 2827 906 2880 καὶ
937 2829 1304 2895 καταφρονεῖν
1340 2827 1449 2879 τῶν
1478 2829 1774 2898 ἐφημέρων
1808 2830 1967 2899 ἡμῶν
2000 2848 2013 2862 ·

451 2918 545 2972 νῦν
575 2919 650 2981 δέ,
680 2918 707 2970 6
741 2921 853 2981 τοῖς
902 2918 1081 2978 ἄλλοις
1126 2920 1228 2982 τὰς
1277 2919 1449 2988 ὀφρῦς
1490 2919 1637 2990 ὑπὲρ
1672 2923 1732 2972 :6
1767 2922 2018 2991 μέτωπον

450 3011 653 3077 τίθησι,
685 3011 768 3062 σοὶ
805 3009 898 3062 καὶ
936 3011 1061 3071 τοὺς
1083 3009 1396 3077 ὀφθαλμοὺς
1427 3009 1610 3073 αἰδοῦς
1639 3011 1908 3082 ἐμπιπλᾷ,
1929 3014 2021 3064 καὶ

456 3103 924 3173 μετριοφροσύνην
949 3101 1186 3172 ἄρρητον
1246 3105 1485 3172 ἐμποιεῖ.
1531 3103 1674 3170 Ἐγὼ
1698 3104 1754 3158 δὲ
1789 3104 1921 3177 ἐ[τι]
1959 3105 2018 3156 οὐ

452 3198 518 3248 τὰ
551 3195 762 3265 μεγάλα
793 3196 950 3264 μόνον
983 3193 1285 3264 θαυμάζειν
1311 3199 1620 3266 προῆγμαι,
1640 3195 1776 3249 ἀλλά
1805 3213 1898 3248 σου
1925 3198 2019 3249 καὶ

453 3289 519 3342 τὰ
572 3287 827 3356 πάρεργα
881 3285 1194 3355 ἀσύγκριτα
1229 3288 1327 3341 1:01
1373 3287 1728 3357 ἀπαράμιλλα
1761 3289 1978 3358 ἥγημαι
2005 3302 2018 3316 ·

455 3377 548 3428 καὶ
571 3379 598 3428 6
631 3379 728 3446 τήν
760 3377 888 3445 χθές
921 3376 1074 3447 π[ου]
1105 3380 1218 3440 τοῖς
1266 3379 1576 3441 καλλίστοις
1604 3379 1739 3442 υἱοῖς
1770 3397 1863 3432 σου
1895 3396 2022 3430 συσ-

456 3467 795 3538 σιτούμενος,
827 3469 904 3531 ώς
935 3469 1246 3535 ἐπίστασαι,
1271 3473 1372 3523 0-31:
1431 3473 1846 3542 ἀποκρύψομαι,
1886 3471 2025 3525 ἀλλά

453 3558 720 3628 λαμπρῶς
771 3559 1138 3631 διηγήσομαι.
1190 3562 1248 3613 Ὀ
1301 3563 1409 3631 γὰρ
1463 3564 1878 3634 πειριιπόθητός
1933 3580 2024 3632 μοι

469 3651 805 3718 Ἀνδρόνικος
832 3651 890 3703 :6
925 3651 1032 3705 τῶν
1065 3653 1311 3721 γεράνων
1346 3655 1520 3722 ήδέως
1553 3672 1642 3722 μοι
1664 3654 2026 3724 διηγούμενος

455 3741 800 3810 κυνηγέσιον,
823 3742 917 3794 καὶ
947 3742 1021 3804 ώς
1055 3743 1116 3795 :6
1150 3742 1493 3814 βραχύτατον
1528 3745 1665 3808 ζῶον
1709 3747 1770 3798 τὸ
1813 3745 1910 3799 τοῦ
1939 3747 2029 3813 γέ-

457 3849 584 3896 νους
635 3833 1056 3889 ἐπιϐουλότατον
1088 3835 1349 3903 θηρᾶται,
1394 3835 1588 3888 τοῦτον
1620 3836 1713 3889 τὸν
1766 3838 2022 3907 γέρανον,

457 3923 866 3994 ὑπερνεφοῦντα
913 3927 1027 3988 τοῖς
1069 3925 1324 3995 πτέρυξι,
1356 3925 1452 3979 καὶ
1498 3926 1604 3978 61:6
1639 3925 1740 3997 τὴν
1775 3927 2026 3998 ἀγκάλην

457 4015 640 4085 ἡρέμα
666 4017 917 4067 ὕπεισιδν
951 4017 1235 4085 πολιορκεῖ
1284 4034 1368 4082 τε,
1415 4017 1510 4069 καὶ
1547 4017 1623 4080 ὡς
1654 4021 1831 4087 τεῖχος
1869 4021 2028 4088 μέγι-

460 4123 583 4161 στον
609 4107 883 4175 καθαιρεῖ,
912 4107 1009 4158 1:01
1035 4109 1154 4168 ταῖς
1204 4107 1385 4172 ὄνυξιν
1429 4110 1641 4161 ἐκείνου
1693 4109 2031 4181 διασπαράτ-

458 4216 610 4252 τεται
635 4214 650 4230 ·
685 4195 804 4250 εἶτά
836 4214 927 4268 μοι
960 4199 1051 4250 τὸν
1079 4199 1239 4264 λόγον
1269 4199 1663 4264 καταϐιϐάσας,
1698 4202 1779 4254 ὅτι
1816 4219 1900 4256 σοι
1934 4221 2030 4256 και

463 4291 568 4360 πρὸ
608 4289 792 4358 ὀλίγου
825 4289 1124 4358 θαυμάσιον
1159 4290 1296 4354 ζῶον
1341 4291 1445 4343 61:6
1494 4291 1732 4362 γεράνου
1775 4293 2032 4363 διέφθαρ-

458 4399 573 4448 ται,
599 4383 664 4435 σὺ
704 4381 760 4433 δὲ
795 4380 1053 4433 τοσούτου
1081 4381 1310 4452 ἐδεήθης
1345 4383 1605 4453 ἀλγῆσαι,
1630 4385 1772 4436 ὥστε
1811 4387 1908 4438 1:01
1933 4401 2030 4436 πεο

2100 535 2220 604 (καὶ
2242 529 2644 604 ὁρκοποιοῦμαι
2691 529 2790 598 τὴν
2837 531 2939 598 σὴν
2990 527 3258 596 φιλτάτην
3301 528 3506 600 ψυχήν)
3536 531 3696 585 οὕτω

2099 632 2227 692 τοὺς
2291 629 2498 690 ἵππους
2549 626 2768 679 δέδοικα
2813 624 3061 692 πέφρικά
3113 640 3174 675 τε
3240 625 3336 676 1:01
3389 623 3693 694 ἐπτόημαι,

2101 721 2291 790 ῶσπερ
2324 719 2389 788 δὴ
2421 719 2472 771 οἱ
2508 716 2688 771 λοιποὶ
2740 717 2868 778 τοὺς
2911 716 3224 782 ἐλέφαντας
3250 715 3348 766 καὶ
3371 714 3501 775 τοὺς
3540 716 3698 767 λέον-

2101 829 2203 876 τας
2225 827 2242 844 ο
2265 811 2370 864 κᾶν
2395 810 2569 880 βραχύ
2599 826 2652 862 τι
2677 809 3010 878 περικινήσῃ
3036 806 3137 876 τὴν
3170 806 3419 877 κεφαλήν
3442 809 3470 859 6
3503 807 3697 876 φέρων

2104 906 2226 974 ἐμὲ,
2253 904 2418 966 εὐθὺς
2449 902 2611 964 06:6;
2641 901 2741 970 τῆς
2774 900 2938 970 ἕδρας
2966 898 3366 962 ἀπολισθαίνω,
3391 899 3490 954 1:01
3513 901 3695 966 ἀκρα-
3752 927 3766 973 ί

2105 999 2203 1069 τής
2246 1015 2334 1067 μοι
2369 997 2401 1065 ή
2440 996 2562 1067 χεὶρ
2600 995 2694 1048 τοῦ
2727 993 2950 1064 χαλινοῦ
2988 995 3225 1062 γίνεται.
3291 993 3433 1047 Ἀλλ’
3487 993 3541 1045 εῖ
3599 1010 3698 1063 μοι
3752 982 3761 1015 τ

2107 1092 2263 1144 τοῦτο
2313 1085 2578 1157 πρότερον
2607 1088 2664 1151 ἐξ
2700 1086 2918 1154 ἁπαλῆς
2951 1087 3049 1139 1:01
3085 1086 3268 1155 δειλῆς
3316 1086 3557 1150 φύσεως,
3592 1085 3697 1137 νῦν

2106 1182 2165 1234 δέ
2203 1198 2295 1250 μοι
2330 1181 2426 1234 1:01
2457 1180 2519 1232 :6
2557 1177 3001 1248 προσγενόμενον
3039 1177 3254 1245 νόσημα
3291 1175 3391 1245 τὴν
3442 1177 3693 1243 φυσικὴν

2108 1274 2304 1326 πτοίαν
2336 1272 2646 1326 ἐδίπλασεν.
2696 1271 2839 1324 Ἀλλ’
2891 1272 2940 1323 εί
2991 1272 3088 1324 1:01
3135 1267 3307 1340 [τοὺς]
3363 1267 3562 1331 ἄλλους
3599 1269 3698 1320 1'1:-

2110 1383 2246 1429 πους
2280 1364 2619 1434 πεφόϐημαι,
2646 1363 2738 1416 ἐπί
2772 1379 2836 1430 γε
2869 1360 2964 1414 τοῦ
2992 1359 3086 1413 σοῦ
3124 1357 3471 1430 θαρρούντως
3497 1357 3698 1428 ὀχήσο-

2114 1474 2233 1526 μαι.
2267 1455 2425 1510 Οὕτω
2459 1472 2555 1508 σου
2589 1453 2782 1524 θαρρῶ
2822 1452 2883 1506 οὑ
2919 1450 3019 1522 τὴν
3057 1449 3238 1521 ψυχὴν
3275 1449 3462 1519 μόνον,
3500 1449 3620 1502 ἀλλ’
3645 1448 3702 1501 εἰ

2109 1566 2262 1611 τινας
2294 1550 2439 1618 ἔχοις
2469 1551 2560 1602 1:01
2591 1548 2838 1609 λέοντας.

2185 1728 2314 1786 Εἶτα
2370 1731 2436 1803 δὴ
2493 1733 2728 1799 ἀγνοεῖς,
2781 1729 3196 1800 ὑπερφυέστατε
3245 1729 3490 1797 Καῖσαρ,
3515 1725 3598 1779 6::
3634 1723 3701 1778 :6

2119 1823 2272 1878 ὕδνον
2300 1824 2485 1886 ἀτελές
2518 1825 2631 1874 ἐστι
2663 1824 2761 1892 τῆς
2789 1823 2892 1892 γῆς
2916 1823 3181 1892 γέννημα,
3244 1821 3340 1874 1:01
3380 1822 3457 1882 ὼς
3518 1819 3701 1870 εἰπεῖν

2119 1915 2517 1984 ἀμϐλωθρίδιον
2543 1933 2557 1980 ;
2587 1915 2661 1967 Οὕ
2686 1917 2795 1985 γάρ
2816 1914 3101 1966 ἀποτίκτει
3125 1913 3282 1964 τοῦτο
3303 1916 3396 1964 1:01
3421 1913 3455 1980 ή
3486 1912 3699 1980 μήτηρ,

2119 2010 2239 2062 οὕδέ
2270 2011 2388 2070 ταῖς
2412 2008 2594 2061 ὠδῖσιν
2622 2007 2807 2074 ἐξάγει
2842 2005 2978 2074 1:96;
3013 2003 3129 2074 φῶς
3160 2019 3176 2034 ο
3202 2004 3319 2056 ἀλλ’
3361 2004 3409 2055 οἱ
3441 2004 3540 2070 τὴν
3600 2004 3705 2070 ἐμ-

2122 2097 2450 2168 ϐρυουλκίαν
2488 2097 2689 2158 εἰδότες
2730 2096 2826 2149 τοῦ
2885 2094 3192 2161 θαυμασίου
3257 2093 3446 2144 τούτου
3507 2091 3698 2154 τόκου,

2121 2191 2338 2244 ἐπειδάν
2366 2191 2463 2258 τήν
2499 2190 2742 2260 γαστέρα
2766 2190 2866 2258 τῆς
2895 2188 2998 2256 γῆς
3029 2185 3429 2252 ἐξογκωθεῖσαν
3457 2183 3704 2237 θεάσων-

2121 2301 2232 2345 ται,
2289 2281 2358 2334 τά
2414 2279 2694 2350 σπλάγχνα
2750 2278 2954 2348 ταύτης
3010 2275 3080 2347 (εί
3129 2276 3236 2345 χρὴ
3277 2273 3448 2336 οὕτως
3498 2271 3702 2342 εἰπεῖν)

2121 2373 2608 2444 διασπαράξαντες,
2642 2374 2702 2425 :6
2735 2371 2999 2439 κυόμενον
3030 2368 3365 2435 ὕπεξάγουσι
3398 2383 3414 2398 ο
3459 2367 3556 2418 καὶ
3609 2365 3705 2416 διά

2121 2465 2294 2518 ταῦτα
2316 2465 2560 2534 ἄμορφόν
2591 2466 2707 2515 ἐστι
2731 2464 2831 2530 τὴν
2859 2461 2986 2514 θέαν
3015 2459 3111 2514 1:01
3149 2457 3404 2520 ἀκαλλές.
3461 2455 3529 2508 Ἦ
3553 2454 3612 2506 δέ
3635 2470 3703 2521 γε

2127 2560 2308 2626 μήτηρ
2333 2553 2783 2624 περιμυθουμένη
2825 2551 3016 2604 τούτου
3046 2549 3146 2620 τὴν
3175 2547 3476 2618 ἀμορφίαν,
3505 2545 3704 2615 ήδονὴν

2124 2650 2425 2703 ἐντέθεικεν
2465 2650 2736 2720 ἄρρητον·
2785 2648 2976 2717 ῶσπερ
3009 2645 3072 2716 δὴ
3125 2644 3203 2714 τῷ
3239 2641 3556 2711 δημαγωγῷ
3590 2642 3704 2693 τῶν

2139 2741 2440 2811 Ἀθηναίων
2497 2741 2574 2809 τῷ
2628 2739 2777 2808 σοφῷ
2825 2739 2924 2808 τὴν
2969 2735 3194 2807 γνώμην
3239 2739 3336 2790 καὶ
3367 2731 3706 2803 μεγαλοφυεῖ

2127 2833 2403 2903 Περικλεῖ,
2429 2833 2703 2903 προμήκει
2731 2831 2830 2901 τὴν
2856 2831 3097 2900 κεφαλὴν
3118 2828 3386 2898 γεγονότι,
3421 2825 3548 2878 νοῦν
3599 2826 3708 2892 ἐμ-

2130 2926 2266 2998 μελῆ
2294 2925 2650 2993 κατέσπειρεν
2680 2926 2706 2975 ὁ
2730 2923 2884 2983 Θεός.
2917 2920 3126 2974 Λύτίκα
3149 2924 3239 2972 καὶ
3261 2921 3289 2972 6
3321 2917 3708 2988 Ἀριστοτέλης

2127 3017 2426 3085 ὐπόψελλος
2451 3011 2518 3084 ἦν
2542 3015 2638 3082 τὴν
2653 3012 2920 3080 γλῶτταν,
2951 3013 3044 3064 1:01
3075 3012 3102 3062 6
3131 3010 3356 3062 Πλάτων
3379 3008 3704 3077 ἐπίκυρτος,

2129 3110 2223 3161 καὶ
2253 3109 2282 3160 6
2330 3105 2594 3160 Μακεδὼν
2633 3105 2839 3164 ἐκεῖνος
2889 3101 3232 3170 Ἀλέξανδρος
3259 3098 3706 3166 παρεγκεκλιμέ-

2123 3217 2211 3262 νος
2237 3197 2328 3250 τὸν
2347 3195 2634 3266 τράχηλον.
2677 3189 2768 3256 Οἷς
2807 3194 2906 3262 μὲν
2939 3195 3046 3263 γάρ
3075 3195 3144 3246 τά
3203 3193 3310 3256 ἔξω
3368 3189 3704 3259 περικαλλῆ,

2122 3291 2191 3344 τά
2235 3289 2381 3342 ἔνδον
2403 3290 2553 3341 νοσεῖ
2583 3304 2597 3318 ο
2623 3283 2703 3350 οἷς
2732 3286 2788 3338 δὲ
2819 3285 2997 3354 φαύλη
3037 3287 3068 3354 ή
3098 3283 3383 3354 περιϐολὴ,
3426 3284 3488 3335 :6
3541 3285 3711 3349 ἐγκε-

2125 3381 2438 3452 κρυμμένον
2488 3380 2814 3448 θαυμάσιον.
2851 3376 3098 3430 Ἀκανθα
3128 3375 3259 3444 γοῦν
3281 3375 3374 3428 καὶ
3418 3373 3512 3426 τοῦ
3546 3375 3708 3442 ῥόδου

2125 3475 2492 3545 προϐέϐληται
2521 3490 2536 3506 ο
2571 3474 2664 3526 1:01
2693 3474 2726 3542 ἡ
2759 3473 3088 3541 κυπάριττος
3131 3471 3406 3538 ἄκαρπος.
3443 3469 3708 3522 Τοιοῦτον

2124 3567 2188 3636 δὴ
2217 3567 2313 3620 καὶ
2337 3569 2398 3618 τὸ
2424 3565 2578 3618 ὕδνον
2603 3565 2717 3616 ἐστι
2744 3582 2758 3596 ο
2789 3564 2851 3616 :6
2898 3564 2999 3633 μὲν
3059 3563 3384 3632 φαινόμενον
3431 3562 3708 3632 ἄμορφον,

2125 3659 2186 3711 :6
2217 3658 2272 3710 δὲ
2307 3656 2682 3726 κρυπτόμενον
2709 3661 2996 3724 τρόφιμον.
3030 3653 3093 3708 'H
3131 3654 3197 3722 σὴ
3241 3653 3386 3723 ψυχὴ
3437 3655 3574 3724 μόνη
3605 3655 3713 3706 ὑπ-

2127 3749 2414 3821 εξῃρήσθω
2434 3747 2527 3800 τοῦ
2559 3747 2716 3816 λόγου
2748 3762 2762 3777 ο
2797 3747 2998 3815 μᾶλλον
3045 3745 3103 3798 δέ
3132 3746 3194 3797 :6
3226 3745 3318 3797 σὸν
3371 3747 3587 3814 κρᾶμα,
3646 3750 3711 3796 τὸ

2130 3841 2491 3910 συγχεόμενον
2515 3840 2580 3891 ἐκ
2613 3837 2790 3908 ψυχῆς
2815 3854 2877 3889 τε
2923 3838 3018 3889 1:01
3045 3835 3318 3906 σώματος.
3350 3837 3424 3888 ’Ἢ
3479 3853 3538 3888 τε
3595 3838 3713 3905 γάρ

2132 3946 2212 3981 σοι
2260 3930 2353 3981 τοῦ
2411 3927 2660 3995 σώματος
2717 3926 2977 3997 περιϐολὴ
3034 3927 3317 3993 θαυμασία
3373 3926 3544 3988 ὅντως
3605 3932 3712 3979 καὶ

2130 4021 2361 4090 ἡρωϊκή,
2405 4020 2440 4089 ἦ
2487 4036 2546 4071 τε
2600 4020 2697 4089 τῆς
2751 4018 2932 4088 ψυχῆς
2963 4018 3122 4084 φύσις
3181 4018 3273 4072 νοῦ
3299 4018 3397 4070 1:01
3450 4018 3713 4090 Χαρίτων

2135 4111 2331 4181 μεστή.
2381 4110 2519 4162 Ἀλλ’
2547 4111 2908 4179 ἐπιλέλησμαι
2931 4110 3040 4162 τῶν
3069 4109 3216 4178 ἐμῶν
3245 4109 3432 4162 κακῶν
3456 4109 3563 4161 61:6
3599 4110 3714 4160 τῶν

2135 4204 2244 4256 σῶν
2271 4202 2513 4270 ἀγαθῶν.
2555 4204 2748 4255 Κεῖται
2789 4203 2899 4268 γάρ
2933 4218 3023 4270 μοι
3071 4201 3456 4271 ψυχορραγοῦν
3498 4201 3560 4252 :6
3618 4201 3714 4252 θυ-

2131 4293 2432 4366 γάτρι[ον].
2453 4295 2486 4363 ἢ
2520 4295 2614 4346 νῦν
2643 4293 2871 4363 πρώτως
2901 4293 3037 4362 μετά
3063 4295 3133 4345 τὰ
3181 4296 3249 4346 σὰ
3279 4295 3430 4364 δῶρα
3484 4296 3717 4363 μετηνέ-

2133 4388 2237 4458 χθη
2270 4387 2406 4455 πρὸς
2451 4385 2550 4455 τὴν
2581 4383 2747 4454 ζωήν.
2801 4383 2946 4437 Ἀλλ’
2987 4385 3020 4453 ή
3063 4384 3161 4452 μὲν
3189 4385 3483 4454 ήμίπνους,
3516 4387 3628 4452 ἐγὼ
3653 4387 3715 4438 δὲ

463 4479 801 4544 ριεγάννυσο,
834 4473 928 4525 καὶ
961 4474 1160 4544 μικροῦ
1188 4475 1296 4526 δεῖν
1319 4475 1395 4543 τῷ
1418 4476 1509 4527 τοῦ
1539 4476 1679 4538 ζώου
1714 4478 2030 4546 σπαραγμῷ
2136 4481 2222 4549 μὴ
2246 4478 2344 4550 τὴν
2380 4481 2531 4546 ἱεράν
2564 4495 2656 4530 σου
2715 4479 2979 4548 κεφαλὴν)
3027 4479 3250 4541 ἄπνους,
3298 4477 3376 4546 τῷ
3425 4477 3503 4548 σῷ
3561 4481 3717 4547 μόνῳ

461 4565 891 4635 ἐπεσκίρτησας,
917 4565 1182 4630 ἐπειπών,
1209 4568 1289 4617 ὃτι
1315 4567 1555 4636 ἀνῃρέθη
1581 4568 1908 4636 μαχόμενον,
1937 4571 2032 4621 καὶ

461 4655 651 4723 ῶσπερ
685 4655 744 4706 ἐν
790 4652 1014 4724 πολέμῳ
1048 4653 1288 4706 ἀπέθυσε
1327 4655 1425 4725 τὴν
1476 4654 1642 4725 ζωὴν,
1693 4655 1882 4726 ῶσπερ
1918 4660 2033 4708 ἐπι-

461 4747 681 4816 κήδειόν
715 4763 836 4797 τινα
887 4745 1048 4812 λόγον
1082 4745 1294 4815 ἐπᾴσας
1345 4745 1421 4816 τῷ
1470 4746 1615 4816 ζώῳ,
1663 4743 1781 4799 εἶτα
1811 4747 1872 4816 δή
1911 4749 2033 4800 ούδέ

463 4838 704 4905 ἠξίωσας
735 4834 1000 4889 ἀποδῦσαι
1035 4835 1131 4888 τοῦ
1191 4834 1483 4904 ὁπλισμοῦ,
1545 4837 1680 4888 ἀλλά
1743 4840 1881 4904 μετὰ
1939 4837 2034 4889 τοῦ

465 4927 710 4996 θώρακος
740 4928 836 4990 1:01
866 4926 966 4994 τῆς
987 4926 1183 4994 λοιπῆς
1213 4925 1526 4994 κατέθαψας
1549 4927 1852 4998 προϐολῆς’
1881 4945 2036 4998 σκιρ-

462 5014 627 5080 τῆσαι
682 5015 954 5085 πεποίηκε
1005 5015 1070 5087 νὴ
1103 5015 1202 5086 τὴν
1253 5016 1405 5085 ίεράν
1453 5033 1548 5069 σου
1586 5018 1766 5087 ψυχὴν
1817 5021 1908 5071 ἐπὶ
1957 5020 2035 5089 τῷ

465 5104 759 5174 θαυμασίῳ
788 5106 964 5178 τούτῳ
994 5109 1089 5160 1:01
1120 5109 1392 5179 ὑπερφυεῖ
1444 5109 1539 5160 καὶ
1577 5111 1812 5181 γενναίῳ
1848 5112 2038 5181 διηγὴ-

468 5213 623 5262 ματι.
655 5197 729 5249 Οὐ
761 5199 870 5267 γάρ
923 5201 1196 5268 ἀριστεῖαι
1250 5201 1410 5266 μόνον
1464 5204 1560 5252 1:01
1596 5205 2035 5273 στρατηγήματα

465 5287 554 5338 τὸν
579 5286 747 5355 ἄνδρα
775 5290 1119 5343 δεικνύουσιν
1142 5303 1154 5317 ·
1189 5289 1326 5343 ἀλλὰ
1371 5291 1468 5343 καὶ
1495 5291 1694 5361 νεῦμα,
1728 5297 1822 5346 1:01
1853 5294 2032 5359 λόγος,

465 5381 560 5431 1:01
618 5379 790 5444 γέλως
846 5380 1064 5448 σεμνὸς,
1119 5381 1217 5435 1:0‘.
1267 5381 1600 5452 ἀπόφθεγμα
1637 5383 1897 5453 Χαρίτων
1942 5401 2038 5453 με-

467 5469 592 5522 στὸν
618 5471 716 5537 τήν
737 5486 802 5536 γε
833 5470 1067 5540 ἀρίστην
1099 5473 1280 5543 ψυχὴν
1317 5474 1734 5538 ἐξεικονίζουσιν
1764 5476 2031 5540 ἀκριϐῶς.

479 5561 641 5613 Ἀλλά
668 5563 732 5614 σὺ
773 5563 874 5630 μὲν
911 5563 1007 5615 καὶ
1041 5563 1280 5635 θηρᾶσαι
1306 5565 1498 5630 δεινὸς,
1548 5569 1644 5620 1:01
1689 5567 2036 5622 ἱππάσασθαι

467 5653 792 5722 περιδέξιος,
827 5654 920 5706 καὶ
973 5653 1175 5722 ὄχθους
1225 5656 1615 5726 ὕπερπηδῆσαι
1663 5661 1907 5725 γενναῖος
1942 5658 2037 5711 καὶ

468 5743 651 5815 ἀδεὴς,
681 5743 778 5796 1:01
804 5743 1145 5803 διολισθέντα
1175 5748 1268 5802 τὸν
1294 5748 1460 5801 ἵππον
1505 5746 1636 5803 εὐθὺ
1666 5749 1913 5820 ἀνεῖρξαι
1942 5751 2035 5804 καὶ

2137 4568 2364 4638 νεύματι
2389 4585 2448 4619 τε
2473 4569 2567 4621 1:01
2595 4568 2872 4636 πνεύματι
2921 4569 3211 4639 ἀναφέρων
3254 4585 3314 4621 τε
3348 4570 3445 4624 καὶ
3500 4567 3714 4637 ζωογοο

2137 4660 2227 4714 νού
2237 4677 2420 4730 μενος.

2858 4753 2984 4805 ΝΑ’.

2209 4843 2480 4910 Τοσαῦτα,
2517 4845 2903 4913 φιλοτιμότατε
2934 4847 3176 4916 Καῖσαρ.
3225 4847 3451 4917 Μήποτε
3511 4849 3570 4902 δέ
3627 4867 3718 4906 σοι

2138 4939 2170 5006 ή
2200 4937 2274 5006 γῆ
2308 4937 2762 5006 ἐκπεπόρνευται,
2796 4940 2889 4991 1:01
2917 4939 3004 4992 διὰ
3030 4955 3127 5012 την
3151 4939 3301 5009 ῶραν
3331 4943 3722 5014 ἀπηναισχύν-

2137 5045 2310 5097 τηκας
2343 5043 2358 5056 ·
2397 5027 2539 5080 ὥστε
2593 5029 2726 5097 μηδέ
2768 5031 3089 5098 προφαίνειν
3150 5034 3278 5095 τοὺς
3325 5033 3561 5098 οἰκείους
3611 5053 3724 5104 μα-

2141 5121 2320 5185 στοὺς,
2343 5120 2478 5172 ἀλλά
2505 5122 2601 5174 καὶ
2629 5121 2918 5174 ἐπιδιδόναι
2945 5126 3057 5182 τοῖς
3093 5124 3314 5192 ἀφελεῖν
3339 5125 3720 5194 βουλομένοις.

2140 5212 2200 5264 E’
2223 5211 2279 5263 δὲ
2307 5213 2398 5262 1:01
2433 5211 2509 5281 μὴ
2539 5212 2756 5280 μαστοὶ,
2790 5213 2928 5265 ἀλλά
2969 5216 3064 5266 1:01
3102 5216 3261 5282 γοναὶ⁵
3319 5217 3562 5286 κρύφιοι,
3613 5220 3722 5272 οὐκ

2139 5302 2367 5374 ἐρυθριᾷ
2404 5301 2489 5370 ἐφ’
2526 5302 2669 5355 οὕτω
2697 5303 2910 5368 πολλοῖς
2944 5306 3036 5358 1:01
3059 5308 3326 5376 ἀμόρφοις
3345 5307 3530 5372 τόκοις
3564 5325 3579 5339 ·
3614 5313 3724 5365 οὐκ

2137 5395 2194 5445 ἐν
2230 5395 2404 5462 ῥόδοις
2434 5394 2527 5445 1:01
2551 5393 2773 5458 κάλυξιν
2816 5395 3022 5449 ἀνθέων
3074 5397 3300 5468 ἐτέρων,
3324 5399 3441 5452 ἀλλ’
3475 5401 3534 5453 ἐν
3574 5402 3715 5456 εῖδει

2140 5482 2329 5552 χθέσιν
2359 5483 2537 5547 ὕδνοις
2589 5485 3013 5555 ἐπιδεικνυμένη
3043 5486 3104 5538 :6
3135 5487 3379 5557 γόνιμον.
3445 5490 3588 5544 Ἀλλ’
3621 5494 3726 5565 (ὡς

2139 5572 2305 5643 ἔοικε)
2354 5573 2489 5640 πρὸς
2511 5574 2609 5643 τὴν
2632 5572 2726 5626 τοῦ
2775 5575 2945 5642 μύθου
2989 5574 3254 5632 ἀλώπεκα
3302 5579 3505 5650 ἑαυτήν
3565 5600 3732 5652 περι-

2140 5662 2429 5724 ϐάλλουσα,
2452 5663 2512 5715 οὐ
2544 5663 2622 5734 τῷ
2659 5665 2857 5727 ἔξωθεν
2904 5667 3159 5739 ἀμόρφῳ.
3188 5668 3322 5722 ἀλλά
3351 5671 3427 5740 τῷ
3466 5688 3694 5742 κεκρυμ
3713 5705 3726 5714 -

2143 5752 2291 5824 μένῳ
2319 5753 2412 5824 τῆς
2445 5753 2640 5824 ἡδονῆς
2696 5758 3104 5829 ἐνσεμνύνεται.
3159 5761 3454 5826 Είσάγεται
3505 5764 3617 5827 γὰρ
3665 5768 3728 5816 ἐν
