4062 6404
389 369 517 430 1321

1175 365 1524 426 EUDTAT"
1539 365 1593 424 il
1629 361 2388 424 THESSALONICENSIS
2427 361 2836 424 EPIS’I‘OL/E.

3519 362 3656 428 1222

380 491 490 550 τ’,ἶς
510 484 763 538 Αἰσώπου
796 483 987 554 μύθοις
1021 484 1054 554 ἡ
1083 481 1352 552 πάρδαλις
1400 480 1823 534 ἐπισκώπτουσι
1868 478 1969 550 τήν
1999 490 2044 545 Α
2074 480 2467 551 Προανατέλλει
2501 480 2601 551 μὲν
2651 478 2744 534 οῦν
2777 478 2992 552 (ῶσπερ
3039 480 3290 551 εἷφηται)
3348 485 3656 551 συμπασῶν

378 580 660 641 ἀλώπεκα,
685 578 760 637 ὡς
813 579 847 646 ή
884 577 982 647 μὲν
1011 575 1233 639 ποικίλη
1257 591 1316 627 τε
1360 575 1449 644 εἴη
1497 575 1599 626 παλ.
1649 577 1762 637 τοῖς
1811 572 1960 642 φολί-

379 670 530 723 δεσσι
563 670 940 732 κατάστικτος,
973 669 1007 738 ή
1047 668 1100 720 δὲ
1128 667 1388 736 αὐχμηρὰ
1420 665 1516 736 τὴν
1549 665 1712 735 δορὰν
1739 665 1833 718 καὶ
1861 664 1962 733 τὴν

383 761 548 828 χρόαν
574 759 928 812 παντάπασιν
957 755 1199 822 ἀκαλλής
1225 769 1241 786 ’
1265 753 1380 809 ἀλλ’
1409 753 1444 823 ἦ
1490 770 1554 821 γε
1609 751 1859 820 ἀλώπηξ,
1896 751 1962 803 σὺ

386 853 484 922 μὲν
505 853 616 914 τοῖς
669 849 1014 920 φαινομένοις
1055 846 1234 920 νικᾷς,
1265 843 1458 913 ἔφησε,
1505 841 1759 894 κάλλεσιν
1788 856 1803 871 ο
1853 837 1966 906 ἐγὼ

381 946 438 998 δὲ
462 947 577 1006 τοῖς
605 941 860 1012 κρυφίοις
898 955 957 991 τε
997 937 1091 992 καὶ
1123 935 1474 988 λανθάνουσι.
1529 927 1786 984 Τοιοῦτόν
1845 928 1965 979 ἐστι

385 1038 481 1091 καὶ
503 1036 562 1090 rb
598 1033 798 1106 ῦ[δνον,
833 1029 983 1102 οῦ]τε
1007 1027 1254 1090 εὐανθὲς,
1291 1023 1417 1078 οὗτε
1439 1022 1518 1093 τῷ
1547 1021 1788 1093 σχήματι
1823 1018 1970 1072 ἀπα·

383 1131 476 1183 λόν
508 1147 524 1162 ο
555 1128 691 1180 ἀλλὰ
720 1124 1130 1193 κατατέτμηται
1161 1120 1254 1173 καὶ
1309 1115 1762 1188 ἐκτετράχυνται,
1805 1109 1970 1163 καθαο

387 1227 546 1294 περεὶ
571 1224 752 1294 δχθοις
783 1221 876 1276 καὶ
905 1218 1196 1290 φάραγξιν.
1239 1216 1304 1270 Εἰ
1329 1215 1387 1268 δέ
1420 1211 1774 1280 κατατέμοις,
1833 1207 1884 1259 εί
1913 1203 1970 1258 δέ

388 1317 761 1388 προσαγάγοις
811 1313 891 1384 τῷ
919 1311 1173 1380 στόματι,
1205 1310 1302 1363 καὶ
1353 1307 1567 1365 λεανεῖς
1600 1305 1710 1365 τοῖς
1732 1299 1971 1388 ὀδοῦσιν,

390 1413 706 1484 ἀπορρήτου
731 1409 876 1470 τινὸς
901 1405 1137 1474 αἰσθήσῃ
1167 1399 1514 1455 παντάπασιν
1543 1395 1760 1466 ήδονῆς.
1806 1387 1972 1484 Ἀλλὶι

394 1504 469 1574 μὴ
502 1482 698 1568 οὕτως,
735 1500 868 1570 μηδέ
902 1499 1046 1552 κατὰ
1070 1495 1278 1564 πλῆθος
1321 1492 1667 1547 ἐπιδείκνυσο
1703 1486 1837 1555 ἡμῖν
1871 1482 1973 1551 τὴν

390 1597 635 1664 δεξίωσιν
670 1611 684 1626 ⁶
718 1594 833 1648 ἀλλ’
875 1589 986 1646 οἷον
1039 1589 1404 1662 παραδείκνυε
1453 1585 1589 1656 ήμῖν
1629 1582 1731 1652 τῆς
1778 1575 1973 1650 ήδονῆς

391 1690 489 1758 τὴν
521 1690 729 1758 πηγήν,
778 1686 865 1738 ἵνα
907 1682 1107 1754 μᾶλλον
1172 1678 1415 1750 ἐξάπτῃς
1473 1677 1563 1730 rbv
1608 1673 1810 1743 ἔρωτα.
1861 1669 1974 1739 Τὴν

395 1779 577 1848 Ἥραν
606 1780 634 1830 ὀ
659 1777 925 1846 Ὅμηρος,
962 1766 1052 1826 οἷα
1078 1771 1144 1842 δή
1177 1787 1262 1833 τις
1323 1766 1488 1836 σοφὸς
1515 1763 1770 1833 ποιητὴς,
1816 1759 1975 1831 ζηλόο

2068 571 2176 624 τῶν
2207 570 2382 625 ἀλλων
2418 571 2652 641 ὀπωρῶν
2690 587 2704 601 ⁶
2739 575 2831 625 καὶ
2863 570 2980 625 ἔστι
3012 589 3096 634 τις
3142 571 3333 643 πρώτη
3371 573 3531 643 χάρις
3559 571 3657 627 τοῦ

2067 660 2252 733 ἔαρος,
2289 664 2382 716 καὶ
2417 663 2579 717 πλέον
2605 663 2715 716 τῶν
2776 662 2953 718 ἄλλων
2999 663 3110 716 τῶν
3174 664 3414 732 ἡλιακῶν
3469 663 3658 733 αὐγῶν

2067 753 2479 810 ἐπαισθάνεται.
2526 755 2692 826 Ὁμοῦ
2729 773 2791 809 τε
2816 755 2926 826 γὰρ
2966 756 3175 820 ἐκεῖνος
3208 757 3301 810 ἐπὶ
3345 757 3406 809 rb
3463 756 3662 827 ίσημε·

2073 846 2218 918 ρινδν
2255 849 2478 918 σημεῖον
2529 848 2782 918 ἐλήλυθε,
2845 853 2935 902 καὶ
2982 849 3442 923 προσυπήντησεν
3492 851 3662 922 αὕτη,

2067 941 2176 994 τῶν
2203 939 2525 1010 ἀκρεμόνων
2559 940 2868 1012 ἐγκύψασα.
2913 942 3034 996 Κᾶν
3073 944 3102 996 ὁ
3142 941 3370 1014 φωστὴρ
3401 943 3627 1014 σκυθρω

2071 1034 2243 1106 πάσῃ,
2263 1034 2357 1086 καὶ
2386 1033 2461 1103 μὴ
2493 1033 2752 1106 λαμπράς
2781 1035 3061 1106 ἐπαφήσει
3092 1037 3170 1102 τῷ
3199 1038 3354 1107 φντῷ
3377 1037 3474 1100 τὰς
3501 1040 3663 1090 άκτῖ-’

2071 1141 2191 1189 νας,
2215 1123 2299 1192 ἐφ’
2332 1125 2506 1195 ἐαυτῷ
2540 1127 2866 1196 κέκρυπται,
2921 1128 3016 1182 καὶ
3065 1130 3179 1192 τοῖς
3213 1128 3432 1198 φύλλοις
3479 1130 3666 1198 μόνοις

2073 1216 2195 1270 τότε
2228 1216 2290 1270 rb
2322 1217 2538 1284 δένδρον
2567 1221 2732 1288 κομᾷ.
2766 1220 2877 1271 Καὶ
2923 1219 3034 1274 τῶν
3065 1221 3163 1290 μὲν
3205 1220 3379 1275 ἄλλων
3428 1221 3665 1290 ὀπωρῶν

2072 1310 2106 1380 ἡ
2143 1308 2242 1377 μέν
2265 1326 2350 1373 τις
2374 1311 2765 1382 κεκρυμμένην
2794 1311 2994 1382 ἔχουσα
3017 1313 3118 1382 τὴν
3150 1313 3382 1386 τροφὴν,
3416 1311 3669 1384 ἄδρωτός

2073 1401 2191 1455 ἐστι
2222 1400 2298 1471 τῷ
2325 1401 2758 1476 προϐεϐλημένῳ
2791 1420 2807 1437 ο
2837 1405 2871 1474 ή
2904 1405 2980 1470 δέ,
3015 1405 3292 1474 τρέφουσα
3344 1404 3422 1474 τῷ
3479 1421 3671 1473 φαινο-

2079 1493 2248 1562 μένῳ,
2275 1493 2352 1564 τῷ
2383 1494 2601 1566 κρυφίῳ
2623 1479 2924 1568 ούχέστιᾷ.
2958 1495 3112 1566 Αὕτη
3135 1496 3194 1549 δὲ
3219 1496 3288 1549 τά
3330 1495 3431 1566 μὲν
3472 1496 3670 1564 πρῶτα

2077 1585 2214 1654 πρὸς
2240 1587 2420 1640 πᾶσαν
2460 1587 2704 1659 ήδύτητα
2749 1590 2912 1661 ἀρκεῖ
2958 1591 3025 1660 τῇ
3057 1590 3363 1659 φαινομένῃ
3404 1589 3670 1660 περιϐολῇ

2075 1678 2226 1731 οὐδὲν
2271 1678 2513 1745 ἔλαττον,
2571 1681 2666 1736 καὶ
2713 1683 2780 1751 τῇ
2825 1682 3214 1753 κεκρυμμένῃ.
3262 1677 3396 1734 Εἶτα
3441 1680 3528 1752 δὴ,
3568 1680 3665 1734 τοῦ

2079 1770 2272 1840 χρόνου
2304 1771 2713 1842 προϐαίνοντος,
2753 1773 2813 1826 rb
2838 1774 2953 1841 ’μὲν
2993 1773 3343 1844 δεικνύμενον
3395 1768 3526 1826 αὖον
3577 1773 3672 1826 καί⁵

391 1835 564 1926 τύπον
596 1872 695 1940 μὲν
1025 1835 1265 1930 Διῒ,ὀῦκ
1305 1835 1410 1924 εεςί
1436 1858 1598 1920 εὐνάς
1658 1855 1714 1908 δὲ
1780 1852 1975 1907 τούτου
2009 1835 2050 1890 Β
2081 1835 2326 1934 ἀϐρωτον
2348 1835 2360 1842 ’
2382 1861 2620 1916 δείκνυσι
2656 1835 2778 1916 (τὸ
2809 1835 2867 1915 δέ
2895 1835 3272 1933 κρυπτόμενον
3324 1861 3513 1932 ἡρέμα
3559 1879 3672 1915 πα-

393 1960 821 2031 ἀφικνουμένην,
875 1956 998 2010 οὐδὲ
1034 1953 1135 2025 τὴν
1165 1952 1317 2022 ὥραν
1347 1947 1503 2019 αύτῷ
1549 1944 1920 2015 θεωρίζουσαν
1958 1955 1974 1973 ⁶

395 2055 519 2108 ἐπεὶ
541 2055 598 2106 δέ
627 2069 760 2106 ποτε
814 2051 1022 2118 ταύτην
1061 2043 1373 2105 πολυτελῶς
1441 2039 1822 2109 καθωράῖσκε,
1883 2034 1982 2088 καὶ

395 2149 488 2203 rbv
521 2145 716 2200 κεστὸν
743 2141 968 2203 ἐνδύσας
1003 2137 1346 2210 προσήνεγκε
1382 2133 1462 2204 τῷ
1511 2131 1687 2202 ἀνδρὶ,
1725 2127 1979 2199 ἐξύϐρισε

399 2237 623 2302 μᾶλλον,
659 2234 698 2297 ἢ
729 2234 1033 2296 ἐπέραστον
1069 2227 1294 2292 ἔδειξεν.
1345 2224 1404 2281 '0
1432 2222 1542 2294 γάρ
1583 2239 1668 2275 τοι
1711 2220 1844 2282 Ζεὺς
1893 2217 1984 2271 κό-

400 2341 490 2395 ρον
527 2327 620 2392 (ως
649 2321 816 2387 ἔοικε)
847 2318 990 2388 σχὼν
1021 2316 1118 2370 τοῦ
1155 2315 1291 2384 πρὸς
1319 2312 1490 2384 αὐτὴν
1523 2311 1754 2382 ἔρωτος,
1779 2309 1879 2377 οὐχ
1905 2304 1984 2368 ὡς

345 2467 348 2470 .
397 2415 685 2485 ἐρωμένην
743 2411 1054 2480 ἠγάπησεν,
1096 2406 1212 2462 ἀλλ’
1263 2405 1340 2469 ὡς
1377 2405 1740 2473 ἀπατήσασαν
1808 2397 1982 2470 κατῃ-

397 2525 563 2580 σχυνε
593 2508 684 2559 καὶ
721 2503 1014 2574 ἠτίμασεν.
1047 2499 1237 2563 Οὕτως
1283 2499 1313 2553 ὀ
1368 2497 1532 2568 κόρος
1584 2494 1745 2567 ὕϐριν
1794 2493 1979 2562 γεννᾷ.

408 2599 568 2654 ’Δλλά
595 2596 648 2650 τί
682 2612 772 2666 μοι
811 2594 878 2647 τά
905 2593 1037 2646 ὕδνα
1073 2591 1214 2656 νῦν;
1273 2588 1340 2642 Τί
1393 2589 1452 2642 δέ
1521 2588 1622 2657 οὐχ
1683 2585 1897 2654 (ῶσπερ
1925 2583 1980 2636 οι

397 2685 669 2762 μουσικοὶ)
708 2683 1068 2757 μεταϐάλλεις
1111 2699 1204 2751 μοι
1233 2681 1303 2735 τά
1337 2679 1474 2752 μέλη
1529 2681 1623 2732 καὶ
1657 2678 1787 2740 τοὺς
1854 2675 1984 2746 ῥυθ-

399 2781 578 2855 μούς;
633 2779 694 2832 '0
724 2776 830 2846 γάρ
869 2775 1062 2844 καιρὸς
1117 2773 1248 2842 ὑμῖν
1308 2770 1408 2841 μὲν
1441 2768 1567 2833 τοὺς
1615 2768 1829 2830 ταῶνας
1890 2764 1987 2820 καὶ

396 2881 524 2940 τοὺς
558 2871 886 2945 γαλαθηνοὺς
917 2865 1167 2940 ἀρνειοῦς
1200 2864 1551 2933 ἐπανήγαγεν
1580 2877 1597 2894 ⁸
1643 2862 1777 2934 ήμίν
1827 2859 1886 2915 δέ
1926 2861 1988 2914 rb

394 2970 560 3039 γάλα,
597 2965 692 3020 καὶ
723 2964 850 3025 τοὺς
883 2960 1100 3030 τυροὺς,
1127 2957 1224 3011 καὶ
1247 2957 1307 3009 rb
1331 2953 1613 3026 βούτυρον,
1651 2954 1747 3006 καὶ
1771 2953 1841 3007 τά
1875 2952 1986 3006 τῶν

395 3060 764 3132 ἀλεκτορίδων
794 3055 898 3109 ὠά.
936 3050 1202 3115 Ἀλλαξον
1234 3051 1333 3118 τὴν
1374 3048 1576 3120 χορδήν
1599 3064 1615 3080 ·
1649 3045 1862 3109 τούτοις
1891 3062 1986 3115 γε·

2081 1954 2312 2027 χύνασα,
2336 1953 2596 2022 ἐδώδιμον
2639 1953 2887 2023 ἀκριϐῶς
2935 1955 3358 2024 κατεργάζεται.
3389 1948 3518 2008 Ὧδε
3569 1956 3673 2008 καὶ

2085 2047 2284 2119 στερεᾷ
2311 2047 2486 2119 τροφῇ
2523 2047 2776 2116 χρήσαιο,
2811 2044 2906 2099 καὶ
2947 2044 3018 2117 (εἰ
3053 2044 3254 2117 βούλει)
3288 2045 3382 2099 καὶ
3447 2045 3674 2116 ὑγροτέ-

2088 2156 2176 2210 ρᾳ.
2206 2139 2482 2202 Γάλακτος
2533 2138 2640 2209 γάρ
2673 2139 3019 2214 ἀπορρήτους
3050 2137 3165 2209 ἔχει
3195 2137 3403 2209 πηγάς,
3434 2139 3676 2209 ὀπηνίκα

2085 2233 2178 2285 καὶ
2197 2229 2402 2303 βρωτόν
2441 2232 2680 2285 ἐστικαὶ
2719 2231 2904 2296 ποτὸν,
2940 2230 3036 2284 καὶ
3082 2231 3194 2296 τοῖς
3248 2229 3677 2301 Ἀσκληπιάδαις

2086 2325 2165 2387 είς
2195 2323 2483 2394 ἀμφότερα
2516 2321 2813 2395 αὔταρκες.

2825 2414 2956 2473 NI".

2159 2508 2377 2579 Κάρνον
2411 2508 2510 2577 μὲν
2544 2507 2608 2577 δὴ
2644 2505 2740 2561 καὶ
2767 2506 2925 2561 τοῦτο
2946 2523 2961 2539 ο
3007 2523 3101 2562 και
3128 2508 3300 2564 τᾶλλα
3354 2513 3455 2580 μὲν
3489 2511 3680 2578 ὅμοιον

2087 2601 2166 2672 τῷ
2191 2599 2421 2672 κυρίως,
2457 2600 2680 2654 ἔλαττον
2705 2601 2764 2655 δέ
2812 2593 2973 2672 μόνον
3001 2603 3094 2657 τοῦ
3123 2601 3389 2674 μεγέθους
3437 2603 3672 2672 ἐκείνου,

2087 2694 2230 2762 πλὴν
2277 2693 2326 2746 εί
2370 2694 2465 2746 καὶ
2503 2694 2645 2747 κατά
2674 2693 2736 2746 rb
2770 2695 2962 2764 σχῆμα
2991 2693 3158 2760 σώζει
3199 2696 3300 2767 τὴν
3351 2695 3672 2767 ὁμοιότητα.

2100 2786 2275 2848 Ἀλλὰῖ
2310 2789 2370 2840 rb
2427 2787 2583 2855 γένος
2627 2785 2815 2850 ἓτερον
2866 2785 3020 2857 παρά
3077 2787 3138 2841 rb
3181 2787 3391 2844 λοιπόν.
3455 2788 3683 2860 Ἐκείνῳ

2092 2881 2192 2950 μὶν
2218 2875 2312 2934 οῦν
2342 2878 2541 2943 πάντες
2575 2875 2790 2941 κύκλοι,
2822 2878 2917 2931 καὶ
2944 2877 2974 2930 ὀ
3004 2875 3208 2932 έσωθεν
3237 2880 3332 2932 καὶ
3380 2879 3410 2933 ὀ
3440 2878 3640 2946 ἔξωθεν
3662 2894 3681 2912 ⁸

2090 2973 2263 3046 τούτῳ
2285 2975 2342 3028 δὲ
2372 2973 2577 3044 ἑτέρως
2606 2971 2721 3044 ἔχει
2770 2973 2805 3043 ή
2835 2973 2940 3039 ἐξω
2983 2972 3275 3044 περιϐολή.
3303 2971 3492 3028 Ἐοικε
3549 2973 3686 3044 γοῦν

2092 3064 2234 3133 αῦτη
2294 3064 2543 3133 μυωπίᾳ,
2575 3063 2670 3116 καὶ
2709 3061 2738 3114 ὀ
2781 3059 2995 3132 καρπὸς
3053 3059 3527 3132 ἀποδιδράσκοντι,
3563 3054 3687 3115 εῐτα

396 3155 490 3210 νοῦ
533 3169 624 3223 μοι
659 3149 964 3222 φιλότιμος.
1005 3143 1362 3212 Πυνοάνομαι
1400 3141 1458 3194 δέ
1486 3156 1603 3204 σου,
1635 3136 1782 3233 [τῆς]
1801 3138 1984 3233 -πάντα
2011 3169 2058 3233 c
2089 3153 2154 3227 δὴ
2184 3152 2438 3207 ύποδύντι
2463 3153 2526 3205 rb
2544 3151 2752 3222 τρῆμα.
2785 3150 2935 3204 Γελῶ
2960 3149 3114 3220 γοῦν,
3138 3151 3266 3205 ὅταν
3290 3151 3385 3206 ῐδω
3413 3151 3505 3206 τὸν
3536 3150 3686 3207 ὡσα-

400 3247 694 3314 καλλίστης
733 3242 828 3294 καὶ
867 3237 1203 3307 ἀσυγκρίτου
1231 3233 1410 3306 ψυχῆς
1450 3249 1466 3266 ο
1504 3233 1600 3286 καὶ
1636 3231 1984 3300 πυνθάνομαι

400 3338 463 3392 οὐ
535 3335 640 3406 (μά
699 3333 800 3404 τήν
856 3330 1008 3401 ίεράν
1065 3345 1160 3381 σου
1199 3327 1294 3380 καὶ
1337 3323 1667 3396 τριπόθητον
1719 3322 1985 3393 κεφαλὴν)

399 3426 698 3500 χρειωδῶς,
737 3422 877 3477 ἀλλὰ
930 3417 1301 3495 [βασι]λικῶς,
1350 3417 1419 3471 ἵν’
1450 3414 1597 3486 ἔχοις
1647 3415 1861 3485 τρυφᾷν
1890 3414 1987 3466 καὶ

398 3521 586 3591 γελᾷν.
622 3515 976 3584 Πυνθάνομαι
1002 3513 1046 3568 δ’
1081 3507 1176 3566 οὖν
1213 3527 1226 3542 ·
1266 3510 1388 3580 οὐχὶ
1438 3508 1641 3576 πατρὶς
1673 3507 1708 3578 ή
1739 3505 1988 3573 πολυύμ-

397 3631 559 3684 νητος
598 3609 954 3678 Παφλαγονία
987 3605 1160 3670 ἐστὶν,
1202 3602 1327 3657 ὅθεν
1390 3598 1554 3674 [ἐστὶ]
1605 3597 1804 3669 ταρίχη
1848 3596 1988 3669 κρέα

401 3708 470 3759 τὰ
501 3704 655 3768 Usta;
689 3702 754 3754 Τί
785 3701 828 3754 δ’
876 3697 969 3752 οῦν
997 3696 1264 3766 ἐγέλασας
1296 3709 1312 3759 ;
1373 3690 1604 3763 Μήποτέ
1655 3705 1710 3744 τι
1748 3688 1936 3760 ᾠήθης
1969 3707 1983 3755 ;

403 3797 522 3852 Εἰσὶ
548 3797 643 3851 καὶ
670 3792 802 3864 παρ’
840 3794 972 3863 ήμίν
1003 3790 1236 3853 λέοντες,
1271 3786 1371 3840 οὐκ
1393 3785 1536 3839 ὀπτὰ
1566 3784 1662 3838 καὶ
1720 3783 1862 3856 ἐφθά
1894 3785 1991 3838 καὶ

401 3890 624 3961 ταρίχη,
661 3887 799 3944 ἀλλά
827 3885 922 3940 καὶ
969 3883 1097 3956 ώμά
1132 3879 1333 3952 μικροῦ
1372 3878 1486 3932 δεῖν
1545 3875 1723 3932 ταῦτα
1783 3877 1990 3931 θοινού-

403 4001 582 4054 μενοι.

1140 4070 1267 4124 ΝΒ’.

472 4168 584 4236 Τὴν
614 4166 922 4238 πρόδρομόν
946 4180 1028 4216 σοι
1056 4163 1166 4216 τῶν
1195 4161 1439 4232 ὀπωρῶν
1470 4161 1809 4218 ἀπέσταλκα.
1845 4161 1988 4216 Ἀλλ’

400 4257 499 4328 οὐχ
521 4257 710 4326 ὥσπερ
746 4256 858 4308 τῶν
893 4252 1124 4322 νυμφῶν
1157 4251 1297 4322 αὕτη
1351 4250 1683 4320 προθέουσα,
1744 4251 1991 4316 ἐκείναις

402 4349 721 4404 καταλείπει
749 4348 810 4400 rb
839 4345 1171 4414 σεμνοτέρας
1204 4340 1345 4397 εἶναι
1378 4343 1488 4396 τῶν
1540 4344 1988 4415 προτρεχουσῶν·

401 4437 821 4512 προαντανίσχει
877 4437 936 4489 δέ
1000 4435 1111 4489 τῶν
1167 4433 1365 4498 ἀλλων,
1417 4426 1509 4486 οἷα
1568 4432 1635 4503 δή
1682 4449 1767 4496 τις
1795 4431 1991 4502 ὀδηγδς

2090 3247 2172 3302 νεὶ
2203 3245 2480 3316 δραπέτην
2503 3242 2808 3298 ὑπελθόντα
2855 3242 2919 3296 rb
2947 3241 3233 3312 σπήλαιον,
3273 3242 3360 3298 ἵνα
3410 3243 3510 3308 τὰς
3555 3245 3683 3299 διω-

2089 3337 2294 3400 κούσας
2329 3336 2617 3408 ἀποδράσῃ
2641 3337 2857 3405 χεῖρας.
2896 3332 3162 3387 Τοσοῦτον
3194 3335 3252 3389 δὲ
3286 3334 3450 3390 αύτόν
3506 3335 3688 3392 διέλα-

2089 3431 2205 3498 θεν,
2239 3431 2325 3485 ὅτι
2357 3431 2430 3500 μὴ
2455 3429 2665 3500 ψηφίδα
2709 3427 2874 3482 αὑτοῦ
2911 3427 3238 3500 προέθηκεν,
3278 3427 3472 3499 ῶσπερ
3519 3431 3553 3501 ή
3582 3447 3680 3501 ση-

2091 3524 2192 3577 πία
2217 3523 2530 3594 προχέουσα
2558 3523 2649 3577 τὸν
2676 3520 2852 3586 θολὸν,
2910 3520 2976 3572 ἶν’
3005 3519 3223 3590 ἐκφύγῃ
3281 3520 3372 3574 τὸν
3420 3521 3688 3593 θηρατήν.

2101 3613 2411 3668 Ἀλίσκεται
2458 3613 2588 3680 γοῦν
2650 3613 2998 3682 φαινόμενος,
3051 3611 3239 3682 ὥσπερ
3282 3614 3310 3666 ὁ
3363 3613 3554 3684 βολϐὸς
3605 3615 3685 3683 τῷ

2092 3703 2330 3777 βλαστῷ.
2378 3703 2438 3757 '0
2469 3704 2525 3757 δέ
2555 3703 2657 3757 οὐκ
2682 3703 2880 3758 αὐτίκα
2909 3701 3208 3776 διέξ[εισι],
3234 3705 3283 3758 εί
3309 3705 3385 3776 μή
3422 3721 3507 3769 τις
3535 3704 3691 3775 αὐτῷ

2092 3798 2449 3870 πολιορκήσει
2473 3796 2531 3850 rb
2559 3797 2819 3869 φρούριον
2855 3814 2870 3830 ’
2921 3798 2988 3870 ἢν
3022 3797 3079 3851 δέ
3137 3798 3486 3870 ἐπιχειρήσῃ,
3527 3813 3688 3870 προο-

2091 3891 2358 3946 λισθαίνει
2398 3890 2585 3954 εὐθὺς,
2614 3889 2710 3944 καὶ
2745 3888 2994 3961 βούλεται
3034 3890 3352 3961 διεκφυγείν
3381 3891 3476 3946 καὶ
3503 3891 3689 3956 ἁλούς.

2106 3983 2247 4039 Ἀλλ’
2276 3982 2562 4054 ἐλάθομεν,
2596 3977 2640 4039 ῶ
2683 3982 2939 4055 βελτίστη
2991 3983 3224 4054 κεφαλὴ,
3273 3982 3575 4056 ψυχοῦντες
3624 3987 3690 4038 τὸ

2094 4077 2326 4149 ἄψυχον.
2350 4078 2424 4131 Tb
2456 4077 2514 4131 δὲ
2543 4075 2670 4130 οὔτε
2703 4077 3031 4148 ἀπέδρασεν,
3067 4075 3190 4130 οὗτε
3223 4077 3522 4146 πέφευγεν,
3555 4076 3694 4131 ἀλλά

2095 4169 2413 4242 προῦκυψεν
2442 4168 2504 4236 ἐξ
2523 4169 2702 4240 ἀρχῆς
2727 4170 2869 4240 μετά
2896 4169 2992 4224 τοῦ
3047 4169 3334 4240 συμφυοῦς
3393 4169 3694 4242 καλύμμαο

2093 4278 2206 4326 τος.
2237 4261 2462 4316 Τοιοῦτο
2484 4261 2541 4315 δέ
2565 4263 2598 4333 ή
2623 4261 2789 4334 τέχνη
2818 4261 2918 4333 τῆς
2945 4260 3207 4332 φύσεως.
3256 4261 3333 4316 Οὐ
3384 4265 3696 4333 σπαργανοί

2094 4351 2218 4406 καθ’
2256 4351 2316 4406 ἐν
2359 4350 2577 4406 ἅπαντα
2610 4351 2682 4405 τά
2737 4351 2994 4420 κυήματα
3025 4365 3039 4379 ⁶
3109 4350 3226 4404 ἀλλ’
3270 4350 3458 4422 ἕτερον
3481 4351 3612 4406 ἀλλο
3640 4368 3696 4404 τι

2095 4445 2365 4510 ἐπενδύει,
2411 4443 2483 4497 τά
2547 4443 2606 4498 δέ
2671 4446 2764 4498 καὶ
2825 4444 3011 4513 γυμνά
3059 4443 3296 4514 τίθησιν,
3327 4443 3532 4496 ἔσωθεν
3553 4444 3694 4498 αὐτὰ

401 4533 638 4596 ἐκείναις
666 4528 992 4599 δεικνυμένη
1037 4526 1133 4580 καὶ
1155 4524 1590 4598 προδεικνύουσα
1633 4525 1732 4594 τὴν
1779 4525 1862 4587 εἰς
1900 4523 1992 4576 τὸν
2025 4535 2069 4590 ι)
2099 4536 2535 4609 περισφίγξασα.
2587 4535 2729 4600 τοὺς
2771 4535 2903 4604 γοῦν
2948 4535 3142 4604 λόγους
3192 4537 3328 4606 ἡμῖν
3387 4535 3696 4608 θεωρητέον
3748 4538 3760 4553 .

405 4625 520 4696 βίον
544 4625 665 4678 ὁδόν
699 4639 717 4656 ο
744 4621 806 4677 οὐ
844 4619 1108 4674 διαταῦτα
1145 4617 1204 4672 δὲ
1238 4619 1400 4689 μόνον
1426 4614 1712 4686 καλλίστη,
1743 4613 1861 4668 ἀλλ’
1903 4615 1988 4668 ὄτι

403 4717 501 4771 καὶ
527 4715 716 4786 ἡδίστη
756 4713 867 4768 τῶν
893 4712 1072 4767 ἄλλων
1099 4710 1274 4765 ἐστίν.
1319 4709 1461 4763 Οῠτε
1506 4707 1617 4780 γὰρ
1655 4708 1850 4777 γλυκεῖ
1901 4708 1992 4761 ἐκ-

402 4807 666 4878 ταράττει
709 4806 799 4858 τὸν
836 4803 1173 4873 γεγευμένον
1214 4801 1398 4873 χυμῷ,
1451 4802 1577 4855 οὕτε
1615 4801 1991 4872 δυσχεραίνειν

405 4901 552 4953 ποιεῖ
591 4899 673 4970 τῷ
719 4899 922 4968 πικρῷ,
973 4897 1096 4951 οῦτε
1157 4897 1382 4965 συνάγει
1429 4896 1528 4967 τὴν
1587 4895 1838 4966 γλῶτταν
1912 4895 1992 4966 τῷ

404 4992 659 5060 στύφοντι
686 5007 701 5022 ’
730 4993 824 5044 καὶ
853 4990 916 5042 rb
940 4989 1036 5056 ὀξὺ
1071 4989 1128 5042 δέ
1157 4988 1368 5060 ταύτης
1405 4989 1508 5042 οὐκ
1541 4989 1782 5059 ἄμετρον
1801 5027 1818 5054 ,
1853 4988 1992 5042 ἀλλά

404 5087 777 5156 συγκέκραται
831 5082 910 5152 τῷ
957 5082 1226 5153 ήδύνοντι.
1271 5083 1457 5152 Χωρεϊ
1501 5082 1558 5136 δὲ
1628 5083 1689 5135 οὐ
1740 5081 1831 5135 διὰ
1882 5081 1993 5135 τῶν

403 5180 620 5251 χαύνων
654 5179 837 5249 μόνον,
873 5175 988 5229 ἀλλ’
1013 5176 1115 5247 ήδη
1133 5177 1230 5229 καὶ
1258 5176 1368 5229 τῶν
1398 5176 1640 5248 στερεῶν
1663 5191 1678 5207 ·
1716 5177 1909 5247 μετρεῖ
1933 5176 1992 5229 δέ

402 5272 605 5342 ἑαυτήν
639 5271 718 5341 τῷ
754 5267 1009 5322 ἐσθίοντι.
1040 5267 1253 5338 Ὠσπερ
1301 5269 1411 5338 γὰρ
1447 5271 1507 5322 rb
1566 5269 1718 5340 ῥόδον
1768 5267 1990 5332 κολάζει

399 5366 492 5418 τὸν
547 5365 779 5419 ἄτακτον
840 5359 1100 5430 θεριστὴν
1149 5362 1216 5430 τῇ
1259 5361 1498 5432 ἀκάνθῃ,
1551 5363 1647 5416 καὶ
1695 5362 1744 5413 εἰ
1783 5361 1858 5432 μή
1906 5377 1987 5423 τις

400 5457 586 5523 ἡρέμα
617 5456 896 5526 δρέψαιτο,
927 5451 1254 5507 αἰσθήσαιτο
1284 5455 1501 5518 πάντως
1535 5454 1630 5507 τοῦ
1660 5451 1987 5524 πλήξαντος.

400 5550 544 5603 οὕτω
564 5551 628 5622 δή
664 5551 758 5603 καὶ
784 5551 946 5621 αὑτὴ,
972 5551 1022 5603 εί
1051 5551 1124 5621 μή
1177 5567 1259 5612 τις
1307 5549 1694 5617 ἐπιστημόνως
1752 5551 1988 5616 διαμασ-

404 5645 652 5714 σήσαιτο,
679 5645 770 5696 καὶΙ
801 5644 926 5696 ὅσον
961 5645 1108 5705 είκδς
1144 5639 1466 5711 μεταλάϐοι,
1496 5638 1748 5709 ἐγχρίψει
1800 5655 1852 5690 τι
1874 5639 1985 5698 τοῖς

400 5735 613 5790 ὀδοῦσιν
674 5737 936 5806 άνιαρδν,
987 5737 1082 5790 καὶ
1142 5734 1576 5805 αίμωδιάσουσιν
1624 5735 1670 5785 οἱ
1733 5730 1986 5802 γομφίοι,

400 5829 590 5900 ὥσπερ
649 5828 806 5891 δίκας
850 5827 1234 5890 ἀποτιννύντες
1291 5829 1389 5895 τῆς
1440 5827 1718 5898 ἀπλήστου
1748 5826 1987 5897 r9055-

729 5930 1003 5992 PATBOL.
1050 5928 1167 5991 Gn.
1217 5926 1540 5989 CXXXVI.

2093 4631 2204 4687 τῶν
2231 4630 2448 4702 ἐκείνης
2481 4630 2804 4701 μνημάτων,
2839 4628 2908 4685 ἶν’
2934 4629 3152 4700 ἔχοιμεν
3190 4629 3365 4698 λόγων
3393 4630 3538 4699 λόγῳ
3591 4647 3692 4684 κα-

2093 4722 2398 4795 τατρυφᾷν.

2824 4812 2948 4868 NA'.

2169 4907 2242 4961 Σὺ
2275 4907 2376 4974 μὲν
2411 4906 2766 4976 δυσχερανεῖς
2818 4908 2952 4971 ἴσως
3007 4905 3102 4960 καὶ
3152 4905 3287 4976 πρὸς
3340 4907 3437 4970 τὰς
3493 4907 3696 4972 λεπτάς

2097 4999 2205 5052 τῶν
2234 4996 2545 5053 ’καστάνων
2575 4996 2871 5068 περιϐολάς
2906 5011 2920 5026 ·
2955 4996 3052 5051 καὶ
3124 4995 3358 5063 μάλιστα
3406 4995 3544 5066 πρὸς
3595 4997 3696 5066 τὴν

2095 5089 2434 5154 τελευταίαν,
2467 5090 2549 5144 ὅτι
2581 5087 2754 5161 ἀπρὶξ
2781 5088 2967 5159 ἔχεται
3006 5086 3102 5141 τοῦ
3138 5089 3376 5156 καρποῦ,
3423 5087 3518 5140 καὶ⁸
3566 5089 3695 5150 τοὺς

2095 5181 2290 5253 ὀχθους
2329 5181 2502 5253 αὐτῆς
2531 5180 2852 5236 ὑποδύεται.
2889 5179 3032 5250 Ἐγὼ
3056 5179 3136 5248 δὲ,
3162 5179 3404 5249 ὁπηνίκα
3442 5178 3549 5232 τῶν
3579 5178 3692 5232 δέν-

2095 5276 2238 5346 δρων
2270 5275 2536 5328 ἀπέσπων
2566 5273 2726 5340 αὐτὰ,
2759 5274 2975 5343 εὐαφῶς
2999 5272 3190 5342 ῶσπερ
3215 5273 3384 5344 ῥόδων
3415 5272 3693 5344 ήπτόμην.

2095 5370 2194 5431 τὰς
2218 5366 2460 5429 ἀκάνθας
2490 5365 2671 5421 αὐτῶν
2707 5365 3084 5436 ὑφορώμενος.
3118 5365 3251 5433 ,Οὐκ
3282 5360 3399 5420 οῖδα
3429 5364 3556 5434 γάρ,
3609 5364 3693 5417 ὅ-ι

2095 5459 2300 5529 γνοῦσα
2330 5461 2364 5530 ή
2407 5459 2571 5530 φύσις
2596 5457 2839 5530 σκληρὰν
2861 5457 3038 5522 οὕτως
3085 5458 3332 5531 ὀπώραν,
3384 5458 3526 5512 οὕτω
3575 5474 3694 5514 πιτς

2094 5554 2432 5624 ἠσφαλίσατο
2502 5554 2596 5606 καὶ
2646 5552 3173 5608 δυσεπιϐουλότατον
3230 5553 3526 5623 εἰργάσατο
3597 5550 3694 5606 τὸν

2095 5645 2328 5714 καρπόν.
2393 5644 2465 5696 Ἢ
2523 5643 2666 5712 τάχα
2719 5658 2823 5695 που
2855 5641 2966 5712 (ἵνα
2997 5661 3050 5697 τι
3103 5642 3448 5713 προσπαίξας
3501 5642 3694 5708 εἴπω),

2096 5735 2218 5789 ἐπεὶ
2247 5735 2397 5805 δρίον
2426 5733 2605 5805 ὄρειον
2633 5734 2704 5788 τά
2745 5733 2918 5788 πολλά
2967 5735 3029 5789 rb
3068 5735 3255 5805 φυτὸν,
3305 5736 3400 5788 καὶ
3464 5732 3691 5803 ἐμελλον

2096 5832 2226 5887 αὺτό
2251 5831 2540 5905 άδρότεραι
2567 5835 2748 5907 χεῖρες
2780 5833 3012 5906 τρυγᾷν,
3053 5829 3317 5904 διαταῦτα
3376 5827 3690 5894 ἀκανθῶδες
