4062 6418
369 453 500 522 1331

1373 459 1736 521 ADDENDA
1775 456 2165 518 EUSTATHI
2240 457 2648 518 EPISTOL.’E.

3495 455 3637 520 1:332

364 573 560 638 σιλίδα,
584 569 675 624 καὶ
699 569 798 639 τῆς
824 567 1059 622 ἐνταῦθα
1084 570 1342 640 προνοίας
1367 573 1584 642 τυχεῖνο
1611 571 1645 641 ἦ
1669 571 1749 635 είς
1767 570 1946 642 κρεῖτ-
1974 574 2020 630 Α
2049 567 2366 622 δυναστεύει
2395 570 2422 622 ὁ
2454 569 2607 638 ἥλιος
2627 585 2642 603 ο
2673 571 2721 623 εἰ
2750 569 2804 624 δέ
2830 587 2958 624 ποτε
2987 569 3054 622 τά
3082 567 3438 640 μεσημϐρινὰ
3471 588 3643 624 κατα-

361 684 457 723 τον
495 666 672 735 θέμας

826 754 903 809 Τὰ
950 754 1102 823 πρὸς
1137 756 1478 822 Ὄλυμπον.

435 847 604 901 οῦδὲν
644 847 754 901 τῶν
785 847 956 901 ὄντων
986 847 1128 915 ὑπὲρ
1161 847 1252 900 τὸν
1283 845 1583 916 Ὄλυμπον.
1616 845 1726 899 Καὶ
1757 848 1846 900 ἵνα
1877 846 1946 900 τά

364 939 652 992 τελευταῖα
673 940 767 994 τοῦ
796 941 957 1008 λόγου
992 941 1185 1011 πρῶτα
1210 940 1528 1009 ποιήσωμαι
1555 955 1568 971 ·
1597 938 1946 992 πεποίκιλται

368 1032 470 1099 μὲν
532 1033 762 1101 ούραιὺς
793 1033 1080 1102 ἀστράσιν,
1112 1032 1231 1087 ἀλλ’
1255 1032 1438 1102 ἄψυχα
1473 1031 1647 1087 ταῦτα
1691 1034 1943 1100 σώματα,

366 1128 464 1182 καὶ
493 1131 726 1198 μένοντα
761 1129 848 1196 ἐφ’
873 1125 940 1199 ἧς
964 1128 1212 1197 ἐγένοντο
1245 1127 1482 1199 φύσεως.
1528 1128 1585 1182 ⁸0
1610 1127 1668 1181 δὲ
1700 1126 1948 1195 λογικαῖς

363 1221 854 1288 γατακεκόσμηται
887 1222 1104 1290 φύσεσι,
1141 1220 1580 1291 προκοπτούσαις
1607 1220 1714 1281 ἀεὶ,
1749 1220 1842 1274 καὶ
1867 1221 1949 1285 εἰς

367 1313 490 1366 θεὸν
543 1312 968 1376 ἀναϐαινούσαις
1011 1312 1101 1367 διὰ
1129 1314 1230 1381 τῆς
1268 1313 1378 1367 τῶν
1405 1311 1618 1383 ἀρετῶν
1656 1313 1946 1383 κλίμακος.

366 1405 582 1474 Χωρίον
619 1404 896 1476 τρυφηλδν
924 1406 958 1475 ἡ
982 1404 1164 1475 Ἐδέμ,
1200 1405 1294 1458 καὶ
1327 1406 1386 1458 ἐν
1414 1403 1566 1474 καλῷ
1597 1403 1699 1473 τῆς
1724 1406 1947 1474 συμπά-

368 1514 470 1566 σης
501 1498 755 1565 κείμενον
785 1499 890 1567 γῆς
913 1512 929 1528 ⁶
961 1497 1078 1551 ἀλλ’
1104 1496 1260 1552 οῦπω
1295 1497 1617 1567 ἀνθρώπους
1657 1497 1778 1568 Θεῷ
1816 1497 1950 1552 καθ-

367 1587 740 1656 ομοιωθέντας
771 1588 1144 1658 ἐκληρώσατο.
1181 1587 1499 1659 ’Υπερφυὴς
1522 1591 1550 1644 ό
1579 1590 1904 1660 παράδεισος
1931 1605 1946 1622 .

367 1681 504 1735 ἀλλὰ
526 1681 671 1735 δυοῖν
698 1698 826 1734 ποτε
848 1682 1148 1752 οἰκητόρων
1169 1682 1526 1754 ηύμοίρησεν.
1547 1683 1708 1738 Οὗτοι
1752 1684 1808 1737 δὲ
1833 1683 1952 1755 ἅμα

367 1786 430 1823 τι
488 1769 600 1823 τῶν
655 1770 866 1824 ἐκείνου
897 1771 1128 1838 καρπῶν
1154 1771 1468 1840 ἐγεύσαντο,
1505 1774 1598 1829 καὶ
1632 1775 1732 1843 τῆς
1752 1791 1952 1828 πανευ-

367 1862 624 1930 δαίμονος
686 1863 904 1932 ἐκείνης
955 1864 1170 1934 τρυφῆς
1215 1865 1602 1936 ἀπηλάθησαν.
1653 1864 1727 1920 Τδ
1775 1866 1832 1919 δέ
1885 1883 1950 1932 γε

2055 660 2266 730 φλέγει,
2301 659 2416 714 ἀλλ’
2449 661 2511 714 αῖ
2539 677 2603 729 γε
2630 661 2740 714 τῶν
2772 663 2963 730 πηγῶν
2992 661 3157 731 αὖραι
3185 661 3304 714 ἀντὶ
3334 662 3518 730 πάσης
3545 663 3648 733 ἀρ-

2055 751 2244 807 κοῦσιν
2275 753 2581 825 ἀναψυχῆς.
2618 755 2903 823 Χειμῶνος
2926 754 2982 808 δέ
3011 757 3042 824 ἡ
3080 756 3178 823 μὲν
3206 755 3341 824 ἄλλη
3375 755 3644 825 ξύμπασα

2055 843 2128 914 γῆ
2164 844 2673 915 μετεσχηματίσθαι
2709 847 2878 910 δοκεῖ,
2906 849 3000 900 καὶ
3050 848 3112 901 τὸ
3172 850 3390 918 ἐαρινδν
3443 850 3647 914 κάλλος

2053 934 2435 1005 ἀποκεκάρθαι
2454 951 2468 968 ’
2503 935 2597 990 σοῦ
2629 936 2684 989 δέ
2707 937 2964 991 οὐδέποτε
2995 940 3026 1006 ἡ
3054 939 3320 1010 καλλίστη
3345 940 3455 992 τῶν
3479 940 3644 1011 ὡρῶν

2056 1027 2485 1099 ὕπερλέλησται.
2525 1029 2793 1096 Χλοάζεις
2822 1030 2930 1099 γὰρ
2955 1032 3324 1103 ἁπανταχόσε,
3362 1034 3553 1102 ὥσπερ
3585 1035 3642 1087 αἱ

2054 1119 2201 1174 οὕτω
2245 1121 2358 1175 τῶν
2409 1121 2574 1176 λίθων
2621 1125 2686 1177 ἐκ
2721 1122 2939 1192 φύσεως
2987 1124 3230 1193 ἔχουσαι.
3278 1127 3643 1195 Ἐκκὲχυνται

2055 1213 2187 1284 γοῦν
2215 1232 2276 1270 σε
2309 1215 2577 1270 πάντοθεν
2611 1216 2708 1270 καὶ
2739 1217 3000 1288 μυρρίναι
3029 1218 3123 1270 καὶ
3153 1217 3354 1286 σμίλαξ
3393 1218 3488 1271 καὶ
3515 1235 3640 1272 κιτ-

2054 1306 2179 1358 τοί·
2210 1305 2245 1377 ἦ
2293 1323 2351 1360 τε
2396 1307 2573 1376 δάφνη
2611 1324 2671 1361 σε
2713 1309 2989 1376 στεφανοῖ,
3021 1308 3116 1362 καὶ
3163 1311 3196 1378 η
3252 1309 3410 1374 πίτυς
3465 1327 3642 1364 κατα·

2055 1397 2276 1469 χλοάζει
2303 1413 2318 1431 ο
2343 1398 2463 1453 οῦδὲ
2492 1398 2625 1470 δρῦς
2661 1400 2755 1454 ἐπὶ
2788 1401 2873 1454 σο)⁹
2901 1401 3196 1470 γηράσκει,
3228 1401 3350 1454 ούδέ
3384 1402 3644 1469 φυλλοϐο-

2056 1490 2192 1562 λεῖή
2224 1490 2383 1562 συκῆ,
2411 1491 2528 1544 ἀλλ’
2547 1492 2636 1548 ἐπ’
2663 1492 2918 1563 ἀθανάτῳ
2939 1509 3020 1546 σοι
3051 1494 3147 1547 καὶ
3167 1495 3360 1564 ἀγήρῳ
3391 1494 3642 1548 ἀθάνατα

2057 1581 2354 1637 καὶταῦτα
2385 1583 2603 1652 φύεται.
2650 1584 2814 1639 Ἀλλά
2869 1585 3034 1639 πόθεν
3085 1603 3170 1639 σοι
3208 1585 3383 1648 οὕτως
3413 1587 3642 1656 ὴρμένῳ

2059 1675 2160 1743 τῆς
2191 1677 2296 1745 γῆς
2327 1677 2383 1729 αἰ
2413 1676 2641 1744 ἀφανεῖς
2669 1677 2778 1732 τῶν
2812 1677 3021 1732 ὑδάτων
3055 1678 3232 1746 πηγαί
3250 1695 3265 1744 ;
3298 1674 3375 1730 Ἦ
3421 1678 3642 1740 πάντως

2058 1767 2152 1820 ἐπὶ
2172 1767 2282 1820 τῶν
2313 1768 2599 1823 ἀθανάτων
2623 1771 2851 1824 ἐκείνων
2881 1769 3077 1839 πηγῶν
3101 1769 3200 1838 ἔφυ
3221 1771 3283 1822 τὸ
3309 1771 3548 1840 ρίζωμα,
3575 1771 3644 1834 ἀς

2058 1859 2298 1930 Χριστὸς
2327 1860 2511 1915 δίδωσι
2553 1863 2668 1926 τοῖς
2707 1861 2936 1931 διψῶσιν
2956 1878 2970 1893 ο
3000 1862 3125 1915 ὅθεν
3158 1863 3208 1915 οἱ
3244 1864 3354 1915 τῶν
3383 1865 3642 1932 ναμάτων

369 1953 516 2007 θεῖον
558 1953 716 2006 τοῦτο
747 1955 840 2006 καὶ
873 1955 1164 2025 πάμφορον
1206 1934 1333 2027 δρος
1359 1934 1551 2024 ἀνάγει
1589 1957 1690 2027 μὲν
1736 1956 1947 2029 ἀνθρώ·
1975 1934 2024 1996 Β
2057 1968 2151 2005 σου
2178 1953 2607 2024 ἐμφορούμενοι,
2642 1955 2692 2008 εί
2721 1953 2821 2010 καὶ
2851 1956 2926 2028 μὴ
2955 1956 3219 2010 ἀθάνατοι
3270 1955 3473 2028 πάντη,
3505 1957 3644 2012 ἀλλά

368 2059 505 2107 πους
531 2044 670 2112 Θεῷ,
724 2046 955 2114 κατάγει
986 2047 1044 2099 δὲ
1087 2048 1396 2118 ἀνθρώποις
1425 2048 1576 2103 Θεόν.
1615 2037 1754 2103 Kal.
1772 2047 1952 2103 κοινόν

369 2139 519 2188 ἐστιν
551 2137 868 2206 οἰκητήριον
901 2138 1009 2189 τῶν
1039 2155 1098 2191 τε
1136 2139 1434 2209 ὑπερφυῶν
1464 2140 1693 2207 τάξεων,
1720 2141 1814 2194 καὶ
1841 2141 1952 2195 τῶν

369 2228 725 2295 τεταγμένων
786 2229 1025 2296 φύσεων.
1059 2231 1130 2286 '0
1179 2249 1238 2284 τε
1285 2231 1495 2302 καρπὸς
1543 2232 1690 2300 αύτῷ
1730 2233 1952 2302 ξύμπας

369 2320 480 2372 τῶν
505 2321 716 2391 ἀρετῶν
745 2324 847 2375 οὐκ
878 2323 1137 2392 ἐδώδιμος
1166 2324 1346 2392 μόνον,
1377 2323 1514 2377 ἀλλά
1540 2327 1634 2378 καὶ
1663 2326 1952 2394 τρόφιμος,

371 2411 468 2463 καὶ
504 2412 737 2466 πιαίνων
787 2413 880 2465 τὶν
933 2413 1060 2468 νοῦν
1103 2414 1180 2485 τῷ
1213 2433 1270 2468 τε
1306 2415 1499 2484 γλυκεῖ
1545 2417 1639 2470 καὶ
1677 2418 1954 2488 ζωηφόρῳ

372 2503 471 2557 τοῦ
506 2504 838 2573 πνεύματος.
870 2506 945 2556 Ού
970 2507 1035 2558 τὰ
1067 2509 1302 2576 κρείττω
1329 2507 1404 2568 δὲ,
1436 2508 1572 2561 ἀλλά
1597 2510 1690 2561 καὶ
1719 2510 1786 2562 τὰ
1819 2510 1954 2579 πρὸς

373 2595 630 2666 αἴσθησιν
648 2596 852 2665 τούτῳ,
888 2598 1066 2666 πάσης
1097 2597 1264 2666 άλλης
1299 2598 1432 2666 ἡδίω
1469 2599 1712 2670 τέρψεὼς
1753 2617 1812 2652 τε
1861 2601 1956 2653 καὶ

374 2687 624 2756 χάριτος*
660 2687 873 2740 ὑδάτων
903 2689 1075 2756 πηγαὶ
1099 2690 1361 2758 καθαραί·
1393 2689 1521 2744 πόαι
1557 2689 1832 2758 μαλακαί·
1861 2691 1954 2743 εύ-

375 2779 563 2841 θαλεῖς
589 2777 822 2847 δένδρων
845 2779 1063 2848 τροφαί·
1095 2779 1324 2849 ὀρνίθων
1353 2780 1486 2852 ᾡδαί
1509 2797 1525 2813 ⁶
1556 2781 1790 2842 εὔπνους
1821 2782 1954 2851 άὴρο

375 2867 533 2937 ὴλίου
573 2867 728 2938 βολαὶ
761 2869 1000 2936 διαυγεῖς
1026 2886 1041 2900 ·
1077 2871 1238 2940 ὡρῶν
1273 2872 1609 2942 συμμετρία·
1637 2873 1855 2943 πνεῦμα
1881 2874 1957 2944 μὴ

376 2959 601 3014 λυποῦν.
639 2959 864 3012 Πάντων
897 2961 998 3029 μέν
1029 2963 1178 3016 ἐστιν
1222 2961 1367 3034 ὀρῶν
1411 2963 1828 3033 ύπερκείμενος,
1866 2963 1960 3034 βά-

378 3067 540 3122 σιμος
565 3051 622 3104 δὲ
665 3050 863 3119 μᾶλλον
894 3051 926 3120 ἢ
955 3052 1066 3105 τῶν
1092 3053 1294 3108 πεδίων
1326 3053 1393 3106 τά
1423 3053 1608 3110 ὕπτια.
1638 3055 1711 3108 Τό
1740 3073 1797 3108 τε
1827 3073 1959 3126 μετ-

378 3144 552 3214 έωρον
578 3144 677 3213 οὐχ
711 3138 824 3198 οἷον
856 3144 1152 3214 ἀπότομον,
1185 3148 1279 3198 καὶ
1315 3147 1348 3216 ἡ
1376 3146 1599 3210 κάθοδος
1635 3147 1817 3218 ἠρέμα
1843 3149 1961 3202 ἐπι-

2053 2057 2118 2111 γε
2144 2042 2444 2098 καθιστᾶσι
2474 2046 2936 2115 μακροϐιώτατοι.

2125 2133 2388 2190 Βασίλειά
2412 2153 2517 2202 σοι,
2546 2135 2823 2204 Ὀλυμπε,
2849 2139 2941 2192 καὶ
2969 2139 3037 2192 τά
3068 2138 3226 2211 ὅρεια
3251 2155 3264 2171 '
3298 2139 3390 2193 καὶ
3413 2141 3518 2205 δτι,
3541 2140 3644 2193 κάν

2054 2241 2142 2288 τις
2169 2224 2384 2281 ἐκεῖθεν
2411 2226 2562 2298 ἥκων
2589 2228 2691 2296 τὴν
2735 2228 2829 2281 ἐπὶ
2869 2229 2956 2283 σοὶ
2992 2229 3302 2304 δυσχεράνῃ
3333 2231 3640 2302 διαγωγὴν,

2056 2319 2173 2372 ἀλλ’
2203 2319 2252 2372 εἰ
2286 2319 2536 2390 βούλοιτο
2570 2322 2932 2393 περιδραμεῖν
2967 2341 3051 2377 σοι
3097 2325 3198 2388 τὰς
3227 2327 3453 2394 ἀφανεῖς
3487 2326 3647 2394 οίκή-

2057 2427 2192 2476 σεις,
2220 2411 2394 2466 ὁπόσα
2423 2413 2481 2466 τέ
2515 2429 2596 2466 σοι
2630 2416 2772 2468 κατά
2794 2415 3010 2484 πετρῶν
3034 2414 3308 2486 ῶρυκται,
3341 2416 3372 2487 ἢ
3400 2417 3648 2486 αὐτομά-

2055 2520 2166 2566 τως
2217 2503 2586 2571 κεκοίλανται,
2623 2505 2867 2576 εὑρήσει,
2901 2508 3009 2574 ὅπη
3050 2507 3404 2578 τρυφήσειεν.
3446 2507 3510 2562 Εἰ
3546 2507 3647 2576 μὲν

2057 2596 2169 2668 γάρ
2187 2596 2411 2650 ὑπέλθοι
2427 2596 2644 2667 δένδρου
2660 2599 2842 2666 σκιὰν,
2863 2599 3061 2653 αὐτίκα
3077 2598 3268 2653 τοῦτον
3289 2599 3648 2666 ἐπιξενὼσον-

2055 2704 2150 2741 ται
2179 2687 2426 2742 κάτωθεν
2460 2687 2560 2759 μὲν
2589 2689 2694 2758 γῆς
2721 2689 2874 2742 εὐναὶ
2901 2689 3140 2756 μαλακαί
3163 2706 3180 2723 ο
3210 2689 3354 2760 ὑπὲρ
3381 2691 3437 2744 δὲ
3469 2708 3648 2760 κεφα-

2057 2779 2156 2848 λὴν
2207 2779 2308 2846 τὴν
2359 2779 2583 2851 ὀπώραν
2635 2779 2934 2852 κοσμοῦσιν
2980 2781 3037 2834 αἱ
3093 2782 3355 2850 Χάριτες.
3390 2781 3466 2836 Τὸ
3491 2783 3548 2835 δέ
3579 2800 3646 2850 γε

2059 2870 2365 2936 ἀναϐλύζον
2395 2871 2428 2942 ἢ
2460 2873 2778 2944 παραρρέον
2807 2873 3024 2927 ύδάτιον
3063 2873 3185 2927 ἀντὶ
3221 2874 3406 2943 πάσης
3446 2875 3651 2944 εὖφρο-

2062 2963 2234 3034 σύνης
2258 2963 2548 3034 γενήσεται
2573 2979 2588 2995 ⁸
2623 2964 2726 3018 κᾶν
2747 2965 2920 3036 δεήσῃ
2953 2965 3220 3036 ἀναϐῆναι
3253 2965 3520 3034 κλίμακα,
3551 2966 3654 3020 καὶ

2061 3055 2168 3109 ὑπὸ
2227 3055 2428 3127 στέγην
2481 3057 2775 3126 τρυφῶσαν
2833 3056 3110 3125 γενέσθαι,
3140 3057 3462 3116 ἐπιλήσεται
3510 3058 3650 3126 ταχὺ
3743 3067 3760 3076 ‘

2066 3147 2213 3216 μάλα
2247 3147 2358 3200 τῶν
2385 3147 2444 3201 ἐν
2467 3149 2581 3210 τοῖς
2606 3147 2844 3216 ἀστράσι
2872 3147 3296 3218 λαμπροτήτων.
3322 3146 3654 3218 Παντοδαπὴ

379 3236 590 3308 κλινής.
625 3237 778 3290 Εἴπω
809 3237 868 3290 τὸ
899 3236 1150 3307 ξύμπανο
1198 3239 1350 3292 οὐδὲν
1402 3239 1552 3310 αύτῷ
1605 3239 1714 3293 τῶν
1743 3240 1962 3295 πάντων
1989 3268 2032 3326 c
2065 3239 2175 3309 γὰρ
2209 3239 2243 3310 ἡ
2282 3238 2428 3302 λίθος
2462 3239 2744 3292 κάνταῦθα
2769 3239 2866 3292 καὶ
2901 3239 3122 3309 ποικίλη
3159 3241 3272 3302 τοῖς
3320 3240 3648 3310 χρώμασιν·

380 3329 520 3404 πρὸς
556 3330 849 3400 σύγκρισιν
879 3329 1172 3400 αὔταρκες.

455 3420 731 3490 Ὅλυμπε,
765 3419 906 3472 θεῖον
939 3420 1086 3489 ὅρος,
1119 3419 1292 3488 αὐτῆς
1338 3437 1394 3472 τε
1440 3421 1540 3488 τῆς
1573 3421 1710 3473 Σιὼν
1745 3422 1840 3475 καὶ
1867 3422 1960 3474 τοῦ

393 3509 645 3580 Ἀερμὼν
706 3511 1125 3582 ὑπερκείμενον,
1187 3512 1280 3564 καὶ
1335 3513 1515 3582 πηγάῖ
1548 3514 1820 3584 ἀρρήτους
1865 3513 1964 3582 τὴν

382 3601 578 3672 ἡδονὴν
606 3603 707 3669 τῆς
739 3604 942 3671 νοητῆς
986 3603 1341 3674 Ἰερουσαλὴμ
1376 3605 1648 3657 κατακέον
1673 3621 1684 3634 ·
1737 3605 1788 3657 τί
1833 3605 1964 3658 ποτέ

386 3711 473 3747 σοι
518 3694 1006 3764 προσφθέγξομαις
1035 3695 1172 3748 Τίνα
1217 3694 1274 3747 δέ
1330 3711 1414 3748 σοι
1473 3697 1822 3766 ἀναϐήσομαι
1865 3715 1966 3766 χα-

386 3787 689 3858 ριστήρια;
737 3787 871 3839 Ἀπὸ
905 3788 1078 3842 ποίων
1124 3787 1182 3842 δέ
1233 3804 1293 3841 σε
1343 3787 1451 3840 τῶν
1499 3790 1718 3842 οἰκείων
1785 3790 1968 3858 μερῶν

385 3879 769 3948 ἀναδήσομαις
817 3879 907 3942 Ὠς
957 3880 1302 3942 παντοδαπὸς
1342 3873 1415 3942 εἷ,
1449 3881 1510 3932 ού
1557 3879 1656 3943 τάς
1689 3880 1970 3948 θειοτέρας

391 3970 554 4036 μόνον
584 3970 850 4040 Χάριτας,
890 3972 1027 4024 ἀλλὰ
1067 3974 1162 4024 καὶ
1193 3973 1293 4036 τὰς
1329 3972 1682 4044 ἀνθρωπικὰς
1718 3971 1814 4025 καὶ⁴
1847 3971 1969 4024 θελ-

389 4061 598 4124 γούσας
649 4061 748 4131 τὴν
798 4061 1075 4130 αἴσθησιν.
1109 4064 1220 4116 Καί
1255 4080 1314 4116 σε
1350 4066 1543 4133 κρᾶμα
1598 4063 1894 4132 πεποίηται
1941 4065 1971 4116 ὁ

389 4149 525 4213 Θεὸς
559 4155 659 4220 τῆς
688 4151 882 4222 διπλῆς
911 4153 1130 4224 ἀρετῆς,
1160 4155 1258 4226 ὅση
1308 4155 1438 4225 περὶ
1479 4155 1571 4209 τὸν
1607 4155 1836 4225 οὐρανὸν
1875 4156 1971 4208 καὶ

389 4245 490 4315 ὅση
527 4244 658 4316 περὶ
698 4246 797 4314 τὴν
829 4245 956 4314 γῆν.
1007 4240 1135 4299 υἷον
1168 4247 1268 4318 μὲν
1316 4247 1423 4316 γάρ
1466 4265 1547 4302 σοι
1585 4248 1676 4302 τοῦ
1719 4247 1882 4302 Δαυτδ
1910 4248 1972 4302 τὸ

389 4335 687 4408 ψαλτήριον
724 4336 856 4390 δέκα
901 4336 1162 4406 φθόγγοις
1210 4339 1588 4408 ἐντεταμένον,
1623 4339 1716 4392 καὶ
1759 4341 1858 4402 τὰς
1896 4343 1974 4394 ἰσ-

392 4429 662 4500 αρίθμους
695 4431 976 4498 αἰσθήσεις
1023 4432 1120 4497 τῆς
1151 4449 1208 4483 τε
1241 4432 1420 4503 ψυχῆς
1465 4433 1560 4484 καὶ
1590 4432 1686 4486 τοῦ
1724 4431 1976 4502 σώματος

391 4521 518 4574 ἀντὶ
574 4522 785 4593 χορδῶν
845 4523 1309 4593 προϐαλλόμενον,
1359 4525 1451 4577 καὶ
1485 4525 1719 4578 ἕκαστον
1758 4526 1974 4594 ἑκάστῳ

2070 3330 2132 3384 αῖ
2161 3349 2218 3384 τε
2244 3332 2479 3400 κέδρινοι
2511 3332 2706 3400 ὀροφαὶ
2759 3333 2820 3384 ού
2860 3333 3004 3402 μάλα
3033 3333 3242 3402 χείριον
3289 3334 3654 3387 ἀντιπίπτου-
3694 3406 3700 3411 1

2071 3441 2181 3488 σαι,
2210 3424 2325 3478 ἀλλ’
2351 3423 2573 3492 ὁμαλῶς
2598 3423 2887 3494 διῄρηνται
2916 3425 3012 3477 καὶ
3043 3424 3436 3493 γεγλύφανται.
3469 3427 3581 3478 Καὶ
3619 3428 3653 3496 ἡ

2066 3516 2360 3584 γράφουσα
2390 3515 2599 3578 ταύτας
2637 3519 2758 3585 χεὶρ
2800 3517 3074 3587 ἐπίσημος
3105 3513 3208 3570 ῶδε
3258 3517 3482 3585 μᾶλλον,
3525 3518 3557 3587 ἢ
3598 3518 3657 3571 ἐν

2067 3611 2184 3667 ταῖς
2220 3609 2458 3661 πόλεσιν.
2504 3606 2796 3677 Ἀτυχήσει
2857 3610 2912 3662 δὲ
2959 3610 3081 3662 οὐδὲ
3129 3611 3238 3662 τῶν
3269 3611 3444 3663 ἄλλων
3484 3611 3653 3674 τινός.

2081 3699 2244 3752 Ἀλλά
2277 3698 2372 3752 καὶ
2402 3698 2498 3766 γῆ,
2529 3699 2625 3750 καὶ
2666 3699 2929 3766 θάλαττα,
2967 3701 3062 3753 καὶ
3104 3701 3214 3770 ἀὴρ
3243 3703 3370 3773 -ή
3419 3700 3518 3770 μὲν
3561 3701 3660 3772 βο-

2071 3791 2349 3858 σκήματα,
2381 3791 2410 3842 ὁ
2462 3788 2519 3842 δὲ
2569 3789 2738 3858 ὅρνις,
2775 3791 2807 3859 ἡ
2850 3790 2907 3843 δὲ
2952 3791 3143 3860 ἰχθύας
3189 3792 3656 3863 δωροφορήσουσι.

2069 3879 2188 3935 Κᾶν
2226 3879 2400 3951 θηρᾷν
2428 3880 2656 3948 αἰροῖτο,
2689 3879 2908 3950 ἕτοιμος
2952 3884 2981 3935 ὁ
3027 3882 3246 3948 λαγῶςο
3279 3884 3374 3937 καί⁵
3408 3887 3435 3936 ό
3466 3883 3661 3955 πέρδιξ

2069 3973 2260 4027 τοῦτον
2294 3973 2769 4042 ύποπτερύξεταιο
2836 3975 3078 4027 ἀκοντιεῖ
3130 3975 3187 4028 δέ
3245 3976 3340 4028 καὶ
3389 3976 3529 4030 κατά
3561 3975 3662 4029 κά-

2072 4083 2228 4136 πρων
2252 4083 2266 4098 ⁸
2316 4067 2412 4120 καὶ
2455 4067 2488 4136 ἡ
2521 4067 2725 4137 ἄρκτος
2755 4066 2854 4134 οὐχ
2891 4067 3327 4137 ύπερδραμεῖται
3362 4067 3530 4121 αὑτοῦ
3560 4067 3662 4138 τὴν

2075 4157 2261 4229 βολήν.
2301 4157 2678 4226 Ἐπανάγοντα
2701 4156 2757 4210 δέ
2787 4159 2851 4210 ἐκ
2870 4158 2968 4227 τῆς
2997 4158 3171 4228 θήρας
3203 4158 3422 4227 πνεῦμά
3447 4176 3505 4212 τε
3531 4160 3664 4212 ὐπο-

2072 4250 2283 4317 δέξεται
2314 4249 2574 4314 εῦπνουν,
2608 4250 2703 4304 καὶ
2735 4249 2924 4313 στιϐἀς
2958 4251 3170 4320 σχέδιος
3200 4251 3394 4321 ἐγγύθι
3429 4252 3666 4322 κελαρύο

2074 4343 2256 4408 ζοντος
2285 4340 2550 4411 νάματος.

2817 4433 2935 4490 οΔ’.

2146 4521 2252 4577 Ἦν
2275 4525 2362 4578 ὅτε
2389 4524 2642 4590 ποθεινὸς
2673 4520 2742 4595 ἦν
2765 4524 2845 4594 τῷ
2881 4522 3105 4594 μεγάλῳ
3134 4524 3370 4596 δεσπότῃ
3424 4541 3551 4595 μου,
3585 4525 3669 4595 τῷ

393 4615 492 4668 καὶ
519 4614 698 4669 πάντα
733 4616 867 4684 πρ³ς
897 4615 1101 4684 ἄλληλα
1154 4616 1326 4670 ποιῶν
1385 4616 1673 4686 σύμφωνα.
1717 4610 1820 4670 Οἷα
1855 4616 1911 4668 δὲ
1941 4617 1974 4686 ἡ
2009 4611 2052 4665 D
2082 4615 2324 4685 Καίσαρι
2345 4630 2360 4645 ⁶
2395 4615 2489 4669 καί
2518 4633 2610 4687 μοι
2637 4617 2899 4686 προσεῖχε
2927 4615 3021 4668 τὸν
3049 4615 3174 4668 νοῦν
3203 4615 3296 4667 καὶ
3326 4614 3540 4684 λέγοντι
3569 4613 3669 4668 καὶ

393 4707 493 4772 τῆς
517 4705 739 4774 ἀηδόνος
775 4707 914 4774 ἠχώ.
951 4709 1300 4762 [Ιαντηδαπὶν
1327 4709 1424 4773 μέν
1452 4727 1535 4761 σοι
1575 4709 1634 4760 τὸ
1661 4709 1975 4778 ἀμφιλαφές

393 4797 506 4847 τῶν
536 4795 768 4865 δένδρων
795 4798 886 4849 καὶ
913 4798 1153 4850 σύσκιον.
1199 4799 1413 4851 Ὀποίόν
1439 4816 1498 4851 τε
1527 4798 1586 4850 τὸ
1613 4801 1721 4852 τῶν
1766 4799 1979 4868 ἀρετῶν

397 4887 667 4956 ύῷίκομον
692 4891 784 4940 καὶ
815 4889 972 4952 δασὺ,
1004 4889 1222 4958 πνεῦμα
1253 4890 1475 4958 εἰσάγον
1510 4892 1753 4960 μέτριον,
1791 4893 1885 4944 καὶ
1920 4891 1980 4944 τὸ

397 4979 673 5048 φλογῶδες
725 4981 1070 5050 ἀποτειχίζον
1121 4980 1213 5033 τοῦ
1264 4981 1567 5045 καύσωνος,
1625 4983 1771 5043 ὅστις
1827 4976 1981 5046 οὗτός

399 5074 535 5130 ἐστι.
564 5073 636 5127 Τὸ
679 5074 736 5126 δὲ
767 5073 1008 5143 ξύμπαν,
1035 5075 1233 5145 ἤρισαν
1278 5077 1369 5128 ἐπί
1405 5092 1488 5128 σοι
1532 5077 1763 5143 οὔρανός
1797 5094 1855 5128 τε
1889 5077 1984 5129 καὶ

397 5167 495 5231 γῆν
522 5165 667 5228 τινος
715 5166 780 5220 ἂν
826 5168 1026 5236 μᾶλλον
1053 5168 1247 5235 γίνοιο.
1301 5167 1704 5238 ’Υπερεόάλετο
1735 5169 1792 5222 δὲ
1822 5169 1982 5236 οὖρα-

400 5256 512 5321 νὶς,
544 5257 637 5308 καί
668 5273 727 5310 σε
753 5258 976 5322 δικαίως
1013 5259 1301 5330 Ὄλυμπον
1351 5259 1708 5328 ὲπωνόμακεν
1750 5261 1826 5323 ὡς
1865 5261 1986 5313 δεύ-

399 5365 561 5408 τερον
593 5349 844 5417 οὐρανόν.

477 5443 629 5508 Ὅπη
659 5459 752 5495 σου
777 5443 886 5496 τῶν
915 5445 1098 5515 μερῶν
1126 5446 1310 5516 τρέψω
1332 5447 1423 5501 τὸν
1451 5447 1750 5518 ὀφθαλμὸν,
1783 5448 1986 5516 Ὀλυμ·

403 5554 498 5601 πε,
561 5535 832 5605 ἀκήρατοί
894 5551 984 5604 μοι
1041 5535 1202 5600 εὐθὺς
1272 5539 1706 5608 προσϐάλλουσιν
1765 5539 1986 5607 ἡδοναίο

403 5627 674 5698 λειμῶνες
719 5628 955 5681 ἐνταῦθα
977 5644 992 5658 ο
1024 5629 1202 5682 ἐκεῖσε
1235 5629 1471 5700 δένδρων
1499 5630 1747 5693 εὐθαλεῖς
1780 5631 1986 5700 κόμαι·

403 5724 438 5790 ἠ
485 5716 656 5787 αὗλαξ
713 5719 927 5792 βαθεῖα,
978 5720 1242 5790 ἐρίϐωλος
1295 5723 1388 5775 καὶ
1439 5722 1578 5774 πίων
1612 5725 1644 5792 ἡ
1680 5722 1928 5793 ἀρουραο
1963 5723 1990 5773 ὁ

2081 4704 2477 4775 συγγράφοντι,
2507 4707 2596 4758 καὶ
2625 4705 2726 4768 τὰς
2747 4705 3041 4768 ἐπιστολὰς
3070 4705 3200 4774 περί⁵
3225 4704 3474 4767 πλείονος
3497 4703 3670 4757 ἐτίθει

2084 4797 2348 4864 σπουδῆς,
2381 4797 2478 4850 καὶ
2508 4795 2924 4867 συγγράμματα
2965 4796 3024 4848 ἐν
3073 4782 3302 4864 βιϐλίοις
3343 4792 3672 4862 ἀπεθησαύο

2085 4889 2200 4961 ριζε
2229 4908 2242 4921 ·
2271 4891 2366 4943 καὶ
2393 4890 2421 4944 ὅ
2451 4908 2502 4942 τι
2529 4889 2769 4958 εἴποιμι,
2792 4888 2820 4941 ὃ
2842 4904 2895 4940 τι
2927 4887 3314 4958 ἐνθυμηθείην,
3347 4886 3376 4938 ὅ
3411 4903 3464 4938 τι
3496 4884 3674 4954 ψιλῶς

2084 4983 2426 5054 ἐννοήσαιμι,
2457 4980 2736 5050 ἠσπάζετό
2765 4996 2824 5032 τε
2865 4980 2955 5031 καὶ
2985 4979 3315 5048 περιείχετο.
3347 4977 3464 5030 Νῦν
3493 4977 3550 5028 δέ
3579 4993 3675 5042 μοι

2087 5078 2183 5131 καὶ
2213 5076 2274 5129 τὸ
2315 5073 2604 5144 εὐτύχημα
2642 5071 2801 5126 τοῦτο
2847 5072 2984 5138 μετὰ
3017 5071 3127 5124 τῶν
3163 5070 3335 5124 ἄλλων
3364 5067 3675 5138 ἀφῄρηται.

2088 5168 2274 5237 Κάμοὶ
2306 5166 2404 5236 μὲν
2431 5166 2562 5229 ῖσως
2585 5164 2646 5218 οὺ
2677 5163 3031 5218 παντάπασιν
3065 5164 3115 5216 οἰ
3141 5162 3291 5230 λόγοι
3321 5158 3681 5228 κατεμαράν-

2090 5259 2284 5327 θησαν.
2317 5257 2388 5308 Σὺ
2423 5255 2479 5308 δέ
2515 5271 2605 5324 μοι
2641 5253 2747 5325 πρὸ
2779 5255 2876 5324 τῆς
2911 5251 3216 5324 παρακμῆς
3249 5251 3347 5318 τὴν
3385 5247 3542 5317 ἰσχὺν
3574 5246 3680 5314 τῆς

2089 5353 2312 5420 ἀγάπης
2338 5346 2662 5408 κατέϐαλες,
2693 5345 2786 5400 καὶ
2812 5345 2938 5410 τούς
2964 5362 3023 5398 τε
3046 5343 3330 5412 διαλόγους
3361 5341 3494 5409 ἡμῖν
3521 5338 3678 5407 ἐσμί-

2096 5460 2324 5512 κρυνας,
2358 5443 2454 5497 καὶ
2487 5440 2886 5512 ἀπροσόδευτον
2917 5439 3076 5506 ἀφεὶς
3116 5436 3215 5506 τῆς
3248 5435 3457 5498 πόλεως
3489 5433 3680 5503 ἐξελή-

2091 5535 2302 5598 λυθαςο
2335 5533 2458 5588 οῦτε
2510 5535 2608 5604 τὴν
2661 5533 2822 5603 χεῖρα
2877 5526 3182 5592 ἐπιϐαλὼν,
3229 5525 3354 5579 οῦτε
3389 5524 3683 5596 πόρρωθεν

2096 5626 2408 5698 ἐγκραγὼν.
2447 5625 2605 5700 Οὕτω
2665 5642 2757 5694 μοι
2809 5625 2888 5684 εἰς
2947 5621 3262 5675 τούναντίον
3314 5618 3385 5671 τά
3434 5619 3686 5686 πρότερα

2095 5719 2238 5774 καλά
2263 5718 2636 5789 συνερρύηκεν
2656 5731 2671 5748 ο
2698 5715 2870 5779 οὕτως
2896 5711 3006 5781 ἐγὼ
3037 5712 3174 5782 μετά
3204 5710 3312 5763 τῶν
3339 5708 3514 5763 ἀλλων
3541 5706 3686 5774 λαμ-

410 5817 624 5886 κπρπὺς
652 5817 914 5886 τεθηλώς.
952 5815 1094 5870 ’Δλλ’
1125 5817 1284 5886 ἔαρος
1309 5814 1485 5868 ταῦτα
1513 5815 1678 5887 δῶρα.
1711 5815 1874 5868 ’Λλλά
1901 5815 1993 5869 καὶ
2099 5811 2254 5884 πρῶν
2287 5812 2380 5864 καὶ
2410 5812 2471 5863 τδ
2508 5810 2803 5877 κεφάλαιον
2847 5807 2944 5874 τῆς
2974 5802 3389 5871 λαμπρότητος,
3423 5798 3514 5851 τὸν
3551 5799 3682 5850 Καί.

414 5911 474 5966 ἰδ
503 5908 658 5976 Εὖρος
690 5908 943 5978 εὔπνουν,
981 5911 1072 5966 καὶ
1101 5911 1158 5965 ού
1191 5909 1331 5979 μάλα
1360 5926 1449 5964 σου
1475 5908 1579 5961 τῶν
1618 5907 1800 5975 μερῶν
1827 5925 1992 5962 καται

2103 5921 2266 5973 σαρα,
2325 5903 2605 5959 ἀπώλεκα.
2661 5900 2772 5956 Καὶ
2829 5898 2981 5954 ούδέν
3038 5887 3177 5963 οἶδα,
3244 5894 3298 5948 εί
3345 5908 3472 5946 ποτε
3521 5888 3681 5952 αῦθτς
