1962 3087
160 136 194 168 43

516 139 730 170 EUSTATHII
748 140 1128 174 THESSALONICENSIS
1143 145 1424 178 METROPOLlTxE

1767 149 1803 178 44

160 196 293 225 facientes
311 196 344 225 ad
364 197 416 224 hoc
431 201 626 232 pervenerunt.
643 202 672 225 ut
692 197 718 224 in
737 197 827 225 lucem
843 197 954 225 adduce

1016 202 1127 235 ρανοῦσι
1138 204 1168 230 τὸ
1183 203 1308 238 ἔκτοπον,
1324 206 1371 232 καὶ
1384 204 1514 240 ὀκνητέον
1524 204 1552 231 δὲ
1563 204 1662 236 εἰπεῖν.
1677 206 1724 233 καὶ
1737 206 1798 234 ἄτο-

159 247 221 272 reut
239 251 300 277 quae
315 243 436 271 tenebris
452 247 517 270 sunt
531 243 624 278 digna.
644 244 872 278 multitudinique
892 251 956 278 per-

159 289 306 318 suaderent
326 290 399 325 quod
419 290 516 318 civitas
542 290 652 318 ruinam
677 297 732 318 non
753 289 874 325 eﬂugiet,
901 289 954 317 nisi

160 344 224 363 cum
241 344 326 371 parvo
340 342 369 364 et
387 337 534 372 inexperto
551 337 648 365 Alexio
664 337 691 364 iu
708 336 816 370 imperii
839 342 956 363 consor-

158 383 229 410 tiutn
249 383 442 412 admitteretur
460 384 643 417 Andronicus,
669 383 779 418 optima
796 381 911 413 indolis,
928 386 955 408 et

159 429 187 457 in
203 430 337 466 regnandi
353 435 414 458 arte
428 430 496 458 adeo
510 435 648 462 versatus,
664 434 694 457 ut
709 436 771 456 cum
788 428 837 455 illo
849 426 955 462 imperii

159 475 345 511 gubernacula
362 476 430 503 bene
445 479 571 503 recturus
590 474 660 502 foret
674 482 682 508 ς
696 481 747 501 non
763 474 799 500 ita
813 478 843 500 ut
857 472 957 500 avelle-

159 525 249 554 retur,
277 521 325 549 sed
352 527 380 549 ut
401 521 601 556 produceretur
627 519 747 547 maxime
761 519 956 554 magniﬁcare-

159 572 261 602 turque
283 567 408 602 parvitas
425 567 503 602 ejus;
525 565 726 593 communitate
744 564 854 599 quidem
870 564 954 592 unius

159 611 318 648 dignitatis,
331 611 474 640 consortio
500 618 563 638 vero
575 610 696 638 laborum
710 617 955 644 aerumnarumque

159 659 261 694 quibus
294 659 357 694 plus
384 657 452 686 satis
481 657 655 685 assuefactus
679 660 740 684 erat
765 656 953 688 Andronicus,

159 706 323 733 multimoda
336 704 506 740 experientia
519 704 697 731 exercitatus.
713 703 772 731 Non
781 703 875 738 paucis
894 710 955 737 per-

159 756 307 780 suaserunt
322 750 498 778 utbenevolis
509 750 624 777 auribus
639 749 765 777 audirent
776 757 809 776 ac
821 748 955 776 int-alesc-

159 801 222 822 rent
237 795 270 822 ad
285 795 552 822 consummationem
567 795 724 823 communis
740 794 850 830 imperii
864 794 955 821 Alcxil

159 846 185 868 et
203 841 362 869 Andronici.
377 841 407 868 In
428 841 564 876 principio
581 841 693 876 quidem
703 841 737 869 de
753 841 955 869 machinatione

159 888 375 920 utussitabatur,
404 893 498 922 postea
525 896 617 916 sermo
646 889 745 921 flebat,
775 888 859 923 paulo
890 893 954 923 post

160 934 250 970 palam
276 935 358 962 etiam
387 935 572 963 clamabatur.
603 935 740 963 (laterum
772 935 885 970 publice
917 935 952 962 ad

159 980 342 1015 principatum
362 980 520 1008 invitandos
540 985 600 1008 erat
622 981 816 1015 Andronicus;
831 982 879 1016 qui
898 981 953 1009 nisi

158 1026 298 1057 cltedirct,
312 1026 435 1062 jamjam.
451 1027 589 1062 rogandus
603 1031 694 1061 esset;
712 1028 736 1055 si
755 1035 820 1055 vero
845 1035 896 1055 nec
917 1027 954 1055 ita

158 1073 314 1105 exaudiret,
332 1073 494 1102 inﬂexibilis
519 1081 696 1109 permanens,
730 1075 772 1102 vis
798 1074 954 1102 adhibenda

159 1119 241 1147 foret.
265 1119 364 1147 Dicunt
377 1125 404 1147 et
433 1120 486 1148 hoc
504 1129 566 1149 esse
581 1121 694 1153 melius,
710 1121 787 1149 illum
806 1121 861 1156 pati
880 1121 955 1156 quod

161 1175 215 1195 non
229 1167 298 1199 vult,
313 1168 421 1196 scilicet
437 1175 564 1203 regnare,
586 1176 668 1203 quam
693 1169 826 1195 mundum
846 1169 953 1195 ruinam

161 1213 227 1245 pati.
242 1213 312 1241 Huic
330 1215 485 1242 assentiunt
503 1215 580 1243 inulti
597 1223 629 1243 ex
648 1215 736 1249 plebe.
750 1216 780 1242 In
799 1216 873 1243 hunc
889 1223 954 1243 vero

160 1263 312 1287 torrentem
330 1260 388 1288 ﬂuit
404 1261 527 1296 quaedam
541 1261 674 1290 colluvies
689 1270 722 1289 ex
737 1263 954 1298 congregatione

160 1306 291 1339 aliorum,
305 1314 359 1334 non
374 1307 518 1335 abundans
527 1308 648 1343 quidem,
661 1309 708 1336 sed
719 1316 820 1337 nocens
836 1309 953 1344 ideoque

160 1359 176 1379 a
189 1352 269 1380 nobis
286 1352 504 1380 abborrendnm.
519 1352 578 1380 Non
604 1355 677 1381 enim
690 1354 851 1389 simpliciter
878 1354 954 1382 dete-

161 1399 289 1426 stabatur
313 1404 419 1427 aztatem
440 1401 572 1436 puerilem
596 1400 684 1427 Alexii
701 1401 879 1435 imperatoris
895 1402 952 1427 An-

160 1446 267 1474 dronici
283 1447 380 1481 gratia,
401 1447 448 1474 sed
472 1446 564 1474 furore
580 1455 630 1474 suo
649 1454 692 1474 res
715 1448 848 1480 turbavit,
868 1452 953 1483 utque

162 1494 340 1522 Andronicus
353 1493 458 1522 fureret
476 1493 529 1522 fuit
548 1501 644 1522 causa.

197 1633 241 1661 59.
259 1633 331 1661 Inter
347 1633 408 1661 illos
423 1637 504 1660 erunt
516 1633 639 1661 celebres
657 1633 675 1661 il
702 1633 749 1669 qui
770 1633 881 1662 fuerunt
895 1637 952 1661 tum

162 1681 269 1714 ﬁdeles,
295 1680 493 1708 Constantinus
519 1681 672 1711 Patronus,
704 1681 793 1716 imago
822 1685 950 1708 accurata

163 1727 345 1760 adulationis,
361 1731 389 1755 et
403 1727 506 1754 imbelli
530 1735 611 1755 manu
629 1727 754 1760 Michael,
771 1727 813 1754 vir
829 1727 953 1756 difﬁcilis

163 1773 331 1808 gubernem,
359 1774 447 1802 facilis
462 1781 527 1801 vero
552 1773 586 1801 ad
603 1775 777 1809 pravitatem.
804 1774 869 1802 Erat
888 1782 954 1802 vero

163 1820 191 1846 in
207 1819 262 1847 illis
275 1820 314 1846 vir
330 1819 448 1853 insignis
459 1820 538 1855 quasi
550 1819 643 1847 ferens
656 1821 765 1855 signum
781 1821 868 1848 ruina:
882 1821 955 1855 (erat

163 1866 235 1893 forte
250 1870 316 1893 tunc
340 1866 367 1893 in
391 1866 480 1894 media
498 1866 590 1902 aetate)
617 1871 697 1894 natus
720 1875 753 1894 ex
770 1872 847 1902 patre
864 1867 955 1902 perito

163 1912 197 1939 de
215 1920 242 1939 re
253 1912 359 1947 publica
372 1912 613 1948 judicandiseque
629 1913 656 1940 in
679 1912 825 1940 latrocinia
843 1914 952 1941 immer-

163 1958 244 1994 gendi
273 1966 280 1985 :
302 1957 457 1993 Stephanus
475 1959 584 1994 quidem
612 1959 723 1987 nomine
749 1960 911 1995 appellatus,
928 1964 956 1988 et

163 2006 301 2041 superillo
313 2005 640 2041 Hagiochristophorites,
659 2007 705 2042 qui
721 2011 890 2039 mutatus,ex
900 2015 955 2043 quo

163 2055 296 2082 adversus
324 2054 408 2083 Deum
430 2059 579 2089 operatur,
600 2054 890 2089 antichristopliorites
910 2062 957 2083 c0-

163 2101 341 2135 gnominatur
354 2101 388 2128 ab
401 2101 434 2129 iis
449 2101 497 2136 qui
511 2104 585 2129 recte
593 2101 725 2129 sentiunt.
736 2101 805 2129 Huic
816 2103 870 2137 jam
889 2107 958 2129 tem-

163 2156 216 2183 pus
243 2153 362 2176 statuam
384 2148 441 2175 vitii
459 2153 595 2176 erexerat.
611 2148 681 2175 Cum
699 2149 772 2176 enim
793 2148 955 2177 affinitatem

164 2203 219 2223 non
240 2195 376 2231 iunxisset
401 2202 464 2222 eum
491 2195 653 2229 semetipso,
677 2195 726 2223 sed
747 2195 864 2230 nequius
883 2196 955 2230 egis-

163 2249 204 2271 set
214 2250 297 2278 quam
309 2248 359 2277 pro
375 2241 511 2269 connubio
524 2242 620 2273 nobili,
634 2241 709 2270 dedit
725 2243 807 2270 etiam
819 2243 954 2277 insignem

164 2290 324 2317 vindictam.
349 2288 436 2316 Nares
455 2288 527 2316 enim
561 2288 621 2324 ejus
641 2289 741 2317 dilissre
760 2293 834 2322 sunt,
858 2289 895 2317 ita
928 2295 954 2316 ut

164 2345 219 2364 non
234 2337 302 2364 bene
314 2336 475 2371 respirarct,
488 2335 593 2363 scilicet
603 2343 636 2363 ex
651 2344 704 2371 qua
715 2344 768 2364 non
780 2338 907 2370 decebat,
920 2338 958 2365 lo-

164 2391 250 2418 raque
259 2382 423 2418 castigantia
443 2389 526 2418 super
541 2383 653 2411 dorsum
668 2383 728 2417 ejus
739 2391 793 2411 non
807 2391 893 2418 pauca
914 2393 958 2413 ce-

164 2431 301 2458 ciderunt.
312 2429 402 2465 Eque
410 2435 500 2457 autem
511 2430 726 2463 inverecundus,
739 2431 814 2458 omni
825 2431 930 2466 pudore
942 2440 957 2459 e

165 2478 255 2510 fronte
267 2476 403 2511 deposito,
417 2484 472 2504 non
498 2476 633 2504 abstinuit
647 2476 676 2504 in
694 2477 805 2511 publico
823 2485 957 2513 apparere

166 2527 196 2551 ut
211 2525 237 2551 in
259 2523 380 2552 derisum
397 2527 563 2556 verteretur,
580 2524 626 2553 sed
642 2524 720 2559 quasi
733 2525 834 2552 malum
852 2525 956 2552 nullum

166 2571 280 2602 ﬁnisset
303 2570 505 2602 deambulabat,
531 2570 603 2598 sicut
619 2575 711 2602 antea,
730 2572 843 2599 audacia
862 2579 958 2606 super-

165 2621 234 2652 bus,
247 2617 451 2652 ostendensque
464 2624 518 2644 non
535 2624 563 2643 se
577 2616 690 2651 pudere,
707 2621 735 2645 et
747 2617 787 2645 sic
802 2617 828 2645 vi
842 2625 956 2651 persua—

167 2667 236 2694 dens
251 2664 352 2692 malum
373 2663 442 2691 nihil
460 2670 534 2696 esse,
551 2663 609 2691 sive
625 2663 707 2691 facint
725 2664 784 2692 sive
806 2664 955 2692 sustineat.

167 2711 237 2738 Cum
256 2709 350 2743 itaque
367 2708 402 2737 ab
421 2709 550 2736 omnibus
569 2708 774 2744 despiceretur,
790 2715 817 2737 et
838 2710 956 2738 illustris

167 2754 337 2783 matrimonii
373 2762 420 2790 spe
452 2753 770 2791 frustratus,nullaque
806 2756 858 2783 alia
894 2765 958 2791 spes

168 2801 355 2837 promotionis
379 2799 501 2834 adesset,
517 2801 564 2828 sed
582 2801 684 2828 frustra
706 2801 800 2829 limlna
832 2802 956 2837 impera-

169 2849 239 2875 torla
257 2851 370 2879 tereret,
383 2847 501 2882 quadam
517 2846 563 2875 die
576 2846 646 2875 forte
659 2847 744 2876 edidit
761 2849 875 2876 verbum
888 2848 957 2876 alias

169 2893 278 2935 quidem
290 2893 721 2936 enectumhmaluanortiiturum,
730 2894 803 2930 quod
824 2894 876 2932 ipsi
891 2902 956 2925 vero

965 1548 988 1577 (ἒ

1008 258 1059 276 πον
1071 258 1077 265 ·
1099 251 1147 277 καὶ
1166 252 1418 287 μυστηριασθέντες
1436 252 1466 279 τὸ
1493 251 1530 287 μὴ
1545 251 1620 278 ὅσιον
1632 272 1640 284 ,
1660 253 1800 280 ἐτελοῦντο

1008 298 1077 331 πρὸς
1090 297 1189 330 ικεῖνο,
1208 298 1255 324 καὶ
1269 298 1431 333 ὲδᾳδούχουν
1448 299 1488 331 είς
1503 299 1624 334 ἐμφανὲς
1638 298 1672 326 τὰ
1688 300 1803 331 σκότους

1007 344 1081 376 ἄξια,
1104 344 1151 370 καὶ
1163 345 1362 377 ἀναπείσαντες
1375 346 1436 377 τοὺς
1449 346 1545 381 δχλους
1559 345 1596 382 μὴ
1616 346 1649 373 ἂν
1669 346 1818 386 ἐκφυγεῖνΙ

1007 390 1057 425 τὴν
1068 390 1147 417 πόλιν
1164 391 1195 416 τὸ
1215 391 1388 425 ἀπολεῖσθαι,
1414 392 1437 418 εί
1454 391 1491 426 μὴ
1508 391 1547 426 τῷ
1565 392 1656 427 μικρῷ
1669 392 1717 419 καὶ
1732 392 1800 426 ἀγυ-

1009 436 1122 472 μνάπῳ
1140 436 1254 472 Ἀλεξίῳ
1273 438 1306 463 τὰ
1335 437 1375 469 είς
1394 438 1536 472 βασιλείαν
1557 439 1604 464 τὸν
1629 438 1808 477 Ἀνδρονικοτξ

1009 482 1215 514 σννδυάσουσιν,
1233 480 1262 509 εὖ
1282 483 1355 518 μάλα
1371 482 1547 516 δεδασμὲνον,
1569 483 1616 510 καὶ
1628 483 1663 510 τὰ
1682 483 1723 514 είς
1742 491 1801 509 tut.-

1007 528 1093 560 αύτας
1103 529 1201 564 τέχνας
1219 527 1276 556 οἷόν
1291 537 1320 555 τε
1345 528 1411 556 ὄντα
1429 524 1621 563 συνδιαφέρων
1638 528 1739 563 ἐκείνῳ
1755 527 1801 554 τὸν

1008 574 1147 608 βασίλειον
1175 574 1256 608 ζυγόν
1268 582 1275 589 ·
1299 574 1349 609 οὐχ
1368 574 1438 600 ὥστε
1457 574 1511 609 μὴν
1525 575 1573 602 καὶ
1588 574 1799 610 καταρριπτείν,

1007 620 1075 647 ἀλλὰ
1092 621 1139 647 καὶ⁸
1156 621 1275 654 μάλιστα
1291 620 1448 656 ὺπανέχίιν,
1463 621 1510 647 καὶ
1521 621 1573 656 τὴν
1592 620 1698 647 ἐκείνου
1716 628 1802 655 μεγα-

1006 663 1097 690 λύνειν
1114 664 1286 700 σμικρότητα
1299 673 1306 681 ·
1327 665 1457 700 κοινωνίᾳ
1469 667 1518 699 μὲν
1537 665 1616 699 ἀξίας
1629 666 1704 700 μιᾶς,
1715 665 1802 700 ὑπερ-

1006 712 1057 745 οχῇ
1078 710 1106 737 δὲ
1124 711 1217 738 κόπων
1230 712 1278 738 καὶ
1291 711 1392 742 πόνων,
1419 709 1461 743 οἷς
1476 712 1489 738 ό
1504 712 1676 746 ’Ἀνδρόνικος
1697 711 1801 738 εἴθιστο

1007 755 1100 790 eam,
1115 757 1299 789 πολυπλάνοις
1313 759 1430 790 πλάναις
1446 758 1516 786 κατὰ
1530 758 1576 784 τὸν
1592 759 1704 785 είπόντα
1718 767 1802 793 γεγυ-

1010 803 1163 838 μνασμένος
1173 812 1180 819 ·
1195 804 1315 839 ἤγειραν
1329 804 1379 831 οὐκ
1398 805 1506 838 ὀλίγους
1519 804 1734 839 ἀναπεισθῆναι,
1755 805 1801 839 ὀρ-

1009 850 1063 882 θῶς
1084 850 1195 878 ἀκούειν
1209 851 1256 878 καὶ
1283 851 1518 886 διαθερμανθῆναι
1534 852 1576 883 είς
1599 850 1725 883 ὲξάνυσιν
1751 849 1800 877 τοῦ

1009 897 1154 932 συνάρχειν
1166 897 1315 932 βασιλικῶς
1325 897 1372 924 τόν
1388 906 1418 924 τε
1433 897 1563 930 Ἀλέξων,
1579 897 1626 924 τόν
1643 906 1673 925 τε
1693 897 1801 933 Ἀνδρό-

1008 951 1095 970 νικον.
1114 943 1170 971 Καὶ
1184 945 1233 978 τὴν
1248 943 1336 979 ἀρχὴν
1350 944 1399 978 μὲν
1418 943 1633 980 ὑπεψιθυρίζετο
1648 945 1742 980 ἡρέμα
1770 943 1801 970 τὺ

1008 989 1129 1025 σόφισμα
1140 997 1147 1003 ’
1167 990 1238 1025 μετὰ
1247 990 1277 1016 δὲ
1291 990 1425 1022 ιλαλεῖτο,
1442 990 1540 1025 μικρδν
1551 990 1580 1017 δὲ
1597 990 1661 1017 δσον
1679 989 1728 1017 καὶ
1742 989 1801 1022 ἑξε-

1006 1035 1088 1063 6οᾶτο
1114 1037 1313 1070 τρανέστερον·
1328 1037 1376 1064 καὶ
1399 1036 1453 1063 ἔδει
1466 1036 1560 1063 λοιπον
1580 1036 1712 1072 ἐμφανῶς
1733 1043 1801 1071 προ‹

1006 1081 1143 1118 κληθῆναι
1163 1082 1204 1115 είς
1217 1083 1266 1118 τὴν
1277 1083 1366 1118 ἀρχὴν
1379 1082 1425 1109 τδν
1442 1082 1614 1118 Ἀνδρόνικον
1625 1091 1632 1098 ·
1645 1082 1693 1110 καὶ
1722 1083 1746 1109 εί
1761 1081 1800 1117 μὴ

1007 1129 1137 1161 πείθοιτο,
1152 1129 1220 1156 ἀλλὰ
1230 1129 1291 1157 τότε
1304 1129 1501 1165 δυσωπηθῆναι
1512 1137 1518 1144 ’
1542 1130 1567 1156 si
1590 1129 1618 1156 δὲ
1641 1129 1710 1165 μηδὲ
1728 1128 1800 1156 οὕτω

1007 1175 1208 1208 κατακλίνοιτο,
1237 1176 1342 1207 ἀτενῶς
1371 1174 1454 1210 ἔχων,
1485 1175 1651 1210 πειραθῆναι
1665 1176 1713 1202 καὶ
1726 1175 1797 1210 βίας.

1006 1222 1061 1248 Καὶ
1073 1221 1184 1248 κάλλιόν
1202 1230 1285 1256 φασιν
1297 1221 1328 1249 ὃν
1341 1222 1439 1248 παθεῖν
1450 1222 1564 1254 ἐκεῖνον,
1577 1221 1591 1248 δ
1605 1221 1643 1256 μὴ
1659 1221 1796 1256 βούλεται,

1005 1267 1036 1294 τὸ
1051 1267 1212 1303 βασιλεῦσαι
1224 1267 1336 1303 δηλαδὴ,
1352 1268 1424 1303 ἧπτρ
1444 1267 1586 1301 ὲξολέσθαι
1608 1268 1643 1294 τὰ
1663 1268 1795 1302 κοσμικά.

1006 1314 1061 1340 Καὶ
1074 1314 1261 1350 ἐπαιρίζονται
1278 1315 1327 1350 μὲν
1338 1315 1378 1346 είς
1391 1314 1470 1341 τοῦτο
1484 1313 1578 1341 πολλοὶ
1592 1314 1646 1340 τῶν
1659 1313 1708 1341 τοῦ
1718 1312 1795 1341 λαοῦ·

1006 1361 1183 1398 συνεπιρῤἑει
1195 1361 1223 1387 δὲ
1238 1361 1277 1395 τῷ
1291 1361 1407 1388 κλύδωνι
1419 1361 1509 1397 τούτῳ
1525 1361 1572 1387 καὶ
1594 1360 1732 1397 ἁπόρῤοιά
1754 1368 1798 1392 τις

1004 1407 1059 1434 τῶν
1072 1408 1120 1442 τῆς
1133 1406 1299 1442 συγκλήτου,
1316 1407 1346 1434 οὗ
1360 1407 1444 1442 πολλὴ
1457 1408 1517 1442 μὲν,
1530 1407 1679 1442 ὲπίῤῥητος
1693 1405 1798 1438 δὲ,“καὶ

1005 1454 1085 1481 τοῦτό
1102 1463 1134 1488 γε
1149 1454 1215 1490 ἡμῖν
1228 1454 1398 1489 ἀπόρρητος.
1417 1452 1455 1480 Οὐ
1468 1453 1522 1488 γὰρ
1533 1452 1626 1484 ἁπλῶς
1642 1451 1799 1488 ἀφωσιοῦτο

1005 1500 1074 1536 αὕτη
1092 1501 1143 1536 τὴν
1159 1499 1231 1527 κατὰ
1253 1500 1301 1527 τοῦ
1326 1500 1460 1534 βασιλέως
1491 1499 1613 1532 Ἀλεξίου
1638 1498 1799 1533 νεωτέρισιν

1006 1547 1076 1574 κατὰ
1102 1547 1184 1582 χάριν
1221 1547 1403 1582 Ἀνδρονίκου,
1418 1546 1477 1573 ἀλλ’
1492 1546 1559 1573 ὡσεὶ
1585 1546 1632 1573 καὶ
1657 1546 1798 1581 μεμηνυτα

1006 1594 1138 1629 βυσσόθεν
1152 1594 1282 1626 ἐκυκᾶτο,
1299 1593 1344 1621 καὶ
1357 1593 1402 1621 τδν
1419 1593 1590 1628 Ἀνδρόνικον
1607 1590 1796 1627 συνεξέμαινει

1040 1639 1090 1667 λθ’.
1111 1641 1167 1667 Καὶ
1177 1640 1286 1667 ἔσονται
1296 1640 1414 1675 ἀοίδιμοι
1429 1641 1458 1666 ὲν
1472 1639 1580 1670 τούτοις
1594 1639 1618 1665 ot
1629 1638 1678 1673 τῆς
1688 1637 1798 1674 ἡμέρας

1005 1687 1106 1714 ἐκεῖνοι
1128 1687 1231 1720 πιστοὶ,
1259 1686 1466 1718 Κωνσταντίνος
1492 1685 1507 1712 ὸ
1523 1685 1676 1721 Πατρηνδς,
1701 1684 1732 1711 τὸ
1746 1684 1797 1719 τῆς

1005 1733 1154 1764 κολακείας
1179 1732 1373 1768 ἡκριδωμίνον
1385 1732 1539 1767 ἀφίδρυμα,
1555 1732 1604 1758 καὶ
1616 1732 1630 1759 ὁ
1643 1731 1796 1766 ἁπλούχειρ

1005 1779 1126 1815 Μιχαὴλ,
1144 1779 1214 1814 ἀνὴρ
1234 1778 1325 1813 γλοιὸς
1343 1777 1393 1813 μὲν
1418 1777 1643 1809 πολιτεύσασθαι,
1660 1777 1797 1813 στρυφνὸς

1005 1825 1034 1852 δὲ
1049 1825 1285 1860 πονηρεύσασθαι.
1316 1822 1371 1851 Ἦν
1384 1825 1413 1851 δὲ
1426 1825 1473 1851 καί
1487 1833 1530 1856 τις
1554 1824 1625 1859 ἀνὴρ
1637 1823 1755 1859 λάμπων
1767 1824 1797 1850 ιν

1006 1873 1062 1903 τοῖς
1079 1871 1211 1903 τοιούτοις
1223 1871 1290 1898 ὡσεί
1304 1880 1355 1898 που
1370 1871 1418 1898 καὶ
1433 1871 1555 1906 φρυκτὸς
1568 1869 1797 1905 δλέθριος(μέσος

1005 1915 1039 1954 ἧν
1055 1918 1101 1945 ὅτε
1116 1918 1167 1953 τὴν
1179 1917 1288 1953 τύχην),
1303 1918 1408 1951 πατρὸς
1424 1916 1510 1952 ὲκφὺς
1525 1916 1615 1950 δεξιοῦ
1638 1915 1797 1950 λογίζεσθαι

1005 1965 1040 1991 τὰ
1055 1964 1183 2000 δημόσια,
1200 1964 1247 1990 καὶ
1264 1963 1431 1999 ἐμϐαθύνειν
1453 1962 1614 1997 κλέμμασιν
1625 1969 1633 1978 ⁸
1660 1962 1798 1996 Στέφανος

1009 2012 1059 2046 μὲν
1070 2011 1100 2038 τὸ
1112 2011 1218 2045 κύριον,
1235 2010 1265 2036 τδ
1289 2010 1318 2037 δὲ
1333 2010 1376 2036 ἐπ’
1396 2009 1471 2044 αὐτῷ
1492 2009 1797 2045 ’Δγιοχριττοφορίτηφ

1007 2059 1036 2090 ὃς
1051 2058 1248 2094 μεταθέμενος,
1263 2057 1293 2090 ἐξ
1306 2054 1343 2084 ὢν
1356 2057 1369 2082 ὸ
1385 2057 1457 2083 κατὰ
1476 2056 1544 2083 Θεδν
1559 2056 1707 2089 διάκειται,
1739 2055 1800 2082 Ἀν-

1008 2106 1247 2141 τιχριστοφορίτης
1261 2105 1454 2140 παρωνυμείτο
1468 2105 1525 2131 τοῖς
1535 2103 1604 2138 ὀρθὰ
1618 2103 1721 2130 νοοῦσι.
1732 2103 1802 2130 T06-

1008 2160 1053 2178 τον
1064 2153 1078 2178 ὁ
1094 2152 1143 2186 μὲν
1156 2151 1262 2186 φθάσας
1276 2150 1372 2186 χρόνος
1383 2150 1603 2185 παρεσημήνατο
1618 2150 1658 2181 είς
1671 2149 1800 2185 ἀνδριάν-

1009 2206 1042 2224 τα
1058 2197 1237 2231 φαυλότητος.
1257 2196 1401 2231 Κηδεύσας
1418 2196 1473 2231 γὰρ
1485 2195 1515 2222 οὺ
1532 2194 1594 2222 καθ’
1610 2195 1717 2224 ἑαυτὸν,
1729 2194 1800 2222 ἀλλὰ

1011 2244 1289 2279 πανουργευσαμενος
1301 2243 1371 2277 ὑπὲρ
1385 2243 1465 2276 ἀξίαν
1478 2242 1567 2277 γάμον
1575 2241 1688 2276 εὐγενῆ.
1697 2241 1800 2268 δέδωκε

1008 2289 1145 2325 τιμωρίαν
1163 2290 1212 2316 οὐκ
1224 2291 1338 2325 ἀγεννῆ.
1351 2289 1407 2321 Τὰς
1423 2289 1500 2325 ῥῖνάς
1511 2297 1541 2314 τε
1557 2288 1613 2324 γὰρ
1632 2287 1798 2323 ἀπεσχίσθη,

1008 2337 1026 2364 ἆ
1042 2345 1071 2363 τε
1088 2336 1125 2372 μὴ
1142 2336 1231 2368 καλῶς
1240 2336 1460 2372 φριμαξάμενος.
1477 2334 1539 2362 καθ’
1551 2331 1586 2370 ἧς
1599 2335 1650 2361 οὐκ
1674 2335 1798 2370 ἔπρεπεσ

1008 2383 1056 2410 καὶ
1071 2383 1125 2410 τῶν
1144 2382 1227 2409 αὑτοῦ
1252 2382 1345 2409 νώτων
1361 2381 1584 2418 σωφρονιστῆρες
1608 2381 1720 2415 ἱμάντες
1733 2389 1800 2407 κατ-

1009 2431 1169 2465 εχόρευοαν.
1189 2429 1242 2456 Καὶ
1264 2429 1339 2464 ὅμως
1358 2428 1454 2463 ἰταμὸς
1469 2427 1518 2461 ὣν,
1536 2428 1585 2454 καὶ
1599 2428 1648 2463 τὴν
1665 2427 1799 2463 αἰσχύνην

1008 2478 1063 2504 ἀπὺ
1085 2476 1234 2512 προσώπου
1254 2475 1378 2510 θέμενος,
1406 2475 1457 2501 οὐκ
1472 2475 1617 2510 ἀπήγαγεν
1637 2474 1736 2500 totuch
1751 2473 1798 2500 τοῦ

1009 2522 1219 2559 προφαίνεσθαι,
1255 2522 1293 2557 μὴ
1319 2524 1367 2548 καὶ
1383 2520 1506 2556 γελῷτο·
1532 2517 1646 2547 suum
1674 2520 1757 2555 μηδὲν
1771 2527 1798 2546 τι

1009 2571 1094 2598 κακδν
1113 2569 1262 2605 δεδρακὼς,
1276 2569 1454 2604 περιήρχετο,
1470 2566 1535 2593 ἔνθα
1549 2566 1597 2593 καὶ
1614 2565 1721 2601 πρώην,
1739 2565 1800 2600 φιλ-

1009 2617 1153 2644 ενδεικτὼν
1179 2615 1209 2643 τὸ
1236 2615 1346 2651 θράσος,
1369 2615 1416 2641 καὶ
1441 2613 1669 2647 ἐπιδεικνύμενος
1699 2612 1730 2639 τὸ
1763 2612 1800 2648 μὴ

1009 2664 1154 2696 αἰδεῖσθαι,
1174 2664 1220 2690 καὶ
1243 2663 1315 2689 οὕτω
1335 2661 1496 2696 βιαζόμενος
1507 2660 1538 2687 τὸ
1556 2659 1640 2695 μηδέν
1652 2668 1677 2686 τι
1697 2658 1802 2693 φαῦλον

1009 2710 1025 2745 ἢ
1044 2711 1167 2743 ποιῆσαι,
1185 2709 1201 2744 ἧ
1219 2708 1325 2734 παθεῖν,
1345 2707 1389 2738 Ὧς
1405 2706 1433 2732 δὲ
1455 2705 1627 2740 περιεωρᾶτο
1645 2705 1712 2740 πρὸς
1729 2705 1801 2731 πάν-

1009 2765 1075 2790 των,
1096 2755 1143 2783 καὶ
1162 2755 1209 2782 τοῦ
1237 2754 1325 2789 γάμου
1354 2761 1384 2780 τε
1399 2753 1448 2785 τοῦ
1465 2752 1570 2787 ὕψηλ.οῦ
1586 2750 1620 2788 ἤν
1644 2751 1798 2783 ἔκπτωτος,

1010 2803 1057 2830 καὶ
1070 2802 1131 2830 οὐδέ
1149 2810 1210 2829 τινα
1226 2799 1298 2836 εἶχεν
1318 2800 1404 2835 ἄλλην
1427 2799 1570 2829 ἀνάϐασιν.
1589 2797 1649 2825 ἀλλ’
1664 2799 1693 2824 ὲν
1710 2799 1799 2830 κενοῖς

1009 2849 1059 2880 τὰς
1073 2847 1225 2883 βασιλείους
1241 2846 1327 2880 θύρας
1339 2845 1472 2882 ὲξέτριδε,
1485 2845 1617 2879 λαγχάνει
1634 2844 1699 2870 ποτε
1712 2853 1800 2880 προη‹

1010 2895 1132 2930 κάμενος
1147 2894 1222 2929 ἔπος,
1243 2892 1331 2925 ἄλλως
1352 2892 1402 2928 μὲν
1418 2891 1564 2927 σφαλερῆν,
1583 2891 1673 2928 ὲιυτῷ
1689 2890 1715 2918 δὲ
1733 2893 1800 2921 ἀνα..
