1962 3087
168 117 203 148 45
555 112 605 143 DE
623 109 908 142 THESSALONICA
928 108 1035 139 URBE
1060 108 1081 137 Α
1103 107 1260 138 LATINIS
1276 107 1404 138 CAPTA.
1758 102 1794 135 46

168 175 312 208 στάσιμον.
336 172 380 204 Ὠς
399 172 453 207 γὰρ
480 172 494 198 ὁ
511 171 704 208 Μαυριιζώμης
728 171 877 205 Θεόδωρος,
896 170 909 195 ὁ
924 170 949 195 is

1005 169 1085 195 vitam
1104 167 1238 195 restituit.
1253 166 1303 194 Ubi
1323 166 1395 193 enim
1413 163 1601 191 Maurozomes
1618 160 1792 194 Theodorus.

167 219 384 255 Πελοποννήσου,
398 219 541 253 ἄνθρωπος
558 217 750 252 πολυμεμφὴς,
763 216 805 250 ἐφ’
821 213 861 246 οἷς
881 215 951 249 ὑπὲρ

167 265 197 291 τδ
209 265 268 292 δέον
297 265 373 299 ἔδρα,
395 264 464 299 μετὰ
484 263 599 290 θάνατον
629 261 676 288 τοῦ
711 260 950 296 Ἀγιοθεοδωρῑτου

168 313 290 348 Μιχαὴλ,
317 313 365 339 τοῦ
389 313 418 338 ὲν
446 310 638 346 ὑπογραφεῶι
657 309 804 345 βασιλικοῖς
822 308 950 343 μεγάλου,

167 357 282 392 ἔγγιστα
298 358 336 392 τῷ
354 357 460 392 βασιλεῖ
481 356 601 390 γεγονὼς
626 355 838 390 ὑπερεφαίνετο,
860 354 884 380 οι
903 353 951 388 μὲν

167 403 243 431 ἄλλοι
270 403 480 437 ὲχιφρονοῦντες
511 402 635 434 ἐπεττον,
666 401 694 427 εῐ
705 401 731 427 τι
747 409 797 426 που
813 399 891 434 χόλου
906 398 951 424 καὶ

167 446 250 483 εἶχον,
265 449 308 483 Ξφ¹
322 447 363 480 οἷς
382 448 419 484 μὴ
431 447 575 475 ἀνέϐαινον
586 455 592 462 ’
612 449 625 473 ὁ
640 446 668 473 δὲ
685 446 738 482 πρὸ
752 446 802 479 τῆς
815 444 958 479 βασιλείου

167 494 272 530 σκηνῆς
283 495 448 529 καθήμενος,
461 493 604 528 ὲξεῦόησεν
616 493 656 524 εις
668 491 772 519 πολλῶν
785 491 868 521 ἀκοὰς
880 490 952 525 λόγῳ

167 540 351 576 σχετλιασμοῦ
366 540 447 568 ἄδικα
463 540 590 574 πάσχειν,
609 539 690 574 ειπερ
712 538 726 564 ὁ
741 537 816 565 δεῖνα
841 537 890 572 μὲν
905 537 952 563 καὶ

166 586 276 620 ὸδεΐνα,
297 586 347 613 οὒκ
374 587 414 617 εις
435 585 562 612 τοσοῦτον
591 585 672 612 κακοὶ
695 583 866 619 πειρηνότες,
893 580 953 610 εἶτα

166 632 308 667 ὖψοῦνται,
325 631 406 663 αὐτὸς
420 631 448 658 δὲ
474 631 697 666 φαυλεπιφαυλος
716 630 765 661 ὢν,
791 630 849 680 καὶ(
862 629 899 660 ὡς
919 629 952 656 ἄν

165 687 207 708 τις
228 677 450 712 κωμικευόμενος
478 676 563 708 εῐποι,
591 676 698 711 μιαρὸς,
718 675 765 702 καὶ
778 675 950 710 παμμίαρος,

165 724 214 750 καὶ
239 723 423 758 μιαρώτατος,
451 722 498 749 καὶ
514 721 593 753 ἄνθος
618 721 729 753 κακίας,
750 722 797 747 καὶ
818 720 951 756 πονηρίας

165 769 295 800 ἄϐυσσος,
315 769 362 795 καὶ
378 766 434 799 οἷος
445 768 598 801 διορᾶσθαι.
612 767 661 794 ὅσα
683 767 729 793 καὶ
741 766 855 801 δαίμων,
872 765 947 800 ἀφιε·

164 823 209 841 ται
223 814 273 849 ζῇν
285 814 358 848 εικῆ,
372 814 418 840 καὶ
429 814 478 840 οὐκ
490 814 530 845 εἰς
545 814 626 848 μέσον
638 812 805 846 παράγεται,
819 811 851 838 τὰ
862 813 950 838 οἰκεῖα

164 859 375 894 ἐπιδειξόμενος,
390 860 437 885 καὶ
452 859 558 893 ἀρέσων
576 859 616 890 εἰς
632 857 837 885 πλουτοποιὶαν.
847 857 950 892 Ἐπῆγε

163 905 192 932 δὲ
207 905 296 940 ἑαυτῷ
310 905 355 932 καὶ
368 905 448 940 ὄρχον
463 905 601 939 μέγιττον,
618 904 654 939 μὴ
667 904 700 931 ἂν
715 904 881 938 εὑρήσεσθαι
905 903 950 929 τὶν

164 951 210 978 επὶ
225 952 310 986 κακίᾳ
327 951 392 978 ἴσον.
420 951 493 985 Ἔφη
508 949 595 976 ταῦτα
624 949 823 984 στηλογραςπῶν
843 949 950 981 ἑαυτὸν,

164 997 212 1024 καὶ
223 996 454 1031 περιαυτολογῶν,
469 995 506 1027 ὡς
525 994 600 1030 αὑτῷ
617 995 732 1029 ἔπρεπε,
749 994 795 1020 καὶ
807 994 852 1020 ἐπὶ
868 994 950 1020 πᾶσιν

164 1043 307 1075 ἐστέναξεν
320 1042 358 1074 ὡς
374 1041 565 1077 βαρυπενθῶν,
583 1041 632 1067 καὶ
652 1039 812 1076 ἑξεπυρώθη
837 1040 906 1075 χόλῳ
921 1039 951 1066 τδ

164 1089 320 1124 πρόσωπον.
337 1087 392 1115 Καὶ
404 1088 429 1113 ol
447 1087 496 1122 μὲν
508 1086 583 1114 ἄλλοι
601 1086 794 1122 ἐταράχθησαν
815 1084 884 1121 πρὸς
906 1085 951 1112 τὸν

163 1134 254 1169 λόγον,
280 1134 328 1161 καὶ
353 1133 537 1168 ἐκαραδόκουν
563 1133 647 1164 κακὰ,
667 1131 849 1167 λογιζόμενοι,
864 1131 902 1162 ὡς
920 1130 950 1157 οὐ

166 1181 246 1215 μόνον
260 1180 342 1211 αὐτὸς
356 1179 431 1206 δεινὰ
446 1178 573 1204 πείσεται
601 1178 711 1211 αὐτίκα,
727 1178 775 1212 τῆς
795 1177 860 1212 βοῆς
877 1177 951 1209 ἐντὸς

164 1225 357 1259 ἀκουσθείσης,
381 1225 429 1251 καὶ
451 1225 492 1256 εις
504 1224 582 1259 ὕϐριν
594 1224 633 1259 τῷ
649 1223 755 1259 βασιλεῖ
764 1223 949 1257 λογισθείσης,

164 1271 234 1299 ἀλλὰ
245 1272 290 1298 καὶ
302 1271 379 1297 αὐτοὶ
393 1271 462 1306 πρὸς
477 1269 607 1306 μέμψεως
622 1269 740 1300 ἔσονται.
754 1269 795 1296 ὅτι
815 1269 851 1303 μὴ
866 1268 951 1303 θυμὸν

165 1317 238 1344 κατὰ
256 1317 378 1344 τοιούτου
393 1316 488 1351 ἀνδρὸς
502 1315 645 1342 ἀνέλαϐον.
676 1316 730 1342 Καὶ
745 1315 821 1341 αὐτοὶ
840 1315 889 1349 μὲν
904 1315 950 1340 οὗ-

164 1372 229 1396 τως.
243 1363 297 1390 τοῦ
309 1363 338 1390 δὶ
353 1363 414 1390 καθ’
429 1363 503 1397 ἡμᾶς
517 1362 576 1397 βίου
591 1362 622 1388 τὸ
636 1360 725 1397 χρεὼν
736 1360 775 1392 οἷς
791 1361 951 1396 ἡμάρτομεν

164 1410 226 1436 τότε
243 1410 291 1445 μὲν
303 1409 391 1436 ἀθῶον
405 1409 495 1443 ἀφῆκε
512 1409 604 1443 μεῖναι
621 1407 668 1433 τδν
683 1407 785 1442 ἄνδρα,
806 1406 876 1440 μέγα
904 1406 951 1432 καὶ

165 1455 245 1483 τοῦτο
263 1455 359 1482 δοκοῦν
387 1452 467 1481 εἶναι.
494 1454 532 1481 Οὐ
554 1453 658 1489 μακρὸς
678 1453 706 1479 δὲ
725 1453 814 1488 διέσχε
843 1453 950 1487 χρόνος,

165 1501 214 1528 καὶ
229 1501 332 1537 ἤρξατο
350 1499 541 1536 παρυψοῦσθαι
555 1500 569 1526 ὁ
585 1499 746 1534 ἄνθρωπος.
765 1500 813 1525 καὶ
828 1498 951 1533 κηρύξας

165 1547 263 1574 ἑαυτὸν
295 1547 502 1583 πονηρότατον,
531 1545 650 1581 εὕρηκεν
680 1545 726 1571 ἐπὶ
753 1545 836 1581 πείρᾳ
868 1545 952 1580 γέρας

164 1594 268 1628 ὅμοιον,
284 1594 351 1620 ὡσεὶ
363 1593 410 1620 καὶ
421 1593 508 1624 δεινός
519 1601 561 1624 τις
578 1591 706 1618 κλέπτειν
726 1589 795 1619 εἶναι
810 1590 953 1627 ἀνακηρύ-

167 1639 225 1673 Εας,
241 1639 427 1675 προσληφθείη
444 1639 536 1667 ποθέν,
550 1639 604 1666 Καῖ
617 1639 723 1666 ἐκεῖθεν
736 1631 890 1674 ἆρξεὶμενος
903 1638 951 1665 τοῦ

166 1687 239 1713 κατὰ
255 1685 311 1720 βίον
323 1685 419 1720 ὕψους,
431 1685 537 1719 γίνεται
552 1686 598 1711 ἐπὶ
613 1684 660 1711 τοῦ
676 1682 803 1719 στρατοῦ,
819 1684 864 1710 καὶ
873 1685 953 1719 εὑρε-

166 1731 225 1763 θεὶς
239 1731 286 1757 ἐπὶ
298 1731 346 1758 τοῦ
370 1731 541 1766 Ἀνδρονίκου
553 1729 684 1763 τοιοῦτος,
698 1729 949 1765 προσλαμϐάνεται.

166 1777 222 1804 Καὶ
234 1778 251 1812 ἡ
267 1777 329 1804 καθ’
352 1777 432 1812 ἡμῶν
445 1777 617 1812 πτερωθεῐσα
643 1776 771 1811 συμφορὰ
785 1776 856 1811 αῐρει
871 1776 952 1802 αὐτὸν

166 1823 212 1849 ἐπὶ
226 1823 308 1849 πλέον
321 1823 402 1858 ὑψοῦ,
416 1822 465 1849 καὶ
484 1824 524 1854 εἰς
548 1822 638 1857 ψυχὴν
657 1822 767 1857 ὲντήκει
786 1822 883 1857 φιλῖως
911 1821 951 1857 τῷ

172 1868 342 1903 Ἀνδρονίκῳ,
358 1868 401 1895 τνα
422 1870 511 1903 πάγχυ
538 1869 624 1899 κακὸς
638 1869 724 1895 κακον
738 1868 877 1904 ἡγηλάζῃ.
904 1868 951 1895 καὶ

167 1915 250 1951 μὴ,τὰ
266 1916 337 1943 καλὰ
354 1917 411 1948 τοῖς
435 1916 532 1947 κακοῖς
551 1915 741 1951 συμφύρηται,
758 1916 804 1942 καὶ
828 1917 843 1942 ὸ
857 1916 951 1950 ὅμοιος

165 1962 205 1993 εἰς
231 1961 277 1988 τὺν
303 1962 396 1996 ὅμοιον
410 1961 521 1995 ἄγηται.
542 1961 598 1988 Καὶ
626 1961 698 1988 οὕτω
718 1961 951 1996 φρονηματισθεὶς

166 2007 207 2037 εἰς
221 2006 313 2039 πλέον,
323 2007 370 2032 καὶ
384 2007 434 2033 οὐκ
449 2007 648 2041 ἀνασχόμενος,
659 2007 683 2033 εἰ
697 2007 792 2042 καιρὸν
804 2007 866 2042 ἄρτι
877 2007 952 2040 ἐξευ-

167 2051 223 2087 ρὼν
239 2052 270 2079 οὐ
289 2051 464 2086 πτερύξεται,
493 2052 565 2079 καθά
588 2060 615 2078 τι
639 2052 777 2087 δαιμόνιον
793 2052 949 2086 πρόσωπον,

164 2097 293 2132 πειρᾶται
315 2097 480 2131 ὐπερπαῐειν
493 2096 575 2128 αὐτὸς
595 2097 635 2128 εἰς
649 2097 680 2123 τὺ
697 2096 783 2136 κακὸν
799 2096 902 2128 πάντας
920 2104 950 2123 τι

163 2142 227 2174 τοὺς
240 2142 278 2174 ὡς
294 2143 393 2178 ἐρρέθη
409 2142 456 2169 τοῦ
472 2142 560 2178 δήμου
577 2135 762 2178 προάγοντῖας,
792 2144 840 2171 καὶ
854 2142 886 2178 δὴ
901 2144 950 2169 καὶ

1002 221 1034 240 ex
1065 212 1277 248 Peloponneso,
1300 212 1382 239 homo
1415 209 1488 237 omni
1519 207 1722 243 vituperatione
1752 207 1795 234 di-

1003 267 1082 295 guns,
1097 260 1186 286 omnis
1232 257 1376 292 pravitatis
1409 259 1547 286 sectator,
1578 259 1686 280 mortuo
1712 253 1795 288 Λειο-

1001 304 1157 331 theodorito
1198 302 1348 332 Hichaole.
1376 300 1448 327 inter
1473 299 1581 327 scribas
1616 296 1792 332 imperatoris

1003 350 1113 386 insigni,
1144 349 1189 385 qui
1219 348 1356 376 secundus
1370 347 1403 374 ab
1420 347 1586 381 imperatore
1602 348 1674 373 erat,
1697 342 1791 370 (ποιοτί

1003 397 1195 431 prudentiores
1218 394 1251 422 ad
1283 393 1362 421 illum
1390 390 1599 426 confugiebant,
1625 388 1648 416 si
1673 388 1792 422 aliquam

1003 441 1155 468 molestiam
1172 440 1362 474 experirentur
1376 437 1449 472 quod
1477 443 1531 462 non
1554 437 1794 470 promoverentur.

1003 486 1050 514 llle
1069 493 1134 514 vero
1156 491 1221 513 ante
1247 483 1423 519 imperatoris
1451 479 1660 508 tabernaculum
1684 479 1794 510 sedens,

1003 534 1030 561 in
1053 533 1176 561 omnium
1203 539 1284 558 aures
1305 537 1372 558 voce
1402 527 1575 556 lamentabili
1602 525 1739 552 clamabat
1765 531 1797 551 se

1003 578 1098 614 iniqua
1117 577 1184 613 pati,
1202 585 1263 604 cum
1281 577 1325 603 hic
1336 579 1363 603 et
1375 573 1488 609 hic,qui
1503 580 1557 600 non
1570 572 1597 599 in
1618 575 1724 598 tantum
1744 570 1796 596 cri-

1002 624 1107 651 minum
1130 622 1318 657 profecerant,
1336 623 1558 655 promoveantur,
1582 617 1641 651 ipse
1657 622 1733 646 vero,
1749 614 1796 649 qui

1002 673 1045 696 est
1061 668 1208 703 pessimus,
1223 671 1316 701 atque,
1335 671 1364 693 ut
1380 664 1448 700 stylo
1461 663 1568 691 comico
1581 662 1698 692 dixeris,
1710 660 1796 687 vitio-

1003 713 1138 746 sus,omni
1148 713 1213 740 vitio
1225 712 1342 739 vitiOsus
1351 718 1382 738 ac
1391 708 1597 738 vitiosissimus,
1607 703 1797 742 perversitatis

1004 760 1064 793 llos,
1074 759 1214 795 pravitatis
1224 758 1350 794 abyssus,
1365 755 1477 784 scientia
1489 754 1551 781 mali
1561 761 1612 781 nec
1641 760 1656 779 a
1674 752 1798 780 (iaculoue

966 801 987 830 Β
1002 805 1102 837 victus,
1118 805 1163 840 qui
1191 805 1285 832 vivere
1303 804 1453 833 sineretur,
1469 805 1551 836 atque
1573 801 1601 827 in
1622 798 1733 834 publico
1743 803 1799 824 non

1004 854 1158 886 appareret,
1181 857 1243 877 cum
1270 849 1380 884 proprio
1407 851 1539 882 apparatu
1573 851 1601 873 et
1640 843 1798 871 divitiarum

1002 896 1156 932 jactatione.
1172 895 1331 923 .Iuramento
1354 895 1466 928 insuper
1493 896 1589 928 sponte
1613 888 1797 920 conﬁrmavit,

1004 948 1057 968 non
1085 941 1217 975 aequalem
1249 939 1302 968 sibi
1314 939 1416 966 malitia
1434 945 1553 973 unquam
1575 935 1690 962 inveniri
1707 940 1798 968 pos~e.

1004 986 1067 1014 Haec
1081 987 1191 1014 dicebat
1204 986 1343 1013 infamiam
1364 985 1417 1012 sibi
1432 984 1545 1012 inurens
1565 990 1596 1009 ac
1610 981 1757 1009 detrahens
1768 984 1798 1006 ut

1004 1033 1094 1069 ipSum
1110 1033 1236 1063 decebat,
1261 1031 1296 1059 de
1318 1031 1446 1058 omnibus
1471 1029 1596 1065 gemebat
1622 1033 1651 1054 ut
1678 1032 1796 1053 maerore

1004 1081 1146 1107 confectus
1160 1078 1366 1114 ,indignatione
1382 1082 1473 1104 autem
1502 1073 1682 1103 erubescebat
1696 1073 1798 1100 vultus.

1005 1126 1062 1153 Hoc
1091 1132 1156 1153 vero
1182 1130 1308 1152 sermone
1326 1123 1416 1150 caeteri
1434 1121 1591 1149 conturbati
1621 1123 1696 1152 sunt,
1718 1118 1800 1145 anxie

1004 1172 1074 1199 mala
1090 1176 1281 1207 exspectantes
1296 1177 1328 1197 ac
1342 1169 1464 1197 dicentes
1476 1176 1530 1195 non
1543 1167 1630 1194 solum
1653 1166 1724 1192 mala
1735 1172 1796 1191 cum

1005 1218 1096 1245 statim
1112 1224 1307 1253 perpessurum
1321 1223 1394 1249 esse,
1416 1215 1519 1242 auditis
1543 1215 1617 1240 intus
1634 1211 1677 1239 his
1697 1210 1799 1238 clamo-

1005 1264 1081 1292 ribus
1094 1269 1176 1299 atque
1196 1264 1221 1290 in
1237 1263 1415 1298 opprobrium
1435 1260 1610 1296 imperatoris
1636 1258 1737 1289 versis,
1750 1256 1796 1284 sed

1004 1311 1085 1339 etiam
1095 1311 1166 1345 ipsos
1175 1310 1277 1345 pariter
1288 1316 1349 1336 esse
1359 1307 1566 1342 vituperandos,
1580 1305 1653 1341 quod
1675 1311 1729 1331 non
1743 1303 1800 1330 ira-

1005 1361 1117 1385 scantur
1130 1355 1319 1391 hujuscemodi
1346 1354 1460 1382 homini.
1484 1353 1530 1380 Sic
1551 1352 1601 1380 illi.
1617 1351 1721 1378 Nostrae
1737 1351 1799 1376 vitae

1006 1407 1104 1431 auctor
1118 1403 1154 1432 ob
1169 1408 1280 1437 peccata
1296 1405 1391 1428 nostra
1418 1399 1584 1434 impertitum
1610 1397 1691 1424 talem
1709 1396 1797 1423 virum

1005 1449 1118 1476 dimittit
1138 1452 1167 1475 et
1184 1451 1334 1480 servatum,
1346 1445 1418 1482 quod
1433 1446 1521 1479 ipsum
1541 1451 1668 1479 magnum
1680 1441 1798 1469 videtur.

965 1481 988 1511 C
1004 1494 1063 1522 Non
1089 1495 1174 1521 multo
1200 1499 1275 1528 post,
1304 1481 1466 1519 virrnoster
1492 1489 1650 1525 promoveri
1676 1487 1797 1522 incepit;

1002 1547 1122 1576 cumque
1140 1539 1332 1567 denuntiasset
1359 1545 1390 1565 se
1416 1544 1479 1565 esse
1511 1537 1673 1571 pessimum,
1688 1534 1716 1560 in
1736 1537 1796 1560 ten-

1003 1590 1124 1615 tamcnto
1146 1585 1248 1621 reperit
1273 1584 1389 1613 similem
1411 1582 1566 1611 mercedem
1587 1602 1594 1615 ,
1618 1579 1798 1616 quemadmo-

1002 1634 1066 1662 dum
1087 1641 1147 1660 cum
1169 1632 1267 1667 aliquis
1280 1639 1310 1659 se
1330 1631 1447 1666 peritum
1462 1628 1570 1656 furandi
1591 1626 1794 1658 denuntiasset,

1002 1680 1103 1708 alicubi
1120 1677 1370 1714 comprehenditur.
1393 1676 1541 1712 Postquam
1562 1675 1603 1702 sic
1625 1673 1659 1701 ad
1679 1673 1798 1700 honores

1001 1727 1156 1762 promoveri
1172 1724 1331 1759 incepisset,
1346 1723 1478 1750 exercitui
1496 1721 1657 1757 praeﬁcitur,
1675 1719 1796 1753 talisque

1001 1772 1128 1800 inventus
1153 1771 1188 1798 ab
1220 1769 1388 1801 Andronico,
1420 1772 1595 1802 aggregalur.
1624 1765 1719 1792 Fatum
1746 1771 1797 1790 no-

1002 1823 1091 1846 strum
1110 1817 1251 1845 velocibus
1268 1815 1320 1842 alis
1340 1815 1366 1842 in
1382 1814 1515 1849 majorem
1529 1812 1703 1840 altitudinem
1718 1810 1795 1837 illum

1003 1864 1119 1896 extollit,
1143 1868 1169 1890 et
1191 1870 1240 1898 pro
1257 1862 1346 1888 amico
1361 1868 1423 1889 sese
1450 1861 1572 1887 insinuat
1600 1859 1626 1885 in
1645 1856 1795 1884 Andronici

1003 1910 1133 1942 animam,
1152 1909 1187 1936 ita
1211 1913 1241 1936 ut
1256 1907 1344 1935 malus
1363 1907 1465 1934 malum
1488 1905 1600 1933 omnino
1623 1908 1715 1938 posset
1732 1909 1796 1936 age-

1001 1965 1043 1989 re,
1057 1964 1146 1992 neque
1159 1957 1230 1984 bona
1242 1963 1302 1983 cum
1320 1955 1400 1982 malis
1412 1954 1606 1984 miscerentur,
1619 1958 1690 1986 eque
1699 1953 1795 1977 contra

1002 2002 1092 2030 simile
1115 2001 1200 2029 simili
1215 2001 1389 2036 jungeretur.
1415 1999 1444 2026 ln
1462 2000 1512 2026 hac
1530 1997 1676 2025 altitudine
1693 1995 1797 2029 majore

1001 2048 1096 2078 adhuc.
1109 2046 1317 2082 cupidissimus,
1334 2053 1384 2074 nec
1409 2049 1564 2076 contentus,
1583 2043 1605 2071 si
1623 2042 1795 2070 occasionem

1001 2100 1097 2122 nactus
1111 2102 1164 2122 non
1178 2093 1357 2125 advolaverit,
1366 2091 1595 2128 quemadmodum
1607 2089 1703 2124 genius
1712 2088 1797 2116 infer-

1002 2141 1083 2172 nalis.
1097 2139 1155 2175 ipse
1172 2140 1306 2176 pravitate
1322 2147 1418 2167 omnes
1431 2138 1606 2173 supradictas
1617 2134 1711 2172 populi
1726 2141 1797 2169 prae-

163 2188 271 2216 ἐαυτόν.
289 2189 342 2215 Καὶ
358 2188 570 2223 συλλαϐόμενος,
584 2189 642 2215 ὅσοι
653 2188 703 2223 τῆς
722 2188 809 2223 καλῆς
827 2189 947 2224 συγκλή-

1002 2186 1074 2214 sides
1099 2187 1207 2214 vincere
1222 2191 1347 2218 certatur,
1370 2186 1509 2220 etiamque
1535 2184 1668 2218 seipsnm.
1686 2182 1727 2209 Ab
1748 2181 1795 2208 illo

162 2243 211 2261 του
225 2233 323 2269 βουλῆς
337 2234 583 2270 παραπτυσθέντες
597 2234 804 2270 ἑξεδράσθησαν
828 2235 889 2261 κατ’
900 2236 950 2262 αὺ-

162 2280 219 2312 τὸν,
236 2279 358 2314 κύμασιν
376 2280 562 2315 ἐλαυνόμενοι,
578 2280 596 2307 ἃ
613 2279 724 2316 πνεῦμα
739 2281 860 2317 πονηρὸν
874 2282 950 2317 ἤγει-

162 2333 210 2360 ρεν
222 2323 275 2361 (ἦν
287 2325 342 2360 γὰρ
353 2325 400 2352 καί
415 2334 457 2358 τις
473 2325 706 2361 δαιμονοφόρητος
719 2325 803 2362 λέσχη
828 2326 948 2362 σύγκλη-

160 2379 218 2404 τος,
239 2371 279 2403 ὡς
308 2371 497 2406 προέκκιιται,
514 2371 624 2406 εὐφυῶς
644 2372 744 2407 ἔχουσα
759 2373 820 2400 κατ’
844 2374 949 2402 ἐκεῖνον

160 2416 348 2452 ἂλλοφρονεϊν)
365 2418 395 2443 οὐ
417 2416 470 2452 μὴν
488 2417 517 2443 δὲ
533 2417 600 2444 ἀλλὰ
612 2419 659 2444 καὶ
673 2417 724 2450 τὰς
737 2418 844 2453 φαύλας
860 2427 949 2454 κεφα-

161 2462 210 2494 λὰς
222 2462 269 2489 τοῦ
287 2462 386 2498 δήμου,
405 2463 473 2498 πρὸς
487 2463 516 2490 δὲ
526 2464 574 2490 καὶ
585 2464 630 2489 τὸν
643 2463 795 2499 τηνικαῦτα
811 2473 948 2501 πατριαρ-

160 2509 269 2544 χοῡντα,
284 2510 330 2536 τὸν
343 2509 512 2544 Καματηρδν
522 2508 673 2541 Βασίλειον,
686 2510 771 2544 ἄνδρα
782 2510 885 2545 θερμὸν
900 2512 947 2537 καὶ

159 2551 216 2580 οἷον
231 2553 390 2588 καθομιλεῖν
405 2554 467 2585 τοὺς
481 2553 604 2589 καιροὺς,
621 2553 658 2585 ὼς
676 2553 706 2580 τὺ
719 2553 786 2589 παρ’
799 2554 874 2588 αὐτῷ
887 2555 948 2590 βου-

161 2599 273 2633 λόμενον
285 2597 392 2633 ἔκρινεν
409 2599 456 2634 (ὃς
471 2599 519 2625 τοῦ
537 2599 656 2634 μεγάλου
672 2598 824 2632 Θεοδοσίου,
840 2600 890 2635 τῆς
904 2601 947 2636 φί-

160 2644 211 2679 λης
238 2643 450 2679 καθαρειότητος
468 2646 634 2680 γενομένου,
658 2645 847 2680 ἀντεισῆκται,
878 2647 909 2673 ὃν
932 2648 946 2674 ό

166 2690 336 2726 Ἀνδρθιικος
350 2689 441 2725 ἤθελε,
466 2692 514 2718 καὶ
534 2691 696 2727 ἀνακάμψαι
720 2692 771 2727 τὴν
787 2693 899 2728 φράσιν,
916 2693 945 2724 ὃς

159 2737 205 2763 τδν
237 2736 407 2770 Ἀνδρόνικον
434 2736 546 2772 ἤθελεν·
565 2737 600 2765 ἓν»
611 2739 692 2774 μένος
717 2735 790 2766 οὗτοι
807 2739 942 2773 πνέοντες,

160 2784 208 2811 καὶ
223 2780 279 2810 οἷον
293 2783 328 2811 δι’
353 2782 477 2818 ἀλλήλων
491 2783 606 2819 ἥκοντες
633 2785 702 2813 κατά
728 2794 789 2812 τινα
817 2785 944 2820 σύντηξιν

161 2830 254 2866 moue,
271 2828 319 2856 καὶ
345 2828 534 2863 ταυτιζόμενοι
556 2830 616 2862 ταῖς
633 2827 671 2858 ὧν
686 2830 820 2866 ἔπραττον
835 2831 943 2867 αἱρέσε-

1005 2232 1195 2267 comprehensi
1210 2240 1305 2260 omnes
1331 2231 1378 2267 qui
1404 2231 1432 2258 in
1458 2231 1510 2258 hoc
1527 2229 1642 2265 pulchro
1657 2232 1794 2256 conventu

1005 2277 1136 2306 ﬂuctibus
1153 2278 1300 2313 compulsi,
1320 2277 1453 2304 adversus
1481 2277 1571 2310 ipsum
1598 2274 1793 2304 eﬂ'erbuerant,

1003 2330 1065 2357 quae
1081 2323 1194 2358 spiritus
1209 2322 1296 2350 malus
1309 2321 1461 2357 inspirabat
1476 2321 1532 2356 (hic
1547 2320 1620 2348 enim
1641 2323 1794 2347 c0nventus

1001 2373 1060 2397 erat
1081 2369 1159 2403 quasi
1184 2376 1199 2396 a
1216 2368 1352 2396 daemonio
1369 2375 1525 2403 possessus,
1539 2366 1612 2395 sicut
1636 2365 1792 2401 expositum

1001 2420 1043 2443 est
1069 2414 1216 2450 superius,
1244 2414 1362 2442 feliciter
1393 2421 1547 2449 propensus
1573 2413 1606 2440 ad
1632 2411 1792 2440 certandum

1001 2461 1134 2489 adversus
1157 2462 1258 2496 illum),
1278 2460 1324 2488 alii
1338 2468 1401 2488 vero
1413 2461 1494 2488 etiam
1507 2459 1633 2487 homines
1649 2458 1792 2486 seditiosos

1003 2508 1108 2543 populi.
1127 2513 1260 2542 praeterea
1282 2507 1328 2542 qui
1346 2511 1411 2533 tunc
1434 2507 1545 2542 gerebat
1561 2505 1788 2540 patriarchatum,

1001 2554 1173 2581 Camatermn
1187 2553 1327 2587 Basilium,
1340 2554 1428 2581 virum
1441 2553 1605 2584 studiosum,
1621 2552 1720 2586 quique
1729 2558 1791 2578 cum

1001 2608 1031 2628 se
1045 2601 1123 2628 daret
1134 2601 1244 2628 occasio
1260 2601 1379 2636 colloqui
1396 2604 1503 2635 poterat
1517 2600 1597 2635 juxta
1612 2599 1685 2634 quod
1708 2598 1742 2625 ab
1758 2605 1790 2623 eo

1001 2648 1161 2683 exigebatur
1195 2647 1250 2683 (qui
1275 2655 1375 2683 magno
1395 2647 1564 2679 Theodosio,
1582 2646 1609 2673 in
1630 2650 1724 2673 saneta
1750 2645 1791 2670 in-

999 2694 1128 2729 tegritate
1154 2693 1263 2726 relicto,
1296 2698 1481 2726 successerat,
1501 2700 1584 2728 quem
1614 2691 1788 2718 Andronicus

999 2740 1105 2768 volebat
1133 2745 1171 2772 et,
1204 2744 1233 2767 ut
1259 2740 1419 2768 emendetur
1447 2740 1568 2775 phrasis,
1609 2738 1654 2772 qui
1680 2735 1788 2763 volebat.

997 2787 1325 2819 Andronicum;fortiter
1342 2787 1513 2821 navigantes,
1532 2789 1561 2811 ut
1589 2783 1640 2810 sibi
1664 2781 1784 2809 invicem

1001 2833 1156 2862 consimiles
1177 2833 1256 2869 juxta
1272 2831 1480 2868 dispositionem
1499 2836 1605 2858 mowm
1619 2833 1700 2863 utque
1716 2833 1783 2853 con-
