1962 3087
175 146 208 178 ω
554 145 602 175 DE
617 145 902 177 THESSALONICA
925 147 1029 178 URBE
1049 150 1071 178 Λ
1092 149 1246 180 LATINIS
1266 150 1393 182 CAPTA:
1759 152 1794 184 50

175 203 254 237 φησι,
274 201 299 228 τι
314 201 561 234 ποιεῖς,δέσποτα;
586 202 642 229 Καὶ
672 203 756 237 συχνὰ
781 202 860 229 τοῦτο
884 203 962 236 λογοο

1018 205 1113 231 malum
1141 213 1280 240 magnum.
1300 206 1368 234 Tum
1394 207 1550 242 patriarcha
1575 207 1656 237 verba
1681 209 1794 244 probata

176 249 316 282 κοπὴσας,
333 247 436 273 ἄνεισιν
459 246 526 280 ὑψοῦ
551 246 700 280 στενάζων,
721 247 759 279 ὡς
784 248 831 274 ἐπὶ
848 248 960 282 μεγάλῳ

146 292 151 305 ‘
177 292 266 326 κακῷ.
287 292 341 319 Καὶ
366 292 380 318 ὁ
405 291 580 328 πατριάρχης
607 291 731 320 ὑπειπὼν
756 293 791 320 τὰ
816 293 959 326 δοκοῦντα,

175 339 307 374 ἡσύχαζε.

213 399 268 430 μα’.
290 396 344 422 Καὶ
363 395 410 422 τοῦ
439 396 535 423 λοιποῦ
553 396 609 429 (ἵνα
626 396 664 432 μὴ
689 397 739 433 τὴν
757 398 894 433 κοσμικὴν
909 399 961 433 ἀη-

177 443 237 468 δίαν
248 441 397 477 ἀδολεσχῶ)
418 442 522 476 γίνεται
545 442 602 469 τῶν
624 444 717 470 κακῶν
739 444 840 479 δρόμος
859 446 900 476 είς
915 445 961 472 τὸν

177 488 317 522 περίδοξον
331 488 395 514 ναὸν
422 487 472 514 τοῦ
497 488 623 522 Σωτῆρος
645 489 774 524 Χριστοῦ,
794 489 839 516 τοῦ
859 490 962 517 Χαλκί-

176 534 236 566 τοῦ,
254 535 301 561 καὶ
317 533 440 568 εὐφημία
454 534 500 560 τοῦ
520 535 691 569 Ἀνδρονίκου
707 536 817 567 ἄκοντος
846 536 887 568 είς
913 535 961 570 βα-

180 580 266 612 σιλέα,
279 580 315 611 ὡς
329 579 362 606 ἂν
375 581 423 606 καὶ
437 580 514 606 αὐτοὶ
527 580 574 606 καὶ
588 577 690 612 ἐκεῖνος
708 582 822 607 εἴποιεν·
839 579 898 608 εἶτα
915 581 962 608 καὶ

181 627 227 662 βία
239 627 278 658 είς
291 627 404 658 ἐκεῖνον,
416 625 452 658 ὡς
464 625 519 652 Καὶ
531 627 568 661 μὴ
578 626 677 653 ἐθέλων
693 627 813 662 ἀρχηγος
822 627 903 662 ἡμῶν
916 636 962 662 γει-

177 673 234 699 νοῦ·
247 672 294 699 καὶ
303 672 443 707 περίθεσις
459 672 633 707 παρασήμων
644 674 676 708 τῇ
694 672 818 708 βασιλείᾳ
833 673 960 705 πεδίλων,

179 719 285 746 ἐκείνου
302 718 340 753 μὴ
363 718 547 750 καθιστῶντος
562 718 625 750 τοὺς
652 718 746 751 πόδας,
760 719 808 746 καὶ
821 719 961 754 περίδυοις

178 764 342 799 διαδήματος
356 771 364 780 ο
383 765 429 790 καὶ
445 763 519 798 atqu;
546 764 595 798 μὲν
625 764 761 791 καπνικοῦ
784 763 962 799 καλύμματος

181 810 228 837 τοῦ
247 810 312 846 περὶ
325 809 458 844 κεφαλὴν,
477 810 545 844 ὅπερ
555 809 676 842 Δαζόθεν
693 808 751 844 εἶχε
763 810 812 845 τὴν
834 810 962 846 ἀφορμὴν

179 857 220 887 οἱς
242 855 390 890 σύμϐολον.
408 853 445 882 ὧν
460 855 558 890 ἔμελλε
577 856 673 891 καπνῷ
689 856 785 891 φῦραι,
801 856 961 891 κατεμπρή-

181 912 231 935 σας
249 903 279 929 τὸ
305 904 369 933 πᾶν,
386 902 564 938 ἀντιφόρησις
583 902 611 928 δὲ
626 901 754 938 ἐρυθροῦ,
775 901 962 936 αἰνιττομένη,

180 949 252 976 ὅσων
269 948 396 982 κεφαλῶν
413 948 648 983 καταψηφιεῖσθαι
664 948 756 982 μέλλει
774 948 889 982 αἵματα.
907 948 962 975 Καὶ

179 994 350 1030 συγκάθηται
365 994 396 1021 τὸ
404 994 530 1021 ἐντεῦθεν
542 994 580 1029 τῷ
594 993 700 1028 βασιλεῖ
712 993 834 1028 ’Δλεξίῳ,
845 996 892 1021 καὶ
901 1002 966 1029 προ-

180 1040 310 1073 κάθηται.
331 1039 510 1074 Ύτεερέκειτο
523 1039 579 1074 γὰρ
598 1038 723 1074 αὑθωρδν
743 1039 851 1065 ἐκείνου
865 1039 896 1065 τὸ
910 1039 964 1066 ἀπὸ

178 1087 267 1119 τοῦδε,
283 1086 331 1113 καὶ
358 1087 487 1122 συντιμᾷ,
508 1085 554 1117 οὒς
567 1085 649 1117 αὐτὸς
676 1085 814 1120 ὲπέκρινε·
834 1085 882 1112 καὶ
901 1093 966 1120 προ-

179 1133 310 1160 ὗάλλεται
330 1133 428 1168 ἀρχὰς,
455 1132 484 1165 ἐξ
507 1132 598 1158 αὐτῶν
625 1131 759 1166 βαλϐίδων
776 1131 805 1158 τὸ
829 1131 879 1166 τῆς
904 1130 964 1158 κατ’

181 1179 262 1205 αὑτὸν
275 1178 412 1213 βασιλείας
428 1178 507 1212 ἅρμα
529 1177 647 1212 πρόσοιν
663 1176 762 1212 βαλών.
780 1177 836 1204 Ka‘t
848 1177 879 1204 τὸ
894 1176 965 1211 μέγα

180 1223 265 1250 κακον
280 1222 318 1257 τῷ
334 1221 426 1257 μικρῷ
445 1221 520 1257 καλῷ
535 1223 726 1256 συγκίρναται.

218 1279 273 1314 μβί.
289 1279 399 1313 Βραχὺς
414 1279 428 1305 ὁ
448 1279 478 1304 ἐν
500 1277 576 1312 μέσῳ
596 1277 703 1312 χρόνος,
722 1276 768 1303 καὶ
782 1276 965 1311 περιγίνεται·

179 1327 227 1354 καὶ
241 1326 278 1357 ὡς
293 1326 327 1352 ἂν
348 1324 386 1359 μὴ
401 1324 502 1359 Θρήνου
519 1323 638 1358 μεγάλου
652 1322 765 1357 ἔξαρχος
782 1322 967 1357 καθισταίμην

179 1373 237 1403 τοῖς
256 1370 422 1406 φιλαλεξίοις
435 1390 442 1402 ,
469 1369 518 1396 εῐτ*
537 1368 584 1396 οὖν
607 1368 824 1402 φιλοϐασιλεῦσι,
842 1369 968 1395 λεπτοτο-

183 1418 242 1452 μῶν
257 1417 376 1451 παχεῖαν
395 1415 618 1450 σκυθρωπότητο,
639 1416 671 1441 ὲκ
696 1415 785 1442 ποδῶν
803 1415 907 1449 ἀπάγει
921 1415 966 1442 τὸν

180 1463 360 1498 συμϐασιλέα.
382 1462 436 1488 Καὶ
450 1461 498 1488 τοῦ
514 1460 599 1494 ζυγοῦ
612 1460 657 1487 τὸν
674 1460 793 1494 Ἀλέξων
807 1461 965 1493 ὲκτινάξας,

179 1510 235 1536 εῐτε
255 1509 366 1543 πνιγμῷ
389 1507 429 1542 τῷ
453 1506 486 1533 δι’
513 1506 642 1542 ἀγχόνης,
659 1507 697 1538 ὡς
719 1507 848 1542 διαῤῥέει-
859 1507 937 1541 λόγος
953 1508 966 1533 ό

179 1555 292 1588 πλείων,
320 1554 374 1580 εἴτε
405 1553 454 1579 καὶ
482 1552 569 1580 ἄλλως
583 1572 590 1584 ,
610 1552 648 1584 ὡς
673 1553 777 1583 ἐκεῖνος
796 1550 850 1579 οἵδε
869 1553 917 1580 καὶ
939 1553 964 1579 οί
980 1547 1001 1577 C

180 1599 399 1634 συγκακοῦργοι,
423 1598 606 1632 amasene;
622 1598 668 1624 τὸν
685 1598 743 1624 υἱὸν
765 1598 904 1632 Ἰωάννην,
919 1597 966 1624 τὸν

180 1647 229 1673 τοῦ
254 1645 393 1680 Μανουὴλ,
417 1644 542 1679 ὕστερον,
568 1644 617 1678 οὐχ
639 1643 681 1670 ὅτι
707 1643 823 1670 καλλίων
839 1642 884 1678 ἦν,
910 1643 967 1670 ἀλλ’

180 1693 222 1719 ὅτι
243 1693 259 1718 ὁ
277 1691 326 1725 μὲν
348 1690 476 1725 Μανουὴλ
497 1689 646 1723 ἀπεστύγει
668 1689 703 1716 τὰ
727 1689 774 1716 τοῦ
791 1689 905 1724 πατρὸς,
921 1689 968 1716 καί

181 1743 239 1765 πως
261 1734 376 1760 ἔϐλεπεν
392 1734 433 1765 είς
448 1733 479 1760 τὺ
504 1733 614 1768 μέλλον,
628 1733 675 1760 καὶ
692 1733 738 1760 τὸν
754 1733 822 1759 Θεὸν
840 1733 969 1768 ἐπίστρο-

180 1790 231 1815 φον
259 1778 331 1808 εἶναι
357 1780 412 1807 τῶν
439 1780 591 1814 γινομένων
616 1781 710 1808 κακῶν
740 1780 880 1807 ὑπελάλει·
901 1781 914 1806 ὁ
938 1780 968 1806 δὲ

186 1827 313 1861 Ἰωάννης
327 1826 452 1862 ἔστεργε,
467 1827 515 1853 καὶ
528 1826 583 1857 τοῖς
602 1826 861 1861 πλημμελουμένοις
875 1826 967 1861 ἔχαιρε

182 1873 437 1908 συνεφαπτόμενος.

220 1934 265 1966 μγ⁰
299 1932 333 1958 ’Δ
357 1931 389 1957 δὲ
408 1931 439 1957 τδ
471 1931 598 1958 ἐντεῦθεν
618 1932 632 1957 ὁ
661 1931 830 1966 Ἀνδρόνικος
846 1931 876 1958 οὐ
897 1930 969 1964 λέγω

182 1978 316 2012 ἥμαρτεν,
341 1977 357 2010 ἢ
375 1977 591 2012 ἐπλημμέλησεν
609 1977 708 2007 (ἄλλως
721 1977 777 2010 γὰρ
796 1977 821 2002 et
839 1976 969 2010 θερμότε-

187 2030 228 2055 ροι
252 2021 416 2055 ὀνομάσαιεν
432 2021 486 2054 ἂν),
502 2020 628 2055 γλώττης
651 2021 736 2047 δεῖται
753 2021 881 2055 νεανικῆς
896 2020 968 2055 (ppi-

182 2067 252 2099 ζειν,
268 2067 316 2093 καὶ
333 2067 388 2101 πρὸ
411 2067 498 2101 αὐτῆς
515 2066 649 2101 λογισμοῦ
665 2066 763 2101 βαοέος
785 2068 831 2093 καὶ
847 2066 905 2093 οἴου
922 2066 969 2093 ab.

182 2121 265 2146 στοχα
277 2111 395 2146 ’βάλλειν
407 2132 414 2143 ,
433 2113 495 2138 καθ’
511 2109 549 2138 ὧν
573 2112 606 2139 ἂν
628 2111 756 2138 ὲπιϐαλεῐ
767 2119 773 2127 ·
799 2112 871 2146 ἅπερ
887 2113 969 2146 ἡμεῖς

181 2158 386 2188 ἀπολωλεκότες
402 2157 442 2192 τῷ
457 2158 542 2192 γήρᾳ,
558 2157 688 2184 τοσοῦτόν
705 2166 796 2192 φαμεν
808 2158 970 2192 ἐπιτέμνον-

1013 248 1131 283 dicente,
1144 250 1290 278 conticuit.

1048 386 1093 413 Ai.
1118 386 1251 414 Caeterum
1281 389 1338 422 (ne
1365 396 1425 416 cum
1460 389 1542 417 tzedio
1573 391 1706 426 omnium.
1733 399 1798 427 gar-

1012 433 1094 466 riam)
1115 433 1250 460 malorum
1274 441 1426 462 concursus
1450 435 1478 462 iit
1504 436 1532 462 in
1558 436 1791 471 gloriosissimum

1012 479 1141 513 templum
1162 480 1315 508 Salvatoris
1338 481 1453 514 Christi,
1468 482 1610 515 Chalcitis,
1622 484 1732 519 jamque
1751 492 1799 519 pa.

1012 525 1064 552 lam
1082 524 1251 554 Andronicus
1279 526 1420 561 imperium
1446 534 1564 556 renuere
1595 528 1733 556 ferebatur
1751 537 1799 557 au-

1013 571 1087 605 cipiti
1107 570 1194 604 fama;
1211 570 1241 598 ﬁt
1265 571 1362 598 deinde
1380 571 1420 600 vis
1442 572 1469 599 in
1485 572 1582 599 illum:
1605 572 1663 600 Dux
1683 573 1725 601 vel
1750 575 1799 601 in-

1013 617 1086 645 vitus
1100 622 1190 645 noster
1204 622 1275 645 esto.
1296 618 1397 647 Deinde
1407 619 1535 646 cothurni
1547 619 1716 654 imperatorii
1729 640 1737 652 ,
1754 619 1801 647 illo

1013 663 1096 699 pedes
1122 671 1175 691 non
1199 664 1346 698 praebente.
1364 672 1395 692 ac
1408 665 1532 692 diadema
1551 665 1727 699 atteruntur;
1749 672 1796 693 ca-

1004 709 1077 748 pitis
1106 709 1194 736 velum
1222 709 1321 737 fumosi
1355 710 1456 738 coloris
1483 717 1601 742 amovet,
1625 711 1698 746 quod
1726 711 1798 738 Lazo

1013 759 1094 782 tenus
1113 755 1276 787 quibusdam
1295 754 1464 791 temporibus
1488 757 1615 792 portabat
1638 757 1666 784 in
1691 757 1800 792 signum

1013 808 1107 828 eorum
1124 809 1185 836 qua:
1204 802 1279 829 fumo
1299 803 1438 830 miscenda
1454 806 1553 835 erant;
1573 810 1692 838 cumque
1710 803 1802 830 omnia

1014 847 1194 880 incendisset,
1213 849 1327 876 rubrum
1351 853 1447 876 contra
1473 849 1552 883 jubet
1571 849 1676 881 aﬂ'erri,
1693 849 1802 885 signiti-

1015 900 1080 920 cans
1094 898 1260 928 quantorunt
1278 895 1397 928 capitum
1413 896 1525 929 sanguis
1535 895 1708 923 damnandus
1719 899 1802 922 esset.

1015 937 1083 965 Dein
1107 946 1170 966 cum
1195 939 1360 972 imperatore
1387 941 1487 968 Alexio
1514 942 1591 968 sedet
1613 948 1644 968 ac
1660 941 1796 976 praesidet.

1015 983 1119 1011 Exinde
1131 983 1202 1011 enim
1214 992 1296 1019 supra
1307 985 1384 1011 illurn
1402 985 1561 1018 sedcbat,ct
1571 993 1639 1020 quos
1656 985 1804 1020 condignas

1012 1029 1155 1065 judicabat
1181 1030 1370 1058 cohonestavi.
1387 1030 1503 1058 Dimittit
1517 1031 1703 1064 magistratus,
1722 1034 1805 1064 atque

1015 1083 1029 1102 a
1055 1076 1192 1110 repagulis
1222 1083 1334 1103 currunt
1366 1077 1575 1111 imperatorium
1605 1076 1730 1112 projecit.
1759 1075 1805 1104 Sic

1016 1129 1098 1156 parvo
1115 1120 1188 1150 bono
1203 1123 1302 1150 malum
1323 1130 1449 1156 magnum
1466 1123 1609 1150 miscetur.

1051 1279 1095 1307 42.
1109 1278 1156 1306 llis
1173 1279 1254 1306 rebus
1272 1280 1352 1307 breve
1373 1279 1505 1314 temporis
1530 1278 1701 1306 intervallum
1722 1278 1807 1305 intota

1016 1326 1089 1354 cedit
1104 1331 1129 1353 et
1150 1331 1240 1353 tamen
1260 1325 1438 1361 superﬂuum,
1451 1333 1482 1353 ac
1511 1326 1588 1360 quasi
1608 1323 1697 1360 magni
1718 1323 1807 1352 luctus

1016 1374 1180 1401 constitutus
1194 1380 1281 1402 essent
1296 1373 1349 1400 dux
1364 1373 1520 1408 philalexiis
1536 1377 1562 1399 et
1578 1372 1806 1407 philimperatort-

1018 1419 1079 1451 bns,
1108 1419 1180 1446 idem
1206 1423 1324 1453 tempus,
1351 1419 1494 1445 humorem
1522 1421 1639 1445 densum
1668 1417 1805 1444 rnmslitia’e

1018 1467 1162 1498 minuens,
1184 1465 1410 1500 coimperatorem
1444 1465 1538 1501 abigit.
1563 1463 1600 1492 Ex
1633 1464 1699 1499 jngo
1734 1467 1807 1498 post-

1017 1520 1098 1547 quam
1126 1509 1252 1539 Aiexinm
1274 1512 1472 1547 praecipitasset
1501 1512 1559 1539 sive
1585 1510 1803 1545 strangulatione

1018 1567 1079 1586 cunt
1093 1559 1166 1587 lune.
1179 1564 1208 1585 ut
1224 1558 1308 1586 refert
1324 1558 1393 1585 fama
1413 1558 1497 1593 magis
1509 1557 1626 1590 credita,
1640 1552 1700 1584 sive
1712 1557 1804 1588 aliter,

1019 1613 1047 1632 re
1087 1606 1193 1640 cognita
1231 1604 1277 1631 ille
1310 1610 1336 1631 et
1372 1609 1514 1631 consortes
1546 1603 1625 1637 ejus,
1663 1601 1807 1630 substituit

1017 1651 1167 1682 Joannem,
1201 1650 1284 1678 ﬁlium
1313 1651 1448 1678 Manuelis
1475 1651 1621 1682 nitirnum,
1646 1657 1700 1676 non
1733 1649 1808 1684 quod

1017 1698 1193 1730 cratmciior,
1212 1697 1258 1725 sed
1274 1697 1344 1733 quod
1369 1697 1475 1725 Manuel
1487 1701 1592 1733 patrem
1609 1695 1808 1727 detestabatur,

1018 1750 1049 1770 eo
1064 1744 1134 1778 quod
1151 1745 1232 1771 etiam
1256 1744 1376 1771 futurum
1404 1743 1575 1778 providebat,
1599 1743 1738 1777 Deumque
1755 1741 1809 1769 cito

1019 1790 1060 1816 vel
1083 1790 1187 1817 tardius
1208 1790 1343 1817 vindicem
1374 1797 1436 1817 esse
1457 1789 1590 1816 malorum
1613 1795 1727 1823 operum
1746 1794 1809 1814 sen-

1019 1836 1112 1863 tiebat.
1126 1835 1248 1863 Joannes
1265 1843 1330 1862 vero
1346 1835 1495 1863 dissolutos
1518 1834 1637 1868 amabat,
1658 1840 1810 1867 eorumque

967 1903 969 1905 .
1017 1882 1182 1909 commercio
1197 1882 1393 1909 delectabatur.

1054 1929 1100 1955 45,
1120 1928 1186 1961 Qua:
1198 1927 1297 1955 deinde
1311 1927 1486 1955 Andronicus
1519 1934 1572 1954 non
1596 1925 1658 1954 dico
1683 1925 1808 1963 peccavit

1019 1976 1110 2012 (aliter
1125 1976 1199 2003 enim
1224 1976 1382 2003 severiores
1402 1984 1463 2003 eum
1482 1974 1675 2008 recensebant)
1693 1981 1724 2001 ea
1746 1981 1810 2001 nar-

1018 2023 1223 2057 rarejuniorem
1243 2022 1363 2058 linguam
1375 2022 1459 2058 exigit
1470 2026 1497 2049 et
1508 2029 1568 2057 qua;
1581 2020 1750 2048 examinabit
1765 2028 1809 2047 res

1019 2074 1164 2105 antequam
1181 2077 1228 2097 eas
1250 2070 1276 2096 in
1292 2069 1409 2096 medium
1427 2067 1556 2103 proferet.
1568 2067 1705 2101 Quantum
1721 2067 1811 2101 perdi-

1019 2118 1109 2145 dimus
1127 2117 1153 2143 in
1170 2119 1310 2143 senectute
1321 2119 1424 2142 tantum
1434 2114 1720 2150 repetimus.sciiicct,
1740 2112 1812 2139 sicut

1021 2163 1105 2190 David
1127 2161 1254 2189 meminit
1271 2161 1305 2189 de
1321 2160 1385 2188 Uria
1401 2165 1428 2188 ct
1450 2167 1535 2188 uxore
1554 2167 1694 2195 peccasse,
1721 2158 1810 2186 virum

181 2212 239 2236 τες,
255 2203 307 2235 ὅτι,
333 2203 412 2230 ὁποῐᾶ
436 2212 478 2234 τις
501 2203 583 2230 Δαυῒδ
601 2203 796 2239 μεμελετηκὼς
809 2203 963 2238 ἀπεκϐἧναι

1020 2210 1225 2244 imperatorem,
1249 2208 1373 2235 Alexium
1397 2207 1604 2242 praecipitasse,
1628 2205 1690 2232 vitae
1714 2205 1812 2232 tenni-

181 2249 211 2275 ἐν
231 2258 264 2283 γε
285 2249 324 2284 τῷ
349 2250 423 2276 κατὰ
451 2250 496 2276 τὸν
513 2250 616 2285 Οὐρίαν
637 2250 685 2276 καὶ
701 2249 750 2285 τὴν
770 2249 906 2285 γαμετὴν,
923 2250 969 2276 τὸν

184 2295 235 2328 μὲν
259 2295 344 2330 ἄνδρα
364 2295 488 2330 βασιλέα,
513 2295 559 2322 τὸν
578 2295 708 2327 Ἀλέξων,
727 2296 874 2330 προῐάπτει
892 2295 968 2322 κάτω

182 2341 370 2374 παραστείλας
386 2340 433 2367 τοῦ
451 2342 511 2376 ζῇν,
534 2340 593 2368 εἶτα
610 2342 655 2367 καὶ
671 2341 745 2376 βυθῷ
770 2341 909 2376 θαλάσσης
925 2350 970 2367 πι-

183 2386 310 2418 στεύσας,
328 2386 401 2414 καθά
413 2387 486 2418 τινές
502 2395 595 2421 φασιν,
614 2387 651 2418 ὡς
665 2388 714 2413 οὑκ
735 2387 769 2413 ἂν
785 2387 841 2421 ἐγὼ
855 2387 969 2422 ἀνακρί-

184 2440 274 2467 ναιμι,
302 2433 430 2466 καθάπαξ
451 2434 655 2468 ἀπεστυγηκὼς
680 2435 730 2468 τὴν
744 2434 852 2468 φαύλην
867 2434 969 2469 ταύτην

184 2479 356 2513 περίστασιν.
375 2480 431 2506 Καὶ
445 2481 550 2510 ἐκεῖνος
563 2480 613 2515 μὲν
627 2479 699 2506 οὕτω
718 2481 765 2506 τὸν
786 2481 872 2507 παῖδα
892 2481 967 2515 βασι-

182 2523 232 2550 λέα
247 2525 432 2558 συνέστειλεν,
452 2526 484 2552 ἰι
500 2527 547 2553 καὶ
570 2525 645 2560 λόγοι
668 2526 742 2557 τινὲς
766 2525 880 2560 ὕστερον
896 2525 969 2560 ζωὴν

181 2569 286 2595 ἑκείνου
308 2571 522 2605 κατεψεύσαντο·
547 2572 587 2602 είς
610 2571 624 2597 ὅ
641 2571 747 2603 παίζων
763 2572 777 2597 ὁ
799 2571 969 2606 ’Λνδρόνικος

181 2614 329 2650 ὲΕελάλησέ
344 2623 371 2641 τι
387 2616 480 2651 δριμύ·
497 2616 526 2649 ὃς
544 2617 665 2647 ἀκούσας
681 2618 745 2650 περί
762 2624 814 2642 που
839 2616 873 2643 τὰ
893 2616 967 2643 κατὰ

183 2661 311 2687 Σικελίαν
327 2661 507 2695 τημελείσϐαι
530 2662 576 2689 τὸν
598 2662 717 2694 ’Λλὲξιον
742 2661 902 2697 βασιλικῶς,
918 2662 968 2697 ἡδὺ

181 2706 311 2739 γελάσας,
325 2704 364 2736 ΤΠ
383 2707 426 2742 δὴ,
454 2707 507 2743 ἔφη
519 2727 526 2738 ,
544 2707 667 2743 ἄριστος¹
681 2708 870 2744 κολυμϐητὴς,
887 2708 969 2744 εἴπερ

181 2753 210 2779 ἐν
228 2753 515 2780 Κωνσταντινουπόλει
532 2754 776 2790 κατακυσιστήσας
793 2755 835 2786 είς
855 2754 969 2789 βαθεῖαν

182 2798 330 2832 θάλασσαν,
347 2800 481 2827 ἀπνευστὶ
502 2800 604 2832 διεξὲδυ
623 2801 688 2836 περὶ
716 2801 762 2828 τὸν
781 2801 870 2828 ἐκεῖσε
900 2809 969 2836 πορ.

181 2845 262 2880 θμόν.

1020 2262 1084 2282 num
1101 2254 1228 2290 posuisse
1243 2253 1397 2287 deindeque
1410 2254 1510 2287 abysso
1525 2251 1610 2279 maris
1627 2250 1811 2283 commisisse,

1018 2301 1095 2335 juxta
1121 2301 1254 2336 quosdam
1266 2320 1273 2332 ,
1295 2300 1367 2327 sicut
1386 2307 1434 2326 nos
1456 2307 1509 2326 non
1525 2297 1813 2332 judicabimus,banc

1019 2348 1144 2376 odiosam
1166 2347 1405 2375 circumstantiam
1425 2347 1451 2375 in
1473 2349 1636 2381 perpetuum
1654 2348 1812 2372 horrentes.

1020 2395 1152 2430 llancqnc
1167 2394 1212 2422 ille
1228 2402 1312 2429 puero
1327 2393 1486 2428 imperatori
1500 2393 1670 2427 sepulturam
1687 2391 1812 2422 donavit,

1019 2441 1071 2469 ctsi
1089 2446 1180 2476 postea
1197 2440 1272 2467 illmu
1288 2440 1379 2467 vivere
1402 2439 1471 2467 falso
1495 2439 1608 2474 quidam
1625 2438 1757 2466 dixerint.
1783 2437 1812 2464 in

1020 2495 1074 2522 quo
1094 2488 1226 2515 cavillans
1241 2487 1415 2515 Andronicus
1439 2486 1549 2514 crudele
1573 2485 1677 2520 aliquid
1712 2490 1814 2512 temere

1020 2535 1100 2563 dixit.
1125 2534 1192 2561 Cum
1220 2534 1356 2562 andiissct
1384 2535 1410 2561 in
1437 2533 1554 2569 quodam
1582 2533 1642 2560 loco
1665 2532 1692 2559 in
1718 2531 1812 2560 Sicilia

1020 2581 1200 2615 imperatorio
1217 2581 1322 2608 honore
1338 2585 1477 2616 receptum
1493 2580 1579 2607 fuisse
1595 2579 1733 2611 Alexiunt,
1752 2578 1813 2605 iarte

1021 2629 1103 2655 risit:
1130 2626 1278 2661 Equidem,
1303 2627 1355 2658 ait,
1378 2628 1504 2654 urinator
1529 2626 1651 2661 optimus
1675 2630 1728 2657 est,
1749 2631 1811 2651 cum

1021 2674 1259 2709 Constantinopoli
1286 2675 1313 2701 in
1343 2673 1508 2709 profundum
1535 2680 1611 2701 mare
1636 2679 1757 2705 mersus,
1783 2669 1811 2698 in

1021 2721 1094 2749 hunc
1112 2725 1221 2756 portum
1235 2728 1289 2749 uno
1303 2726 1397 2749 tenore
1414 2720 1576 2756 pernatavit.
