1962 3087
197 156 233 188 5'3
584 157 633 188 DE
649 153 937 188 THESSALONICA
956 151 1060 184 URBE
1080 150 1102 179 Α
1119 149 1274 181 LATINIS
1299 138 1447 181 CAPTA.‘
1786 148 1822 179 Η

199 215 249 249 μὲν
267 215 337 241 κατὰ
367 215 475 241 πάντων
503 214 585 246 αὑτός
596 223 602 230 ·
619 212 690 250 ἦσαν
719 214 747 241 δέ
772 213 826 241 οὐδ’
842 213 867 240 οί
884 212 984 244 πάντες

1037 208 1157 236 minibus
1181 207 1448 243 ConstantinOpolim
1474 206 1630 238 denudarit.
1655 204 1728 234 Salis
1755 214 1822 241 ergo

199 260 361 290 ἀπεοικότις
379 259 485 287 ἐκείνου
511 259 578 294 πρός
602 268 635 294 γε
659 259 688 286 τὸ
708 261 798 295 μῖσος.
813 257 982 292 Μισούμενοι

200 307 256 341 γὰρ
265 306 476 341 ἐφιλοτιμοῦντο
484 307 705 341 ἀντιμισςϊν,ὀὺκ
719 305 906 340 εὖαγγελικῶς
922 305 981 339 μὲν,

198 353 269 380 κατὰ
289 352 426 387 βασιλικὸν
447 353 580 380 δέτὲκεϊνο
600 353 786 388 παράδειγμα.
812 353 866 379 Καὶ
883 351 980 378 συλλε-

197 397 290 431 γέντες
306 399 339 432 τῇ
355 398 447 434 ἀμύνῃ
461 398 533 431 λπρός
547 407 574 425 τι
589 398 629 430 ἐν,
651 398 718 433 δρᾷν
731 397 829 434 ἤθελον
844 398 893 424 καὶ
906 398 982 424 ἀντι-

197 435 297 470 λυπεῖν
311 444 358 470 τὸν
384 444 569 480 κατάρξαντα.
594 442 686 471 Ἦσαν
706 444 734 471 δὲ
764 445 793 470 ἐν
815 445 871 476 τοῖς
899 444 983 479 δρῶσι

197 489 267 524 πρὸς
291 488 413 523 ἄμυναν,
435 490 478 516 ὅτι
501 491 547 517 καὶ
561 491 591 517 ἐν
607 491 664 522 τοῖς
679 489 808 522 παθοῦσι,
823 491 871 517 καὶ
893 490 918 516 el
933 491 983 525 τῆς

199 533 301 567 Ἅγαρ.
326 533 367 561 Τὰ
381 534 438 570 γὰρ
458 535 529 562 κατὰ
555 535 684 562 Νικαέων
707 535 792 570 πάθη,
814 535 862 562 καὶ
884 535 933 562 ὃσα
958 535 984 562 al.

197 580 352 614 Προυσαεῖς
372 581 508 616 ἔτλησαν,
530 581 635 616 ἥψαντο
664 582 710 609 καὶ
724 583 843 616 ἐκείνης,
868 582 915 609 καὶ
943 582 984 614 εις

196 625 265 653 πολὺ
294 626 422 662 ἐχθίστην
449 627 516 662 ἡμῖν
541 627 704 663 ἐνέγραψαν.
734 627 853 660 Πολλοὺς
866 627 920 663 γὰρ
937 628 984 655 καὶ

196 670 252 696 τῶν
269 671 356 707 αὐτῇς
372 671 518 708 ἐπιλίγδην
537 672 679 708 ήΝίκαια,
692 673 737 699 ναὶ
759 672 788 699 δέ
804 672 852 699 καὶ
868 673 884 708 ή
898 672 986 707 Προῦ-

197 723 232 743 σα
262 718 333 752 μετὰ
348 717 501 746 πολύπονον
524 719 626 746 ἅλωσιν
647 719 878 754 μετεωρισθέντας
902 717 983 752 εἶδον,

195 761 257 789 ὅθεν
272 761 330 790 ἔστι
343 763 496 798 καταϐῆναι
512 764 552 796 είς
562 764 629 800 ᾅδην
639 766 687 792 καὶ
699 764 773 800 rexit
785 765 831 791 καὶ
846 764 985 792 οῐκτιστα.

233 898 287 934 μζ.
305 899 362 927 Καὶ
374 896 418 927 οἶα
436 900 485 935 μὲν
502 899 627 927 ἐντεῦθεν
639 900 664 927 οί
676 900 846 928 ’Δνατολικοὶ
869 901 983 935 ἔπαθον,
998 883 1021 914 Β

196 946 237 978 ιίς
250 947 371 982 μνήμην,
387 947 411 973 εί
424 947 472 974 καὶ
488 947 526 982 μὴ
541 946 600 982 μετ’
615 947 762 982 ἐγκωμίων
780 947 827 974 τοῦ
847 946 983 983 Ἀνδρονί-

196 998 257 1024 κου,
273 991 477 1028 συΠραφέσοω
491 992 598 1027 ἕτερος,
613 992 769 1027 ἐκεχειρίαν
790 1001 820 1019 τε
833 992 908 1027 ἄγων
926 993 984 1019 lxa-

196 1037 257 1072 νὴν,
272 1037 341 1064 ἀλλὰ
357 1037 404 1064 καὶ
418 1037 548 1073 δακρύοις
565 1038 693 1065 πλουτῶν
703 1047 710 1054 ·
729 1039 803 1074 ἡμᾶς
823 1039 878 1074 γὰρ
891 1038 984 1065 ἐπέλι-

196 1090 247 1109 πον
259 1083 307 1109 καὶ
322 1083 404 1111 αὐτά.
428 1084 510 1119 Ἡμῖν
529 1084 558 1111 δέ
572 1082 615 1111 οἵα
630 1084 737 1112 ἐκεῖθεν
757 1086 918 1118 συνέπεσον,
937 1085 985 1112 καὶ

193 1126 233 1159 ὥς
249 1129 267 1163 ἡ
281 1128 329 1155 τοῦ
348 1129 534 1165 ’Δνδρονίκου,
552 1130 663 1166 ὁμαλῶς
681 1130 768 1165 λέξαι,
780 1131 812 1157 οὐ
835 1131 985 1166 προσήνεια

196 1173 327 1201 καθίκετο
353 1175 402 1203 καὶ
419 1175 498 1210 ἡμῶν
521 1176 643 1212 ὀλεθρία,
663 1177 776 1212 φράσων
799 1177 929 1212 ἔρχομαι,
953 1176 983 1203 οὐ

197 1221 267 1255 πρὸς
283 1220 447 1256 εὐρυλογίαν
462 1222 517 1248 οὐδ’
532 1222 614 1254 αὐτὰ,
631 1222 670 1258 μὴ
683 1223 730 1249 καὶ
744 1222 832 1249 πλατὺ
851 1222 925 1257 μάλα
945 1222 986 1258 βι-

197 1265 411 1300 ϐλιογραφήσέιν
425 1266 549 1302 ἀνάγκην
559 1266 680 1302 εὑρήσω,
691 1267 750 1294 ἀλλ’
762 1266 799 1298 ὡς
813 1267 880 1302 πρὸς
892 1267 985 1295 ἐσκια-

197 1310 381 1344 τραφημένην
395 1310 451 1337 τῶν
467 1311 672 1346 πεπραγμένων
689 1311 836 1346 ὑπόδειξιν.

235 1397 295 1434 (ιη’.
305 1399 338 1426 Ol
350 1399 496 1434 βλαὸέντες
511 1400 622 1435 ἐκεῖνοι,
639 1401 663 1428 οι
690 1401 793 1436 πολλοὶ,
809 1403 833 1429 οι
855 1403 984 1438 ποικίλοι,

198 1445 225 1472 οἱ
244 1445 444 1480 πολύγλωσσοι,
459 1446 656 1483 διασπαρέντες
673 1447 748 1476 ἄλλοι
763 1448 886 1482 ἂλλοθεν,
902 1450 929 1476 εἴ
942 1459 984 1482 τις

198 1491 307 1526 φρήτρη
334 1492 366 1518 ἐκ
389 1491 487 1527 Πίσης,
514 1493 541 1519 εἴ
572 1501 616 1524 τις
640 1493 695 1520 ἀπὸ
725 1494 861 1529 Γενούηςι
880 1495 910 1522 τὸ
930 1495 985 1522 τῶν

199 1535 328 1564 Τούσκων
346 1536 441 1572 φῦλον,
467 1538 514 1565 καί
537 1547 563 1565 τι
584 1539 798 1574 Δαμπαρδικόν·
814 1540 864 1568 οὑκ
892 1541 985 1568 ἀπελι-

199 1590 267 1609 πιτο
281 1582 309 1609 δὲ
332 1583 393 1610 οὐδὲ
408 1584 438 1610 τὺ
461 1585 495 1610 ἐκ
510 1585 705 1620 Λογγιῆάρδων
730 1585 840 1621 βλαϐὲν,
865 1587 918 1613 οὐδ’
933 1588 984 1614 ὃσα

199 1629 285 1656 ἄλλα·
302 1629 332 1656 οὐ
353 1630 406 1666 μὴν
419 1630 447 1657 δὲ
459 1630 527 1658 ἀλλὰ
545 1631 592 1659 καὶ
607 1632 661 1659 τῶν
680 1631 826 1667 Εὐγενείας
843 1633 986 1668 ἐπιτεταγο

201 1675 301 1710 μένων.
321 1676 454 1709 Μα).εῖνος
477 1677 505 1704 δέ
523 1686 575 1711 τις,
595 1677 644 1704 καὶ
662 1679 828 1714 Δαλασηνὺς,
845 1680 893 1707 καὶ
910 1679 983 1707 Κλά-

198 1720 263 1754 δων,
279 1722 326 1749 καί
349 1731 422 1754 τινες
447 1724 563 1751 τοιοῦτοι
581 1724 637 1751 τῶν
651 1724 701 1760 τῆς
726 1725 887 1761 ὑφειμένης,
915 1726 984 1760 πρὸς

198 1765 227 1792 δέ
256 1767 304 1793 καὶ
332 1768 500 1802 θεραπευταὶ
525 1770 674 1805 ἀρχόντων,
702 1770 749 1803 οὓς
773 1772 787 1798 ὸ
816 1771 984 1807 ’Δνδρόνικος

199 1811 310 1846 φαύλως
321 1812 424 1841 seem
433 1823 441 1830 ·
453 1811 526 1841 οὗτοι
537 1815 580 1850 δὴ,
594 1816 640 1843 καὶ
651 1816 708 1842 ὅσοι
717 1816 745 1845 δὲ
757 1815 832 1843 ἄλλοι
841 1817 871 1843 ἐν
883 1817 985 1852 ὁμοίοις

199 1859 295 1890 κακοῖς
318 1856 399 1894 ἦσαν,
417 1860 606 1895 ἐπρέσϐευσαν
633 1861 709 1896 παρὰ
723 1862 836 1894 πολλοὺς
855 1863 910 1890 τῶν
934 1864 984 1899 μέ-

199 1910 281 1936 γιστα
297 1904 465 1940 δυναμένων,
485 1906 549 1941 περί
562 1914 591 1932 τε
608 1907 641 1933 τὰ
657 1907 706 1942 τῆς
721 1907 790 1942 ἑῴας
806 1908 918 1944 λήξεως,
938 1909 985 1936 καὶ

199 1947 235 1974 τὰ
256 1949 382 1984 ἑσπέρια.
399 1950 455 1976 Καὶ
468 1952 493 1977 οί
509 1951 559 1986 μὲν
581 1952 627 1979 τὸν
652 1953 766 1980 σουλτὰν
791 1954 933 1988 ἠρέθισαν,
951 1957 986 1982 τὰ

201 1993 288 2020 πλείω
301 2003 339 2029 πρ
354 1996 493 2030 ἰσχύμσνοι
507 1998 548 2027 εἱς
563 1997 703 2025 δυσωπίαν
717 1999 763 2025 τὸν
776 1999 822 2026 τοῦ
836 2000 984 2035 βραχυϐίου

201 2038 335 2073 βασιλέως
356 2040 477 2074 Ἀλεξίου
494 2042 620 2076 θάνατον,
639 2040 715 2079 ᾧπερ
732 2044 832 2080 ὤφειλε
845 2047 929 2075 πιστὰ
941 2047 985 2074 διὰ

199 2085 246 2112 τὸν
271 2086 378 2122 πατέρα
399 2088 529 2124 Μανουὴλ
545 2089 559 2115 ό
577 2089 632 2116 τῶν
651 2091 808 2126 ’Λγαρηνῶν
833 2092 981 2129 ἐθναρχος·

199 2130 290 2167 ιτεροι
306 2131 334 2159 δὲ
349 2131 395 2159 τὸν
423 2133 453 2159 ἐν
476 2134 627 2170 Ἀντιοχείᾳ
647 2134 868 2172 προκαθήμενον,
888 2139 935 2165 τόν
954 2147 984 2165 τι

201 2179 273 2204 κατὰ
289 2179 400 2214 κόσμον,
415 2179 463 2206 καὶ
483 2180 528 2207 τὸν
541 2181 773 2216 ἐκκλησιαστικῶς
786 2191 792 2198 ·
809 2184 884 2212 ἄλλοι
898 2185 925 2212 δὲ
938 2186 984 2212 τὸν

1033 252 1079 280 ille
1099 260 1163 288 erga
1188 259 1285 281 omnes
1312 257 1456 286 eral;non
1469 259 1534 280 vero
1559 259 1655 278 omna
1682 256 1759 278 erant
1784 251 1821 278 illi

1032 298 1184 326 dissimiles
1201 298 1276 326 odio.
1297 296 1396 326 Odium
1419 297 1491 325 enim
1509 297 1573 324 odio
1597 297 1747 325 reddentes
1764 297 1823 332 glo-

1034 343 1190 376 riabantur,
1205 351 1259 371 non
1285 345 1397 380 quidem
1424 343 1502 378 juxta
1519 343 1695 378 Evangelium
1711 343 1764 370 hoc
1779 342 1820 370 fa-

1032 395 1150 427 cientes,
1163 394 1210 422 sed
1229 394 1306 429 juxta
1318 393 1525 429 imperatorium
1537 393 1702 428 exemplum.
1711 392 1821 420 Ceadu-

1034 443 1132 467 nantes
1148 447 1178 467 se
1199 439 1233 466 ad
1252 438 1403 466 vindictam
1428 442 1526 466 contra
1541 446 1625 465 unum
1642 445 1726 472 agere
1748 438 1822 466 vole-

1033 486 1111 519 bant,
1120 485 1297 520 vicissimque
1309 485 1452 512 molestare
1465 491 1528 512 eum
1541 484 1587 519 qui
1597 484 1725 518 imperat.
1738 485 1823 512 Eran‘.

1037 540 1104 560 vero
1121 531 1170 567 qui
1191 531 1343 559 vindictam
1367 530 1573 562 desiderabant,
1586 530 1651 566 quia
1669 535 1751 558 erant
1773 531 1822 566 qui

1033 577 1143 606 fuerant
1158 578 1245 613 passi,
1265 581 1294 605 et
1311 572 1388 612 Agar
1406 576 1467 604 lilii.
1487 575 1555 609 Quae
1577 576 1650 603 enim
1669 575 1826 604 Nicaeenses

1033 627 1116 658 atque
1138 622 1290 650 Prusenses
1318 621 1528 655 sustinuerunt,
1553 621 1738 649 accenderunt
1760 628 1820 649 eam

1035 668 1309 703 lunestissimamque
1325 667 1406 695 nobis
1420 667 1608 695 reddiderunt.
1631 668 1722 695 Nicaea
1747 668 1819 695 enim

1034 714 1156 750 itemque
1187 713 1274 742 Prusa
1299 717 1362 749 post
1385 713 1562 742 durissimam
1588 713 1820 748 expugnationem

1030 760 1139 788 multos
1155 760 1258 787 electos
1277 759 1434 794 huiusmodi
1453 759 1580 787 homines
1595 759 1623 786 in
1641 766 1705 787 aere
1729 759 1822 787 subla-

1036 810 1080 835 tos
1096 805 1235 839 viderunt,
1250 805 1325 833 unde
1348 805 1377 833 in
1402 805 1539 834 infernum
1571 805 1682 842 rapidos
1696 809 1724 834 et
1741 806 1824 834 mise-

1035 852 1138 881 randus
1150 857 1196 880 eat
1213 852 1375 881 descensus.

1071 899 1116 927 47.
1144 899 1242 932 Qualia
1269 899 1369 927 deinde
1391 898 1545 928 Orientales
1572 899 1676 929 fuerint
1692 892 1778 936 passi,
1797 900 1824 927 in

1035 946 1210 978 memoriam,
1233 945 1284 973 etsi
1304 953 1360 973 non
1378 945 1405 973 in
1431 945 1541 973 laudem
1568 946 1730 980 Andronici,
1754 947 1825 974 alter

1035 992 1210 1025 conscribat,
1235 992 1362 1019 inducias
1382 992 1473 1027 justas
1492 999 1595 1027 agens,
1618 992 1668 1021 sed
1691 994 1765 1020 rivos
1786 993 1823 1019 la-

1037 1044 1196 1072 crymarum
1228 1044 1361 1070 movens;
1389 1037 1431 1064 ba:
1461 1038 1566 1066 scilicet
1592 1039 1706 1066 deerant
1734 1039 1823 1066 nobis.

1034 1082 1134 1115 Qualia
1146 1089 1210 1110 vero
1221 1081 1285 1110 inde
1298 1082 1378 1111 nobis
1398 1084 1553 1118 evenerint,
1569 1087 1602 1115 ‘et
1617 1084 1754 1118 quomodo
1768 1084 1825 1111 An-

1035 1127 1153 1162 dronici,
1180 1133 1211 1156 ut
1241 1128 1338 1156 eadem
1369 1129 1523 1157 intentione
1547 1129 1607 1157 soni
1638 1129 1745 1161 dicam',
1767 1137 1824 1157 non

1034 1174 1191 1209 benignitas
1215 1174 1338 1209 tetigerit
1355 1182 1466 1210 quoque
1491 1182 1544 1203 nos
1570 1175 1738 1208 mortaliter,
1758 1183 1824 1202 uar-

1034 1219 1123 1247 raturi
1139 1220 1197 1255 jam
1212 1227 1319 1252 sumus,
1337 1227 1370 1248 ne
1381 1221 1426 1248 hic
1441 1220 1550 1256 longius
1568 1228 1650 1256 quam
1672 1221 1736 1248 alibi
1763 1228 1825 1248 ser-

1034 1271 1144 1291 monem
1168 1264 1382 1299 promittamus;
1398 1272 1452 1292 non
1469 1265 1543 1292 enim
1570 1273 1700 1301 magnum
1727 1264 1825 1292 librum

1035 1311 1174 1338 scribendi
1197 1312 1348 1339 necessitas
1379 1311 1516 1340 incumbit
1533 1311 1626 1344 nobis,
1653 1312 1700 1339 sed
1728 1311 1826 1339 adum-

1035 1357 1136 1384 bratim
1150 1356 1222 1384 facta
1242 1357 1464 1385 demonstrandi.

1069 1401 1115 1429 48.
1144 1400 1197 1434 Qui
1225 1401 1282 1429 laesi
1307 1401 1421 1430 fuerunt
1449 1402 1538 1434 multi,
1564 1402 1644 1436 varii,
1668 1402 1824 1439 linguarum

1036 1447 1208 1476 diversarum
1225 1448 1318 1483 periti,
1331 1448 1379 1476 alii
1403 1448 1458 1476 alio
1477 1449 1612 1483 dispersi,
1628 1449 1651 1476 si
1666 1455 1721 1484 qua
1738 1449 1826 1477 tribus

1035 1501 1069 1522 ex
1083 1494 1157 1527 Pisa,
1171 1494 1194 1522 si
1212 1501 1266 1529 qua
1290 1493 1461 1527 Genuensis;
1475 1495 1566 1522 tribus
1580 1494 1731 1523 Tuscorum
1744 1500 1826 1530 atque

1036 1539 1269 1573 Lombardorum;
1282 1547 1336 1568 non
1351 1541 1425 1568 enim
1437 1540 1514 1568 obliti
1535 1548 1632 1569 sumus
1654 1541 1728 1576 quod
1753 1542 1828 1577 passi

1037 1593 1134 1615 sumus
1160 1594 1192 1614 ex
1214 1586 1411 1621 Longibardis,
1425 1595 1475 1614 nec
1492 1588 1546 1615 alia
1563 1587 1662 1615 similia
1677 1597 1684 1621 ;
1700 1595 1752 1616 nec
1763 1595 1824 1627 vere

1036 1633 1105 1661 alias
1119 1633 1311 1667 deputatorum
1328 1633 1471 1661 nobilium.
1485 1634 1602 1665 Quidam
1616 1640 1681 1660 vero
1697 1633 1826 1666 Malinus,

1035 1683 1063 1706 et
1081 1678 1233 1706 Dalasenus
1257 1682 1285 1706 et
1300 1679 1397 1713 Clade,
1421 1686 1453 1707 ac
1471 1679 1583 1715 quidam
1601 1679 1758 1715 huiusmodi
1784 1688 1828 1709 ae-

1035 1724 1121 1752 cundi
1136 1725 1253 1765 ordinis,
1269 1729 1402 1760 praeterea
1416 1725 1536 1754 ministri
1556 1733 1666 1761 quoque
1682 1726 1828 1762 magistra-

1036 1774 1125 1804 tuum,
1143 1778 1213 1806 quos
1235 1771 1409 1799 Andronicus
1434 1771 1506 1798 male
1535 1773 1681 1806 tractavit;
1712 1772 1738 1799 hi
1764 1773 1828 1807 qui-

1035 1817 1096 1844 dem
1106 1822 1133 1844 et
1142 1817 1299 1852 quicunque
1313 1817 1360 1845 alii
1375 1817 1403 1844 in
1422 1817 1501 1845 malis
1515 1818 1629 1853 paribus
1643 1823 1733 1849 erant.
1744 1819 1827 1854 legati

1037 1863 1148 1890 iverunt
1164 1863 1198 1891 ad
1215 1863 1317 1891 multos
1339 1864 1595 1899 potentissimorum
1606 1885 1615 1897 ,
1645 1864 1687 1892 ad‘
1704 1864 1825 1893 Orientis

1035 1913 1063 1936 et
1085 1910 1119 1937 ad
1137 1908 1294 1937 Occidentis
1310 1909 1405 1937 llnium
1429 1910 1564 1946 regiones.
1586 1910 1710 1945 Plerique
1733 1911 1826 1937 irrito-

1034 1959 1133 1983 verunt
1159 1955 1292 1984 sultanem
1329 1955 1479 1984 referentes
1501 1956 1610 1991 juvenis
1640 1956 1727 1984 Alexii
1752 1964 1827 1984 mor-

1037 2006 1094 2031 tem
1118 2005 1311 2036 praematuram
1335 2001 1519 2036 imperatoris,
1535 2001 1580 2028 cui
1605 2001 1685 2028 tidem
1710 2001 1827 2029 debebat

1035 2049 1149 2081 propter
1166 2046 1316 2074 Mauuelem
1344 2050 1450 2081 patrem
1478 2047 1667 2081 Agarenorum
1691 2054 1754 2080 rex;
1779 2048 1826 2075 alii

1036 2100 1099 2121 vero
1113 2092 1232 2128 eumqui
1259 2093 1390 2129 regnabat
1414 2093 1568 2121 Antiochiae
1589 2097 1617 2120 et
1644 2101 1692 2128 per
1719 2094 1824 2126 orbem,

1035 2139 1168 2174 illumque
1198 2139 1245 2174 qui
1275 2143 1390 2174 praeerat
1414 2139 1562 2173 Ecclesia;
1578 2138 1626 2167 alii
1653 2140 1735 2166 etiam
1764 2147 1826 2166 eum

1035 2186 1082 2221 qui
1098 2185 1295 2221 Hierosolymis
1321 2185 1393 2220 regis
1426 2185 1510 2213 titulo
1529 2185 1663 2212 militabat
1677 2191 1727 2220 pro
1742 2185 1824 2212 bono.

201 2223 232 2249 ἐν
253 2223 451 2260 Ἱεροσολύμοις
473 2225 606 2262 ζηλοῦντα
625 2227 772 2261 βασιλικῶς
790 2229 861 2266 ὑπὲρ
876 2231 923 2258 τοῦ
937 2241 985 2259 κα-

1039 2231 1074 2259 lli
1099 2239 1178 2266 reges
1202 2231 1287 2266 igitur
1304 2235 1366 2266 post
1388 2230 1540 2259 Manuelem
1567 2230 1624 2259 lilio
1646 2230 1708 2266 ejus
1729 2230 1826 2257 Alexio

201 2268 260 2296 λοῦ.
279 2270 436 2306 Ὠφειλέτην
450 2271 477 2298 δὲ
493 2273 548 2307 ἄρα
560 2274 606 2301 καὶ
622 2274 709 2301 τούτω
723 2275 762 2301 τὼ
775 2276 889 2312 ἄρχοντε
900 2277 985 2314 ὀρθὴν

201 2314 314 2350 ἀγάπην
331 2316 376 2343 καὶ
398 2317 560 2353 ἐπικουρίαν
578 2319 647 2354 μετὰ
662 2319 708 2346 τὸν
726 2321 855 2358 Μανουὴλ
879 2323 987 2350 ἀδικου-

202 2360 277 2396 μένῳ
303 2361 342 2396 τῷ
368 2361 419 2397 υἱῷ
444 2363 564 2398 ’Δλεξίῳ.
591 2365 624 2391 Al
648 2365 677 2392 δὲ
702 2367 910 2404 ἐντρεχέστεραι
931 2369 986 2396 τῶν

203 2406 360 2442 πρεσϐειῶν
375 2408 440 2444 περὶ
464 2410 498 2435 τὰ
517 2410 578 2436 καθ’
594 2411 714 2446 ἑσπέραν
734 2412 916 2445 ἐξετελοῦντο.
933 2415 987 2441 Καὶ

201 2453 340 2486 ἐλιτάζετο
365 2455 434 2489 πρὸς
450 2455 500 2490 μὲν
524 2455 578 2483 τῶν
600 2457 614 2483 ό
638 2457 691 2484 τῶν
708 2458 737 2484 ἐν
762 2460 868 2495 μεγάλῃ
890 2460 984 2496 Ῥώμῃ

201 2499 399 2535 ἁρχιερατικῶς
412 2501 579 2537 ὑπερεστὼς,
594 2503 641 2529 καὶ
653 2503 680 2529 εί
689 2512 731 2535 τις
742 2504 821 2536 ἄλλος
833 2506 899 2541 παρ’
912 2507 986 2542 αὒτῷ

203 2546 252 2571 καὶ
276 2546 336 2573 κατ’
351 2546 433 2573 αὑτὸν
448 2547 547 2582 ίσχύων
559 2556 565 2563 ·
583 2549 650 2583 πρὸς
665 2549 693 2575 δὲ
716 2550 770 2576 τῶν
785 2552 798 2577 ὁ
815 2551 985 2587 Γερμανικὸς

204 2591 352 2627 φύλαρχος.
383 2593 500 2629 Ὦχλείτο
526 2594 554 2620 δέ
571 2595 777 2630 πρεσϐευτικῶς
799 2598 846 2624 καὶ
873 2598 887 2624 ό
903 2599 986 2631 πολὺς

203 2637 253 2673 τὴν
280 2639 405 2670 ἐξουσίαν
428 2640 588 2675 Ἀλαμανός.
615 2641 669 2668 Καὶ
699 2642 759 2669 οὐδὲ
788 2643 802 2669 6
830 2644 987 2680 Μαρκέσιος

204 2684 293 2720 ἠσυχῆ
310 2686 402 2720 μένειν
419 2687 525 2721 ἀφίετο,
541 2687 667 2723 καθάπερ
683 2688 744 2715 οὐδὲ
756 2690 770 2715 ὁ
783 2689 832 2725 τῆς
849 2690 987 2725 οὐγγρὶας

206 2730 326 2766 κράληςι
352 2733 399 2758 καὶ
422 2731 450 2764 ὃς
474 2733 502 2759 δὲ
526 2733 606 2765 ἄλλος
634 2734 744 2769 ίσχυρδς
766 2735 915 2771 περίοικος.
935 2737 990 2763 Καὶ

205 2777 285 2808 ὅλως.
310 2777 374 2804 ἔνθα
401 2779 565 2815 περιήγησις
588 2780 710 2816 ἀρχικῶν
741 2782 902 2816 ὀνομάτων,
933 2782 991 2809 ἐκεῖ

1039 2277 1140 2313 injuste
1157 2277 1250 2305 habito
1263 2284 1382 2305 amorem
1402 2281 1431 2305 et
1452 2284 1546 2305 curam
1565 2277 1664 2304 merito
1678 2276 1825 2304 debebant.

1039 2322 1188 2351 Celeriores
1198 2329 1262 2350 vero
1271 2323 1418 2358 legationes
1430 2321 1585 2350 Occidentis
1594 2326 1685 2357 partes
1694 2322 1826 2351 riserunt.

1038 2368 1163 2403 Rogabat
1175 2375 1283 2403 quoque
1296 2376 1345 2403 pro
1356 2368 1516 2403 huiusmodi
1530 2369 1578 2403 qui
1600 2367 1694 2396 Roma
1720 2375 1828 2403 magna:

1039 2415 1289 2451 archipresbyterio
1302 2420 1411 2451 praeest,
1427 2422 1460 2442 ac
1476 2416 1498 2442 si
1513 2415 1576 2450 quis
1593 2419 1636 2442 est
1650 2422 1736 2450 prope
1750 2414 1826 2442 illum

1038 2467 1151 2496 potens;
1191 2469 1240 2496 pro
1266 2462 1328 2490 aliis
1365 2461 1420 2488 dux
1442 2460 1665 2488 .Germanorum.
1699 2460 1828 2488 Moveba'

1041 2512 1088 2535 tur
1111 2515 1177 2535 vero
1207 2507 1474 2543 legatione.multus
1505 2511 1641 2543 potestate
1666 2507 1828 2535 Alemanus.

1037 2552 1093 2581 Nec
1119 2553 1269 2582 hlarccsius
1294 2554 1460 2589 tranquillus
1486 2558 1594 2589 poterat
1620 2559 1750 2586 manere,
1776 2559 1828 2581 ne:

1038 2600 1184 2634 Hungariaa
1196 2600 1262 2634 dux,
1274 2608 1324 2628 nec
1338 2601 1504 2636 quicumque
1518 2600 1625 2627 vicinia;
1637 2599 1773 2635 princeps.
1788 2599 1828 2626 Ac

1038 2646 1150 2680 ubique,
1167 2645 1211 2674 hic
1233 2646 1385 2681 descriptio
1408 2647 1563 2682 principum
1581 2646 1733 2678 nominum.
1749 2644 1786 2672 ibi
1802 2644 1826 2670 si

1040 2692 1095 2719 vita
1111 2692 1205 2720 deerat
1217 2693 1416 2728 respiciebatur
1430 2693 1464 2720 ad
1483 2692 1558 2724 illos,
1571 2692 1709 2727 pedesque
1734 2689 1825 2717 statim

1040 2739 1197 2772 currebant,
1207 2747 1239 2767 ac
1260 2739 1350 2775 lingua
1364 2739 1527 2775 loquebatur
1542 2738 1636 2771 simul,
1649 2745 1681 2765 ac
1696 2744 1746 2772 pro
1761 2742 1825 2770 per-

1041 2785 1168 2813 suasione
1190 2786 1368 2820 operabatur.

207 2823 363 2850 ἀπέῦλεπεν
381 2823 474 2856 αὐτοῖς
501 2825 530 2852 τὸ
552 2825 679 2862 δεόμενον
705 2827 753 2863 τῆς
767 2828 874 2864 ψυχῆς⁹
900 2829 947 2856 καὶ
963 2829 986 2855 ol
1007 2830 1087 2862 πόδες
1113 2831 1211 2859 αὐτίκα
1232 2832 1353 2867 ἔτρεχον,
1379 2832 1426 2860 καὶ
1463 2831 1479 2866 ἡ
1505 2832 1616 2865 γλῶσσα
1650 2829 1748 2860 ἐλάλει,
1777 2826 1824 2854 καὶ

207 2870 318 2906 ἐνήργει
334 2871 401 2908 πρὸς
421 2871 517 2900 πειθώ.
