1962 3087
169 170 206 204 59
502 165 713 199 EUSTATHII
735 159 962 195 THESSALO‘N

1017 159 1117 190 msrs
1140 136 1423 193 neruorum“:
1766 157 1802 188 ro

166 227 235 256 llum
253 225 347 254 Sicilia
362 223 461 261 probat
479 225 538 261 agri
556 232 617 252 esse
633 222 798 256 alumnum).
813 221 956 249 volebant-

1017 215 1112 248 πόλεως
1131 215 1294 251 ιφιεμινος·
1317 215 1382 242 οίδι
1396 214 1500 242 “votet
1521 213 1641 248 ’Δλεξίου
1668 214 1802 249 βασιλέως

166 282 222 310 que
245 267 418 302 constituere
439 272 492 299 hoc
505 271 686 298 simulacrum
715 268 743 294 in
760 268 954 302 imperatorem

167 322 301 349 adversus
319 317 564 354 Megalopolitanos
581 315 788 350 superbientes.
806 314 954 341 adversum

167 375 218 394 nos
245 365 365 394 audacia
385 371 482 399 magna
509 366 666 389 moventur.
681 359 743 388 Haec
760 359 955 395 impedimenta

166 413 330 449 gravissima
344 413 463 437 crantut
479 412 593 444 apparet
608 415 640 434 ex
654 408 824 441 optimorum
843 410 958 433 senteno

166 459 223 489 liis.
244 457 364 493 episcopi
391 454 580 482 Panormitani
612 453 640 481 in
664 452 760 480 Sicilia
777 452 957 487 episcopique

164 503 295 532 Iessina:
311 506 339 529 et
355 501 486 532 aliorum,
502 500 550 535 qui
566 506 664 527 omnes
681 498 754 533 quod
769 502 874 526 rectum
897 500 957 524 erat

166 553 272 577 tantum
285 548 414 575 videbant
444 554 519 575 sana:
537 546 638 574 mentis
655 545 747 580 regula
768 545 875 578 seipsos
886 543 957 570 diri-

165 601 273 632 gentes,
290 594 368 621 itaut
380 593 605 628 jndicarentnon
623 592 708 619 licere
727 590 857 618 comitem
875 588 959 617 Sicu-

165 642 223 670 lum
237 640 351 676 agnosci
365 640 559 674 imperatorem
581 638 768 666 universalem
784 636 832 671 qui
848 636 912 664 olim
929 639 958 663 ut

165 687 221 715 dux
246 687 375 715 subditus
406 690 467 714 erat
492 685 749 719 Constantinopoli,
788 689 958 717 causamque

167 734 251 769 hujus
266 733 328 760 belli
354 740 408 760 non
427 733 530 767 justam
551 738 623 759 esse.
637 730 755 763 Etenim,
771 729 895 765 quamvis
911 727 958 763 qui

166 780 238 816 regit
252 778 519 813 Constantinopolim
541 782 668 810 peccaret
695 777 736 804 vel
759 777 844 809 caede,
860 775 902 808 vel
915 781 955 810 ty-

166 825 292 857 rannide,
309 824 376 861 quid
405 831 496 851 causae
512 823 629 850 daretur
641 822 698 857 regi
718 823 764 858 qui
782 821 959 849 circumscri-

169 875 245 902 bitur
260 873 288 901 in
305 872 422 901 Sicilia?
444 872 575 907 Alioquin
589 872 680 898 omnis
697 870 879 906 principatus,
894 876 957 896 cum

167 921 239 949 male
251 919 384 948 successit
399 920 549 955 inceptum,
562 919 589 945 in
602 917 724 954 periculo
739 921 812 944 esset
835 924 869 944 ne
893 915 961 943 diri-

166 971 246 1003 gatur
264 967 298 994 ab
324 966 378 994 alio
403 966 559 1001 principatu
577 964 716 996 auxiliari,
729 964 787 991 sive
811 963 961 998 disciplina

166 1014 224 1042 sive
239 1011 381 1042 servitutis
397 1018 495 1039 causa.

203 1102 248 1131 52.
281 1101 408 1130 Attamen
425 1101 523 1129 Alexio
549 1100 693 1128 Comneno
707 1101 772 1129 totis
786 1101 891 1129 viribus
903 1102 962 1129 eni-

167 1154 244 1178 tente
270 1153 300 1177 ut
329 1156 412 1184 quam
438 1148 576 1176 citissime
600 1147 869 1183 Constantinopolim
904 1149 961 1183 regi

169 1195 270 1224 Siciliae
286 1195 419 1227 traderet,
436 1194 516 1228 quasi
527 1193 654 1228 imperite
666 1193 845 1221 intermanns
861 1193 963 1220 retine-

168 1245 222 1273 ret,
242 1241 271 1268 ﬂt
291 1245 382 1268 tnotus
401 1240 552 1267 multarum
574 1240 701 1274 gentium
717 1239 842 1267 Siculum
857 1239 962 1274 eligen-

168 1288 237 1316 tium
264 1291 292 1316 et
323 1287 493 1315 unanimiter
517 1286 760 1322 proclamantium.
803 1287 963 1316 Tliesaurus

168 1333 296 1369 publicus
318 1336 385 1360 tunc
414 1332 454 1359 illi
490 1333 616 1366 aperitur
647 1339 701 1358 non
736 1330 885 1358 admodum
920 1331 963 1358 di-

168 1381 245 1412 viti,
272 1385 386 1414 tumque
411 1379 480 1405 mari
503 1378 654 1406 committit
681 1378 778 1412 longas
810 1386 894 1406 naves
931 1385 964 1406 ac

168 1431 295 1458 alteras,
317 1425 386 1453 alias
400 1425 510 1451 tandem
531 1424 593 1460 plus
619 1431 703 1458 quam
728 1424 862 1451 ducentas
877 1431 964 1459 equos

169 1476 311 1500 vecturae.
327 1470 383 1498 Sub
407 1469 523 1505 pedibus
535 1469 658 1503 equitum
688 1469 838 1496 electorum
854 1475 964 1497 resonat

169 1518 271 1549 tellus,
287 1521 316 1544 et
343 1516 458 1550 insuper
488 1514 590 1542 milites
607 1515 733 1550 portabat
765 1515 886 1550 undique
913 1515 964 1543 ϊω-

1008 261 1119 287 εῖδωλον
1130 260 1184 295 πρὸ
1194 260 1245 295 τῆς
1261 260 1412 295 φαντασίας
1426 261 1557 295 φέροντες
1575 260 1631 295 (τὸν
1646 260 1702 295 γὰρ
1714 260 1803 295 δηλω-

1008 306 1089 333 θέντα
1113 306 1195 333 παῖδα
1212 307 1228 342 ﬁ
1244 306 1354 333 Σικελία
1378 306 1435 342 ἔχει
1461 306 1666 342 ὰαλεγχθέντα
1686 306 1802 341 Θρέμμα

1008 350 1079 380 εἶναι
1097 352 1206 387 ἀγροῦ),
1222 352 1270 378 καὶ
1293 352 1498 388 ἐγκαταστῆσαι
1523 353 1575 388 τὴν
1591 353 1743 387 φαντασίαν
1759 353 1801 384 εἰς

1009 397 1121 433 βασιλέα
1132 399 1187 428 tot;
1205 396 1443 431 Μεγαλοπολίταις
1462 398 1677 433 φρυαττόμενοι,
1694 398 1803 424 κινοῦν-

1008 452 1054 470 ται
1075 443 1136 470 καθ’
1149 442 1229 479 ἡμῶν
1252 443 1348 478 θάρσει
1367 443 1458 478 πολλῷ
1471 452 1478 458 ·
1495 443 1643 470 καὶταῦτα
1668 443 1803 478 κωλύμης

1008 487 1067 514 οὒτι
1085 487 1158 522 μάλα
1176 486 1216 522 μὴ
1232 487 1378 522 σταθερᾶς,
1392 488 1430 520 ὡς
1443 487 1518 522 ἐξῆν,
1534 487 1756 523 άνατραινομένης
1769 488 1803 514 ὲκ

1008 533 1063 559 τῶν
1079 531 1244 568 κρειττόνων
1259 532 1431 568 ωμόοὑλων,
1448 532 1496 560 τοῦ
1513 542 1542 560 τε
1558 533 1702 569 ἱεράρχου,
1720 535 1801 568 φασὶ,

1008 578 1058 606 τοῦ
1076 579 1147 606 κατὰ
1174 579 1300 606 Σικελίαν
1326 579 1484 615 Πανόρμου,
1501 580 1548 606 καὶ
1573 580 1622 606 τοῦ
1643 580 1696 615 τῆς
1710 580 1802 606 ἐκεῖσε

1008 625 1140 659 Μεσσήνη
1149 634 1166 658 ·,
1180 626 1229 652 καὶ
1243 624 1356 660 ἑτέρων,
1369 625 1428 653 ὅσοι
1442 625 1473 652 τὸ
1484 625 1544 652 δέον
1555 625 1712 661 συνεώρων,
1725 626 1805 660 ἀγχι-

1010 670 1086 702 νοίας
1102 679 1132 697 τε
1146 670 1255 706 στάθμῃ
1266 671 1453 707 άπορθοῦντις
1468 672 1584 703 ἑαυτοὺς
1599 673 1640 704 είς
1652 672 1804 707 προόρασιν

1009 714 1056 741 τοῦ
1072 715 1110 750 μὴ
1126 715 1159 742 ἂν
1180 715 1281 747 ἐξεῖναι
1295 716 1342 742 τὸν
1357 717 1470 743 Σικελὸν
1490 718 1599 752 κόμητα
1613 718 1652 749 είς
1670 718 1803 752 κοσμικδν

1010 761 1237 795 ἐγγραφήσεσθαι
1254 761 1379 796 βασιλέα,
1392 762 1422 794 ὃς
1436 771 1502 788 ποτε
1516 764 1549 798 τῇ
1566 763 1804 790 Κωνσνταντινου-

1011 806 1088 832 πόλει
1107 806 1170 839 δόὺξ
1187 806 1326 840 ὑπέκειτο,
1337 808 1385 834 καὶ
1397 808 1428 834 τὸ
1443 809 1512 844 μηδὲ
1525 807 1556 836 εὖ
1571 808 1644 844 ἔχειν
1657 809 1739 843 λόγου
1753 810 1804 845 τὴν

1010 850 1060 885 τῆς
1076 852 1167 886 μάχης
1180 852 1329 887 πρόφασιν.
1345 853 1378 879 Τί
1394 852 1459 888 γὰρ,
1473 853 1554 888 ειπερ
1565 853 1579 879 ό
1590 854 1640 889 τὴν
1655 854 1805 881 Κωνσταν-

1011 896 1169 923 τινούπολιν
1187 898 1288 924 διέπων
1307 898 1506 934 ἐξαμαρτάνοι,
1525 900 1647 934 φονεύων
1670 899 1802 935 ἢτυραν-

1011 941 1077 975 νῶν,
1097 943 1176 975 δίκας
1197 943 1230 970 ἂν
1243 943 1330 979 διδοίη
1345 944 1385 980 τῷ
1408 946 1617 981 παρεγγράπτῳ
1633 947 1700 982 pini.
1722 946 1762 981 τῷ
1775 947 1805 973 ὲν

1012 989 1152 1022 hinchic;
1179 990 1204 1016 εί
1222 990 1260 1025 μὴ
1283 990 1337 1026 ἄρα
1359 991 1435 1018 πᾶσα
1464 991 1601 1026 βασιλεία,
1628 992 1764 1019 πταίουσά
1779 1000 1805 1019 τι

1011 1035 1082 1061 κατὰ
1103 1034 1172 1070 βίον,
1192 1035 1354 1063 εὐθύνεσθαι
1373 1037 1548 1064 κινδυνιιτὲα
1569 1037 1637 1073 πρὸς
1650 1037 1698 1065 τοῦ
1713 1038 1803 1074 ὠρεγο

1014 1079 1108 1115 μένου,
1119 1080 1157 1111 ὼς
1175 1080 1199 1106 εί
1213 1082 1261 1108 καὶ
1275 1081 1495 1116 ἔπαιδαγωγεϊτο
1507 1082 1523 1118 ἦ
1539 1082 1714 1115 ὲδεσπόζετο.

1026 1154 1032 1161 _
1050 1123 1101 1160 νβ’.
1115 1124 1170 1151 Καὶ
1183 1125 1269 1160 ὅμως,
1286 1125 1335 1153 τοῦ
1353 1127 1499 1163 Κομνηνοῦ
1518 1127 1640 1162 ’Δλεξίου
1659 1129 1806 1164 ἀπισχυρι-

1014 1170 1134 1205 σαμένου
1146 1170 1197 1205 τὴν
1211 1171 1499 1201 Κωνσταντινούπολιν
1511 1174 1678 1208 παραδοῦναι
1690 1176 1755 1211 ῥᾷον
1768 1175 1807 1210 τῷ

1014 1216 1082 1251 ρηγὶ
1099 1216 1236 1248 Σικελίας,
1253 1216 1290 1249 ὡς
1311 1218 1337 1244 εί
1355 1219 1402 1245 καὶ
1419 1219 1449 1246 ὲν
1463 1220 1556 1255 χεροῖν
1574 1221 1660 1256 αὐτὴν
1675 1220 1806 1256 ἔσφιγγεν

1013 1261 1027 1286 ὁ
1043 1260 1220 1295 ἀπάλαμνος,
1250 1262 1357 1296 γίνεται
1375 1263 1484 1299 κίνησις
1507 1265 1661 1300 πολυεθνὴς
1678 1266 1804 1301 ἐπιλεγο-

1015 1305 1084 1340 μένη
1104 1305 1144 1340 τῷ
1156 1305 1272 1341 Σικελῷ,
1289 1308 1337 1334 καὶ
1350 1308 1431 1334 αὑτὸν
1443 1310 1640 1345 προγράφουσα
1652 1312 1806 1346 κιςραὶαιω-

1015 1351 1076 1386 τήν.
1097 1352 1152 1379 Καὶ
1174 1352 1351 1380 ἐκκενοῦντσι
1369 1354 1504 1390 θησαυροὶ
1520 1356 1559 1391 τῷ
1586 1357 1654 1392 μηδὲ
1686 1359 1807 1393 μεγάλας

1015 1397 1086 1424 οὕτω
1097 1406 1124 1424 τι
1137 1398 1187 1428 τάς
1204 1399 1352 1433 προσόδους
1370 1400 1469 1435 ἔχοντι.
1490 1402 1544 1428 Καὶ
1558 1403 1591 1437 τῇ
1620 1403 1671 1438 μὲν
1685 1403 1809 1440 θαλάσσῃ

1015 1443 1161 1470 ἐπίστευσε
1173 1443 1241 1479 νῆας
1257 1445 1368 1480 μακρὰς
1381 1447 1504 1482 ἑτεροίας
1516 1456 1558 1481 τε,
1569 1449 1616 1475 καὶ
1628 1450 1809 1484 ἱππαγωγοὺς

1017 1488 1089 1524 ὑπὲρ
1105 1489 1154 1522 τὰς
1168 1490 1308 1524 διακοσίας
1318 1500 1325 1508 ·
1344 1492 1394 1528 ’τῆς
1409 1492 1437 1519 δὲ
1453 1493 1505 1528 γῆς
1520 1495 1715 1530 κατεκρόαινεν
1729 1496 1810 1523 imu-

1017 1534 1065 1561 κὸν
1083 1535 1240 1569 ἑπίλεκτον,
1258 1536 1288 1564 οὐ
1307 1538 1390 1572 μόνον
1414 1538 1443 1571 EE
1459 1536 1497 1566 ὧν
1511 1542 1700 1575 συνεκροτεῖτο
1715 1542 1808 1574 αὐτὸς,

170 1565 297 1592 deratos.
333 1562 434 1590 Dicunt
481 1566 573 1589 autem
614 1561 726 1588 circiter
763 1567 873 1589 centum
911 1563 964 1590 vim

173 1610 342 1622 --_.I.._-s..-
356 1615 416 1622 ΑιιιαΛ
429 1613 451 1622 ηΙ
465 1607 533 1622 ..Ιίνιι-
545 1607 630 1622 ,ιιι-1111
644 1607 748 1622 ..Ι-...ηις-
761 1615 791 1622 n'
811 1607 853 1622 ῑιι..
871 1614 960 1622 una...“

1021 1581 1090 1607 ἀλλὰ
1101 1580 1148 1608 και
1160 1561 1411 1610 ἄλλοιπαντὲδατιδν

170 1610 343 1639 coadunatos
356 1615 416 1636 esse
428 1613 455 1635 et
465 1607 535 1636 alios
545 1607 631 1635 multo
644 1607 749 1643 plures;
760 1615 793 1636 ex
810 1607 854 1636 his
870 1614 962 1636 autem

171 1661 200 1685 et
218 1656 272 1683 illis
284 1654 418 1690 quosdam
431 1660 534 1689 paucos
551 1661 612 1681 cum
627 1654 767 1689 elegisset,
782 1659 897 1682 caeteros
914 1663 963 1683 ne-

171 1701 268 1738 glexit.
289 1701 375 1728 Erant
390 1707 501 1735 quoque
520 1699 687 1735 illijequites,
705 1707 821 1728 numero
834 1701 963 1733 trecenti,

173 1748 218 1783 qni
240 1747 361 1782 possint,
381 1747 576 1781 unusquisque
594 1747 741 1774 restituere
760 1747 787 1774 in
804 1747 874 1774 bello
891 1747 964 1775 nullo

171 1792 255 1821 modo
271 1792 404 1820 Comneni
416 1793 578 1820 dissimiles.
598 1792 646 1820 llic
659 1793 735 1821 solus
751 1794 803 1821 hoc
817 1794 964 1829 imperium

172 1845 203 1866 se
228 1838 303 1866 brevi
319 1843 518 1873 occupaturum
540 1837 598 1866 lore
621 1839 749 1871 credidit,
768 1844 875 1866 tantum
890 1840 966 1874 pedi-

171 1885 225 1913 bus
257 1885 320 1921 equi
356 1885 478 1913 conﬁsus
502 1891 530 1913 ct
559 1889 589 1912 ut
618 1886 738 1920 passeris
776 1887 870 1913 nidum
899 1886 965 1915 illud

173 1938 273 1966 capere
283 1934 448 1964 tentaverat,
460 1931 545 1958 verbo
556 1930 666 1966 quidem
683 1930 776 1959 Siculo
792 1933 858 1967 regi,
869 1940 967 1968 reapse

172 1985 238 2006 vero
267 1976 329 2005 sibi.
362 1977 512 2004 Videbatur
537 1978 610 2004 enim
636 1969 787 2012 (nescimus
805 1980 966 2015 quomodo),

174 2023 248 2052 sicut
265 2027 347 2050 antea
359 2024 550 2058 exposuimus,
573 2024 656 2051 simul
679 2025 780 2060 ubique
798 2026 966 2061 pervulgari,

174 2078 270 2100 omnes
286 2070 384 2098 oculos
412 2069 600 2097 Romanorum
626 2071 653 2097 in
670 2072 760 2105 ipsum
788 2077 817 2099 ut
833 2073 861 2100 in
881 2073 966 2101 solent

173 2117 308 2150 converti,
320 2117 400 2151 eique
415 2116 465 2143 soli
477 2123 507 2142 se
521 2116 693 2144 submittere.

174 2163 357 2198 ιπεγράφετο,
378 2161 451 2196 ψυχῇ
480 2161 508 2187 δὲ
535 2161 636 2196 ἑαυτῷ.
664 2162 812 2190 ’ἰνδάλλετο
838 2165 892 2200 γὰρ
907 2166 969 2201 (οὐκ

174 2208 352 2243 ἐκφαίνεσθαί
378 2217 441 2240 που,

175 2255 258 2284 αὑτοῦ
276 2255 358 2290 μόνου
376 2254 513 2290 γίνεσθαι.

212 2303 258 2330 55.
272 2302 357 2330 Terra
372 2302 469 2331 Latina
486 2305 590 2333 sensim
608 2306 752 2333 emittebat
763 2308 967 2339 multitudinem
981 2317 1009 2348 Β

177 2352 283 2376 tantam
303 2349 421 2376 militum
436 2357 498 2385 quae
517 2351 612 2385 utique
632 2359 682 2380 nos
705 2353 837 2383 terrebat.
850 2355 970 2386 Veniunt

177 2401 275 2423 omnes
286 2402 301 2422 e
321 2399 394 2422 terra
423 2395 592 2431 lllyriorum,
606 2405 667 2432 quae
680 2399 814 2428 terminus
826 2406 868 2429 est
887 2402 972 2438 impe-

178 2440 214 2468 rii
237 2440 424 2468 Romanorum
443 2442 476 2469 ad
494 2443 586 2470 sinum
614 2443 806 2480 Adriaticum;
827 2453 970 2483 postquam

179 2490 269 2515 autem
285 2487 546 2522 circumdedissent,
572 2497 633 2524 quae
646 2490 682 2517 ibi
694 2491 746 2519 sita
763 2496 817 2526 est,
835 2499 972 2530 metropo-

179 2532 240 2566 lim,
258 2532 452 2569 Dyrrachium,
476 2534 557 2563 facile
587 2542 727 2572 occupant
741 2546 814 2572 eam,
831 2544 860 2566 ut
877 2540 914 2567 ita
927 2540 972 2567 di-

179 2585 240 2606 cam
251 2580 326 2607 vocis
346 2587 428 2614 sono,
441 2581 594 2610 secundum
609 2583 809 2618 Andronicum,
829 2590 858 2613 ut
870 2586 916 2613 alii
929 2586 972 2614 di-

179 2628 248 2652 cunt
261 2625 373 2660 ubique,
390 2627 522 2654 traditum
551 2629 604 2663 (sic
621 2629 694 2656 enim
710 2630 758 2657 ille
783 2639 833 2658 sua
847 2632 974 2666 curabat,

180 2678 237 2699 non
263 2671 327 2705 sibi,
354 2673 402 2700 sed
434 2674 497 2701 aliis
531 2675 695 2708 destinans,
723 2683 783 2711 qua
812 2678 919 2705 scilicet
940 2686 974 2706 ex

180 2716 229 2744 illo
246 2720 327 2744 terra
355 2716 485 2746 Romanae
503 2720 805 2755 contigerunt),rcvera
829 2728 918 2749 autent
942 2723 976 2750 ab

182 2763 230 2790 illo
250 2763 309 2798 ipso
331 2764 473 2791 traditam.
496 2765 604 2793 Etenim
620 2768 701 2802 paulo
719 2773 783 2795 ante
804 2768 889 2796 misso
912 2769 972 2797 eive

182 2807 307 2838 Romano
318 2830 326 2843 ,
344 2818 425 2846 quem
438 2812 552 2846 pulcher
579 2811 646 2840 ister
662 2814 789 2841 emittens
801 2815 879 2849 quasi
894 2815 972 2843 triste

181 2855 319 2883 ellluvium
345 2862 441 2884 contra
473 2857 751 2894 Constantinopolim,
770 2867 819 2894 pro
847 2861 972 2888 liistcm-

185 2901 303 2936 poribus
330 2908 360 2931 ut
389 2903 463 2933 illius
486 2910 559 2933 esset
586 2913 669 2941 gcncr
681 2911 848 2939 servaverat,
869 2907 972 2938 incolas

1015 1625 1053 1656 ὼς
1068 1626 1166 1653 ἑκατόν
1180 1627 1263 1654 ποθεν
1280 1627 1361 1662 λόγου
1377 1630 1459 1666 χάριν
1479 1631 1665 1667 ἐπιρρεόντων
1676 1634 1718 1666 είς
1737 1642 1809 1668 συμ-

1017 1672 1131 1707 μαχίαν,
1157 1672 1205 1699 καὶ
1228 1672 1261 1700 αὖ
1282 1674 1417 1710 ἑτέρωθεν
1438 1676 1580 1710 πλειόνων,
1607 1678 1623 1714 ἢ
1643 1679 1690 1705 καὶ
1714 1679 1809 1706 τοσού-

1017 1725 1083 1750 των,
1106 1717 1187 1753 ἢκαὶ
1214 1719 1254 1751 εις
1273 1719 1385 1746 ἔλαττον
1412 1722 1665 1758 ὑποὸισαζομένων,
1697 1725 1810 1761 βραχεῖς

1018 1772 1095 1796 τινας
1118 1764 1225 1793 ὶκεῐθεν
1250 1766 1417 1802 ἀποκρίνων,
1440 1768 1504 1801 τοὺς
1525 1769 1635 1802 λοιποὺς
1654 1770 1808 1807 ὲξηθέριζε.

1019 1809 1076 1836 Καὶ
1084 1807 1155 1845 ἦσαν
1167 1809 1254 1842 οὕτως
1269 1812 1345 1848 αὺτῷ
1359 1813 1384 1839 οι
1398 1814 1510 1841 ἱππόται
1522 1813 1572 1842 οἷοι
1585 1816 1808 1852 ἀλαζονεύεσθαι,

1018 1855 1088 1882 κατὰ
1095 1855 1144 1891 τὴν
1153 1856 1183 1884 ὲν
1195 1856 1288 1888 αὐτοῖς
1304 1857 1386 1891 φύσιν
1401 1861 1566 1894 τριακοσίων
1583 1862 1688 1897 ἀνδρῶν
1696 1864 1810 1896 ἕκαστος

1020 1899 1054 1927 ἂν
1067 1900 1102 1927 τὰ
1127 1902 1200 1928 κατὰ
1224 1903 1343 1937 πόλεμον
1366 1905 1525 1940 στήσεσθαι,
1551 1907 1627 1934 οὐδὲν
1651 1910 1810 1943 ἀπεοικότες

1019 1945 1076 1992 οὐδ’
1091 1947 1169 1974 αὐτοὶ
1188 1947 1234 1974 τοῦ
1251 1949 1397 1985 Κομνηνοῦ
1410 1959 1418 1967 ·
1432 1951 1463 1983 ὃς
1481 1952 1561 1986 μόνος
1576 1954 1688 1988 ἐδόξαζε
1702 1956 1752 1992 τὴν
1765 1965 1811 1983 το-

1020 1991 1124 2027 σαύτην
1139 1993 1281 2028 βασιλείαν
1304 1996 1373 2031 ταχὺ
1394 1998 1611 2034 καταλήψεσθαι,
1630 2000 1720 2037 βραχὺ
1748 2003 1810 2030 κατ’

1020 2037 1109 2073 αὐτῆς
1128 2040 1351 2074 παρακαλπάσας
1372 2043 1418 2070 τὸν
1440 2043 1535 2078 ἵππον,
1566 2046 1613 2073 καὶ
1640 2049 1812 2084 κατακτήσε-

1023 2081 1085 2128 edat
1099 2083 1187 2118 αὐτὴν
1200 2086 1401 2121 χειρισάμενος,
1414 2087 1480 2116 ὡσεὶ
1492 2091 1540 2117 καὶ
1552 2093 1682 2127 στρουθοῦ
1694 2081 1809 2128 φωλεόν·

1021 2127 1095 2174 λόγῳ
1122 2127 1173 2163 μὲν
1200 2130 1239 2164 τῷ
1262 2131 1378 2167 Σικελῷ,
1403 2133 1433 2160 ὃν
1461 2136 1509 2162 καὶ
1533 2137 1652 2171 γνησίως
1676 2127 1812 2174 αδθέντην

1023 2172 1147 2208 οἴδαμεν,
1178 2174 1275 2211 ὅπως),
1305 2178 1378 2205 καθὰ
1391 2180 1439 2207 καὶ
1455 2182 1749 2220 προεξεθέμεθα,ξᾶμα
1781 2172 1811 2212 τε

467 2208 515 2268 καὶ
542 2209 645 2241 πάντας
663 2210 744 2243 εὐθὺς
767 2213 830 2246 τοὺς
857 2213 1000 2251 Ῥωμαίων
1016 2220 1180 2257 ,ὀφθαλμοὺς
1193 2223 1234 2255 είς
1252 2208 1334 2252 αὑτὸν
1358 2226 1395 2259 ὡς
1411 2208 1488 2263 ἥλιον

1129 2316 1269 2368 Ἐξεῖρψεν
1287 2320 1344 2368 sev
1365 2323 1382 2358 ἠ
1405 2324 1508 2360 Λατίνῃ
1538 2327 1573 2360 vii
1603 2328 1708 2364 πλῆθος
1736 2330 1809 2357 οὕτω

1024 2363 1091 2409 πολὺ
1104 2365 1246 2398 στρατιᾶς,
1281 2366 1328 2401 ἀφ’
1361 2369 1453 2397 ίκανοῦ
1482 2372 1556 2407 ἡμᾶς
1581 2363 1726 2409 ἑκφοδοῦν.
1756 2377 1828 2404 Καὶ·

1024 2408 1144 2458 γίνονται
1156 2410 1256 2458 πάντες
1278 2413 1328 2448 τῆς
1348 2414 1486 2451 Ἰλλυριῶν
1514 2408 1703 2454 ἠπειρώτιδος,
1719 2422 1812 2458 ήτερ-

1027 2455 1182 2502 ματίςειτὰ
1204 2456 1349 2494 Ῥωμαίων
1372 2462 1413 2494 εἰς
1436 2464 1482 2492 τὸν
1505 2466 1614 2502 Ἀδρίαν
1633 2455 1748 2496 κόλπον·
1766 2455 1813 2497 καὶ

1025 2500 1203 2550 περισχόντες
1287 2504 1342 2532 τῶν
1353 2506 1444 2534 ἐκεῖσε
1460 2500 1640 2546 μητρόπολιν,
1660 2513 1691 2540 τὸ
1704 2515 1811 2550 Δυρρά-

1026 2553 1096 2580 χιον,
1115 2546 1233 2583 άπονητὶ
1249 2549 1471 2587 ἀποχειροῦνται,
1492 2556 1540 2583 καὶ
1559 2557 1598 2588 ὡς
1615 2558 1704 2585 εἰπεῖν
1730 2546 1812 2587 adto-

1027 2590 1182 2641 pacilius
1198 2593 1249 2641 μὲν
1265 2595 1310 2641 τὸν
1332 2597 1503 2633 Ἀνδρόνικον
1515 2602 1598 2636 φάναι
1612 2605 1814 2641 προδεδομένην

1024 2637 1071 2687 ὑπ’
1091 2637 1179 2687 ἄλλων
1193 2639 1232 2687 εἰς
1247 2640 1278 2687 eo
1292 2642 1346 2668 πᾶν
1360 2643 1444 2677 (οὕτω
1464 2647 1520 2681 γὰρ
1534 2637 1640 2681 ἐκεῖνος
1659 2637 1810 2687 ἐθεράπευε

1024 2682 1057 2730 τὰ
1069 2682 1129 2730 κατ’
1144 2684 1235 2730 αὑτὸν,
1248 2686 1298 2720 οὺχ
1322 2687 1423 2723 ἑαυτῷ,
1439 2689 1499 2716 ἀλλ’
1510 2692 1618 2727 ἑτέροις
1633 2682 1810 2730 ἐπιγράφων,

1025 2728 1043 2777 ά
1058 2728 1372 2777 ὲδυστύχειέδιὲαυτὺνὴ
1391 2733 1512 2769 Ῥωμαῒς
1531 2738 1590 2772 γῆ),
1608 2740 1676 2775 πρὶς
1691 2728 1719 2767 δὲ
1742 2728 1812 2777 άλήέ

1025 2773 1163 2823 ίὶειανιὺπν
1182 2775 1265 2823 σιξτοῦ
1282 2776 1388 2823 εκείνου
1407 2780 1546 2815 πρόδοτον.
1564 2784 1619 2810 Καὶ
1630 2773 1688 2820 ’γάρ
1700 2794 1741 2813 τοι
1756 2773 1813 2823 πρδ

1026 2817 1149 2854 βραχέων
1166 2820 1263 2854 χρόνου
1284 2819 1423 2856 Ῥωμανόν
1438 2833 1499 2851 τινα
1516 2827 1634 2859 στείλας,
1650 2817 1680 2855 ὃν
1696 2829 1710 2855 ὁ
1728 2817 1813 2863 καλλς

1027 2864 1134 2898 Ἴστρος
1161 2865 1267 2900 φαύλην
1297 2867 1451 2902 ἀπόρροιαν
1469 2870 1732 2907 ἐναπερευξάμενος,
1771 2877 1813 2907 εις

1025 2910 1310 2939 Κωνσταντινούπολιν
1327 2913 1451 2948 γαμϐρὸν
1477 2915 1573 2951 ἐκείνῳ
1604 2918 1760 2952 ἐφυλάξατο
1780 2921 1812 2948 ιν
