1962 3087
153 161 184 193 61

542 159 593 190 DE
609 157 896 189 τιιΕδδΑιυΝιυΑ
913 156 1019 187 unus
1036 157 1059 185 Α
1078 154 1234 186 LATINIS
1253 141 1404 186 cura.”

1755 153 1796 185 62

152 218 209 249 τοῖς
235 217 296 245 τότε
307 217 425 254 καιροῖς,
439 215 503 248 τοὺς
522 215 553 242 ιν
570 215 609 250 τῷ
624 214 770 250 Δυρριχιῳ
795 213 946 244 ἀνθοῦντος

1006 212 1141 248 )yrrachii
1165 211 1295 239 ﬂorentes
1316 211 1473 239 divitiarum
1501 216 1596 238 amore
1620 216 1794 238 marcescere

153 263 275 298 ἐμάρανε
299 263 416 290 πλούτου
448 262 542 298 ἔρωτι,
574 262 665 292 ὁποῖος
687 262 792 293 ἐκεῖνος
817 259 942 286 πλούτων

153 309 284 343 ἄντικρυς
297 308 331 335 τὰ
344 308 457 335 τοιαῦτα
477 307 516 343 μὴ
547 305 758 342 κορεννύμενος,
785 305 943 333 Κὰντεῦθεν

153 355 170 390 ἡ
187 355 265 386 πόλις
277 355 457 386 κακυνθεϊσα,
476 355 523 381 καὶ
547 354 585 389 μὴ
615 353 688 380 πάνυ
715 353 846 387 γενναίως
869 353 944 378 ἀντι-

154 400 256 436 σχοῦσα
268 400 348 431 ἑάλω,
366 401 413 427 καὶ
432 399 564 436 μαλακῶς
587 399 688 426 ἔπαθεν
711 399 889 433 ἐμπρησμοῖς
912 406 943 425 τι

155 446 202 472 καὶ
214 446 318 476 λοιποῖς
334 447 441 478 κακοῖς,
461 445 550 472 ὁπόσα
570 444 643 479 eum
667 443 842 479 ἀνδρίζεσθαι
865 444 946 471 πόλε-

156 499 217 526 μος,
233 491 263 518 οὑ
283 491 462 526 στησάμενος,
484 490 552 517 ἀλλὰ
580 490 798 526 προσησόμενος,
829 491 875 517 καὶ
900 491 946 518 ὲκ-

155 536 265 571 στήσων
288 537 374 572 φόεῳ⁴¹
393 536 457 568 τοὺς
478 535 589 571 ἑφεξῆς.
612 534 692 563 Οὕτω
722 536 751 562 δὲ
773 536 910 563 ἑαλωκυῖα
927 537 944 571 ἠ

155 582 269 618 τοιαύτη
285 583 374 615 πόλις,
389 583 506 618 ιθρόησε
523 583 572 616 μὲν
584 582 624 614 είς
641 582 710 609 πολὺ
725 583 772 608 καὶ
788 583 870 617 ἡμᾶς,
899 584 946 609 καὶ

155 628 214 655 ὅσοι
234 628 263 655 δὲ
276 629 351 655 ἄλλοι
366 629 396 655 τὸ
410 627 617 664 εὐεπιχείρητον
637 628 684 655 τοῦ
710 629 768 654 ὲκεί
783 629 946 664 δυσπραγήο

160 683 243 710 ματος
255 674 356 709 ἔμαθον
370 683 376 690 ·
392 673 439 706 οὒς
458 674 557 701 ἐλύπει
573 674 621 701 καὶ
643 673 719 709 ήτοῦ
737 674 841 708 ἀγαθοῦ
862 683 947 710 στρα-

158 719 244 756 τηγοῦ
263 720 386 747 Ἰωάννου
401 719 448 746 τοῦ
464 720 556 755 Βρανᾶ
571 719 803 755 κατάσχεσις.⁸“ος
818 720 849 746 ού
864 720 947 747 πολὺν

158 766 353 802 περικείμενος
365 766 555 802 cepa-comata!
582 767 656 800 ὅμως
685 767 724 798 είς
749 766 873 801 φυλακὴν
899 766 946 793 τοῦ

157 813 290 847 φρουρίου
317 812 517 847 παραὸυσθεὶς,
549 812 625 847 φόΰῳ
644 812 692 839 τοῦ
723 813 856 847 βασιλέως
886 813 947 840 Ἀν-

157 859 296 894 δρονίκου,
325 859 364 894 μὴ
395 862 443 886 καὶ
468 859 605 895 προδότης
635 858 805 894 ἐπικληθεὶς,
829 860 876 886 διαὶ
906 860 948 891 εἰς

997 258 1072 289 fecit.
1084 259 1155 285 sicut
1168 258 1213 285 ille
1226 257 1359 292 pratdivcs
1370 264 1419 284 nec
1432 255 1564 284 satiatusl
1594 254 1696 283 Deinde
1712 255 1798 300 isitnr‘

995 305 1093 333 civitas
1110 309 1240 339 corrupta
1264 304 1383 331 molliter
1394 304 1494 331 restitit
1512 304 1638 331 hostibus
1648 307 1675 330 et
1691 303 1732 332 sic
1746 310 1789 331 ea-

995 356 1042 386 pta
1068 351 1168 379 misero
1178 357 1258 386 passa
1270 354 1312 378 est
1328 350 1453 378 incendia
1473 354 1626 386 czeteraque
1649 350 1719 377 mala
1734 357 1794 385 quze

996 399 1098 426 bellum
1121 398 1297 429 comitantur,
1309 404 1364 424 non
1381 397 1608 429 constituturum,
1623 397 1670 424 sed
1685 404 1794 430 proces-

997 451 1092 472 snrutn
1108 442 1270 477 tert‘oreque
1289 441 1409 469 audaces
1425 444 1638 481 prostraturum.
1654 439 1738 475 Capta
1753 440 1794 470 sic

997 491 1050 519 ista
1069 490 1178 522 civitas,
1196 496 1247 516 nos
1268 482 1474 524 quoque'l'ams
1507 486 1550 515 sui
1576 486 1711 521 replevit,
1737 493 1796 513 om-

997 545 1101 571 nesque
1123 536 1170 564 alii
1201 535 1249 570 qui
1268 535 1371 562 exitum
1405 533 1511 561 felicem
1541 533 1705 561 calamitatis
1736 533 1795 566 ejus

996 583 1163 615 didicerunt,
1192 581 1339 611 doluerunt
1367 581 1401 608 de
1435 579 1552 615 insignis
1575 579 1653 606 ducis
1679 577 1795 606 Joannis

997 629 1094 656 Brana:
1108 627 1275 663 captivitate.
1293 626 1342 654 Hic
1363 633 1417 654 non
1432 626 1519 653 multo
1535 626 1659 654 exercitu
1676 625 1797 653 circum-

997 676 1078 704 datus
1094 683 1127 702 ac
1144 678 1236 701 tamen
1256 680 1346 700 arcem
1363 672 1433 700 tueri
1446 672 1554 707 jussus,
1569 672 1666 699 timore
1677 671 1797 705 impera—

998 721 1068 749 toris
1090 719 1253 750 Andronici,
1268 726 1303 746 ne
1325 718 1452 754 proditor
1475 721 1620 746 vocaretur
1643 721 1670 744 ct
1694 716 1740 744 ubi
1769 716 1796 743 in

1000 775 1097 796 manus
1131 767 1203 795 illius
1230 765 1384 797 incidisset.
1415 772 1430 793 e
1455 765 1511 793 vita
1540 764 1702 796 tolleretur,
1736 767 1798 798 post

999 817 1181 850 expugnatam
1205 812 1344 840 civitatem
1360 811 1388 839 in
1414 811 1537 840 Siciliam
1555 811 1679 846 captivus
1699 809 1798 838 ductus

1001 865 1054 888 est.

156 908 251 943 χεῖρας
287 906 387 942 ἐκείνῳ
423 906 528 941 πεσὼν,
563 907 701 943 ἀπαχθείη
736 907 784 934 τοῦ
816 907 879 943 ζῇν,
904 908 1033 945 παρήχθη
1066 910 1100 944 τῇ
1140 909 1190 944 τῆς
1215 909 1321 943 πόλεως
1347 907 1448 938 ἁλώσει
1475 908 1518 939 εἰς
1546 906 1672 935 Σικελίαν
1697 904 1799 941 αἰχμά-

156 955 253 987 λωτος.

191 1012 238 1040 νδ’.
254 1012 309 1040 Καὶ
321 1012 446 1047 ἐξεφόϐει
463 1012 512 1049 μὲν
525 1012 597 1040 οὕτω
615 1013 678 1044 τοὺς
693 1012 773 1049 πέριξ
799 1013 880 1050 μέχρι
900 1014 949 1042 καὶ

1041 1013 1088 1041 56.
1110 1012 1155 1041 Sic
1186 1013 1269 1042 vieini
1293 1013 1388 1049 populi
1410 1020 1499 1048 usque
1513 1011 1548 1040 ad
1571 1009 1798 1038 Thessalonicam

156 1059 186 1090 ὲς
203 1059 404 1095 Θεσσαλονίκην
418 1059 448 1086 τὸ
460 1059 532 1086 οὓτω
551 1060 620 1096 ταχὺ
649 1061 700 1096 τῆς
724 1060 852 1093 ἁλώσεως
874 1062 947 1089 ἐκεί-

159 1113 219 1140 νης,
239 1105 287 1131 καὶ
297 1105 350 1138 ὅτι,
368 1105 441 1133 καθά
465 1114 506 1137 τις
537 1105 572 1133 ἂν
587 1106 671 1139 εῐποι,
684 1107 716 1134 τδ
734 1108 816 1143 τάχος
830 1108 878 1135 τοῦ
901 1117 950 1136 κα-

159 1153 208 1179 κοῦ
219 1152 439 1188 ἐνδεικνύμενος,
456 1152 564 1192 θατέρῳ
577 1153 627 1187 μὲν
643 1155 700 1180 τοῖν
714 1154 805 1181 ποδοῖν
833 1154 950 1187 ἕκαστος

159 1199 214 1225 τὶν
226 1198 364 1233 πολεμίων
376 1198 463 1234 ἐπέϐη
474 1199 524 1233 τῆς
548 1198 686 1234 Ἰλλυριῶν
712 1200 774 1234 γῆς,
791 1200 898 1235 θατέρῳ
921 1199 949 1226 δὲ

157 1245 363 1280 κατενεπήδησε
380 1245 429 1280 τῆς
441 1245 618 1280 ἐχυρωτάτης
637 1245 744 1280 ἐκείνης
761 1245 876 1277 πόλεως,
889 1246 950 1274 ’Ότι

157 1290 187 1317 δὲ
197 1291 244 1317 καὶ
254 1291 401 1317 τάἐκεῖθεν
425 1290 477 1322 ἓως
489 1291 536 1318 καὶ
553 1292 581 1322 ἐς
596 1290 646 1326 τὴν
671 1291 731 1317 καθ’
762 1292 835 1326 ἡμᾶς
859 1292 953 1318 Μακε-

159 1336 269 1371 δονικὴν
281 1335 358 1363 οὐδὲν
369 1337 462 1368 αὐτοῖς
475 1336 536 1363 ὀδοῦ
546 1337 683 1372 προσέστη
693 1337 797 1364 σκῶλον
809 1338 849 1369 είς
864 1338 951 1373 ἐμπό-

161 1382 227 1415 διον,
239 1382 306 1409 ἀλλὰ
316 1382 395 1409 τοῦτο
403 1382 452 1414 τὰς
465 1383 593 1410 ἁπάντων
606 1382 696 1418 ψυχὰς
705 1383 831 1417 ἑτοίμους
840 1384 950 1419 ἔστησε,

161 1429 216 1455 τῶν
233 1422 295 1455 κατ’
310 1428 394 1460 αύτὰς
409 1429 633 1456 ἀπαλλάττεσθαι
661 1429 809 1464 σωμάτων,
825 1427 866 1462 οἷς
891 1432 952 1457 ἐτα-

164 1475 315 1511 ράχθησαν.
335 1475 393 1502 Οὐκ
412 1475 533 1511 ἔστιγὰρ
558 1476 626 1502 ὅπου
649 1477 795 1512 συνήντετο
816 1485 842 1504 τι
871 1477 954 1512 δεῖμα

163 1522 290 1553 ἐκείνοις,
308 1521 340 1548 οὑ
356 1521 440 1556 μέγα,
455 1521 485 1548 οὐ
503 1523 612 1557 μικρὸν,
626 1522 656 1549 ού
670 1524 752 1557 μέσον
762 1531 770 1538 ⁵
791 1523 849 1549 αλλ’
860 1523 897 1554 ὼς
909 1523 954 1549 διὰ

164 1567 245 1594 λείων
258 1567 356 1594 πεδίων
370 1568 494 1602 ποταμὸς
509 1567 630 1604 πλήθων,
645 1569 751 1599 ἐκεῖνος
764 1569 778 1595 ὁ
794 1568 876 1601 πεζὸς
888 1577 954 1595 κατ-

165 1614 244 1649 ἐρῤεε
265 1614 391 1649 στρατὸς,
407 1613 459 1646 ἕως
475 1615 540 1649 ἡμῖν
561 1614 706 1649 συνέμιξεν
720 1614 861 1646 ἄσκυλτος.
893 1615 913 1641 0
925 1614 954 1641 δέ

163 1668 196 1695 γε
211 1660 338 1692 ναυτικὸς
354 1660 403 1696 τὴν
420 1660 524 1688 οἰκείαν
532 1661 715 1696 τραπόμενος,
731 1661 810 1687 ἔπλεε
827 1662 953 1687 συνελευ-
968 1676 990 1706 c

165 1705 279 1741 σόμεθος
294 1707 324 1732 ὲν
349 1706 439 1741 καιρῷ
457 1706 595 1740 μερίταις,
611 1706 659 1732 καὶ
692 1706 861 1741 κορυφώσων
887 1706 954 1741 ἡμῖν

163 1753 206 1783 εἰς
221 1753 294 1788 μέγα
305 1753 336 1779 τὸ
347 1753 443 1779 κακόν.
459 1752 516 1779 Καὶ
532 1752 667 1788 ὑστέρησε
684 1752 732 1779 τοῦ
749 1752 831 1784 πεζοῦ
848 1752 956 1788 ἡμέρας

163 1799 252 1830 τινὰς,
277 1799 317 1831 εὶς
341 1799 464 1831 ἔνδειξιν,
484 1797 573 1835 οἶμαι,
591 1799 654 1826 τινὰ
667 1800 716 1834 τῆς
745 1807 776 1826 τε
804 1799 864 1825 καθ’
882 1800 957 1834 ἡμᾶς

163 1844 314 1878 ούθανείας,
336 1845 386 1880 τῆς
397 1854 428 1872 τε
442 1846 503 1872 κατ’
520 1845 619 1877 αὐτοὺς
636 1844 727 1880 ἰσχύος
741 1853 748 1860 ·
769 1844 872 1880 ταύτης
895 1845 957 1880 μὲν,

165 1891 214 1924 ὡς,
232 1893 313 1927 εἴπερ
323 1891 391 1928 ὁμοῦ
410 1892 528 1927 ἐπῆλθον
542 1893 621 1927 ἡμῖν,
633 1892 684 1918 οὐκ
692 1891 725 1918 ἂν
739 1891 800 1918 οὐδὲ
816 1891 880 1925 γοῦν
893 1891 958 1925 μίαν

166 1938 274 1973 ἡμέραν
295 1938 479 1973 ἁντέσχομιν·
499 1938 608 1972 ἐκείνης
625 1936 665 1969 δὲ,
680 1937 722 1963 ὅτι
747 1937 795 1963 καὶ
821 1936 902 1972 μόνον
928 1936 959 1962 τὸ

168 1981 251 2014 πεζὸν
264 1981 312 2008 τοῦ
324 1984 442 2017 στρατοῦ
469 1982 691 2017 περικαθήμενον
719 1981 838 2016 ἔχοντες,
871 1980 960 2013 οὕτως

168 2027 321 2061 ἀρετῶντες
334 2025 406 2063 ἦμεν
425 2027 464 2062 τῷ
478 2027 574 2062 φαύλῳ
591 2027 747 2062 στρατηγῷ,
763 2026 801 2058 ὡς
823 2026 961 2062 μηδεμίαν

167 2074 307 2110 ἐκδρομήν
321 2082 383 2100 τινα
410 2073 471 2100 κατ’
485 2073 567 2100 αὐτὸν
593 2073 720 2107 γενέσθαι
748 2072 959 2108 στρατιωτικὴν,

169 2119 238 2146 ἀλλά
267 2119 451 2154 φυλάττεσθαι
479 2118 520 2154 τῷ
538 2120 608 2155 ,ρηγὶ
633 2119 698 2151 τοὺς
720 2119 824 2146 ἐκείνου
850 2119 892 2150 είς
915 2118 962 2146 αδ⁹

167 2174 280 2201 νυιιμιον
311 2166 527 2201 ἀστρονόμευτον,
554 2165 602 2192 καὶ
627 2161 684 2192 οἷον
702 2165 741 2201 μὴ
765 2164 864 2192 παθεῖν
882 2164 962 2192 κολό-

167 2212 266 2240 σωσιν.

207 2258 254 2286 γε’.
273 2258 328 2286 Καὶ
339 2259 353 2286 ὁ
366 2259 416 2293 μὲν
431 2258 514 2291 πεζὸς
531 2258 597 2292 λαδς
611 2258 791 2294 περιεκάθισε
807 2258 869 2286 καθ’
885 2258 962 2294 ὥραν

169 2306 283 2342 ἀρίστου
295 2305 345 2340 τὴν
359 2305 419 2332 καθ’
431 2306 505 2340 ἡμᾶς
517 2305 603 2339 πόλιν,
615 2305 772 2339 Αὐγούστου
785 2305 871 2341 μηνὸς
884 2305 965 2340 ἄγον-

999 1060 1226 1094 perterrebantur
1247 1064 1275 1088 et
1290 1064 1344 1088 tam
1354 1058 1440 1087 celeri
1454 1058 1658 1094 expugnatione
1676 1056 1800 1084 civitatis

999 1111 1026 1134 et
1040 1106 1124 1142 quod,
1144 1109 1173 1133 ut
1187 1105 1288 1134 dixerit
1303 1105 1419 1146 aliquis,
1429 1104 1555 1133 celeritas
1577 1102 1666 1130 nuntii
1692 1102 1798 1145 traditi.

1001 1161 1057 1181 uno
1071 1154 1187 1188 quisque
1203 1153 1323 1181 hostium
1337 1151 1405 1187 pede
1422 1157 1522 1179 terram
1534 1150 1704 1185 Illyricorum
1723 1149 1800 1176 inva-

1001 1201 1050 1232 sit,
1064 1200 1150 1228 altero
1168 1200 1196 1229 in
1213 1200 1293 1227 istam
1314 1197 1529 1226 munitissimam
1553 1196 1690 1224 civitatem
1704 1195 1799 1222 irruit.

1001 1246 1079 1280 Quod
1103 1253 1170 1278 vero
1193 1245 1229 1274 ab
1250 1245 1296 1272 illo
1311 1249 1434 1279 tempore
1453 1250 1541 1278 usque
1560 1241 1595 1269 ad
1611 1241 1796 1268 Macedoniam

1006 1299 1131 1319 nostram
1153 1290 1260 1318 nullum
1289 1290 1406 1326 pedibus
1426 1289 1539 1317 illorum
1565 1287 1794 1323 impedimentum

1005 1339 1033 1365 in
1051 1337 1095 1364 via
1112 1337 1206 1370 fuerit,
1222 1336 1270 1365 sed
1287 1336 1355 1364 illud
1373 1335 1481 1363 animas
1496 1337 1665 1362 cunctorum
1684 1337 1798 1369 paratas

1004 1383 1111 1415 fecerit,
1129 1383 1162 1410 ad
1185 1383 1366 1411 deserendum
1393 1389 1495 1416 corpus
1512 1381 1584 1416 quod
1610 1380 1684 1416 ipsas
1709 1380 1802 1407 turba-

1004 1434 1092 1457 verat.
1108 1429 1167 1456 Non
1191 1429 1264 1456 enim
1278 1433 1320 1456 est
1344 1436 1392 1456 cur
1415 1428 1498 1454 timor
1512 1426 1565 1454 illis
1581 1430 1739 1454 occurreret
1756 1430 1804 1452 aut

1005 1483 1132 1512 magnus,
1143 1479 1190 1503 aut
1208 1482 1307 1510 parvus
1319 1495 1326 1506 ,
1344 1479 1389 1502 aut
1404 1473 1561 1501 mediocris.
1583 1472 1636 1500 Sed
1659 1476 1688 1500 ut
1702 1471 1803 1499 ﬂuvius

1005 1530 1117 1556 campos
1132 1521 1229 1556 planos
1245 1527 1405 1556 peragrans,
1421 1520 1458 1547 ita
1473 1519 1610 1547 exercitus
1624 1518 1669 1546 ille
1686 1518 1803 1546 delabe-

1005 1568 1086 1596 batttr
1111 1568 1200 1596 donec
1225 1567 1305 1596 uobis
1334 1566 1496 1594 misceretur
1518 1565 1675 1593 incolumis.
1699 1565 1803 1593 Classis

1007 1621 1081 1646 vero.
1110 1621 1160 1649 pro
1185 1620 1235 1641 sua
1255 1616 1341 1648 parte,
1362 1611 1544 1647 adnavigabat
1571 1616 1602 1640 ut
1627 1611 1804 1647 participaret

1006 1666 1163 1695 opportuno
1184 1664 1308 1694 tempore
1323 1666 1355 1686 ac
1372 1663 1578 1687 consummaret
1601 1662 1724 1687 nostram
1741 1665 1802 1685 ma-

1007 1712 1088 1741 gnam
1104 1706 1223 1733 ruinam.
1240 1704 1410 1732 Terrestrem
1425 1704 1576 1732 exercitum
1591 1703 1679 1731 tribus
1705 1703 1802 1731 diebus

1008 1755 1103 1779 secuta
1117 1755 1161 1779 est
1173 1752 1206 1778 ad
1224 1750 1432 1781 ostendendum,
1447 1749 1584 1779 existimo.
1599 1749 1679 1776 nobis
1697 1748 1801 1783 aliquid

1007 1797 1155 1825 debilitatis
1182 1805 1249 1830 suae,
1269 1802 1350 1832 atque
1374 1796 1478 1832 aliquid
1509 1795 1678 1823 l'ottitudinis
1703 1800 1804 1822 nostra

1008 1844 1141 1872 adversus
1156 1851 1220 1876 eos;
1239 1843 1320 1879 hujus
1344 1843 1466 1878 quidem,
1479 1849 1553 1874 cum,
1569 1842 1680 1877 quando
1703 1841 1737 1868 ad
1753 1849 1803 1867 nos

1008 1894 1154 1922 venerunt,
1171 1897 1205 1917 ne
1236 1896 1291 1917 una
1316 1888 1425 1923 quidem
1447 1887 1491 1916 die
1512 1887 1713 1920 restiterimus;
1730 1887 1804 1914 illius

1009 1942 1087 1966 vero,
1106 1942 1168 1962 cum
1191 1942 1275 1962 unutn
1297 1938 1402 1961 tantum
1430 1933 1563 1961 habentes
1587 1933 1738 1960 exercitum
1753 1940 1804 1967 pe-

1010 1980 1142 2012 destrem,
1164 1981 1201 2007 ita
1232 1979 1442 2007 formidarentur
1472 1979 1524 2006 sub
1555 1978 1652 2014 ignavo
1676 1978 1756 2010 duce,
1774 1983 1805 2005 ut

1011 2026 1134 2054 ulteriori
1151 2026 1314 2053 excursione
1330 2033 1383 2052 non
1401 2033 1470 2059 opus
1483 2025 1576 2058 fuerit,
1591 2025 1639 2052 sed
1655 2029 1684 2052 ιιι
1698 2028 1804 2052 tantum

1011 2072 1218 2100 custodirentur
1236 2073 1293 2106 regi
1324 2079 1368 2098 res
1386 2071 1461 2099 illius
1477 2071 1505 2099 in
1526 2071 1659 2106 integram
1672 2069 1805 2107 praedam,

1011 2125 1063 2146 nec
1078 2116 1238 2146 sullerretur
1249 2118 1304 2145 ulla
1313 2118 1424 2146 ablatio.

1049 2256 1095 2284 55.
1120 2255 1240 2290 Populus
1269 2259 1361 2283 autem
1393 2255 1530 2291 pedestris
1563 2254 1709 2283 obsidebat
1737 2255 1806 2283 liora

1014 2302 1123 2338 prandii
1156 2301 1252 2330 urbem
1286 2307 1419 2333 nostram,
1448 2301 1551 2329 mensis
1585 2302 1700 2336 Augusti
1729 2307 1807 2329 sexto

171 2360 216 2383 τος
232 2351 315 2385 ἕκτην
330 2351 449 2386 ἡμέραν,
467 2350 528 2377 καθ’
544 2351 577 2385 ἡν
593 2352 610 2386 ἡ
638 2350 744 2383 ἔνδοξος
761 2351 891 2386 κοιμησις
912 2350 954 2384 τῆ(

1016 2349 1072 2381 die,
1089 2356 1144 2384 quo
1155 2349 1284 2377 dortnitio
1296 2349 1453 2384 purissimae
1468 2348 1515 2376 Dei
1526 2347 1622 2376 Matris
1640 2348 1806 2376 celebratur.

172 2395 314 2430 πανάγνου
329 2396 501 2431 Θεομήτορος
523 2397 735 2432 μνημονεύεται.
756 2397 812 2423 Καὶ
839 2397 900 2423 τότε
930 2397 963 2432 δὴ

169 2443 263 2470 οὐκέτι
274 2444 380 2477 φευκτὰ
395 2441 429 2478 ἦν
443 2443 510 2478 ἡμῖν
522 2450 530 2458 ο
544 2442 602 2470 ἀλλ’
613 2443 964 2479 οίᾰγχινούστεροιπροεω-

174 2486 332 2524 ρῶντο,οἴα
347 2489 499 2521 πείσονται,
529 2489 597 2515 ὅπου
615 2497 649 2523 γι
678 2489 777 2516 οὔκουν
803 2489 889 2524 ὀλίγοι
917 2489 965 2517 καὶ

175 2535 229 2569 πρὸ
243 2535 348 2562 τούτων
365 2534 509 2571 συνεώρων
523 2534 552 2561 τὸ
568 2535 678 2570 μέλλον,
707 2535 874 2571 πολλαχόθεν
898 2535 964 2562 αὐτὸ

172 2581 401 2615 τεκμαιρόμενοι.
434 2581 532 2616 Ἡμεῖς
566 2580 633 2614 γοῦν
657 2580 812 2615 φθάσαντες
838 2580 887 2616 τὴν
910 2581 965 2608 τῶν

176 2625 316 2660 πολεμίων
327 2626 434 2659 ἔφοδον,
449 2626 513 2658 τοὺς
541 2626 599 2653 ὅσοι
616 2626 676 2661 μεθ’
708 2626 787 2661 ἡμῶν
815 2627 864 2661 τῆς
884 2627 963 2653 Κων-

176 2672 425 2703 σταντινουπόλεως
435 2671 506 2708 ἦσαν
518 2673 613 2704 τέκνα,
631 2672 826 2708 ἒξεστείλαμεν
835 2673 875 2705 εἰς
901 2673 964 2704 τοὺς

175 2719 292 2752 ἑαυτῶν,
301 2719 332 2746 ού
348 2719 430 2754 μόνον
444 2719 594 2755 ὁδοιπόριον
607 2719 878 2755 ὲνδαψιλευσὰμενοι,
896 2719 965 2747 ἀλλά

173 2774 200 2793 τι
213 2766 262 2793 καὶ
277 2765 333 2793 τῶν
346 2766 374 2797 ἐς
390 2766 469 2801 χάριν
495 2765 649 2801 βαθυτέρας
675 2766 800 2801 γνώμης,
825 2766 864 2798 ὼς
888 2765 966 2792 σύτοὶ

175 2811 283 2847 θανάτῳ
299 2811 490 2847 ἀπολούμενοι.
506 2812 562 2838 Καὶ
588 2813 643 2838 τῶν
667 2813 696 2838 ὲν
722 2812 907 2847 θεσσαλονίκῃ
936 2812 965 2838 δέ

173 2867 262 2890 τινας,
279 2855 319 2889 οἷς
331 2858 408 2885 οῢδὲν
424 2855 457 2893 ἦν
473 2857 566 2893 ἔργου,
585 2857 642 2883 ἀλλ’
655 2857 672 2892 ἣ
692 2857 771 2893 μόνον
787 2857 868 2893 φόόος
902 2857 964 2892 βου-

179 2903 229 2938 λὴν
243 2904 421 2939 αίτήσαντας,
438 2903 488 2930 οὐκ
514 2902 705 2939 ὲκρυψάμεθα,
729 2903 742 2929 ὃ
765 2903 867 2938 δειλιᾷν
898 2903 964 2938 ἡμῖν

1014 2395 1088 2423 Nihil
1106 2401 1171 2424 tunc
1187 2399 1247 2423 erat
1264 2396 1345 2423 nobis
1365 2395 1539 2431 fugiendum;
1554 2395 1602 2423 sed
1615 2395 1808 2431 prudentiores

1014 2442 1199 2478 praevidcbant
1223 2449 1283 2477 qua:
1306 2442 1413 2477 passuri
1440 2447 1545 2475 essent,
1565 2442 1610 2469 ubi
1628 2442 1707 2478 pauci
1724 2442 1806 2469 etiazn

1015 2488 1200 2524 praeviderunt
1221 2488 1293 2523 quod
1317 2493 1377 2516 erat
1399 2489 1531 2522 fuzurum,
1556 2488 1621 2516 illud
1652 2488 1809 2523 ubicunque

1015 2535 1205 2562 testiﬁcantes.
1221 2532 1276 2560 Nos
1290 2533 1372 2568 igitur
1395 2533 1542 2562 adventum
1567 2534 1686 2562 hostium
1706 2539 1809 2569 prave-

1015 2581 1135 2613 nientes,
1167 2584 1300 2615 quotquot
1321 2586 1400 2607 erant
1428 2581 1572 2608 nobiscum
1595 2588 1627 2609 ex
1654 2580 1810 2609 Constanti-

1015 2627 1106 2662 nopoli
1134 2627 1293 2654 remisimus
1319 2635 1419 2662 pueros
1451 2627 1484 2654 ad
1507 2635 1582 2660 suos,
1615 2635 1670 2655 non
1701 2632 1806 2654 tantum

1016 2674 1173 2702 necessitati
1196 2674 1303 2701 itineris
1330 2674 1519 2710 providentes,
1537 2674 1585 2702 sed
1612 2674 1692 2701 etiam
1707 2672 1809 2707 ali.,ud

1016 2719 1114 2747 dantes
1153 2720 1287 2754 gravioris
1321 2727 1419 2747 sensus
1453 2719 1552 2754 gratia,
1582 2719 1661 2754 quasi
1690 2723 1805 2745 mortem

1016 2767 1175 2801 oppetituri.
1198 2766 1337 2799 Quosdam
1363 2773 1428 2793 vero
1452 2774 1485 2793 ex
1516 2765 1808 2792 Thcssalonicensibus

1017 2812 1117 2847 quibus
1142 2812 1211 2839 nihil
1233 2812 1325 2847 operis
1356 2818 1414 2839 erat
1436 2811 1485 2838 sed
1507 2815 1609 2838 tantum
1629 2810 1720 2842 timor,
1742 2816 1810 2836 con-

1017 2858 1107 2886 silium
1136 2862 1258 2892 petentes
1284 2864 1338 2885 non
1368 2857 1519 2884 celavimus
1551 2856 1623 2891 quod
1656 2855 1807 2884 timendum

1022 2904 1159 2932 acciderat
1185 2902 1399 2938 nobistcosqtte
1426 2900 1527 2929 hortati
1544 2904 1640 2930 s’Imus
1659 2899 1692 2928 ad
1715 2906 1813 2927 caven-
