1962 3087
176 123 212 155 67
529 121 742 153 EUSTATHII
755 119 1137 157 THESSALONICENSIS
1159 124 1443 156 METROPOLthE
1778 122 1814 154 68

175 183 305 210 indurato
318 181 402 209 corde
429 180 616 215 imperatoris,
633 178 711 214 quasi
735 178 759 205 is
783 178 859 205 solus
873 177 970 205 urbem

1027 181 1065 208 διὰ
1079 182 1160 209 τοῦτο
1184 183 1374 220 ὲνσκιρῤώσας
1401 185 1433 218 τῇ
1451 182 1495 209 τοῦ
1525 181 1660 218 βασιλέως
1676 180 1762 217 ψυχῇ,
1778 181 1816 212 ὡς

176 230 285 257 salvare
312 228 444 263 potuerit,
464 228 560 262 sicque
583 225 645 260 ejus
671 223 788 252 consilia
807 232 858 252 nos
883 224 975 259 perdi-

176 276 288 304 derunt.
304 275 412 302 Etenim
428 275 453 301 in
470 273 658 301 defensionem
681 275 802 298 nostram
820 272 972 298 exercitum

178 321 293 358 provide
327 322 441 348 miserat
478 320 637 353 imperator.
671 317 794 344 Credens
831 324 898 343 vero
931 317 974 344 his

177 367 278 403 quibus
296 375 310 394 a
333 365 436 394 Davide
457 364 656 398 decipiebatur.
683 363 736 390 illis
753 362 967 395 commendavit,

177 422 212 442 ne
243 414 269 440 in
310 413 378 440 urbe
405 418 435 438 se
468 411 642 438 includercnt
678 416 729 436 nec
770 409 909 436 irruerent
944 409 971 435 in

182 460 276 488 hostes
306 457 386 494 quasi
418 457 446 484 in
477 456 565 483 aciem
600 455 773 488 instructos;
805 456 870 482 dum
908 461 973 487 nos.

176 506 224 541 qui
255 503 446 532 nesciebamus
464 503 516 529 hoe
547 501 693 534 auxilium,
712 501 750 528 ita
773 501 855 528 anxie
869 508 969 536 exspe—

177 557 316 579 ctaremus
336 557 438 585 speque
463 549 490 576 in
516 549 578 576 illos
602 548 845 583 suspenderemur.
860 547 887 574 bi
912 548 975 574 sine

177 605 266 633 pugna
282 595 413 623 auxilium
428 595 507 630 quasi
525 595 618 622 ﬁctum
636 595 715 622 nobis
729 594 872 629 parabant.
884 593 970 621 Erant

177 652 242 672 vero
267 644 364 671 multi:
380 643 465 670 Gidus
482 649 597 678 magnus
623 640 768 676 praefectus
787 649 820 669 ex
847 642 974 668 orienta-

178 692 265 728 libus,
282 690 454 725 Palaaologus
480 688 666 721 Andronicus,
698 687 828 715 Camutza
855 686 975 720 Manuel,

177 737 333 769 Chumnus,
366 739 450 770 atque
475 734 534 763 alii.
548 733 585 762 Se
604 734 659 762 illis
676 733 840 769 adiunxerat
863 734 976 762 ultimus

177 784 364 811 cubicularius
391 781 566 816 Nicephorus
600 780 647 816 qui
684 780 797 808 omnino
833 781 976 815 proximus

179 833 243 858 erat
256 829 323 864 regi,
346 827 392 863 qui
417 827 451 854 ad
469 827 567 854 durem
581 826 851 860 Davidentscriplum
864 826 975 853 mittens

1025 227 1160 263 αὺταρκεῐ
1176 224 1253 260 οὗτος
1271 229 1306 255 τὰ
1323 230 1394 264 ὑπερ
1408 228 1458 263 τῆς
1472 228 1589 260 πόλεως,
1611 227 1705 262 ῐσχυσι
1723 228 1816 254 πεῖσαι

1025 273 1060 300 τὰ
1077 274 1116 305 εις
1129 274 1209 309 ἡμῶν
1225 274 1346 309 ὄλεθρον.
1364 274 1488 301 Ἐστειλε
1515 274 1564 309 μιν
1580 274 1635 309 γὰρ
1656 273 1670 300 6
1689 273 1815 307 βασιλεὺς

1026 321 1269 356 προμηθικώτερον
1285 322 1414 356 στρατιὰν
1429 322 1475 348 ἐπὶ
1489 320 1580 356 ἀμύνῃ
1592 319 1716 347 τῶνκαθ’
1730 320 1816 355 ἡμᾶς’

1026 367 1164 399 πεποιθὼς
1182 368 1219 400 δὶ,
1233 366 1274 400 οἷς
1288 369 1320 394 ὲκ
1335 368 1381 394 τοῦ
1406 367 1486 395 Δαυϊδ
1503 366 1688 399 άπιπλανᾶτο,
1708 374 1815 401 παρηγ-

1026 416 1150 449 γυήσατο
1174 415 1243 450 μήτε
1268 415 1307 446 εις
1321 414 1370 449 τὴν
1389 414 1466 440 πόλιν
1487 414 1584 445 αὐτοὺς
1602 412 1814 444 καταδύσεσοαι,

1028 460 1097 495 μήτε
1117 461 1170 495 μὴν
1182 461 1238 491 τοῖς
1257 460 1399 494 πολεμίοις
1414 461 1497 494 ὸμόσε
1513 459 1637 495 χωρῆσαι
1650 457 1815 492 γενομένους

1027 507 1056 533 ὲν
1069 506 1128 542 χρῷ
1149 507 1239 541 μάχης
1250 513 1258 521 ⁸
1272 506 1310 537 ὡς
1332 506 1459 533 ιντιῦθεν
1473 506 1548 541 ἡμᾶς
1575 506 1635 540 μὲν,
1651 504 1688 539 μὴ
1708 503 1815 535 εἰδότας

1027 552 1191 587 ἐπικουρίαν
1215 552 1248 579 ὲκ
1275 552 1331 578 τῶν
1360 552 1544 586 ἐσταλμένων,
1570 551 1744 586 καραδοκεῖν,
1769 549 1816 575 καὶ

1027 598 1214 634 ἐκκρέμασθαι
1232 599 1282 634 τῆς
1307 599 1347 630 τις
1375 599 1496 630 ἐκείνους
1523 597 1646 629 δλπίδος⁴
1661 596 1760 628 αὐτοὺς
1786 595 1815 622 δδ

1026 646 1162 680 ἀναιμωτὶ
1181 645 1242 680 ζῇν,
1258 645 1476 679 άφωσιωμένους
1487 643 1625 681 τηνάλλως
1640 643 1670 670 τὸ
1685 643 1725 674 εἰς
1742 643 1816 678 ἡμᾶς

1028 691 1214 725 ἐπικουρικόν.
1226 687 1317 717 Ἦσαν
1331 690 1358 716 δὲ
1376 690 1469 724 συχνοὶ
1490 690 1591 716 ἐκεῖνοι
1602 697 1608 704 ·
1621 690 1635 716 6
1651 688 1706 715 τῶν
1720 689 1804 715 eve-ro

1027 735 1112 763 λικῶν
1129 736 1216 771 μέγας
1230 736 1389 771 δομιστικος
1405 736 1490 768 Γίδος,
1513 735 1527 761 6
1553 735 1734 769 Παλαιολόγος
1755 734 1785 760 ’Δ
1799 747 1816 756 ρ

1027 782 1162 817 δρόνικος,
1187 783 1202 808 6
1229 782 1381 816 Καμύτζης
1409 781 1550 816 Μανουὴλ,
1567 781 1582 808 6
1607 780 1743 815 Χοῦμνος,
1767 780 1815 807 καὶ

1028 828 1129 863 ἕτεροι.
1163 828 1330 865 Ἐπέρῤευσε
1344 828 1372 855 δὲ
1386 828 1477 859 αὐτοῖς
1493 828 1520 859 ἐς
1535 826 1677 858 παντελῶς
1702 826 1816 861 ὕστερον

178 879 307 910 exposut
319 873 477 901 methodum
494 872 654 900 dissimilem
672 871 806 900 labiorum
823 871 884 906 ejus
898 871 973 898 omni

1029 875 1077 901 καὶ
1102 874 1117 901 6
1142 874 1181 910 τῷ
1199 864 1304 909 βασιλεί
1327 874 1399 901 πάνυ
1426 873 1521 908 ὶγγὺς,
1536 874 1551 900 6
1568 872 1817 909 παρακοιμώμινος

182 923 265 953 cmlo,
286 920 434 956 linguaque
457 926 569 946 mensus
584 923 626 946 est
652 922 763 945 terrain.
788 917 862 944 Dixit
885 917 971 949 enim.

178 975 230 995 nec
242 967 341 994 coalqu
371 970 412 993 tot
441 965 534 993 stellas
564 971 711 991 numerare
738 971 788 991 nec
805 967 845 991 tot
880 964 974 991 arenis

179 1014 281 1049 repleri
299 1019 412 1043 terram,
429 1016 551 1047 quantus
570 1011 707 1038 exercitus
722 1010 774 1044 ipsi
797 1009 904 1042 aderat,
925 1010 973 1036 ad-

180 1061 249 1090 dens
266 1066 295 1087 se
312 1066 366 1086 non
385 1064 465 1092 posse
481 1064 536 1084 non
561 1056 659 1084 timere
678 1064 712 1084 ne
733 1055 821 1082 Latini
839 1055 972 1082 certiores

179 1107 243 1135 facti
262 1110 381 1142 quantas
396 1105 454 1140 ipse
469 1104 563 1136 copias
582 1103 763 1136 contraxerit,
782 1103 809 1130 in
831 1102 922 1137 fugam
939 1109 970 1130 se

179 1157 356 1185 convertant,
379 1152 493 1186 ipseque
518 1150 566 1177 tali
589 1149 680 1184 praeda
710 1149 826 1176 orbatus
843 1149 890 1176 sit.
910 1147 973 1175 Haec

180 1199 304 1234 scripsit,
321 1204 426 1233 nosque
442 1196 660 1224 credideratnus.
674 1195 727 1228 Qui
747 1195 821 1222 enim
843 1195 902 1221 vult
917 1194 974 1222 salo

181 1247 240 1275 vari
257 1245 291 1273 ad
307 1243 475 1274 credendum
489 1249 598 1277 semper
618 1246 661 1269 est
686 1245 812 1277 paratus.

215 1429 261 1458 59.
280 1428 327 1456 Sic
350 1433 416 1462 ergo
433 1433 449 1453 a
464 1424 556 1452 missis
582 1421 757 1458 imperatoris
781 1426 846 1448 tunc
865 1420 971 1455 decepti

180 1482 283 1504 sumus.
316 1472 393 1500 Tunc
424 1478 490 1499 vero
517 1474 589 1497 terra
623 1468 745 1502 marique
769 1469 972 1494 concurrerunt

1024 921 1205 958 Νικηφόρος·
1229 921 1259 954 ὃς
1278 921 1397 956 γράμμα
1426 922 1534 953 στείλας
1564 920 1633 955 πρὸς
1658 920 1704 947 τὸν
1732 919 1815 947 δοῦκα

1024 967 1117 1001 Δαυτδ,
1136 967 1213 994 ἔθετο
1229 968 1329 1003 τρόπον
1343 967 1423 995 ἄλλον
1442 967 1476 994 τὰ
1498 967 1574 1002 χείλη
1599 967 1683 994 αὐτοῦ
1699 966 1759 993 κατ’
1772 966 1817 993 οὐ·

1027 1014 1120 1050 ρανδν,
1135 1015 1183 1041 καὶ
1196 1014 1248 1049 τὴν
1260 1014 1389 1048 γλῶσσαν
1403 1014 1493 1048 ἀφῆκε
1506 1013 1660 1048 διέρχεσθαι
1671 1011 1736 1046 περὶ
1751 1012 1814 1046 γῆν.

1028 1061 1133 1095 Ἐφατο
1151 1059 1206 1096 γὰρ
1232 1061 1300 1096 μήτε
1328 1059 1375 1086 τὸν
1394 1060 1508 1095 οὐρανὸν
1533 1059 1644 1093 ἄστροις
1661 1058 1814 1093 ὲνευθηνεῐ-

1027 1107 1090 1134 σθαι
1107 1107 1256 1139 τοσούτοις,
1275 1107 1344 1142 μήτε
1367 1106 1415 1141 τὴν
1436 1106 1490 1141 γῆν
1520 1106 1607 1141 ἄμμῳ
1622 1105 1719 1140 τοσῇδε
1744 1104 1814 1139 πλήο

1025 1152 1093 1185 σειν,
1107 1153 1206 1185 ὁπόσος
1220 1152 1293 1188 αὐτῷ
1306 1153 1420 1188 στρατὸς
1444 1153 1590 1187 ὲφέπεται·
1609 1150 1814 1187 προσεπιλαλῶν

1025 1201 1073 1226 καὶ
1089 1199 1300 1231 smmum.
1315 1200 1352 1234 μή
1366 1207 1431 1226 ποτε
1444 1199 1469 1225 οι
1479 1199 1590 1225 Δατῑνοι
1615 1197 1810 1232 ὲκπυθόμενοι,

1024 1246 1092 1280 ὅσην
1107 1246 1183 1280 lctbe
1197 1245 1407 1280 περιὸέεληται,
1424 1244 1598 1279 φευξοῦντσι,
1613 1244 1661 1270 καὶ
1676 1244 1752 1278 μενεῖ
1765 1243 1813 1269 αὐ-

1023 1292 1069 1324 τὸς
1085 1292 1162 1324 κενὸς
1179 1292 1308 1327 τοιαύτης
1321 1292 1418 1327 ἄγρας.
1430 1291 1569 1326 Ἐγραψεν
1583 1290 1664 1322 αὐτὸς
1677 1289 1786 1316 τοιαῦτα
1800 1295 1809 1304 ⁸

1025 1340 1072 1365 καὶ
1090 1339 1169 1373 ἡμεῖς
1186 1338 1399 1373 ἐπιστεύσαμεν.
1417 1337 1453 1363 Τὸ
1470 1338 1524 1372 γὰρ
1542 1337 1587 1363 ἐπὶ
1608 1336 1731 1372 σωτηρία
1750 1335 1812 1370 βου-

1025 1385 1139 1417 λόμενον
1154 1385 1203 1419 τῆς
1216 1385 1305 1420 ψυχῆς
1320 1385 1428 1419 ἕτοιμον
1443 1381 1477 1419 ἦν
1493 1383 1561 1418 πρὸς
1578 1382 1673 1410 πειθώ.

1063 1431 1113 1458 νθ’.
1127 1432 1181 1458 Καὶ
1194 1431 1266 1457 οὕτω
1283 1431 1333 1465 μὲν
1349 1431 1380 1457 τὰ
1402 1431 1434 1456 ἑκ
1456 1430 1509 1457 τῶν
1530 1428 1679 1463 βασιλικῶν
1698 1427 1813 1454 ἀποστό-

1026 1477 1081 1504 λων
1095 1476 1246 1512 ψενδόντων
1260 1477 1343 1512 ἡμᾶς.
1371 1477 1407 1502 Τὸ
1430 1476 1458 1502 δὲ
1476 1475 1604 1510 πολέμιον
1628 1473 1739 1501 ἐπελθὸν
1751 1473 1812 1499 τότε

181 1523 285 1553 hostes,
311 1523 393 1554 atque
413 1518 501 1553 perite
526 1523 556 1543 se
585 1515 620 1542 ad
644 1521 762 1548 pugnam
793 1517 971 1546 paraverant.

1027 1523 1145 1560 ξηρᾶθεν
1160 1525 1207 1550 καὶ
1221 1523 1252 1550 τὸ
1267 1524 1297 1550 ὲκ
1310 1522 1457 1557 Θαλάσσης.
1471 1521 1618 1557 ἐξηρτύετο
1631 1519 1692 1546 κατ’
1704 1519 1813 1554 ἐπιστήσ

182 1567 373 1598 Occidentales
395 1564 482 1600 copiae
502 1563 570 1590 alias
595 1561 739 1590 machinas
757 1568 845 1588 novas
859 1559 971 1587 invene-

183 1620 246 1644 rant
262 1613 342 1640 modo
366 1610 541 1646 belopolium,
557 1615 674 1644 quarum
692 1607 797 1635 utilitas
825 1607 880 1634 fere
900 1605 974 1632 nulla

181 1665 241 1690 erat
256 1661 291 1688 ob
315 1657 543 1693 magnitudinem.
573 1654 727 1682 Orientales
751 1661 816 1680 vero
841 1653 973 1686 (maxime

182 1712 274 1735 autem
297 1703 499 1732 multitudinem
525 1701 624 1729 classis
653 1699 867 1734 componebant)
890 1698 971 1733 juxta

182 1761 261 1783 suam
289 1749 519 1779 consuetudinem
552 1747 678 1782 agebant.
709 1745 855 1781 Dispositis
890 1745 975 1780 igitur

183 1797 320 1829 machinis
345 1796 379 1824 ad
396 1795 501 1829 lapides
525 1791 709 1828 projiciendos
731 1791 816 1827 aptis,
834 1791 975 1826 plerisque

183 1843 330 1876 mediocris
345 1839 555 1876 magnitudinis,
578 1843 607 1865 ut
626 1837 681 1865 illis
699 1845 714 1864 a
734 1836 872 1864 moenibus
887 1836 975 1865 nostri

183 1891 285 1920 milites
300 1889 392 1917 subito
405 1886 639 1922 opprimerentur,
651 1892 666 1912 e
687 1884 788 1919 quibus
805 1883 866 1911 duae
885 1884 975 1918 majo-

183 1945 240 1967 res.
256 1941 372 1971 quarum
388 1939 443 1960 una
465 1937 545 1959 terra:
560 1934 651 1957 motus
677 1929 731 1956 lilia
756 1928 852 1956 vocari
867 1933 974 1963 posset;

184 1982 380 2018 dispositisque
394 1978 441 2014 qui
450 1976 614 2005 ramusculis
631 1975 774 2010 implerent
786 1979 863 2009 aptas
876 1974 975 2007 fossas,

186 2030 290 2065 quique
314 2026 415 2054 muenia
430 2023 594 2052 labefactare
612 2025 734 2058 possent,
747 2027 839 2048 muros
865 2019 975 2055 aggredi

185 2077 304 2110 illosque
315 2072 502 2099 indesinenter
514 2074 542 2097 et
556 2068 642 2095 modis
652 2067 779 2095 omnibus
789 2072 920 2100 quassare
932 2073 978 2091 co-

185 2120 242 2148 nati
259 2109 338 2146 suiit.
350 2116 398 2144 llis
415 2115 543 2143 omnibus
561 2112 765 2148 praecurrebam
784 2109 975 2138 fundibuiarii.

185 2167 227 2195 Ad
241 2171 382 2200 vesperam
402 2162 475 2190 enim
490 2162 662 2188 retinuerunt
677 2165 760 2186 naves
777 2164 864 2190 usque
873 2156 906 2183 ad
922 2163 978 2182 ma-

1027 1578 1081 1605 μην
1098 1570 1137 1601 si;
1157 1570 1258 1604 μάχην.
1283 1569 1338 1595 Καὶ
1365 1569 1390 1595 οἱ
1406 1569 1455 1603 μὲν
1473 1568 1505 1594 ὲκ
1520 1567 1573 1593 τῶν
1586 1565 1728 1600 δυσμικῶν
1743 1565 1812 1592 ἄλλα

1024 1615 1134 1641 ἐποίουν
1149 1615 1233 1642 καινά
1247 1623 1308 1641 τινα
1326 1614 1397 1641 κατὰ
1410 1614 1510 1648 νόμους
1527 1613 1688 1645 ὲλεπόλεων,
1708 1609 1751 1644 αἷς
1767 1611 1812 1638 διὰ

1024 1661 1055 1687 τὸ
1070 1661 1102 1687 ὲκ
1121 1660 1253 1696 μεγέθους
1266 1660 1527 1695 δυσμεταχείριστον
1545 1658 1606 1685 οὐδὲ
1622 1657 1758 1693 ἐνελαμψέ
1769 1665 1812 1688 τις

1026 1706 1152 1742 ἐνέργεια
1166 1714 1173 1721 ·
1186 1707 1210 1732 οι
1224 1706 1253 1732 δὲ
1267 1707 1332 1741 περὶ
1348 1706 1381 1732 τὰ
1394 1705 1449 1740 ἑῷα
1463 1703 1543 1740 (ἦσαν
1558 1704 1585 1731 δὲ
1602 1703 1718 1739 μάλιστα
1738 1704 1812 1729 ἐκεῖ·

1024 1761 1065 1780 νοι
1081 1753 1111 1779 τὸ
1131 1752 1258 1779 ναυτικὸν
1272 1751 1384 1788 πλῆθος)
1404 1752 1468 1787 πρὸς
1483 1751 1514 1778 τὸ
1528 1750 1724 1786 συνηθέστερον
1738 1750 1814 1776 E6):-

1025 1807 1086 1825 πον.
1100 1799 1154 1825 Καὶ
1168 1799 1401 1833 συσκευασάμενοι
1418 1797 1542 1833 μηχανὰς
1552 1797 1742 1833 πετροσόλους,
1767 1805 1812 1832 μι-

1025 1843 1206 1878 κρομεγέθιις
1217 1843 1267 1878 μὲν
1281 1843 1417 1876 πλείονας,
1429 1843 1467 1875 ὡς
1478 1843 1665 1870 ἐπιϐουλεύειν
1675 1842 1710 1869 δι’
1720 1842 1812 1869 αὐτῶν

1025 1891 1082 1921 τοῖς
1096 1890 1128 1916 ὲκ
1141 1889 1196 1916 τῶν
1219 1890 1332 1924 τειχέων
1349 1889 1513 1924 πολεμοῦσιν
1535 1888 1696 1924 ἡμεδαποῖς,
1720 1887 1766 1914 δύο
1782 1887 1812 1914 δι

1028 1935 1165 1970 μείζονας,
1182 1930 1219 1961 ὧν
1236 1934 1337 1970 θατέρα
1364 1933 1477 1969 σεισμοῦ
1496 1934 1620 1969 θυγάτηρ
1636 1933 1812 1968 τολμήσαντα

1027 1979 1110 2013 φάναι
1123 1987 1130 1994 ·
1145 1979 1328 2013 ἑντεινάμενοι
1343 1978 1371 2005 δὲ
1388 1980 1509 2009 καὶτοὺς
1525 1978 1573 2013 τὴν
1587 1977 1812 2004 εὐεπιὸούλευτον

1025 2025 1129 2060 τάφρον
1154 2024 1289 2060 συρφετοῦ
1308 2024 1473 2060 πλήσοντας,
1492 2024 1540 2050 καὶ
1557 2025 1586 2050 τὸ
1603 2024 1758 2059 περίτειχος
1782 2022 1812 2049 δὲ

1027 2071 1188 2097 κατασεῖσαι
1204 2071 1319 2103 δεινοὺς,
1336 2071 1383 2096 καὶ
1407 2070 1445 2105 τῷ
1465 2070 1549 2106 τείχει
1570 2069 1744 2105 προσϐαλεῖν,
1764 2069 1814 2095 καὶ

1027 2115 1150 2151 διορύξαι
1169 2116 1235 2143 αὑτδ
1249 2117 1289 2146 εις
1305 2117 1493 2149 κατάπτωσιν,
1507 2115 1627 2150 ἐγίνοντο
1642 2115 1695 2141 τῶν
1712 2114 1812 2149 ἔργων,

1028 2162 1066 2192 si;
1077 2162 1139 2188 ὅσον
1149 2162 1290 2196 κραταιὺν,
1304 2163 1351 2188 καὶ
1363 2162 1510 2189 ἀκάθεκτοι
1522 2160 1745 2195 κατειργάζοντο.
1756 2159 1814 2186 Καὶ

186 2221 232 2246 ne,
245 2219 323 2239 mane
334 2214 423 2237 autem
440 2214 503 2235 acre
513 2210 651 2234 certamen
668 2204 799 2232 inierunt.
808 2203 903 2231 Omnis
912 2201 974 2236 qui-

1028 2207 1193 2242 προέτριχον
1204 2206 1295 2238 αὐτοῖς
1303 2206 1413 2234 πάντων
1425 2206 1515 2241 συχνοὶ
1526 2205 1730 2241 ἀκροϐολισμοί.
1742 2204 1813 2240 Πρὸς

186 2261 248 2288 dein
264 2265 327 2294 pars
340 2254 519 2284 occidentalis
539 2250 775 2287 comprehendens
801 2253 888 2276 totum
919 2247 976 2274 cir-

187 2291 292 2334 cuitum
319 2303 392 2330 arcis
412 2301 451 2337 (in
473 2300 583 2327 modum
601 2298 675 2326 enim
705 2296 784 2323 l'alcis
808 2301 823 2321 a
848 2292 918 2320 mari
942 2291 976 2319 ad

188 2357 282 2388 portas
299 2351 343 2378 bie
357 2349 425 2377 sitas
439 2353 522 2383 opera
536 2345 652 2373 turrium
670 2343 803 2378 producta
815 2339 908 2374 erant)
921 2345 976 2366 non

187 2396 366 2429 sollicitudini
385 2395 436 2423 luit
457 2394 535 2421 nobis
554 2396 581 2418 et
597 2393 654 2418 tuta
682 2388 784 2416 mansit
800 2395 808 2420 ;
827 2393 891 2423 pars
912 2391 977 2412 vero

187 2445 329 2474 orientalis
361 2449 469 2470 omnem
503 2441 633 2474 impetum
671 2435 816 2464 sustinuit.
842 2432 976 2460 Fervebat

187 2501 278 2529 pugna
296 2492 324 2518 in
345 2489 435 2517 littore
457 2485 552 2518 maris,
573 2482 775 2518 primum,quia
795 2480 854 2509 loca
880 2482 976 2506 contra

189 2526 284 2567 innros
301 2536 375 2563 sicca
408 2533 579 2566 reliquerant
595 2537 673 2564 aqua:
689 2527 784 2558 maris.
801 2526 888 2554 aastivi
907 2530 977 2552 tem-

188 2585 265 2620 poris
280 2589 373 2613 causa,
388 2579 516 2614 quodque
539 2584 614 2604 mare
637 2575 748 2610 plenum
771 2581 825 2600 non
858 2577 917 2600 erat
931 2578 978 2599 us-

188 2617 242 2665 que
257 2628 290 2655 ad
310 2625 494 2656 munitiones,
512 2623 548 2650 ita
566 2625 596 2649 ut
611 2620 728 2656 spatium
754 2617 857 2654 grande
868 2617 910 2665 ad
921 2624 976 2665 pu-

189 2662 270 2710 énam
290 2672 345 2699 illis
364 2670 487 2698 relictum
516 2667 612 2695 fuisset
625 2673 639 2692 a
653 2665 790 2692 manibus
811 2662 977 2690 littoralibus

189 2708 273 2756 atque
281 2718 316 2746 ab
328 2723 454 2752 aequore;
469 2720 523 2742 tum
533 2713 595 2748 quia
606 2711 695 2739 Latini
705 2711 740 2737 ob
752 2710 875 2745 peritiam
888 2716 939 2743 qua
949 2708 976 2735 in

188 2754 261 2794 bello
276 2763 415 2800 pollebant
429 2761 475 2788 hic
494 2760 580 2794 magis
593 2757 745 2793 urgendum
762 2757 896 2783 viderant.
912 2754 976 2781 inde

189 2812 263 2839 enim
276 2809 392 2842 cognovi
409 2807 521 2835 ntuitum
538 2805 659 2840 potuisse
672 2803 770 2830 laedi-re
784 2809 846 2834 nos,
857 2809 889 2828 eo
904 2803 975 2835 quod

190 2856 309 2888 primum
331 2860 492 2890 permanere
506 2851 553 2880 diu
577 2853 715 2886 poterant,
744 2848 896 2876 cuuilittns
923 2849 974 2876 hoc

1028 2251 1118 2286 δείλην
1132 2253 1187 2287 γὰρ
1200 2253 1381 2287 κατασχόντες
1395 2252 1444 2284 τὰς
1461 2252 1528 2283 ναῦς
1544 2253 1584 2283 είς
1606 2251 1711 2287 αὔριον,
1727 2249 1812 2276 ἕωθεν

1029 2296 1118 2332 μάχης
1136 2299 1271 2333 κρατερᾶς
1297 2298 1455 2334 ὲνήρξαντο.
1472 2298 1526 2324 Καὶ
1550 2296 1580 2324 τδ
1608 2297 1658 2332 μὲν
1680 2296 1813 2332 δυσμικδν

1027 2343 1101 2369 ἁπαν
1117 2343 1170 2374 ἕως
1195 2344 1242 2370 καὶ
1258 2344 1299 2376 εις
1320 2344 1382 2370 ὅλον
1404 2344 1435 2370 τὸ
1453 2343 1546 2378 κύκλῳ
1565 2343 1615 2378 τῆς
1638 2342 1813 2377 ἀκροπόλεως

1028 2389 1111 2425 (κατὰ
1125 2391 1217 2426 σχῆμα
1228 2390 1283 2427 γάρ
1295 2399 1322 2416 τι
1337 2389 1473 2426 δρεπάνου
1491 2391 1523 2417 ὲκ
1541 2389 1677 2423 θαλάσσης
1694 2388 1746 2420 ἕως
1764 2387 1814 2414 καὶ

1027 2435 1081 2463 τῶν
1093 2435 1183 2462 ἐκεῖσε
1208 2435 1300 2462 πυλῶν
1322 2436 1471 2471 περιήγετο
1488 2434 1659 2472 πυργηροῦν)
1676 2435 1725 2469 οὐχ
1741 2433 1813 2460 οὕτω

1028 2481 1180 2516 πράγματα
1195 2481 1262 2516 ἡμῖν
1279 2483 1421 2516 παρεῖχεν,
1433 2480 1494 2507 οὒτε
1509 2480 1653 2516 τραύματα
1670 2478 1810 2514 ἑνέτριϐεο

1027 2526 1058 2553 τὶι
1073 2526 1101 2553 δὲ
1115 2526 1144 2559 ἐξ
1161 2526 1292 2561 ἀνατολῆς
1307 2526 1460 2562 ἐθηριοῦτο.
1478 2524 1533 2552 Ἦν
1545 2525 1574 2552 δὲ
1598 2525 1688 2560 μάχης
1704 2523 1814 2551 ἐλεύθε-

1031 2581 1077 2608 ρον
1089 2572 1119 2599 τὸ
1136 2572 1268 2606 παράλιον
1287 2573 1357 2604 ὅλον,
1386 2572 1417 2598 τὸ
1443 2571 1503 2606 μὲν,
1520 2572 1560 2598 ὅτι
1578 2571 1643 2606 ψιλὰ
1666 2570 1813 2598 θαλασσίου

1030 2618 1124 2650 ὕδατος
1139 2616 1172 2654 ἦν
1185 2620 1219 2645 τὰ
1233 2618 1300 2654 πρὸς
1314 2618 1353 2654 τῷ
1369 2618 1453 2653 τείχει
1473 2618 1517 2644 διὰ
1533 2618 1580 2645 τὸν
1596 2617 1691 2653 καιρδν
1706 2617 1813 2652 θερινὸν

1028 2664 1100 2697 ὅντα,
1115 2666 1160 2691 καὶ
1176 2665 1213 2699 μὴ
1228 2665 1382 2700 πληθύοντα
1404 2665 1453 2700 τὴν
1471 2665 1608 2692 θάλασσαν
1628 2665 1708 2700 μέχρι
1722 2664 1768 2690 καὶ
1783 2663 1815 2695 ἐς

1028 2710 1108 2737 αὑτὸν
1126 2711 1278 2746 τειχισμὸν,
1290 2711 1327 2742 ὡς
1344 2711 1467 2737 ἐντεῦθεν
1495 2711 1525 2744 ἐξ
1548 2711 1728 2746 ἀσυμμέτρου
1754 2711 1813 2742 τοῖς

1028 2757 1061 2783 ὲκ
1075 2757 1128 2783 τῶν
1142 2757 1282 2791 παραλίων
1295 2757 1407 2791 τειχέων
1423 2758 1468 2784 καὶ
1481 2757 1530 2792 τῆς
1544 2758 1576 2784 ἑκ
1591 2756 1726 2790 θαλάττης
1739 2754 1813 2782 εῖναι

1028 2802 1076 2837 τὴν
1095 2803 1200 2837 μάχηνο
1215 2802 1246 2829 τὸ
1260 2802 1293 2834 δ’,
1308 2804 1348 2829 ὅτι
1361 2803 1495 2837 δαήμονες
1506 2803 1583 2835 ὄντες
1593 2804 1695 2830 ικεῖνοι
1709 2803 1813 2838 μάχης,

1028 2849 1092 2884 περὶ
1107 2849 1135 2876 τὸ
1156 2849 1253 2876 πονοῦν
1268 2849 1367 2885 μᾶλλον
1391 2849 1441 2884 τῆς
1467 2850 1570 2882 πόλεως
1587 2849 1756 2885 ἐμελέτησαν
1769 2848 1816 2876 tv-
