1962 3087
136 133 171 165 73
540 140 587 169 DE
609 141 892 174 TIIESSALONICA
916 146 1017 177 URBE
1039 149 1059 178 A
1076 150 1230 182 LA'HNIS
1249 153 1374 186 CAPTA.
1729 158 1764 190 74

136 189 187 222 φὺν
201 189 251 225 τήν
269 200 298 218 τε
315 193 420 229 μητέρα
447 197 502 227 τοῖς
529 197 576 224 τοῦ
599 199 770 234 Ἀνδρονίκου
796 202 928 235 ἀφύκτοις

136 235 230 268 λίνοις,
249 237 307 263 ἀλλ’
327 238 392 265 αὐτὸ
411 240 443 275 δὴ
459 241 490 266 τὸ
513 242 608 276 ἄκρως
633 244 754 278 ἀμελεῖν,
778 248 826 272 καὶ
847 248 921 282 παρὰ

135 281 239 314 φαῦλον
257 283 306 316 τὴν
329 284 463 320 τοσαύτην
491 287 569 313 πόλιν
595 289 719 316 τίθεσθαι
749 291 796 318 καὶ
817 292 863 318 τὸν
892 294 921 319 ἐν

134 327 203 363 αὖτῇ
221 329 309 355 πάντα
323 330 399 361 λαὸν,
415 332 462 357 καί
479 341 530 359 που
544 334 591 360 καὶ
606 334 733 370 εὔχεσθαι
750 338 795 363 τὸν
807 347 922 374 στρατη-

135 372 193 405 γὸν,
205 373 391 409 ὲπιτμηθῆναι
406 376 452 402 ¹τδν
467 377 515 412 τῆς
543 379 675 412 ἁλώσεως
701 383 807 417 χρόνον,
823 383 849 409 εἰ
864 372 922 416 πώς

135 418 261 451 ἐκφυγὼν
271 419 299 446 τὸ
309 419 362 453 ’τοῦ¹
379 421 513 455 βασιλέως
523 425 678 459 πρόσωπον,
690 428 718 458 ἐς
727 428 833 462 κόρακα
839 438 847 459 ;
859 438 923 457 πτε-

138 463 257 497 ρύεεται.
267 467 396 499 συγγενὲς
405 467 438 494 ἂν
451 468 494 504 εἴη
508 470 580 503 μάλα
589 471 627 505 τῷ
639 473 801 506 προδιδόναι,
811 475 857 501 καί
869 484 921 501 που

136 511 181 535 καὶ
193 511 292 544 χεῖρον,
302 511 381 543 ὠςᾶν
405 522 449 545 τις
473 515 520 541 τοῦ
532 516 621 543 λαλεῖν
642 519 766 554 τεχνίτης
788 522 922 554 ἐπαγωνί-

134 564 219 582 tum.
227 557 280 583 Καὶ
291 558 305 584 ὁ
314 557 468 592 λογίζεσθαι
478 562 714 597 συνετδςξταυτῖζοι
723 566 788 599 γοῦν
796 567 873 594 ταῦτ’
888 568 921 595 ἂν

134 603 205 628 κατὰ
219 604 248 629 re
265 604 416 640 σύστοιχον.
441 607 520 634 Οὕτω
541 609 588 635 καὶ
603 611 797 647 οἰακοστρόφος
808 613 877 645 νεὼς
888 615 918 641 οὺ

135 649 205 675 κατὰ
220 651 346 684 κυρείαν,
360 652 429 679 ἀλλὰ
447 654 556 688 μισθοῦ,
572 657 596 682 εἰ
614 656 652 692 τῷ
667 659 918 695 κεφαλαιωσαμένῳ

133 694 183 728 τὴν
198 695 264 721 ναῦν
278 697 413 730 ὲγκοτοίη,
427 700 455 730 ἐς
469 700 531 727 ὅσον
544 701 593 728 οὐκ
605 703 664 730 ἔστι
677 704 758 731 πλέον
772 706 917 740 ἐπιτεῖναι,

134 741 289 775 παραμένει
317 743 368 776 μέν
393 753 456 771 ποτε
473 746 673 785 κινδυνευούσῃ,
692 751 768 777 λαλεῖ
787 752 815 778 δὲ
837 753 919 780 ὰσυν-

132 785 206 819 τελῆ,
224 788 272 812 καὶ
290 789 404 823 πράττει
419 791 468 817 οὐκ
482 792 648 828 ἁρῤᾳθύμως
660 802 668 811 ·
683 797 729 822 καὶ
751 796 800 831 τὴν
819 798 918 834 τέχνην

132 831 173 862 εἷς
198 832 228 857 τὸ
246 834 301 859 πᾶν
322 836 473 869 συστείλας,
492 838 589 873 ἀφίησι
604 841 634 866 τὸ
651 842 753 875 σκάφος
776 831 917 879 προσαρα-

131 877 229 911 χθῆναι
244 881 378 916 σκοπέλῳ,
396 882 440 908 καὶ
459 884 530 910 κατὰ
546 884 626 920 βυθοῦ
644 886 720 914 δῦναι
736 889 810 921 αὐτῷ
827 877 917 926 φόρτῳ

132 921 180 947 καὶ
194 922 334 957 ἀνδράσιν.
348 925 427 953 Οὕτω
442 928 490 955 καὶ
505 928 590 962 φύλαξ
604 929 768 966 τελεσφόρον
783 921 916 968 ἀμπέλου..

131 967 258 1001 καθάπαξ
281 970 444 1006 ἀποστυγῶ-ι
467 974 512 1000 τὸν
533 975 665 1011 δεσπότην
681 979 751 1005 κατὰ
775 967 853 1013 μέσος
874 979 917 1007 τέ-

130 1011 212 1044 λειον,
229 1013 350 1049 βοτρύων
367 1018 416 1052 μὲν
429 1018 493 1050 ἴσως
507 1020 622 1048 ἅπτεται
634 1022 676 1054 εἰς
686 1011 872 1059 οὐδὲνξσυχνὰ
887 1026 915 1053 δὲ

130 1058 168 1092 πῆ
197 1060 246 1094 μὲν
272 1061 346 1088 κάτω
363 1064 525 1098 περιοδεύει.
540 1066 577 1102 πῆ
595 1067 623 1094 δὲ
645 1067 692 1095 τοῦ
711 1058 912 1105 σκοπευτηρὶου

128 1105 244 1137 γίνεται,
261 1108 308 1134 καὶ
321 1105 372 1135 ὦδε
390 1111 435 1136 καὶ
448 1112 507 1138 ἐκεῖ
523 1113 763 1149 περιδλεπόμενος,
781 1118 914 1151 φαντάζει

129 1152 299 1185 ἐπιμέλειαν·
315 1154 386 1189 ὁρῶν
401 1156 430 1183 δὲ
447 1157 496 1193 τὴν
510 1158 557 1185 τοῦ
570 1162 696 1196 φραγμοῦ
709 1162 849 1197 σύμπηξιν
866 1165 913 1190 καὶ

128 1197 178 1232 τὴν
194 1198 236 1224 ἐπ’
257 1199 331 1235 αὕτῷ
352 1201 466 1235 τάφρον,
485 1203 738 1239 ἐπιϐουλευσάμενά
764 1209 845 1235 ποθεν
862 1210 913 1236 οὐκ

128 1242 294 1276 ἀποκωλύει,
313 1245 370 1272 ἀλλ’
398 1244 443 1274 οἷα.
472 1248 519 1274 καὶ
541 1249 737 1282 ἀπονυστάζων
764 1253 911 1285 διάκειται,

128 1287 216 1313 ἀνύων
232 1289 282 1322 μὲν
296 1289 367 1318 οὕτω
380 1292 410 1318 τὸ
423 1292 493 1319 κατὰ
507 1293 554 1320 τοῦ
570 1296 743 1330 κτησαμένου
759 1297 808 1333 τὴν
825 1299 913 1333 ἄμπε-

127 1331 173 1357 λον
189 1331 297 1366 βλάϐος,
320 1336 442 1369 μελετῶν
461 1337 488 1364 δὲ
504 1337 630 1372 ὀμεῖσθαι
649 1342 706 1372 τοίς
726 1331 912 1376 animum.

127 1376 164 1408 ὡς
179 1377 242 1405 οὗτε
257 1380 352 1414 φεύγοι
373 1381 418 1408 τοῦ
435 1383 608 1417 ἀμπελῶνος,
624 1386 686 1412 οὔτε
705 1388 845 1423 κεκλόφοι.
857 1389 915 1416 οὔτ’

128 1422 252 1459 ἀποδοίη,
272 1425 361 1459 ἀφιεὶς
374 1427 403 1453 δὲ
417 1427 457 1461 τὺ,
483 1429 550 1456 Οὐδὲ
580 1430 633 1465 μὴν
652 1432 797 1467 ἀμελήσοι,
822 1435 836 1461 ὂ
864 1437 914 1466 τὴν

129 1466 249 1500 ἄμπελον
262 1469 447 1505 ἁπηχρείωσε.
466 1472 557 1500 Ταῦτα
584 1475 613 1501 δὲ
641 1476 675 1502 τὰ
699 1466 746 1503 καλ.
771 1479 809 1512 τῷ
832 1479 915 1506 ama

130 1514 326 1548 ἐμφαινόμενα,
343 1516 377 1542 δι’
394 1513 431 1544 ὧν
444 1519 474 1544 οὑ
495 1519 575 1553 μόνον
589 1521 603 1546 ὁ
623 1519 796 1557 ’Ἀνδρόνικος
808 1525 913 1558 ψέγοιτ⁸
926 1525 951 1559 c

128 1558 172 1591 ἂν,
191 1556 302 1587 δύσνούν
318 1563 407 1597 ἐαυτῷ
423 1563 508 1599 ἄνδρα
523 1566 568 1592 καὶ
584 1566 669 1600 βαθὺν
690 1570 914 1604 πονηρεύσασθαι

129 1606 298 1640 τηλικούτοις
308 1609 458 1642 ἐπιστήσας
473 1612 633 1647 πράγμασιν
643 1621 650 1629 ·
665 1614 732 1642 ἀλλὰ
743 1617 789 1643 καὶ
803 1617 817 1641 ὁ
833 1618 915 1645 Δαυῒό

127 1652 313 1688 ἀπελέγχοιτο,
336 1654 373 1689 μὴ
393 1655 426 1681 ἃν
446 1655 519 1690 ἒχειν
544 1657 700 1692 διεκφυγετν
727 1661 837 1696 γραφὴν
863 1663 910 1689 τοῦ

126 1697 283 1731 προδοῦναι.
302 1699 609 1733 ’Λνακεφαλαιιῖ›σασθαι
618 1705 671 1740 γὰρ
684 1706 713 1732 τὸ
725 1706 909 1742 ὲπιχειρηθὲν,

125 1742 188 1769 οὔτε
207 1743 376 1780 κυϐερνήτης
388 1746 561 1781 καραδοκῶν,
576 1749 654 1783 εἴπερ
665 1751 821 1786 ὁρμισθειη,
841 1754 910 1779 ἀπο-

124 1787 257 1815 δαλέσθαι
268 1788 316 1823 τὴν
326 1790 447 1826 κεφαλὴν
462 1792 532 1819 κατὰ
545 1793 590 1820 τὸν
604 1795 723 1831 δυστυχῆ
739 1798 848 1833 σωτῆρα
864 1799 910 1826 τοῦ

122 1832 235 1868 Ξέρξου,
255 1834 366 1870 ὀκνήσοι
382 1836 425 1868 ἂν,
443 1838 554 1872 ριχίαις
570 1839 675 1874 φθάσας
693 1843 865 1877 προσαράξαι
881 1844 911 1870 ea

124 1880 239 1912 σκάφος,
253 1880 374 1915 κύμασιν
391 1882 498 1916 ἐκδοὺς,
515 1884 541 1911 εἰ
561 1894 619 1917 πως
634 1887 844 1923 ἐκκολυμϐήσας
860 1890 909 1924 μό-

123 1933 168 1956 νος
181 1927 390 1961 περιγενήσεται
401 1936 408 1944 ·
426 1929 473 1955 καὶ
485 1930 648 1964 ἀμπελῶνος
661 1932 689 1958 δὲ
702 1933 810 1966 φύλακα
823 1935 906 1962 δαπα-

123 1972 172 2005 νᾷν
186 1971 234 2005 μὲν
250 1972 280 1998 τὸ
301 1974 443 2000 πιστευθὲν
456 1975 506 2001 οὐκ
522 1976 623 2009 εἰδότα,
640 1977 712 2012 χόλῳ
726 1978 755 2004 δὲ
774 1979 814 2014 τῷ
837 1981 907 2007 xerit

122 2016 169 2041 τοῦ
177 2016 306 2043 δεσπότου
316 2018 434 2051 ἀφιέντα
444 2019 618 2052 κλέπτεσθαι,
627 2024 672 2048 καὶ
682 2023 788 2057 θηρίοις
797 2025 910 2059 βλάπτε·

122 2061 196 2093 σθαι,
211 2063 260 2088 οὐκ
279 2063 312 2089 ἂν
345 2065 524 2101 νοσφιζοίμην
548 2066 639 2101 λέγειν
673 2069 820 2103 προδοῦναι
860 2073 908 2106 τὴν

121 2107 260 2141 ἄμπελον.

945 206 966 234 Α
984 213 1045 233 cum
1061 209 1133 235 omni
1158 217 1209 237 suo
1234 212 1336 246 populo
1359 213 1439 242 malis
1466 214 1622 248 submersa.
1641 223 1702 244 cum
1720 219 1761 245 via

979 252 1057 280 unica
1090 255 1186 282 orandi
1224 257 1321 284 ducem
1354 263 1516 295 ut‘tempus
1551 263 1763 297 expugnationis

978 297 1159 331 abbreviaret.
1175 309 1248 334 cum,
1263 303 1285 330 si
1306 304 1409 331 vultum
1422 306 1597 340 imperatoris
1610 308 1717 344 fugiens
1728 311 1761 337 ad

977 351 1074 372 (τοι-τος
1087 346 1237 379 advolaret,
1251 349 1384 386 proditori
1406 351 1562 381 simillimus
1573 360 1657 386 esset,
1681 361 1762 391 atque

973 391 1119 425 aliquoties
1147 393 1233 427 ναίον,
1249 396 1296 429 qui
1318 400 1347 422 ut.
1370 397 1511 425 contredus
1530 400 1622 427 verbis
1651 405 1757 428 tantum

974 444 1132 472 pugnasset.
1148 438 1237 467 Mente
1250 441 1369 475 prudens
1393 443 1527 470 itteodem
1552 445 1648 473 ordine
1680 447 1759 475 istius

973 482 1044 510 modi
1058 489 1179 517 poneret.
1190 484 1424 518 Quemadmodum
1441 489 1609 523 gubernator
1625 493 1701 519 navis
1712 501 1760 519 cu-

969 528 1014 561 jtts
1037 537 1090 556 non
1118 536 1160 557 est
1186 531 1313 560 dotnintts
1329 534 1376 561 sed
1405 535 1568 568 conductor,
1587 538 1609 563 si
1634 538 1762 566 irascitur

973 574 1010 601 illi
1043 576 1089 609 qui
1118 583 1179 603 eam
1204 577 1325 611 lmserit,
1349 587 1404 607 non
1441 586 1482 608 est
1516 586 1545 608 ut
1570 584 1658 617 magis
1685 584 1757 612 iras-

971 624 1049 647 catur
1062 641 1070 653 ,
1086 622 1163 649 adest
1177 623 1286 657 quidem
1303 625 1424 658 periculo
1439 634 1446 658 ;
1464 627 1577 654 consilia
1610 636 1675 656 vero
1700 631 1760 664 ejus

972 672 1025 692 non
1047 670 1111 693 sunt
1137 667 1256 696 cllicacia
1283 671 1458 706 segniterque
1475 673 1529 708 agit
1544 681 1551 705 ;
1568 674 1641 701 ontni
1667 681 1759 712 autem

971 711 1070 746 peritia
1087 713 1147 747 ejus
1161 714 1185 740 iu
1202 722 1287 742 ttnum
1316 716 1493 750 intendente,
1515 719 1541 745 in
1559 711 1690 755 scopulos
1705 721 1756 748 itn-

972 757 1085 792 pingere
1099 761 1220 786 carinam
1242 761 1306 788 sinit
1323 767 1404 796 atque
1421 763 1446 789 itt
1474 765 1574 799 abysso
1606 767 1690 801 mergi
1720 768 1758 794 si-

972 804 1027 830 tttttl
1056 812 1117 831 cum
1145 806 1282 834 mercibus
1301 811 1328 834 et
1349 809 1515 837 nominibus.
1533 809 1633 839 Eadem
1653 812 1759 839 ratione

971 849 1053 876 etiam
1069 854 1164 877 custos
1180 851 1264 878 vinea:
1280 854 1395 880 maturis
1419 855 1479 882 uvis
1495 857 1609 883 consita:
1625 865 1757 885 aversans

971 895 1113 922 dominum
1130 897 1193 923 odio
1209 897 1341 932 perfecto,
1359 907 1426 928 uvas
1440 901 1520 933 ,τοι-ιο
1538 902 1571 929 ad
1600 903 1669 930 nihil
1696 904 1755 931 alli-

969 945 1025 975 gat,
1039 949 1110 976 saepe
1126 946 1216 970 tanten
1247 944 1390 972 descendit
1415 946 1442 973 in
1464 947 1624 976 inferiorem
1640 955 1756 985 partem,

964 987 1053 1012 tmotlo
1069 991 1123 1013 stat
1143 989 1221 1022 quasi
1241 989 1267 1015 in
1284 992 1454 1025 spectaculo,
1475 993 1519 1020 bic
1537 998 1565 1021 et
1593 994 1648 1022 illic
1665 996 1754 1030 respi-

976 1031 1051 1058 ciens
1064 1039 1157 1060 curant
1179 1033 1312 1068 simulat;
1332 1036 1426 1065 ridens
1444 1046 1508 1066 vero
1521 1040 1593 1075 sepis
1612 1048 1758 1076 compages

967 1076 1128 1113 foveamque
1147 1080 1224 1115 juxta
1248 1081 1341 1114 illaut.
1365 1091 1412 1111 eos
1435 1084 1482 1119 qui
1515 1086 1680 1114 insidiantur
1703 1095 1756 1114 non

970 1129 1078 1152 amovet
1099 1126 1173 1158 inde,
1188 1127 1236 1154 sed
1263 1127 1404 1157 dormiens
1420 1129 1513 1164 jacet,
1546 1132 1690 1165 perlicien's
1719 1133 1756 1159 ita

969 1170 1099 1198 damnum
1117 1173 1203 1200 vinem
1221 1176 1398 1208 possessoﬁs,
1411 1176 1484 1204 illico
1498 1177 1593 1211 jurans
1608 1179 1756 1214 qutercntl-

967 1217 1018 1244 bus
1044 1225 1072 1244 se
1104 1226 1243 1253 nunquam
1270 1222 1352 1248 vitem
1374 1221 1541 1255 deseruisse,
1566 1232 1617 1251 ttec
1637 1224 1755 1252 furatum

967 1270 1038 1295 csse,
1050 1271 1100 1290 nec
1127 1264 1235 1292 tandem
1267 1266 1424 1299 tradidisse,
1441 1267 1572 1296 clamans.
1588 1268 1648 1297 Non
1666 1274 1754 1297 tamen

967 1312 1027 1335 erat
1039 1309 1194 1344 negligens.
1206 1310 1239 1338 iis
1252 1311 1365 1339 obstans
1377 1320 1436 1347 qua:
1447 1313 1533 1341 vinea:
1544 1322 1642 1342 nocere
1654 1317 1755 1350 potuis-

967 1357 1037 1380 sent.
1058 1354 1120 1381 H:ec
1135 1362 1200 1382 vero
1217 1355 1243 1382 in
1261 1356 1346 1384 David
1361 1359 1494 1392 completa
1504 1364 1568 1387 sunt
1579 1367 1639 1387 cum
1650 1368 1684 1388 ex
1700 1361 1754 1388 illis

970 1406 1024 1425 non
1043 1399 1131 1426 solum
1160 1401 1331 1430 Andronicus
1354 1404 1431 1438 argui
1458 1406 1560 1438 poterit
1582 1406 1654 1440 quod
1681 1407 1754 1440 ejus-

969 1445 1041 1471 modi
1062 1446 1144 1473 rebus
1168 1447 1396 1477 administrandis
1417 1450 1505 1478 virum
1531 1452 1682 1486 prtel'ecerit
1702 1454 1753 1481 sibi

969 1490 1098 1518 infestum
1115 1497 1141 1519 et
1156 1493 1234 1520 malis
1248 1494 1354 1522 artibus
1369 1495 1526 1530 fecundum,
1543 1497 1590 1525 sed
1604 1499 1684 1526 etiam
1700 1499 1753 1526 Da-

966 1536 1009 1563 vid
1028 1538 1171 1566 convictus
1186 1538 1268 1567 fuerit
1288 1542 1452 1575 proditionis
1469 1550 1541 1570 reus.
1553 1544 1593 1571 Ad
1608 1552 1752 1573 resumen-

964 1581 1028 1609 dum
1045 1583 1116 1610 enim
1139 1583 1288 1620 incrptum,
1314 1595 1364 1614 nec
1384 1589 1552 1622 gubernator
1579 1590 1631 1618 fuit
1655 1599 1751 1626 exspe-

963 1628 1127 1662 ctabundus,
1151 1637 1213 1657 cum
1239 1633 1397 1666 appelleret.
1415 1642 1477 1662 eum
1497 1636 1656 1664 discritnine
1676 1637 1750 1672 capi-

963 1674 1008 1708 tis,
1020 1679 1048 1702 ut
1062 1675 1198 1704 infelicem
1211 1683 1379 1706 servatorem
1395 1679 1492 1708 Xerxis
1509 1682 1650 1715 damnare,
1667 1684 1745 1712 dubi-

966 1726 1026 1748 tans
1049 1728 1094 1752 an,
1126 1728 1271 1758 postquam
1291 1724 1318 1752 in
1342 1727 1472 1761 scopulos
1487 1729 1607 1756 carinam
1622 1730 1750 1765 impcgis~

965 1770 1018 1797 set.
1049 1766 1180 1795 ﬂuctibus
1209 1769 1420 1804 derelinquens,
1447 1772 1564 1799 natando
1583 1777 1676 1807 posset
1700 1774 1748 1800 ali-

962 1811 1071 1845 quando
1096 1813 1172 1841 solus
1202 1814 1301 1841 salvari
1324 1823 1331 1842 :
1359 1817 1498 1844 custodem
1526 1825 1635 1854 quoque
1662 1819 1749 1847 vincat

961 1864 993 1883 ex
1021 1865 1050 1884 re
1069 1858 1175 1886 credita
1198 1860 1320 1888 fructum
1342 1862 1484 1897 percipere
1508 1865 1686 1897 nescientem,
1699 1867 1747 1893 sed

961 1912 993 1930 ex
1018 1903 1058 1931 ira
1082 1906 1214 1934 adversus
1234 1915 1420 1942 possessorem
1447 1909 1581 1937 sinentem
1606 1918 1667 1950 cum
1700 1911 1748 1939 dc-

960 1951 1074 1984 prtcdari
1103 1955 1183 1986 atque
1213 1961 1227 1979 a
1266 1954 1360 1982 bestiis
1395 1955 1474 1987 laedi,
1512 1964 1565 1983 non
1593 1957 1746 1985 dubitarem

961 2003 1085 2025 asserere
1100 2005 1161 2025 cum
1179 1999 1331 2033 prodidisse
1343 2001 1462 2028 vincam.

155 2172 253 2207 ξγ¹.¹Ὠ
276 2173 331 2202 οἷον
356 2176 452 2207 κακὸν.
470 2174 493 2204 ὧ
517 2178 681 2214 ’Λνδρόνικε,
700 2182 839 2216 μεγίστοις
860 2183 906 2219 ἔρ-

994 2176 1037 2204 65.
1054 2177 1253 2212 Ηειιῖίιιιιιιιιιιιη
1268 2179 1380 2212 malum,
1393 2180 1584 2214 oAndronicc,
1600 2181 1626 2208 itt
1638 2183 1743 2216 magnis

120 2228 189 2253 γοις,
210 2221 256 2246 καὶ
281 2221 403 2248 κίνδυνον
418 2223 571 2260 δεινότατον
589 2226 806 2261 ὲπισυρομὲνοις,
825 2229 905 2265 εἴπερ

119 2260 294 2299 ἇμεληθείεν,
312 2267 361 2293 ἕνα
377 2268 439 2294 τινὰ
455 2269 535 2303 μόνον
560 2271 600 2302 εἰς
616 2260 804 2307 αὐτοκράτορα
819 2260 905 2309 κεφα-

119 2310 168 2345 λὴν
184 2311 308 2346 ὲφιστᾷν,
323 2314 370 2339 καὶ
382 2314 462 2340 αὐτὸν
477 2315 506 2341 δὲ
522 2315 583 2343 οὔτε
599 2317 659 2344 λίαν
674 2319 841 2354 ἐπιστήμονα
857 2321 903 2348 τοῦ

119 2356 197 2391 δρᾷν,
214 2358 262 2384 καὶ
281 2358 400 2385 ὕποπτον
413 2359 457 2386 δέι
476 2358 511 2386 Ὠ
532 2362 682 2397 Ἐπιμηθεῦ
701 2364 833 2399 βασιλικὲ,
847 2365 903 2393 οἷον

118 2402 192 2437 ἡμᾶς
203 2403 292 2430 διέθου
309 2405 408 2431 κακόνῑ
431 2405 462 2431 Ὢ
477 2405 636 2443 ἀλυσιτελὴς
649 2410 853 2444 ὑστεροὸουλίαῑ
870 2413 902 2439 Ὦ

116 2447 320 2484 δυσανακλήτου
339 2450 381 2476 κα”
393 2450 423 2476 οὗ
440 2451 556 2485 ἀκίχητα
577 2453 732 2486 ἐπιδὶωξιςῐ
752 2456 783 2482 Ὢ
799 2458 901 2488 εἰκαῖος

117 2493 220 2524 ἐκεῖνος
237 2494 402 2528 μετάμελοςῑ
428 2495 484 2521 Οὐκ
499 2496 561 2530 ἔσχε
584 2497 638 2531 γὰρ
659 2499 698 2529 εἰς
712 2499 788 2530 τέλος
804 2501 836 2527 τὰ
853 2501 900 2527 τοῦ

116 2536 200 2564 Δαυΐό
225 2538 285 2564 οὐδὲ
315 2539 361 2565 τὸν
394 2540 504 2574 βασιλέα
522 2540 621 2570 λαθεῖν.
636 2544 681 2569 Διὸ
699 2545 745 2570 καὶ
767 2545 900 2577 ἐξέστειλε

118 2582 168 2616 μὲν
184 2583 287 2615 ἐκεῖνος
302 2586 347 2610 τῦν
361 2586 402 2616 εἰς
419 2587 529 2622 μνήμην
543 2587 592 2622 ἤδη
604 2589 741 2622 γραφικὴν
757 2589 899 2616 ἀποτεθει-

117 2627 197 2662 μένον
208 2630 466 2665 παρακοιμώμενον,
479 2633 510 2659 ού
528 2633 608 2667 μόνον
620 2634 667 2659 ἐπὶ
684 2634 776 2670 ἀμύνῃ
794 2636 842 2669 τῆς
854 2637 901 2662 πύ-

115 2673 194 2707 λεως,
207 2674 274 2701 ἀλλὰ
288 2676 332 2702 καὶ
344 2676 382 2708 ὼς
395 2677 427 2703 ἄν
446 2686 527 2711 φασιν
546 2679 668 2706 ὑπελθὼν
688 2680 784 2712 δεξιῶς
796 2682 901 2715 ἀμύνη-

115 2727 162 2745 ται
175 2719 221 2746 τὸν
235 2720 381 2747 ἀπατεῶνα
397 2722 477 2748 Δαυῗδ
488 2723 527 2754 εις
541 2723 662 2760 ὀλεθρον.
677 2725 745 2760 Ἤδη
760 2725 815 2761 γὰρ
836 2735 901 2753 κατ-

117 2764 189 2798 έγνω
206 2766 251 2792 τὸν
264 2766 349 2802 ἄνδρα.
362 2769 409 2793 καὶ
432 2768 446 2793 ὁ
465 2767 591 2802 βασιλεὺς
608 2769 836 2806 ἀψιμαθέστερον,
855 2770 899 2798 οἷα

116 2810 323 2848 βυσσοδομεύων
346 2811 389 2848 ἦν.
412 2814 554 2848 Ἐκρήτιζε
579 2816 606 2841 δὲ
631 2816 685 2850 ἄρα
708 2817 775 2851 πρὶς
802 2818 898 2852 Κρῆτα

278 2859 413 2889 ρλτιιοι.
437 2859 495 2888 (in.
522 2860 682 2891 CXXXVI.

960 2222 1001 2249 bis
1025 2223 1166 2256 operibus,
1184 2231 1244 2258 qua
1259 2225 1344 2251 etiam
1363 2226 1513 2254 maximum
1529 2227 1683 2261 periculum
1698 2237 1744 2256 se-

957 2275 1018 2295 cum
1038 2274 1192 2301 traxernnt,
1221 2278 1284 2297 cttm
1312 2272 1335 2298 si
1360 2272 1485 2306 neglecta
1503 2272 1631 2306 fuissent,
1659 2281 1742 2301 unum

955 2320 1061 2342 tantunt
1075 2316 1235 2350 imperatori
1251 2317 1447 2351 exprobratum
1462 2318 1573 2350 fuisset,
1589 2320 1670 2353 eique
1687 2328 1741 2346 non

955 2362 1023 2390 satis
1046 2363 1112 2396 quid
1124 2362 1182 2390 ﬁeri
1207 2363 1320 2391 deberet
1339 2364 1449 2396 edocto,
1477 2366 1654 2393 solummodo
1676 2375 1741 2394 vero

955 2409 1124 2443 suspicanti!
1139 2409 1161 2436 Ο
1176 2410 1275 2444 regalis
1289 2410 1464 2445 Epimetltett,
1478 2417 1624 2443 memento,
1637 2419 1740 2447 quanto

956 2454 1029 2480 malo
1055 2453 1140 2481 lueris
1163 2455 1240 2482 nobis
1257 2456 1263 2482 l
1283 2455 1411 2483 Oimttile
1425 2457 1570 2485 consilium
1598 2459 1633 2485 ob
1653 2459 1740 2486 tardi-

953 2501 1058 2527 tatem!
1077 2500 1098 2527 Ο
1120 2501 1207 2528 tristis
1223 2502 1361 2529 memoria:
1380 2503 1443 2530 boni
1462 2511 1531 2530 vana
1550 2506 1737 2532 consectatio!

953 2545 975 2572 0
1008 2546 1178 2573 infructuosa
1216 2547 1261 2573 illa
1296 2548 1456 2582 pteniteotia
1484 2549 1490 2575 ι
1514 2549 1541 2575 In
1578 2555 1737 2584 perpetuum

952 2591 1025 2618 enim
1050 2599 1110 2626 quae
1135 2593 1167 2618 ad
1185 2591 1381 2625 Davidem,aut
1404 2594 1597 2629 imperatorem
1614 2601 1739 2629 spectant

953 2645 1006 2664 non
1033 2641 1158 2672 poterant
1190 2639 1284 2666 latere.
1314 2639 1376 2666 Ideo
1412 2640 1487 2667 misit
1520 2639 1737 2673 Cubicularittm,

954 2684 978 2709 in
989 2684 1102 2711 historia
1114 2683 1169 2718 jam
1183 2689 1374 2716 memoratum.
1384 2692 1438 2712 non
1455 2686 1544 2713 solum
1556 2687 1589 2713 ad
1599 2687 1737 2714 defensio-

953 2737 1013 2756 nem
1025 2729 1112 2761 urbis,
1124 2730 1170 2757 sed
1184 2730 1278 2763 etiam,
1291 2735 1320 2756 ut
1335 2730 1424 2762 aiunt,
1435 2731 1468 2758 ad
1484 2732 1671 2759 defensionem
1687 2732 1736 2757 Da-

951 2774 1022 2801 \itlis
1050 2775 1195 2801 errabundi
1219 2775 1245 2802 in
1267 2775 1358 2810 ipsius
1388 2776 1548 2810 perniciem.
1573 2776 1632 2806 Jam
1664 2777 1734 2802 enim

952 2823 1116 2857 cognoverat
1137 2819 1224 2846 virum
1252 2820 1332 2847 etiam
1360 2821 1520 2855 imperator,
1538 2823 1585 2848 sed
1616 2821 1734 2852 tur-lius,

1539 2864 1557 2893 3
