1962 3087
127 155 157 189 81
514 160 563 190 DE
583 160 870 193 THESSALONICA
887 162 991 195 URBE
1012 163 1036 192 A
1055 161 1211 192 LATINIS
1225 162 1356 193 CAPTA.
1723 164 1758 195 82

128 225 240 253 στροφος
250 216 294 253 ἦν,
306 218 402 255 ὥσπερ
415 219 474 246 οὐδὲ
488 220 541 247 τῶν
550 220 639 247 ἄλλων
649 220 764 253 οὐδενὸς,
778 220 807 246 ἓν
819 221 906 248 ἐκεῖνο

973 218 1184 249 Thessalonicam
1193 221 1299 249 veniret
1312 221 1384 256 quod
1397 221 1587 249 Andronicum
1606 222 1757 250 metuebat.

128 265 238 300 σκιμμα
252 266 355 301 στήσας
371 266 400 292 ὲν
422 266 523 301 ἑαυτῷ,
552 268 584 302 τῇ
602 267 789 303 Θεσσαλονίκῃ
806 276 906 302 συγκα‹

129 311 303 346 τοιχήσεσθαι
320 312 374 339 δέει
388 312 434 339 τοῦ
453 313 637 349 ’Δνδρονίκου.
653 314 709 340 Καὶ
724 314 777 350 μὴν
791 311 864 348 εἶχεν
874 314 907 340 ἂν

130 357 230 393 ἐγγύην
252 358 455 394 ἑπινοήσεσθαι,
482 358 529 392 ὼς,
554 358 611 392 εἴγε
634 359 716 386 σώσει
744 359 793 393 τὴν
819 359 908 392 πόλιν⁹

127 403 310 437 ὲκμειλίξεται
332 404 378 431 τὸν
408 405 516 440 ἄγριον,
540 403 584 432 οἷα
600 405 808 439 πεπιστωμένος
838 403 907 432 εἶναι

127 449 174 484 ζῇν
190 451 274 482 ἆξτος.
297 451 368 478 Ἀλλ’
383 451 444 478 οὔτε
461 452 505 478 τδν
520 452 567 479 τοῦ
583 452 724 487 βασιλικοῦ
746 452 845 487 ἥθνους
861 450 908 478 εΰ-

962 267 1102 295 llationem
1114 272 1203 296 autem
1218 268 1372 303 excogitare
1387 271 1512 303 potuerat
1525 273 1553 295 ut
1564 288 1571 299 ,
1586 269 1608 295 si
1627 269 1704 295 salva
1715 277 1760 295 cs-

962 319 1005 342 set
1016 314 1210 347 civitas.istam
1219 314 1302 341 feram
1313 314 1419 346 leniret,
1430 314 1466 340 ita
1478 319 1519 345 ut,
1528 314 1647 347 conﬁdo,
1656 314 1757 349 dignus

963 361 1017 387 vita
1036 364 1166 388 exstaret.
1187 360 1240 388 Sed
1261 360 1298 388 illi
1314 368 1376 395 spes
1394 368 1447 388 non
1468 365 1528 388 erat
1541 361 1755 388 inconstantiam

962 405 1133 441 imperatoris
1144 407 1170 433 in
1180 406 1272 440 aliquo
1282 407 1354 433 bono
1364 406 1506 439 retinendi;
1517 412 1543 434 et
1554 411 1663 441 peccata
1677 407 1756 434 etiam

962 456 1055 479 nostra
1066 452 1200 487 ejusmodi
1217 453 1411 487 cogitationem
1425 453 1458 480 ab
1469 461 1502 480 eo
1513 458 1684 480 amoverant.

127 505 202 531 ριπον
211 498 322 533 ἐθάρρει
334 498 483 533 στήσεσθαι
498 499 530 525 ἂν
544 499 590 525 ὲπί
607 507 680 530 τινος
694 498 789 531 καλοῦ,
801 498 849 526 καὶ
859 499 887 525 αἱ
897 497 1031 534 ἁμαρτίαι
1048 497 1077 525 δὲ
1088 498 1168 533 ὴμῶν
1180 498 1327 533 ἀπήγαγον
1342 498 1425 525 αὑτοῦ
1436 499 1485 533 τὴν
1498 498 1629 533 τοιαύτην
1640 498 1757 532 ἔννοιαν.

160 567 208 600 ξθ’.
225 567 278 594 Καὶ
293 565 343 594 ὦδε
363 568 412 601 μὲν
426 568 443 603 ὴ
461 568 567 603 κεφαλὴ
580 568 629 603 τῆς
643 569 760 601 πόλεως.
778 568 816 596 Τδ
831 569 860 596 δέ
878 577 910 603 γε

127 615 216 641 λοιπον
230 614 304 641 ἅπαν
323 615 402 649 σῶμα
417 615 505 650 πάντη
523 615 657 650 διάφορον
672 613 717 650 ἦν,
737 616 911 650 ἑτεροιούμε-

127 668 167 685 νον
187 660 228 691 εἰς
242 660 355 694 ἀγαθόν.
372 660 427 686 Καὶ
442 660 466 686 οἱ
480 660 531 694 μὲν
545 660 646 692 ἔξωθεν
661 661 909 696 στρατευσάμενοι,

126 706 171 731 ,ιῦκ
187 705 219 731 ἂν
232 705 291 739 ἔχοι
303 714 345 736 τις
360 707 459 739 είπεϊν,
474 706 512 738 ὡς
525 706 556 733 τὸ
572 707 683 741 ἀρεῖκδν
698 706 853 741 ἐψεύδοντο,
869 704 910 738 οἷς

127 751 274 785 ἐνέπρεπον
295 751 342 777 καὶ
353 751 376 778 οἱ
393 751 420 784 ἐξ
436 751 566 784 Ἀλανῶν,
584 753 631 779 καὶ
647 751 675 778 εἴ
694 761 766 784 τινες
781 752 890 788 Ἴϐηρες
902 761 910 769 ·

126 798 146 822 οἱ
159 796 187 822 δὲ
202 797 252 831 τῆς
271 797 377 828 πόλεως
396 797 543 831 ίθαγενείς,
573 797 602 824 τὸ
621 798 734 833 γνήσιον
762 798 910 834 τηροῦντες

126 842 282 877 ψιλόπιτρι,
300 842 331 869 οὐ
347 842 439 869 πολλοὶ
457 843 506 874 μὲν
519 841 600 878 ἦσαν.
615 843 653 869 Τὸ
665 844 719 880 γὰρ
737 844 830 871 πλεῖον
848 844 911 871 ἀνέ-

127 898 188 922 μοις
202 889 285 915 ἑαυτὸ
303 889 452 924 ἐπιτρέψαν
469 889 566 924 ᾤχετο,
582 890 629 918 καὶ
653 891 771 925 μάλιστα
783 892 813 918 τδ
828 892 912 927 προέ-

1001 569 1046 597 69.
1064 568 1109 597 Sic
1128 576 1193 603 ergo
1208 568 1319 603 quidem
1339 572 1398 595 erat
1419 567 1540 595 civitatis
1562 571 1656 601 caput.
1685 566 1758 593 Reli-

963 623 1016 650 qua
1026 623 1089 643 vero
1100 615 1190 643 omnis
1202 622 1264 650 pars
1277 616 1400 649 corporis
1410 613 1522 641 omnino
1533 611 1677 640 dissimilis
1688 615 1757 644 erat,

962 662 1026 690 licet
1050 661 1077 688 in
1096 661 1198 688 bonum
1214 663 1330 687 mutata.
1342 658 1395 692 Qui
1410 658 1478 685 foris
1503 657 1759 689 militabanl,nemo

962 712 1054 744 posset
1065 707 1156 734 dicere
1168 710 1337 741 quantopere
1357 704 1491 740 ignaviam
1512 702 1757 735 dissimulaverint,

962 755 1035 782 inter
1047 761 1116 788 quos
1125 752 1274 788 praesertim
1287 750 1506 778 Alanietlberes.
1517 749 1568 782 Qui
1582 756 1645 777 vere
1662 754 1756 776 autem

963 808 994 828 ex
1009 800 1119 828 civitate
1134 803 1223 831 erant,
1236 806 1330 825 amore
1344 797 1438 832 patriae
1455 796 1543 824 cilicia
1561 795 1757 830 praestiterunt,

965 847 1013 875 sed
1043 854 1095 873 non
1121 852 1199 873 erant
1221 845 1309 872 multi.
1323 843 1451 877 Plerique
1474 842 1546 870 enim
1559 842 1717 869 adventum
1729 848 1758 868 sc
1784 839 1786 841 ’

966 895 1158 919 converleules
1194 891 1338 922 abierant,
1377 889 1549 922 maximeque
1578 886 1625 927 qui
1660 886 1760 914 robore

127 944 171 969 χον
188 936 258 962 κατὰ
282 944 312 962 τε
333 937 423 971 χεῖρα,
438 937 476 968 ὡς
493 936 605 972 ἐρρέθη,
626 937 673 964 καὶ
688 937 718 964 τὸ
733 937 866 965 δύνασθαι
882 938 912 964 τὸ

973 935 1114 967 tollebant,
1131 940 1160 962 ut
1177 935 1277 962 dictum
1288 939 1343 968 est,
1356 933 1549 968 rorripereque
1570 932 1668 959 ducem
1684 937 1712 959 et
1725 931 1758 959 ad

127 981 248 1016 ἐλέγχειν
279 981 324 1008 τὸν
345 983 498 1017 σρτατηγὸν
518 983 565 1009 καὶ
584 983 775 1018 συμμετάγειν
811 984 851 1016 εἰς
883 983 915 1010 τὸ

127 1029 220 1056 καλόν.

163 1097 215 1122 Καὶ
232 1094 309 1122 εἶπεν
323 1097 357 1123 ἄν
384 1106 426 1129 τις
446 1097 608 1133 ἀνθρώπους
632 1098 756 1133 τούτους,
766 1099 832 1131 τοὺς
845 1100 914 1126 ὑπο»

128 1142 243 1174 στάντας
270 1145 442 1178 παραμεῖναι
467 1145 498 1178 τῇ
523 1144 612 1175 πόλει,
637 1145 730 1171 οὐκέτι
756 1146 916 1178 πολιτικοὺς

128 1188 175 1213 καὶ
202 1188 341 1223 ἡμετέρου
357 1187 421 1222 βίου
449 1190 497 1214 καὶ
522 1189 755 1222 οίκοδεσποτείας,
781 1190 850 1216 ἀλλὰ
870 1191 918 1226 λῃ-

127 1233 219 1263 στείας
247 1234 294 1260 καὶ
310 1233 458 1268 θηριωδίας
485 1235 533 1260 καὶ
556 1235 707 1270 ὲμὸριθοῦς
738 1236 915 1271 ἀγριότητος.

126 1278 218 1306 ἾΙααν
231 1280 286 1315 γὰρ
301 1280 410 1315 ἀληθῶς
424 1281 510 1315 θυμοῦ
525 1281 572 1307 τοῦ
588 1281 659 1316 ὑπὲρ
683 1282 814 1317 πατρίδος
831 1283 919 1318 ἀκρα-

127 1328 195 1358 τείς,
210 1326 307 1360 ἄνδρες
324 1326 557 1361 κατορθωμάτων,
574 1327 687 1362 ἀνδρίας
701 1328 844 1362 γέμοντες,
872 1329 918 1355 ἀλα

127 1371 178 1405 κὴν
206 1372 352 1405 πνέοντες,
383 1373 572 1407 πεπλασμένοι
607 1374 675 1408 πρὸς
705 1374 916 1409 ρωμαλεότητα,

127 1418 260 1452 διψῶντες
274 1419 375 1454 μάχην,
388 1420 458 1446 κατὰ
476 1420 654 1455 βαρόαρικῶν
672 1422 783 1456 σαρκῶν
800 1421 917 1448 πεινῶν-

129 1473 184 1497 τες,
202 1465 284 1498 φάναι
299 1465 328 1491 τὸ
340 1466 403 1497 πᾶν⁹
427 1466 599 1500 ἀρειμάνιοι·
619 1466 643 1492 οἳ
663 1466 751 1498 οὕτως
772 1467 917 1500 ἐξελάθον-

129 1519 160 1537 το
177 1511 230 1537 τῶν
257 1511 354 1542 ἄλλων,
381 1511 419 1543 ὡς
444 1511 525 1545 μόνου
549 1512 676 1545 γενέσθαι
703 1513 751 1539 τοῦ
778 1513 919 1549 πολεμεῖν.

132 1558 180 1584 καὶ
200 1558 248 1591 τῆς
264 1558 325 1584 κατ’
350 1555 424 1584 οἷκον
439 1557 545 1593 τύρϐης
561 1558 723 1586 ἀνθελέσθαι
740 1560 786 1586 τὸν
805 1562 851 1588 ἐπὶ
870 1562 919 1588 τοῦ

129 1604 238 1638 τείχους
250 1603 385 1629 κίνδυνον.

164 1674 194 1698 ο’.
215 1671 252 1697 Οὐ
275 1671 367 1697 τοίνυν
396 1671 494 1706 ἄνδρες
514 1671 603 1706 μόνοι,
619 1671 689 1699 ἀλλὰ
717 1673 765 1699 καὶ
789 1674 920 1707 γυναῖκες

128 1717 197 1751 προς
215 1717 302 1751 Ἄρην
317 1715 473 1751 ἐμαίνοντο.
497 1717 552 1744 Καὶ
568 1717 630 1745 ὅσαι
647 1717 697 1752 μὲν
720 1717 811 1749 λίθους
832 1727 921 1753 παρις

129 1763 231 1797 φόρουν
246 1763 303 1793 ταῖς
314 1771 344 1789 τε
358 1763 453 1794 ἄλλαις
465 1765 602 1798 μηχαναῖς
613 1763 660 1790 καὶ
673 1765 729 1795 τοῖς
742 1764 918 1798 σφενδονῶσι,

129 1810 179 1835 καὶ
195 1810 256 1834 ὅσαι
273 1808 441 1843 ὑδροφόρουν
469 1806 646 1844 ἀκμάζουσαί
673 1817 704 1835 τε
728 1809 776 1836 καὶ
789 1809 919 1842 νεάνιδες,

128 1855 178 1881 καὶ
198 1855 251 1889 μὴν
268 1857 315 1881 καὶ
331 1856 397 1885 ὅσας
412 1854 443 1880 τὸ
454 1856 542 1889 γῆρας
557 1855 606 1890 ἤδη
622 1856 770 1890 καταργεῖν
784 1855 871 1882 ἐποίει
885 1854 919 1882 τὰ

128 1901 199 1936 ἔργα
215 1901 435 1935 συγκεκυφυίας,
453 1900 518 1927 ἔνθα
542 1901 573 1927 τὸ
601 1901 679 1933 τέλος
695 1901 855 1936 πεσούμεθα
867 1909 874 1916 ·
891 1903 919 1928 αι

127 1947 253 1974 τοιαῦται
275 1947 382 1981 δόξαιεν
397 1947 430 1974 ἂν
449 1947 526 1973 οὐδέν
549 1956 576 1974 τι
601 1948 674 1982 μέγα
699 1949 798 1980 ποιεῖν,
826 1949 850 1974 εί
873 1948 920 1975 καὶ

130 1994 252 2027 ὲποίουν,
273 1994 304 2020 τὸ
333 1993 464 2020 δύνασθαι
491 1994 664 2029 βιαζόμεναι,
689 1995 737 2021 καὶ
753 1995 788 2021 δι’
813 1995 920 2029 ἡμέρας

129 2038 313 2072 πονούμεντι.ι⁹
332 2038 394 2064 ὅσοι
409 2037 438 2064 δὲ
462 2039 509 2064 καὶ
524 2039 592 2072 πρὸς
607 2039 742 2075 ὁπλισμὸν
755 2039 920 2075 ἐρρύθμιζον

128 2084 241 2115 ἑαυτὰς,
272 2082 343 2118 ῥάκη
363 2083 410 2109 καὶ
437 2082 550 2117 ψιάθους
577 2084 760 2118 ὲναπτόμεναι
789 2083 855 2110 ὡσεὶ
873 2084 920 2110 καί

127 2138 206 2160 τινας
222 2129 361 2163 θώρακας,
381 2129 427 2156 καὶ
440 2129 490 2161 τὰς
505 2129 626 2164 κεφαλὰς
640 2130 750 2165 μίτραις
766 2131 806 2162 είς
820 2130 921 2165 ἕλιγμα

127 2175 375 2210 διαλαμῦἁνουσαι,
393 2175 420 2201 εῐ
441 2184 500 2206 πως
521 2176 689 2211 στρατιῶται
705 2175 774 2203 εἶναι
799 2176 922 2210 σοφίσον-

968 982 1082 1010 meliora
1100 982 1232 1009 reducere
1249 981 1387 1009 valebant.

1002 1110 1072 1139 Istos
1085 1114 1175 1137 autem
1187 1108 1312 1136 homines
1326 1107 1373 1143 qui
1393 1107 1421 1135 in
1443 1107 1510 1135 urbe
1526 1107 1621 1135 vivere
1653 1112 1758 1135 statue-

969 1160 1041 1189 rant,
1058 1162 1138 1183 nemo
1150 1154 1226 1182 cives
1241 1154 1327 1182 bonos
1335 1158 1363 1181 et
1376 1154 1507 1181 institutis
1522 1153 1625 1181 nostris
1639 1157 1757 1185 utentes,

969 1201 1016 1229 sed
1033 1201 1164 1232 latrones.
1176 1200 1259 1232 feras,
1271 1199 1402 1227 barbaros
1418 1199 1609 1233 appellavvris.
1625 1198 1693 1225 Nam
1712 1198 1758 1232 qui

969 1247 1059 1282 patrio
1074 1253 1169 1273 amore
1186 1253 1241 1273 non
1258 1244 1487 1276 incendebantur,
1507 1243 1687 1270 nihilominus
1704 1244 1761 1270 for-

971 1298 1011 1321 tes
1027 1297 1118 1319 tamen
1136 1295 1225 1322 erant.
1242 1291 1304 1318 belli
1322 1289 1507 1324 cupidissimi,
1524 1289 1643 1321 robusti,
1659 1289 1761 1316 Barba-

971 1346 1065 1366 ratum
1080 1339 1243 1373 sanguinem
1260 1337 1401 1368 sitientes.
1415 1340 1443 1363 ut
1466 1343 1520 1363 uno
1547 1335 1632 1362 verbo
1656 1335 1758 1368 dicam,

970 1384 1084 1413 Martem
1099 1385 1247 1420 spirantes,
1259 1388 1343 1419 atque
1357 1383 1406 1415 ita,
1417 1381 1523 1410 caeteris
1535 1382 1562 1409 in
1576 1381 1632 1408 vita
1651 1380 1763 1408 amissis

971 1430 1112 1463 omnibus,
1129 1429 1197 1456 nihil
1210 1433 1309 1464 praeter
1330 1427 1432 1455 bellum
1449 1426 1699 1462 prosequebantur,
1713 1433 1763 1453 cu-

972 1477 1010 1503 ris
1029 1475 1188 1503 domesticis
1202 1475 1323 1510 pericula
1338 1472 1542 1501 in’ohsidendis
1561 1472 1676 1501 urbibus
1689 1479 1762 1504 pran-

973 1524 1096 1551 ferendo.

1007 1680 1051 1707 70.
1072 1678 1124 1707 Sed
1145 1686 1198 1706 non
1215 1678 1267 1706 viri
1287 1681 1407 1709 tantum,
1423 1677 1471 1705 sed
1497 1676 1629 1704 mulieres
1652 1683 1764 1711 quoque

972 1726 1058 1754 Marte
1072 1726 1248 1753 inﬂammatae
1264 1725 1402 1756 furebant,
1416 1724 1477 1752 alite
1493 1723 1599 1759 lapides
1614 1723 1762 1758 portando,

970 1774 1031 1801 alia}
1044 1780 1106 1808 quae
1120 1774 1152 1799 ad
1174 1772 1236 1800 belli
1262 1771 1406 1799 machinas
1434 1778 1467 1798 ac
1489 1770 1589 1798 fundas
1604 1769 1763 1797 necessaria

970 1822 1061 1850 erant,
1075 1812 1294 1852 suppeditanda;
1309 1815 1370 1843 alia:
1383 1823 1445 1850 qua:
1456 1815 1575 1842 maxime
1590 1818 1670 1840 aetate
1686 1812 1765 1840 ﬂore-

973 1863 1040 1890 bant
1052 1869 1150 1897 aquam
1179 1860 1301 1888 humeris
1318 1861 1481 1895 gestabant;
1503 1859 1564 1886 alim
1577 1866 1687 1894 quoque
1715 1858 1764 1885 de-

973 1906 1084 1942 crepitac
1103 1906 1254 1937 senectutis
1270 1912 1380 1940 operam
1406 1911 1494 1938 usque
1513 1904 1547 1930 ad
1573 1903 1654 1931 [intem
1682 1909 1766 1929 nava-

973 1953 1050 1980 bant.
1083 1951 1131 1979 Hae
1157 1951 1310 1983 mulieres,
1341 1950 1392 1977 etsi
1429 1956 1526 1984 parum
1556 1947 1648 1983 operis
1675 1946 1766 1974 facere

974 1998 1145 2029 viderentur,
1164 2004 1218 2023 non
1242 2001 1332 2023 tamen
1345 1995 1441 2022 otiosae
1464 1998 1555 2026 erant,
1574 1993 1676 2029 quippe
1705 1999 1766 2027 quae

972 2046 1059 2071 totum
1079 2042 1156 2077 diem
1179 2041 1321 2069 laboribus
1351 2040 1561 2068 consecrabant.
1587 2037 1654 2066 Aliae
1681 2044 1765 2072 porro

971 2095 1049 2115 arma
1068 2087 1221 2114 induebant
1236 2093 1284 2120 pro
1304 2084 1404 2120 pannis
1420 2083 1521 2111 vilibus
1540 2081 1634 2110 loricis
1650 2080 1763 2112 indutzc,

972 2137 999 2159 et
1014 2131 1132 2159 militum
1157 2137 1233 2157 more
1263 2129 1345 2164 capiti
1373 2128 1497 2156 cassides
1515 2131 1542 2154 et
1563 2126 1655 2162 galeas
1677 2125 1765 2158 impo~

975 2175 1080 2210 nendo,
1095 2175 1159 2203 dein
1171 2173 1307 2209 lapidibus
1324 2176 1437 2200 armatae
1454 2178 1548 2198 muros
1577 2168 1765 2197 ascendebant

128 2231 186 2253 ται,
205 2223 252 2248 καὶ
266 2222 358 2253 λίθους
371 2222 588 2256 ἐπι-σαττόμεναι
617 2222 740 2256 ἀγαθοὺς
759 2221 793 2249 ἐκ
820 2223 916 2258 χειρῶν

976 2227 1002 2249 et
1022 2228 1072 2255 pro
1085 2220 1192 2248 ritibus
1208 2219 1303 2247 hostes
1325 2217 1507 2253 repellebant.
1526 2216 1605 2251 Apud
1625 2222 1673 2243 eas
1689 2218 1765 2242 certe

128 2268 270 2302 ἁφῖεσθαι,
287 2268 335 2295 τοῦ
350 2268 455 2303 τείχους
473 2269 606 2302 ἐγίνοντο,
625 2268 672 2295 καὶ
694 2269 731 2300 ὡς
755 2268 827 2304 εἶχον
842 2269 921 2296 ἔϐαλ-

127 2314 176 2340 λον
195 2314 257 2344 τοὺς
270 2313 385 2349 ἐχθρούς
395 2322 402 2328 ·
419 2314 478 2340 ἀλλ’
498 2314 580 2341 αὑταὶ
593 2314 644 2350 τὴν
660 2314 836 2349 Ἀμαζόνειον
849 2315 920 2341 ἱστο-

129 2360 194 2395 ρίαν
207 2359 397 2394 συγκροτοῦςι.
418 2360 465 2386 καὶ
485 2359 535 2386 οὐκ
554 2361 667 2393 ἀφιᾶσιν
683 2360 791 2395 ἐκείνην
809 2360 920 2395 ἐλέγχε-

130 2405 196 2432 σθαι
207 2413 215 2421 ’
229 2406 274 2431 καὶ
291 2405 340 2436 τὰς
355 2405 515 2436 παλαιὰςνδὲ
537 2406 728 2440 διακρούονται
755 2407 922 2441 παρευδοκι-

131 2451 242 2486 μοῠσαι,
256 2451 288 2483 ἃς
301 2451 413 2486 οἴδαμεν
428 2451 541 2486 κουραῖς
553 2451 680 2484 κεφαλῶν
694 2451 854 2486 ιπικουρεῖν
865 2453 922 2483 τοῖς

128 2507 186 2525 an:
190 2497 274 2533 ριώτα
279 2507 302 2530 ις
308 2518 314 2529 ,
322 2496 514 2533 σχοινοπλοκοῦ
518 2505 543 2523 σι
554 2497 624 2523 κατὰ
633 2497 752 2530 πολέμου
763 2497 922 2531 ἀναγκαίως

129 2545 164 2571 ἐκ
181 2543 308 2570 τοιούτων
324 2543 437 2578 τριχῶν.
463 2543 500 2570 Οὐ
522 2543 577 2577 γὰρ
607 2543 705 2577 τρίχας
733 2539 826 2574 αὗται,
855 2543 924 2570 ἀλλὰ

977 2275 1064 2303 genus
1075 2267 1243 2294 Amazonum
1255 2265 1373 2300 reperis.
1386 2264 1466 2299 cujus
1481 2264 1547 2298 ipsae
1559 2262 1637 2290 tidem
1648 2261 1765 2291 faciunt.

976 2314 1032 2342 imo
1058 2314 1186 2348 antiquas
1206 2312 1338 2340 historias
1357 2316 1507 2346 eruperant,
1528 2309 1635 2344 capillis
1650 2308 1720 2340 suis,
1737 2311 1767 2334 ut

977 2359 1106 2392 vidimus,
1126 2359 1220 2394 patria:
1240 2358 1420 2386 inservientes
1447 2362 1474 2384 et
1500 2355 1625 2383 crinibus
1651 2355 1709 2382 suis
1733 2353 1767 2381 ad

976 2413 1057 2432 arcus
1082 2405 1258 2432 fabricandos
1283 2408 1489 2435 suecurrentcs,
1510 2410 1564 2430 non
1590 2402 1693 2432 crines,
1720 2400 1767 2427 sed

974 2452 1058 2479 vitam
1075 2452 1161 2486 ipsam
1181 2450 1375 2479 sacriﬁcando.
1395 2450 1470 2483 Quas
1487 2449 1509 2476 si
1535 2448 1665 2476 Salomon
1680 2447 1770 2474 vidis-

976 2503 1029 2532 set,
1046 2499 1152 2525 feminae
1170 2498 1207 2525 illi
1226 2498 1301 2530 forti,
1314 2498 1347 2525 de
1363 2505 1417 2532 qua
1429 2497 1550 2531 scripsit.
1567 2493 1766 2526 accensuisset,

977 2550 1071 2580 utpote
1083 2552 1116 2572 eo
1134 2546 1238 2572 honore
1252 2544 1412 2579 dignissima
1419 2552 1442 2571 s.

128 2592 220 2626 ψυχὰς
237 2591 375 2626 προΐεντο.
400 2590 474 2617 Ἰδὼν
488 2591 520 2616 ἂν
540 2590 666 2625 Σολομὼν
680 2590 778 2623 αὑτὰς,
812 2594 933 2625 συγκατέ
966 2593 1056 2629 γραψε
1074 2594 1107 2629 τῇ
1123 2593 1189 2628 παρ’
1215 2592 1289 2627 αὐτῷ
1310 2591 1424 2627 ἀνδρικῇ
1445 2591 1568 2626 γυναικὶ,
1590 2587 1769 2624 προσαπορή-

130 2649 193 2671 σας,
210 2641 248 2671 εἰς
264 2640 297 2666 ἣν
314 2639 483 2674 προύϐάλετο
499 2639 626 2675 ζήτησιν.

167 2713 217 2737 σοι’.
233 2710 287 2736 Καὶ
301 2707 334 2745 ἦν
346 2709 433 2736 εἰπεῖν
446 2710 506 2735 τότε
524 2709 587 2741 τοὺς
598 2709 719 2745 ὁρῶντας
732 2710 778 2737 τόν
793 2719 823 2737 τε
839 2710 922 2738 Δαυῒδ

127 2758 178 2785 ttat‘t
193 2756 256 2788 τοὺς
277 2756 346 2791 ἀμφ’
362 2754 444 2782 αὑτὸν
457 2756 618 2787 Δαυῖτικοὺς
635 2753 716 2791 (ἦσαν
729 2756 794 2791 γὰρ,
811 2756 869 2782 ὅσοι
881 2756 921 2788 εἰς

126 2804 229 2830 ταυτδν
256 2802 354 2837 ἐκείνῳ
379 2801 481 2833 ἐνόουν,
502 2801 575 2828 κακὰ
591 2802 763 2836 φρονοῦντες,
780 2803 860 2829 ὁποῖα
887 2802 920 2828 τὰ

128 2848 185 2876 τῶν
201 2849 327 2883 κοράκων
343 2848 467 2875 κολάκων
479 2855 485 2862 ·
514 2847 594 2882 οἵπερ
608 2847 736 2880 ἐπαίνους
756 2848 918 2881 κρώζοντες,

1011 2710 1056 2736 71.
1072 2709 1151 2738 Tunc
1168 2707 1214 2744 qui
1230 2707 1358 2736 Davidem
1373 2712 1400 2734 et
1421 2707 1480 2741 eius
1495 2706 1616 2734 asseclas
1640 2706 1768 2733 videbant

978 2757 1066 2793 (erant
1081 2757 1153 2784 enim
1173 2755 1218 2791 qui
1243 2763 1304 2783 cum
1333 2762 1366 2781 co
1394 2753 1590 2787 ronspirahant
1618 2752 1645 2778 in
1666 2752 1766 2778 malum

976 2810 1122 2830 corvorum
1141 2807 1167 2830 et
1191 2802 1363 2829 adulatorum
1390 2799 1495 2831 instar;
1520 2805 1637 2831 quorum
1659 2797 1765 2827 laudi-3,

976 2848 1076 2879 quibus
1091 2848 1134 2876 ille
1151 2848 1247 2874 insane
1271 2845 1416 2878 gaudebat,
1431 2844 1601 2871 altitudinem
1614 2842 1765 2874 spirabant)
