  <div class='ocr_page' id='page_1' title='image "/cluster/home/n/w/nwhite01/storage/ocr_20150623/136/njp.32101010942827/048.png"; bbox 0 0 1962 3087; ppageno 0'>
   <div class='ocr_carea' id='block_1_1' title="bbox 135 152 1768 188">
    <p class='ocr_par' dir='ltr' id='par_1_1' title="bbox 135 152 1768 188">
     <span class='ocr_line' id='line_1_1' title="bbox 135 152 1768 188; baseline 0.001 -2"><span class='ocrx_word' id='word_1_1' title='bbox 135 153 174 186; x_wconf 82' lang='grc'><strong>85</strong></span> <span class='ocrx_word' id='word_1_2' title='bbox 539 153 588 184; x_wconf 82' lang='lat' dir='ltr'><strong>DE</strong></span> <span class='ocrx_word' id='word_1_3' title='bbox 607 152 894 184; x_wconf 84' lang='lat' dir='ltr'><strong>THESSALONICA</strong></span> <span class='ocrx_word' id='word_1_4' title='bbox 911 153 1015 184; x_wconf 86' lang='lat' dir='ltr'><strong>URBE</strong></span> <span class='ocrx_word' id='word_1_5' title='bbox 1031 155 1054 184; x_wconf 83' lang='grc' dir='ltr'><strong>Δ</strong></span> <span class='ocrx_word' id='word_1_6' title='bbox 1080 153 1236 185; x_wconf 76' lang='lat' dir='ltr'><strong>LATlNlS</strong></span> <span class='ocrx_word' id='word_1_7' title='bbox 1249 155 1376 186; x_wconf 78' lang='lat' dir='ltr'><strong>CAPTA.</strong></span> <span class='ocrx_word' id='word_1_8' title='bbox 1734 157 1768 188; x_wconf 88' lang='lat'><strong>86</strong></span> 
     </span>
    </p>
   </div>
   <div class='ocr_carea' id='block_1_2' title="bbox 141 200 942 246">
    <p class='ocr_par' dir='ltr' id='par_1_2' title="bbox 141 208 931 246">
     <span class='ocr_line' id='line_1_2' title="bbox 141 208 931 246; baseline -0.001 -9"><span class='ocrx_word' id='word_1_9' title='bbox 141 211 243 246; x_wconf 73' lang='grc' dir='ltr'>μανοῦς</span> <span class='ocrx_word' id='word_1_10' title='bbox 259 209 389 242; x_wconf 72' lang='grc' dir='ltr'><strong>ἐνόπλους</strong></span> <span class='ocrx_word' id='word_1_11' title='bbox 407 209 554 244; x_wconf 68' lang='grc' dir='ltr'>ὲςρίππους,</span> <span class='ocrx_word' id='word_1_12' title='bbox 583 208 652 244; x_wconf 75' lang='grc' dir='ltr'>ὁμοῦ</span> <span class='ocrx_word' id='word_1_13' title='bbox 681 209 856 242; x_wconf 78' lang='grc' dir='ltr'><strong>συνεστῶτας</strong></span> <span class='ocrx_word' id='word_1_14' title='bbox 883 209 931 236; x_wconf 69' lang='grc' dir='ltr'>καὶ</span> 
     </span>
    </p>
   </div>
   <div class='ocr_carea' id='block_1_3' title="bbox 997 200 1769 246">
    <p class='ocr_par' dir='ltr' id='par_1_3' title="bbox 997 209 1769 239">
     <span class='ocr_line' id='line_1_3' title="bbox 997 209 1769 239; baseline 0.003 -3"><span class='ocrx_word' id='word_1_15' title='bbox 997 215 1105 237; x_wconf 67' lang='lat' dir='ltr'><strong>extram</strong></span> <span class='ocrx_word' id='word_1_16' title='bbox 1122 209 1242 238; x_wconf 80' lang='lat' dir='ltr'><strong>fataliter</strong></span> <span class='ocrx_word' id='word_1_17' title='bbox 1256 211 1281 238; x_wconf 89' lang='lat' dir='ltr'><strong>ei</strong></span> <span class='ocrx_word' id='word_1_18' title='bbox 1295 210 1484 239; x_wconf 85' lang='lat' dir='ltr'><strong>abstulerunt.</strong></span> <span class='ocrx_word' id='word_1_19' title='bbox 1504 210 1582 239; x_wconf 83' lang='lat' dir='ltr'><strong>Unus</strong></span> <span class='ocrx_word' id='word_1_20' title='bbox 1601 212 1672 238; x_wconf 84' lang='lat' dir='ltr'><strong>cnim</strong></span> <span class='ocrx_word' id='word_1_21' title='bbox 1690 220 1720 239; x_wconf 78' lang='lat' dir='ltr'><strong>ex</strong></span> <span class='ocrx_word' id='word_1_22' title='bbox 1736 213 1769 239; x_wconf 79' lang='lat' dir='ltr'><strong>iis</strong></span> 
     </span>
    </p>
   </div>
   <div class='ocr_carea' id='block_1_4' title="bbox 139 254 942 292">
    <p class='ocr_par' dir='ltr' id='par_1_4' title="bbox 139 254 926 291">
     <span class='ocr_line' id='line_1_4' title="bbox 139 254 926 291; baseline 0.001 -10"><span class='ocrx_word' id='word_1_23' title='bbox 139 256 302 291; x_wconf 70' lang='grc' dir='ltr'><strong>ὁμιλοῦντας</strong></span> <span class='ocrx_word' id='word_1_24' title='bbox 313 255 348 283; x_wconf 81' lang='grc' dir='ltr'><strong>τὰ</strong></span> <span class='ocrx_word' id='word_1_25' title='bbox 366 255 442 289; x_wconf 84' lang='grc' dir='ltr'>σφίσι</span> <span class='ocrx_word' id='word_1_26' title='bbox 453 254 597 282; x_wconf 78' lang='grc' dir='ltr'>δοκοῦντα.</span> <span class='ocrx_word' id='word_1_27' title='bbox 616 254 670 283; x_wconf 75' lang='grc' dir='ltr'><strong>Καὶ</strong></span> <span class='ocrx_word' id='word_1_28' title='bbox 685 255 699 281; x_wconf 85' lang='grc' dir='ltr'><strong>ό</strong></span> <span class='ocrx_word' id='word_1_29' title='bbox 718 254 770 289; x_wconf 74' lang='grc' dir='ltr'><strong>μὲν</strong></span> <span class='ocrx_word' id='word_1_30' title='bbox 782 254 926 290; x_wconf 79' lang='grc' dir='ltr'><strong>παρῴχετο</strong></span> 
     </span>
    </p>
   </div>
   <div class='ocr_carea' id='block_1_5' title="bbox 997 254 1770 292">
    <p class='ocr_par' dir='ltr' id='par_1_5' title="bbox 999 255 1770 292">
     <span class='ocr_line' id='line_1_5' title="bbox 999 255 1770 292; baseline 0.004 -10"><span class='ocrx_word' id='word_1_31' title='bbox 999 255 1071 282; x_wconf 85' lang='lat' dir='ltr'><strong>ladio</strong></span> <span class='ocrx_word' id='word_1_32' title='bbox 1083 256 1210 283; x_wconf 86' lang='lat' dir='ltr'><strong>districto</strong></span> <span class='ocrx_word' id='word_1_33' title='bbox 1221 263 1280 283; x_wconf 87' lang='lat' dir='ltr'><strong>eam</strong></span> <span class='ocrx_word' id='word_1_34' title='bbox 1291 256 1422 291; x_wconf 66' lang='lat' dir='ltr'><strong>praecidit.</strong></span> <span class='ocrx_word' id='word_1_35' title='bbox 1432 256 1558 292; x_wconf 81' lang='lat' dir='ltr'><strong>Amplius</strong></span> <span class='ocrx_word' id='word_1_36' title='bbox 1570 261 1660 285; x_wconf 88' lang='lat' dir='ltr'><strong>autem</strong></span> <span class='ocrx_word' id='word_1_37' title='bbox 1671 265 1770 286; x_wconf 77' lang='lat' dir='ltr'><strong>nocere</strong></span> 
     </span>
    </p>
   </div>
   <div class='ocr_carea' id='block_1_6' title="bbox 140 300 942 337">
    <p class='ocr_par' dir='ltr' id='par_1_6' title="bbox 140 300 927 337">
     <span class='ocr_line' id='line_1_6' title="bbox 140 300 927 337; baseline -0.001 -9"><span class='ocrx_word' id='word_1_38' title='bbox 140 302 262 334; x_wconf 73' lang='grc' dir='ltr'><strong>ἐκείνους</strong></span> <span class='ocrx_word' id='word_1_39' title='bbox 282 301 342 329; x_wconf 80' lang='grc' dir='ltr'>ὁδοῦ</span> <span class='ocrx_word' id='word_1_40' title='bbox 360 301 449 337; x_wconf 83' lang='grc' dir='ltr'>λόγῳ·</span> <span class='ocrx_word' id='word_1_41' title='bbox 471 301 497 328; x_wconf 85' lang='grc' dir='ltr'>οι</span> <span class='ocrx_word' id='word_1_42' title='bbox 511 300 539 327; x_wconf 79' lang='grc' dir='ltr'>δὲ</span> <span class='ocrx_word' id='word_1_43' title='bbox 556 300 814 336; x_wconf 69' lang='grc' dir='ltr'><strong>προσεκαλέσαντο·</strong></span> <span class='ocrx_word' id='word_1_44' title='bbox 830 300 877 327; x_wconf 69' lang='grc' dir='ltr'><strong>καὶ</strong></span> <span class='ocrx_word' id='word_1_45' title='bbox 889 300 927 331; x_wconf 86' lang='grc' dir='ltr'><strong>ὡς</strong></span> 
     </span>
    </p>
   </div>
   <div class='ocr_carea' id='block_1_7' title="bbox 997 300 1720 337">
    <p class='ocr_par' dir='ltr' id='par_1_7' title="bbox 997 300 1720 336">
     <span class='ocr_line' id='line_1_7' title="bbox 997 300 1720 336; baseline 0.001 -8"><span class='ocrx_word' id='word_1_46' title='bbox 997 308 1037 328; x_wconf 54' lang='grc' dir='ltr'>ηοη</span> <span class='ocrx_word' id='word_1_47' title='bbox 1055 303 1143 335; x_wconf 86' lang='lat' dir='ltr'><strong>potuit</strong></span> <span class='ocrx_word' id='word_1_48' title='bbox 1158 301 1261 328; x_wconf 86' lang='lat' dir='ltr'><strong>homini</strong></span> <span class='ocrx_word' id='word_1_49' title='bbox 1278 300 1306 328; x_wconf 87' lang='lat' dir='ltr'><strong>in</strong></span> <span class='ocrx_word' id='word_1_50' title='bbox 1325 301 1441 329; x_wconf 85' lang='lat' dir='ltr'><strong>celerem</strong></span> <span class='ocrx_word' id='word_1_51' title='bbox 1462 301 1554 336; x_wconf 73' lang='lat' dir='ltr'><strong>fugam</strong></span> <span class='ocrx_word' id='word_1_52' title='bbox 1578 309 1720 330; x_wconf 82' lang='lat' dir='ltr'><strong>converso.</strong></span> 
     </span>
    </p>
   </div>
   <div class='ocr_carea' id='block_1_8' title="bbox 140 347 1767 383">
    <p class='ocr_par' dir='ltr' id='par_1_8' title="bbox 140 347 1767 383">
     <span class='ocr_line' id='line_1_8' title="bbox 140 347 1767 383; baseline 0 -9"><span class='ocrx_word' id='word_1_53' title='bbox 140 348 273 375; x_wconf 72' lang='grc' dir='ltr'>ἐπέλασεν</span> <span class='ocrx_word' id='word_1_54' title='bbox 293 347 385 379; x_wconf 82' lang='grc' dir='ltr'>αὐτοῖς</span> <span class='ocrx_word' id='word_1_55' title='bbox 413 347 485 382; x_wconf 87' lang='grc' dir='ltr'><strong>μετά</strong></span> <span class='ocrx_word' id='word_1_56' title='bbox 511 347 597 374; x_wconf 84' lang='grc' dir='ltr'>πολλὰ</span> <span class='ocrx_word' id='word_1_57' title='bbox 623 347 658 374; x_wconf 84' lang='grc' dir='ltr'><strong>τὰ</strong></span> <span class='ocrx_word' id='word_1_58' title='bbox 688 348 718 374; x_wconf 67' lang='grc' dir='ltr'>ἐν</span> <span class='ocrx_word' id='word_1_59' title='bbox 748 347 835 382; x_wconf 83' lang='grc' dir='ltr'><strong>μέσῳ,</strong></span> <span class='ocrx_word' id='word_1_60' title='bbox 853 347 1000 381; x_wconf 80' lang='grc' dir='ltr'><strong>ἀπήγαγον</strong></span> <span class='ocrx_word' id='word_1_61' title='bbox 1028 347 1110 374; x_wconf 81' lang='grc' dir='ltr'>αὑτοῦ</span> <span class='ocrx_word' id='word_1_62' title='bbox 1141 347 1190 381; x_wconf 83' lang='grc' dir='ltr'>τὴν</span> <span class='ocrx_word' id='word_1_63' title='bbox 1215 347 1306 378; x_wconf 73' lang='grc' dir='ltr'>δεξιὰν</span> <span class='ocrx_word' id='word_1_64' title='bbox 1331 347 1411 381; x_wconf 80' lang='grc' dir='ltr'>χεῖρα</span> <span class='ocrx_word' id='word_1_65' title='bbox 1439 347 1579 382; x_wconf 74' lang='grc' dir='ltr'><strong>δυστυχῶς</strong></span> <span class='ocrx_word' id='word_1_66' title='bbox 1606 348 1646 383; x_wconf 81' lang='grc' dir='ltr'>τῷ</span> <span class='ocrx_word' id='word_1_67' title='bbox 1679 347 1767 380; x_wconf 85' lang='grc' dir='ltr'>ἀνδρί.</span> 
     </span>
    </p>
   </div>
   <div class='ocr_carea' id='block_1_9' title="bbox 144 392 1769 429">
    <p class='ocr_par' dir='ltr' id='par_1_9' title="bbox 144 392 1769 429">
     <span class='ocr_line' id='line_1_9' title="bbox 144 392 1769 429; baseline -0.001 -9"><span class='ocrx_word' id='word_1_68' title='bbox 144 394 294 429; x_wconf 80' lang='grc' dir='ltr'>Γυμνώσας</span> <span class='ocrx_word' id='word_1_69' title='bbox 326 394 380 429; x_wconf 82' lang='grc' dir='ltr'><strong>γὰρ</strong></span> <span class='ocrx_word' id='word_1_70' title='bbox 398 392 439 426; x_wconf 77' lang='grc' dir='ltr'>εἷς</span> <span class='ocrx_word' id='word_1_71' title='bbox 456 395 568 421; x_wconf 78' lang='grc' dir='ltr'>ἐκείνων</span> <span class='ocrx_word' id='word_1_72' title='bbox 595 393 683 427; x_wconf 69' lang='grc' dir='ltr'>ξίφος,</span> <span class='ocrx_word' id='word_1_73' title='bbox 713 393 762 421; x_wconf 80' lang='grc' dir='ltr'>καὶ</span> <span class='ocrx_word' id='word_1_74' title='bbox 788 392 955 428; x_wconf 79' lang='grc' dir='ltr'>καταγαγὼν</span> <span class='ocrx_word' id='word_1_75' title='bbox 985 393 1127 428; x_wconf 76' lang='grc' dir='ltr'><strong>ἀπήραξεν</strong></span> <span class='ocrx_word' id='word_1_76' title='bbox 1142 393 1239 428; x_wconf 80' lang='grc' dir='ltr'>αὐτήν.</span> <span class='ocrx_word' id='word_1_77' title='bbox 1254 393 1310 419; x_wconf 80' lang='grc' dir='ltr'>Οὐκ</span> <span class='ocrx_word' id='word_1_78' title='bbox 1323 392 1386 427; x_wconf 77' lang='grc' dir='ltr'>ἔσχε</span> <span class='ocrx_word' id='word_1_79' title='bbox 1399 392 1426 419; x_wconf 80' lang='grc' dir='ltr'>δὲ</span> <span class='ocrx_word' id='word_1_80' title='bbox 1442 393 1490 419; x_wconf 74' lang='grc' dir='ltr'>καὶ</span> <span class='ocrx_word' id='word_1_81' title='bbox 1506 393 1545 424; x_wconf 76' lang='grc' dir='ltr'>εἰς</span> <span class='ocrx_word' id='word_1_82' title='bbox 1561 394 1642 419; x_wconf 82' lang='grc' dir='ltr'>πλέον</span> <span class='ocrx_word' id='word_1_83' title='bbox 1658 393 1769 428; x_wconf 73' lang='grc' dir='ltr'>βλάψαι,</span> 
     </span>
    </p>
   </div>
   <div class='ocr_carea' id='block_1_10' title="bbox 142 438 562 476">
    <p class='ocr_par' dir='ltr' id='par_1_10' title="bbox 142 438 562 476">
     <span class='ocr_line' id='line_1_10' title="bbox 142 438 562 476; baseline -0.005 -8"><span class='ocrx_word' id='word_1_84' title='bbox 142 441 317 476; x_wconf 75' lang='grc' dir='ltr'>πτερωθέντα</span> <span class='ocrx_word' id='word_1_85' title='bbox 331 438 387 468; x_wconf 78' lang='grc' dir='ltr'>οἷον</span> <span class='ocrx_word' id='word_1_86' title='bbox 406 441 447 472; x_wconf 76' lang='grc' dir='ltr'>εἰς</span> <span class='ocrx_word' id='word_1_87' title='bbox 462 441 562 475; x_wconf 82' lang='grc' dir='ltr'>φυγήν.</span> 
     </span>
    </p>
   </div>
   <div class='ocr_carea' id='block_1_11' title="bbox 177 505 927 540">
    <p class='ocr_par' dir='ltr' id='par_1_11' title="bbox 177 505 927 540">
     <span class='ocr_line' id='line_1_11' title="bbox 177 505 927 540; baseline -0.007 -5"><span class='ocrx_word' id='word_1_88' title='bbox 177 509 222 535; x_wconf 64' lang='grc' dir='ltr'><strong>ιδ’.</strong></span> <span class='ocrx_word' id='word_1_89' title='bbox 239 507 367 534; x_wconf 83' lang='grc' dir='ltr'>Τοιοῦτον</span> <span class='ocrx_word' id='word_1_90' title='bbox 382 507 428 533; x_wconf 78' lang='grc' dir='ltr'>καὶ</span> <span class='ocrx_word' id='word_1_91' title='bbox 457 506 487 533; x_wconf 81' lang='grc' dir='ltr'>τὸ</span> <span class='ocrx_word' id='word_1_92' title='bbox 502 505 549 533; x_wconf 70' lang='grc' dir='ltr'><strong>τοῦ</strong></span> <span class='ocrx_word' id='word_1_93' title='bbox 572 505 759 540; x_wconf 76' lang='grc' dir='ltr'>’Δλαμανικοῦ</span> <span class='ocrx_word' id='word_1_94' title='bbox 788 505 927 539; x_wconf 80' lang='grc' dir='ltr'><strong>τάγματος</strong></span> 
     </span>
    </p>
   </div>
   <div class='ocr_carea' id='block_1_12' title="bbox 142 551 929 590">
    <p class='ocr_par' dir='ltr' id='par_1_12' title="bbox 142 551 929 590">
     <span class='ocr_line' id='line_1_12' title="bbox 142 551 929 590; baseline -0.005 -9"><span class='ocrx_word' id='word_1_95' title='bbox 142 555 313 590; x_wconf 75' lang='grc' dir='ltr'>προδοτικὸν,</span> <span class='ocrx_word' id='word_1_96' title='bbox 330 551 361 581; x_wconf 79' lang='grc' dir='ltr'>οὗ</span> <span class='ocrx_word' id='word_1_97' title='bbox 375 553 524 588; x_wconf 74' lang='grc' dir='ltr'><strong>πρόδρομοι</strong></span> <span class='ocrx_word' id='word_1_98' title='bbox 536 552 587 587; x_wconf 87' lang='grc' dir='ltr'>τὴν</span> <span class='ocrx_word' id='word_1_99' title='bbox 598 552 661 587; x_wconf 84' lang='grc' dir='ltr'>χθὲς</span> <span class='ocrx_word' id='word_1_100' title='bbox 675 551 766 585; x_wconf 84' lang='grc' dir='ltr'>δείλην</span> <span class='ocrx_word' id='word_1_101' title='bbox 780 553 856 585; x_wconf 82' lang='grc' dir='ltr'><strong>τρεῖς</strong></span> <span class='ocrx_word' id='word_1_102' title='bbox 874 551 929 577; x_wconf 83' lang='grc' dir='ltr'>τῶν</span> 
     </span>
    </p>
   </div>
   <div class='ocr_carea' id='block_1_13' title="bbox 142 597 930 636">
    <p class='ocr_par' dir='ltr' id='par_1_13' title="bbox 142 597 930 636">
     <span class='ocr_line' id='line_1_13' title="bbox 142 597 930 636; baseline -0.006 -8"><span class='ocrx_word' id='word_1_103' title='bbox 142 601 282 636; x_wconf 84' lang='grc' dir='ltr'>δυσμικῶν</span> <span class='ocrx_word' id='word_1_104' title='bbox 306 599 400 626; x_wconf 82' lang='grc' dir='ltr'>πυλῶν</span> <span class='ocrx_word' id='word_1_105' title='bbox 427 599 477 633; x_wconf 86' lang='grc' dir='ltr'>τῆς</span> <span class='ocrx_word' id='word_1_106' title='bbox 506 598 611 629; x_wconf 85' lang='grc' dir='ltr'>πόλεως</span> <span class='ocrx_word' id='word_1_107' title='bbox 645 597 851 632; x_wconf 86' lang='grc' dir='ltr'>κατεπήδησαν,</span> <span class='ocrx_word' id='word_1_108' title='bbox 882 597 930 623; x_wconf 76' lang='grc' dir='ltr'><strong>καὶ</strong></span> 
     </span>
    </p>
   </div>
   <div class='ocr_carea' id='block_1_14' title="bbox 144 643 930 679">
    <p class='ocr_par' dir='ltr' id='par_1_14' title="bbox 144 643 930 679">
     <span class='ocr_line' id='line_1_14' title="bbox 144 643 930 679; baseline -0.008 -5"><span class='ocrx_word' id='word_1_109' title='bbox 144 648 255 675; x_wconf 72' lang='grc' dir='ltr'>πάντων</span> <span class='ocrx_word' id='word_1_110' title='bbox 268 646 324 673; x_wconf 85' lang='grc' dir='ltr'><strong>τῶν</strong></span> <span class='ocrx_word' id='word_1_111' title='bbox 339 646 397 672; x_wconf 83' lang='grc' dir='ltr'>ἐκεῖ</span> <span class='ocrx_word' id='word_1_112' title='bbox 414 645 569 679; x_wconf 82' lang='grc' dir='ltr'>βλεπόντων</span> <span class='ocrx_word' id='word_1_113' title='bbox 594 644 649 675; x_wconf 86' lang='grc' dir='ltr'>τοῖς</span> <span class='ocrx_word' id='word_1_114' title='bbox 665 643 815 678; x_wconf 79' lang='grc' dir='ltr'>βαρϐάροις</span> <span class='ocrx_word' id='word_1_115' title='bbox 832 643 930 677; x_wconf 78' lang='grc' dir='ltr'><strong>φιλίως</strong></span> 
     </span>
    </p>
   </div>
   <div class='ocr_carea' id='block_1_15' title="bbox 146 688 931 727">
    <p class='ocr_par' dir='ltr' id='par_1_15' title="bbox 146 688 931 727">
     <span class='ocr_line' id='line_1_15' title="bbox 146 688 931 727; baseline -0.005 -8"><span class='ocrx_word' id='word_1_116' title='bbox 146 691 304 727; x_wconf 74' lang='grc' dir='ltr'><strong>συνέμιξαν.</strong></span> <span class='ocrx_word' id='word_1_117' title='bbox 326 691 359 717; x_wconf 85' lang='lat' dir='ltr'><strong>&#39;H</strong></span> <span class='ocrx_word' id='word_1_118' title='bbox 373 691 402 717; x_wconf 76' lang='grc' dir='ltr'>δὲ</span> <span class='ocrx_word' id='word_1_119' title='bbox 427 690 480 725; x_wconf 84' lang='grc' dir='ltr'>πρὸ</span> <span class='ocrx_word' id='word_1_120' title='bbox 496 690 569 716; x_wconf 80' lang='grc' dir='ltr'>δυοῖν</span> <span class='ocrx_word' id='word_1_121' title='bbox 587 689 708 724; x_wconf 80' lang='grc' dir='ltr'>ἡμέραιν</span> <span class='ocrx_word' id='word_1_122' title='bbox 724 690 774 724; x_wconf 83' lang='grc' dir='ltr'>τῆς</span> <span class='ocrx_word' id='word_1_123' title='bbox 802 688 931 721; x_wconf 76' lang='grc' dir='ltr'><strong>ἁλώσεως</strong></span> 
     </span>
    </p>
   </div>
   <div class='ocr_carea' id='block_1_16' title="bbox 149 735 933 773">
    <p class='ocr_par' dir='ltr' id='par_1_16' title="bbox 149 735 933 773">
     <span class='ocr_line' id='line_1_16' title="bbox 149 735 933 773; baseline -0.004 -9"><span class='ocrx_word' id='word_1_124' title='bbox 149 739 215 773; x_wconf 83' lang='grc' dir='ltr'>περὶ</span> <span class='ocrx_word' id='word_1_125' title='bbox 230 737 362 771; x_wconf 79' lang='grc' dir='ltr'>πέμπτην</span> <span class='ocrx_word' id='word_1_126' title='bbox 374 736 423 771; x_wconf 78' lang='grc' dir='ltr'><strong>τῆς</strong></span> <span class='ocrx_word' id='word_1_127' title='bbox 439 736 584 770; x_wconf 77' lang='grc' dir='ltr'>ἑϐδομάδος</span> <span class='ocrx_word' id='word_1_128' title='bbox 604 735 713 770; x_wconf 83' lang='grc' dir='ltr'><strong>βαθείας</strong></span> <span class='ocrx_word' id='word_1_129' title='bbox 726 735 847 770; x_wconf 79' lang='grc' dir='ltr'>ἑσπέρας</span> <span class='ocrx_word' id='word_1_130' title='bbox 869 736 933 762; x_wconf 83' lang='grc' dir='ltr'>ὲπι-</span> 
     </span>
    </p>
   </div>
   <div class='ocr_carea' id='block_1_17' title="bbox 146 779 934 817">
    <p class='ocr_par' dir='ltr' id='par_1_17' title="bbox 146 779 934 817">
     <span class='ocr_line' id='line_1_17' title="bbox 146 779 934 817; baseline -0.004 -8"><span class='ocrx_word' id='word_1_131' title='bbox 146 783 246 817; x_wconf 81' lang='grc' dir='ltr'>φάνεια</span> <span class='ocrx_word' id='word_1_132' title='bbox 261 782 416 816; x_wconf 77' lang='grc' dir='ltr'>Θεοφάνους</span> <span class='ocrx_word' id='word_1_133' title='bbox 432 780 480 807; x_wconf 80' lang='grc' dir='ltr'>τοῦ</span> <span class='ocrx_word' id='word_1_134' title='bbox 505 780 636 814; x_wconf 74' lang='grc' dir='ltr'>Προϐατᾶ</span> <span class='ocrx_word' id='word_1_135' title='bbox 649 780 704 806; x_wconf 76' lang='grc' dir='ltr'><strong>ἔσω</strong></span> <span class='ocrx_word' id='word_1_136' title='bbox 719 780 836 812; x_wconf 86' lang='grc' dir='ltr'>πόλεως,</span> <span class='ocrx_word' id='word_1_137' title='bbox 853 779 883 811; x_wconf 81' lang='grc' dir='ltr'>ὃς</span> <span class='ocrx_word' id='word_1_138' title='bbox 899 780 934 806; x_wconf 80' lang='grc' dir='ltr'>ὲκ</span> 
     </span>
    </p>
   </div>
   <div class='ocr_carea' id='block_1_18' title="bbox 145 826 935 863">
    <p class='ocr_par' dir='ltr' id='par_1_18' title="bbox 145 826 935 863">
     <span class='ocr_line' id='line_1_18' title="bbox 145 826 935 863; baseline -0.004 -8"><span class='ocrx_word' id='word_1_139' title='bbox 145 828 299 863; x_wconf 79' lang='grc' dir='ltr'>Δνρῤαχίου</span> <span class='ocrx_word' id='word_1_140' title='bbox 309 828 484 862; x_wconf 83' lang='grc' dir='ltr'>συνωμάρτει</span> <span class='ocrx_word' id='word_1_141' title='bbox 496 827 551 858; x_wconf 86' lang='grc' dir='ltr'>τοῖς</span> <span class='ocrx_word' id='word_1_142' title='bbox 557 826 682 857; x_wconf 86' lang='grc' dir='ltr'>Λατίνοις</span> <span class='ocrx_word' id='word_1_143' title='bbox 690 826 790 860; x_wconf 78' lang='grc' dir='ltr'>φίλιος,</span> <span class='ocrx_word' id='word_1_144' title='bbox 797 826 873 857; x_wconf 86' lang='grc' dir='ltr'>τίνας</span> <span class='ocrx_word' id='word_1_145' title='bbox 883 826 935 852; x_wconf 83' lang='grc' dir='ltr'>οὐκ</span> 
     </span>
    </p>
   </div>
   <div class='ocr_carea' id='block_1_19' title="bbox 1017 503 1772 538">
    <p class='ocr_par' dir='ltr' id='par_1_19' title="bbox 1017 503 1772 538">
     <span class='ocr_line' id='line_1_19' title="bbox 1017 503 1772 538; baseline -0.001 -6"><span class='ocrx_word' id='word_1_146' title='bbox 1017 505 1061 532; x_wconf 71' lang='grc'><strong>74.</strong></span> <span class='ocrx_word' id='word_1_147' title='bbox 1088 503 1152 531; x_wconf 67' lang='lat' dir='ltr'><strong>Haec</strong></span> <span class='ocrx_word' id='word_1_148' title='bbox 1177 503 1229 530; x_wconf 76' lang='lat' dir='ltr'><strong>fuit</strong></span> <span class='ocrx_word' id='word_1_149' title='bbox 1257 503 1473 530; x_wconf 78' lang='lat' dir='ltr'><strong>Alamannorum</strong></span> <span class='ocrx_word' id='word_1_150' title='bbox 1505 506 1603 530; x_wconf 59' lang='lat' dir='ltr'><strong>turmae</strong></span> <span class='ocrx_word' id='word_1_151' title='bbox 1630 504 1772 538; x_wconf 85' lang='lat' dir='ltr'><strong>proditio,</strong></span> 
     </span>
    </p>
   </div>
   <div class='ocr_carea' id='block_1_20' title="bbox 980 540 1770 587">
    <p class='ocr_par' dir='ltr' id='par_1_20' title="bbox 980 540 1770 587">
     <span class='ocr_line' id='line_1_20' title="bbox 980 540 1770 587; baseline -0.001 -8"><span class='ocrx_word' id='word_1_152' title='bbox 980 559 1098 587; x_wconf 88' lang='lat' dir='ltr'><strong>quorum</strong></span> <span class='ocrx_word' id='word_1_153' title='bbox 1126 557 1312 585; x_wconf 73' lang='lat' dir='ltr'><strong>praecursores</strong></span> <span class='ocrx_word' id='word_1_154' title='bbox 1339 550 1467 577; x_wconf 75' lang='lat' dir='ltr'><strong>hesterno</strong></span> <span class='ocrx_word' id='word_1_155' title='bbox 1492 549 1536 576; x_wconf 90' lang='lat' dir='ltr'><strong>die</strong></span> <span class='ocrx_word' id='word_1_156' title='bbox 1571 540 1627 576; x_wconf 73' lang='lat' dir='ltr'><strong>tres</strong></span> <span class='ocrx_word' id='word_1_157' title='bbox 1649 557 1664 576; x_wconf 88' lang='lat' dir='ltr'><strong>e</strong></span> <span class='ocrx_word' id='word_1_158' title='bbox 1683 551 1770 584; x_wconf 81' lang='lat' dir='ltr'><strong>portis</strong></span> 
     </span>
    </p>
   </div>
   <div class='ocr_carea' id='block_1_21' title="bbox 981 595 1774 629">
    <p class='ocr_par' dir='ltr' id='par_1_21' title="bbox 981 595 1774 629">
     <span class='ocr_line' id='line_1_21' title="bbox 981 595 1774 629; baseline -0.004 -5"><span class='ocrx_word' id='word_1_159' title='bbox 981 596 1199 625; x_wconf 70' lang='lat' dir='ltr'><strong>occidentalibus</strong></span> <span class='ocrx_word' id='word_1_160' title='bbox 1218 595 1381 623; x_wconf 74' lang='lat' dir='ltr'><strong>exsilierant</strong></span> <span class='ocrx_word' id='word_1_161' title='bbox 1396 599 1424 622; x_wconf 90' lang='lat' dir='ltr'><strong>et</strong></span> <span class='ocrx_word' id='word_1_162' title='bbox 1441 597 1467 622; x_wconf 92' lang='lat' dir='ltr'><strong>in</strong></span> <span class='ocrx_word' id='word_1_163' title='bbox 1487 600 1635 629; x_wconf 88' lang='lat' dir='ltr'><strong>conspectu</strong></span> <span class='ocrx_word' id='word_1_164' title='bbox 1650 596 1774 622; x_wconf 84' lang='lat' dir='ltr'><strong>omnium</strong></span> 
     </span>
    </p>
   </div>
   <div class='ocr_carea' id='block_1_22' title="bbox 981 641 1772 676">
    <p class='ocr_par' dir='ltr' id='par_1_22' title="bbox 981 641 1772 676">
     <span class='ocr_line' id='line_1_22' title="bbox 981 641 1772 676; baseline -0.004 -4"><span class='ocrx_word' id='word_1_165' title='bbox 981 652 1043 672; x_wconf 91' lang='lat' dir='ltr'><strong>cum</strong></span> <span class='ocrx_word' id='word_1_166' title='bbox 1059 643 1187 671; x_wconf 82' lang='lat' dir='ltr'><strong>Barbaris</strong></span> <span class='ocrx_word' id='word_1_167' title='bbox 1203 642 1351 670; x_wconf 72' lang='lat' dir='ltr'><strong>amicitiam</strong></span> <span class='ocrx_word' id='word_1_168' title='bbox 1366 643 1524 676; x_wconf 84' lang='lat' dir='ltr'><strong>junxerunt.</strong></span> <span class='ocrx_word' id='word_1_169' title='bbox 1540 642 1651 669; x_wconf 84' lang='lat' dir='ltr'><strong>Duobus</strong></span> <span class='ocrx_word' id='word_1_170' title='bbox 1671 641 1772 669; x_wconf 76' lang='lat' dir='ltr'><strong>diebus</strong></span> 
     </span>
    </p>
   </div>
   <div class='ocr_carea' id='block_1_23' title="bbox 985 687 1773 724">
    <p class='ocr_par' dir='ltr' id='par_1_23' title="bbox 985 687 1773 724">
     <span class='ocr_line' id='line_1_23' title="bbox 985 687 1773 724; baseline -0.005 -6"><span class='ocrx_word' id='word_1_171' title='bbox 985 697 1048 718; x_wconf 85' lang='lat' dir='ltr'><strong>ante</strong></span> <span class='ocrx_word' id='word_1_172' title='bbox 1063 689 1307 724; x_wconf 69' lang='lat' dir='ltr'><strong>expugnationem.</strong></span> <span class='ocrx_word' id='word_1_173' title='bbox 1333 689 1428 722; x_wconf 83' lang='lat' dir='ltr'><strong>quinta</strong></span> <span class='ocrx_word' id='word_1_174' title='bbox 1448 688 1505 715; x_wconf 83' lang='lat' dir='ltr'><strong>fere</strong></span> <span class='ocrx_word' id='word_1_175' title='bbox 1525 687 1704 715; x_wconf 79' lang='lat' dir='ltr'><strong>hebdomadis</strong></span> <span class='ocrx_word' id='word_1_176' title='bbox 1717 687 1773 720; x_wconf 82' lang='lat' dir='ltr'><strong>die,</strong></span> 
     </span>
    </p>
   </div>
   <div class='ocr_carea' id='block_1_24' title="bbox 988 733 1776 771">
    <p class='ocr_par' dir='ltr' id='par_1_24' title="bbox 988 733 1776 771">
     <span class='ocr_line' id='line_1_24' title="bbox 988 733 1776 771; baseline -0.008 -7"><span class='ocrx_word' id='word_1_177' title='bbox 988 737 1064 765; x_wconf 79' lang='lat' dir='ltr'><strong>circa</strong></span> <span class='ocrx_word' id='word_1_178' title='bbox 1080 735 1204 771; x_wconf 81' lang='lat' dir='ltr'><strong>vesperis</strong></span> <span class='ocrx_word' id='word_1_179' title='bbox 1218 734 1300 762; x_wconf 82' lang='lat' dir='ltr'><strong>linem</strong></span> <span class='ocrx_word' id='word_1_180' title='bbox 1313 735 1438 769; x_wconf 78' lang='lat' dir='ltr'><strong>apparuit</strong></span> <span class='ocrx_word' id='word_1_181' title='bbox 1452 733 1632 768; x_wconf 79' lang='lat' dir='ltr'><strong>Theophanes</strong></span> <span class='ocrx_word' id='word_1_182' title='bbox 1649 734 1776 761; x_wconf 68' lang='lat' dir='ltr'><strong>Probata:</strong></span> 
     </span>
    </p>
   </div>
   <div class='ocr_carea' id='block_1_25' title="bbox 988 779 1776 815">
    <p class='ocr_par' dir='ltr' id='par_1_25' title="bbox 988 779 1776 815">
     <span class='ocr_line' id='line_1_25' title="bbox 988 779 1776 815; baseline -0.004 -6"><span class='ocrx_word' id='word_1_183' title='bbox 988 783 1061 811; x_wconf 83' lang='lat' dir='ltr'><strong>ﬁlius</strong></span> <span class='ocrx_word' id='word_1_184' title='bbox 1080 782 1151 809; x_wconf 87' lang='lat' dir='ltr'><strong>intra</strong></span> <span class='ocrx_word' id='word_1_185' title='bbox 1173 781 1280 814; x_wconf 78' lang='lat' dir='ltr'><strong>urbem,</strong></span> <span class='ocrx_word' id='word_1_186' title='bbox 1296 781 1343 815; x_wconf 85' lang='lat' dir='ltr'><strong>qui</strong></span> <span class='ocrx_word' id='word_1_187' title='bbox 1359 787 1374 807; x_wconf 88' lang='lat' dir='ltr'><strong>e</strong></span> <span class='ocrx_word' id='word_1_188' title='bbox 1391 779 1542 814; x_wconf 81' lang='lat' dir='ltr'><strong>Dyrrachio</strong></span> <span class='ocrx_word' id='word_1_189' title='bbox 1561 779 1674 807; x_wconf 87' lang='lat' dir='ltr'><strong>Latinos</strong></span> <span class='ocrx_word' id='word_1_190' title='bbox 1687 780 1776 807; x_wconf 90' lang='lat' dir='ltr'><strong>comi-</strong></span> 
     </span>
    </p>
   </div>
   <div class='ocr_carea' id='block_1_26' title="bbox 987 824 1773 862">
    <p class='ocr_par' dir='ltr' id='par_1_26' title="bbox 987 824 1773 862">
     <span class='ocr_line' id='line_1_26' title="bbox 987 824 1773 862; baseline -0.006 -6"><span class='ocrx_word' id='word_1_191' title='bbox 987 832 1061 856; x_wconf 83' lang='lat' dir='ltr'><strong>tatus</strong></span> <span class='ocrx_word' id='word_1_192' title='bbox 1085 827 1247 862; x_wconf 77' lang='lat' dir='ltr'><strong>proditionis</strong></span> <span class='ocrx_word' id='word_1_193' title='bbox 1266 834 1295 854; x_wconf 84' lang='lat' dir='ltr'><strong>se</strong></span> <span class='ocrx_word' id='word_1_194' title='bbox 1317 830 1473 860; x_wconf 89' lang='lat' dir='ltr'><strong>suspectum</strong></span> <span class='ocrx_word' id='word_1_195' title='bbox 1497 825 1625 852; x_wconf 84' lang='lat' dir='ltr'><strong>reddidit.</strong></span> <span class='ocrx_word' id='word_1_196' title='bbox 1645 824 1699 852; x_wconf 87' lang='lat' dir='ltr'><strong>Leo</strong></span> <span class='ocrx_word' id='word_1_197' title='bbox 1714 826 1773 859; x_wconf 84' lang='lat' dir='ltr'><strong>qui-</strong></span> 
     </span>
    </p>
   </div>
   <div class='ocr_carea' id='block_1_27' title="bbox 146 869 942 909">
    <p class='ocr_par' dir='ltr' id='par_1_27' title="bbox 146 869 937 908">
     <span class='ocr_line' id='line_1_27' title="bbox 146 869 937 908; baseline -0.005 -8"><span class='ocrx_word' id='word_1_198' title='bbox 146 875 179 901; x_wconf 86' lang='grc' dir='ltr'>ἂν</span> <span class='ocrx_word' id='word_1_199' title='bbox 195 874 234 906; x_wconf 86' lang='grc' dir='ltr'><strong>είς</strong></span> <span class='ocrx_word' id='word_1_200' title='bbox 246 874 307 900; x_wconf 84' lang='grc' dir='ltr'>νοῦν</span> <span class='ocrx_word' id='word_1_201' title='bbox 323 872 481 908; x_wconf 81' lang='grc' dir='ltr'>προδοτικὸν</span> <span class='ocrx_word' id='word_1_202' title='bbox 497 871 619 906; x_wconf 81' lang='grc' dir='ltr'>έναγάγῃ</span> <span class='ocrx_word' id='word_1_203' title='bbox 638 871 772 905; x_wconf 76' lang='grc' dir='ltr'>μαθόντας</span> <span class='ocrx_word' id='word_1_204' title='bbox 783 870 870 905; x_wconf 84' lang='grc' dir='ltr'>αὐτήν</span> <span class='ocrx_word' id='word_1_205' title='bbox 881 878 889 903; x_wconf 87' lang='lat'><strong>;</strong></span> <span class='ocrx_word' id='word_1_206' title='bbox 902 869 937 905; x_wconf 72' lang='grc' dir='ltr'>ἢν</span> 
     </span>
    </p>
   </div>
   <div class='ocr_carea' id='block_1_28' title="bbox 997 869 1777 909">
    <p class='ocr_par' dir='ltr' id='par_1_28' title="bbox 997 871 1777 909">
     <span class='ocr_line' id='line_1_28' title="bbox 997 871 1777 909; baseline -0.004 -8"><span class='ocrx_word' id='word_1_207' title='bbox 997 874 1051 901; x_wconf 89' lang='lat' dir='ltr'><strong>lam</strong></span> <span class='ocrx_word' id='word_1_208' title='bbox 1068 873 1309 909; x_wconf 78' lang='lat' dir='ltr'><strong>Agiocuphemites</strong></span> <span class='ocrx_word' id='word_1_209' title='bbox 1326 872 1434 906; x_wconf 85' lang='lat' dir='ltr'><strong>equiso.</strong></span> <span class='ocrx_word' id='word_1_210' title='bbox 1452 878 1486 898; x_wconf 88' lang='lat' dir='ltr'><strong>eo</strong></span> <span class='ocrx_word' id='word_1_211' title='bbox 1502 871 1625 905; x_wconf 74' lang='lat' dir='ltr'><strong>cognito,</strong></span> <span class='ocrx_word' id='word_1_212' title='bbox 1642 871 1669 898; x_wconf 91' lang='lat' dir='ltr'><strong>in</strong></span> <span class='ocrx_word' id='word_1_213' title='bbox 1682 874 1777 898; x_wconf 88' lang='lat' dir='ltr'><strong>mente</strong></span> 
     </span>
    </p>
   </div>
   <div class='ocr_carea' id='block_1_29' title="bbox 147 915 934 952">
    <p class='ocr_par' dir='ltr' id='par_1_29' title="bbox 147 915 934 952">
     <span class='ocr_line' id='line_1_29' title="bbox 147 915 934 952; baseline -0.005 -6"><span class='ocrx_word' id='word_1_214' title='bbox 147 921 225 947; x_wconf 82' lang='grc' dir='ltr'>Λέων</span> <span class='ocrx_word' id='word_1_215' title='bbox 239 928 280 951; x_wconf 84' lang='grc' dir='ltr'><strong>τις</strong></span> <span class='ocrx_word' id='word_1_216' title='bbox 303 919 394 946; x_wconf 79' lang='grc' dir='ltr'>ἵππων</span> <span class='ocrx_word' id='word_1_217' title='bbox 409 917 512 951; x_wconf 74' lang='grc' dir='ltr'>ἀγαθὸς</span> <span class='ocrx_word' id='word_1_218' title='bbox 530 917 660 952; x_wconf 84' lang='grc' dir='ltr'>μελητὴς,</span> <span class='ocrx_word' id='word_1_219' title='bbox 671 915 934 951; x_wconf 73' lang='grc' dir='ltr'>ὁἌγιοευφημίτης,</span> 
     </span>
    </p>
   </div>
   <div class='ocr_carea' id='block_1_30' title="bbox 149 960 935 999">
    <p class='ocr_par' dir='ltr' id='par_1_30' title="bbox 149 960 935 999">
     <span class='ocr_line' id='line_1_30' title="bbox 149 960 935 999; baseline -0.008 -7"><span class='ocrx_word' id='word_1_220' title='bbox 149 965 211 992; x_wconf 86' lang='grc' dir='ltr'>ίδὼν</span> <span class='ocrx_word' id='word_1_221' title='bbox 225 966 271 992; x_wconf 75' lang='grc' dir='ltr'>καὶ</span> <span class='ocrx_word' id='word_1_222' title='bbox 281 963 547 999; x_wconf 75' lang='grc' dir='ltr'>περιεργασάμενος,</span> <span class='ocrx_word' id='word_1_223' title='bbox 565 962 613 989; x_wconf 81' lang='grc' dir='ltr'>καὶ</span> <span class='ocrx_word' id='word_1_224' title='bbox 638 960 718 996; x_wconf 85' lang='grc' dir='ltr'>θυμῷ</span> <span class='ocrx_word' id='word_1_225' title='bbox 735 961 785 996; x_wconf 79' lang='grc' dir='ltr'>μὲν</span> <span class='ocrx_word' id='word_1_226' title='bbox 813 960 935 995; x_wconf 78' lang='grc' dir='ltr'>βληθεὶς,</span> 
     </span>
    </p>
   </div>
   <div class='ocr_carea' id='block_1_31' title="bbox 147 1006 936 1045">
    <p class='ocr_par' dir='ltr' id='par_1_31' title="bbox 147 1006 936 1045">
     <span class='ocr_line' id='line_1_31' title="bbox 147 1006 936 1045; baseline -0.006 -8"><span class='ocrx_word' id='word_1_227' title='bbox 147 1010 206 1038; x_wconf 74' lang='grc' dir='ltr'><strong>οὐχ’</strong></span> <span class='ocrx_word' id='word_1_228' title='bbox 216 1010 286 1045; x_wconf 76' lang='grc' dir='ltr'>έχων</span> <span class='ocrx_word' id='word_1_229' title='bbox 297 1009 330 1042; x_wconf 85' lang='grc' dir='ltr'><strong>δ’,</strong></span> <span class='ocrx_word' id='word_1_230' title='bbox 342 1009 356 1036; x_wconf 80' lang='grc' dir='ltr'><strong>ὅ</strong></span> <span class='ocrx_word' id='word_1_231' title='bbox 365 1017 392 1035; x_wconf 87' lang='grc' dir='ltr'><strong>τι</strong></span> <span class='ocrx_word' id='word_1_232' title='bbox 413 1009 459 1034; x_wconf 77' lang='grc' dir='ltr'>καὶ</span> <span class='ocrx_word' id='word_1_233' title='bbox 473 1008 610 1042; x_wconf 76' lang='grc' dir='ltr'>δράσειεν,</span> <span class='ocrx_word' id='word_1_234' title='bbox 624 1006 768 1033; x_wconf 87' lang='grc' dir='ltr'>ὡσιώσατο</span> <span class='ocrx_word' id='word_1_235' title='bbox 782 1006 891 1041; x_wconf 75' lang='grc' dir='ltr'>ἄμυναν</span> <span class='ocrx_word' id='word_1_236' title='bbox 902 1006 936 1040; x_wconf 84' lang='grc' dir='ltr'>τῇ</span> 
     </span>
    </p>
   </div>
   <div class='ocr_carea' id='block_1_32' title="bbox 149 1051 938 1092">
    <p class='ocr_par' dir='ltr' id='par_1_32' title="bbox 149 1051 938 1092">
     <span class='ocr_line' id='line_1_32' title="bbox 149 1051 938 1092; baseline -0.008 -9"><span class='ocrx_word' id='word_1_237' title='bbox 149 1057 270 1092; x_wconf 80' lang='grc' dir='ltr'>πατρίδι,</span> <span class='ocrx_word' id='word_1_238' title='bbox 285 1055 402 1089; x_wconf 76' lang='grc' dir='ltr'>ἐξειπὼν</span> <span class='ocrx_word' id='word_1_239' title='bbox 423 1055 454 1081; x_wconf 79' lang='grc' dir='ltr'>τὸ</span> <span class='ocrx_word' id='word_1_240' title='bbox 470 1054 556 1081; x_wconf 76' lang='grc' dir='ltr'>κακὸν</span> <span class='ocrx_word' id='word_1_241' title='bbox 571 1055 628 1085; x_wconf 85' lang='grc' dir='ltr'>τοῖς</span> <span class='ocrx_word' id='word_1_242' title='bbox 647 1053 685 1088; x_wconf 83' lang='grc' dir='ltr'>μὴ</span> <span class='ocrx_word' id='word_1_243' title='bbox 702 1052 824 1087; x_wconf 82' lang='grc' dir='ltr'>τολμῶσι</span> <span class='ocrx_word' id='word_1_244' title='bbox 847 1051 938 1078; x_wconf 82' lang='grc' dir='ltr'>λαλεῖν</span> 
     </span>
    </p>
   </div>
   <div class='ocr_carea' id='block_1_33' title="bbox 149 1096 937 1138">
    <p class='ocr_par' dir='ltr' id='par_1_33' title="bbox 149 1096 937 1138">
     <span class='ocr_line' id='line_1_33' title="bbox 149 1096 937 1138; baseline -0.008 -10"><span class='ocrx_word' id='word_1_245' title='bbox 149 1111 176 1128; x_wconf 85' lang='grc' dir='ltr'><strong>τι</strong></span> <span class='ocrx_word' id='word_1_246' title='bbox 200 1102 267 1138; x_wconf 81' lang='grc' dir='ltr'>πρὸς</span> <span class='ocrx_word' id='word_1_247' title='bbox 287 1101 333 1127; x_wconf 79' lang='grc' dir='ltr'><strong>τὸν</strong></span> <span class='ocrx_word' id='word_1_248' title='bbox 351 1101 399 1127; x_wconf 67' lang='grc' dir='ltr'><strong>ἐπὶ</strong></span> <span class='ocrx_word' id='word_1_249' title='bbox 426 1099 586 1135; x_wconf 79' lang='grc' dir='ltr'>δυσπραγίᾳ</span> <span class='ocrx_word' id='word_1_250' title='bbox 618 1099 694 1133; x_wconf 79' lang='grc' dir='ltr'>κοινῇ</span> <span class='ocrx_word' id='word_1_251' title='bbox 714 1097 829 1132; x_wconf 75' lang='grc' dir='ltr'>φοϐερὸν</span> <span class='ocrx_word' id='word_1_252' title='bbox 844 1096 937 1123; x_wconf 81' lang='grc' dir='ltr'>Δαυῖδ.</span> 
     </span>
    </p>
   </div>
   <div class='ocr_carea' id='block_1_34' title="bbox 186 1163 940 1203">
    <p class='ocr_par' dir='ltr' id='par_1_34' title="bbox 186 1163 940 1203">
     <span class='ocr_line' id='line_1_34' title="bbox 186 1163 940 1203; baseline -0.009 -7"><span class='ocrx_word' id='word_1_253' title='bbox 186 1173 232 1196; x_wconf 79' lang='lat' dir='ltr'><strong>os&#39;.</strong></span> <span class='ocrx_word' id='word_1_254' title='bbox 263 1169 345 1194; x_wconf 80' lang='grc' dir='ltr'>Ἀλλὰ</span> <span class='ocrx_word' id='word_1_255' title='bbox 373 1168 462 1194; x_wconf 82' lang='grc' dir='ltr'>ταῦτα</span> <span class='ocrx_word' id='word_1_256' title='bbox 492 1167 542 1203; x_wconf 78' lang='grc' dir='ltr'>μὲν</span> <span class='ocrx_word' id='word_1_257' title='bbox 572 1166 658 1197; x_wconf 71' lang='grc' dir='ltr'>οὕτως</span> <span class='ocrx_word' id='word_1_258' title='bbox 686 1166 752 1200; x_wconf 87' lang='grc' dir='ltr'>ἡμῖν</span> <span class='ocrx_word' id='word_1_259' title='bbox 781 1163 940 1197; x_wconf 78' lang='grc' dir='ltr'>ἀναγκαίως</span> 
     </span>
    </p>
   </div>
   <div class='ocr_carea' id='block_1_35' title="bbox 153 1210 941 1250">
    <p class='ocr_par' dir='ltr' id='par_1_35' title="bbox 153 1210 941 1250">
     <span class='ocr_line' id='line_1_35' title="bbox 153 1210 941 1250; baseline -0.009 -9"><span class='ocrx_word' id='word_1_260' title='bbox 153 1215 380 1250; x_wconf 75' lang='grc' dir='ltr'>ὲπεμὸεσλήσοω,</span> <span class='ocrx_word' id='word_1_261' title='bbox 403 1213 419 1247; x_wconf 86' lang='grc' dir='ltr'>ἢ</span> <span class='ocrx_word' id='word_1_262' title='bbox 439 1213 558 1247; x_wconf 80' lang='grc' dir='ltr'>μάλιστα</span> <span class='ocrx_word' id='word_1_263' title='bbox 576 1211 764 1246; x_wconf 83' lang='grc' dir='ltr'>προειλήφθω.</span> <span class='ocrx_word' id='word_1_264' title='bbox 785 1211 817 1236; x_wconf 78' lang='grc' dir='ltr'><strong>Οἱ</strong></span> <span class='ocrx_word' id='word_1_265' title='bbox 846 1210 874 1235; x_wconf 75' lang='grc' dir='ltr'>δὲ</span> <span class='ocrx_word' id='word_1_266' title='bbox 893 1217 941 1234; x_wconf 84' lang='grc' dir='ltr'>πο-</span> 
     </span>
    </p>
   </div>
   <div class='ocr_carea' id='block_1_36' title="bbox 154 1255 941 1297">
    <p class='ocr_par' dir='ltr' id='par_1_36' title="bbox 154 1255 941 1297">
     <span class='ocr_line' id='line_1_36' title="bbox 154 1255 941 1297; baseline -0.01 -9"><span class='ocrx_word' id='word_1_267' title='bbox 154 1264 244 1297; x_wconf 84' lang='grc' dir='ltr'>λέμιοι</span> <span class='ocrx_word' id='word_1_268' title='bbox 271 1261 391 1295; x_wconf 81' lang='grc' dir='ltr'>στερεῶς</span> <span class='ocrx_word' id='word_1_269' title='bbox 415 1260 486 1286; x_wconf 76' lang='grc' dir='ltr'>κατὰ</span> <span class='ocrx_word' id='word_1_270' title='bbox 505 1258 558 1285; x_wconf 79' lang='grc' dir='ltr'><strong>τῶν</strong></span> <span class='ocrx_word' id='word_1_271' title='bbox 573 1258 648 1294; x_wconf 87' lang='grc' dir='ltr'>ὲῴων</span> <span class='ocrx_word' id='word_1_272' title='bbox 664 1257 757 1292; x_wconf 80' lang='grc' dir='ltr'>μερῶν</span> <span class='ocrx_word' id='word_1_273' title='bbox 771 1258 821 1291; x_wconf 84' lang='grc' dir='ltr'>τῆς</span> <span class='ocrx_word' id='word_1_274' title='bbox 837 1255 941 1286; x_wconf 68' lang='grc' dir='ltr'>πόλεως</span> 
     </span>
    </p>
   </div>
   <div class='ocr_carea' id='block_1_37' title="bbox 155 1300 941 1341">
    <p class='ocr_par' dir='ltr' id='par_1_37' title="bbox 155 1300 941 1341">
     <span class='ocr_line' id='line_1_37' title="bbox 155 1300 941 1341; baseline -0.011 -7"><span class='ocrx_word' id='word_1_275' title='bbox 155 1308 210 1334; x_wconf 85' lang='grc' dir='ltr'>τῶν</span> <span class='ocrx_word' id='word_1_276' title='bbox 226 1307 286 1333; x_wconf 81' lang='grc' dir='ltr'>κατ’</span> <span class='ocrx_word' id='word_1_277' title='bbox 309 1305 434 1341; x_wconf 74' lang='grc' dir='ltr'>αἰγιαλὸν</span> <span class='ocrx_word' id='word_1_278' title='bbox 448 1305 500 1336; x_wconf 71' lang='grc' dir='ltr'>ἕως</span> <span class='ocrx_word' id='word_1_279' title='bbox 518 1305 565 1330; x_wconf 80' lang='grc' dir='ltr'>καὶ</span> <span class='ocrx_word' id='word_1_280' title='bbox 589 1303 643 1329; x_wconf 80' lang='grc' dir='ltr'><strong>τῶν</strong></span> <span class='ocrx_word' id='word_1_281' title='bbox 658 1304 730 1329; x_wconf 81' lang='grc' dir='ltr'><strong>κατά</strong></span> <span class='ocrx_word' id='word_1_282' title='bbox 749 1301 811 1332; x_wconf 79' lang='grc' dir='ltr'>τοὺς</span> <span class='ocrx_word' id='word_1_283' title='bbox 826 1300 941 1335; x_wconf 81' lang='grc' dir='ltr'>ἀσωμά-</span> 
     </span>
    </p>
   </div>
   <div class='ocr_carea' id='block_1_38' title="bbox 154 1345 942 1383">
    <p class='ocr_par' dir='ltr' id='par_1_38' title="bbox 154 1345 942 1383">
     <span class='ocr_line' id='line_1_38' title="bbox 154 1345 942 1383; baseline -0.011 -5"><span class='ocrx_word' id='word_1_284' title='bbox 154 1361 218 1383; x_wconf 83' lang='grc' dir='ltr'>τους</span> <span class='ocrx_word' id='word_1_285' title='bbox 236 1351 328 1377; x_wconf 80' lang='grc' dir='ltr'>πυλῶν</span> <span class='ocrx_word' id='word_1_286' title='bbox 353 1351 495 1377; x_wconf 67' lang='grc' dir='ltr'>ἐπέκειντο</span> <span class='ocrx_word' id='word_1_287' title='bbox 506 1356 514 1364; x_wconf 87' lang='grc'><strong>·</strong></span> <span class='ocrx_word' id='word_1_288' title='bbox 529 1348 576 1376; x_wconf 77' lang='grc' dir='ltr'>καὶ</span> <span class='ocrx_word' id='word_1_289' title='bbox 592 1347 663 1374; x_wconf 80' lang='grc' dir='ltr'>κατὰ</span> <span class='ocrx_word' id='word_1_290' title='bbox 679 1347 728 1382; x_wconf 81' lang='grc' dir='ltr'>τὴν</span> <span class='ocrx_word' id='word_1_291' title='bbox 745 1347 875 1380; x_wconf 72' lang='grc' dir='ltr'>πέμπτην</span> <span class='ocrx_word' id='word_1_292' title='bbox 893 1345 942 1371; x_wconf 77' lang='grc' dir='ltr'>καὶ</span> 
     </span>
    </p>
   </div>
   <div class='ocr_carea' id='block_1_39' title="bbox 155 1390 942 1433">
    <p class='ocr_par' dir='ltr' id='par_1_39' title="bbox 155 1390 942 1433">
     <span class='ocr_line' id='line_1_39' title="bbox 155 1390 942 1433; baseline -0.013 -8"><span class='ocrx_word' id='word_1_293' title='bbox 155 1399 283 1433; x_wconf 81' lang='grc' dir='ltr'>δεκάτην,</span> <span class='ocrx_word' id='word_1_294' title='bbox 302 1397 339 1428; x_wconf 89' lang='grc' dir='ltr'><strong>ὡς</strong></span> <span class='ocrx_word' id='word_1_295' title='bbox 356 1396 548 1431; x_wconf 81' lang='grc' dir='ltr'>προέκκειται,</span> <span class='ocrx_word' id='word_1_296' title='bbox 563 1393 610 1420; x_wconf 79' lang='grc' dir='ltr'>τοῦ</span> <span class='ocrx_word' id='word_1_297' title='bbox 625 1392 782 1427; x_wconf 71' lang='grc' dir='ltr'>Αὐγούστου</span> <span class='ocrx_word' id='word_1_298' title='bbox 803 1392 850 1422; x_wconf 77' lang='grc' dir='ltr'><strong>τὰς</strong></span> <span class='ocrx_word' id='word_1_299' title='bbox 873 1390 942 1424; x_wconf 85' lang='grc' dir='ltr'>νῆας</span> 
     </span>
    </p>
   </div>
   <div class='ocr_carea' id='block_1_40' title="bbox 156 1436 940 1478">
    <p class='ocr_par' dir='ltr' id='par_1_40' title="bbox 156 1436 940 1478">
     <span class='ocr_line' id='line_1_40' title="bbox 156 1436 940 1478; baseline -0.011 -8"><span class='ocrx_word' id='word_1_300' title='bbox 156 1444 355 1477; x_wconf 84' lang='grc' dir='ltr'>λιμενίσαντες,</span> <span class='ocrx_word' id='word_1_301' title='bbox 372 1443 406 1478; x_wconf 80' lang='grc' dir='ltr'><strong>τῇ</strong></span> <span class='ocrx_word' id='word_1_302' title='bbox 423 1441 518 1476; x_wconf 77' lang='grc' dir='ltr'>αὔριον</span> <span class='ocrx_word' id='word_1_303' title='bbox 532 1440 662 1475; x_wconf 82' lang='grc' dir='ltr'>πρωῖθεν,</span> <span class='ocrx_word' id='word_1_304' title='bbox 682 1436 720 1466; x_wconf 78' lang='grc' dir='ltr'>ὧν</span> <span class='ocrx_word' id='word_1_305' title='bbox 734 1437 940 1468; x_wconf 77' lang='grc' dir='ltr'>ἐϐουλεύσαντο,</span> 
     </span>
    </p>
   </div>
   <div class='ocr_carea' id='block_1_41' title="bbox 158 1481 942 1526">
    <p class='ocr_par' dir='ltr' id='par_1_41' title="bbox 158 1481 942 1526">
     <span class='ocr_line' id='line_1_41' title="bbox 158 1481 942 1526; baseline -0.011 -9"><span class='ocrx_word' id='word_1_306' title='bbox 158 1490 273 1526; x_wconf 79' lang='grc' dir='ltr'>εἴχοντο,</span> <span class='ocrx_word' id='word_1_307' title='bbox 289 1489 335 1517; x_wconf 77' lang='grc' dir='ltr'>καὶ</span> <span class='ocrx_word' id='word_1_308' title='bbox 350 1487 508 1523; x_wconf 81' lang='grc' dir='ltr'>όξυχειρίας</span> <span class='ocrx_word' id='word_1_309' title='bbox 526 1487 702 1517; x_wconf 63' lang='grc' dir='ltr'>ἐπιϐαλόντες</span> <span class='ocrx_word' id='word_1_310' title='bbox 721 1486 831 1511; x_wconf 69' lang='grc' dir='ltr'>ἐποίουν</span> <span class='ocrx_word' id='word_1_311' title='bbox 845 1483 879 1509; x_wconf 84' lang='grc' dir='ltr'><strong>τὰ</strong></span> <span class='ocrx_word' id='word_1_312' title='bbox 893 1481 942 1509; x_wconf 82' lang='grc' dir='ltr'>τοῦ</span> 
     </span>
    </p>
   </div>
   <div class='ocr_carea' id='block_1_42' title="bbox 159 1527 943 1572">
    <p class='ocr_par' dir='ltr' id='par_1_42' title="bbox 159 1527 943 1572">
     <span class='ocr_line' id='line_1_42' title="bbox 159 1527 943 1572; baseline -0.011 -9"><span class='ocrx_word' id='word_1_313' title='bbox 159 1537 288 1572; x_wconf 82' lang='grc' dir='ltr'>πολέμου.</span> <span class='ocrx_word' id='word_1_314' title='bbox 305 1535 360 1562; x_wconf 73' lang='grc' dir='ltr'><strong>Καὶ</strong></span> <span class='ocrx_word' id='word_1_315' title='bbox 370 1533 403 1571; x_wconf 82' lang='grc' dir='ltr'>ἦν</span> <span class='ocrx_word' id='word_1_316' title='bbox 421 1534 485 1560; x_wconf 81' lang='grc' dir='ltr'>ἰδεῖν</span> <span class='ocrx_word' id='word_1_317' title='bbox 499 1533 570 1560; x_wconf 74' lang='grc' dir='ltr'>κατὰ</span> <span class='ocrx_word' id='word_1_318' title='bbox 581 1532 630 1566; x_wconf 83' lang='grc' dir='ltr'>τὴν</span> <span class='ocrx_word' id='word_1_319' title='bbox 649 1530 820 1566; x_wconf 81' lang='grc' dir='ltr'>Ἦροδότειον</span> <span class='ocrx_word' id='word_1_320' title='bbox 830 1527 943 1556; x_wconf 79' lang='grc' dir='ltr'>Μοῦσαν</span> 
     </span>
    </p>
   </div>
   <div class='ocr_carea' id='block_1_43' title="bbox 158 1574 945 1616">
    <p class='ocr_par' dir='ltr' id='par_1_43' title="bbox 158 1574 945 1616">
     <span class='ocr_line' id='line_1_43' title="bbox 158 1574 945 1616; baseline -0.01 -8"><span class='ocrx_word' id='word_1_321' title='bbox 158 1583 227 1616; x_wconf 78' lang='grc' dir='ltr'>νέφη</span> <span class='ocrx_word' id='word_1_322' title='bbox 250 1580 335 1615; x_wconf 81' lang='grc' dir='ltr'>βελῶν</span> <span class='ocrx_word' id='word_1_323' title='bbox 358 1580 413 1606; x_wconf 79' lang='grc' dir='ltr'>τὼν</span> <span class='ocrx_word' id='word_1_324' title='bbox 438 1587 469 1605; x_wconf 90' lang='grc' dir='ltr'><strong>τε</strong></span> <span class='ocrx_word' id='word_1_325' title='bbox 496 1577 568 1605; x_wconf 83' lang='grc' dir='ltr'>κατὰ</span> <span class='ocrx_word' id='word_1_326' title='bbox 593 1577 707 1612; x_wconf 80' lang='grc' dir='ltr'>πέτρας,</span> <span class='ocrx_word' id='word_1_327' title='bbox 733 1575 789 1602; x_wconf 77' lang='grc' dir='ltr'><strong>τῶν</strong></span> <span class='ocrx_word' id='word_1_328' title='bbox 815 1583 845 1601; x_wconf 82' lang='grc' dir='ltr'><strong>τε</strong></span> <span class='ocrx_word' id='word_1_329' title='bbox 874 1574 945 1601; x_wconf 84' lang='grc' dir='ltr'>κατὰ</span> 
     </span>
    </p>
   </div>
   <div class='ocr_carea' id='block_1_44' title="bbox 157 1619 945 1660">
    <p class='ocr_par' dir='ltr' id='par_1_44' title="bbox 157 1619 945 1660">
     <span class='ocr_line' id='line_1_44' title="bbox 157 1619 945 1660; baseline -0.011 -6"><span class='ocrx_word' id='word_1_330' title='bbox 157 1628 275 1659; x_wconf 78' lang='grc' dir='ltr'>ὀϊστοὺς,</span> <span class='ocrx_word' id='word_1_331' title='bbox 288 1627 321 1653; x_wconf 83' lang='grc' dir='ltr'><strong>δι’</strong></span> <span class='ocrx_word' id='word_1_332' title='bbox 335 1622 371 1652; x_wconf 80' lang='grc' dir='ltr'>ὧν</span> <span class='ocrx_word' id='word_1_333' title='bbox 383 1625 437 1660; x_wconf 77' lang='grc' dir='ltr'>ἀὴρ</span> <span class='ocrx_word' id='word_1_334' title='bbox 448 1623 600 1655; x_wconf 78' lang='grc' dir='ltr'>ὲσκιάζετο.</span> <span class='ocrx_word' id='word_1_335' title='bbox 615 1622 671 1649; x_wconf 80' lang='grc' dir='ltr'><strong>Καὶ</strong></span> <span class='ocrx_word' id='word_1_336' title='bbox 686 1621 830 1648; x_wconf 68' lang='grc' dir='ltr'>ἐϐάλλοντο</span> <span class='ocrx_word' id='word_1_337' title='bbox 839 1620 889 1654; x_wconf 81' lang='grc' dir='ltr'>μὲν</span> <span class='ocrx_word' id='word_1_338' title='bbox 898 1619 945 1646; x_wconf 81' lang='grc' dir='ltr'>καὶ</span> 
     </span>
    </p>
   </div>
   <div class='ocr_carea' id='block_1_45' title="bbox 157 1665 945 1706">
    <p class='ocr_par' dir='ltr' id='par_1_45' title="bbox 157 1665 945 1706">
     <span class='ocr_line' id='line_1_45' title="bbox 157 1665 945 1706; baseline -0.013 -6"><span class='ocrx_word' id='word_1_339' title='bbox 157 1674 183 1700; x_wconf 88' lang='grc' dir='ltr'><strong>οί</strong></span> <span class='ocrx_word' id='word_1_340' title='bbox 203 1674 235 1700; x_wconf 83' lang='grc' dir='ltr'>ὲκ</span> <span class='ocrx_word' id='word_1_341' title='bbox 248 1673 304 1699; x_wconf 84' lang='grc' dir='ltr'>τῶν</span> <span class='ocrx_word' id='word_1_342' title='bbox 327 1672 442 1706; x_wconf 86' lang='grc' dir='ltr'>τειχέων</span> <span class='ocrx_word' id='word_1_343' title='bbox 458 1670 517 1704; x_wconf 73' lang='grc' dir='ltr'>(καὶ</span> <span class='ocrx_word' id='word_1_344' title='bbox 540 1669 599 1699; x_wconf 82' lang='grc' dir='ltr'>πῶς</span> <span class='ocrx_word' id='word_1_345' title='bbox 617 1668 673 1702; x_wconf 84' lang='grc' dir='ltr'>γὰρ</span> <span class='ocrx_word' id='word_1_346' title='bbox 687 1666 738 1700; x_wconf 72' lang='grc' dir='ltr'>οὓς</span> <span class='ocrx_word' id='word_1_347' title='bbox 764 1667 820 1700; x_wconf 76' lang='grc' dir='ltr'>εἴγε</span> <span class='ocrx_word' id='word_1_348' title='bbox 839 1665 916 1698; x_wconf 74' lang='grc' dir='ltr'>ξυνὸς</span> <span class='ocrx_word' id='word_1_349' title='bbox 931 1665 945 1691; x_wconf 84' lang='grc' dir='ltr'><strong>ό</strong></span> 
     </span>
    </p>
   </div>
   <div class='ocr_carea' id='block_1_46' title="bbox 165 1713 946 1754">
    <p class='ocr_par' dir='ltr' id='par_1_46' title="bbox 165 1713 946 1754">
     <span class='ocr_line' id='line_1_46' title="bbox 165 1713 946 1754; baseline -0.013 -6"><span class='ocrx_word' id='word_1_350' title='bbox 165 1721 313 1754; x_wconf 84' lang='grc' dir='ltr'>Ἐνυάλιος)</span> <span class='ocrx_word' id='word_1_351' title='bbox 328 1728 335 1736; x_wconf 92' lang='grc'>·</span> <span class='ocrx_word' id='word_1_352' title='bbox 350 1719 516 1746; x_wconf 76' lang='grc' dir='ltr'>ἐϐλάπτοντο</span> <span class='ocrx_word' id='word_1_353' title='bbox 542 1717 570 1743; x_wconf 77' lang='grc' dir='ltr'>δὲ</span> <span class='ocrx_word' id='word_1_354' title='bbox 587 1716 642 1743; x_wconf 85' lang='grc' dir='ltr'>τῶν</span> <span class='ocrx_word' id='word_1_355' title='bbox 659 1715 709 1750; x_wconf 80' lang='grc' dir='ltr'>μὲν</span> <span class='ocrx_word' id='word_1_356' title='bbox 727 1714 870 1749; x_wconf 82' lang='grc' dir='ltr'>ἡμετέρων</span> <span class='ocrx_word' id='word_1_357' title='bbox 884 1713 946 1748; x_wconf 76' lang='grc' dir='ltr'>ἤκι-</span> 
     </span>
    </p>
   </div>
   <div class='ocr_carea' id='block_1_47' title="bbox 160 1759 946 1800">
    <p class='ocr_par' dir='ltr' id='par_1_47' title="bbox 160 1759 946 1800">
     <span class='ocr_line' id='line_1_47' title="bbox 160 1759 946 1800; baseline -0.014 -5"><span class='ocrx_word' id='word_1_358' title='bbox 160 1776 228 1800; x_wconf 83' lang='grc' dir='ltr'>στοι,</span> <span class='ocrx_word' id='word_1_359' title='bbox 245 1768 300 1793; x_wconf 86' lang='grc' dir='ltr'>τῶν</span> <span class='ocrx_word' id='word_1_360' title='bbox 317 1766 346 1792; x_wconf 74' lang='grc' dir='ltr'>δὲ</span> <span class='ocrx_word' id='word_1_361' title='bbox 361 1765 491 1792; x_wconf 73' lang='grc' dir='ltr'>ἐναντίων</span> <span class='ocrx_word' id='word_1_362' title='bbox 516 1763 649 1789; x_wconf 85' lang='grc' dir='ltr'>πλεῖστοι.</span> <span class='ocrx_word' id='word_1_363' title='bbox 678 1761 753 1787; x_wconf 85' lang='grc' dir='ltr'>Πάνυ</span> <span class='ocrx_word' id='word_1_364' title='bbox 769 1761 824 1794; x_wconf 79' lang='grc' dir='ltr'><strong>γὰρ</strong></span> <span class='ocrx_word' id='word_1_365' title='bbox 838 1759 946 1791; x_wconf 81' lang='grc' dir='ltr'>ἐδεξίω-</span> 
     </span>
    </p>
   </div>
   <div class='ocr_carea' id='block_1_48' title="bbox 160 1803 945 1845">
    <p class='ocr_par' dir='ltr' id='par_1_48' title="bbox 160 1803 945 1845">
     <span class='ocr_line' id='line_1_48' title="bbox 160 1803 945 1845; baseline -0.014 -4"><span class='ocrx_word' id='word_1_366' title='bbox 160 1823 206 1840; x_wconf 87' lang='grc' dir='ltr'><strong>σεν</strong></span> <span class='ocrx_word' id='word_1_367' title='bbox 223 1815 237 1840; x_wconf 81' lang='grc' dir='ltr'><strong>ό</strong></span> <span class='ocrx_word' id='word_1_368' title='bbox 253 1813 319 1844; x_wconf 78' lang='grc' dir='ltr'>Θεὸς</span> <span class='ocrx_word' id='word_1_369' title='bbox 334 1813 364 1839; x_wconf 85' lang='grc' dir='ltr'>οὑ</span> <span class='ocrx_word' id='word_1_370' title='bbox 376 1812 439 1842; x_wconf 75' lang='grc' dir='ltr'>τοὺς</span> <span class='ocrx_word' id='word_1_371' title='bbox 455 1809 626 1845; x_wconf 80' lang='grc' dir='ltr'>στρατιώτας</span> <span class='ocrx_word' id='word_1_372' title='bbox 642 1808 751 1842; x_wconf 70' lang='grc' dir='ltr'>μόνους,</span> <span class='ocrx_word' id='word_1_373' title='bbox 767 1805 836 1832; x_wconf 81' lang='grc' dir='ltr'>ἀλλὰ</span> <span class='ocrx_word' id='word_1_374' title='bbox 850 1803 945 1831; x_wconf 78' lang='grc' dir='ltr'>καὶτὰ</span> 
     </span>
    </p>
   </div>
   <div class='ocr_carea' id='block_1_49' title="bbox 159 1850 946 1892">
    <p class='ocr_par' dir='ltr' id='par_1_49' title="bbox 159 1850 946 1892">
     <span class='ocr_line' id='line_1_49' title="bbox 159 1850 946 1892; baseline -0.014 -6"><span class='ocrx_word' id='word_1_375' title='bbox 159 1860 240 1886; x_wconf 83' lang='grc' dir='ltr'>λοιπά</span> <span class='ocrx_word' id='word_1_376' title='bbox 259 1858 402 1892; x_wconf 76' lang='grc' dir='ltr'>τέκνατῆς</span> <span class='ocrx_word' id='word_1_377' title='bbox 419 1856 536 1888; x_wconf 84' lang='grc' dir='ltr'>πόλεως,</span> <span class='ocrx_word' id='word_1_378' title='bbox 552 1855 577 1881; x_wconf 77' lang='grc' dir='ltr'>οἵ</span> <span class='ocrx_word' id='word_1_379' title='bbox 592 1855 638 1881; x_wconf 76' lang='grc' dir='ltr'>καὶ</span> <span class='ocrx_word' id='word_1_380' title='bbox 660 1852 767 1888; x_wconf 84' lang='grc' dir='ltr'>βάλλειν</span> <span class='ocrx_word' id='word_1_381' title='bbox 780 1851 845 1883; x_wconf 85' lang='grc' dir='ltr'>τοὺς</span> <span class='ocrx_word' id='word_1_382' title='bbox 868 1850 946 1876; x_wconf 84' lang='grc' dir='ltr'>πολε-</span> 
     </span>
    </p>
   </div>
   <div class='ocr_carea' id='block_1_50' title="bbox 161 1896 944 1940">
    <p class='ocr_par' dir='ltr' id='par_1_50' title="bbox 161 1896 944 1940">
     <span class='ocr_line' id='line_1_50' title="bbox 161 1896 944 1940; baseline -0.013 -9"><span class='ocrx_word' id='word_1_383' title='bbox 161 1907 239 1940; x_wconf 82' lang='grc' dir='ltr'>μίους</span> <span class='ocrx_word' id='word_1_384' title='bbox 255 1904 396 1938; x_wconf 83' lang='grc' dir='ltr'>εὐτύχουν,</span> <span class='ocrx_word' id='word_1_385' title='bbox 411 1903 458 1928; x_wconf 75' lang='grc' dir='ltr'>καὶ</span> <span class='ocrx_word' id='word_1_386' title='bbox 472 1902 512 1933; x_wconf 89' lang='grc' dir='ltr'><strong>είς</strong></span> <span class='ocrx_word' id='word_1_387' title='bbox 528 1901 615 1935; x_wconf 81' lang='grc' dir='ltr'>μῆκος</span> <span class='ocrx_word' id='word_1_388' title='bbox 631 1899 659 1925; x_wconf 81' lang='grc' dir='ltr'>δὲ</span> <span class='ocrx_word' id='word_1_389' title='bbox 670 1899 738 1925; x_wconf 83' lang='grc' dir='ltr'>πολὺ</span> <span class='ocrx_word' id='word_1_390' title='bbox 754 1898 817 1924; x_wconf 80' lang='grc' dir='ltr'>ὅσον</span> <span class='ocrx_word' id='word_1_391' title='bbox 836 1896 944 1930; x_wconf 74' lang='grc' dir='ltr'>ἀφιέναι</span> 
     </span>
    </p>
   </div>
   <div class='ocr_carea' id='block_1_51' title="bbox 159 1943 946 1986">
    <p class='ocr_par' dir='ltr' id='par_1_51' title="bbox 159 1943 946 1986">
     <span class='ocr_line' id='line_1_51' title="bbox 159 1943 946 1986; baseline -0.014 -8"><span class='ocrx_word' id='word_1_392' title='bbox 159 1953 193 1978; x_wconf 77' lang='grc' dir='ltr'>τὰ</span> <span class='ocrx_word' id='word_1_393' title='bbox 209 1951 284 1986; x_wconf 90' lang='grc' dir='ltr'>βέλη,</span> <span class='ocrx_word' id='word_1_394' title='bbox 300 1951 337 1980; x_wconf 85' lang='grc' dir='ltr'>ὡς</span> <span class='ocrx_word' id='word_1_395' title='bbox 353 1948 480 1975; x_wconf 77' lang='grc' dir='ltr'>ἐντεῦθεν</span> <span class='ocrx_word' id='word_1_396' title='bbox 496 1947 559 1976; x_wconf 73' lang='grc' dir='ltr'>τοὺς</span> <span class='ocrx_word' id='word_1_397' title='bbox 575 1945 691 1980; x_wconf 69' lang='grc' dir='ltr'>ἐχθροὺς</span> <span class='ocrx_word' id='word_1_398' title='bbox 711 1944 823 1976; x_wconf 82' lang='grc' dir='ltr'>τοξότας</span> <span class='ocrx_word' id='word_1_399' title='bbox 844 1943 946 1969; x_wconf 83' lang='grc' dir='ltr'>ἀναπο-</span> 
     </span>
    </p>
   </div>
   <div class='ocr_carea' id='block_1_52' title="bbox 160 1987 946 2030">
    <p class='ocr_par' dir='ltr' id='par_1_52' title="bbox 160 1987 946 2030">
     <span class='ocr_line' id='line_1_52' title="bbox 160 1987 946 2030; baseline -0.014 -7"><span class='ocrx_word' id='word_1_400' title='bbox 160 1998 280 2028; x_wconf 74' lang='grc' dir='ltr'>δίζοντας</span> <span class='ocrx_word' id='word_1_401' title='bbox 303 1995 432 2030; x_wconf 78' lang='grc' dir='ltr'>ἄπρακτα</span> <span class='ocrx_word' id='word_1_402' title='bbox 461 1993 570 2029; x_wconf 80' lang='grc' dir='ltr'>βάλλειν</span> <span class='ocrx_word' id='word_1_403' title='bbox 594 1991 657 2018; x_wconf 82' lang='grc' dir='ltr'>καθ’</span> <span class='ocrx_word' id='word_1_404' title='bbox 673 1990 753 2025; x_wconf 80' lang='grc' dir='ltr'>ἡμῶν</span> <span class='ocrx_word' id='word_1_405' title='bbox 773 1990 805 2015; x_wconf 80' lang='grc' dir='ltr'>ἐκ</span> <span class='ocrx_word' id='word_1_406' title='bbox 838 1987 946 2022; x_wconf 81' lang='grc' dir='ltr'>μακρᾶς</span> 
     </span>
    </p>
   </div>
   <div class='ocr_carea' id='block_1_53' title="bbox 160 2033 949 2073">
    <p class='ocr_par' dir='ltr' id='par_1_53' title="bbox 160 2033 949 2073">
     <span class='ocr_line' id='line_1_53' title="bbox 160 2033 949 2073; baseline -0.013 -5"><span class='ocrx_word' id='word_1_407' title='bbox 160 2042 350 2072; x_wconf 76' lang='grc' dir='ltr'>ἀποστάσεως.</span> <span class='ocrx_word' id='word_1_408' title='bbox 372 2040 439 2066; x_wconf 82' lang='grc' dir='ltr'><strong>Ἀπὸ</strong></span> <span class='ocrx_word' id='word_1_409' title='bbox 452 2038 516 2073; x_wconf 81' lang='grc' dir='ltr'>γοῦν</span> <span class='ocrx_word' id='word_1_410' title='bbox 534 2038 584 2072; x_wconf 85' lang='grc' dir='ltr'>τῆς</span> <span class='ocrx_word' id='word_1_411' title='bbox 595 2037 706 2071; x_wconf 82' lang='grc' dir='ltr'>Χρυσῆς</span> <span class='ocrx_word' id='word_1_412' title='bbox 719 2035 806 2069; x_wconf 84' lang='grc' dir='ltr'>πύλης</span> <span class='ocrx_word' id='word_1_413' title='bbox 820 2035 868 2068; x_wconf 78' lang='grc' dir='ltr'>τῆς</span> <span class='ocrx_word' id='word_1_414' title='bbox 885 2033 949 2067; x_wconf 74' lang='grc' dir='ltr'>περὶ</span> 
     </span>
    </p>
   </div>
   <div class='ocr_carea' id='block_1_54' title="bbox 159 2080 949 2123">
    <p class='ocr_par' dir='ltr' id='par_1_54' title="bbox 159 2080 949 2123">
     <span class='ocr_line' id='line_1_54' title="bbox 159 2080 949 2123; baseline -0.014 -8"><span class='ocrx_word' id='word_1_415' title='bbox 159 2089 264 2123; x_wconf 84' lang='grc' dir='ltr'>δυσμὰς</span> <span class='ocrx_word' id='word_1_416' title='bbox 282 2088 418 2122; x_wconf 76' lang='grc' dir='ltr'>ἀφιέμενα</span> <span class='ocrx_word' id='word_1_417' title='bbox 432 2085 496 2120; x_wconf 86' lang='grc' dir='ltr'>βέλη</span> <span class='ocrx_word' id='word_1_418' title='bbox 504 2085 536 2110; x_wconf 79' lang='grc' dir='ltr'>ὲκ</span> <span class='ocrx_word' id='word_1_419' title='bbox 546 2082 796 2116; x_wconf 82' lang='grc' dir='ltr'>τόξων,ὲφύλασσον</span> <span class='ocrx_word' id='word_1_420' title='bbox 812 2080 949 2115; x_wconf 82' lang='grc' dir='ltr'>μετέωρον</span> 
     </span>
    </p>
   </div>
   <div class='ocr_carea' id='block_1_55' title="bbox 160 2123 948 2169">
    <p class='ocr_par' dir='ltr' id='par_1_55' title="bbox 160 2123 948 2169">
     <span class='ocr_line' id='line_1_55' title="bbox 160 2123 948 2169; baseline -0.015 -8"><span class='ocrx_word' id='word_1_421' title='bbox 160 2135 191 2160; x_wconf 73' lang='grc' dir='ltr'><strong>τὸ</strong></span> <span class='ocrx_word' id='word_1_422' title='bbox 220 2134 321 2169; x_wconf 77' lang='grc' dir='ltr'>πτερὸν</span> <span class='ocrx_word' id='word_1_423' title='bbox 340 2134 392 2163; x_wconf 71' lang='grc' dir='ltr'>ἕως</span> <span class='ocrx_word' id='word_1_424' title='bbox 421 2132 468 2158; x_wconf 77' lang='grc' dir='ltr'>καὶ</span> <span class='ocrx_word' id='word_1_425' title='bbox 492 2132 533 2162; x_wconf 90' lang='grc' dir='ltr'><strong>είς</strong></span> <span class='ocrx_word' id='word_1_426' title='bbox 550 2132 580 2156; x_wconf 74' lang='grc' dir='ltr'>τὸ</span> <span class='ocrx_word' id='word_1_427' title='bbox 599 2129 681 2156; x_wconf 82' lang='grc' dir='ltr'>καλόν</span> <span class='ocrx_word' id='word_1_428' title='bbox 697 2135 763 2153; x_wconf 80' lang='grc' dir='ltr'>ποτε</span> <span class='ocrx_word' id='word_1_429' title='bbox 780 2126 916 2160; x_wconf 80' lang='grc' dir='ltr'>σεμνεῖον,</span> <span class='ocrx_word' id='word_1_430' title='bbox 934 2123 948 2150; x_wconf 82' lang='grc' dir='ltr'>ὃ</span> 
     </span>
    </p>
   </div>
   <div class='ocr_carea' id='block_1_56' title="bbox 162 2171 949 2216">
    <p class='ocr_par' dir='ltr' id='par_1_56' title="bbox 162 2171 949 2216">
     <span class='ocr_line' id='line_1_56' title="bbox 162 2171 949 2216; baseline -0.014 -10"><span class='ocrx_word' id='word_1_431' title='bbox 162 2181 305 2216; x_wconf 76' lang='grc' dir='ltr'>περιεῖπεν</span> <span class='ocrx_word' id='word_1_432' title='bbox 316 2180 330 2205; x_wconf 84' lang='grc' dir='ltr'>ὁ</span> <span class='ocrx_word' id='word_1_433' title='bbox 341 2176 513 2213; x_wconf 76' lang='grc' dir='ltr'>μυροόλύτης</span> <span class='ocrx_word' id='word_1_434' title='bbox 527 2176 614 2211; x_wconf 83' lang='grc' dir='ltr'>μέγας</span> <span class='ocrx_word' id='word_1_435' title='bbox 625 2174 770 2204; x_wconf 69' lang='grc' dir='ltr'>Νικόλαος,</span> <span class='ocrx_word' id='word_1_436' title='bbox 791 2172 838 2198; x_wconf 78' lang='grc' dir='ltr'>καὶ</span> <span class='ocrx_word' id='word_1_437' title='bbox 859 2171 949 2198; x_wconf 75' lang='grc' dir='ltr'>ἐνέπι-</span> 
     </span>
    </p>
   </div>
   <div class='ocr_carea' id='block_1_57' title="bbox 162 2217 948 2257">
    <p class='ocr_par' dir='ltr' id='par_1_57' title="bbox 162 2217 948 2257">
     <span class='ocr_line' id='line_1_57' title="bbox 162 2217 948 2257; baseline -0.013 -6"><span class='ocrx_word' id='word_1_438' title='bbox 162 2233 229 2251; x_wconf 79' lang='grc' dir='ltr'>πτον</span> <span class='ocrx_word' id='word_1_439' title='bbox 243 2225 303 2255; x_wconf 80' lang='grc' dir='ltr'>ταῖς</span> <span class='ocrx_word' id='word_1_440' title='bbox 314 2223 368 2249; x_wconf 81' lang='grc' dir='ltr'>τῶν</span> <span class='ocrx_word' id='word_1_441' title='bbox 384 2222 530 2257; x_wconf 78' lang='grc' dir='ltr'>βαρὸάρων</span> <span class='ocrx_word' id='word_1_442' title='bbox 544 2221 668 2255; x_wconf 73' lang='grc' dir='ltr'>σκηναῖς.</span> <span class='ocrx_word' id='word_1_443' title='bbox 684 2218 738 2245; x_wconf 80' lang='grc' dir='ltr'><strong>Καὶ</strong></span> <span class='ocrx_word' id='word_1_444' title='bbox 754 2217 834 2247; x_wconf 77' lang='grc' dir='ltr'>εὐθὺς</span> <span class='ocrx_word' id='word_1_445' title='bbox 846 2217 948 2242; x_wconf 69' lang='grc' dir='ltr'>ἐκεῖναι</span> 
     </span>
    </p>
   </div>
   <div class='ocr_carea' id='block_1_58' title="bbox 990 916 1775 955">
    <p class='ocr_par' dir='ltr' id='par_1_58' title="bbox 990 916 1775 955">
     <span class='ocr_line' id='line_1_58' title="bbox 990 916 1775 955; baseline -0.005 -8"><span class='ocrx_word' id='word_1_446' title='bbox 990 920 1101 955; x_wconf 86' lang='lat' dir='ltr'><strong>quidem</strong></span> <span class='ocrx_word' id='word_1_447' title='bbox 1125 920 1346 955; x_wconf 84' lang='lat' dir='ltr'><strong>permovebatur,</strong></span> <span class='ocrx_word' id='word_1_448' title='bbox 1375 917 1423 945; x_wconf 89' lang='lat' dir='ltr'><strong>sed</strong></span> <span class='ocrx_word' id='word_1_449' title='bbox 1445 917 1546 944; x_wconf 84' lang='lat' dir='ltr'><strong>dubius</strong></span> <span class='ocrx_word' id='word_1_450' title='bbox 1570 918 1635 952; x_wconf 87' lang='lat' dir='ltr'><strong>quid</strong></span> <span class='ocrx_word' id='word_1_451' title='bbox 1661 916 1775 949; x_wconf 78' lang='lat' dir='ltr'><strong>faceret,</strong></span> 
     </span>
    </p>
   </div>
   <div class='ocr_carea' id='block_1_59' title="bbox 991 962 1777 1002">
    <p class='ocr_par' dir='ltr' id='par_1_59' title="bbox 991 962 1777 1002">
     <span class='ocr_line' id='line_1_59' title="bbox 991 962 1777 1002; baseline -0.005 -9"><span class='ocrx_word' id='word_1_452' title='bbox 991 969 1105 1002; x_wconf 82' lang='lat' dir='ltr'><strong>patriam</strong></span> <span class='ocrx_word' id='word_1_453' title='bbox 1125 966 1265 992; x_wconf 83' lang='lat' dir='ltr'><strong>vindicare</strong></span> <span class='ocrx_word' id='word_1_454' title='bbox 1285 965 1394 996; x_wconf 85' lang='lat' dir='ltr'><strong>statuit,</strong></span> <span class='ocrx_word' id='word_1_455' title='bbox 1423 965 1526 990; x_wconf 89' lang='lat' dir='ltr'><strong>malum</strong></span> <span class='ocrx_word' id='word_1_456' title='bbox 1549 964 1656 990; x_wconf 86' lang='lat' dir='ltr'><strong>minans</strong></span> <span class='ocrx_word' id='word_1_457' title='bbox 1676 962 1716 990; x_wconf 85' lang='lat' dir='ltr'><strong>eis</strong></span> <span class='ocrx_word' id='word_1_458' title='bbox 1729 963 1777 997; x_wconf 83' lang='lat' dir='ltr'><strong>qui</strong></span> 
     </span>
    </p>
   </div>
   <div class='ocr_carea' id='block_1_60' title="bbox 993 1007 1776 1045">
    <p class='ocr_par' dir='ltr' id='par_1_60' title="bbox 993 1007 1776 1045">
     <span class='ocr_line' id='line_1_60' title="bbox 993 1007 1776 1045; baseline -0.004 -7"><span class='ocrx_word' id='word_1_459' title='bbox 993 1020 1046 1039; x_wconf 89' lang='lat' dir='ltr'><strong>non</strong></span> <span class='ocrx_word' id='word_1_460' title='bbox 1060 1012 1118 1039; x_wconf 84' lang='lat' dir='ltr'><strong>ausi</strong></span> <span class='ocrx_word' id='word_1_461' title='bbox 1131 1011 1233 1039; x_wconf 80' lang='lat' dir='ltr'><strong>fuerint</strong></span> <span class='ocrx_word' id='word_1_462' title='bbox 1251 1010 1324 1045; x_wconf 87' lang='lat' dir='ltr'><strong>loqui</strong></span> <span class='ocrx_word' id='word_1_463' title='bbox 1347 1010 1374 1036; x_wconf 93' lang='lat' dir='ltr'><strong>in</strong></span> <span class='ocrx_word' id='word_1_464' title='bbox 1392 1008 1520 1036; x_wconf 86' lang='lat' dir='ltr'><strong>Davidem</strong></span> <span class='ocrx_word' id='word_1_465' title='bbox 1535 1008 1675 1036; x_wconf 88' lang='lat' dir='ltr'><strong>communi</strong></span> <span class='ocrx_word' id='word_1_466' title='bbox 1688 1007 1776 1035; x_wconf 75' lang='lat' dir='ltr'><strong>infor-</strong></span> 
     </span>
    </p>
   </div>
   <div class='ocr_carea' id='block_1_61' title="bbox 993 1056 1304 1085">
    <p class='ocr_par' dir='ltr' id='par_1_61' title="bbox 993 1056 1304 1085">
     <span class='ocr_line' id='line_1_61' title="bbox 993 1056 1304 1085; baseline -0.013 0"><span class='ocrx_word' id='word_1_467' title='bbox 993 1058 1072 1085; x_wconf 85' lang='lat' dir='ltr'><strong>tunio</strong></span> <span class='ocrx_word' id='word_1_468' title='bbox 1089 1056 1304 1084; x_wconf 82' lang='lat' dir='ltr'><strong>formidandum.</strong></span> 
     </span>
    </p>
   </div>
   <div class='ocr_carea' id='block_1_62' title="bbox 1030 1160 1780 1199">
    <p class='ocr_par' dir='ltr' id='par_1_62' title="bbox 1030 1160 1780 1199">
     <span class='ocr_line' id='line_1_62' title="bbox 1030 1160 1780 1199; baseline -0.008 -7"><span class='ocrx_word' id='word_1_469' title='bbox 1030 1166 1074 1193; x_wconf 74' lang='lat'><strong>75.</strong></span> <span class='ocrx_word' id='word_1_470' title='bbox 1086 1164 1141 1192; x_wconf 86' lang='lat' dir='ltr'><strong>Has</strong></span> <span class='ocrx_word' id='word_1_471' title='bbox 1152 1173 1197 1192; x_wconf 88' lang='lat' dir='ltr'><strong>res</strong></span> <span class='ocrx_word' id='word_1_472' title='bbox 1213 1172 1262 1192; x_wconf 88' lang='lat' dir='ltr'><strong>nos</strong></span> <span class='ocrx_word' id='word_1_473' title='bbox 1274 1165 1383 1199; x_wconf 78' lang='lat' dir='ltr'><strong>quidem</strong></span> <span class='ocrx_word' id='word_1_474' title='bbox 1400 1171 1432 1191; x_wconf 87' lang='lat' dir='ltr'><strong>eo</strong></span> <span class='ocrx_word' id='word_1_475' title='bbox 1448 1171 1501 1198; x_wconf 88' lang='lat' dir='ltr'><strong>quo</strong></span> <span class='ocrx_word' id='word_1_476' title='bbox 1517 1160 1780 1189; x_wconf 66' lang='lat' dir='ltr'><strong>accideruntoraline</strong></span> 
     </span>
    </p>
   </div>
   <div class='ocr_carea' id='block_1_63' title="bbox 994 1207 1779 1244">
    <p class='ocr_par' dir='ltr' id='par_1_63' title="bbox 994 1207 1779 1244">
     <span class='ocr_line' id='line_1_63' title="bbox 994 1207 1779 1244; baseline -0.005 -8"><span class='ocrx_word' id='word_1_477' title='bbox 994 1216 1040 1237; x_wconf 89' lang='lat' dir='ltr'><strong>aut</strong></span> <span class='ocrx_word' id='word_1_478' title='bbox 1056 1209 1233 1244; x_wconf 83' lang='lat' dir='ltr'><strong>anticipando</strong></span> <span class='ocrx_word' id='word_1_479' title='bbox 1259 1209 1441 1235; x_wconf 81' lang='lat' dir='ltr'><strong>narravimus.</strong></span> <span class='ocrx_word' id='word_1_480' title='bbox 1461 1207 1560 1234; x_wconf 83' lang='lat' dir='ltr'><strong>llostes</strong></span> <span class='ocrx_word' id='word_1_481' title='bbox 1575 1211 1664 1233; x_wconf 85' lang='lat' dir='ltr'><strong>autem</strong></span> <span class='ocrx_word' id='word_1_482' title='bbox 1685 1211 1779 1232; x_wconf 84' lang='lat' dir='ltr'><strong>contra</strong></span> 
     </span>
    </p>
   </div>
   <div class='ocr_carea' id='block_1_64' title="bbox 995 1251 1780 1289">
    <p class='ocr_par' dir='ltr' id='par_1_64' title="bbox 995 1251 1780 1289">
     <span class='ocr_line' id='line_1_64' title="bbox 995 1251 1780 1289; baseline -0.004 -7"><span class='ocrx_word' id='word_1_483' title='bbox 995 1255 1143 1282; x_wconf 70' lang='lat' dir='ltr'><strong>orientales</strong></span> <span class='ocrx_word' id='word_1_484' title='bbox 1162 1255 1238 1281; x_wconf 87' lang='lat' dir='ltr'><strong>urbis</strong></span> <span class='ocrx_word' id='word_1_485' title='bbox 1251 1259 1343 1289; x_wconf 75' lang='lat' dir='ltr'><strong>partes</strong></span> <span class='ocrx_word' id='word_1_486' title='bbox 1359 1261 1406 1289; x_wconf 88' lang='lat' dir='ltr'><strong>per</strong></span> <span class='ocrx_word' id='word_1_487' title='bbox 1434 1253 1512 1279; x_wconf 88' lang='lat' dir='ltr'><strong>littus</strong></span> <span class='ocrx_word' id='word_1_488' title='bbox 1529 1259 1616 1287; x_wconf 87' lang='lat' dir='ltr'><strong>usque</strong></span> <span class='ocrx_word' id='word_1_489' title='bbox 1629 1251 1662 1278; x_wconf 88' lang='lat' dir='ltr'><strong>ad</strong></span> <span class='ocrx_word' id='word_1_490' title='bbox 1687 1257 1780 1286; x_wconf 85' lang='lat' dir='ltr'><strong>portas</strong></span> 
     </span>
    </p>
   </div>
   <div class='ocr_carea' id='block_1_65' title="bbox 995 1298 1781 1336">
    <p class='ocr_par' dir='ltr' id='par_1_65' title="bbox 995 1298 1781 1336">
     <span class='ocr_line' id='line_1_65' title="bbox 995 1298 1781 1336; baseline -0.004 -8"><span class='ocrx_word' id='word_1_491' title='bbox 995 1300 1158 1336; x_wconf 83' lang='grc' dir='ltr'>ἀσωμάτους</span> <span class='ocrx_word' id='word_1_492' title='bbox 1184 1304 1399 1334; x_wconf 83' lang='lat' dir='ltr'><strong>processerunt,</strong></span> <span class='ocrx_word' id='word_1_493' title='bbox 1434 1303 1461 1325; x_wconf 89' lang='lat' dir='ltr'><strong>et</strong></span> <span class='ocrx_word' id='word_1_494' title='bbox 1488 1299 1584 1333; x_wconf 84' lang='lat' dir='ltr'><strong>quinto</strong></span> <span class='ocrx_word' id='word_1_495' title='bbox 1610 1298 1716 1325; x_wconf 84' lang='lat' dir='ltr'><strong>decimo</strong></span> <span class='ocrx_word' id='word_1_496' title='bbox 1737 1299 1781 1326; x_wconf 85' lang='lat' dir='ltr'><strong>die</strong></span> 
     </span>
    </p>
   </div>
   <div class='ocr_carea' id='block_1_66' title="bbox 995 1342 1781 1382">
    <p class='ocr_par' dir='ltr' id='par_1_66' title="bbox 995 1342 1781 1382">
     <span class='ocr_line' id='line_1_66' title="bbox 995 1342 1781 1382; baseline -0.008 -7"><span class='ocrx_word' id='word_1_497' title='bbox 995 1348 1111 1382; x_wconf 78' lang='lat' dir='ltr'><strong>Augusti</strong></span> <span class='ocrx_word' id='word_1_498' title='bbox 1122 1353 1205 1374; x_wconf 84' lang='lat' dir='ltr'><strong>naves</strong></span> <span class='ocrx_word' id='word_1_499' title='bbox 1225 1346 1251 1372; x_wconf 92' lang='lat' dir='ltr'><strong>in</strong></span> <span class='ocrx_word' id='word_1_500' title='bbox 1270 1349 1379 1380; x_wconf 82' lang='lat' dir='ltr'><strong>portum</strong></span> <span class='ocrx_word' id='word_1_501' title='bbox 1405 1348 1583 1378; x_wconf 81' lang='lat' dir='ltr'><strong>receperunt.</strong></span> <span class='ocrx_word' id='word_1_502' title='bbox 1608 1347 1716 1376; x_wconf 87' lang='lat' dir='ltr'><strong>postero</strong></span> <span class='ocrx_word' id='word_1_503' title='bbox 1737 1342 1781 1369; x_wconf 82' lang='lat' dir='ltr'><strong>die</strong></span> 
     </span>
    </p>
   </div>
   <div class='ocr_carea' id='block_1_67' title="bbox 996 1388 1782 1426">
    <p class='ocr_par' dir='ltr' id='par_1_67' title="bbox 996 1388 1782 1426">
     <span class='ocr_line' id='line_1_67' title="bbox 996 1388 1782 1426; baseline -0.006 -6"><span class='ocrx_word' id='word_1_504' title='bbox 996 1400 1077 1420; x_wconf 86' lang='lat' dir='ltr'><strong>mane</strong></span> <span class='ocrx_word' id='word_1_505' title='bbox 1094 1392 1165 1426; x_wconf 86' lang='lat' dir='ltr'><strong>quod</strong></span> <span class='ocrx_word' id='word_1_506' title='bbox 1185 1392 1332 1418; x_wconf 86' lang='lat' dir='ltr'><strong>voluerunt</strong></span> <span class='ocrx_word' id='word_1_507' title='bbox 1352 1389 1496 1416; x_wconf 88' lang='lat' dir='ltr'><strong>obtinuere</strong></span> <span class='ocrx_word' id='word_1_508' title='bbox 1513 1388 1695 1422; x_wconf 78' lang='lat' dir='ltr'><strong>celeriterque</strong></span> <span class='ocrx_word' id='word_1_509' title='bbox 1711 1395 1782 1422; x_wconf 91' lang='lat' dir='ltr'><strong>opus</strong></span> 
     </span>
    </p>
   </div>
   <div class='ocr_carea' id='block_1_68' title="bbox 997 1433 1783 1472">
    <p class='ocr_par' dir='ltr' id='par_1_68' title="bbox 997 1433 1783 1472">
     <span class='ocr_line' id='line_1_68' title="bbox 997 1433 1783 1472; baseline -0.005 -7"><span class='ocrx_word' id='word_1_510' title='bbox 997 1438 1124 1466; x_wconf 83' lang='lat' dir='ltr'><strong>bellicum</strong></span> <span class='ocrx_word' id='word_1_511' title='bbox 1149 1437 1335 1472; x_wconf 80' lang='lat' dir='ltr'><strong>perfecerunt.</strong></span> <span class='ocrx_word' id='word_1_512' title='bbox 1355 1435 1403 1466; x_wconf 87' lang='lat' dir='ltr'><strong>lbi,</strong></span> <span class='ocrx_word' id='word_1_513' title='bbox 1421 1439 1449 1461; x_wconf 86' lang='lat' dir='ltr'><strong>ut</strong></span> <span class='ocrx_word' id='word_1_514' title='bbox 1471 1442 1532 1461; x_wconf 85' lang='lat' dir='ltr'><strong>cum</strong></span> <span class='ocrx_word' id='word_1_515' title='bbox 1547 1434 1622 1461; x_wconf 83' lang='lat' dir='ltr'><strong>Musa</strong></span> <span class='ocrx_word' id='word_1_516' title='bbox 1651 1433 1783 1461; x_wconf 90' lang='lat' dir='ltr'><strong>llerodoti</strong></span> 
     </span>
    </p>
   </div>
   <div class='ocr_carea' id='block_1_69' title="bbox 997 1479 1782 1519">
    <p class='ocr_par' dir='ltr' id='par_1_69' title="bbox 997 1479 1782 1519">
     <span class='ocr_line' id='line_1_69' title="bbox 997 1479 1782 1519; baseline -0.006 -9"><span class='ocrx_word' id='word_1_517' title='bbox 997 1483 1103 1519; x_wconf 88' lang='lat' dir='ltr'><strong>loquar.</strong></span> <span class='ocrx_word' id='word_1_518' title='bbox 1127 1483 1242 1510; x_wconf 87' lang='lat' dir='ltr'><strong>telorum</strong></span> <span class='ocrx_word' id='word_1_519' title='bbox 1267 1489 1298 1508; x_wconf 91' lang='lat' dir='ltr'><strong>ac</strong></span> <span class='ocrx_word' id='word_1_520' title='bbox 1321 1481 1441 1515; x_wconf 56' lang='lat' dir='ltr'><strong>lapillum</strong></span> <span class='ocrx_word' id='word_1_521' title='bbox 1474 1480 1573 1507; x_wconf 90' lang='lat' dir='ltr'><strong>nubem</strong></span> <span class='ocrx_word' id='word_1_522' title='bbox 1600 1479 1692 1507; x_wconf 84' lang='lat' dir='ltr'><strong>videre</strong></span> <span class='ocrx_word' id='word_1_523' title='bbox 1712 1483 1782 1512; x_wconf 81' lang='lat' dir='ltr'><strong>erat,</strong></span> 
     </span>
    </p>
   </div>
   <div class='ocr_carea' id='block_1_70' title="bbox 958 1525 1784 1570">
    <p class='ocr_par' dir='ltr' id='par_1_70' title="bbox 958 1525 1784 1570">
     <span class='ocr_line' id='line_1_70' title="bbox 958 1525 1784 1570; baseline -0.006 -13"><span class='ocrx_word' id='word_1_524' title='bbox 958 1542 980 1570; x_wconf 69' lang='grc' dir='ltr'><strong>ρ</strong></span> <span class='ocrx_word' id='word_1_525' title='bbox 996 1530 1096 1566; x_wconf 88' lang='lat' dir='ltr'><strong>quibus</strong></span> <span class='ocrx_word' id='word_1_526' title='bbox 1121 1536 1167 1556; x_wconf 86' lang='lat' dir='ltr'><strong>aer</strong></span> <span class='ocrx_word' id='word_1_527' title='bbox 1196 1527 1409 1555; x_wconf 82' lang='lat' dir='ltr'><strong>obscurabatur.</strong></span> <span class='ocrx_word' id='word_1_528' title='bbox 1433 1525 1499 1552; x_wconf 80' lang='lat' dir='ltr'><strong>Tela</strong></span> <span class='ocrx_word' id='word_1_529' title='bbox 1522 1533 1536 1553; x_wconf 91' lang='lat' dir='ltr'><strong>e</strong></span> <span class='ocrx_word' id='word_1_530' title='bbox 1566 1525 1652 1553; x_wconf 88' lang='lat' dir='ltr'><strong>muris</strong></span> <span class='ocrx_word' id='word_1_531' title='bbox 1675 1533 1784 1560; x_wconf 88' lang='lat' dir='ltr'><strong>quoque</strong></span> 
     </span>
    </p>
   </div>
   <div class='ocr_carea' id='block_1_71' title="bbox 997 1571 1782 1610">
    <p class='ocr_par' dir='ltr' id='par_1_71' title="bbox 997 1571 1782 1610">
     <span class='ocr_line' id='line_1_71' title="bbox 997 1571 1782 1610; baseline -0.008 -7"><span class='ocrx_word' id='word_1_532' title='bbox 997 1575 1082 1610; x_wconf 86' lang='lat' dir='ltr'><strong>(Mars</strong></span> <span class='ocrx_word' id='word_1_533' title='bbox 1109 1574 1182 1602; x_wconf 84' lang='lat' dir='ltr'><strong>enim</strong></span> <span class='ocrx_word' id='word_1_534' title='bbox 1212 1571 1378 1606; x_wconf 83' lang='lat' dir='ltr'><strong>communis)</strong></span> <span class='ocrx_word' id='word_1_535' title='bbox 1397 1571 1423 1598; x_wconf 94' lang='lat' dir='ltr'><strong>in</strong></span> <span class='ocrx_word' id='word_1_536' title='bbox 1441 1578 1506 1603; x_wconf 88' lang='lat' dir='ltr'><strong>nos,</strong></span> <span class='ocrx_word' id='word_1_537' title='bbox 1523 1575 1550 1598; x_wconf 86' lang='lat' dir='ltr'><strong>et</strong></span> <span class='ocrx_word' id='word_1_538' title='bbox 1577 1578 1592 1598; x_wconf 88' lang='lat' dir='ltr'><strong>a</strong></span> <span class='ocrx_word' id='word_1_539' title='bbox 1624 1571 1727 1598; x_wconf 82' lang='lat' dir='ltr'><strong>nostris</strong></span> <span class='ocrx_word' id='word_1_540' title='bbox 1755 1571 1782 1597; x_wconf 87' lang='lat' dir='ltr'><strong>in</strong></span> 
     </span>
    </p>
   </div>
   <div class='ocr_carea' id='block_1_72' title="bbox 996 1616 1784 1656">
    <p class='ocr_par' dir='ltr' id='par_1_72' title="bbox 996 1616 1784 1656">
     <span class='ocr_line' id='line_1_72' title="bbox 996 1616 1784 1656; baseline -0.008 -7"><span class='ocrx_word' id='word_1_541' title='bbox 996 1629 1090 1649; x_wconf 86' lang='lat' dir='ltr'><strong>muros</strong></span> <span class='ocrx_word' id='word_1_542' title='bbox 1108 1619 1336 1656; x_wconf 85' lang='lat' dir='ltr'><strong>projiciebantur,</strong></span> <span class='ocrx_word' id='word_1_543' title='bbox 1351 1617 1424 1645; x_wconf 92' lang='lat' dir='ltr'><strong>unde</strong></span> <span class='ocrx_word' id='word_1_544' title='bbox 1436 1617 1538 1644; x_wconf 76' lang='lat' dir='ltr'><strong>factum</strong></span> <span class='ocrx_word' id='word_1_545' title='bbox 1556 1621 1598 1644; x_wconf 82' lang='lat' dir='ltr'><strong>est</strong></span> <span class='ocrx_word' id='word_1_546' title='bbox 1610 1621 1639 1644; x_wconf 92' lang='lat' dir='ltr'><strong>ut</strong></span> <span class='ocrx_word' id='word_1_547' title='bbox 1658 1616 1738 1651; x_wconf 85' lang='lat' dir='ltr'><strong>pauci</strong></span> <span class='ocrx_word' id='word_1_548' title='bbox 1751 1616 1784 1643; x_wconf 89' lang='lat' dir='ltr'><strong>dc</strong></span> 
     </span>
    </p>
   </div>
   <div class='ocr_carea' id='block_1_73' title="bbox 996 1660 1784 1698">
    <p class='ocr_par' dir='ltr' id='par_1_73' title="bbox 996 1660 1784 1698">
     <span class='ocr_line' id='line_1_73' title="bbox 996 1660 1784 1698; baseline -0.008 -4"><span class='ocrx_word' id='word_1_549' title='bbox 996 1668 1118 1694; x_wconf 82' lang='lat' dir='ltr'><strong>nostris.</strong></span> <span class='ocrx_word' id='word_1_550' title='bbox 1142 1673 1174 1693; x_wconf 82' lang='lat' dir='ltr'><strong>ex</strong></span> <span class='ocrx_word' id='word_1_551' title='bbox 1197 1664 1322 1692; x_wconf 69' lang='lat' dir='ltr'><strong>hostibus</strong></span> <span class='ocrx_word' id='word_1_552' title='bbox 1348 1663 1457 1698; x_wconf 88' lang='lat' dir='ltr'><strong>plurimi</strong></span> <span class='ocrx_word' id='word_1_553' title='bbox 1482 1662 1656 1690; x_wconf 74' lang='lat' dir='ltr'><strong>latderentur.</strong></span> <span class='ocrx_word' id='word_1_554' title='bbox 1675 1660 1784 1696; x_wconf 89' lang='lat' dir='ltr'><strong>Optime</strong></span> 
     </span>
    </p>
   </div>
   <div class='ocr_carea' id='block_1_74' title="bbox 996 1706 1785 1740">
    <p class='ocr_par' dir='ltr' id='par_1_74' title="bbox 996 1706 1785 1740">
     <span class='ocr_line' id='line_1_74' title="bbox 996 1706 1785 1740; baseline -0.008 -2"><span class='ocrx_word' id='word_1_555' title='bbox 996 1711 1069 1739; x_wconf 86' lang='lat' dir='ltr'><strong>enim</strong></span> <span class='ocrx_word' id='word_1_556' title='bbox 1089 1710 1160 1738; x_wconf 85' lang='lat' dir='ltr'><strong>Deus</strong></span> <span class='ocrx_word' id='word_1_557' title='bbox 1172 1717 1227 1737; x_wconf 91' lang='lat' dir='ltr'><strong>non</strong></span> <span class='ocrx_word' id='word_1_558' title='bbox 1244 1709 1332 1736; x_wconf 85' lang='lat' dir='ltr'><strong>solum</strong></span> <span class='ocrx_word' id='word_1_559' title='bbox 1346 1707 1447 1734; x_wconf 81' lang='lat' dir='ltr'><strong>milites</strong></span> <span class='ocrx_word' id='word_1_560' title='bbox 1457 1727 1464 1739; x_wconf 90' lang='lat'><em>,</em></span> <span class='ocrx_word' id='word_1_561' title='bbox 1478 1706 1525 1734; x_wconf 85' lang='lat' dir='ltr'><strong>sed</strong></span> <span class='ocrx_word' id='word_1_562' title='bbox 1534 1709 1660 1734; x_wconf 74' lang='lat' dir='ltr'><strong>caateram</strong></span> <span class='ocrx_word' id='word_1_563' title='bbox 1675 1713 1785 1740; x_wconf 85' lang='lat' dir='ltr'><strong>quoque</strong></span> 
     </span>
    </p>
   </div>
   <div class='ocr_carea' id='block_1_75' title="bbox 998 1752 1784 1791">
    <p class='ocr_par' dir='ltr' id='par_1_75' title="bbox 998 1752 1784 1791">
     <span class='ocr_line' id='line_1_75' title="bbox 998 1752 1784 1791; baseline -0.009 -7"><span class='ocrx_word' id='word_1_564' title='bbox 998 1757 1076 1784; x_wconf 89' lang='lat' dir='ltr'><strong>urbis</strong></span> <span class='ocrx_word' id='word_1_565' title='bbox 1099 1757 1270 1791; x_wconf 83' lang='lat' dir='ltr'><strong>juVentutem</strong></span> <span class='ocrx_word' id='word_1_566' title='bbox 1297 1753 1535 1784; x_wconf 78' lang='lat' dir='ltr'><strong>accommodavit.</strong></span> <span class='ocrx_word' id='word_1_567' title='bbox 1554 1752 1602 1787; x_wconf 90' lang='lat' dir='ltr'><strong>qui</strong></span> <span class='ocrx_word' id='word_1_568' title='bbox 1622 1753 1715 1779; x_wconf 79' lang='lat' dir='ltr'><strong>hostes</strong></span> <span class='ocrx_word' id='word_1_569' title='bbox 1742 1752 1784 1778; x_wconf 86' lang='lat' dir='ltr'><strong>in-</strong></span> 
     </span>
    </p>
   </div>
   <div class='ocr_carea' id='block_1_76' title="bbox 999 1797 1784 1833">
    <p class='ocr_par' dir='ltr' id='par_1_76' title="bbox 999 1797 1784 1833">
     <span class='ocr_line' id='line_1_76' title="bbox 999 1797 1784 1833; baseline -0.008 -3"><span class='ocrx_word' id='word_1_570' title='bbox 999 1802 1123 1830; x_wconf 80' lang='lat' dir='ltr'><strong>terﬁcere</strong></span> <span class='ocrx_word' id='word_1_571' title='bbox 1145 1805 1173 1828; x_wconf 87' lang='lat' dir='ltr'><strong>et</strong></span> <span class='ocrx_word' id='word_1_572' title='bbox 1197 1801 1251 1827; x_wconf 88' lang='lat' dir='ltr'><strong>tela</strong></span> <span class='ocrx_word' id='word_1_573' title='bbox 1272 1809 1288 1827; x_wconf 80' lang='grc' dir='ltr'><strong>ε</strong></span> <span class='ocrx_word' id='word_1_574' title='bbox 1303 1800 1383 1833; x_wconf 74' lang='lat' dir='ltr'><strong>longe</strong></span> <span class='ocrx_word' id='word_1_575' title='bbox 1401 1798 1539 1833; x_wconf 80' lang='lat' dir='ltr'><strong>conjicere</strong></span> <span class='ocrx_word' id='word_1_576' title='bbox 1557 1797 1696 1830; x_wconf 81' lang='lat' dir='ltr'><strong>valebant,</strong></span> <span class='ocrx_word' id='word_1_577' title='bbox 1713 1801 1741 1824; x_wconf 91' lang='lat' dir='ltr'><strong>ut</strong></span> <span class='ocrx_word' id='word_1_578' title='bbox 1758 1797 1784 1824; x_wconf 79' lang='lat' dir='ltr'><strong>lii</strong></span> 
     </span>
    </p>
   </div>
   <div class='ocr_carea' id='block_1_77' title="bbox 1000 1843 1785 1883">
    <p class='ocr_par' dir='ltr' id='par_1_77' title="bbox 1000 1843 1785 1883">
     <span class='ocr_line' id='line_1_77' title="bbox 1000 1843 1785 1883; baseline -0.01 -7"><span class='ocrx_word' id='word_1_579' title='bbox 1000 1848 1234 1883; x_wconf 71' lang='lat' dir='ltr'><strong>retrogradientes</strong></span> <span class='ocrx_word' id='word_1_580' title='bbox 1259 1847 1285 1874; x_wconf 93' lang='lat' dir='ltr'><strong>in</strong></span> <span class='ocrx_word' id='word_1_581' title='bbox 1303 1853 1355 1873; x_wconf 87' lang='lat' dir='ltr'><strong>nos</strong></span> <span class='ocrx_word' id='word_1_582' title='bbox 1372 1853 1405 1872; x_wconf 84' lang='lat' dir='ltr'><strong>ex</strong></span> <span class='ocrx_word' id='word_1_583' title='bbox 1429 1852 1527 1880; x_wconf 59' lang='lat' dir='ltr'><strong>magna</strong></span> <span class='ocrx_word' id='word_1_584' title='bbox 1548 1844 1679 1872; x_wconf 82' lang='lat' dir='ltr'><strong>distantia</strong></span> <span class='ocrx_word' id='word_1_585' title='bbox 1695 1843 1722 1869; x_wconf 93' lang='lat' dir='ltr'><strong>in</strong></span> <span class='ocrx_word' id='word_1_586' title='bbox 1737 1850 1785 1869; x_wconf 82' lang='lat' dir='ltr'><strong>va-</strong></span> 
     </span>
    </p>
   </div>
   <div class='ocr_carea' id='block_1_78' title="bbox 1000 1890 1786 1927">
    <p class='ocr_par' dir='ltr' id='par_1_78' title="bbox 1000 1890 1786 1927">
     <span class='ocr_line' id='line_1_78' title="bbox 1000 1890 1786 1927; baseline -0.009 -5"><span class='ocrx_word' id='word_1_587' title='bbox 1000 1903 1064 1922; x_wconf 90' lang='lat' dir='ltr'><strong>num</strong></span> <span class='ocrx_word' id='word_1_588' title='bbox 1092 1895 1144 1922; x_wconf 84' lang='lat' dir='ltr'><strong>tela</strong></span> <span class='ocrx_word' id='word_1_589' title='bbox 1176 1893 1333 1927; x_wconf 86' lang='lat' dir='ltr'><strong>rejicerent.</strong></span> <span class='ocrx_word' id='word_1_590' title='bbox 1354 1891 1420 1918; x_wconf 88' lang='lat' dir='ltr'><strong>Tela</strong></span> <span class='ocrx_word' id='word_1_591' title='bbox 1446 1891 1529 1925; x_wconf 73' lang='lat' dir='ltr'><strong>igitur</strong></span> <span class='ocrx_word' id='word_1_592' title='bbox 1553 1897 1568 1917; x_wconf 88' lang='lat' dir='ltr'><strong>a</strong></span> <span class='ocrx_word' id='word_1_593' title='bbox 1594 1893 1671 1924; x_wconf 84' lang='lat' dir='ltr'><strong>porta</strong></span> <span class='ocrx_word' id='word_1_594' title='bbox 1697 1890 1786 1916; x_wconf 81' lang='lat' dir='ltr'><strong>Aurea</strong></span> 
     </span>
    </p>
   </div>
   <div class='ocr_carea' id='block_1_79' title="bbox 1000 1934 1787 1973">
    <p class='ocr_par' dir='ltr' id='par_1_79' title="bbox 1000 1934 1787 1973">
     <span class='ocr_line' id='line_1_79' title="bbox 1000 1934 1787 1973; baseline -0.01 -6"><span class='ocrx_word' id='word_1_595' title='bbox 1000 1939 1162 1968; x_wconf 86' lang='lat' dir='ltr'><strong>occidentali</strong></span> <span class='ocrx_word' id='word_1_596' title='bbox 1174 1938 1298 1973; x_wconf 88' lang='lat' dir='ltr'><strong>projecta</strong></span> <span class='ocrx_word' id='word_1_597' title='bbox 1317 1937 1445 1965; x_wconf 80' lang='lat' dir='ltr'><strong>sublimia</strong></span> <span class='ocrx_word' id='word_1_598' title='bbox 1464 1943 1511 1970; x_wconf 91' lang='lat' dir='ltr'><strong>per</strong></span> <span class='ocrx_word' id='word_1_599' title='bbox 1524 1943 1612 1962; x_wconf 86' lang='lat' dir='ltr'><strong>aerem</strong></span> <span class='ocrx_word' id='word_1_600' title='bbox 1630 1934 1787 1961; x_wconf 82' lang='lat' dir='ltr'><strong>ferebantur</strong></span> 
     </span>
    </p>
   </div>
   <div class='ocr_carea' id='block_1_80' title="bbox 1002 1980 1788 2021">
    <p class='ocr_par' dir='ltr' id='par_1_80' title="bbox 1002 1980 1788 2021">
     <span class='ocr_line' id='line_1_80' title="bbox 1002 1980 1788 2021; baseline -0.013 -7"><span class='ocrx_word' id='word_1_601' title='bbox 1002 1995 1092 2021; x_wconf 82' lang='lat' dir='ltr'><strong>usque</strong></span> <span class='ocrx_word' id='word_1_602' title='bbox 1105 1986 1138 2013; x_wconf 84' lang='lat' dir='ltr'><strong>ad</strong></span> <span class='ocrx_word' id='word_1_603' title='bbox 1164 1985 1273 2019; x_wconf 75' lang='lat' dir='ltr'><strong>insigne</strong></span> <span class='ocrx_word' id='word_1_604' title='bbox 1287 1983 1352 2010; x_wconf 86' lang='lat' dir='ltr'><strong>olim</strong></span> <span class='ocrx_word' id='word_1_605' title='bbox 1370 1982 1501 2017; x_wconf 78' lang='lat' dir='ltr'><strong>templum</strong></span> <span class='ocrx_word' id='word_1_606' title='bbox 1519 1980 1564 2008; x_wconf 87' lang='lat' dir='ltr'><strong>cui</strong></span> <span class='ocrx_word' id='word_1_607' title='bbox 1586 1982 1701 2014; x_wconf 71' lang='lat' dir='ltr'><strong>pmerat</strong></span> <span class='ocrx_word' id='word_1_608' title='bbox 1723 1986 1788 2005; x_wconf 83' lang='lat' dir='ltr'><strong>san-</strong></span> 
     </span>
    </p>
   </div>
   <div class='ocr_carea' id='block_1_81' title="bbox 1001 2025 1785 2062">
    <p class='ocr_par' dir='ltr' id='par_1_81' title="bbox 1001 2025 1785 2062">
     <span class='ocr_line' id='line_1_81' title="bbox 1001 2025 1785 2062; baseline -0.01 -4"><span class='ocrx_word' id='word_1_609' title='bbox 1001 2036 1064 2059; x_wconf 89' lang='lat' dir='ltr'><strong>ctus</strong></span> <span class='ocrx_word' id='word_1_610' title='bbox 1076 2030 1215 2062; x_wconf 79' lang='lat' dir='ltr'><strong>Nicolaus,</strong></span> <span class='ocrx_word' id='word_1_611' title='bbox 1230 2033 1258 2056; x_wconf 88' lang='lat' dir='ltr'><strong>et</strong></span> <span class='ocrx_word' id='word_1_612' title='bbox 1269 2029 1297 2055; x_wconf 89' lang='lat' dir='ltr'><strong>in</strong></span> <span class='ocrx_word' id='word_1_613' title='bbox 1309 2029 1493 2055; x_wconf 87' lang='lat' dir='ltr'><strong>Barbarorum</strong></span> <span class='ocrx_word' id='word_1_614' title='bbox 1515 2026 1631 2053; x_wconf 84' lang='lat' dir='ltr'><strong>tentoria</strong></span> <span class='ocrx_word' id='word_1_615' title='bbox 1641 2025 1785 2057; x_wconf 81' lang='lat' dir='ltr'><strong>cadebant,</strong></span> 
     </span>
    </p>
   </div>
   <div class='ocr_carea' id='block_1_82' title="bbox 1003 2070 1786 2113">
    <p class='ocr_par' dir='ltr' id='par_1_82' title="bbox 1003 2070 1786 2113">
     <span class='ocr_line' id='line_1_82' title="bbox 1003 2070 1786 2113; baseline -0.011 -9"><span class='ocrx_word' id='word_1_616' title='bbox 1003 2085 1063 2113; x_wconf 72' lang='lat' dir='ltr'><strong>qua:</strong></span> <span class='ocrx_word' id='word_1_617' title='bbox 1082 2076 1228 2104; x_wconf 80' lang='lat' dir='ltr'><strong>confestim</strong></span> <span class='ocrx_word' id='word_1_618' title='bbox 1256 2079 1364 2101; x_wconf 85' lang='lat' dir='ltr'><strong>mutata</strong></span> <span class='ocrx_word' id='word_1_619' title='bbox 1401 2077 1477 2101; x_wconf 87' lang='lat' dir='ltr'><strong>sunt.</strong></span> <span class='ocrx_word' id='word_1_620' title='bbox 1514 2072 1612 2098; x_wconf 80' lang='lat' dir='ltr'><strong>Eadem</strong></span> <span class='ocrx_word' id='word_1_621' title='bbox 1639 2075 1731 2098; x_wconf 86' lang='lat' dir='ltr'><strong>autem</strong></span> <span class='ocrx_word' id='word_1_622' title='bbox 1759 2070 1786 2096; x_wconf 79' lang='lat' dir='ltr'><strong>in</strong></span> 
     </span>
    </p>
   </div>
   <div class='ocr_carea' id='block_1_83' title="bbox 1003 2121 1787 2157">
    <p class='ocr_par' dir='ltr' id='par_1_83' title="bbox 1003 2121 1787 2157">
     <span class='ocr_line' id='line_1_83' title="bbox 1003 2121 1787 2157; baseline -0.008 -7"><span class='ocrx_word' id='word_1_623' title='bbox 1003 2129 1118 2157; x_wconf 70' lang='lat' dir='ltr'><strong>utraque</strong></span> <span class='ocrx_word' id='word_1_624' title='bbox 1147 2127 1223 2156; x_wconf 80' lang='lat' dir='ltr'><strong>parte</strong></span> <span class='ocrx_word' id='word_1_625' title='bbox 1241 2125 1388 2148; x_wconf 84' lang='lat' dir='ltr'><strong>evaserunt</strong></span> <span class='ocrx_word' id='word_1_626' title='bbox 1412 2121 1483 2146; x_wconf 76' lang='lat' dir='ltr'><strong>intra</strong></span> <span class='ocrx_word' id='word_1_627' title='bbox 1511 2123 1633 2154; x_wconf 85' lang='lat' dir='ltr'><strong>portum,</strong></span> <span class='ocrx_word' id='word_1_628' title='bbox 1652 2122 1679 2144; x_wconf 87' lang='lat' dir='ltr'><strong>et</strong></span> <span class='ocrx_word' id='word_1_629' title='bbox 1703 2124 1787 2144; x_wconf 84' lang='lat' dir='ltr'><strong>naves</strong></span> 
     </span>
    </p>
   </div>
   <div class='ocr_carea' id='block_1_84' title="bbox 1002 2163 1789 2204">
    <p class='ocr_par' dir='ltr' id='par_1_84' title="bbox 1002 2163 1789 2204">
     <span class='ocr_line' id='line_1_84' title="bbox 1002 2163 1789 2204; baseline -0.009 -8"><span class='ocrx_word' id='word_1_630' title='bbox 1002 2171 1071 2197; x_wconf 82' lang='lat' dir='ltr'><strong>alias</strong></span> <span class='ocrx_word' id='word_1_631' title='bbox 1089 2168 1275 2204; x_wconf 73' lang='lat' dir='ltr'><strong>periclitantes</strong></span> <span class='ocrx_word' id='word_1_632' title='bbox 1306 2167 1417 2194; x_wconf 84' lang='lat' dir='ltr'><strong>ancoris</strong></span> <span class='ocrx_word' id='word_1_633' title='bbox 1449 2165 1575 2198; x_wconf 79' lang='lat' dir='ltr'><strong>suﬂ&#39;ultae,</strong></span> <span class='ocrx_word' id='word_1_634' title='bbox 1591 2164 1716 2192; x_wconf 70' lang='lat' dir='ltr'><strong>celet-iter</strong></span> <span class='ocrx_word' id='word_1_635' title='bbox 1731 2163 1789 2190; x_wconf 86' lang='lat' dir='ltr'><strong>sol-</strong></span> 
     </span>
    </p>
   </div>
   <div class='ocr_carea' id='block_1_85' title="bbox 1002 2219 1111 2242">
    <p class='ocr_par' dir='ltr' id='par_1_85' title="bbox 1002 2219 1111 2242">
     <span class='ocr_line' id='line_1_85' title="bbox 1002 2219 1111 2242; baseline 0 -1"><span class='ocrx_word' id='word_1_636' title='bbox 1002 2219 1111 2242; x_wconf 84' lang='lat' dir='ltr'><strong>verunt.</strong></span> 
     </span>
    </p>
   </div>
   <div class='ocr_carea' id='block_1_86' title="bbox 163 2255 1788 2307">
    <p class='ocr_par' dir='ltr' id='par_1_86' title="bbox 163 2255 1788 2307">
     <span class='ocr_line' id='line_1_86' title="bbox 163 2255 1788 2307; baseline -0.01 -8"><span class='ocrx_word' id='word_1_637' title='bbox 163 2271 336 2307; x_wconf 75' lang='grc' dir='ltr'>μεθίσταντο.</span> <span class='ocrx_word' id='word_1_638' title='bbox 353 2255 454 2305; x_wconf 51' lang='lat' dir='ltr'><strong>&quot;ditata</strong></span> <span class='ocrx_word' id='word_1_639' title='bbox 466 2255 495 2296; x_wconf 84' lang='grc' dir='ltr'><strong>δέ</strong></span> <span class='ocrx_word' id='word_1_640' title='bbox 508 2277 566 2294; x_wconf 86' lang='grc' dir='ltr'>τινα</span> <span class='ocrx_word' id='word_1_641' title='bbox 579 2267 700 2300; x_wconf 72' lang='grc' dir='ltr'>ἐγίνοντο</span> <span class='ocrx_word' id='word_1_642' title='bbox 710 2265 757 2292; x_wconf 73' lang='grc' dir='ltr'>καὶ</span> <span class='ocrx_word' id='word_1_643' title='bbox 772 2266 836 2298; x_wconf 76' lang='grc' dir='ltr'>περὶ</span> <span class='ocrx_word' id='word_1_644' title='bbox 846 2263 960 2297; x_wconf 83' lang='grc' dir='ltr'>θάτερον</span> <span class='ocrx_word' id='word_1_645' title='bbox 976 2262 1070 2298; x_wconf 82' lang='grc' dir='ltr'>μέρος,</span> <span class='ocrx_word' id='word_1_646' title='bbox 1080 2261 1145 2288; x_wconf 70' lang='grc' dir='ltr'>ενθα</span> <span class='ocrx_word' id='word_1_647' title='bbox 1156 2261 1187 2287; x_wconf 85' lang='grc' dir='ltr'><strong>τδ</strong></span> <span class='ocrx_word' id='word_1_648' title='bbox 1200 2259 1390 2295; x_wconf 77' lang='grc' dir='ltr'>ναύλοχον.καὶ</span> <span class='ocrx_word' id='word_1_649' title='bbox 1404 2259 1430 2285; x_wconf 76' lang='grc' dir='ltr'>οἱ</span> <span class='ocrx_word' id='word_1_650' title='bbox 1443 2258 1563 2293; x_wconf 79' lang='grc' dir='ltr'>πλώϊμοι</span> <span class='ocrx_word' id='word_1_651' title='bbox 1575 2257 1626 2289; x_wconf 76' lang='grc' dir='ltr'><strong>τὰς</strong></span> <span class='ocrx_word' id='word_1_652' title='bbox 1635 2255 1788 2292; x_wconf 76' lang='grc' dir='ltr'>ἐπηρεαζο-</span> 
     </span>
    </p>
   </div>
   <div class='ocr_carea' id='block_1_87' title="bbox 164 2307 982 2353">
    <p class='ocr_par' dir='ltr' id='par_1_87' title="bbox 164 2307 982 2353">
     <span class='ocr_line' id='line_1_87' title="bbox 164 2307 982 2353; baseline -0.015 -8"><span class='ocrx_word' id='word_1_653' title='bbox 164 2318 247 2353; x_wconf 83' lang='grc' dir='ltr'>μένας</span> <span class='ocrx_word' id='word_1_654' title='bbox 261 2318 329 2351; x_wconf 81' lang='grc' dir='ltr'>νῆας</span> <span class='ocrx_word' id='word_1_655' title='bbox 345 2315 577 2350; x_wconf 83' lang='grc' dir='ltr'>ἀνακωχεύοντες,</span> <span class='ocrx_word' id='word_1_656' title='bbox 593 2313 664 2340; x_wconf 73' lang='grc' dir='ltr'>κατὰ</span> <span class='ocrx_word' id='word_1_657' title='bbox 683 2310 802 2345; x_wconf 81' lang='grc' dir='ltr'>σπουδὴν</span> <span class='ocrx_word' id='word_1_658' title='bbox 815 2307 982 2342; x_wconf 79' lang='grc' dir='ltr'>ἑξέστελλον.</span> 
     </span>
    </p>
   </div>
   <div class='ocr_carea' id='block_1_88' title="bbox 199 2373 942 2418">
    <p class='ocr_par' dir='ltr' id='par_1_88' title="bbox 199 2376 942 2418">
     <span class='ocr_line' id='line_1_88' title="bbox 199 2376 942 2418; baseline -0.012 -7"><span class='ocrx_word' id='word_1_659' title='bbox 199 2385 252 2417; x_wconf 72' lang='grc' dir='ltr'>(ις’.</span> <span class='ocrx_word' id='word_1_660' title='bbox 270 2385 331 2411; x_wconf 79' lang='grc' dir='ltr'><strong>Ὅτι</strong></span> <span class='ocrx_word' id='word_1_661' title='bbox 354 2384 383 2410; x_wconf 73' lang='grc' dir='ltr'>δὲ</span> <span class='ocrx_word' id='word_1_662' title='bbox 400 2383 541 2418; x_wconf 74' lang='grc' dir='ltr'>ἐξέτρεχον</span> <span class='ocrx_word' id='word_1_663' title='bbox 561 2381 586 2407; x_wconf 82' lang='grc' dir='ltr'>οἱ</span> <span class='ocrx_word' id='word_1_664' title='bbox 602 2380 743 2415; x_wconf 79' lang='grc' dir='ltr'>ἡμέτεροι,</span> <span class='ocrx_word' id='word_1_665' title='bbox 765 2376 942 2412; x_wconf 83' lang='grc' dir='ltr'>καταπηδῶν-</span> 
     </span>
    </p>
   </div>
   <div class='ocr_carea' id='block_1_89' title="bbox 997 2373 1788 2418">
    <p class='ocr_par' dir='ltr' id='par_1_89' title="bbox 1032 2373 1788 2404">
     <span class='ocr_line' id='line_1_89' title="bbox 1032 2373 1788 2404; baseline -0.008 -3"><span class='ocrx_word' id='word_1_666' title='bbox 1032 2374 1079 2401; x_wconf 88' lang='grc'><strong>76.</strong></span> <span class='ocrx_word' id='word_1_667' title='bbox 1101 2373 1199 2401; x_wconf 82' lang='lat' dir='ltr'><strong>Videre</strong></span> <span class='ocrx_word' id='word_1_668' title='bbox 1225 2377 1286 2400; x_wconf 88' lang='lat' dir='ltr'><strong>erat</strong></span> <span class='ocrx_word' id='word_1_669' title='bbox 1317 2376 1428 2399; x_wconf 82' lang='lat' dir='ltr'><strong>nostros</strong></span> <span class='ocrx_word' id='word_1_670' title='bbox 1455 2377 1585 2402; x_wconf 84' lang='lat' dir='ltr'><strong>currere,</strong></span> <span class='ocrx_word' id='word_1_671' title='bbox 1608 2373 1753 2404; x_wconf 86' lang='lat' dir='ltr'><strong>postquam</strong></span> <span class='ocrx_word' id='word_1_672' title='bbox 1772 2376 1788 2396; x_wconf 89' lang='lat' dir='ltr'><strong>e</strong></span> 
     </span>
    </p>
   </div>
   <div class='ocr_carea' id='block_1_90' title="bbox 163 2421 948 2464">
    <p class='ocr_par' dir='ltr' id='par_1_90' title="bbox 163 2421 948 2464">
     <span class='ocr_line' id='line_1_90' title="bbox 163 2421 948 2464; baseline -0.014 -5"><span class='ocrx_word' id='word_1_673' title='bbox 163 2441 207 2464; x_wconf 85' lang='grc' dir='ltr'><strong>τες</strong></span> <span class='ocrx_word' id='word_1_674' title='bbox 224 2433 256 2458; x_wconf 83' lang='grc' dir='ltr'>ὲκ</span> <span class='ocrx_word' id='word_1_675' title='bbox 275 2431 328 2457; x_wconf 80' lang='grc' dir='ltr'>τῶν</span> <span class='ocrx_word' id='word_1_676' title='bbox 342 2429 467 2464; x_wconf 76' lang='grc' dir='ltr'>τειχέων.</span> <span class='ocrx_word' id='word_1_677' title='bbox 491 2427 529 2458; x_wconf 81' lang='grc' dir='ltr'><strong>ὡς</strong></span> <span class='ocrx_word' id='word_1_678' title='bbox 544 2427 594 2453; x_wconf 76' lang='grc' dir='ltr'>οὔκ</span> <span class='ocrx_word' id='word_1_679' title='bbox 615 2426 649 2452; x_wconf 80' lang='grc' dir='ltr'><strong>ἀν</strong></span> <span class='ocrx_word' id='word_1_680' title='bbox 664 2424 749 2459; x_wconf 85' lang='grc' dir='ltr'>είδείη</span> <span class='ocrx_word' id='word_1_681' title='bbox 773 2424 787 2450; x_wconf 81' lang='grc' dir='ltr'><strong><em>ὸ</em></strong></span> <span class='ocrx_word' id='word_1_682' title='bbox 809 2421 948 2458; x_wconf 76' lang='grc' dir='ltr'>εἰρηνικὸς</span> 
     </span>
    </p>
   </div>
   <div class='ocr_carea' id='block_1_91' title="bbox 166 2469 950 2512">
    <p class='ocr_par' dir='ltr' id='par_1_91' title="bbox 166 2469 950 2512">
     <span class='ocr_line' id='line_1_91' title="bbox 166 2469 950 2512; baseline -0.014 -8"><span class='ocrx_word' id='word_1_683' title='bbox 166 2477 328 2512; x_wconf 72' lang='grc' dir='ltr'>στρατηγὸς,</span> <span class='ocrx_word' id='word_1_684' title='bbox 358 2475 430 2509; x_wconf 74' lang='grc' dir='ltr'>ψιλοὶ</span> <span class='ocrx_word' id='word_1_685' title='bbox 450 2474 539 2500; x_wconf 82' lang='grc' dir='ltr'>ὃπλων</span> <span class='ocrx_word' id='word_1_686' title='bbox 566 2473 590 2498; x_wconf 85' lang='grc' dir='ltr'>οἱ</span> <span class='ocrx_word' id='word_1_687' title='bbox 619 2471 721 2502; x_wconf 71' lang='grc' dir='ltr'>πολλοὶ,</span> <span class='ocrx_word' id='word_1_688' title='bbox 751 2470 797 2496; x_wconf 79' lang='grc' dir='ltr'>καὶ</span> <span class='ocrx_word' id='word_1_689' title='bbox 814 2469 950 2503; x_wconf 79' lang='grc' dir='ltr'>ἠνδραγα-</span> 
     </span>
    </p>
   </div>
   <div class='ocr_carea' id='block_1_92' title="bbox 165 2515 947 2556">
    <p class='ocr_par' dir='ltr' id='par_1_92' title="bbox 165 2515 947 2556">
     <span class='ocr_line' id='line_1_92' title="bbox 165 2515 947 2556; baseline -0.014 -6"><span class='ocrx_word' id='word_1_690' title='bbox 165 2524 281 2556; x_wconf 74' lang='grc' dir='ltr'>οίςοντο,</span> <span class='ocrx_word' id='word_1_691' title='bbox 298 2523 326 2548; x_wconf 80' lang='grc' dir='ltr'>ἐν</span> <span class='ocrx_word' id='word_1_692' title='bbox 341 2519 381 2552; x_wconf 80' lang='grc' dir='ltr'>οἷς</span> <span class='ocrx_word' id='word_1_693' title='bbox 399 2521 446 2547; x_wconf 87' lang='grc' dir='ltr'>καὶ</span> <span class='ocrx_word' id='word_1_694' title='bbox 460 2519 555 2549; x_wconf 80' lang='grc' dir='ltr'>παῖδες</span> <span class='ocrx_word' id='word_1_695' title='bbox 567 2517 615 2544; x_wconf 82' lang='grc' dir='ltr'>τοῦ</span> <span class='ocrx_word' id='word_1_696' title='bbox 632 2516 800 2552; x_wconf 79' lang='grc' dir='ltr'>μυροὸλύτου</span> <span class='ocrx_word' id='word_1_697' title='bbox 819 2515 893 2542; x_wconf 79' lang='grc' dir='ltr'>ἄλλοι</span> <span class='ocrx_word' id='word_1_698' title='bbox 906 2523 947 2544; x_wconf 84' lang='grc' dir='ltr'><strong>τε,</strong></span> 
     </span>
    </p>
   </div>
   <div class='ocr_carea' id='block_1_93' title="bbox 165 2561 947 2602">
    <p class='ocr_par' dir='ltr' id='par_1_93' title="bbox 165 2561 947 2602">
     <span class='ocr_line' id='line_1_93' title="bbox 165 2561 947 2602; baseline -0.014 -6"><span class='ocrx_word' id='word_1_699' title='bbox 165 2571 213 2596; x_wconf 75' lang='grc' dir='ltr'>καὶ</span> <span class='ocrx_word' id='word_1_700' title='bbox 227 2570 260 2595; x_wconf 83' lang='grc' dir='ltr'>ἐκ</span> <span class='ocrx_word' id='word_1_701' title='bbox 272 2569 320 2602; x_wconf 79' lang='grc' dir='ltr'>τῆς</span> <span class='ocrx_word' id='word_1_702' title='bbox 334 2568 390 2594; x_wconf 76' lang='grc' dir='ltr'><strong>τῶν</strong></span> <span class='ocrx_word' id='word_1_703' title='bbox 402 2566 512 2601; x_wconf 73' lang='grc' dir='ltr'>Σέρεων</span> <span class='ocrx_word' id='word_1_704' title='bbox 527 2564 651 2594; x_wconf 85' lang='grc' dir='ltr'>τεθέντες</span> <span class='ocrx_word' id='word_1_705' title='bbox 671 2562 746 2595; x_wconf 83' lang='grc' dir='ltr'><strong>αὐτῷ</strong></span> <span class='ocrx_word' id='word_1_706' title='bbox 761 2569 768 2575; x_wconf 73' lang='grc'><strong><em>⁸</em></strong></span> <span class='ocrx_word' id='word_1_707' title='bbox 780 2562 827 2588; x_wconf 74' lang='grc' dir='ltr'>καὶ</span> <span class='ocrx_word' id='word_1_708' title='bbox 841 2561 881 2587; x_wconf 81' lang='grc' dir='ltr'>ὃτι</span> <span class='ocrx_word' id='word_1_709' title='bbox 899 2568 947 2586; x_wconf 80' lang='grc' dir='ltr'>πε-</span> 
     </span>
    </p>
   </div>
   <div class='ocr_carea' id='block_1_94' title="bbox 166 2605 949 2651">
    <p class='ocr_par' dir='ltr' id='par_1_94' title="bbox 166 2605 949 2651">
     <span class='ocr_line' id='line_1_94' title="bbox 166 2605 949 2651; baseline -0.009 -11"><span class='ocrx_word' id='word_1_710' title='bbox 166 2614 324 2651; x_wconf 84' lang='grc' dir='ltr'>ρ.εφρόνουν</span> <span class='ocrx_word' id='word_1_711' title='bbox 337 2613 399 2644; x_wconf 81' lang='grc' dir='ltr'>τοὺς</span> <span class='ocrx_word' id='word_1_712' title='bbox 415 2611 528 2647; x_wconf 73' lang='grc' dir='ltr'>ὲχθρούς</span> <span class='ocrx_word' id='word_1_713' title='bbox 541 2617 549 2624; x_wconf 88' lang='grc'><strong>·</strong></span> <span class='ocrx_word' id='word_1_714' title='bbox 566 2610 613 2636; x_wconf 75' lang='grc' dir='ltr'>καὶ</span> <span class='ocrx_word' id='word_1_715' title='bbox 625 2609 661 2640; x_wconf 83' lang='grc' dir='ltr'><strong>ὡς</strong></span> <span class='ocrx_word' id='word_1_716' title='bbox 675 2609 703 2641; x_wconf 71' lang='grc' dir='ltr'>ἐξ</span> <span class='ocrx_word' id='word_1_717' title='bbox 719 2608 808 2635; x_wconf 81' lang='grc' dir='ltr'>αὐτῶν</span> <span class='ocrx_word' id='word_1_718' title='bbox 818 2608 871 2634; x_wconf 85' lang='grc' dir='ltr'>τῶν</span> <span class='ocrx_word' id='word_1_719' title='bbox 883 2605 949 2642; x_wconf 81' lang='grc' dir='ltr'>βαρ-</span> 
     </span>
    </p>
   </div>
   <div class='ocr_carea' id='block_1_95' title="bbox 166 2654 950 2696">
    <p class='ocr_par' dir='ltr' id='par_1_95' title="bbox 166 2654 950 2696">
     <span class='ocr_line' id='line_1_95' title="bbox 166 2654 950 2696; baseline -0.01 -9"><span class='ocrx_word' id='word_1_720' title='bbox 166 2661 287 2696; x_wconf 82' lang='grc' dir='ltr'>ὕαρικῶν</span> <span class='ocrx_word' id='word_1_721' title='bbox 313 2659 420 2694; x_wconf 83' lang='grc' dir='ltr'>σκηνῶν</span> <span class='ocrx_word' id='word_1_722' title='bbox 437 2658 606 2693; x_wconf 79' lang='grc' dir='ltr'>ἁρπάζοντες</span> <span class='ocrx_word' id='word_1_723' title='bbox 626 2655 781 2689; x_wconf 74' lang='grc' dir='ltr'>ἀπήλαυνον</span> <span class='ocrx_word' id='word_1_724' title='bbox 807 2654 864 2686; x_wconf 80' lang='grc' dir='ltr'><strong>ζῶα</strong></span> <span class='ocrx_word' id='word_1_725' title='bbox 879 2661 886 2668; x_wconf 94' lang='lat'><strong>&#39;</strong></span> <span class='ocrx_word' id='word_1_726' title='bbox 901 2655 950 2680; x_wconf 80' lang='grc' dir='ltr'>καὶ</span> 
     </span>
    </p>
   </div>
   <div class='ocr_carea' id='block_1_96' title="bbox 165 2699 948 2737">
    <p class='ocr_par' dir='ltr' id='par_1_96' title="bbox 165 2699 948 2737">
     <span class='ocr_line' id='line_1_96' title="bbox 165 2699 948 2737; baseline -0.011 -4"><span class='ocrx_word' id='word_1_727' title='bbox 165 2706 202 2737; x_wconf 80' lang='grc' dir='ltr'><strong>ὡς</strong></span> <span class='ocrx_word' id='word_1_728' title='bbox 219 2706 282 2736; x_wconf 78' lang='grc' dir='ltr'>τοὺς</span> <span class='ocrx_word' id='word_1_729' title='bbox 296 2704 501 2735; x_wconf 78' lang='grc' dir='ltr'>ἀντεπεξιόντας</span> <span class='ocrx_word' id='word_1_730' title='bbox 516 2702 652 2737; x_wconf 83' lang='grc' dir='ltr'>ἠμύνοντο</span> <span class='ocrx_word' id='word_1_731' title='bbox 666 2702 819 2731; x_wconf 82' lang='grc' dir='ltr'>οιώκοντες,</span> <span class='ocrx_word' id='word_1_732' title='bbox 836 2699 948 2734; x_wconf 84' lang='grc' dir='ltr'>βάλλον-</span> 
     </span>
    </p>
   </div>
   <div class='ocr_carea' id='block_1_97' title="bbox 165 2745 949 2786">
    <p class='ocr_par' dir='ltr' id='par_1_97' title="bbox 165 2745 949 2786">
     <span class='ocr_line' id='line_1_97' title="bbox 165 2745 949 2786; baseline -0.011 -8"><span class='ocrx_word' id='word_1_733' title='bbox 165 2760 220 2783; x_wconf 84' lang='grc' dir='ltr'>τες,</span> <span class='ocrx_word' id='word_1_734' title='bbox 237 2752 378 2786; x_wconf 79' lang='grc' dir='ltr'>ῥίπτοντες</span> <span class='ocrx_word' id='word_1_735' title='bbox 389 2757 397 2765; x_wconf 76' lang='grc'><strong><em>⁸</em></strong></span> <span class='ocrx_word' id='word_1_736' title='bbox 414 2749 460 2775; x_wconf 82' lang='grc' dir='ltr'>καὶ</span> <span class='ocrx_word' id='word_1_737' title='bbox 472 2749 544 2778; x_wconf 79' lang='grc' dir='ltr'>ὅπως</span> <span class='ocrx_word' id='word_1_738' title='bbox 557 2746 680 2775; x_wconf 73' lang='grc' dir='ltr'><strong>ζεντεῦθεν</strong></span> <span class='ocrx_word' id='word_1_739' title='bbox 706 2745 792 2780; x_wconf 54' lang='lat' dir='ltr'><strong>eum;</strong></span> <span class='ocrx_word' id='word_1_740' title='bbox 815 2745 862 2771; x_wconf 73' lang='grc' dir='ltr'><strong>καὶ</strong></span> <span class='ocrx_word' id='word_1_741' title='bbox 882 2752 949 2778; x_wconf 79' lang='grc' dir='ltr'>προ-</span> 
     </span>
    </p>
   </div>
   <div class='ocr_carea' id='block_1_98' title="bbox 166 2790 950 2832">
    <p class='ocr_par' dir='ltr' id='par_1_98' title="bbox 166 2790 950 2832">
     <span class='ocr_line' id='line_1_98' title="bbox 166 2790 950 2832; baseline -0.009 -9"><span class='ocrx_word' id='word_1_742' title='bbox 166 2797 252 2832; x_wconf 77' lang='grc' dir='ltr'>θυμία</span> <span class='ocrx_word' id='word_1_743' title='bbox 266 2805 328 2827; x_wconf 84' lang='grc' dir='ltr'>τους</span> <span class='ocrx_word' id='word_1_744' title='bbox 352 2793 518 2829; x_wconf 81' lang='grc' dir='ltr'>στρατιώτας</span> <span class='ocrx_word' id='word_1_745' title='bbox 538 2792 668 2819; x_wconf 81' lang='grc' dir='ltr'>ὑπεδύετο</span> <span class='ocrx_word' id='word_1_746' title='bbox 693 2792 819 2823; x_wconf 82' lang='grc' dir='ltr'>ἄπλετος,</span> <span class='ocrx_word' id='word_1_747' title='bbox 837 2790 875 2821; x_wconf 85' lang='grc' dir='ltr'>ὡς</span> <span class='ocrx_word' id='word_1_748' title='bbox 903 2791 950 2816; x_wconf 76' lang='grc' dir='ltr'>καὶ</span> 
     </span>
    </p>
   </div>
   <div class='ocr_carea' id='block_1_99' title="bbox 169 2836 948 2876">
    <p class='ocr_par' dir='ltr' id='par_1_99' title="bbox 169 2836 948 2876">
     <span class='ocr_line' id='line_1_99' title="bbox 169 2836 948 2876; baseline -0.009 -7"><span class='ocrx_word' id='word_1_749' title='bbox 169 2843 318 2876; x_wconf 69' lang='grc' dir='ltr'>στρατηγῆν</span> <span class='ocrx_word' id='word_1_750' title='bbox 341 2840 483 2874; x_wconf 75' lang='grc' dir='ltr'>βαρύνειν,</span> <span class='ocrx_word' id='word_1_751' title='bbox 509 2836 548 2870; x_wconf 71' lang='grc' dir='ltr'>οἷς</span> <span class='ocrx_word' id='word_1_752' title='bbox 571 2838 672 2872; x_wconf 77' lang='grc' dir='ltr'>ὢχλουν</span> <span class='ocrx_word' id='word_1_753' title='bbox 701 2838 810 2871; x_wconf 61' lang='grc' dir='ltr'>ἀφιέναι</span> <span class='ocrx_word' id='word_1_754' title='bbox 849 2836 948 2867; x_wconf 76' lang='grc' dir='ltr'>αὐτοὺς</span> 
     </span>
    </p>
   </div>
   <div class='ocr_carea' id='block_1_100' title="bbox 1000 2415 1787 2452">
    <p class='ocr_par' dir='ltr' id='par_1_100' title="bbox 1000 2415 1787 2452">
     <span class='ocr_line' id='line_1_100' title="bbox 1000 2415 1787 2452; baseline -0.009 -4"><span class='ocrx_word' id='word_1_755' title='bbox 1000 2420 1137 2449; x_wconf 70' lang='lat' dir='ltr'><strong>[menibus</strong></span> <span class='ocrx_word' id='word_1_756' title='bbox 1152 2419 1361 2447; x_wconf 84' lang='lat' dir='ltr'><strong>descendissent</strong></span> <span class='ocrx_word' id='word_1_757' title='bbox 1385 2418 1479 2452; x_wconf 83' lang='lat' dir='ltr'><strong>quales</strong></span> <span class='ocrx_word' id='word_1_758' title='bbox 1496 2417 1551 2444; x_wconf 80' lang='lat' dir='ltr'><strong>dux</strong></span> <span class='ocrx_word' id='word_1_759' title='bbox 1566 2415 1697 2450; x_wconf 74' lang='lat' dir='ltr'><strong>paciﬁcus</strong></span> <span class='ocrx_word' id='word_1_760' title='bbox 1716 2423 1787 2442; x_wconf 90' lang='lat' dir='ltr'><strong>nun-</strong></span> 
     </span>
    </p>
   </div>
   <div class='ocr_carea' id='block_1_101' title="bbox 1001 2461 1788 2503">
    <p class='ocr_par' dir='ltr' id='par_1_101' title="bbox 1001 2461 1788 2503">
     <span class='ocr_line' id='line_1_101' title="bbox 1001 2461 1788 2503; baseline -0.011 -8"><span class='ocrx_word' id='word_1_761' title='bbox 1001 2475 1083 2503; x_wconf 89' lang='lat' dir='ltr'><strong>quam</strong></span> <span class='ocrx_word' id='word_1_762' title='bbox 1102 2466 1179 2498; x_wconf 83' lang='lat' dir='ltr'><strong>vidit,</strong></span> <span class='ocrx_word' id='word_1_763' title='bbox 1205 2465 1352 2500; x_wconf 87' lang='lat' dir='ltr'><strong>plcrosque</strong></span> <span class='ocrx_word' id='word_1_764' title='bbox 1377 2463 1515 2495; x_wconf 85' lang='lat' dir='ltr'><strong>inermes;</strong></span> <span class='ocrx_word' id='word_1_765' title='bbox 1534 2462 1630 2489; x_wconf 88' lang='lat' dir='ltr'><strong>deinde</strong></span> <span class='ocrx_word' id='word_1_766' title='bbox 1657 2461 1788 2496; x_wconf 66' lang='lat' dir='ltr'><strong>prmclare</strong></span> 
     </span>
    </p>
   </div>
   <div class='ocr_carea' id='block_1_102' title="bbox 1001 2507 1787 2546">
    <p class='ocr_par' dir='ltr' id='par_1_102' title="bbox 1001 2507 1787 2546">
     <span class='ocr_line' id='line_1_102' title="bbox 1001 2507 1787 2546; baseline -0.011 -4"><span class='ocrx_word' id='word_1_767' title='bbox 1001 2515 1136 2546; x_wconf 76' lang='lat' dir='ltr'><strong>fecerunt,</strong></span> <span class='ocrx_word' id='word_1_768' title='bbox 1154 2513 1225 2540; x_wconf 87' lang='lat' dir='ltr'><strong>inter</strong></span> <span class='ocrx_word' id='word_1_769' title='bbox 1241 2519 1310 2546; x_wconf 89' lang='lat' dir='ltr'><strong>quos</strong></span> <span class='ocrx_word' id='word_1_770' title='bbox 1326 2517 1407 2538; x_wconf 87' lang='lat' dir='ltr'><strong>etlam</strong></span> <span class='ocrx_word' id='word_1_771' title='bbox 1427 2510 1497 2537; x_wconf 82' lang='lat' dir='ltr'><strong>ﬁlios</strong></span> <span class='ocrx_word' id='word_1_772' title='bbox 1515 2509 1601 2540; x_wconf 82' lang='lat' dir='ltr'><strong>Beati,</strong></span> <span class='ocrx_word' id='word_1_773' title='bbox 1616 2512 1644 2535; x_wconf 86' lang='lat' dir='ltr'><strong>et</strong></span> <span class='ocrx_word' id='word_1_774' title='bbox 1661 2507 1787 2538; x_wconf 89' lang='lat' dir='ltr'><strong>Serbios,</strong></span> 
     </span>
    </p>
   </div>
   <div class='ocr_carea' id='block_1_103' title="bbox 1001 2552 1788 2594">
    <p class='ocr_par' dir='ltr' id='par_1_103' title="bbox 1001 2552 1788 2594">
     <span class='ocr_line' id='line_1_103' title="bbox 1001 2552 1788 2594; baseline -0.011 -7"><span class='ocrx_word' id='word_1_775' title='bbox 1001 2559 1184 2594; x_wconf 79' lang='lat' dir='ltr'><strong>despicientes</strong></span> <span class='ocrx_word' id='word_1_776' title='bbox 1194 2559 1307 2591; x_wconf 86' lang='lat' dir='ltr'><strong>hostes;</strong></span> <span class='ocrx_word' id='word_1_777' title='bbox 1323 2557 1394 2584; x_wconf 90' lang='lat' dir='ltr'><strong>addc</strong></span> <span class='ocrx_word' id='word_1_778' title='bbox 1410 2557 1483 2590; x_wconf 88' lang='lat' dir='ltr'><strong>quod</strong></span> <span class='ocrx_word' id='word_1_779' title='bbox 1507 2554 1626 2590; x_wconf 85' lang='lat' dir='ltr'><strong>pecudes</strong></span> <span class='ocrx_word' id='word_1_780' title='bbox 1641 2554 1667 2580; x_wconf 89' lang='lat' dir='ltr'><strong>in</strong></span> <span class='ocrx_word' id='word_1_781' title='bbox 1689 2552 1788 2579; x_wconf 83' lang='lat' dir='ltr'><strong>barba-</strong></span> 
     </span>
    </p>
   </div>
   <div class='ocr_carea' id='block_1_104' title="bbox 1001 2598 1787 2639">
    <p class='ocr_par' dir='ltr' id='par_1_104' title="bbox 1001 2598 1787 2639">
     <span class='ocr_line' id='line_1_104' title="bbox 1001 2598 1787 2639; baseline -0.011 -7"><span class='ocrx_word' id='word_1_782' title='bbox 1001 2613 1091 2632; x_wconf 89' lang='lat' dir='ltr'><strong>rorum</strong></span> <span class='ocrx_word' id='word_1_783' title='bbox 1113 2604 1238 2631; x_wconf 86' lang='lat' dir='ltr'><strong>tentoriis</strong></span> <span class='ocrx_word' id='word_1_784' title='bbox 1251 2608 1344 2639; x_wconf 84' lang='lat' dir='ltr'><strong>raptas</strong></span> <span class='ocrx_word' id='word_1_785' title='bbox 1357 2602 1547 2632; x_wconf 79' lang='lat' dir='ltr'><strong>abducebant.</strong></span> <span class='ocrx_word' id='word_1_786' title='bbox 1572 2604 1597 2627; x_wconf 89' lang='lat' dir='ltr'><strong>et</strong></span> <span class='ocrx_word' id='word_1_787' title='bbox 1613 2598 1787 2626; x_wconf 83' lang='lat' dir='ltr'><strong>adversarios</strong></span> 
     </span>
    </p>
   </div>
   <div class='ocr_carea' id='block_1_105' title="bbox 999 2644 1788 2685">
    <p class='ocr_par' dir='ltr' id='par_1_105' title="bbox 999 2644 1788 2685">
     <span class='ocr_line' id='line_1_105' title="bbox 999 2644 1788 2685; baseline -0.013 -7"><span class='ocrx_word' id='word_1_788' title='bbox 999 2651 1061 2678; x_wconf 84' lang='lat' dir='ltr'><strong>telis</strong></span> <span class='ocrx_word' id='word_1_789' title='bbox 1078 2654 1105 2677; x_wconf 86' lang='lat' dir='ltr'><strong>et</strong></span> <span class='ocrx_word' id='word_1_790' title='bbox 1121 2650 1223 2685; x_wconf 82' lang='lat' dir='ltr'><strong>jaculis</strong></span> <span class='ocrx_word' id='word_1_791' title='bbox 1246 2649 1325 2684; x_wconf 81' lang='lat' dir='ltr'><strong>longe</strong></span> <span class='ocrx_word' id='word_1_792' title='bbox 1347 2647 1554 2684; x_wconf 85' lang='lat' dir='ltr'><strong>propellebant;</strong></span> <span class='ocrx_word' id='word_1_793' title='bbox 1570 2645 1641 2681; x_wconf 89' lang='lat' dir='ltr'><strong>quod</strong></span> <span class='ocrx_word' id='word_1_794' title='bbox 1661 2644 1742 2670; x_wconf 89' lang='lat' dir='ltr'><strong>ardor</strong></span> <span class='ocrx_word' id='word_1_795' title='bbox 1760 2646 1788 2669; x_wconf 85' lang='lat' dir='ltr'><strong>et</strong></span> 
     </span>
    </p>
   </div>
   <div class='ocr_carea' id='block_1_106' title="bbox 1000 2688 1787 2729">
    <p class='ocr_par' dir='ltr' id='par_1_106' title="bbox 1000 2688 1787 2729">
     <span class='ocr_line' id='line_1_106' title="bbox 1000 2688 1787 2729; baseline -0.013 -6"><span class='ocrx_word' id='word_1_796' title='bbox 1000 2696 1084 2723; x_wconf 87' lang='lat' dir='ltr'><strong>animi</strong></span> <span class='ocrx_word' id='word_1_797' title='bbox 1110 2696 1238 2723; x_wconf 84' lang='lat' dir='ltr'><strong>alacritas</strong></span> <span class='ocrx_word' id='word_1_798' title='bbox 1262 2695 1364 2722; x_wconf 72' lang='lat' dir='ltr'><strong>milites</strong></span> <span class='ocrx_word' id='word_1_799' title='bbox 1383 2694 1525 2729; x_wconf 82' lang='lat' dir='ltr'><strong>replebat,</strong></span> <span class='ocrx_word' id='word_1_800' title='bbox 1543 2693 1581 2719; x_wconf 86' lang='lat' dir='ltr'><strong>ita</strong></span> <span class='ocrx_word' id='word_1_801' title='bbox 1603 2696 1634 2718; x_wconf 92' lang='lat' dir='ltr'><strong>ut</strong></span> <span class='ocrx_word' id='word_1_802' title='bbox 1652 2690 1706 2717; x_wconf 85' lang='lat' dir='ltr'><strong>dux</strong></span> <span class='ocrx_word' id='word_1_803' title='bbox 1729 2688 1787 2723; x_wconf 90' lang='lat' dir='ltr'><strong>ipse</strong></span> 
     </span>
    </p>
   </div>
   <div class='ocr_carea' id='block_1_107' title="bbox 1002 2737 1787 2776">
    <p class='ocr_par' dir='ltr' id='par_1_107' title="bbox 1002 2737 1787 2776">
     <span class='ocr_line' id='line_1_107' title="bbox 1002 2737 1787 2776; baseline -0.015 -6"><span class='ocrx_word' id='word_1_804' title='bbox 1002 2750 1073 2776; x_wconf 57' lang='lat' dir='ltr'><strong>egre</strong></span> <span class='ocrx_word' id='word_1_805' title='bbox 1089 2741 1173 2769; x_wconf 80' lang='lat' dir='ltr'><strong>ferret</strong></span> <span class='ocrx_word' id='word_1_806' title='bbox 1186 2749 1282 2768; x_wconf 86' lang='lat' dir='ltr'><strong>eorum</strong></span> <span class='ocrx_word' id='word_1_807' title='bbox 1299 2741 1444 2774; x_wconf 86' lang='lat' dir='ltr'><strong>impetum,</strong></span> <span class='ocrx_word' id='word_1_808' title='bbox 1459 2743 1484 2765; x_wconf 85' lang='lat' dir='ltr'><strong>et</strong></span> <span class='ocrx_word' id='word_1_809' title='bbox 1501 2737 1572 2772; x_wconf 84' lang='lat' dir='ltr'><strong>quod</strong></span> <span class='ocrx_word' id='word_1_810' title='bbox 1586 2737 1629 2762; x_wconf 77' lang='lat' dir='ltr'><strong>ille</strong></span> <span class='ocrx_word' id='word_1_811' title='bbox 1644 2738 1787 2769; x_wconf 84' lang='lat' dir='ltr'><strong>postquam</strong></span> 
     </span>
    </p>
   </div>
   <div class='ocr_carea' id='block_1_108' title="bbox 1003 2778 1785 2820">
    <p class='ocr_par' dir='ltr' id='par_1_108' title="bbox 1003 2778 1785 2820">
     <span class='ocr_line' id='line_1_108' title="bbox 1003 2778 1785 2820; baseline -0.017 -4"><span class='ocrx_word' id='word_1_812' title='bbox 1003 2789 1079 2817; x_wconf 86' lang='lat' dir='ltr'><strong>urbis</strong></span> <span class='ocrx_word' id='word_1_813' title='bbox 1090 2789 1199 2815; x_wconf 86' lang='lat' dir='ltr'><strong>ruinam</strong></span> <span class='ocrx_word' id='word_1_814' title='bbox 1211 2791 1347 2815; x_wconf 81' lang='lat' dir='ltr'><strong>statuerat</strong></span> <span class='ocrx_word' id='word_1_815' title='bbox 1363 2792 1503 2820; x_wconf 87' lang='lat' dir='ltr'><strong>nunquam</strong></span> <span class='ocrx_word' id='word_1_816' title='bbox 1523 2783 1644 2810; x_wconf 85' lang='lat' dir='ltr'><strong>animum</strong></span> <span class='ocrx_word' id='word_1_817' title='bbox 1659 2778 1785 2806; x_wconf 88' lang='lat' dir='ltr'><strong>mutavit.</strong></span> 
     </span>
    </p>
   </div>
   <div class='ocr_carea' id='block_1_109' title="bbox 1004 2823 1785 2868">
    <p class='ocr_par' dir='ltr' id='par_1_109' title="bbox 1004 2823 1785 2868">
     <span class='ocr_line' id='line_1_109' title="bbox 1004 2823 1785 2868; baseline -0.015 -7"><span class='ocrx_word' id='word_1_818' title='bbox 1004 2835 1085 2868; x_wconf 86' lang='lat' dir='ltr'><strong>idque</strong></span> <span class='ocrx_word' id='word_1_819' title='bbox 1099 2839 1154 2862; x_wconf 87' lang='lat' dir='ltr'><strong>tum</strong></span> <span class='ocrx_word' id='word_1_820' title='bbox 1173 2835 1288 2861; x_wconf 80' lang='lat' dir='ltr'><strong>maxime</strong></span> <span class='ocrx_word' id='word_1_821' title='bbox 1306 2840 1368 2860; x_wconf 73' lang='lat' dir='ltr'><strong>tum</strong></span> <span class='ocrx_word' id='word_1_822' title='bbox 1390 2832 1532 2858; x_wconf 84' lang='lat' dir='ltr'><strong>Chumnus</strong></span> <span class='ocrx_word' id='word_1_823' title='bbox 1549 2827 1650 2854; x_wconf 88' lang='lat' dir='ltr'><strong>bellum</strong></span> <span class='ocrx_word' id='word_1_824' title='bbox 1668 2823 1785 2852; x_wconf 78' lang='lat' dir='ltr'><strong>excitas-</strong></span> 
     </span>
    </p>
   </div>
  </div>
