1962 3087
180 147 213 178 91
537 143 748 175 EUSTATHII
767 141 1144 173 THESSALONICENSIS
1160 137 1440 172 METROPOLITIE
1773 141 1812 173 92

181 202 291 230 Tartari
309 201 440 229 adversus
464 207 516 228 nos
533 201 560 227 in
583 201 668 228 chaos
689 200 806 227 miseriae
832 200 967 239 dilatavit.

1038 199 1092 233 ιένη
1109 197 1216 233 πλευρὰ
1244 198 1430 232 ἔγκιοεστῶτι
1450 197 1600 232 {ipp/$10“,
1625 197 1675 232 τῆς
1695 198 1727 225 ὲκ
1741 199 1812 225 πλα-

181 251 249 285 γίων
262 249 428 284 ὺπενδούσης
443 249 514 276 κατὰ
529 247 611 282 βάρος
627 254 636 262 ·
654 246 712 274 ἀλλ’
741 247 909 281 ἐκπέμψασά
918 257 944 275 τι
960 248 1071 283 ἑαυτῆς,
1085 246 1192 280 ἀφῆκαν
1206 245 1399 272 ὲπακολουθεῐν
1422 245 1619 281 κατακλιθείσῃ
1638 246 1671 281 τῇ
1690 247 1791 280 γείτονι
1803 247 1810 254 '

183 297 230 322 καὶ
243 295 313 321 οὓτω
331 294 464 329 χάσμημα
491 293 551 320 καθ’
579 292 658 326 ἡμῶν
683 291 748 327 ᾅδου
772 291 902 327 εὐρυνθὲν
916 294 1090 320 κατέσπακεν
1111 293 1151 322 εις
1169 291 1235 326 χάος
1253 291 1412 325 ἀρτύγετον.

219 342 265 368 85.
285 342 329 368 Isti
355 345 443 366 autem
462 339 520 365 loco
532 345 628 364 nomen
642 337 973 370 erattlhamzeulracontis,

187 388 231 415 cui
245 386 415 414 custodiendi
427 384 498 410 illum
510 390 571 410 cum
586 382 716 409 militibus
724 383 781 410 suis
791 384 912 411 strenuis
928 391 974 411 ιιθ

188 434 290 468 gotiuxn
309 433 401 458 datum
418 430 519 462 fuerat,
540 435 567 456 et
583 429 628 464 qui
649 429 727 456 nobis
742 437 851 464 quoque
877 434 971 464 postea

187 479 223 507 rei
242 477 366 505 militaris
388 474 486 509 peritia
508 482 556 501 sua
572 474 665 501 utilem
686 481 796 507 operam
813 474 884 501 tulit.
900 475 970 501 Cum

186 524 258 552 enim
272 522 345 548 solus
360 521 386 546 in
400 519 467 546 urbe
483 523 624 546 teneretur
643 511 701 545 sive
719 518 826 551 morbo,
839 520 896 546 sive
909 527 974 553 pru-

186 568 294 598 tientia,
319 571 411 601 postea
432 569 522 592 autem
548 564 708 596 commilito,
738 564 976 599 periculorumque

187 613 278 641 socius
306 616 421 638 mortem
448 610 624 645 oppetiisset,
654 610 705 636 uisi
730 617 779 636 nos
802 609 848 637 Dei
868 611 979 646 sapien-

189 661 224 685 tia
245 662 384 688 monente.
402 662 505 684 remoto
533 656 662 690 periculo,
689 660 796 690 tempus
821 656 977 685 distulisse-

190 712 261 736 mus,
280 711 333 738 quo
351 703 486 730 barbarus
511 701 570 735 ejus
586 701 726 728 emollitos
743 705 784 729 est
802 702 919 735 animus,
941 703 978 730 ita

189 756 219 778 ut
248 750 350 778 hotniui
381 753 475 776 nostro
497 749 576 780 vitaz,
600 755 654 782 qua
679 747 737 782 jam
766 756 838 775 nune
865 749 977 783 fruitur,

190 797 373 832 sospitatores
393 795 538 822 fuerimus.

227 944 274 971 8L
297 943 374 970 Muro
391 943 483 978 itaque
510 943 602 970 diruto
626 943 671 970 ubi
693 943 751 970 dies
768 943 857 970 illuin
873 947 900 970 et
916 943 982 970 illud

193 989 318 1016 foramen
332 989 502 1016 Clmronium
520 989 613 1016 hostes
628 988 772 1023 nostrique
783 988 932 1021 vidissent,
942 989 981 1016 illi

192 1035 311 1062 ferarum
340 1043 415 1062 more
441 1035 554 1062 hiabant
576 1039 672 1062 contra
701 1041 763 1067 nos,
789 1034 868 1062 nobis
889 1039 981 1061 autent

191 1081 286 1108 oculos
318 1081 511 1107 claudentibus
535 1080 624 1108 omnis
654 1089 717 1115 spes
742 1081 895 1108 interierat.
923 1080 983 1107 Dux

192 1131 283 1153 autem
294 1131 371 1153 antea
385 1127 481 1160 plenus
492 1126 591 1153 fiducia
602 1130 670 1156 erat,
680 1126 815 1160 iactitans
826 1126 898 1160 apud
910 1126 982 1153 haud

194 1174 314 1208 ignaros,
325 1173 398 1206 quod
416 1174 500 1199 muris
511 1173 577 1199 nihil
589 1172 736 1205 accideret,
748 1173 804 1199 etsi
821 1173 982 1206 ceciderint,

193 1221 250 1253 ipse
265 1224 357 1246 tamen
380 1219 492 1253 optimis
517 1227 532 1246 e
558 1220 645 1253 copiis
670 1219 769 1247 electis
787 1219 856 1246 viris
873 1227 982 1246 murum

195 1266 312 1292 ferreum
323 1266 440 1300 spondet
448 1273 476 1291 se
487 1265 691 1299 oppositurum,
701 1266 786 1292 armis
795 1270 982 1300 compactum,

196 1311 392 1345 custodemque
407 1312 529 1338 futurum
542 1310 647 1338 civitati
660 1318 708 1346 per
719 1311 899 1346 quadraginta
911 1311 983 1339 dies.

195 1356 336 1385 Postremo
364 1363 455 1385 autem
473 1358 517 1384 hic
539 1356 622 1384 homo
637 1357 826 1392 iactabundus
849 1357 985 1385 sermoci-

190 1402 286 1430 ‘nando
300 1403 327 1430 in
342 1403 412 1429 muri
431 1403 554 1430 scissura
571 1402 711 1436 iactantia}
736 1402 816 1429 finem
835 1402 986 1437 imposuit;

194 1449 253 1483 ipse
265 1452 355 1476 autem
370 1456 424 1475 non
438 1456 554 1476 manens
571 1455 600 1476 se
612 1447 677 1476 inde
693 1448 839 1484 proripuit.

228 1606 274 1634 85.
294 1605 380 1633 Simul
397 1613 430 1633 ac
451 1606 557 1633 hastm
577 1605 604 1632 in
628 1605 765 1633 mmuibus
780 1605 880 1633 dirutis
906 1605 984 1639 vidit,

193 1660 247 1688 quo
266 1660 337 1679 unus
348 1660 363 1679 c
375 1653 467 1680 nautis
481 1652 656 1684 ascenderat,
674 1659 745 1687 quos
763 1657 791 1679 ut
807 1652 892 1680 fortes
909 1656 936 1679 et
948 1651 982 1679 ad

193 1698 329 1732 ejusmodi
357 1705 400 1726 res
428 1698 535 1725 habiles
560 1697 689 1732 Siphanti
729 1699 807 1726 navis
831 1698 979 1726 advexerat

198 1747 207 1780 (
224 1745 375 1780 Siphantus
397 1744 485 1778 pirata
507 1751 570 1771 cum
591 1743 692 1771 Siculis
704 1743 795 1771 foedus
810 1744 921 1776 inierat,
937 1744 984 1778 qui

195 1798 246 1818 nos
262 1797 370 1825 quoque
393 1789 510 1823 hospitio
529 1789 654 1823 excepit,
673 1793 701 1815 ut
725 1796 782 1815 rem
799 1792 878 1823 prout
904 1789 986 1816 habet

197 1836 359 1867 referamus,
369 1835 396 1862 in
409 1842 477 1861 nave
492 1840 520 1861 ut
537 1835 587 1861 hoc
597 1841 707 1870 quoque
722 1835 816 1868 paucis
827 1834 962 1869 dicamus)
977 1843 984 1867 ;

197 1882 269 1916 quod
289 1881 333 1908 ubi
359 1881 478 1916 primum
496 1880 562 1908 vidit
586 1880 671 1907 David
690 1880 900 1911 tremebundus.
917 1887 985 1907 ecce

198 1928 346 1963 praemissis
356 1927 486 1954 oblivioni
497 1927 568 1954 datis
577 1926 757 1961 quadraginta
769 1926 828 1953 dies
839 1926 872 1953 ad
883 1926 987 1960 aliquot

199 1975 280 2001 horas
293 1973 434 2001 reduxitet
443 1973 556 2000 dorsum
569 1972 694 1999 hostibus
707 1973 816 2000 obtulit.
825 1971 891 2000 Cum
906 1973 988 2007 igitur

198 2021 299 2047 milites
312 2026 404 2047 coram
418 2019 546 2045 omnibus
560 2018 798 2046 vociferarentur:
813 2027 822 2044 ι
836 2018 986 2051 Comnene,

198 2069 302 2092 stamen
313 2064 497 2099 etpeditatus,
514 2072 523 2089 ι
544 2064 588 2090 ille
605 2069 696 2090 autem
705 2071 799 2091 vocem
816 2064 987 2092 terminalem

179 2124 185 2131 -
201 2111 366 2141 addidisset,
381 2109 619 2143 καταϐαλίκευμα,
644 2113 672 2136 et
687 2118 694 2135 :
716 2108 794 2137 Sicut
810 2117 853 2137 me
874 2111 986 2141 Videtis.

199 2155 333 2191 Pegasum
348 2155 471 2182 invenire
487 2154 574 2188 cupiit
589 2161 708 2188 quocum
731 2155 758 2182 in
773 2159 882 2183 montes
898 2161 946 2182 aut
959 2156 987 2182 in

201 2201 291 2229 nudas
313 2200 399 2228 maris
413 2200 520 2227 altisoni
546 2199 655 2227 avolare
670 2200 829 2234 potuisset;
849 2205 989 2234 postremo

201 2248 276 2274 mulo
299 2254 351 2274 suo
371 2247 417 2281 qui
436 2253 497 2273 eum
517 2250 572 2272 tum
592 2246 730 2282 portabat,
749 2251 898 2274 contentus
925 2247 987 2274 fuit.

201 2293 324 2328 Anfugiit
335 2293 418 2328 igitur
431 2292 511 2320 modo
521 2297 601 2320 antea
616 2293 758 2326 inusitato,
766 2292 903 2320 delicatus
914 2293 987 2326 visu,

201 2343 276 2367 veste
284 2339 355 2366 bona
365 2339 493 2371 amictus,
504 2346 585 2365 manu
606 2342 746 2370 strenuus.
755 2343 785 2366 ut
793 2341 990 2374 gytnnasiasta,

202 2386 336 2422 sanguine
347 2393 402 2413 non
420 2385 660 2423 maculatus-sicut
675 2386 747 2413 aries
762 2389 878 2414 caeteros
894 2393 992 2414 omnes

203 2432 384 2466 pedissequos
405 2430 536 2458 habebat.
548 2430 578 2458 ln
597 2431 649 2458 hac
664 2430 838 2459 multitudine
849 2435 929 2459 erant
939 2431 992 2459 viri

203 2479 384 2513 magnanimi,
404 2480 450 2513 qui
463 2478 524 2504 duci
549 2477 685 2512 ignaviam
710 2477 960 2513 exprobraverant,
975 2486 991 2506 e

203 2525 303 2561 quibus
322 2524 366 2552 alii
378 2532 440 2552 eum
456 2525 535 2552 beato
559 2523 665 2551 honore
679 2524 850 2557 ceciderunt,
865 2524 913 2551 alii
930 2528 992 2558 post

204 2571 335 2606 praeclare
358 2570 430 2598 facta
451 2569 558 2598 hastam
590 2570 717 2598 hostilem
743 2570 832 2597 secuti
855 2574 931 2597 sunt.
960 2569 990 2596 in

204 2617 340 2653 principio
368 2622 458 2645 autem
485 2616 598 2644 Barbari
632 2616 814 2643 ascendentes
852 2615 991 2642 deturbati

204 2667 269 2691 sunt
283 2670 298 2689 a
311 2663 418 2690 civibus
433 2662 536 2689 nostris
560 2669 613 2688 non
634 2661 778 2688 militibus.
797 2660 830 2687 Hi
843 2660 916 2687 enim
939 2667 991 2695 pro

207 2708 315 2736 viribus
341 2709 504 2735 restiterunt
527 2709 614 2734 donec
629 2707 810 2736 circumvenu'
835 2706 990 2741 perieulum

205 2754 337 2786 \idcrcnt,
360 2760 416 2780 non
436 2753 576 2786 perterriti
600 2752 700 2786 panico
730 2750 843 2778 Davidis
875 2751 986 2783 timore;

204 2798 251 2826 sed
268 2799 300 2825 de
317 2798 507 2825 internecione
531 2797 691 2831 cogitabant
711 2803 806 2823 eorum
830 2795 876 2830 qui
892 2803 991 2822 excur-

205 2844 331 2871 sionibus
354 2843 410 2870 suis
438 2846 542 2869 tantum
567 2842 629 2868 mali
662 2841 728 2876 ipsis
758 2840 916 2867 intulerant.
939 2840 988 2873 Qui

1064 340 1119 368 πγ¹.
1133 334 1187 362 Ἦν
1202 336 1230 362 δὲ
1244 336 1258 361 ό
1272 336 1356 366 τόπος
1380 333 1457 366 οὗτος
1473 335 1577 370 πύργος
1600 335 1811 368 Χαμαιδρίκον-

1026 391 1071 414 τος
1085 382 1243 416 ἐπικληθεὶς
1271 381 1310 415 τῷ
1327 381 1436 415 λαχόντι
1465 381 1622 408 ἐπιστατεῖν
1639 381 1687 407 σύν
1707 390 1738 416 γε
1757 385 1813 414 τοῖς

1027 427 1096 462 ἀμφ’
1109 427 1190 454 αὑτὸν
1207 427 1257 454 οὐκ
1278 427 1390 460 ἀεργοῖς
1415 428 1631 461 στρατιωτικοῖς.
1655 429 1733 463 ἀνδρὶ
1751 430 1812 454 τότε

1028 475 1077 509 μὶν
1091 482 1226 507 τακτικῳ,
1243 472 1356 508 ὕστερον
1372 474 1418 499 καὶ
1443 474 1574 508 συμτσόνῳ
1600 474 1666 509 ἡμῖν
1686 482 1692 488 ·
1709 475 1739 505 ὃς
1763 477 1813 509 μό-

1026 529 1071 552 νος
1081 520 1136 546 τῶν
1152 519 1240 546 ἄλλων
1253 519 1390 553 ἐνσχεθεὶς
1405 519 1440 553 τῇ
1457 518 1546 550 πόλει,
1560 518 1590 544 τὸ
1608 519 1658 552 μὲν
1681 520 1813 554 φαινόμε-

1027 575 1073 593 νον
1101 565 1171 592 κατὰ
1188 564 1276 596 νόσον,
1293 564 1381 596 ἄλλως
1407 564 1435 590 δὲ
1455 564 1613 599 προμηθείᾳ
1635 565 1682 590 καὶ
1699 566 1814 592 συναεθ-

1031 611 1117 638 λιύων
1132 612 1198 646 ἡμῖν
1226 610 1384 646 παρήγορα,
1398 609 1474 644 θρὶξ.
1493 610 1507 636 ό
1533 618 1625 644 φασιν,
1659 611 1711 636 ἀνὰ
1734 611 1816 645 μέσον

1032 658 1080 685 καὶ
1108 656 1204 683 ἓὸλεπε
1223 656 1348 688 θάνατον,
1371 656 1395 682 si
1413 655 1451 690 μὴ
1467 655 1497 682 τὸ
1523 656 1572 689 τῆς
1600 656 1693 690 τριχδς
1715 657 1817 691 ταύτης

1032 703 1192 738 γραμμικὸν
1201 700 1246 728 οἷα
1256 702 1303 728 καὶ
1320 702 1361 732 si;
1374 710 1401 728 τι
1417 701 1506 728 πλατὺ
1526 701 1655 727 ἐπίπεδον
1669 702 1748 736 ἡμεῖς
1761 702 1818 728 δια-

1034 750 1195 784 στήσαντες,
1212 747 1250 780 ὼς
1281 746 1453 782 μεθώδευσεν
1466 746 1480 773 ό
1495 746 1544 781 τῆς
1570 747 1665 781 σοφίας
1679 747 1755 779 Θεὸς,
1772 748 1819 774 καὶ

1032 796 1250 832 παρατείναντες
1266 795 1374 830 καιρὸν.
1392 794 1426 821 δι’
1450 792 1479 821 οὗ
1496 795 1510 820 ὁ
1526 794 1693 830 βαρὸαρικὶις
1718 795 1821 830 ὲμαλάυ

1031 841 1084 876 χθη
1097 841 1194 876 Θυμδς,
1211 840 1425 875 συνειελέταμέν
1438 848 1465 866 τι
1478 842 1525 866 καὶ
1536 841 1615 866 αὐτοὶ
1629 840 1669 875 τῷ
1680 840 1820 875 ἀνθρώπῳ

1021 888 1072 919 isi;
1091 887 1122 914 τὸ
1139 887 1232 919 καλὸν,
1250 884 1280 923 ἧς
1298 886 1363 920 ἄρτι
1377 887 1445 922 ἔχει,
1460 886 1545 921 ζωῆς.

1068 943 1121 971 πεδ’.
1144 943 1198 970 Τοῦ
1225 943 1316 970 τοίνυν
1337 943 1444 978 τείχους
1473 944 1579 969 ἐκείνου
1609 943 1753 975 παθόντος,
1775 943 1813 975 ὡς

1033 990 1146 1022 ἔπαθεν,
1161 990 1277 1024 ἐπείπερ
1286 990 1379 1024 ἡμέρα
1389 990 1530 1023 διέφαυσε,
1545 989 1591 1016 καὶ
1603 988 1674 1016 εῐδον
1685 990 1716 1016 τὸ
1731 991 1820 1016 ἐκεῖσε

1033 1036 1190 1072 Χαρώνειον
1204 1036 1298 1071 χάσμα
1310 1036 1337 1062 οἶ
1347 1045 1376 1062 τε
1388 1035 1492 1071 ἐχθροὶ,
1507 1036 1570 1062 οἰτε
1584 1037 1733 1071 ἡμεδαποὶ.
1750 1036 1821 1062 sxa!-

1034 1089 1076 1108 νοι
1093 1081 1142 1116 μὲν
1153 1083 1321 1115 συνέχασκον
1332 1080 1474 1115 θηριωδῶς
1485 1080 1532 1107 τοῦ
1546 1080 1643 1107 λοιποῦ
1660 1080 1720 1107 καθ’
1731 1080 1819 1115 ἡμῶν·

1034 1128 1102 1162 ἡμῖν
1117 1127 1145 1154 δὲ
1165 1127 1327 1162 συμμύσασι
1345 1126 1476 1161 ξύμπασα
1507 1126 1636 1161 ἐκλείσθη
1652 1127 1740 1158 ἐλπίς.
1767 1127 1822 1153 Καὶ

1034 1171 1069 1209 ἦν
1086 1173 1136 1207 μὲν
1153 1172 1188 1199 τὰ
1204 1172 1259 1207 πρὸ
1273 1172 1370 1199 τούτου
1383 1172 1484 1207 θρασὺς
1496 1173 1510 1198 ὸ
1527 1173 1691 1208 στρατηγὸς,
1712 1173 1823 1207 κομπά-

1035 1219 1089 1251 ζων
1105 1219 1173 1254 πρὸς
1189 1219 1252 1250 τοὺς
1278 1216 1308 1245 εὖ
1337 1219 1454 1250 είῖότας,
1468 1219 1499 1245 τὸ
1512 1218 1600 1253 τεῖχος
1617 1219 1668 1245 οὐκ
1681 1217 1712 1245 εὗ
1728 1219 1822 1245 πείσε-

1038 1264 1110 1296 σθαι,
1126 1263 1176 1296 ὡς,
1193 1265 1217 1291 εἰ
1235 1264 1283 1292 καὶ
1299 1265 1508 1296 καταπεσεῖται,
1532 1265 1607 1299 ὅμως
1620 1265 1700 1296 αὐτὸς
1713 1265 1823 1298 ἐπιλέγ-

1035 1310 1084 1344 δην
1100 1310 1197 1346 κρίνας
1210 1311 1274 1342 τοὺς
1289 1310 1419 1346 ἀρίστους
1441 1311 1490 1345 τῆς
1506 1312 1650 1346 στρατιᾶς,
1665 1312 1754 1346 τεῖχος
1782 1319 1823 1337 σι-

1036 1356 1134 1391 δήριον
1150 1356 1322 1391 ἀντιστήσιι,
1337 1356 1368 1382 τὸ
1383 1356 1416 1382 ὲκ
1433 1356 1489 1382 τῶν
1513 1357 1615 1388 ὅπλων,
1633 1357 1680 1382 καὶ
1707 1356 1760 1387 ἕως
1775 1357 1824 1382 καὶ

1037 1402 1078 1433 τις
1093 1400 1300 1437 τεσσαράκοντα
1317 1401 1423 1436 ἡμέρας
1440 1400 1529 1436 φύλαξ
1541 1401 1619 1429 ἔσται
1641 1401 1692 1436 τῆς
1707 1401 1824 1432 πόλεως.

1037 1447 1106 1475 Τότε
1119 1447 1148 1474 δὲ
1164 1448 1178 1474 ό
1195 1447 1279 1484 μέχρι
1292 1447 1372 1481 λόγου
1391 1447 1495 1481 θρασὺς
1513 1448 1642 1482 ρηξήνωρ
1656 1449 1690 1482 τῇ
1708 1446 1756 1473 τοῦ
1768 1446 1825 1473 nf-

1037 1502 1103 1529 κους
1119 1493 1196 1528 ῥήξει
1209 1493 1325 1528 διεκόπη
1345 1493 1401 1520 τῶν
1415 1494 1583 1528 αὐχημάτων
1595 1501 1603 1510 ⁸
1619 1493 1665 1520 καὶ
1678 1494 1716 1528 μὴ
1735 1494 1825 1529 μένων

1000 1546 1023 1576 c
1039 1542 1054 1568 ό
1069 1541 1161 1573 αὐτὸς,
1175 1540 1294 1576 ἔμπαλιν
1308 1540 1460 1574 ἐξένευσεν.

1072 1609 1126 1638 πε¹.
1141 1611 1217 1645 Ἀμα
1237 1610 1291 1646 γὰρ
1306 1610 1371 1646 δόρυ
1386 1611 1522 1645 ἐσκέψατο
1537 1611 1686 1645 πολεμικὸν
1711 1612 1759 1638 ἐπὶ
1776 1612 1823 1639 τοῦ

1039 1657 1180 1692 ρήγματος
1190 1657 1450 1692 ἀναρῤιχησαμένου
1464 1657 1519 1684 τῶν
1535 1666 1609 1689 τινος
1621 1657 1766 1692 πλωῒμων,
1777 1657 1823 1689 οὓς

1037 1703 1181 1737 ἀνδρικοὺς
1206 1703 1240 1729 τὰ
1256 1703 1372 1730 τοιαῦτα
1391 1704 1439 1730 καὶ
1465 1703 1598 1738 δεξιοὺςὴ
1611 1704 1660 1730 τοῦ
1688 1704 1824 1738 Σιφάντου

1037 1747 1104 1779 ναῦς
1117 1748 1234 1780 ιπλώῖζε
1251 1749 1396 1784 (πειρατὴς
1409 1749 1438 1775 δὲ
1461 1749 1474 1775 ὸ
1487 1749 1631 1782 Σιφάντος,
1648 1748 1720 1775 ἑκὼν
1738 1757 1823 1784 προσ-

1037 1795 1167 1828 χωρήσας
1181 1796 1238 1826 τοῖς
1254 1794 1374 1825 Σικελοῖς
1388 1794 1460 1821 κατά
1470 1803 1530 1820 τινα
1543 1795 1650 1830 ῥήτρην
1665 1794 1715 1830 τὴν
1728 1794 1823 1820 συνδό-

1038 1839 1114 1871 ξασιν
1126 1847 1134 1854 ·
1149 1839 1177 1870 ὃς
1188 1839 1235 1866 καὶ
1248 1840 1321 1874 ἡμᾶς
1336 1839 1404 1865 ἑλὼν
1423 1839 1539 1871 ἐξένισε,
1552 1840 1649 1875 ῥητέον
1660 1839 1713 1874 γὰρ
1726 1839 1822 1873 οὕτως,

1038 1887 1084 1912 ἐπὶ
1101 1885 1168 1916 νεὼς
1195 1885 1244 1920 τῆς
1269 1886 1331 1912 κατ’
1346 1886 1439 1917 αὑτὸν,
1456 1886 1493 1916 ὡς
1520 1885 1568 1911 καὶ
1599 1885 1824 1916 ὑποκαταεάντες

1038 1933 1109 1968 λόγῳ
1137 1932 1224 1967 βραχὺ
1256 1932 1515 1968 παραστησόμεθα),
1552 1933 1612 1967 ἅμα
1642 1932 1707 1966 γοῦν
1739 1932 1824 1963 οὕτως

1038 1976 1109 2004 εἶδεν
1127 1979 1140 2004 ό
1153 1977 1255 2013 τρέσας
1278 1977 1369 2008 Δαυῖδ,
1394 1979 1438 2004 καὶ
1455 1979 1513 2012 ἅμα
1537 1978 1654 2004 κατόπιν
1667 1978 1755 2012 βαλὼν
1775 1979 1825 2009 τὰς

1039 2023 1171 2058 ἀνδρικὰς
1189 2024 1363 2058 ὑποσχέσεις,
1375 2024 1422 2051 καὶ
1435 2025 1484 2056 τὰς
1499 2025 1705 2060 τεσσαράκοντα
1719 2025 1824 2059 ἡμέρας

1038 2070 1079 2100 είς
1094 2069 1154 2096 οὐδὲ
1177 2069 1276 2096 λεπτὸν
1295 2069 1438 2101 συστείλας
1453 2069 1539 2104 ὥρας,
1558 2070 1642 2103 ἔδειξε
1668 2071 1827 2105 μετάφρενα

1039 2115 1096 2144 τοῖς
1125 2113 1244 2148 ἐχθροῖς.
1276 2114 1331 2140 Καὶ
1354 2115 1411 2140 τῶν
1431 2115 1637 2150 στρατιωτικῶν
1664 2115 1828 2148 φωνούντων

1039 2159 1251 2194 λεωφορουμένῃ
1267 2159 1316 2193 βοῇ
1345 2160 1375 2186 τό
1389 2167 1397 2174 ·
1417 2169 1426 2185 ι
1443 2160 1580 2194 Κομνηνὲ,
1598 2161 1691 2194 στάμα
1709 2161 1756 2187 καὶ
1779 2162 1828 2187 πέ-

1005 2216 1028 2243 D
1042 2205 1131 2240 ζευμα
1141 2213 1149 2221 ⁸
1164 2207 1178 2232 ὁ
1195 2205 1218 2233 δ’
1231 2205 1415 2232 ἑπιτελεύτιον
1428 2204 1485 2232 οἷον
1500 2206 1653 2241 ἁντιμὺξας
1671 2209 1702 2234 τό
1712 2216 1719 2223 ·
1738 2217 1747 2233 ι
1766 2208 1827 2234 Κα-

1043 2250 1210 2286 σαλίκιυμα,
1229 2259 1240 2276 ›
1255 2251 1302 2278 xal.
1311 2251 1343 2278 τό
1356 2259 1363 2266 ·
1382 2261 1391 2277 ι
1406 2251 1486 2280 mea
1500 2260 1533 2288 με
1562 2252 1688 2287 βλέπετε,
1708 2262 1717 2278 ι
1732 2253 1827 2280 ἐπόθει

1042 2296 1092 2331 μὲν
1108 2297 1174 2328 tam;
1194 2297 1364 2331 παρατυχεῖν
1379 2305 1432 2324 που
1447 2297 1495 2324 τοῦ
1522 2298 1673 2333 τηνικαῦτα
1698 2299 1828 2334 Πήγασόν

1039 2349 1112 2373 τινα,
1139 2340 1172 2367 δι’
1185 2337 1216 2366 οὗ
1242 2340 1409 2376 πτερύξεται
1427 2343 1468 2372 εις
1482 2342 1557 2377 ὅρος,
1581 2342 1638 2368 εἴθε
1662 2343 1678 2378 ἢ
1693 2345 1733 2374 εἰς
1750 2343 1827 2378 κῦμα

1040 2386 1254 2420 πολυφλοίσϐοιο
1264 2386 1413 2423 θαλάσσης.
1433 2388 1569 2423 Ἠρκέσθη
1585 2389 1614 2415 δὲ
1625 2389 1699 2424 ὅμως
1715 2390 1746 2424 τῇ
1761 2390 1827 2425 φίλῃ

1040 2431 1157 2466 ἡμιόνῳ,
1172 2430 1189 2466 ἢ
1204 2431 1251 2457 καὶ
1261 2431 1323 2458 τότε
1338 2432 1433 2467 φέρειν
1448 2433 1530 2460 αὑτὸν
1546 2432 1636 2468 ἔλαχε.
1656 2433 1711 2459 Καὶ
1736 2442 1828 2468 παρα-

1040 2476 1226 2510 δειγματικῶς
1254 2477 1430 2512 προφεύγων,
1458 2479 1593 2513 τρυφερὸς
1622 2478 1697 2511 ἰδεῖν,
1727 2479 1828 2513 εῦυφος

1041 2522 1091 2556 τὴν
1103 2522 1249 2556 ἀναϐολὴν.
1264 2523 1396 2558 ἄτριπτος
1410 2524 1503 2555 ὅπλοις
1518 2525 1567 2555 τὰς
1584 2526 1690 2559 χεῖρας,
1719 2534 1828 2560 γυμνα-

1042 2567 1092 2602 σίῳ
1109 2567 1232 2602 πρέπων,
1248 2569 1379 2602 ἀμίαντος
1402 2570 1510 2604 αἵματι,
1533 2567 1606 2605 εἶχεν
1621 2571 1689 2597 ὡσεὶ
1707 2572 1754 2598 καὶ
1770 2572 1829 2598 κτί-

1041 2612 1086 2643 λος
1112 2612 1300 2646 ὲφεπομένους
1325 2614 1387 2645 τοὺς
1416 2615 1539 2646 ἅπαντας
1567 2616 1642 2649 παρὰ
1670 2625 1697 2642 τι
1725 2617 1828 2651 ὀλίγον.

1040 2656 1133 2683 ’Ἡσαν
1142 2657 1196 2692 γὰρ
1212 2658 1240 2684 ὲν
1251 2658 1371 2692 τοσούτῳ
1388 2658 1485 2694 πλήθει
1497 2660 1544 2686 καὶ
1552 2661 1708 2695 μεγάθυμοι
1719 2661 1828 2696 ἄνδρες,

1041 2703 1067 2730 οἳ
1085 2703 1133 2729 καὶ
1160 2703 1369 2734 ἁντισταθέντες
1384 2704 1413 2729 ἐν
1432 2704 1471 2738 τῷ
1498 2706 1543 2731 τὸν
1572 2708 1726 2741 στρατηγὸν
1743 2707 1829 2734 ἄνετα

1041 2747 1151 2774 διώκειν
1167 2748 1265 2775 ἑαυτὸν
1283 2749 1321 2780 είς
1333 2749 1434 2784 φυγὴν,
1448 2751 1472 2776 οἱ
1489 2751 1538 2786 μὲν
1563 2751 1662 2778 ἔπεσον
1680 2753 1829 2788 μακαρίως

1043 2794 1090 2820 καὶ
1107 2793 1239 2827 εὐγενῶς,
1253 2794 1278 2820 οἱ
1292 2794 1321 2821 δὲ
1334 2796 1445 2828 γενναῖα
1462 2795 1613 2829 δράσαντες
1633 2797 1828 2830 ὲνδεδώκασιν,

1042 2840 1111 2866 ὅπου
1126 2847 1157 2874 γε
1176 2840 1222 2867 καὶ
1235 2840 1265 2866 τὸ
1277 2840 1424 2875 πολεμικὸν
1440 2843 1527 2868 ἐκεῖνο
1539 2842 1614 2877 δόρυ.
1627 2843 1683 2870 Καὶ
1700 2844 1725 2869 οἱ
1744 2853 1830 2871 συνα-
