1962 3087
158 147 193 179 93
566 149 616 179 DE
635 147 919 179 THESSALONICA
937 148 1041 180 URBE
1061 149 1085 180 Λ
1100 148 1255 181 LATINIS
1275 152 1402 184 CAP'I'A.
1661 175 1666 180 .
1747 158 1782 190 9(

157 203 288 234 ναδάντες
315 203 363 239 τὴν
377 204 464 241 ἀρχὴν
493 204 626 241 βάρσαροι
653 207 866 242 κατεσιίσθησαν
891 207 944 235 ὑπό

999 215 1047 235 eos
1058 207 1099 237 sic
1106 209 1367 246 circumveniebant,
1376 220 1431 241 non
1440 218 1520 242 erant
1531 221 1564 242 ex
1576 215 1619 244 his
1630 217 1677 251 qui
1689 223 1781 252 partes

159 257 239 275 τινων
264 249 409 284 ἡμετέρων
438 250 565 285 πολιτῶν,
593 251 692 278 οὔκουν
706 260 738 286 γε
756 254 942 286 στρατιώτῶν.

159 293 191 318 Οἱ
206 293 238 328 δὴ
256 294 364 320 πολῖται
378 294 427 321 καὶ
443 295 513 321 κατά
540 296 641 331 κράτος
669 296 808 332 ἀντέσχον,
826 297 878 329 ἕως
897 306 946 325 κυ-

160 339 312 371 κλωθέντες
340 338 411 367 εἶδον
438 341 562 368 κίνδυνον
578 348 586 356 ⁸
604 342 635 368 οὑ
659 342 809 377 πτυρέντες
835 343 943 374 δείματι

159 386 267 420 πανικῷ
283 386 322 422 τῷ
343 386 392 413 τοῦ
418 386 511 420 Δαυῒδ,
536 387 605 414 ἀλλά
623 389 794 422 μεμνημένοι
812 388 943 422 βλάπτειν

157 432 211 459 ἔσω
226 432 345 467 μάλιστα
360 433 477 467 πόλεως,
491 432 538 465 οὓς
560 433 606 460 καὶ
626 432 706 464 ἐκτὸς
722 433 862 468 ὥρμαινον
875 435 944 461 σίνε-

157 476 232 510 σθαι,
256 478 337 514 εῐπερ
352 479 475 513 ἀφίεντο.
495 479 529 505 '0
558 479 587 504 δὲ
611 479 838 514 ὲτροχαλώοησαν
866 476 942 506 οὗτοι

125 541 127 543 ι
158 522 302 558 κύκλωμα,
320 525 370 550 οὺκ
385 525 417 550 ὲκ
436 524 490 551 τῶν
503 523 607 552 ἀνωθεν
619 522 664 560 ἦν,
678 524 748 552 ἀλλὰ
763 525 817 552 τῶν
831 524 942 560 εἰσδρα-

997 256 1155 290 superiores
1163 263 1376 293 occupaverant,
1387 259 1432 288 sed
1445 268 1478 288 ex
1488 261 1614 290 barbaris
1625 264 1672 298 qui
1682 272 1781 293 accur-

996 306 1090 329 rerant
1101 310 1135 330 ex
1151 305 1238 337 portis
1256 305 1448 340 orientalibus,
1461 315 1530 342 quas
1547 317 1629 337 mane
1642 311 1697 338 dux
1714 312 1781 339 reli-

997 350 1091 380 querat
1105 347 1231 376 hostibus
1243 353 1353 385 apertas
1367 353 1446 386 quasi
1458 353 1609 388 ingressum
1627 355 1780 385 faciliorem

996 391 1122 423 daturus.
1135 400 1198 421 cum
1213 393 1341 429 fugiendo
1351 398 1583 429 commendasset,
1592 400 1640 434 qui
1656 402 1780 429 comitari

996 437 1142 471 abnuebat,
1160 443 1191 466 ut
1211 439 1239 467 in
1269 448 1360 469 arcem
1376 442 1494 476 fugeret,
1515 444 1608 473 sinens
1623 451 1715 480 portas
1730 467 1738 479 ,
1750 453 1781 474 ut

995 482 1146 511 reddantur
1163 485 1249 513 verba
1261 486 1359 521 ipsius,
1377 488 1553 522 inﬂammari,
1573 490 1644 518 sicut
1669 492 1781 520 tradunt

995 528 1042 562 qui
1056 530 1215 558 audierunt.

158 569 265 603 μόντων
279 569 425 606 βαρϐάρων
439 572 471 598 ἐκ
486 569 542 597 τῶν
556 569 633 618 ἑῴων
653 571 768 618 πυλῶνξ
784 571 818 602 ἀς
842 572 856 598 ό
871 573 1024 607 στρατηγὸς
1052 575 1229 611 ἀνεῳγμένας
1255 578 1339 605 ἔωθεν
1363 581 1420 612 τοῖς
1439 581 1546 617 ἐχθροῖς
1572 583 1719 618 ὲχαρὶσατο
1742 585 1782 617 είς

157 616 336 648 πορεέσδυσιν
363 616 484 650 ἀπονον,
509 617 622 644 έπειδάν
653 617 820 652 ἐγχειρήσας
856 618 952 652 φυγεῖν
986 619 1122 656 ἐπέτρεψε
1162 624 1202 658 τῷ
1227 626 1472 653 unumunum,“
1490 616 1714 664 νσυνανᾷφέύγειν
1742 633 1782 663 εἰς

157 662 207 695 τὴν
232 662 395 698 ἀκρόπολιν,
427 663 547 691 ἐάσαντα
561 664 610 696 τὰς
635 663 734 696 πύλας,
755 663 837 691 αὑτὸν
853 663 887 700 δὴ
903 664 949 691 τὸν
967 665 1074 694 ἐκείνου
1101 669 1184 704 φάναι
1207 671 1297 706 λόγον,
1334 673 1491 708 πυρέσσειν,
1523 675 1560 707 ὡς
1583 662 1613 703 ο(
1635 662 1783 712 ἀκηκοότες

157 710 340 739 διδάσκουσιν.

193 777 253 811 πς¹.
271 778 354 805 Οὓτω
370 777 402 813 δὴ
417 777 464 805 οὖν
478 778 526 805 τοῦ
548 778 698 814 πολεμικοῦ
714 779 825 812 δόρατος
839 779 946 813 ἀναφα-

1033 781 1079 808 86.
1091 781 1158 809 Cum
1172 782 1209 811 ita
1223 784 1332 812 hastilia
1353 793 1429 814 arma
1445 787 1504 814 visa
1516 787 1632 817 inissent
1647 790 1674 817 in
1690 799 1779 826 muro,

159 825 250 856 νέντος
264 825 312 851 ἐπὶ
335 824 383 851 τοῦ
395 825 514 859 τείχους,
527 824 578 859 ήδη
596 824 765 859 ἐψιλωμένου
781 825 834 851 τῶν
847 825 945 860 ἡμετέ-

999 824 1053 860 iam
1081 828 1181 855 nostris
1206 829 1310 857 nudato
1327 830 1465 865 (orientali
1496 840 1560 860 vero
1584 834 1667 868 dico;
1686 824 1779 865 murus

160 880 215 906 ρων
233 871 324 904 (λέγω
336 869 369 905 δὴ
387 870 435 896 τοῦ
450 869 530 905 ἑῴου·
543 870 574 896 τὸ
587 870 641 905 γάρ
658 870 788 905 δυσμικὸν
802 871 833 898 οὐ
856 871 945 897 τοιού-

999 871 1070 898 enim
1097 872 1275 902 occidentalis
1300 864 1354 902 non
1373 876 1529 911 huiusmodi
1548 864 1666 907 habebat
1687 864 1782 910 delen-

158 925 221 948 τους
230 914 285 951 εἶχε
296 916 464 951 προμάχους·
472 916 539 943 ἀλλά
548 916 601 942 τῶν
609 925 681 948 τινες
690 917 801 944 ἐκείνων
809 918 944 952 ἀντεῖχον,

157 962 194 993 ὡς
209 962 259 988 οὐκ
284 961 318 989 ἂν
339 963 381 997 εἴη
404 962 615 998 ἀνδρικώτερον·
637 960 675 989 ὧν
701 964 730 989 ὲν
753 964 809 994 τοῖς
827 964 945 998 μάλιστα

159 1007 260 1034 Λέωνό
275 1008 426 1040 Κουταλᾶς,
449 1009 496 1033 καὶ
519 1008 626 1042 φρενῶν
643 1008 690 1034 καὶ
713 1009 809 1042 ῥώμης
828 1009 876 1035 καὶ
896 1010 945 1036 ἀν-

159 1052 236 1086 δρίας
249 1053 356 1088 πλήρης
373 1053 455 1087 ἀνήρ’
469 1053 498 1084 ὃς
509 1053 561 1084 ἕως
576 1053 623 1079 καὶ
635 1053 699 1088 περὶ
711 1054 868 1089 πλήθουσαν
882 1056 947 1088 ἀγο-

162 1099 222 1132 ρὰν,
237 1098 286 1132 τῆς
297 1098 400 1129 πόλεως
414 1098 464 1132 ἤδη
486 1099 712 1132 μεμεστωμὲνης,
728 1095 766 1125 ὧν
784 1099 834 1126 οὐκ
851 1099 946 1134 ἠθέλο-

164 1152 225 1178 μεν,
240 1144 379 1176 ἀντιστὰς,
398 1142 458 1170 εἶτα
474 1144 542 1179 πρὸς
568 1144 676 1175 οὐδενὸς
691 1144 760 1180 ἔχων
775 1145 944 1180 ἐπικουρίαν,

161 1190 314 1224 καθυφῆκι,
330 1190 378 1216 καὶ
391 1190 510 1224 εὐτυχῶς
524 1191 678 1225 γυμνωθεὶς
690 1191 834 1226 ἐκέρδανεν
849 1192 946 1219 ἑαυτὸν

161 1235 291 1267 εὐκλεῶς,
316 1235 377 1262 τότε
402 1236 452 1270 μὲν
472 1235 559 1262 πολλὰ
581 1236 766 1271 κεκλαυμένος
788 1237 832 1272 ὑφ’
855 1237 945 1272 ὴμῶν,

161 1279 223 1313 ἀρτι
233 1280 259 1307 δὲ
273 1281 302 1307 ὲν
312 1282 369 1312 τοῖς
379 1281 433 1307 τῶν
444 1281 647 1315 ιπαινουμένων
658 1281 775 1317 πρώτοις
784 1284 947 1318 ταττόμενος

161 1327 238 1362 παρά
252 1335 283 1361 γε
305 1327 384 1362 ἡμῖν,
403 1327 485 1362 οἱπερ
508 1327 639 1362 οἴδαμεν)
653 1343 687 1348 -
699 1328 745 1355 τοῦ
761 1328 850 1356 τοίνυν
866 1328 945 1363 ὑψοῦ,

161 1374 199 1405 ὡς
221 1373 332 1410 ὶρῤέδη,
359 1373 488 1408 φανέντος
505 1372 625 1408 [δόρατος
647 1373 754 1400 ἐκείνου
776 1375 810 1410 τῇ
836 1374 947 1410 συνήθει

165 1420 325 1455 μετακλίσει
340 1419 388 1446 καὶ
409 1419 572 1453 κατακύᾥει,
591 1419 628 1451 ὡς
643 1420 667 1445 εἰ
686 1419 734 1446 καί
746 1427 799 1446 τινι
815 1419 948 1446 κατανεύ-

164 1475 204 1493 σει
221 1466 342 1500 κεφαλῆς
363 1465 378 1500 ἢ
395 1466 441 1492 καὶ
466 1465 555 1500 χειρὸς
571 1465 685 1499 νεύματι
708 1465 946 1500 μετακαλουμένου

996 924 1090 950 sores;
1115 919 1163 945 sed
1185 919 1297 954 quidam
1321 926 1348 949 et
1367 921 1420 949 illis
1437 924 1613 958 resistebant,
1637 931 1667 953 ut
1681 927 1780 956 fortius

997 971 1051 990 non
1063 970 1188 999 possent;
1200 965 1272 993 inter
1285 975 1354 1002 quos
1365 969 1500 1004 imprimis
1514 976 1571 998 erat
1586 971 1640 1000 Leo
1659 973 1780 1009 Cutalas,

998 1009 1039 1036 vir
1056 1009 1180 1045 spiritus,
1195 1010 1363 1041 fortitudinis
1380 1019 1407 1041 et
1419 1015 1503 1042 animi
1519 1016 1634 1050 plenus;
1648 1019 1695 1053 qui
1709 1024 1782 1053 post-

997 1062 1078 1090 quam
1094 1056 1240 1084 restitisset
1252 1065 1336 1092 usque
1349 1059 1383 1087 ad
1396 1059 1485 1088 forum
1502 1062 1580 1090 turba
1596 1064 1778 1099 plenum,jam

999 1098 1066 1126 urbe
1079 1099 1253 1127 redundante
1268 1102 1310 1129 his
1324 1110 1393 1137 quos
1408 1104 1635 1140 abhorrebatnus,
1650 1098 1749 1138 deinde
1765 1119 1781 1137 a

997 1145 1074 1171 nullo
1089 1145 1220 1173 auxilium
1237 1147 1384 1182 recipiens,
1397 1151 1479 1177 cessit
1497 1150 1624 1188 feliciquc
1638 1155 1680 1182 sui
1695 1156 1781 1189 ipsius

997 1189 1152 1218 desertione
1165 1192 1284 1226 seipsum
1296 1194 1412 1227 gloriose
1436 1195 1570 1224 lucrifccit
1581 1205 1588 1230 ;
1598 1202 1662 1225 tunc
1670 1200 1779 1234 quidem

999 1235 1114 1263 multum
1131 1245 1146 1264 a
1162 1236 1244 1265 nobis
1257 1238 1382 1272 deﬂetus,
1398 1247 1471 1268 nunc
1491 1248 1557 1268 vero
1576 1242 1646 1269 inter
1670 1251 1718 1271 eos
1733 1246 1781 1280 qui

998 1279 1079 1308 laude
1101 1281 1256 1316 dignissimi
1277 1289 1342 1311 sunt
1363 1284 1474 1313 habitus
1497 1294 1512 1312 a
1538 1287 1633 1319 nobis,
1648 1290 1695 1324 qui
1718 1279 1781 1317 eum

998 1327 1150 1362 novimus),
1175 1329 1260 1356 armis
1283 1330 1379 1365 igitur,
1401 1336 1431 1359 ut
1460 1333 1564 1360 dictum
1591 1339 1644 1366 est,
1667 1335 1734 1363 visis
1752 1336 1780 1363 in

999 1371 1137 1406 superiori
1150 1378 1229 1408 parte
1240 1374 1320 1409 iuxta
1335 1380 1475 1404 assuetam
1495 1378 1683 1406 invitationem
1699 1385 1782 1416 atque

999 1416 1209 1452 inspectionem,
1225 1421 1303 1455 quasi
1330 1422 1421 1456 capite
1442 1423 1485 1451 vel
1504 1431 1587 1451 manu
1601 1432 1633 1452 eo
1645 1425 1692 1460 qui
1709 1431 1784 1455 exte-

999 1461 1058 1490 rius
1082 1464 1258 1497 invitassem,
1277 1465 1319 1493 vix
1342 1472 1404 1501 post
1424 1467 1564 1496 dimidiam
1591 1470 1697 1504 horam,
1715 1471 1782 1499 civi-

161 1513 225 1544 τοὺς
260 1512 323 1544 ἔξω,
346 1511 433 1547 βραχύ
457 1520 483 1538 τι
503 1511 578 1548 ὥρας
599 1512 681 1547 μέσον
699 1509 744 1547 ἦν,
766 1512 811 1538 καὶ
832 1513 848 1547 ἡ
869 1511 945 1543 πόλις

999 1512 1042 1536 tas
1073 1508 1200 1537 hostibus
1228 1515 1287 1539 erat
1310 1513 1423 1547 repleta,
1449 1513 1494 1541 die
1525 1514 1652 1543 vicesima
1683 1523 1781 1551 quarta

163 1558 270 1593 πλήρης
287 1556 322 1593 ἦν
339 1557 396 1584 τῶν
416 1557 565 1593 πολεμίων,
590 1558 770 1593 περιάγοντος
789 1557 946 1592 Αὐγούστου

162 1604 296 1639 τετάρτην
305 1603 352 1630 καὶ
364 1603 488 1638 εἰκοστὴν
505 1603 624 1639 ἡμέραν,
634 1603 725 1637 ὲξότου
742 1603 837 1638 ἐνέστη
852 1603 947 1638 πρῶτα

164 1649 214 1684 μὲν
229 1649 282 1676 τῶν
299 1649 346 1676 τοῦ
357 1647 497 1683 ναυτικοῦ,
511 1646 570 1675 εἶτα
581 1649 653 1676 κατὰ
673 1648 820 1684 συνάφειαν
838 1648 885 1674 καὶ
899 1647 947 1674 τοῦ

163 1703 171 1721 ι
177 1703 287 1722 ππικου.

200 1762 253 1795 πε.
273 1763 326 1789 Καὶ
348 1760 381 1798 ἦν
399 1762 463 1789 ἰδεῖν
475 1762 524 1797 τὴν
544 1763 650 1797 ἡμέραν
664 1761 724 1788 τότε
751 1761 800 1788 οὒκ
814 1761 853 1788 ἔθ’
877 1761 947 1797 ἡμι-

166 1817 226 1842 ραν,
241 1807 307 1834 ἀλλὰ
319 1807 396 1835 νυκτὶ
413 1809 544 1841 ἐοικυῖαν,
555 1808 602 1835 καὶ
617 1805 672 1834 οἷον
687 1807 889 1842 παθαινομένην
900 1807 948 1835 καὶ

164 1853 424 1889 σκυθρωπάζυυςαν,
438 1854 481 1887 ἐφ’
496 1851 535 1885 οἷς
550 1855 633 1890 ἐώρα.
657 1854 772 1889 Ὀμῖχλη
789 1854 843 1889 γὰρ
862 1854 947 1890 αὐτὴν

165 1901 261 1936 βαθεῖα
274 1901 408 1935 ξπὰχυνεν
423 1900 489 1926 ὡσεὶ
507 1901 554 1927 καὶ
569 1902 601 1926 ἐκ
617 1900 768 1935 κονιορτοῦ,
783 1899 812 1926 δν
825 1900 842 1935 ἢ
857 1899 947 1934 τυφὼς

163 1947 235 1980 αἴρει
248 1947 264 1981 ἢ
280 1947 357 1978 πόδες
369 1946 456 1979 ζώων,
468 1946 538 1980 ἅπερ
548 1945 664 1980 ἀριθμὸς
676 1947 770 1980 μετρεῖ
778 1946 947 1981 ἁπειροίτλη⁹

164 1992 222 2026 οής·
239 1991 276 2022 ὡς
296 1989 366 2017 εἶναι
381 1991 480 2021 εἰπεῖν.
505 1991 594 2016 ὀκνεῖν
612 1989 731 2024 λάμπειν
744 1990 789 2017 τὸν
807 1990 892 2025 ἥλιον,
907 1987 947 2022 οἷς

163 2037 191 2062 αἱ
206 2035 261 2062 τῶν
273 2035 362 2062 ὅπλων
375 2034 566 2070 ὑπερηύγαζον
584 2034 665 2060 αὑτὸν
679 2034 881 2070 λαμπρότητες·
897 2043 949 2061 πα·-

165 2081 285 2117 ρῳδῆσαι
297 2081 326 2107 δὲ
342 2080 389 2107 καὶ
411 2081 442 2107 ὲκ
461 2080 578 2113 παλαιᾶς
599 2079 710 2115 Μούσης
734 2088 744 2106 ί
763 2079 948 2106 ὀκτωκαίδεκα

165 2126 214 2159 μὲν
238 2125 319 2151 πλέεν
344 2124 437 2159 ἧματα
466 2123 667 2160 ποντοπορεῦον
689 2133 699 2150 ι
726 2123 756 2150 τδ
775 2124 823 2158 τῆς
843 2123 948 2156 πόλεως

165 2172 279 2206 σκάφος,
299 2182 308 2198 t
320 2172 548 2207 ἐννεακαιδεκάτῃ
560 2172 583 2198 δ’
593 2172 679 2207 ὲφάνη
692 2171 774 2206 οὔρεα
783 2171 918 2203 σκιόεντα,
933 2180 943 2197 ι

163 2219 197 2245 δι’
212 2215 248 2245 ὧν
263 2220 275 2244 ό
291 2218 340 2253 τῆς
357 2218 430 2253 ζωῆς
445 2219 511 2253 ἡμῖν
526 2218 601 2253 ἥλιος
614 2217 864 2252 ἀπστειχιζόμενος,
881 2217 947 2251 ἐμέ-

163 2263 237 2290 λαινε
261 2265 339 2290 σκιὰν
356 2263 579 2297 ἐπικαλὺψουσαν
602 2264 676 2298 ἡμᾶς
693 2263 851 2298 ψαλμικῶς.
872 2262 904 2290 Οἱ
917 2258 946 2289 δὲ

164 2309 227 2344 χθὲς
249 2309 296 2335 καὶ
320 2309 415 2344 πρώην
439 2308 604 2344 ἀλαλαγμοὶ,
626 2308 675 2336 καὶ
696 2308 724 2335 αἱ
742 2307 813 2335 κατά
828 2307 946 2342 πόλεμον

165 2355 234 2389 βοαὶ,
254 2354 299 2380 καὶ
315 2355 328 2380 ὀ
348 2354 471 2381 ἐντεῦθεν
495 2354 574 2391 θροῦς
588 2355 676 2381 οὐκέτ’
690 2351 769 2388 ἦσαν·
792 2354 850 2380 ἀλλ’
869 2355 945 2381 ἀντι-

165 2399 320 2435 στρέψαντι
338 2399 368 2426 τὺ
386 2399 534 2434 ψαλμικὸν,
548 2400 598 2426 οὐκ
614 2397 648 2435 ἦν
665 2399 826 2435 ἀλαλαγμὸς
845 2400 875 2426 ὲν
890 2401 946 2433 τοῖς

164 2445 244 2479 ἡμῶν
263 2444 404 2480 πλήθεσιν.
420 2442 496 2475 Εἶδες
510 2444 533 2470 δ’
548 2445 581 2470 ἃν
604 2446 650 2471 καὶ
669 2445 769 2480 ὀρνέων
788 2445 945 2480 πετομένων

164 2490 242 2517 κενὸν
256 2491 303 2517 τὸν
318 2491 397 2524 ἀέρα,
410 2491 462 2517 οὐκ
477 2488 526 2517 οἷδ’
543 2491 598 2516 εἴτε
611 2489 655 2516 διὰ
671 2490 700 2516 τὸ
720 2490 767 2516 τοῦ
782 2490 862 2524 ἀέρος
880 2499 945 2516 στυ-

163 2536 238 2569 γνὸν,
251 2536 306 2562 εἴτε
319 2536 366 2562 καὶ
378 2536 418 2562 ὃτι
432 2535 546 2570 φρικτὸν
559 2532 593 2569 ἦν
605 2534 653 2560 καὶ
666 2534 779 2565 ἐκείνοις
790 2534 821 2560 τὸ
831 2535 947 2569 πρᾶγμα

169 2582 286 2617 Ἡμέραι
304 2582 370 2616 γοῦν
390 2582 492 2613 ἱκαναὶ,
515 2581 562 2607 καὶ
583 2580 702 2615 οὐδαμοῦ
726 2580 788 2606 οὔτε
811 2580 946 2614 στρουθοὶ,

162 2627 224 2653 οὕτε
239 2627 355 2660 πέλειαι,
369 2627 429 2653 οὔτε
447 2627 575 2661 κόρακες,
591 2625 616 2651 οἳ
628 2627 660 2661 τῇ
685 2625 747 2652 καθ’
760 2625 833 2660 ἡμᾶς
851 2624 946 2660 πρώην

162 2673 362 2708 ἐπεχωρίαζον,
379 2673 440 2699 οὒτε
460 2673 538 2704 ἄλλος
557 2680 598 2703 τις
614 2671 686 2706 ὅρνις
702 2671 747 2697 τὸν
768 2671 835 2706 ἀέρα
856 2671 945 2705 διενή-

162 2728 250 2755 χοντο,
262 2719 319 2745 ἀλλ’
330 2718 544 2753 ὲκτετοπισμένα
555 2719 681 2752 ἐνέμοντο
693 2718 738 2744 καὶ
750 2718 814 2752 ἡμῖν
825 2717 941 2750 ἄφαντα.

168 2765 249 2792 Ἀ).λά
263 2765 342 2791 τοῦτο
354 2765 403 2800 μὲν
415 2765 463 2791 καὶ
480 2764 548 2797 μετὰ
561 2764 610 2798 τὴν
622 2763 723 2790 ἅλωσιν
732 2763 773 2797 ἐφ’
786 2763 885 2796 ἱκανὸν,
900 2760 944 2788 οἷα

162 2810 210 2838 τοῦ
227 2811 302 2842 δέους
325 2812 372 2837 καὶ
392 2812 447 2842 τοῖς
465 2810 573 2843 ἀλόγοις
589 2810 804 2844 παραμένοντος.
827 2808 944 2844 Ἡμέραι

162 2859 215 2894 γὰρ
230 2859 340 2894 ὕστερον
357 2858 462 2893 συχναὶ,
480 2859 527 2884 καὶ
542 2858 569 2884 αἰ
584 2855 634 2891 μὲν
648 2855 763 2890 ἅμφοδοι
778 2855 827 2890 τῆς
841 2855 943 2887 πόλεως

997 1554 1126 1590 Augusti,
1142 1563 1175 1583 ex
1199 1563 1256 1591 quo
1281 1558 1398 1592 primum
1415 1559 1514 1588 classis
1529 1562 1667 1596 apparuit,
1683 1563 1782 1592 deinde

999 1601 1139 1635 equitatus
1153 1602 1199 1637 qui
1220 1602 1261 1630 illi
1279 1610 1309 1631 se
1326 1603 1501 1639 adiunxerat.

1032 1755 1078 1784 87.
1087 1756 1187 1784 Videre
1201 1761 1260 1785 erat
1274 1757 1346 1785 diem
1361 1758 1408 1794 qui
1424 1760 1547 1789 nondum
1566 1767 1625 1790 erat
1639 1763 1699 1793 dies
1710 1786 1718 1799 ,
1733 1767 1782 1795 sed

998 1802 1071 1830 nocti
1096 1803 1215 1836 similis,
1242 1804 1322 1839 quasi
1347 1804 1520 1840 indignanter
1545 1808 1648 1838 doleret
1682 1819 1715 1839 ex
1740 1813 1783 1841 his

998 1857 1060 1884 quae
1073 1850 1195 1877 videbat.
1207 1849 1301 1877 Turbo
1320 1851 1395 1878 enim
1410 1859 1521 1881 crassus
1552 1861 1614 1881 eum
1630 1857 1782 1885 condensa-

999 1895 1046 1923 bnt
1070 1896 1149 1931 quasi
1175 1904 1207 1923 ex
1234 1896 1346 1930 pulvere
1373 1905 1457 1931 quem
1481 1899 1524 1925 vel
1554 1901 1656 1934 typhon
1682 1904 1783 1930 excitat

998 1941 1040 1968 vel
1073 1942 1155 1976 pedes
1180 1942 1386 1976 iumentorum,
1412 1951 1474 1977 qua.-
1509 1944 1652 1972 innumera
1683 1954 1780 1982 erant;

999 1986 1036 2013 ita
1057 1993 1086 2013 ut
1113 1986 1254 2013 arbitreris
1277 1987 1361 2014 solem
1395 1987 1486 2016 lucere
1505 1989 1629 2018 dubitare
1655 1999 1688 2019 eo
1707 1996 1780 2028 quod

999 2031 1158 2066 splendores
1188 2039 1326 2058 armorum
1356 2032 1432 2059 illum
1464 2034 1618 2063 vincerent.
1645 2036 1780 2072 Exemplo

998 2077 1084 2105 Musa
1113 2077 1211 2106 veteris
1238 2077 1382 2106 dicendum
1404 2084 1478 2107 esset
1502 2089 1512 2106 ι
1542 2081 1636 2109 decem
1661 2087 1689 2111 et
1719 2091 1782 2112 octo

997 2121 1108 2158 quidem
1138 2122 1198 2151 dies
1230 2122 1352 2150 civitatis
1378 2124 1456 2152 navis
1489 2132 1565 2153 mare
1594 2128 1783 2162 trajecit;de-

998 2169 1070 2196 cimo
1099 2175 1172 2196 nono
1204 2175 1270 2196 vero
1295 2174 1401 2197 montes
1420 2170 1541 2204 umbrosi
1569 2179 1779 2208 apparuerunt»

961 2204 1099 2250 unibus
1128 2214 1169 2242 sol
1193 2214 1256 2242 vit'e
1294 2218 1394 2242 nostra
1421 2204 1645 2246 circumvallatos
1681 2221 1783 2249 obscu-

1000 2261 1071 2288 ravit
1102 2259 1227 2287 umbram
1265 2267 1326 2295 quae
1359 2261 1463 2288 obtexit
1496 2269 1557 2296 nos,
1579 2268 1608 2290 ut
1635 2266 1674 2292 ait
1705 2266 1783 2295 Psal-

1000 2306 1091 2333 mista.
1107 2304 1167 2332 Jam
1185 2313 1239 2333 non
1258 2305 1440 2334 audiebantur
1455 2308 1589 2336 clamores
1599 2310 1701 2345 gaudii,
1720 2313 1781 2341 belli

999 2350 1224 2382 vociferationes.
1249 2350 1348 2379 deinde
1365 2352 1551 2380 multitudinis
1567 2356 1697 2389 strepitus
1719 2365 1781 2392 qua

1000 2400 1059 2428 heri
1071 2404 1098 2427 st
1114 2397 1312 2424 nudiustertius
1329 2402 1525 2432 resonuennt;
1536 2399 1584 2426 sed
1602 2400 1630 2427 in
1647 2401 1700 2429 alia
1714 2410 1782 2430 can-

998 2443 1053 2470 tica
1077 2445 1181 2469 mutata
1201 2447 1255 2467 non
1278 2442 1357 2466 erant
1372 2439 1464 2474 gaudii
1480 2440 1615 2469 clamores
1630 2443 1657 2469 in
1675 2446 1778 2478 popqu

996 2493 1102 2516 nostro.
1115 2486 1175 2514 Non
1192 2485 1304 2514 videbas
1321 2485 1404 2513 etiam
1434 2493 1499 2514 aves
1518 2487 1545 2514 in
1563 2495 1625 2515 aere
1639 2490 1778 2523 volantes,

994 2533 1100 2563 nescio.
1115 2537 1207 2560 utrum
1221 2531 1257 2559 ob
1272 2530 1460 2558 diiiicultatem
1475 2531 1558 2565 aeris,
1576 2540 1611 2560 an
1630 2541 1674 2561 res
1687 2535 1779 2563 horri-

993 2579 1057 2607 bilis
1067 2579 1151 2606 etiam
1165 2577 1221 2604 illis
1234 2575 1334 2609 fuerit;
1347 2576 1416 2603 satis
1428 2576 1507 2604 multi
1523 2576 1633 2605 ruerunt
1647 2579 1706 2607 dies
1716 2581 1764 2616 qui
1773 2595 1780 2602 -

995 2625 1048 2652 bus
1073 2630 1125 2651 nec
1151 2629 1290 2657 passeres,
1315 2628 1366 2649 nec
1382 2622 1529 2654 columbae,
1549 2630 1602 2651 nec
1617 2625 1692 2652 corvi
1717 2626 1775 2659 iatn

997 2671 1069 2706 apud
1086 2678 1136 2698 nos
1148 2669 1320 2700 habitabant,
1334 2675 1387 2695 nec
1414 2669 1467 2696 alia
1491 2670 1550 2697 avis
1565 2677 1628 2698 aera
1656 2679 1776 2705 pertinea-

998 2717 1053 2748 hat.
1070 2716 1118 2744 sed
1133 2716 1200 2743 alias
1217 2715 1395 2743 versabantur
1411 2715 1544 2750 nobisque
1565 2715 1725 2744 invisibiles.
1743 2718 1777 2743 At

995 2761 1258 2792 terriculamcntum,
1282 2760 1355 2795 quod
1384 2761 1495 2788 solitum
1533 2766 1574 2789 est
1600 2761 1776 2794 animalibus,

997 2808 1064 2835 satis
1102 2807 1150 2835 diu
1189 2811 1251 2842 post
1280 2806 1508 2841 expugnationem
1537 2807 1607 2840 apud
1635 2813 1686 2834 nos
1712 2814 1775 2841 pero

997 2854 1107 2882 mansit.
1143 2853 1219 2881 Multi
1243 2854 1314 2881 enim
1352 2852 1451 2881 deinde
1485 2853 1594 2879 fuerunt
1627 2853 1686 2881 dies
1714 2853 1777 2888 qui-
