1962 3087
186 137 222 169 95
327 154 334 157 η
560 141 767 183 ΕΠΞΤΑΤΠΠ
783 142 954 172 THESSAL

1010 143 1160 176 ICENSIS
1178 147 1457 180 METROPOLlT/E
1780 157 1814 187 96

189 195 241 222 bus
256 194 314 221 loca
331 194 420 222 vicina
438 196 560 224 civitatis
578 197 667 224 omnis
690 199 799 231 generis
819 199 954 226 seminibn

1026 201 1093 236 ἔπλη
1103 203 1150 229 θον
1163 205 1303 239 σπορίμων
1318 208 1510 242 παντοδαπῶν,
1520 205 1559 240 οἷς
1571 210 1711 245 χαίρουσιν
1724 212 1750 248 οί
1759 213 1814 240 τῶν

187 239 299 274 impleta
315 245 404 273 erant,
419 242 520 276 quibus
541 243 710 270 delectantur
731 244 854 276 quaedam
867 253 898 271 ex
915 245 972 271 avi-

189 286 241 312 bus
269 286 416 320 (barbarus
442 288 547 314 scilicet
572 295 627 314 non
651 288 710 314 sine
725 290 819 323 rapina
834 294 860 316 et
882 295 975 317 vasta-

184 331 263 358 tione
275 331 372 365 vivit);
387 323 436 358 nec
460 340 579 366 unquam
595 333 737 360 descendit
751 334 879 361 volucris.
896 334 974 367 Quod

189 384 254 403 vero
271 385 331 404 esse
347 378 498 404 mirabilius
512 383 588 412 puto,
601 379 627 405 id
640 384 693 412 est,
705 381 777 414 quod
789 382 879 415 pluvia
891 382 974 408 velte-

190 426 295 447 meuter
325 422 411 455 lapsa,
436 429 467 448 ex
494 422 548 449 illis
576 423 780 458 dissipaterunt
803 425 905 458 hostes,
924 426 974 452 tol-

185 465 272 492 lentes
287 467 409 500 quidem,
428 467 492 494 huic
505 475 569 494 vero
581 469 696 502 pulchro
709 471 849 497 territorio
865 470 970 497 semina

186 519 240 537 non
263 511 485 545 committentes;
502 521 535 540 ex
560 514 705 541 frumentis
725 515 788 542 item
804 516 970 542 abundantia

186 560 213 581 et
230 555 418 589 magnitudine
443 556 613 591 insignibus,
630 559 736 585 nullum
750 559 851 586 animal
867 561 969 595 aliquid

183 601 314 634 gustavit,
334 601 382 628 sed
406 602 561 636 eligendum
584 603 623 630 illi
643 609 702 631 erat
719 605 831 638 pulvere
850 610 898 632 aut
915 607 968 632 ali-

182 653 238 678 quo
265 648 388 680 germine
407 647 491 680 vesci,
513 649 555 675 vel
572 650 654 676 variis
671 649 771 684 plantis
789 650 888 684 quibus
902 651 970 678 vici-

182 690 294 716 nitatem
319 692 587 725 coutautinaverunt,
615 701 662 720 seu
691 694 778 728 quod,
812 695 893 729 juxta
920 703 968 723 eos

180 736 226 769 qtti
244 735 411 769 habitabant,
426 742 455 764 ut
466 737 535 764 fama
549 743 601 770 est.
617 746 679 766 cum
695 741 808 774 antiquo
828 740 966 774 Diomede,

180 779 317 807 Barbaros
331 785 357 807 et
368 781 550 815 ipsioderant,
564 787 656 816 utpote
675 784 728 811 illis
743 792 796 811 non
809 785 966 814 assuefacti.

214 826 260 853 88.
287 826 348 854 Haec
370 833 462 854 autem
492 833 520 856 et
549 829 603 855 alia
633 829 791 864 httjusmodi
822 839 876 858 tton
902 835 967 858 sunt

180 872 326 905 rrjicicnda
349 878 375 900 ut
399 874 537 907 superiltta
552 881 584 901 ex
604 874 732 902 historia.
749 875 851 904 Civitas
872 877 965 912 igitur,

122 911 126 914 ”
179 917 337 943 conculcata
353 917 393 944 sic
405 918 439 944 ab
454 919 631 951 adversariis,
647 926 726 954 passa
743 925 785 947 est
799 911 965 956 omnequod

178 961 292 988 inhaeret
309 963 390 989 bello.
414 962 504 991 Nostri
527 968 630 997 autem,
648 973 703 992 non
726 973 805 998 unus,
822 971 868 994 aut
883 968 963 1000 alter,

178 1008 225 1033 sed
250 1015 354 1041 omnes,
373 1016 427 1036 non
449 1010 682 1045 retrospicieutes,
700 1011 838 1047 fugerunt,
854 1020 884 1040 se
897 1014 965 1041 sub-

177 1054 302 1080 dueentlo
329 1054 404 1080 brevi
428 1062 554 1087 numero,
582 1061 611 1083 ut
634 1056 768 1090 diximus,
797 1058 870 1085 inter
893 1066 963 1093 quos

177 1098 281 1130 Boleas,
292 1106 362 1126 unus
377 1107 410 1126 ex
421 1099 516 1126 ordine
527 1101 728 1134 ecclesiastico,
742 1103 800 1137 qui,
815 1110 899 1138 prope
912 1105 963 1131 tri-

175 1143 247 1177 ginta
263 1143 353 1170 securi
363 1144 477 1177 necatis,
495 1145 556 1172 aliis
570 1152 636 1173 vero
651 1145 704 1173 alio
715 1147 797 1174 modo
811 1148 866 1174 vita
881 1148 963 1175 orba-

176 1190 221 1221 tis,
238 1197 336 1224 magno
350 1189 471 1217 hostium
489 1196 587 1218 conatu
615 1196 730 1220 matrem
754 1200 831 1220 suam
859 1198 961 1220 tet-ram

174 1234 314 1262 osculatus
334 1241 385 1262 est.
412 1235 467 1262 Hoc
492 1241 535 1263 est
552 1237 635 1264 etiam
661 1238 827 1272 turpitudini
852 1237 960 1272 Davidi,

174 1279 231 1313 qui,
249 1284 393 1314 postquam
407 1281 530 1314 jurasset
551 1281 610 1309 fore
633 1290 773 1317 nunquam
790 1288 819 1310 ut
837 1282 955 1317 fugeret,

173 1327 220 1353 sed
248 1326 338 1360 potius
363 1326 464 1360 periret
480 1327 571 1361 gladio
597 1335 658 1360 suo,
676 1328 774 1356 deinde
798 1329 880 1356 saluti
896 1329 958 1365 fuga

173 1372 321 1405 consuluit,
337 1372 472 1406 sanguine
488 1372 729 1401 incontaminatus.

205 1418 250 1445 89.
267 1417 341 1452 Fuga
354 1425 418 1445 vero
440 1424 532 1446 nostra
546 1419 626 1446 modo
643 1425 791 1448 memorata
814 1429 869 1448 non
884 1422 958 1448 inor-

171 1463 263 1490 dinata
281 1463 348 1496 fuit;
376 1465 423 1491 sed
449 1465 503 1491 fuit
527 1473 559 1492 ex
585 1470 720 1500 potestate
745 1468 853 1502 politica
875 1469 955 1503 primi

171 1509 260 1542 ducis,
277 1509 347 1537 ticut
369 1510 425 1544 jam
450 1507 596 1543 diximusf
614 1511 672 1545 qui,
700 1511 724 1539 si
751 1511 847 1539 facient
877 1520 954 1540 suant

1022 247 1141 281 ’ὀρνίθων
1164 252 1356 286 σπερμοφάγοι
1381 254 1422 288 (τὸ
1449 254 1583 290 βάρϐαρον
1604 257 1658 291 γὰρ
1673 258 1722 284 οὐκ
1742 259 1812 286 ἀνίει

1029 293 1151 327 ἁρπάζην
1161 296 1206 322 καὶ
1215 299 1401 333 κατακενοῦν)·
1411 300 1484 334 ὅρνις
1493 300 1520 327 δέ
1529 302 1610 327 ποθεν
1619 303 1648 328 οὐ
1658 305 1810 333 κατέϐαινε.

1028 339 1128 366 Τούτου
1155 341 1195 373 δὲ,
1220 340 1307 377 οἶμαι,
1334 345 1488 379 καινότερον
1505 348 1593 374 ἐκεῖνο
1620 347 1664 384 ἦν.
1682 351 1723 376 ὅτι
1747 360 1811 384 περ,

1026 385 1104 411 ὑετοῦ
1120 389 1349 422 καταρραγέντος,
1365 392 1412 417 καὶ
1429 391 1458 423 ἐξ
1481 389 1517 419 ὧν
1534 393 1559 419 οι
1578 395 1670 429 ἐχθροὶ
1683 397 1811 432 ἐσκόρπι-

1025 429 1081 462 ζον,
1104 431 1234 466 ἀροῦντες
1261 434 1321 467 μὲν,
1340 435 1436 462 οὔκουν
1460 438 1616 472 σπείροντες
1637 441 1712 467 δὲτὸ
1725 441 1809 469 καλὸν

1024 475 1084 501 ὅλον
1107 477 1184 509 ἂστυ,
1210 478 1293 513 ληῖων
1313 479 1406 516 ὥσπερ
1431 482 1606 516 ἀναψυέντων
1626 487 1740 520 συχνῶν,
1763 488 1809 514 καὶ

1023 522 1062 567 εἰς
1080 525 1166 557 μῆκος
1180 525 1394 558 ἐπιδεδωκότων.
1407 529 1483 556 οὐδὲν
1499 529 1570 562 ζῶον
1583 533 1726 567 ποηφάγον
1738 534 1809 561 ἐκεῖ·

1023 566 1067 593 θεν
1085 568 1212 603 ὲκέρόανέ
1226 579 1262 602 τι,
1279 573 1338 598 ἀλλ’
1352 571 1424 608 εἶχεν
1447 576 1563 610 αἳρεσιν,
1579 566 1808 613 κόνεωςνὲρέπτε-

1022 612 1096 646 σθαι,
1108 614 1180 650 ἥπερ
1195 616 1225 641 ἐκ
1238 617 1292 642 τῶν
1303 618 1528 655 βεδλαστηκότων
1539 624 1645 656 φαγεῖν·
1657 624 1695 655 ὡς
1756 634 1806 652 πε-

1021 661 1238 694 φαρμαγμὲνων,
1254 660 1294 694 οἷς
1315 664 1345 690 τὸ
1360 667 1488 700 περιέχον
1508 669 1650 702 μεμῖαντο,
1675 669 1691 705 ἢ
1706 671 1752 697 καὶ
1765 671 1805 698 ὅτι

1020 705 1089 730 κατὰ
1102 706 1163 738 τοὺς
1180 706 1380 741 ᾠκειωμένους.
1395 711 1433 743 ὡς
1447 711 1536 746 λόγος,
1554 713 1592 748 τῷ
1607 714 1690 742 πάλαι
1705 717 1806 751 Διομή‹

1019 749 1057 775 δει
1074 752 1234 785 συνεμίσουν
1254 753 1284 779 τὸ
1299 753 1440 790 βάρϐαρον
1459 759 1507 785 καὶ
1521 758 1610 793 αὐτοὶ,
1626 757 1670 786 οἷα
1691 761 1729 796 μὴ
1744 749 1806 789 clla;-

1018 794 1062 827 δες
1073 796 1196 824 ἐκείνων.

1055 839 1111 874 πη’.
1131 842 1184 868 Καὶ
1200 843 1322 870 τοιοῦτον
1345 845 1397 879 μὲν
1413 847 1563 881 καὶτοῦτο,
1579 851 1754 884 ωραρῤιφὲν
1773 852 1803 877 οὑ

1018 886 1152 920 περιττῶς
1167 888 1206 918 είς
1223 891 1398 925 συγγραφήν.
1421 891 1452 917 Ἡ
1467 892 1495 918 δὲ
1518 893 1603 924 πόλις,
1619 895 1802 930 εῑσπηδηςάνσ

1016 939 1070 956 των
1091 931 1143 958 τῶν
1161 933 1329 968 ἁντιμάχων,
1342 936 1470 972 ἔπασχεν,
1484 939 1533 965 ὅσα
1547 939 1620 973 φιλεῖ
1632 941 1697 976 δρᾷν
1707 942 1802 977 ἄγριος

1015 976 1142 1012 πόλεμος,
1160 979 1214 1006 Καὶ
1236 981 1261 1006 oi
1280 981 1329 1016 μὲν
1360 983 1498 1019 ἡμέτεροι,
1515 986 1564 1021 οὐχ
1583 987 1597 1012 ό
1614 986 1672 1020 μὲν,
1691 989 1705 1014 ὁ
1719 988 1742 1014 δ’
1758 987 1800 1023 οὓ,

1014 1023 1081 1049 ἀλλὰ
1091 1024 1190 1057 πάντες
1203 1025 1318 1061 ἔφευγον
1329 1029 1484 1065 ἁμεταστρε
1490 1032 1533 1057 ml.
1553 1033 1613 1058 καθ’
1625 1033 1800 1069 ὑπεξαίρεσιν

1013 1069 1205 1104 εὐαριθμήτων
1220 1080 1314 1106 τινων,
1327 1074 1395 1109 ὅπερ
1408 1075 1523 1110 ἐφαμενο
1538 1078 1568 1103 ἐν
1583 1075 1624 1109 οἷς
1639 1079 1686 1105 καί
1698 1089 1737 1111 τις
1753 1080 1799 1107 Βο-

1012 1113 1074 1144 λέας
1089 1114 1143 1141 τῶν
1158 1116 1208 1150 τῆς
1222 1118 1450 1155 ἑκκλησιαστικῆς
1468 1121 1614 1155 ξυνοικίας,
1629 1124 1658 1155 ὃς
1673 1125 1756 1158 ἐγγὺς
1769 1127 1798 1158 ἐς

1011 1161 1158 1194 τριάκοντα
1170 1163 1232 1194 τοὺς
1245 1164 1294 1198 μὲν
1305 1165 1382 1201 ἀξίνῃ
1395 1166 1515 1201 διχάδας,
1530 1169 1592 1200 τοὺς
1606 1170 1634 1196 δὲ
1648 1171 1694 1196 καὶ
1709 1171 1796 1203 ἄλλως

1011 1207 1050 1237 είς
1062 1207 1092 1232 τὸ
1107 1207 1157 1243 ζῇν
1172 1209 1325 1243 ἀχρειώσας
1342 1212 1427 1247 πολλῇ
1447 1214 1550 1249 σπουδῇ
1566 1215 1621 1241 τῶν
1645 1217 1794 1251 πολεμίων⁹

1011 1251 1059 1286 τὴν
1075 1254 1180 1288 μητέρα
1197 1255 1250 1289 γῆν
1269 1257 1423 1291 ἠσπάσατο.
1445 1259 1569 1294 Δίσχύνη
1592 1261 1639 1287 καὶ
1660 1262 1725 1288 αὐτὸ
1746 1263 1793 1289 τοῦ

1010 1297 1101 1328 Δαυῖδ,
1123 1298 1152 1330 ὃς
1173 1300 1211 1334 μὴ
1228 1300 1264 1327 ἄν
1281 1309 1346 1327 ποτε
1364 1304 1459 1336 φυγεῖν
1472 1304 1609 1339 ἀπομνὺς,
1623 1305 1680 1331 ἀλλ’
1694 1307 1741 1333 ἐπὶ
1757 1307 1795 1341 τῷ

1008 1343 1091 1369 αὑτοῦ
1105 1343 1175 1378 ξίφει
1189 1347 1294 1379 πεσεῖν,
1313 1344 1372 1374 εἷτα
1392 1349 1583 1383 πφύτρὰπετο
1600 1351 1730 1388 σωθῆναι,
1748 1353 1794 1379 λύ-

1009 1387 1066 1422 θρῳ
1077 1388 1221 1423 ἄχραντος.

1042 1433 1096 1460 πῖθ’.
1106 1435 1158 1460 Καὶ
1168 1433 1224 1471 ἧνὴ
1233 1438 1465 1474 καθιπορουμένη
1475 1441 1547 1476 φυγὴ
1555 1441 1604 1468 οὐκ
1616 1443 1792 1477 ἀσύντακτος,

1007 1478 1064 1505 ἀλλ’
1079 1480 1198 1513 ἐνδόντος
1217 1483 1314 1517 ἀρχὰς,
1335 1484 1371 1514 ὡς
1405 1487 1619 1520 προεκτέθειται,
1643 1489 1690 1515 τοῦ
1713 1499 1793 1525 κορυ-

1010 1525 1090 1558 φαίου
1104 1527 1266 1561 στρατηγοῦ·
1278 1528 1318 1561 ὃς,
1330 1530 1408 1565 ειπερ
1424 1531 1507 1564 ἑδειξε
1523 1533 1669 1567 πρόσωπον
1680 1535 1735 1566 τοῖς
1747 1536 1789 1570 ὲχ-

171 1555 296 1582 hostibus
306 1555 483 1588 ostendisset,
497 1562 578 1590 prout
591 1556 666 1583 illum
681 1557 864 1585 hortabantur
876 1559 954 1586 nobi-

171 1601 265 1615 Ιὶρρῗιιιι
290 1609 351 1615 ﬁ...“
376 1602 420 1615 ιιιη
447 1601 582 1615 Ιηηζηηιι.-
619 1603 671 1615 λιι..
703 1604 809 1615 .»Ι-η....ε
837 1604 952 1615 ,ξυιιλιεμ

1009 1555 1092 1603 θροῖς,
1171 1555 1357 1600 ἐνεκελεύοντο
1380 1555 1403 1601 o‘l
1425 1555 1705 1612 tévjauprtpsurdvswv
1723 1555 1791 1615 ‘75:-

170 1601 265 1628 lissiuti
289 1609 351 1628 cntn
375 1602 420 1628 illo
446 1601 594 1636 fugientes,
617 1603 673 1630 cito
702 1604 810 1638 plagam
834 1604 954 1632 civitatis

170 1650 304 1673 curasset.
315 1646 411 1674 Milites
424 1647 525 1682 quippe
535 1647 642 1676 hostilis
658 1649 776 1684 agminis
785 1654 862 1677 erant
877 1649 951 1684 fessi,

169 1692 304 1726 fugientes
320 1692 561 1727 apprehendendo,
585 1694 760 1730 praedamque
782 1695 904 1723 ferendo.
922 1697 951 1724 In

168 1738 212 1764 itis
229 1745 296 1772 opus
310 1742 369 1765 erat
384 1738 495 1765 ltontinc
514 1739 631 1773 quodam
648 1741 723 1768 salvo
736 1746 763 1768 et
779 1741 883 1776 integro
905 1743 950 1777 qui

167 1783 285 1818 desuper
308 1784 549 1819 animadvertisset
573 1793 605 1812 ac
626 1786 817 1822 significasset,
835 1788 950 1814 telorum

167 1828 365 1856 vehementiam
383 1829 438 1857 Deo
464 1831 636 1860 retundente.
653 1831 740 1860 Homo
756 1833 829 1860 enim
846 1834 888 1861 Itis
906 1841 951 1861 ca-

166 1873 334 1901 lamitatibus
363 1875 516 1908 iutricatus,
533 1883 565 1903 ac
588 1877 621 1904 de
643 1878 788 1912 semetipso
815 1879 950 1914 praecipue

166 1920 299 1954 cogitans,
316 1920 407 1947 omnia
433 1927 563 1949 accurate
578 1923 754 1951 conscribere
767 1931 821 1951 non
836 1925 947 1959 poterit,

165 1970 264 2000 pra-ter
286 1973 345 2000 qua:
373 1971 438 1994 sunt
456 1968 573 1995 maxime
595 1972 750 2003 opportuna
773 1977 806 1997 ex
824 1970 866 1998 liis
889 1979 948 2006 qure

164 2011 269 2043 didicit,
287 2011 441 2046 quibusque
454 2013 547 2040 multis
562 2014 649 2040 modis
665 2013 803 2042 immistus
817 2020 870 2043 est.

198 2056 243 2083 90.
255 2056 309 2083 Nos
329 2056 410 2091 igitur
424 2064 484 2083 cum
506 2057 539 2084 de
553 2058 615 2084 a'rce
635 2058 886 2093 desperavissemus
911 2061 946 2089 ob

163 2102 297 2129 defectum
307 2109 383 2136 aquae
394 2103 472 2136 cujus
488 2103 541 2129 dux
553 2104 702 2131 conductor
714 2105 803 2133 factus
813 2111 856 2134 est
864 2111 946 2142 atque

162 2148 348 2175 necessariam
361 2148 567 2184 supellectilem,
576 2157 608 2176 eo
618 2150 692 2184 quod
699 2150 733 2178 de
744 2151 789 2178 illa
800 2151 944 2180 dividenda

162 2192 379 2227 providissemus
401 2193 473 2219 inter
488 2201 537 2220 nos
553 2198 580 2220 et
592 2202 640 2222 eos
653 2194 700 2229 qui
715 2195 787 2224 circa
807 2205 856 2225 nos
867 2203 942 2231 sunt,

162 2243 190 2266 ut
201 2239 257 2273 jam
272 2239 373 2266 dictum
388 2243 439 2270 est,
452 2240 525 2267 nullo
550 2240 630 2268 modo
651 2243 813 2270 curabamus
828 2244 861 2271 de
879 2244 941 2280 fuga

144 2315 146 2319 ι
162 2284 189 2310 itt
200 2288 323 2311 sanctum
336 2283 536 2319 Myroblytaﬂ)
548 2286 703 2320 sepulcrum
714 2294 765 2314 nec
776 2288 803 2315 in
820 2289 873 2315 alia
883 2289 941 2317 loca

142 2362 146 2366 .
161 2337 239 2357 sacra
256 2331 322 2364 (non
339 2330 412 2357 enim
428 2331 529 2358 latebat
543 2339 604 2364 nos,
615 2333 753 2367 quomodo
768 2341 800 2361 ex
814 2335 942 2363 omnibus

139 2367 207 2414 Equi
224 2376 250 2402 itt
268 2376 312 2403 illa
328 2375 520 2411 confugerant,
538 2378 630 2405 multis
653 2380 706 2406 vita
729 2385 822 2414 erepta
843 2381 942 2409 fuisset

161 2421 318 2449 vulneribus
343 2429 376 2450 ac
399 2421 601 2458 suffocatione),
629 2424 757 2460 domique
780 2431 939 2461 manentes,

158 2466 302 2495 Psaltntsta
325 2468 370 2503 qtti
389 2473 482 2496 cantat
502 2478 511 2495 ι
531 2470 653 2498 viventes
675 2477 769 2499 sancto
793 2476 907 2507 servire,
926 2483 936 2500 ι

159 2519 284 2546 aspectus
297 2518 324 2540 et
336 2513 446 2542 auditus
459 2515 592 2542 malorum
606 2516 666 2544 sine
676 2525 803 2552 numero,
820 2519 939 2547 admira-

158 2558 232 2584 tione
258 2566 308 2585 nos
337 2559 469 2592 vincunt,
491 2562 627 2595 quomodo
658 2563 820 2596 restitiutus,
847 2571 939 2593 extre-

158 2609 229 2629 mam
252 2603 373 2636 barbam,
388 2609 417 2631 ιιι
426 2606 512 2639 aiunt,
528 2607 667 2639 vellentes,
684 2609 857 2642 procedimus
868 2610 938 2638 inter

156 2648 229 2675 mille
256 2648 359 2683 gladios
391 2650 530 2678 districtos
558 2653 778 2688 crepitantesque
809 2657 938 2689 quemad-

153 2695 262 2722 modum
280 2703 391 2730 campus
425 2698 508 2731 spicis
542 2698 685 2733 frequens;
714 2701 844 2735 propulsi,
875 2710 937 2736 per-

152 2740 226 2767 cussi
249 2741 357 2774 pugnis,
376 2742 548 2769 contumeliis
568 2744 655 2771 affecti
675 2746 768 2778 quales
785 2747 870 2774 nescit
888 2748 936 2774 ho.

151 2785 253 2812 ntinunt
278 2787 519 2818 mos,salutarcm
556 2791 710 2824 passionem
743 2793 799 2819 haec
828 2793 935 2827 judica-

184 2841 223 2875 (Ι)
244 2842 379 2872 Demetrii.

1008 1616 1151 1650 ναιότεροι,
1162 1618 1326 1652 συνούλωσεν
1339 1620 1372 1646 ἂν
1380 1621 1447 1656 ταχὺ
1456 1621 1486 1647 τὸ
1494 1623 1604 1658 τραῦμα
1616 1625 1666 1659 τῆς
1675 1626 1788 1658 πόλεως.

1007 1661 1038 1686 Ol.
1052 1661 1080 1687 δὲ
1095 1661 1142 1688 τοῦ
1158 1664 1287 1698 πολεμίου
1304 1665 1415 1699 στίφους
1431 1667 1561 1702 ἔκαμνον,
1581 1671 1628 1697 καὶ
1647 1672 1789 1705 ῥίπτοντες

1005 1709 1068 1738 τοὺς
1082 1708 1243 1742 φεύγοντας,
1265 1712 1312 1738 καὶ
1327 1713 1486 1747 σαττόμενοι
1503 1715 1622 1751 λάφυρα.
1637 1717 1690 1744 Καὶ
1705 1719 1788 1754 ἐχρῆν

1007 1754 1056 1788 μὲν
1067 1755 1095 1780 ἐν
1107 1755 1211 1787 τούτοις
1227 1756 1343 1791 ἄϐλητὸν
1353 1767 1415 1786 τινα
1426 1759 1470 1786 καὶ
1484 1761 1630 1789 ἀνούτατον
1641 1764 1672 1789 ἑκ
1689 1765 1788 1798 μετεώ-

1007 1807 1053 1832 ρου
1071 1800 1153 1826 ποθὲν
1166 1801 1214 1836 τὴν
1241 1803 1333 1838 μάχην
1347 1805 1524 1838 σκέπτεσθαι,
1542 1808 1589 1834 καὶ
1607 1811 1786 1844 παρασημαί-

1004 1845 1105 1877 νεσθαι,
1116 1845 1161 1872 τοῦ
1172 1847 1239 1873 Θεοῦ
1258 1849 1357 1883 βελέων
1369 1851 1536 1886 ἀπερυκότος
1547 1854 1646 1889 ἐρωήν.
1663 1856 1786 1890 ’Λνθρω-

1004 1899 1053 1922 πος
1067 1891 1119 1926 γὰρ
1140 1892 1254 1925 ἑνδεθεὶς
1272 1894 1383 1929 τοιούτῳ
1396 1897 1485 1931 κακῷ,
1509 1898 1575 1933 προς
1597 1899 1686 1935 ἐαυτῷ
1699 1902 1786 1934 uad-

1002 1935 1080 1962 λιστα
1094 1937 1138 1963 τὸν
1152 1938 1214 1964 νοῦν
1226 1938 1304 1973 ἔχων,
1329 1941 1381 1967 οὐκ
1395 1941 1428 1968 ἂν
1444 1942 1522 1976 σχοίη
1544 1944 1664 1978 ἀκριϐῶς
1686 1945 1716 1971 τὸ
1730 1948 1784 1973 πᾶν

1003 1983 1222 2026 συγγράψασθαι,
1233 1985 1301 2020 πλὴν
1310 1987 1349 2017 είς
1360 1987 1408 2013 ὅσα
1421 1987 1454 2014 τὰ
1469 1989 1575 2024 καίρια,
1594 1987 1631 2016 ὦν
1642 1999 1671 2016 τε
1684 1991 1780 2026 ἔμαθε,

1001 2028 1049 2054 καὶ
1066 2025 1106 2059 οἷς
1120 2029 1201 2060 αὐτὸς
1219 2030 1395 2066 πολυτρόπως
1411 2032 1570 2067 ἐπέστησεν.

1037 2072 1070 2107 ια.
1091 2073 1185 2109 Ἡμεῖς
1198 2073 1245 2102 οὖν
1257 2076 1306 2110 τῆς
1320 2076 1369 2112 μὲν
1381 2078 1554 2113 ἀκροπόλεως
1567 2081 1728 2114 ἀπογνόντες
1739 2082 1782 2109 διὰ

1000 2118 1049 2153 τὴν
1064 2119 1112 2145 τοῦ
1133 2121 1221 2146 ἐκεῖσε
1238 2120 1332 2153 ὕδατος
1350 2123 1493 2158 ἐκδημίαν,
1510 2122 1543 2160 ἧς
1561 2126 1656 2161 ὀδηγὸς
1672 2129 1686 2153 ὁ
1702 2136 1782 2163 στρα-

1000 2165 1082 2200 τηγὸς
1102 2166 1209 2200 γέγονε,
1236 2169 1283 2193 καὶ
1304 2168 1353 2203 τὴν
1377 2169 1531 2204 ἀναγκαίαν
1557 2171 1724 2208 ἀποσκευὴν,
1747 2175 1781 2210 ἢν

1000 2211 1264 2246 προεμηθευσάμεθα
1275 2214 1352 2248 ἡμῶν
1361 2223 1389 2240 τε
1399 2215 1488 2242 αὐτῶν
1498 2217 1578 2252 χάριν
1593 2220 1640 2244 καὶ
1654 2219 1708 2245 τῶν
1717 2220 1780 2254 περὶ

995 2257 1067 2291 ἡμᾶς
1083 2257 1298 2292 διανειμάμενοι,
1315 2259 1353 2291 ὡς
1373 2261 1421 2287 καὶ
1437 2264 1661 2298 προπέφρασται,
1682 2265 1780 2299 μερίμ-

994 2309 1043 2336 νης
1056 2302 1085 2328 δὲ
1101 2302 1209 2337 θέμενοι
1223 2303 1275 2335 ἔξω
1291 2305 1337 2331 καὶ
1352 2305 1401 2340 τὴν
1417 2307 1455 2338 είς
1471 2308 1516 2334 τὸν
1533 2309 1610 2342 ἆγιον
1625 2310 1709 2343 τάφον
1731 2310 1776 2336 τοῦ

991 2348 1168 2383 Μυροὸλὺτου
1189 2350 1361 2386 καταφυγὴν,
1384 2351 1423 2379 ἔτι
1441 2353 1468 2379 δὲ
1483 2355 1529 2381 καὶ
1539 2355 1588 2390 τὴν
1608 2356 1649 2387 εἰς
1669 2356 1778 2391 ἐτέρους

992 2393 1079 2425 θείους
1095 2395 1174 2426 ναοὺς
1193 2395 1233 2430 (οὔ
1250 2397 1303 2431 γὰρ
1316 2397 1451 2432 δήπουθεν
1470 2399 1617 2427 ἐλάνθανεν
1636 2402 1720 2435 ἡμᾶς,
1739 2402 1776 2434 ὡς

991 2439 1099 2466 πάντων
1117 2441 1171 2467 τῶν
1189 2441 1344 2475 φευγόντων
1361 2444 1390 2470 ἐν
1405 2446 1460 2476 τοῖς
1480 2446 1613 2477 τοιούτοις
1629 2448 1776 2482 ρυῖσκομέ-

991 2493 1053 2516 νων,
1070 2485 1163 2512 πολλοὶ
1181 2488 1424 2523 παρασυρήσονται
1439 2491 1485 2517 τοῦ
1503 2491 1552 2526 ζῇν
1570 2492 1712 2527 ὠθισμοῖς,
1727 2495 1774 2520 καὶ

989 2530 1045 2561 τοῖς
1060 2530 1185 2557 ἐντεῦθεν
1208 2535 1361 2569 πνιγμοῖς),
1383 2536 1429 2562 καὶ
1444 2535 1483 2571 τῷ
1506 2537 1572 2572 οἴκῳ
1589 2539 1774 2573 παραμείναν-

988 2584 1045 2607 τες,
1060 2575 1089 2607 ὃς
1112 2578 1271 2612 περιᾲδεται
1294 2579 1383 2611 ζῶντα
1404 2581 1600 2616 ὲκθεραπεύειν
1614 2584 1660 2610 τὸν
1677 2584 1771 2618 ἅγιον,

988 2621 1134 2649 καὶπολλὰ
1150 2625 1196 2649 καὶ
1213 2625 1298 2659 μυρία
1319 2628 1390 2652 κακὰ
1404 2627 1450 2653 καὶ
1473 2627 1632 2663 τεθεαμένοι
1650 2631 1696 2656 καὶ
1723 2640 1772 2656 πε-

988 2666 1126 2698 πονθότες,
1142 2668 1185 2702 ἐφ’
1201 2667 1241 2699 οἷς
1258 2669 1350 2704 θαῦμα
1385 2672 1519 2707 περίεισιν
1534 2675 1620 2708 ἡμᾶ;,
1635 2675 1709 2706 ὅπως
1727 2677 1773 2702 ἀν-

987 2712 1129 2746 τέσχομεν,
1144 2713 1218 2744 τέλος
1230 2715 1276 2740 τοῦ
1293 2715 1432 2749 πώγωνος,
1450 2719 1464 2744 ὅ
1477 2727 1568 2752 φασιν,
1583 2720 1770 2757 ἐλκυσθέντες,

987 2757 1150 2791 ἀπηγόμεθα
1184 2759 1227 2785 διὰ
1251 2759 1336 2792 ξιφῶν
1360 2763 1463 2797 μυρίων
1487 2765 1702 2801 ἀνατεινομένων
1724 2772 1771 2793 καὶ

987 2803 1154 2836 φριστὸντιυν
1165 2804 1228 2830 me.
1238 2806 1285 2832 ml.
1293 2806 1377 2841 λήϊον,
1388 2811 1600 2845 πεπυκνωμένον
1609 2813 1768 2847 ἀσταχύεσΡ
