1962 3087
131 136 166 167 97
526 136 574 166 DE
593 136 877 168 TllESSALONlCA
898 137 1002 168 URBE
1018 138 1041 167 A
1055 137 1210 167 LATINIS
1229 137 1357 168 CAPTA.
1714 140 1751 171 98

134 194 180 219 καὶ
195 192 346 228 ὠθούμενοι
365 193 414 228 μὲν
438 194 484 221 καὶ
499 193 727 229 κονδυλιζόμενοι,
750 194 798 221 καὶ
819 194 913 229 ὕϐρεις

974 201 1034 225 nus,
1048 198 1075 221 et
1090 199 1119 221 ut
1136 194 1163 220 in
1187 193 1246 221 istis
1268 194 1355 221 simus
1375 194 1573 229 supplicantes.
1590 194 1658 223 Cum
1685 204 1752 223 vt'ro

133 238 162 264 οὐ
180 238 227 269 τὰς
242 239 270 264 ὲν
284 237 339 264 ἔθει
352 238 542 272 μανθάνοντες,
557 239 691 274 μακάριον
706 239 736 265 τὸ
746 240 832 270 πάθος
844 238 917 274 ἐκρί-

133 291 228 318 νομεν,
242 283 386 318 εὐχόμενοι
403 284 432 309 ὲν
456 283 591 316 τοιούτοις
613 283 693 311 εἶναι.
725 284 791 310 Ὀτε
811 284 839 311 δὲ
870 284 917 310 καὶ

136 329 227 364 σπάθη
243 329 397 364 καθ’ὴμῶν
420 329 579 364 ὲγαυροῦτο,
593 330 640 356 καὶ
663 330 812 366 παραξιφὶς
835 330 917 356 ἐπλα-

134 374 240 408 γίειζεν,
259 373 297 405 ὡς
315 375 356 405 είς
377 373 519 408 σπλάγχνα
537 374 670 409 βάψουσα,
694 375 740 401 καὶ
761 375 871 409 δοράτια
884 375 917 401 τὰ

137 419 187 454 μὲν
210 419 296 452 ἐνθεν,
319 421 353 446 τὰ
375 419 398 446 δ’
424 421 528 447 ἐκεῖθεν
547 421 601 448 τῶν
626 421 750 456 πλευρῶν
760 421 917 449 ,εὐθύνοντο

136 465 331 498 ἀπειλητικῶς,
357 465 414 492 ἀλλ’
439 465 557 492 ἐνταῦθα
573 466 649 501 εὐχαὶ
665 467 712 493 καὶ
737 467 817 499 μόναι
841 467 918 493 ἀντέ-

136 518 254 544 πραττον
266 510 366 538 egerat.
379 511 558 545 Προενεγκεῖν
568 511 622 547 γὰρ
631 512 715 543 αὐτὰς
727 513 783 543 πῶς
798 520 862 538 ποτε
871 510 914 547 ἦν;

172 555 227 586 ιβ’.
250 555 304 580 Καὶ
326 555 378 586 ἕως
400 555 449 589 μὲν
473 556 520 581 καὶ¹
540 555 586 582 τοῦ
604 555 742 582 πολιτικοῦ
766 556 826 582 καθ’
845 557 916 590 ἡμᾶς

137 598 306 634 ἱπποδρόμου
319 600 429 634 τοιαύτη
444 600 562 632 διάθεσις
576 601 649 636 ἡμᾶς
663 600 783 627 εὖθυνεν.
805 601 876 627 Ἐκεῖ
889 601 917 627 δὲ

134 645 182 672 τὸν
200 645 250 680 ἤδη
268 646 436 672 ἀποτεθέντα
451 646 490 676 είς
505 647 616 681 μνήμην
633 647 764 680 Σιφάντον
779 647 915 681 εὑρόντες,

135 688 250 716 εὔιππον
265 690 409 725 ἑστηκότα,
429 691 498 724 μετά
509 699 539 724 γε
552 691 597 717 καὶ
610 691 656 717 τοῦ
669 691 856 726 Μαυροζώμη,
871 691 917 717 καὶ

137 737 331 771 σκεπτόμενον,
344 739 370 764 τί
383 738 416 765 ἂν
430 738 496 769 ἕλοι,
513 738 748 774 μεθειλκύσθημεν
762 739 808 765 ὑπ’
822 739 916 771 αὑτοῦ.

136 782 209 817 λόγῳ
223 783 273 818 μὲν
284 783 323 818 τῷ
336 783 373 818 μὴ
390 784 436 809 ἐπὶ
451 783 532 810 πλέον
546 784 630 811 κόπον
644 786 718 819 σχεῖν
732 785 776 812 τὸν
793 785 918 821 ἀρχιεπί-

137 835 248 859 σκοπον,
261 828 368 863 ἀληθῶς
382 829 420 861 δὲ,
434 829 478 854 ἵνα
491 829 625 864 δευτέρων
639 831 767 865 χειρόνων
782 830 918 866 πειρασώ-

970 239 1094 267 acinaces
1120 238 1264 265 adversum
1289 246 1338 266 nos
1361 242 1467 267 saeviret
1495 240 1658 276 gladiusque
1693 247 1752 268 tru-

968 283 1082 315 cidaret,
1110 283 1182 310 sicut
1200 283 1226 310 itt
1256 283 1405 311 visceribus
1432 292 1462 311 se
1490 285 1640 318 abluetttes,
1660 285 1751 320 jacula

970 328 1033 356 hinc
1060 334 1086 355 et
1113 328 1188 354 illinc
1204 328 1335 355 adversus
1358 329 1441 355 latera
1457 329 1644 364 dirigebantur
1667 339 1754 358 muta‘

969 374 1053 406 citer;
1071 379 1189 408 tuncque
1207 380 1301 407 preces
1322 378 1426 400 tantum
1442 366 1557 403 humiles
1576 378 1753 410 avertebant;

969 423 996 446 at
1013 419 1150 454 quontodo
1166 424 1230 446 tunc
1244 419 1383 454 deprecari
1399 421 1578 454 poteramus?

1006 549 1050 575 91.
1072 548 1104 575 Et
1123 549 1180 577 ltatc
1196 557 1282 585 usque
1296 551 1329 578 ad
1347 548 1558 586 llippodt'omttm
1576 553 1755 587 procedentes

969 593 1042 628 passi
1060 602 1166 622 sumus.
1185 594 1262 623 Tunc
1288 604 1350 623 cum
1376 597 1576 626 invenissemus
1601 607 1662 626 cum
1681 600 1757 626 illau-

969 647 1080 666 rozoma
1108 640 1282 675 Sipbantum,
1309 644 1354 677 qui
1383 642 1440 677 jam
1471 644 1496 671 in
1526 646 1686 672 memoriam
1712 654 1757 673 re-

970 691 1084 714 vocatus
1108 691 1161 719 est,
1193 687 1219 714 in
1258 696 1328 723 equo
1352 695 1487 724 stantem,
1525 697 1606 726 atque
1636 694 1757 719 circum-

970 732 1130 765 spicietttem
1158 733 1224 767 quid
1254 732 1346 761 facere
1377 735 1498 769 deberet,
1523 737 1633 764 abducti
1661 745 1759 765 sumus

971 778 1004 804 ab
1021 785 1062 809 eo,
1080 778 1162 804 verbo
1184 778 1294 814 quidem
1316 779 1380 806 dato
1398 788 1432 808 ne
1453 781 1676 816 archiepiscopus
1699 792 1757 808 atu-

970 823 1042 856 plius
1064 828 1213 857 pateretur,
1242 831 1336 851 revera
1368 830 1459 853 autem
1481 831 1509 853 ut
1531 835 1600 853 nova
1616 829 1756 862 prioribus

139 872 219 907 μεϐα.
237 873 330 908 Βραχὺ
348 875 405 909 γὰρ
432 874 520 901 ἐκεῖσε
544 875 578 901 τὰ
593 875 694 909 γόνατα
718 876 876 911 κάμψαντες
892 876 920 903 ἐν

974 869 1063 903 pejora
1086 870 1285 904 experirentur.
1305 870 1382 898 Brevi
1406 872 1478 899 enint
1501 880 1589 908 genua
1614 874 1753 902 ﬂectentes

136 925 191 945 τινι
205 919 397 956 μικροκαλύὸῃ
412 921 460 947 καὶ
471 920 553 956 ξηροῦ
570 920 653 955 ἄρτου
665 921 858 954 ἀποδακὸντες,
876 922 919 947 ἵνα

136 962 232 995 ὕδατος
248 964 413 1000 ὲμπιὼμιθα
428 963 473 1001 (ἦν
487 966 567 1001 γὰρή
580 967 677 1001 καρδία
692 967 770 1001 ἡμῶν
787 967 920 1002 καιομέ·,η

135 1010 165 1036 ὲν
180 1010 255 1044 ἡμῖν,
270 1010 307 1042 ὠς
332 1011 379 1038 καὶ
400 1012 489 1038 πάντα
512 1012 546 1038 τὰ
568 1012 664 1046 ἐντὸς).
681 1010 740 1039 εἶτα
756 1013 826 1040 κατὰ
839 1013 920 1049 τιμὴν

139 1056 256 1091 μυαρίου
272 1057 464 1089 κελευσθέντες
476 1058 616 1092 ὲπιὸἧναι,
627 1058 677 1094 (μὴ
691 1059 744 1094 γὰρ
757 1059 787 1085 οὐ
800 1059 920 1085 τοιοῦτον

138 1103 227 1129 ἐκεῖνο
247 1103 278 1130 τὸ
307 1103 497 1140 ίππαρίδιονς)
517 1105 675 1137 πεισθέντες
688 1106 726 1141 τῷ
750 1107 919 1139 ὲπιτάξαντι,

137 1147 186 1174 καὶ
203 1147 382 1180 ἀνατιθέντες
402 1151 440 1182 εις
456 1151 555 1183 ἐκεῖνο,
578 1151 712 1186 ἠγόμεθα,
735 1152 801 1179 ἔνθα
814 1153 844 1179 τὸ
858 1153 922 1179 ναύ-

140 1192 270 1226 σταθμον,
290 1195 361 1228 μετὰ
382 1196 429 1222 καὶ
441 1195 565 1230 γωρυτοῦ
587 1197 631 1223 καὶ
652 1197 800 1232 φαρέτρας,
815 1198 887 1232 ἅπερ
902 1199 919 1233 ἠ

138 1238 228 1270 σιλλὶς
245 1239 323 1274 ἔτυχε
342 1241 472 1275 φέρουσα.

174 1283 227 1319 ιιβι.
246 1285 278 1311 Ὤ
295 1294 340 1319 μοι
356 1287 409 1313 τῶν
423 1287 550 1314 ἐντεῦθεν
562 1288 671 1315 κακῶνι
692 1288 739 1320 Ὠς
753 1289 807 1324 γὰρ
825 1290 862 1325 μὴ
874 1291 922 1325 ἀρ-

139 1329 279 1356 κεσάντων
295 1330 350 1357 τῶν
366 1332 481 1366 νεκρῶν,
497 1332 531 1358 δι’
546 1329 584 1359 ὧν
600 1332 724 1365 πεζεύων
740 1333 844 1360 ὦδευσα
862 1335 922 1370 θερ-

142 1375 202 1409 μοῖς
216 1375 384 1409 ἀτμιζόντων
393 1376 503 1412 αἵμασι,
511 1377 555 1404 διὰ
567 1378 683 1413 σωρείας
693 1379 794 1414 ἑτέρων
805 1380 921 1416 ἱππότης

140 1421 324 1456 περιηγόμην,
338 1418 375 1448 ὧν
387 1422 412 1448 ot
437 1422 546 1454 πλείους
567 1424 789 1460 κατεστρωμένοι
809 1427 862 1460 πρδ
874 1425 920 1452 τοῦ

138 1465 246 1500 τείχους
262 1467 368 1494 ἔκειντο
384 1468 455 1495 οὓτω
472 1470 693 1504 πεπυκνωμένοι,
705 1470 743 1502 ὼς
757 1471 788 1497 τὸ
802 1472 921 1500 ίππίδιον

140 1509 156 1544 ἥ
176 1510 214 1545 μὴ
225 1510 307 1546 ἔχειν,
317 1513 376 1539 ὅποι
392 1513 445 1548 γῆς
455 1513 532 1549 θήσει
544 1515 623 1546 πόδα,
636 1514 652 1550 ἢ
668 1514 735 1542 ἀλλὰ
751 1516 852 1550 μεταξὺ
865 1516 921 1544 τῶν

138 1563 169 1581 τε
187 1557 326 1591 προσθίων
347 1558 435 1585 ποδῶν
450 1559 496 1586 δύο
509 1560 525 1594 ἢ
548 1561 622 1596 τρεῖς
636 1560 710 1595 ἔχειν
725 1561 920 1596 ὑποκειμένους

138 1603 264 1637 νεκρούς.
277 1603 332 1638 Τῆς
345 1604 373 1630 δὲ
384 1605 529 1637 δυσκολίας
544 1606 593 1640 τῆς
610 1606 665 1633 τῶν
681 1607 774 1634 πυλῶν
785 1607 875 1640 ἆξόδου
890 1609 920 1635 ὲν

138 1646 210 1674 οὕτω
222 1649 332 1684 μυρίοις
349 1649 574 1685 Ἀγριολατίνοις,
586 1651 633 1678 καὶ
643 1651 694 1679 ὅσα
704 1652 732 1678 δὲ
747 1652 800 1685 ἔξω
811 1653 864 1684 ἕως
873 1655 921 1681 καὶ

138 1694 178 1725 εἰς
189 1695 253 1726 τοὺς
267 1695 391 1730 λιμένας,
407 1695 463 1730 ἐγὼ
479 1697 529 1730 μὲν
543 1697 691 1732 ἐδάκρυσα,
711 1698 758 1724 καὶ
773 1698 798 1725 ot
811 1698 922 1732 βλέπον-

138 1747 183 1770 τες
198 1740 365 1774 Χριστιανοί.
382 1741 440 1768 Οὐκ
458 1740 491 1767 ἂν
506 1741 534 1768 δὲ
550 1742 620 1768 αὐτὰ
635 1743 798 1778 ἐκθήσομαι,
817 1743 859 1770 ἵνα
871 1744 919 1780 μὴ,

138 1785 168 1810 ὲν
182 1782 222 1816 οἷς
236 1785 390 1820 ἐπιτάμνειν
405 1785 499 1818 ἐθέλω,
514 1787 709 1822 περιττολογῶ.

177 1831 233 1863 ια’.
248 1829 341 1857 Ταῦτα
355 1831 403 1858 καὶ
421 1831 502 1866 μόνον
519 1832 752 1868 κεφαλαιώσομαι,
768 1833 809 1860 ὅτι
825 1833 922 1860 τέσσα-
966 1855 971 1858 .

143 1883 192 1909 ρας
202 1875 338 1910 χρυσίνων
345 1876 466 1911 χιλιάδας
476 1877 617 1912 ὶγκρατῶς
626 1877 810 1913 ἐζητήθημεν,
819 1879 843 1905 οῑ
854 1879 922 1914 μηδὲ

141 1920 275 1955 ψαμμίων
285 1921 302 1956 ἢ
319 1922 380 1956 χοὸς
395 1922 495 1957 δράκα,
511 1923 528 1958 ἢ
541 1923 570 1950 τὸ
587 1923 818 1958 καθομιλούμενον
834 1924 921 1951 σίελον

142 1967 189 1992 ξπ).
202 1967 335 2002 στόματος
348 1967 457 2002 ἔχοντες
473 1976 480 1983 ·
495 1968 664 2000 ἀκούσαντες
680 1970 727 1996 καὶ
743 1970 821 2002 ὀλίγα
836 1969 921 1996 ταῦτα

141 2007 213 2037 εἶναι
228 2011 258 2043 ἐξ
268 2010 423 2046 ἀνθρώπου,
437 2012 465 2043 ὃς
479 2013 698 2049 ἀρχιεπισκοπὴν
713 2014 849 2048 περιέπει,
863 2023 922 2041 κεν-

140 2056 257 2091 τηνάρια
267 2057 295 2087 ἐς
306 2057 404 2083 ἑκατὸν
416 2057 449 2092 (ὣ
459 2057 573 2084 πλούτου
585 2058 605 2091 Ξ)
622 2058 697 2090 ἔτους
713 2059 827 2085 ἑκάστου
839 2059 922 2093 δωρο-

140 2100 278 2135 φοροῦσαν
291 2100 376 2136 αὐτῷ’
394 2101 441 2127 καὶ
457 2102 498 2128 ὅτι
512 2103 541 2128 ἐν
557 2103 591 2137 τῇ
607 2101 652 2129 τοῦ
664 2101 798 2137 Σιφάντου
814 2101 867 2137 νηῒ,
882 2102 921 2134 ὡς

139 2144 173 2182 ἦν
182 2146 331 2182 ἐγχωροῦν,
340 2147 564 2182 ἀναπαυσάμενοι
572 2149 604 2183 τῇ
614 2148 763 2183 καραδοκίᾳ
771 2148 825 2174 τῶν
835 2147 920 2183 χιλιά-

138 2191 201 2223 δων,
213 2191 245 2223 ἃς
259 2193 325 2227 ἡμῖν
339 2193 500 2228 ἐπέγραψαν
514 2194 537 2220 οῖ
549 2193 769 2228 μεγαλοπρεπεῖς
781 2193 918 2228 πειραταί·
935 2208 957 2236 υ

138 2238 207 2273 αὐτὴ
215 2238 270 2274 γὰρ
279 2239 345 2273 ἡμῖν
353 2239 497 2273 κατάλυμα
505 2239 614 2274 πρῶτον
623 2239 770 2274 εὐτυχήθη.
779 2241 920 2275 αἰχμαλώ-

138 2291 192 2309 των
205 2284 327 2318 γέμουσα
340 2285 410 2311 κατὰ
431 2285 480 2316 τὰς
495 2285 590 2317 λοιπὰς
612 2286 734 2316 ἁπάσας·
752 2285 777 2311 οἳ
797 2286 844 2312 καὶ
856 2286 920 2319 γοᾶ-

140 2328 203 2355 οθαι
218 2330 291 2364 ἡμᾶς
307 2331 453 2364 ὀργῶντες,
469 2331 535 2357 αὐτὸ
553 2330 602 2365 μὲν
614 2332 701 2357 ποιεῖν
713 2331 763 2357 οὐκ
777 2328 848 2366 εῐχον
862 2331 920 2358 τόλ-

143 2383 208 2408 μαν,
222 2374 322 2402 ὡσίουν
336 2375 364 2401 δὲ
377 2376 406 2402 τὸ
418 2376 514 2406 πένθος
528 2378 674 2410 προσώπου
691 2377 835 2412 συναγωγῇ
853 2377 920 2411 πρὸς

143 2419 372 2455 σκυθρωπότητα,
395 2416 444 2446 καὶ
466 2421 591 2456 δυσωπίᾳ
612 2421 775 2457 ὲκθλιόούσῃ
802 2422 918 2457 δάκρυα,

140 2465 242 2497 ὁποίοις
256 2466 302 2492 καὶ
316 2467 409 2500 ἡμεῖς,
421 2468 435 2493 ὸ
450 2467 511 2493 κατ’
524 2467 645 2498 ἐκείνους
661 2467 795 2502 δυστυχὴς
810 2468 918 2502 φόρτος,

140 2511 240 2543 αὐτοὺς
264 2511 445 2546 ἡμειϐόμεθα.
471 2512 538 2539 Οὐδὲ
561 2513 615 2546 γὰρ
639 2512 699 2539 οὐδὲ
724 2513 919 2548 προσφωνῆσαι

142 2556 215 2590 tet-1v.

181 2602 231 2634 ι,δῆ
253 2602 297 2629 Ἑν
318 2602 409 2629 τοίνυν
424 2603 458 2637 τῇ
472 2601 582 2636 τοιαύτῃ
597 2601 641 2636 νηῒ
656 2601 716 2628 τότε
730 2601 922 2629 καταπαύσαν-

140 2657 197 2682 τες,
213 2649 246 2683 τῇ
265 2647 397 2682 ιπαύριον
415 2647 486 2682 μετὰ
501 2647 582 2681 τιμῆς
597 2647 692 2682 ὁμοίας
707 2646 866 2682 ἀνήχθημεν
881 2648 921 2679 είς

143 2695 189 2722 τὸν
201 2694 344 2729 Κομνηνδν
360 2693 489 2726 Ἀλέξιον·
506 2692 571 2719 ἔνθα
585 2692 655 2727 θῆρα
668 2693 857 2727 είκονομάχον,
874 2693 921 2719 Γε-

145 2739 256 2775 λίελμόν
266 2747 337 2772 τινα,
355 2738 384 2769 ὃς
400 2738 432 2764 ἐκ
448 2737 496 2772 τῆς
510 2738 635 2765 Νικαέων
645 2737 736 2773 διέδρα
750 2737 796 2764 τδν
816 2737 922 2772 Ἀνδρό-

127 2805 130 2807 λ
145 2794 229 2818 νικον,
248 2785 263 2812 ό
279 2784 360 2816 τόπος
374 2785 440 2818 ἡμῖν
461 2782 601 2817 ἐξέφηνεν,
618 2782 712 2817 ἄγριον
736 2783 849 2812 ἐκεῖνον,
874 2781 921 2808 καὶ

144 2828 201 2859 οἷον
226 2830 369 2864 θανατοῦν,
396 2828 569 2866 καὶπροτοῦ
594 2829 738 2864 ἐμφαγεῖν
764 2828 793 2860 ὃς
815 2826 860 2854 οἷά
881 2836 921 2859 τις

974 914 1002 940 in
1015 914 1132 948 quadam
1146 922 1227 948 parva
1240 923 1301 943 casa
1323 916 1452 945 sedentes
1480 917 1639 954 siccutttque
1661 927 1758 954 panem

973 960 1177 992 tuordetttes,ut
1195 968 1294 996 aquam
1308 962 1460 990 biberemus
1475 965 1534 999 (cor
1543 965 1616 993 enim
1634 971 1758 994 nostrum

973 1005 1073 1032 ardens
1105 1011 1164 1033 erat
1196 1007 1223 1033 in
1253 1007 1334 1035 nobis
1361 1009 1434 1036 sicut
1461 1015 1489 1037 et
1516 1011 1568 1038 alia
1595 1011 1758 1048 interiora),

973 1051 1071 1079 deittde
1091 1053 1243 1080 reverentia
1261 1054 1366 1081 ordinis
1383 1055 1490 1083 invitati
1509 1057 1541 1084 ad
1568 1059 1758 1085 conscenden-

973 1096 1038 1123 dunt
1055 1096 1158 1131 (nonne
1174 1098 1219 1125 hic
1233 1104 1292 1126 erat
1310 1099 1355 1126 ille
1370 1101 1492 1128 caballus
1500 1102 1639 1136 ?)jubettti
1656 1111 1756 1138 paren-

974 1146 1030 1174 tes,
1052 1146 1135 1177 atque
1151 1143 1190 1170 illi
1212 1143 1367 1175 insidentes
1388 1145 1555 1173 ducebantur
1565 1147 1622 1182 jam
1649 1149 1674 1175 in
1694 1157 1760 1184 por-

974 1192 1044 1221 tum,
1059 1188 1132 1216 inter
1147 1189 1292 1223 pharetras
1305 1198 1373 1225 quas
1393 1191 1464 1219 forte
1482 1192 1577 1220 carina
1591 1193 1704 1221 terebat.

1008 1275 1053 1304 92.
1075 1275 1151 1304 Heu!
1171 1282 1238 1311 quot
1252 1282 1279 1305 et
1292 1283 1394 1312 quanta
1407 1279 1476 1306 mala
1497 1280 1598 1307 deinde
1620 1281 1760 1311 vidimus!

973 1321 1057 1354 Quasi
1074 1329 1128 1349 non
1142 1327 1208 1350 satts
1236 1324 1351 1351 fuissent
1371 1325 1470 1352 mortui
1484 1334 1534 1360 per
1552 1334 1620 1361 quos
1638 1329 1762 1356 ambula-

974 1375 1064 1394 veram
1076 1368 1169 1403 pedes,
1186 1370 1318 1404 sanguine
1329 1370 1418 1397 calido
1433 1371 1564 1404 fumante,
1578 1381 1649 1408 equo
1664 1382 1760 1402 occur-

973 1413 1067 1440 rebam
1080 1413 1199 1441 aliorum
1219 1416 1337 1448 acervis,
1349 1423 1466 1450 quoruttt
1484 1418 1608 1451 plerique
1623 1424 1686 1447 ante
1702 1429 1763 1447 ntu-

974 1466 1019 1486 ros
1043 1459 1174 1494 jacebant
1200 1465 1256 1488 tant
1285 1463 1364 1489 densi
1386 1466 1416 1489 ut
1436 1464 1560 1491 caballus
1577 1473 1629 1492 non
1649 1467 1763 1494 ltaberct

974 1505 1019 1531 ubi
1029 1510 1142 1540 poneret
1158 1506 1257 1541 pedes,
1273 1508 1320 1535 sed
1332 1508 1401 1535 ittter
1413 1509 1566 1538 anteriores
1589 1512 1671 1545 pedes
1692 1513 1762 1540 duos

932 1545 955 1577 C
971 1550 1013 1578 vel
1027 1555 1083 1579 tres
1114 1557 1238 1580 mortuos
1264 1553 1387 1581 haberet.
1411 1554 1530 1582 Dillicilis
1555 1555 1617 1591 fuga
1636 1564 1651 1584 e
1676 1559 1762 1592 portis

971 1595 1044 1624 inter
1069 1600 1110 1624 tot
1142 1598 1228 1624 millia
1254 1598 1387 1626 ferocium
1417 1598 1588 1634 Latinorum,
1614 1593 1780 1638 omniaque

970 1647 1058 1675 usque
1077 1642 1111 1669 ad
1136 1646 1245 1677 portum
1276 1647 1329 1669 tant
1362 1643 1450 1671 tristia
1470 1645 1579 1673 fuerunt
1602 1650 1629 1672 ut
1648 1655 1698 1682 ego
1720 1650 1759 1675 ln'

970 1692 1121 1720 crymarem
1137 1694 1169 1715 ac
1188 1693 1355 1723 spectatores
1369 1688 1527 1718 Christiani.
1538 1690 1601 1719 lltec
1626 1701 1689 1720 vero
1704 1702 1758 1722 non

970 1737 1103 1764 exponam
1128 1740 1162 1762 ne
1181 1740 1215 1761 ea
1234 1741 1295 1768 qua:
1314 1734 1474 1763 abbreviare
1494 1737 1553 1764 volo
1574 1738 1680 1774 longius
1695 1748 1762 1775 pro-

971 1777 1091 1805 traham.

1007 1823 1052 1851 95.
1069 1824 1250 1852 Haec-tantum
1266 1827 1422 1855 summatim
1433 1828 1565 1862 dicemus,
1577 1831 1680 1859 scilicet
1691 1839 1760 1867 qua-

972 1872 1034 1897 tuor
1059 1870 1178 1898 millibus
1204 1878 1347 1899 aureorum
1376 1874 1496 1908 praabere
1513 1876 1687 1910 jubebantur,
1710 1887 1760 1905 nos

973 1915 1020 1950 qui
1040 1922 1092 1943 nec
1119 1923 1229 1944 arenam
1252 1918 1279 1944 in
1308 1926 1388 1945 ntanu
1407 1927 1456 1946 nec
1475 1921 1588 1949 salivam
1606 1922 1632 1949 in
1647 1930 1694 1951 ore
1712 1924 1760 1950 lm-

972 1961 1120 1994 bebamus;
1147 1968 1209 1988 cum
1244 1962 1444 1991 audivissentus
1473 1964 1560 2000 aliqua
1587 1974 1672 2001 pauca
1696 1976 1759 1996 esse

972 2013 1003 2032 ex
1032 2006 1142 2034 ltontiue
1164 2006 1211 2041 qui
1241 2007 1507 2044 archiepiscopatum
1534 2013 1680 2045 quotannis
1694 2014 1756 2041 obi-

973 2051 1031 2084 bat,
1052 2059 1102 2079 nos
1117 2052 1170 2079 illis
1184 2053 1298 2081 daturos
1315 2059 1422 2082 centuut
1436 2057 1634 2092 quinquaginta
1661 2067 1759 2087 aureos

974 2098 1002 2131 (ο
1017 2096 1157 2132 divitizel)
1173 2099 1367 2133 promisimus;
1382 2100 1408 2126 itt
1423 2101 1485 2128 navi
1500 2109 1607 2136 quoque
1621 2103 1758 2139 Siphanti,

973 2148 1004 2170 ut
1023 2143 1131 2174 licebat,
1155 2144 1275 2179 quieturi
1300 2145 1504 2180 exspectatione
1524 2154 1670 2175 aureorum
1687 2157 1757 2184 quos

971 2188 1051 2216 nobis
1078 2190 1264 2225 ascripserunt
1296 2190 1433 2226 magniﬁci
1461 2192 1566 2226 pirata.
1592 2192 1654 2222 ﬂare
1679 2196 1757 2223 navis

971 2234 1041 2261 enim
1061 2234 1111 2261 fuit
1138 2235 1217 2263 nobis
1242 2237 1360 2270 primunt
1382 2237 1481 2264 bonum
1504 2237 1652 2273 hospitium
1683 2242 1758 2269 otntti

971 2285 1069 2307 caetero
1085 2281 1172 2315 spatio
1192 2281 1306 2316 captivis
1328 2282 1449 2316 repleto;
1467 2288 1496 2310 ut
1510 2291 1560 2311 nos
1576 2286 1759 2318 querebantur

970 2325 998 2352 bi
1016 2326 1092 2353 valde
1108 2327 1266 2360 cupiebant,
1296 2327 1347 2354 hoc
1368 2327 1461 2355 facere
1476 2336 1530 2356 non
1546 2330 1697 2364 audentes;
1714 2336 1756 2358 te-

971 2373 1115 2406 stabantur
1132 2381 1195 2401 vero
1220 2374 1321 2401 luctum
1349 2381 1429 2401 suum
1457 2375 1644 2403 contractione
1667 2377 1757 2404 vultus

972 2419 1156 2447 morositatem
1184 2419 1333 2450 indicante,
1363 2419 1527 2447 demissione
1552 2420 1693 2447 oculorunt
1713 2422 1755 2447 la-

973 2453 1081 2500 crymas
1097 2465 1212 2497 velante,
1222 2465 1248 2492 in
1258 2465 1356 2499 quibus
1370 2470 1396 2492 et
1408 2473 1470 2498 nos,
1486 2465 1592 2492 illorum
1610 2466 1755 2493 infortunii

972 2510 1053 2541 socii,
1071 2510 1139 2543 {illos
1159 2510 1345 2538 imitabantur.
1362 2510 1441 2538 Nullo
1463 2511 1542 2538 ntodo
1560 2511 1632 2538 ettittt
1657 2512 1756 2539 licebat

973 2554 1061 2590 palam
1075 2556 1216 2589 conqueri.

1009 2601 1053 2627 94.
1073 2600 1101 2627 ltt
1133 2601 1184 2628 hac
1215 2609 1280 2637 ergo
1306 2601 1368 2628 navi
1391 2609 1453 2628 cum
1470 2602 1687 2637 lquievissemus,
1709 2603 1755 2629 die

973 2651 1080 2680 postera
1093 2647 1125 2673 ad
1143 2646 1311 2674 Contnenum
1326 2648 1448 2674 Alexium
1472 2649 1622 2675 ltonoritice
1645 2647 1756 2675 adducti

972 2699 1078 2723 sumus,
1108 2692 1152 2719 ubi
1180 2693 1324 2727 quemdam
1353 2692 1541 2725 Gulielmum,
1570 2694 1754 2721 iconoclastcn

972 2737 1089 2764 ferocem
1117 2737 1226 2764 obvium
1262 2738 1407 2765 ltabuintus
1436 2739 1610 2776 meditantem
1642 2737 1688 2772 qui
1711 2737 1758 2763 Ni-

972 2788 1027 2808 caea
1056 2781 1241 2810 Andronicum
1271 2783 1439 2816 deseruerat,
1462 2782 1600 2817 quontodo
1623 2780 1758 2809 interﬁce-

973 2833 1014 2857 ret
1029 2832 1110 2863 atque
1140 2829 1174 2857 ad
1196 2829 1382 2858 devorandum
1413 2833 1548 2862 paratum.
1567 2828 1668 2856 Similis
1697 2829 1758 2855 erat
