1962 3087
162 99 214 134 105

551 106 599 135 DE
624 105 906 136 'I‘IIESSALONICA
925 107 1029 137 URBE
1049 108 1070 136 Λ
1090 109 1244 139 ΙΔΤΙΝΙΞ
1260 109 1387 140 CAPTA.

1740 109 1790 144 liii

163 159 256 187 ὁποῖον
271 161 318 188 καὶ
342 162 374 189 τὸ
398 163 445 190 τοῦ
463 162 644 198 μυροδλύτου,
659 159 689 198 οὗ
705 162 742 197 τῷ
762 162 840 197 τάφῳ
860 163 945 196 ἐμπε-

1002 164 1051 192 hoc
1065 165 1137 199 quod
1154 165 1187 192 ad
1209 165 1387 201 Myroblytam
1403 170 1518 201 spectat.
1536 166 1617 200 cuius
1627 174 1689 195 cum
1703 169 1794 202 sepul-

164 207 294 239 παικότες
323 210 391 243 μετὰ
418 210 556 237 πελέκεων
576 210 601 235 οι
629 210 757 236 τοιούτων
787 209 828 240 εἰς
852 208 948 241 ποινὴν

164 253 246 286 ἄξιοι.
260 256 307 282 τὸν
322 266 351 283 τε
363 257 443 293 πέριξ
457 257 658 290 ἐπιπολάζοντα.
671 256 772 291 κόσμον
788 255 817 288 ἐξ
827 255 948 290 ἀργύρου

165 301 331 337 κατέκοψαν,
349 305 395 331 καὶ
421 304 468 330 τδν
497 303 566 338 ὑπὲρ
591 303 711 337 κεφαλῆς
736 302 764 328 δὲ
779 301 948 336 περιείλοντο

165 347 282 382 χρύσεον
297 350 440 383 στέφανον,
454 350 500 376 καὶ
514 350 567 386 μὴν
579 350 625 376 καὶ
637 350 683 375 τὸν
694 348 788 383 ἓτερον
805 348 949 381 ἀπήγαγον

166 395 222 420 τοῖν
238 395 328 422 ποδοτν
340 404 347 411 ·
363 396 407 423 ἵνα
432 398 503 432 τάχα
527 397 556 423 τι)
574 396 694 428 ποδῶκες
717 395 766 430 τῆς
781 394 812 426 ἐξ
841 394 948 421 ἐκείνου

167 439 244 472 δίκης
260 441 425 469 ὲκκλίναιεν.
442 444 503 469 Κᾶν
528 441 681 477 ἐξέπραξαν
696 443 724 473 ἐς
750 442 780 467 τὴ
794 440 859 472 πᾶν,
876 440 900 466 εί
913 440 949 474 μὴ

168 484 199 511 τὸ
210 485 288 513 Θεῖον
302 488 413 523 ἀντέΰη,
435 490 483 516 καὶ
493 489 560 524 ταχὺ
579 489 717 524 ὸόηγῆσαν
740 487 803 518 τοὺς
826 486 950 521 κρείττοα

167 540 216 563 νας
235 532 264 558 Iv
277 542 309 566 γε
324 535 381 565 τοίς
405 534 564 569 βαρϐάροις,
578 535 618 566 είς
634 533 764 568 κωλύμην
779 532 950 559 κατεπέτασε

167 577 214 603 τοῦ
229 578 325 606 κακοῦ.
349 580 484 615 Εὐνοῦχος
510 581 564 615 γὰρ
581 581 628 607 τοῦ
658 579 751 615 ρηγδς,
769 579 872 614 ἀμιρᾶς
900 579 951 612 τὴν

167 623 255 657 ἀξίαν,
273 625 406 660 πράττειν
430 625 492 658 ὀξὺς
508 627 554 652 καὶ
568 626 680 661 θερμὸς,
694 622 748 656 οἷος
765 624 847 659 φόϐον
868 623 950 659 βαθὺν

168 670 369 705 καταπέμπειν,
381 669 423 703 οἷς
439 672 472 698 ἂν
493 672 590 707 ἄγριος
606 671 811 706 προσενεχθείη.
833 671 950 704 ἔφιππος

167 715 320 747 εἰσελάσας,
337 716 374 748 ὠς
388 717 439 744 οὐκ
453 717 485 744 ἄν
504 726 546 748 τις
564 717 681 748 ὲλπίσοι,
698 716 749 748 ἕως
763 716 802 747 εἰς
814 716 882 751 βαθὺ
902 714 950 741 τοῦ

167 760 240 788 Θιίου
255 762 331 794 ναοῦ,
347 763 385 795 ὡς
415 763 463 798 μὲν
477 764 501 790 οι
530 763 622 790 πολλοὶ
638 763 776 798 ἐνόμισαν,
808 761 851 788 διὰ
871 769 951 797 περι-

168 807 301 842 φρόνησιν
319 810 366 835 καὶ
383 810 464 841 αὐτὸς
482 811 543 836 κατ’
562 811 666 836 ἐκεῖνον
678 809 717 844 (ὃς
736 809 764 834 ὲν
778 809 810 842 τῇ
835 808 882 842 τῆς
899 816 950 842 μη-

999 218 1075 238 crum
1088 211 1230 238 securibus
1245 212 1454 246 percussissem,
1469 214 1513 248 qui
1524 213 1575 248 ipsi
1589 213 1668 241 istam
1685 221 1793 248 pinnam

1000 256 1185 287 merebantur.
1201 262 1391 285 ornamentum
1418 263 1574 293 argenteum
1588 253 1663 293 quod
1676 259 1795 286 circum-

1000 301 1083 329 dabat
1099 303 1165 329 illud
1190 304 1383 337 prmciderunt,
1401 312 1588 338 coronamque
1604 313 1716 332 auream
1732 313 1794 340 quas

1000 353 1082 381 caput
1097 349 1156 383 ejus
1173 349 1298 384 cingebat
1313 351 1499 383 detraxerunt,
1513 352 1593 378 simul
1603 356 1629 379 et
1642 352 1694 379 alia
1711 353 1793 387 pedes

1000 394 1061 430 ejus
1077 395 1227 429 cingentcs.
1250 395 1367 424 fortasse
1384 401 1412 424 nt
1426 402 1577 431 promptam
1595 398 1682 426 sancti
1706 398 1794 425 vindi-

1001 445 1071 467 ctam
1086 441 1247 475 eﬂ'ugerent.
1265 442 1311 469 Sic
1331 442 1429 477 ubique
1445 443 1562 477 egissent
1578 443 1629 470 nisi
1646 443 1794 470 Provide

1001 485 1037 512 tia
1063 486 1229 518 obvenisset.
1252 486 1442 521 adhibensque
1457 487 1533 514 brevi
1549 487 1621 514 viros
1637 488 1763 515 meliores
1777 495 1793 515 ο

1003 530 1093 558 medio
1111 530 1292 559 Barbarorum
1308 532 1341 559 ad
1361 532 1563 566 impediendum
1579 532 1678 559 malum
1696 537 1794 566 praesto

1002 574 1109 603 fuisset.
1126 577 1273 603 Eunuchus
1293 576 1366 603 enim
1385 576 1468 611 regis.
1484 583 1583 604 autern:
1598 576 1731 610 dignitate
1744 583 1790 602 or-

1001 625 1093 653 natus,
1116 621 1148 648 ad
1164 626 1256 649 actum
1277 626 1418 656 promptus
1445 629 1477 649 ac
1504 621 1639 653 fervidus,
1655 624 1790 648 terrorem

1003 667 1153 694 maximum
1170 668 1294 695 incutere
1309 668 1412 700 valens,
1426 667 1542 702 agrestis
1557 671 1687 701 aspectus
1698 674 1792 699 causa,

1001 720 1073 747 equo
1103 714 1201 741 sedens
1221 714 1352 746 irruerat,
1369 714 1482 741 nemine
1500 718 1686 748 exspectante,
1707 720 1794 747 usque

1002 759 1035 785 ad
1051 760 1175 786 intimam
1194 766 1298 794 partem
1312 760 1406 794 templi
1426 760 1524 792 divini,
1535 760 1614 794 juxta
1628 760 1701 794 quod
1715 759 1794 786 multi

1003 804 1194 836 crediderunt,
1219 813 1267 840 per
1286 811 1472 840 contemptum
1492 806 1638 842 (equitans
1661 813 1710 840 per
1738 813 1795 833 me-

167 853 320 886 τροπόλεως
330 853 461 888 καθολικῇ
476 842 685 887 καθιππεύσαςέ
693 853 737 880 τόν
748 862 777 880 τε
792 853 876 879 ἵππον
886 852 949 878 ἁπέ-

1002 851 1115 885 tropolis
1129 852 1315 880 cathedralem
1339 861 1441 887 equum
1465 860 1544 880 suum
1561 854 1690 880 emiserat
1710 859 1793 887 quam

167 898 234 924 ϐαλε
251 899 479 934 συγκατενεχθεὶς
494 899 675 934 θραυσθέντα,
692 900 738 926 καὶ
753 898 834 930 αὐτὸς
850 898 900 924 οὐκ
919 895 947 924 εὖ

169 943 337 978 ἀπήλλαξεν,
364 944 471 978 ἀληθῶς
489 945 517 970 δὲ
532 944 601 971 κατὰ
616 943 788 979 προμήθειαν
801 951 808 958 ·
834 943 876 969 iv:
904 943 949 969 καὶ

168 990 232 1025 ῥᾷον
246 989 317 1017 οὕτω
328 990 371 1017 διὰ
385 991 434 1025 τῆς
449 991 616 1026 πυκνότητος
627 990 674 1016 τοῦ
689 989 950 1024 λαοῧπαρεισδύοιτο

167 1035 323 1069 φευγόντων
348 1037 480 1068 ἑκάστων,
501 1035 714 1070 συμπατηθῆναι
735 1035 774 1070 τῷ
799 1034 887 1069 ἵππῳ,
903 1035 950 1061 καὶ

167 1079 289 1112 ἄποπτος
313 1081 341 1107 δὲ
351 1081 389 1107 ὢν
405 1081 499 1115 βλέποι
513 1081 574 1108 τάτε
588 1082 634 1108 καὶ
650 1081 807 1108 ἁντιὸλέποι
822 1081 885 1112 τοὺς
901 1089 951 1107 κα-

167 1126 362 1160 κουργοῦντας.
383 1128 429 1154 καὶ
446 1127 534 1159 οὕτως
548 1128 647 1160 αὐτοὺς
657 1127 799 1162 ἀμύνοιτο)
813 1136 819 1142 ·
835 1127 949 1162 είσδρα-

169 1170 228 1205 μὼν
258 1170 324 1205 γοῦν
338 1172 351 1198 ὁ
367 1171 493 1206 εὐνοῦχος
517 1172 588 1199 οὕτω
617 1173 677 1207 μετ’
697 1172 824 1205 εὐγενοῦς
853 1172 948 1203 ἵππου,

167 1217 215 1243 καὶ
230 1216 281 1252 τὴν
306 1218 376 1252 μετὰ
404 1220 482 1253 χεῖρα.
509 1218 637 1253 σιδηρέαν
666 1217 785 1253 κορύνην
809 1219 949 1251 κατάγων,

168 1261 479 1296 συνεπιλαμϐανομένων
496 1262 555 1297 ἅμα
571 1263 618 1289 καὶ
643 1262 699 1290 τῶν
715 1263 892 1296 ὲφεπομένων
906 1262 949 1288 θε-

168 1307 324 1342 ραπόντων,
335 1307 360 1334 οἳ
376 1309 423 1335 καὶ
437 1309 515 1335 αὐτοὶ
541 1309 652 1343 σφοδροὶ
674 1309 742 1344 δρᾷν
756 1307 837 1344 ἦσαν,
854 1309 951 1342 φόνους

166 1359 196 1378 τε
213 1352 328 1384 πολλοὺς
353 1353 474 1380 ἐκώλυσε
491 1354 538 1380 καὶ
553 1354 709 1388 γυμνώσεις
734 1354 841 1390 ἀνδρῶν
855 1363 885 1381 τε
904 1356 950 1381 καὶ

167 1398 307 1431 γυναικῶν
322 1407 329 1414 ·
346 1398 364 1425 ἃ.
377 1399 409 1434 δὴ
425 1399 542 1435 ἑτέρωθι
559 1400 714 1434 κωλυθῆναι
734 1400 784 1426 οὐκ
807 1401 887 1435 ἔσχε·
905 1402 952 1428 καὶ

167 1444 231 1475 τοὺς
249 1445 411 1474 ὲπιὸούλουε
425 1445 453 1472 δὲ
470 1445 516 1472 τοῦ
534 1446 612 1479 ἁγίου
631 1446 717 1479 τάφου
733 1447 889 1481 ἀπήγαγεν,
913 1447 951 1479 ὡς

167 1491 218 1517 οὐκ
236 1491 269 1517 ἂν
295 1492 396 1517 ἐκεῖνοι
421 1491 527 1526 ἦθελον,
554 1491 739 1527 κερδήσαντας
768 1492 835 1527 μόνα
854 1493 950 1529 (μυρία

166 1536 196 1564 δὲ
206 1535 275 1571 ἦσαν
293 1538 408 1571 ἐκεῖνα),
427 1537 476 1564 ὅσα
493 1538 547 1572 πρδ
575 1537 657 1565 αὑτοῦ
686 1538 862 1566 κατέσπασαν
879 1539 950 1572 φθά-

167 1591 274 1614 σαντες.
289 1583 344 1610 Καὶ
360 1584 458 1617 φόνους
478 1584 526 1618 μὲν
549 1584 612 1615 τοὺς
632 1585 690 1611 ἐκεῖ
707 1587 842 1619 κατέσχεν
858 1586 871 1612 ὁ
900 1586 950 1619 ἄρ-

166 1636 223 1662 χων
234 1636 242 1644 ·
261 1628 308 1655 τοῦ
323 1629 352 1655 δὲ
371 1629 492 1664 πνιγμοῦ
506 1629 561 1656 τῶν
577 1630 717 1663 φυγόντων
733 1631 761 1656 ὲν
780 1630 819 1664 τῷ
831 1630 888 1665 ναῷ
901 1631 951 1657 οὐκ

167 1672 203 1709 ἦν
233 1675 374 1710 ἐπίσχεσις
387 1682 394 1690 ⁸
413 1675 472 1702 ἀλλ’
488 1675 584 1711 ὥσπερ
604 1677 633 1702 ὲν
648 1677 708 1708 ταῖς
730 1676 825 1708 ἄλλαις
842 1677 952 1703 καθολιο

169 1721 242 1752 καις,
261 1720 332 1747 οὕτω
346 1721 393 1747 καὶ
409 1721 495 1756 ταύτῃ
507 1721 557 1747 οὐκ
582 1721 659 1756 ὀλίγῃ
676 1722 757 1758 μοίρᾳ
769 1723 832 1753 τοὺς
847 1722 951 1754 ζῶντας

168 1767 182 1792 ὁ
197 1765 313 1800 πνιγμδς
329 1765 499 1798 ἐδικαίωσεν,
518 1761 555 1794 ὧν
574 1767 588 1793 6
604 1766 721 1801 ἁριθμὺς
735 1767 822 1802 ἐρίζοι
838 1768 871 1793 ἂν
884 1767 952 1802 πρὸς

167 1814 230 1844 τοὺς
242 1813 286 1839 ἐπ’
300 1813 476 1848 ἀκροπόλεως
500 1813 680 1848 πεπνιγότας,
694 1814 732 1846 ὡς
761 1816 778 1850 ἡ
806 1815 880 1851 ἁρχὴ
903 1816 951 1842 τοῦ

168 1857 247 1892 λόγου
258 1858 422 1893 συνέγραψε.
488 1895 490 1897 ἱ

202 1904 251 1940 ρδ’.
278 1904 310 1930 Τί
326 1905 360 1931 ἂν
374 1905 480 1940 λέγοιμι
491 1905 554 1936 τοὺς
580 1906 635 1936 τῶν
648 1906 750 1940 τεγέων
768 1907 851 1934 οἴκων
880 1907 951 1934 ἄνω-

166 1951 212 1976 οεν
227 1950 444 1984 καθαλλομένους
459 1951 504 1977 ἐπὶ
519 1951 618 1986 μελέτῃ
630 1951 756 1984 θανάτου,
773 1953 817 1978 ὅτε
833 1953 863 1978 τὸ
878 1953 951 1987 μέγα

166 1995 249 2022 κακὸν
275 1996 322 2022 καὶ
339 1996 436 2027 αὐτοὺς
457 1997 682 2031 περιεστοίχιςεν;
700 1998 732 2024 Οἳ
763 1999 951 2033 πτερύξασθαι

166 2042 206 2072 είς
226 2041 321 2076 αἰθέρα
339 2041 376 2076 μὴ
393 2042 510 2076 ἔχοντες,
526 2039 613 2078 οὗπερ
644 2043 750 2076 ἐφίεντο
762 2043 807 2076 ἂν,
837 2044 867 2070 τὸ
896 2045 952 2072 τῶν

167 2086 272 2120 βαρέων
287 2086 415 2121 ἔπασχον,
444 2088 490 2113 καὶ
510 2087 623 2114 ἐλάκουν
639 2089 678 2120 εἰς
701 2088 827 2121 θάνατον,
857 2091 888 2116 ὲκ
903 2099 951 2124 με-

165 2131 269 2166 τεώρου
296 2132 544 2166 κατασήπτοντες.
565 2132 598 2158 Τι
621 2132 649 2158 δὲ
665 2132 726 2163 τοὺς
740 2133 812 2158 κατὰ
827 2135 950 2168 φρεάτων

964 1516 986 1546 C

1001 896 1189 930 velocissime,
1216 904 1266 925 nec
1301 897 1446 930 cohibuit,
1479 898 1606 934 equidem
1644 898 1794 932 prudentia:

999 948 1093 974 causa,
1113 946 1142 969 ut
1170 943 1210 970 sic
1246 950 1295 977 per
1331 943 1513 977 frequentiam
1550 942 1644 978 populi
1688 942 1794 970 facilius

1001 992 1174 1021 penetraret,
1203 996 1371 1023 unoquoque
1400 987 1541 1024 fugiente,
1573 996 1607 1015 ne
1633 995 1705 1022 equo
1728 996 1795 1015 cou-

1000 1032 1168 1063 culcaretur.
1200 1033 1300 1068 illeque
1327 1034 1473 1062 invisibilis
1496 1034 1590 1060 videre
1608 1038 1700 1067 posset
1721 1040 1787 1068 spo—

992 1079 1115 1113 Jiatores
1139 1080 1234 1115 sicque
1250 1081 1311 1107 illos
1326 1080 1457 1115 punire);
1473 1087 1589 1107 currens
1617 1086 1682 1113 ergo
1706 1087 1795 1106 eunu-

1001 1125 1068 1152 chus
1084 1126 1121 1152 ita
1140 1133 1211 1160 equo
1231 1131 1345 1154 strenuo
1362 1126 1499 1157 insidens,
1525 1133 1664 1160 manuque
1677 1126 1793 1152 ferream

1001 1170 1106 1197 clavam
1130 1175 1240 1204 tenens,
1264 1171 1348 1199 simul
1366 1172 1568 1199 auxiliantibus
1595 1171 1731 1198 ministris
1746 1171 1794 1205 qui

1001 1215 1075 1242 illum
1097 1217 1322 1249 comitabantur.
1346 1218 1451 1253 quique
1483 1217 1627 1245 fortissimi
1658 1220 1738 1244 erant
1766 1217 1793 1243 in

1001 1265 1116 1298 agendo,
1127 1265 1216 1291 caedes
1228 1264 1352 1291 cohibuit
1368 1264 1468 1292 multas
1484 1271 1516 1291 ac
1531 1263 1709 1298 spoliationes
1720 1264 1794 1291 viro-

1001 1317 1061 1337 rum
1075 1318 1107 1338 ac
1123 1311 1289 1344 mulierum;
1308 1319 1369 1346 quae
1394 1319 1459 1338 vero
1488 1311 1624 1346 impedire
1646 1311 1715 1338 alias
1737 1318 1794 1337 non

1002 1357 1102 1390 potuit.
1135 1356 1221 1384 Fures
1245 1357 1366 1392 sepulcri
1390 1358 1479 1384 sancti
1506 1357 1622 1393 fugavit,
1649 1358 1728 1384 modo
1744 1357 1793 1390 qui

1002 1409 1056 1429 non
1085 1402 1126 1430 eis
1151 1403 1266 1437 placuit,
1296 1408 1471 1438 asportantes
1491 1408 1597 1431 tantum
1616 1404 1654 1439 (et
1680 1403 1791 1439 quidem

1002 1446 1098 1481 multa)
1120 1455 1180 1480 qua:
1209 1452 1271 1475 ante
1292 1448 1438 1475 adventum
1463 1449 1535 1476 illius
1560 1453 1716 1483 rapuerant.
1733 1448 1795 1476 Cas-

1002 1492 1050 1520 dcs
1063 1493 1100 1520 ibi
1115 1493 1223 1528 quidem
1238 1494 1379 1521 hominum
1406 1495 1451 1522 hic
1473 1494 1615 1527 cohibuit;
1632 1499 1659 1522 at
1684 1495 1792 1529 fugien-

1002 1537 1069 1564 tium
1088 1539 1114 1564 in
1134 1539 1233 1573 templo
1249 1539 1456 1567 sull'ocationem
1478 1548 1532 1568 non
1555 1541 1615 1568 era’t
1638 1541 1684 1575 qui
1706 1541 1793 1574 impe-

1002 1583 1060 1610 dire
1076 1585 1250 1619 posset;sed
1274 1585 1507 1620 quemadmodum
1536 1586 1562 1614 in
1584 1586 1646 1613 aliis
1663 1586 1792 1619 coetibus,

1002 1629 1043 1656 sic
1057 1634 1083 1656 et
1096 1630 1123 1656 in
1133 1630 1188 1658 isto
1197 1639 1250 1658 non
1265 1639 1368 1666 paucos
1377 1633 1500 1659 viventes
1508 1632 1541 1659 ad
1552 1636 1667 1660 mortem
1681 1633 1792 1659 damna-

1003 1674 1041 1700 vit
1059 1675 1150 1707 turba,
1169 1683 1287 1711 quorum
1303 1684 1435 1705 numerus
1454 1678 1578 1705 certabat
1594 1685 1656 1705 cum
1676 1685 1791 1705 numero

1002 1727 1097 1748 eorum
1113 1722 1159 1756 qui
1172 1722 1296 1750 suﬁ'ocati
1315 1723 1423 1751 fuerant
1439 1723 1467 1751 in
1485 1731 1557 1758 arce,
1569 1729 1600 1751 ut
1613 1724 1641 1751 in
1657 1724 1792 1759 principio

1004 1765 1067 1793 libri
1079 1767 1159 1802 hujus
1177 1767 1280 1795 dictum
1301 1773 1354 1796 est.

1039 1901 1099 1927 104.
1127 1900 1194 1933 Quid
1216 1902 1304 1929 dicant
1329 1902 1362 1929 de
1384 1902 1426 1929 his
1449 1902 1493 1936 qui
1510 1910 1526 1929 e
1542 1902 1622 1929 tectis
1644 1902 1788 1930 domorum

1003 1954 1059 1981 prae
1088 1948 1184 1973 mortis
1202 1953 1274 1974 metu
1300 1948 1326 1974 in
1351 1952 1425 1975 tanto
1449 1947 1570 1982 periculo
1586 1947 1792 1983 prosiliebant?

1006 1992 1057 2024 Qui
1084 1993 1111 2019 in
1134 2000 1224 2020 aerem
1252 1993 1342 2020 volare
1363 2001 1417 2020 non
1444 1994 1576 2025 valentes.
1601 1994 1671 2021 sicut
1688 1995 1791 2021 voluis-

1005 2041 1077 2070 sent,
1106 2046 1138 2065 ex
1168 2039 1287 2073 pondere
1317 2041 1440 2074 corporis
1476 2040 1662 2075 patiebantur,
1692 2041 1788 2068 mortis

1003 2084 1120 2111 sonitum
1133 2084 1244 2114 dabant.
1271 2093 1304 2112 ex
1319 2085 1374 2112 alto
1398 2085 1565 2113 decidentes.
1593 2085 1663 2118 Quid
1679 2086 1712 2112 de
1733 2086 1786 2112 illis

1005 2129 1052 2163 qni
1068 2129 1094 2156 in
1109 2130 1198 2164 puteis
1213 2131 1285 2157 velut
1303 2131 1328 2158 in
1345 2132 1424 2165 aquis
1442 2132 1524 2166 prisci
1555 2132 1627 2159 illius
1645 2132 1738 2166 Cocyti
1756 2137 1784 2158 et

165 2176 229 2203 ὡσεὶ
245 2177 290 2203 καί
316 2185 387 2208 τινος
404 2177 526 2203 κωκυτοῦ
544 2178 592 2204 καὶ
618 2178 775 2213 ἁχεροντὶου
792 2178 887 2210 ὓδατος
904 2179 949 2214 βυ-

1005 2175 1166 2202 Acherontis
1204 2183 1233 2202 se
1261 2177 1457 2211 immergebant
1489 2177 1538 2204 viri
1569 2185 1600 2204 ac
1636 2178 1785 2209 mulieres;

165 2220 322 2258 θιζομένους
346 2223 444 2258 ἄνδρας
459 2231 488 2249 τε
502 2224 548 2249 καὶ
570 2225 710 2257 γυναῖκας;
726 2224 789 2254 τοὺς
817 2224 866 2258 μὲν
877 2225 950 2259 φίόῳ

166 2269 212 2295 τοῦ
228 2270 265 2303 μὴ
279 2269 334 2295 ἄνω
349 2270 442 2295 πεσεῖν
458 2269 576 2304 θανάτῳ.
592 2269 640 2299 τὰς
652 2269 680 2295 δὲ
706 2270 751 2295 καὶ
769 2271 840 2296 κατὰ
856 2271 951 2303 σεμνό-

169 2322 246 2348 τητα.
266 2314 363 2340 Καινδν
375 2314 402 2340 δὲ
422 2314 499 2340 οὐδὲν
515 2314 573 2340 οὐδὲ
593 2315 609 2349 ἡ
629 2314 739 2349 τοιαύτη
767 2315 906 2348 ἔμπτωσίς
921 2324 950 2341 τε

166 2360 210 2386 ναὶ
221 2360 394 2390 καταπτωσις
407 2362 470 2394 παρ’
485 2360 649 2395 ἀνθρώποις,
665 2360 689 2386 οἳ
703 2360 741 2395 μὴ
756 2361 835 2394 μόνον
850 2361 950 2395 πέτρας

165 2403 275 2438 εὔχοντο
292 2404 325 2429 ἂν
358 2404 474 2438 ῥαγῆναι
490 2405 528 2435 5!;
549 2404 682 2439 ὑποδοχὴν
699 2405 799 2436 αὐτοῖς,
827 2405 872 2430 καὶ
890 2405 950 2438 βου-

165 2449 227 2477 νοὺς
245 2448 283 2478 εἰς
303 2446 403 2482 κρύψιν
417 2448 657 2482 κατακυλισοῆναι.
675 2449 721 2475 καὶ
734 2449 846 2482 οὐρανδν
860 2450 888 2475 δὲ
901 2449 949 2476 αύ-

164 2504 169 2508 σ
180 2493 209 2518 ον
222 2494 433 2519 ὲπικαταπεσεῐν
442 2501 449 2508 υ
464 2493 532 2520 ἀλλά
553 2502 604 2520 που
617 2495 663 2522 καὶ
676 2495 740 2528 χάος
757 2496 802 2520 καὶ
814 2494 949 2529 τάρταρον

165 2539 347 2572 ἐφαντάζοντο
359 2540 398 2570 είς
409 2539 556 2566 κατάδυσιν
586 2541 631 2566 καὶ
659 2539 716 2574 βίου
736 2540 895 2566 κατάλυσιν.
913 2540 948 2566 Τὸ

164 2584 219 2618 γὰρ
247 2584 308 2610 καθ’
324 2585 443 2619 ιστορίαν
459 2584 605 2619 βάραθρον,
625 2586 672 2611 καὶ
689 2586 712 2611 οἱ
728 2585 846 2620 κρημνοὶ
863 2587 948 2621 μικρᾶ

165 2630 211 2655 καὶ
222 2628 293 2654 αὐτὰ
309 2626 378 2664 ἦσαν
395 2631 449 2659 τοῖς
464 2629 656 2663 ἀφαντωϐἦναι
672 2629 804 2656 θέλουσιν.

201 2677 248 2710 ρι’.
270 2675 302 2700 Ὠ
317 2683 360 2709 μοι
377 2675 422 2701 καὶ
436 2675 489 2701 τῶν
502 2676 592 2708 λίθων,
608 2676 688 2715 οἵπερ
704 2676 882 2711 ὲπαφιέμενοι
892 2678 947 2709 τοῖς

163 2719 295 2751 τοιούτοις
313 2721 381 2755 πρὸς
408 2721 462 2746 τῶν
478 2721 633 2757 βαρϐάρων,
650 2722 791 2749 ἀνανεύειν
805 2723 853 2749 οὐκ
869 2723 947 2757 ἀφίε-

164 2774 225 2798 σαν,
244 2766 304 2792 ἀλλ⁸
322 2767 546 2801 ἐπιπωμάςοντες
583 2767 765 2803 κατεχώννυον
780 2769 842 2800 τοὺς
864 2770 946 2796 ὲλεει-

164 2810 234 2843 χούς.
262 2812 329 2839 Οὐαὶ
344 2812 405 2838 τότε
425 2813 472 2838 καὶ
489 2813 547 2838 ὅσαι
574 2815 644 2839 κατὰ
660 2815 799 2848 γαστέρων
815 2813 898 2850 εἶχον,
912 2815 944 2846 ἂς

346 2861 480 2891 ΡΑΤιιοι.
504 2862 559 2891 Gn.
590 2861 698 2892 CXXX
708 2862 760 2893 \‘l.

1004 2220 1042 2247 illi
1060 2221 1156 2248 timore
1170 2229 1252 2249 casus
1279 2223 1415 2254 mortalis,
1445 2223 1486 2250 hae
1498 2228 1589 2250 autem
1614 2224 1787 2251 verecundia:

1002 2266 1103 2293 causa?
1115 2266 1167 2293 Nec
1182 2268 1267 2294 saltus
1281 2275 1329 2294 nec
1343 2275 1424 2295 casus
1438 2269 1541 2303 aliquid
1559 2271 1620 2295 novi
1637 2275 1714 2296 crant
1732 2270 1787 2295 ulla

1002 2312 1082 2339 modo
1098 2313 1265 2346 hominibus,
1281 2315 1327 2345 qui
1342 2322 1395 2341 non
1411 2315 1651 2349 solumjaclabant
1669 2316 1785 2343 elisuros

1000 2362 1093 2392 petras
1108 2366 1190 2393 super
1204 2367 1272 2392 quas
1298 2360 1438 2392 caderent.
1460 2368 1474 2388 c
1490 2361 1564 2388 saxis
1579 2361 1739 2395 dilapsnros
1756 2363 1783 2388 iu

1001 2405 1124 2439 abyssiis.
1146 2414 1177 2432 ac
1191 2413 1276 2438 nSque
1293 2406 1325 2432 ad
1340 2406 1437 2433 cmlum
1463 2414 1598 2440 casuros;
1617 2409 1663 2434 sed
1684 2408 1784 2442 pas~im

1000 2451 1082 2477 chaos
1102 2454 1129 2476 ct
1144 2455 1274 2476 tartarum
1289 2458 1318 2477 se
1332 2451 1480 2479 oﬂcrehant
1493 2458 1521 2478 ut
1535 2453 1736 2487 receptat-ulmi:
1759 2458 1785 2480 et
1829 2457 1834 2463 '

1001 2497 1032 2522 ad
1050 2496 1214 2523 solutionem
1241 2497 1312 2523 vitat.
1337 2497 1406 2524 Nam
1430 2498 1507 2532 juxta
1537 2499 1678 2526 historiam
1705 2500 1785 2526 bara-

1000 2541 1089 2568 thrum
1117 2545 1144 2568 et
1159 2542 1250 2576 abyssi
1265 2549 1348 2576 parva
1364 2549 1441 2570 erant
1463 2543 1506 2571 his
1522 2544 1568 2578 qui
1585 2552 1615 2572 se
1631 2545 1784 2572 invisibiles

1000 2587 1090 2613 facere
1104 2586 1230 2614 volebant

1034 2674 1095 2702 105.
1115 2674 1190 2701 llcul
1214 2674 1278 2708 quid
1296 2675 1330 2701 de
1344 2674 1481 2710 lapidibus
1498 2675 1543 2709 qui
1555 2675 1631 2703 missi
1649 2675 1783 2701 adversus

998 2720 1059 2748 illos
1074 2728 1087 2746 a
1097 2720 1236 2753 Barbaris,
1248 2728 1301 2747 nun
1312 2721 1441 2748 sinebant
1459 2729 1504 2748 eos
1518 2727 1626 2752 nutare,
1645 2721 1690 2747 sed
1707 2721 1784 2746 obte-

995 2769 1090 2800 gcntcs
1105 2773 1151 2792 eos
1164 2765 1351 2792 miserabiliter
1360 2765 1584 2800 sepeliebant.Vze
1593 2769 1657 2792 tunc
1671 2765 1713 2791 his
1724 2772 1783 2798 qua:

999 2815 1105 2840 uterum
1123 2811 1276 2846 gestabant,
1290 2819 1359 2847 quas
1375 2811 1402 2838 in
1421 2811 1482 2846 fuga
1504 2811 1643 2838 detinebat
1671 2810 1780 2838 charum

1511 2860 1528 2889 Ιι
