1962 3087
154 106 205 165 ιω

542 134 590 164 DE
612 135 896 168 TIIESSALONICA
913 138 1019 169 URBE
1038 140 1058 169 A
1080 140 1236 173 LATINIS
1247 143 1376 174 CAPTA.

1723 145 1773 178 110

153 190 263 218 ἔσεσθαι
284 190 509 226 ἀπογράψασθαι.
526 191 632 223 Πάντες
647 194 670 219 οἱ
689 192 741 225 ἔξω
759 193 883 225 ἱππόται,
896 194 944 221 καὶ

1000 199 1100 234 equites
1124 201 1170 236 qui
1188 206 1267 229 erant
1283 207 1361 230 extra
1379 210 1484 235 muros,
1503 202 1642 237 ducesque
1660 201 1770 232 classis,

153 237 176 262 ol
196 235 326 273 ναύαρχοι
344 238 382 269 δὲ,
399 237 552 268 ἀκολούθως
568 238 598 264 δὲ
626 239 672 265 καὶ
688 239 713 265 οἱ
730 239 800 273 ἀμφ’
826 240 937 273 αὐτοὺς,

153 282 376 317 ἀνακαθήραντες
393 283 442 318 ήδη
459 283 491 309 τὰ
504 283 580 317 σφίσι
606 284 721 318 φοϐερά,
740 286 787 310 καὶ
804 285 938 319 μισήσαν-

154 336 198 358 τες
208 329 248 360 είς
262 329 343 355 πλέον
352 330 552 363 αίθριοκοιτεῖν,
567 329 687 364 ἔπλησαν
699 330 782 361 ἀδεῶς
799 331 845 362 τὰς
863 330 941 366 οἰκή-

156 383 212 405 σεις
228 374 276 408 τῆς
296 374 417 406 πόλεως·
437 376 485 405 τὰς
503 376 552 409 μὲν
583 375 691 410 μείζους
707 376 779 403 κατὰ
805 377 938 411 κεφαλὰς,

155 420 201 446 καὶ
217 420 272 446 ὅσοι
289 421 352 455 περὶ
366 421 459 452 αὑτάς·
474 421 521 453 τὰς
533 421 561 448 δὲ
575 422 701 453 ἐλάττους
714 422 784 449 κατά
794 430 869 453 τινας
881 422 939 454 ῐλας

156 466 266 500 ἐτέρας,
283 466 359 497 ὅσαις
374 464 407 501 ἦν
439 466 597 502 σύμμετρον
610 467 641 493 τὸ
668 467 822 500 κατάλυμα.
840 467 895 493 Καὶ
909 467 940 494 τὸ

155 511 279 538 ἐντεῦθεν
289 512 367 538 αὐτοὶ
383 513 432 546 μὲν
442 510 512 547 ἦσαν
526 513 608 539 οἴκων
621 513 686 539 εἵσω
696 521 703 528 ·
730 513 760 538 τὸ
777 512 805 539 δὲ
833 513 938 539 πολιτι-

156 557 203 584 κὸν
217 557 289 584 άπαν
309 557 435 593 σύστημα
449 558 591 590 ἐπλάζετο,
605 559 634 584 ὲν
649 556 690 589 οἷς
715 558 763 584 καὶ
777 559 868 593 ἡμεῖς.
885 557 939 584 Καὶ

154 603 186 629 τὸ
201 602 249 635 μὲν
265 602 402 638 βάρϐαρον
426 603 537 638 ἐνέμετο
562 603 612 633 τάς
638 603 681 630 ἐπ’
694 603 776 630 οῐκων
799 603 938 634 ἐνθέσεις·

156 647 220 674 οίδὲ
252 648 440 675 οἰκοδεσπόται
462 649 642 682 άπελήλαντο,
673 648 721 675 καὶ
750 648 940 683 περιενόστουν

156 690 207 719 ὧδε
223 693 312 724 κάκεῖ,
324 694 486 730 πεινῶντες,
499 693 640 728 διψῶντες,
666 693 814 729 ῥιγοῦντες,
832 693 873 719 ὅτι
893 691 941 718 καῖ⁵

157 739 265 773 γυμνοί.
283 739 337 766 Καὶ
352 739 408 766 εἴθε
425 739 475 773 μὲν
489 739 598 774 γυμνοὶ,
612 739 650 770 ὡς
666 739 698 765 άν
714 747 764 765 που
779 739 827 765 καὶ
843 738 941 765 ἐλεοῖν-

157 793 187 811 το
202 786 233 811 ὲκ
251 786 306 811 τῶν
331 786 532 819 γυμνωσάντων
543 793 551 800 ·
579 785 627 811 νῦν
642 785 670 811 δὲ
706 784 878 819 σοφιζόμενοι
891 783 940 818 τὴν

158 828 274 860 ἔνδυσιν,
290 829 334 856 διὰ
350 830 381 856 τὸ
400 829 486 861 ἄλλως
501 830 562 856 κατ’
575 824 637 864 ὄψιν
653 830 775 864 αἰσχρὸν,
797 829 848 855 οὒκ
866 826 940 863 εἶχον

159 874 241 907 ἔλεον,
256 872 299 901 οἶα
313 874 362 910 τῆς
377 875 498 910 ἀνάγκης
511 876 627 910 ἑκάστῳ,
643 876 667 901 εί
683 876 729 902 καὶ
744 875 866 907 άναλλον,
884 874 940 901 ἀλλ’
957 871 978 899 Β

158 919 204 947 οὖν
228 928 288 946 τινα
323 920 416 955 στολὴν
442 920 622 955 άφοσιούσης·
649 921 745 947 ὁποίαν
775 919 837 947 ἰδὼν
864 919 943 954 ὁμὲν

159 964 212 998 ἔξω
225 964 348 998 πένθους,
363 966 472 1000 γελάσοι
500 967 532 993 ἂν
547 966 591 993 διά
608 967 639 993 τὺ
659 966 870 1001 σκηνικώτερον,
889 966 903 992 ὸ
916 965 944 992 δὲ

159 1011 376 1045 συγγεγευμένος
390 1010 437 1038 τοῦ
450 1011 552 1043 πάθους
565 1012 614 1038 οὐκ
626 1011 659 1038 ἂν
675 1012 785 1046 όκνήσοι
806 1011 843 1046 μὴ
862 1011 945 1037 ἐκθα-

160 1058 216 1083 νεῖν
233 1057 410 1092 λυπούμενος.
439 1057 594 1093 Ἐτρύπησέ
608 1065 651 1088 τις
670 1057 777 1092 ψίαθον,
793 1057 839 1083 καὶ
866 1065 944 1091 περι-

161 1103 319 1138 ϐαλόμενος,
334 1103 452 1138 ἔκρυπτε
466 1103 545 1138 μόγις
571 1103 620 1142 τῂν
644 1103 779 1137 προσθίαν
804 1102 944 1137 αἰσχύνην.

161 1149 217 1176 Καὶ
232 1150 328 1184 ἠγάπα
344 1149 414 1176 οὕτω
437 1149 638 1184 καλυψάμενος,
654 1149 790 1183 εὐδαίμων
819 1148 898 1179 αὐτὸς
912 1149 945 1183 τῇ

163 1189 233 1229 πρὸς
248 1194 357 1229 ἑτέρους
374 1194 528 1230 παραϐολῇ,
546 1195 603 1221 ὅσοι
631 1194 661 1221 τδ
675 1195 746 1221 κατὰ
770 1195 848 1229 χεῖρα
864 1193 947 1227 θέναρ

162 1242 211 1268 καὶ
224 1240 259 1267 τά
285 1239 405 1267 δάκτυλα
420 1240 492 1267 καθά
505 1248 530 1266 τι
543 1239 751 1275 παραπέτασμα
774 1239 946 1274 προθέμενοι,

163 1287 210 1313 καὶ
222 1285 399 1320 κρύπτοντες,
417 1285 489 1320 άπερ
504 1285 598 1320 ὲχρῆν,
628 1284 774 1320 ἠρκοῦντο,
793 1284 829 1319 μὴ
843 1283 948 1318 ἔχοντες

163 1333 177 1359 ὃ
192 1341 218 1359 τι
234 1332 314 1359 πλέον
340 1331 480 1367 δράσουσι.
502 1331 559 1358 Καὶ
573 1329 606 1367 ἦν
622 1332 672 1367 μὲν
699 1331 745 1358 καὶ
762 1330 826 1357 αὐτὸ
842 1330 871 1356 οὐ
885 1329 948 1361 θέας

163 1378 248 1411 ἄξιον.
264 1378 296 1404 El
322 1377 410 1404 δὲκαὶ
435 1377 565 1411 γυναῖκες
590 1378 636 1404 τοῦ
664 1377 766 1408 πάθους
790 1377 950 1404 ἐκοινώνουν

165 1424 254 1456 τοῦδε,
268 1423 295 1451 τι
309 1423 341 1459 δὴ
359 1423 481 1459 ἔλαμπεν
496 1423 584 1459 ἥλιος,
604 1423 642 1455 ὡς
674 1423 721 1449 καὶ
738 1423 850 1450 τοιαῦτα
868 1423 950 1449 καθο-

166 1470 227 1506 sev;

993 253 1143 282 omnesque
1177 248 1224 282 qui
1253 255 1300 276 eos
1320 249 1531 282 comitabantur,
1549 249 1604 284 jam
1636 249 1670 275 de
1698 247 1774 275 omni

993 292 1115 325 periculo
1138 295 1240 325 securi,
1256 294 1435 328 nolentesque
1461 294 1565 322 diutius
1587 294 1638 322 sub
1653 294 1699 321 dio
1715 301 1774 320 ma-

992 344 1068 369 nere,
1090 337 1251 364 ﬂducialiter
1277 338 1373 365 domos
1403 337 1477 365 urbis
1499 338 1698 372 impleverunt;
1715 345 1774 364 ma-

990 383 1066 418 jores
1093 388 1168 411 certo
1189 383 1305 411 militum
1334 392 1461 415 numero,
1480 384 1600 411 minores
1620 391 1685 411 vero
1710 384 1775 410 reli-

993 429 1054 464 quis
1080 429 1196 457 aliorum
1220 430 1370 465 agminum,
1392 430 1472 457 modo
1488 437 1542 464 quo
1559 430 1706 464 hospitium
1720 430 1771 457 ho-

993 475 1109 510 spitibus
1137 475 1406 508 accommodaretur;
1429 476 1556 510 deinceps
1581 475 1774 502 habitaverunt

993 521 1063 547 intra
1085 520 1190 548 domos.
1219 521 1315 548 Omnis
1343 528 1409 548 vero
1438 520 1641 548 administratio
1654 520 1774 547 civitatis

993 565 1124 593 dissoluta
1142 571 1211 598 erat,
1237 566 1317 601 cujus
1344 573 1393 593 nos
1410 574 1532 594 eramus.
1556 565 1667 593 Barbari
1683 565 1775 593 domi-

994 611 1044 639 bus
1072 612 1204 645 tributum
1233 612 1450 646 constituerant;
1479 612 1583 639 domini
1600 618 1665 639 vero
1680 618 1774 639 earum

993 657 1097 692 expulsi
1122 657 1241 689 fuerant,
1269 657 1312 685 hic
1339 661 1366 685 et
1385 657 1441 685 illic
1470 662 1608 689 errantes,
1628 656 1708 689 fame,
1728 656 1774 683 siti

992 703 1120 734 cruciati,
1148 703 1290 730 horrentes
1306 710 1360 737 prae
1385 703 1517 730 nuditate.
1537 702 1570 729 Et
1584 702 1688 729 utinam
1704 701 1775 729 luis-

993 752 1054 776 sent
1067 749 1142 780 nudi,
1162 753 1192 776 ut
1212 748 1282 776 forte
1298 749 1432 776 nudantes
1447 749 1522 783 ipsos
1539 755 1715 775 commovere
1725 754 1776 782 po-

995 794 1125 822 tuissentl
1151 801 1225 822 nunc
1252 801 1328 826 vero,
1344 794 1504 821 indumento
1521 793 1582 821 novi
1609 793 1715 828 generis
1732 793 1776 819 in—

994 845 1086 873 vento,
1103 841 1176 876 quod
1193 841 1260 868 alias
1271 841 1330 868 visu
1346 846 1423 875 turpe
1432 845 1485 872 est,
1503 847 1556 867 nan
1572 839 1700 868 commoti
1711 842 1776 867 sunt

993 886 1138 921 quamdam
1157 887 1277 913 tunicam
1300 885 1491 920 relinquendo,
1522 893 1605 920 quam
1621 884 1774 913 necessitas

994 933 1143 967 unicuique
1162 932 1319 964 donaverat,
1338 931 1401 959 licet
1419 931 1538 958 unicam.
1561 930 1681 963 Quieam
1698 929 1775 956 vide-

994 979 1050 1011 bat.
1062 978 1160 1006 nedum
1169 978 1283 1013 lugeret,
1294 979 1398 1006 ridebat
1413 985 1427 1005 ε
1441 981 1537 1006 contra
1555 984 1587 1004 eo
1604 976 1673 1011 quod
1689 975 1776 1010 magis

995 1025 1133 1053 scenicum
1150 1028 1240 1057 essm;
1265 1024 1311 1058 qui
1331 1032 1395 1051 vero
1408 1022 1546 1059 passionis
1559 1022 1697 1056 particeps
1714 1020 1776 1048 lue-

996 1074 1049 1100 rat,
1066 1076 1120 1096 non
1137 1069 1279 1096 ha‘sitabat
1294 1068 1393 1096 timore
1405 1068 1512 1095 mortis.
1534 1067 1659 1094 Stoream
1677 1065 1776 1100 aliquis

996 1115 1161 1151 perforabat,
1175 1115 1404 1150 circumdansque
1427 1115 1471 1142 vix
1485 1116 1606 1142 anterius
1619 1113 1774 1148 pudendum

997 1161 1221 1196 circumtcgebat.
1251 1161 1399 1195 Postquam
1424 1159 1459 1186 ita
1488 1159 1701 1187 circumtexerat
1724 1155 1777 1184 sibi

998 1206 1137 1234 videbatur
1152 1214 1213 1234 esse
1228 1207 1321 1234 beatus
1336 1213 1390 1241 prae
1409 1205 1529 1237 caeteris,
1544 1204 1603 1239 qui,
1620 1203 1707 1230 volam
1719 1209 1778 1228 ma-

998 1261 1050 1281 nus
1068 1260 1098 1280 ac
1114 1252 1213 1288 digitos
1229 1254 1305 1280 velut
1320 1253 1457 1286 quoddam
1485 1251 1574 1279 velum
1593 1253 1778 1285 propunentes

998 1299 1251 1334 abscondentesque
1268 1299 1340 1334 quod
1366 1303 1424 1326 erat
1443 1295 1678 1326 abscondendum,
1704 1292 1779 1320 Sllm-

999 1350 1060 1370 ccre
1085 1343 1290 1375 existimabant,
1319 1350 1374 1370 non
1398 1342 1530 1369 habentes
1560 1340 1632 1367 unde
1659 1338 1777 1373 amplius

1000 1387 1131 1416 lacerent.
1157 1388 1215 1416 lloe
1239 1389 1347 1424 quidem
1379 1392 1438 1416 erat
1464 1388 1524 1415 visu
1557 1385 1723 1414 miserabile.
1750 1383 1778 1411 Si

999 1435 1081 1463 etiam
1107 1435 1234 1462 mulieres
1255 1443 1340 1469 passae
1359 1434 1487 1467 fuerunt,
1512 1433 1577 1468 quid
1589 1432 1630 1461 sol
1639 1429 1737 1465 _illuxit
1749 1433 1779 1457 ut

1002 1481 1058 1508 lucc
1073 1481 1322 1516 contemplaretur?

195 1537 253 1573 'p0‘.
274 1537 344 1564 Ἀλλ’
357 1537 436 1568 αὐτὸς
457 1537 506 1571 μὲν
521 1535 593 1572 εἶχεν
621 1537 707 1569 ἄλλως
722 1537 905 1564 ἐνδείκνυσθαι
923 1545 947 1563 τι

1036 1548 1098 1576 109.
1117 1549 1151 1576 At
1179 1549 1217 1576 illi
1234 1550 1329 1577 saltem
1353 1550 1404 1578 hoc
1422 1550 1597 1578 referendum
1623 1552 1687 1580 boui
1708 1552 1780 1587 quod

166 1583 258 1616 καλόν,
287 1582 427 1616 ἐκτρέπων
440 1582 502 1613 τοὺς
515 1583 609 1614 αὑταῖς
635 1582 843 1617 ἐνυϐρίζοντας.
864 1583 871 1591 '
888 1583 908 1609 0
922 1582 950 1609 at

166 1629 251 1656 ἐπιὼν
266 1628 382 1664 ἕσπερος
399 1628 528 1655 πάνδεινα
541 1629 639 1661 ἐποίει,
656 1629 751 1655 σκότον
766 1628 952 1663 προϐαλλόμε-

166 1683 212 1706 νος
226 1674 267 1705 είς
294 1673 457 1709 άποκρυφὴν
477 1674 523 1700 καὶ
538 1673 685 1701 ἀναίδειαν.
707 1673 739 1700 Ἥ
755 1673 803 1708 μὲν
818 1673 872 1708 γὰρ
885 1673 948 1709 ὴμέ-

168 1729 202 1756 ρα
216 1718 272 1755 εῖχέ
285 1728 312 1746 τι
328 1720 435 1754 σῶφρον
451 1719 505 1746 δέει
519 1719 573 1746 τῶν
588 1719 774 1755 ὑπερεχόντων
800 1727 808 1735 ·
822 1720 839 1754 ἡ
854 1719 882 1746 δὲ
904 1720 952 1752 νὺξ

167 1766 354 1802 ὲπαῤῥησίαζε
377 1765 410 1793 τὰ
423 1765 460 1801 μὴ
477 1766 548 1792 ὅσια.
572 1764 626 1793 Ἦν
644 1774 686 1798 τις
707 1766 778 1799 τότε,
804 1775 850 1793 και
864 1765 892 1797 ὃς
904 1766 952 1801 ρά-

168 1821 214 1844 κος
228 1812 353 1848 εὑρηκὼς
371 1811 596 1848 παρερριμμένον
609 1821 658 1839 που
679 1812 890 1847 ἀποκαθημένης
904 1821 952 1838 τυ-

168 1860 215 1895 χὸν
231 1859 248 1895 ἢ
265 1860 314 1886 καὶ
327 1859 443 1890 ἀλλοῖον,
458 1858 561 1889 ὁποίοις
579 1858 686 1889 πολλοῖς
705 1859 730 1884 ot
757 1858 888 1894 λεωφόροι
903 1866 953 1885 κα-

168 1906 346 1940 τέστρωνται,
363 1904 410 1930 καὶ
426 1904 512 1938 συχνὰ
537 1904 651 1930 τοιαῦτα
679 1904 892 1938 συγκεκρουκὼς
913 1904 954 1935 εἰς

170 1950 270 1986 ῥαφὴν,
299 1950 338 1982 ὡς
351 1948 419 1983 εἶχε,
447 1951 495 1977 καὶ
508 1949 612 1975 λεντίου
632 1949 731 1984 τρόπον
747 1948 954 1984 συσκευασάμε-

168 2005 222 2028 νος,
249 1997 324 2023 ἄκων
339 1995 416 2030 ἠθελε
440 1995 488 2030 τὴν
518 1995 640 2030 ἀσυνήθη
662 1995 836 2030 περιστολήν.
863 1995 953 2021 ’Δλλοι

170 2042 325 2077 συνθέματα
352 2042 418 2076 spati
440 2041 564 2076 μαδῶντα
590 2041 802 2076 ἐξευρίσκοντες,
825 2042 872 2068 καὶ
892 2042 954 2068 m-

171 2089 310 2123 πτόμενοι,
329 2087 433 2114 κοιλίαν
449 2087 497 2122 μὲν
513 2088 558 2114 καὶ
584 2087 664 2122 ῥάχιν
686 2086 732 2113 καὶ
759 2087 792 2113 τὰ
807 2087 954 2121 κατωτέρω

171 2135 287 2162 ἔσκεπον
302 2134 399 2169 σχοίνῳ
410 2133 497 2169 σαθρᾷ
517 2133 564 2159 καὶ
580 2133 702 2168 ῥυπαρᾷ,
723 2134 755 2168 τῇ
779 2133 811 2159 ἐκ
827 2133 953 2167 φιλύρας,

171 2181 187 2217 ἢ
207 2180 308 2208 τοιοῦδέ
322 2188 392 2211 τινος
407 2179 636 2214 περιζωσάμενοι,
652 2178 687 2205 τὰ
715 2179 744 2205 δὲ
758 2178 840 2206 λοιπὰ
855 2179 882 2205 ὲν
896 2177 954 2213 χρῷ

170 2214 230 2253 κατ’
244 2226 328 2261 αὐτὴν
342 2225 430 2261 σάρκα
450 2225 488 2260 τῷ
501 2225 562 2259 άέρι
596 2225 742 2259 γινόμενοι.
766 2224 953 2260 Ὶματισμένον
969 2214 989 2242 D

168 2274 197 2300 δέ
218 2282 279 2300 τινα
292 2273 356 2299 ἰδεῖν
367 2271 397 2299 τδ
410 2272 469 2298 ὅλον
479 2272 572 2306 ὅμοιον
584 2269 618 2306 ἦν
634 2271 672 2303 ὡς
688 2271 712 2298 ει
727 2271 772 2298 καὶ
789 2271 860 2307 ῥῆγα
871 2269 952 2304 εἶδεν,

169 2319 186 2353 ἢ
204 2318 283 2344 ἀλλον
295 2318 380 2353 ἄνδρα
415 2318 619 2353 λαμπρότητος.
643 2318 761 2352 Πόρναις
778 2317 871 2352 μόναις
897 2317 954 2343 ὲνέ-

169 2365 260 2398 λαμπε
274 2364 371 2395 κάλλος
392 2364 550 2399 ἱματισμοῦ,
568 2363 597 2390 αἳ
618 2364 675 2394 τοῖς
704 2364 787 2398 ἱεροῖς
802 2363 954 2398 πεπλώμα-

171 2419 212 2436 σιν
236 2410 406 2444 ὴγλαῖζοντο,
440 2410 594 2444 εὖπάρυφοι
608 2411 664 2442 τοῖς
694 2410 802 2444 μιαροῖς
828 2410 954 2443 ἐρασταῖς

170 2455 407 2491 παρομαρτοῦσαι,
422 2455 469 2482 καὶ
490 2455 643 2490 βλεπόντων
658 2457 672 2491 ἡ
678 2457 735 2490 μῶν
762 2455 954 2491 ’παρρησιαζό-

172 2510 250 2537 μεναι
261 2502 310 2537 τὴν
328 2501 474 2537 ἁμαρτίαν,
491 2503 537 2528 καὶ
549 2502 842 2537 συγκαταχορεύουσαι,
855 2501 877 2528 ὦ
890 2503 955 2528 κάν-

172 2547 260 2575 ταῦθα
275 2547 352 2578 θείας
377 2547 486 2582 ἁνοχῆςί
503 2547 536 2573 Δί
553 2547 580 2573 δὲ
595 2547 710 2582 κεφαλαὶ
724 2549 779 2579 τοῖς
798 2548 849 2582 μὲν
866 2547 954 2574 πλείο-

173 2601 215 2619 σιν
235 2590 304 2627 ἧσαν
321 2593 556 2624 άκατακάλυπτοι,
570 2592 622 2618 τῶν
633 2593 755 2619 Λατίνων
768 2592 838 2619 οὓτω
854 2602 955 2620 σκευω-

173 2639 323 2673 ρησάντων,
340 2637 376 2668 ὡς
392 2636 425 2663 ἂν
448 2637 558 2672 ἔχοιμεν
580 2637 610 2663 τὺ
624 2637 778 2672 ὁμόστολον.

208 2703 252 2740 ρι’.
275 2705 329 2731 Καὶ
343 2704 421 2730 τοῦτο
442 2703 490 2739 μὲν
516 2704 695 2738 οἰδυνάμενοι
709 2704 838 2739 ἔπασχον.
862 2705 956 2737 ὀσοις

171 2749 201 2776 δὲ
211 2749 246 2776 τὰ
257 2751 305 2784 τῆς
322 2749 442 2784 κεφαλῆς
459 2750 509 2776 οὐκ
529 2747 601 2784 εἶχεν
616 2750 740 2784 ἀπαθῶς,
753 2749 810 2776 ἀλλ’
826 2750 879 2776 ἔδει
905 2759 955 2777 κα-

173 2795 375 2831 τακεκαλὺφθαι
390 2796 475 2827 αὑτὰς
493 2795 534 2823 διὸ.
547 2796 576 2822 τὺ
596 2797 745 2831 ἂῤῥωστον,
772 2796 830 2823 ἀλλ’
857 2797 955 2828 αὐτοὺς

175 2840 279 2876 βλέπων
298 2850 338 2873 τις
354 2842 476 2872 παντοῖος
495 2840 526 2867 Ξιν
542 2841 587 2875 τὴν
614 2842 700 2876 ὶὺπην
712 2842 827 2877 γένοιτο,
848 2843 880 2878 τῇ
894 2850 953 2868 πομ

1000 1595 1046 1629 qui
1063 1595 1116 1622 illis
1134 1595 1568 1631 insultabantavertercPIVesper
1580 1605 1645 1625 vero
1662 1605 1781 1632 sequens

1000 1640 1163 1676 gravissima
1189 1641 1289 1673 attulit,
1319 1641 1446 1671 tenebras
1466 1642 1616 1677 projiciens
1637 1647 1666 1670 ut
1690 1643 1781 1670 omnia

999 1685 1233 1719 absconderentur
1243 1687 1385 1721 omnisque
1403 1687 1488 1722 pudor
1500 1688 1618 1715 abesset.
1634 1688 1697 1716 Dies
1708 1688 1781 1715 enim

1001 1731 1171 1766 prudentiam
1181 1731 1298 1766 aliquam
1314 1732 1467 1767 imponebat
1481 1733 1515 1760 ob
1523 1738 1623 1761 metum
1638 1734 1783 1760 dominan-

970 1807 973 1809 I
1000 1777 1079 1809 tium,
1097 1776 1160 1803 dum
1189 1784 1240 1804 nox
1265 1778 1397 1812 sacrilega
1420 1783 1534 1805 essvtet
1552 1779 1704 1805 sanctitatis
1718 1786 1784 1805 con-

1002 1822 1143 1857 temptrix.
1170 1821 1287 1856 Quidam
1324 1823 1371 1850 ubi
1402 1830 1522 1858 pannum
1554 1823 1702 1851 laceratum
1736 1828 1783 1850 aut

1003 1868 1092 1896 simile
1118 1869 1193 1902 quid,
1212 1873 1242 1896 ut
1259 1869 1350 1896 videre
1372 1873 1414 1896 est
1440 1869 1466 1896 in
1489 1869 1540 1896 viis
1566 1870 1693 1904 publicis,
1709 1870 1785 1896 inve.

1003 1915 1099 1948 uisset,
1127 1918 1219 1950 partes
1246 1915 1349 1942 laceras
1376 1922 1484 1942 summa
1511 1922 1577 1942 cura
1606 1919 1735 1942 consulas
1757 1916 1784 1942 in

1003 1961 1079 1989 lintei
1098 1961 1213 1989 formam
1234 1962 1357 1989 mutabat
1373 1966 1400 1989 et
1415 1961 1455 1988 sic
1471 1966 1571 1988 vestem
1591 1961 1726 1988 insolitam
1743 1960 1785 1988 vel

1004 2012 1099 2034 contra
1125 2009 1290 2034 voluntatem
1323 2007 1459 2034 induebat.
1480 2007 1533 2034 Alii
1560 2014 1664 2042 pannos
1690 2007 1785 2034 laneos

1004 2053 1132 2080 humidos
1151 2060 1212 2080 cum
1237 2053 1400 2083 invenirent.
1414 2053 1592 2085 consuebant,
1605 2053 1785 2087 velabantqne

1005 2103 1136 2129 ventrem,
1153 2105 1232 2125 renes
1245 2105 1277 2125 ac
1293 2102 1385 2132 partes
1401 2097 1546 2124 inferiores
1561 2098 1624 2125 fune
1641 2098 1728 2126 viliac
1739 2099 1785 2126 ἀοι

1006 2143 1063 2175 bili,
1075 2151 1107 2170 ex
1130 2143 1195 2170 tilia:
1206 2143 1307 2170 cortice
1318 2143 1399 2174 facta,
1413 2143 1454 2170 vel
1471 2144 1587 2177 quodam
1601 2143 1655 2170 alio
1668 2144 1785 2179 prmein-

1006 2194 1110 2224 gentes,
1129 2189 1196 2215 alias
1210 2196 1274 2216 vero
1287 2194 1375 2223 partes
1395 2189 1518 2223 corporis
1535 2189 1634 2220 nudas,
1668 2191 1725 2216 aeri
1737 2197 1786 2217 ex-

1006 2235 1117 2269 positas,
1143 2234 1282 2261 habentes.
1314 2234 1362 2261 Cui
1387 2233 1577 2261 vestimentum
1591 2235 1735 2269 integrum,
1762 2235 1784 2261 is

1004 2286 1033 2308 ut
1057 2288 1101 2308 rex
1115 2281 1156 2308 vel
1172 2280 1242 2308 alius
1259 2280 1299 2306 vir
1313 2279 1429 2315 insignis
1446 2280 1605 2307 habebatur.
1628 2279 1784 2307 Meretrices

1004 2327 1068 2354 sol'e
1093 2317 1484 2360 splendorelveslimentorum
1516 2324 1666 2360 fulgebant,
1694 2326 1782 2353 sacris

1006 2373 1186 2399 velaminibus
1203 2371 1482 2406 exsplendescentes;
1500 2376 1655 2405 purpurata:
1669 2372 1785 2405 impuris

1006 2418 1174 2444 amatoribus
1187 2417 1380 2452 jungebantur,
1395 2424 1425 2443 ac
1441 2417 1492 2444 sub
1510 2418 1595 2445 oculis
1608 2418 1710 2445 nostris
1723 2425 1787 2451 pec-

1005 2467 1095 2490 catum
1112 2463 1247 2489 audebunt
1264 2463 1415 2497 chorosque
1428 2461 1538 2489 dueere.
1562 2462 1584 2489 0
1604 2467 1706 2496 quanta
1721 2467 1786 2489 tunc

1005 2509 1132 2544 patientia
1156 2508 1218 2535 Dei!
1249 2509 1337 2542 capita
1358 2516 1420 2535 vero
1445 2510 1637 2543 plerorumque
1658 2508 1784 2542 equidem

1005 2555 1107 2582 nudata
1130 2559 1216 2587 erant,
1230 2553 1334 2582 Latinis
1350 2554 1376 2581 id
1395 2554 1538 2590 agentibus
1556 2560 1585 2581 ut
1597 2554 1692 2582 eodem
1706 2554 1784 2581 modo

1007 2601 1093 2627 vestiti
1111 2609 1245 2628 essemus.

1041 2702 1101 2729 “0.
1118 2701 1173 2729 Iloc
1190 2709 1255 2729 vero
1273 2702 1447 2737 patiebantur
1464 2703 1510 2737 qui
1527 2706 1688 2737 potestatem
1705 2700 1787 2728 habe-

1006 2748 1081 2775 bant.
1100 2748 1151 2775 Eos
1171 2753 1261 2775 autent
1287 2749 1331 2783 qui
1357 2748 1445 2783 capite
1470 2749 1600 2775 dolebant
1626 2751 1653 2774 et
1675 2751 1784 2782 propter

1010 2796 1109 2822 malam
1136 2796 1316 2822 valetudinem
1336 2795 1401 2823 illud
1428 2801 1572 2830 contegere
1599 2795 1744 2824 debebant,
1759 2794 1782 2820 si

1012 2842 1072 2877 quis
1096 2842 1248 2876 conspexit,
1269 2850 1374 2868 snuenu)
1390 2849 1504 2868 narrare
1522 2840 1633 2868 adactus
1649 2844 1675 2866 et
1686 2841 1721 2866 ob
1735 2833 1782 2866 vti-
