1962 3087
169 135 217 169 ill

522 144 731 174 EUSTATHU
747 144 968 174 THESSALON
976 146 1126 178 lCENSlS
1147 150 1428 181 METROPDLITE

1733 148 1787 181 H2

167 195 218 226 ria,
239 201 297 228 qua:
314 194 392 227 vidit,
418 195 501 223 veluti
520 201 632 232 stupore
647 203 790 233 correptus
805 205 857 228 est.
885 199 951 227 Nam

1008 205 1077 242 κιλίᾳ
1097 207 1149 233 τςῗιν
1173 207 1347 242 βλεπομένων
1362 206 1625 242 συμπεριαγόμενος.
1642 205 1721 232 Πῖλον
1739 206 1789 240 μὲν

167 239 377 268 fortunatissimi
406 242 507 276 quique
525 262 533 274 ,

166 285 248 316 capiti
273 285 428 321 imponendi
448 287 564 317 facultas
577 289 701 323 dabatur,
726 291 874 320 beatissimi
896 292 949 320 sibi

165 329 342 362 videbantur,
362 331 426 358 dum
450 332 572 366 plerique
597 335 689 361 ca'tcri
715 335 849 369 ejusmodi
873 341 950 371 tegu-

167 381 258 401 menta
283 382 314 402 ex
328 377 421 410 junco,
437 377 582 410 arundine,
597 379 702 407 calamo
717 382 853 408 coniicere
877 387 951 409 sata-

167 419 276 454 gebant,
306 430 393 456 caque
408 424 583 450 caniisiaruiu
603 425 636 452 ad
660 425 746 453 instar
760 427 876 461 desuper
890 435 952 460 per-

168 466 256 494 forata
272 469 472 502 portabant.Et
488 478 537 497 usu
551 471 660 506 quidem
677 472 767 499 omnia
781 474 950 506 terebautur,

167 514 224 541 sive
254 514 433 543 barbarorum
465 525 555 545 mores
589 518 764 552 redolebant,
797 520 854 548 sive
884 521 951 550 artis

166 560 278 595 vestigia
297 562 474 595 exhibebant,
495 564 542 597 pili
569 564 608 592 sic
634 564 764 599 perforati
781 570 810 592 ut
830 566 952 594 infundi-

168 605 261 633 bulum
282 615 332 641 pro
353 609 433 643 signo
451 610 601 644 symbolico
614 615 704 638 erant.
823 628 836 643 ο

572 243 617 270 ubi
647 245 748 278 pilcum
776 247 948 274 commodum

201 661 230 687 ll
240 661 263 688 l.
276 661 322 690 llis
331 667 410 690 erant
421 671 518 692 omnes
533 665 621 693 induti
637 668 820 700 vestimentis,
834 676 951 703 quorum

165 703 193 731 in
211 705 304 733 multis
322 706 474 742 fulgebant,
495 710 572 744 quasi
584 711 686 746 lapides
703 713 850 747 purpurei,
868 714 953 749 plaga:

165 756 324 785 purpurata:
337 759 370 780 ex
395 754 530 795 sanguine
548 763 643 782 eorum
678 757 788 792 effuso;
811 764 954 792 spectacu-

165 795 222 823 lum
249 798 308 824 visu
327 799 500 834 miserabile;
525 801 643 836 primum
672 804 782 837 quidem
807 812 869 832 cuni
891 814 953 833 uni-

1001 253 1054 286 γὰρ
1070 253 1188 286 dio-xqth
1205 251 1416 287 περιτεθεῖσθαι,
1438 253 1462 278 οι
1487 251 1679 286 εὐτυχέστατοι
1709 259 1790 277 κατε-

1002 297 1132 324 πλούτουν
1145 306 1151 313 '
1167 297 1220 324 τῶν
1237 298 1258 324 δ’
1273 297 1359 324 ἄλλων
1374 298 1399 323 οἱ
1428 297 1535 328 πλείους
1550 296 1654 331 ψιάθων
1668 296 1791 331 πλέγμα-

1001 352 1034 370 τα
1051 343 1224 378 ἢσχοίνωνῆ
1256 343 1382 376 καλάμης
1414 342 1568 377 ἐσχεδίαζον
1594 343 1633 373 είς
1662 342 1790 376 τοιαύτην

1002 390 1117 424 σκέπην,
1134 389 1167 415 τὰ
1182 389 1267 415 πολλὰ
1295 389 1344 414 καὶ
1375 387 1576 422 διατετρημένα
1594 387 1642 421 τὴν
1668 387 1791 422 κορυφὴν

1002 435 1072 462 κατὰ
1084 435 1261 468 καπνοδόκην.
1281 434 1322 461 Τὰ
1345 434 1394 468 μὲν
1414 433 1518 468 ἐόρῶτο
1545 432 1791 466 καταῦοσκησαμέ-

1002 489 1060 512 νου,
1076 480 1109 506 τὰ
1125 479 1153 506 δὲ
1170 480 1218 506 καὶ
1243 479 1312 506 κατά
1329 478 1494 513 βαρϐαρικὸν
1507 477 1627 512 ἄθυρμα,
1644 477 1693 503 οὐκ
1712 476 1789 510 ὸλίγα

1002 525 1030 550 δέ
1045 526 1091 551 καὶ
1114 525 1180 559 πρδς
1198 524 1306 558 τέχνην,
1323 524 1365 565 ἵνα
1383 523 1427 549 διὰ
1443 523 1489 549 τοῦ
1507 522 1647 557 τρήματος
1673 522 1687 548 ὁ
1701 521 1788 554 πῖλος,

1001 568 1045 598 οἶα
1059 571 1104 597 καί
1117 578 1157 602 τις
1175 570 1248 605 χώνη
1267 571 1319 601 τοῖς
1333 569 1457 603 διψῶσιν,
1479 568 1657 604 ἐνερεύγηται
1690 566 1792 602 συμϐο.

1002 617 1060 652 λήν.

1041 677 1102 708 ρια’.
1123 672 1175 699 Καὶ
1195 670 1264 707 ἦσαν
1286 671 1310 697 oi
1328 670 1428 701 πάντες
1443 671 1474 696 ἐκ
1487 670 1541 696 τῶν
1555 669 1682 696 τοιούτων
1701 669 1790 696 στολι-

1004 719 1123 754 σμάτων,
1148 716 1185 745 ὧν
1199 717 1306 748 πολλοῖς
1320 717 1471 749 ἐνέλαμπον
1483 716 1520 747 ὡς
1531 712 1576 742 οἷὰ
1598 723 1670 746 τινες
1683 714 1789 749 πορφὺ.

1006 774 1061 800 ρεοι
1073 765 1141 791 λίθοι
1159 763 1261 798 πληγαὶ
1273 762 1461 798 πορφύρουσαι
1473 761 1510 796 τῷ
1521 761 1550 793 ἐξ
1564 761 1678 795 αἵματος
1688 760 1788 795 λύθρῳ,

1004 811 1094 846 θέαμα
1111 811 1158 837 καὶ
1171 810 1376 844 δυσπρόσοπτον
1399 808 1446 834 καὶ
1472 808 1647 834 δυσείκαπον
1658 814 1665 821 '
1684 807 1714 833 τὸ
1730 807 1789 841 μὲν,

166 841 223 869 brat
233 850 266 870 ex
281 843 378 872 inferis
393 846 498 874 irruere
521 848 694 883 viderentur;
713 851 862 878 secundum
872 860 948 884 Vero,

1008 858 1041 891 ›ἴς
1056 841 1089 886 ἐκ
1104 857 1237 892 νερτέρων
1252 856 1329 891 ἥκειν
1346 855 1453 881 ἐδόκουν
1468 855 1541 880 σκιαί
1553 862 1625 883 τινες
1638 854 1791 886 ἀΐσσουσαι,
1832 855 1835 859 ‘

167 895 201 915 eo
215 890 288 923 quod
306 898 360 918 non
372 891 429 926 jam
446 893 623 922 characteres
641 896 784 925 naturales
796 897 948 931 habebant,

168 941 217 961 seu
231 935 303 969 quod
319 936 393 964 intus
405 938 525 973 undique
541 941 699 973 currebant,
719 949 768 969 seu
785 943 858 978 quod
879 943 950 970 emi-

167 980 363 1010 dissentliuiic
392 985 543 1019 pretiosum
578 987 714 1022 liquorem
744 997 800 1023 quo
824 989 950 1018 ﬂorescat

168 1027 261 1055 rubia.
287 1028 451 1060 Laborem!
467 1039 533 1067 ergo
556 1040 723 1068 cognoscere
749 1035 776 1062 in
791 1035 845 1063 illis
869 1044 949 1071 quem

167 1074 286 1102 maxime
315 1076 460 1112 diligebas,
492 1080 685 1115 unusquisque
725 1089 950 1118 unumquemque

168 1119 355 1155 interrogabat
378 1124 440 1158 quis
460 1124 531 1153 forte
558 1131 640 1157 esset.
662 1134 695 1154 eo
711 1128 784 1162 quod
795 1135 891 1156 omnes
905 1136 952 1156 eo-

167 1165 228 1194 dem
255 1168 347 1196 colore
366 1175 458 1199 essent
477 1177 558 1207 atque
574 1172 601 1200 in
620 1174 695 1201 nullo
712 1173 880 1203 diﬂ‘crcntes.

204 1234 265 1262 112.
289 1234 327 1263 lie
357 1236 384 1263 in
407 1238 538 1266 ecclesias
573 1239 664 1274 ibique
698 1249 794 1268 omnes
828 1242 953 1278 inspicite

169 1285 251 1314 atque
280 1283 460 1318 interrogate,
482 1285 545 1319 quis
571 1286 677 1314 scilicet
703 1288 774 1315 inter
802 1295 850 1316 eos
880 1293 953 1317 esset

168 1326 256 1358 dives,
285 1329 327 1356 vel
359 1337 462 1364 pauper
487 1335 514 1358 et
545 1331 587 1360 bis
622 1333 734 1360 similia.
759 1334 794 1362 At
821 1335 884 1370 quis
907 1343 953 1362 sa-

170 1372 267 1399 cerdos
291 1374 353 1400 est?
388 1375 453 1409 quis
482 1377 568 1403 lector
598 1378 658 1405 est?
677 1379 738 1412 quis
764 1387 796 1406 ex
828 1381 953 1415 populo?

170 1417 303 1446 Omnibus
325 1420 398 1447 enim
417 1429 469 1448 una
504 1422 603 1456 imago,
631 1424 779 1460 eademque
805 1424 903 1458 forma,
923 1433 954 1454 ac

171 1463 224 1490 nisi
253 1465 316 1498 quis
329 1473 362 1492 ex
379 1467 440 1494 aliis
454 1469 652 1502 respondisset,
668 1470 694 1496 iii
712 1471 898 1498 saiictuarium
913 1472 954 1499 in-

169 1511 283 1541 trasset,
307 1517 404 1544 preces
427 1512 580 1544 elIusuriis,
603 1518 629 1541 et
645 1515 745 1549 aliquis
771 1516 798 1543 in
822 1517 953 1552 templum

169 1553 279 1582 intrans
307 1557 478 1585 ascendisset
498 1559 632 1593 psallendi
649 1568 745 1593 causa,
764 1561 839 1588 nulla
854 1563 950 1589 horum

169 1604 196 1626 et
207 1600 340 1629 laicorum
355 1608 413 1631 erat
429 1601 583 1638 distiiictio;
597 1606 622 1634 hi
635 1614 731 1635 omnes
746 1607 850 1642 aliquid
867 1616 952 1643 grave

170 1646 366 1682 ostendi-bant,
388 1649 452 1677 licet
468 1651 536 1679 alias
549 1653 666 1680 tristius.
683 1653 787 1680 Solutis
807 1654 879 1681 enim
897 1654 954 1682 cal-

170 1691 227 1720 ceis
241 1700 337 1722 omnes
353 1700 456 1723 sanctae
471 1697 569 1726 domus
584 1699 699 1734 crepidis
713 1705 868 1728 evaserant.

200 1831 465 1868 HSJnspiciendum
476 1836 552 1864 cibos
560 1837 816 1873 uniiiscujusque,ut
826 1846 954 1874 agnosca-

173 1881 217 1903 tur
233 1877 305 1911 quod
321 1878 387 1905 nihil
402 1887 416 1906 a
436 1881 638 1909 contribiilibus
648 1883 815 1917 acciperent,
828 1885 954 1911 omnibus

171 1923 264 1950 eadem
283 1923 354 1952 fame
375 1926 516 1954 cruciatis.
544 1927 628 1954 Pauci
663 1936 695 1956 ex
725 1928 829 1958 Latinis
857 1930 954 1957 obolos

170 1970 303 2002 quosdam
330 1971 400 2005 apud
425 1981 452 2000 sc
468 1973 614 2005 habebant.
630 1975 700 2003 unde
720 1983 800 2010 parce
816 1976 952 2004 vivi-baut.

172 2015 301 2052 Plerique
328 2026 394 2046 vero
409 2028 441 2047 ex
460 2020 505 2048 liis
524 2021 666 2049 iliaboluin
685 2023 862 2058 appellabant
879 2033 955 2052 men-

171 2063 306 2091 dicantem
325 2066 388 2099 (hoc
418 2071 459 2094 est
475 2067 544 2101 apud
573 2068 634 2095 illos
660 2070 686 2096 in
706 2070 796 2097 medio
822 2071 952 2106 positum)

172 2109 296 2135 convicia
332 2110 431 2136 dabant
464 2111 534 2138 velut
563 2120 659 2146 panem
695 2119 721 2141 et
754 2114 866 2149 insuper
904 2124 954 2150 pii-

171 2161 253 2188 gnum
268 2161 316 2188 pro
328 2156 514 2184 condimento.
526 2157 712 2186 Misericordia
725 2161 766 2187 sic
778 2161 886 2194 quidem
902 2162 955 2189 dii-

173 2199 290 2226 licillima
310 2206 369 2227 erat
382 2208 493 2236 excepto
511 2203 659 2240 Myroblyta
676 2206 734 2240 qui,
750 2212 779 2234 ut
792 2215 874 2243 supra
889 2210 955 2236 scri-

172 2250 246 2278 ptum
265 2252 315 2278 est,
337 2254 433 2276 omnes
455 2249 529 2276 cives
558 2251 634 2278 urbis
663 2253 798 2280 nutrierat
821 2261 955 2289 quantum

173 2296 233 2319 erat
252 2295 446 2322 necessarium.
463 2296 490 2323 Si
507 2296 577 2331 quis,
595 2303 622 2324 ut
640 2307 698 2326 nios
714 2305 766 2331 est,
778 2300 892 2335 pretium
909 2309 957 2335 pro

175 2338 243 2365 cibis
263 2338 383 2373 olIcri'el,
403 2340 452 2367 licu
469 2349 548 2375 quam
563 2343 676 2370 barbara
694 2345 894 2373 inbumauitasi
909 2346 956 2374 Ju-

175 2384 232 2411 iimo
242 2386 313 2412 enim
327 2394 359 2413 ac
369 2387 499 2415 Armenio
512 2397 580 2423 quos
591 2390 705 2417 liniiiina
715 2391 813 2419 Crania
824 2398 850 2420 ct
859 2393 956 2422 Zcme-

175 2429 256 2458 nicus
275 2431 400 2458 nutriunt
417 2433 597 2461 ll'Cliebﬂlllllt‘
610 2440 714 2462 tantum
732 2443 862 2471 quantum
877 2440 957 2466 dece-

172 2477 229 2508 bat,
245 2481 328 2511 atqiie
344 2478 425 2505 etiam
442 2480 544 2514 aliquid
563 2482 691 2516 ainpliuS,
706 2485 812 2518 captivo
825 2493 890 2512 vero
902 2486 954 2514 civi

177 2522 331 2557 ininiiniiin,
349 2525 371 2551 si
388 2527 497 2559 quando
509 2526 542 2553 ad
561 2527 635 2556 illum
653 2538 792 2558 reversum
809 2531 854 2558 sit.
877 2531 956 2559 Panis

175 2569 321 2596 l'rustiiluiu
356 2577 498 2600 curvatum
529 2575 556 2601 in
580 2576 674 2602 annuli
698 2576 813 2603 formam
848 2582 953 2605 tantum

172 2621 303 2649 quantum
328 2618 416 2652 pollex
440 2620 576 2656 iudexque
598 2623 953 2658 circumscriberepossent

174 2663 263 2690 tribus
277 2665 360 2692 aneis
376 2667 522 2695 stateribus
541 2668 691 2697 miserabili
716 2671 767 2697 civi
791 2672 955 2704 rcuilcbaut,

173 2708 218 2735 vix
236 2710 318 2738 obolo
337 2719 390 2738 uno
408 2717 539 2741 laxatum.

210 2805 271 2833 1H.
287 2807 324 2834 De
341 2808 478 2836 Armeniis
499 2809 645 2843 loquendo.
675 2810 861 2838 cll'crliucruut
886 2813 955 2840 inie-

175 2852 249 2878 riora
279 2861 338 2880 mea
372 2854 399 2881 in
422 2859 540 2882 mentem
567 2858 721 2886 revocantis
737 2866 797 2893 quin
814 2859 884 2886 mala
902 2860 955 2888 illis

1000 907 1031 934 τδ
1045 905 1079 938 δ’,
1095 905 1134 931 ὅτι
1150 903 1212 933 τοὺς
1229 901 1299 929 κατὰ
1315 901 1394 934 φύσιν
1408 900 1585 935 χαρακτῆρας
1601 899 1687 926 οὐκέτ’
1708 896 1792 932 εἶχον,

1000 952 1044 979 διὰ
1060 951 1089 978 τὸ
1103 949 1176 976 ἔνδον
1191 956 1241 974 που
1270 947 1443 981 ἀναχωρῆσαι
1462 946 1478 981 ἢ
1496 946 1541 972 καὶ
1556 945 1645 971 τέλεον
1670 944 1791 971 ἐκλιπεῖν

1001 997 1046 1024 τὸν
1060 995 1147 1030 φίλιον
1163 993 1258 1029 χυμδν,
1274 991 1309 1019 δι’
1319 988 1404 1026 οὗπερ
1418 990 1525 1023 ἐξανθεῐ
1539 990 1569 1016 τὸ
1584 988 1719 1024 ἐρύθημα.
1735 986 1791 1014 Ἦν

1001 1043 1047 1070 οὖν
1062 1042 1142 1077 ἔργον
1155 1040 1287 1075 γνωρίσαι
1311 1039 1357 1065 καὶ
1369 1038 1414 1064 τὸν
1429 1037 1498 1064 πάνυ
1513 1037 1542 1062 ἐν
1568 1036 1672 1068 τούτοις
1700 1035 1784 1070 φίλτα

1001 1097 1047 1115 τον
1059 1095 1067 1104 ·
1086 1087 1133 1114 καὶ
1161 1086 1274 1116 ἕκαστος
1289 1083 1416 1119 ἀνηρώτα
1442 1084 1568 1115 ἕκαστον,
1582 1083 1656 1113 ὅστις
1683 1082 1742 1108 ποτ’
1758 1081 1791 1108 ἂν

1006 1136 1053 1162 καὶ
1071 1134 1124 1169 εἴη,
1137 1133 1180 1160 διὰ
1193 1132 1225 1159 τὸ
1240 1131 1309 1158 κατὰ
1334 1130 1418 1165 χρόαν
1452 1129 1560 1156 πάντων
1586 1128 1717 1163 ὁμοειδὲς,
1745 1129 1792 1156 καὶ

1002 1182 1131 1217 διάφορον
1144 1179 1205 1206 κατ’
1217 1178 1305 1205 οὐδέν.

1042 1247 1103 1284 ριβ’.
1137 1246 1217 1273 ’ἰτέον
1232 1246 1278 1272 ἐπὶ
1300 1245 1350 1276 τὰς
1375 1243 1531 1280 ἐκκλησίας,
1564 1243 1610 1270 καὶ
1641 1243 1794 1278 θεωρητέον

1007 1295 1072 1326 τοὺς
1088 1292 1227 1323 τοιούτους
1242 1291 1289 1317 καὶ
1309 1291 1376 1322 ἐκεῖ,
1391 1290 1438 1316 καὶ
1464 1289 1625 1324 ἐρωτητέον,
1643 1288 1686 1319 τίς
1697 1288 1750 1323 ἄρα
1764 1288 1794 1314 ἐν

1003 1339 1108 1370 τούτοις
1122 1340 1135 1365 ὁ
1150 1337 1286 1368 πλούσιος,
1307 1336 1322 1371 ἢ
1339 1336 1433 1370 πένης,
1446 1335 1494 1361 καὶ
1518 1335 1568 1361 ὅσα
1591 1334 1714 1361 τοιαῦτα.
1734 1333 1794 1359 Ἀλ-

1003 1385 1037 1412 λά
1051 1383 1092 1416 τίς
1110 1383 1160 1418 μὲν
1174 1383 1289 1417 ίερᾶταις
1305 1382 1346 1412 τίς
1359 1381 1386 1407 δὲ
1401 1380 1446 1407 ἐπὶ
1457 1379 1503 1406 τοῦ
1516 1379 1712 1413 ἀναγινώσκειν
1723 1377 1792 1410 ἐστίς

1004 1430 1044 1460 τίς
1058 1430 1085 1456 δὲ
1104 1428 1151 1455 τοῦ
1164 1427 1228 1454 λαοῦ
1246 1425 1313 1453 εῖναι
1327 1427 1429 1461 είληχες
1450 1426 1554 1455 Πάντες
1574 1425 1628 1460 γὰρ
1656 1423 1725 1456 εἶδος
1751 1423 1792 1455 ἓν.

1005 1476 1053 1502 καὶ
1070 1474 1161 1510 μορφὴ
1187 1475 1203 1509 ἡ
1220 1473 1300 1505 αὑτὴ,
1317 1472 1367 1499 κᾶν
1383 1473 1407 1498 εί
1435 1472 1471 1506 μή
1485 1480 1527 1503 τις
1555 1470 1711 1506 ἀποκριθεὶς
1738 1468 1793 1496 τῶν

968 1538 989 1567 c
1007 1521 1104 1552 ἄλλων,
1118 1520 1148 1546 τὸ
1160 1520 1230 1554 ἱερὸν
1257 1518 1374 1545 εἰσέλθοι
1403 1517 1489 1564 βῆμα,
1509 1516 1676 1567 στησομενος
1748 1517 1793 1543 εὖ-

1007 1566 1067 1603 χὰς,
1087 1567 1138 1593 καί
1155 1575 1195 1597 τις
1208 1565 1286 1596 ἄλλος
1303 1566 1342 1595 εἰς
1368 1563 1413 1590 τὸν
1433 1561 1503 1598 ίερὺν
1516 1562 1622 1589 ἀνέλθοι
1646 1561 1795 1596 ὀκρίϐαντα

1008 1613 1113 1648 ψαλμοῦ
1127 1611 1281 1647 χάρινιοῦκ
1295 1609 1329 1647 ἦν
1352 1610 1487 1644 διάκρισις
1504 1609 1605 1635 τούτων
1621 1617 1649 1635 τε
1666 1608 1713 1635 καὶ
1737 1609 1791 1635 τῶν

1008 1660 1056 1686 τοῦ
1073 1658 1148 1685 λαοῦ.
1162 1656 1241 1692 Εἷχον
1259 1657 1287 1684 δέ
1305 1665 1332 1683 τι
1347 1656 1445 1686 πάντες
1467 1651 1538 1681 οὗτοι
1565 1653 1673 1689 σεμνὸν,
1701 1655 1726 1682 ει
1747 1655 1793 1681 καὶ

1009 1705 1097 1737 ἄλλως
1110 1704 1243 1740 λυπηρόν.
1259 1703 1408 1738 Λελυμένοι
1438 1701 1492 1737 γὰρ
1506 1702 1538 1727 ὲκ
1549 1700 1601 1727 τῶν
1617 1701 1702 1727 ποδῶν
1726 1702 1794 1728 πάν-

1007 1759 1052 1783 τες
1068 1752 1101 1777 τὰ
1119 1750 1289 1786 ὑποδήματα,
1301 1750 1354 1776 τῶν
1366 1749 1413 1775 τοῦ
1457 1747 1535 1781 ἁγίου
1555 1745 1630 1773 οἴκου
1652 1747 1794 1782 κρηπίδων

1008 1798 1137 1831 ἐγίνοντο.

1046 1846 1108 1879 ριγ’.
1125 1843 1279 1877 Σκοπητέον
1312 1844 1358 1870 καὶ
1383 1843 1432 1875 τὰς
1463 1845 1585 1871 ἑκάστων
1610 1845 1723 1881 τροφὰς,
1749 1845 1795 1871 καὶ

1010 1889 1154 1922 γνωστέον,
1170 1887 1207 1920 ὼς
1222 1889 1252 1914 ἐκ
1266 1888 1319 1914 τῶν
1345 1888 1521 1922 συμφυλετῶν
1547 1890 1596 1924 μὲν
1621 1890 1671 1916 οὐκ
1687 1887 1720 1924 ἦν
1736 1889 1750 1916 ὅ
1768 1897 1794 1915 τι

1010 1936 1056 1961 καὶ
1070 1935 1187 1965 λάῆοιεν,
1204 1934 1311 1960 πάντων
1331 1933 1361 1965 ἐξ
1397 1935 1454 1960 ἴσου
1491 1934 1656 1963 πεινώντων.
1682 1936 1742 1962 Τῶν
1765 1935 1793 1962 δὲ

1010 1981 1133 2008 Λατίνων
1163 1979 1246 2014 ὀλίγοι
1268 1981 1317 2014 μέν
1330 1988 1402 2010 τινες
1423 1981 1572 2016 ἐχορήγουν
1598 1980 1708 2012 ὀὸολοὺς
1731 1981 1794 2012 τοὺς

1010 2026 1086 2061 παρὰ
1107 2025 1206 2059 σφίσιν,
1219 2026 1279 2052 ὅθεν
1292 2023 1325 2060 ἦν
1341 2026 1477 2061 γλίσχρως
1493 2027 1615 2061 ἀποζῆν·
1630 2027 1656 2053 οἱ
1680 2028 1708 2054 δέ
1719 2027 1794 2054 πλεί-

1009 2081 1056 2103 ους
1071 2071 1193 2098 διάϐολον
1217 2072 1410 2103 ἐπικαλοῦντες
1431 2072 1475 2098 τὸν
1489 2072 1652 2099 ἐπαιτοῦντα
1665 2073 1794 2108 (τοῦτοδὴ

1009 2119 1039 2146 τὸ
1058 2119 1121 2154 παρ’
1133 2119 1224 2150 αὐτοῖς
1258 2119 1463 2154 εὐχορήγητοκι),
1486 2118 1577 2154 ὕϐρεις
1604 2120 1706 2146 ἐδίδουν
1728 2120 1795 2147 ὡσεὶ

1009 2166 1057 2192 καὶ
1074 2165 1180 2200 ψωμὸν,
1210 2165 1257 2190 καὶ
1290 2164 1413 2190 κόνδυλον
1429 2164 1492 2199 ὄψον
1519 2165 1563 2190 ἐπ’
1586 2167 1691 2197 αὐταῖς.
1708 2167 1763 2192 Καὶ
1779 2167 1793 2192 ὁ

976 2216 996 2244 ι)
1012 2211 1085 2242 ἕλεος
1101 2211 1149 2245 μὲν
1168 2210 1252 2241 οὕτως
1265 2208 1299 2246 ἦν
1315 2211 1477 2244 δυσεύρετος
1502 2211 1562 2245 δίχα
1581 2220 1611 2245 γε
1623 2212 1677 2238 τῶν
1693 2212 1724 2237 ἐκ
1746 2212 1793 2238 τοῦ

1007 2257 1195 2293 Μυροϐλύτου,
1210 2256 1249 2288 ὃς,
1265 2256 1334 2282 καθὰ
1353 2257 1400 2282 καὶ
1429 2257 1664 2291 προῦγέγραπται,
1692 2258 1794 2289 πάντας

1006 2305 1068 2334 τοὺς
1083 2303 1195 2333 πολίτας
1207 2303 1331 2337 ἕθρεᾲεν,
1346 2304 1386 2333 εἰς
1400 2303 1461 2328 ὅσον
1477 2304 1570 2337 ἐχρῆν,
1587 2304 1619 2329 Εί
1644 2303 1670 2329 δέ
1688 2313 1729 2335 τις
1747 2305 1794 2330 καὶ

1007 2348 1167 2383 εὐπορηκώς
1194 2347 1275 2374 ποθεν
1294 2347 1379 2373 ἐθέλοι
1403 2349 1555 2382 τιμήματος
1580 2348 1742 2382 πορίσασθαι
1764 2350 1794 2375 τὸ

1005 2394 1116 2428 τρέφον,
1136 2393 1216 2428 βαϐαὶ
1247 2394 1296 2427 τῆς
1317 2393 1485 2428 βαρϐαρικῆς
1504 2394 1716 2429 ἀπανθρωπίαςί
1732 2395 1795 2422 Ἰου-

1006 2438 1073 2473 δαίῳ
1102 2438 1151 2473 μὲν
1182 2438 1235 2472 γὰρ
1267 2440 1312 2465 καὶ
1329 2439 1475 2474 ’Λρμενίῳ,
1495 2439 1541 2470 οὓς
1575 2440 1592 2473 ἡ
1619 2440 1794 2475 ἀγχιτέρμων

1007 2485 1113 2519 Κρανία
1128 2486 1174 2510 καὶ
1194 2485 1364 2520 ὸΖεμενίκος
1392 2485 1547 2519 φέρσουοιν,
1577 2486 1735 2520 ἐπεμέτρει,
1763 2487 1792 2518 ἐς

1008 2530 1070 2556 ὅσον
1087 2538 1116 2556 τε
1144 2530 1263 2565 καθῆκον
1281 2528 1325 2565 ἦν,
1354 2531 1399 2556 καί
1428 2539 1454 2556 τι
1475 2532 1521 2556 καὶ
1534 2531 1574 2562 είς
1603 2531 1792 2566 ὑπέρμετρον·

1008 2576 1141 2602 ἐαλωκὸτι
1164 2576 1192 2602 δὲ
1205 2577 1300 2611 ιιτολίτ]Ι
1313 2576 1463 2610 ἐλάχιστον,
1479 2575 1505 2601 εἴ
1520 2584 1570 2602 που
1603 2578 1650 2603 καὶ
1665 2577 1794 2612 ἐπιστρα-

1007 2622 1070 2656 φείη
1085 2621 1178 2648 αὑτοῦ.
1200 2621 1332 2656 Ἀρτίὸιον
1347 2621 1411 2655 γοῦν
1427 2622 1614 2656 περιηγμένον
1628 2622 1665 2653 ὡς
1679 2623 1718 2653 είς
1733 2623 1794 2656 κρί-

1007 2675 1063 2699 κον⁷
1081 2667 1142 2692 ὅσον
1161 2668 1193 2693 ἂν
1210 2667 1331 2702 ἀντίχειρ
1347 2666 1393 2692 καὶ
1408 2667 1514 2700 λιχανὺς
1528 2667 1718 2702 διαγράψαιεν.
1736 2676 1795 2702 τρι-

1006 2713 1044 2738 ὦν
1062 2712 1169 2746 χαλκῶν
1186 2713 1327 2748 στατήρων
1354 2712 1478 2738 ἀπεδίδου
1506 2713 1544 2747 τῷ
1559 2713 1667 2748 ἐλεεινῷ
1687 2713 1792 2748 πολίτῃ,

1010 2758 1083 2792 μόλις
1101 2758 1196 2784 ὀϐολοῦ
1210 2757 1285 2789 ἀξιού
1291 2766 1380 2791 μενον.

1044 2814 1101 2850 ριιῗ.
1127 2814 1196 2840 Ἀλλ’
1221 2813 1278 2848 ἅμα
1303 2815 1516 2850 ὑπεκρουσάμην
1550 2815 1719 2850 Ἀρμενίους,
1746 2814 1794 2840 καὶ

1009 2860 1081 2892 ζέσιν
1098 2860 1196 2887 ἔπειθον
1213 2860 1398 2895 περικαρδιον,
1419 2860 1625 2896 ἐννοησάμενος,
1650 2861 1728 2887 ὁποῖα
1741 2867 1787 2886 xa-
