1962 3087
199 154 248 189 113

602 158 650 188 DE
670 158 954 190 TIIESSALONICA
969 158 1073 188 URBE
1093 157 1117 187 Α
1130 157 1285 188 LATINIS
1305 158 1429 189 CAPTA.

1769 159 1819 192 114

197 214 232 241 κὰ
250 215 296 241 καὶ
310 214 407 246 αὑτοὺς
429 213 444 240 ὁ
461 213 594 249 βάσκανος
617 213 720 250 δαίμων
740 215 805 249 ἡμῖν
821 214 977 250 προσέθετο,

1032 231 1139 258 quoque
1151 223 1296 251 adversum
1313 231 1363 250 nos
1384 222 1526 258 improbus
1548 223 1652 251 daemon
1673 230 1819 260 suggesse-

197 260 250 292 ἔξω
264 261 313 296 μὲν
331 261 382 295 πρὸ
396 260 446 296 τῆς
462 260 588 292 ἁλώσεως
607 260 637 287 ἐν
647 260 727 292 ὄντας
750 262 807 291 τοῖς
832 260 983 296 πολεμίοις,

197 304 245 330 καὶ
268 304 448 339 θερμοτέρους
476 304 587 331 ἐκείνων
603 305 642 336 είς
655 305 688 331 τὰ
703 305 764 332 καθ’
778 305 857 340 ἡμῶν
877 305 984 332 ἀποδει-

198 350 349 384 κνυμένους
367 350 450 383 κακὰ,
468 350 496 377 ἐν
520 351 635 385 ἐφόδοις,
653 352 680 378 ἐν
700 351 799 386 λόχοις,
819 352 847 377 ὲν
861 352 983 386 προόδοις

196 395 256 426 ταῖς
269 395 309 426 είς
323 395 407 427 λείαν,
420 397 448 422 ἐν
463 397 608 430 μηχαναῖς.
633 397 662 422 ὲν
688 397 834 430 ἐκφάνσεσι
854 397 906 423 τῶν
921 396 984 423 λαν-

197 439 351 466 Θανόντων·
366 441 420 466 ἔσω
445 441 472 467 δὲ
492 441 672 472 δεσπόζοντος
697 441 775 476 ἡμῶν
805 443 851 469 καὶ
873 443 981 475 αὐτοὺς,

195 487 416 521 ἀπειλουμένους,
426 487 858 524 ἐπιτάσσοντας,ἀποστεροῦντας,
868 489 983 516 τύπτον-

196 540 255 564 τας,
273 531 404 568 ἄγχοντες
419 534 476 564 τοῖς
488 533 589 564 ὠνίοις.
611 534 753 569 Ἀρτίσκον
781 535 836 570 γὰρ
869 535 981 570 παλάμῃ

198 578 376 613 περιληπτὸν,
394 578 423 604 ὃν
439 579 533 606 ὀϐολοῦ
547 580 580 606 ἄν
594 588 636 611 τις
648 581 804 615 τιμήσαιτο,
824 580 921 607 πολλοῦ
935 581 982 606 αὖ-

197 624 238 650 τοὶ
261 623 447 659 ἑσταθμῶντο,
478 625 525 651 καὶ
554 626 706 657 Λατινικῶς
733 627 779 652 καὶ
802 626 878 652 αὐτοὶ
907 627 980 662 ἡμᾶς

197 668 358 703 ἀπέπνιγον.
376 671 430 697 Καὶ
449 670 628 705 ἀπολώλαμεν
645 671 679 698 ἂν
709 672 869 706 τηνικαῦτα,
886 673 911 698 εί
943 673 980 707 μὴ

196 714 246 749 τὴν
260 715 369 749 ὀπώραν
383 715 443 742 κατ’
457 716 548 750 ἄμμον
560 717 698 752 πληθύνας
712 717 726 744 ὁ
738 717 804 749 Θεὸς
821 718 861 753 (ἐν
875 715 918 749 αἷς
933 718 980 745 καὶ

196 759 247 791 τὰς
261 761 407 794 σταφυλὰς,
423 761 455 793 ἃς
472 761 561 788 ἄλλων
578 763 781 789 κεκοπιακότων
807 763 897 798 ἕτεροι
908 763 980 798 ἔδρε-

197 814 258 838 πον,
277 807 316 838 είς
331 808 393 839 τοὶς
410 809 511 840 κόπους
524 809 634 836 ἐκείνων
666 809 876 844 είσερχόμενοι).
904 809 980 845 ἔθρε-

196 851 230 886 ψε
246 853 292 879 καὶ
318 853 402 888 ἡμᾶς.
418 854 463 888 Μὴ
480 853 533 888 γὰρ
551 854 597 880 ἐπὶ
620 854 682 880 νοῦν
694 855 783 888 ἀγέτω
798 863 850 887 τις,
867 854 930 881 ἄλλο
951 863 978 881 τι

198 897 226 929 ἐς
241 898 345 933 τροφὴν
371 899 419 926 καὶ¹
442 899 547 934 τρυφὴν
573 899 809 934 ἐνδεδιψιλεῦσοαι
840 900 905 934 ὴμῐν
917 908 924 914 ·
940 895 976 926 ὧν
993 898 1013 925 Β

198 943 398 978 ἐκθλιϐομένων
415 945 475 978 μὲν,
488 943 559 971 οἶνον
571 945 693 979 εἴχομεν,
711 946 734 971 εῑ
747 945 793 971 καὶ
809 945 981 979 πνευματίαν

197 989 301 1016 ἐκεῖνον
316 991 362 1016 καὶ
378 989 499 1025 βρόμιον,
516 991 563 1017 καὶ
589 991 619 1017 οὐ
632 991 753 1026 προσηνῆ
782 991 849 1026 πρὸς
864 991 980 1024 ὑγίειαν,

196 1033 253 1060 ἀλλ’
266 1032 312 1060 οὖν
327 1035 623 1070 παραμυθητικώτερον
642 1036 752 1067 ὕδατος*
766 1036 811 1062 καὶ
829 1035 937 1062 ἀλλοίαν
952 1035 981 1062 δέ

195 1082 306 1117 τροφὴν,
326 1082 371 1108 ναὶ
386 1082 414 1108 δέ
429 1083 475 1109 καὶ
491 1083 636 1117 ἱματισμὸν
652 1084 685 1118 τῇ
721 1083 920 1118 ἀπεμπολήσει,
933 1081 981 1108 καὶ

196 1127 223 1153 εί
233 1136 259 1153 τι
273 1128 301 1154 δέ
313 1128 376 1154 ἄλλο
392 1128 482 1163 ῥᾴδιον
493 1129 540 1154 καὶ
569 1129 716 1164 πρόχειρον
744 1128 917 1164 πορίσασθαι.
945 1128 978 1154 Οί

196 1170 224 1197 δέ
254 1171 363 1204 ἐξώλεις
383 1172 522 1207 Ἀρμένιοι
556 1172 683 1205 λέγονται
709 1173 756 1198 καὶ
790 1172 980 1207 καταμιαίνειν

197 1215 262 1250 ἡμῖν
276 1216 337 1247 τοὺς
363 1214 539 1251 ἄρτου;,Ἧν
566 1217 595 1243 δὲ
621 1217 686 1243 αὐτὸ
703 1217 751 1252 οὺχ
782 1217 883 1250 ίκανδν,
914 1219 978 1250 τοὺς

197 1262 321 1296 πτωχοὺς
339 1262 484 1296 ἐκτρέπειν
496 1262 542 1289 τοῦ
571 1263 729 1297 προσίεσθαι
745 1263 778 1289 τὰ
803 1263 976 1298 πωλούμενα.

198 1306 276 1341 Δεινὴ
289 1307 343 1341 γὰρ
355 1309 371 1342 ἠ
387 1307 505 1342 ἀνάγκη.
519 1307 549 1334 τὸ
575 1308 695 1342 καθῆκον
711 1306 902 1343 ἔκκρούεσθαι,
930 1310 977 1336 καὶ

200 1353 280 1386 μόνου
295 1353 341 1378 τοῦ
366 1353 432 1387 προς
445 1352 505 1387 βίαν
521 1353 681 1388 ἐγκειμένου
699 1354 832 1387 γίνεσθαι.
847 1353 975 1381 Τοιοῦτον

197 1397 223 1423 δέ
238 1406 299 1424 τινα
314 1397 432 1432 μιαςμδν
447 1398 567 1433 stuppea:
583 1399 660 1434 φῆμη
676 1399 722 1425 καὶ
737 1399 768 1426 ἐκ
784 1399 838 1425 τῶν
855 1399 978 1427 Λατίνων

197 1442 312 1476 πάσχειν
338 1443 422 1477 ἡμᾶς.
449 1442 621 1478 Ἐλαιονγὰρ
646 1444 773 1478 πιμελαῖς
798 1445 844 1471 καὶ
870 1445 977 1472 στέασιν

198 1487 490 1523 ἐγκαταχεραννύντες,
505 1488 626 1522 ἐγίνοντο
647 1490 704 1520 τοῖς
720 1489 830 1523 ἀγαθοῖς
849 1490 978 1525 Χριστια-

198 1534 252 1564 νοῖς
272 1533 352 1560 αῑτιοι
367 1532 413 1560 τοῦ
432 1535 601 1569 παρανομεῖν
611 1534 661 1569 τὴν
689 1535 818 1569 νηστείαν
832 1536 882 1570 τὴν
906 1536 975 1562 κατὰ

175 1585 179 1588 ’
197 1578 245 1610 τὰς
274 1579 402 1614 τετράδας
418 1579 466 1606 καὶ
496 1580 674 1615 παρασκευάς
686 1587 694 1595 ”
710 1581 752 1607 ῑνα
769 1580 805 1616 μὴ
822 1582 901 1614 μόνον
929 1582 978 1617 τὴν
991 1571 1013 1600 c

197 1625 280 1659 τύχην
299 1626 366 1659 ἡμῖν
384 1625 576 1658 ἀλλοιώσωσιν,
592 1625 631 1658 οἷς
645 1627 717 1661 ἡμᾶς
733 1627 977 1658 κατεδουλώσαντο.

196 1670 263 1697 ἀλλὰ
274 1671 321 1697 καὶ
338 1673 370 1706 τῇ
386 1671 451 1706 ἁγίᾳ
477 1671 609 1707 θρησκείᾳ
624 1672 912 1708 ἐμπαροινήσωσιν.Ὢ
937 1674 979 1706 τίς

196 1714 229 1742 ἃν
243 1715 385 1751 ἀνάσχοιτο
400 1716 527 1750 ἐκείνων;

242 1760 300 1796 pte’.
330 1762 386 1788 Kal
413 1763 456 1789 ὅτε
479 1764 559 1798 ἡμεῖς
584 1764 634 1798 μὲν
660 1765 690 1791 ἐν
716 1764 755 1799 τῷ
781 1765 827 1792 τοῦ
856 1764 978 1800 μεγάλου

197 1807 367 1842 μυροσλῠτου
388 1809 444 1844 ναῷ
459 1809 560 1845 ὕμνους
572 1811 662 1846 εεροὺς
678 1811 824 1846 ζηλοῦμεν
840 1813 980 1848 περιιστά-

197 1863 274 1889 μενοι
290 1855 338 1881 τδν
354 1855 529 1892 περιώνυμον
547 1856 690 1891 ἐλεήμονα,
710 1859 733 1885 οί
748 1858 770 1884 δ’
792 1859 821 1885 ἐν
837 1859 898 1890 ταῖς
912 1859 980 1886 πλα-

195 1900 270 1934 γίαις
286 1900 333 1927 τοῦ
351 1901 424 1936 ἱεροῦ
450 1902 572 1937 βήματος
594 1903 627 1929 τὰ
648 1904 752 1930 ἑαυτῶν
773 1904 891 1937 ἐτέλουν,
907 1907 979 1932 ἀντι-

195 1945 347 1980 ιρωνοῖιντες
367 1947 443 1980 ἡμῖν,
472 1947 519 1974 καὶ
547 1947 598 1979 τὰς
619 1948 757 1979 πολίτιδας
782 1949 873 1983 φωνὰς
893 1949 980 1984 ὑπερ·

195 1992 294 2024 φωνεῖν
320 1992 456 2023 ἐθέλοντες
484 1992 558 2027 βοαῖς
588 1993 760 2027 χορυζώσαις
779 1995 826 2021 καὶ
848 1995 978 2030 ἀπηχέσι,

195 2036 324 2068 πολλάκις
339 2037 367 2063 δὲ
379 2037 425 2063 καὶ
440 2039 502 2070 ταῖς
518 2038 572 2064 τῶν
592 2039 653 2065 καθ’
669 2040 742 2074 ἡμᾶς
757 2039 837 2066 θείων
853 2040 978 2074 Εὑαγγε-

148 2109 151 2111 ,
194 2081 261 2107 λίων
279 2083 462 2118 ὲκφωνήσεσι,
482 2083 550 2118 πρὸς
567 2084 624 2118 ἔριν
648 2086 673 2110 οἱ
694 2084 979 2120 ὰχαριτώτατοιάντε-

199 2127 392 2162 πεξεγόμενοι,
410 2129 457 2155 καὶ
473 2129 632 2163 συγχέοντες
647 2129 717 2156 οὕτω
732 2131 760 2156 το
773 2130 914 2164 εὔτακτον,
931 2132 977 2158 καὶ

194 2173 243 2207 τὴν
256 2173 331 2208 ἱεράν
351 2175 483 2209 ἁρμονίαν
504 2175 624 2207 λύοντες.
652 2176 707 2202 Καὶ
731 2175 851 2210 ἐλάλησα
869 2176 918 2211 μὲν
931 2177 977 2203 εὖ-

193 2219 284 2252 λασῶς
299 2221 346 2246 καὶ
359 2221 424 2256 περὶ
438 2221 514 2248 τοῦδε
530 2221 570 2256 τῷ
585 2222 685 2258 κόμητι
704 2223 859 2259 Ἀλδουῖνῳ,
875 2223 902 2250 εί
917 2233 975 2256 πως
992 2235 1013 2263 D

193 2265 306 2300 γένηται
319 2266 406 2298 τάξις,
423 2268 468 2294 καὶ
484 2267 521 2302 μὴ
534 2267 651 2302 γελῶν-το
664 2268 697 2294 τά
711 2267 769 2295 θεῖα
780 2270 813 2304 τῇ
829 2269 976 2304 αὐτονομίᾳ.

193 2311 249 2337 τῶν
267 2312 333 2346 παρ’
348 2313 439 2344 αὐτοῖς
457 2312 564 2347 ίερέων.
585 2313 693 2340 Ἀνύσαι
712 2314 739 2341 δὲ
757 2313 835 2349 ἔσχον
850 2315 935 2346 οὐδὲν,
951 2315 975 2341 εί

193 2358 241 2384 καὶ
267 2357 354 2389 ἄλλως
378 2359 480 2390 ἐκεῖνος
496 2359 576 2395 ἐῴκει
597 2361 626 2386 ἐν
639 2360 690 2387 οὐκ
705 2360 807 2394 ὀλίγοις
826 2361 926 2387 ἐθέλειν
943 2360 976 2387 τὰ

197 2403 340 2437 Ῥωμαῖκὶ
353 2404 474 2436 τάσσειν,
491 2405 528 2436 ὼς
544 2405 581 2441 μὴ
598 2406 792 2434 καταλύεσθαι.
813 2407 862 2438 ’ος
877 2415 908 2441 γε
928 2407 976 2434 καὶ

192 2448 401 2484 δικαιοπραγεῖν
424 2449 480 2476 εἴτε
508 2451 751 2487 προσποιούμενος,
769 2453 822 2479 εἴτε
840 2454 886 2479 καὶ
909 2452 976 2487 πρὸς

194 2493 322 2530 ἀλήθειαν
337 2494 508 2530 βουλόμενος,
531 2495 559 2522 ἐν
574 2505 602 2523 τε
617 2497 656 2532 τῷ
673 2498 777 2533 κρίνειν
790 2499 835 2525 καὶ
852 2498 975 2529 κολάζειν

192 2539 254 2569 τοὺς
273 2539 424 2573 ὑπαιτίους,
444 2542 491 2568 καὶ
518 2542 627 2577 ἰσότητα
646 2543 786 2578 διανέμειν
801 2545 847 2570 καὶ
863 2544 976 2579 μώλωψι

194 2584 242 2610 καὶ
256 2585 362 2618 λοιπαῖς
388 2586 502 2620 αἰκίαις,
523 2587 588 2614 aut
615 2588 662 2614 καὶ
680 2589 793 2624 σκόλοψι
814 2590 868 2616 τῶν
897 2598 976 2622 τινας

193 2630 356 2666 κακούργων
365 2633 507 2667 τιμᾶσθαι,
523 2635 568 2660 καὶ
583 2633 622 2670 τῷ
639 2635 685 2661 τοῦ
701 2635 778 2669 ἁγίου
797 2637 874 2672 τάφῳ
892 2637 977 2673 ἄργυ-

195 2685 241 2712 ρον
263 2678 311 2705 καὶ
333 2678 434 2713 χρυσὸν
449 2679 602 2715 ἐχορήγησε
617 2681 662 2707 τὸν
687 2681 825 2716 ἀρκοῦντα
849 2683 889 2714 είς
909 2684 976 2710 ἀνα-

194 2722 303 2757 ποῖησιν
318 2722 365 2748 τοῦ
379 2723 562 2758 ἐλλείψαντος·
579 2725 627 2752 καὶ
648 2726 756 2760 βῐὸλους
768 2726 805 2759 δὲ,
828 2729 850 2754 e!
871 2729 917 2755 καὶ
939 2729 976 2764 μὴ

193 2767 242 2799 τὰς
274 2769 457 2804 ἁφῃρημένας
485 2771 530 2797 καὶ
555 2771 615 2797 οὐδὲ
640 2773 711 2799 πάνυ
739 2781 765 2798 τι
794 2773 974 2809 εὐχρήστους,

192 2814 250 2840 ἀλλ’
272 2812 329 2848 οὖν,
348 2815 414 2847 ὅσας
435 2816 617 2852 εὺηρεστὴθη,
637 2818 848 2854 ἐφιλοτιμήσατο
874 2819 975 2846 δοῦναι’

192 2861 239 2887 καὶ
267 2862 398 2897 πήγματα
426 2862 453 2889 δὲ
480 2863 573 2898 κηρῶν
598 2863 719 2899 ἀργύρεοι
745 2866 923 2902 μεταφορητὰ
948 2866 977 2894 ἐν

1036 269 1082 302 tit,
1094 274 1171 296 extra
1185 269 1293 304 quidem
1306 268 1445 295 civitatem
1463 288 1470 301 ,
1488 272 1551 296 ante
1571 270 1816 304 expugnationem.

1035 314 1060 341 in
1079 315 1175 341 mediis
1188 315 1325 347 hostibus,
1343 314 1397 342 illis
1414 315 1498 341 etiam
1521 314 1703 343 ferventiorcs
1718 315 1744 343 in
1759 323 1816 343 ma-

1034 360 1068 387 lis
1086 359 1232 387 adversum
1250 368 1300 387 nos
1311 360 1502 392 ostendendis,
1525 361 1551 387 in
1575 362 1816 395 aggressionibus.

1033 405 1059 432 in
1076 405 1228 438 insidtis,in
1240 406 1447 432 incursionibus
1461 406 1494 433 ad
1514 407 1632 440 praedam
1644 407 1816 441 rapiendam,

1033 450 1059 478 in
1078 451 1226 484 machinis,
1242 451 1268 477 in
1286 451 1502 478 revelationibus
1514 451 1759 484 abscondilorum;
1773 453 1816 479 in-

1031 501 1071 522 tra
1084 503 1147 523 vero
1162 496 1300 524 civitatem
1317 496 1343 522 in
1361 503 1411 523 nos
1430 496 1511 523 etiam
1532 497 1672 530 tyrannice
1701 498 1816 524 saevien-

1032 545 1085 574 tes,
1099 542 1246 575 minantes,
1262 541 1466 576 praecipientes,
1483 542 1633 576 rapientes,
1659 543 1818 576 percutien-

1032 592 1083 620 tes,
1097 589 1123 614 in
1151 588 1316 615 commercio
1349 588 1545 623 opprimentes.
1570 587 1717 615 Massulam
1746 587 1818 614 enim

1031 634 1125 668 palma:
1142 642 1280 665 mensura,
1305 642 1367 668 qua:
1386 635 1467 661 obolo
1490 634 1671 666 constitisset,
1685 633 1762 660 utulti
1780 633 1818 659 illi

1029 678 1212 710 testimabant,
1220 678 1394 712 Latiniceque
1406 683 1431 705 et
1442 678 1492 713 ipsi
1503 678 1731 712 nosjugulabant.
1741 677 1819 704 Tunc

1029 723 1171 759 periissem
1177 724 1273 756 us,nisi
1286 729 1445 750 autumnum
1456 724 1534 752 nobis
1542 731 1737 751 consummatis
1747 723 1818 751 Deus

1029 770 1094 804 (quo
1106 774 1225 804 tempore
1237 769 1296 796 uvis
1313 769 1528 800 abundantibus,
1547 777 1595 804 pro
1609 769 1707 804 quibus
1719 769 1764 796 alii
1779 770 1818 795 la-

1028 814 1209 848 lmraverant,
1231 815 1275 841 alii
1295 814 1505 846 vindemiarant,
1528 815 1556 841 in
1583 814 1691 841 labores
1722 821 1817 841 eorum

1028 860 1176 895 intrantes)
1196 868 1244 888 nos
1258 860 1405 887 enutrisset
1417 859 1545 887 Deus.Ne
1558 861 1620 894 quis
1633 861 1706 888 enim
1721 859 1819 887 existi-

1031 910 1087 931 met
1108 905 1202 940 aliquo
1219 905 1273 932 alio
1292 905 1319 932 in
1339 906 1454 940 primam
1473 909 1500 932 et
1522 906 1669 932 secundam
1693 912 1817 932 mensam

1031 951 1146 978 donatos
1164 958 1216 978 nos
1233 951 1337 983 fuisse;
1353 959 1386 978 ex
1405 951 1463 978 uvis
1484 959 1554 985 quas
1568 958 1758 986 presseramus
1779 951 1818 978 vi—

1031 1003 1095 1022 num
1110 995 1219 1030 quidem
1243 995 1422 1029 habebamus,
1436 995 1500 1023 licet
1514 1001 1658 1023 ventosum
1672 1000 1699 1022 ct
1718 995 1817 1023 fetores

1032 1048 1168 1076 generans
1180 1048 1231 1068 nec
1245 1041 1356 1068 sanitati
1372 1040 1477 1074 favens,
1494 1041 1541 1069 sed
1559 1049 1629 1076 aqua
1642 1041 1796 1076 jucundius
1809 1060 1816 1072 .

1030 1087 1136 1122 alioque
1148 1087 1211 1114 cibo
1228 1092 1274 1114 aut
1290 1087 1453 1114 vestimento
1481 1094 1513 1114 ex
1538 1087 1607 1119 foro,
1635 1094 1667 1114 ae
1691 1087 1714 1113 si
1740 1086 1818 1121 quod

1030 1132 1103 1159 aliud
1120 1136 1243 1167 paratum
1262 1139 1292 1160 ac
1305 1132 1383 1160 facile
1398 1136 1568 1167 comparatu.
1588 1132 1720 1160 Scelerati
1734 1133 1817 1159 etiam

1029 1176 1151 1204 Armenii
1164 1185 1247 1212 panes
1259 1178 1339 1206 nobis
1347 1179 1509 1213 corrupisse
1523 1179 1664 1206 dicuntur.
1683 1177 1740 1205 lloc
1754 1184 1818 1205 vero

1027 1222 1133 1256 justum
1153 1230 1206 1250 non
1223 1228 1283 1250 erat
1299 1231 1433 1259 pauperes
1459 1224 1493 1251 ab
1513 1223 1638 1252 emendis
1655 1224 1818 1251 necessariis

1029 1273 1162 1296 avertere.
1189 1269 1335 1297 Terribilis
1360 1270 1513 1297 necessitas
1527 1275 1570 1297 est
1590 1277 1604 1296 a
1620 1270 1696 1305 justo
1720 1271 1816 1305 prohi-

1029 1315 1097 1348 beri,
1114 1315 1257 1350 solumque
1270 1316 1436 1351 prohibitmn
1455 1316 1525 1343 ﬁeri.
1543 1315 1621 1342 Talia
1647 1316 1728 1343 etiam
1746 1315 1818 1343 fama

1029 1360 1079 1386 fuit
1093 1368 1142 1387 nos
1168 1367 1183 1387 a
1209 1359 1314 1388 Latinis
1330 1360 1416 1388 fuisse
1439 1368 1544 1395 passos.
1560 1360 1673 1395 Adipem
1698 1361 1770 1388 enim
1788 1366 1814 1388 et

1029 1406 1124 1432 sebum
1139 1413 1200 1432 cum
1218 1405 1279 1432 oleo
1296 1405 1444 1433 miscentes
1461 1413 1542 1432 causa
1564 1406 1674 1433 fuerunt
1688 1413 1738 1434 cur
1754 1406 1817 1433 boni

1027 1450 1176 1478 Christiani
1206 1451 1309 1487 jejunia
1337 1451 1555 1488 Quadragesimze
1589 1459 1621 1479 ac
1651 1451 1818 1480 Parascevcs

1029 1505 1083 1524 non
1107 1498 1290 1529 observarint,
1322 1498 1358 1525 ita
1384 1502 1412 1524 ut
1430 1506 1485 1524 non
1516 1498 1604 1525 solunt
1635 1506 1688 1525 non
1717 1499 1818 1526 liberos

1029 1551 1091 1571 esse
1123 1543 1243 1571 sinerent
1264 1544 1290 1570 in
1315 1543 1449 1571 electione
1470 1548 1572 1571 nostrre
1602 1545 1741 1572 servitutis
1771 1545 1818 1572 sed

1029 1590 1110 1616 etiam
1136 1590 1222 1617 cultui
1245 1597 1324 1617 sacro
1347 1589 1522 1616 insultarent.
1538 1590 1606 1622 Quis
1632 1589 1688 1617 haze
1707 1591 1817 1620 tandem

1029 1636 1191 1664 sustineret?

1064 1766 1125 1793 “5.
1135 1766 1202 1793 Cum
1214 1766 1240 1792 in
1254 1766 1354 1800 templo
1366 1767 1455 1801 magni
1470 1767 1627 1803 Myroblytae
1642 1767 1758 1802 hymnos
1774 1776 1817 1794 sa-

1031 1819 1095 1840 cros
1110 1817 1295 1844 cantaremus,
1317 1812 1451 1840 celebrem
1467 1814 1712 1848 eleemosynarium
1728 1813 1813 1840 colen-

1030 1861 1082 1888 tes,
1112 1856 1150 1883 illi
1179 1864 1242 1884 vero
1261 1857 1287 1883 in
1306 1857 1436 1891 gradibus
1451 1857 1602 1884 sanctuarii
1622 1864 1670 1884 sua
1688 1857 1817 1891 periit-ie-

1029 1902 1105 1934 bant.
1123 1903 1226 1930 nostris
1245 1902 1358 1929 vocibus
1372 1907 1628 1936 snasopponcntes,
1648 1902 1730 1928 altius
1741 1909 1810 1939 can-

1029 1952 1074 1975 tus
1088 1947 1218 1982 profanos
1234 1955 1333 1974 cauere
1347 1948 1471 1975 volentes
1487 1948 1577 1974 raucis
1595 1948 1764 1975 clamoribus
1781 1956 1817 1975 ac

1033 1993 1249 2025 dissonantihus,
1273 2000 1394 2027 persaepe
1420 1993 1591 2020 cttuutiando
1607 2001 1686 2020 sacra
1698 1986 1818 2028 evange-

1029 2040 1065 2066 lia
1092 2044 1195 2071 nostra,
1223 2039 1260 2066 ita
1279 2040 1357 2073 longe
1384 2046 1397 2064 a
1426 2039 1559 2065 charitate
1585 2038 1618 2065 ad
1649 2039 1723 2066 rixas
1753 2046 1818 2073 pro-

1029 2088 1167 2116 vocantes,
1188 2089 1294 2111 rectum
1311 2084 1435 2111 ordinem
1458 2084 1601 2111 turbantes
1630 2084 1818 2111 harmoniam-

1027 2138 1080 2165 que
1110 2134 1232 2157 sanctam
1260 2130 1456 2156 dissolventes.
1480 2128 1633 2156 Prudenter
1657 2133 1748 2156 autem
1784 2130 1817 2156 de

1028 2175 1088 2202 istis
1106 2175 1199 2202 comiti
1228 2174 1346 2201 Alduino
1373 2175 1482 2202 loculus
1509 2175 1615 2207 sutn,si
1632 2175 1743 2209 quando
1771 2174 1818 2201 lic.

1027 2226 1068 2249 ret
1086 2221 1175 2253 ordo,
1198 2228 1229 2247 ac
1258 2227 1291 2248 ne
1322 2220 1496 2247 sacerdotum
1529 2228 1639 2248 suorum
1669 2220 1818 2255 privilegiis

1027 2266 1180 2294 illudcrent.
1208 2265 1280 2292 Nihil
1309 2265 1431 2292 obtinere
1469 2265 1563 2300 potui,
1595 2265 1656 2292 licet
1693 2265 1738 2292 ille
1776 2265 1819 2292 vi-

1026 2321 1072 2340 sus
1101 2313 1198 2340 fuisset
1220 2312 1288 2339 alias
1319 2320 1372 2339 non
1403 2313 1430 2339 in
1466 2312 1560 2346 paucis
1591 2310 1715 2338 Romana
1737 2312 1819 2338 resti-

1027 2364 1103 2386 tuere
1135 2359 1215 2390 velle,
1244 2366 1299 2385 non
1325 2363 1416 2385 autem
1443 2359 1603 2387 diSsolvere.
1628 2358 1758 2393 Equidem
1776 2357 1819 2393 ju-

1027 2409 1085 2432 stus
1113 2404 1159 2432 ille
1183 2403 1272 2431 fuerat
1297 2405 1374 2431 visus
1403 2406 1460 2431 sive
1489 2404 1516 2431 in
1539 2404 1581 2431 his
1601 2411 1662 2439 quae
1684 2403 1717 2430 ad
1732 2404 1819 2438 ipsum

1028 2450 1199 2485 spectabant,
1223 2450 1282 2477 sive
1307 2449 1341 2476 ad
1366 2449 1520 2481 veritatem.
1544 2449 1695 2484 iudicando
1719 2457 1750 2476 ac
1764 2457 1814 2483 pu-

1027 2496 1130 2524 niendo
1161 2501 1301 2527 nocentes.
1341 2501 1423 2529 atque
1459 2491 1492 2522 ad
1519 2495 1702 2529 aequalitatem
1725 2501 1820 2529 pmna-

1027 2550 1087 2570 rum
1100 2550 1148 2577 pro
1163 2542 1248 2576 plagis
1257 2541 1418 2576 exterisque
1429 2541 1531 2569 ictibus
1543 2541 1683 2574 violentis,
1694 2546 1721 2569 et
1736 2542 1818 2568 etiam

1028 2588 1060 2615 ad
1096 2589 1185 2623 palum
1219 2587 1352 2623 quosdam
1395 2587 1604 2615 malefactorunt
1641 2587 1816 2618 damnando;

1028 2634 1116 2662 sancti
1144 2633 1261 2668 sepulcri
1286 2638 1429 2668 argentum
1453 2641 1563 2669 quoque
1587 2638 1614 2661 et
1632 2640 1730 2660 aurum
1747 2639 1816 2667 prte-

1029 2681 1089 2708 buit
1121 2684 1254 2716 quantum
1283 2679 1420 2708 sufﬁceret
1446 2680 1478 2706 ad
1505 2679 1684 2715 supplendum
1701 2678 1724 2706 ei
1741 2677 1814 2712 quod

1028 2728 1132 2756 deerat.
1151 2727 1250 2754 Libros
1264 2726 1356 2758 etiam,
1380 2726 1443 2752 licet
1459 2732 1511 2752 non
1529 2726 1646 2757 ablatos,
1663 2731 1713 2750 nec
1725 2723 1814 2749 eruni-

1029 2782 1065 2801 no
1084 2774 1174 2806 utiles,
1202 2773 1249 2800 sed
1266 2772 1310 2807 qui
1334 2771 1403 2807 grati
1424 2779 1483 2799 esse
1499 2775 1619 2806 possvnt,
1636 2770 1700 2797 dare
1711 2768 1814 2802 gloria-

1028 2823 1146 2852 tuscst;
1178 2818 1289 2846 donavit
1306 2825 1418 2852 quoque
1444 2824 1514 2843 cera:
1541 2816 1642 2850 ﬁguras
1667 2818 1813 2849 argenteas

1029 2864 1192 2902 symbolioas
1209 2864 1235 2891 in
1254 2863 1332 2890 atriis
1357 2861 1458 2890 sanctis
1478 2861 1589 2896 positas,
1607 2864 1756 2888 memoratu
1772 2859 1812 2887 di-
