1962 3087
164 182 214 214 115

511 188 720 220 EUSTATHH
737 190 957 220 THESSALON
963 190 1110 222 ICENSIS
1129 190 1411 222 METROPOLITA!

1730 189 1781 223 ιιι

163 247 241 275 giras.
251 240 359 269 Cibaria
373 249 437 270 vero
445 251 555 278 quoque
569 245 648 273 nobis
660 245 777 280 praebuit
788 246 870 273 simul
884 253 946 273 cum

1003 247 1087 282 ίερατς
1102 248 1226 277 εἰσόδοις.
1243 247 1324 282 λόγου
1339 247 1413 279 ἄξια,
1429 246 1584 281 ἐχαρίσατο·
1601 244 1649 272 καὶ
1670 246 1736 280 ἡμῖν
1751 247 1781 274 δι

162 285 244 314 libris
259 293 327 320 quos
346 295 399 314 non
409 289 485 315 valde
501 289 708 324 appetebamus,
723 290 830 319 divinas
847 291 947 326 imagi-

162 338 212 358 nes
228 339 342 366 quarum
360 334 444 368 rogati
462 335 627 369 ercmplaria
645 336 850 364 accuratissima
862 337 949 364 comi-

163 377 237 405 tibus
255 378 327 405 illius
343 380 435 412 partiti
454 387 560 411 sumus.
579 389 627 408 nec
650 389 777 410 recusare
799 383 946 417 quivimul,

162 423 250 450 adbuc
266 428 292 450 et
307 429 428 451 sanctam
442 425 637 459 supellectilem
657 428 723 461 (non
739 428 812 456 enim
832 429 946 456 celanda

161 472 205 495 est
223 469 346 503 veritas),
361 477 392 496 ex
413 478 466 504 qua
488 472 591 507 aliquot
610 479 773 503 ornamenta
790 475 883 511 partiti
905 482 948 502 su-

161 520 222 540 mus
234 514 325 541 multis
343 521 499 544 sanctarum
515 519 708 549 ecclesiarum.

197 602 257 630 H6.
276 604 305 631 In
331 604 374 635 bis
391 606 544 636 laudandus
567 615 609 637 est
629 618 720 639 comes
739 611 865 645 Latinus.
884 612 948 640 licet

165 646 233 674 alias
259 647 367 686 aliquid
387 651 452 679 mali
475 653 586 680 mistum
605 654 744 689 habuerit,
761 660 860 684 natura
874 657 947 685 enim

159 691 239 729 juxta
254 695 355 723 bonum
379 699 479 725 malum
506 706 684 734 apposuerat,
701 708 835 730 craterem
852 703 949 737 hujus-

163 741 236 768 modi
245 741 272 768 in
285 742 332 770 illo
341 744 533 773 commiscens.
545 746 621 773 Clam
636 748 708 775 enim
719 748 840 776 Latinice
851 749 949 785 agebat

163 794 225 814 cum
263 789 448 823 nostratibus,
476 799 508 819 ac
540 800 611 828 saepe
653 794 759 822 dicebat
793 795 848 823 illis
875 796 946 824 inter

162 833 269 867 dentes,
286 836 356 870 quod
376 837 544 866 abominatio
574 840 613 867 eis
634 840 731 868 luisset
746 841 818 876 quod
833 842 878 869 die
900 850 949 869 ex-

163 881 340 915 pugnationis
364 891 470 911 onmem
499 885 635 912 civitatem
659 894 714 914 non
737 887 910 922 jugulassent
935 897 942 915 :

162 925 204 952 Ad
235 926 300 960 quid
326 929 412 962 capita
442 929 541 956 talibus
573 919 983 967 corporibusimponuntur?B

167 972 328 1006 sanguinem
348 981 441 1001 eorum
470 982 531 1001 cum
565 982 660 1004 nostro
674 985 726 1003 nou
746 985 806 1005 esse
834 978 947 1005 commi-

164 1021 254 1051 stum;
272 1024 362 1053 regem
380 1027 432 1046 non
448 1027 509 1047 esse
521 1021 716 1054 advocaturos,
737 1023 841 1058 hosque
853 1031 948 1052 omnes

164 1070 194 1090 Ie
213 1070 274 1091 esse
295 1065 492 1098 submissuros,
519 1066 630 1095 Latinos
647 1075 710 1094 vero
728 1068 799 1095 solos
822 1077 868 1096 eos
888 1077 949 1096 esse

163 1113 355 1142 renovaturus,
383 1111 477 1145 sicque
498 1113 589 1139 omnia
607 1113 674 1140 bene
696 1121 756 1142 esse
786 1114 888 1141 futura.
903 1114 949 1142 Huc

163 1158 257 1181 autem
272 1156 458 1190 sequebantur
468 1158 546 1185 mimo
556 1158 702 1186 adversum
715 1167 774 1192 nos,
789 1168 949 1194 acunaqua-

163 1207 219 1234 que
245 1201 311 1228 hora
335 1201 374 1228 ira
398 1203 492 1230 comiti
515 1204 727 1238 inspirabatura
743 1205 864 1238 diabolo,
885 1207 948 1233 dum

164 1252 244 1273 voces
267 1245 325 1274 haec
345 1248 504 1276 audirentur
523 1257 530 1276 :
549 1249 629 1283 Cras,
650 1258 720 1282 cras,
739 1256 764 1279 et
781 1252 872 1279 statim
889 1259 950 1279 om-

164 1290 208 1317 nis
222 1290 269 1318 Dci
287 1292 407 1326 populus
424 1294 576 1322 nobiscunt.
593 1295 710 1323 Necesse
726 1304 790 1332 ergo
807 1302 865 1325 erat
879 1305 949 1334 opus

163 1334 254 1362 facere
285 1343 317 1364 ac
348 1336 439 1371 loqui,
469 1338 508 1365 sic
532 1347 641 1373 quoque
665 1348 736 1375 smpc
764 1342 888 1376 egimus,
909 1343 949 1370 di-

163 1387 244 1407 verso
261 1381 341 1408 modo
367 1382 535 1410 laborantes.
567 1384 612 1411 Dci
643 1386 730 1419 gratia
748 1386 798 1413 hoc
814 1387 949 1414 sitadcba-

164 1432 226 1452 inus
241 1432 361 1460 μετεωρο
375 1427 485 1462 eoquod
504 1429 557 1455 dux
576 1429 641 1457 illuc
657 1430 798 1465 irreperet,
819 1437 880 1459 ante
895 1440 950 1460 non

163 1479 214 1500 nos
227 1473 444 1508 produxeramus
469 1477 622 1511 uSqnedum
634 1477 748 1504 omnino
764 1479 859 1506 mutati
877 1480 947 1514 (haec

164 1525 219 1546 non
234 1518 296 1546 dico
312 1519 338 1546 in
365 1520 520 1555 homiiiam,
535 1522 584 1549 sed
603 1521 630 1548 in
648 1523 821 1559 concionem)
838 1533 949 1554 causam

166 1567 289 1591 nostram
305 1563 532 1597 defendebamus,
559 1574 612 1592 non
628 1566 785 1594 adulatione
804 1567 948 1596 abstinen-

164 1612 216 1641 tes,
244 1616 398 1636 sermonem
425 1615 514 1638 autem
531 1611 684 1646 jucundum
705 1613 866 1646 elﬁcicntes,
884 1614 952 1642 dure

165 1659 254 1682 tamen
266 1655 368 1690 aliquid
385 1656 517 1689 dicentes.
546 1658 686 1692 querendo
700 1659 733 1686 de
748 1661 892 1688 atrocitate
905 1669 953 1688 oc-

164 1701 321 1734 cupationis
337 1703 510 1737 Latinorum,
533 1705 691 1732 extollendo
718 1713 782 1734 vero
801 1713 954 1742 opportune

166 1747 274 1774 laudent
307 1747 609 1784 Thessalonicensium,
636 1752 686 1779 lius
720 1759 861 1780 sermones
884 1743 953 1781 niui-

165 1792 291 1820 tilorrucs
322 1795 434 1822 omnino
467 1796 666 1824 conriuuentcs
698 1799 953 1827 accommodantes-

166 1845 220 1871 que
243 1839 359 1867 rudibus
380 1841 549 1872 hominibus.
568 1843 604 1869 ita
617 1847 645 1869 ut
660 1850 722 1870 cum
742 1844 872 1871 cautione
886 1845 953 1872 scri-

166 1883 252 1917 ptoris
269 1885 504 1919 convinceremus,
520 1888 751 1922 vituperaremus,
774 1895 805 1916 ac
823 1889 952 1917 exhorta-

166 1935 260 1956 remur
274 1929 344 1964 illos,
363 1932 409 1965 qui
426 1937 549 1967 tempore
574 1935 650 1968 pacis
669 1942 703 1961 ex
719 1935 824 1963 nostris
842 1936 953 1964 monitis

166 1973 256 2008 ignavi
285 1975 396 2003 fuerant
417 1977 443 2004 in
463 1978 648 2012 adimplendis
676 1980 783 2014 integre
809 1981 953 2015 praeceptis

165 2020 341 2056 evangelicis,
362 2030 395 2049 ne
426 2023 504 2050 inviti
522 2029 691 2058 pateremur,
716 2026 805 2053 virum
826 2026 954 2054 ﬁrmave-

166 2072 269 2098 ramus,
287 2075 406 2102 cumque
423 2069 538 2096 lirmiter
556 2071 698 2099 stabilitus
711 2071 821 2104 luisset,
837 2072 953 2099 adduxi-

166 2118 229 2138 mus
245 2111 278 2138 ad
291 2111 453 2147 jurandum,
467 2115 595 2149 equidem
610 2116 666 2150 jam
683 2125 737 2144 non
753 2123 857 2144 metum
872 2118 953 2146 credis

166 2156 208 2182 vel
227 2156 339 2184 alterius
354 2159 417 2186 mali
434 2160 523 2187 victos
537 2161 749 2188 sollicitaturum
763 2170 835 2190 esse.
853 2162 953 2198 Deinde

166 2202 323 2236 quievimus
347 2204 497 2239 usquedum
515 2205 634 2232 licuerit.
665 2206 724 2234 Non
751 2214 816 2234 vero
839 2208 952 2235 omnino

166 2246 264 2275 licebat
279 2255 341 2276 cum
358 2249 463 2278 Latinis
483 2250 668 2279 Romanorum
684 2252 823 2281 osoribus.

999 302 1060 320 τινα
1074 294 1185 329 ζωαρκῆ
1202 295 1331 328 ἐπένειμε
1346 293 1395 319 σύν
1415 301 1446 326 γε
1470 292 1518 318 καὶ
1540 291 1652 325 βίϐλοις.
1667 292 1702 323 ἃς
1722 292 1781 319 οὖτι

998 339 1059 366 λίαν
1072 339 1234 374 ὲποθοῦμεν,
1264 340 1312 366 καὶ
1328 339 1509 373 είκονίσματα
1523 338 1594 369 θεία,
1614 335 1652 365 ὧν
1676 337 1710 364 τὰ
1735 346 1783 364 m-

999 386 1183 420 φροντισμένα
1204 387 1259 418 τοῖς
1277 385 1384 411 ἐκείνου
1412 386 1494 419 ἡμεῖς
1517 384 1596 416 αὖθις
1613 384 1782 419 ἐπεμέρισα-

1001 439 1063 465 μεν⁷
1077 431 1243 465 αἰτηθέντες,
1261 431 1311 458 καὶ
1324 431 1361 465 μὴ
1377 430 1484 465 ἔχοντες
1501 430 1723 464 ἀπαρνήσασθαι·
1741 429 1781 456 ἔτι

997 476 1026 502 δὲ
1042 477 1089 503 καὶ
1099 477 1157 512 ίερά
1172 477 1274 504 ἔπιπλα
1287 476 1336 511 (μὴ
1352 476 1406 510 γὰρ
1418 476 1555 511 κρυπτέον
1572 476 1601 502 τὸ
1614 475 1737 510 ἀληθὲς),
1753 475 1781 508 ἐξ

998 517 1035 548 ὧν
1050 522 1276 556 ἑπικοσμήματός
1290 531 1316 549 τι
1336 521 1447 553 πολλαῖς
1461 521 1514 550 τῶν
1530 521 1615 556 ἁγίων
1628 521 1781 557 ἐκκλησιῶν

997 567 1243 602 διεμοιρασάμεθα.

1035 611 1102 646 ρις’.
1124 611 1178 639 Τοῦ
1205 612 1234 638 δὲ
1258 612 1377 647 κόμητος
1395 612 1490 639 τούτου
1506 611 1594 638 ἐκεῖνο
1617 611 1733 647 μάλιστα
1751 611 1783 637 τδ

998 659 1098 691 καλὸν,
1112 659 1135 685 εί
1163 658 1210 685 καὶ
1225 658 1312 690 ἄλλως
1332 657 1389 693 εῐχέ
1412 667 1438 685 τι
1461 658 1510 685 καὶ
1531 657 1617 684 κακδν
1633 657 1782 693 συμμιγὲς,

998 704 1074 740 παρά
1092 704 1139 731 καὶ
1154 704 1230 739 καλῷ
1249 705 1333 731 κακον
1360 703 1477 739 θεμένης
1504 703 1555 737 τῆς
1580 703 1700 738 φύσεως,
1716 711 1783 738 κρα-

998 750 1082 785 τῆρος
1097 750 1218 777 τοιοῦτον
1237 749 1433 785 κερασαμένης
1454 749 1540 783 αὐτῷ.
1567 746 1631 784 Εῐχε
1656 748 1705 781 μὲν
1729 749 1783 782 γὰρ

998 794 1028 821 τὸ
1054 795 1198 821 Λατινικὸν
1223 794 1347 825 ὑπούλως
1372 795 1437 828 περὶ
1458 794 1520 826 τοὺς
1540 792 1601 820 καθ’
1625 793 1710 828 ἡμᾶς,
1736 793 1783 819 καὶ

1000 840 1096 874 συχνὸν
1119 840 1211 871 αὐτοῖς
1238 839 1284 866 ὑπ’
1309 840 1430 872 ὀδόντας,
1453 839 1492 871 ὠς
1513 839 1636 873 ἀνάθεμα
1661 840 1717 870 τοῖς
1745 839 1782 874 μὴ

999 885 1071 911 κατὰ
1096 886 1145 919 τὴν
1159 885 1269 921 ἡμέραν
1291 885 1342 920 τῆς
1364 884 1493 917 ἁλώσεως
1509 884 1583 912 ἅπαν
1600 885 1629 912 τὸ
1644 885 1783 912 πολιτικὸν

998 931 1202 964 κατασφάξωσι,
1227 932 1274 958 καὶ
1290 931 1330 958 τό·
1351 931 1428 958 Διατι
1444 931 1561 965 κεφαλαὶ
1572 932 1706 962 τοιούτοις
1721 932 1783 958 ἑπι-

999 976 1132 1010 κάθηνται
1147 976 1273 1010 σώμασις
1290 978 1336 1003 καὶ
1352 977 1393 1004 ὅτι
1408 977 1437 1003 τὸ
1451 976 1554 1003 τούτων
1575 974 1643 1012 αἷμα
1656 977 1686 1003 ού
1711 977 1783 1002 ποιεῖ

1000 1021 1151 1056 σύγκρασιν
1176 1022 1244 1057 πρὸς
1257 1022 1288 1048 τὸ
1303 1022 1449 1057 ἡμέτερονο
1470 1024 1517 1049 καὶ
1534 1022 1575 1049 ὅτι
1593 1021 1784 1057 παρακλητεύ-

1000 1075 1083 1101 σομεν
1097 1067 1142 1093 τὸν
1164 1067 1247 1101 ρἧα,
1264 1069 1312 1094 καὶ
1335 1067 1482 1094 πεσοῦνται
1501 1067 1551 1102 μὲν
1577 1067 1678 1098 πάντες
1698 1063 1782 1098 οὗτοι,

999 1112 1297 1146 ἀντεισοικισθήσονται
1315 1112 1342 1139 δὲ
1360 1113 1519 1146 καταμόνας
1537 1113 1660 1143 Λατῖνοι,
1675 1113 1722 1138 καὶ
1739 1112 1784 1139 οὗ-

999 1164 1053 1187 τως
1076 1156 1183 1183 ἅπαντα
1202 1155 1274 1182 καλὰ
1291 1156 1409 1184 ἔσονται.
1435 1156 1541 1183 Οὐκοῦν
1566 1156 1707 1183 ἀκόλουθοι
1722 1156 1783 1183 τού-

999 1210 1056 1232 τοις
1079 1201 1189 1227 ὰπειλαὶ
1204 1201 1265 1228 καθ’
1282 1202 1362 1236 ἡμῶν
1378 1202 1425 1228 καὶ
1441 1202 1560 1238 ρίπισμα
1574 1203 1634 1229 ὅσαι
1647 1200 1719 1238 ὧραι
1735 1202 1783 1229 τοῦ

1001 1247 1071 1274 κατὰ
1092 1248 1138 1274 τὸν
1166 1248 1275 1282 κόμητα
1296 1247 1384 1282 θυμοῦ
1404 1249 1436 1274 ὲκ
1456 1248 1596 1282 διαϐολῶν,
1611 1249 1658 1276 καὶ
1673 1249 1783 1283 ἀναφώ-

1001 1301 1080 1327 νησις
1096 1293 1151 1319 τῶν
1166 1293 1396 1320 ενδιαὸαλλόντων
1417 1294 1458 1321 τόο
1479 1294 1590 1330 Αῠριον,
1615 1294 1720 1330 αὖριον,
1736 1295 1784 1322 καὶ

1000 1340 1014 1365 ό
1029 1338 1077 1366 τοῦ
1104 1339 1171 1365 Θεοῦ
1195 1339 1260 1371 λαὸς
1291 1339 1364 1371 ἄπας
1389 1339 1470 1371 εὐθὺς
1496 1340 1560 1374 περὶ
1581 1340 1664 1375 ἡμᾶς.
1682 1340 1738 1366 Καὶ
1750 1338 1784 1376 ἦν

1001 1384 1107 1419 ἀνάγκη
1135 1385 1233 1420 κοπιᾷν
1258 1384 1304 1411 καὶ
1325 1384 1435 1412 mm-
1466 1385 1513 1412 καὶ
1540 1385 1687 1420 ἐποιοῦμεν
1712 1384 1784 1412 οὕτω

1002 1429 1097 1464 συχνὰ,
1128 1429 1308 1465 πολυτρόπως
1335 1431 1509 1466 πονούμενοι.
1536 1431 1591 1458 Καὶ
1618 1431 1685 1458 Θεοῦ
1704 1440 1785 1466 χαρι-

1001 1474 1111 1506 τοῦντος
1133 1475 1279 1508 ὲπείθομεν
1295 1476 1342 1503 καὶ
1356 1477 1436 1504 τοῦτο
1454 1477 1612 1508 πλειστάκις
1628 1476 1672 1503 διὰ
1694 1477 1724 1504 τὸ
1738 1477 1783 1503 τὸν

1001 1522 1121 1557 ἄρχοντα
1146 1522 1240 1557 ῥέπειν
1261 1523 1368 1549 ἐκεῖσε·
1387 1522 1434 1549 καὶ
1461 1523 1490 1549 οὺ
1509 1524 1606 1558 πρώην
1629 1522 1783 1558 ὰνήκαμεν,

965 1579 988 1610 c
1004 1567 1056 1599 ἕως
1077 1567 1109 1594 τδ
1125 1568 1279 1595 τελευταῖον
1308 1569 1431 1595 παντοῖοι
1446 1568 1488 1604 (οὐ
1507 1568 1578 1603 λέγω
1598 1568 1634 1594 τὰ
1660 1569 1701 1599 είς
1725 1569 1786 1603 ὁμι-

1003 1612 1074 1645 λίαν,
1095 1612 1164 1639 ἀλλὰ
1175 1613 1360 1649 δημηγορίαν)
1376 1613 1529 1648 γενόμενοι,
1545 1613 1594 1640 καὶ
1614 1613 1785 1650 δικαιολογη-

1003 1658 1130 1692 σάμενοι,
1154 1659 1202 1685 καὶ
1222 1658 1282 1685 οὐδὲ
1301 1659 1446 1691 κολακείας
1461 1660 1650 1694 ἀπεσχημένοι
1669 1660 1717 1686 καὶ
1733 1668 1785 1694 χα-

1003 1705 1215 1740 ριεντισάμενοι,
1235 1705 1283 1732 καὶ
1305 1704 1443 1740 ὲμὸριθῶς
1461 1705 1490 1732 δέ
1504 1714 1531 1732 τι
1547 1705 1724 1741 λαλήσαντες.
1739 1705 1786 1732 καὶ

1004 1750 1179 1785 μεμψάμενοι
1193 1750 1241 1784 μὲν
1257 1750 1306 1786 τὴν
1326 1750 1380 1777 τῶν
1395 1750 1552 1784 συγκλύδων
1567 1751 1691 1778 Λατίνων
1706 1751 1787 1778 δεινό-

1003 1804 1071 1829 τητα
1083 1815 1090 1826 ,
1107 1795 1216 1821 ἔπαινον
1234 1795 1262 1822 δὲ
1286 1795 1341 1822 τῶν
1361 1795 1581 1823 Θεσσαλονικέων
1605 1796 1787 1831 προενεγκόν-

1003 1849 1047 1872 τες
1075 1841 1191 1875 καίριον,
1217 1842 1264 1868 καὶ
1291 1841 1359 1872 ὅλως
1374 1842 1438 1873 τοὺς
1460 1841 1556 1876 λόγους
1570 1841 1717 1872 πολυειδῶς
1734 1842 1784 1876 ἀρ-

1005 1887 1154 1922 μοσᾶμενοι
1185 1886 1233 1914 καὶ
1270 1887 1497 1922 οἰκονομήσαντες
1528 1887 1597 1922 πρὸς
1626 1886 1785 1922 ἀνθρώπους

1003 1932 1127 1967 ἀγρίους,
1139 1932 1211 1958 κατά
1223 1940 1250 1958 τι
1265 1932 1385 1967 ἀμυδρὸν
1401 1932 1538 1968 ἀπήχημα
1552 1932 1691 1967 γραφικῆς
1708 1932 1786 1964 ἐλέγ-

1004 1977 1071 2010 ξεως
1098 1977 1143 2004 καὶ
1163 1977 1350 2012 ἐπιτιμήσεως
1370 1977 1418 2004 καὶ
1442 1977 1642 2013 παρακλήσεως
1657 1998 1666 2009 ,
1693 1979 1718 2005 οι
1741 1979 1788 2006 καὶ

1003 2023 1073 2050 κατὰ
1086 2024 1180 2058 καιρὸν
1191 2023 1302 2059 εἰρήνης
1315 2023 1361 2049 ἐπὶ
1369 2022 1424 2049 τῶν
1434 2023 1577 2059 ἡμετέρων
1590 2023 1701 2059 ἄτολμοι
1711 2024 1788 2056 ὅντες

1005 2070 1091 2095 ποιεῖν
1111 2069 1146 2096 τὰ
1168 2069 1335 2103 εὐαγγελικὰ
1351 2070 1391 2101 είς
1409 2068 1538 2104 ἄκρατον,
1553 2069 1596 2095 ἴνα
1620 2069 1658 2104 μὴ
1673 2070 1790 2104 πάσχοις

1005 2123 1054 2149 μεν
1065 2114 1212 2150 ἀϐούλητα,
1228 2114 1432 2150 ὲὸεὸαιώσαμεν
1448 2115 1493 2141 τὸν
1508 2114 1605 2149 ἄνδρα,
1619 2115 1665 2141 καὶ
1681 2116 1720 2146 είς
1736 2115 1788 2150 Εμ-

1004 2161 1085 2188 πεδον
1113 2162 1346 2196 καταστήσαντες.
1374 2161 1583 2195 περιηγάγομεν
1609 2160 1790 2194 διομόσασθαι

1004 2204 1022 2242 ἦ
1042 2206 1095 2242 μὴν
1111 2206 1211 2242 μηκέτι
1231 2206 1314 2241 φόϐον
1327 2206 1566 2241 ὲπαρτηθήσεσθαι
1587 2206 1669 2240 φόνου
1685 2206 1702 2241 ἦ
1718 2215 1791 2237 τινος

965 2247 989 2276 1)
1004 2251 1096 2287 ἑτέρου
1114 2251 1199 2278 κακοῦ
1223 2252 1279 2282 τοῐς
1305 2251 1449 2278 ἑαλωκόσι.
1462 2251 1516 2277 Καὶ
1532 2251 1563 2277 τὸ
1577 2251 1703 2278 ἐντεῦθεν
1722 2252 1788 2278 ἀνι-

167 2294 322 2330 πιιυομεθα,
341 2296 380 2327 είς
396 2297 458 2323 ὅσον
473 2295 507 2331 ἧν
526 2297 677 2334 ἐγχωροῦν.
697 2298 843 2334 Ἐνεχώρει
864 2300 891 2326 δὲ
907 2299 944 2335 μὴ
964 2299 1005 2330 είς
1017 2299 1048 2325 τὺ
1070 2298 1125 2325 πᾶν
1140 2297 1216 2332 παρά
1237 2305 1269 2331 γε
1301 2297 1358 2330 τοῖς
1390 2297 1462 2324 οὕτω
1486 2297 1685 2333 μισορωμαίοις
1711 2297 1791 2324 Λατί·

167 2351 234 2373 νοις.

203 2388 266 2416 “7.
288 2387 341 2416 Sed
366 2389 557 2417 revertendum
574 2394 617 2418 est
641 2390 674 2418 ad
692 2391 783 2425 priora
808 2397 952 2427 postquam

168 2440 212 2460 res
238 2433 347 2461 comitis
372 2435 561 2468 exposuimus,
590 2436 651 2463 vita:
681 2438 887 2472 operationibus
910 2438 954 2465 di-

170 2479 236 2507 visis
252 2479 278 2506 in
296 2482 373 2506 actus
396 2479 449 2507 diei
469 2485 497 2508 et
521 2484 600 2509 actus
619 2486 780 2510 nocturnos.
796 2482 858 2511 Dies
874 2482 954 2517 equi-

170 2524 231 2552 dan
247 2525 357 2553 mentiti
375 2525 483 2554 fuerant
506 2527 701 2560 urbanitatem,
731 2533 835 2557 attenta
848 2528 956 2556 rustici-

170 2574 227 2598 tate
244 2570 402 2598 Latinorum
421 2580 504 2607 quam
521 2573 731 2602 dissimulabant
745 2583 752 2607 ;
773 2576 820 2609 qui
840 2582 904 2609 ergo
916 2574 955 2610 ip-

171 2617 210 2644 sis
233 2621 259 2645 et
275 2617 357 2646 nobis
370 2618 500 2646 mundum
518 2619 641 2647 sullicere
653 2628 706 2647 non
724 2621 895 2655 judicabant,
906 2628 955 2648 no-

171 2663 213 2690 bis
224 2663 406 2696 occurrendo,
433 2672 485 2692 nos
511 2667 728 2700 eonsputabant,
752 2667 953 2702 propellebunt,

172 2710 395 2745 supplantabanl,
413 2712 594 2746 aspergebant
623 2713 745 2748 injuriis.
766 2713 822 2740 Hoc
837 2721 909 2747 saepe
926 2713 953 2740 in

170 2762 219 2782 ore
248 2761 343 2782 eorum
380 2757 541 2784 versabatur
571 2762 602 2785 ut
627 2766 724 2786 versus
751 2759 951 2787 intercalaris:

175 2810 184 2826 ι
207 2799 284 2835 Veni,
311 2801 382 2828 bone
409 2801 540 2831 Joannes.
566 2813 576 2829 ι
607 2803 664 2830 Hoc
694 2805 821 2831 cui-illum
847 2805 955 2832 orieba-

173 2849 215 2872 tur
226 2854 259 2873 ex
275 2854 308 2874 eo
324 2848 395 2882 quod
412 2852 534 2883 tempore
551 2848 704 2876 obsidionis
720 2850 825 2884 gloriati
845 2857 955 2878 crauius

173 2898 264 2927 regem
279 2892 413 2921 Joannem
430 2893 506 2922 brevi
525 2894 604 2923 nobis
620 2903 682 2923 esse
701 2896 909 2930 opitulaturum.
925 2896 953 2924 Si

1041 2389 1102 2424 ριζ’.
1125 2387 1195 2414 Ἀλλ’
1210 2386 1352 2413 ἐπανιτέον
1368 2386 1449 2413 πάλιν
1475 2387 1508 2413 ὲκ
1529 2386 1583 2413 τῶν
1601 2386 1647 2413 τοῦ
1669 2387 1790 2420 κόμητος

1005 2436 1052 2463 ἐπὶ
1069 2434 1103 2461 τὰ
1120 2433 1266 2469 πρότερον,
1289 2433 1348 2467 διχῆ
1377 2432 1550 2468 διῃρημένων
1568 2432 1623 2458 τῶν
1647 2433 1717 2459 κατὰ
1733 2432 1791 2467 βίον

1007 2481 1047 2512 είς
1061 2488 1091 2507 τε
1109 2480 1144 2506 τὰ
1159 2479 1220 2505 καθ’
1230 2478 1335 2513 ἡμέραν
1349 2478 1396 2505 καὶ
1412 2478 1446 2504 τὰ
1461 2478 1589 2513 νύκτερα.
1605 2478 1638 2504 At
1656 2479 1705 2513 μὲν
1723 2479 1790 2513 ἡμέ-

1007 2536 1054 2562 ραι
1068 2526 1134 2561 ἡμῖν
1149 2524 1291 2560 ἐψεύδοντο
1305 2525 1335 2550 τὸ
1349 2524 1452 2559 ἥμερον
1469 2523 1512 2550 διὰ
1524 2524 1575 2558 τὴν
1590 2524 1618 2550 ὲν
1636 2525 1691 2555 τοῖς
1708 2523 1793 2550 Λατί-

1007 2581 1063 2605 νοις
1077 2572 1239 2607 ἀγριότητα,
1256 2571 1305 2605 τὴν
1321 2570 1451 2605 ἀμυδρῶς
1468 2569 1698 2604 ὑπολαληθεῖσανο
1712 2570 1736 2596 οἳ
1752 2570 1790 2605 μὴ

1007 2619 1132 2655 χωρητὸν
1145 2619 1235 2649 αὐτοῖς
1252 2617 1299 2644 καὶ
1311 2617 1377 2651 ἡμῖν
1389 2617 1434 2642 τὸν
1447 2616 1549 2651 κόσμον
1567 2613 1637 2642 εἶναι
1653 2616 1788 2650 κρίνουσι,

1007 2665 1189 2694 συναντῶν-τες
1201 2663 1266 2697 γοῦν
1278 2662 1441 2693 κατέπτυον,
1451 2661 1548 2693 ὤθουν,
1559 2662 1710 2694 ὲσκέλιζον,
1724 2670 1792 2688 κατ-

1006 2712 1119 2746 έϐρεχον
1143 2711 1248 2745 ὖῦρεις.
1264 2709 1365 2744 Συχνδν
1391 2707 1424 2744 ἦν
1450 2710 1542 2740 αὐτοῖς
1566 2709 1603 2741 ὥς
1620 2710 1661 2741 είς
1688 2709 1793 2743 ἐπῳδδν

1006 2758 1046 2784 τό·
1065 2756 1152 2788 Ἐλθέ,
1167 2755 1372 2790 Καλοῖωάννης.
1383 2754 1497 2789 Μυκτὴρ
1513 2753 1601 2787 οὗτος,
1617 2755 1654 2785 ὡς
1667 2754 1746 2789 ἡμῶν
1764 2755 1794 2780 ὲν

1006 2802 1039 2841 τῇ
1056 2803 1199 2838 πολιορκῖᾳ
1214 2801 1419 2837 γαυρουμένων,
1433 2801 1531 2837 μικρὸν
1544 2802 1605 2828 ὅσον
1621 2800 1793 2835 τὸνῖβασιλέα

1016 2848 1145 2882 Ἰωάννην
1161 2846 1248 2873 ἐλθεῖν
1266 2847 1332 2881 ἡμῖν
1346 2847 1501 2881 ἐπίκουρον.
1519 2846 1549 2871 Ei
1566 2845 1594 2872 δέ
1606 2854 1648 2877 τις
1662 2845 1716 2871 τῶν
1731 2853 1795 2870 quva

1009 2893 1189 2931 αιχμαλώτων
1214 2893 1284 2928 πεζῆ
1302 2893 1351 2929 τὴν
1368 2892 1505 2927 λεωφόρον
1521 2892 1608 2927 τρὶὅοι
1626 2891 1677 2926 (τίς
1707 2891 1736 2918 δὲ
1761 2890 1794 2918 οὗ
