  <div class='ocr_page' id='page_1' title='image "/cluster/home/n/w/nwhite01/storage/ocr_20150623/136/njp.32101010942827/064.png"; bbox 0 0 1962 3087; ppageno 0'>
   <div class='ocr_carea' id='block_1_1' title="bbox 169 189 218 224">
    <p class='ocr_par' dir='ltr' id='par_1_1' title="bbox 169 189 218 224">
     <span class='ocr_line' id='line_1_1' title="bbox 169 189 218 224; baseline 0.041 -2"><span class='ocrx_word' id='word_1_1' title='bbox 169 189 218 224; x_wconf 79' lang='grc'><strong>117</strong></span> 
     </span>
    </p>
   </div>
   <div class='ocr_carea' id='block_1_2' title="bbox 566 184 1399 222">
    <p class='ocr_par' dir='ltr' id='par_1_2' title="bbox 566 184 1399 222">
     <span class='ocr_line' id='line_1_2' title="bbox 566 184 1399 222; baseline -0.007 -1"><span class='ocrx_word' id='word_1_2' title='bbox 566 191 617 222; x_wconf 91' lang='lat' dir='ltr'><strong>DE</strong></span> <span class='ocrx_word' id='word_1_3' title='bbox 635 188 923 220; x_wconf 76' lang='lat' dir='ltr'><strong>THESSALONICA</strong></span> <span class='ocrx_word' id='word_1_4' title='bbox 937 187 1040 218; x_wconf 77' lang='lat' dir='ltr'><strong>URBE</strong></span> <span class='ocrx_word' id='word_1_5' title='bbox 1060 187 1080 215; x_wconf 71' lang='grc' dir='ltr'>Α</span> <span class='ocrx_word' id='word_1_6' title='bbox 1101 184 1254 215; x_wconf 73' lang='lat' dir='ltr'><strong>LATINIS</strong></span> <span class='ocrx_word' id='word_1_7' title='bbox 1272 184 1399 216; x_wconf 72' lang='lat' dir='ltr'><strong>CAPTA.</strong></span> 
     </span>
    </p>
   </div>
   <div class='ocr_carea' id='block_1_3' title="bbox 1738 182 1794 214">
    <p class='ocr_par' dir='ltr' id='par_1_3' title="bbox 1738 182 1794 214">
     <span class='ocr_line' id='line_1_3' title="bbox 1738 182 1794 214; baseline 0 -1"><span class='ocrx_word' id='word_1_8' title='bbox 1738 182 1794 214; x_wconf 64' lang='lat'><strong>11$</strong></span> 
     </span>
    </p>
   </div>
   <div class='ocr_carea' id='block_1_4' title="bbox 168 241 959 284">
    <p class='ocr_par' dir='ltr' id='par_1_4' title="bbox 168 248 950 284">
     <span class='ocr_line' id='line_1_4' title="bbox 168 248 950 284; baseline -0.004 -7"><span class='ocrx_word' id='word_1_9' title='bbox 168 251 288 283; x_wconf 80' lang='grc' dir='ltr'>τοιοῦτος</span> <span class='ocrx_word' id='word_1_10' title='bbox 304 251 384 284; x_wconf 81' lang='grc' dir='ltr'>τότε;</span> <span class='ocrx_word' id='word_1_11' title='bbox 405 251 449 277; x_wconf 78' lang='grc' dir='ltr'>ὅτε</span> <span class='ocrx_word' id='word_1_12' title='bbox 466 250 515 276; x_wconf 77' lang='grc' dir='ltr'>καὶ</span> <span class='ocrx_word' id='word_1_13' title='bbox 531 250 611 284; x_wconf 83' lang='grc' dir='ltr'><strong>ἡμεῖς</strong></span> <span class='ocrx_word' id='word_1_14' title='bbox 626 249 786 284; x_wconf 68' lang='grc' dir='ltr'>ἐπάσχομεν</span> <span class='ocrx_word' id='word_1_15' title='bbox 805 248 885 279; x_wconf 78' lang='grc' dir='ltr'>οὕτω,</span> <span class='ocrx_word' id='word_1_16' title='bbox 902 255 950 274; x_wconf 85' lang='grc' dir='ltr'>κα-</span> 
     </span>
    </p>
   </div>
   <div class='ocr_carea' id='block_1_5' title="bbox 1012 241 1789 284">
    <p class='ocr_par' dir='ltr' id='par_1_5' title="bbox 1012 241 1789 281">
     <span class='ocr_line' id='line_1_5' title="bbox 1012 241 1789 281; baseline -0.006 -8"><span class='ocrx_word' id='word_1_17' title='bbox 1012 246 1067 281; x_wconf 58' lang='lat' dir='ltr'><strong>quis</strong></span> <span class='ocrx_word' id='word_1_18' title='bbox 1097 252 1162 272; x_wconf 89' lang='lat' dir='ltr'><strong>vero</strong></span> <span class='ocrx_word' id='word_1_19' title='bbox 1189 245 1412 278; x_wconf 83' lang='lat' dir='ltr'><strong>coneaptivorum</strong></span> <span class='ocrx_word' id='word_1_20' title='bbox 1441 243 1483 270; x_wconf 85' lang='lat' dir='ltr'><strong>via</strong></span> <span class='ocrx_word' id='word_1_21' title='bbox 1503 242 1609 277; x_wconf 78' lang='lat' dir='ltr'><strong>publica</strong></span> <span class='ocrx_word' id='word_1_22' title='bbox 1629 241 1712 277; x_wconf 84' lang='lat' dir='ltr'><strong>pedes</strong></span> <span class='ocrx_word' id='word_1_23' title='bbox 1729 249 1789 269; x_wconf 81' lang='lat' dir='ltr'><strong>am-</strong></span> 
     </span>
    </p>
   </div>
   <div class='ocr_carea' id='block_1_6' title="bbox 167 293 954 330">
    <p class='ocr_par' dir='ltr' id='par_1_6' title="bbox 167 293 954 330">
     <span class='ocr_line' id='line_1_6' title="bbox 167 293 954 330; baseline -0.005 -7"><span class='ocrx_word' id='word_1_24' title='bbox 167 296 297 328; x_wconf 78' lang='grc' dir='ltr'>τάκοποι,</span> <span class='ocrx_word' id='word_1_25' title='bbox 313 298 361 323; x_wconf 76' lang='grc' dir='ltr'>καὶ</span> <span class='ocrx_word' id='word_1_26' title='bbox 383 296 418 322; x_wconf 72' lang='grc' dir='ltr'>τὰ</span> <span class='ocrx_word' id='word_1_27' title='bbox 439 296 521 329; x_wconf 81' lang='grc' dir='ltr'><strong>σκέλη</strong></span> <span class='ocrx_word' id='word_1_28' title='bbox 539 296 705 330; x_wconf 83' lang='grc' dir='ltr'>παράφοροι,</span> <span class='ocrx_word' id='word_1_29' title='bbox 721 296 769 322; x_wconf 80' lang='grc' dir='ltr'>καὶ</span> <span class='ocrx_word' id='word_1_30' title='bbox 782 293 954 329; x_wconf 56' lang='grc' dir='ltr'>τεταραγμὲ.</span> 
     </span>
    </p>
   </div>
   <div class='ocr_carea' id='block_1_7' title="bbox 170 340 954 377">
    <p class='ocr_par' dir='ltr' id='par_1_7' title="bbox 170 340 954 377">
     <span class='ocr_line' id='line_1_7' title="bbox 170 340 954 377; baseline -0.004 -9"><span class='ocrx_word' id='word_1_31' title='bbox 170 351 223 374; x_wconf 64' lang='lat' dir='ltr'><strong>von,</strong></span> <span class='ocrx_word' id='word_1_32' title='bbox 248 344 294 370; x_wconf 76' lang='grc' dir='ltr'>καὶ</span> <span class='ocrx_word' id='word_1_33' title='bbox 312 342 506 377; x_wconf 83' lang='grc' dir='ltr'>σεσαλευμένοι</span> <span class='ocrx_word' id='word_1_34' title='bbox 526 341 596 368; x_wconf 83' lang='grc' dir='ltr'>κατὰ</span> <span class='ocrx_word' id='word_1_35' title='bbox 616 341 793 375; x_wconf 83' lang='grc' dir='ltr'>μεθύοντας),</span> <span class='ocrx_word' id='word_1_36' title='bbox 820 341 844 366; x_wconf 86' lang='grc' dir='ltr'><strong>εί</strong></span> <span class='ocrx_word' id='word_1_37' title='bbox 864 340 954 367; x_wconf 79' lang='grc' dir='ltr'><strong>τοίνυν</strong></span> 
     </span>
    </p>
   </div>
   <div class='ocr_carea' id='block_1_8' title="bbox 130 378 954 422">
    <p class='ocr_par' dir='ltr' id='par_1_8' title="bbox 172 386 954 422">
     <span class='ocr_line' id='line_1_8' title="bbox 172 386 954 422; baseline -0.004 -8"><span class='ocrx_word' id='word_1_38' title='bbox 172 388 244 414; x_wconf 74' lang='grc' dir='ltr'>οὕτω</span> <span class='ocrx_word' id='word_1_39' title='bbox 257 397 297 419; x_wconf 83' lang='grc' dir='ltr'><strong>τις</strong></span> <span class='ocrx_word' id='word_1_40' title='bbox 317 388 381 422; x_wconf 80' lang='grc' dir='ltr'>περὶ</span> <span class='ocrx_word' id='word_1_41' title='bbox 403 388 542 414; x_wconf 72' lang='grc' dir='ltr'>στενωπὸν</span> <span class='ocrx_word' id='word_1_42' title='bbox 557 387 655 419; x_wconf 77' lang='grc' dir='ltr'>ὁδεύοι,</span> <span class='ocrx_word' id='word_1_43' title='bbox 676 388 724 413; x_wconf 74' lang='grc' dir='ltr'>καὶ</span> <span class='ocrx_word' id='word_1_44' title='bbox 745 386 822 421; x_wconf 78' lang='grc' dir='ltr'>τύχοι</span> <span class='ocrx_word' id='word_1_45' title='bbox 841 387 954 412; x_wconf 78' lang='grc' dir='ltr'><strong>Λατῖνον</strong></span> 
     </span>
    </p>
   </div>
   <div class='ocr_carea' id='block_1_9' title="bbox 173 433 955 468">
    <p class='ocr_par' dir='ltr' id='par_1_9' title="bbox 173 433 955 468">
     <span class='ocr_line' id='line_1_9' title="bbox 173 433 955 468; baseline -0.003 -8"><span class='ocrx_word' id='word_1_46' title='bbox 173 435 344 468; x_wconf 78' lang='grc' dir='ltr'><strong>παρέχεσθαι</strong></span> <span class='ocrx_word' id='word_1_47' title='bbox 363 434 496 468; x_wconf 74' lang='grc' dir='ltr'>ἔφιππον,</span> <span class='ocrx_word' id='word_1_48' title='bbox 524 434 574 460; x_wconf 82' lang='grc' dir='ltr'>οὐκ</span> <span class='ocrx_word' id='word_1_49' title='bbox 599 433 631 460; x_wconf 88' lang='grc' dir='ltr'>ἂν</span> <span class='ocrx_word' id='word_1_50' title='bbox 649 434 752 464; x_wconf 81' lang='grc' dir='ltr'>ἐκεῖνος</span> <span class='ocrx_word' id='word_1_51' title='bbox 766 433 891 466; x_wconf 79' lang='grc' dir='ltr'><strong>φείσαιτο</strong></span> <span class='ocrx_word' id='word_1_52' title='bbox 907 440 955 458; x_wconf 79' lang='grc' dir='ltr'>κα-</span> 
     </span>
    </p>
   </div>
   <div class='ocr_carea' id='block_1_10' title="bbox 171 477 955 513">
    <p class='ocr_par' dir='ltr' id='par_1_10' title="bbox 171 477 955 513">
     <span class='ocr_line' id='line_1_10' title="bbox 171 477 955 513; baseline -0.005 -8"><span class='ocrx_word' id='word_1_53' title='bbox 171 479 329 510; x_wconf 76' lang='grc' dir='ltr'>ταπατῆσαι</span> <span class='ocrx_word' id='word_1_54' title='bbox 350 479 399 505; x_wconf 75' lang='grc' dir='ltr'>καὶ</span> <span class='ocrx_word' id='word_1_55' title='bbox 415 478 558 513; x_wconf 72' lang='grc' dir='ltr'>συντρίψαι</span> <span class='ocrx_word' id='word_1_56' title='bbox 573 477 617 504; x_wconf 76' lang='grc' dir='ltr'>τὸν</span> <span class='ocrx_word' id='word_1_57' title='bbox 631 478 783 512; x_wconf 80' lang='grc' dir='ltr'>ἄνθρωπον,</span> <span class='ocrx_word' id='word_1_58' title='bbox 807 477 955 511; x_wconf 79' lang='grc' dir='ltr'><strong>κεντρίζων</strong></span> 
     </span>
    </p>
   </div>
   <div class='ocr_carea' id='block_1_11' title="bbox 171 522 955 558">
    <p class='ocr_par' dir='ltr' id='par_1_11' title="bbox 171 522 955 558">
     <span class='ocr_line' id='line_1_11' title="bbox 171 522 955 558; baseline -0.004 -7"><span class='ocrx_word' id='word_1_59' title='bbox 171 525 218 551; x_wconf 56' lang='grc' dir='ltr'>τὴν</span> <span class='ocrx_word' id='word_1_60' title='bbox 234 525 319 551; x_wconf 77' lang='grc' dir='ltr'>ἵππον</span> <span class='ocrx_word' id='word_1_61' title='bbox 341 525 382 555; x_wconf 86' lang='grc' dir='ltr'><strong>εἰς</strong></span> <span class='ocrx_word' id='word_1_62' title='bbox 399 524 620 558; x_wconf 82' lang='grc' dir='ltr'>κατασκῐρτημα.</span> <span class='ocrx_word' id='word_1_63' title='bbox 637 523 730 554; x_wconf 78' lang='grc' dir='ltr'>Οὕτως</span> <span class='ocrx_word' id='word_1_64' title='bbox 756 522 865 556; x_wconf 71' lang='grc' dir='ltr'>ἐφίλουν</span> <span class='ocrx_word' id='word_1_65' title='bbox 881 522 955 556; x_wconf 79' lang='grc' dir='ltr'>ἡμᾶς</span> 
     </span>
    </p>
   </div>
   <div class='ocr_carea' id='block_1_12' title="bbox 171 569 955 606">
    <p class='ocr_par' dir='ltr' id='par_1_12' title="bbox 171 569 955 606">
     <span class='ocr_line' id='line_1_12' title="bbox 171 569 955 606; baseline -0.001 -10"><span class='ocrx_word' id='word_1_66' title='bbox 171 571 196 596; x_wconf 80' lang='lat' dir='ltr'><strong>oi</strong></span> <span class='ocrx_word' id='word_1_67' title='bbox 211 571 359 605; x_wconf 75' lang='grc' dir='ltr'>ἄνθρωποι,</span> <span class='ocrx_word' id='word_1_68' title='bbox 384 571 469 606; x_wconf 77' lang='grc' dir='ltr'>συχνὰ</span> <span class='ocrx_word' id='word_1_69' title='bbox 499 570 568 605; x_wconf 67' lang='grc' dir='ltr'>πρὸς</span> <span class='ocrx_word' id='word_1_70' title='bbox 599 570 688 596; x_wconf 76' lang='grc' dir='ltr'>πάντα</span> <span class='ocrx_word' id='word_1_71' title='bbox 713 569 792 604; x_wconf 81' lang='grc' dir='ltr'>λόγον</span> <span class='ocrx_word' id='word_1_72' title='bbox 813 569 861 596; x_wconf 72' lang='grc' dir='ltr'>καὶ</span> <span class='ocrx_word' id='word_1_73' title='bbox 887 569 955 604; x_wconf 75' lang='grc' dir='ltr'>πρδς</span> 
     </span>
    </p>
   </div>
   <div class='ocr_carea' id='block_1_13' title="bbox 171 615 956 652">
    <p class='ocr_par' dir='ltr' id='par_1_13' title="bbox 171 615 956 652">
     <span class='ocr_line' id='line_1_13' title="bbox 171 615 956 652; baseline -0.001 -10"><span class='ocrx_word' id='word_1_74' title='bbox 171 617 226 643; x_wconf 74' lang='grc' dir='ltr'>πᾶν</span> <span class='ocrx_word' id='word_1_75' title='bbox 249 617 330 650; x_wconf 78' lang='grc' dir='ltr'>ἔργον</span> <span class='ocrx_word' id='word_1_76' title='bbox 349 617 540 652; x_wconf 75' lang='grc' dir='ltr'><strong>προϊσχόμενοι</strong></span> <span class='ocrx_word' id='word_1_77' title='bbox 556 617 594 647; x_wconf 84' lang='grc' dir='ltr'><strong>είς</strong></span> <span class='ocrx_word' id='word_1_78' title='bbox 607 616 748 642; x_wconf 71' lang='grc' dir='ltr'><strong>δικαίωσιν</strong></span> <span class='ocrx_word' id='word_1_79' title='bbox 764 615 809 641; x_wconf 70' lang='grc' dir='ltr'>τοῦ</span> <span class='ocrx_word' id='word_1_80' title='bbox 837 623 956 649; x_wconf 81' lang='grc' dir='ltr'>κακουρ-</span> 
     </span>
    </p>
   </div>
   <div class='ocr_carea' id='block_1_14' title="bbox 171 660 955 697">
    <p class='ocr_par' dir='ltr' id='par_1_14' title="bbox 171 660 955 697">
     <span class='ocr_line' id='line_1_14' title="bbox 171 660 955 697; baseline -0.004 -9"><span class='ocrx_word' id='word_1_81' title='bbox 171 663 230 695; x_wconf 87' lang='grc' dir='ltr'>γεῖν</span> <span class='ocrx_word' id='word_1_82' title='bbox 255 663 285 688; x_wconf 85' lang='grc' dir='ltr'>τὸ</span> <span class='ocrx_word' id='word_1_83' title='bbox 311 662 365 689; x_wconf 80' lang='grc' dir='ltr'><strong>ἀπὸ</strong></span> <span class='ocrx_word' id='word_1_84' title='bbox 384 663 491 696; x_wconf 80' lang='grc' dir='ltr'><strong>σπάθης</strong></span> <span class='ocrx_word' id='word_1_85' title='bbox 516 663 591 697; x_wconf 72' lang='grc' dir='ltr'>ἡμᾶς</span> <span class='ocrx_word' id='word_1_86' title='bbox 616 661 699 687; x_wconf 77' lang='grc' dir='ltr'>ἑλεῖν·</span> <span class='ocrx_word' id='word_1_87' title='bbox 726 661 777 687; x_wconf 81' lang='grc' dir='ltr'>οὐκ</span> <span class='ocrx_word' id='word_1_88' title='bbox 794 660 955 695; x_wconf 80' lang='grc' dir='ltr'>ἀνθρώπινα</span> 
     </span>
    </p>
   </div>
   <div class='ocr_carea' id='block_1_15' title="bbox 171 705 957 740">
    <p class='ocr_par' dir='ltr' id='par_1_15' title="bbox 171 705 957 740">
     <span class='ocr_line' id='line_1_15' title="bbox 171 705 957 740; baseline -0.003 -7"><span class='ocrx_word' id='word_1_89' title='bbox 171 707 326 738; x_wconf 70' lang='grc' dir='ltr'><strong>λαλοῦντες,</strong></span> <span class='ocrx_word' id='word_1_90' title='bbox 342 707 400 733; x_wconf 84' lang='grc' dir='ltr'>ἀλλ’</span> <span class='ocrx_word' id='word_1_91' title='bbox 422 707 488 733; x_wconf 78' lang='grc' dir='ltr'><strong>ὡσεὶ</strong></span> <span class='ocrx_word' id='word_1_92' title='bbox 505 708 550 733; x_wconf 83' lang='grc' dir='ltr'>καὶ</span> <span class='ocrx_word' id='word_1_93' title='bbox 576 706 643 732; x_wconf 82' lang='grc' dir='ltr'>λέων</span> <span class='ocrx_word' id='word_1_94' title='bbox 667 707 756 740; x_wconf 75' lang='grc' dir='ltr'>ἄγραν</span> <span class='ocrx_word' id='word_1_95' title='bbox 778 705 846 732; x_wconf 80' lang='grc' dir='ltr'>ἑλὼν</span> <span class='ocrx_word' id='word_1_96' title='bbox 870 705 957 731; x_wconf 79' lang='grc' dir='ltr'>ἐθέλει</span> 
     </span>
    </p>
   </div>
   <div class='ocr_carea' id='block_1_16' title="bbox 170 749 956 787">
    <p class='ocr_par' dir='ltr' id='par_1_16' title="bbox 170 749 956 787">
     <span class='ocr_line' id='line_1_16' title="bbox 170 749 956 787; baseline -0.003 -9"><span class='ocrx_word' id='word_1_97' title='bbox 170 752 289 787; x_wconf 61' lang='lat' dir='ltr'><strong>suaan</strong></span> <span class='ocrx_word' id='word_1_98' title='bbox 306 751 402 787; x_wconf 81' lang='grc' dir='ltr'>αὐτὴν,</span> <span class='ocrx_word' id='word_1_99' title='bbox 419 752 469 786; x_wconf 82' lang='grc' dir='ltr'>οὐχ</span> <span class='ocrx_word' id='word_1_100' title='bbox 489 752 529 777; x_wconf 77' lang='grc' dir='ltr'>ὅτι</span> <span class='ocrx_word' id='word_1_101' title='bbox 541 751 645 785; x_wconf 84' lang='grc' dir='ltr'>πεινῴη</span> <span class='ocrx_word' id='word_1_102' title='bbox 664 751 711 776; x_wconf 71' lang='grc' dir='ltr'>καὶ</span> <span class='ocrx_word' id='word_1_103' title='bbox 726 749 823 783; x_wconf 79' lang='grc' dir='ltr'>ποθοίη</span> <span class='ocrx_word' id='word_1_104' title='bbox 841 749 956 784; x_wconf 78' lang='grc' dir='ltr'><strong>σάρκας,</strong></span> 
     </span>
    </p>
   </div>
   <div class='ocr_carea' id='block_1_17' title="bbox 171 793 958 831">
    <p class='ocr_par' dir='ltr' id='par_1_17' title="bbox 171 793 958 831">
     <span class='ocr_line' id='line_1_17' title="bbox 171 793 958 831; baseline -0.004 -8"><span class='ocrx_word' id='word_1_105' title='bbox 171 797 238 824; x_wconf 77' lang='grc' dir='ltr'>ἀλλὰ</span> <span class='ocrx_word' id='word_1_106' title='bbox 254 797 350 831; x_wconf 86' lang='grc' dir='ltr'>δικαίῳ</span> <span class='ocrx_word' id='word_1_107' title='bbox 377 796 425 823; x_wconf 83' lang='grc' dir='ltr'>τοῦ</span> <span class='ocrx_word' id='word_1_108' title='bbox 444 797 555 830; x_wconf 83' lang='grc' dir='ltr'>συσχεῖν</span> <span class='ocrx_word' id='word_1_109' title='bbox 579 795 663 830; x_wconf 80' lang='grc' dir='ltr'>αὐτὴν</span> <span class='ocrx_word' id='word_1_110' title='bbox 678 795 778 827; x_wconf 72' lang='grc' dir='ltr'>ὁνυξιν.</span> <span class='ocrx_word' id='word_1_111' title='bbox 795 795 851 821; x_wconf 83' lang='grc' dir='ltr'><strong>Οὐκ</strong></span> <span class='ocrx_word' id='word_1_112' title='bbox 864 793 898 830; x_wconf 82' lang='grc' dir='ltr'>ἦν</span> <span class='ocrx_word' id='word_1_113' title='bbox 912 795 958 821; x_wconf 74' lang='grc' dir='ltr'><strong>ἐπὶ</strong></span> 
     </span>
    </p>
   </div>
   <div class='ocr_carea' id='block_1_18' title="bbox 170 840 957 876">
    <p class='ocr_par' dir='ltr' id='par_1_18' title="bbox 170 840 957 876">
     <span class='ocr_line' id='line_1_18' title="bbox 170 840 957 876; baseline -0.003 -7"><span class='ocrx_word' id='word_1_114' title='bbox 170 843 275 874; x_wconf 79' lang='grc' dir='ltr'><strong>τούτοις</strong></span> <span class='ocrx_word' id='word_1_115' title='bbox 301 843 363 869; x_wconf 74' lang='grc' dir='ltr'>οὐδὲ</span> <span class='ocrx_word' id='word_1_116' title='bbox 392 843 552 869; x_wconf 81' lang='grc' dir='ltr'>ὑποστένειν</span> <span class='ocrx_word' id='word_1_117' title='bbox 572 842 663 876; x_wconf 78' lang='grc' dir='ltr'>ἡμᾶς,</span> <span class='ocrx_word' id='word_1_118' title='bbox 689 840 788 867; x_wconf 74' lang='grc' dir='ltr'>οὔκουν</span> <span class='ocrx_word' id='word_1_119' title='bbox 815 841 875 867; x_wconf 76' lang='grc' dir='ltr'>οὐδὲ</span> <span class='ocrx_word' id='word_1_120' title='bbox 897 840 957 867; x_wconf 78' lang='grc' dir='ltr'>κατ’</span> 
     </span>
    </p>
   </div>
   <div class='ocr_carea' id='block_1_19' title="bbox 171 887 956 923">
    <p class='ocr_par' dir='ltr' id='par_1_19' title="bbox 171 887 956 923">
     <span class='ocr_line' id='line_1_19' title="bbox 171 887 956 923; baseline -0.003 -8"><span class='ocrx_word' id='word_1_121' title='bbox 171 889 231 923; x_wconf 61' lang='grc' dir='ltr'>ὄψιν</span> <span class='ocrx_word' id='word_1_122' title='bbox 249 889 469 923; x_wconf 80' lang='grc' dir='ltr'><strong>σκυθρωπάζειν,</strong></span> <span class='ocrx_word' id='word_1_123' title='bbox 485 888 502 915; x_wconf 77' lang='grc' dir='ltr'><strong>ἃ</strong></span> <span class='ocrx_word' id='word_1_124' title='bbox 517 888 549 922; x_wconf 80' lang='grc' dir='ltr'>δὴ</span> <span class='ocrx_word' id='word_1_125' title='bbox 566 889 622 918; x_wconf 86' lang='grc' dir='ltr'>τοῖς</span> <span class='ocrx_word' id='word_1_126' title='bbox 634 888 662 914; x_wconf 78' lang='grc' dir='ltr'>ἐν</span> <span class='ocrx_word' id='word_1_127' title='bbox 675 887 790 913; x_wconf 84' lang='grc' dir='ltr'>κλύδωνι</span> <span class='ocrx_word' id='word_1_128' title='bbox 807 887 956 921; x_wconf 74' lang='grc' dir='ltr'>συμφορῶν</span> 
     </span>
    </p>
   </div>
   <div class='ocr_carea' id='block_1_20' title="bbox 1005 289 1790 326">
    <p class='ocr_par' dir='ltr' id='par_1_20' title="bbox 1005 289 1790 326">
     <span class='ocr_line' id='line_1_20' title="bbox 1005 289 1790 326; baseline -0.005 -7"><span class='ocrx_word' id='word_1_129' title='bbox 1005 292 1112 320; x_wconf 84' lang='lat' dir='ltr'><strong>bularet</strong></span> <span class='ocrx_word' id='word_1_130' title='bbox 1128 291 1201 326; x_wconf 90' lang='lat' dir='ltr'><strong>(quis</strong></span> <span class='ocrx_word' id='word_1_131' title='bbox 1227 295 1293 318; x_wconf 89' lang='lat' dir='ltr'><strong>tunc</strong></span> <span class='ocrx_word' id='word_1_132' title='bbox 1315 297 1368 317; x_wconf 93' lang='lat' dir='ltr'><strong>non</strong></span> <span class='ocrx_word' id='word_1_133' title='bbox 1395 289 1434 316; x_wconf 88' lang='lat' dir='ltr'><strong>ita</strong></span> <span class='ocrx_word' id='word_1_134' title='bbox 1458 289 1632 316; x_wconf 80' lang='lat' dir='ltr'><strong>ambulabat?</strong></span> <span class='ocrx_word' id='word_1_135' title='bbox 1648 296 1710 315; x_wconf 92' lang='lat' dir='ltr'><strong>cum</strong></span> <span class='ocrx_word' id='word_1_136' title='bbox 1739 295 1790 315; x_wconf 89' lang='lat' dir='ltr'><strong>nos</strong></span> 
     </span>
    </p>
   </div>
   <div class='ocr_carea' id='block_1_21' title="bbox 1005 335 1787 373">
    <p class='ocr_par' dir='ltr' id='par_1_21' title="bbox 1005 335 1787 373">
     <span class='ocr_line' id='line_1_21' title="bbox 1005 335 1787 373; baseline -0.005 -7"><span class='ocrx_word' id='word_1_137' title='bbox 1005 339 1058 373; x_wconf 87' lang='lat' dir='ltr'><strong>ipsi</strong></span> <span class='ocrx_word' id='word_1_138' title='bbox 1080 339 1131 366; x_wconf 89' lang='lat' dir='ltr'><strong>hoc</strong></span> <span class='ocrx_word' id='word_1_139' title='bbox 1160 337 1372 368; x_wconf 74' lang='lat' dir='ltr'><strong>sustineremus,</strong></span> <span class='ocrx_word' id='word_1_140' title='bbox 1402 336 1480 368; x_wconf 80' lang='lat' dir='ltr'><strong>fessi,</strong></span> <span class='ocrx_word' id='word_1_141' title='bbox 1506 336 1636 363; x_wconf 89' lang='lat' dir='ltr'><strong>cruribus</strong></span> <span class='ocrx_word' id='word_1_142' title='bbox 1662 335 1787 367; x_wconf 97' lang='lat' dir='ltr'><strong>incertis,</strong></span> 
     </span>
    </p>
   </div>
   <div class='ocr_carea' id='block_1_22' title="bbox 1006 381 1791 417">
    <p class='ocr_par' dir='ltr' id='par_1_22' title="bbox 1006 381 1791 417">
     <span class='ocr_line' id='line_1_22' title="bbox 1006 381 1791 417; baseline -0.005 -6"><span class='ocrx_word' id='word_1_143' title='bbox 1006 385 1109 412; x_wconf 87' lang='lat' dir='ltr'><strong>turbati</strong></span> <span class='ocrx_word' id='word_1_144' title='bbox 1146 385 1355 417; x_wconf 84' lang='lat' dir='ltr'><strong>titubantesque</strong></span> <span class='ocrx_word' id='word_1_145' title='bbox 1384 383 1458 410; x_wconf 88' lang='lat' dir='ltr'><strong>sicut</strong></span> <span class='ocrx_word' id='word_1_146' title='bbox 1494 382 1585 416; x_wconf 84' lang='lat' dir='ltr'><strong>ebrii),</strong></span> <span class='ocrx_word' id='word_1_147' title='bbox 1614 382 1636 408; x_wconf 94' lang='lat' dir='ltr'><strong>si</strong></span> <span class='ocrx_word' id='word_1_148' title='bbox 1664 388 1731 416; x_wconf 76' lang='lat' dir='ltr'><strong>ergo</strong></span> <span class='ocrx_word' id='word_1_149' title='bbox 1750 381 1791 407; x_wconf 89' lang='lat' dir='ltr'><strong>sic</strong></span> 
     </span>
    </p>
   </div>
   <div class='ocr_carea' id='block_1_23' title="bbox 1005 427 1791 465">
    <p class='ocr_par' dir='ltr' id='par_1_23' title="bbox 1005 427 1791 465">
     <span class='ocr_line' id='line_1_23' title="bbox 1005 427 1791 465; baseline -0.006 -8"><span class='ocrx_word' id='word_1_150' title='bbox 1005 430 1103 465; x_wconf 83' lang='lat' dir='ltr'><strong>aliquis</strong></span> <span class='ocrx_word' id='word_1_151' title='bbox 1118 430 1161 456; x_wconf 84' lang='lat' dir='ltr'><strong>via</strong></span> <span class='ocrx_word' id='word_1_152' title='bbox 1176 434 1252 457; x_wconf 87' lang='lat' dir='ltr'><strong>arcta</strong></span> <span class='ocrx_word' id='word_1_153' title='bbox 1272 430 1324 456; x_wconf 87' lang='lat' dir='ltr'><strong>iter</strong></span> <span class='ocrx_word' id='word_1_154' title='bbox 1338 429 1441 455; x_wconf 85' lang='lat' dir='ltr'><strong>faceret</strong></span> <span class='ocrx_word' id='word_1_155' title='bbox 1457 431 1669 462; x_wconf 86' lang='lat' dir='ltr'><strong>occurreretque</strong></span> <span class='ocrx_word' id='word_1_156' title='bbox 1692 427 1791 453; x_wconf 81' lang='lat' dir='ltr'><strong>Latino</strong></span> 
     </span>
    </p>
   </div>
   <div class='ocr_carea' id='block_1_24' title="bbox 1006 473 1792 510">
    <p class='ocr_par' dir='ltr' id='par_1_24' title="bbox 1006 473 1792 510">
     <span class='ocr_line' id='line_1_24' title="bbox 1006 473 1792 510; baseline -0.004 -8"><span class='ocrx_word' id='word_1_157' title='bbox 1006 478 1033 502; x_wconf 91' lang='lat' dir='ltr'><strong>in</strong></span> <span class='ocrx_word' id='word_1_158' title='bbox 1069 483 1142 510; x_wconf 89' lang='lat' dir='ltr'><strong>equo</strong></span> <span class='ocrx_word' id='word_1_159' title='bbox 1169 475 1286 507; x_wconf 87' lang='lat' dir='ltr'><strong>sedenti,</strong></span> <span class='ocrx_word' id='word_1_160' title='bbox 1311 475 1354 501; x_wconf 93' lang='lat' dir='ltr'><strong>hic</strong></span> <span class='ocrx_word' id='word_1_161' title='bbox 1387 481 1441 501; x_wconf 88' lang='lat' dir='ltr'><strong>non</strong></span> <span class='ocrx_word' id='word_1_162' title='bbox 1460 473 1604 500; x_wconf 71' lang='lat' dir='ltr'><strong>dubitabat</strong></span> <span class='ocrx_word' id='word_1_163' title='bbox 1630 473 1792 500; x_wconf 77' lang='lat' dir='ltr'><strong>conculcare</strong></span> 
     </span>
    </p>
   </div>
   <div class='ocr_carea' id='block_1_25' title="bbox 1006 519 1791 557">
    <p class='ocr_par' dir='ltr' id='par_1_25' title="bbox 1006 519 1791 557">
     <span class='ocr_line' id='line_1_25' title="bbox 1006 519 1791 557; baseline -0.004 -9"><span class='ocrx_word' id='word_1_164' title='bbox 1006 523 1142 557; x_wconf 87' lang='lat' dir='ltr'><strong>illumque</strong></span> <span class='ocrx_word' id='word_1_165' title='bbox 1162 521 1277 554; x_wconf 87' lang='lat' dir='ltr'><strong>elidere,</strong></span> <span class='ocrx_word' id='word_1_166' title='bbox 1296 528 1396 555; x_wconf 88' lang='lat' dir='ltr'><strong>equum</strong></span> <span class='ocrx_word' id='word_1_167' title='bbox 1413 519 1581 547; x_wconf 77' lang='lat' dir='ltr'><strong>stimulando</strong></span> <span class='ocrx_word' id='word_1_168' title='bbox 1597 523 1626 545; x_wconf 93' lang='lat' dir='ltr'><strong>ut</strong></span> <span class='ocrx_word' id='word_1_169' title='bbox 1641 519 1791 546; x_wconf 83' lang='lat' dir='ltr'><strong>subsiliret.</strong></span> 
     </span>
    </p>
   </div>
   <div class='ocr_carea' id='block_1_26' title="bbox 1009 565 1793 600">
    <p class='ocr_par' dir='ltr' id='par_1_26' title="bbox 1009 565 1793 600">
     <span class='ocr_line' id='line_1_26' title="bbox 1009 565 1793 600; baseline -0.005 -6"><span class='ocrx_word' id='word_1_170' title='bbox 1009 568 1141 594; x_wconf 89' lang='lat' dir='ltr'><strong>llomines</strong></span> <span class='ocrx_word' id='word_1_171' title='bbox 1166 567 1324 594; x_wconf 77' lang='lat' dir='ltr'><strong>istiusmodi</strong></span> <span class='ocrx_word' id='word_1_172' title='bbox 1353 567 1390 593; x_wconf 80' lang='lat' dir='ltr'><strong>ita</strong></span> <span class='ocrx_word' id='word_1_173' title='bbox 1419 573 1470 593; x_wconf 90' lang='lat' dir='ltr'><strong>nos</strong></span> <span class='ocrx_word' id='word_1_174' title='bbox 1486 565 1636 600; x_wconf 77' lang='lat' dir='ltr'><strong>diligebant</strong></span> <span class='ocrx_word' id='word_1_175' title='bbox 1653 567 1682 591; x_wconf 88' lang='lat' dir='ltr'><strong>ut</strong></span> <span class='ocrx_word' id='word_1_176' title='bbox 1695 565 1721 591; x_wconf 81' lang='lat' dir='ltr'><strong>in</strong></span> <span class='ocrx_word' id='word_1_177' title='bbox 1734 572 1793 591; x_wconf 92' lang='lat' dir='ltr'><strong>ver-</strong></span> 
     </span>
    </p>
   </div>
   <div class='ocr_carea' id='block_1_27' title="bbox 1007 609 1792 645">
    <p class='ocr_par' dir='ltr' id='par_1_27' title="bbox 1007 609 1792 645">
     <span class='ocr_line' id='line_1_27' title="bbox 1007 609 1792 645; baseline -0.003 -7"><span class='ocrx_word' id='word_1_178' title='bbox 1007 611 1050 638; x_wconf 90' lang='lat' dir='ltr'><strong>bis</strong></span> <span class='ocrx_word' id='word_1_179' title='bbox 1068 615 1114 637; x_wconf 85' lang='lat' dir='ltr'><strong>aut</strong></span> <span class='ocrx_word' id='word_1_180' title='bbox 1131 610 1210 638; x_wconf 76' lang='lat' dir='ltr'><strong>iactis</strong></span> <span class='ocrx_word' id='word_1_181' title='bbox 1227 618 1275 645; x_wconf 89' lang='lat' dir='ltr'><strong>pro</strong></span> <span class='ocrx_word' id='word_1_182' title='bbox 1292 610 1471 638; x_wconf 83' lang='lat' dir='ltr'><strong>excusatione</strong></span> <span class='ocrx_word' id='word_1_183' title='bbox 1485 610 1576 637; x_wconf 85' lang='lat' dir='ltr'><strong>delicti</strong></span> <span class='ocrx_word' id='word_1_184' title='bbox 1592 609 1720 636; x_wconf 80' lang='lat' dir='ltr'><strong>dicebant</strong></span> <span class='ocrx_word' id='word_1_185' title='bbox 1742 616 1792 636; x_wconf 88' lang='lat' dir='ltr'><strong>nos</strong></span> 
     </span>
    </p>
   </div>
   <div class='ocr_carea' id='block_1_28' title="bbox 1008 655 1791 692">
    <p class='ocr_par' dir='ltr' id='par_1_28' title="bbox 1008 655 1791 692">
     <span class='ocr_line' id='line_1_28' title="bbox 1008 655 1791 692; baseline -0.001 -9"><span class='ocrx_word' id='word_1_186' title='bbox 1008 658 1064 684; x_wconf 82' lang='lat' dir='ltr'><strong>sica</strong></span> <span class='ocrx_word' id='word_1_187' title='bbox 1091 657 1211 688; x_wconf 80' lang='lat' dir='ltr'><strong>feriissc,</strong></span> <span class='ocrx_word' id='word_1_188' title='bbox 1231 664 1284 684; x_wconf 90' lang='lat' dir='ltr'><strong>non</strong></span> <span class='ocrx_word' id='word_1_189' title='bbox 1307 657 1363 692; x_wconf 85' lang='lat' dir='ltr'><strong>jam</strong></span> <span class='ocrx_word' id='word_1_190' title='bbox 1380 664 1454 683; x_wconf 92' lang='lat' dir='ltr'><strong>more</strong></span> <span class='ocrx_word' id='word_1_191' title='bbox 1477 656 1617 683; x_wconf 84' lang='lat' dir='ltr'><strong>hominum</strong></span> <span class='ocrx_word' id='word_1_192' title='bbox 1637 655 1791 689; x_wconf 82' lang='lat' dir='ltr'><strong>loquentes,</strong></span> 
     </span>
    </p>
   </div>
   <div class='ocr_carea' id='block_1_29' title="bbox 1008 701 1791 738">
    <p class='ocr_par' dir='ltr' id='par_1_29' title="bbox 1008 701 1791 738">
     <span class='ocr_line' id='line_1_29' title="bbox 1008 701 1791 738; baseline -0.003 -8"><span class='ocrx_word' id='word_1_193' title='bbox 1008 703 1055 730; x_wconf 82' lang='lat' dir='ltr'><strong>srd</strong></span> <span class='ocrx_word' id='word_1_194' title='bbox 1068 703 1202 736; x_wconf 76' lang='lat' dir='ltr'><strong>sicutleo,</strong></span> <span class='ocrx_word' id='word_1_195' title='bbox 1222 704 1280 738; x_wconf 85' lang='lat' dir='ltr'><strong>qui,</strong></span> <span class='ocrx_word' id='word_1_196' title='bbox 1293 709 1374 738; x_wconf 85' lang='lat' dir='ltr'><strong>capta</strong></span> <span class='ocrx_word' id='word_1_197' title='bbox 1385 703 1487 737; x_wconf 61' lang='lat' dir='ltr'><strong>praeda,</strong></span> <span class='ocrx_word' id='word_1_198' title='bbox 1504 710 1563 730; x_wconf 88' lang='lat' dir='ltr'><strong>eam</strong></span> <span class='ocrx_word' id='word_1_199' title='bbox 1577 702 1710 729; x_wconf 86' lang='lat' dir='ltr'><strong>dilaniare</strong></span> <span class='ocrx_word' id='word_1_200' title='bbox 1724 701 1791 732; x_wconf 66' lang='lat' dir='ltr'><strong>vult,</strong></span> 
     </span>
    </p>
   </div>
   <div class='ocr_carea' id='block_1_30' title="bbox 1008 748 1792 784">
    <p class='ocr_par' dir='ltr' id='par_1_30' title="bbox 1008 748 1792 784">
     <span class='ocr_line' id='line_1_30' title="bbox 1008 748 1792 784; baseline -0.001 -8"><span class='ocrx_word' id='word_1_201' title='bbox 1008 757 1062 776; x_wconf 91' lang='lat' dir='ltr'><strong>non</strong></span> <span class='ocrx_word' id='word_1_202' title='bbox 1082 757 1114 777; x_wconf 90' lang='lat' dir='ltr'><strong>eo</strong></span> <span class='ocrx_word' id='word_1_203' title='bbox 1134 750 1208 784; x_wconf 89' lang='lat' dir='ltr'><strong>quod</strong></span> <span class='ocrx_word' id='word_1_204' title='bbox 1224 750 1328 776; x_wconf 82' lang='lat' dir='ltr'><strong>esuriat</strong></span> <span class='ocrx_word' id='word_1_205' title='bbox 1354 751 1397 776; x_wconf 86' lang='lat' dir='ltr'><strong>vel</strong></span> <span class='ocrx_word' id='word_1_206' title='bbox 1417 754 1526 784; x_wconf 83' lang='lat' dir='ltr'><strong>appetat</strong></span> <span class='ocrx_word' id='word_1_207' title='bbox 1545 756 1668 780; x_wconf 84' lang='lat' dir='ltr'><strong>carnem,</strong></span> <span class='ocrx_word' id='word_1_208' title='bbox 1684 748 1732 775; x_wconf 88' lang='lat' dir='ltr'><strong>sed</strong></span> <span class='ocrx_word' id='word_1_209' title='bbox 1762 754 1792 775; x_wconf 81' lang='lat' dir='ltr'><strong>ut</strong></span> 
     </span>
    </p>
   </div>
   <div class='ocr_carea' id='block_1_31' title="bbox 1007 793 1790 828">
    <p class='ocr_par' dir='ltr' id='par_1_31' title="bbox 1007 793 1790 828">
     <span class='ocr_line' id='line_1_31' title="bbox 1007 793 1790 828; baseline 0 -9"><span class='ocrx_word' id='word_1_210' title='bbox 1007 799 1068 819; x_wconf 77' lang='lat' dir='ltr'><strong>eam</strong></span> <span class='ocrx_word' id='word_1_211' title='bbox 1087 793 1226 827; x_wconf 82' lang='lat' dir='ltr'><strong>unguibus</strong></span> <span class='ocrx_word' id='word_1_212' title='bbox 1245 793 1370 820; x_wconf 80' lang='lat' dir='ltr'><strong>retineat.</strong></span> <span class='ocrx_word' id='word_1_213' title='bbox 1385 793 1414 820; x_wconf 91' lang='lat' dir='ltr'><strong>ln</strong></span> <span class='ocrx_word' id='word_1_214' title='bbox 1431 793 1473 820; x_wconf 78' lang='lat' dir='ltr'><strong>bis</strong></span> <span class='ocrx_word' id='word_1_215' title='bbox 1488 801 1539 820; x_wconf 83' lang='lat' dir='ltr'><strong>nec</strong></span> <span class='ocrx_word' id='word_1_216' title='bbox 1553 793 1639 820; x_wconf 88' lang='lat' dir='ltr'><strong>ullum</strong></span> <span class='ocrx_word' id='word_1_217' title='bbox 1659 793 1790 828; x_wconf 77' lang='lat' dir='ltr'><strong>gemitum</strong></span> 
     </span>
    </p>
   </div>
   <div class='ocr_carea' id='block_1_32' title="bbox 1008 838 1794 873">
    <p class='ocr_par' dir='ltr' id='par_1_32' title="bbox 1008 838 1794 873">
     <span class='ocr_line' id='line_1_32' title="bbox 1008 838 1794 873; baseline 0.003 -9"><span class='ocrx_word' id='word_1_218' title='bbox 1008 838 1090 865; x_wconf 59' lang='lat' dir='ltr'><strong>edere</strong></span> <span class='ocrx_word' id='word_1_219' title='bbox 1104 843 1273 873; x_wconf 84' lang='lat' dir='ltr'><strong>poteramus,</strong></span> <span class='ocrx_word' id='word_1_220' title='bbox 1286 846 1336 866; x_wconf 84' lang='lat' dir='ltr'><strong>nec</strong></span> <span class='ocrx_word' id='word_1_221' title='bbox 1348 838 1434 866; x_wconf 87' lang='lat' dir='ltr'><strong>videri</strong></span> <span class='ocrx_word' id='word_1_222' title='bbox 1446 843 1604 872; x_wconf 71' lang='lat' dir='ltr'><strong>maerentes,</strong></span> <span class='ocrx_word' id='word_1_223' title='bbox 1617 838 1690 873; x_wconf 91' lang='lat' dir='ltr'><strong>quod</strong></span> <span class='ocrx_word' id='word_1_224' title='bbox 1701 839 1794 873; x_wconf 87' lang='lat' dir='ltr'><strong>utique</strong></span> 
     </span>
    </p>
   </div>
   <div class='ocr_carea' id='block_1_33' title="bbox 1009 884 1794 920">
    <p class='ocr_par' dir='ltr' id='par_1_33' title="bbox 1009 884 1794 920">
     <span class='ocr_line' id='line_1_33' title="bbox 1009 884 1794 920; baseline 0 -9"><span class='ocrx_word' id='word_1_225' title='bbox 1009 884 1036 911; x_wconf 91' lang='lat' dir='ltr'><strong>in</strong></span> <span class='ocrx_word' id='word_1_226' title='bbox 1054 886 1200 912; x_wconf 81' lang='lat' dir='ltr'><strong>tormentis</strong></span> <span class='ocrx_word' id='word_1_227' title='bbox 1220 890 1368 912; x_wconf 85' lang='lat' dir='ltr'><strong>eventuum</strong></span> <span class='ocrx_word' id='word_1_228' title='bbox 1390 885 1423 912; x_wconf 87' lang='lat' dir='ltr'><strong>ad</strong></span> <span class='ocrx_word' id='word_1_229' title='bbox 1444 885 1541 911; x_wconf 78' lang='lat' dir='ltr'><strong>anima:</strong></span> <span class='ocrx_word' id='word_1_230' title='bbox 1560 892 1698 920; x_wconf 68' lang='lat' dir='ltr'><strong>oppressae</strong></span> <span class='ocrx_word' id='word_1_231' title='bbox 1723 885 1794 912; x_wconf 84' lang='lat' dir='ltr'><strong>leva-</strong></span> 
     </span>
    </p>
   </div>
   <div class='ocr_carea' id='block_1_34' title="bbox 172 928 959 968">
    <p class='ocr_par' dir='ltr' id='par_1_34' title="bbox 172 931 954 968">
     <span class='ocr_line' id='line_1_34' title="bbox 172 931 954 968; baseline -0.004 -8"><span class='ocrx_word' id='word_1_232' title='bbox 172 935 277 960; x_wconf 77' lang='grc' dir='ltr'><strong>ἀνεῖται</strong></span> <span class='ocrx_word' id='word_1_233' title='bbox 298 933 367 968; x_wconf 81' lang='grc' dir='ltr'>πρὸς</span> <span class='ocrx_word' id='word_1_234' title='bbox 383 933 497 968; x_wconf 74' lang='grc' dir='ltr'>ἐκϐολὴν</span> <span class='ocrx_word' id='word_1_235' title='bbox 505 932 551 958; x_wconf 84' lang='grc' dir='ltr'>τοῦ</span> <span class='ocrx_word' id='word_1_236' title='bbox 565 933 633 958; x_wconf 78' lang='grc' dir='ltr'>κατὰ</span> <span class='ocrx_word' id='word_1_237' title='bbox 649 931 738 966; x_wconf 81' lang='grc' dir='ltr'>ψυχὴν</span> <span class='ocrx_word' id='word_1_238' title='bbox 755 931 865 966; x_wconf 80' lang='grc' dir='ltr'>ἄχθους.</span> <span class='ocrx_word' id='word_1_239' title='bbox 885 931 954 957; x_wconf 81' lang='grc' dir='ltr'>Πολὺ</span> 
     </span>
    </p>
   </div>
   <div class='ocr_carea' id='block_1_35' title="bbox 1012 928 1794 968">
    <p class='ocr_par' dir='ltr' id='par_1_35' title="bbox 1012 929 1794 965">
     <span class='ocr_line' id='line_1_35' title="bbox 1012 929 1794 965; baseline 0.001 -9"><span class='ocrx_word' id='word_1_240' title='bbox 1012 938 1080 957; x_wconf 88' lang='lat' dir='ltr'><strong>men.</strong></span> <span class='ocrx_word' id='word_1_241' title='bbox 1096 929 1173 957; x_wconf 91' lang='lat' dir='ltr'><strong>Tunc</strong></span> <span class='ocrx_word' id='word_1_242' title='bbox 1189 931 1261 957; x_wconf 81' lang='lat' dir='ltr'><strong>enim</strong></span> <span class='ocrx_word' id='word_1_243' title='bbox 1279 931 1455 965; x_wconf 79' lang='lat' dir='ltr'><strong>repetebant:</strong></span> <span class='ocrx_word' id='word_1_244' title='bbox 1484 940 1494 956; x_wconf 76' lang='grc' dir='ltr'><strong>ι</strong></span> <span class='ocrx_word' id='word_1_245' title='bbox 1524 931 1649 961; x_wconf 85' lang='lat' dir='ltr'><strong>Diabolc.</strong></span> <span class='ocrx_word' id='word_1_246' title='bbox 1668 939 1716 958; x_wconf 79' lang='lat' dir='ltr'><strong>cur</strong></span> <span class='ocrx_word' id='word_1_247' title='bbox 1747 938 1794 965; x_wconf 78' lang='lat' dir='ltr'><strong>ge-</strong></span> 
     </span>
    </p>
   </div>
   <div class='ocr_carea' id='block_1_36' title="bbox 173 976 955 1013">
    <p class='ocr_par' dir='ltr' id='par_1_36' title="bbox 173 976 955 1013">
     <span class='ocr_line' id='line_1_36' title="bbox 173 976 955 1013; baseline -0.006 -8"><span class='ocrx_word' id='word_1_248' title='bbox 173 979 227 1013; x_wconf 82' lang='grc' dir='ltr'>γὰρ</span> <span class='ocrx_word' id='word_1_249' title='bbox 254 979 347 1010; x_wconf 81' lang='grc' dir='ltr'>αὐτοῖς</span> <span class='ocrx_word' id='word_1_250' title='bbox 376 978 494 1005; x_wconf 63' lang='grc' dir='ltr'>ἐνταῦθα</span> <span class='ocrx_word' id='word_1_251' title='bbox 515 978 545 1004; x_wconf 74' lang='grc' dir='ltr'><strong>τὺ</strong></span> <span class='ocrx_word' id='word_1_252' title='bbox 568 986 578 1003; x_wconf 77' lang='grc' dir='ltr'><strong>ι</strong></span> <span class='ocrx_word' id='word_1_253' title='bbox 603 977 727 1009; x_wconf 75' lang='grc' dir='ltr'>Διάϐολε,</span> <span class='ocrx_word' id='word_1_254' title='bbox 743 976 770 1003; x_wconf 86' lang='grc' dir='ltr'><strong>τί</strong></span> <span class='ocrx_word' id='word_1_255' title='bbox 794 976 955 1008; x_wconf 71' lang='grc' dir='ltr'>στενάζεις;</span> 
     </span>
    </p>
   </div>
   <div class='ocr_carea' id='block_1_37' title="bbox 179 1021 957 1058">
    <p class='ocr_par' dir='ltr' id='par_1_37' title="bbox 179 1021 957 1058">
     <span class='ocr_line' id='line_1_37' title="bbox 179 1021 957 1058; baseline -0.003 -8"><span class='ocrx_word' id='word_1_256' title='bbox 179 1024 335 1050; x_wconf 78' lang='grc' dir='ltr'>Ἐϐούλοντο</span> <span class='ocrx_word' id='word_1_257' title='bbox 351 1024 404 1058; x_wconf 78' lang='grc' dir='ltr'>γὰρ</span> <span class='ocrx_word' id='word_1_258' title='bbox 418 1024 591 1058; x_wconf 81' lang='grc' dir='ltr'><strong>ἀναισθητεῖν</strong></span> <span class='ocrx_word' id='word_1_259' title='bbox 604 1023 677 1057; x_wconf 79' lang='grc' dir='ltr'>ἡμᾶς</span> <span class='ocrx_word' id='word_1_260' title='bbox 693 1023 740 1049; x_wconf 75' lang='grc' dir='ltr'>καὶ</span> <span class='ocrx_word' id='word_1_261' title='bbox 751 1021 957 1057; x_wconf 73' lang='grc' dir='ltr'>φρενοϐλαϐεῖν,</span> 
     </span>
    </p>
   </div>
   <div class='ocr_carea' id='block_1_38' title="bbox 174 1068 958 1106">
    <p class='ocr_par' dir='ltr' id='par_1_38' title="bbox 174 1068 958 1106">
     <span class='ocr_line' id='line_1_38' title="bbox 174 1068 958 1106; baseline -0.004 -9"><span class='ocrx_word' id='word_1_262' title='bbox 174 1070 212 1102; x_wconf 81' lang='grc' dir='ltr'>ὡς</span> <span class='ocrx_word' id='word_1_263' title='bbox 228 1071 275 1097; x_wconf 81' lang='grc' dir='ltr'>καὶ</span> <span class='ocrx_word' id='word_1_264' title='bbox 292 1070 410 1106; x_wconf 80' lang='grc' dir='ltr'>χαίρειν,</span> <span class='ocrx_word' id='word_1_265' title='bbox 428 1070 471 1104; x_wconf 75' lang='grc' dir='ltr'><strong>ἐφ’</strong></span> <span class='ocrx_word' id='word_1_266' title='bbox 495 1068 535 1101; x_wconf 74' lang='grc' dir='ltr'><strong>οἷς</strong></span> <span class='ocrx_word' id='word_1_267' title='bbox 564 1069 657 1100; x_wconf 75' lang='grc' dir='ltr'>κακῶς</span> <span class='ocrx_word' id='word_1_268' title='bbox 683 1069 851 1103; x_wconf 72' lang='grc' dir='ltr'>ἐπάσχομεν.</span> <span class='ocrx_word' id='word_1_269' title='bbox 881 1068 911 1094; x_wconf 84' lang='lat' dir='ltr'><strong>Ei</strong></span> <span class='ocrx_word' id='word_1_270' title='bbox 930 1068 958 1094; x_wconf 85' lang='grc' dir='ltr'>δέ</span> 
     </span>
    </p>
   </div>
   <div class='ocr_carea' id='block_1_39' title="bbox 174 1113 956 1151">
    <p class='ocr_par' dir='ltr' id='par_1_39' title="bbox 174 1113 956 1151">
     <span class='ocr_line' id='line_1_39' title="bbox 174 1113 956 1151; baseline -0.005 -8"><span class='ocrx_word' id='word_1_271' title='bbox 174 1125 212 1150; x_wconf 78' lang='grc' dir='ltr'>πη</span> <span class='ocrx_word' id='word_1_272' title='bbox 228 1115 366 1151; x_wconf 73' lang='grc' dir='ltr'>ξυμπεσδν</span> <span class='ocrx_word' id='word_1_273' title='bbox 383 1113 434 1142; x_wconf 84' lang='grc' dir='ltr'>ὦδε</span> <span class='ocrx_word' id='word_1_274' title='bbox 448 1116 530 1150; x_wconf 81' lang='grc' dir='ltr'>γελᾷν</span> <span class='ocrx_word' id='word_1_275' title='bbox 556 1116 611 1142; x_wconf 69' lang='grc' dir='ltr'>εἴτε</span> <span class='ocrx_word' id='word_1_276' title='bbox 630 1115 736 1149; x_wconf 79' lang='grc' dir='ltr'>μειδιᾷν</span> <span class='ocrx_word' id='word_1_277' title='bbox 760 1114 869 1141; x_wconf 70' lang='grc' dir='ltr'>ἐπέλθοι</span> <span class='ocrx_word' id='word_1_278' title='bbox 892 1114 956 1145; x_wconf 77' lang='grc' dir='ltr'>τινὶ,</span> 
     </span>
    </p>
   </div>
   <div class='ocr_carea' id='block_1_40' title="bbox 175 1159 959 1197">
    <p class='ocr_par' dir='ltr' id='par_1_40' title="bbox 175 1159 959 1197">
     <span class='ocr_line' id='line_1_40' title="bbox 175 1159 959 1197; baseline -0.004 -9"><span class='ocrx_word' id='word_1_279' title='bbox 175 1161 240 1197; x_wconf 86' lang='grc' dir='ltr'>χολὴ</span> <span class='ocrx_word' id='word_1_280' title='bbox 257 1162 303 1188; x_wconf 78' lang='grc' dir='ltr'>καὶ</span> <span class='ocrx_word' id='word_1_281' title='bbox 323 1161 402 1188; x_wconf 80' lang='grc' dir='ltr'>τοῦτο</span> <span class='ocrx_word' id='word_1_282' title='bbox 422 1161 533 1196; x_wconf 81' lang='grc' dir='ltr'>δριμεῖα</span> <span class='ocrx_word' id='word_1_283' title='bbox 547 1160 586 1194; x_wconf 83' lang='grc' dir='ltr'>τῷ</span> <span class='ocrx_word' id='word_1_284' title='bbox 602 1160 737 1187; x_wconf 78' lang='grc' dir='ltr'>κατιδόντι</span> <span class='ocrx_word' id='word_1_285' title='bbox 749 1159 866 1194; x_wconf 85' lang='grc' dir='ltr'>Λατίνῳ.</span> <span class='ocrx_word' id='word_1_286' title='bbox 887 1159 959 1185; x_wconf 78' lang='grc' dir='ltr'>Ἐνό-</span> 
     </span>
    </p>
   </div>
   <div class='ocr_carea' id='block_1_41' title="bbox 178 1205 960 1242">
    <p class='ocr_par' dir='ltr' id='par_1_41' title="bbox 178 1205 960 1242">
     <span class='ocr_line' id='line_1_41' title="bbox 178 1205 960 1242; baseline -0.003 -9"><span class='ocrx_word' id='word_1_287' title='bbox 178 1208 240 1242; x_wconf 79' lang='grc' dir='ltr'>μιζε</span> <span class='ocrx_word' id='word_1_288' title='bbox 250 1207 315 1242; x_wconf 80' lang='grc' dir='ltr'>γὰρ,</span> <span class='ocrx_word' id='word_1_289' title='bbox 331 1207 368 1238; x_wconf 85' lang='grc' dir='ltr'>ὡς</span> <span class='ocrx_word' id='word_1_290' title='bbox 383 1207 482 1238; x_wconf 75' lang='grc' dir='ltr'>ἔοικεν,</span> <span class='ocrx_word' id='word_1_291' title='bbox 495 1207 511 1239; x_wconf 88' lang='grc' dir='ltr'>ἢ</span> <span class='ocrx_word' id='word_1_292' title='bbox 527 1206 681 1240; x_wconf 78' lang='grc' dir='ltr'>καταγελᾷν</span> <span class='ocrx_word' id='word_1_293' title='bbox 697 1206 770 1240; x_wconf 81' lang='grc' dir='ltr'>ἡμᾶς</span> <span class='ocrx_word' id='word_1_294' title='bbox 780 1205 835 1232; x_wconf 82' lang='grc' dir='ltr'>τῶν</span> <span class='ocrx_word' id='word_1_295' title='bbox 851 1206 960 1232; x_wconf 86' lang='grc' dir='ltr'>Λατινι-</span> 
     </span>
    </p>
   </div>
   <div class='ocr_carea' id='block_1_42' title="bbox 177 1248 960 1288">
    <p class='ocr_par' dir='ltr' id='par_1_42' title="bbox 177 1248 960 1288">
     <span class='ocr_line' id='line_1_42' title="bbox 177 1248 960 1288; baseline -0.004 -9"><span class='ocrx_word' id='word_1_296' title='bbox 177 1253 233 1279; x_wconf 82' lang='grc' dir='ltr'>κῶν</span> <span class='ocrx_word' id='word_1_297' title='bbox 247 1252 385 1288; x_wconf 77' lang='grc' dir='ltr'>πράξεων,</span> <span class='ocrx_word' id='word_1_298' title='bbox 397 1252 414 1287; x_wconf 87' lang='grc' dir='ltr'><strong>ἢ</strong></span> <span class='ocrx_word' id='word_1_299' title='bbox 426 1251 516 1285; x_wconf 77' lang='grc' dir='ltr'>ἀγαθὰ</span> <span class='ocrx_word' id='word_1_300' title='bbox 531 1248 748 1286; x_wconf 70' lang='grc' dir='ltr'>καραδοκοῦντας</span> <span class='ocrx_word' id='word_1_301' title='bbox 765 1251 777 1277; x_wconf 80' lang='grc' dir='ltr'>ὁ</span> <span class='ocrx_word' id='word_1_302' title='bbox 793 1250 960 1285; x_wconf 78' lang='grc' dir='ltr'>χαιρέκακος</span> 
     </span>
    </p>
   </div>
   <div class='ocr_carea' id='block_1_43' title="bbox 177 1295 960 1330">
    <p class='ocr_par' dir='ltr' id='par_1_43' title="bbox 177 1295 960 1330">
     <span class='ocr_line' id='line_1_43' title="bbox 177 1295 960 1330; baseline -0.004 -6"><span class='ocrx_word' id='word_1_303' title='bbox 177 1299 232 1325; x_wconf 77' lang='grc' dir='ltr'>είτε</span> <span class='ocrx_word' id='word_1_304' title='bbox 253 1298 300 1324; x_wconf 73' lang='grc' dir='ltr'><strong>καὶ</strong></span> <span class='ocrx_word' id='word_1_305' title='bbox 326 1298 496 1328; x_wconf 77' lang='grc' dir='ltr'>πεπονθότας</span> <span class='ocrx_word' id='word_1_306' title='bbox 523 1296 704 1330; x_wconf 55' lang='lat' dir='ltr'><strong>suntiam</strong></span> <span class='ocrx_word' id='word_1_307' title='bbox 719 1316 725 1327; x_wconf 89' lang='lat'><strong>,</strong></span> <span class='ocrx_word' id='word_1_308' title='bbox 744 1296 758 1322; x_wconf 82' lang='grc' dir='ltr'>ὃ</span> <span class='ocrx_word' id='word_1_309' title='bbox 779 1297 835 1327; x_wconf 86' lang='grc' dir='ltr'>τοῖς</span> <span class='ocrx_word' id='word_1_310' title='bbox 852 1295 960 1330; x_wconf 79' lang='grc' dir='ltr'>ἐχθροῖς</span> 
     </span>
    </p>
   </div>
   <div class='ocr_carea' id='block_1_44' title="bbox 178 1340 961 1378">
    <p class='ocr_par' dir='ltr' id='par_1_44' title="bbox 178 1340 961 1378">
     <span class='ocr_line' id='line_1_44' title="bbox 178 1340 961 1378; baseline -0.005 -8"><span class='ocrx_word' id='word_1_311' title='bbox 178 1344 355 1378; x_wconf 63' lang='grc' dir='ltr'>ἀπενέφαινε.</span> <span class='ocrx_word' id='word_1_312' title='bbox 374 1342 430 1369; x_wconf 77' lang='grc' dir='ltr'><strong>Καὶ</strong></span> <span class='ocrx_word' id='word_1_313' title='bbox 444 1343 534 1369; x_wconf 80' lang='grc' dir='ltr'>τοίνυν</span> <span class='ocrx_word' id='word_1_314' title='bbox 551 1341 699 1372; x_wconf 78' lang='grc' dir='ltr'>δακτύλους</span> <span class='ocrx_word' id='word_1_315' title='bbox 721 1341 760 1372; x_wconf 80' lang='grc' dir='ltr'><strong>είς</strong></span> <span class='ocrx_word' id='word_1_316' title='bbox 779 1341 891 1375; x_wconf 82' lang='grc' dir='ltr'>γρόνθον</span> <span class='ocrx_word' id='word_1_317' title='bbox 913 1340 961 1366; x_wconf 79' lang='grc' dir='ltr'><strong>ἔπ-</strong></span> 
     </span>
    </p>
   </div>
   <div class='ocr_carea' id='block_1_45' title="bbox 178 1385 960 1423">
    <p class='ocr_par' dir='ltr' id='par_1_45' title="bbox 178 1385 960 1423">
     <span class='ocr_line' id='line_1_45' title="bbox 178 1385 960 1423; baseline -0.004 -9"><span class='ocrx_word' id='word_1_318' title='bbox 178 1397 288 1420; x_wconf 79' lang='grc' dir='ltr'>τυσσον,</span> <span class='ocrx_word' id='word_1_319' title='bbox 312 1388 359 1415; x_wconf 73' lang='grc' dir='ltr'>καὶ</span> <span class='ocrx_word' id='word_1_320' title='bbox 381 1388 432 1423; x_wconf 86' lang='grc' dir='ltr'>τὴν</span> <span class='ocrx_word' id='word_1_321' title='bbox 455 1389 534 1423; x_wconf 82' lang='grc' dir='ltr'>χεῖρα</span> <span class='ocrx_word' id='word_1_322' title='bbox 560 1386 779 1420; x_wconf 75' lang='grc' dir='ltr'>γογγυλίζοντες,</span> <span class='ocrx_word' id='word_1_323' title='bbox 795 1385 960 1422; x_wconf 70' lang='grc' dir='ltr'>ἐρρύθμιζον</span> 
     </span>
    </p>
   </div>
   <div class='ocr_carea' id='block_1_46' title="bbox 180 1428 961 1468">
    <p class='ocr_par' dir='ltr' id='par_1_46' title="bbox 180 1428 961 1468">
     <span class='ocr_line' id='line_1_46' title="bbox 180 1428 961 1468; baseline -0.004 -8"><span class='ocrx_word' id='word_1_324' title='bbox 180 1434 234 1466; x_wconf 80' lang='grc' dir='ltr'><strong>πὺξ</strong></span> <span class='ocrx_word' id='word_1_325' title='bbox 251 1434 390 1468; x_wconf 78' lang='grc' dir='ltr'><strong>πλήττειν,</strong></span> <span class='ocrx_word' id='word_1_326' title='bbox 405 1443 414 1459; x_wconf 71' lang='grc' dir='ltr'><strong>ε</strong></span> <span class='ocrx_word' id='word_1_327' title='bbox 438 1434 470 1459; x_wconf 91' lang='grc' dir='ltr'>Τί</span> <span class='ocrx_word' id='word_1_328' title='bbox 489 1433 571 1468; x_wconf 81' lang='grc' dir='ltr'>γελᾷς</span> <span class='ocrx_word' id='word_1_329' title='bbox 582 1453 589 1465; x_wconf 88' lang='lat'><strong>,</strong></span> <span class='ocrx_word' id='word_1_330' title='bbox 611 1428 633 1458; x_wconf 79' lang='grc' dir='ltr'><strong>ὦ</strong></span> <span class='ocrx_word' id='word_1_331' title='bbox 650 1432 756 1458; x_wconf 72' lang='grc' dir='ltr'>διάϐολε</span> <span class='ocrx_word' id='word_1_332' title='bbox 770 1451 779 1463; x_wconf 88' lang='lat'><strong>,</strong></span> <span class='ocrx_word' id='word_1_333' title='bbox 805 1441 814 1457; x_wconf 77' lang='grc' dir='ltr'><strong>ι</strong></span> <span class='ocrx_word' id='word_1_334' title='bbox 834 1431 961 1466; x_wconf 77' lang='grc' dir='ltr'>βατταρί-</span> 
     </span>
    </p>
   </div>
   <div class='ocr_carea' id='block_1_47' title="bbox 178 1476 961 1514">
    <p class='ocr_par' dir='ltr' id='par_1_47' title="bbox 178 1476 961 1514">
     <span class='ocr_line' id='line_1_47' title="bbox 178 1476 961 1514; baseline -0.006 -8"><span class='ocrx_word' id='word_1_335' title='bbox 178 1480 282 1511; x_wconf 79' lang='grc' dir='ltr'>ζοντες.</span> <span class='ocrx_word' id='word_1_336' title='bbox 301 1480 356 1506; x_wconf 86' lang='grc' dir='ltr'><strong>Καὶ</strong></span> <span class='ocrx_word' id='word_1_337' title='bbox 376 1479 447 1505; x_wconf 79' lang='grc' dir='ltr'>οὕτω</span> <span class='ocrx_word' id='word_1_338' title='bbox 466 1479 515 1513; x_wconf 79' lang='grc' dir='ltr'>τὴν</span> <span class='ocrx_word' id='word_1_339' title='bbox 532 1478 640 1514; x_wconf 74' lang='grc' dir='ltr'>αἰθρίαν</span> <span class='ocrx_word' id='word_1_340' title='bbox 654 1478 699 1504; x_wconf 83' lang='grc' dir='ltr'>τοῦ</span> <span class='ocrx_word' id='word_1_341' title='bbox 726 1477 903 1511; x_wconf 71' lang='grc' dir='ltr'>μειδιάματος</span> <span class='ocrx_word' id='word_1_342' title='bbox 921 1476 961 1508; x_wconf 80' lang='grc' dir='ltr'><strong>είς</strong></span> 
     </span>
    </p>
   </div>
   <div class='ocr_carea' id='block_1_48' title="bbox 181 1524 959 1562">
    <p class='ocr_par' dir='ltr' id='par_1_48' title="bbox 181 1524 959 1562">
     <span class='ocr_line' id='line_1_48' title="bbox 181 1524 959 1562; baseline -0.005 -9"><span class='ocrx_word' id='word_1_343' title='bbox 181 1528 261 1560; x_wconf 82' lang='grc' dir='ltr'>νέφος</span> <span class='ocrx_word' id='word_1_344' title='bbox 277 1526 410 1562; x_wconf 80' lang='grc' dir='ltr'>δακρυόεν</span> <span class='ocrx_word' id='word_1_345' title='bbox 425 1527 618 1561; x_wconf 78' lang='grc' dir='ltr'>μετέστρεφον,</span> <span class='ocrx_word' id='word_1_346' title='bbox 636 1525 653 1560; x_wconf 79' lang='grc' dir='ltr'>ἦ</span> <span class='ocrx_word' id='word_1_347' title='bbox 670 1525 717 1551; x_wconf 80' lang='grc' dir='ltr'>καὶ</span> <span class='ocrx_word' id='word_1_348' title='bbox 740 1525 840 1559; x_wconf 75' lang='grc' dir='ltr'>ἑτέρως</span> <span class='ocrx_word' id='word_1_349' title='bbox 862 1524 959 1556; x_wconf 79' lang='grc' dir='ltr'>εἰπεῖν,</span> 
     </span>
    </p>
   </div>
   <div class='ocr_carea' id='block_1_49' title="bbox 178 1570 958 1606">
    <p class='ocr_par' dir='ltr' id='par_1_49' title="bbox 178 1570 958 1606">
     <span class='ocr_line' id='line_1_49' title="bbox 178 1570 958 1606; baseline -0.001 -9"><span class='ocrx_word' id='word_1_350' title='bbox 178 1571 223 1597; x_wconf 69' lang='grc' dir='ltr'><strong>τὸν</strong></span> <span class='ocrx_word' id='word_1_351' title='bbox 250 1572 371 1605; x_wconf 85' lang='grc' dir='ltr'>γελῶντα</span> <span class='ocrx_word' id='word_1_352' title='bbox 404 1571 575 1606; x_wconf 80' lang='grc' dir='ltr'>Δημόκριτον</span> <span class='ocrx_word' id='word_1_353' title='bbox 606 1572 645 1603; x_wconf 82' lang='grc' dir='ltr'><strong>είς</strong></span> <span class='ocrx_word' id='word_1_354' title='bbox 670 1570 847 1606; x_wconf 77' lang='grc' dir='ltr'>Ἠράκλειτον</span> <span class='ocrx_word' id='word_1_355' title='bbox 877 1578 958 1603; x_wconf 85' lang='grc' dir='ltr'>μετε-</span> 
     </span>
    </p>
   </div>
   <div class='ocr_carea' id='block_1_50' title="bbox 180 1617 448 1652">
    <p class='ocr_par' dir='ltr' id='par_1_50' title="bbox 180 1617 448 1652">
     <span class='ocr_line' id='line_1_50' title="bbox 180 1617 448 1652; baseline -0.004 -9"><span class='ocrx_word' id='word_1_356' title='bbox 180 1617 273 1644; x_wconf 84' lang='grc' dir='ltr'>ποίουν</span> <span class='ocrx_word' id='word_1_357' title='bbox 285 1617 448 1652; x_wconf 71' lang='grc' dir='ltr'>δακρύοντα.</span> 
     </span>
    </p>
   </div>
   <div class='ocr_carea' id='block_1_51' title="bbox 214 1662 961 1698">
    <p class='ocr_par' dir='ltr' id='par_1_51' title="bbox 214 1662 961 1698">
     <span class='ocr_line' id='line_1_51' title="bbox 214 1662 961 1698; baseline -0.003 -9"><span class='ocrx_word' id='word_1_358' title='bbox 214 1666 278 1698; x_wconf 81' lang='grc' dir='ltr'>ριη’.</span> <span class='ocrx_word' id='word_1_359' title='bbox 304 1663 532 1697; x_wconf 76' lang='grc' dir='ltr'>’Λνεψηλαφῶντο</span> <span class='ocrx_word' id='word_1_360' title='bbox 549 1663 614 1698; x_wconf 82' lang='grc' dir='ltr'>παρ’</span> <span class='ocrx_word' id='word_1_361' title='bbox 630 1663 718 1690; x_wconf 70' lang='grc' dir='ltr'>αὐτῶν</span> <span class='ocrx_word' id='word_1_362' title='bbox 734 1663 778 1689; x_wconf 73' lang='grc' dir='ltr'><strong>καὶ</strong></span> <span class='ocrx_word' id='word_1_363' title='bbox 794 1662 829 1689; x_wconf 81' lang='grc' dir='ltr'><strong>τὰ</strong></span> <span class='ocrx_word' id='word_1_364' title='bbox 838 1662 892 1688; x_wconf 74' lang='grc' dir='ltr'><strong>τῶν</strong></span> <span class='ocrx_word' id='word_1_365' title='bbox 907 1670 961 1687; x_wconf 86' lang='grc' dir='ltr'>πα.-</span> 
     </span>
    </p>
   </div>
   <div class='ocr_carea' id='block_1_52' title="bbox 179 1706 959 1743">
    <p class='ocr_par' dir='ltr' id='par_1_52' title="bbox 179 1706 959 1743">
     <span class='ocr_line' id='line_1_52' title="bbox 179 1706 959 1743; baseline -0.001 -9"><span class='ocrx_word' id='word_1_366' title='bbox 179 1708 343 1743; x_wconf 82' lang='grc' dir='ltr'>ροδευὸντων</span> <span class='ocrx_word' id='word_1_367' title='bbox 366 1708 532 1743; x_wconf 78' lang='grc' dir='ltr'>προκόλπια,</span> <span class='ocrx_word' id='word_1_368' title='bbox 551 1710 598 1735; x_wconf 81' lang='grc' dir='ltr'>καὶ</span> <span class='ocrx_word' id='word_1_369' title='bbox 621 1708 805 1741; x_wconf 75' lang='grc' dir='ltr'>ὲξεκενοῦντο,</span> <span class='ocrx_word' id='word_1_370' title='bbox 825 1706 852 1734; x_wconf 77' lang='grc' dir='ltr'><strong>εἴ</strong></span> <span class='ocrx_word' id='word_1_371' title='bbox 865 1708 892 1732; x_wconf 84' lang='grc' dir='ltr'><strong>τί</strong></span> <span class='ocrx_word' id='word_1_372' title='bbox 910 1715 959 1733; x_wconf 89' lang='grc' dir='ltr'><strong>που</strong></span> 
     </span>
    </p>
   </div>
   <div class='ocr_carea' id='block_1_53' title="bbox 178 1750 959 1789">
    <p class='ocr_par' dir='ltr' id='par_1_53' title="bbox 178 1750 959 1789">
     <span class='ocr_line' id='line_1_53' title="bbox 178 1750 959 1789; baseline -0.001 -9"><span class='ocrx_word' id='word_1_373' title='bbox 178 1754 229 1780; x_wconf 65' lang='grc' dir='ltr'>καὶ</span> <span class='ocrx_word' id='word_1_374' title='bbox 246 1753 342 1788; x_wconf 69' lang='grc' dir='ltr'>ἔφερον</span> <span class='ocrx_word' id='word_1_375' title='bbox 357 1753 564 1789; x_wconf 79' lang='grc' dir='ltr'>χρηματισμοῦ,</span> <span class='ocrx_word' id='word_1_376' title='bbox 579 1754 603 1779; x_wconf 88' lang='grc' dir='ltr'><strong>εί</strong></span> <span class='ocrx_word' id='word_1_377' title='bbox 619 1753 667 1779; x_wconf 77' lang='grc' dir='ltr'>καὶ</span> <span class='ocrx_word' id='word_1_378' title='bbox 684 1753 770 1788; x_wconf 83' lang='grc' dir='ltr'>βραχύ</span> <span class='ocrx_word' id='word_1_379' title='bbox 783 1761 809 1778; x_wconf 87' lang='grc' dir='ltr'><strong>τι</strong></span> <span class='ocrx_word' id='word_1_380' title='bbox 820 1753 907 1779; x_wconf 80' lang='grc' dir='ltr'>ἐκεῖνο</span> <span class='ocrx_word' id='word_1_381' title='bbox 917 1750 959 1787; x_wconf 79' lang='grc' dir='ltr'><strong>ἦν.</strong></span> 
     </span>
    </p>
   </div>
   <div class='ocr_carea' id='block_1_54' title="bbox 181 1799 961 1835">
    <p class='ocr_par' dir='ltr' id='par_1_54' title="bbox 181 1799 961 1835">
     <span class='ocr_line' id='line_1_54' title="bbox 181 1799 961 1835; baseline -0.004 -8"><span class='ocrx_word' id='word_1_382' title='bbox 181 1799 410 1835; x_wconf 79' lang='grc' dir='ltr'>Περιειργάζοντο</span> <span class='ocrx_word' id='word_1_383' title='bbox 434 1801 481 1827; x_wconf 73' lang='grc' dir='ltr'><strong>καὶ</strong></span> <span class='ocrx_word' id='word_1_384' title='bbox 510 1799 614 1834; x_wconf 82' lang='grc' dir='ltr'>μηροὺς</span> <span class='ocrx_word' id='word_1_385' title='bbox 635 1819 642 1832; x_wconf 84' lang='grc'>,</span> <span class='ocrx_word' id='word_1_386' title='bbox 675 1800 712 1834; x_wconf 88' lang='grc' dir='ltr'>μή</span> <span class='ocrx_word' id='word_1_387' title='bbox 743 1807 794 1825; x_wconf 72' lang='grc' dir='ltr'><strong>που</strong></span> <span class='ocrx_word' id='word_1_388' title='bbox 825 1799 961 1834; x_wconf 76' lang='grc' dir='ltr'>μαχαίρας</span> 
     </span>
    </p>
   </div>
   <div class='ocr_carea' id='block_1_55' title="bbox 177 1843 962 1879">
    <p class='ocr_par' dir='ltr' id='par_1_55' title="bbox 177 1843 962 1879">
     <span class='ocr_line' id='line_1_55' title="bbox 177 1843 962 1879; baseline 0 -10"><span class='ocrx_word' id='word_1_389' title='bbox 177 1845 378 1879; x_wconf 78' lang='grc' dir='ltr'>παρήρτηνται.</span> <span class='ocrx_word' id='word_1_390' title='bbox 407 1845 463 1871; x_wconf 77' lang='grc' dir='ltr'><strong>Καὶ</strong></span> <span class='ocrx_word' id='word_1_391' title='bbox 492 1844 519 1871; x_wconf 84' lang='grc' dir='ltr'>εῐ</span> <span class='ocrx_word' id='word_1_392' title='bbox 550 1853 603 1871; x_wconf 85' lang='grc' dir='ltr'><strong>που</strong></span> <span class='ocrx_word' id='word_1_393' title='bbox 639 1844 765 1878; x_wconf 76' lang='grc' dir='ltr'>εὑρεθείη</span> <span class='ocrx_word' id='word_1_394' title='bbox 796 1843 962 1877; x_wconf 76' lang='grc' dir='ltr'>ἐγχειρίδιον</span> 
     </span>
    </p>
   </div>
   <div class='ocr_carea' id='block_1_56' title="bbox 177 1887 962 1924">
    <p class='ocr_par' dir='ltr' id='par_1_56' title="bbox 177 1887 962 1924">
     <span class='ocr_line' id='line_1_56' title="bbox 177 1887 962 1924; baseline -0.003 -8"><span class='ocrx_word' id='word_1_395' title='bbox 177 1890 328 1923; x_wconf 78' lang='grc' dir='ltr'>ὁποιονοῦν,</span> <span class='ocrx_word' id='word_1_396' title='bbox 344 1889 372 1916; x_wconf 88' lang='grc' dir='ltr'><strong>αί</strong></span> <span class='ocrx_word' id='word_1_397' title='bbox 391 1889 440 1924; x_wconf 84' lang='grc' dir='ltr'>μὲν</span> <span class='ocrx_word' id='word_1_398' title='bbox 465 1889 563 1924; x_wconf 78' lang='grc' dir='ltr'>κύρσαι</span> <span class='ocrx_word' id='word_1_399' title='bbox 588 1889 635 1916; x_wconf 77' lang='grc' dir='ltr'>τοῦ</span> <span class='ocrx_word' id='word_1_400' title='bbox 661 1889 790 1923; x_wconf 80' lang='grc' dir='ltr'>φέροντος</span> <span class='ocrx_word' id='word_1_401' title='bbox 804 1887 880 1924; x_wconf 82' lang='grc' dir='ltr'>εῐχον</span> <span class='ocrx_word' id='word_1_402' title='bbox 893 1889 962 1924; x_wconf 87' lang='grc' dir='ltr'>πλη-</span> 
     </span>
    </p>
   </div>
   <div class='ocr_carea' id='block_1_57' title="bbox 180 1935 963 1971">
    <p class='ocr_par' dir='ltr' id='par_1_57' title="bbox 180 1935 963 1971">
     <span class='ocr_line' id='line_1_57' title="bbox 180 1935 963 1971; baseline 0 -10"><span class='ocrx_word' id='word_1_403' title='bbox 180 1936 239 1969; x_wconf 74' lang='grc' dir='ltr'>γὲις,</span> <span class='ocrx_word' id='word_1_404' title='bbox 251 1936 265 1962; x_wconf 79' lang='grc' dir='ltr'>ὁ</span> <span class='ocrx_word' id='word_1_405' title='bbox 280 1935 307 1962; x_wconf 76' lang='grc' dir='ltr'>δὲ</span> <span class='ocrx_word' id='word_1_406' title='bbox 321 1936 437 1966; x_wconf 84' lang='grc' dir='ltr'>Λατῖνος</span> <span class='ocrx_word' id='word_1_407' title='bbox 453 1936 503 1971; x_wconf 80' lang='grc' dir='ltr'>τὴν</span> <span class='ocrx_word' id='word_1_408' title='bbox 517 1935 666 1970; x_wconf 83' lang='grc' dir='ltr'>μάχαιραν.</span> <span class='ocrx_word' id='word_1_409' title='bbox 681 1935 755 1961; x_wconf 83' lang='grc' dir='ltr'>Ἔδει</span> <span class='ocrx_word' id='word_1_410' title='bbox 770 1935 816 1961; x_wconf 84' lang='grc' dir='ltr'>καὶ</span> <span class='ocrx_word' id='word_1_411' title='bbox 835 1935 963 1970; x_wconf 66' lang='grc' dir='ltr'>διερρηγ-</span> 
     </span>
    </p>
   </div>
   <div class='ocr_carea' id='block_1_58' title="bbox 180 1980 962 2016">
    <p class='ocr_par' dir='ltr' id='par_1_58' title="bbox 180 1980 962 2016">
     <span class='ocr_line' id='line_1_58' title="bbox 180 1980 962 2016; baseline -0.001 -9"><span class='ocrx_word' id='word_1_412' title='bbox 180 1983 249 2015; x_wconf 80' lang='grc' dir='ltr'>μένα</span> <span class='ocrx_word' id='word_1_413' title='bbox 262 1982 366 2013; x_wconf 85' lang='grc' dir='ltr'>πάντας</span> <span class='ocrx_word' id='word_1_414' title='bbox 388 1982 462 2016; x_wconf 77' lang='grc' dir='ltr'>ἡμᾶς</span> <span class='ocrx_word' id='word_1_415' title='bbox 483 1981 684 2016; x_wconf 75' lang='grc' dir='ltr'>περιδεδύσθαι.</span> <span class='ocrx_word' id='word_1_416' title='bbox 699 1981 731 2007; x_wconf 83' lang='lat' dir='ltr'><strong>El.</strong></span> <span class='ocrx_word' id='word_1_417' title='bbox 752 1981 806 2015; x_wconf 83' lang='grc' dir='ltr'><strong>γάρ</strong></span> <span class='ocrx_word' id='word_1_418' title='bbox 817 1989 858 2012; x_wconf 77' lang='grc' dir='ltr'><strong>τις</strong></span> <span class='ocrx_word' id='word_1_419' title='bbox 872 1980 962 2014; x_wconf 82' lang='grc' dir='ltr'>ίματί-</span> 
     </span>
    </p>
   </div>
   <div class='ocr_carea' id='block_1_59' title="bbox 178 2025 962 2061">
    <p class='ocr_par' dir='ltr' id='par_1_59' title="bbox 178 2025 962 2061">
     <span class='ocr_line' id='line_1_59' title="bbox 178 2025 962 2061; baseline 0 -10"><span class='ocrx_word' id='word_1_420' title='bbox 178 2025 241 2057; x_wconf 79' lang='grc' dir='ltr'>ζετο</span> <span class='ocrx_word' id='word_1_421' title='bbox 257 2026 297 2056; x_wconf 85' lang='grc' dir='ltr'><strong>είς</strong></span> <span class='ocrx_word' id='word_1_422' title='bbox 313 2026 455 2061; x_wconf 82' lang='grc' dir='ltr'>ἀκέραιον,</span> <span class='ocrx_word' id='word_1_423' title='bbox 472 2025 686 2060; x_wconf 77' lang='grc' dir='ltr'>ἁνεθεματίζετο</span> <span class='ocrx_word' id='word_1_424' title='bbox 709 2025 773 2060; x_wconf 89' lang='grc' dir='ltr'>παρ’</span> <span class='ocrx_word' id='word_1_425' title='bbox 790 2025 880 2056; x_wconf 76' lang='grc' dir='ltr'>αὐτοῖς</span> <span class='ocrx_word' id='word_1_426' title='bbox 896 2026 909 2051; x_wconf 87' lang='grc' dir='ltr'>ὁ</span> <span class='ocrx_word' id='word_1_427' title='bbox 924 2025 962 2060; x_wconf 85' lang='grc' dir='ltr'>μὴ</span> 
     </span>
    </p>
   </div>
   <div class='ocr_carea' id='block_1_60' title="bbox 177 2071 611 2106">
    <p class='ocr_par' dir='ltr' id='par_1_60' title="bbox 177 2071 611 2106">
     <span class='ocr_line' id='line_1_60' title="bbox 177 2071 611 2106; baseline -0.002 -8"><span class='ocrx_word' id='word_1_428' title='bbox 177 2071 373 2106; x_wconf 76' lang='grc' dir='ltr'>λωποδυτῆσας</span> <span class='ocrx_word' id='word_1_429' title='bbox 387 2072 433 2097; x_wconf 73' lang='grc' dir='ltr'><strong>τὸν</strong></span> <span class='ocrx_word' id='word_1_430' title='bbox 454 2071 611 2106; x_wconf 80' lang='grc' dir='ltr'>ἄνθρωπον.</span> 
     </span>
    </p>
   </div>
   <div class='ocr_carea' id='block_1_61' title="bbox 214 2116 962 2153">
    <p class='ocr_par' dir='ltr' id='par_1_61' title="bbox 214 2116 962 2153">
     <span class='ocr_line' id='line_1_61' title="bbox 214 2116 962 2153; baseline -0.001 -9"><span class='ocrx_word' id='word_1_431' title='bbox 214 2117 276 2153; x_wconf 90' lang='grc' dir='ltr'>ριθ¹.</span> <span class='ocrx_word' id='word_1_432' title='bbox 291 2117 358 2144; x_wconf 65' lang='lat' dir='ltr'><strong>&quot;Ore</strong></span> <span class='ocrx_word' id='word_1_433' title='bbox 370 2117 401 2144; x_wconf 81' lang='grc' dir='ltr'>δὲ</span> <span class='ocrx_word' id='word_1_434' title='bbox 421 2117 504 2144; x_wconf 78' lang='grc' dir='ltr'>τᾶλλα</span> <span class='ocrx_word' id='word_1_435' title='bbox 516 2118 698 2152; x_wconf 78' lang='grc' dir='ltr'>παρήσουσιν,</span> <span class='ocrx_word' id='word_1_436' title='bbox 714 2116 891 2152; x_wconf 54' lang='grc' dir='ltr'>ὲπεϐοιξλευον</span> <span class='ocrx_word' id='word_1_437' title='bbox 904 2118 962 2148; x_wconf 78' lang='grc' dir='ltr'>ταῖς</span> 
     </span>
    </p>
   </div>
   <div class='ocr_carea' id='block_1_62' title="bbox 178 2163 963 2198">
    <p class='ocr_par' dir='ltr' id='par_1_62' title="bbox 178 2163 963 2198">
     <span class='ocr_line' id='line_1_62' title="bbox 178 2163 963 2198; baseline -0.001 -8"><span class='ocrx_word' id='word_1_438' title='bbox 178 2165 300 2191; x_wconf 75' lang='grc' dir='ltr'>ἑκάστων</span> <span class='ocrx_word' id='word_1_439' title='bbox 314 2163 457 2198; x_wconf 81' lang='grc' dir='ltr'>κεφαλαῖς.</span> <span class='ocrx_word' id='word_1_440' title='bbox 475 2163 572 2198; x_wconf 75' lang='grc' dir='ltr'>ἐπίσης</span> <span class='ocrx_word' id='word_1_441' title='bbox 593 2163 735 2198; x_wconf 81' lang='grc' dir='ltr'>μισοῦντες</span> <span class='ocrx_word' id='word_1_442' title='bbox 750 2163 811 2194; x_wconf 88' lang='grc' dir='ltr'>τούς</span> <span class='ocrx_word' id='word_1_443' title='bbox 834 2171 864 2189; x_wconf 87' lang='grc' dir='ltr'><strong>τε</strong></span> <span class='ocrx_word' id='word_1_444' title='bbox 885 2164 963 2189; x_wconf 81' lang='grc' dir='ltr'>ἀκει-</span> 
     </span>
    </p>
   </div>
   <div class='ocr_carea' id='block_1_63' title="bbox 178 2207 961 2244">
    <p class='ocr_par' dir='ltr' id='par_1_63' title="bbox 178 2207 961 2244">
     <span class='ocr_line' id='line_1_63' title="bbox 178 2207 961 2244; baseline -0.001 -10"><span class='ocrx_word' id='word_1_445' title='bbox 178 2209 310 2244; x_wconf 64' lang='grc' dir='ltr'>ρεκόμδς,</span> <span class='ocrx_word' id='word_1_446' title='bbox 325 2208 388 2240; x_wconf 79' lang='grc' dir='ltr'>τούς</span> <span class='ocrx_word' id='word_1_447' title='bbox 403 2216 433 2235; x_wconf 89' lang='grc' dir='ltr'><strong>τε</strong></span> <span class='ocrx_word' id='word_1_448' title='bbox 452 2207 672 2243; x_wconf 80' lang='grc' dir='ltr'>βαθυπώγωνας.</span> <span class='ocrx_word' id='word_1_449' title='bbox 689 2209 743 2234; x_wconf 76' lang='grc' dir='ltr'><strong>Καὶ</strong></span> <span class='ocrx_word' id='word_1_450' title='bbox 767 2208 817 2234; x_wconf 88' lang='grc' dir='ltr'>οὐκ</span> <span class='ocrx_word' id='word_1_451' title='bbox 841 2207 875 2244; x_wconf 82' lang='grc' dir='ltr'>ἦν</span> <span class='ocrx_word' id='word_1_452' title='bbox 898 2208 961 2234; x_wconf 87' lang='grc' dir='ltr'>ἰδεῖν</span> 
     </span>
    </p>
   </div>
   <div class='ocr_carea' id='block_1_64' title="bbox 177 2247 1000 2302">
    <p class='ocr_par' dir='ltr' id='par_1_64' title="bbox 177 2247 1000 2302">
     <span class='ocr_line' id='line_1_64' title="bbox 177 2247 1000 2302; baseline -0.001 -22"><span class='ocrx_word' id='word_1_453' title='bbox 177 2255 261 2290; x_wconf 77' lang='grc' dir='ltr'>ἄνδρα</span> <span class='ocrx_word' id='word_1_454' title='bbox 279 2253 334 2280; x_wconf 75' lang='grc' dir='ltr'>εἴτε</span> <span class='ocrx_word' id='word_1_455' title='bbox 352 2255 399 2280; x_wconf 79' lang='grc' dir='ltr'>καὶ</span> <span class='ocrx_word' id='word_1_456' title='bbox 416 2254 497 2280; x_wconf 81' lang='grc' dir='ltr'>παῖδα</span> <span class='ocrx_word' id='word_1_457' title='bbox 511 2253 596 2288; x_wconf 79' lang='grc' dir='ltr'>τύχης</span> <span class='ocrx_word' id='word_1_458' title='bbox 610 2254 658 2288; x_wconf 81' lang='grc' dir='ltr'>τῆς</span> <span class='ocrx_word' id='word_1_459' title='bbox 669 2247 779 2280; x_wconf 76' lang='grc' dir='ltr'>οίασοῧν</span> <span class='ocrx_word' id='word_1_460' title='bbox 796 2252 833 2289; x_wconf 84' lang='grc' dir='ltr'>μὴ</span> <span class='ocrx_word' id='word_1_461' title='bbox 847 2253 960 2289; x_wconf 77' lang='grc' dir='ltr'>κουρίαν</span> <span class='ocrx_word' id='word_1_462' title='bbox 977 2273 1000 2302; x_wconf 75' lang='lat' dir='ltr'><strong>D</strong></span> 
     </span>
    </p>
   </div>
   <div class='ocr_carea' id='block_1_65' title="bbox 179 2297 960 2335">
    <p class='ocr_par' dir='ltr' id='par_1_65' title="bbox 179 2297 960 2335">
     <span class='ocr_line' id='line_1_65' title="bbox 179 2297 960 2335; baseline -0.001 -9"><span class='ocrx_word' id='word_1_463' title='bbox 179 2300 251 2326; x_wconf 70' lang='grc' dir='ltr'>κατὰ</span> <span class='ocrx_word' id='word_1_464' title='bbox 266 2300 376 2332; x_wconf 69' lang='grc' dir='ltr'>κύκλον,</span> <span class='ocrx_word' id='word_1_465' title='bbox 389 2299 469 2326; x_wconf 78' lang='grc' dir='ltr'>ὁποῖά</span> <span class='ocrx_word' id='word_1_466' title='bbox 483 2308 524 2330; x_wconf 91' lang='grc' dir='ltr'><strong>τις</strong></span> <span class='ocrx_word' id='word_1_467' title='bbox 535 2297 614 2334; x_wconf 72' lang='grc' dir='ltr'>οἶμαι</span> <span class='ocrx_word' id='word_1_468' title='bbox 628 2299 674 2325; x_wconf 73' lang='grc' dir='ltr'>καὶ</span> <span class='ocrx_word' id='word_1_469' title='bbox 689 2300 705 2335; x_wconf 82' lang='grc' dir='ltr'><strong>ἠ</strong></span> <span class='ocrx_word' id='word_1_470' title='bbox 721 2299 960 2335; x_wconf 68' lang='grc' dir='ltr'>παροιμιαζομένη</span> 
     </span>
    </p>
   </div>
   <div class='ocr_carea' id='block_1_66' title="bbox 182 2344 962 2380">
    <p class='ocr_par' dir='ltr' id='par_1_66' title="bbox 182 2344 962 2380">
     <span class='ocr_line' id='line_1_66' title="bbox 182 2344 962 2380; baseline 0 -9"><span class='ocrx_word' id='word_1_471' title='bbox 182 2345 338 2379; x_wconf 79' lang='grc' dir='ltr'>Ἐκτόρειος</span> <span class='ocrx_word' id='word_1_472' title='bbox 357 2344 455 2379; x_wconf 70' lang='grc' dir='ltr'>κουρὲι,</span> <span class='ocrx_word' id='word_1_473' title='bbox 477 2345 527 2371; x_wconf 71' lang='grc' dir='ltr'>εἴτ’</span> <span class='ocrx_word' id='word_1_474' title='bbox 541 2344 586 2371; x_wconf 74' lang='grc' dir='ltr'>οὖν</span> <span class='ocrx_word' id='word_1_475' title='bbox 601 2345 617 2379; x_wconf 89' lang='grc' dir='ltr'><strong>ἡ</strong></span> <span class='ocrx_word' id='word_1_476' title='bbox 634 2346 705 2372; x_wconf 78' lang='grc' dir='ltr'>κατὰ</span> <span class='ocrx_word' id='word_1_477' title='bbox 722 2345 813 2379; x_wconf 84' lang='grc' dir='ltr'>Θησέα</span> <span class='ocrx_word' id='word_1_478' title='bbox 825 2345 860 2371; x_wconf 73' lang='grc' dir='ltr'><strong>τὰ</strong></span> <span class='ocrx_word' id='word_1_479' title='bbox 877 2345 962 2380; x_wconf 85' lang='grc' dir='ltr'>πρόσ-</span> 
     </span>
    </p>
   </div>
   <div class='ocr_carea' id='block_1_67' title="bbox 178 2388 963 2425">
    <p class='ocr_par' dir='ltr' id='par_1_67' title="bbox 178 2388 963 2425">
     <span class='ocr_line' id='line_1_67' title="bbox 178 2388 963 2425; baseline 0.001 -9"><span class='ocrx_word' id='word_1_480' title='bbox 178 2391 234 2417; x_wconf 69' lang='grc' dir='ltr'>οιαε</span> <span class='ocrx_word' id='word_1_481' title='bbox 251 2390 288 2422; x_wconf 85' lang='grc' dir='ltr'>ὠς</span> <span class='ocrx_word' id='word_1_482' title='bbox 305 2390 365 2416; x_wconf 85' lang='grc' dir='ltr'>τότε</span> <span class='ocrx_word' id='word_1_483' title='bbox 388 2390 527 2416; x_wconf 83' lang='grc' dir='ltr'>ἀντίθετον</span> <span class='ocrx_word' id='word_1_484' title='bbox 548 2390 654 2425; x_wconf 82' lang='grc' dir='ltr'>βαθεῖαι</span> <span class='ocrx_word' id='word_1_485' title='bbox 670 2388 740 2425; x_wconf 82' lang='grc' dir='ltr'>ἦσαν</span> <span class='ocrx_word' id='word_1_486' title='bbox 764 2391 792 2417; x_wconf 79' lang='grc' dir='ltr'>αἱ</span> <span class='ocrx_word' id='word_1_487' title='bbox 820 2391 904 2419; x_wconf 82' lang='grc' dir='ltr'>πάλαι</span> <span class='ocrx_word' id='word_1_488' title='bbox 919 2391 963 2417; x_wconf 75' lang='grc' dir='ltr'><strong>κό-</strong></span> 
     </span>
    </p>
   </div>
   <div class='ocr_carea' id='block_1_68' title="bbox 180 2435 962 2470">
    <p class='ocr_par' dir='ltr' id='par_1_68' title="bbox 180 2435 962 2470">
     <span class='ocr_line' id='line_1_68' title="bbox 180 2435 962 2470; baseline 0.001 -8"><span class='ocrx_word' id='word_1_489' title='bbox 180 2444 230 2470; x_wconf 76' lang='grc' dir='ltr'><strong>μαι</strong></span> <span class='ocrx_word' id='word_1_490' title='bbox 244 2435 315 2462; x_wconf 79' lang='grc' dir='ltr'>κατὰ</span> <span class='ocrx_word' id='word_1_491' title='bbox 333 2436 395 2466; x_wconf 71' lang='grc' dir='ltr'>τοὺς</span> <span class='ocrx_word' id='word_1_492' title='bbox 413 2435 561 2468; x_wconf 73' lang='grc' dir='ltr'>Ἄϐαντας,</span> <span class='ocrx_word' id='word_1_493' title='bbox 588 2435 635 2462; x_wconf 76' lang='grc' dir='ltr'>καὶ</span> <span class='ocrx_word' id='word_1_494' title='bbox 661 2436 690 2462; x_wconf 86' lang='grc' dir='ltr'>οὺ</span> <span class='ocrx_word' id='word_1_495' title='bbox 709 2437 779 2463; x_wconf 76' lang='grc' dir='ltr'>κατὰ</span> <span class='ocrx_word' id='word_1_496' title='bbox 797 2437 860 2468; x_wconf 84' lang='grc' dir='ltr'>τοὺς</span> <span class='ocrx_word' id='word_1_497' title='bbox 881 2437 962 2463; x_wconf 82' lang='grc' dir='ltr'>Λατί-</span> 
     </span>
    </p>
   </div>
   <div class='ocr_carea' id='block_1_69' title="bbox 177 2480 962 2516">
    <p class='ocr_par' dir='ltr' id='par_1_69' title="bbox 177 2480 962 2516">
     <span class='ocr_line' id='line_1_69' title="bbox 177 2480 962 2516; baseline 0.003 -9"><span class='ocrx_word' id='word_1_498' title='bbox 177 2490 240 2512; x_wconf 80' lang='grc' dir='ltr'>νους</span> <span class='ocrx_word' id='word_1_499' title='bbox 266 2481 395 2514; x_wconf 75' lang='grc' dir='ltr'>τούτους,</span> <span class='ocrx_word' id='word_1_500' title='bbox 424 2480 545 2508; x_wconf 83' lang='grc' dir='ltr'>κύκλωθι</span> <span class='ocrx_word' id='word_1_501' title='bbox 571 2482 701 2516; x_wconf 71' lang='grc' dir='ltr'>τροχαλαὶ</span> <span class='ocrx_word' id='word_1_502' title='bbox 715 2502 723 2515; x_wconf 92' lang='lat'><strong>,</strong></span> <span class='ocrx_word' id='word_1_503' title='bbox 743 2483 791 2509; x_wconf 76' lang='grc' dir='ltr'>καὶ</span> <span class='ocrx_word' id='word_1_504' title='bbox 814 2482 852 2514; x_wconf 83' lang='grc' dir='ltr'>ὡς</span> <span class='ocrx_word' id='word_1_505' title='bbox 874 2483 962 2509; x_wconf 84' lang='grc' dir='ltr'>εἰπεῖν</span> 
     </span>
    </p>
   </div>
   <div class='ocr_carea' id='block_1_70' title="bbox 178 2525 962 2563">
    <p class='ocr_par' dir='ltr' id='par_1_70' title="bbox 178 2525 962 2563">
     <span class='ocr_line' id='line_1_70' title="bbox 178 2525 962 2563; baseline 0.004 -12"><span class='ocrx_word' id='word_1_506' title='bbox 178 2526 338 2560; x_wconf 74' lang='grc' dir='ltr'>ἀκρόκομοι.</span> <span class='ocrx_word' id='word_1_507' title='bbox 356 2526 411 2552; x_wconf 84' lang='grc' dir='ltr'><strong>Καὶ</strong></span> <span class='ocrx_word' id='word_1_508' title='bbox 426 2525 561 2561; x_wconf 82' lang='grc' dir='ltr'>ὐποὺργει</span> <span class='ocrx_word' id='word_1_509' title='bbox 576 2527 645 2560; x_wconf 70' lang='grc' dir='ltr'>πρὸς</span> <span class='ocrx_word' id='word_1_510' title='bbox 664 2526 749 2553; x_wconf 77' lang='grc' dir='ltr'>ταῦτα</span> <span class='ocrx_word' id='word_1_511' title='bbox 767 2528 823 2559; x_wconf 76' lang='grc' dir='ltr'>τοῖς</span> <span class='ocrx_word' id='word_1_512' title='bbox 838 2527 892 2554; x_wconf 88' lang='grc' dir='ltr'><strong>τῶν</strong></span> <span class='ocrx_word' id='word_1_513' title='bbox 905 2537 962 2563; x_wconf 86' lang='grc' dir='ltr'>τρι-</span> 
     </span>
    </p>
   </div>
   <div class='ocr_carea' id='block_1_71' title="bbox 177 2572 961 2608">
    <p class='ocr_par' dir='ltr' id='par_1_71' title="bbox 177 2572 961 2608">
     <span class='ocr_line' id='line_1_71' title="bbox 177 2572 961 2608; baseline 0.005 -12"><span class='ocrx_word' id='word_1_514' title='bbox 177 2572 235 2606; x_wconf 83' lang='grc' dir='ltr'>χῶν</span> <span class='ocrx_word' id='word_1_515' title='bbox 258 2572 433 2606; x_wconf 81' lang='grc' dir='ltr'>ὲπιστρόφοις</span> <span class='ocrx_word' id='word_1_516' title='bbox 459 2572 583 2604; x_wconf 84' lang='grc' dir='ltr'>Λατίνοις</span> <span class='ocrx_word' id='word_1_517' title='bbox 603 2573 643 2607; x_wconf 81' lang='grc' dir='ltr'>πῆ</span> <span class='ocrx_word' id='word_1_518' title='bbox 670 2573 720 2607; x_wconf 82' lang='grc' dir='ltr'>μὲν</span> <span class='ocrx_word' id='word_1_519' title='bbox 743 2572 833 2608; x_wconf 70' lang='grc' dir='ltr'>ξυρὸς,</span> <span class='ocrx_word' id='word_1_520' title='bbox 866 2574 904 2608; x_wconf 87' lang='grc' dir='ltr'>πῆ</span> <span class='ocrx_word' id='word_1_521' title='bbox 933 2574 961 2600; x_wconf 79' lang='grc' dir='ltr'>δὲ</span> 
     </span>
    </p>
   </div>
   <div class='ocr_carea' id='block_1_72' title="bbox 179 2617 959 2653">
    <p class='ocr_par' dir='ltr' id='par_1_72' title="bbox 179 2617 959 2653">
     <span class='ocr_line' id='line_1_72' title="bbox 179 2617 959 2653; baseline 0.001 -10"><span class='ocrx_word' id='word_1_522' title='bbox 179 2618 302 2652; x_wconf 84' lang='grc' dir='ltr'>μάχαιρα</span> <span class='ocrx_word' id='word_1_523' title='bbox 314 2625 320 2632; x_wconf 94' lang='grc'><strong>·</strong></span> <span class='ocrx_word' id='word_1_524' title='bbox 337 2618 391 2648; x_wconf 70' lang='grc' dir='ltr'>τοῖς</span> <span class='ocrx_word' id='word_1_525' title='bbox 410 2618 437 2643; x_wconf 79' lang='grc' dir='ltr'>δὲ</span> <span class='ocrx_word' id='word_1_526' title='bbox 463 2617 640 2653; x_wconf 74' lang='grc' dir='ltr'>Θερμοτέροις</span> <span class='ocrx_word' id='word_1_527' title='bbox 669 2618 716 2644; x_wconf 80' lang='grc' dir='ltr'><strong>καὶ</strong></span> <span class='ocrx_word' id='word_1_528' title='bbox 736 2618 821 2652; x_wconf 76' lang='grc' dir='ltr'>ξίφος.</span> <span class='ocrx_word' id='word_1_529' title='bbox 840 2619 895 2645; x_wconf 77' lang='grc' dir='ltr'><strong>Καὶ</strong></span> <span class='ocrx_word' id='word_1_530' title='bbox 912 2619 959 2644; x_wconf 82' lang='grc' dir='ltr'><strong>αὺ-</strong></span> 
     </span>
    </p>
   </div>
   <div class='ocr_carea' id='block_1_73' title="bbox 177 2662 960 2699">
    <p class='ocr_par' dir='ltr' id='par_1_73' title="bbox 177 2662 960 2699">
     <span class='ocr_line' id='line_1_73' title="bbox 177 2662 960 2699; baseline 0.003 -11"><span class='ocrx_word' id='word_1_531' title='bbox 177 2663 243 2689; x_wconf 79' lang='grc' dir='ltr'>τίκα</span> <span class='ocrx_word' id='word_1_532' title='bbox 263 2663 310 2688; x_wconf 69' lang='grc' dir='ltr'>καὶ</span> <span class='ocrx_word' id='word_1_533' title='bbox 329 2663 344 2688; x_wconf 78' lang='grc' dir='ltr'>ὁ</span> <span class='ocrx_word' id='word_1_534' title='bbox 367 2662 466 2696; x_wconf 80' lang='grc' dir='ltr'>πώγων</span> <span class='ocrx_word' id='word_1_535' title='bbox 484 2662 654 2698; x_wconf 77' lang='grc' dir='ltr'>ὴλαφρύνετο</span> <span class='ocrx_word' id='word_1_536' title='bbox 671 2663 709 2698; x_wconf 73' lang='grc' dir='ltr'>τῷ</span> <span class='ocrx_word' id='word_1_537' title='bbox 722 2663 793 2690; x_wconf 74' lang='grc' dir='ltr'>οὕτω</span> <span class='ocrx_word' id='word_1_538' title='bbox 805 2664 960 2699; x_wconf 78' lang='grc' dir='ltr'>κειραμένῳ</span> 
     </span>
    </p>
   </div>
   <div class='ocr_carea' id='block_1_74' title="bbox 178 2706 960 2744">
    <p class='ocr_par' dir='ltr' id='par_1_74' title="bbox 178 2706 960 2744">
     <span class='ocr_line' id='line_1_74' title="bbox 178 2706 960 2744; baseline 0.003 -10"><span class='ocrx_word' id='word_1_539' title='bbox 178 2707 268 2742; x_wconf 78' lang='grc' dir='ltr'>ἀνδρί.</span> <span class='ocrx_word' id='word_1_540' title='bbox 283 2707 338 2733; x_wconf 77' lang='grc' dir='ltr'><strong>Καὶ</strong></span> <span class='ocrx_word' id='word_1_541' title='bbox 357 2706 389 2742; x_wconf 77' lang='grc' dir='ltr'>ἦν</span> <span class='ocrx_word' id='word_1_542' title='bbox 403 2708 493 2743; x_wconf 83' lang='grc' dir='ltr'>πάντη</span> <span class='ocrx_word' id='word_1_543' title='bbox 506 2709 618 2735; x_wconf 82' lang='grc' dir='ltr'>σπάνιον</span> <span class='ocrx_word' id='word_1_544' title='bbox 635 2709 698 2735; x_wconf 80' lang='grc' dir='ltr'>ἰδεῖν</span> <span class='ocrx_word' id='word_1_545' title='bbox 713 2709 798 2744; x_wconf 78' lang='grc' dir='ltr'>ἄνδρα</span> <span class='ocrx_word' id='word_1_546' title='bbox 824 2709 960 2743; x_wconf 78' lang='grc' dir='ltr'>Ῥωμαῖον</span> 
     </span>
    </p>
   </div>
   <div class='ocr_carea' id='block_1_75' title="bbox 179 2752 961 2790">
    <p class='ocr_par' dir='ltr' id='par_1_75' title="bbox 179 2752 961 2790">
     <span class='ocr_line' id='line_1_75' title="bbox 179 2752 961 2790; baseline 0.004 -12"><span class='ocrx_word' id='word_1_547' title='bbox 179 2753 272 2787; x_wconf 78' lang='grc' dir='ltr'>ἄρτιον</span> <span class='ocrx_word' id='word_1_548' title='bbox 289 2753 338 2788; x_wconf 85' lang='grc' dir='ltr'>τὴν</span> <span class='ocrx_word' id='word_1_549' title='bbox 355 2753 484 2787; x_wconf 76' lang='grc' dir='ltr'>κεφαλήν.</span> <span class='ocrx_word' id='word_1_550' title='bbox 501 2752 579 2788; x_wconf 78' lang='grc' dir='ltr'>Εἶχον</span> <span class='ocrx_word' id='word_1_551' title='bbox 592 2755 645 2789; x_wconf 79' lang='grc' dir='ltr'><strong>γὰρ</strong></span> <span class='ocrx_word' id='word_1_552' title='bbox 662 2755 798 2781; x_wconf 81' lang='grc' dir='ltr'>ἀνάπαλιν</span> <span class='ocrx_word' id='word_1_553' title='bbox 813 2755 860 2790; x_wconf 80' lang='grc' dir='ltr'><strong>τῷ·</strong></span> <span class='ocrx_word' id='word_1_554' title='bbox 875 2764 884 2780; x_wconf 75' lang='grc' dir='ltr'><strong>ι</strong></span> <span class='ocrx_word' id='word_1_555' title='bbox 894 2756 961 2790; x_wconf 72' lang='grc' dir='ltr'><strong>Θρὶξ</strong></span> 
     </span>
    </p>
   </div>
   <div class='ocr_carea' id='block_1_76' title="bbox 177 2798 958 2837">
    <p class='ocr_par' dir='ltr' id='par_1_76' title="bbox 177 2798 958 2837">
     <span class='ocr_line' id='line_1_76' title="bbox 177 2798 958 2837; baseline 0.004 -13"><span class='ocrx_word' id='word_1_556' title='bbox 177 2799 209 2824; x_wconf 78' lang='grc' dir='ltr'>ὲκ</span> <span class='ocrx_word' id='word_1_557' title='bbox 220 2798 268 2833; x_wconf 82' lang='grc' dir='ltr'>τῆς</span> <span class='ocrx_word' id='word_1_558' title='bbox 280 2799 400 2834; x_wconf 76' lang='grc' dir='ltr'>κεφαλῆς</span> <span class='ocrx_word' id='word_1_559' title='bbox 410 2799 488 2834; x_wconf 79' lang='grc' dir='ltr'>ἡμῶν</span> <span class='ocrx_word' id='word_1_560' title='bbox 498 2800 528 2826; x_wconf 88' lang='grc' dir='ltr'>οὐ</span> <span class='ocrx_word' id='word_1_561' title='bbox 543 2801 580 2834; x_wconf 82' lang='grc' dir='ltr'>μὴ</span> <span class='ocrx_word' id='word_1_562' title='bbox 591 2801 738 2828; x_wconf 74' lang='grc' dir='ltr'>ἀπόλλυται</span> <span class='ocrx_word' id='word_1_563' title='bbox 750 2801 941 2837; x_wconf 65' lang='grc' dir='ltr'>[ἀπολεῖταιη.</span> <span class='ocrx_word' id='word_1_564' title='bbox 950 2812 958 2827; x_wconf 79' lang='grc' dir='ltr'><strong>ι</strong></span> 
     </span>
    </p>
   </div>
   <div class='ocr_carea' id='block_1_77' title="bbox 182 2844 962 2882">
    <p class='ocr_par' dir='ltr' id='par_1_77' title="bbox 182 2844 962 2882">
     <span class='ocr_line' id='line_1_77' title="bbox 182 2844 962 2882; baseline 0.004 -12"><span class='ocrx_word' id='word_1_565' title='bbox 182 2844 215 2869; x_wconf 81' lang='lat' dir='ltr'><strong>&#39;ll</strong></span> <span class='ocrx_word' id='word_1_566' title='bbox 236 2844 290 2878; x_wconf 79' lang='grc' dir='ltr'><strong>γὰρ</strong></span> <span class='ocrx_word' id='word_1_567' title='bbox 315 2844 399 2880; x_wconf 81' lang='grc' dir='ltr'>πολλὴ</span> <span class='ocrx_word' id='word_1_568' title='bbox 422 2844 556 2879; x_wconf 77' lang='grc' dir='ltr'>ἁμαρτία,</span> <span class='ocrx_word' id='word_1_569' title='bbox 571 2845 604 2871; x_wconf 88' lang='grc' dir='ltr'>δι’</span> <span class='ocrx_word' id='word_1_570' title='bbox 627 2846 661 2881; x_wconf 83' lang='grc' dir='ltr'>ῆν</span> <span class='ocrx_word' id='word_1_571' title='bbox 678 2847 725 2872; x_wconf 80' lang='grc' dir='ltr'><strong>καὶ</strong></span> <span class='ocrx_word' id='word_1_572' title='bbox 741 2846 812 2882; x_wconf 71' lang='grc' dir='ltr'><strong>τῖρωῖ</strong></span> <span class='ocrx_word' id='word_1_573' title='bbox 835 2855 962 2881; x_wconf 83' lang='grc' dir='ltr'>πεποινη-</span> 
     </span>
    </p>
   </div>
   <div class='ocr_carea' id='block_1_78' title="bbox 176 2889 960 2927">
    <p class='ocr_par' dir='ltr' id='par_1_78' title="bbox 176 2889 960 2927">
     <span class='ocr_line' id='line_1_78' title="bbox 176 2889 960 2927; baseline 0.001 -11"><span class='ocrx_word' id='word_1_574' title='bbox 176 2889 326 2925; x_wconf 69' lang='grc' dir='ltr'>λατήμεοα,</span> <span class='ocrx_word' id='word_1_575' title='bbox 344 2891 414 2925; x_wconf 73' lang='grc' dir='ltr'>κατᾲ</span> <span class='ocrx_word' id='word_1_576' title='bbox 429 2891 476 2918; x_wconf 76' lang='grc' dir='ltr'><strong>τὸν</strong></span> <span class='ocrx_word' id='word_1_577' title='bbox 498 2892 666 2927; x_wconf 59' lang='lat' dir='ltr'><strong>uiam-amna,</strong></span> <span class='ocrx_word' id='word_1_578' title='bbox 683 2893 715 2919; x_wconf 78' lang='grc' dir='ltr'>τὰ</span> <span class='ocrx_word' id='word_1_579' title='bbox 737 2894 774 2924; x_wconf 71' lang='grc' dir='ltr'>εἰς</span> <span class='ocrx_word' id='word_1_580' title='bbox 792 2893 839 2924; x_wconf 71' lang='grc' dir='ltr'>τὰς</span> <span class='ocrx_word' id='word_1_581' title='bbox 856 2893 960 2927; x_wconf 66' lang='grc' dir='ltr'>πρ(υἲ;.ς</span> 
     </span>
    </p>
   </div>
   <div class='ocr_carea' id='block_1_79' title="bbox 1011 975 1794 1008">
    <p class='ocr_par' dir='ltr' id='par_1_79' title="bbox 1011 975 1794 1008">
     <span class='ocr_line' id='line_1_79' title="bbox 1011 975 1794 1008; baseline 0.001 -6"><span class='ocrx_word' id='word_1_582' title='bbox 1011 976 1083 1002; x_wconf 85' lang='lat' dir='ltr'><strong>mis?</strong></span> <span class='ocrx_word' id='word_1_583' title='bbox 1094 985 1104 1002; x_wconf 87' lang='grc'>›</span> <span class='ocrx_word' id='word_1_584' title='bbox 1121 975 1258 1003; x_wconf 81' lang='lat' dir='ltr'><strong>Volebam</strong></span> <span class='ocrx_word' id='word_1_585' title='bbox 1275 977 1348 1003; x_wconf 90' lang='lat' dir='ltr'><strong>enim</strong></span> <span class='ocrx_word' id='word_1_586' title='bbox 1366 983 1418 1004; x_wconf 91' lang='lat' dir='ltr'><strong>nos</strong></span> <span class='ocrx_word' id='word_1_587' title='bbox 1435 984 1488 1003; x_wconf 91' lang='lat' dir='ltr'><strong>tton</strong></span> <span class='ocrx_word' id='word_1_588' title='bbox 1506 978 1609 1004; x_wconf 86' lang='lat' dir='ltr'><strong>sentire</strong></span> <span class='ocrx_word' id='word_1_589' title='bbox 1621 982 1646 1004; x_wconf 90' lang='lat' dir='ltr'><strong>et</strong></span> <span class='ocrx_word' id='word_1_590' title='bbox 1663 977 1794 1008; x_wconf 80' lang='lat' dir='ltr'><strong>insaniie,</strong></span> 
     </span>
    </p>
   </div>
   <div class='ocr_carea' id='block_1_80' title="bbox 1010 1021 1796 1057">
    <p class='ocr_par' dir='ltr' id='par_1_80' title="bbox 1010 1021 1796 1057">
     <span class='ocr_line' id='line_1_80' title="bbox 1010 1021 1796 1057; baseline 0 -8"><span class='ocrx_word' id='word_1_591' title='bbox 1010 1029 1042 1049; x_wconf 91' lang='lat' dir='ltr'><strong>ae</strong></span> <span class='ocrx_word' id='word_1_592' title='bbox 1061 1023 1138 1057; x_wconf 86' lang='lat' dir='ltr'><strong>quasi</strong></span> <span class='ocrx_word' id='word_1_593' title='bbox 1156 1023 1273 1057; x_wconf 77' lang='lat' dir='ltr'><strong>gaudere</strong></span> <span class='ocrx_word' id='word_1_594' title='bbox 1291 1022 1371 1050; x_wconf 82' lang='lat' dir='ltr'><strong>malis</strong></span> <span class='ocrx_word' id='word_1_595' title='bbox 1388 1030 1448 1057; x_wconf 69' lang='lat' dir='ltr'><strong>quae</strong></span> <span class='ocrx_word' id='word_1_596' title='bbox 1462 1023 1647 1057; x_wconf 79' lang='lat' dir='ltr'><strong>patiebamur.</strong></span> <span class='ocrx_word' id='word_1_597' title='bbox 1666 1021 1694 1048; x_wconf 90' lang='lat' dir='ltr'><strong>Si</strong></span> <span class='ocrx_word' id='word_1_598' title='bbox 1722 1022 1796 1049; x_wconf 88' lang='lat' dir='ltr'><strong>acci-</strong></span> 
     </span>
    </p>
   </div>
   <div class='ocr_carea' id='block_1_81' title="bbox 1009 1067 1797 1100">
    <p class='ocr_par' dir='ltr' id='par_1_81' title="bbox 1009 1067 1797 1100">
     <span class='ocr_line' id='line_1_81' title="bbox 1009 1067 1797 1100; baseline 0 -6"><span class='ocrx_word' id='word_1_599' title='bbox 1009 1068 1086 1095; x_wconf 83' lang='lat' dir='ltr'><strong>deret</strong></span> <span class='ocrx_word' id='word_1_600' title='bbox 1102 1068 1224 1100; x_wconf 80' lang='lat' dir='ltr'><strong>cuidam,</strong></span> <span class='ocrx_word' id='word_1_601' title='bbox 1254 1068 1313 1095; x_wconf 83' lang='lat' dir='ltr'><strong>viso</strong></span> <span class='ocrx_word' id='word_1_602' title='bbox 1331 1068 1450 1099; x_wconf 76' lang='lat' dir='ltr'><strong>labente,</strong></span> <span class='ocrx_word' id='word_1_603' title='bbox 1469 1072 1498 1094; x_wconf 87' lang='lat' dir='ltr'><strong>ut</strong></span> <span class='ocrx_word' id='word_1_604' title='bbox 1525 1068 1626 1095; x_wconf 86' lang='lat' dir='ltr'><strong>rideret</strong></span> <span class='ocrx_word' id='word_1_605' title='bbox 1644 1068 1687 1095; x_wconf 83' lang='lat' dir='ltr'><strong>vel</strong></span> <span class='ocrx_word' id='word_1_606' title='bbox 1704 1067 1797 1095; x_wconf 87' lang='lat' dir='ltr'><strong>subri-</strong></span> 
     </span>
    </p>
   </div>
   <div class='ocr_carea' id='block_1_82' title="bbox 1009 1113 1795 1147">
    <p class='ocr_par' dir='ltr' id='par_1_82' title="bbox 1009 1113 1795 1147">
     <span class='ocr_line' id='line_1_82' title="bbox 1009 1113 1795 1147; baseline 0.001 -8"><span class='ocrx_word' id='word_1_607' title='bbox 1009 1114 1096 1147; x_wconf 85' lang='lat' dir='ltr'><strong>deret,</strong></span> <span class='ocrx_word' id='word_1_608' title='bbox 1122 1114 1236 1141; x_wconf 85' lang='lat' dir='ltr'><strong>Latinus</strong></span> <span class='ocrx_word' id='word_1_609' title='bbox 1262 1114 1435 1141; x_wconf 73' lang='lat' dir='ltr'><strong>irascebatur</strong></span> <span class='ocrx_word' id='word_1_610' title='bbox 1450 1114 1532 1140; x_wconf 89' lang='lat' dir='ltr'><strong>etiam</strong></span> <span class='ocrx_word' id='word_1_611' title='bbox 1563 1114 1738 1140; x_wconf 78' lang='lat' dir='ltr'><strong>vehementer</strong></span> <span class='ocrx_word' id='word_1_612' title='bbox 1754 1113 1795 1140; x_wconf 89' lang='lat' dir='ltr'><strong>illi</strong></span> 
     </span>
    </p>
   </div>
   <div class='ocr_carea' id='block_1_83' title="bbox 1010 1159 1797 1193">
    <p class='ocr_par' dir='ltr' id='par_1_83' title="bbox 1010 1159 1797 1193">
     <span class='ocr_line' id='line_1_83' title="bbox 1010 1159 1797 1193; baseline 0.001 -9"><span class='ocrx_word' id='word_1_613' title='bbox 1010 1160 1056 1193; x_wconf 85' lang='lat' dir='ltr'><strong>qui</strong></span> <span class='ocrx_word' id='word_1_614' title='bbox 1084 1159 1201 1186; x_wconf 78' lang='lat' dir='ltr'><strong>viderat.</strong></span> <span class='ocrx_word' id='word_1_615' title='bbox 1227 1159 1407 1187; x_wconf 75' lang='lat' dir='ltr'><strong>Existimabat</strong></span> <span class='ocrx_word' id='word_1_616' title='bbox 1433 1159 1518 1191; x_wconf 90' lang='lat' dir='ltr'><strong>enim,</strong></span> <span class='ocrx_word' id='word_1_617' title='bbox 1548 1164 1578 1186; x_wconf 92' lang='lat' dir='ltr'><strong>ut</strong></span> <span class='ocrx_word' id='word_1_618' title='bbox 1601 1159 1721 1192; x_wconf 88' lang='lat' dir='ltr'><strong>videtur,</strong></span> <span class='ocrx_word' id='word_1_619' title='bbox 1739 1159 1797 1186; x_wconf 87' lang='lat' dir='ltr'><strong>sive</strong></span> 
     </span>
    </p>
   </div>
   <div class='ocr_carea' id='block_1_84' title="bbox 1010 1196 1797 1237">
    <p class='ocr_par' dir='ltr' id='par_1_84' title="bbox 1010 1196 1797 1237">
     <span class='ocr_line' id='line_1_84' title="bbox 1010 1196 1797 1237; baseline 0 -6"><span class='ocrx_word' id='word_1_620' title='bbox 1010 1211 1061 1231; x_wconf 88' lang='lat' dir='ltr'><strong>nos</strong></span> <span class='ocrx_word' id='word_1_621' title='bbox 1093 1209 1170 1232; x_wconf 83' lang='lat' dir='ltr'><strong>actus</strong></span> <span class='ocrx_word' id='word_1_622' title='bbox 1188 1196 1348 1232; x_wconf 75' lang='lat' dir='ltr'><strong>Latinorum</strong></span> <span class='ocrx_word' id='word_1_623' title='bbox 1373 1205 1508 1237; x_wconf 88' lang='lat' dir='ltr'><strong>deridere,</strong></span> <span class='ocrx_word' id='word_1_624' title='bbox 1540 1205 1597 1232; x_wconf 85' lang='lat' dir='ltr'><strong>sive</strong></span> <span class='ocrx_word' id='word_1_625' title='bbox 1621 1205 1723 1231; x_wconf 89' lang='lat' dir='ltr'><strong>bonum</strong></span> <span class='ocrx_word' id='word_1_626' title='bbox 1749 1211 1797 1232; x_wconf 79' lang='lat' dir='ltr'><strong>ex-</strong></span> 
     </span>
    </p>
   </div>
   <div class='ocr_carea' id='block_1_85' title="bbox 1012 1250 1797 1285">
    <p class='ocr_par' dir='ltr' id='par_1_85' title="bbox 1012 1250 1797 1285">
     <span class='ocr_line' id='line_1_85' title="bbox 1012 1250 1797 1285; baseline 0.003 -9"><span class='ocrx_word' id='word_1_627' title='bbox 1012 1254 1167 1284; x_wconf 87' lang='lat' dir='ltr'><strong>spectantes</strong></span> <span class='ocrx_word' id='word_1_628' title='bbox 1180 1254 1209 1277; x_wconf 92' lang='lat' dir='ltr'><strong>ut</strong></span> <span class='ocrx_word' id='word_1_629' title='bbox 1234 1250 1304 1277; x_wconf 87' lang='lat' dir='ltr'><strong>malo</strong></span> <span class='ocrx_word' id='word_1_630' title='bbox 1318 1250 1481 1285; x_wconf 71' lang='lat' dir='ltr'><strong>gaudentes,</strong></span> <span class='ocrx_word' id='word_1_631' title='bbox 1504 1250 1563 1278; x_wconf 85' lang='lat' dir='ltr'><strong>sive</strong></span> <span class='ocrx_word' id='word_1_632' title='bbox 1591 1250 1699 1277; x_wconf 81' lang='lat' dir='ltr'><strong>tandem</strong></span> <span class='ocrx_word' id='word_1_633' title='bbox 1713 1251 1745 1278; x_wconf 91' lang='lat' dir='ltr'><strong>de</strong></span> <span class='ocrx_word' id='word_1_634' title='bbox 1764 1259 1797 1278; x_wconf 81' lang='lat' dir='ltr'><strong>eo</strong></span> 
     </span>
    </p>
   </div>
   <div class='ocr_carea' id='block_1_86' title="bbox 1012 1295 1798 1331">
    <p class='ocr_par' dir='ltr' id='par_1_86' title="bbox 1012 1295 1798 1331">
     <span class='ocr_line' id='line_1_86' title="bbox 1012 1295 1798 1331; baseline 0.003 -9"><span class='ocrx_word' id='word_1_635' title='bbox 1012 1295 1131 1330; x_wconf 73' lang='lat' dir='ltr'><strong>gaudere</strong></span> <span class='ocrx_word' id='word_1_636' title='bbox 1164 1296 1237 1330; x_wconf 90' lang='lat' dir='ltr'><strong>quod</strong></span> <span class='ocrx_word' id='word_1_637' title='bbox 1263 1296 1355 1324; x_wconf 88' lang='lat' dir='ltr'><strong>hostes</strong></span> <span class='ocrx_word' id='word_1_638' title='bbox 1378 1296 1489 1323; x_wconf 79' lang='lat' dir='ltr'><strong>latebat.</strong></span> <span class='ocrx_word' id='word_1_639' title='bbox 1513 1296 1616 1330; x_wconf 69' lang='lat' dir='ltr'><strong>Digitos</strong></span> <span class='ocrx_word' id='word_1_640' title='bbox 1644 1297 1725 1331; x_wconf 72' lang='lat' dir='ltr'><strong>igitur</strong></span> <span class='ocrx_word' id='word_1_641' title='bbox 1750 1297 1798 1324; x_wconf 83' lang='lat' dir='ltr'><strong>lle-</strong></span> 
     </span>
    </p>
   </div>
   <div class='ocr_carea' id='block_1_87' title="bbox 1013 1342 1795 1378">
    <p class='ocr_par' dir='ltr' id='par_1_87' title="bbox 1013 1342 1795 1378">
     <span class='ocr_line' id='line_1_87' title="bbox 1013 1342 1795 1378; baseline 0.004 -10"><span class='ocrx_word' id='word_1_642' title='bbox 1013 1342 1125 1368; x_wconf 78' lang='lat' dir='ltr'><strong>cteban‘t</strong></span> <span class='ocrx_word' id='word_1_643' title='bbox 1136 1342 1163 1369; x_wconf 94' lang='lat' dir='ltr'><strong>in</strong></span> <span class='ocrx_word' id='word_1_644' title='bbox 1174 1342 1283 1369; x_wconf 89' lang='lat' dir='ltr'><strong>modum</strong></span> <span class='ocrx_word' id='word_1_645' title='bbox 1297 1343 1427 1375; x_wconf 86' lang='lat' dir='ltr'><strong>tibicinis,</strong></span> <span class='ocrx_word' id='word_1_646' title='bbox 1439 1350 1604 1378; x_wconf 87' lang='lat' dir='ltr'><strong>manumque</strong></span> <span class='ocrx_word' id='word_1_647' title='bbox 1617 1345 1795 1372; x_wconf 82' lang='lat' dir='ltr'><strong>rotundantes</strong></span> 
     </span>
    </p>
   </div>
   <div class='ocr_carea' id='block_1_88' title="bbox 1011 1388 1792 1426">
    <p class='ocr_par' dir='ltr' id='par_1_88' title="bbox 1011 1388 1792 1426">
     <span class='ocr_line' id='line_1_88' title="bbox 1011 1388 1792 1426; baseline 0.005 -12"><span class='ocrx_word' id='word_1_648' title='bbox 1011 1388 1040 1415; x_wconf 88' lang='lat' dir='ltr'><strong>in</strong></span> <span class='ocrx_word' id='word_1_649' title='bbox 1072 1396 1216 1415; x_wconf 87' lang='lat' dir='ltr'><strong>numerum</strong></span> <span class='ocrx_word' id='word_1_650' title='bbox 1232 1390 1372 1424; x_wconf 76' lang='lat' dir='ltr'><strong>agitabant</strong></span> <span class='ocrx_word' id='word_1_651' title='bbox 1384 1390 1418 1417; x_wconf 80' lang='lat' dir='ltr'><strong>ad</strong></span> <span class='ocrx_word' id='word_1_652' title='bbox 1436 1397 1555 1425; x_wconf 76' lang='lat' dir='ltr'><strong>pugnum</strong></span> <span class='ocrx_word' id='word_1_653' title='bbox 1572 1391 1792 1426; x_wconf 78' lang='lat' dir='ltr'><strong>impingendum:</strong></span> 
     </span>
    </p>
   </div>
   <div class='ocr_carea' id='block_1_89' title="bbox 1015 1433 1795 1472">
    <p class='ocr_par' dir='ltr' id='par_1_89' title="bbox 1015 1433 1795 1472">
     <span class='ocr_line' id='line_1_89' title="bbox 1015 1433 1795 1472; baseline 0.004 -12"><span class='ocrx_word' id='word_1_654' title='bbox 1015 1442 1025 1459; x_wconf 85' lang='grc'><strong>‹</strong></span> <span class='ocrx_word' id='word_1_655' title='bbox 1060 1433 1115 1461; x_wconf 92' lang='lat' dir='ltr'><strong>Cur</strong></span> <span class='ocrx_word' id='word_1_656' title='bbox 1132 1434 1214 1466; x_wconf 85' lang='lat' dir='ltr'><strong>rides,</strong></span> <span class='ocrx_word' id='word_1_657' title='bbox 1238 1441 1254 1462; x_wconf 90' lang='lat'><strong>0</strong></span> <span class='ocrx_word' id='word_1_658' title='bbox 1274 1435 1401 1463; x_wconf 82' lang='lat' dir='ltr'><strong>diabole?</strong></span> <span class='ocrx_word' id='word_1_659' title='bbox 1427 1445 1436 1462; x_wconf 77' lang='grc' dir='ltr'><strong>ι</strong></span> <span class='ocrx_word' id='word_1_660' title='bbox 1466 1436 1665 1464; x_wconf 81' lang='lat' dir='ltr'><strong>balbutlebant.</strong></span> <span class='ocrx_word' id='word_1_661' title='bbox 1696 1436 1795 1472; x_wconf 83' lang='lat' dir='ltr'><strong>Sicque</strong></span> 
     </span>
    </p>
   </div>
   <div class='ocr_carea' id='block_1_90' title="bbox 1013 1480 1794 1518">
    <p class='ocr_par' dir='ltr' id='par_1_90' title="bbox 1013 1480 1794 1518">
     <span class='ocr_line' id='line_1_90' title="bbox 1013 1480 1794 1518; baseline 0.005 -12"><span class='ocrx_word' id='word_1_662' title='bbox 1013 1481 1189 1508; x_wconf 85' lang='lat' dir='ltr'><strong>serenitatem</strong></span> <span class='ocrx_word' id='word_1_663' title='bbox 1216 1480 1289 1508; x_wconf 70' lang='lat' dir='ltr'><strong>risus</strong></span> <span class='ocrx_word' id='word_1_664' title='bbox 1314 1482 1381 1509; x_wconf 89' lang='lat' dir='ltr'><strong>lenis</strong></span> <span class='ocrx_word' id='word_1_665' title='bbox 1407 1482 1434 1509; x_wconf 91' lang='lat' dir='ltr'><strong>in</strong></span> <span class='ocrx_word' id='word_1_666' title='bbox 1455 1482 1582 1509; x_wconf 79' lang='lat' dir='ltr'><strong>nebulam</strong></span> <span class='ocrx_word' id='word_1_667' title='bbox 1610 1482 1794 1518; x_wconf 82' lang='lat' dir='ltr'><strong>lacrymarum</strong></span> 
     </span>
    </p>
   </div>
   <div class='ocr_carea' id='block_1_91' title="bbox 1012 1527 1798 1561">
    <p class='ocr_par' dir='ltr' id='par_1_91' title="bbox 1012 1527 1798 1561">
     <span class='ocr_line' id='line_1_91' title="bbox 1012 1527 1798 1561; baseline 0.006 -9"><span class='ocrx_word' id='word_1_668' title='bbox 1012 1527 1222 1559; x_wconf 77' lang='lat' dir='ltr'><strong>convertebant,</strong></span> <span class='ocrx_word' id='word_1_669' title='bbox 1242 1527 1312 1560; x_wconf 85' lang='lat' dir='ltr'><strong>sive,</strong></span> <span class='ocrx_word' id='word_1_670' title='bbox 1349 1532 1380 1554; x_wconf 88' lang='lat' dir='ltr'><strong>ut</strong></span> <span class='ocrx_word' id='word_1_671' title='bbox 1402 1528 1483 1555; x_wconf 80' lang='lat' dir='ltr'><strong>aliter</strong></span> <span class='ocrx_word' id='word_1_672' title='bbox 1511 1529 1627 1561; x_wconf 82' lang='lat' dir='ltr'><strong>dicatur,</strong></span> <span class='ocrx_word' id='word_1_673' title='bbox 1663 1529 1798 1557; x_wconf 89' lang='lat' dir='ltr'><strong>ridentetn</strong></span> 
     </span>
    </p>
   </div>
   <div class='ocr_carea' id='block_1_92' title="bbox 1016 1571 1732 1602">
    <p class='ocr_par' dir='ltr' id='par_1_92' title="bbox 1016 1571 1732 1602">
     <span class='ocr_line' id='line_1_92' title="bbox 1016 1571 1732 1602; baseline 0.007 -5"><span class='ocrx_word' id='word_1_674' title='bbox 1016 1571 1200 1599; x_wconf 77' lang='lat' dir='ltr'><strong>Democritum</strong></span> <span class='ocrx_word' id='word_1_675' title='bbox 1228 1574 1253 1600; x_wconf 92' lang='lat' dir='ltr'><strong>in</strong></span> <span class='ocrx_word' id='word_1_676' title='bbox 1275 1572 1443 1601; x_wconf 82' lang='lat' dir='ltr'><strong>Heraclitum</strong></span> <span class='ocrx_word' id='word_1_677' title='bbox 1455 1573 1562 1602; x_wconf 80' lang='lat' dir='ltr'><strong>[lentem</strong></span> <span class='ocrx_word' id='word_1_678' title='bbox 1579 1576 1732 1602; x_wconf 80' lang='lat' dir='ltr'><strong>mutabant.</strong></span> 
     </span>
    </p>
   </div>
   <div class='ocr_carea' id='block_1_93' title="bbox 1049 1663 1798 1700">
    <p class='ocr_par' dir='ltr' id='par_1_93' title="bbox 1049 1663 1798 1700">
     <span class='ocr_line' id='line_1_93' title="bbox 1049 1663 1798 1700; baseline 0.003 -10"><span class='ocrx_word' id='word_1_679' title='bbox 1049 1664 1110 1690; x_wconf 79' lang='lat'><strong>“8.</strong></span> <span class='ocrx_word' id='word_1_680' title='bbox 1133 1663 1362 1692; x_wconf 82' lang='lat' dir='ltr'><strong>Vestimentorum</strong></span> <span class='ocrx_word' id='word_1_681' title='bbox 1387 1666 1465 1692; x_wconf 88' lang='lat' dir='ltr'><strong>sinus</strong></span> <span class='ocrx_word' id='word_1_682' title='bbox 1492 1666 1625 1693; x_wconf 82' lang='lat' dir='ltr'><strong>viatorum</strong></span> <span class='ocrx_word' id='word_1_683' title='bbox 1650 1667 1798 1700; x_wconf 79' lang='lat' dir='ltr'><strong>tangebant</strong></span> 
     </span>
    </p>
   </div>
   <div class='ocr_carea' id='block_1_94' title="bbox 1012 1710 1799 1747">
    <p class='ocr_par' dir='ltr' id='par_1_94' title="bbox 1012 1710 1799 1747">
     <span class='ocr_line' id='line_1_94' title="bbox 1012 1710 1799 1747; baseline 0.003 -10"><span class='ocrx_word' id='word_1_684' title='bbox 1012 1710 1251 1744; x_wconf 82' lang='lat' dir='ltr'><strong>evaeuabantque,</strong></span> <span class='ocrx_word' id='word_1_685' title='bbox 1274 1711 1296 1738; x_wconf 92' lang='lat' dir='ltr'><strong>si</strong></span> <span class='ocrx_word' id='word_1_686' title='bbox 1323 1711 1388 1746; x_wconf 87' lang='lat' dir='ltr'><strong>quid</strong></span> <span class='ocrx_word' id='word_1_687' title='bbox 1427 1711 1491 1738; x_wconf 89' lang='lat' dir='ltr'><strong>utile</strong></span> <span class='ocrx_word' id='word_1_688' title='bbox 1529 1716 1603 1738; x_wconf 85' lang='lat' dir='ltr'><strong>esset</strong></span> <span class='ocrx_word' id='word_1_689' title='bbox 1630 1711 1691 1739; x_wconf 86' lang='lat' dir='ltr'><strong>licet</strong></span> <span class='ocrx_word' id='word_1_690' title='bbox 1723 1711 1799 1747; x_wconf 72' lang='lat' dir='ltr'><strong>parvi</strong></span> 
     </span>
    </p>
   </div>
   <div class='ocr_carea' id='block_1_95' title="bbox 1014 1756 1798 1792">
    <p class='ocr_par' dir='ltr' id='par_1_95' title="bbox 1014 1756 1798 1792">
     <span class='ocr_line' id='line_1_95' title="bbox 1014 1756 1798 1792; baseline 0.004 -11"><span class='ocrx_word' id='word_1_691' title='bbox 1014 1756 1155 1782; x_wconf 84' lang='lat' dir='ltr'><strong>momenti.</strong></span> <span class='ocrx_word' id='word_1_692' title='bbox 1179 1756 1293 1783; x_wconf 74' lang='lat' dir='ltr'><strong>Curiose</strong></span> <span class='ocrx_word' id='word_1_693' title='bbox 1306 1757 1502 1784; x_wconf 82' lang='lat' dir='ltr'><strong>scrutabantur</strong></span> <span class='ocrx_word' id='word_1_694' title='bbox 1519 1764 1600 1784; x_wconf 87' lang='lat' dir='ltr'><strong>crura</strong></span> <span class='ocrx_word' id='word_1_695' title='bbox 1629 1765 1662 1784; x_wconf 93' lang='lat' dir='ltr'><strong>ne</strong></span> <span class='ocrx_word' id='word_1_696' title='bbox 1686 1757 1798 1792; x_wconf 81' lang='lat' dir='ltr'><strong>quando</strong></span> 
     </span>
    </p>
   </div>
   <div class='ocr_carea' id='block_1_96' title="bbox 1013 1800 1799 1838">
    <p class='ocr_par' dir='ltr' id='par_1_96' title="bbox 1013 1800 1799 1838">
     <span class='ocr_line' id='line_1_96' title="bbox 1013 1800 1799 1838; baseline 0.006 -12"><span class='ocrx_word' id='word_1_697' title='bbox 1013 1801 1142 1834; x_wconf 70' lang='lat' dir='ltr'><strong>penderet</strong></span> <span class='ocrx_word' id='word_1_698' title='bbox 1155 1801 1271 1834; x_wconf 77' lang='lat' dir='ltr'><strong>gladius.</strong></span> <span class='ocrx_word' id='word_1_699' title='bbox 1287 1800 1315 1827; x_wconf 89' lang='lat' dir='ltr'><strong>Si</strong></span> <span class='ocrx_word' id='word_1_700' title='bbox 1327 1802 1435 1835; x_wconf 82' lang='lat' dir='ltr'><strong>quando</strong></span> <span class='ocrx_word' id='word_1_701' title='bbox 1450 1803 1531 1837; x_wconf 75' lang='lat' dir='ltr'><strong>pugio</strong></span> <span class='ocrx_word' id='word_1_702' title='bbox 1545 1803 1799 1838; x_wconf 70' lang='lat' dir='ltr'><strong>quantuluscnnque.</strong></span> 
     </span>
    </p>
   </div>
   <div class='ocr_carea' id='block_1_97' title="bbox 1013 1845 1793 1881">
    <p class='ocr_par' dir='ltr' id='par_1_97' title="bbox 1013 1845 1793 1881">
     <span class='ocr_line' id='line_1_97' title="bbox 1013 1845 1793 1881; baseline 0.003 -9"><span class='ocrx_word' id='word_1_703' title='bbox 1013 1845 1191 1878; x_wconf 84' lang='lat' dir='ltr'><strong>inveniretur,</strong></span> <span class='ocrx_word' id='word_1_704' title='bbox 1210 1853 1286 1880; x_wconf 74' lang='lat' dir='ltr'><strong>genae</strong></span> <span class='ocrx_word' id='word_1_705' title='bbox 1295 1847 1404 1881; x_wconf 85' lang='lat' dir='ltr'><strong>quidem</strong></span> <span class='ocrx_word' id='word_1_706' title='bbox 1415 1847 1528 1875; x_wconf 77' lang='lat' dir='ltr'><strong>ferentis</strong></span> <span class='ocrx_word' id='word_1_707' title='bbox 1541 1848 1613 1875; x_wconf 89' lang='lat' dir='ltr'><strong>ictus</strong></span> <span class='ocrx_word' id='word_1_708' title='bbox 1629 1849 1793 1880; x_wconf 85' lang='lat' dir='ltr'><strong>sentiebant,</strong></span> 
     </span>
    </p>
   </div>
   <div class='ocr_carea' id='block_1_98' title="bbox 1013 1890 1799 1927">
    <p class='ocr_par' dir='ltr' id='par_1_98' title="bbox 1013 1890 1799 1927">
     <span class='ocr_line' id='line_1_98' title="bbox 1013 1890 1799 1927; baseline 0.005 -10"><span class='ocrx_word' id='word_1_709' title='bbox 1013 1890 1126 1919; x_wconf 85' lang='lat' dir='ltr'><strong>Latinus</strong></span> <span class='ocrx_word' id='word_1_710' title='bbox 1151 1899 1214 1918; x_wconf 89' lang='lat' dir='ltr'><strong>vero</strong></span> <span class='ocrx_word' id='word_1_711' title='bbox 1228 1892 1369 1927; x_wconf 72' lang='lat' dir='ltr'><strong>pugionem</strong></span> <span class='ocrx_word' id='word_1_712' title='bbox 1388 1893 1519 1927; x_wconf 85' lang='lat' dir='ltr'><strong>rapiebat.</strong></span> <span class='ocrx_word' id='word_1_713' title='bbox 1541 1893 1618 1926; x_wconf 88' lang='lat' dir='ltr'><strong>Quod</strong></span> <span class='ocrx_word' id='word_1_714' title='bbox 1641 1902 1706 1921; x_wconf 84' lang='lat' dir='ltr'><strong>vero</strong></span> <span class='ocrx_word' id='word_1_715' title='bbox 1731 1894 1799 1921; x_wconf 86' lang='lat' dir='ltr'><strong>dila-</strong></span> 
     </span>
    </p>
   </div>
   <div class='ocr_carea' id='block_1_99' title="bbox 1013 1936 1798 1966">
    <p class='ocr_par' dir='ltr' id='par_1_99' title="bbox 1013 1936 1798 1966">
     <span class='ocr_line' id='line_1_99' title="bbox 1013 1936 1798 1966; baseline 0.005 -4"><span class='ocrx_word' id='word_1_716' title='bbox 1013 1941 1134 1963; x_wconf 86' lang='lat' dir='ltr'><strong>ceratum</strong></span> <span class='ocrx_word' id='word_1_717' title='bbox 1155 1936 1245 1963; x_wconf 85' lang='lat' dir='ltr'><strong>fuerat</strong></span> <span class='ocrx_word' id='word_1_718' title='bbox 1258 1946 1272 1963; x_wconf 74' lang='grc' dir='ltr'>τι</span> <span class='ocrx_word' id='word_1_719' title='bbox 1285 1937 1364 1965; x_wconf 85' lang='lat' dir='ltr'><strong>nobis</strong></span> <span class='ocrx_word' id='word_1_720' title='bbox 1380 1939 1510 1966; x_wconf 88' lang='lat' dir='ltr'><strong>omnibus</strong></span> <span class='ocrx_word' id='word_1_721' title='bbox 1534 1939 1701 1966; x_wconf 85' lang='lat' dir='ltr'><strong>induendum</strong></span> <span class='ocrx_word' id='word_1_722' title='bbox 1728 1944 1798 1966; x_wconf 85' lang='lat' dir='ltr'><strong>erat.</strong></span> 
     </span>
    </p>
   </div>
   <div class='ocr_carea' id='block_1_100' title="bbox 1015 1981 1800 2020">
    <p class='ocr_par' dir='ltr' id='par_1_100' title="bbox 1015 1981 1800 2020">
     <span class='ocr_line' id='line_1_100' title="bbox 1015 1981 1800 2020; baseline 0.005 -12"><span class='ocrx_word' id='word_1_723' title='bbox 1015 1981 1141 2009; x_wconf 76' lang='lat' dir='ltr'><strong>Siautem</strong></span> <span class='ocrx_word' id='word_1_724' title='bbox 1153 1982 1250 2017; x_wconf 88' lang='lat' dir='ltr'><strong>aliquis</strong></span> <span class='ocrx_word' id='word_1_725' title='bbox 1262 1983 1393 2010; x_wconf 87' lang='lat' dir='ltr'><strong>induebat</strong></span> <span class='ocrx_word' id='word_1_726' title='bbox 1404 1984 1532 2018; x_wconf 85' lang='lat' dir='ltr'><strong>puritatis</strong></span> <span class='ocrx_word' id='word_1_727' title='bbox 1542 1985 1639 2020; x_wconf 74' lang='lat' dir='ltr'><strong>gratia,</strong></span> <span class='ocrx_word' id='word_1_728' title='bbox 1651 1985 1746 2012; x_wconf 90' lang='lat' dir='ltr'><strong>abillis</strong></span> <span class='ocrx_word' id='word_1_729' title='bbox 1753 1985 1800 2012; x_wconf 70' lang='lat' dir='ltr'><strong>do-</strong></span> 
     </span>
    </p>
   </div>
   <div class='ocr_carea' id='block_1_101' title="bbox 1014 2028 1745 2065">
    <p class='ocr_par' dir='ltr' id='par_1_101' title="bbox 1014 2028 1745 2065">
     <span class='ocr_line' id='line_1_101' title="bbox 1014 2028 1745 2065; baseline 0.005 -11"><span class='ocrx_word' id='word_1_730' title='bbox 1014 2028 1156 2055; x_wconf 82' lang='lat' dir='ltr'><strong>mnabatur</strong></span> <span class='ocrx_word' id='word_1_731' title='bbox 1165 2029 1210 2062; x_wconf 89' lang='lat' dir='ltr'><strong>qui</strong></span> <span class='ocrx_word' id='word_1_732' title='bbox 1222 2036 1276 2056; x_wconf 86' lang='lat' dir='ltr'><strong>non</strong></span> <span class='ocrx_word' id='word_1_733' title='bbox 1286 2029 1360 2056; x_wconf 87' lang='lat' dir='ltr'><strong>hunc</strong></span> <span class='ocrx_word' id='word_1_734' title='bbox 1379 2030 1515 2057; x_wconf 83' lang='lat' dir='ltr'><strong>hominem</strong></span> <span class='ocrx_word' id='word_1_735' title='bbox 1535 2030 1745 2065; x_wconf 84' lang='lat' dir='ltr'><strong>de5poliaverat.</strong></span> 
     </span>
    </p>
   </div>
   <div class='ocr_carea' id='block_1_102' title="bbox 1048 2117 1800 2153">
    <p class='ocr_par' dir='ltr' id='par_1_102' title="bbox 1048 2117 1800 2153">
     <span class='ocr_line' id='line_1_102' title="bbox 1048 2117 1800 2153; baseline 0.003 -9"><span class='ocrx_word' id='word_1_736' title='bbox 1048 2117 1110 2144; x_wconf 78' lang='lat' dir='ltr'><strong>H9.</strong></span> <span class='ocrx_word' id='word_1_737' title='bbox 1120 2117 1154 2144; x_wconf 79' lang='lat' dir='ltr'><strong>At</strong></span> <span class='ocrx_word' id='word_1_738' title='bbox 1163 2117 1205 2144; x_wconf 89' lang='lat' dir='ltr'><strong>bis</strong></span> <span class='ocrx_word' id='word_1_739' title='bbox 1217 2125 1271 2144; x_wconf 89' lang='lat' dir='ltr'><strong>non</strong></span> <span class='ocrx_word' id='word_1_740' title='bbox 1284 2118 1416 2150; x_wconf 84' lang='lat' dir='ltr'><strong>contenti,</strong></span> <span class='ocrx_word' id='word_1_741' title='bbox 1427 2118 1644 2153; x_wconf 77' lang='lat' dir='ltr'><strong>uniuscujusque</strong></span> <span class='ocrx_word' id='word_1_742' title='bbox 1655 2126 1687 2146; x_wconf 82' lang='lat' dir='ltr'><strong>ex</strong></span> <span class='ocrx_word' id='word_1_743' title='bbox 1699 2119 1800 2147; x_wconf 83' lang='lat' dir='ltr'><strong>nostris</strong></span> 
     </span>
    </p>
   </div>
   <div class='ocr_carea' id='block_1_103' title="bbox 1013 2162 1799 2199">
    <p class='ocr_par' dir='ltr' id='par_1_103' title="bbox 1013 2162 1799 2199">
     <span class='ocr_line' id='line_1_103' title="bbox 1013 2162 1799 2199; baseline 0.004 -10"><span class='ocrx_word' id='word_1_744' title='bbox 1013 2162 1094 2197; x_wconf 82' lang='lat' dir='ltr'><strong>capiti</strong></span> <span class='ocrx_word' id='word_1_745' title='bbox 1109 2162 1196 2190; x_wconf 89' lang='lat' dir='ltr'><strong>dicam</strong></span> <span class='ocrx_word' id='word_1_746' title='bbox 1213 2165 1367 2195; x_wconf 82' lang='lat' dir='ltr'><strong>movebant,</strong></span> <span class='ocrx_word' id='word_1_747' title='bbox 1381 2164 1476 2198; x_wconf 67' lang='lat' dir='ltr'><strong>aequali</strong></span> <span class='ocrx_word' id='word_1_748' title='bbox 1493 2172 1605 2199; x_wconf 69' lang='lat' dir='ltr'><strong>prorsus</strong></span> <span class='ocrx_word' id='word_1_749' title='bbox 1620 2164 1683 2192; x_wconf 92' lang='lat' dir='ltr'><strong>odio</strong></span> <span class='ocrx_word' id='word_1_750' title='bbox 1697 2165 1799 2192; x_wconf 86' lang='lat' dir='ltr'><strong>haben-</strong></span> 
     </span>
    </p>
   </div>
   <div class='ocr_carea' id='block_1_104' title="bbox 1013 2208 1798 2245">
    <p class='ocr_par' dir='ltr' id='par_1_104' title="bbox 1013 2208 1798 2245">
     <span class='ocr_line' id='line_1_104' title="bbox 1013 2208 1798 2245; baseline 0.004 -11"><span class='ocrx_word' id='word_1_751' title='bbox 1013 2212 1051 2234; x_wconf 89' lang='lat' dir='ltr'><strong>tet</strong></span> <span class='ocrx_word' id='word_1_752' title='bbox 1065 2212 1091 2234; x_wconf 88' lang='lat' dir='ltr'><strong>et</strong></span> <span class='ocrx_word' id='word_1_753' title='bbox 1102 2216 1148 2236; x_wconf 91' lang='lat' dir='ltr'><strong>eos</strong></span> <span class='ocrx_word' id='word_1_754' title='bbox 1171 2208 1217 2243; x_wconf 89' lang='lat' dir='ltr'><strong>qui</strong></span> <span class='ocrx_word' id='word_1_755' title='bbox 1234 2209 1320 2244; x_wconf 77' lang='lat' dir='ltr'><strong>longis</strong></span> <span class='ocrx_word' id='word_1_756' title='bbox 1337 2210 1442 2244; x_wconf 82' lang='lat' dir='ltr'><strong>capillis</strong></span> <span class='ocrx_word' id='word_1_757' title='bbox 1459 2215 1486 2237; x_wconf 90' lang='lat' dir='ltr'><strong>et</strong></span> <span class='ocrx_word' id='word_1_758' title='bbox 1505 2217 1553 2238; x_wconf 90' lang='lat' dir='ltr'><strong>eos</strong></span> <span class='ocrx_word' id='word_1_759' title='bbox 1565 2209 1611 2245; x_wconf 88' lang='lat' dir='ltr'><strong>qui</strong></span> <span class='ocrx_word' id='word_1_760' title='bbox 1638 2210 1721 2237; x_wconf 80' lang='lat' dir='ltr'><strong>densa</strong></span> <span class='ocrx_word' id='word_1_761' title='bbox 1734 2210 1798 2237; x_wconf 89' lang='lat' dir='ltr'><strong>bar-</strong></span> 
     </span>
    </p>
   </div>
   <div class='ocr_carea' id='block_1_105' title="bbox 1014 2253 1800 2290">
    <p class='ocr_par' dir='ltr' id='par_1_105' title="bbox 1014 2253 1800 2290">
     <span class='ocr_line' id='line_1_105' title="bbox 1014 2253 1800 2290; baseline 0.004 -11"><span class='ocrx_word' id='word_1_762' title='bbox 1014 2253 1048 2280; x_wconf 88' lang='lat' dir='ltr'><strong>ba</strong></span> <span class='ocrx_word' id='word_1_763' title='bbox 1066 2254 1221 2282; x_wconf 84' lang='lat' dir='ltr'><strong>utebantur.</strong></span> <span class='ocrx_word' id='word_1_764' title='bbox 1238 2254 1296 2282; x_wconf 84' lang='lat' dir='ltr'><strong>Non</strong></span> <span class='ocrx_word' id='word_1_765' title='bbox 1319 2254 1412 2282; x_wconf 88' lang='lat' dir='ltr'><strong>videre</strong></span> <span class='ocrx_word' id='word_1_766' title='bbox 1433 2260 1493 2282; x_wconf 87' lang='lat' dir='ltr'><strong>erat</strong></span> <span class='ocrx_word' id='word_1_767' title='bbox 1508 2257 1595 2282; x_wconf 88' lang='lat' dir='ltr'><strong>virum</strong></span> <span class='ocrx_word' id='word_1_768' title='bbox 1610 2259 1657 2282; x_wconf 88' lang='lat' dir='ltr'><strong>aut</strong></span> <span class='ocrx_word' id='word_1_769' title='bbox 1686 2263 1800 2290; x_wconf 84' lang='lat' dir='ltr'><strong>puerum</strong></span> 
     </span>
    </p>
   </div>
   <div class='ocr_carea' id='block_1_106' title="bbox 1015 2301 1799 2334">
    <p class='ocr_par' dir='ltr' id='par_1_106' title="bbox 1015 2301 1799 2334">
     <span class='ocr_line' id='line_1_106' title="bbox 1015 2301 1799 2334; baseline 0.003 -9"><span class='ocrx_word' id='word_1_770' title='bbox 1015 2306 1206 2334; x_wconf 80' lang='lat' dir='ltr'><strong>quemcunque</strong></span> <span class='ocrx_word' id='word_1_771' title='bbox 1222 2307 1277 2328; x_wconf 89' lang='lat' dir='ltr'><strong>non</strong></span> <span class='ocrx_word' id='word_1_772' title='bbox 1308 2301 1451 2328; x_wconf 81' lang='lat' dir='ltr'><strong>habentem</strong></span> <span class='ocrx_word' id='word_1_773' title='bbox 1470 2305 1610 2329; x_wconf 80' lang='lat' dir='ltr'><strong>tonsuram</strong></span> <span class='ocrx_word' id='word_1_774' title='bbox 1642 2302 1799 2333; x_wconf 86' lang='lat' dir='ltr'><strong>rotundam,</strong></span> 
     </span>
    </p>
   </div>
   <div class='ocr_carea' id='block_1_107' title="bbox 1014 2344 1801 2381">
    <p class='ocr_par' dir='ltr' id='par_1_107' title="bbox 1014 2344 1801 2381">
     <span class='ocr_line' id='line_1_107' title="bbox 1014 2344 1801 2381; baseline 0.005 -11"><span class='ocrx_word' id='word_1_775' title='bbox 1014 2344 1103 2379; x_wconf 76' lang='lat' dir='ltr'><strong>qualis</strong></span> <span class='ocrx_word' id='word_1_776' title='bbox 1126 2351 1194 2378; x_wconf 86' lang='lat' dir='ltr'><strong>erat,</strong></span> <span class='ocrx_word' id='word_1_777' title='bbox 1221 2351 1297 2380; x_wconf 89' lang='lat' dir='ltr'><strong>puto,</strong></span> <span class='ocrx_word' id='word_1_778' title='bbox 1318 2350 1430 2373; x_wconf 84' lang='lat' dir='ltr'><strong>tonsura</strong></span> <span class='ocrx_word' id='word_1_779' title='bbox 1457 2354 1517 2381; x_wconf 79' lang='lat' dir='ltr'><strong>quae</strong></span> <span class='ocrx_word' id='word_1_780' title='bbox 1534 2349 1559 2374; x_wconf 92' lang='lat' dir='ltr'><strong>in</strong></span> <span class='ocrx_word' id='word_1_781' title='bbox 1584 2347 1726 2381; x_wconf 88' lang='lat' dir='ltr'><strong>proverbio</strong></span> <span class='ocrx_word' id='word_1_782' title='bbox 1747 2347 1801 2374; x_wconf 81' lang='lat' dir='ltr'><strong>He-</strong></span> 
     </span>
    </p>
   </div>
   <div class='ocr_carea' id='block_1_108' title="bbox 1014 2393 1801 2429">
    <p class='ocr_par' dir='ltr' id='par_1_108' title="bbox 1014 2393 1801 2429">
     <span class='ocr_line' id='line_1_108' title="bbox 1014 2393 1801 2429; baseline 0.005 -11"><span class='ocrx_word' id='word_1_783' title='bbox 1014 2396 1117 2425; x_wconf 87' lang='lat' dir='ltr'><strong>ctorea,</strong></span> <span class='ocrx_word' id='word_1_784' title='bbox 1137 2397 1249 2420; x_wconf 83' lang='lat' dir='ltr'><strong>tonsura</strong></span> <span class='ocrx_word' id='word_1_785' title='bbox 1264 2394 1353 2421; x_wconf 81' lang='lat' dir='ltr'><strong>antica</strong></span> <span class='ocrx_word' id='word_1_786' title='bbox 1369 2393 1466 2422; x_wconf 88' lang='lat' dir='ltr'><strong>Thesei</strong></span> <span class='ocrx_word' id='word_1_787' title='bbox 1484 2402 1492 2421; x_wconf 89' lang='lat'><strong>:</strong></span> <span class='ocrx_word' id='word_1_788' title='bbox 1509 2399 1572 2422; x_wconf 84' lang='lat' dir='ltr'><strong>tunc</strong></span> <span class='ocrx_word' id='word_1_789' title='bbox 1588 2395 1667 2429; x_wconf 81' lang='lat' dir='ltr'><strong>quasi</strong></span> <span class='ocrx_word' id='word_1_790' title='bbox 1689 2402 1723 2422; x_wconf 82' lang='lat' dir='ltr'><strong>ex</strong></span> <span class='ocrx_word' id='word_1_791' title='bbox 1751 2402 1801 2422; x_wconf 85' lang='lat' dir='ltr'><strong>an—</strong></span> 
     </span>
    </p>
   </div>
   <div class='ocr_carea' id='block_1_109' title="bbox 1015 2435 1799 2472">
    <p class='ocr_par' dir='ltr' id='par_1_109' title="bbox 1015 2435 1799 2472">
     <span class='ocr_line' id='line_1_109' title="bbox 1015 2435 1799 2472; baseline 0.004 -10"><span class='ocrx_word' id='word_1_792' title='bbox 1015 2435 1106 2463; x_wconf 87' lang='lat' dir='ltr'><strong>tithesi</strong></span> <span class='ocrx_word' id='word_1_793' title='bbox 1133 2436 1222 2463; x_wconf 66' lang='lat' dir='ltr'><strong>densae</strong></span> <span class='ocrx_word' id='word_1_794' title='bbox 1248 2441 1327 2464; x_wconf 86' lang='lat' dir='ltr'><strong>erant</strong></span> <span class='ocrx_word' id='word_1_795' title='bbox 1351 2445 1385 2464; x_wconf 79' lang='lat' dir='ltr'><strong>ex</strong></span> <span class='ocrx_word' id='word_1_796' title='bbox 1407 2438 1486 2472; x_wconf 70' lang='lat' dir='ltr'><strong>longo</strong></span> <span class='ocrx_word' id='word_1_797' title='bbox 1513 2445 1596 2465; x_wconf 76' lang='lat' dir='ltr'><strong>coma:</strong></span> <span class='ocrx_word' id='word_1_798' title='bbox 1621 2438 1799 2471; x_wconf 83' lang='lat' dir='ltr'><strong>Abantarum,</strong></span> 
     </span>
    </p>
   </div>
   <div class='ocr_carea' id='block_1_110' title="bbox 1014 2482 1798 2518">
    <p class='ocr_par' dir='ltr' id='par_1_110' title="bbox 1014 2482 1798 2518">
     <span class='ocr_line' id='line_1_110' title="bbox 1014 2482 1798 2518; baseline 0.005 -11"><span class='ocrx_word' id='word_1_799' title='bbox 1014 2489 1068 2508; x_wconf 84' lang='lat' dir='ltr'><strong>non</strong></span> <span class='ocrx_word' id='word_1_800' title='bbox 1083 2489 1147 2508; x_wconf 86' lang='lat' dir='ltr'><strong>vero</strong></span> <span class='ocrx_word' id='word_1_801' title='bbox 1164 2489 1248 2509; x_wconf 74' lang='lat' dir='ltr'><strong>comae</strong></span> <span class='ocrx_word' id='word_1_802' title='bbox 1265 2482 1424 2510; x_wconf 83' lang='lat' dir='ltr'><strong>Latinorum</strong></span> <span class='ocrx_word' id='word_1_803' title='bbox 1444 2484 1540 2510; x_wconf 86' lang='lat' dir='ltr'><strong>horum</strong></span> <span class='ocrx_word' id='word_1_804' title='bbox 1569 2492 1630 2518; x_wconf 65' lang='lat' dir='ltr'><strong>quae</strong></span> <span class='ocrx_word' id='word_1_805' title='bbox 1660 2489 1745 2512; x_wconf 60' lang='lat' dir='ltr'><strong>tonsa</strong></span> <span class='ocrx_word' id='word_1_806' title='bbox 1769 2484 1798 2511; x_wconf 86' lang='lat' dir='ltr'><strong>in</strong></span> 
     </span>
    </p>
   </div>
   <div class='ocr_carea' id='block_1_111' title="bbox 1014 2527 1796 2564">
    <p class='ocr_par' dir='ltr' id='par_1_111' title="bbox 1014 2527 1796 2564">
     <span class='ocr_line' id='line_1_111' title="bbox 1014 2527 1796 2564; baseline 0.005 -12"><span class='ocrx_word' id='word_1_807' title='bbox 1014 2530 1071 2553; x_wconf 87' lang='lat' dir='ltr'><strong>toto</strong></span> <span class='ocrx_word' id='word_1_808' title='bbox 1101 2527 1218 2554; x_wconf 83' lang='lat' dir='ltr'><strong>circuitu</strong></span> <span class='ocrx_word' id='word_1_809' title='bbox 1241 2528 1375 2562; x_wconf 80' lang='lat' dir='ltr'><strong>quoddam</strong></span> <span class='ocrx_word' id='word_1_810' title='bbox 1404 2537 1490 2564; x_wconf 77' lang='lat' dir='ltr'><strong>genus</strong></span> <span class='ocrx_word' id='word_1_811' title='bbox 1506 2530 1591 2564; x_wconf 84' lang='lat' dir='ltr'><strong>apicis</strong></span> <span class='ocrx_word' id='word_1_812' title='bbox 1606 2530 1796 2557; x_wconf 80' lang='lat' dir='ltr'><strong>eﬂ‘ormabant.</strong></span> 
     </span>
    </p>
   </div>
   <div class='ocr_carea' id='block_1_112' title="bbox 1013 2572 1797 2609">
    <p class='ocr_par' dir='ltr' id='par_1_112' title="bbox 1013 2572 1797 2609">
     <span class='ocr_line' id='line_1_112' title="bbox 1013 2572 1797 2609; baseline 0.006 -11"><span class='ocrx_word' id='word_1_813' title='bbox 1013 2572 1054 2598; x_wconf 74' lang='lat' dir='ltr'><strong>Ad</strong></span> <span class='ocrx_word' id='word_1_814' title='bbox 1081 2573 1138 2600; x_wconf 74' lang='lat' dir='ltr'><strong>[nec</strong></span> <span class='ocrx_word' id='word_1_815' title='bbox 1156 2572 1255 2607; x_wconf 38' lang='lat' dir='ltr'><strong>Latini,</strong></span> <span class='ocrx_word' id='word_1_816' title='bbox 1271 2574 1304 2601; x_wconf 87' lang='lat' dir='ltr'><strong>de</strong></span> <span class='ocrx_word' id='word_1_817' title='bbox 1326 2575 1432 2609; x_wconf 83' lang='lat' dir='ltr'><strong>capillis</strong></span> <span class='ocrx_word' id='word_1_818' title='bbox 1451 2576 1509 2603; x_wconf 87' lang='lat' dir='ltr'><strong>suis</strong></span> <span class='ocrx_word' id='word_1_819' title='bbox 1532 2576 1653 2609; x_wconf 85' lang='lat' dir='ltr'><strong>solliciti,</strong></span> <span class='ocrx_word' id='word_1_820' title='bbox 1675 2581 1797 2608; x_wconf 87' lang='lat' dir='ltr'><strong>utuntur,</strong></span> 
     </span>
    </p>
   </div>
   <div class='ocr_carea' id='block_1_113' title="bbox 1015 2617 1798 2655">
    <p class='ocr_par' dir='ltr' id='par_1_113' title="bbox 1015 2617 1798 2655">
     <span class='ocr_line' id='line_1_113' title="bbox 1015 2617 1798 2655; baseline 0.006 -12"><span class='ocrx_word' id='word_1_821' title='bbox 1015 2617 1059 2644; x_wconf 84' lang='lat' dir='ltr'><strong>alii</strong></span> <span class='ocrx_word' id='word_1_822' title='bbox 1084 2619 1227 2651; x_wconf 85' lang='lat' dir='ltr'><strong>novacula,</strong></span> <span class='ocrx_word' id='word_1_823' title='bbox 1257 2620 1303 2647; x_wconf 82' lang='lat' dir='ltr'><strong>alii</strong></span> <span class='ocrx_word' id='word_1_824' title='bbox 1329 2621 1436 2655; x_wconf 76' lang='lat' dir='ltr'><strong>gladio,</strong></span> <span class='ocrx_word' id='word_1_825' title='bbox 1465 2621 1509 2648; x_wconf 83' lang='lat' dir='ltr'><strong>alii</strong></span> <span class='ocrx_word' id='word_1_826' title='bbox 1538 2622 1717 2649; x_wconf 79' lang='lat' dir='ltr'><strong>ferventiores</strong></span> <span class='ocrx_word' id='word_1_827' title='bbox 1742 2621 1798 2648; x_wconf 86' lang='lat' dir='ltr'><strong>aci-</strong></span> 
     </span>
    </p>
   </div>
   <div class='ocr_carea' id='block_1_114' title="bbox 1014 2664 1798 2698">
    <p class='ocr_par' dir='ltr' id='par_1_114' title="bbox 1014 2664 1798 2698">
     <span class='ocr_line' id='line_1_114' title="bbox 1014 2664 1798 2698; baseline 0.005 -10"><span class='ocrx_word' id='word_1_828' title='bbox 1014 2670 1097 2694; x_wconf 77' lang='lat' dir='ltr'><strong>nace;</strong></span> <span class='ocrx_word' id='word_1_829' title='bbox 1112 2664 1260 2698; x_wconf 87' lang='lat' dir='ltr'><strong>statimque</strong></span> <span class='ocrx_word' id='word_1_830' title='bbox 1276 2670 1355 2692; x_wconf 84' lang='lat' dir='ltr'><strong>tonso</strong></span> <span class='ocrx_word' id='word_1_831' title='bbox 1371 2666 1412 2693; x_wconf 77' lang='lat' dir='ltr'><strong>sic</strong></span> <span class='ocrx_word' id='word_1_832' title='bbox 1427 2667 1485 2693; x_wconf 84' lang='lat' dir='ltr'><strong>viro</strong></span> <span class='ocrx_word' id='word_1_833' title='bbox 1506 2667 1588 2693; x_wconf 85' lang='lat' dir='ltr'><strong>barba</strong></span> <span class='ocrx_word' id='word_1_834' title='bbox 1608 2667 1798 2694; x_wconf 79' lang='lat' dir='ltr'><strong>alleviabatur.</strong></span> 
     </span>
    </p>
   </div>
   <div class='ocr_carea' id='block_1_115' title="bbox 1014 2708 1798 2744">
    <p class='ocr_par' dir='ltr' id='par_1_115' title="bbox 1014 2708 1798 2744">
     <span class='ocr_line' id='line_1_115' title="bbox 1014 2708 1798 2744; baseline 0.005 -10"><span class='ocrx_word' id='word_1_835' title='bbox 1014 2708 1079 2735; x_wconf 80' lang='lat' dir='ltr'><strong>Erat</strong></span> <span class='ocrx_word' id='word_1_836' title='bbox 1097 2717 1161 2744; x_wconf 71' lang='lat' dir='ltr'><strong>ergo</strong></span> <span class='ocrx_word' id='word_1_837' title='bbox 1178 2718 1268 2736; x_wconf 83' lang='lat' dir='ltr'><strong>rarum</strong></span> <span class='ocrx_word' id='word_1_838' title='bbox 1283 2711 1398 2738; x_wconf 90' lang='lat' dir='ltr'><strong>omnino</strong></span> <span class='ocrx_word' id='word_1_839' title='bbox 1419 2712 1510 2738; x_wconf 88' lang='lat' dir='ltr'><strong>videre</strong></span> <span class='ocrx_word' id='word_1_840' title='bbox 1530 2711 1683 2739; x_wconf 79' lang='lat' dir='ltr'><strong>Romanum</strong></span> <span class='ocrx_word' id='word_1_841' title='bbox 1699 2713 1798 2744; x_wconf 85' lang='lat' dir='ltr'><strong>virum,</strong></span> 
     </span>
    </p>
   </div>
   <div class='ocr_carea' id='block_1_116' title="bbox 1015 2755 1800 2791">
    <p class='ocr_par' dir='ltr' id='par_1_116' title="bbox 1015 2755 1800 2791">
     <span class='ocr_line' id='line_1_116' title="bbox 1015 2755 1800 2791; baseline 0.004 -12"><span class='ocrx_word' id='word_1_842' title='bbox 1015 2755 1102 2787; x_wconf 75' lang='lat' dir='ltr'><strong>rapite</strong></span> <span class='ocrx_word' id='word_1_843' title='bbox 1112 2755 1225 2789; x_wconf 77' lang='lat' dir='ltr'><strong>integro.</strong></span> <span class='ocrx_word' id='word_1_844' title='bbox 1240 2755 1415 2783; x_wconf 72' lang='lat' dir='ltr'><strong>l‘roverbium</strong></span> <span class='ocrx_word' id='word_1_845' title='bbox 1427 2758 1563 2791; x_wconf 88' lang='lat' dir='ltr'><strong>quoddam</strong></span> <span class='ocrx_word' id='word_1_846' title='bbox 1571 2762 1628 2784; x_wconf 81' lang='lat' dir='ltr'><strong>erat</strong></span> <span class='ocrx_word' id='word_1_847' title='bbox 1638 2758 1678 2784; x_wconf 86' lang='lat' dir='ltr'><strong>cis</strong></span> <span class='ocrx_word' id='word_1_848' title='bbox 1689 2761 1800 2784; x_wconf 56' lang='lat' dir='ltr'><strong>contra»</strong></span> 
     </span>
    </p>
   </div>
   <div class='ocr_carea' id='block_1_117' title="bbox 1014 2801 1799 2837">
    <p class='ocr_par' dir='ltr' id='par_1_117' title="bbox 1014 2801 1799 2837">
     <span class='ocr_line' id='line_1_117' title="bbox 1014 2801 1799 2837; baseline 0.004 -11"><span class='ocrx_word' id='word_1_849' title='bbox 1014 2807 1103 2827; x_wconf 74' lang='lat' dir='ltr'><strong>rium;</strong></span> <span class='ocrx_word' id='word_1_850' title='bbox 1120 2809 1129 2825; x_wconf 79' lang='grc' dir='ltr'><strong>ι</strong></span> <span class='ocrx_word' id='word_1_851' title='bbox 1144 2801 1263 2835; x_wconf 79' lang='lat' dir='ltr'><strong>Capillus</strong></span> <span class='ocrx_word' id='word_1_852' title='bbox 1275 2802 1307 2829; x_wconf 89' lang='lat' dir='ltr'><strong>de</strong></span> <span class='ocrx_word' id='word_1_853' title='bbox 1316 2803 1404 2837; x_wconf 85' lang='lat' dir='ltr'><strong>capite</strong></span> <span class='ocrx_word' id='word_1_854' title='bbox 1413 2808 1508 2830; x_wconf 88' lang='lat' dir='ltr'><strong>nostro</strong></span> <span class='ocrx_word' id='word_1_855' title='bbox 1520 2810 1572 2829; x_wconf 90' lang='lat' dir='ltr'><strong>non</strong></span> <span class='ocrx_word' id='word_1_856' title='bbox 1587 2803 1695 2836; x_wconf 81' lang='lat' dir='ltr'><strong>peiibit.</strong></span> <span class='ocrx_word' id='word_1_857' title='bbox 1707 2811 1716 2827; x_wconf 74' lang='grc' dir='ltr'><strong>ι</strong></span> <span class='ocrx_word' id='word_1_858' title='bbox 1729 2803 1799 2835; x_wconf 86' lang='lat' dir='ltr'><strong>Quia</strong></span> 
     </span>
    </p>
   </div>
   <div class='ocr_carea' id='block_1_118' title="bbox 1015 2846 1801 2882">
    <p class='ocr_par' dir='ltr' id='par_1_118' title="bbox 1015 2846 1801 2882">
     <span class='ocr_line' id='line_1_118' title="bbox 1015 2846 1801 2882; baseline 0.006 -11"><span class='ocrx_word' id='word_1_859' title='bbox 1015 2846 1099 2872; x_wconf 85' lang='lat' dir='ltr'><strong>multa</strong></span> <span class='ocrx_word' id='word_1_860' title='bbox 1110 2851 1188 2873; x_wconf 77' lang='lat' dir='ltr'><strong>erant</strong></span> <span class='ocrx_word' id='word_1_861' title='bbox 1199 2853 1319 2882; x_wconf 82' lang='lat' dir='ltr'><strong>peccata,</strong></span> <span class='ocrx_word' id='word_1_862' title='bbox 1329 2848 1411 2876; x_wconf 81' lang='lat' dir='ltr'><strong>idcoe</strong></span> <span class='ocrx_word' id='word_1_863' title='bbox 1423 2857 1501 2875; x_wconf 80' lang='lat' dir='ltr'><strong>tuane</strong></span> <span class='ocrx_word' id='word_1_864' title='bbox 1514 2856 1607 2882; x_wconf 74' lang='lat' dir='ltr'><strong>punias</strong></span> <span class='ocrx_word' id='word_1_865' title='bbox 1617 2848 1740 2875; x_wconf 78' lang='lat' dir='ltr'><strong>dedimus</strong></span> <span class='ocrx_word' id='word_1_866' title='bbox 1754 2857 1801 2882; x_wconf 73' lang='lat' dir='ltr'><strong>per</strong></span> 
     </span>
    </p>
   </div>
   <div class='ocr_carea' id='block_1_119' title="bbox 1016 2896 1801 2931">
    <p class='ocr_par' dir='ltr' id='par_1_119' title="bbox 1016 2896 1801 2931">
     <span class='ocr_line' id='line_1_119' title="bbox 1016 2896 1801 2931; baseline 0 -9"><span class='ocrx_word' id='word_1_867' title='bbox 1016 2903 1076 2922; x_wconf 85' lang='lat' dir='ltr'><strong>cum</strong></span> <span class='ocrx_word' id='word_1_868' title='bbox 1093 2896 1138 2930; x_wconf 84' lang='lat' dir='ltr'><strong>qui</strong></span> <span class='ocrx_word' id='word_1_869' title='bbox 1157 2896 1322 2930; x_wconf 72' lang='lat' dir='ltr'><strong>gloriabatur</strong></span> <span class='ocrx_word' id='word_1_870' title='bbox 1333 2904 1347 2924; x_wconf 86' lang='lat' dir='ltr'><strong>e</strong></span> <span class='ocrx_word' id='word_1_871' title='bbox 1363 2903 1439 2923; x_wconf 80' lang='lat' dir='ltr'><strong>mane</strong></span> <span class='ocrx_word' id='word_1_872' title='bbox 1454 2902 1609 2931; x_wconf 83' lang='lat' dir='ltr'><strong>peccatores</strong></span> <span class='ocrx_word' id='word_1_873' title='bbox 1622 2901 1700 2922; x_wconf 77' lang='lat' dir='ltr'><strong>terra:</strong></span> <span class='ocrx_word' id='word_1_874' title='bbox 1716 2896 1801 2924; x_wconf 80' lang='lat' dir='ltr'><strong>inter-</strong></span> 
     </span>
    </p>
   </div>
  </div>
