1962 3087
167 196 221 228 Ῑῖθ

543 191 716 222 ΕΗΞΤΛΤΗ
723 191 750 220 ll
771 190 822 220 ΤΗ
828 189 915 219 ESSA
922 188 959 218 ι(

1015 187 1149 217 ΩΕΝΞΙΞ
1169 187 1448 218 METROPOLITE

1736 187 1788 220 120

168 255 248 278 licere
264 257 296 278 ac
310 249 401 278 delere
416 257 431 276 ε
444 248 553 274 crvitate
569 247 675 274 Domini
691 249 836 280 operantes
854 243 956 277 iniqui-

1012 243 1182 270 ἀποκτείνειν
1205 245 1267 273 τοὺς
1289 244 1468 278 ἁμαρτωλοὺς
1493 244 1542 279 τῆς
1559 245 1621 278 γῆς,
1636 245 1684 271 καὶ
1702 245 1790 278 ἐξολο-

167 302 261 329 tatem,
276 304 362 331 usque
377 295 410 322 ad
425 295 498 329 ipsos
512 293 625 327 capillos
640 291 740 318 malum
754 290 834 317 nobis
850 289 952 314 exalta-

165 344 216 374 vit.
232 347 263 370 ut
284 347 341 369 toto
358 341 519 375 l'rigeremus
534 345 661 372 corpore,
677 335 770 363 nudati
786 334 902 368 capillis.
924 332 952 359 Si

166 397 232 416 vero
264 387 348 415 alicui
365 385 448 413 barba
467 384 541 411 salva
572 383 664 415 fuerit,
683 382 786 410 decens
800 385 859 406 erat
877 379 958 412 velut,

167 443 198 464 ex
214 439 326 465 natura,
344 432 409 459 mali
427 437 554 458 tonsores
569 437 630 457 eum
652 432 793 462 tangentes
821 433 875 452 una
899 432 954 451 ma-

167 489 216 514 nu,
242 481 326 506 altera
343 486 407 506 vero
423 477 521 511 capitis
537 476 662 510 capillos,
689 474 745 501 haec
759 473 867 508 quidem
885 471 954 497 bona

166 535 229 556 esse
244 526 383 557 dicebant,
400 524 445 552 illa
459 531 521 551 vero
534 523 617 554 mala,
631 520 722 549 barba:
733 519 851 549 scilicet,
861 517 958 552 jocan-

167 583 207 604 tes
222 577 248 604 in
264 584 317 603 non
330 574 445 610 jocosis.

205 714 267 742 £20.
283 713 412 741 Volentes
429 719 493 739 vero
507 711 547 738 sic
566 711 592 737 in
607 708 762 737 istiusmodi
777 714 825 735 nos
839 707 906 741 ipsis
917 705 956 732 si-

168 762 248 789 miles
265 767 339 792 esse,
357 759 473 786 oderant
490 762 579 785 tamen
596 763 767 783 communem
786 754 867 780 vitam
892 759 954 779 eum

169 808 243 838 illis:
267 807 329 834 ideo
344 804 485 832 nobiscum
503 803 592 829 vivere
608 809 661 828 non
681 799 873 836 dignabautur.
903 797 955 824 Sed

169 861 232 881 cum
261 852 374 887 quidam
394 851 578 880 dominorum,
597 848 650 874 huc
664 851 691 874 et
709 847 772 873 illuc
783 852 891 875 errans,
908 844 955 870 do-

170 907 246 927 mum
270 899 299 925 in
329 897 487 924 memoriam
505 898 659 925 revocaret,
683 901 732 920 sua
749 892 956 926 itnnginarelur,

1008 289 1117 323 ορεύειν
1147 291 1180 316 ἐκ
1206 291 1309 321 miluo;
1328 291 1431 324 Κυρίου
1457 290 1519 322 τοὺς
1535 290 1736 325 ἐργαζομένους
1758 292 1789 318 τὸ

1007 334 1108 369 ἄνομον
1124 337 1204 371 μέχρι
1224 337 1269 362 καὶ
1292 338 1331 366 sl;
1356 337 1442 367 αὑτὰς
1453 336 1549 371 τρίχας
1570 336 1599 362 τὸ
1621 336 1705 362 κακον
1723 337 1789 372 ἡμῖν

1007 380 1194 414 ὲκορύφωσεν,
1214 382 1257 408 ἵνα
1283 382 1322 412 εἰς
1345 382 1375 407 τὸ
1392 383 1447 408 πᾶν
1475 382 1598 416 ῥιγῶμεν
1624 381 1787 416 ὲψιλωμένοι

1008 427 1055 452 καί
1072 427 1118 458 τὰς
1139 427 1269 460 κεφαλάς.
1288 427 1345 453 Κᾶν
1356 428 1382 459 εξ
1397 436 1447 453 που
1462 427 1644 461 διεκπέφευγέ
1665 436 1718 454 τινι
1734 427 1790 453 πώ-

1011 480 1079 504 γων,
1096 473 1145 499 καὶ
1161 470 1194 507 ἦν
1218 473 1380 507 κοθιέμενος
1396 474 1527 507 κοσμίως,
1543 474 1579 504 ὡς
1596 471 1652 508 εἶχε
1672 473 1790 507 φύσεως,

1012 515 1161 550 ἁπτόμενοι
1180 516 1277 543 τούτου
1288 518 1312 543 ol
1329 517 1424 551 φαῦλοι
1440 519 1546 554 κουρεῖς
1560 519 1591 553 τῇ
1609 518 1690 553 ἑτέρᾳ
1706 518 1788 552 χειρὶ,

1010 563 1112 599 θατέρᾳ
1130 565 1158 591 δὲ
1175 565 1229 591 τῶν
1254 566 1325 592 κατὰ
1350 567 1470 602 κεφαλὴν
1499 567 1600 602 τριχῶν
1613 586 1619 598 ,
1636 566 1722 593 ταῦτα
1741 567 1790 601 μὲν

1005 608 1078 637 εἶναι
1093 611 1163 638 καλὰ
1178 612 1282 645 ελεγον,
1297 614 1389 640 ἐκεῖνα
1405 614 1432 639 δὲ
1444 615 1528 647 κακὰ,
1542 614 1576 640 τὰ
1587 614 1634 640 τοῦ
1648 613 1788 647 πώγωνος,

1001 657 1192 691 ἀστεῖζόμενοι
1207 659 1235 684 ὲν
1249 659 1280 685 οὺ
1298 661 1434 691 παικτοϊς.

1045 708 1098 740 ρκ’.
1114 706 1277 741 Στέργοντες
1301 707 1330 734 δὲ
1348 707 1419 734 οὕτω
1439 707 1489 742 τὴν
1505 707 1550 733 ἐπὶ
1567 707 1698 738 τοιούτοις
1722 707 1790 741 πρὸς

1008 751 1106 782 αὐτοὺς
1118 753 1256 787 ἡμετέραν
1275 754 1445 788 ἐξομοίωσιν,
1461 754 1490 780 το
1509 753 1592 787 συζῇν
1610 753 1700 784 αὐτοῖς
1717 753 1790 787 ὅμως

1010 796 1191 832 ἁπέστεργον·
1208 799 1302 832 διόπερ
1322 799 1382 825 οὐδὲ
1401 798 1593 833 συμσιοτεύειν
1613 799 1680 833 ἡμῖν
1691 798 1790 834 ῄροῦν-

1008 850 1050 868 το.
1071 843 1139 869 Ἀλλ’
1163 844 1207 870 ὅτε
1235 853 1277 876 τις
1305 845 1359 871 τῶν
1383 844 1654 876 οἰκοδεσποτούντων,
1677 841 1728 872 ὧδε
1743 845 1790 872 καὶ

1007 890 1066 916 ἐκεῖ
1081 890 1252 924 πλαζόμενος
1277 891 1445 925 ἀναπολήσει
1473 891 1523 926 τὴν
1548 891 1638 917 οἰκίαν
1657 891 1697 922 εἰς
1715 891 1789 923 νοῦν,

170 946 237 973 illuc
248 945 327 971 adire
339 943 522 973 desideraret,
536 939 690 972 accederet,
719 938 864 972 respiceret
873 937 958 967 intus.

1012 937 1055 962 ml.
1071 937 1238 970 φαντάσεται
1264 937 1296 962 τὰ
1323 937 1431 969 ἑαυτοῦ,
1448 937 1496 964 καὶ
1512 937 1676 972 ἐπιθυμήσει
1690 938 1792 972 παρελ-

173 989 414 1022 interrogatusque
431 985 494 1019 quis
509 988 580 1011 esset
596 987 626 1010 ut
637 984 674 1010 ita
690 986 792 1017 ageret,
808 980 958 1015 responde-

170 1038 213 1061 ret
230 1033 319 1068 ipsum
335 1039 395 1059 esse
410 1029 572 1065 jamdudum
590 1029 689 1056 domus
716 1027 870 1060 dominum,
898 1026 957 1054 laate

170 1079 367 1115 recipiebatur,
383 1078 506 1105 abnuens
521 1084 576 1112 pra:
589 1075 755 1108 reverentia,
768 1075 866 1102 deinde
881 1075 957 1102 intus

170 1126 369 1159 circumspecte
411 1123 578 1154 ambulabat,
607 1121 796 1155 dabanturque
822 1121 897 1147 salus
931 1125 958 1147 et

170 1172 260 1203 sedes,
275 1170 356 1197 cibus
386 1173 414 1196 et
437 1173 538 1203 potus;
558 1167 713 1200 lmjusmodi
738 1172 802 1192 vero
829 1166 958 1192 observa-

171 1218 261 1244 tiones
284 1220 314 1243 ut
341 1215 376 1242 ab
410 1213 521 1241 homine
558 1213 676 1240 barbaro
709 1210 843 1238 lethiferaa
868 1214 956 1237 erant.

170 1264 277 1290 Etenim
311 1269 362 1297 pro
394 1261 528 1288 bonorum
561 1259 720 1286 ostensione
747 1265 779 1285 ac
811 1256 959 1284 donatiorre

171 1311 306 1342 ciborum,
337 1307 462 1342 injuriae,
495 1314 509 1333 e
534 1304 620 1341 paleis
650 1305 743 1332 fumus
770 1309 798 1331 et
829 1304 882 1335 alia
907 1310 959 1330 no-

171 1355 198 1383 vi
216 1354 328 1390 generis
347 1354 429 1385 mala;
446 1359 506 1387 qua:
523 1351 607 1378 semel
623 1350 685 1378 data
710 1349 834 1377 ordinate
850 1355 958 1376 rursum

173 1402 320 1429 dabantur;
339 1398 427 1425 adhuc
440 1402 467 1424 et
483 1397 636 1424 anxietates
649 1395 755 1427 miseri,
774 1394 959 1421 intolerabiles

172 1448 274 1474 ictuum
303 1445 529 1475 sustentationes,
564 1442 718 1477 usquedum
742 1440 886 1468 carniﬁces
917 1439 959 1467 vel

173 1492 327 1520 crudelitati
365 1490 583 1520 satisfecissent.
613 1488 655 1515 vel
693 1487 811 1514 fuissent
844 1486 958 1513 miserti.

173 1537 241 1565 Nam
272 1537 325 1564 hoc
349 1536 497 1571 aliquando
529 1534 629 1566 θνιίιὶι,
654 1531 884 1568 quemadmodum
918 1532 960 1558 leo

173 1584 309 1616 esuriens,
320 1590 382 1610 cum
399 1582 516 1617 praedam
537 1579 740 1612 dilaceraverit,
758 1578 856 1606 deinde
879 1578 960 1604 mise-

1008 981 1064 1007 Θεῖν
1088 982 1156 1013 ἐκεῖ,
1182 983 1228 1008 καὶ
1256 983 1373 1016 ἐγγίσει,
1400 983 1448 1009 καὶ
1474 983 1791 1017 παρακὺψειὲντδς,καὶ

1009 1027 1173 1062 ὲρωτηθείη,
1191 1028 1232 1059 τίς
1243 1027 1280 1054 ὢν
1292 1028 1363 1054 οὕτω
1377 1029 1458 1060 ποιεῖ,
1474 1030 1521 1056 καὶ
1533 1029 1629 1064 ἐξείπῃ
1645 1029 1726 1061 αὐτὸς
1742 1029 1790 1057 τοῦ

1006 1073 1082 1100 οἴκου
1102 1074 1196 1109 κύριός
1218 1083 1280 1100 ποτε
1297 1073 1379 1106 εἶναι,
1391 1075 1618 1110 παρελαμδάνετο
1633 1077 1681 1110 μὲν
1694 1076 1791 1110 ἡδέως,

1008 1120 1054 1146 καὶ
1068 1120 1280 1154 ὑπανεχόμενος,
1298 1120 1335 1152 ὥς
1351 1122 1399 1148 ἐπὶ
1413 1122 1490 1156 τιμῇ,
1504 1121 1611 1148 ἔϐαινεν
1627 1122 1710 1156 ἁδρὸς
1724 1122 1789 1155 ἔσω,

1008 1168 1054 1193 καὶ
1071 1164 1144 1201 εἶχεν
1165 1168 1311 1203 ἀσπασμὸν
1326 1168 1374 1194 καὶ
1391 1169 1537 1203 προεδρίαν
1553 1170 1600 1196 καὶ
1625 1169 1727 1204 βρῶσιν
1744 1170 1792 1197 καὶ

1007 1213 1037 1238 τὸ
1057 1214 1137 1238 πιεῖν·
1153 1214 1186 1240 τὰ
1205 1213 1228 1240 δ’
1240 1214 1286 1239 ἐπὶ
1300 1214 1405 1245 τούτοις
1424 1214 1462 1248 τῷ
1479 1215 1554 1248 ἀνδρὶ
1571 1215 1602 1241 ὲκ
1614 1215 1668 1241 τῶν
1681 1215 1785 1250 βαρϐά-

1009 1267 1064 1292 ρων
1089 1258 1245 1294 δεξιώματα
1273 1259 1427 1294 θανατηρά.
1452 1260 1615 1296 Κρεμάοραι
1647 1262 1720 1296 γὰρ,
1745 1262 1792 1288 καὶ

1008 1305 1143 1338 αἱκισμοὶ,
1161 1305 1208 1330 καὶ
1226 1305 1255 1337 ἐξ
1272 1305 1383 1340 ἀχύρων
1401 1305 1512 1338 καπνοὶ,
1531 1306 1578 1332 καὶ
1596 1306 1679 1339 ἔτερα
1695 1306 1791 1332 καινό-

1008 1358 1097 1385 τροπα
1115 1350 1198 1381 κακὰ,
1215 1350 1262 1376 ἐπὶ
1283 1351 1433 1386 χρημάτων
1449 1351 1582 1385 ὲκφάνσει
1596 1351 1643 1377 καὶ
1657 1351 1738 1378 δόσει·
1753 1348 1791 1378 ὧν

1009 1395 1162 1429 διδομένων,
1177 1396 1257 1422 πάλιν
1268 1397 1366 1428 κύκλος
1379 1397 1407 1422 ὲν
1420 1397 1477 1428 τοῖς
1490 1397 1591 1428 αὐτοῖς.
1615 1397 1792 1432 Ἀναρτήσεις

1009 1441 1064 1475 γὰρ
1077 1440 1123 1467 τοῦ
1138 1441 1230 1467 ἀθλίου
1246 1443 1292 1468 καὶ
1309 1442 1464 1477 καταφοραὶ
1479 1442 1585 1478 βαρεῖαι
1604 1443 1725 1476 πληγῶν,
1739 1443 1792 1474 ἓως

1009 1486 1078 1521 ἄνῆ
1106 1487 1286 1522 ὲμπλησθῶσι
1313 1488 1367 1514 τῶν
1392 1487 1566 1522 ποθουμένων
1594 1488 1619 1514 οι
1641 1489 1743 1523 δήμιοι,
1774 1489 1791 1523 ἢ

1006 1533 1168 1567 ἑλεήσωσιν.
1194 1533 1319 1567 Ἐγένετο
1336 1533 1391 1567 γάρ
1408 1542 1472 1559 ποτε
1489 1534 1536 1560 καὶ
1551 1534 1651 1560 τοιόνδε
1675 1542 1710 1566 τι,
1723 1533 1791 1560 ὡσεὶ

1011 1579 1058 1604 καὶ
1071 1578 1139 1604 λέων
1151 1578 1250 1604 πεινῶν
1268 1580 1314 1606 καὶ
1327 1579 1458 1610 ἐνδακὼν,
1476 1578 1534 1606 εἶτα
1551 1579 1669 1614 ἐλεήσει,
1688 1580 1705 1614 ἢ
1720 1581 1790 1615 ἁφήν

174 1635 251 1657 ratur
276 1633 323 1656 aut
348 1629 401 1655 vita
428 1632 550 1654 vexatam
582 1626 756 1660 dereliuquit.
773 1624 909 1657 Quosdam
927 1631 959 1650 ex

1013 1633 1052 1651 σει
1069 1625 1114 1652 τὸν
1128 1625 1300 1658 αἰκιζόμενον
1318 1625 1330 1660 ἡ
1345 1624 1411 1659 ζωή.
1431 1625 1491 1652 Τῶν
1509 1634 1583 1657 τινας
1602 1626 1631 1652 δὲ
1650 1625 1720 1652 οὕτω
1735 1635 1789 1653 πα-

173 1677 218 1703 his
228 1676 273 1710 qui
291 1677 331 1702 sic
348 1679 375 1701 et
387 1674 466 1702 aliter
480 1673 654 1708 patiebantur
667 1670 863 1698 transtulerunt
877 1677 892 1697 e
905 1675 960 1697 vna

175 1725 377 1757 persecutores,
405 1721 533 1746 timentes
577 1725 622 1750 ne,
654 1722 794 1753 postquam
831 1723 959 1751 magnum

176 1768 333 1792 thesaurum
353 1764 422 1798 apud
441 1763 565 1790 victimas
589 1763 767 1793 invenissent,
789 1761 855 1796 ipsis
879 1768 892 1787 a
913 1768 960 1788 co-

174 1810 290 1837 mitibus
331 1812 558 1842 extorqueretur,
593 1807 665 1834 sicut
702 1811 865 1832 couventum
902 1805 961 1831 fue-

174 1859 227 1882 rat.
262 1854 376 1886 Quidam
407 1846 602 1880 Constantinus
643 1851 771 1886 (nomine
801 1851 890 1884 solo),
921 1851 962 1876 vir

175 1901 275 1933 bonus,
301 1900 403 1927 divitiis
433 1899 602 1930 cumulatus,
629 1898 699 1924 bona
716 1897 825 1932 propria
840 1897 960 1931 jactans,

175 1949 276 1983 quibus
289 1955 336 1975 cor
348 1955 427 1974 suum
445 1947 618 1977 devinxerat,
635 1945 731 1979 sicque
745 1944 878 1972 desiderio
889 1943 960 1970 dumi

176 2000 283 2029 captus,
292 2001 354 2021 eum
368 1993 465 2020 fuisset
475 1999 636 2027 suspensus,
645 1991 771 2025 milleque
783 1991 875 2025 plagas
886 1997 962 2017 acce-

175 2043 270 2076 pisset,
281 2041 313 2067 ad
324 2047 542 2075 unamquamque
552 2040 759 2073 suspensionem
780 2038 850 2065 bona
873 2037 962 2072 proje-

176 2089 269 2118 cisset,
291 2086 385 2120 sicque
408 2086 435 2112 in
461 2089 566 2111 tantum
587 2088 616 2111 ut
640 2089 729 2111 mente
761 2088 858 2118 captus
884 2083 962 2110 vide—

175 2134 270 2162 retur;
292 2136 353 2157 cum
371 2129 514 2164 inquirens
530 2135 615 2155 novas
629 2133 702 2155 artes
717 2128 751 2155 ab
777 2128 817 2154 eis
829 2127 961 2160 depulsus

177 2175 285 2208 fuisset,
301 2182 333 2202 ac
352 2174 448 2201 fuisset
458 2175 579 2201 minatus
594 2173 845 2200 seremeomitibus
861 2173 962 2198 denun-

178 2223 321 2252 tiaturntn.
349 2227 402 2248 non
421 2220 477 2255 jam
500 2223 581 2254 caput
597 2219 710 2251 habuit;
725 2218 772 2246 sed
794 2222 961 2253 amputatum

178 2274 212 2294 ac
232 2266 366 2301 sepultum
379 2270 422 2293 est
442 2266 468 2292 in
493 2270 585 2296 terra;
608 2264 729 2297 reliquus
744 2271 807 2291 vero
827 2264 964 2291 Constan-

179 2312 253 2338 tinus
268 2311 391 2345 abiectus
406 2315 449 2338 est
462 2311 578 2337 cadaver
592 2309 694 2336 auxilio
709 2309 867 2336 destitutus.

214 2401 277 2428 ηι.
297 2401 384 2428 Aliam
401 2401 658 2428 immoderationem
674 2400 793 2427 habebat
807 2401 895 2428 adhuc
911 2401 963 2429 hoc

177 2445 291 2473 malum.
318 2446 415 2472 Allecti
433 2446 505 2472 enim
533 2445 609 2472 lucro
633 2445 806 2472 doruinorum
839 2445 963 2479 Barbari,

177 2493 249 2519 intra
273 2497 366 2526 portas
384 2492 497 2518 insidias
518 2496 660 2525 pararunt.
675 2491 714 2518 Ac
726 2492 748 2518 si
770 2498 850 2526 quem
874 2496 964 2520 trans-

177 2541 285 2564 euntem
298 2536 434 2568 viderent,
462 2537 578 2570 speeiern
600 2541 703 2564 certam
722 2537 879 2565 viridivilis
896 2546 963 2573 pra:—

177 2584 298 2614 hentem,
309 2583 547 2617 apprcheudebant
570 2590 630 2610 eum
645 2584 729 2618 intus,
745 2584 817 2611 velut
829 2585 964 2619 pler-teque

178 2627 314 2655 terribiles
339 2626 403 2654 fera:
420 2635 454 2655 ex
481 2631 560 2655 antro
589 2629 726 2656 irruentes
746 2639 754 2662 ;
788 2633 964 2664 terrentesque

176 2681 240 2701 eum
264 2673 427 2708 torquebant
459 2674 611 2708 usquedum
629 2682 741 2709 scopum
758 2676 923 2711 attigissent.
936 2675 964 2702 Si

177 2727 242 2748 vero
257 2720 367 2755 quidam
391 2721 481 2748 vivere
507 2728 568 2749 cum
589 2722 702 2755 captivis
720 2721 966 2755 vnlebant,deinde

176 2767 294 2793 habebat
319 2774 427 2801 quoque
458 2768 509 2793 hoc
540 2768 756 2798 incornmodum,
776 2767 883 2794 scilicet
914 2767 966 2794 hoc

177 2813 412 2840 libentersull'erre
426 2813 602 2845 dicebautur;
620 2812 692 2848 quod
704 2818 763 2839 erat
773 2813 857 2847 magis
867 2813 966 2840 frater-

179 2867 243 2885 num
260 2864 287 2886 et
301 2859 545 2887 humanius.Tunc
562 2868 614 2886 non
634 2863 693 2886 erat
709 2859 836 2893 possibile
856 2859 882 2885 in
899 2863 966 2886 tem-

179 2904 232 2937 plis
245 2904 332 2933 sacris
351 2908 447 2939 sponte
465 2905 580 2939 hyrnrms
603 2913 722 2938 canere;
743 2905 789 2932 sed
813 2904 876 2932 huic
893 2905 965 2932 bono

1012 1670 1129 1704 σχόντων
1146 1671 1194 1696 καὶ
1217 1669 1303 1700 ἄλλως
1324 1670 1370 1696 τοῦ
1387 1669 1436 1704 ζῇν
1460 1671 1632 1705 μετέστησαν
1650 1671 1675 1698 οἱ
1690 1670 1794 1703 αἰκιζό-

1013 1723 1099 1750 μενοι,
1120 1715 1270 1746 δείσαντες,
1290 1715 1326 1748 μὴ
1343 1714 1427 1740 πολὺν
1444 1715 1582 1749 θησαυρὸν
1599 1716 1630 1741 ἐκ
1646 1715 1692 1741 τοῦ
1711 1715 1793 1741 κολα-

1012 1761 1128 1795 ζομένου
1146 1760 1335 1795 ὲξευρηκότες,
1351 1761 1520 1795 ἀφαιρεθῶσι
1538 1761 1606 1796 πρὸς
1628 1761 1685 1786 τῶν
1707 1762 1794 1795 κομή-

1010 1815 1064 1832 των
1090 1807 1120 1832 τὸ
1143 1806 1304 1840 εὑρημένον,
1332 1806 1403 1832 καθὰ
1428 1807 1574 1833 συνέκειτο.
1594 1807 1794 1838 Κωνσταντῖνος

1011 1853 1077 1887 γοῦν
1094 1862 1136 1884 τις
1162 1854 1186 1888 (ό
1208 1853 1325 1887 ἐπίκλην
1355 1854 1582 1888 κεκαὶεσμένος),
1607 1854 1675 1889 ἀνὴρ
1693 1854 1794 1888 ἀγαθὸς

1012 1901 1059 1926 καὶ
1075 1899 1189 1934 πλήθων
1206 1899 1256 1930 τὰς
1273 1900 1366 1934 χεῖρας
1379 1918 1386 1931 ,
1411 1899 1616 1934 φαντασάμενος
1635 1900 1668 1926 τὰ
1692 1900 1792 1931 οὶκεῖα,

1012 1944 1052 1977 οἷς
1077 1945 1125 1980 τὴν
1152 1946 1266 1980 καρδίαν
1294 1945 1460 1979 κεκόλλητο,
1485 1946 1532 1972 καὶ
1556 1945 1627 1972 οὕτω
1653 1946 1728 1980 πόθῳ
1746 1944 1793 1972 τοῦ

1012 1991 1086 2018 οἴκου
1114 1991 1282 2025 ἀγρευθεὶς,
1314 1992 1361 2018 καὶ
1390 1991 1589 2027 ἀπαιωρηθεὶς,
1616 1992 1664 2018 καὶ
1694 1992 1795 2027 μυρίας

1012 2037 1121 2071 πληγὰς
1147 2036 1292 2072 ἐντριὸεὶς,
1313 2036 1362 2062 καὶ
1388 2036 1458 2062 κατὰ
1477 2037 1597 2071 ἑκάστην
1614 2035 1791 2070 ἀπαιώρησιν

1013 2083 1147 2117 ἑξεράσας
1161 2084 1301 2117 χρήματα,
1320 2083 1365 2108 καὶ
1378 2083 1418 2113 εἰς
1435 2082 1521 2108 πολλὰ
1535 2081 1696 2116 κορυφώσας
1713 2082 1794 2114 αὐτὰ,

1013 2126 1072 2154 εἶτα
1085 2129 1132 2154 καὶ
1146 2128 1278 2163 ὲλαφρίαν
1294 2127 1387 2154 παθὼν
1398 2127 1542 2161 λογισμοῦ,
1557 2128 1604 2154 καὶ
1617 2129 1646 2154 ἐν
1659 2127 1698 2162 τῷ
1711 2127 1796 2161 ζητῆ-

1015 2181 1059 2200 σαι
1076 2174 1170 2200 λαϐεῖν
1190 2182 1216 2200 τι
1242 2173 1347 2200 ἐκεῖθεν
1364 2173 1596 2208 παρακρουσθεὶς,
1613 2173 1660 2199 καὶ
1682 2174 1796 2207 ἀπειλη-

1015 2219 1130 2254 σάμενος
1143 2239 1150 2251 ,
1175 2219 1369 2254 καταμηνύσαι
1393 2219 1422 2245 τὸ
1453 2219 1569 2254 πρᾶγμα
1590 2220 1646 2250 τοῖς
1666 2219 1796 2253 κόμησιν,

1015 2265 1064 2292 οὐκ
1084 2265 1163 2300 ἔσχεν
1193 2265 1232 2292 ἔτι
1255 2265 1387 2300 κεφαλὴν,
1402 2265 1461 2291 ἀλλ’
1476 2265 1545 2300 αὑτὴ
1564 2265 1612 2300 μὲν
1633 2264 1796 2300 κατεχώσθη

1015 2321 1067 2339 που
1081 2313 1238 2339 ἐκκοπεῖσα·
1255 2312 1269 2338 ὁ
1283 2312 1310 2338 δὲ
1334 2311 1426 2343 λοιπὸς
1449 2311 1653 2343 Κωνσταντῐνυς
1666 2311 1796 2347 ἐξερρίφη

1015 2358 1111 2394 νεκρὸς
1126 2358 1289 2393 ἀὸοήῦητος.

1050 2403 1121 2439 ρκα’.
1139 2404 1220 2438 Ἔσχε
1236 2403 1264 2430 δὲ
1287 2403 1335 2430 καὶ
1358 2403 1436 2430 τοῦτο
1449 2403 1480 2429 τδ
1499 2403 1583 2430 κακον
1596 2403 1718 2437 ἐτεροὶαν
1737 2403 1798 2429 £11!-

1014 2458 1102 2476 τασιν,
1119 2450 1317 2480 Γλυκανθὲντες
1335 2449 1388 2483 γὰρ
1403 2449 1474 2476 οὕτω
1493 2448 1532 2481 τῷ
1555 2449 1644 2484 κέρδει
1660 2449 1713 2476 τῶν
1727 2449 1799 2474 οἰκο-

1014 2495 1216 2522 δεσποτούντων
1232 2495 1257 2521 οι
1282 2494 1427 2530 βάρϐαροι,
1455 2493 1587 2529 ἔνελόχων
1609 2493 1664 2520 ἔσω
1693 2493 1795 2520 πυλῶν.

1015 2540 1070 2568 Καὶ
1091 2541 1117 2567 εῐ
1140 2549 1200 2567 τινα
1229 2541 1415 2576 παροδεύοντα
1442 2540 1540 2572 ῐδοιεν,
1566 2540 1676 2575 δόκησιν
1700 2539 1797 2574 ἀνδρὸς

1014 2588 1159 2621 πέμποντα
1185 2586 1363 2616 πλουτοῦντος
1388 2594 1464 2618 ποτε,
1488 2585 1611 2621 ἥρπαζον
1635 2585 1716 2612 αὑτὸν
1733 2585 1796 2617 ἔσω,

1015 2631 1059 2659 οἷά
1069 2641 1141 2663 τινες
1165 2632 1247 2658 δεινο)¹
1268 2631 1350 2666 θῆρες
1369 2632 1400 2658 ὲκ
1423 2631 1528 2666 φωλεοῦ
1541 2640 1548 2647 ·
1567 2632 1614 2659 καὶ
1643 2631 1797 2666 βιαζόμενοι

1016 2678 1189 2712 ἐτυράννουν,
1205 2677 1257 2708 ἕως
1276 2685 1302 2703 τι
1319 2676 1372 2703 τῶν
1394 2677 1464 2704 κατὰ
1489 2677 1590 2704 σκοπὸν
1612 2676 1750 2703 ἁνύσαιεν.
1766 2677 1799 2703 Εἰ

1016 2724 1045 2751 δέ
1059 2733 1131 2755 τινες
1147 2724 1193 2750 καὶ
1212 2723 1401 2758 συμϐιοτεύειν
1417 2723 1600 2758 αἰχμαλώτοις
1622 2722 1726 2758 ἤθελον,
1740 2721 1798 2757 εἶχε

1019 2769 1068 2804 μὲν
1081 2778 1107 2795 τι
1122 2770 1166 2795 καὶ
1183 2768 1262 2795 τοῦτο
1279 2769 1360 2803 βάρος
1373 2769 1411 2799 ὡς
1425 2769 1449 2795 οἱ
1470 2769 1501 2795 εὖ
1520 2769 1635 2804 πάσχειν
1657 2768 1799 2800 δοκοῦντες

1018 2816 1215 2850 περιηγοῡντο”’
1229 2813 1263 2851 ἦν
1276 2815 1304 2841 δέ
1318 2824 1375 2847 πως
1387 2815 1549 2850 φιλάλληλον
1560 2814 1625 2841 αὐτὸ
1637 2814 1683 2840 καὶ
1695 2814 1801 2847 ἀνορω-

1018 2860 1178 2895 πικώτερον.
1195 2860 1250 2887 Οὐκ
1274 2857 1307 2894 ἦν
1333 2860 1393 2886 οὐδὲ
1409 2860 1472 2891 τοὺς
1497 2859 1587 2890 θείους
1601 2858 1684 2889 ναοὺς
1704 2857 1801 2891 ὕμνοις

1019 2905 1160 2938 ἁσκύλτως
1178 2914 1210 2932 πε
1216 2905 1353 2941 ριᾲδεσθαι
1369 2906 1429 2932 τότε
1439 2914 1446 2921 ·
1463 2905 1519 2932 ἀλλ’
1535 2904 1591 2940 εἶχε
1612 2906 1658 2931 καὶ
1673 2904 1703 2930 τὺ
1718 2902 1802 2932 καλὺν
