  <div class='ocr_page' id='page_1' title='image "/cluster/home/n/w/nwhite01/storage/ocr_20150623/136/njp.32101010942827/067.png"; bbox 0 0 1962 3087; ppageno 0'>
   <div class='ocr_carea' id='block_1_1' title="bbox 190 178 242 212">
    <p class='ocr_par' dir='ltr' id='par_1_1' title="bbox 190 178 242 212">
     <span class='ocr_line' id='line_1_1' title="bbox 190 178 242 212; baseline 0.038 -2"><span class='ocrx_word' id='word_1_1' title='bbox 190 178 242 212; x_wconf 83' lang='grc'><strong>123</strong></span> 
     </span>
    </p>
   </div>
   <div class='ocr_carea' id='block_1_2' title="bbox 571 176 1473 209">
    <p class='ocr_par' dir='ltr' id='par_1_2' title="bbox 571 176 1473 209">
     <span class='ocr_line' id='line_1_2' title="bbox 571 176 1473 209; baseline -0.002 0"><span class='ocrx_word' id='word_1_2' title='bbox 571 176 782 208; x_wconf 84' lang='lat' dir='ltr'><strong>EUSTATHII</strong></span> <span class='ocrx_word' id='word_1_3' title='bbox 797 176 1174 209; x_wconf 75' lang='lat' dir='ltr'><strong>THESSALONlCENSIS</strong></span> <span class='ocrx_word' id='word_1_4' title='bbox 1190 176 1473 209; x_wconf 70' lang='lat' dir='ltr'><strong>METRUPOLIT/E</strong></span> 
     </span>
    </p>
   </div>
   <div class='ocr_carea' id='block_1_3' title="bbox 1762 177 1813 210">
    <p class='ocr_par' dir='ltr' id='par_1_3' title="bbox 1762 177 1813 210">
     <span class='ocr_line' id='line_1_3' title="bbox 1762 177 1813 210; baseline 0 0"><span class='ocrx_word' id='word_1_5' title='bbox 1762 177 1813 210; x_wconf 70' lang='grc'><strong>124</strong></span> 
     </span>
    </p>
   </div>
   <div class='ocr_carea' id='block_1_4' title="bbox 189 230 978 272">
    <p class='ocr_par' dir='ltr' id='par_1_4' title="bbox 189 235 978 272">
     <span class='ocr_line' id='line_1_4' title="bbox 189 235 978 272; baseline -0.006 -7"><span class='ocrx_word' id='word_1_6' title='bbox 189 238 318 272; x_wconf 79' lang='lat' dir='ltr'><strong>libusque</strong></span> <span class='ocrx_word' id='word_1_7' title='bbox 333 246 341 266; x_wconf 85' lang='lat'>:</span> <span class='ocrx_word' id='word_1_8' title='bbox 357 236 426 270; x_wconf 82' lang='lat' dir='ltr'><strong>Quid</strong></span> <span class='ocrx_word' id='word_1_9' title='bbox 444 236 499 272; x_wconf 82' lang='lat' dir='ltr'><strong>agit</strong></span> <span class='ocrx_word' id='word_1_10' title='bbox 521 235 646 263; x_wconf 84' lang='lat' dir='ltr'><strong>dominus</strong></span> <span class='ocrx_word' id='word_1_11' title='bbox 661 235 734 269; x_wconf 89' lang='lat' dir='ltr'><strong>quod</strong></span> <span class='ocrx_word' id='word_1_12' title='bbox 759 241 812 261; x_wconf 93' lang='lat' dir='ltr'><strong>non</strong></span> <span class='ocrx_word' id='word_1_13' title='bbox 828 241 857 261; x_wconf 81' lang='lat' dir='ltr'><strong>se</strong></span> <span class='ocrx_word' id='word_1_14' title='bbox 881 241 978 262; x_wconf 85' lang='lat' dir='ltr'><strong>somno</strong></span> 
     </span>
    </p>
   </div>
   <div class='ocr_carea' id='block_1_5' title="bbox 1032 230 1812 272">
    <p class='ocr_par' dir='ltr' id='par_1_5' title="bbox 1032 230 1812 271">
     <span class='ocr_line' id='line_1_5' title="bbox 1032 230 1812 271; baseline 0.001 -9"><span class='ocrx_word' id='word_1_15' title='bbox 1032 236 1130 270; x_wconf 77' lang='grc' dir='ltr'>χηνῶν,</span> <span class='ocrx_word' id='word_1_16' title='bbox 1146 236 1193 263; x_wconf 75' lang='grc' dir='ltr'><strong>καὶ</strong></span> <span class='ocrx_word' id='word_1_17' title='bbox 1208 230 1239 262; x_wconf 71' lang='grc' dir='ltr'><strong>εἶ’</strong></span> <span class='ocrx_word' id='word_1_18' title='bbox 1248 245 1318 268; x_wconf 84' lang='grc' dir='ltr'><strong>τινες</strong></span> <span class='ocrx_word' id='word_1_19' title='bbox 1332 235 1360 262; x_wconf 79' lang='grc' dir='ltr'><strong>δὲ</strong></span> <span class='ocrx_word' id='word_1_20' title='bbox 1375 235 1450 262; x_wconf 74' lang='grc' dir='ltr'><strong>ἄλλοι</strong></span> <span class='ocrx_word' id='word_1_21' title='bbox 1468 234 1527 261; x_wconf 77' lang='grc' dir='ltr'><strong>κατ’</strong></span> <span class='ocrx_word' id='word_1_22' title='bbox 1545 234 1644 266; x_wconf 80' lang='grc' dir='ltr'><strong>αὐτοὺς</strong></span> <span class='ocrx_word' id='word_1_23' title='bbox 1661 235 1812 271; x_wconf 82' lang='grc' dir='ltr'><strong>κακοῦργοι</strong></span> 
     </span>
    </p>
   </div>
   <div class='ocr_carea' id='block_1_6' title="bbox 189 279 976 316">
    <p class='ocr_par' dir='ltr' id='par_1_6' title="bbox 189 279 976 316">
     <span class='ocr_line' id='line_1_6' title="bbox 189 279 976 316; baseline -0.006 -6"><span class='ocrx_word' id='word_1_24' title='bbox 189 286 278 311; x_wconf 85' lang='lat' dir='ltr'><strong>tradat</strong></span> <span class='ocrx_word' id='word_1_25' title='bbox 301 283 312 309; x_wconf 72' lang='grc' dir='ltr'><strong>’ἶ</strong></span> <span class='ocrx_word' id='word_1_26' title='bbox 342 282 490 316; x_wconf 84' lang='lat' dir='ltr'><strong>fractisque</strong></span> <span class='ocrx_word' id='word_1_27' title='bbox 527 281 636 316; x_wconf 88' lang='lat' dir='ltr'><strong>portis,</strong></span> <span class='ocrx_word' id='word_1_28' title='bbox 664 281 737 308; x_wconf 84' lang='lat' dir='ltr'><strong>intus</strong></span> <span class='ocrx_word' id='word_1_29' title='bbox 768 284 910 315; x_wconf 85' lang='lat' dir='ltr'><strong>penetrant</strong></span> <span class='ocrx_word' id='word_1_30' title='bbox 936 279 976 306; x_wconf 90' lang='lat' dir='ltr'><strong>fa-</strong></span> 
     </span>
    </p>
   </div>
   <div class='ocr_carea' id='block_1_7' title="bbox 189 325 976 364">
    <p class='ocr_par' dir='ltr' id='par_1_7' title="bbox 189 325 976 364">
     <span class='ocr_line' id='line_1_7' title="bbox 189 325 976 364; baseline -0.005 -8"><span class='ocrx_word' id='word_1_31' title='bbox 189 331 321 364; x_wconf 86' lang='lat' dir='ltr'><strong>ciuntque</strong></span> <span class='ocrx_word' id='word_1_32' title='bbox 337 329 408 363; x_wconf 88' lang='lat' dir='ltr'><strong>quod</strong></span> <span class='ocrx_word' id='word_1_33' title='bbox 435 328 500 362; x_wconf 89' lang='lat' dir='ltr'><strong>ipsis</strong></span> <span class='ocrx_word' id='word_1_34' title='bbox 516 327 643 354; x_wconf 87' lang='lat' dir='ltr'><strong>inbuerit.</strong></span> <span class='ocrx_word' id='word_1_35' title='bbox 654 325 802 353; x_wconf 84' lang='lat' dir='ltr'><strong>Dicendum</strong></span> <span class='ocrx_word' id='word_1_36' title='bbox 818 334 882 353; x_wconf 92' lang='lat' dir='ltr'><strong>vero</strong></span> <span class='ocrx_word' id='word_1_37' title='bbox 898 327 976 353; x_wconf 89' lang='lat' dir='ltr'><strong>nobis</strong></span> 
     </span>
    </p>
   </div>
   <div class='ocr_carea' id='block_1_8' title="bbox 189 373 976 407">
    <p class='ocr_par' dir='ltr' id='par_1_8' title="bbox 189 373 976 407">
     <span class='ocr_line' id='line_1_8' title="bbox 189 373 976 407; baseline -0.004 -5"><span class='ocrx_word' id='word_1_38' title='bbox 189 380 232 403; x_wconf 85' lang='lat' dir='ltr'><strong>est</strong></span> <span class='ocrx_word' id='word_1_39' title='bbox 243 383 295 402; x_wconf 93' lang='lat' dir='ltr'><strong>non</strong></span> <span class='ocrx_word' id='word_1_40' title='bbox 305 375 371 402; x_wconf 83' lang='lat' dir='ltr'><strong>istos</strong></span> <span class='ocrx_word' id='word_1_41' title='bbox 383 374 456 401; x_wconf 90' lang='lat' dir='ltr'><strong>solos</strong></span> <span class='ocrx_word' id='word_1_42' title='bbox 467 380 526 400; x_wconf 83' lang='lat' dir='ltr'><strong>esse</strong></span> <span class='ocrx_word' id='word_1_43' title='bbox 539 373 584 407; x_wconf 87' lang='lat' dir='ltr'><strong>qui</strong></span> <span class='ocrx_word' id='word_1_44' title='bbox 596 373 665 400; x_wconf 87' lang='lat' dir='ltr'><strong>male</strong></span> <span class='ocrx_word' id='word_1_45' title='bbox 679 376 875 404; x_wconf 86' lang='lat' dir='ltr'><strong>tractarentur,</strong></span> <span class='ocrx_word' id='word_1_46' title='bbox 887 373 976 406; x_wconf 88' lang='lat' dir='ltr'><strong>splen-</strong></span> 
     </span>
    </p>
   </div>
   <div class='ocr_carea' id='block_1_9' title="bbox 192 419 977 455">
    <p class='ocr_par' dir='ltr' id='par_1_9' title="bbox 192 419 977 455">
     <span class='ocr_line' id='line_1_9' title="bbox 192 419 977 455; baseline -0.005 -5"><span class='ocrx_word' id='word_1_47' title='bbox 192 422 258 450; x_wconf 88' lang='lat' dir='ltr'><strong>dore</strong></span> <span class='ocrx_word' id='word_1_48' title='bbox 280 421 351 455; x_wconf 79' lang='lat' dir='ltr'><strong>ignis</strong></span> <span class='ocrx_word' id='word_1_49' title='bbox 375 425 421 447; x_wconf 86' lang='lat' dir='ltr'><strong>aut</strong></span> <span class='ocrx_word' id='word_1_50' title='bbox 439 419 551 446; x_wconf 84' lang='lat' dir='ltr'><strong>luminis</strong></span> <span class='ocrx_word' id='word_1_51' title='bbox 570 419 693 451; x_wconf 78' lang='lat' dir='ltr'><strong>favente;</strong></span> <span class='ocrx_word' id='word_1_52' title='bbox 713 419 759 446; x_wconf 89' lang='lat' dir='ltr'><strong>sed</strong></span> <span class='ocrx_word' id='word_1_53' title='bbox 774 423 852 446; x_wconf 85' lang='lat' dir='ltr'><strong>erant</strong></span> <span class='ocrx_word' id='word_1_54' title='bbox 868 427 977 454; x_wconf 84' lang='lat' dir='ltr'><strong>queque</strong></span> 
     </span>
    </p>
   </div>
   <div class='ocr_carea' id='block_1_10' title="bbox 190 465 976 501">
    <p class='ocr_par' dir='ltr' id='par_1_10' title="bbox 190 465 976 501">
     <span class='ocr_line' id='line_1_10' title="bbox 190 465 976 501; baseline -0.004 -6"><span class='ocrx_word' id='word_1_55' title='bbox 190 469 250 495; x_wconf 93' lang='lat' dir='ltr'><strong>sine</strong></span> <span class='ocrx_word' id='word_1_56' title='bbox 267 468 329 501; x_wconf 94' lang='lat' dir='ltr'><strong>igne</strong></span> <span class='ocrx_word' id='word_1_57' title='bbox 352 470 379 494; x_wconf 85' lang='lat' dir='ltr'><strong>et</strong></span> <span class='ocrx_word' id='word_1_58' title='bbox 398 466 461 493; x_wconf 83' lang='lat' dir='ltr'><strong>sine</strong></span> <span class='ocrx_word' id='word_1_59' title='bbox 483 466 597 492; x_wconf 82' lang='lat' dir='ltr'><strong>lumine.</strong></span> <span class='ocrx_word' id='word_1_60' title='bbox 612 465 725 492; x_wconf 85' lang='lat' dir='ltr'><strong>Nemine</strong></span> <span class='ocrx_word' id='word_1_61' title='bbox 752 470 822 493; x_wconf 78' lang='lat' dir='ltr'><strong>teste</strong></span> <span class='ocrx_word' id='word_1_62' title='bbox 850 465 922 492; x_wconf 91' lang='lat' dir='ltr'><strong>enim</strong></span> <span class='ocrx_word' id='word_1_63' title='bbox 950 466 976 492; x_wconf 87' lang='lat' dir='ltr'><strong>hi</strong></span> 
     </span>
    </p>
   </div>
   <div class='ocr_carea' id='block_1_11' title="bbox 190 511 976 548">
    <p class='ocr_par' dir='ltr' id='par_1_11' title="bbox 190 511 976 548">
     <span class='ocr_line' id='line_1_11' title="bbox 190 511 976 548; baseline -0.003 -7"><span class='ocrx_word' id='word_1_64' title='bbox 190 513 286 541; x_wconf 80' lang='lat' dir='ltr'><strong>nefarii</strong></span> <span class='ocrx_word' id='word_1_65' title='bbox 313 516 506 548; x_wconf 79' lang='lat' dir='ltr'><strong>penetrantes,</strong></span> <span class='ocrx_word' id='word_1_66' title='bbox 539 516 618 539; x_wconf 81' lang='lat' dir='ltr'><strong>nocte</strong></span> <span class='ocrx_word' id='word_1_67' title='bbox 635 513 713 546; x_wconf 85' lang='lat' dir='ltr'><strong>quasi</strong></span> <span class='ocrx_word' id='word_1_68' title='bbox 742 511 840 539; x_wconf 89' lang='lat' dir='ltr'><strong>inferni</strong></span> <span class='ocrx_word' id='word_1_69' title='bbox 859 512 976 546; x_wconf 82' lang='lat' dir='ltr'><strong>favente,</strong></span> 
     </span>
    </p>
   </div>
   <div class='ocr_carea' id='block_1_12' title="bbox 189 557 976 593">
    <p class='ocr_par' dir='ltr' id='par_1_12' title="bbox 189 557 976 593">
     <span class='ocr_line' id='line_1_12' title="bbox 189 557 976 593; baseline -0.001 -8"><span class='ocrx_word' id='word_1_70' title='bbox 189 559 336 593; x_wconf 84' lang='lat' dir='ltr'><strong>galeroque</strong></span> <span class='ocrx_word' id='word_1_71' title='bbox 355 557 517 584; x_wconf 86' lang='lat' dir='ltr'><strong>obvolvente</strong></span> <span class='ocrx_word' id='word_1_72' title='bbox 534 557 659 591; x_wconf 86' lang='lat' dir='ltr'><strong>protecti,</strong></span> <span class='ocrx_word' id='word_1_73' title='bbox 698 557 830 584; x_wconf 81' lang='lat' dir='ltr'><strong>mulieres</strong></span> <span class='ocrx_word' id='word_1_74' title='bbox 857 557 976 584; x_wconf 88' lang='lat' dir='ltr'><strong>abduce-</strong></span> 
     </span>
    </p>
   </div>
   <div class='ocr_carea' id='block_1_13' title="bbox 189 602 976 637">
    <p class='ocr_par' dir='ltr' id='par_1_13' title="bbox 189 602 976 637">
     <span class='ocr_line' id='line_1_13' title="bbox 189 602 976 637; baseline -0.003 -5"><span class='ocrx_word' id='word_1_75' title='bbox 189 605 255 632; x_wconf 85' lang='lat' dir='ltr'><strong>bant</strong></span> <span class='ocrx_word' id='word_1_76' title='bbox 285 611 301 630; x_wconf 86' lang='lat' dir='ltr'><strong>a</strong></span> <span class='ocrx_word' id='word_1_77' title='bbox 328 603 413 631; x_wconf 83' lang='lat' dir='ltr'><strong>latere</strong></span> <span class='ocrx_word' id='word_1_78' title='bbox 445 603 625 634; x_wconf 90' lang='lat' dir='ltr'><strong>maritorum,</strong></span> <span class='ocrx_word' id='word_1_79' title='bbox 657 602 774 637; x_wconf 81' lang='lat' dir='ltr'><strong>ligamen</strong></span> <span class='ocrx_word' id='word_1_80' title='bbox 809 603 976 630; x_wconf 84' lang='lat' dir='ltr'><strong>matrimonii</strong></span> 
     </span>
    </p>
   </div>
   <div class='ocr_carea' id='block_1_14' title="bbox 187 647 977 683">
    <p class='ocr_par' dir='ltr' id='par_1_14' title="bbox 187 647 977 683">
     <span class='ocr_line' id='line_1_14' title="bbox 187 647 977 683; baseline 0 -7"><span class='ocrx_word' id='word_1_81' title='bbox 187 649 309 677; x_wconf 87' lang='lat' dir='ltr'><strong>violento</strong></span> <span class='ocrx_word' id='word_1_82' title='bbox 337 653 415 683; x_wconf 86' lang='lat' dir='ltr'><strong>raptu</strong></span> <span class='ocrx_word' id='word_1_83' title='bbox 445 648 516 676; x_wconf 62' lang='lat' dir='ltr'><strong>foede</strong></span> <span class='ocrx_word' id='word_1_84' title='bbox 544 647 738 683; x_wconf 83' lang='lat' dir='ltr'><strong>profanantes;</strong></span> <span class='ocrx_word' id='word_1_85' title='bbox 760 655 842 683; x_wconf 91' lang='lat' dir='ltr'><strong>quam</strong></span> <span class='ocrx_word' id='word_1_86' title='bbox 870 648 977 676; x_wconf 79' lang='lat' dir='ltr'><strong>lucente</strong></span> 
     </span>
    </p>
   </div>
   <div class='ocr_carea' id='block_1_15' title="bbox 188 694 977 729">
    <p class='ocr_par' dir='ltr' id='par_1_15' title="bbox 188 694 977 729">
     <span class='ocr_line' id='line_1_15' title="bbox 188 694 977 729; baseline 0 -7"><span class='ocrx_word' id='word_1_87' title='bbox 188 695 247 723; x_wconf 80' lang='lat' dir='ltr'><strong>sole</strong></span> <span class='ocrx_word' id='word_1_88' title='bbox 276 695 541 726; x_wconf 84' lang='lat' dir='ltr'><strong>consideraverant,</strong></span> <span class='ocrx_word' id='word_1_89' title='bbox 571 694 713 728; x_wconf 75' lang='lat' dir='ltr'><strong>rapiebant</strong></span> <span class='ocrx_word' id='word_1_90' title='bbox 746 699 844 726; x_wconf 88' lang='lat' dir='ltr'><strong>nocte,</strong></span> <span class='ocrx_word' id='word_1_91' title='bbox 874 695 977 729; x_wconf 86' lang='lat' dir='ltr'><strong>puellas</strong></span> 
     </span>
    </p>
   </div>
   <div class='ocr_carea' id='block_1_16' title="bbox 187 740 975 776">
    <p class='ocr_par' dir='ltr' id='par_1_16' title="bbox 187 740 975 776">
     <span class='ocr_line' id='line_1_16' title="bbox 187 740 975 776; baseline 0 -8"><span class='ocrx_word' id='word_1_92' title='bbox 187 749 298 776; x_wconf 90' lang='lat' dir='ltr'><strong>quoque</strong></span> <span class='ocrx_word' id='word_1_93' title='bbox 325 748 340 767; x_wconf 75' lang='grc' dir='ltr'><strong>ιι</strong></span> <span class='ocrx_word' id='word_1_94' title='bbox 367 740 518 772; x_wconf 80' lang='lat' dir='ltr'><strong>matribus,</strong></span> <span class='ocrx_word' id='word_1_95' title='bbox 546 740 667 767; x_wconf 88' lang='lat' dir='ltr'><strong>nondunt</strong></span> <span class='ocrx_word' id='word_1_96' title='bbox 695 742 800 771; x_wconf 85' lang='lat' dir='ltr'><strong>factas.</strong></span> <span class='ocrx_word' id='word_1_97' title='bbox 822 745 851 767; x_wconf 92' lang='lat' dir='ltr'><strong>ut</strong></span> <span class='ocrx_word' id='word_1_98' title='bbox 878 741 975 774; x_wconf 86' lang='lat' dir='ltr'><strong>aiunt,</strong></span> 
     </span>
    </p>
   </div>
   <div class='ocr_carea' id='block_1_17' title="bbox 187 786 975 822">
    <p class='ocr_par' dir='ltr' id='par_1_17' title="bbox 187 786 975 822">
     <span class='ocr_line' id='line_1_17' title="bbox 187 786 975 822; baseline 0.001 -9"><span class='ocrx_word' id='word_1_99' title='bbox 187 787 400 822; x_wconf 78' lang='lat' dir='ltr'><strong>supplicationes</strong></span> <span class='ocrx_word' id='word_1_100' title='bbox 428 790 543 812; x_wconf 87' lang='lat' dir='ltr'><strong>tnatrunt</strong></span> <span class='ocrx_word' id='word_1_101' title='bbox 575 793 622 821; x_wconf 90' lang='lat' dir='ltr'><strong>pro</strong></span> <span class='ocrx_word' id='word_1_102' title='bbox 650 786 736 813; x_wconf 84' lang='lat' dir='ltr'><strong>nihilo</strong></span> <span class='ocrx_word' id='word_1_103' title='bbox 774 786 916 814; x_wconf 83' lang='lat' dir='ltr'><strong>habentes.</strong></span> <span class='ocrx_word' id='word_1_104' title='bbox 947 787 975 814; x_wconf 91' lang='lat' dir='ltr'><strong>Si</strong></span> 
     </span>
    </p>
   </div>
   <div class='ocr_carea' id='block_1_18' title="bbox 190 832 977 868">
    <p class='ocr_par' dir='ltr' id='par_1_18' title="bbox 190 832 977 868">
     <span class='ocr_line' id='line_1_18' title="bbox 190 832 977 868; baseline -0.003 -8"><span class='ocrx_word' id='word_1_105' title='bbox 190 833 262 860; x_wconf 87' lang='lat' dir='ltr'><strong>bona</strong></span> <span class='ocrx_word' id='word_1_106' title='bbox 277 837 413 867; x_wconf 80' lang='lat' dir='ltr'><strong>raperent,</strong></span> <span class='ocrx_word' id='word_1_107' title='bbox 429 833 508 866; x_wconf 86' lang='lat' dir='ltr'><strong>quasi</strong></span> <span class='ocrx_word' id='word_1_108' title='bbox 527 833 714 867; x_wconf 79' lang='lat' dir='ltr'><strong>eleemosynas</strong></span> <span class='ocrx_word' id='word_1_109' title='bbox 728 832 873 866; x_wconf 86' lang='lat' dir='ltr'><strong>quasdam,</strong></span> <span class='ocrx_word' id='word_1_110' title='bbox 885 833 977 868; x_wconf 86' lang='lat' dir='ltr'><strong>quasi-</strong></span> 
     </span>
    </p>
   </div>
   <div class='ocr_carea' id='block_1_19' title="bbox 188 877 975 914">
    <p class='ocr_par' dir='ltr' id='par_1_19' title="bbox 188 877 975 914">
     <span class='ocr_line' id='line_1_19' title="bbox 188 877 975 914; baseline -0.001 -9"><span class='ocrx_word' id='word_1_111' title='bbox 188 886 242 914; x_wconf 88' lang='lat' dir='ltr'><strong>que</strong></span> <span class='ocrx_word' id='word_1_112' title='bbox 266 878 367 905; x_wconf 86' lang='lat' dir='ltr'><strong>tnalum</strong></span> <span class='ocrx_word' id='word_1_113' title='bbox 395 877 491 904; x_wconf 76' lang='lat' dir='ltr'><strong>divites</strong></span> <span class='ocrx_word' id='word_1_114' title='bbox 515 885 597 912; x_wconf 87' lang='lat' dir='ltr'><strong>opum</strong></span> <span class='ocrx_word' id='word_1_115' title='bbox 617 878 775 904; x_wconf 87' lang='lat' dir='ltr'><strong>censebant.</strong></span> <span class='ocrx_word' id='word_1_116' title='bbox 805 877 886 905; x_wconf 64' lang='lat' dir='ltr'><strong>Erant</strong></span> <span class='ocrx_word' id='word_1_117' title='bbox 912 885 975 904; x_wconf 89' lang='lat' dir='ltr'><strong>vero</strong></span> 
     </span>
    </p>
   </div>
   <div class='ocr_carea' id='block_1_20' title="bbox 188 912 1012 959">
    <p class='ocr_par' dir='ltr' id='par_1_20' title="bbox 188 912 1012 959">
     <span class='ocr_line' id='line_1_20' title="bbox 188 912 1012 959; baseline -0.002 -9"><span class='ocrx_word' id='word_1_118' title='bbox 188 912 235 959; x_wconf 79' lang='lat' dir='ltr'><strong>qut</strong></span> <span class='ocrx_word' id='word_1_119' title='bbox 259 924 285 950; x_wconf 91' lang='lat' dir='ltr'><strong>in</strong></span> <span class='ocrx_word' id='word_1_120' title='bbox 307 923 433 950; x_wconf 87' lang='lat' dir='ltr'><strong>domibus</strong></span> <span class='ocrx_word' id='word_1_121' title='bbox 462 923 519 950; x_wconf 84' lang='lat' dir='ltr'><strong>suis</strong></span> <span class='ocrx_word' id='word_1_122' title='bbox 540 922 741 957; x_wconf 82' lang='lat' dir='ltr'><strong>jngularenlur,</strong></span> <span class='ocrx_word' id='word_1_123' title='bbox 759 922 859 948; x_wconf 90' lang='lat' dir='ltr'><strong>malum</strong></span> <span class='ocrx_word' id='word_1_124' title='bbox 886 925 970 957; x_wconf 88' lang='lat' dir='ltr'><strong>impu-</strong></span> <span class='ocrx_word' id='word_1_125' title='bbox 991 912 1012 941; x_wconf 78' lang='grc' dir='ltr'><strong><em>Β</em></strong></span> 
     </span>
    </p>
   </div>
   <div class='ocr_carea' id='block_1_21' title="bbox 188 967 975 1004">
    <p class='ocr_par' dir='ltr' id='par_1_21' title="bbox 188 967 975 1004">
     <span class='ocr_line' id='line_1_21' title="bbox 188 967 975 1004; baseline -0.003 -8"><span class='ocrx_word' id='word_1_126' title='bbox 188 971 278 997; x_wconf 87' lang='lat' dir='ltr'><strong>nitutn</strong></span> <span class='ocrx_word' id='word_1_127' title='bbox 308 969 421 996; x_wconf 85' lang='lat' dir='ltr'><strong>absente</strong></span> <span class='ocrx_word' id='word_1_128' title='bbox 453 969 511 996; x_wconf 80' lang='lat' dir='ltr'><strong>sole</strong></span> <span class='ocrx_word' id='word_1_129' title='bbox 539 969 686 1004; x_wconf 78' lang='lat' dir='ltr'><strong>patientes.</strong></span> <span class='ocrx_word' id='word_1_130' title='bbox 719 967 799 994; x_wconf 83' lang='lat' dir='ltr'><strong>Ratio</strong></span> <span class='ocrx_word' id='word_1_131' title='bbox 826 972 883 995; x_wconf 90' lang='lat' dir='ltr'><strong>erat</strong></span> <span class='ocrx_word' id='word_1_132' title='bbox 899 968 975 995; x_wconf 84' lang='lat' dir='ltr'><strong>furor</strong></span> 
     </span>
    </p>
   </div>
   <div class='ocr_carea' id='block_1_22' title="bbox 188 1014 973 1049">
    <p class='ocr_par' dir='ltr' id='par_1_22' title="bbox 188 1014 973 1049">
     <span class='ocr_line' id='line_1_22' title="bbox 188 1014 973 1049; baseline -0.003 -6"><span class='ocrx_word' id='word_1_133' title='bbox 188 1021 387 1043; x_wconf 88' lang='lat' dir='ltr'><strong>nocturnorutn</strong></span> <span class='ocrx_word' id='word_1_134' title='bbox 418 1014 550 1042; x_wconf 83' lang='lat' dir='ltr'><strong>furtorum</strong></span> <span class='ocrx_word' id='word_1_135' title='bbox 583 1022 615 1041; x_wconf 84' lang='lat' dir='ltr'><strong>ac</strong></span> <span class='ocrx_word' id='word_1_136' title='bbox 646 1014 763 1049; x_wconf 76' lang='lat' dir='ltr'><strong>gemitus</strong></span> <span class='ocrx_word' id='word_1_137' title='bbox 799 1014 973 1041; x_wconf 79' lang='lat' dir='ltr'><strong>miserorum.</strong></span> 
     </span>
    </p>
   </div>
   <div class='ocr_carea' id='block_1_23' title="bbox 189 1059 975 1095">
    <p class='ocr_par' dir='ltr' id='par_1_23' title="bbox 189 1059 975 1095">
     <span class='ocr_line' id='line_1_23' title="bbox 189 1059 975 1095; baseline -0.004 -6"><span class='ocrx_word' id='word_1_138' title='bbox 189 1062 241 1095; x_wconf 82' lang='lat' dir='ltr'><strong>Qui</strong></span> <span class='ocrx_word' id='word_1_139' title='bbox 255 1069 288 1089; x_wconf 75' lang='lat' dir='ltr'><strong>ex</strong></span> <span class='ocrx_word' id='word_1_140' title='bbox 310 1060 438 1088; x_wconf 84' lang='lat' dir='ltr'><strong>Barbaris</strong></span> <span class='ocrx_word' id='word_1_141' title='bbox 462 1061 622 1088; x_wconf 86' lang='lat' dir='ltr'><strong>urbaniorcs</strong></span> <span class='ocrx_word' id='word_1_142' title='bbox 640 1065 718 1088; x_wconf 88' lang='lat' dir='ltr'><strong>erant</strong></span> <span class='ocrx_word' id='word_1_143' title='bbox 735 1067 766 1088; x_wconf 86' lang='lat' dir='ltr'><strong>ac</strong></span> <span class='ocrx_word' id='word_1_144' title='bbox 791 1059 882 1093; x_wconf 79' lang='lat' dir='ltr'><strong>faceti,</strong></span> <span class='ocrx_word' id='word_1_145' title='bbox 898 1066 975 1086; x_wconf 84' lang='lat' dir='ltr'><strong>ama-</strong></span> 
     </span>
    </p>
   </div>
   <div class='ocr_carea' id='block_1_24' title="bbox 190 1105 974 1142">
    <p class='ocr_par' dir='ltr' id='par_1_24' title="bbox 190 1105 974 1142">
     <span class='ocr_line' id='line_1_24' title="bbox 190 1105 974 1142; baseline -0.004 -8"><span class='ocrx_word' id='word_1_146' title='bbox 190 1108 257 1135; x_wconf 90' lang='lat' dir='ltr'><strong>bant</strong></span> <span class='ocrx_word' id='word_1_147' title='bbox 282 1108 308 1134; x_wconf 92' lang='lat' dir='ltr'><strong>in</strong></span> <span class='ocrx_word' id='word_1_148' title='bbox 334 1111 428 1142; x_wconf 85' lang='lat' dir='ltr'><strong>portas</strong></span> <span class='ocrx_word' id='word_1_149' title='bbox 454 1107 571 1140; x_wconf 85' lang='lat' dir='ltr'><strong>irruere,</strong></span> <span class='ocrx_word' id='word_1_150' title='bbox 588 1107 671 1141; x_wconf 79' lang='lat' dir='ltr'><strong>virgis</strong></span> <span class='ocrx_word' id='word_1_151' title='bbox 694 1106 832 1140; x_wconf 82' lang='lat' dir='ltr'><strong>frangere,</strong></span> <span class='ocrx_word' id='word_1_152' title='bbox 856 1105 974 1132; x_wconf 74' lang='lat' dir='ltr'><strong>avellere</strong></span> 
     </span>
    </p>
   </div>
   <div class='ocr_carea' id='block_1_25' title="bbox 191 1150 969 1188">
    <p class='ocr_par' dir='ltr' id='par_1_25' title="bbox 191 1150 969 1188">
     <span class='ocr_line' id='line_1_25' title="bbox 191 1150 969 1188; baseline -0.005 -8"><span class='ocrx_word' id='word_1_153' title='bbox 191 1153 356 1188; x_wconf 85' lang='lat' dir='ltr'><strong>auferreque</strong></span> <span class='ocrx_word' id='word_1_154' title='bbox 386 1151 413 1179; x_wconf 89' lang='lat' dir='ltr'><strong>in</strong></span> <span class='ocrx_word' id='word_1_155' title='bbox 433 1151 566 1184; x_wconf 84' lang='lat' dir='ltr'><strong>derisum,</strong></span> <span class='ocrx_word' id='word_1_156' title='bbox 589 1151 633 1179; x_wconf 85' lang='lat' dir='ltr'><strong>vel</strong></span> <span class='ocrx_word' id='word_1_157' title='bbox 658 1151 748 1178; x_wconf 88' lang='lat' dir='ltr'><strong>adhuc</strong></span> <span class='ocrx_word' id='word_1_158' title='bbox 769 1150 896 1178; x_wconf 87' lang='lat' dir='ltr'><strong>dominos</strong></span> <span class='ocrx_word' id='word_1_159' title='bbox 916 1150 969 1176; x_wconf 89' lang='lat' dir='ltr'><strong>loci</strong></span> 
     </span>
    </p>
   </div>
   <div class='ocr_carea' id='block_1_26' title="bbox 189 1198 416 1234">
    <p class='ocr_par' dir='ltr' id='par_1_26' title="bbox 189 1198 416 1234">
     <span class='ocr_line' id='line_1_26' title="bbox 189 1198 416 1234; baseline -0.009 -6"><span class='ocrx_word' id='word_1_160' title='bbox 189 1207 286 1228; x_wconf 74' lang='lat' dir='ltr'><strong>Somno</strong></span> <span class='ocrx_word' id='word_1_161' title='bbox 298 1198 416 1234; x_wconf 84' lang='lat' dir='ltr'><strong>privare.</strong></span> 
     </span>
    </p>
   </div>
   <div class='ocr_carea' id='block_1_27' title="bbox 1028 282 1812 317">
    <p class='ocr_par' dir='ltr' id='par_1_27' title="bbox 1028 282 1812 317">
     <span class='ocr_line' id='line_1_27' title="bbox 1028 282 1812 317; baseline 0.003 -9"><span class='ocrx_word' id='word_1_162' title='bbox 1028 282 1133 317; x_wconf 71' lang='grc' dir='ltr'><strong>(πολλοὶ</strong></span> <span class='ocrx_word' id='word_1_163' title='bbox 1151 283 1179 309; x_wconf 77' lang='grc' dir='ltr'><strong>δὲ</strong></span> <span class='ocrx_word' id='word_1_164' title='bbox 1195 283 1219 309; x_wconf 76' lang='grc' dir='ltr'><strong>οἱ</strong></span> <span class='ocrx_word' id='word_1_165' title='bbox 1237 283 1373 316; x_wconf 83' lang='grc' dir='ltr'><strong>τοιοῦτοι),</strong></span> <span class='ocrx_word' id='word_1_166' title='bbox 1390 283 1438 309; x_wconf 81' lang='grc' dir='ltr'><strong>καὶ</strong></span> <span class='ocrx_word' id='word_1_167' title='bbox 1457 282 1668 317; x_wconf 79' lang='grc' dir='ltr'><strong>ἀνακρινὸντων,</strong></span> <span class='ocrx_word' id='word_1_168' title='bbox 1684 283 1710 308; x_wconf 80' lang='grc' dir='ltr'><strong>τι</strong></span> <span class='ocrx_word' id='word_1_169' title='bbox 1725 283 1812 310; x_wconf 82' lang='grc' dir='ltr'><strong>ποιῶν</strong></span> 
     </span>
    </p>
   </div>
   <div class='ocr_carea' id='block_1_28' title="bbox 1027 328 1812 364">
    <p class='ocr_par' dir='ltr' id='par_1_28' title="bbox 1027 328 1812 364">
     <span class='ocr_line' id='line_1_28' title="bbox 1027 328 1812 364; baseline 0 -8"><span class='ocrx_word' id='word_1_170' title='bbox 1027 330 1040 356; x_wconf 86' lang='grc' dir='ltr'><strong><em>ὁ</em></strong></span> <span class='ocrx_word' id='word_1_171' title='bbox 1056 329 1248 364; x_wconf 75' lang='grc' dir='ltr'><strong>οἰκοδεσπότης</strong></span> <span class='ocrx_word' id='word_1_172' title='bbox 1263 329 1301 360; x_wconf 72' lang='grc' dir='ltr'><strong>εἰς</strong></span> <span class='ocrx_word' id='word_1_173' title='bbox 1325 328 1409 355; x_wconf 81' lang='grc' dir='ltr'><strong>ὕπνον</strong></span> <span class='ocrx_word' id='word_1_174' title='bbox 1421 328 1452 354; x_wconf 81' lang='grc' dir='ltr'><strong>οὐ</strong></span> <span class='ocrx_word' id='word_1_175' title='bbox 1468 328 1678 361; x_wconf 75' lang='grc' dir='ltr'><strong>κατακέκλιταις</strong></span> <span class='ocrx_word' id='word_1_176' title='bbox 1698 328 1745 356; x_wconf 80' lang='grc' dir='ltr'><strong>καὶ</strong></span> <span class='ocrx_word' id='word_1_177' title='bbox 1761 337 1812 356; x_wconf 88' lang='grc' dir='ltr'><strong>κα-</strong></span> 
     </span>
    </p>
   </div>
   <div class='ocr_carea' id='block_1_29' title="bbox 1026 373 1815 408">
    <p class='ocr_par' dir='ltr' id='par_1_29' title="bbox 1026 373 1815 408">
     <span class='ocr_line' id='line_1_29' title="bbox 1026 373 1815 408; baseline 0.001 -8"><span class='ocrx_word' id='word_1_178' title='bbox 1026 374 1187 401; x_wconf 80' lang='grc' dir='ltr'><strong>τακλώντων</strong></span> <span class='ocrx_word' id='word_1_179' title='bbox 1211 375 1261 405; x_wconf 80' lang='grc' dir='ltr'><strong>τὰς</strong></span> <span class='ocrx_word' id='word_1_180' title='bbox 1283 374 1379 408; x_wconf 83' lang='grc' dir='ltr'><strong>θύρας,</strong></span> <span class='ocrx_word' id='word_1_181' title='bbox 1395 374 1443 400; x_wconf 74' lang='grc' dir='ltr'><strong>καὶ</strong></span> <span class='ocrx_word' id='word_1_182' title='bbox 1460 373 1653 408; x_wconf 80' lang='grc' dir='ltr'><strong>εἰσπηδῶντων</strong></span> <span class='ocrx_word' id='word_1_183' title='bbox 1675 374 1739 406; x_wconf 69' lang='grc' dir='ltr'><strong>ἔσω,</strong></span> <span class='ocrx_word' id='word_1_184' title='bbox 1765 375 1815 401; x_wconf 76' lang='grc' dir='ltr'><strong>καὶ</strong></span> 
     </span>
    </p>
   </div>
   <div class='ocr_carea' id='block_1_30' title="bbox 1026 417 1812 455">
    <p class='ocr_par' dir='ltr' id='par_1_30' title="bbox 1026 417 1812 455">
     <span class='ocr_line' id='line_1_30' title="bbox 1026 417 1812 455; baseline 0 -9"><span class='ocrx_word' id='word_1_185' title='bbox 1026 419 1161 455; x_wconf 74' lang='grc' dir='ltr'><strong>δρώντων,</strong></span> <span class='ocrx_word' id='word_1_186' title='bbox 1180 420 1228 446; x_wconf 79' lang='grc' dir='ltr'><strong>ὅσα</strong></span> <span class='ocrx_word' id='word_1_187' title='bbox 1244 419 1276 446; x_wconf 81' lang='grc' dir='ltr'><strong>ἂν</strong></span> <span class='ocrx_word' id='word_1_188' title='bbox 1292 419 1339 446; x_wconf 80' lang='grc' dir='ltr'><strong>καὶ</strong></span> <span class='ocrx_word' id='word_1_189' title='bbox 1352 417 1406 446; x_wconf 74' lang='grc' dir='ltr'><strong>εἶεν</strong></span> <span class='ocrx_word' id='word_1_190' title='bbox 1421 419 1592 454; x_wconf 80' lang='grc' dir='ltr'><strong>βουλομένοις</strong></span> <span class='ocrx_word' id='word_1_191' title='bbox 1614 420 1715 451; x_wconf 76' lang='grc' dir='ltr'><strong>αὐτοῖς.</strong></span> <span class='ocrx_word' id='word_1_192' title='bbox 1729 421 1812 455; x_wconf 80' lang='grc' dir='ltr'><strong>Ἐχο-</strong></span> 
     </span>
    </p>
   </div>
   <div class='ocr_carea' id='block_1_31' title="bbox 1028 463 1812 500">
    <p class='ocr_par' dir='ltr' id='par_1_31' title="bbox 1028 463 1812 500">
     <span class='ocr_line' id='line_1_31' title="bbox 1028 463 1812 500; baseline 0.004 -10"><span class='ocrx_word' id='word_1_193' title='bbox 1028 473 1079 498; x_wconf 91' lang='grc' dir='ltr'><strong>μεν</strong></span> <span class='ocrx_word' id='word_1_194' title='bbox 1093 465 1114 491; x_wconf 84' lang='grc' dir='ltr'><strong>δ’</strong></span> <span class='ocrx_word' id='word_1_195' title='bbox 1131 465 1217 492; x_wconf 75' lang='grc' dir='ltr'><strong>εἰπεῖν</strong></span> <span class='ocrx_word' id='word_1_196' title='bbox 1236 465 1284 492; x_wconf 70' lang='grc' dir='ltr'><strong>καὶ</strong></span> <span class='ocrx_word' id='word_1_197' title='bbox 1297 465 1335 497; x_wconf 85' lang='grc' dir='ltr'><strong>ὼς</strong></span> <span class='ocrx_word' id='word_1_198' title='bbox 1351 466 1400 500; x_wconf 89' lang='grc' dir='ltr'><strong>οὺχ</strong></span> <span class='ocrx_word' id='word_1_199' title='bbox 1414 463 1487 493; x_wconf 77' lang='grc' dir='ltr'><strong>οὗτοι</strong></span> <span class='ocrx_word' id='word_1_200' title='bbox 1504 466 1579 500; x_wconf 80' lang='grc' dir='ltr'><strong>μόνοι</strong></span> <span class='ocrx_word' id='word_1_201' title='bbox 1601 465 1748 492; x_wconf 73' lang='grc' dir='ltr'><strong>ἐκακοῦντο</strong></span> <span class='ocrx_word' id='word_1_202' title='bbox 1767 466 1812 493; x_wconf 67' lang='grc' dir='ltr'><strong>διὰ</strong></span> 
     </span>
    </p>
   </div>
   <div class='ocr_carea' id='block_1_32' title="bbox 1027 510 1814 546">
    <p class='ocr_par' dir='ltr' id='par_1_32' title="bbox 1027 510 1814 546">
     <span class='ocr_line' id='line_1_32' title="bbox 1027 510 1814 546; baseline 0.003 -10"><span class='ocrx_word' id='word_1_203' title='bbox 1027 510 1175 544; x_wconf 73' lang='grc' dir='ltr'><strong>πρόφασιν,</strong></span> <span class='ocrx_word' id='word_1_204' title='bbox 1192 510 1223 536; x_wconf 78' lang='grc' dir='ltr'><strong>τὸ</strong></span> <span class='ocrx_word' id='word_1_205' title='bbox 1238 510 1294 545; x_wconf 79' lang='grc' dir='ltr'><strong>πῦρ</strong></span> <span class='ocrx_word' id='word_1_206' title='bbox 1309 511 1357 537; x_wconf 74' lang='grc' dir='ltr'><strong>καὶ</strong></span> <span class='ocrx_word' id='word_1_207' title='bbox 1371 511 1400 536; x_wconf 80' lang='grc' dir='ltr'><strong>τὸ</strong></span> <span class='ocrx_word' id='word_1_208' title='bbox 1413 511 1480 544; x_wconf 84' lang='grc' dir='ltr'><strong>φῶς,</strong></span> <span class='ocrx_word' id='word_1_209' title='bbox 1493 511 1560 537; x_wconf 79' lang='grc' dir='ltr'><strong>ἀλλὰ</strong></span> <span class='ocrx_word' id='word_1_210' title='bbox 1579 512 1626 538; x_wconf 73' lang='grc' dir='ltr'><strong>καὶ</strong></span> <span class='ocrx_word' id='word_1_211' title='bbox 1646 512 1671 537; x_wconf 81' lang='grc' dir='ltr'><strong>οι</strong></span> <span class='ocrx_word' id='word_1_212' title='bbox 1689 511 1814 546; x_wconf 80' lang='grc' dir='ltr'><strong>άνεμπὺ-</strong></span> 
     </span>
    </p>
   </div>
   <div class='ocr_carea' id='block_1_33' title="bbox 1029 555 1814 591">
    <p class='ocr_par' dir='ltr' id='par_1_33' title="bbox 1029 555 1814 591">
     <span class='ocr_line' id='line_1_33' title="bbox 1029 555 1814 591; baseline 0.003 -11"><span class='ocrx_word' id='word_1_213' title='bbox 1029 562 1119 589; x_wconf 78' lang='grc' dir='ltr'><strong>ρευτοι</strong></span> <span class='ocrx_word' id='word_1_214' title='bbox 1147 555 1194 581; x_wconf 80' lang='grc' dir='ltr'><strong>καὶ</strong></span> <span class='ocrx_word' id='word_1_215' title='bbox 1220 555 1379 589; x_wconf 68' lang='grc' dir='ltr'><strong>άφώτιστοι.</strong></span> <span class='ocrx_word' id='word_1_216' title='bbox 1416 555 1610 590; x_wconf 80' lang='grc' dir='ltr'><strong>’Δνεξέλεγκτα</strong></span> <span class='ocrx_word' id='word_1_217' title='bbox 1639 556 1694 591; x_wconf 84' lang='grc' dir='ltr'><strong>γὰρ</strong></span> <span class='ocrx_word' id='word_1_218' title='bbox 1719 556 1814 583; x_wconf 72' lang='grc' dir='ltr'><strong>ἐπεισ-</strong></span> 
     </span>
    </p>
   </div>
   <div class='ocr_carea' id='block_1_34' title="bbox 1028 601 1811 639">
    <p class='ocr_par' dir='ltr' id='par_1_34' title="bbox 1028 601 1811 639">
     <span class='ocr_line' id='line_1_34' title="bbox 1028 601 1811 639; baseline 0.004 -13"><span class='ocrx_word' id='word_1_219' title='bbox 1028 601 1158 635; x_wconf 74' lang='grc' dir='ltr'><strong>φροῦντες</strong></span> <span class='ocrx_word' id='word_1_220' title='bbox 1182 602 1206 627; x_wconf 76' lang='grc' dir='ltr'><strong>οἱ</strong></span> <span class='ocrx_word' id='word_1_221' title='bbox 1228 602 1318 633; x_wconf 77' lang='grc' dir='ltr'><strong>κακοὶ,</strong></span> <span class='ocrx_word' id='word_1_222' title='bbox 1348 602 1394 629; x_wconf 79' lang='grc' dir='ltr'><strong>καὶ</strong></span> <span class='ocrx_word' id='word_1_223' title='bbox 1410 601 1458 637; x_wconf 79' lang='grc' dir='ltr'><strong>τὴν</strong></span> <span class='ocrx_word' id='word_1_224' title='bbox 1483 602 1568 629; x_wconf 85' lang='grc' dir='ltr'><strong>νύκτα</strong></span> <span class='ocrx_word' id='word_1_225' title='bbox 1585 602 1652 629; x_wconf 70' lang='grc' dir='ltr'><strong>ὡσεὶ</strong></span> <span class='ocrx_word' id='word_1_226' title='bbox 1679 603 1724 629; x_wconf 67' lang='grc' dir='ltr'><strong>καὶ</strong></span> <span class='ocrx_word' id='word_1_227' title='bbox 1746 602 1811 639; x_wconf 71' lang='grc' dir='ltr'><strong>ᾅδου</strong></span> 
     </span>
    </p>
   </div>
   <div class='ocr_carea' id='block_1_35' title="bbox 1028 646 1811 683">
    <p class='ocr_par' dir='ltr' id='par_1_35' title="bbox 1028 646 1811 683">
     <span class='ocr_line' id='line_1_35' title="bbox 1028 646 1811 683; baseline 0.004 -11"><span class='ocrx_word' id='word_1_228' title='bbox 1028 646 1127 681; x_wconf 85' lang='grc' dir='ltr'>κυνέην</span> <span class='ocrx_word' id='word_1_229' title='bbox 1145 647 1184 678; x_wconf 79' lang='grc' dir='ltr'><strong>είς</strong></span> <span class='ocrx_word' id='word_1_230' title='bbox 1201 647 1347 682; x_wconf 76' lang='grc' dir='ltr'><strong>ὲπίκρυψιν</strong></span> <span class='ocrx_word' id='word_1_231' title='bbox 1370 647 1605 683; x_wconf 79' lang='grc' dir='ltr'><strong>άμφιὸεὸλημένοι</strong></span> <span class='ocrx_word' id='word_1_232' title='bbox 1631 649 1764 682; x_wconf 82' lang='grc' dir='ltr'><strong>γυναῖκάς</strong></span> <span class='ocrx_word' id='word_1_233' title='bbox 1780 657 1811 675; x_wconf 85' lang='grc' dir='ltr'><strong>τε</strong></span> 
     </span>
    </p>
   </div>
   <div class='ocr_carea' id='block_1_36' title="bbox 1027 692 1812 730">
    <p class='ocr_par' dir='ltr' id='par_1_36' title="bbox 1027 692 1812 730">
     <span class='ocr_line' id='line_1_36' title="bbox 1027 692 1812 730; baseline 0.005 -13"><span class='ocrx_word' id='word_1_234' title='bbox 1027 692 1133 726; x_wconf 77' lang='grc' dir='ltr'><strong>ἀπῆγον</strong></span> <span class='ocrx_word' id='word_1_235' title='bbox 1149 693 1203 719; x_wconf 81' lang='grc' dir='ltr'><strong>τῶν</strong></span> <span class='ocrx_word' id='word_1_236' title='bbox 1223 693 1368 727; x_wconf 82' lang='grc' dir='ltr'><strong>συνεύνων,</strong></span> <span class='ocrx_word' id='word_1_237' title='bbox 1390 694 1517 729; x_wconf 79' lang='grc' dir='ltr'><strong>ἀφιέντες</strong></span> <span class='ocrx_word' id='word_1_238' title='bbox 1535 695 1581 721; x_wconf 76' lang='grc' dir='ltr'><strong>τὸν</strong></span> <span class='ocrx_word' id='word_1_239' title='bbox 1593 694 1639 721; x_wconf 83' lang='grc' dir='ltr'><strong>τοῦ</strong></span> <span class='ocrx_word' id='word_1_240' title='bbox 1660 695 1749 730; x_wconf 89' lang='grc' dir='ltr'><strong>γάμου</strong></span> <span class='ocrx_word' id='word_1_241' title='bbox 1764 695 1812 726; x_wconf 80' lang='grc' dir='ltr'><strong>ζυ-</strong></span> 
     </span>
    </p>
   </div>
   <div class='ocr_carea' id='block_1_37' title="bbox 1027 738 1812 776">
    <p class='ocr_par' dir='ltr' id='par_1_37' title="bbox 1027 738 1812 776">
     <span class='ocr_line' id='line_1_37' title="bbox 1027 738 1812 776; baseline 0.004 -12"><span class='ocrx_word' id='word_1_242' title='bbox 1027 738 1075 772; x_wconf 78' lang='grc' dir='ltr'><strong>γὸν</strong></span> <span class='ocrx_word' id='word_1_243' title='bbox 1090 739 1248 774; x_wconf 78' lang='grc' dir='ltr'><strong>ἑτεροκλινῆ</strong></span> <span class='ocrx_word' id='word_1_244' title='bbox 1264 742 1298 776; x_wconf 77' lang='grc' dir='ltr'><strong>τῇ</strong></span> <span class='ocrx_word' id='word_1_245' title='bbox 1315 740 1426 776; x_wconf 78' lang='grc' dir='ltr'><strong>ἁρπαγῇ</strong></span> <span class='ocrx_word' id='word_1_246' title='bbox 1443 740 1492 775; x_wconf 83' lang='grc' dir='ltr'><strong>τῆς</strong></span> <span class='ocrx_word' id='word_1_247' title='bbox 1515 741 1657 776; x_wconf 78' lang='grc' dir='ltr'><strong>δυνάμεως</strong></span> <span class='ocrx_word' id='word_1_248' title='bbox 1669 749 1676 756; x_wconf 93' lang='grc'><strong>·</strong></span> <span class='ocrx_word' id='word_1_249' title='bbox 1700 741 1733 776; x_wconf 76' lang='grc' dir='ltr'>ἢν</span> <span class='ocrx_word' id='word_1_250' title='bbox 1758 741 1812 767; x_wconf 78' lang='grc' dir='ltr'><strong>ὑπὸ</strong></span> 
     </span>
    </p>
   </div>
   <div class='ocr_carea' id='block_1_38' title="bbox 1027 784 1812 820">
    <p class='ocr_par' dir='ltr' id='par_1_38' title="bbox 1027 784 1812 820">
     <span class='ocr_line' id='line_1_38' title="bbox 1027 784 1812 820; baseline 0.003 -10"><span class='ocrx_word' id='word_1_251' title='bbox 1027 784 1094 819; x_wconf 77' lang='grc' dir='ltr'><strong>ἡλίῳ</strong></span> <span class='ocrx_word' id='word_1_252' title='bbox 1109 785 1303 819; x_wconf 82' lang='grc' dir='ltr'><strong>διευκρινοῦντι</strong></span> <span class='ocrx_word' id='word_1_253' title='bbox 1322 786 1585 820; x_wconf 82' lang='grc' dir='ltr'><strong>κατασκεπτόμενοι,</strong></span> <span class='ocrx_word' id='word_1_254' title='bbox 1603 786 1700 818; x_wconf 81' lang='grc' dir='ltr'><strong>νυκτὸς</strong></span> <span class='ocrx_word' id='word_1_255' title='bbox 1723 786 1812 820; x_wconf 77' lang='grc' dir='ltr'><strong>ἀφήρ-</strong></span> 
     </span>
    </p>
   </div>
   <div class='ocr_carea' id='block_1_39' title="bbox 1028 831 1815 867">
    <p class='ocr_par' dir='ltr' id='par_1_39' title="bbox 1028 831 1815 867">
     <span class='ocr_line' id='line_1_39' title="bbox 1028 831 1815 867; baseline 0.004 -11"><span class='ocrx_word' id='word_1_256' title='bbox 1028 831 1128 862; x_wconf 77' lang='grc' dir='ltr'><strong>παζον·</strong></span> <span class='ocrx_word' id='word_1_257' title='bbox 1145 831 1192 857; x_wconf 76' lang='grc' dir='ltr'><strong>καὶ</strong></span> <span class='ocrx_word' id='word_1_258' title='bbox 1203 832 1322 862; x_wconf 74' lang='grc' dir='ltr'><strong>νεάνιδας</strong></span> <span class='ocrx_word' id='word_1_259' title='bbox 1339 832 1394 858; x_wconf 82' lang='grc' dir='ltr'><strong>τῶν</strong></span> <span class='ocrx_word' id='word_1_260' title='bbox 1409 832 1588 867; x_wconf 79' lang='grc' dir='ltr'><strong>γειναμένων,</strong></span> <span class='ocrx_word' id='word_1_261' title='bbox 1607 831 1724 864; x_wconf 79' lang='grc' dir='ltr'><strong>ἀτελεῖς,</strong></span> <span class='ocrx_word' id='word_1_262' title='bbox 1739 831 1815 865; x_wconf 74' lang='grc' dir='ltr'><strong>καθά</strong></span> 
     </span>
    </p>
   </div>
   <div class='ocr_carea' id='block_1_40' title="bbox 1027 877 1812 913">
    <p class='ocr_par' dir='ltr' id='par_1_40' title="bbox 1027 877 1812 913">
     <span class='ocr_line' id='line_1_40' title="bbox 1027 877 1812 913; baseline 0.003 -11"><span class='ocrx_word' id='word_1_263' title='bbox 1027 885 1068 907; x_wconf 85' lang='grc' dir='ltr'><strong>τις</strong></span> <span class='ocrx_word' id='word_1_264' title='bbox 1080 877 1143 910; x_wconf 63' lang='grc' dir='ltr'>ἔφη,</span> <span class='ocrx_word' id='word_1_265' title='bbox 1159 877 1206 908; x_wconf 77' lang='grc' dir='ltr'><strong>τὰς</strong></span> <span class='ocrx_word' id='word_1_266' title='bbox 1224 878 1278 904; x_wconf 69' lang='grc' dir='ltr'><strong>τῶν</strong></span> <span class='ocrx_word' id='word_1_267' title='bbox 1292 878 1426 904; x_wconf 72' lang='grc' dir='ltr'><strong>τεκόντων</strong></span> <span class='ocrx_word' id='word_1_268' title='bbox 1441 878 1484 904; x_wconf 72' lang='grc' dir='ltr'><strong>ἐπ’</strong></span> <span class='ocrx_word' id='word_1_269' title='bbox 1500 879 1595 909; x_wconf 78' lang='grc' dir='ltr'><strong>αὐταῖς</strong></span> <span class='ocrx_word' id='word_1_270' title='bbox 1606 878 1688 913; x_wconf 68' lang='grc' dir='ltr'><strong>εὐχὰς</strong></span> <span class='ocrx_word' id='word_1_271' title='bbox 1700 878 1812 913; x_wconf 83' lang='grc' dir='ltr'><strong>τιθέμε-</strong></span> 
     </span>
    </p>
   </div>
   <div class='ocr_carea' id='block_1_41' title="bbox 1027 922 1810 959">
    <p class='ocr_par' dir='ltr' id='par_1_41' title="bbox 1027 922 1810 959">
     <span class='ocr_line' id='line_1_41' title="bbox 1027 922 1810 959; baseline 0.003 -11"><span class='ocrx_word' id='word_1_272' title='bbox 1027 931 1078 950; x_wconf 90' lang='grc' dir='ltr'><strong>νοι.</strong></span> <span class='ocrx_word' id='word_1_273' title='bbox 1095 922 1124 948; x_wconf 82' lang='lat' dir='ltr'><strong>El</strong></span> <span class='ocrx_word' id='word_1_274' title='bbox 1138 922 1166 949; x_wconf 65' lang='grc' dir='ltr'><strong>δι</strong></span> <span class='ocrx_word' id='word_1_275' title='bbox 1183 923 1229 950; x_wconf 77' lang='grc' dir='ltr'><strong>καὶ</strong></span> <span class='ocrx_word' id='word_1_276' title='bbox 1241 924 1372 959; x_wconf 84' lang='grc' dir='ltr'><strong>χρήματα</strong></span> <span class='ocrx_word' id='word_1_277' title='bbox 1387 924 1551 959; x_wconf 74' lang='grc' dir='ltr'><strong>συναπῆγον,</strong></span> <span class='ocrx_word' id='word_1_278' title='bbox 1567 925 1617 950; x_wconf 82' lang='grc' dir='ltr'><strong>ὅσα</strong></span> <span class='ocrx_word' id='word_1_279' title='bbox 1632 924 1678 950; x_wconf 78' lang='grc' dir='ltr'><strong>καὶ</strong></span> <span class='ocrx_word' id='word_1_280' title='bbox 1694 924 1810 959; x_wconf 69' lang='grc' dir='ltr'><strong>προῖκας</strong></span> 
     </span>
    </p>
   </div>
   <div class='ocr_carea' id='block_1_42' title="bbox 1027 967 1813 1003">
    <p class='ocr_par' dir='ltr' id='par_1_42' title="bbox 1027 967 1813 1003">
     <span class='ocr_line' id='line_1_42' title="bbox 1027 967 1813 1003; baseline 0.003 -9"><span class='ocrx_word' id='word_1_281' title='bbox 1027 977 1114 1000; x_wconf 79' lang='grc' dir='ltr'><strong>τινας,</strong></span> <span class='ocrx_word' id='word_1_282' title='bbox 1139 969 1170 995; x_wconf 80' lang='grc' dir='ltr'><strong>ὲκ</strong></span> <span class='ocrx_word' id='word_1_283' title='bbox 1192 970 1351 1003; x_wconf 77' lang='grc' dir='ltr'><strong>περιουσίας</strong></span> <span class='ocrx_word' id='word_1_284' title='bbox 1367 970 1442 996; x_wconf 80' lang='grc' dir='ltr'><strong>τουτὶ</strong></span> <span class='ocrx_word' id='word_1_285' title='bbox 1467 970 1497 996; x_wconf 79' lang='grc' dir='ltr'><strong>τὺ</strong></span> <span class='ocrx_word' id='word_1_286' title='bbox 1523 969 1618 996; x_wconf 80' lang='grc' dir='ltr'><strong>κακόν.</strong></span> <span class='ocrx_word' id='word_1_287' title='bbox 1639 967 1729 996; x_wconf 85' lang='grc' dir='ltr'><strong>Ἦσαν</strong></span> <span class='ocrx_word' id='word_1_288' title='bbox 1743 970 1770 996; x_wconf 78' lang='grc' dir='ltr'><strong>δὲ</strong></span> <span class='ocrx_word' id='word_1_289' title='bbox 1785 968 1813 996; x_wconf 71' lang='grc' dir='ltr'><strong>οἳ</strong></span> 
     </span>
    </p>
   </div>
   <div class='ocr_carea' id='block_1_43' title="bbox 1028 1013 1812 1050">
    <p class='ocr_par' dir='ltr' id='par_1_43' title="bbox 1028 1013 1812 1050">
     <span class='ocr_line' id='line_1_43' title="bbox 1028 1013 1812 1050; baseline 0.001 -10"><span class='ocrx_word' id='word_1_290' title='bbox 1028 1014 1074 1040; x_wconf 81' lang='grc' dir='ltr'><strong>καὶ</strong></span> <span class='ocrx_word' id='word_1_291' title='bbox 1099 1013 1263 1048; x_wconf 61' lang='grc' dir='ltr'><strong>ὲσςςάττοντο</strong></span> <span class='ocrx_word' id='word_1_292' title='bbox 1289 1016 1335 1041; x_wconf 75' lang='grc' dir='ltr'>ἐπὶ</span> <span class='ocrx_word' id='word_1_293' title='bbox 1360 1015 1414 1042; x_wconf 81' lang='grc' dir='ltr'><strong>τῶν</strong></span> <span class='ocrx_word' id='word_1_294' title='bbox 1440 1015 1533 1042; x_wconf 83' lang='grc' dir='ltr'><strong>οῑκιῶν</strong></span> <span class='ocrx_word' id='word_1_295' title='bbox 1556 1014 1724 1050; x_wconf 77' lang='grc' dir='ltr'><strong>τηνικαῦτα,</strong></span> <span class='ocrx_word' id='word_1_296' title='bbox 1744 1015 1812 1050; x_wconf 79' lang='grc' dir='ltr'><strong>ἡλίῳ</strong></span> 
     </span>
    </p>
   </div>
   <div class='ocr_carea' id='block_1_44' title="bbox 1027 1056 1813 1096">
    <p class='ocr_par' dir='ltr' id='par_1_44' title="bbox 1027 1056 1813 1096">
     <span class='ocr_line' id='line_1_44' title="bbox 1027 1056 1813 1096; baseline 0.001 -10"><span class='ocrx_word' id='word_1_297' title='bbox 1027 1061 1186 1096; x_wconf 73' lang='grc' dir='ltr'><strong>ἀμάρτυρον</strong></span> <span class='ocrx_word' id='word_1_298' title='bbox 1203 1056 1286 1087; x_wconf 69' lang='grc' dir='ltr'><strong>κακὸν</strong></span> <span class='ocrx_word' id='word_1_299' title='bbox 1298 1061 1459 1096; x_wconf 80' lang='grc' dir='ltr'><strong>πάσχοντες.</strong></span> <span class='ocrx_word' id='word_1_300' title='bbox 1475 1062 1530 1089; x_wconf 74' lang='grc' dir='ltr'><strong>Καὶ</strong></span> <span class='ocrx_word' id='word_1_301' title='bbox 1544 1061 1573 1088; x_wconf 85' lang='grc' dir='ltr'><strong>τδ</strong></span> <span class='ocrx_word' id='word_1_302' title='bbox 1589 1062 1676 1088; x_wconf 75' lang='grc' dir='ltr'><strong>αἴτιον</strong></span> <span class='ocrx_word' id='word_1_303' title='bbox 1689 1061 1705 1096; x_wconf 81' lang='grc' dir='ltr'><strong>ἢ</strong></span> <span class='ocrx_word' id='word_1_304' title='bbox 1719 1070 1813 1087; x_wconf 86' lang='grc' dir='ltr'><strong>νυκτι-</strong></span> 
     </span>
    </p>
   </div>
   <div class='ocr_carea' id='block_1_45' title="bbox 1027 1105 1815 1143">
    <p class='ocr_par' dir='ltr' id='par_1_45' title="bbox 1027 1105 1815 1143">
     <span class='ocr_line' id='line_1_45' title="bbox 1027 1105 1815 1143; baseline 0.001 -12"><span class='ocrx_word' id='word_1_305' title='bbox 1027 1105 1103 1140; x_wconf 80' lang='grc' dir='ltr'><strong>λὸχος</strong></span> <span class='ocrx_word' id='word_1_306' title='bbox 1120 1106 1213 1140; x_wconf 83' lang='grc' dir='ltr'><strong>μανία,</strong></span> <span class='ocrx_word' id='word_1_307' title='bbox 1226 1106 1241 1141; x_wconf 82' lang='grc' dir='ltr'>ἢ</span> <span class='ocrx_word' id='word_1_308' title='bbox 1258 1106 1299 1132; x_wconf 60' lang='lat' dir='ltr'><strong>(&quot;ait</strong></span> <span class='ocrx_word' id='word_1_309' title='bbox 1311 1107 1426 1138; x_wconf 77' lang='grc' dir='ltr'><strong>ἐξεϐόων</strong></span> <span class='ocrx_word' id='word_1_310' title='bbox 1440 1107 1464 1134; x_wconf 79' lang='grc' dir='ltr'><strong>οἱ</strong></span> <span class='ocrx_word' id='word_1_311' title='bbox 1477 1107 1722 1143; x_wconf 78' lang='grc' dir='ltr'><strong>κακουργούμενοι.</strong></span> <span class='ocrx_word' id='word_1_312' title='bbox 1736 1107 1815 1133; x_wconf 85' lang='grc' dir='ltr'><strong>Ὅσοι</strong></span> 
     </span>
    </p>
   </div>
   <div class='ocr_carea' id='block_1_46' title="bbox 1030 1151 1813 1188">
    <p class='ocr_par' dir='ltr' id='par_1_46' title="bbox 1030 1151 1813 1188">
     <span class='ocr_line' id='line_1_46' title="bbox 1030 1151 1813 1188; baseline 0.001 -11"><span class='ocrx_word' id='word_1_313' title='bbox 1030 1151 1058 1177; x_wconf 77' lang='grc' dir='ltr'><strong>δὲ</strong></span> <span class='ocrx_word' id='word_1_314' title='bbox 1076 1151 1131 1178; x_wconf 84' lang='grc' dir='ltr'>τῶν</span> <span class='ocrx_word' id='word_1_315' title='bbox 1158 1151 1304 1187; x_wconf 74' lang='grc' dir='ltr'><strong>βαρΰάρων</strong></span> <span class='ocrx_word' id='word_1_316' title='bbox 1329 1152 1527 1188; x_wconf 77' lang='grc' dir='ltr'><strong>ἐπιεικέστεροι</strong></span> <span class='ocrx_word' id='word_1_317' title='bbox 1544 1153 1591 1180; x_wconf 70' lang='grc' dir='ltr'><strong>καὶ</strong></span> <span class='ocrx_word' id='word_1_318' title='bbox 1617 1153 1813 1188; x_wconf 79' lang='grc' dir='ltr'><strong>παιγνήμονες,</strong></span> 
     </span>
    </p>
   </div>
   <div class='ocr_carea' id='block_1_47' title="bbox 1031 1194 1814 1234">
    <p class='ocr_par' dir='ltr' id='par_1_47' title="bbox 1031 1194 1814 1234">
     <span class='ocr_line' id='line_1_47' title="bbox 1031 1194 1814 1234; baseline 0.003 -11"><span class='ocrx_word' id='word_1_319' title='bbox 1031 1194 1104 1224; x_wconf 70' lang='grc' dir='ltr'><strong>οὗτοι</strong></span> <span class='ocrx_word' id='word_1_320' title='bbox 1132 1198 1160 1224; x_wconf 76' lang='grc' dir='ltr'><strong>δὲ</strong></span> <span class='ocrx_word' id='word_1_321' title='bbox 1188 1195 1247 1224; x_wconf 83' lang='grc' dir='ltr'><strong>ἀλλ”</strong></span> <span class='ocrx_word' id='word_1_322' title='bbox 1274 1198 1390 1233; x_wconf 76' lang='grc' dir='ltr'><strong>ἠγάπων</strong></span> <span class='ocrx_word' id='word_1_323' title='bbox 1425 1198 1522 1233; x_wconf 80' lang='grc' dir='ltr'><strong>θύραις</strong></span> <span class='ocrx_word' id='word_1_324' title='bbox 1552 1198 1739 1234; x_wconf 76' lang='grc' dir='ltr'><strong>ἐναλλόμενοι,</strong></span> <span class='ocrx_word' id='word_1_325' title='bbox 1765 1207 1814 1234; x_wconf 64' lang='grc' dir='ltr'><strong>καὶ</strong></span> 
     </span>
    </p>
   </div>
   <div class='ocr_carea' id='block_1_48' title="bbox 190 1243 1813 1281">
    <p class='ocr_par' dir='ltr' id='par_1_48' title="bbox 190 1243 1813 1281">
     <span class='ocr_line' id='line_1_48' title="bbox 190 1243 1813 1281; baseline -0.001 -8"><span class='ocrx_word' id='word_1_326' title='bbox 190 1247 340 1278; x_wconf 80' lang='grc' dir='ltr'><strong>κόπτοντες</strong></span> <span class='ocrx_word' id='word_1_327' title='bbox 359 1245 468 1281; x_wconf 75' lang='grc' dir='ltr'><strong>ῥάϐδοις</strong></span> <span class='ocrx_word' id='word_1_328' title='bbox 488 1243 584 1278; x_wconf 78' lang='grc' dir='ltr'><strong>αὑτὰς,</strong></span> <span class='ocrx_word' id='word_1_329' title='bbox 603 1244 651 1271; x_wconf 81' lang='grc' dir='ltr'><strong>καὶ</strong></span> <span class='ocrx_word' id='word_1_330' title='bbox 665 1243 681 1279; x_wconf 85' lang='grc' dir='ltr'><strong>ἦ</strong></span> <span class='ocrx_word' id='word_1_331' title='bbox 698 1243 858 1280; x_wconf 80' lang='grc' dir='ltr'><strong>ῥιπτοῦντες</strong></span> <span class='ocrx_word' id='word_1_332' title='bbox 875 1243 922 1270; x_wconf 74' lang='grc' dir='ltr'><strong>καὶ</strong></span> <span class='ocrx_word' id='word_1_333' title='bbox 938 1243 977 1275; x_wconf 77' lang='grc' dir='ltr'><strong>εἰς</strong></span> <span class='ocrx_word' id='word_1_334' title='bbox 997 1244 1096 1280; x_wconf 71' lang='grc' dir='ltr'><strong>φόρτον</strong></span> <span class='ocrx_word' id='word_1_335' title='bbox 1109 1245 1232 1279; x_wconf 77' lang='grc' dir='ltr'><strong>ἄγοντες,</strong></span> <span class='ocrx_word' id='word_1_336' title='bbox 1247 1246 1264 1281; x_wconf 78' lang='grc' dir='ltr'>ἢ</span> <span class='ocrx_word' id='word_1_337' title='bbox 1279 1245 1346 1272; x_wconf 78' lang='grc' dir='ltr'><strong>ἀλλὰ</strong></span> <span class='ocrx_word' id='word_1_338' title='bbox 1360 1246 1425 1280; x_wconf 78' lang='grc' dir='ltr'><strong>γοῦν</strong></span> <span class='ocrx_word' id='word_1_339' title='bbox 1439 1247 1501 1278; x_wconf 79' lang='grc' dir='ltr'><strong>τοὺς</strong></span> <span class='ocrx_word' id='word_1_340' title='bbox 1513 1246 1623 1280; x_wconf 79' lang='grc' dir='ltr'><strong>κυρίους</strong></span> <span class='ocrx_word' id='word_1_341' title='bbox 1652 1245 1699 1272; x_wconf 82' lang='grc' dir='ltr'><strong>τοῦ</strong></span> <span class='ocrx_word' id='word_1_342' title='bbox 1729 1245 1813 1272; x_wconf 82' lang='grc' dir='ltr'><strong>τόπου</strong></span> 
     </span>
    </p>
   </div>
   <div class='ocr_carea' id='block_1_49' title="bbox 190 1291 598 1328">
    <p class='ocr_par' dir='ltr' id='par_1_49' title="bbox 190 1291 598 1328">
     <span class='ocr_line' id='line_1_49' title="bbox 190 1291 598 1328; baseline -0.002 -9"><span class='ocrx_word' id='word_1_343' title='bbox 190 1292 409 1328; x_wconf 72' lang='grc' dir='ltr'><strong>ἀποστεροῦντες</strong></span> <span class='ocrx_word' id='word_1_344' title='bbox 423 1292 470 1319; x_wconf 81' lang='grc' dir='ltr'><strong>τοῦ</strong></span> <span class='ocrx_word' id='word_1_345' title='bbox 486 1291 598 1319; x_wconf 79' lang='grc' dir='ltr'><strong>ὑπνοῦν.</strong></span> 
     </span>
    </p>
   </div>
   <div class='ocr_carea' id='block_1_50' title="bbox 227 1339 978 1375">
    <p class='ocr_par' dir='ltr' id='par_1_50' title="bbox 227 1339 978 1375">
     <span class='ocr_line' id='line_1_50' title="bbox 227 1339 978 1375; baseline -0.003 -7"><span class='ocrx_word' id='word_1_346' title='bbox 227 1341 291 1368; x_wconf 67' lang='grc' dir='ltr'><strong>ιειι.</strong></span> <span class='ocrx_word' id='word_1_347' title='bbox 307 1341 371 1368; x_wconf 67' lang='lat' dir='ltr'><strong>Haec</strong></span> <span class='ocrx_word' id='word_1_348' title='bbox 388 1340 515 1375; x_wconf 82' lang='lat' dir='ltr'><strong>equidem</strong></span> <span class='ocrx_word' id='word_1_349' title='bbox 527 1344 554 1367; x_wconf 86' lang='lat' dir='ltr'><strong>et</strong></span> <span class='ocrx_word' id='word_1_350' title='bbox 568 1340 622 1366; x_wconf 87' lang='lat' dir='ltr'><strong>alia</strong></span> <span class='ocrx_word' id='word_1_351' title='bbox 640 1339 716 1374; x_wconf 89' lang='lat' dir='ltr'><strong>plura</strong></span> <span class='ocrx_word' id='word_1_352' title='bbox 735 1339 780 1368; x_wconf 84' lang='lat' dir='ltr'><strong>his</strong></span> <span class='ocrx_word' id='word_1_353' title='bbox 796 1348 829 1367; x_wconf 88' lang='lat' dir='ltr'><strong>ac</strong></span> <span class='ocrx_word' id='word_1_354' title='bbox 844 1339 978 1375; x_wconf 84' lang='lat' dir='ltr'><strong>imprimis</strong></span> 
     </span>
    </p>
   </div>
   <div class='ocr_carea' id='block_1_51' title="bbox 193 1385 978 1420">
    <p class='ocr_par' dir='ltr' id='par_1_51' title="bbox 193 1385 978 1420">
     <span class='ocr_line' id='line_1_51' title="bbox 193 1385 978 1420; baseline -0.003 -6"><span class='ocrx_word' id='word_1_355' title='bbox 193 1387 316 1419; x_wconf 85' lang='lat' dir='ltr'><strong>nuditas,</strong></span> <span class='ocrx_word' id='word_1_356' title='bbox 333 1386 419 1413; x_wconf 83' lang='lat' dir='ltr'><strong>fames</strong></span> <span class='ocrx_word' id='word_1_357' title='bbox 435 1385 536 1413; x_wconf 90' lang='lat' dir='ltr'><strong>multos</strong></span> <span class='ocrx_word' id='word_1_358' title='bbox 547 1385 718 1420; x_wconf 80' lang='lat' dir='ltr'><strong>captivorum</strong></span> <span class='ocrx_word' id='word_1_359' title='bbox 741 1385 883 1412; x_wconf 81' lang='lat' dir='ltr'><strong>turbantes</strong></span> <span class='ocrx_word' id='word_1_360' title='bbox 904 1393 978 1412; x_wconf 84' lang='lat' dir='ltr'><strong>com-</strong></span> 
     </span>
    </p>
   </div>
   <div class='ocr_carea' id='block_1_52' title="bbox 195 1432 978 1468">
    <p class='ocr_par' dir='ltr' id='par_1_52' title="bbox 195 1432 978 1468">
     <span class='ocr_line' id='line_1_52' title="bbox 195 1432 978 1468; baseline -0.003 -7"><span class='ocrx_word' id='word_1_361' title='bbox 195 1438 392 1468; x_wconf 87' lang='lat' dir='ltr'><strong>moventesque</strong></span> <span class='ocrx_word' id='word_1_362' title='bbox 408 1433 515 1460; x_wconf 85' lang='lat' dir='ltr'><strong>animas</strong></span> <span class='ocrx_word' id='word_1_363' title='bbox 531 1440 617 1467; x_wconf 86' lang='lat' dir='ltr'><strong>usque</strong></span> <span class='ocrx_word' id='word_1_364' title='bbox 634 1432 667 1459; x_wconf 88' lang='lat' dir='ltr'><strong>ad</strong></span> <span class='ocrx_word' id='word_1_365' title='bbox 685 1437 800 1459; x_wconf 84' lang='lat' dir='ltr'><strong>mortem</strong></span> <span class='ocrx_word' id='word_1_366' title='bbox 811 1451 819 1462; x_wconf 88' lang='lat'><strong>,</strong></span> <span class='ocrx_word' id='word_1_367' title='bbox 835 1439 868 1459; x_wconf 79' lang='lat' dir='ltr'><strong>ex</strong></span> <span class='ocrx_word' id='word_1_368' title='bbox 883 1439 978 1459; x_wconf 84' lang='lat' dir='ltr'><strong>neces-</strong></span> 
     </span>
    </p>
   </div>
   <div class='ocr_carea' id='block_1_53' title="bbox 193 1478 980 1513">
    <p class='ocr_par' dir='ltr' id='par_1_53' title="bbox 193 1478 980 1513">
     <span class='ocr_line' id='line_1_53' title="bbox 193 1478 980 1513; baseline -0.004 -6"><span class='ocrx_word' id='word_1_369' title='bbox 193 1480 274 1508; x_wconf 86' lang='lat' dir='ltr'><strong>sitate</strong></span> <span class='ocrx_word' id='word_1_370' title='bbox 289 1485 336 1506; x_wconf 89' lang='lat' dir='ltr'><strong>eas</strong></span> <span class='ocrx_word' id='word_1_371' title='bbox 353 1478 520 1513; x_wconf 88' lang='lat' dir='ltr'><strong>impulerunt</strong></span> <span class='ocrx_word' id='word_1_372' title='bbox 535 1478 611 1513; x_wconf 87' lang='lat' dir='ltr'><strong>(quid</strong></span> <span class='ocrx_word' id='word_1_373' title='bbox 625 1479 698 1506; x_wconf 89' lang='lat' dir='ltr'><strong>enim</strong></span> <span class='ocrx_word' id='word_1_374' title='bbox 712 1478 785 1505; x_wconf 83' lang='lat' dir='ltr'><strong>aliud</strong></span> <span class='ocrx_word' id='word_1_375' title='bbox 797 1478 886 1512; x_wconf 85' lang='lat' dir='ltr'><strong>adhuc</strong></span> <span class='ocrx_word' id='word_1_376' title='bbox 898 1485 980 1504; x_wconf 78' lang='lat' dir='ltr'><strong>exco-</strong></span> 
     </span>
    </p>
   </div>
   <div class='ocr_carea' id='block_1_54' title="bbox 193 1523 979 1561">
    <p class='ocr_par' dir='ltr' id='par_1_54' title="bbox 193 1523 979 1561">
     <span class='ocr_line' id='line_1_54' title="bbox 193 1523 979 1561; baseline -0.003 -9"><span class='ocrx_word' id='word_1_377' title='bbox 193 1525 356 1561; x_wconf 84' lang='lat' dir='ltr'><strong>gitassent?)</strong></span> <span class='ocrx_word' id='word_1_378' title='bbox 372 1524 405 1551; x_wconf 89' lang='lat' dir='ltr'><strong>ad</strong></span> <span class='ocrx_word' id='word_1_379' title='bbox 420 1524 472 1551; x_wconf 89' lang='lat' dir='ltr'><strong>sibi</strong></span> <span class='ocrx_word' id='word_1_380' title='bbox 486 1524 614 1552; x_wconf 89' lang='lat' dir='ltr'><strong>omnibus</strong></span> <span class='ocrx_word' id='word_1_381' title='bbox 623 1523 776 1551; x_wconf 81' lang='lat' dir='ltr'><strong>rationibus</strong></span> <span class='ocrx_word' id='word_1_382' title='bbox 789 1523 901 1551; x_wconf 85' lang='lat' dir='ltr'><strong>Latinos</strong></span> <span class='ocrx_word' id='word_1_383' title='bbox 914 1531 979 1551; x_wconf 91' lang='lat' dir='ltr'><strong>con-</strong></span> 
     </span>
    </p>
   </div>
   <div class='ocr_carea' id='block_1_55' title="bbox 195 1569 978 1606">
    <p class='ocr_par' dir='ltr' id='par_1_55' title="bbox 195 1569 978 1606">
     <span class='ocr_line' id='line_1_55' title="bbox 195 1569 978 1606; baseline -0.003 -7"><span class='ocrx_word' id='word_1_384' title='bbox 195 1572 342 1604; x_wconf 81' lang='lat' dir='ltr'><strong>ciliandos,</strong></span> <span class='ocrx_word' id='word_1_385' title='bbox 359 1571 560 1606; x_wconf 65' lang='lat' dir='ltr'><strong>prmveniendo,</strong></span> <span class='ocrx_word' id='word_1_386' title='bbox 573 1570 723 1602; x_wconf 76' lang='lat' dir='ltr'><strong>adulando,</strong></span> <span class='ocrx_word' id='word_1_387' title='bbox 736 1569 914 1602; x_wconf 82' lang='lat' dir='ltr'><strong>blandiendo,</strong></span> <span class='ocrx_word' id='word_1_388' title='bbox 931 1570 978 1597; x_wconf 80' lang='lat' dir='ltr'><strong>ob-</strong></span> 
     </span>
    </p>
   </div>
   <div class='ocr_carea' id='block_1_56' title="bbox 195 1616 979 1653">
    <p class='ocr_par' dir='ltr' id='par_1_56' title="bbox 195 1616 979 1653">
     <span class='ocr_line' id='line_1_56' title="bbox 195 1616 979 1653; baseline -0.006 -6"><span class='ocrx_word' id='word_1_389' title='bbox 195 1617 354 1653; x_wconf 76' lang='lat' dir='ltr'><strong>sequendo,</strong></span> <span class='ocrx_word' id='word_1_390' title='bbox 379 1617 540 1650; x_wconf 79' lang='lat' dir='ltr'><strong>serviendo,</strong></span> <span class='ocrx_word' id='word_1_391' title='bbox 566 1616 657 1643; x_wconf 86' lang='lat' dir='ltr'><strong>omnia</strong></span> <span class='ocrx_word' id='word_1_392' title='bbox 681 1616 797 1650; x_wconf 87' lang='lat' dir='ltr'><strong>denique</strong></span> <span class='ocrx_word' id='word_1_393' title='bbox 820 1616 924 1650; x_wconf 84' lang='lat' dir='ltr'><strong>agendo</strong></span> <span class='ocrx_word' id='word_1_394' title='bbox 949 1620 979 1642; x_wconf 91' lang='lat' dir='ltr'><strong>ut</strong></span> 
     </span>
    </p>
   </div>
   <div class='ocr_carea' id='block_1_57' title="bbox 194 1660 980 1696">
    <p class='ocr_par' dir='ltr' id='par_1_57' title="bbox 194 1660 980 1696">
     <span class='ocr_line' id='line_1_57' title="bbox 194 1660 980 1696; baseline -0.003 -6"><span class='ocrx_word' id='word_1_395' title='bbox 194 1662 287 1690; x_wconf 67' lang='lat' dir='ltr'><strong>vivere</strong></span> <span class='ocrx_word' id='word_1_396' title='bbox 297 1664 408 1696; x_wconf 78' lang='lat' dir='ltr'><strong>possent</strong></span> <span class='ocrx_word' id='word_1_397' title='bbox 423 1668 456 1688; x_wconf 91' lang='lat' dir='ltr'><strong>ac</strong></span> <span class='ocrx_word' id='word_1_398' title='bbox 469 1661 574 1695; x_wconf 82' lang='lat' dir='ltr'><strong>absque</strong></span> <span class='ocrx_word' id='word_1_399' title='bbox 587 1660 685 1688; x_wconf 88' lang='lat' dir='ltr'><strong>timore</strong></span> <span class='ocrx_word' id='word_1_400' title='bbox 700 1665 801 1688; x_wconf 88' lang='lat' dir='ltr'><strong>essent.</strong></span> <span class='ocrx_word' id='word_1_401' title='bbox 817 1660 870 1688; x_wconf 85' lang='lat' dir='ltr'><strong>Sed</strong></span> <span class='ocrx_word' id='word_1_402' title='bbox 882 1660 980 1688; x_wconf 86' lang='lat' dir='ltr'><strong>deinde</strong></span> 
     </span>
    </p>
   </div>
   <div class='ocr_carea' id='block_1_58' title="bbox 193 1707 978 1742">
    <p class='ocr_par' dir='ltr' id='par_1_58' title="bbox 193 1707 978 1742">
     <span class='ocr_line' id='line_1_58' title="bbox 193 1707 978 1742; baseline -0.001 -6"><span class='ocrx_word' id='word_1_403' title='bbox 193 1708 314 1742; x_wconf 79' lang='lat' dir='ltr'><strong>suntqui</strong></span> <span class='ocrx_word' id='word_1_404' title='bbox 332 1708 410 1734; x_wconf 85' lang='lat' dir='ltr'><strong>inviti</strong></span> <span class='ocrx_word' id='word_1_405' title='bbox 421 1708 448 1734; x_wconf 91' lang='lat' dir='ltr'><strong>in</strong></span> <span class='ocrx_word' id='word_1_406' title='bbox 461 1714 510 1735; x_wconf 78' lang='lat' dir='ltr'><strong>sua</strong></span> <span class='ocrx_word' id='word_1_407' title='bbox 527 1711 600 1734; x_wconf 89' lang='lat' dir='ltr'><strong>recte</strong></span> <span class='ocrx_word' id='word_1_408' title='bbox 612 1707 787 1734; x_wconf 79' lang='lat' dir='ltr'><strong>festinatione</strong></span> <span class='ocrx_word' id='word_1_409' title='bbox 798 1707 978 1735; x_wconf 71' lang='lat' dir='ltr'><strong>offenderunt.</strong></span> 
     </span>
    </p>
   </div>
   <div class='ocr_carea' id='block_1_59' title="bbox 194 1751 982 1787">
    <p class='ocr_par' dir='ltr' id='par_1_59' title="bbox 194 1751 982 1787">
     <span class='ocr_line' id='line_1_59' title="bbox 194 1751 982 1787; baseline -0.005 -5"><span class='ocrx_word' id='word_1_410' title='bbox 194 1754 288 1782; x_wconf 80' lang='lat' dir='ltr'><strong>Insani</strong></span> <span class='ocrx_word' id='word_1_411' title='bbox 301 1753 372 1780; x_wconf 88' lang='lat' dir='ltr'><strong>enim</strong></span> <span class='ocrx_word' id='word_1_412' title='bbox 383 1752 572 1787; x_wconf 84' lang='lat' dir='ltr'><strong>intempestive</strong></span> <span class='ocrx_word' id='word_1_413' title='bbox 583 1752 666 1779; x_wconf 90' lang='lat' dir='ltr'><strong>locuti</strong></span> <span class='ocrx_word' id='word_1_414' title='bbox 680 1756 759 1784; x_wconf 86' lang='lat' dir='ltr'><strong>sunt,</strong></span> <span class='ocrx_word' id='word_1_415' title='bbox 771 1751 861 1779; x_wconf 85' lang='lat' dir='ltr'><strong>abdita</strong></span> <span class='ocrx_word' id='word_1_416' title='bbox 872 1751 982 1779; x_wconf 70' lang='lat' dir='ltr'><strong>thesau-</strong></span> 
     </span>
    </p>
   </div>
   <div class='ocr_carea' id='block_1_60' title="bbox 194 1794 980 1834">
    <p class='ocr_par' dir='ltr' id='par_1_60' title="bbox 194 1794 980 1834">
     <span class='ocr_line' id='line_1_60' title="bbox 194 1794 980 1834; baseline -0.005 -6"><span class='ocrx_word' id='word_1_417' title='bbox 194 1807 288 1828; x_wconf 82' lang='lat' dir='ltr'><strong>rorum</strong></span> <span class='ocrx_word' id='word_1_418' title='bbox 309 1794 510 1834; x_wconf 78' lang='lat' dir='ltr'><strong>patefecerunt,</strong></span> <span class='ocrx_word' id='word_1_419' title='bbox 527 1803 676 1833; x_wconf 85' lang='lat' dir='ltr'><strong>rapuerunt</strong></span> <span class='ocrx_word' id='word_1_420' title='bbox 693 1806 726 1825; x_wconf 88' lang='lat' dir='ltr'><strong>ac</strong></span> <span class='ocrx_word' id='word_1_421' title='bbox 745 1797 980 1832; x_wconf 86' lang='lat' dir='ltr'><strong>despoliaverunt.</strong></span> 
     </span>
    </p>
   </div>
   <div class='ocr_carea' id='block_1_61' title="bbox 193 1836 981 1879">
    <p class='ocr_par' dir='ltr' id='par_1_61' title="bbox 193 1836 981 1879">
     <span class='ocr_line' id='line_1_61' title="bbox 193 1836 981 1879; baseline -0.005 -6"><span class='ocrx_word' id='word_1_422' title='bbox 193 1845 334 1873; x_wconf 85' lang='lat' dir='ltr'><strong>Persecuti</strong></span> <span class='ocrx_word' id='word_1_423' title='bbox 349 1849 416 1872; x_wconf 87' lang='lat' dir='ltr'><strong>sunt</strong></span> <span class='ocrx_word' id='word_1_424' title='bbox 440 1836 587 1879; x_wconf 73' lang='lat' dir='ltr'><strong>fugientes,</strong></span> <span class='ocrx_word' id='word_1_425' title='bbox 605 1843 708 1871; x_wconf 90' lang='lat' dir='ltr'><strong>multos</strong></span> <span class='ocrx_word' id='word_1_426' title='bbox 728 1843 853 1878; x_wconf 88' lang='lat' dir='ltr'><strong>ejusdem</strong></span> <span class='ocrx_word' id='word_1_427' title='bbox 870 1843 981 1877; x_wconf 89' lang='lat' dir='ltr'><strong>sangui-</strong></span> 
     </span>
    </p>
   </div>
   <div class='ocr_carea' id='block_1_62' title="bbox 194 1889 980 1924">
    <p class='ocr_par' dir='ltr' id='par_1_62' title="bbox 194 1889 980 1924">
     <span class='ocr_line' id='line_1_62' title="bbox 194 1889 980 1924; baseline 0 -7"><span class='ocrx_word' id='word_1_428' title='bbox 194 1891 250 1922; x_wconf 88' lang='lat' dir='ltr'><strong>nis,</strong></span> <span class='ocrx_word' id='word_1_429' title='bbox 275 1889 427 1924; x_wconf 81' lang='lat' dir='ltr'><strong>capicndos</strong></span> <span class='ocrx_word' id='word_1_430' title='bbox 443 1889 623 1916; x_wconf 87' lang='lat' dir='ltr'><strong>venatoribus</strong></span> <span class='ocrx_word' id='word_1_431' title='bbox 642 1889 723 1916; x_wconf 85' lang='lat' dir='ltr'><strong>malis</strong></span> <span class='ocrx_word' id='word_1_432' title='bbox 747 1889 930 1921; x_wconf 85' lang='lat' dir='ltr'><strong>tradiderunt,</strong></span> <span class='ocrx_word' id='word_1_433' title='bbox 953 1889 980 1917; x_wconf 89' lang='lat' dir='ltr'><strong>in</strong></span> 
     </span>
    </p>
   </div>
   <div class='ocr_carea' id='block_1_63' title="bbox 196 1935 981 1970">
    <p class='ocr_par' dir='ltr' id='par_1_63' title="bbox 196 1935 981 1970">
     <span class='ocr_line' id='line_1_63' title="bbox 196 1935 981 1970; baseline 0 -8"><span class='ocrx_word' id='word_1_434' title='bbox 196 1935 346 1970; x_wconf 88' lang='lat' dir='ltr'><strong>multisque</strong></span> <span class='ocrx_word' id='word_1_435' title='bbox 368 1935 430 1961; x_wconf 89' lang='lat' dir='ltr'><strong>aliis</strong></span> <span class='ocrx_word' id='word_1_436' title='bbox 455 1938 650 1969; x_wconf 87' lang='lat' dir='ltr'><strong>peccaverunt,</strong></span> <span class='ocrx_word' id='word_1_437' title='bbox 676 1942 731 1961; x_wconf 92' lang='lat' dir='ltr'><strong>non</strong></span> <span class='ocrx_word' id='word_1_438' title='bbox 759 1939 858 1970; x_wconf 87' lang='lat' dir='ltr'><strong>sponte</strong></span> <span class='ocrx_word' id='word_1_439' title='bbox 878 1943 928 1962; x_wconf 82' lang='lat' dir='ltr'><strong>sua</strong></span> <span class='ocrx_word' id='word_1_440' title='bbox 953 1935 981 1962; x_wconf 87' lang='lat' dir='ltr'><strong>in</strong></span> 
     </span>
    </p>
   </div>
   <div class='ocr_carea' id='block_1_64' title="bbox 194 1981 982 2016">
    <p class='ocr_par' dir='ltr' id='par_1_64' title="bbox 194 1981 982 2016">
     <span class='ocr_line' id='line_1_64' title="bbox 194 1981 982 2016; baseline 0 -9"><span class='ocrx_word' id='word_1_441' title='bbox 194 1981 323 2008; x_wconf 87' lang='lat' dir='ltr'><strong>omnibus</strong></span> <span class='ocrx_word' id='word_1_442' title='bbox 337 1985 459 2015; x_wconf 76' lang='lat' dir='ltr'><strong>agentes,</strong></span> <span class='ocrx_word' id='word_1_443' title='bbox 476 1981 524 2007; x_wconf 86' lang='lat' dir='ltr'><strong>sed</strong></span> <span class='ocrx_word' id='word_1_444' title='bbox 540 1985 569 2007; x_wconf 90' lang='lat' dir='ltr'><strong>ut</strong></span> <span class='ocrx_word' id='word_1_445' title='bbox 584 1987 646 2007; x_wconf 86' lang='lat' dir='ltr'><strong>cum</strong></span> <span class='ocrx_word' id='word_1_446' title='bbox 665 1981 745 2016; x_wconf 83' lang='lat' dir='ltr'><strong>vulgo</strong></span> <span class='ocrx_word' id='word_1_447' title='bbox 762 1981 916 2015; x_wconf 86' lang='lat' dir='ltr'><strong>loquamur,</strong></span> <span class='ocrx_word' id='word_1_448' title='bbox 927 1981 982 2009; x_wconf 86' lang='lat' dir='ltr'><strong>vel-</strong></span> 
     </span>
    </p>
   </div>
   <div class='ocr_carea' id='block_1_65' title="bbox 193 2028 376 2056">
    <p class='ocr_par' dir='ltr' id='par_1_65' title="bbox 193 2028 376 2056">
     <span class='ocr_line' id='line_1_65' title="bbox 193 2028 376 2056; baseline -0.005 0"><span class='ocrx_word' id='word_1_449' title='bbox 193 2028 250 2056; x_wconf 73' lang='lat' dir='ltr'><strong>lent</strong></span> <span class='ocrx_word' id='word_1_450' title='bbox 264 2029 376 2056; x_wconf 87' lang='lat' dir='ltr'><strong>nollent.</strong></span> 
     </span>
    </p>
   </div>
   <div class='ocr_carea' id='block_1_66' title="bbox 233 2072 980 2109">
    <p class='ocr_par' dir='ltr' id='par_1_66' title="bbox 233 2072 980 2109">
     <span class='ocr_line' id='line_1_66' title="bbox 233 2072 980 2109; baseline -0.001 -8"><span class='ocrx_word' id='word_1_451' title='bbox 233 2074 295 2103; x_wconf 72' lang='grc'>125.</span> <span class='ocrx_word' id='word_1_452' title='bbox 309 2074 371 2102; x_wconf 53' lang='lat' dir='ltr'><strong>Haec</strong></span> <span class='ocrx_word' id='word_1_453' title='bbox 388 2079 455 2102; x_wconf 88' lang='lat' dir='ltr'><strong>sunt</strong></span> <span class='ocrx_word' id='word_1_454' title='bbox 468 2074 561 2109; x_wconf 88' lang='lat' dir='ltr'><strong>gravia</strong></span> <span class='ocrx_word' id='word_1_455' title='bbox 574 2074 685 2108; x_wconf 89' lang='lat' dir='ltr'><strong>quidem</strong></span> <span class='ocrx_word' id='word_1_456' title='bbox 702 2077 784 2108; x_wconf 87' lang='lat' dir='ltr'><strong>atque</strong></span> <span class='ocrx_word' id='word_1_457' title='bbox 800 2072 832 2100; x_wconf 89' lang='lat' dir='ltr'><strong>ad</strong></span> <span class='ocrx_word' id='word_1_458' title='bbox 846 2073 980 2108; x_wconf 85' lang='lat' dir='ltr'><strong>pudorem</strong></span> 
     </span>
    </p>
   </div>
   <div class='ocr_carea' id='block_1_67' title="bbox 197 2118 981 2154">
    <p class='ocr_par' dir='ltr' id='par_1_67' title="bbox 197 2118 981 2154">
     <span class='ocr_line' id='line_1_67' title="bbox 197 2118 981 2154; baseline -0.004 -6"><span class='ocrx_word' id='word_1_459' title='bbox 197 2125 321 2148; x_wconf 80' lang='lat' dir='ltr'><strong>nostrum</strong></span> <span class='ocrx_word' id='word_1_460' title='bbox 337 2121 490 2154; x_wconf 79' lang='lat' dir='ltr'><strong>spectantia</strong></span> <span class='ocrx_word' id='word_1_461' title='bbox 508 2127 570 2154; x_wconf 73' lang='lat' dir='ltr'><strong>quae</strong></span> <span class='ocrx_word' id='word_1_462' title='bbox 580 2120 728 2146; x_wconf 87' lang='lat' dir='ltr'><strong>commissa</strong></span> <span class='ocrx_word' id='word_1_463' title='bbox 748 2123 813 2145; x_wconf 89' lang='lat' dir='ltr'><strong>sunt</strong></span> <span class='ocrx_word' id='word_1_464' title='bbox 826 2119 854 2145; x_wconf 90' lang='lat' dir='ltr'><strong>in</strong></span> <span class='ocrx_word' id='word_1_465' title='bbox 870 2118 981 2153; x_wconf 85' lang='lat' dir='ltr'><strong>propria</strong></span> 
     </span>
    </p>
   </div>
   <div class='ocr_carea' id='block_1_68' title="bbox 197 2164 978 2200">
    <p class='ocr_par' dir='ltr' id='par_1_68' title="bbox 197 2164 978 2200">
     <span class='ocr_line' id='line_1_68' title="bbox 197 2164 978 2200; baseline -0.003 -8"><span class='ocrx_word' id='word_1_466' title='bbox 197 2171 278 2200; x_wconf 86' lang='lat' dir='ltr'><strong>gente</strong></span> <span class='ocrx_word' id='word_1_467' title='bbox 295 2165 418 2200; x_wconf 89' lang='lat' dir='ltr'><strong>(quidam</strong></span> <span class='ocrx_word' id='word_1_468' title='bbox 432 2165 504 2192; x_wconf 91' lang='lat' dir='ltr'><strong>enim</strong></span> <span class='ocrx_word' id='word_1_469' title='bbox 519 2172 552 2192; x_wconf 87' lang='lat' dir='ltr'><strong>eo</strong></span> <span class='ocrx_word' id='word_1_470' title='bbox 562 2164 738 2192; x_wconf 86' lang='lat' dir='ltr'><strong>descendisse</strong></span> <span class='ocrx_word' id='word_1_471' title='bbox 751 2164 978 2198; x_wconf 85' lang='lat' dir='ltr'><strong>convincuntur),</strong></span> 
     </span>
    </p>
   </div>
   <div class='ocr_carea' id='block_1_69' title="bbox 198 2209 982 2245">
    <p class='ocr_par' dir='ltr' id='par_1_69' title="bbox 198 2209 982 2245">
     <span class='ocr_line' id='line_1_69' title="bbox 198 2209 982 2245; baseline -0.001 -8"><span class='ocrx_word' id='word_1_472' title='bbox 198 2218 232 2238; x_wconf 84' lang='lat' dir='ltr'><strong>ne</strong></span> <span class='ocrx_word' id='word_1_473' title='bbox 252 2218 300 2245; x_wconf 88' lang='lat' dir='ltr'><strong>per</strong></span> <span class='ocrx_word' id='word_1_474' title='bbox 317 2211 389 2237; x_wconf 86' lang='lat' dir='ltr'><strong>labia</strong></span> <span class='ocrx_word' id='word_1_475' title='bbox 406 2217 454 2238; x_wconf 86' lang='lat' dir='ltr'><strong>sua</strong></span> <span class='ocrx_word' id='word_1_476' title='bbox 472 2210 627 2237; x_wconf 86' lang='lat' dir='ltr'><strong>meminerit</strong></span> <span class='ocrx_word' id='word_1_477' title='bbox 642 2210 723 2237; x_wconf 84' lang='lat' dir='ltr'><strong>Deus.</strong></span> <span class='ocrx_word' id='word_1_478' title='bbox 751 2209 816 2237; x_wconf 85' lang='lat' dir='ltr'><strong>inde</strong></span> <span class='ocrx_word' id='word_1_479' title='bbox 842 2209 982 2236; x_wconf 85' lang='lat' dir='ltr'><strong>matrimo-</strong></span> 
     </span>
    </p>
   </div>
   <div class='ocr_carea' id='block_1_70' title="bbox 197 2255 1021 2300">
    <p class='ocr_par' dir='ltr' id='par_1_70' title="bbox 197 2255 1021 2300">
     <span class='ocr_line' id='line_1_70' title="bbox 197 2255 1021 2300; baseline 0.002 -18"><span class='ocrx_word' id='word_1_480' title='bbox 197 2257 243 2283; x_wconf 86' lang='lat' dir='ltr'><strong>nia</strong></span> <span class='ocrx_word' id='word_1_481' title='bbox 266 2263 321 2282; x_wconf 91' lang='lat' dir='ltr'><strong>non</strong></span> <span class='ocrx_word' id='word_1_482' title='bbox 341 2255 474 2290; x_wconf 85' lang='lat' dir='ltr'><strong>legitima,</strong></span> <span class='ocrx_word' id='word_1_483' title='bbox 492 2255 555 2283; x_wconf 88' lang='lat' dir='ltr'><strong>inde</strong></span> <span class='ocrx_word' id='word_1_484' title='bbox 579 2255 708 2283; x_wconf 85' lang='lat' dir='ltr'><strong>mulieres</strong></span> <span class='ocrx_word' id='word_1_485' title='bbox 731 2262 893 2284; x_wconf 82' lang='lat' dir='ltr'><strong>recusantes</strong></span> <span class='ocrx_word' id='word_1_486' title='bbox 913 2263 982 2291; x_wconf 84' lang='lat' dir='ltr'><strong>quos</strong></span> <span class='ocrx_word' id='word_1_487' title='bbox 994 2270 1021 2300; x_wconf 80' lang='lat' dir='ltr'><strong>D</strong></span> 
     </span>
    </p>
   </div>
   <div class='ocr_carea' id='block_1_71' title="bbox 198 2301 982 2336">
    <p class='ocr_par' dir='ltr' id='par_1_71' title="bbox 198 2301 982 2336">
     <span class='ocr_line' id='line_1_71' title="bbox 198 2301 982 2336; baseline 0.003 -8"><span class='ocrx_word' id='word_1_488' title='bbox 198 2302 273 2328; x_wconf 87' lang='lat' dir='ltr'><strong>viros</strong></span> <span class='ocrx_word' id='word_1_489' title='bbox 290 2301 333 2328; x_wconf 81' lang='lat' dir='ltr'><strong>lex</strong></span> <span class='ocrx_word' id='word_1_490' title='bbox 356 2301 444 2333; x_wconf 85' lang='lat' dir='ltr'><strong>novit,</strong></span> <span class='ocrx_word' id='word_1_491' title='bbox 473 2305 530 2328; x_wconf 91' lang='lat' dir='ltr'><strong>tum</strong></span> <span class='ocrx_word' id='word_1_492' title='bbox 558 2301 695 2336; x_wconf 88' lang='lat' dir='ltr'><strong>virginutn</strong></span> <span class='ocrx_word' id='word_1_493' title='bbox 720 2301 922 2334; x_wconf 83' lang='lat' dir='ltr'><strong>deﬂorationes.</strong></span> <span class='ocrx_word' id='word_1_494' title='bbox 948 2303 982 2330; x_wconf 85' lang='lat' dir='ltr'><strong>de</strong></span> 
     </span>
    </p>
   </div>
   <div class='ocr_carea' id='block_1_72' title="bbox 199 2346 981 2381">
    <p class='ocr_par' dir='ltr' id='par_1_72' title="bbox 199 2346 981 2381">
     <span class='ocr_line' id='line_1_72' title="bbox 199 2346 981 2381; baseline 0.004 -9"><span class='ocrx_word' id='word_1_495' title='bbox 199 2346 300 2380; x_wconf 87' lang='lat' dir='ltr'><strong>quibus</strong></span> <span class='ocrx_word' id='word_1_496' title='bbox 309 2346 392 2373; x_wconf 89' lang='lat' dir='ltr'><strong>duces</strong></span> <span class='ocrx_word' id='word_1_497' title='bbox 403 2347 500 2381; x_wconf 87' lang='lat' dir='ltr'><strong>partim</strong></span> <span class='ocrx_word' id='word_1_498' title='bbox 513 2353 568 2374; x_wconf 89' lang='lat' dir='ltr'><strong>non</strong></span> <span class='ocrx_word' id='word_1_499' title='bbox 585 2346 697 2373; x_wconf 88' lang='lat' dir='ltr'><strong>fuerunt</strong></span> <span class='ocrx_word' id='word_1_500' title='bbox 712 2346 802 2379; x_wconf 84' lang='lat' dir='ltr'><strong>liberi,</strong></span> <span class='ocrx_word' id='word_1_501' title='bbox 813 2348 911 2381; x_wconf 90' lang='lat' dir='ltr'><strong>partim</strong></span> <span class='ocrx_word' id='word_1_502' title='bbox 922 2348 981 2376; x_wconf 79' lang='lat' dir='ltr'><strong>illas</strong></span> 
     </span>
    </p>
   </div>
   <div class='ocr_carea' id='block_1_73' title="bbox 199 2384 982 2428">
    <p class='ocr_par' dir='ltr' id='par_1_73' title="bbox 199 2384 982 2428">
     <span class='ocr_line' id='line_1_73' title="bbox 199 2384 982 2428; baseline 0.003 -9"><span class='ocrx_word' id='word_1_503' title='bbox 199 2392 381 2424; x_wconf 79' lang='lat' dir='ltr'><strong>dimiserunt;</strong></span> <span class='ocrx_word' id='word_1_504' title='bbox 408 2397 464 2419; x_wconf 86' lang='lat' dir='ltr'><strong>tum</strong></span> <span class='ocrx_word' id='word_1_505' title='bbox 480 2392 550 2424; x_wconf 62' lang='lat' dir='ltr'><strong>,loca</strong></span> <span class='ocrx_word' id='word_1_506' title='bbox 576 2392 801 2425; x_wconf 87' lang='lat' dir='ltr'><strong>fornicationum,</strong></span> <span class='ocrx_word' id='word_1_507' title='bbox 828 2393 861 2421; x_wconf 90' lang='lat' dir='ltr'><strong>de</strong></span> <span class='ocrx_word' id='word_1_508' title='bbox 883 2384 982 2428; x_wconf 70' lang='lat' dir='ltr'><strong>quibus</strong></span> 
     </span>
    </p>
   </div>
   <div class='ocr_carea' id='block_1_74' title="bbox 200 2437 981 2473">
    <p class='ocr_par' dir='ltr' id='par_1_74' title="bbox 200 2437 981 2473">
     <span class='ocr_line' id='line_1_74' title="bbox 200 2437 981 2473; baseline 0.001 -8"><span class='ocrx_word' id='word_1_509' title='bbox 200 2439 284 2465; x_wconf 82' lang='lat' dir='ltr'><strong>multa</strong></span> <span class='ocrx_word' id='word_1_510' title='bbox 310 2438 443 2465; x_wconf 88' lang='lat' dir='ltr'><strong>attdenter</strong></span> <span class='ocrx_word' id='word_1_511' title='bbox 465 2437 583 2470; x_wconf 91' lang='lat' dir='ltr'><strong>locutus,</strong></span> <span class='ocrx_word' id='word_1_512' title='bbox 603 2438 709 2464; x_wconf 90' lang='lat' dir='ltr'><strong>nullum</strong></span> <span class='ocrx_word' id='word_1_513' title='bbox 724 2437 840 2465; x_wconf 86' lang='lat' dir='ltr'><strong>fructum</strong></span> <span class='ocrx_word' id='word_1_514' title='bbox 863 2438 981 2473; x_wconf 86' lang='lat' dir='ltr'><strong>percepi.</strong></span> 
     </span>
    </p>
   </div>
   <div class='ocr_carea' id='block_1_75' title="bbox 202 2484 983 2518">
    <p class='ocr_par' dir='ltr' id='par_1_75' title="bbox 202 2484 983 2518">
     <span class='ocr_line' id='line_1_75' title="bbox 202 2484 983 2518; baseline 0 -6"><span class='ocrx_word' id='word_1_515' title='bbox 202 2493 256 2512; x_wconf 93' lang='lat' dir='ltr'><strong>non</strong></span> <span class='ocrx_word' id='word_1_516' title='bbox 271 2485 365 2511; x_wconf 81' lang='lat' dir='ltr'><strong>valens</strong></span> <span class='ocrx_word' id='word_1_517' title='bbox 380 2489 503 2510; x_wconf 84' lang='lat' dir='ltr'><strong>avertere</strong></span> <span class='ocrx_word' id='word_1_518' title='bbox 517 2491 578 2518; x_wconf 68' lang='lat' dir='ltr'><strong>quae</strong></span> <span class='ocrx_word' id='word_1_519' title='bbox 594 2489 735 2518; x_wconf 73' lang='lat' dir='ltr'><strong>peccatum</strong></span> <span class='ocrx_word' id='word_1_520' title='bbox 753 2484 932 2517; x_wconf 82' lang='lat' dir='ltr'><strong>admiserant,</strong></span> <span class='ocrx_word' id='word_1_521' title='bbox 950 2492 983 2512; x_wconf 87' lang='lat' dir='ltr'><strong>eo</strong></span> 
     </span>
    </p>
   </div>
   <div class='ocr_carea' id='block_1_76' title="bbox 201 2530 983 2565">
    <p class='ocr_par' dir='ltr' id='par_1_76' title="bbox 201 2530 983 2565">
     <span class='ocr_line' id='line_1_76' title="bbox 201 2530 983 2565; baseline 0.001 -8"><span class='ocrx_word' id='word_1_522' title='bbox 201 2531 274 2564; x_wconf 86' lang='lat' dir='ltr'><strong>quod</strong></span> <span class='ocrx_word' id='word_1_523' title='bbox 300 2530 379 2558; x_wconf 83' lang='lat' dir='ltr'><strong>dulce</strong></span> <span class='ocrx_word' id='word_1_524' title='bbox 396 2537 518 2557; x_wconf 83' lang='lat' dir='ltr'><strong>amarum</strong></span> <span class='ocrx_word' id='word_1_525' title='bbox 543 2530 598 2564; x_wconf 87' lang='lat' dir='ltr'><strong>jam</strong></span> <span class='ocrx_word' id='word_1_526' title='bbox 616 2531 812 2565; x_wconf 84' lang='lat' dir='ltr'><strong>gustavissent,</strong></span> <span class='ocrx_word' id='word_1_527' title='bbox 835 2530 983 2564; x_wconf 90' lang='lat' dir='ltr'><strong>aliquando</strong></span> 
     </span>
    </p>
   </div>
   <div class='ocr_carea' id='block_1_77' title="bbox 202 2576 984 2610">
    <p class='ocr_par' dir='ltr' id='par_1_77' title="bbox 202 2576 984 2610">
     <span class='ocr_line' id='line_1_77' title="bbox 202 2576 984 2610; baseline -0.001 -6"><span class='ocrx_word' id='word_1_528' title='bbox 202 2577 347 2604; x_wconf 83' lang='lat' dir='ltr'><strong>adversum</strong></span> <span class='ocrx_word' id='word_1_529' title='bbox 363 2583 416 2607; x_wconf 87' lang='lat' dir='ltr'><strong>me,</strong></span> <span class='ocrx_word' id='word_1_530' title='bbox 432 2580 461 2602; x_wconf 93' lang='lat' dir='ltr'><strong>ut</strong></span> <span class='ocrx_word' id='word_1_531' title='bbox 472 2583 580 2610; x_wconf 81' lang='lat' dir='ltr'><strong>gravem</strong></span> <span class='ocrx_word' id='word_1_532' title='bbox 593 2576 626 2602; x_wconf 85' lang='lat' dir='ltr'><strong>ad</strong></span> <span class='ocrx_word' id='word_1_533' title='bbox 644 2576 801 2609; x_wconf 87' lang='lat' dir='ltr'><strong>videndum,</strong></span> <span class='ocrx_word' id='word_1_534' title='bbox 815 2576 984 2603; x_wconf 86' lang='lat' dir='ltr'><strong>succlaman-</strong></span> 
     </span>
    </p>
   </div>
   <div class='ocr_carea' id='block_1_78' title="bbox 203 2622 732 2656">
    <p class='ocr_par' dir='ltr' id='par_1_78' title="bbox 203 2622 732 2656">
     <span class='ocr_line' id='line_1_78' title="bbox 203 2622 732 2656; baseline -0.004 -6"><span class='ocrx_word' id='word_1_535' title='bbox 203 2627 244 2650; x_wconf 80' lang='lat' dir='ltr'><strong>tes</strong></span> <span class='ocrx_word' id='word_1_536' title='bbox 261 2632 270 2648; x_wconf 78' lang='grc' dir='ltr'>ι</span> <span class='ocrx_word' id='word_1_537' title='bbox 290 2629 385 2650; x_wconf 86' lang='lat' dir='ltr'><strong>canem</strong></span> <span class='ocrx_word' id='word_1_538' title='bbox 401 2622 551 2650; x_wconf 84' lang='lat' dir='ltr'><strong>abortivum</strong></span> <span class='ocrx_word' id='word_1_539' title='bbox 564 2625 700 2656; x_wconf 85' lang='lat' dir='ltr'><strong>gustasse.</strong></span> <span class='ocrx_word' id='word_1_540' title='bbox 723 2631 732 2647; x_wconf 76' lang='grc' dir='ltr'><strong>ι</strong></span> 
     </span>
    </p>
   </div>
   <div class='ocr_carea' id='block_1_79' title="bbox 237 2710 985 2745">
    <p class='ocr_par' dir='ltr' id='par_1_79' title="bbox 237 2710 985 2745">
     <span class='ocr_line' id='line_1_79' title="bbox 237 2710 985 2745; baseline 0 -7"><span class='ocrx_word' id='word_1_541' title='bbox 237 2711 300 2739; x_wconf 76' lang='grc'><strong>126.</strong></span> <span class='ocrx_word' id='word_1_542' title='bbox 326 2711 448 2745; x_wconf 86' lang='lat' dir='ltr'><strong>Denique</strong></span> <span class='ocrx_word' id='word_1_543' title='bbox 464 2710 514 2738; x_wconf 88' lang='lat' dir='ltr'><strong>soli</strong></span> <span class='ocrx_word' id='word_1_544' title='bbox 531 2714 620 2738; x_wconf 85' lang='lat' dir='ltr'><strong>motus</strong></span> <span class='ocrx_word' id='word_1_545' title='bbox 642 2715 669 2737; x_wconf 90' lang='lat' dir='ltr'><strong>et</strong></span> <span class='ocrx_word' id='word_1_546' title='bbox 690 2711 795 2737; x_wconf 78' lang='lat' dir='ltr'><strong>ﬁssurae</strong></span> <span class='ocrx_word' id='word_1_547' title='bbox 819 2711 916 2745; x_wconf 89' lang='lat' dir='ltr'><strong>quibus</strong></span> <span class='ocrx_word' id='word_1_548' title='bbox 937 2711 985 2738; x_wconf 85' lang='lat' dir='ltr'><strong>do-</strong></span> 
     </span>
    </p>
   </div>
   <div class='ocr_carea' id='block_1_80' title="bbox 202 2757 984 2790">
    <p class='ocr_par' dir='ltr' id='par_1_80' title="bbox 202 2757 984 2790">
     <span class='ocr_line' id='line_1_80' title="bbox 202 2757 984 2790; baseline 0.001 -6"><span class='ocrx_word' id='word_1_549' title='bbox 202 2766 263 2785; x_wconf 89' lang='lat' dir='ltr'><strong>mus</strong></span> <span class='ocrx_word' id='word_1_550' title='bbox 274 2765 370 2785; x_wconf 89' lang='lat' dir='ltr'><strong>omnes</strong></span> <span class='ocrx_word' id='word_1_551' title='bbox 381 2757 488 2785; x_wconf 69' lang='lat' dir='ltr'><strong>eﬂ‘ossa:</strong></span> <span class='ocrx_word' id='word_1_552' title='bbox 499 2757 618 2790; x_wconf 88' lang='lat' dir='ltr'><strong>fuerant,</strong></span> <span class='ocrx_word' id='word_1_553' title='bbox 633 2757 843 2784; x_wconf 83' lang='lat' dir='ltr'><strong>suilodientibus</strong></span> <span class='ocrx_word' id='word_1_554' title='bbox 858 2757 984 2785; x_wconf 71' lang='lat' dir='ltr'><strong>Barbari:</strong></span> 
     </span>
    </p>
   </div>
   <div class='ocr_carea' id='block_1_81' title="bbox 201 2802 986 2839">
    <p class='ocr_par' dir='ltr' id='par_1_81' title="bbox 201 2802 986 2839">
     <span class='ocr_line' id='line_1_81' title="bbox 201 2802 986 2839; baseline 0 -9"><span class='ocrx_word' id='word_1_555' title='bbox 201 2804 278 2839; x_wconf 79' lang='lat' dir='ltr'><strong>quasi</strong></span> <span class='ocrx_word' id='word_1_556' title='bbox 293 2803 413 2831; x_wconf 85' lang='lat' dir='ltr'><strong>cuniculi</strong></span> <span class='ocrx_word' id='word_1_557' title='bbox 434 2803 475 2830; x_wconf 85' lang='lat' dir='ltr'><strong>vel</strong></span> <span class='ocrx_word' id='word_1_558' title='bbox 493 2803 583 2837; x_wconf 60' lang='lat' dir='ltr'><strong>talpae,</strong></span> <span class='ocrx_word' id='word_1_559' title='bbox 603 2803 645 2829; x_wconf 90' lang='lat' dir='ltr'><strong>vel</strong></span> <span class='ocrx_word' id='word_1_560' title='bbox 669 2802 752 2837; x_wconf 84' lang='lat' dir='ltr'><strong>porci,</strong></span> <span class='ocrx_word' id='word_1_561' title='bbox 776 2803 816 2830; x_wconf 82' lang='lat' dir='ltr'><strong>vel</strong></span> <span class='ocrx_word' id='word_1_562' title='bbox 840 2803 912 2830; x_wconf 83' lang='lat' dir='ltr'><strong>aliud</strong></span> <span class='ocrx_word' id='word_1_563' title='bbox 926 2803 986 2830; x_wconf 91' lang='lat' dir='ltr'><strong>ani-</strong></span> 
     </span>
    </p>
   </div>
   <div class='ocr_carea' id='block_1_82' title="bbox 201 2849 986 2881">
    <p class='ocr_par' dir='ltr' id='par_1_82' title="bbox 201 2849 986 2881">
     <span class='ocr_line' id='line_1_82' title="bbox 201 2849 986 2881; baseline 0.003 -6"><span class='ocrx_word' id='word_1_564' title='bbox 201 2849 255 2876; x_wconf 86' lang='lat' dir='ltr'><strong>mal</strong></span> <span class='ocrx_word' id='word_1_565' title='bbox 270 2849 378 2877; x_wconf 81' lang='lat' dir='ltr'><strong>radices</strong></span> <span class='ocrx_word' id='word_1_566' title='bbox 398 2851 483 2876; x_wconf 89' lang='lat' dir='ltr'><strong>edens</strong></span> <span class='ocrx_word' id='word_1_567' title='bbox 498 2849 549 2876; x_wconf 91' lang='lat' dir='ltr'><strong>sub</strong></span> <span class='ocrx_word' id='word_1_568' title='bbox 568 2849 651 2876; x_wconf 87' lang='lat' dir='ltr'><strong>butno</strong></span> <span class='ocrx_word' id='word_1_569' title='bbox 667 2849 769 2881; x_wconf 83' lang='lat' dir='ltr'><strong>vivens,</strong></span> <span class='ocrx_word' id='word_1_570' title='bbox 786 2854 815 2876; x_wconf 92' lang='lat' dir='ltr'><strong>ut</strong></span> <span class='ocrx_word' id='word_1_571' title='bbox 830 2857 893 2877; x_wconf 84' lang='lat' dir='ltr'><strong>vero</strong></span> <span class='ocrx_word' id='word_1_572' title='bbox 907 2850 986 2877; x_wconf 78' lang='lat' dir='ltr'><strong>aliter</strong></span> 
     </span>
    </p>
   </div>
   <div class='ocr_carea' id='block_1_83' title="bbox 201 2893 985 2930">
    <p class='ocr_par' dir='ltr' id='par_1_83' title="bbox 201 2893 985 2930">
     <span class='ocr_line' id='line_1_83' title="bbox 201 2893 985 2930; baseline 0.004 -9"><span class='ocrx_word' id='word_1_573' title='bbox 201 2893 356 2930; x_wconf 79' lang='lat' dir='ltr'><strong>loquamur,</strong></span> <span class='ocrx_word' id='word_1_574' title='bbox 375 2895 452 2929; x_wconf 88' lang='lat' dir='ltr'><strong>quasi</strong></span> <span class='ocrx_word' id='word_1_575' title='bbox 469 2899 602 2923; x_wconf 84' lang='lat' dir='ltr'><strong>aratores.</strong></span> <span class='ocrx_word' id='word_1_576' title='bbox 616 2893 728 2923; x_wconf 86' lang='lat' dir='ltr'><strong>Videtur</strong></span> <span class='ocrx_word' id='word_1_577' title='bbox 743 2895 815 2923; x_wconf 89' lang='lat' dir='ltr'><strong>enim</strong></span> <span class='ocrx_word' id='word_1_578' title='bbox 834 2895 905 2923; x_wconf 89' lang='lat' dir='ltr'><strong>velut</strong></span> <span class='ocrx_word' id='word_1_579' title='bbox 923 2903 985 2924; x_wconf 87' lang='lat' dir='ltr'><strong>cum</strong></span> 
     </span>
    </p>
   </div>
   <div class='ocr_carea' id='block_1_84' title="bbox 1067 1339 1814 1375">
    <p class='ocr_par' dir='ltr' id='par_1_84' title="bbox 1067 1339 1814 1375">
     <span class='ocr_line' id='line_1_84' title="bbox 1067 1339 1814 1375; baseline 0.003 -9"><span class='ocrx_word' id='word_1_580' title='bbox 1067 1339 1134 1374; x_wconf 84' lang='grc' dir='ltr'><strong>ρκδ’.</strong></span> <span class='ocrx_word' id='word_1_581' title='bbox 1151 1339 1242 1365; x_wconf 79' lang='grc' dir='ltr'><strong>Ταῦτα</strong></span> <span class='ocrx_word' id='word_1_582' title='bbox 1256 1339 1288 1375; x_wconf 80' lang='grc' dir='ltr'><strong>δὴ</strong></span> <span class='ocrx_word' id='word_1_583' title='bbox 1304 1340 1351 1367; x_wconf 79' lang='grc' dir='ltr'><strong>καὶ</strong></span> <span class='ocrx_word' id='word_1_584' title='bbox 1369 1339 1472 1366; x_wconf 88' lang='grc' dir='ltr'><strong>τούτων</strong></span> <span class='ocrx_word' id='word_1_585' title='bbox 1487 1339 1568 1375; x_wconf 75' lang='grc' dir='ltr'><strong>ἕτερα</strong></span> <span class='ocrx_word' id='word_1_586' title='bbox 1583 1340 1679 1372; x_wconf 73' lang='grc' dir='ltr'><strong>πλείω,</strong></span> <span class='ocrx_word' id='word_1_587' title='bbox 1696 1341 1743 1368; x_wconf 79' lang='grc' dir='ltr'><strong>καὶ</strong></span> <span class='ocrx_word' id='word_1_588' title='bbox 1760 1342 1814 1375; x_wconf 84' lang='grc' dir='ltr'><strong>μά-</strong></span> 
     </span>
    </p>
   </div>
   <div class='ocr_carea' id='block_1_85' title="bbox 1028 1385 1813 1421">
    <p class='ocr_par' dir='ltr' id='par_1_85' title="bbox 1028 1385 1813 1421">
     <span class='ocr_line' id='line_1_85' title="bbox 1028 1385 1813 1421; baseline 0.001 -7"><span class='ocrx_word' id='word_1_589' title='bbox 1028 1388 1107 1414; x_wconf 80' lang='grc' dir='ltr'><strong>λιστα</strong></span> <span class='ocrx_word' id='word_1_590' title='bbox 1125 1386 1155 1414; x_wconf 70' lang='grc' dir='ltr'><strong>τὸ</strong></span> <span class='ocrx_word' id='word_1_591' title='bbox 1164 1385 1347 1421; x_wconf 83' lang='grc' dir='ltr'><strong>γυμνιτεύειν,</strong></span> <span class='ocrx_word' id='word_1_592' title='bbox 1368 1387 1414 1412; x_wconf 78' lang='grc' dir='ltr'><strong>καὶ</strong></span> <span class='ocrx_word' id='word_1_593' title='bbox 1427 1387 1441 1412; x_wconf 89' lang='grc' dir='ltr'><strong>ό</strong></span> <span class='ocrx_word' id='word_1_594' title='bbox 1460 1386 1537 1421; x_wconf 80' lang='grc' dir='ltr'><strong>λιμὸς</strong></span> <span class='ocrx_word' id='word_1_595' title='bbox 1556 1388 1620 1418; x_wconf 81' lang='grc' dir='ltr'><strong>τοὺς</strong></span> <span class='ocrx_word' id='word_1_596' title='bbox 1634 1387 1747 1420; x_wconf 85' lang='grc' dir='ltr'><strong>πολλοὺς</strong></span> <span class='ocrx_word' id='word_1_597' title='bbox 1757 1389 1813 1415; x_wconf 83' lang='grc' dir='ltr'><strong>τῶν</strong></span> 
     </span>
    </p>
   </div>
   <div class='ocr_carea' id='block_1_86' title="bbox 1029 1432 1815 1468">
    <p class='ocr_par' dir='ltr' id='par_1_86' title="bbox 1029 1432 1815 1468">
     <span class='ocr_line' id='line_1_86' title="bbox 1029 1432 1815 1468; baseline -0.001 -7"><span class='ocrx_word' id='word_1_598' title='bbox 1029 1433 1221 1468; x_wconf 79' lang='grc' dir='ltr'><strong>αἰχμαλώτων,</strong></span> <span class='ocrx_word' id='word_1_599' title='bbox 1241 1432 1372 1468; x_wconf 87' lang='grc' dir='ltr'><strong>θροοῦντα</strong></span> <span class='ocrx_word' id='word_1_600' title='bbox 1395 1433 1443 1459; x_wconf 85' lang='grc' dir='ltr'><strong>καὶ</strong></span> <span class='ocrx_word' id='word_1_601' title='bbox 1467 1433 1678 1467; x_wconf 78' lang='grc' dir='ltr'><strong>διαταράττοντα</strong></span> <span class='ocrx_word' id='word_1_602' title='bbox 1697 1434 1749 1466; x_wconf 72' lang='grc' dir='ltr'><strong>ἕως</strong></span> <span class='ocrx_word' id='word_1_603' title='bbox 1765 1434 1815 1462; x_wconf 78' lang='grc' dir='ltr'><strong>καὶ</strong></span> 
     </span>
    </p>
   </div>
   <div class='ocr_carea' id='block_1_87' title="bbox 1029 1478 1814 1515">
    <p class='ocr_par' dir='ltr' id='par_1_87' title="bbox 1029 1478 1814 1515">
     <span class='ocr_line' id='line_1_87' title="bbox 1029 1478 1814 1515; baseline 0 -9"><span class='ocrx_word' id='word_1_604' title='bbox 1029 1481 1069 1510; x_wconf 85' lang='grc' dir='ltr'><strong>εις</strong></span> <span class='ocrx_word' id='word_1_605' title='bbox 1086 1479 1200 1506; x_wconf 83' lang='grc' dir='ltr'><strong>θάνατον</strong></span> <span class='ocrx_word' id='word_1_606' title='bbox 1215 1480 1264 1510; x_wconf 82' lang='grc' dir='ltr'><strong>τὰς</strong></span> <span class='ocrx_word' id='word_1_607' title='bbox 1287 1479 1374 1513; x_wconf 79' lang='grc' dir='ltr'><strong>ψυχὰς</strong></span> <span class='ocrx_word' id='word_1_608' title='bbox 1390 1478 1520 1513; x_wconf 78' lang='grc' dir='ltr'><strong>ἠρέθισαν</strong></span> <span class='ocrx_word' id='word_1_609' title='bbox 1537 1479 1597 1505; x_wconf 83' lang='grc' dir='ltr'><strong>κατ’</strong></span> <span class='ocrx_word' id='word_1_610' title='bbox 1613 1480 1737 1515; x_wconf 83' lang='grc' dir='ltr'><strong>ἀνάγκην</strong></span> <span class='ocrx_word' id='word_1_611' title='bbox 1754 1480 1814 1514; x_wconf 76' lang='grc' dir='ltr'><strong>(καὶ</strong></span> 
     </span>
    </p>
   </div>
   <div class='ocr_carea' id='block_1_88' title="bbox 1028 1524 1814 1560">
    <p class='ocr_par' dir='ltr' id='par_1_88' title="bbox 1028 1524 1814 1560">
     <span class='ocr_line' id='line_1_88' title="bbox 1028 1524 1814 1560; baseline -0.001 -8"><span class='ocrx_word' id='word_1_612' title='bbox 1028 1525 1121 1560; x_wconf 76' lang='grc' dir='ltr'><strong>τιγὰρ</strong></span> <span class='ocrx_word' id='word_1_613' title='bbox 1141 1524 1205 1552; x_wconf 75' lang='grc' dir='ltr'><strong>ἄλλο</strong></span> <span class='ocrx_word' id='word_1_614' title='bbox 1220 1525 1430 1559; x_wconf 77' lang='grc' dir='ltr'><strong>ἐμηχανήσαντο</strong></span> <span class='ocrx_word' id='word_1_615' title='bbox 1458 1524 1522 1558; x_wconf 62' lang='lat' dir='ltr'><strong>diu)</strong></span> <span class='ocrx_word' id='word_1_616' title='bbox 1551 1525 1727 1552; x_wconf 77' lang='grc' dir='ltr'><strong>ὑπαικάλλιιν</strong></span> <span class='ocrx_word' id='word_1_617' title='bbox 1749 1525 1814 1556; x_wconf 79' lang='grc' dir='ltr'><strong>τοὺς</strong></span> 
     </span>
    </p>
   </div>
   <div class='ocr_carea' id='block_1_89' title="bbox 1030 1569 1812 1604">
    <p class='ocr_par' dir='ltr' id='par_1_89' title="bbox 1030 1569 1812 1604">
     <span class='ocr_line' id='line_1_89' title="bbox 1030 1569 1812 1604; baseline -0.001 -7"><span class='ocrx_word' id='word_1_618' title='bbox 1030 1571 1170 1603; x_wconf 80' lang='grc' dir='ltr'><strong>Λατίνους,</strong></span> <span class='ocrx_word' id='word_1_619' title='bbox 1185 1569 1356 1604; x_wconf 80' lang='grc' dir='ltr'><strong>ὑποτρέχειν,</strong></span> <span class='ocrx_word' id='word_1_620' title='bbox 1370 1569 1539 1601; x_wconf 76' lang='grc' dir='ltr'><strong>κολακεύειν,</strong></span> <span class='ocrx_word' id='word_1_621' title='bbox 1553 1569 1682 1602; x_wconf 85' lang='grc' dir='ltr'><strong>Οώπτειν,</strong></span> <span class='ocrx_word' id='word_1_622' title='bbox 1699 1569 1812 1603; x_wconf 81' lang='grc' dir='ltr'><strong>σαίνειν,</strong></span> 
     </span>
    </p>
   </div>
   <div class='ocr_carea' id='block_1_90' title="bbox 1030 1611 1816 1650">
    <p class='ocr_par' dir='ltr' id='par_1_90' title="bbox 1030 1611 1816 1650">
     <span class='ocr_line' id='line_1_90' title="bbox 1030 1611 1816 1650; baseline 0 -7"><span class='ocrx_word' id='word_1_623' title='bbox 1030 1615 1176 1646; x_wconf 82' lang='grc' dir='ltr'><strong>δουλεύειν,</strong></span> <span class='ocrx_word' id='word_1_624' title='bbox 1195 1615 1282 1642; x_wconf 81' lang='grc' dir='ltr'><strong>πάντα</strong></span> <span class='ocrx_word' id='word_1_625' title='bbox 1297 1616 1392 1647; x_wconf 82' lang='grc' dir='ltr'><strong>ποιεῖν,</strong></span> <span class='ocrx_word' id='word_1_626' title='bbox 1407 1615 1437 1648; x_wconf 76' lang='grc' dir='ltr'><strong>ἐξ</strong></span> <span class='ocrx_word' id='word_1_627' title='bbox 1450 1611 1488 1645; x_wconf 80' lang='grc' dir='ltr'><strong>ὧν</strong></span> <span class='ocrx_word' id='word_1_628' title='bbox 1503 1614 1536 1642; x_wconf 76' lang='grc' dir='ltr'><strong>ἂν</strong></span> <span class='ocrx_word' id='word_1_629' title='bbox 1560 1615 1606 1642; x_wconf 79' lang='grc' dir='ltr'><strong>καὶ</strong></span> <span class='ocrx_word' id='word_1_630' title='bbox 1621 1614 1747 1650; x_wconf 80' lang='grc' dir='ltr'><strong>ζήσαιεν,</strong></span> <span class='ocrx_word' id='word_1_631' title='bbox 1766 1616 1816 1643; x_wconf 60' lang='grc' dir='ltr'><strong>καλ</strong></span> 
     </span>
    </p>
   </div>
   <div class='ocr_carea' id='block_1_91' title="bbox 1032 1661 1815 1698">
    <p class='ocr_par' dir='ltr' id='par_1_91' title="bbox 1032 1661 1815 1698">
     <span class='ocr_line' id='line_1_91' title="bbox 1032 1661 1815 1698; baseline 0 -10"><span class='ocrx_word' id='word_1_632' title='bbox 1032 1662 1099 1698; x_wconf 78' lang='grc' dir='ltr'><strong>μηδὲ</strong></span> <span class='ocrx_word' id='word_1_633' title='bbox 1119 1661 1200 1696; x_wconf 74' lang='grc' dir='ltr'><strong>φόϐον</strong></span> <span class='ocrx_word' id='word_1_634' title='bbox 1217 1661 1314 1696; x_wconf 75' lang='grc' dir='ltr'><strong>ἔχοιεν,</strong></span> <span class='ocrx_word' id='word_1_635' title='bbox 1334 1661 1489 1688; x_wconf 81' lang='grc' dir='ltr'><strong>Κάντεῦθεν</strong></span> <span class='ocrx_word' id='word_1_636' title='bbox 1510 1662 1579 1688; x_wconf 70' lang='grc' dir='ltr'><strong>εἰσὶν</strong></span> <span class='ocrx_word' id='word_1_637' title='bbox 1593 1661 1618 1687; x_wconf 81' lang='grc' dir='ltr'><strong>οἶ</strong></span> <span class='ocrx_word' id='word_1_638' title='bbox 1641 1662 1815 1697; x_wconf 68' lang='grc' dir='ltr'><strong>προσέκοψαν</strong></span> 
     </span>
    </p>
   </div>
   <div class='ocr_carea' id='block_1_92' title="bbox 1031 1707 1815 1743">
    <p class='ocr_par' dir='ltr' id='par_1_92' title="bbox 1031 1707 1815 1743">
     <span class='ocr_line' id='line_1_92' title="bbox 1031 1707 1815 1743; baseline -0.001 -8"><span class='ocrx_word' id='word_1_639' title='bbox 1031 1710 1072 1740; x_wconf 85' lang='grc' dir='ltr'><strong>εις</strong></span> <span class='ocrx_word' id='word_1_640' title='bbox 1092 1709 1138 1735; x_wconf 67' lang='grc' dir='ltr'><strong>τὸν</strong></span> <span class='ocrx_word' id='word_1_641' title='bbox 1151 1707 1230 1742; x_wconf 82' lang='grc' dir='ltr'><strong>ὀρθὸν</strong></span> <span class='ocrx_word' id='word_1_642' title='bbox 1245 1708 1346 1743; x_wconf 87' lang='grc' dir='ltr'><strong>δρόμον</strong></span> <span class='ocrx_word' id='word_1_643' title='bbox 1361 1708 1486 1739; x_wconf 80' lang='grc' dir='ltr'><strong>ἄκοντες.</strong></span> <span class='ocrx_word' id='word_1_644' title='bbox 1504 1708 1536 1734; x_wconf 80' lang='lat' dir='ltr'><strong>0i.</strong></span> <span class='ocrx_word' id='word_1_645' title='bbox 1555 1710 1611 1742; x_wconf 79' lang='grc' dir='ltr'><strong>γὰρ</strong></span> <span class='ocrx_word' id='word_1_646' title='bbox 1626 1707 1664 1743; x_wconf 77' lang='grc' dir='ltr'><strong>μὴ</strong></span> <span class='ocrx_word' id='word_1_647' title='bbox 1679 1707 1815 1743; x_wconf 74' lang='grc' dir='ltr'><strong>ἔμφρονες</strong></span> 
     </span>
    </p>
   </div>
   <div class='ocr_carea' id='block_1_93' title="bbox 1031 1754 1814 1789">
    <p class='ocr_par' dir='ltr' id='par_1_93' title="bbox 1031 1754 1814 1789">
     <span class='ocr_line' id='line_1_93' title="bbox 1031 1754 1814 1789; baseline -0.004 -7"><span class='ocrx_word' id='word_1_648' title='bbox 1031 1755 1078 1782; x_wconf 75' lang='grc' dir='ltr'><strong>καὶ</strong></span> <span class='ocrx_word' id='word_1_649' title='bbox 1092 1755 1292 1788; x_wconf 82' lang='grc' dir='ltr'><strong>κατελάλησαν,</strong></span> <span class='ocrx_word' id='word_1_650' title='bbox 1307 1754 1354 1781; x_wconf 68' lang='grc' dir='ltr'><strong>καὶ</strong></span> <span class='ocrx_word' id='word_1_651' title='bbox 1374 1754 1520 1788; x_wconf 77' lang='grc' dir='ltr'><strong>θησαυρῶν</strong></span> <span class='ocrx_word' id='word_1_652' title='bbox 1539 1754 1732 1789; x_wconf 72' lang='grc' dir='ltr'><strong>κατεμήνυσαν</strong></span> <span class='ocrx_word' id='word_1_653' title='bbox 1745 1755 1814 1789; x_wconf 66' lang='grc' dir='ltr'><strong>κρύη</strong></span> 
     </span>
    </p>
   </div>
   <div class='ocr_carea' id='block_1_94' title="bbox 1031 1800 1815 1836">
    <p class='ocr_par' dir='ltr' id='par_1_94' title="bbox 1031 1800 1815 1836">
     <span class='ocr_line' id='line_1_94' title="bbox 1031 1800 1815 1836; baseline 0 -10"><span class='ocrx_word' id='word_1_654' title='bbox 1031 1800 1102 1836; x_wconf 79' lang='grc' dir='ltr'><strong>ψεις,</strong></span> <span class='ocrx_word' id='word_1_655' title='bbox 1119 1802 1167 1828; x_wconf 74' lang='grc' dir='ltr'><strong>καὶ</strong></span> <span class='ocrx_word' id='word_1_656' title='bbox 1184 1801 1323 1835; x_wconf 70' lang='grc' dir='ltr'><strong>ἥρπασαν,</strong></span> <span class='ocrx_word' id='word_1_657' title='bbox 1343 1801 1390 1827; x_wconf 78' lang='grc' dir='ltr'><strong>καὶ</strong></span> <span class='ocrx_word' id='word_1_658' title='bbox 1401 1800 1548 1835; x_wconf 77' lang='grc' dir='ltr'><strong>ἐσύλησαν.</strong></span> <span class='ocrx_word' id='word_1_659' title='bbox 1573 1800 1767 1836; x_wconf 83' lang='grc' dir='ltr'><strong>Ἰχνηλάτησαν</strong></span> <span class='ocrx_word' id='word_1_660' title='bbox 1785 1800 1815 1826; x_wconf 76' lang='grc' dir='ltr'><strong>δὲ</strong></span> 
     </span>
    </p>
   </div>
   <div class='ocr_carea' id='block_1_95' title="bbox 1031 1845 1817 1880">
    <p class='ocr_par' dir='ltr' id='par_1_95' title="bbox 1031 1845 1817 1880">
     <span class='ocr_line' id='line_1_95' title="bbox 1031 1845 1817 1880; baseline 0.001 -8"><span class='ocrx_word' id='word_1_661' title='bbox 1031 1848 1078 1872; x_wconf 75' lang='grc' dir='ltr'><strong>καὶ</strong></span> <span class='ocrx_word' id='word_1_662' title='bbox 1092 1845 1226 1880; x_wconf 78' lang='grc' dir='ltr'><strong>φυγάδας,</strong></span> <span class='ocrx_word' id='word_1_663' title='bbox 1239 1845 1287 1872; x_wconf 83' lang='grc' dir='ltr'><strong>τοῦ</strong></span> <span class='ocrx_word' id='word_1_664' title='bbox 1304 1845 1387 1872; x_wconf 80' lang='grc' dir='ltr'><strong>αὑτοῦ</strong></span> <span class='ocrx_word' id='word_1_665' title='bbox 1411 1845 1526 1880; x_wconf 78' lang='grc' dir='ltr'><strong>αἵματος</strong></span> <span class='ocrx_word' id='word_1_666' title='bbox 1546 1846 1608 1877; x_wconf 78' lang='grc' dir='ltr'><strong>τοὺς</strong></span> <span class='ocrx_word' id='word_1_667' title='bbox 1624 1845 1748 1879; x_wconf 79' lang='grc' dir='ltr'><strong>πολλοὺς,</strong></span> <span class='ocrx_word' id='word_1_668' title='bbox 1765 1846 1817 1873; x_wconf 78' lang='grc' dir='ltr'><strong>καὶ</strong></span> 
     </span>
    </p>
   </div>
   <div class='ocr_carea' id='block_1_96' title="bbox 1031 1890 1813 1926">
    <p class='ocr_par' dir='ltr' id='par_1_96' title="bbox 1031 1890 1813 1926">
     <span class='ocr_line' id='line_1_96' title="bbox 1031 1890 1813 1926; baseline 0 -8"><span class='ocrx_word' id='word_1_669' title='bbox 1031 1891 1167 1925; x_wconf 79' lang='grc' dir='ltr'><strong>ἁγρεῦσαι</strong></span> <span class='ocrx_word' id='word_1_670' title='bbox 1182 1891 1238 1922; x_wconf 85' lang='grc' dir='ltr'><strong>τοῖς</strong></span> <span class='ocrx_word' id='word_1_671' title='bbox 1254 1892 1349 1922; x_wconf 79' lang='grc' dir='ltr'><strong>κακοῖς</strong></span> <span class='ocrx_word' id='word_1_672' title='bbox 1364 1890 1496 1926; x_wconf 80' lang='grc' dir='ltr'><strong>θηραταῖς</strong></span> <span class='ocrx_word' id='word_1_673' title='bbox 1512 1891 1654 1924; x_wconf 82' lang='grc' dir='ltr'><strong>δεδώκασι,</strong></span> <span class='ocrx_word' id='word_1_674' title='bbox 1667 1892 1714 1919; x_wconf 78' lang='grc' dir='ltr'><strong>καὶ</strong></span> <span class='ocrx_word' id='word_1_675' title='bbox 1727 1892 1813 1918; x_wconf 70' lang='grc' dir='ltr'><strong>πολλὰ</strong></span> 
     </span>
    </p>
   </div>
   <div class='ocr_carea' id='block_1_97' title="bbox 1031 1936 1814 1971">
    <p class='ocr_par' dir='ltr' id='par_1_97' title="bbox 1031 1936 1814 1971">
     <span class='ocr_line' id='line_1_97' title="bbox 1031 1936 1814 1971; baseline 0.003 -8"><span class='ocrx_word' id='word_1_676' title='bbox 1031 1936 1113 1971; x_wconf 68' lang='grc' dir='ltr'><strong>ἕτερα</strong></span> <span class='ocrx_word' id='word_1_677' title='bbox 1132 1936 1298 1971; x_wconf 76' lang='grc' dir='ltr'><strong>ἐξήμαρτον,</strong></span> <span class='ocrx_word' id='word_1_678' title='bbox 1316 1936 1374 1963; x_wconf 72' lang='grc' dir='ltr'><strong>οὔτι</strong></span> <span class='ocrx_word' id='word_1_679' title='bbox 1400 1937 1508 1968; x_wconf 68' lang='grc' dir='ltr'><strong>ἑκόντες</strong></span> <span class='ocrx_word' id='word_1_680' title='bbox 1522 1937 1551 1968; x_wconf 82' lang='grc' dir='ltr'><strong>ἐς</strong></span> <span class='ocrx_word' id='word_1_681' title='bbox 1572 1945 1604 1971; x_wconf 87' lang='grc' dir='ltr'><strong>γε</strong></span> <span class='ocrx_word' id='word_1_682' title='bbox 1618 1938 1648 1964; x_wconf 82' lang='grc' dir='ltr'><strong>τὸ</strong></span> <span class='ocrx_word' id='word_1_683' title='bbox 1662 1938 1728 1971; x_wconf 77' lang='grc' dir='ltr'><strong>πᾶν,</strong></span> <span class='ocrx_word' id='word_1_684' title='bbox 1753 1937 1814 1965; x_wconf 62' lang='grc' dir='ltr'><strong>ἀλλ’</strong></span> 
     </span>
    </p>
   </div>
   <div class='ocr_carea' id='block_1_98' title="bbox 1031 1982 1624 2017">
    <p class='ocr_par' dir='ltr' id='par_1_98' title="bbox 1031 1982 1624 2017">
     <span class='ocr_line' id='line_1_98' title="bbox 1031 1982 1624 2017; baseline 0.003 -8"><span class='ocrx_word' id='word_1_685' title='bbox 1031 1983 1119 2009; x_wconf 69' lang='grc' dir='ltr'><strong>εἰπεῖν</strong></span> <span class='ocrx_word' id='word_1_686' title='bbox 1135 1982 1380 2017; x_wconf 73' lang='grc' dir='ltr'><strong>καθωμιλημένως,</strong></span> <span class='ocrx_word' id='word_1_687' title='bbox 1395 1982 1624 2011; x_wconf 62' lang='grc' dir='ltr'><strong>ἑκουσιακούσιοιὲ</strong></span> 
     </span>
    </p>
   </div>
   <div class='ocr_carea' id='block_1_99' title="bbox 1069 2072 1814 2109">
    <p class='ocr_par' dir='ltr' id='par_1_99' title="bbox 1069 2072 1814 2109">
     <span class='ocr_line' id='line_1_99' title="bbox 1069 2072 1814 2109; baseline -0.003 -9"><span class='ocrx_word' id='word_1_688' title='bbox 1069 2077 1134 2109; x_wconf 88' lang='grc' dir='ltr'><strong>ρκε’.</strong></span> <span class='ocrx_word' id='word_1_689' title='bbox 1156 2073 1217 2100; x_wconf 85' lang='grc' dir='ltr'><strong>Τῶν</strong></span> <span class='ocrx_word' id='word_1_690' title='bbox 1231 2073 1260 2100; x_wconf 80' lang='grc' dir='ltr'><strong>δέ</strong></span> <span class='ocrx_word' id='word_1_691' title='bbox 1274 2081 1306 2107; x_wconf 91' lang='grc' dir='ltr'><strong>γε</strong></span> <span class='ocrx_word' id='word_1_692' title='bbox 1330 2073 1377 2100; x_wconf 84' lang='grc' dir='ltr'><strong>καὶ</strong></span> <span class='ocrx_word' id='word_1_693' title='bbox 1396 2072 1502 2108; x_wconf 84' lang='grc' dir='ltr'><strong>μεγάλα</strong></span> <span class='ocrx_word' id='word_1_694' title='bbox 1522 2072 1570 2099; x_wconf 81' lang='grc' dir='ltr'><strong>καὶ</strong></span> <span class='ocrx_word' id='word_1_695' title='bbox 1593 2072 1661 2108; x_wconf 72' lang='grc' dir='ltr'><strong>πρὸς</strong></span> <span class='ocrx_word' id='word_1_696' title='bbox 1676 2072 1814 2099; x_wconf 77' lang='grc' dir='ltr'><strong>ἀναίδειαν</strong></span> 
     </span>
    </p>
   </div>
   <div class='ocr_carea' id='block_1_100' title="bbox 1032 2117 1817 2155">
    <p class='ocr_par' dir='ltr' id='par_1_100' title="bbox 1032 2117 1817 2155">
     <span class='ocr_line' id='line_1_100' title="bbox 1032 2117 1817 2155; baseline -0.004 -8"><span class='ocrx_word' id='word_1_697' title='bbox 1032 2120 1252 2155; x_wconf 76' lang='grc' dir='ltr'><strong>κατενεχθέντων</strong></span> <span class='ocrx_word' id='word_1_698' title='bbox 1269 2119 1316 2145; x_wconf 81' lang='grc' dir='ltr'><strong>τοῦ</strong></span> <span class='ocrx_word' id='word_1_699' title='bbox 1342 2117 1486 2153; x_wconf 76' lang='grc' dir='ltr'><strong>φυλοτικοῦ</strong></span> <span class='ocrx_word' id='word_1_700' title='bbox 1506 2120 1601 2152; x_wconf 79' lang='grc' dir='ltr'><strong>γένους</strong></span> <span class='ocrx_word' id='word_1_701' title='bbox 1621 2117 1817 2153; x_wconf 83' lang='grc' dir='ltr'><strong>(κατηγοροῦν-</strong></span> 
     </span>
    </p>
   </div>
   <div class='ocr_carea' id='block_1_101' title="bbox 1032 2162 1818 2201">
    <p class='ocr_par' dir='ltr' id='par_1_101' title="bbox 1032 2162 1818 2201">
     <span class='ocr_line' id='line_1_101' title="bbox 1032 2162 1818 2201; baseline -0.005 -9"><span class='ocrx_word' id='word_1_702' title='bbox 1032 2174 1077 2192; x_wconf 83' lang='grc' dir='ltr'><strong>ται</strong></span> <span class='ocrx_word' id='word_1_703' title='bbox 1100 2165 1154 2201; x_wconf 85' lang='grc' dir='ltr'><strong>γὰρ</strong></span> <span class='ocrx_word' id='word_1_704' title='bbox 1179 2165 1225 2191; x_wconf 79' lang='grc' dir='ltr'><strong>καὶ</strong></span> <span class='ocrx_word' id='word_1_705' title='bbox 1249 2163 1366 2190; x_wconf 83' lang='grc' dir='ltr'><strong>τοιοῦτοι</strong></span> <span class='ocrx_word' id='word_1_706' title='bbox 1390 2164 1503 2198; x_wconf 80' lang='grc' dir='ltr'><strong>ὲκὸἧναί</strong></span> <span class='ocrx_word' id='word_1_707' title='bbox 1520 2162 1603 2197; x_wconf 84' lang='grc' dir='ltr'><strong>τινες)</strong></span> <span class='ocrx_word' id='word_1_708' title='bbox 1621 2163 1724 2198; x_wconf 85' lang='grc' dir='ltr'><strong>μήποτε</strong></span> <span class='ocrx_word' id='word_1_709' title='bbox 1749 2170 1818 2198; x_wconf 77' lang='grc' dir='ltr'>μνη-</span> 
     </span>
    </p>
   </div>
   <div class='ocr_carea' id='block_1_102' title="bbox 1034 2207 1816 2244">
    <p class='ocr_par' dir='ltr' id='par_1_102' title="bbox 1034 2207 1816 2244">
     <span class='ocr_line' id='line_1_102' title="bbox 1034 2207 1816 2244; baseline -0.003 -8"><span class='ocrx_word' id='word_1_710' title='bbox 1034 2210 1111 2244; x_wconf 82' lang='grc' dir='ltr'><strong>σθείη</strong></span> <span class='ocrx_word' id='word_1_711' title='bbox 1125 2210 1168 2236; x_wconf 73' lang='grc' dir='ltr'><strong>διὰ</strong></span> <span class='ocrx_word' id='word_1_712' title='bbox 1185 2209 1296 2243; x_wconf 81' lang='grc' dir='ltr'><strong>χειλέων</strong></span> <span class='ocrx_word' id='word_1_713' title='bbox 1311 2207 1393 2235; x_wconf 82' lang='grc' dir='ltr'><strong>αὑτοῦ</strong></span> <span class='ocrx_word' id='word_1_714' title='bbox 1406 2209 1420 2234; x_wconf 83' lang='grc' dir='ltr'><strong>ό</strong></span> <span class='ocrx_word' id='word_1_715' title='bbox 1436 2208 1546 2242; x_wconf 81' lang='grc' dir='ltr'><strong>Κύριος.</strong></span> <span class='ocrx_word' id='word_1_716' title='bbox 1570 2207 1711 2235; x_wconf 82' lang='grc' dir='ltr'><strong>Ἐντεῦθεν</strong></span> <span class='ocrx_word' id='word_1_717' title='bbox 1725 2208 1749 2234; x_wconf 82' lang='grc' dir='ltr'><strong>οἱ</strong></span> <span class='ocrx_word' id='word_1_718' title='bbox 1765 2208 1816 2234; x_wconf 88' lang='grc' dir='ltr'><strong>αὺ-</strong></span> 
     </span>
    </p>
   </div>
   <div class='ocr_carea' id='block_1_103' title="bbox 1033 2254 1817 2291">
    <p class='ocr_par' dir='ltr' id='par_1_103' title="bbox 1033 2254 1817 2291">
     <span class='ocr_line' id='line_1_103' title="bbox 1033 2254 1817 2291; baseline -0.003 -9"><span class='ocrx_word' id='word_1_719' title='bbox 1033 2257 1141 2291; x_wconf 86' lang='grc' dir='ltr'><strong>τόνομοι</strong></span> <span class='ocrx_word' id='word_1_720' title='bbox 1172 2257 1274 2291; x_wconf 86' lang='grc' dir='ltr'><strong>γάμοι·</strong></span> <span class='ocrx_word' id='word_1_721' title='bbox 1309 2255 1433 2282; x_wconf 71' lang='grc' dir='ltr'><strong>ἐντεῦθεν</strong></span> <span class='ocrx_word' id='word_1_722' title='bbox 1464 2254 1603 2288; x_wconf 84' lang='grc' dir='ltr'><strong>γυναικῶν</strong></span> <span class='ocrx_word' id='word_1_723' title='bbox 1646 2254 1817 2290; x_wconf 82' lang='grc' dir='ltr'><strong>ἁπαρνήσεις</strong></span> 
     </span>
    </p>
   </div>
   <div class='ocr_carea' id='block_1_104' title="bbox 1033 2299 1817 2338">
    <p class='ocr_par' dir='ltr' id='par_1_104' title="bbox 1033 2299 1817 2338">
     <span class='ocr_line' id='line_1_104' title="bbox 1033 2299 1817 2338; baseline -0.005 -9"><span class='ocrx_word' id='word_1_724' title='bbox 1033 2303 1262 2338; x_wconf 79' lang='grc' dir='ltr'><strong>ἀπανηναμένων,</strong></span> <span class='ocrx_word' id='word_1_725' title='bbox 1286 2301 1333 2333; x_wconf 83' lang='grc' dir='ltr'><strong>οὓς</strong></span> <span class='ocrx_word' id='word_1_726' title='bbox 1359 2301 1439 2336; x_wconf 88' lang='grc' dir='ltr'><strong>νόμος</strong></span> <span class='ocrx_word' id='word_1_727' title='bbox 1455 2299 1523 2327; x_wconf 74' lang='grc' dir='ltr'><strong>οἶδεν</strong></span> <span class='ocrx_word' id='word_1_728' title='bbox 1538 2300 1650 2335; x_wconf 80' lang='grc' dir='ltr'><strong>ἄνδρας.</strong></span> <span class='ocrx_word' id='word_1_729' title='bbox 1677 2299 1817 2326; x_wconf 83' lang='grc' dir='ltr'><strong>Ἐντεῦθεν</strong></span> 
     </span>
    </p>
   </div>
   <div class='ocr_carea' id='block_1_105' title="bbox 1034 2345 1818 2383">
    <p class='ocr_par' dir='ltr' id='par_1_105' title="bbox 1034 2345 1818 2383">
     <span class='ocr_line' id='line_1_105' title="bbox 1034 2345 1818 2383; baseline -0.003 -9"><span class='ocrx_word' id='word_1_730' title='bbox 1034 2348 1176 2383; x_wconf 81' lang='grc' dir='ltr'><strong>παρθένων</strong></span> <span class='ocrx_word' id='word_1_731' title='bbox 1193 2347 1303 2382; x_wconf 80' lang='grc' dir='ltr'><strong>φθοραὶ,</strong></span> <span class='ocrx_word' id='word_1_732' title='bbox 1327 2347 1382 2374; x_wconf 85' lang='grc' dir='ltr'><strong>τῶν</strong></span> <span class='ocrx_word' id='word_1_733' title='bbox 1400 2347 1449 2382; x_wconf 82' lang='grc' dir='ltr'><strong>μὲν</strong></span> <span class='ocrx_word' id='word_1_734' title='bbox 1464 2346 1523 2373; x_wconf 79' lang='grc' dir='ltr'><strong>οὔτι</strong></span> <span class='ocrx_word' id='word_1_735' title='bbox 1538 2345 1598 2372; x_wconf 83' lang='grc' dir='ltr'><strong>καθ’</strong></span> <span class='ocrx_word' id='word_1_736' title='bbox 1620 2345 1742 2372; x_wconf 77' lang='grc' dir='ltr'><strong>ἑκούσιον</strong></span> <span class='ocrx_word' id='word_1_737' title='bbox 1761 2346 1818 2372; x_wconf 77' lang='grc' dir='ltr'><strong>τῶν</strong></span> 
     </span>
    </p>
   </div>
   <div class='ocr_carea' id='block_1_106' title="bbox 1034 2393 1820 2431">
    <p class='ocr_par' dir='ltr' id='par_1_106' title="bbox 1034 2393 1820 2431">
     <span class='ocr_line' id='line_1_106' title="bbox 1034 2393 1820 2431; baseline -0.003 -9"><span class='ocrx_word' id='word_1_738' title='bbox 1034 2396 1193 2431; x_wconf 78' lang='grc' dir='ltr'><strong>ἀρχηγετῶν</strong></span> <span class='ocrx_word' id='word_1_739' title='bbox 1219 2396 1313 2426; x_wconf 80' lang='grc' dir='ltr'><strong>αὑταῖς</strong></span> <span class='ocrx_word' id='word_1_740' title='bbox 1328 2394 1376 2421; x_wconf 79' lang='grc' dir='ltr'><strong>τοῦ</strong></span> <span class='ocrx_word' id='word_1_741' title='bbox 1399 2393 1479 2427; x_wconf 73' lang='grc' dir='ltr'><strong>εἶναι,</strong></span> <span class='ocrx_word' id='word_1_742' title='bbox 1498 2395 1553 2421; x_wconf 85' lang='grc' dir='ltr'><strong>τῶν</strong></span> <span class='ocrx_word' id='word_1_743' title='bbox 1577 2395 1605 2421; x_wconf 85' lang='grc' dir='ltr'><strong>δὲ</strong></span> <span class='ocrx_word' id='word_1_744' title='bbox 1636 2395 1683 2422; x_wconf 66' lang='grc' dir='ltr'><strong>καὶ</strong></span> <span class='ocrx_word' id='word_1_745' title='bbox 1705 2394 1820 2421; x_wconf 68' lang='grc' dir='ltr'><strong>ἐκείνων</strong></span> 
     </span>
    </p>
   </div>
   <div class='ocr_carea' id='block_1_107' title="bbox 1033 2439 1818 2476">
    <p class='ocr_par' dir='ltr' id='par_1_107' title="bbox 1033 2439 1818 2476">
     <span class='ocr_line' id='line_1_107' title="bbox 1033 2439 1818 2476; baseline -0.003 -9"><span class='ocrx_word' id='word_1_746' title='bbox 1033 2440 1193 2476; x_wconf 78' lang='grc' dir='ltr'><strong>προεμένων</strong></span> <span class='ocrx_word' id='word_1_747' title='bbox 1208 2440 1304 2471; x_wconf 73' lang='grc' dir='ltr'><strong>αὑτάς.</strong></span> <span class='ocrx_word' id='word_1_748' title='bbox 1322 2439 1462 2467; x_wconf 81' lang='grc' dir='ltr'><strong>Ἐντεῦθεν</strong></span> <span class='ocrx_word' id='word_1_749' title='bbox 1474 2441 1586 2474; x_wconf 85' lang='grc' dir='ltr'><strong>σεμνεῑα</strong></span> <span class='ocrx_word' id='word_1_750' title='bbox 1599 2440 1818 2474; x_wconf 82' lang='grc' dir='ltr'><strong>πεπορνευμένα·</strong></span> 
     </span>
    </p>
   </div>
   <div class='ocr_carea' id='block_1_108' title="bbox 1035 2484 1820 2521">
    <p class='ocr_par' dir='ltr' id='par_1_108' title="bbox 1035 2484 1820 2521">
     <span class='ocr_line' id='line_1_108' title="bbox 1035 2484 1820 2521; baseline -0.003 -8"><span class='ocrx_word' id='word_1_751' title='bbox 1035 2487 1076 2521; x_wconf 71' lang='grc' dir='ltr'><strong>ἐφ’</strong></span> <span class='ocrx_word' id='word_1_752' title='bbox 1094 2484 1134 2515; x_wconf 80' lang='grc' dir='ltr'><strong>οἷς</strong></span> <span class='ocrx_word' id='word_1_753' title='bbox 1147 2485 1202 2520; x_wconf 79' lang='grc' dir='ltr'><strong>ἐγὼ</strong></span> <span class='ocrx_word' id='word_1_754' title='bbox 1220 2485 1305 2512; x_wconf 71' lang='grc' dir='ltr'><strong>πολλὰ</strong></span> <span class='ocrx_word' id='word_1_755' title='bbox 1329 2486 1376 2512; x_wconf 62' lang='grc' dir='ltr'><strong>καὶΙ</strong></span> <span class='ocrx_word' id='word_1_756' title='bbox 1392 2486 1619 2521; x_wconf 75' lang='grc' dir='ltr'><strong>παρακλητεύσας</strong></span> <span class='ocrx_word' id='word_1_757' title='bbox 1634 2486 1682 2511; x_wconf 78' lang='grc' dir='ltr'><strong>καὶ</strong></span> <span class='ocrx_word' id='word_1_758' title='bbox 1707 2486 1820 2520; x_wconf 59' lang='lat' dir='ltr'><strong>mpm-</strong></span> 
     </span>
    </p>
   </div>
   <div class='ocr_carea' id='block_1_109' title="bbox 1035 2530 1821 2567">
    <p class='ocr_par' dir='ltr' id='par_1_109' title="bbox 1035 2530 1821 2567">
     <span class='ocr_line' id='line_1_109' title="bbox 1035 2530 1821 2567; baseline -0.001 -9"><span class='ocrx_word' id='word_1_759' title='bbox 1035 2532 1200 2566; x_wconf 77' lang='grc' dir='ltr'><strong>σιασάμενος</strong></span> <span class='ocrx_word' id='word_1_760' title='bbox 1216 2532 1355 2567; x_wconf 81' lang='grc' dir='ltr'><strong>ἄπρακτος</strong></span> <span class='ocrx_word' id='word_1_761' title='bbox 1378 2531 1484 2565; x_wconf 72' lang='grc' dir='ltr'><strong>ἔμεινα,</strong></span> <span class='ocrx_word' id='word_1_762' title='bbox 1507 2531 1576 2566; x_wconf 85' lang='grc' dir='ltr'><strong>μηδὲ</strong></span> <span class='ocrx_word' id='word_1_763' title='bbox 1595 2530 1644 2563; x_wconf 82' lang='grc' dir='ltr'><strong>τὰς</strong></span> <span class='ocrx_word' id='word_1_764' title='bbox 1659 2531 1821 2565; x_wconf 81' lang='grc' dir='ltr'><strong>πασχούσας</strong></span> 
     </span>
    </p>
   </div>
   <div class='ocr_carea' id='block_1_110' title="bbox 1034 2573 1820 2612">
    <p class='ocr_par' dir='ltr' id='par_1_110' title="bbox 1034 2573 1820 2612">
     <span class='ocr_line' id='line_1_110' title="bbox 1034 2573 1820 2612; baseline -0.004 -8"><span class='ocrx_word' id='word_1_765' title='bbox 1034 2578 1065 2603; x_wconf 78' lang='grc' dir='ltr'><strong>τὸ</strong></span> <span class='ocrx_word' id='word_1_766' title='bbox 1082 2578 1240 2612; x_wconf 71' lang='grc' dir='ltr'><strong>ἔφάμαρτον</strong></span> <span class='ocrx_word' id='word_1_767' title='bbox 1260 2577 1423 2611; x_wconf 72' lang='grc' dir='ltr'><strong>ἐπιστρέψαι</strong></span> <span class='ocrx_word' id='word_1_768' title='bbox 1440 2576 1599 2610; x_wconf 83' lang='grc' dir='ltr'><strong>δυνάμενος,</strong></span> <span class='ocrx_word' id='word_1_769' title='bbox 1621 2573 1664 2602; x_wconf 76' lang='grc' dir='ltr'><strong>οἶα</strong></span> <span class='ocrx_word' id='word_1_770' title='bbox 1681 2575 1820 2609; x_wconf 81' lang='grc' dir='ltr'><strong>γεγευμέ-</strong></span> 
     </span>
    </p>
   </div>
   <div class='ocr_carea' id='block_1_111' title="bbox 1035 2620 1819 2657">
    <p class='ocr_par' dir='ltr' id='par_1_111' title="bbox 1035 2620 1819 2657">
     <span class='ocr_line' id='line_1_111' title="bbox 1035 2620 1819 2657; baseline -0.001 -8"><span class='ocrx_word' id='word_1_771' title='bbox 1035 2630 1082 2653; x_wconf 87' lang='grc' dir='ltr'><strong>νας</strong></span> <span class='ocrx_word' id='word_1_772' title='bbox 1107 2622 1157 2657; x_wconf 72' lang='grc' dir='ltr'><strong>ἤδη</strong></span> <span class='ocrx_word' id='word_1_773' title='bbox 1177 2621 1224 2648; x_wconf 86' lang='grc' dir='ltr'><strong>τοῦ</strong></span> <span class='ocrx_word' id='word_1_774' title='bbox 1243 2621 1442 2656; x_wconf 84' lang='grc' dir='ltr'><strong>γλυκυπικρου,</strong></span> <span class='ocrx_word' id='word_1_775' title='bbox 1463 2622 1510 2648; x_wconf 82' lang='grc' dir='ltr'><strong>καί</strong></span> <span class='ocrx_word' id='word_1_776' title='bbox 1536 2630 1595 2652; x_wconf 86' lang='grc' dir='ltr'><strong>πως</strong></span> <span class='ocrx_word' id='word_1_777' title='bbox 1621 2620 1819 2655; x_wconf 76' lang='grc' dir='ltr'><strong>ὑποφωνούσας</strong></span> 
     </span>
    </p>
   </div>
   <div class='ocr_carea' id='block_1_112' title="bbox 1037 2667 1608 2702">
    <p class='ocr_par' dir='ltr' id='par_1_112' title="bbox 1037 2667 1608 2702">
     <span class='ocr_line' id='line_1_112' title="bbox 1037 2667 1608 2702; baseline -0.002 -8"><span class='ocrx_word' id='word_1_778' title='bbox 1037 2675 1093 2702; x_wconf 83' lang='grc' dir='ltr'><strong>μοι,</strong></span> <span class='ocrx_word' id='word_1_779' title='bbox 1111 2667 1149 2698; x_wconf 85' lang='grc' dir='ltr'><strong>ὼς</strong></span> <span class='ocrx_word' id='word_1_780' title='bbox 1166 2667 1293 2701; x_wconf 75' lang='grc' dir='ltr'><strong>χαλεπὸν,</strong></span> <span class='ocrx_word' id='word_1_781' title='bbox 1307 2667 1399 2702; x_wconf 88' lang='grc' dir='ltr'><strong>χορίου</strong></span> <span class='ocrx_word' id='word_1_782' title='bbox 1412 2667 1479 2694; x_wconf 87' lang='grc' dir='ltr'><strong>κύνα</strong></span> <span class='ocrx_word' id='word_1_783' title='bbox 1499 2667 1608 2702; x_wconf 75' lang='grc' dir='ltr'><strong>γεῦσαι.</strong></span> 
     </span>
    </p>
   </div>
   <div class='ocr_carea' id='block_1_113' title="bbox 1073 2712 1821 2748">
    <p class='ocr_par' dir='ltr' id='par_1_113' title="bbox 1073 2712 1821 2748">
     <span class='ocr_line' id='line_1_113' title="bbox 1073 2712 1821 2748; baseline 0.001 -9"><span class='ocrx_word' id='word_1_784' title='bbox 1073 2715 1147 2748; x_wconf 82' lang='grc' dir='ltr'><strong>ρκς¹.</strong></span> <span class='ocrx_word' id='word_1_785' title='bbox 1162 2712 1302 2739; x_wconf 82' lang='grc' dir='ltr'><strong>Ἐντεῦθεν</strong></span> <span class='ocrx_word' id='word_1_786' title='bbox 1317 2713 1438 2740; x_wconf 76' lang='grc' dir='ltr'><strong>δαπέδων</strong></span> <span class='ocrx_word' id='word_1_787' title='bbox 1454 2715 1531 2740; x_wconf 82' lang='grc' dir='ltr'><strong>σά).οι</strong></span> <span class='ocrx_word' id='word_1_788' title='bbox 1542 2715 1588 2740; x_wconf 78' lang='grc' dir='ltr'><strong>καὶ</strong></span> <span class='ocrx_word' id='word_1_789' title='bbox 1602 2714 1768 2748; x_wconf 78' lang='grc' dir='ltr'><strong>ἀνασχισεις,</strong></span> <span class='ocrx_word' id='word_1_790' title='bbox 1782 2713 1821 2740; x_wconf 83' lang='grc' dir='ltr'><strong>δι’</strong></span> 
     </span>
    </p>
   </div>
   <div class='ocr_carea' id='block_1_114' title="bbox 1036 2754 1822 2794">
    <p class='ocr_par' dir='ltr' id='par_1_114' title="bbox 1036 2754 1822 2794">
     <span class='ocr_line' id='line_1_114' title="bbox 1036 2754 1822 2794; baseline 0.001 -10"><span class='ocrx_word' id='word_1_791' title='bbox 1036 2754 1074 2784; x_wconf 87' lang='grc' dir='ltr'><strong>ὦν</strong></span> <span class='ocrx_word' id='word_1_792' title='bbox 1088 2755 1159 2784; x_wconf 78' lang='grc' dir='ltr'><strong>οἶκοι</strong></span> <span class='ocrx_word' id='word_1_793' title='bbox 1173 2758 1272 2789; x_wconf 86' lang='grc' dir='ltr'><strong>πάντες</strong></span> <span class='ocrx_word' id='word_1_794' title='bbox 1293 2758 1502 2793; x_wconf 79' lang='grc' dir='ltr'><strong>ὲξωρωρύχατο,</strong></span> <span class='ocrx_word' id='word_1_795' title='bbox 1528 2759 1749 2794; x_wconf 81' lang='grc' dir='ltr'><strong>ὐπονομευόντων</strong></span> <span class='ocrx_word' id='word_1_796' title='bbox 1763 2759 1822 2786; x_wconf 84' lang='grc' dir='ltr'><strong>τῶν</strong></span> 
     </span>
    </p>
   </div>
   <div class='ocr_carea' id='block_1_115' title="bbox 1037 2803 1824 2840">
    <p class='ocr_par' dir='ltr' id='par_1_115' title="bbox 1037 2803 1824 2840">
     <span class='ocr_line' id='line_1_115' title="bbox 1037 2803 1824 2840; baseline 0.003 -11"><span class='ocrx_word' id='word_1_797' title='bbox 1037 2803 1182 2838; x_wconf 81' lang='grc' dir='ltr'><strong>βαρϐάρων</strong></span> <span class='ocrx_word' id='word_1_798' title='bbox 1198 2804 1269 2830; x_wconf 84' lang='grc' dir='ltr'><strong>κατὰ</strong></span> <span class='ocrx_word' id='word_1_799' title='bbox 1285 2804 1414 2838; x_wconf 72' lang='grc' dir='ltr'><strong>λαγιδεῖς,</strong></span> <span class='ocrx_word' id='word_1_800' title='bbox 1433 2804 1448 2840; x_wconf 82' lang='grc' dir='ltr'>ἢ</span> <span class='ocrx_word' id='word_1_801' title='bbox 1465 2805 1636 2836; x_wconf 79' lang='grc' dir='ltr'><strong>ἁσπάλακας,</strong></span> <span class='ocrx_word' id='word_1_802' title='bbox 1654 2805 1670 2839; x_wconf 82' lang='grc' dir='ltr'>ἢ</span> <span class='ocrx_word' id='word_1_803' title='bbox 1691 2805 1736 2831; x_wconf 81' lang='grc' dir='ltr'><strong>καὶ</strong></span> <span class='ocrx_word' id='word_1_804' title='bbox 1752 2805 1824 2840; x_wconf 82' lang='grc' dir='ltr'><strong>χοί-</strong></span> 
     </span>
    </p>
   </div>
   <div class='ocr_carea' id='block_1_116' title="bbox 1037 2849 1822 2885">
    <p class='ocr_par' dir='ltr' id='par_1_116' title="bbox 1037 2849 1822 2885">
     <span class='ocr_line' id='line_1_116' title="bbox 1037 2849 1822 2885; baseline 0.003 -10"><span class='ocrx_word' id='word_1_805' title='bbox 1037 2857 1111 2884; x_wconf 86' lang='grc' dir='ltr'><strong>ρους,</strong></span> <span class='ocrx_word' id='word_1_806' title='bbox 1126 2849 1143 2883; x_wconf 79' lang='grc' dir='ltr'>ἢ</span> <span class='ocrx_word' id='word_1_807' title='bbox 1158 2849 1222 2876; x_wconf 61' lang='grc' dir='ltr'>ἀλλο</span> <span class='ocrx_word' id='word_1_808' title='bbox 1233 2858 1260 2876; x_wconf 85' lang='grc' dir='ltr'><strong>τι</strong></span> <span class='ocrx_word' id='word_1_809' title='bbox 1277 2849 1346 2881; x_wconf 77' lang='grc' dir='ltr'><strong>ζῶον</strong></span> <span class='ocrx_word' id='word_1_810' title='bbox 1358 2850 1504 2885; x_wconf 71' lang='grc' dir='ltr'><strong>ριζοίράγον</strong></span> <span class='ocrx_word' id='word_1_811' title='bbox 1521 2852 1668 2885; x_wconf 73' lang='grc' dir='ltr'><strong>γεωχαρὲς,</strong></span> <span class='ocrx_word' id='word_1_812' title='bbox 1685 2851 1772 2877; x_wconf 77' lang='grc' dir='ltr'><strong>εἰπεῖν</strong></span> <span class='ocrx_word' id='word_1_813' title='bbox 1789 2851 1822 2878; x_wconf 80' lang='grc' dir='ltr'><strong>δὲ</strong></span> 
     </span>
    </p>
   </div>
   <div class='ocr_carea' id='block_1_117' title="bbox 1036 2895 1819 2931">
    <p class='ocr_par' dir='ltr' id='par_1_117' title="bbox 1036 2895 1819 2931">
     <span class='ocr_line' id='line_1_117' title="bbox 1036 2895 1819 2931; baseline 0.004 -10"><span class='ocrx_word' id='word_1_814' title='bbox 1036 2895 1082 2922; x_wconf 82' lang='grc' dir='ltr'><strong>καὶ</strong></span> <span class='ocrx_word' id='word_1_815' title='bbox 1100 2895 1197 2929; x_wconf 76' lang='grc' dir='ltr'><strong>ἄλλως,</strong></span> <span class='ocrx_word' id='word_1_816' title='bbox 1224 2896 1294 2922; x_wconf 79' lang='grc' dir='ltr'><strong>κατὰ</strong></span> <span class='ocrx_word' id='word_1_817' title='bbox 1314 2897 1454 2931; x_wconf 76' lang='grc' dir='ltr'><strong>ὰροτρέας.</strong></span> <span class='ocrx_word' id='word_1_818' title='bbox 1472 2896 1594 2922; x_wconf 70' lang='grc' dir='ltr'><strong>Φαίνεται</strong></span> <span class='ocrx_word' id='word_1_819' title='bbox 1613 2899 1666 2930; x_wconf 66' lang='grc' dir='ltr'><strong>γὰρ</strong></span> <span class='ocrx_word' id='word_1_820' title='bbox 1680 2917 1686 2929; x_wconf 88' lang='lat'><strong>,</strong></span> <span class='ocrx_word' id='word_1_821' title='bbox 1711 2896 1748 2927; x_wconf 83' lang='grc' dir='ltr'><strong>ὡς</strong></span> <span class='ocrx_word' id='word_1_822' title='bbox 1771 2898 1819 2924; x_wconf 74' lang='grc' dir='ltr'><strong>καὶ</strong></span> 
     </span>
    </p>
   </div>
  </div>
