1962 3087
210 183 258 216 1‘27

210 240 412 276 ingrederetur,
436 244 484 272 per
508 239 614 270 portam
659 232 761 257 intrare
782 233 911 254 recusans
934 232 996 252 eum
1013 225 1033 253 Α

209 271 255 322 (ιιῆ
281 288 366 320 ipsam
386 283 506 310 humeris
523 278 657 314 portabat.
673 276 768 310 pedem
780 272 882 300 referte
894 271 994 303 coegit,

212 321 276 359 dum
302 330 423 365 pondere
456 325 563 352 insolito
588 322 689 350 sensim
717 321 920 354 ingravescente
949 324 997 351 op-

211 361 323 412 pressus
347 380 422 408 pa‘ne
445 371 517 398 ιιιιωὶ
543 367 663 399 caderet,
686 373 735 392 nec
762 365 821 399 ipse
838 363 922 395 solus,
947 361 995 388 sed

212 406 466 458 quotquot-manum
479 417 621 450 imponere
634 415 810 439 conarentur.
827 409 920 435 Primo
935 406 996 442 qni-
1015 431 1018 434 .

212 452 272 495 dem
289 452 334 501 qui
351 465 477 500 portabat
490 464 516 488 in
529 460 712 495 suspicionem
727 457 800 484 venit
829 454 906 490 quasi
922 452 995 481 domi

214 515 272 541 [nec
287 499 460 539 machinatus
478 511 559 539 esset.
584 512 612 533 ut
627 512 699 539 saepe
716 504 755 531 fit.
774 502 824 530 Ubi
839 507 930 529 autem
946 499 997 526 viri

213 559 297 590 sacri,
317 556 432 590 integris
453 553 577 581 moribus
603 556 630 578 et
654 550 700 585 qui
730 548 807 576 nefas
826 547 997 574 committere

216 606 289 633 haud
305 607 429 638 possent,
439 607 547 627 manum
560 597 672 632 imagini
686 593 876 631 promovenda:
896 593 996 620 frustra

217 651 420 685 apposuissent,
450 654 482 674 ac
509 644 594 672 nihilo
624 643 713 670 minus
738 644 777 668 tot
802 643 867 674 quot
898 641 996 669 erant,

216 683 325 725 movere
340 696 398 721 loco
419 692 554 724 valebant,
578 693 665 716 mctns
680 688 776 722 ingens
789 692 883 713 Omnes
897 683 999 711 invadit

215 743 259 770 vel
275 741 490 770 cortlatissimos,
506 738 593 765 donec
614 736 708 763 effusis
724 732 853 768 lacrymis
874 735 900 758 et
915 730 998 765 gemi-

218 790 289 816 tibus
309 795 403 814 vocem
424 784 558 812 elevarint
587 783 620 809 ad
642 781 740 808 Filium
762 783 862 806 sancta:
885 777 998 807 Matris,

219 841 308 868 neque
319 833 382 860 inde
398 831 564 858 destiterunt
577 829 663 855 donec
679 826 858 860 comprobato
875 822 998 858 prodigio

219 888 290 908 unus
311 879 365 914 jam
387 876 532 912 expeditus
553 874 612 902 sine
637 879 734 907 magno
759 871 852 898 labore
876 873 997 896 sanctam

220 912 366 959 imaginem
389 923 421 949 ad
449 920 540 948 sedem
563 925 641 946 suam
678 915 802 950 portarit.
831 914 909 947 Quod
936 912 1001 939 viris

220 958 346 1006 gravibus
366 967 442 995 futile
462 970 503 993 est
528 966 634 997 visum;
659 971 710 990 nos
727 966 818 988 autem
843 959 936 987 miseri
957 958 1003 992 qui

220 1003 302 1045 onere
323 1016 375 1042 isto
393 1012 496 1049 gravati
513 1012 625 1044 fuimus,
661 1010 746 1045 probe
772 1006 912 1039 novimus,
938 1003 1004 1040 quid

221 1071 265 1091 res
283 1062 334 1089 sibi
354 1060 428 1087 velit.

263 1225 324 1254 151.
346 1225 430 1251 Sacra
449 1221 560 1249 oracula
579 1220 748 1254 interrogata
763 1221 877 1244 eventus
893 1215 1006 1248 futuros,

227 1273 298 1299 diem
318 1270 393 1297 urbis
414 1272 590 1303 expugnata,
615 1264 868 1293 exterminalionem
887 1267 1008 1290 nostram

224 1317 421 1352 prmdixerunt.
437 1313 458 1341 0
473 1317 575 1340 certam
600 1310 770 1346 prophetiam
784 1310 790 1335 l
809 1307 830 1336 Ο
847 1307 884 1335 rei
900 1307 1010 1334 indubi-

225 1368 286 1390 latae
299 1367 327 1388 et
344 1360 454 1400 minitth
470 1359 616 1393 αισιιὶνοοω
632 1355 823 1383 revelationem
838 1354 844 1380 t
859 1353 1010 1382 Osurdita-

225 1411 280 1435 tem
297 1409 417 1432 nostram
429 1403 436 1430 ι

264 1514 326 1542 152.
345 1513 409 1540 Erat
425 1517 492 1539 tunc
505 1516 623 1546 tempus,
649 1507 862 1544 expugnationis
879 1507 990 1541 inquam
1002 1525 1010 1538 ,

582 172 790 206 EUSTATHII
813 163 1190 200 TIIESSALONICENSIS
1210 157 1488 192 METROPOLITIE

1050 222 1095 248 καὶ
1110 217 1351 252 ἀποκαθισταμένὴ
1366 215 1442 245 αὖθις
1459 214 1498 244 είς
1513 211 1560 239 τδν
1575 208 1648 238 οἷκον
1664 209 1750 244 αὐτῆς
1761 229 1769 241 ,
1784 207 1835 237 καὶ

1046 268 1104 298 ’ταῖς
1120 265 1233 296 εἰσόδοις
1249 262 1392 296 ἐγγίσασα,
1407 259 1493 290 οὕτως
1510 257 1592 284 ὤκνει
1607 256 1654 291 τὴν
1668 255 1779 287 εἴσοδον,
1794 255 1834 287 ὡς

1046 312 1098 338 ἀνὰ
1114 311 1182 337 πόδα
1199 309 1296 344 χωρεῖν
1313 305 1451 342 κραταιῶς
1468 303 1608 339 βιάζεσθαι
1624 302 1669 328 τὸν
1683 301 1767 332 αὐτὴν
1783 301 1834 335 φέ-

1047 366 1138 393 ροντα,
1148 357 1194 382 καὶ
1207 353 1380 393 ἐνιστάμενον
1392 350 1554 386 βαρύνεσθαι
1565 347 1692 382 ὁτιμάλα,
1703 347 1751 373 καὶ
1764 347 1834 382 πρὸς

1046 404 1084 438 τῷ
1096 401 1278 429 καταπίπτειν
1290 398 1411 433 γίνεσθαι
1422 405 1429 413 ·
1444 396 1489 422 καὶ
1502 396 1530 421 οὺ
1547 395 1625 429 μόνον
1638 393 1751 425 ἐκεῖνον,
1764 393 1834 419 ἀλλά

1047 437 1093 477 καὶ
1116 448 1223 479 ἄλλους,
1243 447 1299 472 ὅσοι
1324 442 1554 470 συνεπιλάϐοιντο.
1577 439 1634 467 Καὶ
1655 437 1689 474 ἦν
1712 439 1761 473 μὲν
1782 438 1834 473 τὴν

1047 494 1132 530 ἀρχὴν
1144 494 1158 519 ὁ
1172 492 1278 526 ἐκείνην
1291 490 1394 524 ἀνέχων
1407 488 1537 519 ὒποπτος,
1551 485 1587 517 ὠς
1602 484 1707 512 οἴκοθεν
1719 484 1834 510 τοιαῦτα

1046 529 1214 576 τεχνώμενος
1227 558 1233 569 ,
1251 537 1331 563 ὁποῖα
1347 534 1439 561 πολλοὶ
1456 532 1647 568 τερθρεὺονται
1660 539 1666 546 ·
1685 530 1723 561 ὡς
1740 529 1769 555 δὲ
1786 529 1835 556 καὶ

1049 574 1116 622 ίεροὶ
1133 584 1244 619 ἄνδρες,
1262 582 1358 616 ἀγαθοὶ
1374 581 1403 607 τὸ
1420 578 1502 615 ἦθος,
1520 578 1565 604 καὶ
1581 574 1631 603 οἷοι
1651 575 1689 611 μὴ
1707 574 1836 608 παλαμᾶ-

1049 619 1111 659 σθαι
1124 631 1158 657 τὰ
1173 631 1210 664 μὴ
1223 629 1327 659 δέοντα,
1342 627 1491 662 συνήραντο
1503 622 1656 658 ἐγκρατῶς,
1671 621 1718 648 καὶ
1734 619 1835 651 πάντες

1048 678 1173 708 ἐλάττους
1190 674 1260 710 ἦσαν
1275 675 1323 708 τῆς
1338 673 1384 700 τοῦ
1402 670 1475 706 ἱεροῦ
1494 670 1585 704 σίγνου
1605 667 1705 703 ἰσχύος,
1723 667 1770 694 καὶ
1784 666 1836 692 οὐκ

1049 724 1173 751 ἐπείθετο
1197 721 1336 751 εἰσελθεῖν,
1359 718 1417 745 ἀλλ’
1433 716 1477 752 ἦν,
1501 716 1539 746 ὡς
1564 715 1662 745 είπεϊν,
1688 713 1835 748 ἀφόρητον,

1049 770 1199 804 ὑπέρχεται
1216 767 1296 801 φόϐος
1314 765 1452 795 ἅπαντας,
1468 763 1530 789 ὅσον
1545 760 1627 795 ἐχρῆν
1644 758 1739 786 παθεῖν
1751 777 1758 788 .
1776 758 1836 793 ἐχέ-

1050 823 1150 851 φρονα;
1163 823 1169 829 ·
1191 814 1237 839 καὶ
1257 811 1464 845 ἁναπρὴσαντες
1485 808 1601 841 δάκρυα,
1622 805 1734 839 ὕψωσαν
1754 803 1838 830 κλαυ-

1051 850 1118 896 θμὸν
1129 881 1135 891 ,
1152 860 1199 886 καὶ
1216 858 1307 892 φωνὰς
1324 857 1429 890 ἐπῆραν
1444 854 1511 888 πρὸς
1526 853 1571 879 τὸν
1587 851 1699 886 ὕψιστον
1710 850 1772 876 Υἱὺν
1788 850 1838 883 τῆς

1016 897 1038 926 Β
1056 907 1193 939 πανάγνου
1210 903 1329 939 Μητρός,
1349 902 1402 928 Καὶ
1419 901 1467 927 οὐκ
1485 899 1639 930 ἐνέδωκαν,
1656 897 1706 928 ἕως
1723 896 1770 922 τοῦ
1788 905 1838 931 ση-

1057 954 1132 989 μείου
1146 952 1196 988 ήδη
1208 950 1411 984 διαδειχθέντος,
1425 945 1484 973 εἶτα
1498 946 1577 980 μόνος
1590 946 1603 971 ὁ
1619 944 1759 979 βαστάζων
1772 942 1840 969 ἀδά-

1058 1007 1151 1034 ρυντος
1166 998 1214 1024 καὶ
1226 994 1445 1030 ἁπαραπόδιστος
1459 993 1545 1027 ἤγαγε
1558 991 1587 1017 τδ
1601 991 1678 1024 ἆγιον
1690 990 1839 1025 μόρφωμα,

1056 1043 1120 1071 ἔνθα
1133 1043 1246 1078 ἵδρυται.
1262 1041 1315 1067 Καὶ
1328 1040 1414 1066 ἐδόκει
1430 1039 1479 1073 μέν
1490 1037 1538 1064 καὶ
1549 1035 1627 1063 τοῦτο
1639 1037 1694 1067 τοῖς
1706 1034 1841 1068 γενναίοις

1058 1090 1164 1126 φρονεῖν
1175 1088 1291 1122 ἐλαφρόν
1303 1095 1310 1103 ·
1326 1085 1448 1122 ἡμεῖς.δέ
1462 1085 1486 1111 οί
1500 1084 1625 1115 ἀσθενεῖς
1639 1080 1841 1117 ἐσαρννόμεθα,

1059 1135 1244 1167 ὑπονοοῦντες,
1257 1134 1324 1160 ὅπου
1340 1132 1411 1159 νεύει
1426 1132 1460 1158 τὰ
1475 1129 1522 1158 τοῦ
1539 1129 1710 1166 πράγματος.

1097 1204 1164 1240 ρλα¹.
1181 1201 1375 1236 Ἀπεκρίναντο
1394 1199 1441 1225 καὶ
1457 1198 1492 1224 τὰ
1512 1197 1571 1232 ιερὰ
1590 1196 1669 1229 λόγια
1689 1195 1719 1228 ἐξ
1740 1194 1845 1229 ἐρωτή-

1059 1258 1129 1282 σεως
1142 1249 1190 1280 τὰς
1203 1247 1349 1278 ἁποὸάσεις
1362 1245 1417 1272 τῶν
1429 1245 1458 1271 ἐν
1470 1243 1509 1279 τῷ
1524 1243 1657 1278 μέλλοντι,
1669 1242 1718 1277 τὴν
1730 1241 1844 1274 ἅλωσιν,

1059 1297 1109 1331 τὴν
1120 1295 1225 1331 ἡμέραν
1237 1293 1332 1326 αὐτῆς,
1344 1291 1372 1318 τὸ
1385 1289 1623 1324 κατακοπήσεσθαι
1638 1288 1722 1323 ἡμᾶς.
1733 1288 1764 1313 Ὢ
1778 1295 1847 1322 προ-

1062 1340 1179 1376 φητικῆς
1197 1338 1350 1372 εὐκρινείας
1371 1336 1491 1370 ἐκείνηςί
1514 1334 1538 1361 ὣ
1557 1333 1760 1368 ἀνεπικρύπτου
1778 1333 1848 1359 ἀπο-

1062 1388 1189 1422 φάσεως,
1207 1384 1253 1411 καὶ
1272 1384 1310 1418 μὴ
1326 1381 1525 1416 ἐπισυρομένης
1542 1379 1674 1412 λόξωσινί
1693 1378 1747 1405 Καὶ
1762 1379 1847 1413 ἡμεῖς

1062 1433 1246 1468 ἐκωφεύομεν.

1100 1503 1167 1539 ρλβ’.
1179 1500 1233 1529 Ἦν
1253 1500 1404 1536 τηνικαῦτα
1427 1500 1531 1533 καιρὸς,
1553 1499 1628 1534 παρὰ
1648 1480 1682 1526 τα
1702 1498 1848 1526 τελευταῖα

230 1568 285 1595 quo
297 1560 377 1586 verba
391 1557 546 1592 evangelica
562 1556 660 1591 quibus
675 1556 845 1582 calamitates
863 1553 929 1580 Sion
943 1559 1010 1586 pra:-

1063 1552 1112 1586 τῆς
1125 1550 1261 1582 ἁλώσεως,
1275 1548 1322 1574 καὶ
1337 1547 1488 1581 περικοπὰς
1501 1546 1681 1580 εὐαγγελικὰς
1695 1546 1737 1571 ἐπ’
1747 1543 1848 1579 ἐκκλη-

230 1607 352 1642 ﬁguratae
364 1605 483 1637 fuerant,
495 1605 520 1630 in
536 1603 650 1631 ecclesia
667 1601 775 1629 recitari
793 1600 938 1628 debebant.
954 1598 1010 1626 Viri

227 1655 300 1681 enim
319 1659 416 1687 graves
435 1651 468 1678 de
485 1650 596 1677 civitate
615 1655 645 1675 ea
664 1647 924 1682 interpretabantur.
935 1644 1011 1672 Tunc

229 1699 291 1727 duci
312 1698 357 1733 qui
374 1697 406 1724 de
422 1700 520 1724 eventu
538 1694 714 1730 desperabat.
732 1700 775 1720 res
788 1696 898 1719 nostras
916 1691 1011 1726 dispo-

229 1750 420 1778 nere,nosque
438 1742 592 1769 indolentcs
611 1740 729 1767 excitare
742 1740 835 1773 coepit,
860 1742 888 1764 ut
910 1736 1011 1764 eaedem

229 1790 254 1817 ei
267 1789 342 1816 cordi
358 1795 416 1815 esse
431 1787 588 1814 viderentur
609 1786 642 1812 iis
657 1784 702 1820 qui
713 1791 804 1811 earum
819 1790 910 1809 rerum
925 1781 1011 1817 ignari

231 1839 322 1862 erant.
361 1833 527 1867 Namquasi
546 1830 663 1858 ludendo
692 1830 765 1857 circa
791 1836 888 1864 magna
912 1827 1013 1862 templa

230 1880 362 1907 excubias
378 1885 457 1913 agere
471 1877 548 1904 nobis
565 1876 703 1912 praecepit.
720 1874 774 1901 Cur
794 1875 866 1901 enim
884 1881 933 1907 pro
946 1873 1014 1900 civi-

232 1927 299 1953 tatis
325 1926 413 1952 salute
433 1931 530 1959 preces
556 1922 668 1950 facere?
696 1921 724 1948 ln
745 1926 837 1948 mente
860 1924 950 1947 autem
968 1920 1015 1946 lia-

232 1972 316 1999 bebat
344 1970 508 2004 religionem
535 1968 638 1999 colere,
659 1966 732 2002 quod
761 1974 815 1993 non
842 1966 903 1994 sine
922 1966 1014 2000 aliquo

232 2016 380 2043 simulacro
409 2013 535 2044 faciebat,
553 2017 582 2038 ut
607 2012 753 2038 maximam
783 2009 901 2037 civitatis
919 2016 1013 2036 curam

233 2067 330 2094 gerere
355 2059 507 2089 videretur,
529 2065 624 2092 preces
653 2063 703 2091 pro
717 2063 748 2082 ea
776 2055 867 2082 facere
881 2054 1013 2090 jubendo.

233 2104 367 2138 Equidem
386 2108 450 2136 puto
465 2101 584 2128 civitatis
600 2105 702 2128 statum
728 2107 790 2126 eum
804 2099 888 2126 fuisse
898 2103 927 2126 ut
941 2104 1016 2126 certe

235 2149 484 2184 supplicationibus
511 2147 535 2174 ei
560 2151 624 2173 ante
648 2146 742 2173 omnia
768 2153 837 2180 opus
867 2150 952 2172 esset.
977 2145 1015 2172 lta

235 2196 357 2222 medicus
382 2194 427 2228 qui
448 2193 586 2226 imperitia
605 2199 654 2220 sua
671 2191 793 2219 hominis
805 2191 871 2226 aegri
885 2191 969 2218 vitam
987 2191 1015 2218 in

1063 1597 1122 1628 σίας
1138 1594 1327 1629 ὲκφωνεῖσθαι,
1339 1593 1372 1619 δι’
1385 1589 1422 1619 ὧν
1434 1592 1469 1618 τὰ
1482 1591 1532 1626 τῆς
1546 1591 1615 1617 Σιὼν
1631 1586 1847 1627 στηλογραφοῦνι

1062 1651 1106 1670 ται
1127 1642 1210 1668 κακά.
1229 1640 1283 1667 Καὶ
1303 1640 1327 1666 οί
1347 1638 1400 1665 ἔσω
1421 1638 1526 1673 φρενῶν
1544 1637 1693 1672 ίερολογίαν
1709 1636 1780 1663 κατὰ
1796 1637 1845 1671 τῆς

1062 1689 1165 1719 πόλεως
1178 1687 1307 1714 ὑπενόουν
1319 1686 1396 1713 αὑτά.
1406 1685 1498 1717 Ἔδοξε
1509 1685 1549 1719 τῷ
1561 1685 1674 1720 ἀρχηγῷ
1686 1683 1844 1718 τηνικαῦτα,

1063 1732 1106 1761 οἶα
1123 1734 1177 1760 τῶν
1196 1731 1386 1768 στρατηγικῶν
1403 1731 1588 1764 ἀπεγνωκότι,
1605 1729 1794 1757 διατάττεσθαι
1812 1729 1847 1755 τὰ

1063 1779 1124 1806 καθ’
1140 1780 1213 1814 ἡμᾶς
1223 1799 1230 1812 ,
1247 1779 1294 1805 καὶ
1310 1778 1454 1812 διεγείρειν
1468 1777 1505 1808 ὼς
1521 1774 1576 1803 οἷον
1591 1775 1846 1808 ἁπονυστάζοντας,

1065 1825 1108 1852 [va
1126 1826 1247 1859 φαίνοιτο
1263 1826 1319 1857 τοῖς
1338 1825 1375 1859 μὴ
1394 1823 1505 1850 συνιεῖσι
1522 1822 1567 1849 διὰ
1583 1823 1690 1849 πάντων
1706 1821 1783 1856 ἡμῶν
1799 1821 1848 1846 καὶ

1064 1872 1297 1906 προμηθέστατος.
1328 1871 1466 1906 Μηνύεται
1494 1869 1558 1904 γοῦν
1587 1870 1654 1904 ἡμῖν
1683 1867 1849 1902 παννυχίδας

1065 1918 1242 1953 ἀγρυπνητὰς
1267 1917 1390 1949 ἐπιτάξαι
1415 1915 1479 1951 περὶ
1501 1917 1565 1948 τοὺς
1591 1914 1725 1950 μεγάλους
1750 1914 1847 1947 ναοῦς,

1065 1963 1170 1996 παίζων
1186 1963 1289 1994 ἐκεῖνος
1307 1961 1456 1989 κάνταῦθα.
1473 1961 1506 1987 Τί
1523 1960 1576 1996 γὰρ
1595 1960 1642 1987 καὶ
1658 1959 1712 1986 ἔδει
1729 1959 1848 1994 προτρέ-

1065 2018 1126 2037 πειν
1139 2009 1275 2044 εὔχεσθαι,
1290 2008 1357 2043 ὅπερ
1372 2008 1473 2038 ἐκεῖνος
1485 2006 1636 2041 ἀπηύχετο,
1648 2005 1698 2040 τὴν
1711 2004 1850 2039 σωτηρίαν

1064 2057 1113 2091 τῆς
1128 2053 1310 2088 πό).ιως;⁷Ην
1322 2055 1351 2082 δι
1365 2054 1389 2081 οι
1403 2054 1509 2080 ἐπίνοια
1521 2053 1658 2080 ὸσιοῦσθαι
1670 2051 1700 2078 τὸ
1714 2052 1849 2085 εὺσεὸεῖν,

1065 2103 1112 2129 καὶ
1127 2101 1306 2136 ἐπικρύπτειν
1318 2100 1368 2136 τὴν
1381 2099 1481 2135 ὄρεξιν,
1498 2098 1540 2125 ἶνα
1554 2098 1619 2133 δοκῇ
1635 2098 1705 2125 πάνυ
1721 2105 1851 2133 περιποι-

1066 2148 1154 2176 εῖσθαι
1171 2148 1220 2183 τὴν
1237 2147 1313 2174 πόλιν
1331 2147 1372 2181 ἐφ’
1386 2146 1505 2179 ἅπασιν,
1523 2145 1550 2171 εί
1565 2153 1597 2179 γε
1614 2145 1685 2172 θέλει
1702 2145 1749 2170 καὶ
1766 2143 1853 2178 εὐχὰς

1066 2195 1115 2226 τὰς
1131 2194 1200 2229 ὑπὲρ
1216 2193 1300 2228 αὐτῆς
1312 2200 1319 2208 ’
1335 2191 1411 2228 οἶμαι
1424 2193 1463 2226 δὲ,
1480 2193 1528 2219 καὶ
1542 2191 1761 2226 ἐνδεικνύμενος,
1777 2190 1852 2217 οὕτω

234 2239 395 2268 discrimine
411 2239 515 2273 posuit,
536 2238 706 2265 sacerdotem
724 2238 836 2265 advocat
861 2241 891 2264 ut
913 2237 1010 2264 viatico

1069 2240 1241 2275 καταστῆσαι
1253 2239 1288 2266 τὰ
1300 2239 1349 2274 τῆς
1365 2238 1478 2271 πόλεως,
1490 2237 1527 2269 ὡς
1541 2237 1628 2273 εὐχῶν
1640 2238 1688 2264 καὶ
1703 2237 1791 2271 μόνων
1802 2236 1854 2264 αὑ-

235 2285 380 2313 morientis
396 2285 510 2312 salutem
528 2284 629 2311 (irritet.
643 2283 758 2311 Gravior
772 2284 844 2310 enim
861 2287 919 2310 erat
934 2291 1015 2318 quam

235 2332 280 2366 qui
297 2331 452 2365 jocaretnr,
475 2338 535 2364 qua:
556 2335 597 2357 est
621 2329 724 2356 indoles
743 2337 837 2356 eorum
857 2329 904 2364 qui
929 2330 1018 2356 homi<

237 2385 302 2404 num
325 2384 416 2403 mores
433 2384 464 2404 ex
492 2384 543 2404 usu
560 2376 681 2409 cognitos
702 2376 811 2403 habent.
832 2376 936 2403 Idcirco
960 2383 1018 2403 rem

237 2423 425 2458 religiositatis
440 2424 529 2456 specie
543 2422 681 2457 probatam
690 2422 765 2449 fecit.
775 2421 1018 2456 Utcunquefuerit,

239 2469 278 2496 illi
311 2468 416 2503 jubenti
442 2468 619 2495 ecclesiastici
643 2468 816 2494 obedicrnnl.
843 2467 876 2494 Et
894 2475 957 2495 cum
973 2475 1021 2494 ne-

239 2521 316 2541 cesse
336 2519 409 2541 esset
424 2517 454 2541 ut
468 2514 590 2540 carmina
608 2513 698 2540 dulcia
721 2513 829 2540 Davidis
844 2518 1020 2545 canerentur,

240 2561 342 2589 accidit
366 2561 580 2595 inopportunum
605 2559 707 2594 aliquid
724 2559 796 2593 (erat
812 2563 901 2585 autem
917 2559 1023 2586 dilucu-

240 2609 309 2640 lum,
324 2612 385 2641 post
400 2605 472 2641 quod
491 2607 547 2633 sole
573 2605 679 2632 oriente
700 2605 769 2639 capti
787 2604 891 2638 sumus)
909 2608 937 2630 ut
951 2604 1023 2637 psal-

241 2661 315 2680 mum
342 2653 475 2687 eligerent
505 2652 585 2686 cuius
616 2651 736 2682 initium,
768 2650 858 2682 Dens,
889 2653 1023 2676 venerunt

241 2704 337 2735 gentes
358 2699 385 2725 in
409 2698 594 2726 [nereditatem
614 2701 710 2728 tuam;
733 2702 760 2723 et
786 2696 894 2728 deinde,
920 2695 1025 2722 l‘ollne-

241 2751 305 2773 runt
319 2745 449 2780 templum
466 2750 589 2771 sanctum
605 2747 698 2773 tuum;
713 2747 864 2776 posuerunt
880 2742 1023 2768 morticina

243 2799 388 2820 servorum
405 2794 529 2820 tuorum,
555 2792 582 2815 et
605 2788 720 2822 reliqtta.
737 2787 874 2821 Propheta
890 2787 962 2814 enim
984 2787 1024 2813 di-

242 2838 323 2864 vinus
344 2843 378 2862 ex
394 2835 561 2863 rcveiatione
574 2841 668 2860 eorum
686 2833 731 2867 qui
756 2840 867 2867 precum
884 2832 1023 2860 facienda-

245 2889 305 2908 rum
330 2881 418 2917 grntia
443 2884 632 2908 convenerant
648 2879 799 2915 inspiratus
817 2884 887 2912 erat,
906 2879 999 2906 dicens
1012 2885 1021 2903 .-

1067 2286 1117 2322 τὴν
1133 2286 1256 2312 δέεσθαι·
1273 2286 1363 2320 ὅμοιον
1378 2284 1415 2315 ὼς
1431 2284 1456 2310 εί
1473 2285 1520 2310 καὶ
1536 2283 1628 2318 ίατρδς
1644 2283 1855 2319 κατεργασάμε-

1066 2341 1110 2364 νος
1123 2332 1155 2358 ἐκ
1167 2340 1240 2362 τινος
1255 2330 1419 2365 φαυλότητος
1435 2329 1482 2355 ἐπὶ
1497 2329 1604 2364 θανάτῳ
1618 2329 1775 2365 ἄνθρωπον,
1790 2327 1854 2357 εἶτα

1067 2378 1211 2405 ἐπιτάσσει
1227 2377 1420 2412 προκαλεῖσθαι
1435 2376 1520 2411 ἱερέα,
1534 2376 1710 2410 ἐφοδιάσαντα
1723 2376 1772 2410 ἤδη
1788 2375 1856 2410 θνή⁴

1070 2432 1168 2450 σκοντι
1183 2423 1309 2457 σωστικῷ
1320 2422 1482 2456 ἀγιὰσματι.
1494 2422 1562 2448 Οὐδὲ
1575 2421 1629 2456 γὰρ
1639 2418 1672 2456 ἦν
1684 2421 1855 2454 ἐπιπόλαιος,

1069 2470 1138 2497 ἀλλὰ
1152 2469 1198 2495 καὶ
1211 2468 1270 2495 λίαν
1283 2468 1366 2502 βαθὺς
1379 2467 1637 2503 εὐτραπελεύεσθαι,
1651 2468 1700 2494 ὅσα
1714 2476 1744 2501 γε
1759 2468 1860 2502 πειρὰ-

1072 2514 1169 2541 σασθαι
1192 2513 1239 2540 τοῦ
1264 2513 1359 2548 ἀνδρὸς
1380 2513 1442 2544 τοὺς
1466 2513 1570 2543 δεινοὺς
1593 2513 1779 2548 γνωματεύειν
1801 2513 1859 2549 ἢθη

1071 2560 1137 2593 τῶν,
1149 2556 1233 2590 οἴςέᾶν
1246 2559 1423 2593 περιτύχωσι.
1436 2559 1482 2585 Διὸ
1496 2559 1542 2585 καὶ
1553 2558 1655 2594 ταύτην
1667 2560 1861 2594 προσεποιεῖτο

1072 2605 1121 2640 τὴν
1139 2604 1324 2639 θεοκλύτησιν,
1343 2603 1378 2634 ὡς
1400 2604 1449 2629 οὐκ
1471 2604 1503 2630 ἂν
1519 2605 1550 2630 τὸ
1571 2604 1649 2629 Θεῖον
1667 2604 1861 2639 θεραπεύοιτο.

1074 2651 1169 2681 Ὅπως
1184 2650 1206 2676 δ’
1219 2650 1251 2677 ἂν
1266 2648 1322 2684 είχε
1337 2649 1366 2676 τὺ
1383 2650 1513 2685 πρᾶγμα,
1530 2651 1544 2676 ὁ
1561 2650 1611 2685 μὲν
1625 2649 1711 2684 εἶπεν,
1735 2651 1760 2676 ot
1774 2650 1797 2677 δ’
1810 2651 1864 2677 ἐκ-

1075 2696 1263 2731 κλησιαστικοὶ
1285 2695 1429 2729 ἐπήκουον.
1449 2696 1504 2722 Καὶ
1525 2697 1557 2732 δὴ
1578 2697 1664 2731 χρεὼν
1686 2696 1866 2730 προλάμπειν

1074 2742 1119 2768 τοῦ
1135 2742 1245 2776 ψάλλειν
1259 2742 1303 2767 τὸν
1318 2741 1419 2774 γλυκὺν
1435 2741 1552 2776 μελῳδὸν
1566 2742 1656 2774 Δαυῒδ,
1670 2742 1786 2776 ἐπῆλθεν
1801 2743 1868 2770 οὔτι

1075 2788 1145 2814 κατά
1166 2787 1252 2814 αἴσιον
1274 2789 1328 2818 τοῖς
1347 2787 1521 2822 δεησομένοις
1542 2786 1587 2823 (ἦν
1609 2790 1637 2815 δὲ
1658 2789 1742 2823 βαθὺς
1763 2789 1869 2824 ὄρθρος

1075 2835 1146 2866 τότε,
1169 2831 1199 2860 οὗ
1222 2833 1392 2868 λαμφθέντος
1418 2835 1485 2868 ἡλίῳ
1511 2835 1659 2869 ἑάλωμεν),
1684 2835 1871 2867 ἐπιλέξασθαι

1077 2879 1184 2914 ψαλμὸν
1200 2880 1312 2913 ἐκεῖνον,
1328 2877 1357 2907 οὗ
1373 2882 1502 2915 κατάρχει
1520 2881 1567 2914 μὲν
1583 2882 1611 2906 τό
1623 2889 1630 2896 ·
1651 2890 1660 2907 t
1679 2881 1708 2908 '0
1724 2881 1801 2914 Θεὸς,
1818 2881 1871 2916 ἦλ,
