1962 3087
125 139 175 171 129

510 143 558 173 DE
577 143 862 174 THEFSALONICA
884 143 986 174 UllBE
1007 143 1029 172 Α
1052 143 1203 173 LATIle
1222 144 1351 173 CAPTA.

1698 138 1748 171 130

124 199 204 225 οοσαν
221 199 284 234 ἔθνη
299 200 340 231 εἰς
354 199 404 234 τὴν
419 199 600 234 κληρονομίαν
618 209 665 226 σου
681 210 687 216 ·
708 210 716 226 ι
736 201 866 234 ἑφέπεται
882 199 904 226 δέ

964 199 1001 226 Ad
1020 200 1086 234 quid
1114 200 1241 234 precibus
1270 201 1302 226 ad
1329 199 1412 226 Deum
1439 206 1507 230 opus
1532 197 1675 231 habemus,
1700 197 1748 232 qui

120 245 168 271 τόν
190 254 198 270 ι
218 245 347 278 Ἔμίαναν
366 246 411 272 τὸν
431 246 493 272 ναὸν
511 246 558 272 τὸν
578 246 655 280 ἅγιόν
677 254 741 272 σου’
763 245 856 272 ἔθεντο
876 244 911 271 τὰ

966 253 1010 272 res
1027 250 1137 273 nostras
1157 245 1236 280 plane
1253 245 1379 279 cognitas
1397 244 1498 271 habet?

126 290 276 326 θνησιμαῖα
301 290 355 317 τῶν
371 291 471 318 δούλων
488 300 546 325 σου,
567 301 576 318 ι
593 293 640 319 καὶ
671 293 702 319 τὸ
728 292 791 327 ἑξῆς
807 300 815 308 ·
835 293 946 327 μονονοὺ
972 292 1198 327 χρησμῳδοῦντος
1219 291 1266 318 τοῦ
1289 292 1429 326 Προφήτου
1456 293 1502 318 καὶ
1527 289 1691 327 θεοπάτορος
1714 291 1747 318 δι’

125 336 293 371 ὗποφητεῖας
321 336 376 362 τῶν
390 337 579 372 ἠθροισμένων
604 338 643 370 είς
658 338 764 374 δέησιν,
792 339 840 366 καὶ
864 338 1005 372 λέγοντοςσ
1023 337 1056 364 Τι
1079 338 1111 364 ἂν
1134 337 1174 364 ἔτι
1194 337 1320 373 δεοίμεθα
1355 337 1506 372 πρεσϐειῶν
1534 338 1572 368 εἰς
1589 337 1666 370 Θεὸν,
1684 337 1747 364 ἔνθα

122 383 218 418 ἐκείνῳ
233 382 267 409 τὰ
283 382 344 409 καθ’
357 383 435 417 ἡμῶν
449 384 656 418 ἀποπέφανταις

157 427 224 463 ρλγῆ
236 427 314 464 Εἶχεν
325 429 395 455 οὕτω
409 429 504 463 ταῦτα¹
518 430 638 457 πλείοσιν
651 431 755 466 ἑτέροις
768 439 907 467 παρασπι-

122 473 222 509 ζόμενα
237 475 444 510 συγκροτήμασι
459 475 508 510 τῆς
520 475 568 502 τοῦ
582 475 668 502 κακοῦ
683 476 836 511 δηλώσεως.
852 477 908 504 Καὶ

120 520 210 547 τοίνυν
234 520 273 555 τῷ
301 522 390 556 συχνῷ
416 521 517 548 τούτων
541 522 661 554 ἅπαντες
687 523 906 558 ἁνειρρονοῦμεν,

120 565 219 601 δψιμον
236 567 397 601 συνάγοντες
412 567 485 602 νοῦν,
503 569 550 595 καὶ
565 569 594 595 τὸ
611 568 707 604 πρώην
722 569 822 604 Θράσος
837 569 908 596 ἁπο-

120 613 289 647 ποιούμενοι.
305 614 342 640 Οὐ
358 614 412 649 γὰρ
429 613 462 641 ἂν
476 615 564 642 ἐκεῖνο
578 615 687 650 θάρσος,
703 615 817 650 εἴποιμι,
834 615 906 642 ἐλλό-

120 665 176 691 γως
191 658 310 693 εἴχομεν,
336 660 383 686 καὶ
397 660 524 694 ὲνοοῦμεν
539 661 628 688 οὐκέθ’
639 662 705 697 ήμίν
718 659 788 689 εἶναι
804 662 904 696 φυκτὰ.

120 702 224 730 οὔκουν
237 704 356 740 ἔφθησαν
369 707 536 741 καταντῆσαι
550 708 589 739 εἰς
603 708 690 743 πέρας
702 709 730 735 αἰ
741 708 795 734 τῶν
807 708 906 743 ἐκκλη-

119 749 185 775 σιῶν
205 750 343 786 δεητήριοι
366 752 510 787 ἁρμονίαι,
531 753 578 780 καὶ
600 755 614 780 6
636 754 766 789 πόλεμος,
788 754 829 782 ἔτι
851 755 904 781 τῶν

118 794 234 829 ψαλμῶν
250 786 414 832 εἰλουμένων
432 799 459 825 ἐν
477 801 532 832 τοῖς
549 800 603 826 τῶν
621 786 754 835 δεομένων
773 801 905 836 στόμασι,
921 786 944 816 Β

121 840 236 874 θρήνους
252 842 390 876 παρέσυσε
400 863 408 876 ,
424 844 471 870 καὶ
486 845 526 875 εἰς
542 844 621 878 γόους
637 844 762 879 οἰκτροὺς
779 845 825 870 καὶ
840 845 906 871 ἀλα-

118 884 240 920 λαγμοὺς
253 887 316 922 ᾅδου
331 888 556 923 ἀντιπεριέστησε
567 910 574 922 ,
588 889 635 915 xei.
651 890 691 921 εἰς
707 889 796 924 φυγὴν
807 890 905 922 αὐτοὺς

119 931 311 966 ἀθροισθέντας
335 933 453 969 ἐπτυρε,
475 935 522 961 καὶ
543 935 654 962 τοιαῦτα
675 935 791 968 διέθετο,
813 933 906 971 ὧνπερ

118 977 168 1004 ὀΐω
183 979 371 1014 μεμνήσεσθαι
384 980 446 1011 τοὺς
459 980 563 1012 ζῶντας
576 980 605 1007 ἕν
619 989 670 1016 περ
682 981 797 1016 ὀνείροις
807 989 814 997 ο
827 982 906 1017 εἰπερ

118 1024 148 1050 οὗ
165 1024 199 1050 τὰ
215 1025 281 1060 ἡδέα
301 1026 380 1059 μόνον
396 1026 581 1060 προπίπτουσι
597 1027 646 1061 τῆς
663 1028 723 1054 καθ’
738 1028 821 1056 ὕπνον
837 1038 904 1064 φαν-

118 1070 216 1102 τασίας
226 1090 233 1102 ,
250 1070 308 1097 ἀλλ’
321 1071 398 1098 οὐδὲν
413 1069 494 1107 ἦττον
510 1073 557 1100 καὶ
571 1074 604 1099 τὰ
620 1075 702 1107 φόῦον
718 1074 905 1110 ἑνδειξάμενα.

155 1134 219 1169 ρλδ’.
241 1135 296 1162 Καὶ
311 1135 398 1168 οὕτως
414 1137 443 1170 ἐξ
460 1137 527 1168 ἰδίας
542 1137 650 1173 ἔχθρας,
667 1140 716 1174 τῆς
731 1148 761 1166 τε
776 1141 845 1168 κατὰ
860 1141 906 1168 τὸν

120 1179 233 1214 βασιλέα
250 1180 430 1215 ’Δνδρόνικον,
446 1182 494 1208 καὶ
507 1183 557 1216 τῆς
571 1183 642 1209 κατὰ
656 1183 700 1210 τὸν
714 1184 798 1210 δοῡκα
812 1185 905 1218 Attuli,

119 1225 210 1252 κοινὸν
225 1227 309 1253 κακὶν
324 1227 496 1262 κατέσκηψεν
509 1228 643 1255 ἀνάπαλιν
657 1229 697 1264 τῷ
710 1238 907 1264 γνωματευσα-

119 1271 193 1306 μένῳ
201 1272 287 1298 πολλὰ
301 1272 356 1298 τῶν
365 1273 462 1300 κοινῶν
476 1274 547 1301 κατά
560 1283 634 1306 τινας
647 1275 714 1306 ἰδίας
729 1276 828 1311 ἔχθρας
841 1276 905 1311 λαγ-

118 1317 210 1350 χάνειν
236 1317 430 1352 ἐπανόρθωσιν.
450 1319 506 1345 Καὶ
526 1319 577 1346 οὐκ
597 1321 731 1356 εὐφραδὴς
752 1321 859 1357 ἡμὲρα,
888 1322 905 1357 ἡ

117 1363 167 1397 τῆς
186 1363 374 1399 πανωλεθρίας
386 1385 392 1396 ,
411 1366 569 1401 κατερράγη
586 1367 652 1401 ήμίν
665 1375 672 1383 ο
690 1367 724 1403 ἢν
741 1362 837 1402 ἤθελον
856 1368 906 1403 μὲν

117 1408 151 1436 ὲκ
167 1409 221 1435 τῶν
239 1409 285 1436 τοῦ
304 1409 386 1436 καλοῦ
404 1411 527 1438 ἐνιαυτοῦ
544 1412 789 1448 ἀναπληρωμὰτων
806 1414 905 1440 αὐτίκα

117 1454 278 1489 ἐκκοπῆναι,
295 1456 385 1482 ὁποῖόν
400 1464 426 1482 τι
444 1456 629 1492 λελυπημένος
649 1458 695 1484 καὶ
711 1459 725 1484 6
741 1458 903 1493 καρτερικὸς
917 1454 939 1483 C

122 1500 183 1527 ’1ὼὸ
191 1500 298 1533 εὔξατο.
314 1501 385 1528 ’Δλλ¹
397 1502 412 1527 6
426 1502 556 1534 ἐπιτάξας
564 1502 603 1538 τῷ
616 1502 683 1539 ἡλίῳ
695 1503 797 1539 ὁρίζειν
810 1504 842 1531 τὰ
856 1504 901 1531 τοῦ

115 1547 240 1573 ἐνιαυτοῦ
262 1548 323 1574 καθ’
339 1548 435 1583 εἰρμδν
454 1548 499 1574 τὸν
522 1548 569 1575 ἀπ’
586 1550 710 1582 αἰώνων,
731 1549 903 1582 ὲξουδενώσει

115 1593 223 1625 πάντως
244 1593 274 1619 τὸ
293 1593 345 1628 τῆς
367 1594 449 1628 εὐχῆς
470 1595 583 1630 ταύτης.
603 1595 792 1628 πεπαιδευκώς
816 1596 903 1628 ἄλλως

115 1637 260 1672 εὔχεσθαι,
274 1638 530 1675 ἀνθρωπικώτερον.
545 1640 582 1666 Τὸ
594 1640 649 1674 γὰρ
661 1640 733 1667 οὕτω
747 1642 903 1674 γονυπετεῖν

114 1683 144 1709 ὲν
157 1683 282 1718 δεήσεσιν
294 1684 344 1710 οὐκ
357 1684 388 1711 ἂν
400 1685 443 1719 εἴη
455 1684 545 1720 ψυχῆς
559 1685 596 1720 μὴ
610 1686 849 1721 παραφερομένης,
863 1683 904 1718 οἷς

116 1729 278 1757 παθαίνιται
288 1738 295 1746 ·
308 1730 369 1757 ὅθεν
381 1733 429 1758 καὶ
442 1733 615 1766 συγγνωστὰ,
628 1733 652 1759 εἰ
665 1733 713 1760 καὶ
725 1732 796 1760 οὕτω
808 1733 904 1760 λαλοῦ-

116 1784 178 1810 μεν.
191 1776 268 1803 Meo:
278 1776 333 1811 γὰρ
344 1777 461 1804 ἐνταῦθα
473 1778 523 1804 οὐκ
533 1778 566 1805 ἂν
578 1779 755 1814 παθήναιντο,
766 1779 813 1806 καὶ
824 1779 904 1812 ὅσους

115 1821 176 1849 κατ’
188 1822 298 1854 αὐτούς.
313 1823 374 1854 Πῶς
387 1823 441 1858 γὰρ
454 1824 607 1859 ἄνθρωπος,
621 1825 686 1852 ἔνθα
697 1825 745 1852 καὶ
757 1825 812 1852 τῶν
824 1825 904 1852 πολι-

117 1867 187 1902 μίων
199 1869 223 1894 οἰ
239 1869 398 1904 φαινόμενοι
412 1868 479 1895 Θεὸν
492 1869 603 1901 εἰδέναι,
615 1871 663 1896 καί
674 1878 701 1897 τι
714 1870 786 1905 ἔχειν
798 1870 902 1902 οἴκτου,

115 1914 163 1940 καὶ
178 1914 337 1950 ἀθηρίωτοι,
353 1914 484 1949 ἐδάκρυον
500 1915 547 1941 καὶ
564 1915 772 1948 κατεστέναζον,
789 1916 903 1951 βλέπον-

115 1969 162 1992 τες
180 1961 256 1988 πόλιν
269 1961 398 1997 τοιαύτην
412 1962 483 1988 οὓτω
499 1963 705 1998 κατῃκισμένην
720 1963 768 1990 καὶ
783 1964 904 1999 ὲζημιωυ

117 2008 202 2042 μένην
216 2008 326 2039 κακοῖς,
343 2007 430 2041 ἅπερ,
446 2009 470 2034 εἰ
484 2007 631 2043 διενεμήθη
641 2026 649 2040 ,
666 2008 793 2044 πλείστην
807 2009 840 2036 ἃν
855 2010 904 2043 τῆς

116 2053 280 2088 οἰκουμένης
301 2054 341 2085 εἰς
362 2053 572 2088 εὐδαιμονισμὸν
593 2054 762 2088 ἑξήρτυσανς
787 2055 825 2081 Οὐ
849 2055 903 2090 γὰρ

116 2100 194 2132 πόλις
206 2098 240 2136 ἦν
252 2101 268 2134 ἠ
281 2099 384 2133 ἁπλῶς,
396 2099 464 2126 ἀλλὰ
478 2099 609 2134 μακάρων
620 2100 667 2134 γῆ,
677 2099 770 2126 ὁποίαν
781 2100 795 2127 6
809 2100 902 2134 μαθὼν
915 2120 941 2150 D

115 2146 165 2173 οὐκ
180 2147 213 2173 ἄν
227 2146 284 2181 ἔχοι
301 2145 431 2180 λαθέσθαι
448 2145 534 2179 αὐτῆς
548 2153 555 2160 ·
571 2146 588 2180 ἢ
606 2145 740 2172 θάλλουσα
757 2145 832 2172 ἐσαεὶ
846 2146 902 2178 τοῖς

116 2193 187 2220 κατὰ
203 2194 304 2228 κόσμον
320 2193 424 2224 καλοῖς,
441 2191 571 2226 ἐξήνθησε
585 2191 646 2217 τότε
662 2191 843 2227 ἀτημελήτως
859 2200 902 2218 νε-

117 2240 208 2275 κροῖς,
225 2236 262 2266 ὦν
278 2238 326 2266 καὶ
344 2228 429 2265 εἰσέτι
447 2238 560 2273 σώματα
578 2237 681 2272 ἀκηδέα
698 2238 786 2264 κεῖται
804 2238 833 2264 ὲν
851 2246 904 2265 πα-

116 2285 274 2322 ραϐύστοις,
286 2284 402 2320 ἀνδρῶν,
416 2283 564 2318 γυναικῶν,
575 2283 690 2318 νηπίων,
704 2283 840 2318 ἀκμαίων,
855 2292 904 2319 με·

117 2331 284 2364 σαιπολίων,
317 2332 452 2366 γερόντων
468 2339 476 2346 ·
510 2331 597 2357 εἰπεῖν
625 2331 658 2356 τὸ
687 2330 901 2366 ἁνηλεέστερον,

114 2377 299 2414 παρειμένων,
315 2377 331 2413 ἢ
348 2377 395 2403 καὶ
409 2377 473 2404 ἄλλο
485 2385 511 2402 τι
527 2376 599 2408 σίνος
613 2376 754 2404 παθόντων
767 2377 903 2414 ἀποτυχίᾳ

115 2423 222 2457 φύσεως
233 2431 239 2437 ·
254 2423 302 2449 καὶ
315 2422 406 2449 αὐτῶν
417 2422 450 2457 δὴ
462 2422 517 2448 τῶν
531 2422 617 2457 ὁπηδὴ
623 2431 686 2449 ποτε
699 2423 902 2458 νοσοκομουμέ-

114 2477 184 2501 νων,
202 2467 249 2499 οὓς
267 2467 329 2495 οὔτε
346 2469 434 2504 τεῖχος
452 2467 540 2500 εἶδεν,
558 2467 615 2495 οὔθ’
628 2469 710 2495 ὅπλον
727 2469 832 2504 ἐτριψε.
850 2470 902 2497 Τὸν

115 2514 180 2548 γοῦν
195 2513 422 2549 ἐκκλησιαστικὸν
437 2512 540 2547 ξενῶνα
555 2513 746 2549 εἰσδραμόντες
761 2515 785 2540 oi
800 2515 883 2542 δεινοὶ
893 2536 900 2549 ,

115 2560 162 2587 καὶ
176 2560 246 2586 κατὰ
262 2559 346 2586 σκιῶν
361 2559 543 2594 ἀνδρίζεσθαι,
560 2559 668 2595 πρῶτον
682 2560 722 2591 εἰς
737 2561 836 2592 αὐτοὺς
850 2561 902 2588 ἁπ-

114 2607 270 2642 ησχόλησαν
285 2606 318 2633 τὰ
335 2605 399 2640 ξίφη
410 2614 417 2622 ·
437 2606 506 2641 μετὰ
523 2605 550 2632 δὲ
568 2605 646 2633 κενὸν
660 2606 690 2632 τὺ
706 2607 760 2633 πᾶν
775 2607 901 2642 ἀφῆκαν,

114 2651 152 2680 ὦν
169 2653 244 2683 ἐντὸς
263 2651 357 2685 ἔστεγε
368 2671 376 2683 ,
392 2651 447 2678 τῶν
465 2660 495 2678 τε
513 2652 582 2687 πρὸς
601 2653 722 2687 ἰατρείαν
733 2673 741 2686 ,
759 2654 805 2679 καὶ
821 2650 861 2684 οἷς
877 2654 902 2679 οἰ

115 2699 263 2735 τληπαθεῐς
277 2699 432 2726 ἔσκέποντο.
448 2699 501 2725 Καὶ
518 2698 566 2724 νῦν
578 2699 609 2725 τὸ
623 2699 742 2726 τοιοῦτον
757 2699 838 2726 καλὸν
852 2699 903 2727 οὐκ

115 2745 172 2780 ἔχει
186 2745 247 2771 τινὰ
263 2744 436 2778 ξεναγωγεϊν.
455 2744 526 2771 Ἀλλ’
536 2745 561 2772 οἰ
577 2745 644 2780 πρὸς
659 2746 821 2780 νοσοκομίαν
835 2746 902 2772 ἀπο-

115 2789 240 2820 νεύοντες
257 2790 416 2824 ὲρχόμενοι,
434 2789 481 2815 καὶ
496 2789 528 2816 τὸ
543 2790 654 2825 κένωμα
674 2791 837 2826 βλέποντες,
854 2792 902 2818 καὶ

115 2835 146 2862 τὸ
160 2835 227 2870 πρὸς
241 2835 346 2870 ὑγίειαν
359 2835 494 2872 βοήθημα,
507 2835 572 2863 ὡσεὶ
586 2836 633 2863 καὶ
648 2836 762 2865 θανάτου
776 2838 901 2871 καταγώ-

1003 431 1064 459 155.
1087 430 1148 458 llaec
1171 434 1197 458 et
1224 431 1301 466 plura
1332 426 1382 456 alia
1412 429 1444 456 ad
1473 437 1609 455 mrumnas
1637 434 1746 458 nostras

961 478 1174 513 conspirabant,
1201 484 1318 512 quarum
1343 475 1495 510 frequentia
1514 475 1578 502 fecit
1596 479 1626 502 ut
1647 477 1747 510 resipi-

961 531 1114 556 scereutus,
1125 529 1150 550 et
1164 523 1317 551 temeritate
1332 522 1455 557 deposita
1470 529 1537 548 sana
1552 527 1642 548 mente
1655 522 1747 549 omnia

961 570 1194 597 examinarcmus.
1217 569 1264 596 Illa
1283 568 1355 595 enim
1374 568 1489 595 audacia
1509 567 1644 594 rationem
1662 567 1748 595 comi-

961 619 1014 642 tent
1042 622 1096 641 non
1122 614 1252 646 habebat,
1276 618 1303 641 et
1321 614 1388 641 nihil
1407 613 1486 640 nobis
1510 612 1748 646 fugiendumesse

957 660 1163 698 judicabamus.
1182 660 1228 687 Sic
1244 661 1325 695 igitur
1339 660 1402 687 dum
1421 660 1446 686 in
1463 659 1643 687 concionibtts
1659 659 1748 686 eccle-

959 706 1082 733 siasticis
1105 706 1230 733 solamen
1251 706 1420 740 querebant,
1440 705 1552 736 bellum,
1570 712 1632 732 cum
1649 705 1746 740 psalmi

959 758 974 777 a
990 750 1211 785 supplicantibus
1233 755 1411 782 canerentur,
1442 750 1655 778 lamentationes
1680 757 1747 784 sug-

958 798 1051 831 gessit.
1073 797 1100 824 in
1117 796 1236 832 gemitus
1253 800 1280 824 et
1293 796 1438 824 infernalia
1460 796 1578 830 suspiria
1591 796 1743 827 convertit,

957 849 984 870 ct
1000 843 1131 870 concione
1146 843 1281 877 dissipata
1297 842 1405 870 animos
1421 843 1455 869 ita
1471 842 1565 869 aﬂecit
1581 846 1609 868 ut
1626 842 1671 876 qui
1687 842 1744 869 vita

956 889 1120 922 superstites
1137 892 1230 920 erant,
1246 889 1391 923 lugubrem
1407 889 1489 916 istius
1506 887 1671 915 calamitatis
1689 895 1746 915 me-

957 935 1071 962 moriam
1089 935 1229 962 servaturi
1247 933 1313 965 sint,
1331 934 1467 969 siquidem
1484 933 1674 969 nonjucundae
1688 939 1746 961 tan-

958 987 1013 1009 tum
1031 988 1084 1013 res,
1101 980 1149 1008 sed
1171 980 1354 1008 formidolosa
1365 980 1449 1007 etiam
1467 980 1659 1008 dormientium
1676 979 1746 1007 ima-

956 1027 1124 1063 ginationem
1145 1030 1271 1062 tangunt.

992 1139 1053 1167 154.
1072 1139 1118 1167 Sic
1133 1147 1165 1167 ex
1182 1139 1245 1166 odio
1262 1139 1370 1174 privato
1384 1138 1412 1166 in
1429 1138 1617 1166 Andronicum
1638 1141 1664 1166 et
1687 1138 1739 1165 Da-

959 1185 1048 1212 videm
1069 1185 1166 1212 ducetn
1185 1185 1287 1212 malum
1300 1192 1446 1212 commune
1464 1191 1561 1212 rursus
1587 1185 1692 1218 ingruit
1711 1185 1740 1211 in

956 1231 1063 1258 animos
1076 1238 1185 1263 eorum,
1205 1230 1252 1265 qui
1280 1230 1402 1257 sentiunt
1419 1230 1549 1265 pleraque
1573 1230 1644 1256 mala
1667 1237 1745 1256 com-

957 1277 1051 1304 munia
1082 1277 1116 1304 ab
1140 1277 1204 1304 odio
1235 1277 1343 1311 privato
1369 1276 1511 1304 emendari
1538 1283 1630 1311 posse.
1657 1275 1744 1303 Nobis

956 1329 1048 1350 autem
1066 1331 1120 1350 non
1141 1323 1258 1358 pulchra
1275 1323 1351 1354 dies.
1374 1323 1430 1350 imo
1457 1330 1517 1357 qua:
1546 1322 1628 1350 nobis
1655 1322 1745 1349 omni-

956 1370 1007 1398 bus
1033 1370 1149 1397 exitiosa
1174 1369 1246 1402 fuit,
1284 1369 1395 1401 illuxit,
1428 1374 1457 1398 et
1492 1376 1574 1405 quam
1608 1376 1642 1396 ex
1677 1368 1743 1395 anni

957 1415 1044 1450 spatio
1055 1415 1147 1443 statim
1164 1415 1277 1443 recisam
1303 1416 1410 1448 vellem.
1444 1415 1517 1444 sicut
1543 1414 1594 1443 Job
1628 1413 1656 1441 in
1675 1413 1743 1441 allii—

955 1462 1049 1490 ctioue
1074 1469 1106 1489 ac
1132 1469 1251 1490 mterore
1278 1470 1328 1490 suo
1352 1463 1516 1497 deprecatus
1535 1466 1589 1490 est.
1617 1461 1670 1490 Sed
1695 1462 1742 1496 qui

956 1508 1006 1536 soli
1039 1508 1075 1536 ab
1103 1507 1183 1535 initio
1212 1508 1376 1535 saeculorum
1402 1515 1512 1535 cursum
1550 1507 1743 1543 pt'aaseripsit,

956 1551 1027 1580 istas
1047 1559 1144 1587 preces
1163 1553 1278 1586 respuit,
1305 1556 1400 1586 utpote
1427 1553 1554 1580 humana
1574 1559 1678 1580 naturae
1700 1554 1743 1580 in-

955 1604 1101 1632 congruas.
1115 1597 1237 1625 Gentibus
1250 1598 1322 1624 enim
1336 1597 1414 1625 ﬂexis
1427 1606 1507 1625 orare
1519 1606 1572 1626 non
1587 1604 1631 1627 est
1644 1600 1742 1627 animae

955 1650 1016 1677 quae
1033 1643 1105 1670 mala
1123 1643 1257 1678 patienter
1275 1643 1349 1675 fert;
1367 1644 1484 1679 ideoque
1509 1646 1629 1672 sermoni
1647 1651 1742 1673 nostro

955 1689 1154 1724 ignoscendum
1175 1689 1238 1716 erit.
1258 1689 1326 1716 Nam
1344 1690 1448 1725 lapides
1472 1690 1525 1724 ipsi
1543 1698 1596 1717 non
1619 1695 1742 1718 tacerent

956 1733 984 1760 in
1016 1733 1070 1761 isto
1097 1736 1170 1761 statu
1203 1733 1297 1767 positi.
1317 1732 1462 1766 Quomodo
1482 1734 1555 1760 enim
1576 1733 1658 1762 homo
1685 1743 1741 1763 non

955 1783 1112 1806 moveretur
1126 1799 1133 1811 ,
1153 1777 1199 1805 ubi
1219 1778 1261 1805 vel
1283 1778 1356 1806 inter
1372 1778 1466 1806 hostes
1484 1778 1502 1806 ii
1526 1779 1571 1814 qui
1588 1778 1636 1807 Dei
1652 1780 1742 1808 notio-

955 1832 1018 1852 nem
1043 1825 1154 1857 habere,
1174 1832 1207 1853 ac
1231 1824 1422 1852 misericordia
1448 1825 1551 1854 moveri
1580 1829 1741 1860 censentur,

954 1871 1161 1906 lacrymabundi
1197 1871 1362 1904 gemebant,
1396 1871 1490 1898 urbem
1518 1872 1622 1905 talem,
1659 1874 1742 1901 tantis

954 1917 1083 1944 aerumnis
1101 1917 1238 1949 obrutam,
1259 1920 1286 1943 et
1311 1920 1350 1944 tot
1367 1916 1445 1944 bonis
1457 1916 1578 1944 orbatam
1601 1918 1741 1951 videntes,

954 1970 1016 1998 quae
1040 1963 1063 1990 si
1090 1963 1220 1996 repartita
1243 1962 1371 1996 fuissent,
1389 1970 1515 1998 magnam
1534 1967 1615 1991 terra:
1637 1969 1740 1998 partem

957 2009 1109 2037 beassent?
1127 2008 1185 2034 Non
1203 2009 1277 2035 enim
1298 2009 1364 2036 urbs
1384 2009 1506 2044 vulgaris
1522 2015 1592 2042 erat,
1611 2009 1659 2036 sed
1683 2009 1740 2037 for-

955 2058 1110 2081 tunatomm
1133 2052 1223 2085 sedes,
1234 2060 1316 2087 quam
1333 2052 1380 2087 qui
1403 2056 1530 2084 noverat,
1543 2051 1669 2079 oblivisci
1686 2060 1742 2080 non

955 2090 1078 2134 poterat;
1095 2106 1155 2133 quae
1172 2098 1251 2125 bonis
1276 2098 1452 2126 terrestribus
1468 2096 1576 2133 semper
1592 2099 1740 2127 abundans

957 2150 1022 2173 tunc
1044 2145 1224 2172 cadaveribus
1247 2144 1383 2177 scatebat,
1406 2152 1468 2180 qua:
1483 2152 1560 2172 nunc
1585 2152 1696 2181 quoque
1712 2146 1741 2174 in

955 2191 1024 2218 locis
1052 2191 1180 2218 obscuris
1207 2191 1312 2226 jaceat,
1339 2191 1473 2223 virorum,
1503 2191 1741 2226 ntulierum.'pue-

955 2244 1059 2269 rerum,
1077 2236 1234 2268 infantium,
1249 2236 1416 2268 adultorutu,
1433 2235 1528 2263 media:
1538 2238 1741 2269 :etatls,senum

955 2282 1110 2309 miserrime
1126 2281 1333 2313 derelictorum,
1352 2285 1400 2308 aut.
1420 2280 1443 2308 si
1454 2281 1512 2312 ,alia
1528 2289 1543 2308 a
1558 2286 1656 2308 natura
1672 2281 1736 2308 labe

955 2329 1047 2356 aﬂlicti
1057 2333 1145 2360 erant,
1153 2336 1222 2363 quos
1232 2332 1322 2356 tamen
1336 2335 1386 2355 nec
1396 2334 1491 2355 murus
1502 2327 1608 2354 viderat
1623 2335 1672 2354 nec
1687 2328 1741 2355 tela

954 2375 1109 2410 tetigeraut.
1117 2374 1184 2402 Cum
1194 2375 1220 2401 in
1230 2373 1478 2402 ecclesiasticorum
1486 2373 1631 2408 hospitium
1641 2373 1740 2400 intras-

954 2425 1024 2454 sent,
1053 2428 1133 2448 manu
1157 2420 1251 2453 fortes,
1275 2426 1337 2446 cum
1365 2420 1470 2446 umbris
1490 2426 1611 2454 pugnare
1627 2420 1737 2452 assueti,

954 2466 1152 2503 primogladios
1167 2467 1193 2493 in
1202 2467 1275 2501 ipsos
1283 2470 1438 2497 verterunt;
1449 2469 1542 2500 postea
1553 2472 1618 2492 vero
1630 2471 1738 2492 omnem

952 2513 1042 2541 locum
1051 2512 1227 2539 habitandum
1243 2511 1356 2539 medicis
1367 2515 1394 2538 et
1404 2515 1569 2546 aegrotorum
1579 2510 1739 2538 custodibus

954 2558 1139 2594 reliquerunt.
1155 2558 1282 2584 Attamen
1298 2557 1355 2584 haec
1377 2557 1523 2592 magniﬁca
1539 2557 1637 2584 domus
1651 2557 1739 2584 nemi-

953 2613 1016 2632 nem
1032 2605 1123 2632 adhuc
1136 2604 1255 2639 hospitio
1269 2603 1388 2638 excepit.
1403 2603 1454 2636 Qui
1469 2607 1560 2630 autem
1575 2603 1609 2630 ad
1622 2607 1739 2638 aegroto-

954 2659 1015 2678 rum
1039 2651 1208 2678 curationem
1229 2654 1373 2681 venerunt,
1393 2650 1452 2677 loco
1464 2657 1550 2676 vacuo
1575 2653 1736 2684 conspecto.

954 2698 980 2726 id
995 2705 1081 2733 genus
1096 2696 1188 2724 auxilii
1202 2695 1236 2723 ad
1252 2700 1368 2723 mortem
1379 2695 1505 2722 ducentis
1518 2695 1734 2729 perhorrescen-

954 2749 1006 2777 tes,
1022 2744 1110 2776 capita
1126 2743 1272 2770 tundentes
1285 2746 1313 2769 et
1323 2741 1403 2777 quasi
1413 2741 1440 2768 itt
1452 2740 1584 2768 extremis
1599 2742 1737 2774 gementes

954 2790 1066 2818 domutn
1082 2789 1208 2822 redeunt,
1225 2788 1306 2816 morti
1322 2796 1351 2815 se
1373 2786 1603 2815 commendaturi.
1624 2785 1663 2812 lbi
1685 2791 1737 2811 nec

954 2841 1069 2873 guttam,
1087 2842 1137 2864 nec
1151 2839 1305 2864 ratuentum
1316 2833 1488 2862 salutiferum
1500 2837 1548 2860 aut
1563 2831 1635 2859 aliud
1649 2830 1738 2858 simile
