1962 3087
117 111 168 142 133

489 113 538 143 DE
551 114 834 147 TIIESSALONICA
854 118 958 149 URBE
979 121 1003 150 A
1022 121 1176 152 LATINIS
1195 122 1322 154 CAP’I‘A.

1688 119 1738 153 134

116 171 220 208 χαίρω)
235 172 282 200 καὶ
301 173 416 207 μάλιστα
433 174 486 205 τοῖς
503 173 628 205 Λατίνοις
639 183 646 190 ·
661 173 702 206 οἷς
722 176 792 210 μέγα
808 185 833 203 τι
854 187 896 204 κα-

958 178 1053 212 plioris
1067 179 1270 207 delitescerent.
1283 179 1336 207 Nos
1358 179 1467 214 quidem
1481 179 1543 206 huic
1553 180 1617 206 vino
1634 178 1738 206 fervido

116 221 160 247 λὸν
174 221 254 253 αὐτὸς
268 222 401 256 ἐκρίνετο,
415 222 471 256 ἅμα
487 222 642 254 ὲκπιέζουσι
657 223 733 256 χερσὶ
748 223 896 256 σταφυλὰς,

117 267 164 292 καὶ
180 266 290 301 ροςροῦσι
305 267 399 301 χανδὸν
412 267 441 292 τὺ
457 267 624 296 νεὸθλιπτον.
640 267 683 293 ἵνα
698 267 766 300 μηδὲ
779 269 838 298 ταῖς
854 268 899 294 λα-

118 311 209 344 γύνοις
226 311 359 346 πρωτείου
376 311 508 346 ὑποδοχῆς
525 312 712 346 ὲκχωρὴσωσι.
729 313 782 339 Καὶ
795 313 899 346 ὀφείλο-

120 365 169 390 μεν
184 357 263 391 ἡμεῖς
278 355 315 390 τῷ
331 357 442 391 τοιούτῳ
460 356 615 392 βρασματίᾳ
631 357 694 392 οἴνῳ
710 358 839 392 χάριτας,
854 355 898 385 οἵα

119 401 391 436 προσεταιρισαμένη)
413 402 483 427 κατὰ
503 402 624 428 Λατίνων
646 403 691 428 τὸν
714 402 846 429 θάνατον’
869 403 899 430 ὃν

119 445 274 480 ὲπώτρυνεν
289 447 380 477 αὐτοῖς
396 447 441 472 καὶ
455 447 488 472 τὰ
505 445 565 472 ὕεια
581 447 648 481 κρέα
659 468 665 480 ,
681 445 721 479 οἷς
737 449 786 479 τὰς
801 449 901 481 γαστὲ-

121 500 170 526 ρας
185 491 331 526 πλησμίως
345 492 471 518 ἔσαττον·
489 491 559 519 οὕτω
573 493 600 519 δὲ
616 494 663 520 καὶ
677 493 709 520 τὰ
724 494 755 520 ὲκ
771 493 841 529 βοῶν
856 495 901 521 καὶ

119 539 153 564 τὰ
173 537 243 564 καλὰ
264 537 388 572 σκόροδα,
408 537 442 564 δι’
455 535 492 564 ὧν
513 538 527 564 ὸ
549 539 609 565 καθ’
623 539 694 573 ἡμᾶς
715 540 814 574 κλῆρος
836 539 903 566 ἰσώ-

120 583 192 615 ζετο,
206 583 384 616 καταψάλλων
397 583 442 609 καὶ
457 583 654 618 καρπιζόμενος
668 584 701 610 τὰ
714 584 742 614 ἐς
756 584 839 619 ζωὴν,
856 585 902 610 καὶ

953 225 1054 258 gratias
1067 225 1101 252 ob
1112 226 1138 252 id
1154 226 1295 258 debemus,
1311 227 1382 260 quod
1395 226 1500 254 Latinis
1514 230 1628 252 mortem
1647 226 1735 259 dedit,

953 269 1032 296 simul
1051 277 1113 296 cum
1128 278 1211 298 carne
1234 272 1356 305 porcina.
1369 272 1467 306 quibus
1484 277 1603 298 venirem
1623 271 1737 300 interse-

953 318 1029 346 runt,
1046 320 1075 341 ut
1099 321 1126 342 et
1141 315 1250 344 bubulis
1270 322 1297 343 et
1315 317 1396 348 alliis,
1411 317 1510 351 quibus
1535 317 1624 344 clerus
1642 321 1737 344 noster

953 360 1025 388 inter
1040 361 1210 395 psallendum
1233 368 1260 390 et
1280 363 1380 390 victum
1399 363 1545 397 quaerendo
1560 363 1735 391 sustentaba-

954 409 1008 439 tur,
1022 411 1048 433 et
1063 407 1103 434 sic
1118 408 1266 435 homicidia
1281 409 1407 443 puniens,
1418 409 1518 443 quibus
1533 409 1578 436 isti
1591 410 1617 435 in
1631 414 1737 436 nostra-

952 454 995 478 ινδ
1010 452 1167 484 saevierunt,
1180 453 1275 480 beatos
1288 454 1410 481 dicentes
1425 461 1477 481 non
1492 454 1578 488 ipsos,
1596 454 1642 481 sed
1662 462 1735 481 mor-

951 497 1010 530 bos,
1025 497 1079 523 imo
1093 502 1206 526 mortem
1220 499 1340 526 Gadibus
1355 501 1501 533 invectam,
1519 500 1590 535 apud
1604 507 1673 535 quos
1688 501 1733 527 in-

952 539 1046 568 fernus
1063 542 1261 576 honorabatur,
1283 545 1343 571 licet
1360 545 1388 572 in
1402 546 1535 580 tragmdia
1550 553 1624 573 mors
1642 550 1734 580 grates

952 586 1069 620 ignoret.

120 628 191 654 οὕτω
225 628 381 662 τιννύμενος
410 629 472 660 τοὺς
501 629 609 662 φόνους,
627 627 667 660 οἷς
686 631 784 656 ἐκεῖνοι
814 629 877 661 τοὺς
894 630 1048 667 ἡμετέρους
1074 634 1231 670 ὲνέῤῥιψαν,
1256 635 1302 661 καὶ
1330 636 1524 672 μακαρίζοντες
1550 636 1600 664 οὐκ
1625 637 1734 670 αὐτοὺς,

120 673 188 700 ἀλλὰ
205 674 253 708 τὴν
271 675 363 706 νόσον,
382 675 431 710 ἥδη
445 675 481 718 7δέ
502 683 553 701 που
574 676 621 702 καὶ
638 676 683 702 τὸν
700 675 813 702 θάνατον
831 675 902 702 κατὰ
932 678 996 709 τοὺς
1013 679 1067 706 ἀπὸ
1085 680 1232 716 Γαδείρων,
1249 682 1314 717 παρ’
1330 679 1370 713 οἷς
1393 683 1406 709 ό
1431 682 1499 718 ᾅδης
1527 683 1736 718 ὲκτετίμητο,εί

120 720 168 746 καὶ
182 719 317 753 μηδεμίαν
333 720 413 754 χάριν
430 717 484 746 οἵδε
496 720 611 752 θάνατος
624 720 696 747 κατὰ
711 721 756 747 τὸν
772 720 922 755 τραγῳδόν.

156 766 221 799 ρλζ’.
241 767 293 793 Τὸν
320 767 348 793 δὲ
373 768 469 802 συχνὸν
493 767 588 794 τοῦτον
612 769 756 795 Λατινικδν
777 768 902 796 θάνατον

118 813 199 843 αὐτὸς
226 813 240 838 ὁ
261 813 410 844 Ἀλδουῖνος
437 814 584 848 ὲτράνωσε,
605 815 757 848 περίλυπος
781 814 901 849 φάμενος

989 772 1051 800 137.
1082 772 1250 803 Numerosas
1282 776 1444 804 Latinorum
1470 781 1573 805 mortes
1598 777 1734 805 Alduinus

952 817 1052 846 diserte
1070 820 1201 853 narravit,
1217 827 1314 849 maesto
1337 823 1428 850 animo
1443 823 1565 851 referens
1577 823 1638 858 plus
1651 830 1734 858 quam

119 858 189 892 ὑπὲρ
213 858 334 892 χιλιάδας
351 860 427 893 τρεῖς
445 860 571 893 μεγάλων
586 860 678 891 αὐτοῖς
701 861 854 896 ἀνθρώπων
869 863 896 888 ὲν

953 865 1005 891 tria
1022 864 1105 892 millia
1118 866 1239 893 virorum
1253 869 1452 902 praacipuorum
1466 876 1499 896 eo
1518 869 1612 896 morbo
1628 868 1736 896 exstin-

118 905 196 931 νόσου
213 905 317 932 πεσεῖν.
327 905 417 939 Σωρὺς
429 901 507 936 οὗτος
520 905 585 940 ἡδὺς
595 907 673 940 ήμῖν,
687 906 711 932 εί
725 907 772 933 καὶ
787 907 823 941 μὴ
839 907 902 934 ἀντ-

118 951 219 985 εσήκου
242 951 310 985 πρὸς
329 951 377 986 τὴν
395 951 424 983 ἐξ
439 951 516 985 ἡμῶν
541 951 661 986 στοιϐήν.
678 952 900 988 Συναριθμουμέ-

117 1005 170 1023 νων
186 997 214 1023 δέ
231 1005 262 1030 γε
282 998 328 1024 καὶ
342 997 398 1023 τῶν
413 998 442 1023 ἐν
463 997 574 1032 πολέμῳ
583 998 777 1030 πεπτωκότων,
790 998 899 1033 εἴχομεν

118 1041 296 1077 παραμυθίαν
310 1042 432 1070 πλείονα.
451 1044 481 1070 ’0
493 1043 574 1074 αὐτὸς
586 1045 642 1078 γὰρ
660 1044 822 1078 αίτιώμινος
833 1045 899 1072 ἄλο-

116 1096 164 1122 γον
176 1089 353 1115 ἀντιστασίαν
368 1089 457 1124 ἡμῶν,
471 1090 517 1115 καὶ
531 1088 632 1125 ζημίαν
648 1090 773 1117 ἐντεῦθεν
786 1090 832 1117 τοῦ
848 1093 900 1126 ρη-

116 1134 174 1168 γὸς,
195 1134 417 1169 ἐξετραγῴδησεν
438 1135 506 1169 ὑπὲρ
531 1136 698 1171 τρισχιλίους
724 1138 818 1163 πεσεῖν
846 1137 899 1164 ὑπὸ

115 1181 170 1206 τῶν
183 1181 215 1206 ὲκ
229 1180 276 1206 τοῦ
290 1180 395 1214 τείχους
406 1180 458 1213 ἔξω
470 1182 724 1216 καταπεμπομένων
739 1183 823 1217 βελῶν
838 1184 900 1218 δίχα

116 1234 148 1260 γε
161 1227 215 1253 τῶν
228 1227 257 1253 ὲν
275 1228 428 1262 προνομαῖς
444 1227 609 1260 πιπτόντων,
625 1227 641 1262 ἢ
658 1229 705 1254 καὶ
720 1228 817 1260 ἄλλως,
833 1229 871 1260 ὡς
885 1230 899 1255 ὁ

115 1272 162 1299 τοῦ
179 1272 298 1307 πολέμου
314 1273 397 1304 κύϐος
410 1274 536 1308 ἔρριπτε,
554 1273 603 1300 καὶ
619 1274 632 1300 ὁ
646 1274 697 1309 τῆς
709 1274 788 1309 δίκης
801 1275 899 1310 τροχὸς

115 1318 287 1350 κατεκύλιεν,
312 1317 450 1353 εὕστροφα
473 1320 847 1354 περιφερόμενος..Πολλοὺς
870 1320 898 1346 δὲ

116 1365 164 1392 καὶ
185 1364 264 1398 λιμὸς
284 1364 403 1399 ἀπῆγεν.
427 1364 652 1400 Ἐστενοχωρεῖτο
675 1365 730 1400 γὰρ
753 1366 801 1392 καὶ
822 1366 898 1400 σφίσι

113 1411 148 1437 τὰ
169 1411 317 1444 ἀναγκαία.

151 1456 218 1492 ρλη’.
239 1457 294 1483 Καὶ
310 1457 396 1487 οὕτως
410 1458 476 1492 ἡμῖν
495 1457 711 1484 ὲπεσταλάττετο
732 1458 833 1493 νέκταρ
846 1466 899 1485 πα-

116 1501 252 1536 ραμυθίας
268 1503 301 1537 τῇ
317 1502 522 1529 ὑποκαταὸάσει
539 1504 588 1538 τῆς
607 1503 738 1537 πολεμίου
754 1505 895 1538 στρατιᾶς,

953 915 1012 938 stos
1026 919 1108 943 esse;
1134 913 1180 947 qui
1199 921 1331 941 numerus
1351 914 1428 942 nobis
1443 907 1496 941 non
1514 914 1650 949 displicet,
1670 914 1734 941 licet

953 957 986 984 de
1005 957 1105 985 nostris
1119 965 1174 985 non
1193 959 1282 986 minus
1298 960 1374 986 multi
1393 960 1543 994 perierunt.
1558 959 1635 992 Quod
1649 959 1672 986 si
1685 966 1732 986 eo-

953 1011 1014 1030 rum
1030 1005 1075 1038 qui
1089 1005 1115 1031 in
1129 1004 1229 1039 prmliis
1247 1006 1406 1033 ceciderunt
1422 1009 1578 1039 computum
1597 1005 1714 1032 facimus
1725 1025 1732 1038 ,

952 1057 1008 1076 non
1025 1057 1121 1084 parum
1134 1051 1334 1079 consolationis
1358 1052 1450 1079 datur.
1470 1051 1521 1085 Qui
1545 1052 1617 1078 cnim
1643 1052 1734 1078 insur-

951 1096 1101 1124 rectiouem
1119 1102 1244 1125 nostram
1267 1098 1294 1124 in
1310 1097 1487 1125 absurditatis
1503 1097 1563 1124 loco
1579 1097 1679 1132 posuit,
1692 1104 1735 1124 ro-

950 1142 992 1176 gis
1012 1142 1160 1169 vindictam
1178 1143 1292 1170 invocari
1304 1150 1316 1170 s
1337 1144 1388 1170 tria
1402 1144 1486 1170 millia
1500 1147 1527 1170 et
1538 1144 1609 1177 quod
1626 1142 1734 1170 excedit

951 1188 1013 1214 telis
1029 1196 1044 1215 e
1070 1196 1150 1216 muro
1174 1189 1307 1223 conjectis
1331 1189 1512 1217 succubuisse
1529 1196 1604 1215 more
1627 1190 1732 1223 tragico

951 1233 1179 1269 refert,exceptis
1192 1235 1226 1262 iis
1240 1235 1286 1269 qui
1300 1235 1370 1261 inter
1384 1234 1605 1261 frumentandum
1621 1238 1668 1260 aut
1684 1234 1733 1260 ali-

952 1285 993 1307 ter
1010 1281 1182 1313 interierunt,
1207 1285 1288 1315 prout
1307 1281 1370 1308 belli
1388 1281 1444 1307 alea
1461 1280 1554 1313 voluit,
1569 1284 1596 1307 et
1613 1279 1733 1306 fortuna:

954 1332 1012 1353 rota
1027 1327 1127 1361 jugiler
1149 1327 1260 1353 volvens
1275 1327 1421 1359 disposuit.
1444 1326 1540 1353 Multos
1551 1325 1632 1353 etiam
1647 1325 1734 1353 fames

950 1373 1069 1404 necavit,
1082 1373 1205 1400 ciborum
1223 1373 1313 1407 inopia
1337 1377 1489 1407 grassante.

985 1463 1048 1490 158.
1063 1463 1109 1490 Sic
1122 1463 1203 1491 nobis
1218 1467 1312 1491 nectar
1324 1462 1519 1490 consolationis
1534 1469 1567 1488 ex
1576 1460 1731 1488 humilitate

950 1509 1088 1536 exercitus
1117 1509 1241 1542 hostilis,
1268 1516 1349 1543 quam
1373 1508 1461 1535 Latini
1491 1508 1571 1535 nobis
1599 1507 1730 1534 associati

113 1548 147 1584 ἢν
164 1550 189 1574 οἱ
205 1548 300 1580 δεξιῶς
316 1548 492 1582 φιλιωθέντες
505 1549 571 1584 ἡμῖν
581 1549 689 1575 Λατῖνοι
704 1549 829 1584 (πολλοὺς
842 1550 896 1584 γὰρ

952 1554 959 1589 (
971 1555 1070 1582 multos
1083 1555 1155 1581 enim
1168 1559 1279 1582 nostros
1294 1555 1419 1586 fecimus,
1429 1553 1493 1580 dum
1505 1552 1561 1580 Deo
1574 1556 1649 1587 grata
1664 1559 1731 1586 ope-

114 1593 289 1628 ὑπηγόμεθα,
314 1592 573 1628 πραγματευόμενοι
597 1594 632 1620 τὰ
651 1594 683 1620 ὲκ
701 1593 780 1628 Θεοῦ)
803 1593 897 1625 ἐξεκά-

113 1639 226 1670 λυπτον,
247 1639 317 1674 ὑπὲρ
340 1639 506 1673 ὀγδοήκοντα
520 1639 643 1673 χιλιάδας
667 1639 735 1674 πεζῆ
753 1639 894 1666 ὲπελθεῑνο

112 1681 150 1711 ὧν
175 1684 256 1719 χίλιοι
283 1684 333 1718 μὲν
357 1685 486 1716 πεντάκις
516 1684 666 1720 φερέγγυοι
691 1685 894 1720 ὲμαρτυροῠντο

113 1731 225 1757 ἱππόται
239 1728 320 1761 εἶναι,
335 1730 503 1765 πεντήκοντα
515 1730 618 1765 χιλιάσι
635 1731 803 1765 Ῥωμαϊκαῖς
818 1731 896 1757 ἔναν-

111 1776 167 1802 τίαι
184 1776 255 1802 κατὰ
281 1775 331 1810 τὴν
346 1775 459 1801 ἐκείνων
480 1775 558 1807 δόξαν
578 1776 764 1811 ἀντιδραμετν.
783 1775 845 1802 Τῶν
863 1776 893 1802 δὲ

111 1822 213 1849 λοιπῶν
227 1822 253 1848 οι
272 1821 321 1856 μὲν
335 1821 508 1854 ἱπποτοξόται
526 1819 608 1857 ἦσαν,
622 1822 646 1848 οἱ
665 1821 693 1847 δὲ
704 1821 825 1855 φιλῆται.
845 1821 893 1848 καὶ

111 1868 199 1899 ἄλλως
213 1867 241 1894 δὲ
259 1866 319 1902 μεθ’
335 1866 426 1893 ὃπλων
451 1867 592 1902 χρήσιμοι.
608 1867 795 1902 Συνεπλήρουν
808 1867 836 1893 δὲ
846 1866 893 1893 τὸν

113 1915 198 1942 πολὺν
221 1916 251 1942 ὲν
277 1914 370 1945 αὐτοῖς
397 1914 516 1949 ἀριθμὸν
542 1914 589 1940 καὶ
609 1914 717 1948 ἄνδρες,
741 1913 820 1948 φασὶ,
844 1913 892 1940 τοῦ

116 1961 248 1992 Ῥιζίκου,
267 1960 336 1995 μήτε
356 1959 453 1994 διάρια
469 1959 596 1994 λαχόντες
612 1960 711 1986 ἐκεῖνοι
728 1959 760 1986 ἐκ
778 1959 825 1985 τοῦ
840 1960 892 1994 ρη-

111 2006 170 2040 γδς,
185 2005 248 2040 μήθ’
261 2005 407 2040 ὑπόσχεσιν
418 2013 425 2021 ·
438 2004 706 2037 ἐπακολουθήσαντες
714 2004 743 2030 δὲ
756 2004 795 2038 τῷ
804 2003 892 2038 λοιπῷ

112 2050 230 2086 στρατῷ,
247 2050 274 2076 εῐ
290 2058 348 2081 πως
364 2050 419 2076 τῶν
433 2049 522 2085 ἔργων
539 2049 740 2084 συναιρόμενοι,
753 2049 786 2076 τὰ
800 2050 832 2076 ὲκ
845 2049 892 2076 τύς

109 2106 162 2132 χης
178 2097 284 2131 εὕροιεν
301 2095 401 2130 ἀγαθά.
417 2096 472 2122 Καὶ
493 2095 615 2122 τοσοῦτοι
636 2096 686 2129 μὲν
701 2095 732 2122 τὸ
746 2095 839 2127 πεζόν.
854 2096 890 2122 Τὸ

108 2143 138 2170 δὲ
152 2143 290 2174 ναυτικὸν,
309 2142 366 2168 ἀλλ’
382 2142 459 2169 αὐτοὶ
472 2142 546 2176 δῆλοι
558 2142 618 2168 κατ’
630 2141 748 2176 ἀριθμὸν
763 2142 808 2168 τὸν
819 2142 890 2177 ὑπὲρ
905 2166 908 2170 λ

107 2189 248 2219 διακοσίας
261 2188 339 2221 νεῶν,
357 2188 404 2214 σύν
415 2196 447 2222 γε
463 2189 521 2219 τοῖς
537 2189 680 2222 πειραταῖς
689 2195 696 2204 ο
710 2187 735 2213 οἳ
748 2189 794 2214 καὶ
812 2188 890 2215 αὐτοὶ

953 1599 1267 1635 rabamur)detexerant,
1276 1599 1337 1634 plus
1348 1606 1429 1634 quam
1439 1600 1577 1633 octoginta
1590 1598 1673 1624 millia
1686 1605 1732 1624 ar-

953 1651 1101 1680 matorum,
1114 1654 1130 1674 e
1142 1647 1241 1680 quibus
1251 1646 1372 1680 quinque
1383 1645 1469 1673 millia
1485 1646 1608 1680 equitum
1625 1647 1733 1678 specta-

951 1698 985 1721 ιω
1000 1693 1110 1721 virtutis
1131 1693 1158 1719 in
1171 1692 1257 1720 aciem
1271 1695 1464 1726 processerunt
1477 1695 1573 1718 contra
1588 1691 1726 1724 quinqua—

950 1741 1024 1775 ginta
1035 1739 1117 1766 millia
1129 1738 1325 1770 Romanorum,
1334 1741 1415 1772 prout
1428 1737 1480 1771 ipsi
1491 1736 1625 1764 referunt.
1633 1735 1732 1763 Ceteri

951 1788 1040 1811 autem
1063 1784 1164 1819 partim
1194 1783 1340 1818 sagittarii,
1366 1783 1466 1817 partim
1491 1782 1558 1809 levis
1584 1785 1731 1808 armatura

949 1833 1037 1862 erant,
1053 1837 1148 1857 omnes
1161 1829 1461 1856 utilitatisinduhitatm.
1474 1825 1574 1854 Horum
1585 1834 1730 1854 numerum

950 1875 1154 1911 compleverunt
1178 1876 1262 1910 copia:
1285 1883 1299 1902 a
1325 1874 1440 1902 Rhizico
1459 1874 1560 1907 missze,
1575 1874 1621 1908 qui
1641 1880 1730 1907 neque

954 1921 1089 1956 stipendia
1104 1929 1155 1948 nec
1174 1922 1257 1948 ullum
1273 1920 1431 1947 donativum
1447 1927 1461 1947 ο
1475 1927 1538 1954 rege
1559 1919 1728 1950 obtinebant.

951 1966 1100 1993 exercitum
1114 1970 1205 1992 autem
1220 1966 1416 2000 sequebantur,
1433 1965 1479 1992 ubi
1496 1972 1608 2000 operam
1623 1972 1728 1991 navan-

948 2016 991 2038 tes
1001 2011 1108 2038 fortuna
1116 2011 1239 2046 juvabat.
1261 2010 1310 2038 llic
1328 2011 1410 2044 igitur
1427 2010 1477 2037 fuit
1493 2011 1633 2044 copiarum
1646 2014 1729 2037 terre-

952 2056 1048 2083 strium
1063 2063 1201 2083 numerus.
1214 2055 1290 2083 Vires
1306 2056 1417 2083 navales
1427 2055 1486 2090 plus
1498 2063 1578 2090 quam
1593 2055 1729 2082 ducenta-

946 2109 1007 2129 rum
1020 2102 1128 2128 navium
1137 2105 1285 2128 erantcum
1298 2101 1404 2134 piratis,
1414 2102 1458 2135 qui
1469 2105 1494 2128 ct
1505 2101 1556 2136 ipsi
1566 2101 1632 2128 nihil
1642 2109 1656 2128 a
1668 2108 1729 2136 rege

950 2149 1118 2182 accipientes
1142 2147 1257 2174 fortuna:
1277 2147 1513 2175 vicissitudinibus
1537 2154 1565 2174 se
1585 2149 1727 2182 permitte-

947 2194 1032 2227 bant;
1055 2202 1069 2220 a
1086 2194 1185 2228 quibus
1205 2197 1278 2220 terra
1298 2193 1422 2227 marique
1441 2193 1527 2228 pressi
1548 2194 1575 2220 in
1596 2193 1658 2220 vitae
1671 2193 1728 2220 dis-

111 2233 196 2267 μηδιν
223 2233 337 2267 ρηγιιδν
368 2232 486 2267 ἔχοντες,
501 2232 586 2268 τύχης
611 2232 708 2268 δώροις
735 2232 890 2267 ἐπέτρεψαν

952 2241 1056 2268 :rimine
1070 2240 1188 2271 fuimus;
1205 2239 1248 2266 alii
1267 2243 1352 2266 morte
1377 2236 1463 2266 functi
1480 2239 1564 2273 erepti
1578 2243 1656 2272 sunt;
1676 2246 1725 2266 nos

111 2279 226 2310 ἑαυτούς
236 2287 243 2295 ·
259 2279 304 2313 ὑφ’
319 2275 367 2311 ὧν,
385 2279 455 2305 κατὰ
468 2279 520 2313 γῆν
530 2287 557 2305 τε
570 2281 615 2306 καὶ
628 2279 765 2325 θάλασνσαν
780 2279 893 2305 πιετάν-

109 2333 165 2351 των
184 2325 267 2359 ἡμᾶς,
279 2324 456 2359 ἐξεθλίὸημεν
465 2324 514 2358 τῆς
529 2325 614 2358 ζωῆς.
624 2325 678 2351 Καὶ
691 2326 715 2352 οί
728 2326 777 2360 μὲν
786 2325 892 2359 θανάτῳ

108 2371 352 2406 κατεσπάσθημεν,
375 2371 398 2396 ol
415 2370 455 2400 δὲ,
468 2370 515 2397 τοῦ
534 2370 597 2405 ᾷδου
621 2370 650 2397 τὸ
665 2371 752 2406 στόμα
767 2371 894 2405 συγκλεί-

109 2425 216 2447 σαντος,
231 2413 281 2447 οἷς,
299 2414 387 2451 οἶμαι,
405 2416 559 2450 χεκόρεστο,
571 2415 716 2450 ἡμιθνῆτες
733 2416 891 2450 ἐμείναμεν.

145 2461 212 2496 ρλθ’.
231 2461 301 2486 Ἀλλ’
318 2460 433 2487 ἐνταῦθα
445 2460 685 2495 παρεκὸεὸηκότες
697 2461 759 2487 καθ’
773 2461 892 2497 ἱστορίας

109 2507 244 2542 ἀνάγκην,
263 2506 496 2542 ἀναδραμούμεθα
511 2507 579 2541 πρὸς
593 2508 690 2542 μικρὸν
706 2505 795 2539 αὖθις,
810 2508 893 2542 ἐκφῆ-

110 2562 154 2579 ναι
181 2553 213 2579 τὺ
227 2552 428 2587 καίπτωχικὺν
446 2553 494 2578 καὶ
514 2553 641 2588 ὑπόπαχυ
672 2553 726 2579 τῶν
752 2553 892 2587 κατακλυ-

111 2597 182 2633 σμοῦ
196 2599 275 2632 δίκην
291 2598 509 2632 παρασυράντων
528 2599 561 2624 τὰ
584 2599 710 2625 πολιτικά
723 2606 730 2613 ⁸
752 2598 777 2624 οἳ
792 2598 826 2624 τὰ
842 2598 892 2633 μὲν

109 2644 189 2678 τίμια
207 2643 313 2677 εὐήθως
338 2643 386 2669 καὶ
404 2644 440 2672 ὡς
456 2641 500 2669 οἶα
518 2644 657 2678 βρεφικῶς
678 2643 844 2675 ἀπεδίδοντο,
863 2640 892 2670 οὗ

109 2690 144 2718 ἄν
153 2698 195 2721 τις
206 2690 297 2720 αὐτοῖς
308 2690 453 2725 χειρίσειε·
468 2690 522 2716 τῶν
537 2691 565 2717 δὲ
578 2691 678 2717 λοιπῶν
688 2690 763 2717 οὐδὲν
776 2691 791 2725 ἦ
806 2690 891 2725 βραχύ

109 2744 136 2762 τι
162 2736 301 2767 παντελῶς
328 2737 461 2763 ἀνοίστων
478 2737 597 2771 τίμημα,
621 2738 668 2763 καὶ
695 2737 811 2771 μάλιστα
826 2738 892 2770 τῶν,

109 2783 159 2809 ὅσα
174 2782 308 2814 ἐξοπλίζει
330 2783 495 2818 χειρομάχον
512 2783 626 2817 πληθύν.
649 2783 720 2810 Ἀλλ’
734 2781 807 2818 εἶχον
823 2784 893 2811 αὐτὰ

109 2830 150 2859 εἰς
161 2827 236 2863 χύμα
246 2828 413 2864 προκείμενα
426 2829 455 2856 αἱ
465 2829 607 2864 λεωφόροι,
619 2831 653 2857 τὰ
667 2829 782 2865 ἐλαιώδη
793 2830 890 2865 εὐώδη,

944 2288 993 2322 ipsi
1009 2288 1070 2322 quia
1084 2287 1217 2319 infernus,
1233 2287 1288 2321 jam
1304 2287 1434 2319 repletus,
1451 2293 1482 2313 os
1509 2286 1616 2319 clausit,
1643 2286 1726 2314 semi-

944 2334 1042 2360 mortui
1051 2334 1197 2368 jacuimus.

980 2462 1042 2490 159.
1063 2461 1121 2489 Hoc
1138 2461 1248 2494 inloco,
1271 2469 1363 2489 rerum
1389 2465 1528 2497 gestarum
1543 2461 1615 2488 serie
1635 2460 1718 2487 recla-

948 2513 1047 2538 mante.
1065 2508 1269 2542 retrospicimus
1283 2513 1312 2535 ut
1326 2508 1434 2535 exilitas
1449 2512 1476 2534 et
1491 2507 1610 2542 paruitas
1626 2513 1723 2534 eorum

949 2554 1088 2581 manifesta
1109 2554 1235 2581 reddatur
1259 2554 1303 2587 qui
1329 2561 1384 2580 rem
1412 2553 1546 2588 publicatr
1577 2553 1604 2579 in
1627 2553 1724 2580 ultimo

946 2600 1105 2627 discrimine
1131 2600 1356 2634 capessiverunt;
1374 2601 1419 2634 qul
1439 2607 1482 2626 res
1496 2599 1631 2633 pretiosas
1644 2599 1726 2626 stulte

944 2650 969 2672 et
988 2654 1136 2680 puerorum
1151 2653 1225 2672 more
1238 2645 1326 2679 primo
1340 2647 1484 2679 occupanti
1502 2645 1653 2676 tradidere,
1668 2650 1721 2671 ca:-

944 2696 1015 2718 teras
1029 2696 1118 2718 autent
1136 2692 1215 2718 ﬂocci
1232 2691 1364 2723 fecerunt,
1382 2691 1535 2725 praesertim
1553 2697 1615 2725 quae
1629 2689 1720 2716 multia

945 2738 1030 2765 tudini
1055 2738 1186 2765 bettatrici
1202 2745 1277 2764 arma
1293 2738 1478 2772 suppeditant.
1498 2737 1526 2763 ln
1539 2737 1591 2763 viis
1605 2735 1724 2770 publicis

945 2790 1035 2810 autem
1059 2783 1215 2817 promiscue
1231 2783 1360 2817 jacebant
1375 2782 1433 2809 olea
1451 2781 1613 2816 fragrantia,
1629 2779 1723 2806 Iixivla

944 2831 1042 2863 dulcis,
1062 2830 1189 2859 materies
1207 2830 1280 2858 sicca
1297 2836 1346 2857 seu
1369 2834 1464 2856 contra
1481 2828 1603 2858 morbos,
1627 2832 1675 2852 seu
1693 2825 1720 2852 in
