1962 3087
127 155 175 188 137

511 155 561 184 DE
581 154 863 186 THESSALONICA
885 155 987 186 URBE
1006 156 1030 185 Α
1051 155 1201 185 LATIle
1218 155 1347 186 CAPTA.

1700 158 1775 207 me

124 214 262 248 Μενοῦνγε
276 212 494 248 φιλοτιμούμεθα
516 214 564 240 καὶ
587 213 666 240 αὐτοὶ
683 213 772 247 λέγειν
791 213 846 241 ἰδοὺ
862 214 903 240 κατ

963 221 1013 241 nus
1023 219 1115 242 noster
1125 213 1137 239 ’ἰ
1149 213 1231 248 idque
1246 213 1373 248 quoniam
1384 220 1463 240 nemo
1471 214 1584 241 verbum
1598 215 1624 242 in
1642 223 1692 243 nos
1705 225 1748 244 re-

125 261 207 288 πάλιν
222 261 320 294 ἡμεῖς·
338 260 385 291 Τίς
407 260 484 294 ἡμῶν
507 259 602 294 κύριός
625 260 711 292 ἐστιν,
738 259 775 291 ὡς
799 259 912 294 μηδενὸς

124 307 192 340 ἡμῖν
206 306 307 340 φαῦλον
319 306 560 340 ἐπιψηφισαμένου
576 305 661 341 μηδέν
674 313 681 338 ;
701 306 732 332 Ὢ
747 306 796 340 τῆς
807 306 836 331 ὲν
847 305 912 340 ἡμῖν

124 351 319 385 δυσαισθησίας
334 352 340 378 l
358 352 395 386 μή
414 360 459 386 μοι
480 351 509 378 δὲ
523 351 640 386 γένοιτο,
666 351 712 378 καὶ
733 351 912 386 ἀναισθησίας

125 398 224 429 εἰπεῖν,
245 398 273 423 ἐν
288 397 326 431 τῷ
344 397 382 432 μὴ
398 397 432 423 τὰ
452 398 526 424 αῐτια
543 397 590 424 καὶ
612 396 848 431 κατασκέψασθαι,
865 398 912 423 καὶ

124 443 244 469 ἐκποδὼν
257 443 433 478 ποιήσασθαι.
449 443 495 477 ἀφ’
509 440 546 470 ὧν
559 444 624 479 ἡμῖν
633 443 803 478 κατεὸρέχθη
813 442 912 477 κεραύ-

123 498 166 516 νια
176 490 247 516 κακά
257 497 264 505 ·
277 489 310 516 δι’
321 486 358 516 ὧν
366 489 596 524 ἐκτεφρωθέντες,
607 489 712 524 πληγὰς
721 489 909 524 ἐνετρίὸημεν,

123 533 214 568 ἇσπερ
221 534 271 560 οὐκ
278 533 310 560 ἂν
317 534 404 565 οὐδεὶς
414 534 534 569 μακροὺς
541 535 678 565 ἐνιαυτοὺς
685 533 910 568 ἀπαλθησόμεθα.

161 580 229 615 ρμδ¹.
246 580 307 606 Εἰσὶ
329 579 358 606 δὲ
372 580 458 606 ταῦτα
482 579 522 614 (οὐ
539 580 593 614 γὰρ
617 579 735 614 ὀκνήσω,
754 580 803 606 καὶ
828 580 910 607 πάλιν

123 626 153 651 τὸ
165 625 212 651 τοῦ
228 625 307 658 λόγου
323 625 514 660 χειρισάμενος
529 625 657 660 ἄροτρον,
674 625 845 659 ἀναπολῆσαι
860 625 909 660 τὴν

123 672 183 698 κατ’
208 671 258 706 ἐμὲ
282 671 471 706 πνευματικὴν
499 671 602 705 ταύτην
616 670 679 704 γῆν,
705 670 816 697 καὶτὸν
837 671 909 698 θεῖον

124 718 234 752 σπόρον,
243 717 280 748 ὡς
293 717 418 748 εἴθισται,
429 716 602 750 καταὸαλεῖν)
614 724 620 731 ·
636 716 662 742 οἱ
673 716 814 750 φθόνοι,τδ
826 724 909 751 πρεσ-

123 764 237 790 ϐύτατον
252 763 347 796 κακὶν,
361 763 391 789 τὸ
407 763 454 789 τοῦ
468 762 613 789 καλλίστου
629 762 699 793 ζώου
714 763 785 797 μέγα
800 761 904 797 αἶσχος,

123 810 152 835 τὸ
164 809 249 836 δεινὸν
263 808 311 836 τοῦ
329 809 529 840 καταπεσόντος
541 808 679 842 ὲωσφόρου
700 808 797 841 θέεῖον,
813 808 827 834 ὂ
843 817 907 835 συν-

122 855 248 890 εφήψατο
274 854 325 889 τῆς
348 855 377 882 ὲν
398 855 462 889 ἡμῖν
477 853 627 881 κακοποιοῦ
652 853 864 889 κεραυνώσεως·
880 854 905 880 οἱ

124 901 303 935 συγγέροντες
321 900 359 935 τῷ
386 900 475 935 φθόνῳ
491 899 580 933 τῦφοι,
594 899 635 931 είς
649 899 696 931 οὓς
710 901 732 932 ὸ,
748 898 786 931 ὡς
805 900 905 932 εἰπεῖν,

121 946 282 982 τυφογέρων
298 946 403 981 δαίμων
427 945 596 977 ἀναὸιὸάσας
611 946 696 981 ἡμᾶς,
714 945 762 972 καὶ
786 953 908 981 προσκυ-

122 991 227 1026 νηθεὶς,
252 992 289 1023 ὼς
314 992 359 1019 ἐπὶ
386 991 538 1027 βασιλείαις
563 992 646 1024 τισὶν,
672 989 731 1018 εἶτα
756 992 906 1028 κατέρριψε

122 1037 197 1064 κάτω
212 1037 300 1073 βαλὼν
317 1038 380 1069 τοὺς
394 1037 507 1069 πολλοὺς
518 1037 565 1064 καὶ
576 1038 618 1069 εἰς
637 1037 772 1072 τάρταρον
782 1045 790 1053 ·
807 1038 836 1064 αι
848 1038 905 1064 δια-

123 1083 212 1117 ϐολαὶ,
228 1083 256 1110 αἳ
274 1083 322 1114 τὰς
337 1083 503 1118 θανασίμους
519 1082 580 1110 καθ’
599 1083 676 1118 ἡμῶν
693 1083 847 1110 ἁπεύθυναν
864 1083 907 1119 βο-

121 1128 168 1161 λάς
180 1137 187 1143 ·
202 1129 231 1155 τὸ
248 1129 316 1163 βαθὺ
331 1129 438 1164 ψεῦδος,
454 1126 484 1156 οὗ
502 1129 594 1156 ἕνεκεν
611 1130 624 1155 ὁ
636 1130 684 1162 τῆς
699 1129 828 1164 ἀληθείας
841 1129 906 1161 Θεὸς

121 1175 211 1209 ἀπῆρε
229 1175 290 1206 τοὺς
307 1175 462 1209 ὀφθαλμοὺς
477 1174 507 1207 ἐξ
527 1175 623 1210 ἡμῶν·
640 1175 670 1201 τὸ
691 1175 905 1211 φιλοχρήματον,

121 1215 151 1244 οὗ
169 1218 229 1245 κατ’
245 1218 335 1246 αἰτίαν
351 1218 380 1245 εὖ
396 1219 612 1254 δεδικαιωμένοι,
630 1219 740 1246 πάντων
756 1219 906 1254 χρημάτων

121 1264 369 1300 ἀπεγυμνώθημεν,
385 1265 447 1300 δίχα
464 1273 496 1298 γε
521 1264 575 1292 τῶν
599 1265 646 1292 καὶ
670 1265 753 1292 εἰσέτι
767 1266 806 1301 τῷ
820 1267 906 1302 φολεῷ

121 1309 210 1344 τούτῳ
235 1310 426 1342 ἐπωαζὸντων,
453 1310 578 1336 κάκεῖθεν
609 1310 903 1346 καταθρασυνομένων,

119 1357 174 1383 τῶν
190 1356 227 1392 μὴ
247 1356 368 1391 φωλεοὺς
387 1357 514 1392 ἐχόντων,
532 1357 596 1384 ἔνθα
613 1357 732 1384 κλινοῦσι
755 1358 806 1390 τὰς
821 1367 906 1394 κεφαα-

120 1403 169 1434 λὰς
190 1403 224 1438 (οἳ
251 1402 435 1441 βλεπέτωσαν,
467 1403 589 1438 μήποθεν
615 1403 688 1437 ὄφις,
717 1404 826 1436 ὁποίους
852 1405 905 1441 χρὴ

118 1448 244 1482 δεδιέναι,
272 1448 432 1483 ὑφερπὺσας
452 1448 590 1485 ἀχρειώσῃ
612 1450 702 1481 αὐτοῖς
725 1451 758 1477 τὰ
779 1451 829 1485 τῆς
847 1460 904 1485 φω-

118 1494 203 1527 λείας,
227 1495 265 1527 ὡς
290 1495 326 1530 μὴ
349 1495 583 1530 τελεσφορηθῆναι
606 1496 646 1528 είς
669 1496 851 1532 νεόττευσιν)·
873 1498 902 1524 αι

923 885 943 912 Β

966 264 1083 293 torquet.
1099 259 1122 287 Ο
1145 259 1335 287 lrebetudinem
1353 260 1492 286 nostram!
1515 259 1594 287 Absit
1610 265 1698 287 autem
1719 267 1748 288 ut
1797 287 1799 290 .

968 304 1162 332 hebetudinem
1183 311 1321 336 accusem.
1347 305 1399 332 nisi
1424 310 1533 340 peccata
1562 306 1696 342 inquiram
1720 313 1748 336 ot

964 350 1096 385 rejiciam,
1115 355 1228 386 propter
1244 358 1305 385 quae
1321 350 1436 378 fulmina
1458 352 1518 378 dira
1534 353 1559 379 in
1577 360 1627 380 nos
1642 353 1748 381 cecide-

964 402 1035 429 runt,
1056 398 1157 432 quibus
1182 399 1350 426 concremati
1368 407 1483 431 sumus,
1503 407 1517 426 a
1533 400 1633 434 quibus
1652 402 1744 436 plagas

961 444 1128 478 accepimus,
1145 452 1215 479 quas
1233 445 1309 472 multi
1325 446 1388 472 anni
1403 453 1455 472 non
1474 446 1621 473 sanabunt.

997 583 1057 610 144.
1076 583 1146 612 Sunt
1165 586 1255 609 autem
1272 590 1344 610 nunc
1358 582 1414 609 Iuno
1434 583 1499 617 (non
1514 583 1587 609 enim
1611 590 1653 610 me
1672 583 1745 617 piget

961 632 989 656 ut
1005 629 1101 656 iterum
1118 627 1150 654 ad
1169 631 1289 654 aratrum
1305 627 1379 654 verbi
1394 627 1497 654 mittam
1524 635 1633 654 manum
1647 647 1654 660 ,
1673 628 1745 654 hanc

961 681 1048 702 meam
1067 682 1194 701 renovem
1211 674 1379 708 spiritualem
1399 677 1499 701 terram
1514 698 1521 711 _
1543 681 1691 709 semenque
1705 674 1746 700 di-

959 719 1052 746 vinum
1068 727 1145 746 more
1163 719 1245 746 solito
1261 718 1416 754 spargam):
1432 718 1544 751 invidia,
1558 719 1658 746 malum
1675 719 1745 745 anti-

958 765 1130 800 quissimum.
1150 765 1274 791 animalis
1287 764 1472 791 venustissimi
1484 772 1579 798 magna
1592 764 1743 799 turpitudo.

957 810 1077 837 Luciferi
1101 809 1211 836 cmlitus
1236 809 1398 845 prmeipitati
1418 810 1509 841 dirum
1537 810 1652 844 sulphur
1670 810 1743 844 quod

959 854 1061 882 fulmen
1076 853 1212 881 funestum
1224 854 1251 880 in
1266 854 1345 882 nobis
1360 855 1497 888 accendit;
1511 852 1624 882 comites
1635 854 1744 882 invidia:

958 900 1005 927 alti
1022 900 1146 935 spiritus,
1164 900 1191 926 in
1206 907 1279 934 quos.
1291 901 1397 928 daemon
1412 900 1551 928 fastuosus
1565 908 1615 928 nos
1632 905 1742 936 protru-

958 947 1010 980 sit;
1031 946 1092 974 dein
1107 947 1238 975 adoratus
1253 955 1268 973 a
1285 947 1367 975 nobis
1380 944 1551 984 nrore"_rcgio
1567 947 1699 982 plurimos
1714 948 1742 975 in

958 992 1096 1021 infernum
1118 993 1272 1028 praecipites
1286 993 1357 1028 egit;
1372 993 1527 1026 calumnia,
1541 991 1591 1028 'qu'i
1613 994 1742 1021 mortales

958 1039 1037 1067 nobis
1052 1039 1144 1074 plagas
1157 1039 1328 1071 inﬂixerunt;
1344 1033 1516 1072 mendacium
1529 1040 1621 1073 fallax,
1632 1045 1744 1076 propter

957 1084 1028 1118 quod
1055 1083 1127 1111 Deus
1152 1083 1246 1110 oculos
1271 1091 1285 1110 a
1309 1083 1387 1110 nobis
1411 1084 1525 1117 avertit;
1543 1085 1670 1117 avaritia,
1694 1092 1744 1119 per

957 1137 1039 1163 quam
1065 1136 1119 1156 non
1141 1128 1298 1164 justiﬁcati,
1319 1129 1373 1156 sed‘
1390 1130 1489 1157 merito
1505 1130 1633 1157 omnibus
1660 1131 1741 1158 bonis

957 1175 1029 1202 exrrti
1049 1182 1155 1207 sumus,
1174 1175 1296 1209 exceptis
1313 1175 1346 1201 iis
1366 1175 1411 1210 qui
1427 1177 1454 1202 in
1470 1175 1591 1203 latibulis
1608 1175 1741 1210 residem,

957 1225 984 1248 et
1001 1221 1064 1248 inde
1080 1225 1182 1249 temere
1192 1224 1277 1255 agunt
1289 1221 1316 1248 in
1330 1228 1377 1249 eos
1389 1221 1436 1255 qui
1452 1228 1550 1249 caveas
1562 1230 1615 1249 non
1627 1222 1740 1255 trahent.

957 1265 1003 1293 ubi
1023 1270 1105 1301 caput
1124 1266 1260 1293 reclineut
1275 1265 1397 1299 (videant
1413 1265 1439 1292 hi
1457 1273 1491 1293 ne
1507 1273 1621 1301 serpens
1646 1266 1742 1293 l'ormi-

957 1312 1064 1340 dandus
1078 1319 1225 1347 erumpens
1240 1319 1338 1340 caveas
1356 1319 1453 1340 eorum
1472 1317 1578 1340 evertat
1590 1313 1627 1340 ita
1651 1317 1682 1339 ut
1697 1314 1741 1340 ni-

959 1358 1066 1386 diﬁcari
1092 1358 1192 1386 ibidem
1211 1367 1263 1386 non
1281 1359 1419 1393 possint);
1444 1358 1519 1386 t‘alsm
1537 1358 1740 1392 accusationes,

955 1411 1026 1439 quas
1045 1408 1203 1432 exsecratus
1219 1412 1332 1440 magnus
1345 1404 1432 1432 Iudex
1446 1412 1497 1439 nos
1507 1404 1656 1440 judicavit;
1672 1413 1738 1433 usu-

955 1458 992 1477 ra:
1003 1451 1153 1479 immodica:
1162 1451 1336 1485 pecuniarqu
1348 1456 1443 1479 mutuo
1450 1457 1630 1486 sumpfarum,
1639 1451 1739 1486 quibus

956 1495 1083 1524 homines
1098 1496 1235 1530 simplices
1249 1500 1275 1523 et
1288 1504 1377 1523 rerum
1392 1496 1527 1531 angustiis
1542 1498 1631 1524 vexati
1644 1497 1737 1532 oppri<

118 1541 165 1568 ἐπὶ
178 1541 239 1576 δίκῃ
268 1541 454 1574 συκοφαντίαι,
473 1540 507 1573 ἃς
532 1541 725 1576 ὑπερμισήσας
747 1542 761 1568 ὁ
786 1542 900 1576 δίκαιος,

956 1542 1112 1575 mebantur,
1130 1549 1246 1577 quorum
1265 1543 1337 1569 Deus
1363 1543 1513 1576 sospitator
1539 1543 1680 1575 misertus,
1697 1544 1739 1570 la-

119 1585 275 1612 ἐδικαίωσεν
295 1586 377 1621 ἡμᾶς,
395 1584 436 1618 οἷς
459 1586 511 1613 οὐκ
527 1585 560 1613 ἂν
576 1587 757 1621 συκοφαντίαν
779 1596 902 1624 προηγη-

119 1631 239 1666 σαμένην
263 1632 476 1667 ὲπικαλέσαιμεν
488 1641 496 1649 ο
512 1633 536 1659 οι
548 1633 594 1659 ἐπὶ
605 1633 767 1667 δανείσμασι
781 1633 901 1669 μετρίοις

117 1677 289 1712 ἀσύμμετροι
299 1679 346 1704 καὶ
360 1678 454 1714 βαρεί;
468 1677 554 1710 τόκοι,
572 1676 613 1709 οἷς
626 1679 650 1705 οῑ
667 1679 822 1714 ἀπάλαμνοι
838 1687 902 1706 κατ-

119 1722 262 1759 επονοῦντο
286 1724 333 1750 καὶ
353 1725 494 1759 ἁπέριττοι
517 1724 565 1751 καὶ
587 1725 822 1760 ἀπεριουσίαστοι,
852 1725 899 1757 οὒς

118 1767 232 1804 ἐλεήσας
254 1771 268 1796 (ι
284 1770 319 1797 τὰ
342 1770 447 1807 ἐλαφρὰ
460 1771 595 1806 φορτίζων
619 1771 695 1804 Θεὸς,
713 1773 760 1799 καὶ
776 1773 840 1804 τοὺς
854 1781 898 1799 κο-

954 1589 1084 1615 borantcs
1098 1594 1125 1617 et
1139 1591 1267 1615 oneratos
1282 1588 1314 1615 ad
1333 1588 1450 1622 quietem
1472 1588 1570 1615 inritat
1582 1609 1590 1621 ,
1616 1589 1736 1623 gladium

953 1634 1082 1669 utrinque
1109 1641 1245 1662 exacuens
1270 1638 1301 1670 ut
1321 1634 1383 1661 talis
1405 1635 1488 1669 prolis
1512 1640 1615 1670 patrem
1639 1637 1735 1668 orbct;

951 1680 997 1715 qui
1012 1687 1026 1708 a
1042 1680 1177 1715 principio
1194 1687 1208 1706 a
1222 1684 1300 1714 patre
1319 1681 1394 1715 gigni
1417 1688 1473 1708 non
1489 1681 1644 1713 debebant;
1660 1683 1735 1717 quod

953 1731 1043 1753 autem
1059 1725 1093 1753 de
1109 1732 1138 1752 rc
1155 1725 1285 1760 penuaria
1304 1729 1424 1752 metuant
1437 1745 1445 1759 ,
1469 1726 1539 1753 inter
1559 1734 1654 1755 omnes
1669 1735 1736 1755 con-

952 1775 1016 1798 etut.

117 1816 237 1848 πιῶντας
269 1817 316 1844 καὶ
345 1818 577 1853 πιφορτισμένους
606 1818 828 1854 προκαλούμενος
859 1820 899 1851 εἰς
918 1819 1084 1851 ἀνάπαυσιν,
1109 1818 1247 1853 μάχαιραν
1274 1818 1462 1853 κατηκόνησεν
1485 1818 1584 1851 ἔξωθέν
1619 1829 1649 1846 τε
1687 1822 1736 1847 καὶ

116 1860 235 1895 ἑσωθεν,
254 1861 420 1889 ἀτεκνοῦσαν
445 1863 509 1894 τοὺς
538 1863 586 1890 τοῦ
618 1863 740 1890 τοιούτου
758 1865 841 1891 τόκου
875 1865 1013 1900 πατέρας·
1028 1864 1052 1890 οἳ
1078 1864 1146 1899 μηδὲ
1170 1864 1218 1898 τὴν
1243 1864 1331 1899 ἀρχὴν
1355 1865 1492 1899 σπαρῆναι
1517 1866 1585 1901 πρὸς
1611 1866 1735 1902 πατέρων

117 1907 230 1943 ὤφειλον
244 1915 250 1923 ·
264 1910 289 1935 ει
303 1909 332 1936 δὲ
348 1911 395 1936 καὶ
408 1910 441 1936 ἐκ
453 1909 506 1936 τῶν
519 1910 652 1945 ταμιείων
664 1911 746 1946 φόϐος
781 1912 844 1944 τοὺς
868 1913 1007 1943 τοιούτους
1022 1912 1095 1947 ἔσχε,
1112 1913 1158 1939 καὶ
1173 1912 1284 1946 οίδαμεν
1301 1913 1348 1939 καὶ
1362 1913 1460 1940 οίδασι.

154 1960 223 1990 ρμε’.
245 1956 458 1991 Προσλογιστέον
473 1958 529 1988 τοῖς
545 1957 658 1992 φαύλοις
677 1959 707 1984 ἐν
721 1959 788 1992 ἡμῖν
801 1959 898 1990 αἰτίοις

117 2003 164 2028 καὶ
172 2002 203 2028 τὸ
214 2002 263 2037 τῆς
275 2002 365 2037 φιλίας
379 2002 621 2039 εὐπεριφρόνητον,
633 2005 681 2030 καὶ
692 2004 723 2030 οὐ
737 2004 898 2039 μακρόϐιον,

116 2047 173 2074 ἀλλ’
188 2048 340 2083 ἐφήμερον·
357 2048 420 2076 ὅθεν
437 2049 612 2084 κεκινημένοι
631 2050 661 2075 τὶ
679 2049 775 2084 ἄγριον
793 2049 897 2084 βάρϐα-

117 2101 162 2128 ρον
176 2093 294 2120 διέθεντο
307 2094 348 2124 είς
370 2094 443 2129 ἡμᾶς
464 2093 500 2121 τὰ
518 2094 563 2121 διὰ
573 2094 635 2129 βίου
655 2094 895 2131 θρηνηθησόμενα.

117 2139 284 2167 Συντακτέον
310 2139 416 2171 τούτοις
430 2141 477 2166 καὶ
499 2140 530 2166 τὸ
549 2140 708 2176 ἀχάριστον.
728 2142 776 2169 καὶ
788 2142 897 2177 ἀπάσης

116 2185 225 2220 χάριτος
249 2186 436 2220 εὐεπίληστον,
457 2187 505 2213 καὶ
525 2183 582 2214 οἷον
606 2187 732 2222 θνήσκειν
756 2188 837 2223 ταχὺ,
860 2188 898 2218 ὼς

115 2230 175 2265 ἅμα
191 2231 322 2265 ἡλεῆσθαί
346 2240 417 2263 τινα,
438 2231 486 2259 καὶ
498 2232 627 2259 τεθνάναι
647 2233 696 2268 τὴν
721 2233 810 2268 χάριν,
827 2234 899 2261 κατὰ

114 2276 164 2312 τὴν
187 2277 347 2312 παροιμίαν.
365 2278 411 2304 Διὸ
436 2278 561 2314 ἥρπασεν
576 2279 589 2305 ό
605 2279 670 2310 Θεὸς
686 2279 732 2313 ἀφ’
756 2280 834 2315 ήμῶν
848 2280 898 2311 τὰς

115 2323 239 2358 χάριτας,
254 2321 297 2355 αἷς
308 2324 341 2350 ὲκ
357 2323 464 2359 μακροῦ
476 2324 506 2351 τὸ
516 2324 578 2351 καθ’
590 2325 663 2360 ἡμᾶς
675 2325 754 2360 λάχος
765 2325 896 2360 ὼράῖστο.

116 2369 326 2403 Προσγραπτέον
339 2369 424 2396 καὶτὸ
434 2370 545 2405 ἁνηλεὶς
553 2371 599 2396 ἐπὶ
609 2371 671 2402 τοὺς
680 2370 764 2405 βραχύ
776 2380 802 2397 τι
811 2379 896 2406 προσ‹

115 2415 273 2450 κρούοντας,
289 2415 317 2448 ἐξ
328 2411 358 2442 οὗ
375 2415 405 2441 τὸ
423 2415 595 2452 καταρῥίψαν
612 2417 686 2450 ἡμᾶς
705 2417 767 2451 ἄρτι
783 2417 897 2451 ἀνηλεις

113 2462 143 2488 τὸ
168 2462 355 2489 δικαιότατον·
371 2462 449 2496 εἴπερ
473 2463 503 2488 οὐ
523 2463 609 2496 μικρά
630 2471 691 2489 τινα
713 2464 805 2497 ἡμεῖς,
826 2463 894 2490 ἀλλὰ

115 2508 199 2544 μυρία
216 2508 479 2543 προσκεκρουκότες,
491 2507 522 2534 οὐ
536 2507 655 2534 τοσαῦτα
668 2508 787 2542 τίνομεν.
807 2509 895 2544 Προσο

114 2554 278 2589 ενθυμητέον
303 2555 351 2588 οὐχ
365 2553 465 2588 ἥκιστα
484 2553 530 2579 καὶ
543 2552 591 2587 τὴν
603 2553 657 2579 τῶν
671 2553 750 2579 θεὶων
766 2554 896 2588 περιφρό-

115 2608 202 2634 νησιν,
217 2599 246 2625 τὸ
260 2599 406 2635 χείριστον,
423 2599 525 2625 καὶτὸν
541 2599 584 2625 ἐπ’
601 2599 691 2629 αὐτοῖς
704 2599 800 2632 γέλων,
817 2599 846 2630 ἐξ
857 2597 895 2626 ὧν

114 2646 383 2680 περιπεφρονήμεθα,
408 2646 437 2672 οὐ
454 2646 521 2680 πρὸς
541 2645 711 2679 κατάγελων,
735 2645 802 2672 ἀλλά
825 2645 893 2679 πρὸς

111 2691 234 2727 ὀλεθρον.
252 2689 289 2718 Ἦ
307 2692 362 2726 γὰρ
378 2691 428 2718 οὐκ
444 2692 554 2726 οἴδαμεν
575 2691 638 2723 τοὺς
654 2693 682 2718 ἐν
703 2693 769 2727 ἡμῖν
783 2692 895 2726 ὀρογλυ-

113 2737 230 2772 φοῦντας
246 2737 280 2764 τὰ
298 2738 352 2764 τῶν
364 2738 460 2772 ἁγίων,
475 2738 522 2763 καὶ
538 2738 752 2773 ὑποσπωμένιυς
771 2739 838 2765 αὐτὰ
854 2739 894 2771 είς

112 2786 308 2822 κληρονομίαν,
338 2787 384 2813 καὶ
411 2786 616 2821 καυχωμένους,
638 2787 686 2819 ὡς,
712 2787 753 2822 ἐφ’
787 2785 824 2819 οἷς
851 2788 917 2820 Θεὸς

113 2843 298 2865 πρακτικους.

252 2884 383 2913 Pnnoa.
410 2882 467 2914 Gn.
490 2880 647 2912 CXXXVI.

987 1959 1049 1987 145.
1064 1958 1136 1986 [nter
1147 1963 1255 1994 peccata
1267 1962 1360 1987 nostra
1377 1960 1560 1988 recensendas
1570 1961 1642 1988 venit
1652 1963 1734 1990 etiam

952 2004 1079 2033 amicitia:
1096 2009 1271 2039 contemptus
1285 2010 1314 2032 et
1338 2005 1400 2033 vitae
1423 2006 1554 2040 brevitas,
1577 2008 1677 2042 quibus
1695 2011 1735 2037 iu-

952 2051 1108 2079 humanilas
1120 2051 1222 2087 jugiter
1230 2051 1394 2086 deploranda
1411 2052 1490 2080 nobis
1503 2053 1585 2081 insita
1596 2058 1648 2081 cst.
1659 2056 1735 2083 Adde

953 2097 1006 2124 huc
1021 2097 1104 2124 animi
1120 2097 1341 2131 ingratitudiuem
1355 2101 1383 2124 et
1405 2098 1496 2126 omnis
1516 2100 1611 2133 gratia:
1634 2101 1734 2128 absen-

955 2143 1033 2175 tiam,
1044 2143 1080 2169 ita
1091 2146 1122 2170 ut
1133 2142 1215 2170 citius
1230 2142 1361 2170 moriatur
1370 2143 1469 2178 aliquis
1479 2152 1561 2178 quam
1574 2151 1603 2172 ut
1618 2146 1733 2180 proximi

954 2188 995 2215 sui
1011 2195 1073 2215 eum
1090 2188 1228 2220 misereat,
1242 2187 1317 2222 quia,
1336 2193 1366 2215 ut
1384 2193 1425 2216 est
1440 2188 1467 2216 in
1482 2191 1633 2224 proverbio,
1647 2193 1733 2227 gratia

951 2238 1073 2261 emortua
1091 2238 1143 2262 cst.
1157 2233 1241 2268 Igitur
1256 2234 1328 2262 Deus
1351 2236 1498 2270 gratiarum
1518 2237 1632 2264 chorum
1654 2239 1733 2267 nobis

950 2280 1049 2312 eripuit
1064 2287 1125 2314 quae
1146 2280 1330 2308 sorti-nostrae
1349 2282 1490 2309 associata:
1505 2283 1624 2311 fuerant.
1642 2286 1733 2312 Annu-

956 2318 1076 2352 merabis
1102 2333 1183 2360 porro
1199 2327 1289 2354 cordis
1304 2326 1433 2354 duritiem
1453 2328 1481 2355 in
1501 2336 1549 2356 eos
1571 2330 1616 2364 qni
1639 2330 1734 2359 leviter

951 2377 1001 2398 nos
1019 2369 1203 2403 oll'enderuut,
1229 2371 1275 2398 ubi
1298 2371 1524 2400 immisericordia
1552 2381 1602 2409 pro
1624 2375 1732 2409 iustitia

950 2415 1083 2448 habetur;
1101 2423 1153 2443 non
1168 2417 1240 2443 enim
1258 2421 1362 2444 tantum
1386 2418 1530 2453 plectimur
1546 2421 1591 2454 qui
1607 2429 1660 2448 non
1683 2430 1730 2456 pa-

949 2468 1020 2493 rum,
1048 2461 1095 2489 sed
1123 2462 1242 2497 graviter
1268 2463 1400 2494 laasimus.
1427 2465 1574 2494 Addendus
1597 2468 1732 2503 praecipue

948 2515 1039 2534 rerum
1054 2508 1209 2535 divinarum
1225 2514 1397 2544 contemptus
1410 2515 1438 2538 et
1452 2511 1672 2546 risus,.pcssima
1688 2522 1732 2541 rc‘s

949 2555 1088 2588 omnium;
1105 2563 1155 2583 nos
1169 2555 1241 2582 enim
1264 2561 1289 2583 et
1312 2556 1362 2591 ipsi
1381 2560 1566 2593 Contemptum
1585 2559 1729 2594 patiemur,

949 2601 995 2628 sed
1014 2608 1067 2627 non
1091 2601 1157 2633 risu,
1179 2605 1206 2627 at
1236 2601 1319 2628 exitio
1341 2604 1553 2631 terminandum.
1574 2605 1633 2632 Non
1658 2607 1729 2633 enim

948 2646 1074 2673 novimus
1092 2654 1139 2674 eos
1156 2647 1202 2681 qui
1228 2655 1271 2675 res
1294 2655 1388 2676 sacras
1410 2649 1546 2678 deﬁniunt
1569 2659 1670 2687 easque
1696 2654 1729 2678 :nl

946 2700 1023 2720 suam
1038 2693 1224 2720 [nereditatem
1243 2695 1392 2728 trahentes,
1413 2700 1440 2723 et
1457 2697 1610 2732 gloriantur
1631 2698 1728 2732 jejunit

946 2739 1086 2774 privilegio
1098 2747 1112 2766 a
1129 2739 1184 2767 Deo
1195 2740 1270 2768 dato.

947 2788 1048 2815 ὑπνοῦν
1070 2789 1269 2823 προσποιεῖται,
1290 2791 1389 2823 αὐτοὺς
1414 2792 1560 2827 νηφαλίους
1586 2792 1665 2822 ὄντας
1681 2791 1727 2816 καὶ

1513 2885 1529 2914 5
