1962 3087
137 165 186 199 141

596 164 792 196 LAUDATIO
814 165 846 195 S.
864 164 1076 195 PHILOTBEI
1090 164 1296 195 OPSiClANI.

1708 166 1758 196 142

137 241 1750 258 rm

787 337 860 393 EJ
869 335 1100 393 USDEM

374 470 682 517 LAUDATIO
719 441 777 515 sf
814 470 1151 517 PHILOTHEI
1202 471 1529 519 OPSlClANl.

140 652 195 694 T057
207 652 300 696 αὐτοῇ
314 651 404 696 {drag-
414 650 774 696 saeleplo'rmdcﬁl/ov'roﬁ
786 653 860 696 κατᾲ
871 653 922 680 τὸν

980 653 1104 695 Ejusdem
1116 662 1200 696 sermo
1213 655 1371 695 memorialis
1387 657 1548 696 vitresnttcfi
1565 657 1696 696 Philol/mi
1708 660 1763 696 0p-

171 688 256 721 ἅγιον
273 688 416 713 Φιλόθεον
431 687 484 713 τὸν
507 687 692 720 Ὀψικιανὸν.
710 687 744 713 ἐκ
759 688 922 721 προσώπου

172 721 314 749 ιΙιιλοθέυυ
331 722 479 757 μοι-αχοῦ,
503 722 615 755 ἀνδρὸς
635 722 723 753 ἀξίου
744 724 849 757 λόγου,
870 724 923 750 τοῦ

171 757 219 783 καὶ
241 756 509 790 προκαλεσαμένου
529 758 573 789 εἰς
592 757 706 790 ταύτην
722 756 922 793 τὴν-[γραφήν.

172 817 207 840 α’.
232 814 265 840 At
286 813 354 848 πρὸς
373 813 499 848 αἴσθησιν
523 813 667 848 μέλισσαι,
684 815 728 841 ὅτε
751 815 865 842 λύουσαι
891 817 924 843 τὰ

137 861 225 895 πτερὰ
243 859 373 893 φοιτῶσιν
387 860 432 890 -εἰς
450 859 601 894 λειμῶνας,
618 859 680 886 οὔτε
698 862 785 888 πᾶσαι
801 864 859 894 τοῖς
875 863 924 890 ἄν·

136 907 210 933 eam
235 906 306 937 ὅλοις
330 901 563 941 ὲνασχολοῦνται“,’
582 907 642 933 οὐδὲ
668 908 722 943 μὴν
749 908 819 941 εἶδος
843 910 873 936 ἓν
897 919 924 936 τι

136 950 350 985 ἀπολεξάμεναι,
372 949 421 984 τὴν
443 951 596 985 σκευωρίαν
616 952 721 979 ἐκεῖθεν
745 953 791 979 τοῦ
817 954 924 988 μέλιτος

136 996 305 1030 ὲρανίζονται
316 1016 324 1028 ,
341 995 410 1022 ἀλλὰ
436 997 483 1022 καὶ
503 997 585 1023 πᾶσιν
602 997 710 1024 ἄνθεσιν
732 999 904 1034 ὲμμελετῶσι
915 1008 923 1016 ·

135 1043 182 1070 καὶ
197 1044 223 1069 αἱ
241 1043 290 1077 μὲν
307 1042 443 1076 ἐντεῦθεν,
463 1044 491 1070 αἱ
505 1043 526 1070 δ’
545 1043 652 1071 ἐκεῖθεν
667 1045 697 1071 τὸ
712 1045 848 1080 χρήσιμον
865 1047 925 1072 ὲπι-

135 1089 278 1122 λέγονται,
302 1088 463 1123 φιληδοῦσαι
483 1089 533 1124 μὲν
551 1091 585 1125 τῇ
604 1090 737 1117 πάντοθεν
759 1091 924 1127 ὰνθολογίᾳ,

137 1133 301 1167 συνάγουσαι
316 1134 344 1160 δὲ
355 1134 420 1170 ἄλλη
436 1134 511 1167 ἄλλο,
526 1135 574 1161 καὶ
590 1135 662 1162 οὕτω
677 1137 808 1167 ποικίλως
825 1137 925 1164 πονού-

139 1187 231 1213 μεναι,
261 1179 312 1206 Τὸν
338 1179 419 1206 αὐτὸν
443 1179 475 1215 δὴ
499 1180 580 1214 λόγον
606 1181 654 1208 καὶ
681 1183 709 1208 αἱ
736 1183 805 1217 πρὸς
833 1183 925 1218 νόησιν

138 1225 284 1259 μέλισσαι,
303 1225 330 1251 αἰ
345 1225 391 1252 τδν
406 1224 516 1259 ἀληθῶς
529 1225 637 1260 ἐλλογον
653 1227 774 1263 ἐργάτην
794 1228 841 1255 τοῦ
856 1228 925 1256 Θεοῦ

138 1271 175 1305 μὴ
196 1270 378 1305 ψευδόμεναι,
396 1271 639 1306 σιμϐλοποιοῦνται
661 1273 711 1308 τὴν
726 1274 798 1301 κατὰ
815 1274 925 1310 πνεῦμα

138 1317 296 1352 γλυκύτητα
312 1317 418 1349 ἑαυτοῖς
436 1317 619 1352 πανταχόθεν,
635 1318 699 1350 τοὺς
718 1319 808 1354 ἱεροὺς
823 1319 925 1355 λειμῶ-

138 1372 187 1394 νας
201 1363 426 1397 περι-πετόμεναι,
442 1363 490 1390 καὶ
503 1363 534 1390 τὸ
550 1364 633 1391 καλὸν
647 1365 858 1398 ἀπανθιζουσιν,
877 1367 925 1401 οὐχ

136 1408 189 1442 ὅπη
203 1410 282 1442 τύχῃ,
297 1408 369 1443 λόγῳ
384 1409 487 1443 ζωῖκῆς
503 1410 655 1443 φαντασίας
669 1411 844 1445 ρεμῦόμενοι,
857 1412 926 1439 ἀλλὰ

137 1453 208 1480 κατὰ
223 1453 317 1488 σκέψιν
334 1454 470 1489 σταθερὰν
486 1455 534 1482 καὶ
546 1455 712 1490 διάρθρωσιν
722 1457 836 1484 δέουσαν
845 1458 925 1494 ἀκρι-

137 1498 247 1530 ϐοῦντες
269 1499 299 1525 τὸ
319 1499 506 1535 ἁνθολόγημα.
530 1501 586 1528 Καὶ
611 1501 684 1528 οὓτω
706 1503 925 1537 κατεργάζονται

138 1543 290 1579 μελίσσειον
317 1545 429 1580 κηρίον,
458 1545 472 1572 ὂ
497 1546 570 1580 φιλεῖ
593 1546 643 1581 μὲν
667 1548 716 1574 καὶ
732 1548 804 1581 ,Θεὸς
833 1549 924 1582 αὐτὸς,

136 1591 323 1622 ἀωστολικῶς
347 1591 423 1627 αὐτῷ
445 1592 680 1627 παρατιθέμενον,
701 1593 810 1628 φιλοῦσι
830 1595 859 1621 δὲ
877 1596 926 1622 καὶ

136 1635 276 1671 ἄνθρωποι
292 1636 438 1671 θεοφιλεῖς,
453 1638 492 1669 ti;
508 1638 616 1672 ὑγίειαν
633 1640 860 1675 προσφερόμενοι,
875 1641 924 1675 βα-

137 1682 219 1714 σιλεῖς
234 1691 262 1708 τε
279 1684 325 1709 καὶ
338 1683 426 1715 ἄλλως
442 1683 584 1718 ἄρχοντες,
596 1685 644 1711 καὶ
659 1684 712 1720 μὴν
726 1686 774 1712 καὶ
786 1687 904 1722 πένητες
915 1695 923 1703 ⁸

135 1725 210 1755 οὗτοι
239 1729 301 1763 μὲν,
325 1729 383 1755 ὅσοι
406 1729 641 1763 ἀπεριουσιάστως
664 1731 755 1766 ἔχουσι
777 1731 824 1758 τοῦ
846 1732 925 1764 θείως

136 1773 317 1806 γλυκάζεσθαι
330 1773 373 1801 διὰ
385 1774 414 1800 τὸ
427 1775 498 1801 κατὰ
508 1775 570 1802 νοῦν
582 1775 742 1810 ἀπέριττον,
756 1777 924 1813 ἀρκούμενοι

135 1819 291 1854 ἀκροθιγῶς
309 1820 386 1847 αὐτοὶ
407 1820 515 1855 μέλιτος
535 1821 650 1848 τοιοῦτοι
666 1823 804 1857 γεύεσθαι,
822 1824 836 1850 ὃ
856 1825 924 1859 πρό-

136 1873 230 1900 χειρον
246 1865 295 1899 μὲν
313 1866 358 1892 καὶ
375 1865 487 1900 εὖωνον,
503 1866 591 1898 ἄλλως
607 1867 636 1894 δὲ
652 1868 837 1904 πολυτίμητον
848 1877 855 1885 ·
873 1871 924 1904 ἄρ-

136 1919 228 1946 χοντες
243 1912 270 1938 δέ
285 1920 318 1946 γε
336 1913 380 1938 καὶ
393 1911 525 1947 βασιλεῖς,
541 1910 582 1944 οἷς
590 1913 637 1940 καὶ
653 1913 720 1940 ἄλλα
733 1914 783 1948 μὲν
795 1915 924 1949 πρόσεστι

136 1957 315 1992 γλυκάσματα
334 1958 378 1985 διὰ
396 1958 585 1993 πολυμάθειαν
607 1960 654 1985 καὶ
675 1960 837 1994 περιουσίαν
854 1961 925 1994 γνὼ-

138 2013 217 2036 σεως,
235 2005 331 2031 ὁποίαν
346 2006 362 2040 ὴ
379 2005 463 2041 συχνὴ
479 2006 600 2041 μάθησις
615 2007 706 2038 αὐτοῖς
720 2007 879 2042 θησαυρίζει
893 2008 922 2040 ὲς

135 2050 256 2084 δαψιλές.
275 2049 400 2077 Ποθεϊται
414 2051 443 2076 δὲ
459 2051 535 2085 ὅμως
551 2051 741 2085 ὑπερμάλιστα
757 2051 786 2078 τὺ
803 2052 921 2086 εὐαγγε-

135 2096 209 2122 λικὺν
229 2096 300 2131 μέλι,
319 2095 349 2122 τδ
365 2097 411 2123 καὶ
427 2096 591 2130 ἀξιέραστον
602 2117 610 2129 ,
627 2096 676 2123 καὶ
691 2096 830 2132 βασιλείας
846 2097 921 2130 ἄξιον

134 2143 184 2176 τῆς
196 2142 289 2175 ὅντως,
305 2142 366 2169 ἐπεὶ
383 2143 429 2169 καὶ
445 2143 461 2177 ἡ
477 2141 538 2169 κατ’
550 2142 616 2169 αὐτὸ
626 2142 716 2177 ὑγίεια
731 2143 776 2170 καὶ
789 2143 921 2171 εὐπάθεια

135 2188 174 2218 εἰς
186 2187 324 2222 βασιλείαν
338 2188 463 2222 οὐράνιον
477 2187 605 2223 ῥώννυσι.

170 2233 203 2268 β’.
217 2235 287 2267 Πρὸς
299 2234 445 2268 ὁμοιότητα
455 2233 520 2268 γοῦν
533 2234 664 2269 μελίσσης
677 2234 785 2270 ἐκείνης
796 2236 841 2262 καὶ
854 2236 920 2270 ἐγὼ,

133 2281 183 2315 τῆς
196 2280 275 2307 τοῦτο
285 2281 332 2307 καὶ
345 2281 435 2307 ἐκεῖνο
451 2280 622 2315 συναγούσης
635 2280 727 2315 ἄνθος,
740 2281 787 2308 καὶ
801 2282 922 2317 ἀπασχο-

134 2326 232 2362 λούσης
251 2327 351 2361 ἑαυτὴν
369 2327 409 2358 είς
432 2326 528 2353 ἄλλοτε
547 2327 623 2359 ἄλλο,
639 2327 687 2354 καὶ
712 2326 784 2353 οὕτω
808 2327 921 2362 σιμϐλο-

135 2373 302 2407 ποιουμένης
316 2373 400 2407 ἑαυτῇ
416 2381 446 2399 τε
457 2372 503 2399 καὶ
518 2373 622 2407 ἑτέροις
639 2373 710 2407 μέλι,
725 2369 755 2399 οὗ
768 2373 921 2407 κεφαλαιω-

134 2418 260 2445 δέστατον
277 2418 342 2445 ἴδιον
356 2418 386 2444 τὸ
403 2418 449 2445 καὶ
465 2417 588 2451 ὑγιάζειν
603 2418 650 2444 καὶ
664 2418 721 2451 φῶς
737 2418 922 2454 παρίσχεσθαι

134 2464 248 2495 ἄλυπον,
272 2464 319 2490 καὶ
342 2464 453 2499 τρέφειν
470 2464 538 2499 πρός
560 2472 589 2490 τε
608 2465 704 2499 ἡδονὴν
720 2465 767 2490 καὶ
785 2464 920 2497 ἀϐλαϐῶς,

135 2511 231 2546 ἔκρινα
249 2512 279 2537 ὲκ
297 2511 343 2537 τοῦ
361 2511 431 2538 κατὰ
451 2510 560 2545 πνεῦμα
578 2511 711 2545 λειμῶνος
733 2511 778 2541 καὶ
793 2511 847 2537 τῶν
865 2512 923 2537 ἐκεῖ

136 2559 241 2592 μυρίων
264 2557 377 2589 ἀνθέων,
388 2556 438 2589 οἷς,
454 2557 524 2584 καθὰ
542 2556 617 2591 φίλον
631 2555 699 2591 Θεῷ,
714 2556 887 2590 ὲνεαρίζομεν
897 2557 922 2583 οἱ

134 2603 230 2636 ἁγαθοὶ
244 2603 414 2637 Χριστιανοὶ,
431 2603 514 2637 φυτὸν
528 2602 703 2634 ἐπιλέξασθαι
722 2601 803 2636 βρύον
819 2602 919 2635 καλοῖς,

135 2649 192 2675 εἴτε
208 2657 258 2675 που
271 2649 316 2675 καὶ
329 2648 479 2683 δυναίμην·
495 2649 542 2675 καὶ¹
559 2649 619 2683 μέλι
633 2648 778 2679 σκευάσας,
795 2647 920 2683 παραθή-

135 2703 193 2721 σειν
211 2695 268 2725 τοῖς
289 2694 446 2728 φιλοκάλοις
467 2695 534 2729 προς
556 2694 664 2729 ἥδυσμα
679 2694 709 2720 τὸ
733 2694 802 2721 κατὰ
826 2693 918 2728 ἰσχύν⁸

943 1333 962 1361 Β

1010 689 1215 726 ιῑείηηίλαίειιιδ
1233 690 1259 716 in
1272 698 1383 723 persona
1396 691 1529 719 Philotimi
1548 694 1679 726 munadu',
1711 689 1761 723 viri

1011 724 1133 757 spectati,
1165 725 1219 764 qui.
1238 729 1263 751 et
1289 726 1387 753 huncce
1422 731 1565 754 tractatur»
1589 724 1762 764 componendi

1010 767 1103 786 ansam
1120 759 1244 793 pt-rebuit.

1010 815 1035 841 l.
1056 814 1206 842 Scnsibiles
1219 823 1294 850 apcs,
1312 824 1386 849 cum,
1403 819 1546 853 explicatis
1562 822 1622 854 alis,
1641 824 1667 849 iu
1682 829 1762 858 prata

976 859 1113 891 feruntur,
1131 867 1186 886 non
1203 867 1298 888 omnes
1313 862 1442 890 omnibus
1456 871 1622 899 occupantur
1637 867 1761 901 ﬂoribus,

976 911 1075 938 neque,
1092 904 1195 932 selecto
1218 906 1334 939 quodam
1358 907 1424 935 ﬂore
1438 911 1557 945 egregio,
1576 912 1601 939 in
1629 913 1679 941 hoc
1704 915 1763 941 solo

980 950 1162 983 delectantur,
1176 957 1203 979 ct
1216 953 1342 979 certatim
1355 955 1407 980 mel
1424 956 1562 990 hauriunt,
1579 959 1625 985 sed
1637 966 1664 986 ct
1678 968 1762 989 cunc-

976 996 1010 1023 tis
1022 996 1160 1030 indulgent
1173 997 1295 1031 ﬂoribus,
1304 1004 1331 1025 et
1342 1000 1398 1027 haec
1410 1002 1516 1036 quidem
1530 1003 1603 1036 hinc,
1617 1005 1660 1032 illa
1671 1011 1761 1034 autem

976 1041 1062 1076 illinc,
1073 1043 1145 1077 quod
1161 1044 1226 1071 utile
1240 1049 1280 1071 est
1292 1045 1406 1080 eligunt,
1418 1048 1618 1083 universorum,
1632 1059 1690 1085 qua:
1700 1060 1763 1087 pas-

976 1087 1026 1114 sim
1040 1093 1115 1121 sunt,
1131 1088 1226 1116 ﬂorum
1246 1095 1332 1125 captaa
1359 1092 1509 1127 voluptate,
1535 1096 1582 1122 sed
1608 1096 1679 1123 aliud
1705 1098 1764 1126 aliae

976 1133 1144 1167 colligentes,
1158 1140 1239 1170 atquc
1252 1135 1288 1163 ita
1301 1137 1377 1164 varie
1391 1138 1555 1166 laborantes.
1569 1140 1667 1169 Eadem
1680 1143 1762 1170 etiam

976 1180 1090 1212 ratione,
1113 1181 1310 1210 intellectuales
1326 1190 1402 1218 apes,
1428 1192 1487 1218 qua:
1503 1192 1568 1214 vere
1592 1188 1762 1221 spiritualem

977 1226 1132 1260 operarium
1149 1226 1193 1254 Dei
1210 1233 1263 1253 non
1277 1226 1457 1262 frustrantur,
1473 1230 1622 1264 spiritualis
1639 1234 1689 1260 mel
1704 1235 1765 1262 dul-

977 1272 1080 1299 cedinis
1099 1272 1149 1299 sibi
1166 1273 1285 1308 undique
1299 1274 1441 1309 colligunt,
1462 1283 1540 1304 sacra
1558 1283 1633 1311 prata
1648 1279 1764 1309 circuat-

977 1316 1110 1350 volanles,
1123 1322 1151 1345 et
1163 1319 1234 1352 quod
1249 1319 1393 1354 pulchrum
1411 1325 1454 1348 est
1469 1316 1628 1358 decerpunt,
1641 1332 1694 1352 non
1707 1326 1764 1354 for-

978 1362 1218 1395 tuito,'vivacitate
1245 1365 1449 1400 imaginationis
1465 1368 1517 1396 huc
1543 1370 1585 1397 vel
1608 1369 1670 1398 illuc
1683 1378 1762 1406 actae,

977 1409 1024 1436 sed
1037 1409 1114 1444 juxta
1130 1410 1234 1437 iit-mam
1251 1412 1521 1448 circumspectionem
1538 1419 1566 1442 et
1592 1417 1764 1451 explanatio-

978 1462 1040 1482 nem
1055 1457 1225 1485 commodam
1240 1457 1402 1493 llorilegium
1417 1461 1605 1495 exquirentes.
1623 1463 1654 1490 Et
1671 1463 1708 1491 ita
1724 1465 1764 1493 ef-

979 1500 1072 1529 ﬁciunt
1099 1503 1226 1530 mclleum
1251 1504 1341 1531 favum
1358 1525 1366 1539 ,
1390 1514 1472 1540 quem
1501 1507 1570 1534 Deus
1592 1508 1648 1543 ipse
1676 1515 1759 1542 autat,

978 1549 1128 1583 apostoliee
1155 1551 1179 1577 ei
1200 1550 1364 1584 appositum.
1382 1560 1462 1586 quem
1490 1559 1582 1581 amant
1604 1556 1687 1582 etiam
1711 1557 1764 1584 lio--

977 1595 1062 1623 mines
1073 1595 1121 1630 pii.
1136 1597 1169 1623 ad
1186 1597 1329 1625 sanitatem
1347 1599 1560 1633 recuperandam
1576 1608 1762 1635 occurrentes.

977 1647 1107 1675 regesque
1138 1646 1164 1669 et
1184 1643 1321 1678 principes
1337 1664 1345 1676 .
1366 1645 1419 1672 imo
1434 1651 1460 1673 ct
1476 1654 1625 1682 pauperes;
1647 1650 1673 1676 hi
1703 1651 1762 1685 qui-

976 1685 1048 1718 dem,
1070 1687 1225 1722 quicunque
1240 1689 1274 1716 ob
1289 1689 1474 1725 intelligentia:
1493 1694 1707 1723 mediocritatem
1721 1697 1761 1724 di-

976 1732 1068 1760 vinam
1083 1733 1252 1762 dulcedinem
1271 1743 1352 1770 parce
1367 1737 1542 1766 hauriendam
1558 1741 1669 1774 habent,
1696 1750 1762 1770 con-

982 1779 1049 1806 tenti
1063 1779 1086 1806 si
1102 1780 1198 1807 leviter
1227 1786 1330 1809 tantum
1355 1783 1407 1810 mel
1424 1790 1532 1818 gustent
1554 1786 1631 1820 illud,
1646 1790 1718 1823 quod
1734 1789 1761 1816 in

976 1829 1105 1859 promptu
1123 1830 1165 1853 est
1186 1830 1214 1854 et
1229 1827 1290 1854 vilis
1307 1829 1398 1863 pretii,
1412 1829 1474 1857 licet
1492 1825 1521 1858 in
1541 1839 1571 1859 se
1594 1834 1760 1867 pretiosum:

978 1870 1114 1904 principes
1136 1876 1227 1904 autem
1243 1878 1270 1900 et
1285 1881 1374 1909 reges,
1392 1876 1492 1909 quibus
1507 1881 1533 1904 et
1547 1878 1605 1905 alias
1619 1886 1683 1906 sunt
1698 1881 1762 1908 dul-

977 1916 1088 1943 cedines
1099 1918 1134 1944 ob
1149 1917 1294 1945 multarum
1308 1927 1398 1947 rerum
1416 1921 1568 1949 doctrinam
1581 1928 1607 1951 ct
1621 1924 1762 1953 abundan-

976 1961 1040 1988 tiam
1051 1963 1204 1996 sapientize.
1217 1965 1323 1998 qualem
1338 1966 1451 1993 scientia
1468 1967 1589 2002 locuples
1601 1969 1640 1997 eis
1649 1971 1761 2006 copiose

936 2003 957 2031 C
976 2008 1152 2036 thesaurizat.
1179 2010 1322 2044 Expetilur
1349 2016 1440 2040 tamen
1461 2014 1539 2042 valde
1566 2003 1760 2045 nimium—mel

973 2054 1155 2088 evangelicum
1169 2059 1196 2082 et
1210 2057 1325 2084 amabile
1346 2061 1373 2086 et
1392 2059 1449 2086 veri
1466 2060 1539 2095 regni
1553 2061 1674 2096 dignum,
1690 2071 1760 2099 quo-

974 2099 1044 2125 niam
1058 2107 1101 2131 ea,
1117 2107 1196 2134 quam
1210 2102 1320 2136 praebet,
1335 2104 1437 2132 sanitas
1452 2110 1480 2133 et
1508 2107 1632 2143 voluptas
1657 2110 1691 2137 ad
1716 2118 1760 2138 re-

973 2150 1055 2178 gnum
1072 2144 1184 2173 caeleste
1197 2145 1374 2175 obtinendum
1390 2150 1558 2179 corroborat.

1008 2234 1036 2260 2.
1053 2234 1112 2269 Ipse
1131 2235 1223 2269 igitur,
1243 2236 1275 2262 ad
1292 2237 1499 2267 similitudinem
1515 2241 1573 2275 apis
1587 2241 1672 2275 illius,
1690 2243 1762 2271 hunc

974 2284 1001 2307 et
1016 2280 1092 2307 illum
1112 2280 1206 2308 liorem
1225 2282 1390 2316 colligentis,
1407 2288 1434 2311 et
1445 2291 1505 2312 sese
1517 2285 1561 2312 hic
1574 2291 1600 2313 et
1617 2287 1670 2314 illic
1682 2295 1762 2315 excr-

976 2326 1073 2359 centis,
1092 2331 1118 2354 ct
1131 2327 1168 2354 ita
1183 2327 1234 2354 sibi
1244 2332 1271 2355 et
1285 2328 1345 2356 aliis
1361 2330 1413 2356 mel
1427 2331 1581 2361 condcntis.
1601 2333 1679 2367 cujus
1694 2342 1762 2368 pra:—

973 2372 1051 2407 cipue
1064 2374 1201 2408 proprium
1217 2380 1258 2402 est
1281 2383 1388 2409 sanare,
1407 2377 1551 2412 lzetnmque
1578 2379 1667 2406 lumcn
1691 2388 1761 2414 prte-

975 2416 1048 2449 bere,
1067 2418 1243 2453 nutriereque
1262 2428 1322 2447 cum
1343 2421 1481 2456 voluptate
1495 2428 1522 2450 et
1539 2423 1659 2456 innoxie.
1677 2427 1760 2454 statui

974 2469 1006 2489 ex
1017 2463 1151 2497 spirituali
1165 2469 1242 2499 prato
1253 2471 1280 2493 et
1292 2467 1442 2495 iunttmeris
1453 2469 1498 2503 qui
1513 2469 1548 2496 ibi
1564 2475 1626 2496 sunt
1636 2470 1759 2504 ﬂoribus,

976 2509 1047 2535 inter
1064 2517 1142 2543 quos,
1162 2515 1190 2537 ut
1221 2512 1275 2538 Deo
1299 2512 1397 2546 placet,
1425 2521 1473 2542 ver
1490 2516 1667 2550 transigimus
1696 2518 1759 2546 boni

975 2553 1138 2588 Christiani,
1159 2555 1276 2589 plantam
1293 2557 1410 2592 aliquam
1420 2559 1519 2594 eligere
1540 2563 1647 2590 abunde
1662 2564 1760 2599 germi-

975 2603 1086 2627 nantem
1111 2601 1190 2632 bona,
1217 2602 1239 2629 si
1268 2602 1388 2631 invenire
1417 2612 1534 2638 possem.
1565 2609 1758 2644 conditumque

977 2647 1028 2673 mel
1041 2654 1073 2672 ex
1093 2646 1135 2672 illa
1153 2647 1363 2680 pulchritudinis
1381 2652 1536 2680 aruantibus
1550 2661 1696 2689 apponere,
1723 2655 1758 2682 ad

973 2700 1044 2724 eam,
1061 2699 1119 2726 quae
1137 2693 1218 2720 robur
1231 2699 1351 2728 generat,
1366 2697 1546 2727 suavitatem:
1563 2707 1667 2734 aequum
1691 2708 1757 2727 ccn-

134 2738 252 2770 ἁξιώσας
276 2738 394 2773 ἐμαυτὸν
411 2738 503 2765 θέσθαι
520 2739 559 2770 είς
575 2739 704 2773 τοιαύτην
728 2738 858 2773 μέλισσαν
874 2738 919 2766 διὰ

980 2746 1049 2772 scns,
1059 2739 1081 2765 si
1091 2745 1140 2774 ego
1151 2740 1208 2773 ipse
1221 2739 1281 2767 talis
1288 2741 1347 2775 apis
1358 2747 1448 2776 partes
1456 2750 1590 2772 sumerem
1600 2745 1634 2771 οἳ)
1645 2746 1754 2772 unicum

136 2785 220 2819 μόνην
232 2784 359 2820 πρόθεσιν
370 2784 460 2811 ἔνθεον
469 2785 608 2820 φιλεργὸν,
619 2785 648 2811 οὐ
667 2787 719 2820 μὴν
730 2785 795 2819 πρὸς
806 2784 918 2820 αὔχημα

980 2784 1142 2818 )ropositum
1154 2785 1292 2814 laborandi
1303 2787 1336 2814 ad
1347 2788 1391 2830 Dei
1403 2789 1699 2824 gloriam,ncquaquam
1709 2797 1757 2816 vc—

134 2830 180 2856 καὶ
196 2829 385 2864 φιλενδειξίαν,
402 2827 435 2865 ἦς
451 2830 500 2856 οὐκ
515 2830 568 2864 ἔχω
584 2830 739 2864 ἐφικέσθαι.

169 2873 203 2910 γ’.
218 2875 296 2903 Ἔστι
309 2875 336 2901 δέ
351 2883 396 2910 μοι
406 2875 435 2902 τὸ
448 2876 542 2910 φυτὸν,
554 2875 582 2907 ἐξ
594 2874 623 2903 οὗ
639 2875 828 2910 σιμῦλοποιῖαν
842 2875 916 2904 θείαν

972 2836 1003 2856 ro
1012 2829 1044 2856 ad
1058 2830 1192 2864 propriam
1202 2829 1390 2865 gloriationem
1399 2841 1479 2867 quant
1489 2835 1656 2868 asscqui'non
1666 2834 1753 2860 valeo.

1008 2875 1034 2903 ὅ.
1053 2875 1101 2904 Est
1127 2880 1216 2904 autem
1243 2877 1308 2905 mihi
1322 2877 1411 2912 planta
1427 2879 1460 2906 de
1476 2886 1527 2913 qua
1552 2880 1672 2907 divinum
1701 2879 1755 2907 mel
