1962 3087
224 112 272 145 131

599 121 808 152 EUSTATHll
827 125 970 154 THESSA
977 125 994 154 L

1046 126 1200 159 'ICENSlS
1220 129 1499 160 METROPOLITE

1785 129 1834 161 I32

216 169 292 196 ullibi
314 169 340 197 in
357 171 467 199 deserta
483 173 549 200 urbe
566 174 726 206 invenisses.
742 177 805 210 quia
827 177 935 204 barbari
964 177 994 205 fe.

1052 190 1121 214 γιον.
1138 183 1410 217 άποτροπιαξόμενοι,
1427 184 1570 215 τύπτοντες
1585 183 1633 215 τὰς
1648 184 1738 210 αὐτῶν
1754 193 1838 218 κεφαμ

215 222 295 242 roces
316 220 342 242 ct
360 217 600 246 inhumaniomnia
619 221 798 254 abstulerant,
814 223 937 250 homines
959 225 1001 250 in-

216 259 282 286 culti
302 266 327 287 ct
340 261 437 296 ignari,
452 263 510 290 sine
522 272 626 291 morum
642 267 740 292 nedum
759 267 859 294 artium
881 268 1000 302 cultura,

215 313 330 338 quarum
350 314 382 333 ne
397 309 547 334 rudimenta
575 310 683 343 quidem
712 319 747 337 no
765 318 861 345 erant;
879 313 1003 342 homines

216 351 369 384 eloquentia
397 360 473 385 atque
497 359 523 379 at
539 356 689 382 venustatis
717 357 854 385 industriae
866 359 1002 393 vulgaris-

217 396 293 423 simze
307 403 441 430 expertrs,
451 399 495 431 qui
513 405 631 427 nostram
651 402 744 429 urbem
768 404 896 431 omnibus
923 405 999 432 hisce

215 440 294 468 buris
316 442 466 475 privarunt,
494 445 530 470 ita
561 450 589 472 ut
610 447 707 473 mirum
732 455 783 474 non
807 449 841 475 sit
867 451 937 484 quod
960 455 999 478 tot

215 487 302 512 caedes
323 487 410 514 locum
432 488 585 523 habuerint,
612 492 745 526 siquidem
768 494 810 521 vel
833 495 998 523 animalibus

215 539 268 557 non
288 539 468 566 pepercerunt
485 535 511 562 in
529 535 620 564 l'urorc
633 545 683 565 suo
701 542 727 564 et
741 539 766 566 in
781 547 855 572 vasa,
876 544 906 567 ut
929 541 1000 577 let-y-

214 577 278 604 thos
293 582 319 604 et
334 579 385 605 alia
405 580 501 608 viliora
518 581 705 612 insaevicruut.
730 585 805 613 Adde
821 587 893 620 quod
923 588 998 615 multi

214 623 282 650 adeo
305 626 434 654 vecordes
450 626 560 655 fuerunt
575 635 602 656 ut
620 637 669 657 nec
685 638 778 658 verum
804 636 905 660 statum
923 633 1000 661 vide-

215 673 285 695 rent.

1051 228 1108 258 λάς.
1121 229 1167 255 καὶ
1177 228 1339 262 οἰμώζοντες
1349 229 1385 260 ὡς
1396 228 1574 260 ὲπιτελεύτια,
1587 230 1837 264 ἔπαναστρέφουσιν

1050 274 1140 300 ohe-16a
1152 293 1158 303 ,
1177 274 1223 300 καὶ
1241 275 1343 300 κεῖνται
1354 293 1360 304 ι
1377 274 1483 308 θανάτῳ
1500 275 1694 309 ἐπιτρέψαντες
1712 274 1835 305 ἑαυτούς.

1051 316 1116 342 Οὐδὲ
1137 316 1191 351 γὰρ
1210 317 1270 342 οὐδὲ
1291 317 1347 343 ἔστι
1369 318 1463 352 ρανίδα
1484 318 1499 353 ἢ
1521 319 1619 353 ψῆγμά
1638 327 1665 344 τι
1687 319 1836 354 νοσήλειον,

1051 361 1105 387 οὐδ’
1120 361 1211 388 ἄλλοθί
1232 371 1282 388 που
1304 361 1353 395 τῆς
1374 362 1435 388 καθ’
1450 363 1523 397 ἡμᾶς
1544 363 1736 398 ὲρημοπόλεως
1757 363 1837 396 εὐρέ-

1053 406 1130 439 σθαι,
1147 407 1255 432 πάντων
1271 406 1323 432 ὑπὸ
1336 407 1390 432 τῶν
1405 407 1450 433 καὶ
1466 408 1601 441 ἀγροίκων
1616 409 1664 434 καὶ
1680 409 1836 441 ἀπηνεστά-

1052 461 1105 479 των
1125 451 1347 486 ὲξηφανισμένων
1360 461 1367 468 ·
1387 452 1411 478 οἳ
1434 453 1561 488 οὐδεμίαν
1581 453 1662 488 χάριν
1683 454 1720 488 μὴ
1741 455 1782 480 ὅτι
1804 463 1837 488 γι

1053 497 1313 529 καταπλουτοῦντες,
1327 497 1384 524 ἀλλ’
1396 498 1455 524 οὐδὲ
1470 496 1546 533 οἶμαι
1568 499 1667 530 εἰδότες
1678 507 1685 515 ·
1698 499 1837 533 ἄνθρωποι

1052 545 1228 579 ἀχαρίστεροι
1240 545 1360 576 πάντων,
1374 542 1411 571 ὧν
1422 545 1454 571 ἂν
1465 545 1536 571 εἴποι
1547 553 1598 577 τις,
1609 547 1656 571 καὶ
1669 545 1745 578 λόγον
1757 546 1837 572 ἄλλον

1050 590 1238 625 ἀπειρόκαλοι,
1254 591 1347 616 καθότι
1361 591 1398 625 τῷ
1413 590 1513 626 χυδαῐῳ
1526 591 1575 624 τῆς
1591 590 1770 622 πολιτεύσεως
1785 600 1835 618 κα-

1052 636 1098 662 λοῦ
1114 635 1211 666 παντὸς
1227 633 1295 670 ἦσαν
1310 636 1463 670 ἀπείρατοι,
1480 636 1527 662 καὶ
1542 636 1594 661 τῶν
1610 635 1737 662 τοιούτων
1751 637 1837 663 ἁπάν-

1052 688 1105 706 των
1124 679 1233 714 ἀγαθῶν
1250 680 1299 713 τὴν
1315 680 1376 706 καθ’
1390 680 1463 714 ἡμᾶς
1481 679 1556 706 πόλιν
1574 680 1779 714 ἁπωρςράιισαν,
1798 679 1836 710 ὡς

214 717 313 749 μηκέτι
326 717 523 754 θαυμάζεσθαι,
536 723 562 748 τί
574 723 672 758 δήποτε
697 724 774 751 αὐτοὶ
801 726 860 752 κατ’
872 726 1022 762 ἀνθρώπων
1052 727 1162 754 θάνατοι
1179 727 1338 763 αὐτόχρημα
1355 727 1503 762 ἐξέϐησαν,
1522 727 1545 753 εί
1561 726 1622 761 δίχα
1639 728 1692 753 τῶν
1708 728 1836 754 τοιούτων

213 765 260 790 καὶ
284 765 389 799 ἀλόγων
411 769 530 802 ἀφειδεῖς
553 768 622 805 ἦσαν
643 771 713 798 κατὰ
739 772 837 807 μανίαν
859 773 909 809 τὴν
933 774 995 801 καθ’
1011 775 1157 810 ἠμῶν,καὶ
1183 776 1306 809 ἀγγείοις
1334 773 1474 808 ὶνὺσριζον
1485 775 1525 804 εἰς
1545 774 1737 808 κατάκλασμα,
1752 775 1835 809 μέχρι

213 811 261 836 καὶ
275 812 364 838 αὐτῶν
379 813 501 847 λαγύνων
515 817 559 842 καὶ
574 816 709 851 ληκΰοων,
724 818 770 845 καὶ
803 818 830 844 εί
852 828 877 845 τι
907 821 1082 856 φαυλότερον.
1098 822 1130 848 Ol
1156 821 1185 848 δὲ
1215 822 1262 848 καὶ
1277 820 1362 851 άλλως
1377 820 1415 851 είς
1430 819 1508 846 τόσον
1522 820 1686 854 ἀγροικικιῖκς
1701 819 1783 856 εἶχον,
1797 821 1836 852 ὡς

215 857 283 892 μηδὲ
302 857 451 893 ὀφθαλμοῖς
471 870 535 887 ποτε
555 862 729 890 διαλαὸέσθαι
749 864 836 890 δοκεῖν
855 865 887 892 τὰ
908 867 1113 904 σπουδαιότερα,

256 903 317 948 ιδβ.
331 903 416 939 Igitur
429 907 528 934 multas
542 916 587 936 res
598 910 732 942 pretiosas
746 912 773 939 in
786 913 874 940 saccis
890 921 922 940 ac
933 921 1000 948 pan-

221 949 264 976 nis
280 944 362 978 lineis
378 954 502 980 certatim
515 955 692 990 collegerunt,
713 958 766 985 alia
783 960 858 986 intus
874 967 999 994 compre-

214 994 381 1029 henderunt,
402 1005 530 1027 vasorum
548 1009 596 1028 ora
622 1003 796 1037 recludendo,
821 1006 883 1033 vilia
909 1010 999 1034 autem

214 1049 279 1069 vasa
308 1042 334 1070 in
360 1043 439 1071 fenus
461 1045 657 1081 destinarunt.
671 1052 820 1083 prmsertim
839 1052 874 1078 iis
901 1052 996 1081 diebus

215 1087 261 1114 ubi
284 1089 385 1123 rapina:
404 1092 708 1127 omniumcupiditatem
724 1097 922 1125 exercitabant.
939 1099 990 1130 Qui

216 1137 306 1160 autem
329 1135 375 1162 alii
393 1142 453 1171 post
469 1139 538 1166 alios
562 1146 791 1175 supervenerunt,
817 1150 998 1178 quascunque

214 1185 258 1205 res
279 1179 405 1208 volebant
417 1182 562 1217 abstulere,
577 1192 608 1212 ac
628 1185 726 1214 divites
741 1193 898 1216 evaserunt.
914 1190 997 1217 Erant

214 1229 306 1251 autem
325 1226 467 1255 rudissimi
493 1230 593 1264 ingenii
614 1235 641 1259 et
659 1233 776 1260 maxime
792 1239 919 1269 agrestis.
938 1236 990 1268 Qui

214 1278 297 1304 porro
313 1277 476 1301 mercaturae
492 1275 623 1303 faciendae
645 1278 732 1312 gratia
751 1278 895 1313 prodibant
906 1285 932 1307 et
948 1289 996 1315 pro

213 1316 387 1346 facultatibus
399 1327 526 1355 maguum
543 1327 586 1348 aut
599 1330 711 1356 parvum
724 1324 767 1351 ubi
779 1325 842 1359 quid
853 1326 994 1360 acquirere

214 1368 354 1397 poterant,
372 1373 457 1399 parvo
473 1369 595 1394 contenti
614 1376 656 1396 res
673 1370 705 1396 ad
723 1371 805 1396 vitam
825 1373 996 1400 necessarias

213 1414 349 1438 enterunt.
381 1411 411 1437 ln
428 1420 482 1446 quo
502 1413 644 1440 sciendum
659 1419 700 1441 est
719 1416 791 1449 quod
806 1423 902 1442 aurum
919 1417 995 1450 dupli

213 1455 293 1488 pretii
309 1461 378 1488 erat,
400 1463 541 1491 argentum
558 1459 717 1493 multiplicis
743 1461 871 1494 ponderis
889 1469 919 1488 ac
932 1469 993 1496 pre-

214 1501 244 1527 tii
261 1502 426 1529 aestimatum
445 1510 506 1530 eum
527 1505 646 1531 nummis
665 1508 744 1533 mrcis
762 1508 994 1535 commutabatur.

212 1547 269 1574 Nv-c
286 1547 359 1578 libri.
373 1556 490 1583 quorum
506 1549 615 1584 jactura
631 1552 778 1580 litteratum
795 1554 931 1581 hominem
948 1562 996 1589 pe-

212 1594 286 1620 nitus
311 1594 430 1628 afﬂigere
459 1601 561 1630 posset,
595 1604 644 1624 nec
676 1603 763 1626 vestes
790 1599 890 1634 quibus
916 1599 997 1627 Seres

212 1646 266 1673 prae
281 1640 411 1668 omnibus
431 1642 562 1675 gaudent.
586 1650 635 1670 nec
651 1651 733 1678 opera
759 1645 863 1672 textilia
880 1653 996 1672 aranea-

213 1691 272 1710 rum
289 1685 350 1711 telis
370 1688 566 1721 comparanda,
586 1693 613 1714 et
626 1692 674 1715 aut
689 1697 749 1722 quae
768 1696 781 1715 ιι
801 1697 892 1716 verme
907 1691 994 1717 artili-

211 1737 242 1756 ce
257 1738 272 1756 e
297 1731 370 1758 tenui
390 1732 434 1758 lilo
454 1732 639 1760 conficiuntur
657 1734 786 1762 homines
809 1736 943 1764 barbaros
965 1741 992 1764 et

212 1776 333 1803 omnium
354 1777 546 1806 delicatiorum
569 1781 678 1814 ignaros
714 1789 823 1809 movere
846 1788 991 1817 poterant;

213 1828 300 1855 quare
312 1823 365 1850 ista
382 1824 475 1851 omnia
490 1825 536 1852 vili
552 1826 642 1861 pretio
656 1827 803 1854 vaznibaut.

246 1962 450 1991 136..Fuerunt
475 1964 522 1999 qui
545 1964 637 1992 vinum
660 1970 845 2000 pervetustum
871 1973 904 1993 eo
919 1966 992 2001 quod
1007 1969 1028 1998 (ζ

209 2008 300 2035 minus
322 2008 401 2036 dulce
436 2013 495 2036 erat
525 2014 553 2037 et
584 2010 695 2037 odorem
723 2011 884 2038 medicatum
917 2019 990 2040 ama-

209 2061 304 2081 rumve
328 2053 476 2086 indicabat,
501 2061 661 2090 respuerent
682 2063 736 2083 non
762 2057 889 2084 obstante
921 2059 994 2085 salu-

208 2101 309 2128 britate
324 2108 405 2134 quam
422 2101 578 2128 hominibus
592 2103 742 2136 praesertim
760 2104 911 2131 vulneratis
925 2105 992 2132 οπο-

208 2146 295 2172 rebat.
314 2146 400 2180 Igitur
411 2146 455 2173 hic
467 2148 589 2181 optimus
601 2148 688 2182 liquor
698 2150 896 2176 contumeliose
905 2150 992 2177 eﬂuu-

208 2191 334 2223 debatur.
349 2200 399 2220 nec
416 2193 499 2221 ullius
510 2202 575 2222 usus
591 2195 624 2222 ad
641 2197 752 2223 morbos
763 2198 900 2224 sanandos
917 2202 988 2225 erat.

209 2235 284 2263 llane
300 2238 335 2264 ob
359 2245 470 2265 causam
500 2239 526 2265 in
555 2247 698 2267 murorum
722 2241 842 2268 circuitu
869 2243 992 2276 sepultor

208 2291 261 2310 non
270 2284 457 2311 inveniebatur
468 2292 475 2317 ;
486 2284 539 2311 huc
550 2285 617 2312 adde
627 2286 697 2320 quod
710 2287 843 2314 vulnerati
852 2287 988 2315 innumeri

208 2334 324 2357 mortem
338 2331 534 2365 promittebant
551 2337 577 2359 et
594 2333 784 2367 sepelientium
796 2333 907 2361 brachia
920 2335 992 2362 mul-

209 2381 265 2403 tum
288 2377 474 2411 requirebant.
499 2378 570 2410 Quot
587 2379 684 2407 domos
708 2379 746 2406 illi
771 2380 905 2408 vulnerati
924 2389 990 2409 eva-

209 2423 379 2450 euaverunt!
401 2423 446 2450 Sic
471 2428 497 2450 et
516 2425 608 2451 vinum
627 2430 764 2453 vetustum
790 2425 935 2457 funeralia.
961 2431 990 2455 ut

207 2468 246 2495 ita
262 2468 362 2501 dicam,
377 2469 471 2502 subiit,
485 2473 579 2505 utpote
594 2472 666 2506 quod
680 2477 707 2498 et
722 2471 810 2507 ipsum
823 2480 884 2500 eum
899 2473 932 2501 iis
942 2474 988 2509 qui

207 2513 242 2540 ob
256 2513 317 2548 ejus
341 2516 490 2542 carentiam
512 2517 681 2550 aagrotabant
705 2523 906 2545 commortuum
933 2523 988 2546 est.

205 2559 311 2587 Recens
324 2568 389 2588 vero
405 2565 485 2589 natus
496 2562 666 2595 subsiliebat,
683 2563 802 2598 agitatus
813 2567 840 2590 et
861 2563 985 2598 bulliens,

206 2609 234 2633 et
247 2607 303 2633 hac
314 2606 438 2634 ebullitio
455 2607 483 2634 in
498 2607 653 2636 bibentibus
673 2609 750 2642 quasi
767 2609 847 2636 mina:
861 2609 888 2636 in
903 2610 986 2637 vitam

204 2651 414 2678 condemnatam
437 2657 527 2680 erant.
555 2653 607 2685 Qui
636 2654 708 2679 enim
735 2653 781 2679 illo
808 2653 870 2680 vino
891 2653 985 2688 repleti

204 2701 296 2731 postea
316 2697 414 2724 Lethes
430 2698 568 2733 potionem
585 2706 600 2725 ιι
621 2698 708 2725 Morte
723 2699 840 2726 oblatam
858 2700 987 2727 bibebant

205 2750 261 2770 non
276 2743 445 2771 nostratibus
470 2749 574 2771 tantum
593 2744 684 2780 (quod
701 2746 791 2772 dicere
807 2746 917 2781 juvat),
935 2746 982 2773 sed

205 2789 339 2824 pmcipne
368 2790 482 2823 Latinis,
503 2791 611 2825 quando
637 2800 702 2820 uvas
733 2793 856 2820 manibus
879 2800 985 2827 preme-

204 2833 269 2860 ltaut
297 2839 323 2862 et
351 2840 470 2863 mustum
501 2837 659 2871 sorbebant,
679 2844 711 2865 ne
735 2838 861 2873 primitiae
886 2839 986 2866 inam-

1087 918 1150 953 ρλε’.
1172 919 1277 952 Λινέοις
1300 921 1364 955 γοῦν
1385 917 1554 954 σπειράμασι
1577 916 1623 943 καὶ
1645 915 1766 945 σακκίοις
1787 915 1836 943 καὶ

1052 968 1162 1003 ῥάκεσιν
1177 967 1267 999 ἀγαθὰ
1283 967 1330 994 καὶ
1347 966 1432 992 πολλὰ
1449 966 1495 991 καὶ
1509 964 1587 998 τίμια
1604 963 1749 997 ἐγκείμενα
1767 964 1835 998 πρὸς

1051 1011 1108 1046 ἔριν
1123 1011 1316 1046 ἀναλεγόμενοι
1326 1030 1333 1042 ,
1349 1010 1383 1037 τὰ
1400 1010 1447 1045 μὲν
1461 1009 1535 1036 ἔνδον
1550 1009 1726 1043 ἐξερρίπτουν
1736 1028 1744 1039 ,
1760 1008 1836 1035 ἀνοί-

1051 1064 1144 1089 γοντες
1157 1055 1190 1082 τὰ
1202 1056 1256 1082 τῶν
1269 1056 1384 1089 ἀγγείων
1398 1056 1528 1088 στόματα,
1541 1055 1587 1080 καὶ
1603 1055 1769 1081 συνεπάτουν
1780 1063 1787 1070 ·
1799 1055 1835 1080 τὰ

1017 1118 1036 1144 Β
1050 1101 1078 1127 δὲ
1094 1097 1189 1137 ἀχρεῖοι
1203 1102 1294 1136 ὄοχεῖα
1308 1103 1346 1133 εἰς
1361 1101 1476 1132 κόλπους
1493 1100 1644 1134 παρέϐυον,
1661 1100 1782 1127 όῦολιαϊα
1796 1100 1835 1132 ὡς

1048 1147 1083 1173 τὰ
1096 1147 1178 1173 πολλὰ
1193 1147 1266 1173 ὂντα.
1281 1147 1334 1173 Καὶ
1345 1146 1460 1172 τοιοῦτοι
1474 1145 1524 1179 μὲν
1535 1146 1558 1171 οἱ
1573 1145 1679 1177 πλείους
1691 1145 1724 1171 τὰ
1736 1145 1834 1180 πρῶτα

1049 1194 1078 1219 ιν
1099 1194 1174 1228 ἀκμῇ
1195 1193 1245 1227 τῆς
1268 1192 1404 1227 ἁρπαγῆς.
1424 1192 1597 1222 Ἐπελϐόντες
1618 1191 1645 1217 δὲ
1667 1192 1690 1218 οί
1713 1191 1771 1226 μετ’
1786 1193 1835 1218 αὐ-

1048 1239 1127 1271 τοὺς,
1145 1239 1191 1265 καὶ
1206 1239 1230 1265 οἱ
1247 1239 1306 1273 μετ’
1318 1238 1438 1268 ἐκείνους
1453 1237 1503 1268 ἔτι,
1519 1237 1691 1272 ὲφορτίζοντο
1704 1237 1737 1263 τὰ
1753 1237 1834 1271 ἐγκε-

1049 1285 1153 1320 χυμένα
1171 1284 1257 1317 καλὰ⁷
1275 1284 1321 1310 καὶ
1342 1282 1455 1309 πλοῦτον
1473 1281 1624 1316 συνέλεγον.
1635 1280 1726 1309 *Ησαν
1741 1282 1768 1309 δὲ
1785 1283 1833 1310 καὶ

1050 1330 1127 1357 αὐτοὶ
1146 1329 1268 1363 ἀγεννεῖς
1290 1328 1425 1362 ἄγροικοι,
1444 1327 1490 1353 καὶ
1510 1326 1586 1353 οὐδὲν
1605 1327 1712 1353 ἀστεῖον
1730 1335 1831 1353 πεπαιο

1045 1374 1180 1409 δευμένοι.
1196 1375 1257 1405 Τοῖς
1274 1373 1339 1407 γοῦν
1355 1373 1414 1399 κατ’
1428 1372 1562 1407 ὶμπορίαν
1577 1373 1811 1407 παρατετυχηκόσι
1822 1393 1829 1405 ,

1046 1420 1093 1446 καὶ
1111 1420 1167 1446 εἴτε
1184 1419 1345 1454 ἰσχνότερον,
1361 1417 1378 1452 ἢ
1397 1416 1465 1451 πρὸς
1485 1416 1570 1451 πάχος
1587 1417 1745 1449 δυναμένοις
1763 1417 1827 1443 κτῶ

1048 1463 1109 1490 σθαι
1122 1463 1156 1489 τὰ
1170 1462 1362 1497 ὲμπολώμενα,
1379 1461 1464 1496 βραχύ
1479 1470 1504 1487 τι
1519 1461 1713 1495 λαμϐάνοντες,
1731 1463 1829 1496 κατήλ-

1047 1510 1143 1536 λαττον
1155 1509 1189 1535 τὰ
1201 1508 1240 1543 τῷ
1254 1507 1304 1543 βίῳ
1315 1507 1404 1541 τίμια.
1418 1507 1471 1533 Καὶ
1484 1506 1540 1532 ἔστι
1556 1506 1660 1542 μαθεῖν,
1672 1507 1709 1538 ὡς
1721 1507 1829 1539 διπλοῦς

1049 1556 1098 1591 μὲν
1111 1555 1125 1582 ό
1139 1555 1248 1590 χρυσὸς,
1261 1553 1309 1581 όδὲ
1320 1555 1438 1589 ἄργυρος
1452 1554 1499 1581 καὶ
1512 1555 1553 1585 είς
1569 1554 1738 1581 πολλαπλοῖω
1747 1563 1830 1589 πονη-

1049 1602 1105 1635 ροῖς
1128 1602 1167 1632 είς
1195 1601 1321 1635 ἄλλαγμα
1344 1599 1480 1635 χαλκείοις
1499 1599 1616 1634 προῖετο.
1635 1600 1724 1626 Βίϐλοι
1741 1599 1780 1633 δὲ,
1797 1599 1829 1631 ἃς

1048 1646 1227 1678 ἀπολωλεκώς
1240 1656 1281 1678 τις
1295 1647 1418 1674 δάκνοιτο
1433 1646 1466 1672 ἂν
1477 1646 1527 1681 τὴν
1539 1646 1628 1680 ψυχὴν
1640 1645 1684 1672 διὰ
1698 1645 1766 1680 βίου,
1783 1646 1830 1672 καὶ

1048 1693 1148 1727 φάρεα,
1164 1690 1204 1724 οἷς
1221 1693 1273 1728 πρὸ
1287 1693 1340 1720 τῶν
1354 1693 1441 1720 ἄλλων
1458 1693 1613 1728 φιληδοῦσιν
1627 1693 1651 1718 ol
1670 1692 1766 1727 Σῆρες,
1783 1693 1830 1718 καὶ.

1047 1738 1129 1764 λοιπὰ
1149 1738 1218 1773 ἔργα
1237 1739 1322 1770 ίοτοῠ,
1341 1736 1382 1769 οἷς
1403 1738 1529 1773 ἀραχνῶν
1550 1738 1627 1772 μίτος
1648 1737 1764 1772 ἐρίσειεν
1784 1736 1828 1768 ἂν,

1047 1785 1094 1811 καὶ
1108 1785 1158 1811 ὅσα
1171 1784 1200 1810 δὲ
1217 1784 1293 1819 ῥίζαν
1308 1784 1441 1818 γενέσεως
1456 1784 1570 1818 φέρουσι
1579 1782 1729 1817 σκώληκα,
1746 1783 1830 1817 ἐργά-

1046 1837 1095 1864 την
1118 1829 1252 1864 τρυφεροῦ
1279 1829 1449 1864 μηρὺματος,
1472 1828 1526 1854 οὐδ’
1541 1828 1610 1854 αὐτὰ
1632 1828 1736 1862 ὲφολκὰ
1759 1826 1830 1863 ἦσαν

1043 1876 1098 1906 τοῖς
1122 1875 1205 1910 μηδὲν
1224 1875 1306 1902 εἰδόσι
1329 1875 1419 1907 καλὸν,
1441 1873 1509 1900 ἀλλὰ
1532 1873 1768 1908 παρερῥιπτοῦντο
1787 1873 1830 1900 εἰ·

1042 1922 1120 1949 καίου
1136 1923 1302 1957 τιμήματος.

1083 1968 1152 2003 ρλς¹.
1172 1969 1238 2004 Παρ²
1251 1967 1291 2000 οἷς
1307 1969 1352 1996 καὶ
1365 1971 1379 1996 ό
1392 1970 1528 2006 τριγέρων
1542 1968 1611 2004 οἶνος
1627 1971 1670 1997 διὰ
1685 1971 1714 1998 τὺ
1729 1970 1812 2004 ἀγλευ

1043 2014 1089 2046 κὲς
1106 2014 1270 2047 ὲξουθενεῖτο
1283 2035 1290 2046 ,
1308 2013 1350 2041 οἷα
1368 2017 1413 2042 καί
1431 2024 1457 2042 τι
1476 2017 1621 2052 φάρμακον
1637 2017 1687 2043 οὐκ
1705 2015 1806 2049 ἀγαθόν
1817 2022 1827 2030 '

1041 2062 1097 2088 οἴου
1112 2062 1143 2097 δὴ
1158 2063 1230 2088 οῐνου
1247 2062 1324 2097 χρεία
1340 2064 1385 2089 κα)⁸
1402 2064 1520 2098 μάλιστα
1534 2063 1568 2100 ἦν
1582 2065 1616 2091 τά
1631 2073 1660 2089 τε
1675 2064 1742 2090 ἄλλα
1753 2083 1760 2094 ,
1779 2063 1828 2090 καὶ

1041 2107 1086 2134 διὰ
1102 2108 1163 2139 τοὺς
1182 2108 1210 2134 ὲν
1227 2109 1355 2143 πληγαῖς.
1373 2109 1506 2144 Ἐξεχείτο
1524 2110 1576 2144 γὰρ
1592 2109 1622 2135 τὸ
1639 2109 1719 2135 καλὸν
1736 2109 1827 2134 ἐκεῖνο

1042 2153 1139 2187 ὑγρὸν,
1157 2154 1194 2184 ὡς
1210 2155 1249 2185 είς
1267 2154 1406 2188 ποταμούς
1419 2162 1425 2170 '
1443 2155 1504 2180 ὅθεν
1520 2154 1581 2180 οὔτε
1599 2155 1679 2185 αὐτὸς
1694 2152 1745 2189 ἦν,
1763 2155 1826 2181 οὔτε

1040 2206 1067 2223 τι
1083 2198 1230 2224 ἀκόλουθον
1248 2198 1396 2232 μάλαγμα,
1415 2198 1476 2225 οὔτε
1493 2199 1506 2225 ό
1524 2199 1585 2226 καθ’
1598 2199 1691 2235 είρμὺν
1709 2200 1825 2227 κατάδε-

1043 2251 1118 2276 σμος.
1131 2243 1231 2278 Διόπερ
1243 2243 1273 2269 οὐ
1288 2244 1366 2278 μόνον
1378 2244 1469 2280 κύκλῳ
1482 2245 1527 2271 τοῦ
1540 2245 1646 2280 τείχους
1657 2246 1710 2272 τῶν
1721 2247 1825 2282 νεκρῶν

1040 2289 1189 2323 κειμένων,
1206 2289 1253 2316 καὶ
1270 2290 1334 2325 περὶ
1351 2290 1462 2325 σύμπαν
1480 2291 1507 2317 δὲ
1524 2291 1552 2317 τὺ
1570 2291 1616 2318 τοῦ
1634 2292 1754 2318 τοιούτου
1773 2293 1807 2318 κύ

1039 2336 1103 2361 κλου
1118 2335 1244 2370 ὲμόαδὸν,
1257 2336 1307 2362 οὐκ
1320 2333 1353 2371 ἦν
1364 2337 1376 2362 ὁ
1388 2337 1498 2363 ϐάπτων
1507 2346 1514 2352 ·
1528 2338 1594 2364 ἀλλὰ
1603 2338 1650 2364 καὶ
1662 2339 1685 2364 οί
1702 2338 1824 2372 πεπληγ-

1041 2381 1116 2416 μένοι
1146 2382 1304 2416 προσθήκην
1326 2382 1434 2408 ἐποίουν
1458 2383 1496 2417 τῷ
1517 2383 1582 2419 ᾄδῃ,
1605 2385 1651 2410 καὶ
1674 2385 1822 2418 πράγματα

1039 2426 1202 2460 προὺξὲνουν
1215 2428 1269 2459 τοῖς
1284 2427 1441 2455 θάπτουσιν.
1454 2429 1486 2455 Ὢ
1500 2429 1564 2462 γοῦν
1577 2430 1641 2460 ὅσας
1655 2429 1821 2461 ἐξεκένωσειν

1038 2473 1125 2504 οἰκίας
1141 2475 1187 2499 καὶ
1201 2474 1225 2500 οἱ
1242 2475 1407 2508 τραυματίαι
1418 2494 1424 2506 ,
1441 2475 1510 2502 κατὰ
1526 2475 1668 2510 πολυμερῆ
1686 2477 1822 2511 ποσότητα

1038 2519 1225 2551 ἐκλείποντεςί
1244 2521 1298 2548 Καὶ
1317 2520 1387 2547 οὕτω
1410 2521 1458 2555 μὲν
1475 2521 1489 2547 ό
1507 2522 1595 2556 γέρων
1611 2520 1682 2552 οἶνος
1701 2523 1821 2556 ἐκφορὰν

1037 2564 1132 2597 ἔπαθε,
1146 2565 1333 2600 συντεθνηκὼς
1345 2563 1399 2592 οἷον
1411 2567 1457 2592 καὶ
1470 2566 1550 2598 αὐτὸς
1562 2568 1618 2598 τοῖς
1632 2567 1819 2593 κινδυνεύσασι

1037 2611 1098 2637 κατ’
1112 2612 1214 2639 ἔνδειαν
1231 2612 1324 2639 αὐτοῦ.
1342 2612 1373 2638 Ὀ
1392 2612 1419 2638 δὲ
1437 2612 1543 2646 νεογνὺς
1562 2613 1713 2647 ὑπεσκίρτα
1725 2633 1732 2643 .
1749 2613 1819 2644 ζέων

1038 2657 1084 2683 καὶ
1101 2657 1282 2692 βραττόμενος
1296 2666 1303 2673 ·
1319 2659 1365 2684 καὶ
1379 2658 1409 2684 τὸ
1427 2658 1536 2693 βράομα
1551 2657 1585 2694 ἦν
1599 2660 1655 2689 τοῖς
1671 2659 1819 2693 προσιεμέ-

1037 2711 1091 2732 νοις
1104 2704 1173 2729 καθὰ
1186 2703 1231 2729 καί
1243 2712 1268 2730 τι
1281 2703 1418 2738 ὲμὸόημα,
1433 2705 1477 2730 καὶ
1491 2704 1589 2739 ἀπειλὴ
1602 2704 1658 2738 βίου
1672 2705 1818 2737 ὐπεξαγω-

1036 2749 1097 2782 γῆς.
1117 2749 1147 2774 0!
1166 2750 1218 2783 γὰρ
1236 2749 1330 2775 τούτου
1351 2751 1606 2784 ὑποπιμπλάμενοι,
1625 2749 1683 2776 εἶτα
1703 2750 1749 2776 τοῦ
1767 2751 1817 2784 τῆς

1036 2793 1121 2828 λήθης
1141 2793 1230 2819 Ξπινπν
1249 2794 1384 2828 πόματος,
1402 2795 1415 2820 ὃ
1437 2795 1549 2826 θάνατος
1570 2796 1695 2829 οἰνοχοεῖ,
1713 2795 1744 2820 οὑ
1760 2796 1819 2827 τοῖς

1040 2839 1181 2874 ἡμετέροις
1198 2840 1297 2874 μόνοις,
1311 2840 1368 2867 ἀλλ’
1385 2840 1415 2875 (ὃ
1432 2842 1476 2866 καὶ
1493 2841 1635 2875 προφέρων
1648 2840 1687 2875 τῷ
1700 2840 1816 2874 στόματι
