1962 3087
125 111 176 144 133

497 115 545 144 DE
559 115 842 148 THESSALONICA
862 120 965 151 URBE
986 123 1010 152 A
1029 122 1184 154 LATINIS
1203 125 1330 156 CAP'I‘A.

1695 123 1745 156 134

124 172 228 208 χαίρω)
243 173 289 201 καὶ
308 174 424 208 μάλιστα
440 174 494 206 τοῖς
510 175 635 207 Λατίνοις
647 184 654 191 ·
669 174 709 207 οἷς
729 178 799 212 μέγα
815 187 841 204 τι
860 188 902 205 κα-

965 179 1060 214 pltoris
1074 181 1276 209 delitescerent.
1290 181 1344 209 Nos
1366 182 1475 217 quidem
1488 181 1550 209 huic
1560 183 1624 209 vino
1641 181 1745 210 fervido

123 222 167 248 λδν
181 222 262 254 αὐτὸς
276 223 408 258 ἐκρίνετο,
422 223 479 257 ἅμα
494 223 650 255 ἐκπιέζουσι
664 224 740 258 χερσὶ
755 224 903 257 σταφυλὰς,

125 267 172 292 καὶ
188 267 298 302 ροφοῦσι
313 267 407 302 χανδὸν
419 267 449 293 τὸ
464 267 632 298 νεόνολιπτον,
648 268 690 294 ἵνα
706 269 773 302 μηδὲ
786 270 845 299 ταῖς
862 270 906 296 λα-

125 311 217 345 γύνοις
234 312 366 346 πρωτείου
383 311 514 346 ὑποδοχῆς
532 313 719 347 ἑκχωρὴσωσι.
737 314 789 340 Καὶ
802 314 906 347 ὀφείλο-

127 365 176 390 μεν
192 358 270 391 ἡμεῖς
285 356 323 391 τῷ
338 358 449 392 τοιούτῳ
467 357 622 393 βρασματίᾳ
639 359 702 393 οἴνῳ
717 359 846 394 χάριτας,
862 357 905 386 οἷα

127 402 398 436 προσεταιρισαμένη)
420 403 490 428 κατὰ
509 403 631 429 Λατίνων
653 404 698 430 τὸν
721 404 853 431 θάνατον·
875 405 905 431 ὃν

126 445 281 480 ὲπώτρυνεν
296 447 386 477 αὐτοῖς
402 448 448 474 καὶ
462 448 495 473 τὰ
512 447 572 474 ὕεια
588 448 655 482 κρέα
666 469 673 481 ,
688 447 728 480 οἷς
744 451 793 481 τὰς
808 451 908 482 γαστέ-

127 501 177 527 ρας
192 491 338 526 πλησμίως
352 492 478 519 ἔσαττον·
496 493 567 520 οὕτω
581 494 607 520 δὲ
622 496 669 521 καὶ
683 495 716 521 τὰ
732 496 762 521 ὲκ
779 495 848 530 βοῶν
863 497 909 522 καὶ

125 539 160 564 τὰ
180 538 250 564 καλὰ
271 538 395 572 σκόροδα,
415 538 448 565 δι’
462 536 499 566 ὧν
520 540 534 564 ὸ
556 540 616 566 καθ’
631 541 700 574 ἡμᾶς
722 541 822 575 κλῆρος
843 541 910 568 ἰσώ-

126 583 198 615 ξετο,
212 583 391 617 καταψάλλων
404 584 449 610 καὶ
464 584 662 619 καρπιζόμενος
675 586 708 611 τὰ
721 585 749 615 ἐς
763 586 846 620 ζωὴν,
863 587 908 612 καὶ

960 226 1061 259 gratias
1075 227 1108 254 ob
1119 228 1145 254 id
1161 228 1302 260 debemus,
1319 230 1390 262 quod
1402 229 1508 256 Latinis
1522 233 1635 255 mortem
1654 229 1741 262 dedit,

960 271 1039 297 simul
1058 279 1120 298 eum
1136 280 1218 300 carne
1241 274 1363 307 porcina.
1375 275 1475 308 quibus
1491 280 1610 301 ventrem
1631 274 1744 303 inferae-

960 319 1036 347 rnnt,
1053 322 1083 343 ut
1106 323 1133 343 et
1148 317 1258 346 bubulis
1277 325 1304 345 et
1321 320 1403 350 alliis.
1417 320 1517 353 quibus
1542 320 1632 346 clerus
1649 325 1744 347 noster

960 362 1032 390 inter
1047 363 1217 397 psallendum
1240 369 1267 392 et
1287 366 1387 392 victum
1406 366 1551 400 qnzercndo
1567 367 1742 394 sustentaba-

961 411 1015 440 tur,
1029 413 1055 435 et
1071 409 1110 435 sic
1125 409 1272 437 homicidia
1288 412 1413 445 puniens,
1425 412 1524 446 quibus
1540 412 1585 439 isti
1598 414 1624 438 in
1637 417 1744 439 nostra-

959 456 1001 480 trs
1017 454 1174 486 sievierunt,
1188 455 1282 482 beatos
1295 456 1417 484 dicentes
1432 465 1484 484 non
1499 457 1584 491 ipsos,
1602 457 1649 484 sed
1668 464 1742 484 mor-

957 498 1017 532 bos,
1032 499 1086 525 imo
1100 504 1213 528 mortem
1227 501 1347 528 Gadibus
1361 503 1507 536 invectam,
1526 504 1597 538 apud
1610 510 1679 538 quos
1695 503 1739 530 in-

959 541 1053 570 fernus
1070 543 1268 578 ltouorabatur.
1290 546 1350 573 licet
1367 547 1394 574 in
1408 549 1541 582 tragmdia
1557 555 1630 576 mors
1648 553 1740 583 grates

959 593 1076 621 ignoret.

127 628 197 655 οὕτω
232 629 388 663 τιννύμενος
417 630 479 661 τοὺς
508 630 616 664 φόνους,
634 628 673 661 οἷς
693 632 791 657 ἐκεῖνοι
821 631 884 662 τοὺς
901 632 1055 669 ἡμετέρους
1080 636 1237 672 ὶνέρριψαν,
1262 637 1308 664 καὶ
1336 639 1530 674 μακαρίζοντες
1556 639 1606 666 οὐκ
1631 640 1740 672 αὐτοὺς,

127 674 195 701 ἀλλὰ
212 675 260 721 τῂν
278 675 370 721 νόσον,
389 676 438 711 ἥδη
451 676 487 721 se
509 685 560 703 που
581 677 628 703 καὶ
645 677 689 703 τὸν
707 677 819 704 θάνατον
838 677 909 703 κατὰ
939 680 1003 712 τοὺς
1019 681 1074 708 ἀπὸ
1091 682 1238 718 Γαδείρων,
1255 683 1320 718 παρ’
1336 681 1376 716 οἷς
1399 685 1413 711 ό
1438 684 1505 720 ᾅδης
1533 686 1705 721 ὲκτετίμητο,
1716 687 1741 712 εἰ

127 721 175 747 καὶ
188 720 324 754 μηδεμίαν
341 721 420 755 χάριν
437 718 491 747 οἶδε
503 721 617 753 θάνατος
631 722 702 748 κατὰ
718 723 763 748 τὸν
779 722 928 757 τραγῳδόν.

163 767 228 800 ρλζ’.
247 768 300 794 Τὸν
327 768 355 794 δὲ
380 769 476 803 συχνὸν
500 769 596 795 τοῦτον
619 770 763 796 Λατινικὺν
784 770 909 797 θάνατον

125 814 206 844 αὐτὸς
233 814 247 840 ὁ
268 814 418 845 Ἀλδουῖνος
444 815 592 849 ὲτράνωσε,
612 816 764 850 περίλυπος
787 816 908 851 φάμενος

996 774 1058 802 157.
1089 774 1256 805 Numerosas
1289 778 1450 806 Latinorum
1476 783 1579 807 mortes
1604 779 1741 808 Alduinus

959 819 1058 847 diserte
1077 823 1208 855 narravit,
1223 829 1320 851 mtesto
1343 825 1434 852 animo
1450 825 1572 853 referens
1584 826 1645 860 plus
1658 833 1740 860 quam

126 859 196 893 ὑπὲρ
220 859 341 894 χιλιάδας
358 861 435 894 τρεῖς
452 861 578 894 μεγάλων
593 861 685 893 αὐτοῖς
708 862 860 897 ἀνθρώπων
875 865 902 890 ἐκ

960 867 1011 893 tria
1029 866 1111 894 millia
1125 868 1245 896 virorum
1259 871 1458 904 praecipuoer
1472 879 1505 898 eo
1524 871 1620 898 morbo
1635 871 1743 898 exstin-

125 905 204 932 νόσου
220 907 324 932 πεσεῖν.
334 906 424 940 Σωρὸς
436 903 514 937 οὗτος
527 906 592 941 ἡδὺς
602 908 680 942 ἡμῖν,
694 908 718 934 εί
732 909 778 934 καὶ
793 909 830 943 μὴ
845 909 908 935 ἀντ-

125 952 226 985 εσήκου
249 952 316 986 πρὸς
336 952 384 986 τὴν
401 952 431 984 ἐξ
446 952 522 986 ἡμῶν
548 953 668 988 στοιϐήν.
684 953 906 989 Συναριθμουμέ-

124 1006 176 1024 νων
193 997 220 1023 δέ
238 1006 268 1031 γε
288 999 335 1024 καὶ
349 998 404 1024 τῶν
420 999 448 1024 ὲν
470 998 580 1032 πολέμῳ
590 1000 784 1032 πεπτωκότων,
796 999 906 1034 εῖχομεν

125 1042 302 1078 παραμυθίαν
316 1043 438 1071 πλείονα.
457 1044 488 1071 '0
500 1044 580 1076 αὐτὸς
593 1045 648 1079 γὰρ
667 1045 828 1080 αἰτιώμενος
839 1047 905 1074 ἄλο-

122 1097 170 1122 γον
182 1089 359 1116 ἀντιστασίαν
374 1089 463 1124 ἡμῶν,
478 1091 523 1116 καὶ
537 1089 638 1126 ζημίαν
654 1091 779 1118 ἐντεῦθεν
792 1092 838 1119 τοῦ
855 1094 906 1128 ῥη-

122 1135 180 1169 γδς,
201 1135 423 1170 ἐξετραγῴδησεν
444 1136 512 1170 ὑπὲρ
537 1137 704 1172 τρισχιλίους
730 1139 824 1164 πεσεῖν
852 1139 905 1166 ὑπὸ

121 1181 175 1207 τῶν
190 1182 221 1207 ὲκ
235 1181 282 1207 τοῦ
296 1181 402 1216 τείχους
412 1181 464 1214 ἔξω
476 1183 730 1218 καταπεμπομὲνων
745 1185 829 1218 βελῶν
844 1185 905 1219 δίχα

122 1235 154 1261 γε
167 1228 221 1254 τῶν
234 1228 263 1254 ὲν
281 1229 435 1263 προνομαῖς
450 1229 616 1260 πιπτόντων,
631 1229 647 1264 ἢ
664 1230 711 1255 καὶ
726 1229 824 1262 ἄλλως,
840 1230 877 1261 ὡς
891 1232 905 1257 ὁ

121 1274 168 1300 τοῦ
185 1273 304 1309 πολέμου
320 1274 403 1305 κύϐος
417 1275 542 1309 ὲρῤιπτε,
560 1275 609 1301 καὶ
625 1275 638 1301 δ
652 1276 702 1310 τῆς
715 1276 794 1310 δίκης
808 1276 905 1311 τροχὸς

123 1319 292 1351 κατεκύλιεν,
318 1319 456 1354 εὖστροφα
479 1320 852 1355 περιφερόμενος..Πολλοὺς
876 1322 904 1348 δὲ

123 1365 171 1393 καὶ
192 1365 270 1400 λιμὸς
289 1365 408 1400 ἀπῆγεν.
433 1365 657 1401 Ἐστενοχωρεῖτο
680 1366 736 1402 γὰρ
759 1368 807 1393 καὶ
828 1367 904 1402 σφίσι

121 1412 155 1438 τὰ
176 1412 324 1445 ἀναγκαῖα.

157 1457 224 1492 ρλη’.
245 1458 300 1484 Καὶ
316 1457 401 1488 οὕτως
416 1459 481 1493 ἡμῖν
501 1458 717 1485 ὲπεσταλάττετο
738 1459 838 1494 νέκταρ
851 1468 904 1486 πα-

122 1502 258 1536 ραμυθίας
274 1505 307 1538 τῇ
323 1503 528 1530 ὐποκαταδάσει
544 1505 594 1539 τῆς
612 1504 743 1538 πολεμίου
760 1506 901 1539 στρατιᾶς.

959 917 1018 940 ctos
1032 921 1114 945 esse:
1140 915 1186 949 qui
1205 923 1337 943 numerus
1357 916 1435 944 nobis
1450 909 1502 943 non
1520 916 1656 951 displicet,
1677 916 1741 943 licet

960 959 993 985 de
1011 960 1112 986 nostris
1126 967 1180 987 non
1199 961 1288 988 minus
1304 962 1380 988 multi
1399 962 1549 996 perierunt.
1564 961 1642 994 Quod
1656 962 1678 989 si
1692 969 1739 988 eo-

960 1013 1020 1032 rum
1036 1006 1081 1040 qui
1095 1007 1122 1033 in
1135 1007 1235 1041 prasliis
1253 1008 1412 1035 ceciderunt
1428 1012 1585 1041 computum
1604 1008 1720 1034 facimus
1731 1028 1739 1040 ,

959 1058 1014 1078 nou
1031 1059 1127 1086 parum
1140 1053 1340 1081 consolationis
1364 1054 1456 1081 datur.
1475 1053 1528 1086 Qui
1552 1054 1624 1080 enim
1650 1054 1741 1080 insur-

957 1098 1107 1125 reetiouem
1126 1103 1250 1127 nostram
1273 1099 1299 1126 in
1316 1100 1493 1127 absurditatis
1509 1099 1569 1126 loco
1585 1099 1685 1133 posuit,
1699 1106 1742 1126 ro-

956 1144 997 1178 gis
1018 1143 1166 1171 vindictam
1184 1145 1298 1171 invocari
1310 1152 1322 1172 s
1343 1146 1393 1172 tria
1408 1145 1492 1172 millia
1505 1146 1615 1178 etquod
1633 1145 1740 1172 excedit

957 1190 1019 1216 telis
1035 1197 1050 1217 ο
1076 1198 1156 1217 muro
1179 1190 1312 1225 conjectis
1337 1191 1517 1218 succubuisse
1535 1198 1610 1217 more
1634 1192 1738 1224 tragico

957 1235 1185 1271 refert,exceptis
1198 1237 1232 1263 iis
1246 1236 1292 1271 qui
1306 1237 1376 1263 inter
1389 1235 1611 1263 frumentandum
1627 1240 1673 1262 aut
1690 1235 1739 1262 ali-

958 1287 999 1309 ter
1015 1283 1187 1314 intericrunt,
1213 1286 1294 1317 prout
1313 1282 1376 1309 belli
1394 1282 1450 1309 alca
1468 1282 1560 1315 voluit,
1575 1286 1602 1309 et
1618 1281 1739 1309 fortuna:

959 1333 1018 1354 rota
1033 1328 1133 1362 iugiter
1155 1328 1266 1354 volvens
1281 1328 1427 1361 disposuit.
1449 1328 1546 1355 Multos
1556 1327 1637 1355 etiam
1653 1327 1739 1355 fames

956 1374 1075 1406 necavit,
1087 1375 1210 1401 ciborum
1229 1374 1319 1408 inopia
1343 1379 1495 1408 grassante.

991 1464 1053 1492 138.
1069 1465 1115 1492 Sic
1128 1465 1209 1492 nobis
1224 1469 1318 1492 nectar
1330 1464 1525 1492 consolationis
1540 1471 1573 1490 ex
1583 1462 1738 1490 humilitate

956 1510 1093 1537 exercitus
1122 1510 1247 1543 hostilis,
1274 1518 1355 1545 quam
1378 1509 1468 1536 Latini
1497 1509 1578 1536 nobis
1605 1508 1737 1535 associati

120 1549 153 1584 ἢν
171 1550 195 1576 οἱ
211 1549 306 1581 δεξιῶς
322 1549 497 1583 φιλιωθέντες
511 1551 576 1585 ἡμῖν
587 1550 695 1576 Λατῖνοι
710 1550 835 1586 (πολλοὺς
848 1551 902 1585 γὰρ

958 1555 964 1590 ί
976 1556 1076 1584 multos
1088 1556 1160 1583 enim
1174 1560 1285 1583 nostros
1299 1556 1425 1588 fecimus,
1435 1555 1499 1582 dum
1511 1554 1567 1581 Deo
1580 1557 1655 1589 grata
1670 1560 1737 1587 ope-

121 1595 294 1628 ὑπηγόμιθα,
320 1594 579 1629 πραγματευόμενοι
603 1595 638 1622 τὰ
656 1595 688 1621 ὲκ
707 1594 786 1629 Θεοῦ)
809 1594 903 1626 ἐξεκά-

119 1639 232 1671 λνπτον,
253 1640 323 1675 ὑπὲρ
346 1640 512 1675 ὀγδοήκοντα
525 1640 649 1674 χιλιάδας
672 1640 741 1675 πεζῆ
758 1640 899 1667 ἐπελθεῖν*

118 1681 156 1711 ὧν
181 1685 262 1720 χίλιοι
289 1685 339 1719 μὲν
363 1686 492 1717 πεντάκις
522 1686 671 1720 φερέγγυοι
696 1686 900 1721 ὲμαρτυροῦντο

119 1731 231 1758 ἱππόται
245 1729 326 1762 εἶναι,
341 1731 509 1765 πεντήκοντα
521 1731 623 1766 χιλιάσι
641 1732 808 1766 Ῥωμαϊκαῖς
824 1732 901 1758 ἐναν-

117 1776 173 1803 τίαι
191 1776 261 1802 κατὰ
287 1776 338 1811 τὴν
352 1776 465 1802 ἐκείνων
486 1775 564 1808 δόξαν
584 1777 769 1812 ἁντιδραμεῖν.
789 1777 850 1804 Τῶν
869 1777 898 1803 δὲ

117 1822 220 1850 λοιπῶν
234 1822 259 1848 οί
278 1822 327 1857 μὲν
341 1822 513 1855 ἱπποτοξόται
532 1820 614 1858 ἦσαν,
627 1823 652 1849 οἱ
670 1822 698 1848 δὲ
709 1822 831 1857 ψιλῆται,
851 1822 899 1849 καὶ

117 1868 205 1899 ἄλλως
219 1867 248 1894 δὲ
265 1867 325 1903 μεθ’
341 1867 432 1893 ὃπλων
457 1868 598 1902 χρήσιμοι.
613 1868 800 1903 Συνεπλήρουν
813 1867 842 1894 δὲ
852 1868 898 1894 τὸν

119 1915 204 1942 πολὺν
227 1916 257 1942 ὲν
283 1915 375 1946 αὐτοῖς
403 1915 522 1949 ἀριθμὸν
547 1915 595 1941 καὶ
615 1915 723 1949 ἄνδρες,
747 1915 825 1948 φασὶ,
850 1914 898 1940 τοῦ

121 1961 253 1993 Ῥιζίκου,
273 1960 342 1995 μήτε
362 1960 459 1994 ’διάρια
474 1960 602 1994 λαχόντες
618 1960 716 1986 ικεῖνοι
734 1960 766 1986 ὲκ
784 1959 831 1986 τοῦ
846 1961 897 1994 ρη-

117 2007 176 2040 γδς,
190 2005 253 2041 μήθ’
267 2005 413 2040 ὑπόσχεσιν
424 2013 431 2021 ·
444 2005 711 2037 ἐπακολουθήσαντες
720 2004 749 2030 δὲ
762 2004 800 2038 τῷ
811 2003 898 2038 λοιπῷ

117 2051 236 2087 στρατῷ,
253 2051 280 2076 ει
296 2058 354 2081 πως
371 2050 425 2076 τῶν
439 2050 528 2085 ἔργων
545 2050 745 2084 συναιρόμενοι,
759 2049 792 2076 τὰ
806 2050 838 2076 ὲκ
851 2049 897 2076 τύ-

115 2106 168 2132 χης
184 2097 290 2132 εὕροιεν
306 2096 407 2131 ἀγαθά.
423 2097 479 2123 Καὶ
499 2095 622 2123 τοσοῦτοι
642 2097 692 2130 μὲν
707 2095 737 2122 τὸ
752 2095 844 2127 πεζόν.
860 2096 896 2122 Τὸ

115 2144 144 2170 δὲ
158 2144 296 2175 ναυτικὸν,
315 2143 372 2169 ἀλλ’
388 2143 465 2169 αὐτοὶ
479 2142 552 2176 δῆλοι
564 2143 624 2169 κατ’
636 2142 754 2177 ἀριθμὸν
769 2143 814 2169 τὸν
824 2142 896 2177 ὑπὲρ
910 2167 913 2171 ,

114 2190 254 2220 διακοσίας
267 2189 345 2222 νεῶν,
362 2189 410 2215 σύν
421 2197 453 2222 γε
469 2189 526 2220 τοῖς
543 2190 701 2222 πειραταῖς·
716 2188 741 2214 οἶ
753 2189 799 2214 καὶ
818 2188 895 2216 αὐτοὶ

117 2233 202 2268 μηδὲν
229 2233 343 2267 ρηγικδν
373 2233 492 2268 ἔχοντες,
507 2233 592 2268 τύχης
617 2233 714 2268 δώροις
740 2232 895 2268 ἐπέτρεψαν
913 2226 934 2253 Π

118 2280 232 2311 ἑαυτούς
242 2288 249 2295 ·
265 2280 310 2314 ὑφ’
325 2276 373 2312 ὧν,
391 2280 461 2306 κατὰ
474 2280 525 2314 γῆν
535 2288 563 2305 τε
575 2281 621 2306 καὶ
634 2280 770 2314 θάλασσαν
786 2280 899 2306 πιετάν-

116 2333 171 2351 των
190 2325 273 2360 ἡμᾶς,
285 2311 407 2360 ἐξεθλίϐη
413 2334 461 2359 μεν
535 2325 619 2359 ζωῆς.
630 2326 684 2352 Καὶ
697 2311 725 2352 of
734 2326 782 2360 μὲν
792 2326 898 2360 θανάτῳ

114 2371 358 2406 κατεσπάσθημιν,
381 2371 405 2397 οἱ
421 2371 461 2401 δὲ,
474 2371 520 2397 τοῦ
540 2370 604 2406 ᾅδου
627 2371 656 2397 τὸ
671 2372 758 2406 στόμα
773 2371 900 2405 συγκλεί-

116 2425 222 2447 σαντος,
237 2413 287 2447 οἷς,
305 2415 393 2451 οἶμαι,
411 2416 565 2450 κεκόρεστο,
578 2416 722 2450 ἡμιθνῆτες
739 2417 896 2451 ἐμείναμεν.

151 2461 218 2496 ρλϐ’.
237 2461 307 2487 Ἀλλ’
324 2461 439 2487 ἐνταῦθα
451 2461 690 2496 παρεκϐεϐηκότες
703 2462 764 2487 καθ’
779 2462 898 2497 ἱστορίας

115 2508 250 2542 ἀνάγκην.
269 2506 502 2542 ἀναδραμούμεθα
518 2507 585 2541 πρὸς
600 2508 696 2542 μικρὸν
712 2505 801 2539 αὖθις,
816 2508 900 2542 ἐκφῆ-

116 2562 160 2579 ναι
187 2553 218 2579 τὸ
234 2553 435 2587 καλ-’πτωχικὸν
453 2553 500 2579 καὶ
520 2553 647 2588 ὑπόπαχυ
678 2553 732 2579 τῶν
758 2553 898 2586 κατακλυ-

117 2598 188 2634 σμοῦ
201 2599 281 2633 δίκην
297 2599 515 2633 παρασυράντων
534 2600 567 2624 τὰ
591 2599 716 2624 πολιτικά
729 2605 736 2613 ·
758 2598 783 2624 οἳ
798 2598 832 2623 τὰ
847 2598 897 2633 μὲν

115 2645 195 2678 τίμια
212 2643 319 2678 εὐήθως
344 2644 392 2670 καὶ
410 2644 446 2673 ὡς
463 2642 506 2670 οἶα
525 2644 663 2679 βρεφικῶς
684 2643 850 2675 ἀπεδίδοντο,
868 2640 898 2669 οὗ

115 2691 150 2718 ιν
159 2699 200 2722 τις
211 2691 304 2721 αὐτοῖς
314 2691 459 2726 χειρίσειε⁸
475 2691 528 2717 τῶν
543 2691 571 2717 δὲ
584 2691 684 2717 λοιπῶν
693 2690 769 2717 οὐδὲν
782 2691 797 2725 ἢ
812 2690 898 2725 βραχύ

115 2745 143 2763 τι
167 2737 307 2768 παντελῶς
334 2737 467 2763 ἀνθίστων
484 2737 604 2772 τίμημα,
628 2739 673 2763 καὶ
701 2737 817 2771 μάλιστα
832 2738 898 2770 τῶν,

115 2784 166 2809 ὅσα
179 2783 314 2815 ἐξοπλίζει
336 2783 502 2818 χειρομάχον
518 2784 632 2817 πληθύν.
655 2783 726 2810 Ἀλλ’
740 2781 813 2818 εῐχον
830 2784 899 2810 αὺτὰ

115 2830 156 2860 εἰς
167 2828 242 2864 χύμα
252 2829 419 2864 προκείμενα
432 2830 461 2856 αἱ
472 2829 613 2865 λεωφόροι,
625 2831 659 2857 τὰ
673 2829 788 2865 ἐλαιώδη
799 2830 896 2865 εὐώδη,

958 1600 1272 1636 rabamur)detexerant,
1281 1601 1342 1635 plus
1354 1608 1435 1635 quam
1445 1601 1583 1635 octoginta
1596 1599 1680 1626 millia
1692 1606 1738 1625 ar-

958 1652 1106 1681 matorum,
1120 1655 1135 1675 e
1148 1648 1246 1681 quibus
1257 1648 1377 1682 quinque
1390 1647 1475 1674 millia
1491 1646 1614 1681 equitum
1631 1650 1739 1680 specta-

957 1699 991 1722 tze
1005 1695 1116 1722 virtutis
1136 1694 1163 1720 in
1176 1694 1263 1721 aciem
1276 1697 1470 1728 processerunt
1483 1696 1580 1719 contra
1595 1692 1733 1726 quinqua-

956 1742 1029 1776 ginta
1041 1740 1122 1767 millia
1135 1739 1330 1771 Romanorum,
1340 1742 1421 1774 prout
1434 1739 1486 1773 ipsi
1497 1737 1738 1765 referunt.Cazteri

956 1789 1045 1812 autem
1069 1786 1169 1820 partim
1199 1785 1346 1820 sagittarii,
1372 1785 1472 1819 partim
1498 1783 1564 1811 levis
1591 1787 1737 1810 armatura

954 1835 1042 1864 erant,
1059 1838 1154 1858 omnes
1166 1830 1467 1858 utilitatisindubitatae.
1480 1827 1581 1856 Horum
1592 1835 1736 1855 numerum

955 1876 1160 1912 compleverunt
1183 1877 1268 1911 copia:
1291 1884 1305 1903 a
1331 1875 1446 1904 Rhizico
1465 1876 1566 1908 missae,
1582 1875 1627 1909 qui
1647 1881 1737 1908 neque

959 1922 1094 1956 stipendia
1110 1929 1160 1949 nec
1179 1923 1262 1948 ullum
1279 1921 1437 1948 donativum
1453 1929 1467 1948 ο
1481 1928 1544 1955 rege
1565 1921 1735 1951 obtinebant,

957 1967 1106 1993 exercitum
1120 1971 1211 1993 autent
1226 1967 1421 2000 sequebantur,
1439 1966 1485 1993 ubi
1502 1972 1614 2000 operam
1629 1972 1734 1992 navan-

954 2016 997 2039 tes
1006 2011 1244 2046 fortunajuvabat.
1267 2010 1315 2037 llic
1333 2010 1416 2044 igitur
1433 2010 1483 2037 fuit
1499 2011 1639 2044 copiarum
1652 2014 1735 2037 terre-

958 2056 1053 2083 strium
1068 2063 1206 2082 numerus.
1219 2055 1296 2083 Vires
1311 2055 1422 2083 navales
1434 2055 1492 2090 plus
1504 2063 1583 2090 quam
1600 2056 1734 2083 ducenta-

952 2110 1013 2129 rum
1026 2102 1133 2128 navium
1143 2105 1222 2128 eraut
1231 2109 1291 2128 cum
1303 2101 1411 2134 piratis,
1420 2102 1464 2136 qui
1475 2106 1500 2128 ct
1511 2101 1562 2136 ipsi
1572 2101 1638 2128 nihil
1648 2108 1662 2128 a
1673 2108 1735 2136 rege

956 2149 1123 2183 accipientes
1148 2147 1263 2174 fortunas
1283 2148 1520 2175 vicissitudinibus
1543 2154 1571 2175 se
1591 2149 1733 2182 permitto-

953 2194 1037 2227 bant;
1061 2202 1075 2220 a
1092 2194 1191 2228 quibus
1211 2198 1284 2220 terra
1305 2193 1429 2227 marique
1447 2194 1534 2228 pressi
1555 2194 1581 2220 in
1602 2194 1664 2220 vitat
1677 2193 1734 2220 dis-

949 2241 1062 2268 crimine
1076 2241 1193 2272 fuimus;
1211 2239 1254 2266 alii
1273 2243 1359 2267 morte
1384 2235 1469 2266 functi
1486 2239 1570 2274 erepti
1584 2244 1662 2272 sunt;
1681 2247 1731 2267 nos

950 2289 999 2322 ipsi
1015 2289 1076 2322 quia
1091 2287 1223 2319 infernus,
1239 2287 1294 2322 jam
1310 2287 1440 2320 repletus,
1457 2293 1488 2313 os
1516 2286 1622 2318 clausit,
1649 2286 1731 2314 semi-

950 2335 1048 2361 mortui
1057 2334 1203 2369 jacuimus.

986 2463 1048 2490 159.
1069 2461 1127 2489 Hoc
1144 2462 1170 2489 in
1184 2462 1254 2495 loco,
1278 2469 1369 2489 rerum
1395 2465 1534 2496 gestarum
1550 2461 1621 2488 serie
1641 2460 1724 2487 recla-

954 2513 1054 2538 mante.
1071 2508 1275 2542 rctrospicimus
1289 2513 1318 2535 ut.
1332 2507 1440 2535 exilitas
1455 2511 1481 2533 et
1496 2507 1616 2541 partitas
1633 2513 1728 2534 eorum

955 2554 1094 2581 manifesta
1115 2554 1241 2581 reddatur
1265 2554 1309 2586 qui
1335 2561 1390 2580 rem
1418 2553 1552 2587 publicam
1582 2553 1610 2579 in
1633 2553 1730 2580 ultimo

952 2600 1111 2627 discrimine
1138 2599 1362 2634 capessiverunt;
1380 2601 1425 2633 qttl
1445 2606 1488 2626 res
1501 2599 1638 2633 pretiosas
1650 2599 1733 2626 stulte

950 2650 976 2672 et
994 2653 1141 2679 puerorum
1157 2652 1231 2672 more
1244 2645 1333 2679 primo
1346 2646 1490 2679 occupanti
1509 2645 1659 2676 tradidere,
1674 2651 1728 2671 etc-

950 2696 1022 2718 tcras
1036 2696 1124 2718 autem
1143 2691 1221 2718 ﬂocci
1238 2691 1369 2723 fecerunt,
1387 2691 1541 2725 praesertim
1559 2698 1621 2725 quze
1635 2690 1726 2716 multi‘

950 2738 1036 2765 tudini
1061 2738 1192 2765 bellatrici
1208 2745 1283 2765 arma
1300 2738 1484 2772 suppeditant.
1504 2738 1532 2763 ln
1546 2737 1597 2764 viis
1610 2735 1730 2771 publicis

951 2789 1041 2810 autem
1065 2783 1221 2818 promiscue
1237 2783 1366 2818 iacebant
1381 2783 1440 2810 olea
1457 2781 1619 2817 fragrantia,
1635 2779 1729 2806 lixivia

950 2831 1048 2863 dulcis,
1068 2831 1195 2859 materies
1213 2830 1287 2859 sicca
1303 2837 1352 2858 seu
1375 2835 1470 2858 contra
1487 2829 1608 2859 morbos,
1633 2833 1681 2853 seu
1699 2825 1726 2852 in
