1962 3087
218 109 266 142 131

593 117 802 147 EUSTATIIII
821 118 1194 150 THESSALONICENSIS
1213 120 1493 151 METROl‘OLlT/E

1779 118 1830 150 132

211 167 287 193 ullibi
308 166 334 194 in
351 167 461 195 deserta
476 169 543 196 urbe
560 169 719 201 invenisses.
736 171 800 205 quia
822 171 930 198 barbari
958 171 996 198 fe-

1047 183 1116 207 γιον,
1133 174 1404 210 άποτροπιαζόμενοι,
1421 175 1564 205 τύπτοντες
1579 173 1628 205 τὰς
1643 174 1732 200 αὐτῶν
1748 182 1834 208 κεφα-

210 219 289 239 roces
311 217 337 239 et
355 214 494 242 inhumani
506 215 595 242 omnia
613 216 793 249 abstulerant,
809 217 931 244 homines
954 218 996 244 in-

211 257 276 284 culti
296 263 322 284 ct
334 258 432 293 ignuri,
447 260 505 286 sine
517 267 621 286 morum
637 261 735 286 nedum
753 261 854 288 artium
876 262 994 296 cultura,

211 310 325 335 quarum
345 311 377 330 ne
392 305 542 330 rudimenta
570 305 678 339 quidem
707 313 742 332 n0
760 312 856 339 erant;
874 307 998 335 homines

211 348 364 382 eloquentia
393 356 469 382 atque
492 355 519 375 at
535 351 684 377 veutntatis
712 351 849 379 industria:
862 353 996 387 vulgaris-

212 393 288 420 sima:
302 399 437 427 expertis,
447 395 491 428 qui
507 400 626 422 nostram
647 397 739 424 urbem
763 398 891 425 omnibus
918 399 995 425 hisce

211 437 290 464 bouis
312 439 462 472 privarunt,
490 440 525 466 ita
556 445 585 467 ut
606 442 703 468 mirmn
727 450 779 469 non
803 443 837 470 sit
862 445 932 478 qttod
956 449 995 471 tot

211 484 298 510 caedes
319 484 406 510 locum
428 484 581 519 habuerint,
608 488 742 522 siquidem
764 489 806 515 vel
829 489 994 516 animalibus

211 536 264 554 non
284 536 464 563 pepercerunt
481 531 507 558 in
526 531 616 559 furore
630 540 680 560 suo
697 537 723 559 ct
737 534 762 560 in
777 542 850 566 vasa,
872 538 902 561 ut
925 535 996 570 let-y-

211 574 274 601 thos
290 579 316 601 et
330 576 382 602 alia
401 577 497 604 viliora
514 578 701 607 insanierunt.
727 580 801 607 Adde
818 581 890 614 quod
919 581 995 608 multi

210 621 279 647 adeo
303 623 431 651 vecordes
447 622 557 651 fuerunt
572 630 599 652 ut
616 633 666 652 nec
682 633 775 653 verum
801 630 902 654 statum
920 627 997 654 vitle-

212 670 282 692 rent.

1045 220 1102 251 λὰς.
1116 221 1162 247 καὶ
1172 220 1333 254 οἰμώζοντες
1343 220 1379 250 ὡς
1391 219 1569 250 ἐπιτελεότια,
1581 220 1833 254 ὲπαναστρέφουσιν

1045 267 1135 293 οἴκαδε
1147 285 1153 295 ,
1171 266 1218 291 καὶ
1236 267 1355 296 κεῖνται,
1372 265 1478 299 θανάτῳ
1495 265 1689 299 ἐπιτρέψαντες
1707 263 1831 294 ἑαυτούς.

1046 309 1111 335 υὺδὲ
1132 308 1186 343 γὰρ
1205 309 1265 334 οὐδὲ
1286 308 1342 334 ἐστι
1364 309 1458 343 ρανίδα
1479 309 1494 343 ἢ
1516 309 1614 343 ψῆγμά
1633 317 1660 334 τι
1683 309 1832 343 νοσήλειον,

1047 354 1100 380 οὐδ’
1115 353 1206 380 ἄλλοθί
1228 362 1277 380 που
1299 353 1348 387 τῆς
1369 353 1431 379 καθ’
1445 354 1518 387 ἡμᾶς
1539 352 1732 388 ὲρημοπόλεως
1753 352 1834 385 εὑρέ-

1049 399 1125 431 σθαι,
1142 399 1250 424 πάντων
1267 398 1318 424 ὑπὸ
1332 398 1385 424 τῶν
1401 398 1446 424 καὶ
1461 399 1597 432 ἀγροίκων
1612 399 1660 424 7.1V.
1675 398 1833 430 ἁπηνεστά-

1048 454 1101 471 των
1121 444 1343 479 ὲξηφανισμένων
1356 452 1363 459 '
1383 443 1407 470 οἶ
1430 444 1557 478 οὐδεμίαν
1577 443 1658 478 χάριν
1679 444 1716 478 μὴ
1737 444 1779 469 ὅτι
1799 452 1833 477 γε

1048 489 1309 520 καταπλουτοῦντεςν
1323 489 1380 515 ἀλλ’
1392 489 1451 515 οὐδὲ
1466 486 1542 523 οἶμαι
1564 489 1664 520 ειδότες
1675 497 1681 504 ·
1694 489 1833 522 ἄνθρωποι

1048 537 1225 572 ἁχαρίστεροι
1236 537 1357 568 πάντων,
1370 534 1407 562 ὧν
1418 535 1450 562 ἂν
1462 535 1532 561 εἴποι
1543 544 1594 567 τις,
1606 537 1652 561 καὶ
1665 534 1741 568 λόγον
1753 535 1834 561 ἄλλον

1047 582 1234 618 ἀπειρόκαλοι,
1250 582 1343 608 καθότι
1357 582 1395 616 τῷ
1409 581 1510 617 χυδαίῳ
1523 581 1571 615 τῆς
1588 580 1766 611 πολιτεύσεως
1781 589 1832 606 κα-

1049 629 1094 655 λοῦ
1111 627 1207 659 παντὸς
1223 626 1292 662 ἦσαν
1307 627 1460 661 ἀπείρατοι,
1477 626 1523 652 καὶ
1539 626 1591 651 τῶν
1607 625 1734 652 τοιούτων
1748 626 1834 652 ἁπάν-

1049 681 1102 699 των
1121 671 1230 706 ἀγαθῶν
1247 671 1296 705 τὴν
1313 671 1374 697 καθ’
1387 671 1460 705 ἡμᾶς
1478 670 1553 697 πόλιν
1571 670 1689 704 ἀπωρφά
1707 679 1776 702 ισαν⁷
1795 669 1833 700 ὡς

212 713 310 747 μηκέτι
324 714 520 750 θαυμάζεσθαι,
533 718 559 744 τί
572 718 669 753 δήποτε
694 718 771 746 αὐτοὶ
798 720 857 746 κατ’
869 719 1019 755 ἀνθρώπων
1049 720 1158 747 θάνατοι
1176 719 1335 754 αὐτόχρημα
1352 718 1501 752 ἐξέϐησαν,
1519 718 1542 743 εἰ
1559 717 1619 751 δίχα
1636 717 1689 743 τῶν
1705 718 1833 743 τοιούτων

211 762 258 787 καὶ
282 762 387 796 ἀλόγων
408 765 528 798 ἀφειδεῖς
550 764 619 801 ἦσαν
641 766 710 793 κατὰ
737 766 835 801 μανίαν
857 768 906 803 τὴν
931 767 993 794 καθ’
1009 769 1154 803 ἡμῶν,καὶ
1181 767 1304 801 ἀγγείοις
1331 765 1471 799 ἐνύδριζον
1483 765 1522 795 εἰς
1543 763 1735 797 κατάκλασμα,
1749 764 1833 798 μέχρι

211 808 259 833 καὶ
273 809 362 835 αὐτῶν
376 809 499 843 λαγύνων
513 813 558 838 καὶ
572 812 706 847 ληκὺθων,
721 813 768 839 καὶ
801 812 828 839 ετ
850 821 875 839 τι
905 814 1080 849 φαυλότερον.
1095 815 1128 840 Ol
1154 813 1183 840 δὲ
1212 813 1259 840 καὶ
1274 811 1360 842 ἄλλως
1375 811 1413 842 είς
1428 809 1506 836 τόσον
1519 809 1684 844 ἀγροικικιῖκ
1699 809 1780 845 εἶχον,
1795 810 1834 841 ὡς

213 854 281 889 μηδὲ
300 854 449 890 ὀφθαλμοῖς
469 865 533 883 ποτε
553 858 727 885 διαλαὸέσθαι
746 858 834 885 δοκεῖν
852 859 886 886 τὰ
906 861 1111 897 σπουδαιότερα.

255 901 315 928 155.
330 901 415 936 Igitur
427 903 526 930 multas
540 911 585 932 res
597 905 731 937 pretiosas
745 907 772 934 in
784 907 872 934 saccis
888 914 919 934 ac
931 915 999 941 pan-

220 947 263 974 nis
278 941 361 974 lineis
376 950 501 976 certatim
513 950 691 985 collegerunt,
711 953 764 980 alia
782 954 856 980 intus
873 961 998 988 compre-

214 992 380 1026 henderunt,
401 1002 528 1023 vasorum
547 1004 594 1024 ora
621 998 795 1032 rccludendo,
819 1000 882 1027 vilia
908 1004 998 1027 autem

214 1046 278 1066 vasa
307 1039 333 1066 in
359 1039 438 1068 fenus
460 1041 656 1076 destinarunt.
670 1046 819 1078 przrscrtim
837 1046 872 1072 iis
899 1046 996 1074 diebus

1086 911 1149 945 ρλι¹.
1170 911 1275 944 Λινέοις
1297 911 1362 947 γοῦν
1383 907 1553 944 σπειράμασι
1575 905 1622 933 καὶ
1643 905 1765 934 σακκίοις
1786 904 1835 932 καὶ

1051 961 1160 995 ῥάκεσιν
1176 958 1266 991 ἀγαθά
1281 959 1329 985 καὶ
1345 957 1430 983 πολλὰ
1447 956 1493 981 καὶ
1508 954 1586 988 τίμια
1602 953 1748 987 ἐγκείμενα
1766 953 1834 987 πρὸς

1050 1004 1107 1038 ἔριν
1122 1003 1332 1037 ἀναλεγόμενοι,
1348 1001 1382 1028 τά
1399 1001 1446 1036 μὲν
1460 1000 1533 1026 ἔνδον
1549 998 1743 1033 ἐξερρίπτουν,
1759 997 1835 1024 ἀνοί-

1050 1057 1143 1082 γοντες
1156 1048 1189 1074 τὰ
1201 1047 1255 1074 τῶν
1268 1047 1383 1081 ἀγγείων
1397 1046 1527 1079 στόματα,
1541 1045 1586 1070 καὶ
1602 1044 1768 1070 συνεπάτουν
1780 1051 1786 1059 ⁸
1799 1043 1834 1070 τὰ

214 1085 260 1112 ubi
283 1086 384 1120 rapime
404 1088 524 1114 omnium
533 1089 707 1122 cupiditatem
723 1091 920 1118 exercitabant.
938 1092 989 1124 Qui

1049 1094 1077 1120 δὲ
1093 1095 1188 1129 ἀχρεῖα
1202 1094 1293 1128 δοχεϊα
1307 1094 1346 1124 εἰς
1360 1092 1475 1122 κόλπους
1493 1090 1644 1124 παρέϐυον,
1661 1089 1782 1116 όσολιαῖα
1796 1089 1835 1120 ὡς

215 1134 306 1157 autem
329 1132 374 1158 alii
392 1138 453 1167 post
468 1135 538 1161 alios
562 1141 791 1170 supervenerunt,
816 1144 997 1172 quascunque

214 1182 258 1202 res
278 1176 404 1204 volebant
416 1178 562 1212 abstulere,
576 1187 608 1208 ac
628 1180 726 1209 divites
741 1186 897 1210 evaserunt.
913 1184 997 1210 Erant

214 1226 306 1248 autent
325 1222 467 1250 rudissimi
493 1225 593 1260 ingenii
614 1230 641 1254 ot
659 1227 776 1254 maxime
792 1233 919 1263 agrestis.
937 1229 990 1261 Qui

214 1275 297 1301 porro
313 1274 476 1297 mercaturae
492 1270 624 1298 facienda!
645 1272 732 1306 gratia
751 1273 932 1307 prodibantet
948 1282 996 1308 pro

214 1313 387 1342 facultatibus
399 1323 526 1350 magnum
543 1323 587 1343 aut
599 1325 711 1351 parvum
724 1318 768 1345 ubi
779 1319 842 1353 quid
853 1319 994 1354 acquirere

215 1365 354 1395 poterant,
373 1369 458 1396 parvo
474 1364 595 1390 contenti
614 1371 657 1390 res
674 1365 706 1390 ad
724 1365 806 1391 vitam
825 1366 996 1393 necessarias

213 1411 350 1434 emerunt.
382 1407 412 1434 In
429 1416 483 1442 quo
503 1409 645 1435 sciendum
660 1414 701 1436 est
720 1410 792 1443 quod
807 1417 903 1436 aurum
920 1409 996 1443 dupli

215 1453 294 1485 pretii
310 1458 380 1484 erat,
401 1460 542 1487 argentum
559 1454 718 1488 multiplicis
745 1455 872 1489 ponderis
890 1463 921 1481 ac
933 1463 995 1489 pre-

215 1498 246 1524 tii
262 1499 427 1526 aestimatum
447 1507 508 1526 cum
529 1500 647 1526 nummis
666 1502 745 1527 aereis
764 1501 996 1528 commutabatur.

215 1544 270 1571 Nrc
288 1545 360 1575 libri.
375 1553 492 1579 quorum
508 1545 616 1580 jactura
632 1547 780 1574 litteratum
797 1547 933 1574 hominem
950 1555 998 1582 pe-

214 1591 288 1617 nitus
313 1591 432 1625 aliligere
461 1597 563 1626 posset,
597 1599 645 1620 nuc
678 1598 765 1620 vestes
793 1593 892 1628 quibus
918 1593 999 1620 Seres

214 1644 269 1670 pra:
283 1637 413 1664 omnibus
433 1638 564 1671 gaudent.
587 1645 637 1665 nec
652 1646 735 1673 opera
761 1639 865 1665 textilia
883 1647 998 1666 aranea-

215 1689 274 1708 rum
291 1682 352 1708 telis
372 1684 568 1717 comparauda,
589 1687 615 1710 et
629 1687 676 1710 aut
691 1691 751 1717 quae
770 1691 783 1709 a
803 1691 894 1710 verine
909 1684 996 1710 artili-

214 1734 245 1754 ce
260 1734 275 1753 e
299 1727 372 1754 tenui
393 1728 436 1754 illo
457 1728 641 1755 coniiciuntur
659 1729 788 1756 homines
812 1730 945 1757 barbaros
968 1734 995 1758 et

215 1774 336 1800 omnium
357 1774 549 1801 delicatiorum
572 1776 680 1809 ignaros
717 1783 825 1803 movere
849 1781 994 1811 poterant;

215 1825 303 1852 quare
315 1820 369 1847 ista
384 1820 478 1847 omnia
493 1821 539 1848 vili
555 1822 645 1856 pretio
659 1821 806 1849 vmnibaut.

250 1959 453 1988 156..Fuerunt
478 1960 525 1996 qui
549 1960 641 1987 viuum
664 1965 848 1996 pervetustum
874 1967 907 1987 eo
922 1959 996 1994 quod
1011 1963 1032 1991 c

212 2006 304 2033 minus
326 2005 404 2033 dulce
439 2009 499 2033 erat
529 2011 557 2033 et
588 2005 699 2033 odorem
727 2006 888 2032 medicatum
921 2013 993 2032 auta-

213 2059 308 2078 rutuve
332 2050 480 2082 indicabat,
504 2056 665 2085 respuerent
686 2058 740 2078 non
766 2052 893 2078 obstante
925 2053 998 2079 salu-

213 2098 314 2124 britate
329 2105 410 2131 quam
427 2097 583 2124 hominibus
596 2098 747 2132 praesertim
764 2098 915 2125 vulneratis
929 2098 997 2126 εσυ·

213 2143 300 2169 rebat.
319 2143 406 2177 Igitur
416 2143 460 2170 hic
473 2144 594 2177 optimus
605 2144 694 2177 liquor
703 2145 901 2171 contumeliose
910 2144 996 2172 eﬂ'un-

213 2189 339 2219 debatur.
354 2197 404 2216 nec
421 2190 504 2217 ullius
516 2198 580 2218 usus
597 2191 629 2217 ad
646 2192 757 2218 morbos
769 2193 906 2219 sanandos
922 2196 992 2219 crat.

214 2233 290 2260 llauc
305 2235 341 2261 ob
364 2242 476 2262 causam
505 2235 532 2262 in
561 2243 703 2263 mttrorum
727 2237 847 2264 circuitu
875 2238 997 2272 sepultor

214 2288 267 2307 non
276 2281 463 2307 inveniebatur
473 2289 481 2313 ;
492 2281 544 2308 huc
556 2281 623 2308 adde
632 2282 703 2315 quod
716 2282 993 2310 vulneratiinnttmeri

214 2332 330 2354 mortem
344 2328 540 2361 promittebant
557 2333 582 2356 et
599 2329 790 2363 sepelientium
802 2329 913 2357 brachia
925 2330 997 2357 mul-

215 2379 271 2401 tum
294 2373 480 2408 requirebant.
505 2374 576 2406 Quot
593 2375 689 2403 domos
714 2376 752 2402 illi
777 2376 911 2403 vulnerati
930 2383 995 2403 eva-

215 2420 385 2446 cuaverunt!
408 2419 453 2447 Sic
477 2424 503 2447 et
523 2421 614 2447 vinutn
634 2425 770 2448 vetustum
797 2421 940 2451 funeralia.
966 2426 996 2449 ut

214 2465 252 2492 ita
268 2465 369 2498 dicam,
383 2466 477 2498 subiit,
492 2470 585 2501 utpote
600 2467 673 2502 quod
687 2472 714 2494 et
728 2467 816 2503 ipsum
829 2475 890 2495 cum
905 2469 938 2495 iis
948 2468 994 2503 qui

213 2511 249 2537 ob
262 2511 324 2545 ejus
347 2512 496 2539 carentiatn
518 2513 687 2546 :egrotabant
711 2518 912 2540 commortttum
939 2517 994 2540 est.

212 2556 317 2584 Recens
330 2565 395 2584 vero
411 2562 492 2585 natus
502 2558 672 2590 subsiliebat,
690 2559 808 2593 agitatus
820 2562 846 2585 et
867 2559 991 2592 bulliens,

213 2607 241 2631 et
253 2604 310 2630 tunc
320 2603 445 2630 ebullitio
462 2603 489 2630 in
505 2604 659 2632 bibentibus
679 2604 756 2638 quasi
773 2604 853 2631 mina:
868 2605 894 2631 in
910 2605 993 2631 vitam

211 2648 420 2674 condemnatam
444 2654 534 2676 erant.
561 2649 614 2681 Qui
642 2649 715 2675 enim
742 2649 788 2675 illo
815 2648 878 2675 vino
897 2648 992 2683 repleti

211 2698 303 2728 postea
323 2693 421 2721 Lethes
437 2695 575 2729 potionem
592 2702 607 2720 a
628 2693 714 2721 Morte
730 2694 847 2721 oblatam
865 2695 994 2722 bibebant.

212 2747 267 2766 non
282 2739 452 2767 nostratibus
478 2745 581 2767 tantum
600 2739 691 2775 (quod
708 2741 799 2768 dicere
814 2742 889 2776 juvat
901 2740 924 2776 ),
943 2741 989 2768 sed

212 2786 346 2821 pmcipue
375 2787 490 2819 Latinis,
510 2787 618 2821 quando
645 2795 710 2815 uvas
740 2788 863 2816 manibus
886 2795 993 2822 preme-

211 2830 276 2858 l-aut
304 2836 331 2859 et
359 2836 477 2860 mustum
509 2832 667 2865 sorbebant,
687 2839 719 2860 ne
742 2833 869 2868 primitiae
894 2833 994 2861 inam-

1047 1140 1082 1166 τά
1096 1139 1178 1165 πολλὰ
1192 1139 1266 1165 ὅντα.
1280 1137 1333 1164 Καὶ
1344 1137 1460 1163 τοιοῦτοι
1474 1135 1523 1170 μὲν
1534 1136 1557 1161 οἱ
1572 1135 1679 1166 πλείους
1691 1134 1724 1160 τὰ
1736 1134 1834 1169 πρῶτα

1049 1187 1078 1212 ιν
1099 1186 1174 1220 ἀκμῇ
1195 1184 1245 1219 τῆς
1267 1183 1404 1218 ἁρπαγῆς.
1424 1181 1596 1212 Ἐπελθόντες
1617 1181 1645 1207 δὲ
1666 1182 1690 1207 ot
1713 1180 1771 1215 μετ’
1786 1181 1835 1206 αὖ·

1048 1232 1126 1263 τοὺς,
1145 1231 1191 1258 καὶ
1206 1231 1230 1256 οἱ
1247 1230 1306 1265 μετ’
1318 1229 1438 1259 ἐκείνους
1453 1227 1503 1258 ἔτι,
1519 1226 1692 1262 ὲφορτίζοντο
1704 1227 1737 1253 τὰ
1754 1227 1834 1260 ὶγκε-

1049 1277 1153 1312 χυμένα
1171 1275 1257 1308 καλὰ,
1275 1275 1321 1300 καὶ
1342 1273 1454 1300 πλοῦτον
1474 1272 1624 1306 συνέλεγον.
1636 1269 1726 1298 Ἦσαν
1741 1271 1768 1298 δὲ
1785 1272 1834 1298 καὶ

1050 1322 1127 1349 αὐτοὶ
1147 1321 1269 1354 ἀγεννεῖς
1290 1319 1425 1354 ἄγροικοι,
1444 1318 1491 1344 καὶ
1511 1316 1586 1343 οὐδὲν
1605 1317 1712 1343 ἀστεῖον
1731 1325 1832 1342 πεπαι-

1045 1367 1180 1401 δευμένοι.
1196 1367 1258 1397 Τοῖς
1275 1365 1340 1399 γοῦν
1355 1364 1415 1390 κατ’
1428 1363 1562 1397 ιμπορίαν
1578 1362 1812 1397 παρατετυχηκόσι
1823 1382 1830 1394 ,

1048 1413 1094 1439 καὶ
1112 1412 1167 1438 εἴτε
1186 1411 1346 1446 ἰσχνότερον,
1362 1408 1379 1442 ἢ
1398 1407 1466 1442 πρὸς
1486 1407 1570 1441 πάχος
1588 1406 1746 1439 δυναμένοις
1765 1406 1828 1432 κτὼ

1049 1456 1110 1482 σθαι
1123 1456 1156 1482 τὰ
1172 1453 1363 1489 ἐμπολῶμενα,
1380 1452 1465 1487 βραχύ
1480 1460 1505 1478 τι
1520 1451 1714 1486 λαμϐάνοντες,
1731 1451 1830 1485 κατήλ-

1048 1503 1144 1529 λαττον
1156 1500 1190 1527 τά
1203 1500 1242 1535 τῷ
1256 1499 1305 1535 βίῳ
1316 1499 1406 1532 τίμια,
1419 1498 1472 1523 Καὶ
1486 1497 1542 1523 ἐστι
1557 1496 1661 1531 μαθεῖν,
1673 1496 1710 1527 ὡς
1722 1496 1831 1527 διπλοῦς

1051 1549 1099 1584 μὲν
1113 1548 1126 1574 ὸ
1141 1547 1250 1583 χρυσὸς,
1263 1545 1311 1573 όδὲ
1321 1546 1440 1580 ἄργυρος
1454 1545 1501 1571 καὶ
1514 1545 1554 1575 είς
1571 1543 1739 1571 πολλαπλοῠν
1749 1551 1832 1577 πονη-

1051 1595 1107 1628 ροῖς
1130 1594 1169 1624 εἰς
1197 1593 1323 1626 ἄλλαγμα
1347 1590 1482 1626 χαλκείοις
1500 1590 1618 1624 προτετο.
1637 1589 1726 1615 Βίϐλοι
1743 1589 1782 1621 δὲ,
1799 1587 1831 1619 ἃς

1050 1638 1228 1670 ἀπολωλεκώς
1242 1647 1283 1670 τις
1297 1638 1420 1664 δάκνοιτο
1435 1636 1468 1663 ἂν
1479 1636 1529 1671 τὴν
1541 1636 1630 1670 ψυχὴν
1642 1635 1686 1661 διὰ
1700 1634 1768 1669 βίου,
1786 1634 1832 1660 καὶ

1050 1686 1150 1720 φάρεα,
1166 1682 1206 1716 οἷς
1223 1685 1275 1720 πρὸ
1290 1684 1342 1710 τῶν
1357 1684 1443 1711 ἄλλων
1460 1683 1616 1718 φιληδοῦσιν
1630 1682 1654 1707 οἱ
1672 1681 1769 1716 Σῆρες,
1786 1681 1832 1706 καὶ

1050 1731 1132 1757 λοιπὰ
1152 1730 1221 1765 ἔργα
1240 1731 1325 1762 ἱστοῦ,
1344 1727 1385 1760 οἷς
1405 1728 1532 1764 ἀραχνῶν
1553 1728 1630 1762 μίτος
1651 1726 1766 1761 ἐρίσειεν
1786 1725 1831 1757 ἂν,

1050 1777 1097 1804 καὶ
1111 1777 1161 1803 ὅσα
1175 1776 1202 1802 δὲ
1220 1776 1296 1811 ῥίζαν
1311 1775 1444 1810 γενέσεως
1460 1772 1732 1808 φέρουσισκώληκα,
1749 1772 1833 1806 ἐργά-

1049 1830 1098 1857 την
1121 1821 1255 1856 τρυφεροῦ
1282 1820 1452 1856 μηρύματος,
1475 1819 1529 1845 οὐδ’
1544 1818 1613 1844 αὐτὰ
1635 1817 1739 1852 ἑφολκὰ
1762 1815 1833 1852 ἦσαν

1046 1869 1102 1899 τοῖς
1125 1868 1208 1903 μηδὲν
1228 1867 1310 1893 εἰδόσι
1332 1866 1422 1898 καλὸν,
1445 1863 1513 1891 ἀλλὰ
1536 1862 1771 1898 παρερῥιπτοῦντο
1790 1862 1839 1888 ει-

1046 1915 1124 1942 καιου
1139 1915 1306 1950 τιμήματος.

1087 1961 1156 1995 ρλς¹.
1175 1961 1242 1996 ﬂap'
1254 1958 1295 1992 οἷς
1311 1960 1356 1987 καὶ
1369 1962 1383 1987 ό
1396 1960 1531 1996 τριγέρων
1545 1958 1615 1994 οἶνος
1630 1960 1673 1987 διὰ
1688 1960 1718 1986 τὺ
1733 1959 1816 1993 άγλευ

1047 2007 1093 2038 κὲς
1110 2006 1274 2039 ὲξουθενεῖτο
1287 2026 1294 2038 ,
1311 2003 1354 2032 οἷα
1372 2007 1417 2033 καί
1435 2014 1461 2033 τι
1479 2007 1625 2042 φάρμακον
1641 2006 1690 2032 οὐκ
1708 2004 1809 2039 ἀγαθόν
1822 2011 1831 2019 ⁵

1045 2054 1101 2080 οἴου
1116 2054 1147 2089 δὴ
1163 2054 1234 2080 οἴνου
1251 2054 1328 2089 χρεία
1344 2055 1389 2080 καὶ
1406 2054 1524 2088 μάλιστα
1538 2052 1572 2090 ἦν
1586 2055 1621 2081 τά
1635 2062 1664 2080 τε
1680 2053 1747 2080 ἄλλα
1758 2073 1765 2084 ,
1783 2053 1832 2079 καὶ

1046 2100 1090 2127 διὰ
1106 2101 1168 2131 τοὺς
1186 2100 1215 2126 ὲν
1232 2101 1359 2135 πληγαῖς.
1377 2100 1511 2135 Ἐξεχεῖτο
1528 2100 1581 2136 γὰρ
1597 2100 1627 2126 τὸ
1644 2099 1724 2126 καλὸν
1741 2100 1832 2125 ἐκεῖνο

1047 2146 1144 2181 ὑγρὸν,
1162 2146 1199 2177 ὡς
1215 2147 1254 2178 είς
1272 2146 1411 2181 ποταμούς
1424 2155 1431 2162 ·
1448 2147 1509 2173 ὅθεν
1525 2146 1586 2172 οὕτε
1604 2146 1684 2177 αὐτὸς
1700 2143 1733 2180 ἦν
1744 2165 1750 2177 ,
1767 2145 1831 2171 οὔτε

1045 2199 1072 2217 τι
1089 2191 1235 2218 ἀκόλουθον
1254 2191 1402 2225 μάλαγμα,
1421 2191 1482 2218 οὔτε
1498 2193 1512 2217 ὁ
1529 2191 1591 2218 καθ’
1603 2191 1697 2227 εἱρμὸν
1713 2191 1831 2218 κατάδε-

1048 2245 1123 2271 σμος.
1136 2237 1236 2272 Διόπερ
1249 2237 1278 2263 οὐ
1293 2237 1372 2272 μόνον
1384 2237 1475 2272 κύκλῳ
1488 2237 1532 2264 τοῦ
1546 2237 1651 2272 τείχους
1662 2237 1715 2263 τῶν
1726 2237 1831 2271 νεκρῶν

1046 2283 1195 2318 κειμένων.
1212 2283 1259 2310 καὶ
1276 2284 1339 2318 περὶ
1357 2283 1468 2318 σύμπαν
1485 2284 1512 2309 δὲ
1529 2284 1558 2309 τὸ
1576 2283 1622 2310 τοῦ
1640 2283 1760 2309 τοιούτου
1779 2282 1813 2308 κύ

1045 2331 1109 2356 κλου
1124 2329 1250 2364 ἐμϐαδὸν,
1263 2330 1312 2356 οὐκ
1326 2327 1359 2364 ἦν
1370 2331 1382 2355 ὁ
1394 2330 1504 2356 θάπτων
1514 2338 1520 2345 -
1533 2329 1600 2356 ἀλλὰ
1609 2330 1655 2356 καὶ
1668 2331 1691 2355 οἱ
1708 2329 1831 2362 πεπληγ-

1047 2375 1121 2411 μένοι
1152 2375 1310 2409 προσθήκην
1331 2375 1440 2401 ἐποίουν
1464 2375 1502 2409 τῷ
1523 2374 1588 2410 ᾄδῃ,
1611 2376 1657 2401 καὶ
1680 2375 1829 2408 πράγματα

1045 2420 1208 2454 προύξένουν
1221 2422 1275 2452 τοῖς
1289 2420 1447 2448 θάπτουσιν.
1461 2421 1492 2447 Ὦ
1505 2421 1570 2454 γοῦν
1583 2421 1648 2451 ὅσας
1662 2420 1829 2452 ὲξεκὲνωσαν

1044 2467 1132 2497 οἰκίας
1147 2469 1194 2493 καὶ
1208 2467 1231 2493 ci
1248 2467 1413 2501 τραυματίαι
1424 2487 1431 2498 ,
1448 2467 1517 2493 κατὰ
1533 2467 1674 2501 πολυμερῆ
1693 2467 1830 2500 ποσότητα

1044 2513 1231 2544 ἐκλείποντεςί
1250 2513 1304 2540 Καὶ
1323 2513 1393 2540 οὕτω
1416 2514 1465 2548 μὲν
1482 2514 1495 2539 ό
1513 2514 1602 2548 γέρων
1618 2511 1689 2543 οἶνος
1709 2513 1829 2546 ἐκφοράν

1043 2558 1139 2591 ἔπαθε,
1153 2558 1339 2592 συντεθνηκὼς
1351 2557 1406 2585 οἷον
1418 2559 1464 2585 καὶ
1477 2558 1557 2589 αὐτὸς
1569 2559 1625 2589 τοῖς
1638 2558 1828 2584 κινδυνεύσασι

1044 2605 1104 2631 κατ’
1119 2606 1222 2632 ἔνδειαν
1238 2605 1332 2632 αὑτοῦ.
1349 2605 1380 2631 '0
1399 2605 1426 2631 δὲ
1444 2604 1550 2638 νεογνὸς
1569 2604 1720 2639 ὑπεσκίρτα
1732 2624 1739 2634 ,
1757 2604 1828 2634 ζέων

1045 2651 1091 2677 καὶ
1108 2651 1289 2686 βραττόμενος
1303 2659 1310 2666 ·
1325 2652 1372 2677 καὶ
1386 2651 1416 2677 τὸ
1434 2651 1543 2685 βράσμα
1559 2648 1592 2685 ἦν
1607 2651 1663 2680 τοῖς
1679 2649 1829 2684 προσιεμέο

1044 2705 1098 2726 νοις
1111 2697 1180 2723 καθὰ
1193 2696 1239 2722 καί
1250 2706 1275 2722 τι
1288 2696 1425 2730 ὲμὸόημα,
1440 2697 1484 2722 καὶ
1498 2697 1597 2730 ἀπειλὴ
1610 2696 1666 2730 βίου
1680 2695 1829 2727 ὑπεξαγω-

1043 2743 1104 2776 γῆς.
1124 2743 1155 2768 Οἱ
1173 2743 1226 2776 γὰρ
1243 2742 1337 2768 τούτου
1358 2742 1614 2776 ὑποπιμπλάμενοι,
1633 2740 1692 2767 εἶτα
1711 2741 1758 2767 τοῦ
1776 2741 1828 2774 τῆς

1043 2787 1128 2821 λήθης
1148 2787 1238 2812 ἔπινον
1257 2787 1391 2821 πόματος,
1409 2787 1423 2813 ὃ
1443 2787 1556 2818 θάνατος
1578 2787 1704 2820 οἰνοχοεῖ,
1722 2785 1752 2811 οὑ
1770 2787 1830 2817 τοῖ,;

1048 2832 1189 2867 ἡμετέροις
1205 2833 1305 2867 μόνοις,
1319 2832 1376 2859 ἀλλ’
1392 2832 1423 2867 (3
1440 2834 1484 2859 καὶ
1500 2833 1643 2866 προφέρων
1657 2831 1696 2866 τῷ
1709 2832 1827 2864 στόματι
