1962 3087
116 152 160 184 137

497 150 547 180 DE
567 149 850 181 THESSALONICA
870 150 972 181 URBE
992 151 1015 180 Α
1037 150 1187 180 LATIle
1203 150 1333 180 CAPTA.

1684 153 1732 184 138
1754 197 1760 201 .

113 210 248 244 Μενοῦνγε
262 208 480 244 φιλοτιμούμεθα
502 209 550 235 καὶ
574 209 652 235 αὐτοὶ
669 208 758 242 λέγειν
777 209 831 235 ἰδοὺ
848 209 891 235 καὶ

948 217 999 235 nus
1008 214 1100 236 noster
1111 208 1122 235 i
1135 208 1216 243 idque
1232 209 1359 243 quoniam
1370 214 1449 234 nemo
1456 208 1569 236 verbum
1584 209 1610 236 in
1627 218 1677 238 nos
1691 219 1734 238 re-

114 257 193 284 πάλιν
208 257 306 291 ἡμεῖς·
324 255 371 287 Τίς
393 255 470 290 ἡμῶν
493 255 587 290 κύριός
612 255 697 286 ἐστιν,
724 254 761 286 ὡς
784 254 897 289 μηδενὸς

113 304 177 336 ἡμῖν
191 302 293 336 φαῦλον
306 302 545 336 ἐπιψηφισαμένου
563 300 646 335 μηδέν
660 308 667 333 ;
687 301 718 326 Ὢ
734 301 782 335 τῆς
794 301 822 326 ὲν
833 300 898 334 ἡμῖν

112 347 305 381 δοσαισθῃσίας
320 347 327 373 i
343 347 381 381 μή
400 355 444 382 μοι
466 346 495 373 δὲ
509 347 626 381 γένοιτο,
652 346 698 372 καὶ
719 345 898 380 ἀναισθησίας

114 394 210 425 εἰπεῖν,
231 394 259 420 ἐν
275 392 312 426 τῷ
330 392 368 427 μὴ
384 393 418 418 τὰ
437 393 511 419 αἴτια
529 393 576 420 καὶ
598 391 834 426 κατασκέψασθαι,
852 392 898 418 καὶ

113 439 230 465 ἐκποδὼν
243 438 419 473 ποιήσασθαι,
434 439 481 473 ἀφ’
495 435 532 465 ὧν
545 440 610 474 ἡμῖν
619 438 789 473 κατεὸρέχθη
798 437 898 471 κεραύ-

111 494 153 512 νια
162 485 233 511 κακά
244 493 250 500 ·
262 484 297 511 δι’
307 481 344 511 ὧν
352 484 582 519 ἐκτεφρωθέντες,
593 484 699 519 πληγὰς
708 483 896 519 ὲνετρίὸημεν,

112 529 179 556 ἇσπε
184 538 200 564 ρ
208 530 257 556 οὐκ
264 528 296 556 ἂν
303 529 390 560 οὐδεὶς
400 530 521 564 μακροὺς
527 529 664 560 ἐνιαυτοὺς
671 527 896 564 ἀπαλθησόμεοα.

147 576 215 611 ρμδ’.
233 575 293 602 Εἰσὶ
316 575 444 602 δὲταῦτα
467 574 508 610 (οὐ
525 575 580 609 γὰρ
603 574 721 609 ὀκνήσω,
741 575 789 601 καὶ
815 575 896 602 πάλιν

111 622 140 647 τὸ
151 622 198 647 τοῦ
213 620 293 655 λόγου
309 621 500 656 χειριοάμενος
516 620 643 654 ἄροτρον,
660 619 832 654 ἀναπολῆσαι
846 620 895 655 τὴν

112 668 170 695 κατ’
194 667 244 701 ἐμὲ
268 666 457 702 πνευματικὴν
485 666 589 700 ταύτην
603 665 665 699 γῆν,
692 665 738 692 καὶ
757 665 802 692 τὸν
824 666 895 692 θεῖον

113 713 266 749 σπόρον,ὡς
279 713 405 744 εἴθισται,
415 711 589 746 καταϐαλεῖν)
600 719 607 726 ’
623 711 648 737 οι
660 711 800 745 φθόνοι,τδ
813 719 896 746 πρεσ-

111 760 223 786 ϐύτατον
239 759 334 791 κακὶν,
347 758 378 784 τὸ
393 758 441 784 τοῦ
455 758 600 784 καλλίστου
615 757 686 788 ζώου
701 758 771 792 μέγα
786 755 890 792 αἶσχος,

112 806 139 832 τὸ
151 805 236 832 δεινὸν
250 804 298 831 τοῦ
315 804 516 835 καταπεσόντος
528 803 666 838 ἐωσφόρου
687 803 784 836 θέεῖον,
799 803 814 829 ὃ
830 811 893 830 συν-

111 851 234 886 εφήψατο
261 850 312 885 τῆς
334 851 363 877 ἐν
385 850 449 884 ἡμῖν
463 848 613 877 κακοποιοῦ
638 848 851 884 κεραυνώσεως⁵
867 849 892 874 oi

112 897 290 931 συγ-γέροντες
307 895 346 931 τῷ
373 896 461 930 φθόνῳ
477 894 567 929 τῦφοι,
581 895 622 927 είς
636 894 682 926 οὓς
696 896 719 927 ὸ,
735 893 772 926 ὡς
792 895 891 926 εἰπεῖν,

110 942 269 978 τυφογέρων
285 942 390 977 δαίμων
414 941 583 972 ἀναϐιϐάσας
598 941 682 976 ἡμᾶς,
701 940 749 968 καὶ
773 948 895 976 προσκυ-

111 987 214 1022 νηθεὶς,
240 988 277 1019 ὡς
301 988 346 1014 ἐπὶ
373 987 525 1022 βασιλείαις
550 987 633 1019 τισὶν,
659 983 718 1013 εἶτα
743 986 893 1023 κατέρριψε

111 1034 184 1060 κάτω
199 1033 288 1068 βαλὼν
304 1033 367 1065 τοὺς
381 1033 494 1064 πολλοὺς
505 1033 552 1059 καὶ
563 1033 605 1064 εἰς
623 1032 759 1068 τάρταρον
769 1040 777 1048 ·
794 1033 823 1059 αἱ
835 1033 892 1059 δια-

112 1079 199 1112 ϐολαὶ,
215 1079 243 1106 αἶ
261 1078 309 1110 τὰς
324 1079 490 1114 θανασίμους
506 1078 567 1105 καθ’
586 1079 663 1114 ὴμῶν
680 1078 834 1105 ἀπεύουναν
851 1078 894 1113 βο⁴

110 1125 156 1157 λάς
168 1133 175 1139 ·
189 1125 218 1151 τὸ
235 1125 303 1159 βαθὺ
318 1125 425 1159 ψεῦδος,
441 1121 471 1152 οὗ
489 1124 611 1151 ἕνεκενιὸ
623 1125 671 1157 τῆς
686 1124 816 1159 ἀληθείας
828 1124 893 1156 Θεὸς

109 1171 199 1206 ἀπῆρε
217 1171 278 1201 τοὺς
294 1170 450 1205 ὀφθαλμοὺς
465 1170 495 1202 ἐξ
515 1170 611 1205 ἡμῶν·
627 1170 657 1196 τὸ
678 1170 892 1205 φιλοχρήματον,

109 1211 139 1240 οὗ
157 1214 216 1241 κατ’
233 1214 323 1241 αἰτίαν
339 1214 368 1241 εὖ
384 1214 599 1248 δεδικαιωμένοι,
617 1214 727 1241 πάντων
744 1214 893 1249 χρημάτων

109 1260 356 1295 ἀπεγυμνώθημεν,
373 1260 435 1295 δίχα
451 1268 483 1294 γε
509 1259 562 1287 τῶν
586 1260 634 1287 καὶ
657 1261 741 1287 εἰσέτι
755 1261 793 1296 τῷ
807 1262 893 1297 φολεῷ

110 1305 197 1340 τούτῳ
223 1305 414 1337 ἐπωαςὸντων,
441 1305 566 1332 κάκεῖθεν
597 1305 891 1341 καταθρασυνομένων,

108 1353 162 1379 τῶν
178 1352 215 1387 μὴ
235 1352 356 1387 φωλεοὺς
375 1353 502 1388 ἐχόντων,
519 1352 584 1379 ἔνθα
600 1352 719 1379 κλινοῦσι
743 1352 794 1384 τὰς
809 1362 894 1389 κεφααε

108 1399 157 1430 Mt;
177 1399 212 1434 (οἳ
239 1398 423 1436 βλεπέτωσαν,
454 1398 577 1434 μήποοεν
603 1398 676 1432 ὄφις,
704 1398 813 1430 ὁποίους
839 1399 893 1435 χρὴ

106 1445 232 1478 δεδιέναι,
260 1444 419 1479 ὑφερπύσας
440 1444 579 1480 ἀχρειώσῃ
600 1445 690 1476 αὺτοῖς
713 1446 747 1472 τὰ
768 1446 817 1480 τῆς
834 1455 892 1480 φω-

107 1491 191 1523 λείας,
215 1491 252 1522 ὡς
278 1491 314 1526 μὴ
337 1490 571 1526 τελεσφορηοῆναι
594 1491 634 1523 είς
658 1491 839 1528 νεόττευσιν)·
860 1492 890 1519 αἱ

106 1537 154 1563 ἐπὶ
166 1537 227 1571 δίκῃ
256 1536 442 1570 συκοφαντίαι,
462 1536 495 1568 ἃς
519 1536 712 1572 ὑπερμισήσας
735 1537 749 1562 ὁ
774 1537 888 1570 δίκαιος,
904 1548 926 1578 c

107 1582 264 1608 ἐδικαίωσεν
283 1582 366 1616 ἡμᾶς,
383 1580 424 1613 οἷς
448 1581 499 1608 οὐκ
515 1581 548 1608 ἂν
565 1582 745 1616 συκοφαντίαν
767 1591 891 1619 προηγή-

107 1627 228 1662 σαμένην
251 1628 464 1662 ἐπικαλέσαιμεν
476 1636 484 1644 ο
500 1628 524 1654 οἱ
536 1628 582 1654 ἐπὶ
593 1627 755 1662 δανείσμασι
769 1628 890 1663 μετρίοις

106 1672 277 1708 ἀσύμμετροι
287 1674 334 1699 καὶ
348 1673 442 1709 βαρεῖς
457 1673 542 1706 τόκοι,
561 1672 601 1705 οἷς
614 1674 638 1700 oi
655 1674 810 1708 ἀπάλαμνοι
826 1682 890 1701 κατ-

107 1718 251 1754 επονοῦντο
274 1720 321 1745 καὶ
342 1720 483 1754 ἀπέριττοι
506 1719 553 1746 καὶ
576 1719 811 1754 ἀπεριουσίαστοι,
841 1720 888 1752 οὓς

106 1764 221 1799 ἐλεήσας
243 1767 257 1792 ὁ
273 1766 308 1792 τὰ
331 1765 436 1802 ἐλαφρὰ
449 1766 583 1801 φορτίζων
607 1766 683 1799 Θεὸς,
701 1768 748 1793 καὶ
765 1767 829 1798 τοὺς
842 1775 887 1794 κο-

910 879 930 906 Β

951 259 1069 288 torquet.
1085 254 1107 281 Ο
1130 254 1321 282 hebetudinem
1339 255 1477 280 nostram!
1501 254 1579 281 Absit
1595 259 1684 282 autem
1705 261 1733 282 ιιι
1782 280 1784 284 ,

954 299 1148 326 behetudinem
1169 307 1306 331 accusem,
1333 300 1385 326 nisi
1410 305 1519 334 peceata
1548 301 1687 336 inquiram
1705 307 1734 329 ct

950 345 1082 380 rejieiam,
1100 350 1213 380 propter
1230 353 1290 380 quin
1307 345 1421 372 fulmina
1444 346 1503 373 dira
1519 348 1545 373 in
1563 355 1613 375 nos
1628 348 1733 376 cecide-

950 396 1021 424 runt,
1043 393 1143 426 quibus
1168 394 1336 421 concremati
1354 401 1450 422 sumus
1462 414 1468 426 ,
1488 401 1503 421 a
1518 395 1619 429 quibus
1637 396 1729 430 plagas

947 438 1114 472 accepimus,
1131 446 1201 473 quas
1219 439 1295 466 multi
1311 440 1373 466 anni
1389 447 1440 467 non
1459 440 1606 468 sanabunt.

983 578 1044 605 144,
1063 577 1132 606 Sunt
1151 580 1241 603 autem
1258 584 1330 603 nunc
1344 576 1400 603 haec
1420 577 1485 611 (non
1500 577 1572 604 enim
1596 584 1638 603 me
1657 577 1731 611 piget

947 626 975 650 ut
991 623 1088 650 iterum
1105 621 1137 648 ad
1155 626 1275 648 aratrum
1292 621 1365 648 verbi
1380 621 1483 648 mittam
1510 629 1619 648 manum
1632 641 1640 654 ,
1659 622 1730 648 hanc

947 675 1034 696 meam
1054 676 1181 696 renavem
1197 668 1366 702 spiritualem
1385 671 1485 695 terram
1500 693 1508 704 ,
1529 670 1676 703 semenque
1692 668 1731 694 di-

945 713 1037 740 vinum
1055 721 1131 740 more
1149 713 1231 741 solito
1247 712 1402 748 spargam):
1418 711 1530 744 invidia,
1543 713 1644 739 malum
1662 713 1731 739 anti-

945 759 1117 794 quissimum.
1136 759 1260 786 animalis
1273 758 1458 786 venustissimi
1470 765 1566 792 magna
1579 758 1729 792 turpitudo,

944 804 1063 831 Luciferi
1087 803 1198 830 coalitus
1222 803 1384 839 praecipitati
1405 804 1496 834 dirum
1523 803 1639 838 sulphur
1657 803 1729 838 quod

945 848 1048 876 fulmen
1062 848 1198 876 funestum
1211 849 1238 875 in
1253 849 1332 876 nobis
1347 849 1484 882 accendit;
1498 846 1611 876 comites
1622 847 1730 876 invidia:

945 895 992 922 alti
1009 894 1133 929 spiritus,
1151 894 1178 921 in
1193 901 1266 928 quos,
1277 895 1383 922 damon
1399 894 1538 922 fastuosns
1552 902 1602 922 nos
1618 899 1729 929 protru-

945 942 997 975 sit;
1018 940 1079 969 dein
1094 941 1225 969 adoratus
1240 949 1254 967 a
1271 941 1353 969 nobis
1367 941 1538 978 niore‘regio
1554 940 1686 976 plurimos
1701 942 1729 968 in

945 987 1083 1015 infernum
1105 987 1258 1022 praecipites
1273 987 1344 1022 egit;
1359 987 1514 1020 calumnite,
1528 984 1578 1022 'qui
1600 987 1729 1014 mortales

945 1033 1024 1061 nobis
1039 1033 1131 1068 plagas
1144 1033 1315 1064 indixerunt;
1331 1026 1504 1066 mendacium
1516 1033 1608 1066 fallax,
1619 1039 1731 1068 propter

945 1078 1015 1112 quod
1043 1077 1114 1105 Deus
1139 1077 1233 1104 oculos
1258 1084 1272 1103 a
1296 1077 1374 1104 nobis
1398 1078 1512 1111 avertit;
1530 1078 1657 1110 avaritia,
1682 1085 1731 1112 per

944 1131 1026 1158 quam
1053 1130 1106 1150 non
1128 1122 1285 1158 justificati,
1306 1123 1360 1149 sed
1377 1123 1476 1150 merito
1492 1123 1619 1151 omnibus
1647 1124 1728 1151 bonis

944 1169 1016 1196 exuti
1036 1176 1143 1201 smnus,
1161 1169 1282 1203 exceptis
1300 1169 1334 1195 iis
1353 1169 1398 1203 qui
1415 1171 1441 1195 in
1458 1169 1578 1196 latibulis
1596 1169 1728 1202 resident,

944 1219 971 1242 et
988 1215 1051 1242 inde
1068 1219 1170 1243 temere
1180 1218 1264 1249 agunt
1277 1215 1304 1242 in
1317 1221 1364 1242 eos
1377 1215 1423 1248 qui
1439 1222 1538 1242 caveas
1549 1223 1602 1242 non
1615 1215 1728 1248 habent,

944 1260 991 1287 ubi
1011 1264 1093 1295 caput
1112 1260 1248 1287 reclinent
1263 1259 1384 1293 (videant
1400 1259 1426 1286 hi
1444 1266 1478 1286 ne
1494 1267 1608 1294 Serpens
1633 1259 1729 1286 formi—

944 1306 1052 1334 dandus
1066 1313 1213 1341 erumpens
1228 1313 1325 1333 caveas
1343 1313 1440 1333 eorum
1459 1311 1565 1333 evertat
1578 1306 1615 1332 ita
1639 1310 1669 1333 ut
1684 1306 1728 1333 ni-

947 1353 1054 1380 dificari
1079 1353 1179 1380 ibidetn
1198 1361 1251 1380 non
1269 1353 1407 1387 possint);
1431 1352 1506 1380 t‘alsm
1525 1352 1727 1385 accusationes,

943 1406 1014 1434 quas
1032 1402 1191 1426 exsecratus
1206 1406 1320 1434 magnus
1332 1398 1419 1426 Judex
1434 1406 1484 1432 nos
1495 1397 1644 1433 judicavit;
1660 1405 1726 1425 usti-

943 1452 980 1472 rae
991 1445 1140 1473 immodicae
1149 1445 1324 1480 pecuniarum
1335 1449 1431 1472 mutuo
1438 1451 1618 1479 sumpvarum,
1627 1444 1727 1479 quibus

945 1490 1071 1518 homines
1086 1490 1222 1525 simplices
1237 1494 1263 1518 et
1276 1498 1365 1517 rerum
1380 1490 1514 1525 angustiis
1530 1490 1619 1517 vexati
1632 1490 1725 1525 oppri-

944 1536 1100 1568 mebantur,
1118 1543 1234 1571 quorum
1253 1537 1326 1563 Deus
1351 1537 1501 1570 sospitator
1527 1536 1668 1568 misertus,
1685 1537 1726 1563 la-

942 1584 1072 1610 borantes
1086 1588 1113 1610 et
1127 1585 1255 1609 oneratos
1270 1582 1302 1609 ad
1321 1582 1438 1616 quietem
1460 1582 1577 1614 invitat,
1604 1582 1724 1616 gladium

941 1628 1071 1663 utrinque
1097 1635 1233 1655 exacuens
1258 1631 1289 1663 ut
1309 1628 1371 1655 talis
1393 1628 1476 1662 prolis
1500 1633 1604 1663 patrem
1627 1630 1724 1661 orbet;

940 1675 986 1709 qui
1001 1682 1015 1701 a
1031 1673 1166 1709 principio
1183 1681 1197 1700 a
1211 1677 1288 1708 patre
1308 1674 1382 1708 gigni
1406 1681 1462 1701 non
1478 1674 1632 1707 debebant;
1649 1676 1724 1710 quod

942 1725 1032 1747 autem
1048 1719 1082 1747 de
1098 1726 1127 1746 re
1144 1718 1274 1753 penuaria
1292 1723 1413 1746 metuant
1426 1739 1434 1751 ,
1457 1719 1527 1746 inter
1548 1727 1642 1747 omnes
1657 1728 1724 1748 con-

940 1769 1004 1792 sint.

106 1812 226 1843 πιῶντας
258 1814 304 1840 καὶ
334 1813 565 1848 πεφορτισμένους
594 1813 816 1848 προκαλούμενος
847 1815 887 1845 είς
907 1813 1073 1845 ἀνάπαυσιν,
1098 1812 1236 1846 μάχαιραν
1263 1811 1451 1847 κατηκόνησεν
1475 1811 1573 1844 ἔξωθέν
1608 1821 1637 1839 τε
1676 1814 1725 1840 καὶ

104 1856 223 1891 ἐσωοεν,
243 1857 409 1884 ἁτεκνοῦσαν
433 1858 498 1890 τοὺς
527 1858 574 1884 τοῦ
607 1858 728 1884 τοιούτου
748 1859 830 1886 τόκου
864 1859 1002 1894 πατέρας·
1017 1858 1041 1884 οἳ
1067 1857 1135 1893 μηδὲ
1159 1857 1208 1892 τὴν
1232 1857 1320 1892 ἀρχὴν
1345 1858 1481 1892 σπαρῆναι
1506 1859 1574 1893 πρὸς
1599 1858 1724 1894 πατέρων

105 1903 219 1938 ὤφειλον
233 1911 239 1919 ⁸
253 1906 278 1930 ει
292 1904 320 1931 δὲ
337 1906 384 1932 καὶ
397 1906 429 1932 ἐκ
442 1905 494 1931 τῶν
508 1905 641 1940 ταμιείων
652 1906 734 1941 φόϐος
770 1907 833 1938 τοὺς
857 1907 996 1937 τοιούτους
1011 1906 1084 1941 ἔσχε,
1101 1907 1147 1933 καὶ
1162 1906 1273 1940 οἴδαμεν
1290 1906 1337 1932 καὶ
1351 1906 1449 1933 οἴδασι.

143 1955 212 1987 ρμε¹.
234 1952 447 1988 Προσλογιστέον
462 1953 517 1984 τοῖς
535 1952 646 1987 φαύλοις
666 1953 696 1979 ὲν
710 1954 776 1987 ἡμῖν
790 1953 887 1984 αἰτίοις

104 1999 153 2024 καὶ
162 1999 192 2025 τὸ
203 1998 252 2033 τῆς
264 1998 354 2034 φιλίας
368 1998 611 2034 εὐπεριφρόνητον,
622 1999 670 2025 καὶ
681 1999 711 2025 οὐ
726 1999 887 2033 μακρόϐιον,

104 2043 162 2071 ἀλλ’
177 2044 329 2080 ἐφήμερον·
347 2044 409 2071 ὅθεν
426 2044 601 2079 κεκινημένοι
620 2045 650 2070 τὶ
669 2044 764 2079 ἄγριον
782 2044 886 2079 βάρσα.

105 2097 151 2124 ρον
166 2089 283 2116 διέοιντο
296 2090 337 2120 είς
359 2090 432 2125 ἡμᾶς
454 2089 489 2116 τὰ
507 2089 552 2116 διὰ
562 2089 625 2125 βίου
645 2089 885 2126 θρηνηθησὸμενα.

104 2135 274 2162 Συντακτέον
299 2135 405 2167 τούτοις
420 2136 466 2162 καὶ
488 2135 520 2162 τὸ
538 2135 697 2171 ἀχάριστον,
718 2137 765 2163 καὶ
777 2137 887 2171 ἀπάσης

103 2182 215 2216 χάριτος
238 2182 425 2216 εὐεπίληστον,
446 2182 494 2209 καὶ
514 2179 571 2209 οἷον
595 2182 722 2217 θνήσκειν
745 2183 826 2218 ταχὺ,
850 2183 888 2213 ὼς

103 2227 165 2261 ἆμα
181 2227 312 2261 ὴλεῆσθαί
335 2236 407 2259 τινα,
428 2228 475 2255 καὶ
487 2228 615 2255 τεθνάναι
637 2228 685 2263 τὴν
710 2228 800 2264 χάριν,
817 2229 888 2255 κατὰ

101 2272 153 2308 τὴν
177 2273 337 2308 παροιμίαν.
355 2273 401 2300 Διὸ
426 2274 551 2309 ἥρπασεν
565 2275 579 2300 ὁ
595 2274 660 2306 Θεὸς
675 2275 722 2308 ἀφ’
745 2275 824 2310 ἡμῶν
838 2275 887 2306 τὰς

103 2319 230 2353 χάριτας,
244 2316 288 2350 αἷς
299 2320 331 2345 ὲκ
347 2319 454 2354 μακροῦ
466 2319 496 2346 τὸ
505 2319 567 2346 καθ’
580 2321 652 2355 ἡμᾶς
665 2321 744 2355 λάχος
754 2319 885 2355 ὡράῖστο.

104 2365 316 2399 Προσγραπτέον
329 2365 414 2391 καὶτὸ
424 2365 535 2400 ἁνηλεὲς
543 2366 589 2392 ἐπὶ
599 2367 661 2397 τοὺς
669 2365 754 2400 βραχύ
766 2374 792 2392 τι
801 2374 886 2401 προσ-

102 2411 263 2446 κρούοντας,
279 2411 307 2443 ἐξ
319 2407 349 2437 οὗ
365 2411 395 2436 τδ
413 2411 585 2446 καταρρίψειν
602 2412 676 2446 ἡμᾶς
696 2412 758 2446 ἄρτι
773 2411 887 2446 ἁνηλεὲς

101 2458 133 2484 τὸ
158 2458 345 2484 δικαιότατον·
361 2457 440 2492 εἴπερ
464 2458 494 2483 οὐ
513 2458 600 2492 μικρά
620 2466 681 2484 τινα
703 2459 795 2492 ἡμεῖς,
816 2458 884 2484 ἀλλά

102 2504 189 2540 μυρία
206 2503 470 2539 προσκεκρουκότες,
482 2502 512 2529 οὺ
527 2502 645 2529 τοσαῦτα
659 2503 777 2537 τίνομεν.
797 2504 885 2538 Προσ-

102 2549 269 2585 ενουμητέον
293 2551 342 2583 οὐχ
356 2549 455 2583 ἣκιστα
475 2549 521 2574 καὶ
534 2547 582 2582 τὴν
593 2547 648 2574 τῶν
662 2547 741 2574 θείων
757 2549 886 2583 περιφρό-

102 2604 193 2630 νησιν,
207 2595 237 2621 τὸ
251 2595 397 2630 χείριστον,
414 2594 516 2620 καὶτὸν
532 2594 575 2620 ἐπ’
591 2594 682 2624 αὐτοῖς
694 2593 791 2626 γέλων,
808 2593 837 2624 ἑξ
848 2591 885 2620 ὦν

101 2642 374 2676 περιπεφρονήμεθα,
398 2641 428 2667 οὐ
445 2641 512 2676 πρὸς
533 2640 702 2675 κατάγελων,
727 2640 793 2666 ἀλλὰ
817 2639 883 2674 πρὸς

99 2688 224 2723 ὀλεθρον.
243 2685 279 2713 'H
298 2687 353 2722 γὰρ
369 2687 419 2713 οὐκ
435 2687 545 2722 οἴδαμεν
566 2687 629 2717 τοὺς
645 2688 673 2713 ἐν
695 2687 760 2722 ἡμῖν
775 2686 886 2721 ὀρογλυ-

101 2734 221 2768 φοῦντας
236 2734 271 2760 τὰ
289 2734 343 2760 τῶν
355 2733 451 2767 ἁγίων,
466 2734 513 2759 καὶ
529 2733 742 2768 ὑποσπωμένους
762 2733 830 2760 αὐτὰ
845 2733 885 2766 είς

101 2782 299 2818 κληρονομίαν,
329 2782 375 2808 καὶ
403 2782 607 2817 καυχωμένους,
630 2782 676 2815 ὡς,
703 2782 744 2816 ἐφ’
777 2780 816 2813 οἷς
843 2782 909 2814 Θεὸς

101 2839 288 2861 tantum);

243 2880 374 2909 Pnnou
401 2878 458 2910 GR.
481 2876 638 2908 CXXXVI.

905 2213 926 2240 D

977 1953 1038 1981 MS.
1053 1952 1125 1980 Inter
1136 1957 1245 1987 peccata
1255 1956 1349 1980 nostra
1366 1953 1549 1980 recensendas
1560 1954 1631 1981 venit
1641 1955 1723 1982 etiam

941 1999 1068 2027 amicitiae
1085 2003 1260 2033 contemptus
1274 2003 1302 2026 ct
1328 1998 1390 2026 vitae
1413 1999 1543 2033 brevitas,
1566 2001 1666 2035 quibus
1684 2003 1724 2029 iu-

941 2046 1097 2073 humanitas
1109 2045 1211 2081 jugiter
1220 2045 1384 2079 deploranda
1401 2046 1479 2073 nobis
1493 2046 1574 2073 insita
1585 2051 1637 2074 est.
1648 2048 1724 2076 Adde

942 2091 994 2118 huc
1010 2090 1094 2118 animi
1110 2090 1331 2125 ingratitudinem
1345 2095 1372 2118 et
1395 2091 1486 2118 omnis
1505 2093 1600 2126 gratia:
1624 2094 1723 2121 absen-

943 2137 1022 2169 tiam,
1033 2137 1069 2163 ita
1081 2140 1111 2163 ut
1123 2136 1205 2163 citius
1220 2136 1351 2163 moriatur
1360 2136 1459 2171 aliquis
1469 2145 1549 2171 quam
1563 2144 1593 2165 ut
1608 2139 1723 2173 proximi

943 2182 985 2209 sui
1000 2189 1063 2209 eum
1080 2182 1217 2213 misereat,
1231 2181 1307 2215 quia,
1326 2186 1356 2208 ut
1374 2186 1415 2210 est
1430 2182 1456 2209 in
1472 2183 1623 2217 proverbio,
1637 2186 1723 2219 gratia

941 2233 1062 2255 emortua
1081 2232 1132 2255 est.
1147 2227 1231 2262 Igitur
1245 2227 1318 2256 Deus
1342 2229 1487 2263 gratiarum
1508 2229 1622 2257 chorum
1644 2232 1723 2260 nobis

940 2274 1039 2306 eripuit
1054 2281 1115 2308 qua:
1135 2274 1203 2301 sorti
1219 2277 1320 2301 nostrae
1340 2275 1480 2302 associataz
1496 2276 1615 2304 fuerant.
1632 2278 1723 2305 Annu-

946 2319 1066 2346 merabis
1092 2327 1174 2354 porro
1189 2320 1280 2347 cordis
1295 2320 1423 2348 duritiem
1443 2321 1471 2347 in
1492 2329 1539 2349 eos
1560 2323 1606 2357 qni
1628 2323 1724 2352 leviter

941 2371 991 2392 nos
1009 2363 1193 2397 offenderunt,
1219 2365 1264 2391 ubi
1288 2365 1515 2393 imtnisericordia
1542 2375 1591 2402 pro
1615 2368 1722 2402 iustitia

940 2409 1073 2442 habetur;
1091 2417 1144 2437 non
1159 2411 1230 2437 enim
1248 2415 1352 2438 tantum
1376 2411 1520 2446 plectimur
1536 2414 1581 2447 qui
1598 2421 1650 2440 non
1673 2422 1720 2449 pa-

939 2463 1009 2487 rum,
1038 2455 1085 2483 sed
1113 2456 1232 2491 graviter
1259 2456 1391 2487 laesimus.
1418 2457 1565 2487 Addendus
1587 2461 1722 2496 praecipue

939 2509 1029 2528 rerum
1044 2502 1199 2529 divinarum
1215 2507 1387 2537 contemptus
1400 2509 1428 2531 et
1443 2504 1525 2538 risus,
1534 2507 1662 2540 .pcssima
1679 2515 1723 2534 res

939 2548 1079 2582 omnium;
1096 2556 1145 2576 nos
1160 2549 1231 2575 enim
1254 2555 1279 2576 et
1302 2549 1352 2584 ipsi
1372 2555 1556 2586 contemptum
1576 2552 1720 2587 patiemur,

940 2595 986 2622 sed
1004 2602 1058 2621 non
1081 2595 1148 2626 risu,
1169 2599 1196 2621 at
1227 2595 1309 2622 exitio
1332 2597 1544 2625 terminandum.
1565 2598 1624 2626 Non
1649 2600 1719 2626 enim

939 2640 1065 2667 novimus
1082 2647 1130 2668 eos
1147 2641 1193 2675 qui
1219 2649 1262 2668 res
1284 2649 1379 2670 sacras
1401 2642 1537 2671 definiunt
1560 2652 1661 2680 easque
1687 2647 1719 2671 ad

937 2693 1014 2713 suam
1029 2687 1215 2714 hereditatem
1234 2688 1383 2721 trahentes,
1404 2693 1431 2716 et
1447 2691 1601 2725 gloriantur
1623 2691 1719 2726 jejuni:

937 2733 1077 2768 privilegio
1089 2741 1103 2760 a
1120 2732 1175 2761 Deo
1186 2734 1260 2762 dato.

938 2781 1039 2809 ὑπνοῦν
1061 2783 1260 2816 προσποιεῖται,
1281 2784 1380 2816 αὐτοὺς
1405 2786 1551 2821 νηφαλίους
1577 2784 1656 2816 ὄντας
1672 2785 1718 2810 καὶ

1504 2879 1520 2908 5
