1962 3087
176 137 223 168 151

531 142 742 172 EllSTATHIl
756 141 900 172 TIIESSA
906 141 1095 174 LONICENS
1102 145 1107 172 ί
1114 145 1134 175 S
1154 144 1436 177 METROPOLlTsE

1739 146 1789 179 152

174 199 279 224 ruuam,
296 200 356 230 qum
385 193 537 229 hujusmodi
563 201 679 224 victores
701 201 799 228 ornat;
828 200 951 231 oportere

1003 200 1066 231 τοὺς
1079 200 1217 232 τοιούτους
1232 202 1398 237 νικηφόρους
1406 201 1519 236 κοσμεῖ·
1532 201 1630 236 χρῆναι
1646 201 1673 227 δὲ
1688 201 1788 236 ἄλλως,

173 243 262 265 autem
289 244 419 272 prmterea
446 248 536 269 coram
561 242 710 269 innumeris
737 243 850 274 testibus
879 242 951 274 omni

170 285 319 311 certamine
342 293 483 320 superare,
502 291 668 322 exterasque
691 288 822 323 perﬁcere
850 295 952 323 pugnas

170 330 335 364 spiritualcs.
346 331 384 358 lta
399 332 468 363 enim
483 332 527 359 ille
537 332 582 367 qui
595 340 686 360 coram
703 333 850 361 innumeris
865 333 952 361 oculis

170 377 317 410 prosternit
341 377 490 409 inimicum,
511 385 564 405 non
582 378 763 406 confundetur
778 387 868 410 coram
889 379 953 406 soli-

169 415 266 450 tariam
283 423 364 450 vitam
386 429 491 459 agente,
514 425 652 460 superabit
674 432 776 458 autem,
805 426 952 461 utopinor,

169 469 299 502 praeclaro
316 468 448 496 facinore.
464 469 608 498 Solitarins
632 471 703 498 enim
721 471 799 506 quasi
827 479 874 506 per
893 471 952 506 pla-

170 520 234 539 num
251 512 428 545 curriculum,
446 514 519 545 nullo
537 515 696 550 interposito
713 514 914 550 impedimento,
926 519 953 542 et

170 558 296 590 luctatur,
316 563 344 585 et
357 558 453 592 currit,
471 564 497 586 et
512 564 622 594 pugnat,
639 564 666 587 et
683 565 779 587 caetera
795 560 953 588 certaminis

172 602 255 635 facil;
270 610 364 630 servus
379 609 468 629 autem
486 603 531 630 Dei
551 605 596 638 qui
614 603 717 632 medias
729 612 777 639 per
790 605 882 633 mundi
897 604 954 632 vias

169 652 265 681 certat,
280 648 426 675 substratis
443 649 558 681 tribulis,
574 656 641 684 quos
656 654 682 677 et
700 656 807 684 semper
831 649 914 685 gignit
927 642 953 677 οἶ

169 693 241 721 acuit
256 694 434 727 incomposita
460 695 524 726 vita,
551 695 807 730 suhjacentibusque
830 695 953 722 innume-

169 738 209 765 ris
229 739 313 772 petris
329 738 497 771 olicndiculi,
516 745 621 773 certat;
649 740 766 774 ideoque
792 743 851 774 post
869 740 954 767 victo-

170 783 239 809 riam
266 784 345 811 habet
371 785 458 820 majus
486 790 685 818 ornamentum,
711 791 899 821 praetereaque
927 789 955 813 ct

171 829 238 857 alios
253 829 286 856 ad
298 830 422 857 eumdem
437 830 525 861 zelum
546 836 682 864 provocat,
698 835 724 858 et
740 831 776 858 ita
793 831 953 866 multiplicat

168 876 315 902 secundum
335 875 417 903 Deum
440 877 587 912 principes.
607 876 634 904 Si
650 885 713 905 vero
728 877 772 911 qui
798 877 949 904 solitarium

169 921 297 949 athletam
310 923 380 949 videt
400 923 425 949 in
452 923 620 957 abscondito,
645 924 769 951 retribuit
797 923 950 955 manifeste,

168 974 258 994 nonne
275 967 298 994 ei
314 967 360 1002 qui
378 967 521 996 manifeste
535 973 631 999 certat,
650 974 677 996 et
691 969 732 996 sic
749 968 863 1004 effugit:
881 978 890 995 ι
906 969 951 996 Va:

168 1012 252 1044 soli',
273 1022 281 1038 ι
301 1018 326 1040 et
352 1013 455 1047 lapsum
483 1014 685 1049 irreparabilem
703 1015 833 1050 justitiam
859 1015 952 1048 reddet

168 1063 268 1092 praeter
284 1061 550 1087 remunerationem?
578 1061 623 1088 Sic
649 1061 687 1088 sol
714 1061 826 1096 pulcher
841 1066 881 1089 est
901 1062 951 1097 (sol

167 1107 210 1129 est
232 1104 327 1137 enim),
353 1105 458 1138 quando
477 1105 527 1132 sub
555 1110 654 1133 terram
685 1107 736 1133 iter
768 1106 846 1139 facit,
865 1115 951 1142 neque

167 1149 312 1183 quisquam
335 1150 360 1176 in
376 1157 435 1177 eum
458 1150 550 1178 oculos
571 1151 684 1186 injicere
703 1157 806 1186 potest;
832 1153 878 1180 sed
895 1160 953 1180 om-

168 1194 233 1220 nino
248 1194 387 1228 pulchrior
409 1199 451 1222 cst
475 1203 537 1223 cum
565 1200 626 1231 post
652 1203 741 1224 ortum
758 1197 868 1232 pulchra
885 1198 951 1225 facit

167 1246 337 1274 quaecunque
367 1241 500 1273 intuetur,
513 1243 610 1276 quibus
627 1250 688 1270 eum
704 1243 774 1270 Deus
791 1246 880 1270 lucere
892 1243 951 1277 jus-

166 1285 203 1312 sit
217 1293 304 1320 usque
318 1286 352 1313 ad
367 1294 506 1315 occasum.
525 1288 594 1315 Sunt
609 1293 698 1315 autem
720 1289 766 1315 Dei
783 1296 889 1324 quoque
910 1289 950 1316 in-

166 1330 303 1364 visibilia;
319 1331 396 1359 nobis
420 1339 485 1359 vero
504 1332 791 1367 incomprehensibilia
817 1338 844 1361 et
867 1333 951 1361 admi-

165 1377 261 1408 randa,
273 1377 389 1404 visibilia
402 1377 470 1411 ejus.
484 1385 530 1406 seu
546 1379 702 1406 manifesta.

202 1421 247 1448 il.
266 1421 332 1448 Cum
348 1422 404 1448 hanc
419 1426 445 1448 et
460 1422 512 1449 alia
535 1423 609 1458 (sunt
637 1423 708 1450 cuitu
728 1430 789 1450 vere
805 1423 888 1450 multa
913 1427 951 1449 ta-

168 1467 215 1502 lia)
234 1468 325 1494 animo
344 1468 713 1502 perpendissetPhilotheus,
726 1476 739 1495 a
761 1476 844 1503 puero
859 1468 949 1496 divina

167 1513 292 1543 edoctus,
311 1512 483 1540 desiderabat
501 1514 608 1548 quidem
639 1521 776 1541 secessum
794 1519 821 1541 et
850 1514 950 1541 asceti-

168 1565 226 1584 cam
244 1558 337 1590 vitam,
355 1558 426 1592 plebi
452 1558 594 1593 ignotam;
612 1563 731 1585 attamen
755 1566 832 1593 zequa
849 1563 948 1585 statera

167 1603 248 1630 simul
264 1603 392 1637 expensis
416 1604 566 1631 monastica
584 1609 610 1631 et
630 1604 767 1631 mundana
794 1604 858 1636 vita,
877 1608 950 1630 utra-

167 1656 220 1682 que
236 1650 384 1676 secundum
412 1649 506 1682 Deum,
527 1649 597 1677 sicut
619 1650 677 1684 ipse
697 1650 833 1684 distinxit,
848 1655 874 1677 et
890 1654 951 1684 post

168 1694 372 1721 distinctionem
392 1694 562 1728 approbavit,
582 1695 663 1730 elegit
679 1695 741 1722 vitae
757 1703 840 1729 genus
863 1696 950 1722 virtu-

168 1740 240 1766 tibus
255 1745 381 1766 ornatum
400 1741 471 1775 quod
488 1740 664 1768 beatissimus
689 1740 740 1768 Job
756 1746 782 1767 et
805 1741 862 1775 ipse
883 1748 950 1775 pra:-

168 1791 308 1821 optaverat
325 1791 352 1813 et
367 1789 393 1813 in
407 1795 460 1822 quo
476 1792 506 1814 ut
523 1787 567 1814 vis
583 1788 653 1814 ullus
668 1788 714 1822 qui
739 1795 860 1822 unquam
878 1787 951 1815 vixe-

170 1836 233 1858 runt
247 1831 336 1858 clarus
353 1831 415 1859 fuit.
437 1831 504 1859 Cum
521 1838 609 1859 autem
629 1833 777 1860 innumeris
796 1832 950 1868 conjugium

168 1877 325 1904 nominibus
341 1878 525 1906 commendari
542 1879 656 1911 videret,
677 1883 703 1905 ct
723 1879 792 1906 sicut
813 1882 950 1914 parentes,

168 1923 206 1950 ita
222 1928 248 1950 et
273 1923 331 1958 ipse
348 1924 372 1950 in
390 1925 490 1951 mundo
512 1925 613 1952 bonum
635 1924 734 1958 simile,
751 1925 950 1952 successionem

169 1967 321 2000 honestam,
333 1969 519 2002 posteritatem
533 1969 650 2002 beatam,
663 1969 835 1997 benedictum
847 1977 950 2002 semen,

167 2013 248 2040 vellet
264 2014 430 2049 relinquere,
444 2014 550 2050 copiam
567 2016 673 2043 consilii
694 2016 851 2051 parentibus
875 2015 950 2046 facit,

168 2062 195 2085 et
210 2058 260 2094 ipsi
276 2059 389 2087 libenter
404 2061 525 2088 sermoni
548 2061 594 2088 lilii
618 2062 813 2094 assentiuntur,
836 2068 865 2088 se
881 2061 951 2096 ipsos

169 2106 324 2132 incusantes
348 2107 418 2140 quod
444 2114 497 2133 non
528 2111 764 2142 praeoccupassent
791 2107 948 2139 consilium,

170 2153 320 2186 gaudentes
337 2156 426 2178 autem
439 2152 511 2186 quod
529 2157 554 2178 et
575 2152 601 2178 in
619 2152 670 2179 hoc
689 2157 814 2186 parentes
831 2153 952 2180 imitare—

967 870 988 898 Β

1002 247 1050 278 ,καὶ
1067 246 1114 272 ἐπὶ
1131 246 1234 274 θεατῶν
1249 248 1320 276 πάνυ
1336 247 1440 274 πολλῶν
1453 247 1670 282 παγκρατιάζειν
1683 256 1724 278 τε,
1743 248 1789 274 καὶ

1002 290 1065 323 τοὺς
1084 292 1193 324 λοιποὺς
1215 292 1337 325 ὲξανύειν
1353 293 1462 327 ἀγῶνας
1481 293 1552 320 κατὰ
1568 293 1688 327 πνεῦμα.
1708 291 1790 320 Οὕτω

1003 338 1056 373 γὰρ
1069 338 1082 364 6
1099 338 1140 364 ἐπ’
1153 338 1230 373 ὄψεσι
1244 339 1354 374 μυρίαις
1361 338 1555 374 καταρῤιπτῶν
1567 338 1613 364 τὸν
1636 337 1787 372 ἀντίμαχον

1003 384 1052 410 οὐκ
1067 383 1100 411 ἆν
1114 380 1272 419 λντρέποιτο
1290 384 1336 412 τὸν
1350 384 1513 419 μονάζοντα,
1531 383 1743 419 ὺπεραναΰαίνοι
1758 384 1788 410 δὲ

1003 430 1036 456 ἂν
1055 428 1131 465 οἴμαι
1145 430 1184 466 τῷ
1205 431 1410 466 κατορθώματι.
1431 431 1460 456 '0
1479 430 1528 465 μὲν
1544 430 1598 464 γὰρ
1614 429 1737 464 μονάζιιιν
1751 430 1789 461 ὡς

1003 475 1050 501 ἐπὶ
1065 475 1174 501 σταδίου
1189 475 1262 502 λείου
1276 476 1324 506 καὶ
1338 475 1424 510 μηδὲν
1443 474 1474 502 τὸ
1491 473 1656 510 ιωμποδίζον
1670 474 1787 508 ἔχοντος,

1003 521 1051 553 κα).
1076 521 1197 552 παλαίει,
1213 521 1260 547 καὶ
1274 521 1341 552 θέει,
1361 520 1414 549 καὶΙ
1426 520 1480 552 πὺξ
1491 521 1623 549 “evehat.
1638 519 1686 545 καὶ
1704 519 1789 546 τᾶλλα

1003 566 1050 594 τοῦ
1073 567 1178 600 ἀγῶνος
1196 567 1285 592 ποιεῖ’
1302 567 1316 593 6
1340 566 1368 594 δὲ
1385 565 1449 600 περὶ
1466 565 1551 600 μέσας
1572 565 1669 598 ἀγυιὰς
1685 564 1788 598 κόσμου

1004 612 1074 644 θεῖος
1096 612 1264 647 ἀγωνιστὴς,
1281 611 1413 647 τριϐόλων
1434 611 1664 645 ὑπεστρωμένων,
1686 609 1718 640 ἃς
1741 609 1790 635 καλ

1003 658 1119 692 ἀναφύει
1145 659 1191 684 καὶ
1214 657 1302 691 agam
1329 656 1504 692 συρφετώδης
1528 657 1596 691 βίος,
1620 656 1661 682 ἔτι
1691 656 1719 682 δὲ
1742 655 1788 681 καὶ

1003 704 1084 732 λίθων
1094 704 1283 738 ὑποκειμένων
1295 702 1398 737 μυρίων
1409 701 1635 737 προσκόμματος,
1646 700 1770 727 ἀεθλεὺει
1779 709 1787 716 ·

1002 749 1042 776 δνδ
1065 749 1112 776 καὶ
1126 750 1240 784 νικήσας
1260 748 1318 783 ἔχει
1336 757 1363 782 τι
1382 749 1429 774 καὶ
1445 747 1526 773 πλέον
1545 746 1736 780 ὲπικόσμημα,
1753 746 1788 773 τά

1003 802 1033 821 τε
1050 794 1126 826 ἀλλα,
1143 795 1189 821 καὶ
1202 795 1243 821 ὅτι
1254 794 1300 820 καὶ
1315 793 1410 825 ἄλλους
1422 794 1462 824 είς
1477 792 1523 820 τὸν
1538 792 1629 826 ὅμοιον
1643 792 1786 826 προκαλιί-

1004 848 1049 866 ται
1078 839 1167 873 ζῆλον,
1197 839 1245 866 καὶ
1273 839 1344 865 οὓτω
1372 838 1505 873 πληθύνει
1532 838 1596 868 τοὺς
1622 837 1693 864 κατὰ
1721 836 1787 863 Θεδν

1003 885 1136 919 ἀριστεῖς.
1157 885 1188 913 El
1206 884 1233 911 δὲ
1249 885 1262 910 6
1279 885 1325 911 τὸν
1339 884 1490 919 μονάζοντα
1505 882 1625 918 ἀθλητὴν
1638 882 1745 917 βλέπων
1758 883 1788 908 ὲν

1003 931 1040 965 τῷ
1060 931 1184 966 κρυπτῷ,
1202 931 1363 956 ἀποδίδωσιν
1379 931 1408 956 ὲν
1428 929 1466 964 τῷ
1485 928 1608 963 φανερῷ,
1626 929 1677 956 οὐκ
1693 928 1725 954 ἂν
1741 928 1788 954 τὸν

1003 977 1031 1003 ὲν
1047 977 1086 1011 τῷ
1103 976 1211 1011 φανερῷ
1235 975 1380 1007 ἀθλοῦντα,
1400 976 1447 1004 καὶ
1463 975 1534 1002 οὕτω
1546 974 1728 1009 διεκφυγόνῒᾳ
1745 975 1786 1005 τὸ,

1006 1031 1015 1048 ι
1032 1023 1100 1050 Οὐαὶ
1115 1023 1152 1057 τῷ
1168 1022 1219 1057 ἐνί,
1232 1031 1241 1049 ι
1254 1022 1301 1048 καὶ
1316 1021 1345 1048 τὸ
1356 1021 1501 1056 ἀνέγερτον
1514 1021 1542 1051 ἐν
1551 1020 1590 1055 τῷ
1600 1021 1766 1049 καταπεσεῖν
1777 1039 1787 1051 ,

1003 1068 1104 1102 ἀφήσει
1119 1068 1227 1099 δικαίας
1244 1067 1295 1100 ἔξω
1311 1067 1518 1098 ἀνταποδόσεως
1532 1075 1539 1099 ;
1555 1066 1633 1095 Οὕτω
1650 1067 1698 1100 καὶ
1713 1066 1787 1101 ἥλιος

1002 1113 1082 1145 καλὸς
1100 1113 1148 1148 μὲν
1160 1113 1232 1148 (ἐπεὶ
1246 1113 1293 1138 καὶ
1309 1112 1410 1147 ἥλιος),
1425 1112 1469 1138 ὅτε
1487 1111 1540 1138 ὑπὸ
1552 1113 1603 1146 γῆν
1620 1111 1718 1142 ὁδεύει,
1739 1110 1787 1137 καὶ

1000 1159 1087 1191 οὐδεὶς
1103 1158 1176 1194 αὐτῷ
1196 1158 1352 1184 ἐπιϐάλλειν
1370 1157 1425 1192 ἔχει
1443 1156 1492 1191 τὴν
1508 1157 1569 1191 ὄψιν
1581 1165 1588 1172 ⁸
1605 1157 1642 1192 τῷ
1663 1156 1741 1186 παντὶ
1758 1156 1788 1182 δὲ

1001 1206 1128 1237 καλλίων,
1144 1206 1187 1232 ὅτε
1203 1204 1347 1234 ἀνατείλας
1357 1204 1428 1230 ποιεῖ
1441 1203 1474 1229 τὰ
1487 1203 1547 1229 κατ’
1562 1203 1642 1229 αὑτὸν
1653 1202 1733 1234 καλᾲ,
1747 1200 1788 1233 οἷς

1001 1252 1103 1279 αὗτδνὸ
1117 1252 1182 1282 Θεὸς
1198 1250 1332 1285 ἐνέλαμψε
1343 1249 1424 1284 μέχρι
1439 1249 1486 1275 καὶ
1501 1249 1613 1280 δύσεως.
1629 1248 1688 1275 Εἰσὶ
1701 1247 1729 1275 δὲ
1741 1249 1788 1274 καὶ

1000 1297 1067 1324 Θεοῦ
1088 1297 1189 1331 ἀόρατα
1200 1304 1206 1310 ·
1224 1296 1288 1330 ἡμῖν
1303 1295 1331 1321 δὲ
1348 1294 1406 1321 ἀλλ’
1427 1294 1606 1328 ἀκατάληπτα
1621 1293 1669 1321 καλ
1684 1293 1790 1328 θαυμα-

1001 1343 1101 1378 ζόμενα
1121 1343 1155 1368 τὰ
1169 1342 1255 1376 ὁρατὰ
1273 1341 1380 1374 τούτου,
1400 1341 1449 1367 εἴτ’
1466 1339 1512 1372 οὖν
1530 1340 1667 1376 θεωρητά.

1038 1423 1082 1446 ια’.
1100 1418 1195 1445 Ταῦτα
1217 1418 1264 1445 καὶ
1277 1417 1360 1452 ἕτερα
1377 1417 1448 1452 (εἰσὶ
1464 1417 1492 1443 δὲ
1506 1416 1613 1452 άληθῶς
1633 1416 1719 1444 πολλὰ
1732 1426 1790 1444 τοι-

1001 1465 1081 1500 αὔτα)
1103 1465 1165 1492 καθ’
1183 1464 1280 1492 ἑαυτὸν
1300 1463 1523 1499 διαλογιζόμενος
1547 1465 1560 1490 6
1581 1465 1612 1490 ὲκ
1632 1463 1736 1490 παίδων
1756 1464 1789 1489 τὰ

1001 1513 1061 1540 θεῖα
1086 1512 1280 1547 σεσοφισμένος
1302 1510 1446 1543 Φιλόθεος,
1473 1510 1566 1536 ἐπόθει
1594 1510 1644 1543 μὲν
1667 1512 1714 1536 καὶ
1739 1510 1790 1544 τὴν

1001 1557 1186 1593 ἀναχώρησιν,
1199 1557 1245 1582 καὶ
1258 1556 1307 1590 τὴν
1319 1556 1382 1587 τοὺς
1391 1555 1494 1590 πηλοῦς
1506 1554 1690 1581 λανθάνουσαν
1701 1554 1789 1589 ἄσκηη

1002 1611 1061 1631 σιν*
1086 1601 1269 1632 ταλαντεὺσας
1285 1601 1313 1627 δὲ
1337 1601 1413 1635 ὅμως
1438 1601 1467 1626 ἐν
1485 1600 1593 1635 ἀκριῆεῑ
1608 1599 1789 1634 σταθμώματι

1000 1649 1046 1675 τὸν
1063 1647 1157 1683 μονίαν
1173 1647 1230 1682 βίον
1246 1646 1293 1673 καὶ
1311 1646 1355 1672 τὸν
1374 1645 1521 1677 πολιτικδν,
1543 1645 1606 1676 τοὺς
1620 1645 1690 1671 κατὰ
1705 1645 1782 1674 Θεὸν,

1001 1695 1039 1726 ὡς
1055 1694 1136 1726 αὐτὸς
1155 1693 1249 1724 διεῖλε,
1269 1693 1315 1718 καὶ
1333 1691 1429 1718 διελὼν
1446 1691 1600 1725 ἐπέκρινεν,
1617 1689 1726 1724 ἐγένετο
1740 1689 1787 1717 τοῦ

1001 1740 1071 1770 κατὰ
1082 1739 1139 1774 βίον
1154 1738 1282 1774 ἐναρέτου
1299 1737 1497 1770 πολιτεύματος
1511 1745 1518 1752 ·
1532 1736 1546 1762 ὂ
1558 1736 1605 1762 καὶ
1619 1736 1632 1762 6
1647 1734 1789 1770 μακαριώ-

1000 1795 1080 1817 τατος
1102 1785 1163 1812 ’1ὼὸ
1178 1783 1362 1818 προελόμενος
1376 1783 1567 1817 εὐδοκίμησεν,
1581 1781 1619 1812 ὡς
1636 1781 1686 1808 οὐκ
1701 1779 1749 1808 οἶδ’
1765 1780 1792 1809 ετ

1001 1841 1042 1863 τις
1055 1831 1109 1857 τῶν
1125 1831 1247 1858 πώποτε.
1265 1829 1320 1856 Καὶ
1332 1829 1364 1864 δὴ
1379 1828 1544 1864 μεθοδεύσας
1558 1827 1686 1862 ἐγκώμια
1697 1827 1787 1860 γάμου

1003 1877 1087 1913 μυρία
1102 1877 1163 1908 ὅσα,
1180 1876 1226 1903 καὶ
1241 1875 1381 1909 ἐθελήσας,
1399 1874 1494 1908 ὥσπερ
1505 1873 1585 1900 αὐτὸν
1600 1873 1623 1899 oi
1640 1872 1788 1907 γεννήσαν-

1001 1932 1058 1955 τες,
1084 1922 1154 1949 οὕτω
1176 1922 1223 1948 καὶ
1247 1921 1327 1952 αὐτὸς
1350 1920 1457 1954 ἀφεῖναι
1483 1918 1564 1946 καλδν
1589 1919 1681 1952 ὅμοιον
1698 1918 1727 1944 έν
1745 1916 1785 1952 τῷ

1003 1969 1106 2003 κόσμῳ,
1128 1966 1253 2002 διαδοχὴν
1271 1966 1363 2000 τιμίαν
1376 1985 1383 1997 ,
1397 1964 1525 1998 ἐπιγονὴν
1542 1963 1690 1998 μακαρίαν,
1710 1961 1789 1988 εὐλο-

1002 2013 1083 2050 γητδν
1108 2014 1230 2048 σπέρμα,
1246 2009 1385 2037 κοινοῦται
1402 2011 1432 2036 ea
1449 2009 1561 2044 σκέμμα
1578 2009 1634 2039 τοῖς
1659 2006 1790 2042 γειναμέα

1002 2068 1072 2092 νοις·
1088 2059 1135 2086 καὶ
1151 2057 1229 2085 αὐτοὶ
1249 2058 1362 2093 ἄσμενοι
1376 2056 1421 2082 τὸν
1435 2055 1482 2082 τοῦ
1498 2055 1557 2081 υίοῦ
1571 2054 1649 2088 λὸγον
1665 2053 1790 2088 προσίεν-

1001 2115 1057 2138 ται,
1074 2105 1244 2140 μεμφόμενοι
1263 2103 1313 2138 μὲν
1335 2102 1468 2134 ἑαυτοὺς,
1485 2101 1526 2127 ὅτι
1551 2099 1588 2135 μὴ
1607 2100 1788 2135 προήρπασαν

1002 2152 1051 2187 τὴν
1064 2149 1169 2186 βουλὴν,
1184 2150 1326 2185 χαίροντες
1341 2147 1380 2180 δὲ,
1394 2148 1435 2173 ὅτι
1449 2147 1495 2173 καὶ
1514 2145 1632 2177 ἐνταῦθα
1652 2144 1790 2178 πατρώζει

171 2205 214 2224 tur
229 2197 310 2223 ﬁlius.
334 2197 484 2224 Confestim
510 2198 543 2224 de
558 2198 738 2232 praenuntiam
753 2197 860 2225 solliciti
887 2203 950 2225 sunt

1003 2198 1017 2224 ὁ
1033 2198 1107 2227 παῖς.
1124 2196 1179 2222 Καὶ
1205 2194 1304 2221 αὐτίκα
1321 2193 1455 2229 μελετῶσι
1480 2191 1529 2227 τὴν
1554 2189 1790 2224 ἐκπεφωνημένην

171 2242 307 2276 coniugio,
338 2243 504 2277 vitulumque
532 2250 593 2269 cum
619 2243 668 2276 ipsi
695 2243 814 2271 habeant
842 2244 886 2278 qui
902 2247 953 2272 sub

172 2288 314 2315 benedicta
328 2287 436 2315 iuturus
459 2292 500 2315 est
524 2288 598 2323 iugo,
621 2288 951 2323 requirebantjuvencam

173 2331 309 2366 (seciam),
321 2340 372 2367 qua
385 2333 441 2360 cito
457 2332 565 2360 inventa
581 2333 809 2361 consociaverant
833 2334 905 2362 hunc
927 2340 954 2362 et

172 2377 258 2410 Illam,
280 2379 375 2412 (lignus
403 2378 519 2406 invicem
545 2379 659 2407 alterum
681 2380 776 2411 altero.
805 2372 954 2416 jugt‘tmqne

176 2423 221 2450 Dei
240 2431 287 2450 eos
315 2424 492 2451 reddiderunt
514 2429 607 2459 aptum
634 2426 667 2452 ad
684 2427 815 2453 arandum
831 2431 857 2453 et
870 2428 953 2454 senii-

174 2469 291 2496 nandum
316 2474 343 2496 et
370 2470 550 2505 colligendum
585 2472 738 2498 necessaria
767 2472 801 2498 ad
829 2472 953 2500 salutem.

175 2514 246 2542 Deus
259 2519 348 2541 autem
365 2515 411 2549 qui
427 2515 499 2549 ipsos
515 2516 634 2550 elegerat
649 2520 675 2542 et
691 2517 735 2551 qui
755 2516 860 2550 plantas
876 2525 954 2552 para-

173 2559 232 2587 diso
243 2567 375 2595 COngrttas
391 2566 519 2595 posuerat
539 2562 565 2588 in
579 2566 653 2589 terra
667 2560 883 2596 Opsicianorum.
902 2570 954 2590 non

172 2613 268 2640 passus
285 2612 327 2634 est
340 2607 401 2636 illos
417 2615 466 2635 sua
490 2609 646 2635 [naturitate
669 2616 722 2636 non
748 2609 820 2636 ferre
835 2609 953 2637 ridiccm

173 2652 297 2684 tirmatn,
332 2653 443 2688 stirpem
476 2655 692 2688 increSCentem,
727 2655 953 2689 germinationcm

172 2698 366 2730 abundantem,
386 2704 413 2726 et
441 2699 544 2728 fructus
568 2705 687 2735 tempore
716 2708 766 2727 suo
789 2708 953 2735 generosos;

173 2745 220 2772 sed
236 2745 401 2772 voluntatem
422 2746 574 2773 timentium
604 2754 632 2773 se
661 2746 687 2772 in
714 2746 887 2781 hncquoquc
915 2746 953 2773 fat—

208 2833 217 2847 ⁸
227 2831 315 2860 lictis.
344 2841 379 2866 ιγ,
401 2832 441 2861 ιο.

1004 2243 1146 2275 σύζευξιν·
1160 2241 1207 2268 καὶ
1225 2241 1272 2266 τὸν
1288 2240 1388 2274 μόσχον
1403 2238 1482 2265 αὐτοὶ
1498 2237 1615 2272 ἔχοντες,
1631 2235 1659 2267 ὃς
1675 2235 1727 2261 ὑπὸ
1744 2235 1790 2260 εὖ-

1003 2287 1152 2323 λογημένον
1165 2286 1242 2312 ἔσται
1255 2285 1348 2318 ζυγὸν,
1366 2283 1516 2317 ἐπεζήτουν
1530 2282 1579 2317 τὴν
1594 2281 1710 2315 δάμαλιν
1721 2287 1727 2295 ·
1744 2279 1790 2305 καὶ

1002 2333 1070 2366 ταχὺ
1090 2330 1247 2366 εὑρηκότες,
1271 2329 1426 2363 συνήγαγον
1448 2326 1543 2353 τοῦτόν
1564 2334 1595 2351 τε
1612 2326 1659 2351 καὶ
1681 2324 1790 2357 ἐκείνην

1003 2378 1125 2413 ἀλλήλων
1145 2376 1235 2408 ἀξίους
1247 2383 1254 2390 ·
1273 2375 1320 2401 καὶ
1344 2373 1439 2408 ζεῦγος
1454 2371 1521 2398 Θεοῦ
1537 2371 1570 2397 δι’
1582 2370 1672 2397 αὐτῶν
1691 2370 1790 2396 ἁπετὲ-

1004 2423 1096 2454 λεσαν,
1112 2421 1198 2454 δεξιὸν
1211 2420 1258 2447 καὶ
1273 2418 1358 2454 ἀροῦν
1377 2419 1424 2445 καὶ
1441 2417 1563 2452 σπείρειν
1579 2416 1626 2442 καὶ
1643 2414 1791 2450 φορτηγεῖν

1003 2468 1038 2495 τὰ
1059 2466 1189 2503 σωτήρια.
1210 2465 1275 2496 Θεὸς
1296 2465 1323 2492 δὲ
1341 2466 1354 2491 ὁ
1373 2463 1485 2494 τούτους
1510 2461 1719 2496 ἐπιλεξάμενος,
1742 2459 1791 2485 καὶ

1005 2512 1078 2546 φυτὰ
1096 2510 1252 2547 παραδείσῳ
1268 2509 1410 2545 πρέποντα
1425 2507 1569 2542 ἐνθέμενος
1586 2507 1618 2541 τῇ
1638 2506 1692 2532 τῶν
1713 2505 1791 2538 ὀψι-

1006 2558 1107 2586 κιανῶν
1123 2559 1173 2593 γῇ.
1199 2558 1249 2583 οὐκ
1271 2557 1359 2591 ἀφῆκε
1384 2555 1421 2590 μὴ
1439 2553 1638 2588 τελεσφορῆσοιι
1654 2552 1724 2578 αὐτὰ
1744 2549 1792 2577 καὶ

1008 2606 1115 2642 pic-egra
1140 2605 1308 2639 στερέμνιον,
1330 2603 1377 2629 καὶ
1402 2601 1524 2637 πρέμνου
1551 2597 1718 2634 ἀναδρομὴν,
1743 2597 1792 2622 καὶ

1009 2652 1127 2688 βλάστην
1144 2651 1247 2685 ἁδρὰν,
1269 2650 1315 2675 καὶ
1337 2648 1460 2684 καρποὺς
1486 2647 1515 2673 ἐν
1536 2644 1624 2679 καιρῷ
1652 2643 1790 2677 εὐγενεῖς·

1009 2699 1077 2726 ἀλλὰ
1085 2698 1190 2732 θέλημα
1200 2696 1251 2722 τῶν
1264 2695 1441 2730 φοϐουμένων
1451 2693 1532 2720 αὐτὸν
1544 2691 1681 2719 κάνταῦθα
1692 2689 1790 2722 ποιῶν,

1008 2743 1142 2779 ἐπλήθυνε
1166 2743 1211 2769 seu
1236 2739 1309 2767 οἶκον
1335 2741 1373 2775 τῷ
1396 2739 1514 2774 Φιλοθέῳ
1538 2739 1595 2770 ταῖς
1620 2737 1664 2764 διὰ
1687 2735 1793 2763 τέκνων
