  <div class='ocr_page' id='page_1' title='image "/cluster/home/n/w/nwhite01/storage/ocr_20150623/136/njp.32101010942827/093.png"; bbox 0 0 1962 3087; ppageno 0'>
   <div class='ocr_carea' id='block_1_1' title="bbox 206 143 257 175">
    <p class='ocr_par' dir='ltr' id='par_1_1' title="bbox 206 143 257 175">
     <span class='ocr_line' id='line_1_1' title="bbox 206 143 257 175; baseline 0 0"><span class='ocrx_word' id='word_1_1' title='bbox 206 143 257 175; x_wconf 77' lang='grc'><strong>155</strong></span> 
     </span>
    </p>
   </div>
   <div class='ocr_carea' id='block_1_2' title="bbox 577 143 991 177">
    <p class='ocr_par' dir='ltr' id='par_1_2' title="bbox 577 144 991 177">
     <span class='ocr_line' id='line_1_2' title="bbox 577 144 991 177; baseline -0.005 -1"><span class='ocrx_word' id='word_1_2' title='bbox 577 147 598 176; x_wconf 90' lang='grc' dir='ltr'>Ε</span> <span class='ocrx_word' id='word_1_3' title='bbox 605 147 784 177; x_wconf 70' lang='grc' dir='ltr'><strong>[ΣΞΤᾹῚἬΗ</strong></span> <span class='ocrx_word' id='word_1_4' title='bbox 804 145 950 176; x_wconf 78' lang='lat' dir='ltr'><strong>&#39;l&#39;lIESSA</strong></span> <span class='ocrx_word' id='word_1_5' title='bbox 956 144 991 174; x_wconf 74' lang='lat' dir='ltr'><strong>LC</strong></span> 
     </span>
    </p>
   </div>
   <div class='ocr_carea' id='block_1_3' title="bbox 1045 143 1484 177">
    <p class='ocr_par' dir='ltr' id='par_1_3' title="bbox 1049 145 1484 175">
     <span class='ocr_line' id='line_1_3' title="bbox 1049 145 1484 175; baseline 0.002 -2"><span class='ocrx_word' id='word_1_6' title='bbox 1049 145 1183 175; x_wconf 74' lang='lat' dir='ltr'><strong>CENSlS</strong></span> <span class='ocrx_word' id='word_1_7' title='bbox 1203 145 1484 175; x_wconf 34' lang='lat' dir='ltr'><strong>ME&#39;l‘Rt’lPtiLl&#39;l‘rli</strong></span> 
     </span>
    </p>
   </div>
   <div class='ocr_carea' id='block_1_4' title="bbox 1784 144 1839 176">
    <p class='ocr_par' dir='ltr' id='par_1_4' title="bbox 1784 144 1839 176">
     <span class='ocr_line' id='line_1_4' title="bbox 1784 144 1839 176; baseline -0.018 0"><span class='ocrx_word' id='word_1_8' title='bbox 1784 144 1839 176; x_wconf 69' lang='lat'><strong>155</strong></span> 
     </span>
    </p>
   </div>
   <div class='ocr_carea' id='block_1_5' title="bbox 205 201 991 238">
    <p class='ocr_par' dir='ltr' id='par_1_5' title="bbox 205 203 991 235">
     <span class='ocr_line' id='line_1_5' title="bbox 205 203 991 235; baseline -0.001 -6"><span class='ocrx_word' id='word_1_9' title='bbox 205 204 232 230; x_wconf 90' lang='lat' dir='ltr'><strong>in</strong></span> <span class='ocrx_word' id='word_1_10' title='bbox 247 204 418 230; x_wconf 76' lang='lat' dir='ltr'><strong>(‘Olltnlﬂllllm</strong></span> <span class='ocrx_word' id='word_1_11' title='bbox 432 205 597 235; x_wconf 65' lang='lat' dir='ltr'><strong>auditorum,</strong></span> <span class='ocrx_word' id='word_1_12' title='bbox 615 205 665 230; x_wconf 71' lang='lat' dir='ltr'><strong>alia</strong></span> <span class='ocrx_word' id='word_1_13' title='bbox 687 206 712 230; x_wconf 90' lang='lat' dir='ltr'><strong>in</strong></span> <span class='ocrx_word' id='word_1_14' title='bbox 743 211 798 230; x_wconf 67' lang='lat' dir='ltr'><strong>sum</strong></span> <span class='ocrx_word' id='word_1_15' title='bbox 821 203 920 230; x_wconf 70' lang='lat' dir='ltr'><strong>animm</strong></span> <span class='ocrx_word' id='word_1_16' title='bbox 936 203 991 229; x_wconf 76' lang='lat' dir='ltr'><strong>thr-</strong></span> 
     </span>
    </p>
   </div>
   <div class='ocr_carea' id='block_1_6' title="bbox 1045 201 1839 238">
    <p class='ocr_par' dir='ltr' id='par_1_6' title="bbox 1047 201 1839 238">
     <span class='ocr_line' id='line_1_6' title="bbox 1047 201 1839 238; baseline 0 -11"><span class='ocrx_word' id='word_1_17' title='bbox 1047 202 1210 234; x_wconf 75' lang='grc' dir='ltr'>μιευτικῶς,</span> <span class='ocrx_word' id='word_1_18' title='bbox 1223 203 1319 238; x_wconf 74' lang='grc' dir='ltr'>αὔριον</span> <span class='ocrx_word' id='word_1_19' title='bbox 1332 203 1361 229; x_wconf 76' lang='grc' dir='ltr'><strong>δὲ</strong></span> <span class='ocrx_word' id='word_1_20' title='bbox 1386 202 1610 238; x_wconf 77' lang='grc' dir='ltr'>προδλησόμενον</span> <span class='ocrx_word' id='word_1_21' title='bbox 1630 201 1678 229; x_wconf 83' lang='grc' dir='ltr'>καὶ</span> <span class='ocrx_word' id='word_1_22' title='bbox 1694 201 1751 233; x_wconf 78' lang='grc' dir='ltr'>τοῖς</span> <span class='ocrx_word' id='word_1_23' title='bbox 1768 202 1839 228; x_wconf 80' lang='grc' dir='ltr'>ἀπο-</span> 
     </span>
    </p>
   </div>
   <div class='ocr_carea' id='block_1_7' title="bbox 204 249 994 284">
    <p class='ocr_par' dir='ltr' id='par_1_7' title="bbox 204 249 994 284">
     <span class='ocr_line' id='line_1_7' title="bbox 204 249 994 284; baseline -0.003 -8"><span class='ocrx_word' id='word_1_24' title='bbox 204 255 284 276; x_wconf 74' lang='lat' dir='ltr'><strong>lauro</strong></span> <span class='ocrx_word' id='word_1_25' title='bbox 296 249 458 280; x_wconf 82' lang='lat' dir='ltr'><strong>recoudidit,</strong></span> <span class='ocrx_word' id='word_1_26' title='bbox 475 255 502 276; x_wconf 91' lang='lat' dir='ltr'><strong>et</strong></span> <span class='ocrx_word' id='word_1_27' title='bbox 524 258 583 284; x_wconf 72' lang='lat' dir='ltr'><strong>qna-</strong></span> <span class='ocrx_word' id='word_1_28' title='bbox 599 250 687 279; x_wconf 85' lang='lat' dir='ltr'><strong>hodie.</strong></span> <span class='ocrx_word' id='word_1_29' title='bbox 703 249 764 276; x_wconf 91' lang='lat' dir='ltr'><strong>boni</strong></span> <span class='ocrx_word' id='word_1_30' title='bbox 786 249 922 277; x_wconf 73' lang='lat' dir='ltr'><strong>meonomi</strong></span> <span class='ocrx_word' id='word_1_31' title='bbox 950 249 994 275; x_wconf 87' lang='lat' dir='ltr'><strong>ln-</strong></span> 
     </span>
    </p>
   </div>
   <div class='ocr_carea' id='block_1_8' title="bbox 205 295 992 331">
    <p class='ocr_par' dir='ltr' id='par_1_8' title="bbox 205 295 992 331">
     <span class='ocr_line' id='line_1_8' title="bbox 205 295 992 331; baseline -0.001 -8"><span class='ocrx_word' id='word_1_32' title='bbox 205 302 273 327; x_wconf 80' lang='lat' dir='ltr'><strong>star,</strong></span> <span class='ocrx_word' id='word_1_33' title='bbox 289 295 338 323; x_wconf 83' lang='lat' dir='ltr'><strong>sibi</strong></span> <span class='ocrx_word' id='word_1_34' title='bbox 354 301 517 329; x_wconf 70' lang='lat' dir='ltr'><strong>reservarat,</strong></span> <span class='ocrx_word' id='word_1_35' title='bbox 550 295 692 330; x_wconf 88' lang='lat' dir='ltr'><strong>postridie.</strong></span> <span class='ocrx_word' id='word_1_36' title='bbox 720 296 743 323; x_wconf 86' lang='lat' dir='ltr'><strong>si</strong></span> <span class='ocrx_word' id='word_1_37' title='bbox 769 296 815 331; x_wconf 88' lang='lat' dir='ltr'><strong>qui</strong></span> <span class='ocrx_word' id='word_1_38' title='bbox 831 296 863 325; x_wconf 85' lang='lat' dir='ltr'><strong>iis</strong></span> <span class='ocrx_word' id='word_1_39' title='bbox 889 295 992 331; x_wconf 78' lang='lat' dir='ltr'><strong>perfrui</strong></span> 
     </span>
    </p>
   </div>
   <div class='ocr_carea' id='block_1_9' title="bbox 205 340 780 377">
    <p class='ocr_par' dir='ltr' id='par_1_9' title="bbox 205 340 780 377">
     <span class='ocr_line' id='line_1_9' title="bbox 205 340 780 377; baseline 0.002 -10"><span class='ocrx_word' id='word_1_40' title='bbox 205 340 401 374; x_wconf 70' lang='lat' dir='ltr'><strong>desiderarunt,</strong></span> <span class='ocrx_word' id='word_1_41' title='bbox 418 341 492 377; x_wconf 83' lang='lat' dir='ltr'><strong>larga</strong></span> <span class='ocrx_word' id='word_1_42' title='bbox 505 349 584 368; x_wconf 91' lang='lat' dir='ltr'><strong>manu</strong></span> <span class='ocrx_word' id='word_1_43' title='bbox 601 341 780 375; x_wconf 63' lang='lat' dir='ltr'><strong>espronipsit.</strong></span> 
     </span>
    </p>
   </div>
   <div class='ocr_carea' id='block_1_10' title="bbox 241 387 991 422">
    <p class='ocr_par' dir='ltr' id='par_1_10' title="bbox 241 387 991 422">
     <span class='ocr_line' id='line_1_10' title="bbox 241 387 991 422; baseline -0.001 -8"><span class='ocrx_word' id='word_1_44' title='bbox 241 387 284 415; x_wconf 77' lang='grc'><strong>15.</strong></span> <span class='ocrx_word' id='word_1_45' title='bbox 308 387 358 415; x_wconf 86' lang='lat' dir='ltr'><strong>Pro</strong></span> <span class='ocrx_word' id='word_1_46' title='bbox 384 388 551 416; x_wconf 84' lang='lat' dir='ltr'><strong>habitatione</strong></span> <span class='ocrx_word' id='word_1_47' title='bbox 580 387 737 422; x_wconf 84' lang='lat' dir='ltr'><strong>plerumque</strong></span> <span class='ocrx_word' id='word_1_48' title='bbox 765 387 881 415; x_wconf 84' lang='lat' dir='ltr'><strong>habebat</strong></span> <span class='ocrx_word' id='word_1_49' title='bbox 907 387 991 415; x_wconf 61' lang='lat' dir='ltr'><strong>aedem</strong></span> 
     </span>
    </p>
   </div>
   <div class='ocr_carea' id='block_1_11' title="bbox 205 433 993 469">
    <p class='ocr_par' dir='ltr' id='par_1_11' title="bbox 205 433 993 469">
     <span class='ocr_line' id='line_1_11' title="bbox 205 433 993 469; baseline -0.001 -9"><span class='ocrx_word' id='word_1_50' title='bbox 205 433 334 464; x_wconf 83' lang='lat' dir='ltr'><strong>divinam,</strong></span> <span class='ocrx_word' id='word_1_51' title='bbox 351 433 377 461; x_wconf 88' lang='lat' dir='ltr'><strong>in</strong></span> <span class='ocrx_word' id='word_1_52' title='bbox 393 442 445 468; x_wconf 82' lang='lat' dir='ltr'><strong>qua</strong></span> <span class='ocrx_word' id='word_1_53' title='bbox 461 433 540 461; x_wconf 78' lang='lat' dir='ltr'><strong>veluti</strong></span> <span class='ocrx_word' id='word_1_54' title='bbox 553 434 690 468; x_wconf 86' lang='lat' dir='ltr'><strong>plautatus</strong></span> <span class='ocrx_word' id='word_1_55' title='bbox 702 434 900 469; x_wconf 86' lang='lat' dir='ltr'><strong>pulcherrimos</strong></span> <span class='ocrx_word' id='word_1_56' title='bbox 918 433 993 460; x_wconf 88' lang='lat' dir='ltr'><strong>fruc-</strong></span> 
     </span>
    </p>
   </div>
   <div class='ocr_carea' id='block_1_12' title="bbox 206 478 993 514">
    <p class='ocr_par' dir='ltr' id='par_1_12' title="bbox 206 478 993 514">
     <span class='ocr_line' id='line_1_12' title="bbox 206 478 993 514; baseline 0.001 -9"><span class='ocrx_word' id='word_1_57' title='bbox 206 483 249 506; x_wconf 88' lang='lat' dir='ltr'><strong>tus</strong></span> <span class='ocrx_word' id='word_1_58' title='bbox 265 479 336 506; x_wconf 91' lang='lat' dir='ltr'><strong>tulit.</strong></span> <span class='ocrx_word' id='word_1_59' title='bbox 360 478 508 507; x_wconf 80' lang='lat' dir='ltr'><strong>Rarissime</strong></span> <span class='ocrx_word' id='word_1_60' title='bbox 531 479 612 514; x_wconf 68' lang='lat' dir='ltr'><strong>igitur</strong></span> <span class='ocrx_word' id='word_1_61' title='bbox 622 480 662 507; x_wconf 88' lang='lat' dir='ltr'><strong>sol</strong></span> <span class='ocrx_word' id='word_1_62' title='bbox 676 488 736 507; x_wconf 89' lang='lat' dir='ltr'><strong>eum</strong></span> <span class='ocrx_word' id='word_1_63' title='bbox 747 479 993 514; x_wconf 74' lang='lat' dir='ltr'><strong>conspexitquibus</strong></span> 
     </span>
    </p>
   </div>
   <div class='ocr_carea' id='block_1_13' title="bbox 204 525 992 561">
    <p class='ocr_par' dir='ltr' id='par_1_13' title="bbox 204 525 992 561">
     <span class='ocr_line' id='line_1_13' title="bbox 204 525 992 561; baseline 0.004 -11"><span class='ocrx_word' id='word_1_64' title='bbox 204 525 278 558; x_wconf 87' lang='lat' dir='ltr'><strong>prius</strong></span> <span class='ocrx_word' id='word_1_65' title='bbox 292 531 453 553; x_wconf 86' lang='lat' dir='ltr'><strong>assueverat</strong></span> <span class='ocrx_word' id='word_1_66' title='bbox 469 534 582 561; x_wconf 79' lang='lat' dir='ltr'><strong>operam</strong></span> <span class='ocrx_word' id='word_1_67' title='bbox 598 527 719 560; x_wconf 84' lang='lat' dir='ltr'><strong>dantem,</strong></span> <span class='ocrx_word' id='word_1_68' title='bbox 743 527 794 554; x_wconf 84' lang='lat' dir='ltr'><strong>nisi</strong></span> <span class='ocrx_word' id='word_1_69' title='bbox 820 526 890 554; x_wconf 87' lang='lat' dir='ltr'><strong>forte</strong></span> <span class='ocrx_word' id='word_1_70' title='bbox 909 527 942 554; x_wconf 91' lang='lat' dir='ltr'><strong>de</strong></span> <span class='ocrx_word' id='word_1_71' title='bbox 959 527 992 553; x_wconf 85' lang='lat' dir='ltr'><strong>iis</strong></span> 
     </span>
    </p>
   </div>
   <div class='ocr_carea' id='block_1_14' title="bbox 204 573 992 606">
    <p class='ocr_par' dir='ltr' id='par_1_14' title="bbox 204 573 992 606">
     <span class='ocr_line' id='line_1_14' title="bbox 204 573 992 606; baseline 0.003 -9"><span class='ocrx_word' id='word_1_72' title='bbox 204 579 264 605; x_wconf 77' lang='lat' dir='ltr'><strong>qua:</strong></span> <span class='ocrx_word' id='word_1_73' title='bbox 280 573 397 599; x_wconf 79' lang='lat' dir='ltr'><strong>maxime</strong></span> <span class='ocrx_word' id='word_1_74' title='bbox 413 574 569 601; x_wconf 85' lang='lat' dir='ltr'><strong>necessaria</strong></span> <span class='ocrx_word' id='word_1_75' title='bbox 588 578 652 601; x_wconf 90' lang='lat' dir='ltr'><strong>sunt</strong></span> <span class='ocrx_word' id='word_1_76' title='bbox 666 573 831 606; x_wconf 88' lang='lat' dir='ltr'><strong>hominibus,</strong></span> <span class='ocrx_word' id='word_1_77' title='bbox 859 573 992 606; x_wconf 82' lang='lat' dir='ltr'><strong>dispicere</strong></span> 
     </span>
    </p>
   </div>
   <div class='ocr_carea' id='block_1_15' title="bbox 204 617 992 654">
    <p class='ocr_par' dir='ltr' id='par_1_15' title="bbox 204 617 992 654">
     <span class='ocr_line' id='line_1_15' title="bbox 204 617 992 654; baseline 0 -10"><span class='ocrx_word' id='word_1_78' title='bbox 204 622 316 644; x_wconf 91' lang='lat' dir='ltr'><strong>coactus</strong></span> <span class='ocrx_word' id='word_1_79' title='bbox 329 623 412 651; x_wconf 79' lang='lat' dir='ltr'><strong>esset,</strong></span> <span class='ocrx_word' id='word_1_80' title='bbox 426 627 453 646; x_wconf 85' lang='grc' dir='ltr'>ν.</span> <span class='ocrx_word' id='word_1_81' title='bbox 472 627 496 646; x_wconf 89' lang='lat' dir='ltr'><strong>c.</strong></span> <span class='ocrx_word' id='word_1_82' title='bbox 522 619 555 646; x_wconf 87' lang='lat' dir='ltr'><strong>de</strong></span> <span class='ocrx_word' id='word_1_83' title='bbox 582 619 762 654; x_wconf 81' lang='lat' dir='ltr'><strong>agricultura.</strong></span> <span class='ocrx_word' id='word_1_84' title='bbox 788 617 881 653; x_wconf 82' lang='lat' dir='ltr'><strong>Neque</strong></span> <span class='ocrx_word' id='word_1_85' title='bbox 906 618 992 645; x_wconf 83' lang='lat' dir='ltr'><strong>solum</strong></span> 
     </span>
    </p>
   </div>
   <div class='ocr_carea' id='block_1_16' title="bbox 203 663 993 700">
    <p class='ocr_par' dir='ltr' id='par_1_16' title="bbox 203 663 993 700">
     <span class='ocr_line' id='line_1_16' title="bbox 203 663 993 700; baseline 0 -10"><span class='ocrx_word' id='word_1_86' title='bbox 203 663 276 690; x_wconf 73' lang='lat' dir='ltr'><strong>enin)</strong></span> <span class='ocrx_word' id='word_1_87' title='bbox 292 671 338 698; x_wconf 88' lang='lat' dir='ltr'><strong>per</strong></span> <span class='ocrx_word' id='word_1_88' title='bbox 358 665 541 693; x_wconf 86' lang='lat' dir='ltr'><strong>mercenarios</strong></span> <span class='ocrx_word' id='word_1_89' title='bbox 554 672 653 693; x_wconf 84' lang='lat' dir='ltr'><strong>terram</strong></span> <span class='ocrx_word' id='word_1_90' title='bbox 664 666 697 692; x_wconf 90' lang='lat' dir='ltr'><strong>ad</strong></span> <span class='ocrx_word' id='word_1_91' title='bbox 707 665 894 700; x_wconf 87' lang='lat' dir='ltr'><strong>producendos</strong></span> <span class='ocrx_word' id='word_1_92' title='bbox 904 663 993 691; x_wconf 75' lang='lat' dir='ltr'><strong>varios</strong></span> 
     </span>
    </p>
   </div>
   <div class='ocr_carea' id='block_1_17' title="bbox 205 709 994 744">
    <p class='ocr_par' dir='ltr' id='par_1_17' title="bbox 205 709 994 744">
     <span class='ocr_line' id='line_1_17' title="bbox 205 709 994 744; baseline 0.001 -8"><span class='ocrx_word' id='word_1_93' title='bbox 205 709 309 737; x_wconf 89' lang='lat' dir='ltr'><strong>fructus</strong></span> <span class='ocrx_word' id='word_1_94' title='bbox 337 711 517 738; x_wconf 67' lang='lat' dir='ltr'><strong>cﬂ‘ndiendam</strong></span> <span class='ocrx_word' id='word_1_95' title='bbox 550 712 668 742; x_wconf 84' lang='lat' dir='ltr'><strong>curavit.</strong></span> <span class='ocrx_word' id='word_1_96' title='bbox 699 712 746 738; x_wconf 88' lang='lat' dir='ltr'><strong>sed</strong></span> <span class='ocrx_word' id='word_1_97' title='bbox 770 711 852 738; x_wconf 85' lang='lat' dir='ltr'><strong>etiam</strong></span> <span class='ocrx_word' id='word_1_98' title='bbox 878 710 994 744; x_wconf 71' lang='lat' dir='ltr'><strong>propriis</strong></span> 
     </span>
    </p>
   </div>
   <div class='ocr_carea' id='block_1_18' title="bbox 205 757 993 792">
    <p class='ocr_par' dir='ltr' id='par_1_18' title="bbox 205 757 993 792">
     <span class='ocr_line' id='line_1_18' title="bbox 205 757 993 792; baseline 0.001 -11"><span class='ocrx_word' id='word_1_99' title='bbox 205 757 333 785; x_wconf 82' lang='lat' dir='ltr'><strong>manilms</strong></span> <span class='ocrx_word' id='word_1_100' title='bbox 356 765 415 785; x_wconf 83' lang='lat' dir='ltr'><strong>eam</strong></span> <span class='ocrx_word' id='word_1_101' title='bbox 436 757 603 792; x_wconf 71' lang='lat' dir='ltr'><strong>sollicitavit,</strong></span> <span class='ocrx_word' id='word_1_102' title='bbox 627 757 763 785; x_wconf 89' lang='lat' dir='ltr'><strong>laudabile</strong></span> <span class='ocrx_word' id='word_1_103' title='bbox 778 757 830 784; x_wconf 91' lang='lat' dir='ltr'><strong>hoc</strong></span> <span class='ocrx_word' id='word_1_104' title='bbox 851 764 910 784; x_wconf 84' lang='lat' dir='ltr'><strong>esse</strong></span> <span class='ocrx_word' id='word_1_105' title='bbox 925 763 993 790; x_wconf 90' lang='lat' dir='ltr'><strong>opus</strong></span> 
     </span>
    </p>
   </div>
   <div class='ocr_carea' id='block_1_19' title="bbox 203 801 994 839">
    <p class='ocr_par' dir='ltr' id='par_1_19' title="bbox 203 801 994 839">
     <span class='ocr_line' id='line_1_19' title="bbox 203 801 994 839; baseline 0.001 -12"><span class='ocrx_word' id='word_1_106' title='bbox 203 801 329 838; x_wconf 78' lang='lat' dir='ltr'><strong>judicans</strong></span> <span class='ocrx_word' id='word_1_107' title='bbox 347 808 375 831; x_wconf 88' lang='lat' dir='ltr'><strong>et</strong></span> <span class='ocrx_word' id='word_1_108' title='bbox 388 803 497 831; x_wconf 83' lang='lat' dir='ltr'><strong>homine</strong></span> <span class='ocrx_word' id='word_1_109' title='bbox 513 804 636 839; x_wconf 74' lang='lat' dir='ltr'><strong>dignum.</strong></span> <span class='ocrx_word' id='word_1_110' title='bbox 652 803 758 830; x_wconf 86' lang='lat' dir='ltr'><strong>Etenim</strong></span> <span class='ocrx_word' id='word_1_111' title='bbox 775 808 802 831; x_wconf 91' lang='lat' dir='ltr'><strong>et</strong></span> <span class='ocrx_word' id='word_1_112' title='bbox 826 803 852 830; x_wconf 91' lang='lat' dir='ltr'><strong>in</strong></span> <span class='ocrx_word' id='word_1_113' title='bbox 874 807 945 829; x_wconf 81' lang='lat' dir='ltr'><strong>terra</strong></span> <span class='ocrx_word' id='word_1_114' title='bbox 966 805 994 828; x_wconf 90' lang='lat' dir='ltr'><strong>ct</strong></span> 
     </span>
    </p>
   </div>
   <div class='ocr_carea' id='block_1_20' title="bbox 206 847 994 883">
    <p class='ocr_par' dir='ltr' id='par_1_20' title="bbox 206 847 994 883">
     <span class='ocr_line' id='line_1_20' title="bbox 206 847 994 883; baseline 0 -9"><span class='ocrx_word' id='word_1_115' title='bbox 206 848 232 875; x_wconf 88' lang='lat' dir='ltr'><strong>in</strong></span> <span class='ocrx_word' id='word_1_116' title='bbox 246 849 314 875; x_wconf 87' lang='lat' dir='ltr'><strong>tnari</strong></span> <span class='ocrx_word' id='word_1_117' title='bbox 327 849 452 876; x_wconf 77' lang='lat' dir='ltr'><strong>laborant</strong></span> <span class='ocrx_word' id='word_1_118' title='bbox 467 849 607 877; x_wconf 86' lang='lat' dir='ltr'><strong>homines:</strong></span> <span class='ocrx_word' id='word_1_119' title='bbox 619 853 646 877; x_wconf 91' lang='lat' dir='ltr'><strong>et</strong></span> <span class='ocrx_word' id='word_1_120' title='bbox 664 849 746 876; x_wconf 83' lang='lat' dir='ltr'><strong>maris</strong></span> <span class='ocrx_word' id='word_1_121' title='bbox 757 848 866 883; x_wconf 85' lang='lat' dir='ltr'><strong>quidem</strong></span> <span class='ocrx_word' id='word_1_122' title='bbox 881 847 956 875; x_wconf 85' lang='lat' dir='ltr'><strong>labor</strong></span> <span class='ocrx_word' id='word_1_123' title='bbox 967 853 994 874; x_wconf 88' lang='lat' dir='ltr'><strong>et</strong></span> 
     </span>
    </p>
   </div>
   <div class='ocr_carea' id='block_1_21' title="bbox 205 894 992 930">
    <p class='ocr_par' dir='ltr' id='par_1_21' title="bbox 205 894 992 930">
     <span class='ocr_line' id='line_1_21' title="bbox 205 894 992 930; baseline 0.003 -10"><span class='ocrx_word' id='word_1_124' title='bbox 205 894 322 922; x_wconf 73' lang='lat' dir='ltr'><strong>studium</strong></span> <span class='ocrx_word' id='word_1_125' title='bbox 345 895 496 923; x_wconf 86' lang='lat' dir='ltr'><strong>serioribus</strong></span> <span class='ocrx_word' id='word_1_126' title='bbox 519 897 688 930; x_wconf 87' lang='lat' dir='ltr'><strong>temporibus</strong></span> <span class='ocrx_word' id='word_1_127' title='bbox 706 896 857 924; x_wconf 89' lang='lat' dir='ltr'><strong>introducta</strong></span> <span class='ocrx_word' id='word_1_128' title='bbox 882 900 946 923; x_wconf 72' lang='lat' dir='ltr'><strong>sunt</strong></span> <span class='ocrx_word' id='word_1_129' title='bbox 966 899 992 922; x_wconf 91' lang='lat' dir='ltr'><strong>et</strong></span> 
     </span>
    </p>
   </div>
   <div class='ocr_carea' id='block_1_22' title="bbox 205 941 992 978">
    <p class='ocr_par' dir='ltr' id='par_1_22' title="bbox 205 941 992 978">
     <span class='ocr_line' id='line_1_22' title="bbox 205 941 992 978; baseline -0.001 -8"><span class='ocrx_word' id='word_1_130' title='bbox 205 941 311 970; x_wconf 85' lang='lat' dir='ltr'><strong>infensa</strong></span> <span class='ocrx_word' id='word_1_131' title='bbox 328 942 361 970; x_wconf 89' lang='lat' dir='ltr'><strong>iis</strong></span> <span class='ocrx_word' id='word_1_132' title='bbox 374 943 418 977; x_wconf 88' lang='lat' dir='ltr'><strong>qui</strong></span> <span class='ocrx_word' id='word_1_133' title='bbox 435 943 479 970; x_wconf 92' lang='lat' dir='ltr'><strong>diu</strong></span> <span class='ocrx_word' id='word_1_134' title='bbox 496 947 522 971; x_wconf 92' lang='lat' dir='ltr'><strong>et</strong></span> <span class='ocrx_word' id='word_1_135' title='bbox 534 950 630 971; x_wconf 89' lang='lat' dir='ltr'><strong>secure</strong></span> <span class='ocrx_word' id='word_1_136' title='bbox 640 944 733 971; x_wconf 86' lang='lat' dir='ltr'><strong>vivere</strong></span> <span class='ocrx_word' id='word_1_137' title='bbox 760 943 892 978; x_wconf 87' lang='lat' dir='ltr'><strong>cupiunt;</strong></span> <span class='ocrx_word' id='word_1_138' title='bbox 922 948 992 970; x_wconf 86' lang='lat' dir='ltr'><strong>terra</strong></span> 
     </span>
    </p>
   </div>
   <div class='ocr_carea' id='block_1_23' title="bbox 206 990 993 1024">
    <p class='ocr_par' dir='ltr' id='par_1_23' title="bbox 206 990 993 1024">
     <span class='ocr_line' id='line_1_23' title="bbox 206 990 993 1024; baseline 0.003 -10"><span class='ocrx_word' id='word_1_139' title='bbox 206 993 308 1021; x_wconf 82' lang='lat' dir='ltr'><strong>autem,</strong></span> <span class='ocrx_word' id='word_1_140' title='bbox 334 993 425 1024; x_wconf 90' lang='lat' dir='ltr'><strong>utpote</strong></span> <span class='ocrx_word' id='word_1_141' title='bbox 455 995 552 1022; x_wconf 83' lang='lat' dir='ltr'><strong>mater,</strong></span> <span class='ocrx_word' id='word_1_142' title='bbox 586 990 739 1017; x_wconf 82' lang='lat' dir='ltr'><strong>desiderata</strong></span> <span class='ocrx_word' id='word_1_143' title='bbox 759 990 847 1024; x_wconf 77' lang='lat' dir='ltr'><strong>diligit</strong></span> <span class='ocrx_word' id='word_1_144' title='bbox 861 995 887 1017; x_wconf 86' lang='lat' dir='ltr'><strong>et</strong></span> <span class='ocrx_word' id='word_1_145' title='bbox 902 996 993 1016; x_wconf 87' lang='lat' dir='ltr'><strong>amore</strong></span> 
     </span>
    </p>
   </div>
   <div class='ocr_carea' id='block_1_24' title="bbox 205 1033 992 1070">
    <p class='ocr_par' dir='ltr' id='par_1_24' title="bbox 205 1033 992 1070">
     <span class='ocr_line' id='line_1_24' title="bbox 205 1033 992 1070; baseline -0.001 -9"><span class='ocrx_word' id='word_1_146' title='bbox 205 1033 395 1068; x_wconf 67' lang='lat' dir='ltr'><strong>complectitur</strong></span> <span class='ocrx_word' id='word_1_147' title='bbox 408 1042 455 1062; x_wconf 88' lang='lat' dir='ltr'><strong>cos</strong></span> <span class='ocrx_word' id='word_1_148' title='bbox 476 1034 520 1068; x_wconf 89' lang='lat' dir='ltr'><strong>qui</strong></span> <span class='ocrx_word' id='word_1_149' title='bbox 543 1035 594 1070; x_wconf 86' lang='lat' dir='ltr'><strong>ipsi</strong></span> <span class='ocrx_word' id='word_1_150' title='bbox 614 1035 765 1067; x_wconf 67' lang='lat' dir='ltr'><strong>adhazrent,</strong></span> <span class='ocrx_word' id='word_1_151' title='bbox 790 1040 818 1062; x_wconf 89' lang='lat' dir='ltr'><strong>et</strong></span> <span class='ocrx_word' id='word_1_152' title='bbox 838 1034 992 1068; x_wconf 84' lang='lat' dir='ltr'><strong>Neptunum</strong></span> 
     </span>
    </p>
   </div>
   <div class='ocr_carea' id='block_1_25' title="bbox 206 1081 992 1117">
    <p class='ocr_par' dir='ltr' id='par_1_25' title="bbox 206 1081 992 1117">
     <span class='ocr_line' id='line_1_25' title="bbox 206 1081 992 1117; baseline -0.001 -9"><span class='ocrx_word' id='word_1_153' title='bbox 206 1088 302 1108; x_wconf 82' lang='lat' dir='ltr'><strong>arcens</strong></span> <span class='ocrx_word' id='word_1_154' title='bbox 315 1088 361 1108; x_wconf 91' lang='lat' dir='ltr'><strong>eos</strong></span> <span class='ocrx_word' id='word_1_155' title='bbox 381 1082 426 1116; x_wconf 93' lang='lat' dir='ltr'><strong>qni</strong></span> <span class='ocrx_word' id='word_1_156' title='bbox 450 1087 603 1116; x_wconf 86' lang='lat' dir='ltr'><strong>opportuno</strong></span> <span class='ocrx_word' id='word_1_157' title='bbox 629 1087 751 1117; x_wconf 87' lang='lat' dir='ltr'><strong>tempore</strong></span> <span class='ocrx_word' id='word_1_158' title='bbox 773 1086 872 1109; x_wconf 86' lang='lat' dir='ltr'><strong>terram</strong></span> <span class='ocrx_word' id='word_1_159' title='bbox 889 1081 992 1114; x_wconf 85' lang='lat' dir='ltr'><strong>colunt,</strong></span> 
     </span>
    </p>
   </div>
   <div class='ocr_carea' id='block_1_26' title="bbox 205 1126 994 1162">
    <p class='ocr_par' dir='ltr' id='par_1_26' title="bbox 205 1126 994 1162">
     <span class='ocr_line' id='line_1_26' title="bbox 205 1126 994 1162; baseline -0.001 -8"><span class='ocrx_word' id='word_1_160' title='bbox 205 1131 362 1154; x_wconf 87' lang='lat' dir='ltr'><strong>conservat.</strong></span> <span class='ocrx_word' id='word_1_161' title='bbox 380 1126 428 1154; x_wconf 87' lang='lat' dir='ltr'><strong>Est</strong></span> <span class='ocrx_word' id='word_1_162' title='bbox 449 1134 532 1161; x_wconf 81' lang='lat' dir='ltr'><strong>porro</strong></span> <span class='ocrx_word' id='word_1_163' title='bbox 550 1127 716 1162; x_wconf 78' lang='lat' dir='ltr'><strong>agricultura</strong></span> <span class='ocrx_word' id='word_1_164' title='bbox 741 1127 840 1155; x_wconf 92' lang='lat' dir='ltr'><strong>bonum</strong></span> <span class='ocrx_word' id='word_1_165' title='bbox 860 1127 994 1162; x_wconf 75' lang='lat' dir='ltr'><strong>antiquis.</strong></span> 
     </span>
    </p>
   </div>
   <div class='ocr_carea' id='block_1_27' title="bbox 204 1172 993 1207">
    <p class='ocr_par' dir='ltr' id='par_1_27' title="bbox 204 1172 993 1207">
     <span class='ocr_line' id='line_1_27' title="bbox 204 1172 993 1207; baseline 0.003 -9"><span class='ocrx_word' id='word_1_166' title='bbox 204 1173 314 1204; x_wconf 81' lang='lat' dir='ltr'><strong>simum,</strong></span> <span class='ocrx_word' id='word_1_167' title='bbox 339 1179 406 1206; x_wconf 84' lang='lat' dir='ltr'><strong>opus</strong></span> <span class='ocrx_word' id='word_1_168' title='bbox 433 1172 534 1205; x_wconf 81' lang='lat' dir='ltr'><strong>ditans,</strong></span> <span class='ocrx_word' id='word_1_169' title='bbox 557 1180 599 1200; x_wconf 84' lang='lat' dir='ltr'><strong>res</strong></span> <span class='ocrx_word' id='word_1_170' title='bbox 630 1172 744 1207; x_wconf 87' lang='lat' dir='ltr'><strong>pulchra</strong></span> <span class='ocrx_word' id='word_1_171' title='bbox 770 1178 796 1200; x_wconf 81' lang='lat' dir='ltr'><strong>et</strong></span> <span class='ocrx_word' id='word_1_172' title='bbox 826 1180 932 1205; x_wconf 86' lang='lat' dir='ltr'><strong>secura,</strong></span> <span class='ocrx_word' id='word_1_173' title='bbox 949 1180 993 1200; x_wconf 89' lang='lat' dir='ltr'><strong>ars</strong></span> 
     </span>
    </p>
   </div>
   <div class='ocr_carea' id='block_1_28' title="bbox 205 1217 499 1252">
    <p class='ocr_par' dir='ltr' id='par_1_28' title="bbox 205 1217 499 1252">
     <span class='ocr_line' id='line_1_28' title="bbox 205 1217 499 1252; baseline 0.003 -8"><span class='ocrx_word' id='word_1_174' title='bbox 205 1217 358 1245; x_wconf 83' lang='lat' dir='ltr'><strong>hominibus</strong></span> <span class='ocrx_word' id='word_1_175' title='bbox 374 1221 499 1252; x_wconf 72' lang='lat' dir='ltr'><strong>cognata.</strong></span> 
     </span>
    </p>
   </div>
   <div class='ocr_carea' id='block_1_29' title="bbox 242 1263 991 1300">
    <p class='ocr_par' dir='ltr' id='par_1_29' title="bbox 242 1263 991 1300">
     <span class='ocr_line' id='line_1_29' title="bbox 242 1263 991 1300; baseline 0.004 -11"><span class='ocrx_word' id='word_1_176' title='bbox 242 1263 284 1289; x_wconf 83' lang='lat' dir='ltr'><strong>l6.</strong></span> <span class='ocrx_word' id='word_1_177' title='bbox 307 1263 368 1289; x_wconf 69' lang='lat' dir='ltr'><strong>llmc</strong></span> <span class='ocrx_word' id='word_1_178' title='bbox 383 1263 466 1296; x_wconf 67' lang='lat' dir='ltr'><strong>igitur</strong></span> <span class='ocrx_word' id='word_1_179' title='bbox 476 1269 502 1290; x_wconf 88' lang='lat' dir='ltr'><strong>et</strong></span> <span class='ocrx_word' id='word_1_180' title='bbox 513 1263 611 1291; x_wconf 85' lang='lat' dir='ltr'><strong>similia</strong></span> <span class='ocrx_word' id='word_1_181' title='bbox 630 1265 729 1298; x_wconf 86' lang='lat' dir='ltr'><strong>quibus</strong></span> <span class='ocrx_word' id='word_1_182' title='bbox 739 1265 905 1300; x_wconf 74' lang='lat' dir='ltr'><strong>agricultura</strong></span> <span class='ocrx_word' id='word_1_183' title='bbox 915 1272 991 1292; x_wconf 85' lang='lat' dir='ltr'><strong>com-</strong></span> 
     </span>
    </p>
   </div>
   <div class='ocr_carea' id='block_1_30' title="bbox 205 1308 991 1346">
    <p class='ocr_par' dir='ltr' id='par_1_30' title="bbox 205 1308 991 1346">
     <span class='ocr_line' id='line_1_30' title="bbox 205 1308 991 1346; baseline 0.003 -10"><span class='ocrx_word' id='word_1_184' title='bbox 205 1309 358 1341; x_wconf 72' lang='lat' dir='ltr'><strong>mendatur,</strong></span> <span class='ocrx_word' id='word_1_185' title='bbox 376 1308 547 1336; x_wconf 84' lang='lat' dir='ltr'><strong>Philolheum</strong></span> <span class='ocrx_word' id='word_1_186' title='bbox 563 1310 596 1336; x_wconf 89' lang='lat' dir='ltr'><strong>ad</strong></span> <span class='ocrx_word' id='word_1_187' title='bbox 621 1309 694 1337; x_wconf 85' lang='lat' dir='ltr'><strong>illam</strong></span> <span class='ocrx_word' id='word_1_188' title='bbox 721 1314 903 1342; x_wconf 78' lang='lat' dir='ltr'><strong>attraxerunt.</strong></span> <span class='ocrx_word' id='word_1_189' title='bbox 922 1312 991 1346; x_wconf 71' lang='lat' dir='ltr'><strong>pra:-</strong></span> 
     </span>
    </p>
   </div>
   <div class='ocr_carea' id='block_1_31' title="bbox 206 1353 988 1389">
    <p class='ocr_par' dir='ltr' id='par_1_31' title="bbox 206 1353 988 1389">
     <span class='ocr_line' id='line_1_31' title="bbox 206 1353 988 1389; baseline 0.004 -10"><span class='ocrx_word' id='word_1_190' title='bbox 206 1358 278 1380; x_wconf 80' lang='lat' dir='ltr'><strong>terea</strong></span> <span class='ocrx_word' id='word_1_191' title='bbox 294 1353 364 1387; x_wconf 88' lang='lat' dir='ltr'><strong>quod</strong></span> <span class='ocrx_word' id='word_1_192' title='bbox 387 1353 531 1380; x_wconf 85' lang='lat' dir='ltr'><strong>sudoribus</strong></span> <span class='ocrx_word' id='word_1_193' title='bbox 557 1354 680 1388; x_wconf 88' lang='lat' dir='ltr'><strong>corporis</strong></span> <span class='ocrx_word' id='word_1_194' title='bbox 694 1355 790 1382; x_wconf 88' lang='lat' dir='ltr'><strong>sordes</strong></span> <span class='ocrx_word' id='word_1_195' title='bbox 801 1355 988 1389; x_wconf 77' lang='lat' dir='ltr'><strong>detergentnr,</strong></span> 
     </span>
    </p>
   </div>
   <div class='ocr_carea' id='block_1_32' title="bbox 204 1396 990 1434">
    <p class='ocr_par' dir='ltr' id='par_1_32' title="bbox 204 1396 990 1434">
     <span class='ocr_line' id='line_1_32' title="bbox 204 1396 990 1434; baseline 0.004 -11"><span class='ocrx_word' id='word_1_196' title='bbox 204 1401 231 1423; x_wconf 89' lang='lat' dir='ltr'><strong>et</strong></span> <span class='ocrx_word' id='word_1_197' title='bbox 242 1398 281 1424; x_wconf 85' lang='lat' dir='ltr'><strong>sic</strong></span> <span class='ocrx_word' id='word_1_198' title='bbox 298 1398 378 1424; x_wconf 80' lang='lat' dir='ltr'><strong>homo</strong></span> <span class='ocrx_word' id='word_1_199' title='bbox 395 1396 475 1424; x_wconf 80' lang='lat' dir='ltr'><strong>fortis</strong></span> <span class='ocrx_word' id='word_1_200' title='bbox 494 1405 526 1425; x_wconf 81' lang='lat' dir='ltr'><strong>ac</strong></span> <span class='ocrx_word' id='word_1_201' title='bbox 543 1398 672 1426; x_wconf 78' lang='lat' dir='ltr'><strong>robustus</strong></span> <span class='ocrx_word' id='word_1_202' title='bbox 687 1398 721 1425; x_wconf 92' lang='lat' dir='ltr'><strong>ad</strong></span> <span class='ocrx_word' id='word_1_203' title='bbox 742 1399 874 1434; x_wconf 74' lang='lat' dir='ltr'><strong>agendum</strong></span> <span class='ocrx_word' id='word_1_204' title='bbox 902 1399 990 1426; x_wconf 82' lang='lat' dir='ltr'><strong>reddi~</strong></span> 
     </span>
    </p>
   </div>
   <div class='ocr_carea' id='block_1_33' title="bbox 205 1443 990 1481">
    <p class='ocr_par' dir='ltr' id='par_1_33' title="bbox 205 1443 990 1481">
     <span class='ocr_line' id='line_1_33' title="bbox 205 1443 990 1481; baseline 0.003 -11"><span class='ocrx_word' id='word_1_205' title='bbox 205 1449 258 1471; x_wconf 90' lang='lat' dir='ltr'><strong>tnr.</strong></span> <span class='ocrx_word' id='word_1_206' title='bbox 278 1443 368 1477; x_wconf 81' lang='lat' dir='ltr'><strong>Quare</strong></span> <span class='ocrx_word' id='word_1_207' title='bbox 384 1445 427 1473; x_wconf 93' lang='lat' dir='ltr'><strong>hic</strong></span> <span class='ocrx_word' id='word_1_208' title='bbox 442 1452 551 1481; x_wconf 84' lang='lat' dir='ltr'><strong>quoque</strong></span> <span class='ocrx_word' id='word_1_209' title='bbox 565 1445 661 1472; x_wconf 87' lang='lat' dir='ltr'><strong>melius</strong></span> <span class='ocrx_word' id='word_1_210' title='bbox 679 1445 832 1479; x_wconf 80' lang='lat' dir='ltr'><strong>eligendum</strong></span> <span class='ocrx_word' id='word_1_211' title='bbox 849 1445 990 1480; x_wconf 86' lang='lat' dir='ltr'><strong>essejndi-</strong></span> 
     </span>
    </p>
   </div>
   <div class='ocr_carea' id='block_1_34' title="bbox 204 1491 991 1526">
    <p class='ocr_par' dir='ltr' id='par_1_34' title="bbox 204 1491 991 1526">
     <span class='ocr_line' id='line_1_34' title="bbox 204 1491 991 1526; baseline 0.001 -9"><span class='ocrx_word' id='word_1_212' title='bbox 204 1491 288 1521; x_wconf 83' lang='lat' dir='ltr'><strong>cavit,</strong></span> <span class='ocrx_word' id='word_1_213' title='bbox 300 1495 326 1517; x_wconf 88' lang='lat' dir='ltr'><strong>et</strong></span> <span class='ocrx_word' id='word_1_214' title='bbox 342 1497 404 1517; x_wconf 87' lang='lat' dir='ltr'><strong>cum</strong></span> <span class='ocrx_word' id='word_1_215' title='bbox 431 1491 515 1519; x_wconf 86' lang='lat' dir='ltr'><strong>sciret</strong></span> <span class='ocrx_word' id='word_1_216' title='bbox 528 1495 658 1526; x_wconf 83' lang='lat' dir='ltr'><strong>quantum</strong></span> <span class='ocrx_word' id='word_1_217' title='bbox 686 1491 793 1518; x_wconf 85' lang='lat' dir='ltr'><strong>sudoris</strong></span> <span class='ocrx_word' id='word_1_218' title='bbox 812 1491 943 1526; x_wconf 79' lang='lat' dir='ltr'><strong>agricola,</strong></span> <span class='ocrx_word' id='word_1_219' title='bbox 962 1497 991 1518; x_wconf 89' lang='lat' dir='ltr'><strong>ut</strong></span> 
     </span>
    </p>
   </div>
   <div class='ocr_carea' id='block_1_35' title="bbox 1045 247 1310 276">
    <p class='ocr_par' dir='ltr' id='par_1_35' title="bbox 1045 247 1310 276">
     <span class='ocr_line' id='line_1_35' title="bbox 1045 247 1310 276; baseline 0.008 -2"><span class='ocrx_word' id='word_1_220' title='bbox 1045 247 1139 275; x_wconf 84' lang='grc' dir='ltr'>λαύειν</span> <span class='ocrx_word' id='word_1_221' title='bbox 1159 248 1310 276; x_wconf 69' lang='grc' dir='ltr'>ἐθέλουσιν.</span> 
     </span>
    </p>
   </div>
   <div class='ocr_carea' id='block_1_36' title="bbox 1082 385 1837 424">
    <p class='ocr_par' dir='ltr' id='par_1_36' title="bbox 1082 385 1837 424">
     <span class='ocr_line' id='line_1_36' title="bbox 1082 385 1837 424; baseline -0.004 -7"><span class='ocrx_word' id='word_1_222' title='bbox 1082 393 1123 417; x_wconf 85' lang='grc' dir='ltr'>ιε’.</span> <span class='ocrx_word' id='word_1_223' title='bbox 1141 388 1222 420; x_wconf 80' lang='grc' dir='ltr'><strong>Οἶκος</strong></span> <span class='ocrx_word' id='word_1_224' title='bbox 1246 389 1275 416; x_wconf 79' lang='grc' dir='ltr'><strong>δὲ</strong></span> <span class='ocrx_word' id='word_1_225' title='bbox 1291 388 1368 424; x_wconf 72' lang='grc' dir='ltr'>αὐτῷ</span> <span class='ocrx_word' id='word_1_226' title='bbox 1384 385 1418 424; x_wconf 80' lang='grc' dir='ltr'>ἦν</span> <span class='ocrx_word' id='word_1_227' title='bbox 1432 387 1470 420; x_wconf 86' lang='grc' dir='ltr'>ὥς</span> <span class='ocrx_word' id='word_1_228' title='bbox 1499 387 1537 414; x_wconf 82' lang='grc' dir='ltr'><strong>τὰ</strong></span> <span class='ocrx_word' id='word_1_229' title='bbox 1553 386 1641 414; x_wconf 77' lang='grc' dir='ltr'>πολλὰ</span> <span class='ocrx_word' id='word_1_230' title='bbox 1661 387 1677 413; x_wconf 80' lang='grc' dir='ltr'><strong>ὁ</strong></span> <span class='ocrx_word' id='word_1_231' title='bbox 1703 387 1750 414; x_wconf 81' lang='grc' dir='ltr'>τοῦ</span> <span class='ocrx_word' id='word_1_232' title='bbox 1764 387 1837 415; x_wconf 78' lang='grc' dir='ltr'>Θεοῦ</span> 
     </span>
    </p>
   </div>
   <div class='ocr_carea' id='block_1_37' title="bbox 1043 432 1836 470">
    <p class='ocr_par' dir='ltr' id='par_1_37' title="bbox 1043 432 1836 470">
     <span class='ocr_line' id='line_1_37' title="bbox 1043 432 1836 470; baseline -0.001 -7"><span class='ocrx_word' id='word_1_233' title='bbox 1043 434 1127 469; x_wconf 76' lang='grc' dir='ltr'>οἶκος.</span> <span class='ocrx_word' id='word_1_234' title='bbox 1141 436 1171 463; x_wconf 73' lang='grc' dir='ltr'><strong>ιν</strong></span> <span class='ocrx_word' id='word_1_235' title='bbox 1198 432 1220 470; x_wconf 81' lang='grc' dir='ltr'>ᾧ</span> <span class='ocrx_word' id='word_1_236' title='bbox 1243 433 1300 462; x_wconf 76' lang='grc' dir='ltr'>οἷον</span> <span class='ocrx_word' id='word_1_237' title='bbox 1321 434 1526 469; x_wconf 76' lang='grc' dir='ltr'>πεφυτευμένος</span> <span class='ocrx_word' id='word_1_238' title='bbox 1553 434 1694 469; x_wconf 76' lang='grc' dir='ltr'><strong>κάρπιμον</strong></span> <span class='ocrx_word' id='word_1_239' title='bbox 1711 433 1836 462; x_wconf 69' lang='grc' dir='ltr'>ἔθαλλεν.</span> 
     </span>
    </p>
   </div>
   <div class='ocr_carea' id='block_1_38' title="bbox 1050 478 1838 517">
    <p class='ocr_par' dir='ltr' id='par_1_38' title="bbox 1050 478 1838 517">
     <span class='ocr_line' id='line_1_38' title="bbox 1050 478 1838 517; baseline -0.001 -10"><span class='ocrx_word' id='word_1_240' title='bbox 1050 482 1145 516; x_wconf 82' lang='grc' dir='ltr'>Ὀλιγα</span> <span class='ocrx_word' id='word_1_241' title='bbox 1156 479 1204 509; x_wconf 79' lang='grc' dir='ltr'><strong>οὗν</strong></span> <span class='ocrx_word' id='word_1_242' title='bbox 1219 481 1232 507; x_wconf 79' lang='grc' dir='ltr'><strong>ὁ</strong></span> <span class='ocrx_word' id='word_1_243' title='bbox 1248 481 1325 517; x_wconf 77' lang='grc' dir='ltr'>ἥλιος</span> <span class='ocrx_word' id='word_1_244' title='bbox 1336 480 1419 507; x_wconf 80' lang='grc' dir='ltr'>αὑτὸν</span> <span class='ocrx_word' id='word_1_245' title='bbox 1435 480 1510 515; x_wconf 77' lang='grc' dir='ltr'>ἐώρα</span> <span class='ocrx_word' id='word_1_246' title='bbox 1525 478 1768 514; x_wconf 71' lang='grc' dir='ltr'>ἑμφιλοχωροῦντα</span> <span class='ocrx_word' id='word_1_247' title='bbox 1778 480 1838 510; x_wconf 69' lang='grc' dir='ltr'>τοῖς</span> 
     </span>
    </p>
   </div>
   <div class='ocr_carea' id='block_1_39' title="bbox 1044 525 1838 564">
    <p class='ocr_par' dir='ltr' id='par_1_39' title="bbox 1044 525 1838 564">
     <span class='ocr_line' id='line_1_39' title="bbox 1044 525 1838 564; baseline -0.004 -9"><span class='ocrx_word' id='word_1_248' title='bbox 1044 528 1143 564; x_wconf 83' lang='grc' dir='ltr'>πρώην</span> <span class='ocrx_word' id='word_1_249' title='bbox 1154 527 1312 563; x_wconf 78' lang='grc' dir='ltr'><strong>συνήθεσιν,</strong></span> <span class='ocrx_word' id='word_1_250' title='bbox 1327 526 1410 554; x_wconf 80' lang='grc' dir='ltr'>ὁπότε</span> <span class='ocrx_word' id='word_1_251' title='bbox 1421 526 1503 561; x_wconf 73' lang='grc' dir='ltr'>τυχὸν</span> <span class='ocrx_word' id='word_1_252' title='bbox 1525 525 1727 560; x_wconf 75' lang='grc' dir='ltr'>ἐπισκέψασθαι</span> <span class='ocrx_word' id='word_1_253' title='bbox 1743 535 1769 552; x_wconf 89' lang='grc' dir='ltr'><strong>τι</strong></span> <span class='ocrx_word' id='word_1_254' title='bbox 1781 525 1838 552; x_wconf 71' lang='grc' dir='ltr'>ἔδει</span> 
     </span>
    </p>
   </div>
   <div class='ocr_carea' id='block_1_40' title="bbox 1043 571 1836 608">
    <p class='ocr_par' dir='ltr' id='par_1_40' title="bbox 1043 571 1836 608">
     <span class='ocr_line' id='line_1_40' title="bbox 1043 571 1836 608; baseline -0.004 -7"><span class='ocrx_word' id='word_1_255' title='bbox 1043 574 1099 601; x_wconf 83' lang='grc' dir='ltr'><strong>τῶν</strong></span> <span class='ocrx_word' id='word_1_256' title='bbox 1112 575 1162 601; x_wconf 81' lang='grc' dir='ltr'>ὅσα</span> <span class='ocrx_word' id='word_1_257' title='bbox 1177 574 1234 606; x_wconf 78' lang='grc' dir='ltr'>τοῖς</span> <span class='ocrx_word' id='word_1_258' title='bbox 1249 574 1319 601; x_wconf 83' lang='grc' dir='ltr'>κατὰ</span> <span class='ocrx_word' id='word_1_259' title='bbox 1334 573 1439 608; x_wconf 86' lang='grc' dir='ltr'>κόσμον</span> <span class='ocrx_word' id='word_1_260' title='bbox 1455 572 1663 606; x_wconf 75' lang='grc' dir='ltr'><strong>ἀναγκαιότατα</strong></span> <span class='ocrx_word' id='word_1_261' title='bbox 1673 579 1680 586; x_wconf 66' lang='grc' dir='ltr'><strong>θ</strong></span> <span class='ocrx_word' id='word_1_262' title='bbox 1693 571 1786 598; x_wconf 78' lang='grc' dir='ltr'>ὁποῖον</span> <span class='ocrx_word' id='word_1_263' title='bbox 1801 572 1836 606; x_wconf 82' lang='grc' dir='ltr'><strong>δή</strong></span> 
     </span>
    </p>
   </div>
   <div class='ocr_carea' id='block_1_41' title="bbox 1043 617 1839 656">
    <p class='ocr_par' dir='ltr' id='par_1_41' title="bbox 1043 617 1839 656">
     <span class='ocr_line' id='line_1_41' title="bbox 1043 617 1839 656; baseline -0.005 -9"><span class='ocrx_word' id='word_1_264' title='bbox 1043 630 1070 648; x_wconf 79' lang='grc' dir='ltr'><strong>τι</strong></span> <span class='ocrx_word' id='word_1_265' title='bbox 1087 621 1134 647; x_wconf 73' lang='grc' dir='ltr'>καὶ</span> <span class='ocrx_word' id='word_1_266' title='bbox 1150 621 1166 655; x_wconf 87' lang='grc' dir='ltr'><strong>ή</strong></span> <span class='ocrx_word' id='word_1_267' title='bbox 1189 619 1255 656; x_wconf 74' lang='grc' dir='ltr'>περὶ</span> <span class='ocrx_word' id='word_1_268' title='bbox 1279 620 1333 654; x_wconf 82' lang='grc' dir='ltr'>γῆν</span> <span class='ocrx_word' id='word_1_269' title='bbox 1348 619 1424 654; x_wconf 87' lang='grc' dir='ltr'><strong>αὺτῷ</strong></span> <span class='ocrx_word' id='word_1_270' title='bbox 1449 618 1577 653; x_wconf 69' lang='grc' dir='ltr'>ἐργασία.</span> <span class='ocrx_word' id='word_1_271' title='bbox 1601 618 1716 651; x_wconf 81' lang='grc' dir='ltr'>ΊΙγάπα</span> <span class='ocrx_word' id='word_1_272' title='bbox 1734 617 1789 653; x_wconf 85' lang='grc' dir='ltr'><strong>γὰρ</strong></span> <span class='ocrx_word' id='word_1_273' title='bbox 1805 618 1839 644; x_wconf 78' lang='grc' dir='ltr'>οὐ</span> 
     </span>
    </p>
   </div>
   <div class='ocr_carea' id='block_1_42' title="bbox 1046 663 1840 701">
    <p class='ocr_par' dir='ltr' id='par_1_42' title="bbox 1046 663 1840 701">
     <span class='ocr_line' id='line_1_42' title="bbox 1046 663 1840 701; baseline -0.006 -8"><span class='ocrx_word' id='word_1_274' title='bbox 1046 666 1127 701; x_wconf 85' lang='grc' dir='ltr'>μόνον</span> <span class='ocrx_word' id='word_1_275' title='bbox 1141 666 1266 701; x_wconf 77' lang='grc' dir='ltr'>θητικαῐς</span> <span class='ocrx_word' id='word_1_276' title='bbox 1281 665 1374 700; x_wconf 74' lang='grc' dir='ltr'>χερσὶν</span> <span class='ocrx_word' id='word_1_277' title='bbox 1387 664 1572 692; x_wconf 79' lang='grc' dir='ltr'>ἀνασκάλλειν</span> <span class='ocrx_word' id='word_1_278' title='bbox 1587 663 1638 699; x_wconf 80' lang='grc' dir='ltr'><strong>τὴν</strong></span> <span class='ocrx_word' id='word_1_279' title='bbox 1652 663 1705 697; x_wconf 83' lang='grc' dir='ltr'>γῆν</span> <span class='ocrx_word' id='word_1_280' title='bbox 1720 664 1759 694; x_wconf 82' lang='grc' dir='ltr'>εις</span> <span class='ocrx_word' id='word_1_281' title='bbox 1773 672 1840 689; x_wconf 72' lang='grc' dir='ltr'>παν-</span> 
     </span>
    </p>
   </div>
   <div class='ocr_carea' id='block_1_43' title="bbox 1044 709 1839 747">
    <p class='ocr_par' dir='ltr' id='par_1_43' title="bbox 1044 709 1839 747">
     <span class='ocr_line' id='line_1_43' title="bbox 1044 709 1839 747; baseline -0.005 -8"><span class='ocrx_word' id='word_1_282' title='bbox 1044 712 1162 739; x_wconf 82' lang='grc' dir='ltr'>τοδαπδν</span> <span class='ocrx_word' id='word_1_283' title='bbox 1188 712 1328 747; x_wconf 77' lang='grc' dir='ltr'><strong>φύτευμα,</strong></span> <span class='ocrx_word' id='word_1_284' title='bbox 1357 711 1427 738; x_wconf 80' lang='grc' dir='ltr'><strong>ἀλλὰ</strong></span> <span class='ocrx_word' id='word_1_285' title='bbox 1450 711 1498 737; x_wconf 76' lang='grc' dir='ltr'>καὶ</span> <span class='ocrx_word' id='word_1_286' title='bbox 1514 711 1596 745; x_wconf 77' lang='grc' dir='ltr'>χερσὶ</span> <span class='ocrx_word' id='word_1_287' title='bbox 1609 709 1753 736; x_wconf 81' lang='grc' dir='ltr'><strong>πονεῖσθαι</strong></span> <span class='ocrx_word' id='word_1_288' title='bbox 1772 710 1839 743; x_wconf 71' lang='grc' dir='ltr'>περὶ</span> 
     </span>
    </p>
   </div>
   <div class='ocr_carea' id='block_1_44' title="bbox 1044 753 1835 794">
    <p class='ocr_par' dir='ltr' id='par_1_44' title="bbox 1044 753 1835 794">
     <span class='ocr_line' id='line_1_44' title="bbox 1044 753 1835 794; baseline -0.005 -9"><span class='ocrx_word' id='word_1_289' title='bbox 1044 759 1141 794; x_wconf 81' lang='grc' dir='ltr'>αὐτὴν,</span> <span class='ocrx_word' id='word_1_290' title='bbox 1153 758 1264 792; x_wconf 82' lang='grc' dir='ltr'>εὐγενὲς</span> <span class='ocrx_word' id='word_1_291' title='bbox 1280 757 1361 785; x_wconf 77' lang='grc' dir='ltr'>τοῦτο</span> <span class='ocrx_word' id='word_1_292' title='bbox 1374 757 1521 790; x_wconf 70' lang='grc' dir='ltr'>ἐπικρίνας</span> <span class='ocrx_word' id='word_1_293' title='bbox 1541 756 1622 791; x_wconf 78' lang='grc' dir='ltr'>ἔργον</span> <span class='ocrx_word' id='word_1_294' title='bbox 1636 753 1706 783; x_wconf 85' lang='grc' dir='ltr'>εἶναι</span> <span class='ocrx_word' id='word_1_295' title='bbox 1721 757 1767 782; x_wconf 84' lang='grc' dir='ltr'>καὶ</span> <span class='ocrx_word' id='word_1_296' title='bbox 1783 756 1835 782; x_wconf 82' lang='grc' dir='ltr'><strong>ἁν-</strong></span> 
     </span>
    </p>
   </div>
   <div class='ocr_carea' id='block_1_45' title="bbox 1045 802 1838 840">
    <p class='ocr_par' dir='ltr' id='par_1_45' title="bbox 1045 802 1838 840">
     <span class='ocr_line' id='line_1_45' title="bbox 1045 802 1838 840; baseline -0.005 -9"><span class='ocrx_word' id='word_1_297' title='bbox 1045 803 1148 840; x_wconf 85' lang='grc' dir='ltr'>θρώπῳ</span> <span class='ocrx_word' id='word_1_298' title='bbox 1176 804 1327 839; x_wconf 82' lang='grc' dir='ltr'>προσῆκον.</span> <span class='ocrx_word' id='word_1_299' title='bbox 1355 804 1435 830; x_wconf 75' lang='grc' dir='ltr'>Δυεῐν</span> <span class='ocrx_word' id='word_1_300' title='bbox 1462 803 1517 837; x_wconf 85' lang='grc' dir='ltr'>γὰρ</span> <span class='ocrx_word' id='word_1_301' title='bbox 1533 802 1648 835; x_wconf 80' lang='grc' dir='ltr'>τούτων,</span> <span class='ocrx_word' id='word_1_302' title='bbox 1675 802 1728 836; x_wconf 82' lang='grc' dir='ltr'><strong>γῆς</strong></span> <span class='ocrx_word' id='word_1_303' title='bbox 1746 810 1775 828; x_wconf 89' lang='grc' dir='ltr'><strong>τε</strong></span> <span class='ocrx_word' id='word_1_304' title='bbox 1790 802 1838 828; x_wconf 74' lang='grc' dir='ltr'>καὶ</span> 
     </span>
    </p>
   </div>
   <div class='ocr_carea' id='block_1_46' title="bbox 1046 847 1835 885">
    <p class='ocr_par' dir='ltr' id='par_1_46' title="bbox 1046 847 1835 885">
     <span class='ocr_line' id='line_1_46' title="bbox 1046 847 1835 885; baseline -0.005 -9"><span class='ocrx_word' id='word_1_305' title='bbox 1046 849 1197 885; x_wconf 79' lang='grc' dir='ltr'><strong>θαλάσσης,</strong></span> <span class='ocrx_word' id='word_1_306' title='bbox 1213 850 1319 885; x_wconf 82' lang='grc' dir='ltr'><strong>ταύτης</strong></span> <span class='ocrx_word' id='word_1_307' title='bbox 1334 849 1385 883; x_wconf 73' lang='grc' dir='ltr'>μὲν</span> <span class='ocrx_word' id='word_1_308' title='bbox 1400 850 1417 884; x_wconf 80' lang='grc' dir='ltr'><strong>ἡ</strong></span> <span class='ocrx_word' id='word_1_309' title='bbox 1436 847 1554 882; x_wconf 70' lang='grc' dir='ltr'>ἑργασία</span> <span class='ocrx_word' id='word_1_310' title='bbox 1575 847 1740 878; x_wconf 73' lang='grc' dir='ltr'>ἐπείσακτος</span> <span class='ocrx_word' id='word_1_311' title='bbox 1758 847 1835 873; x_wconf 78' lang='grc' dir='ltr'>ὓστε-</span> 
     </span>
    </p>
   </div>
   <div class='ocr_carea' id='block_1_47' title="bbox 1047 893 1835 931">
    <p class='ocr_par' dir='ltr' id='par_1_47' title="bbox 1047 893 1835 931">
     <span class='ocr_line' id='line_1_47' title="bbox 1047 893 1835 931; baseline -0.004 -9"><span class='ocrx_word' id='word_1_312' title='bbox 1047 905 1092 931; x_wconf 89' lang='grc' dir='ltr'><strong>ρον</strong></span> <span class='ocrx_word' id='word_1_313' title='bbox 1108 896 1220 931; x_wconf 84' lang='grc' dir='ltr'>χρόνου,</span> <span class='ocrx_word' id='word_1_314' title='bbox 1232 895 1280 921; x_wconf 75' lang='grc' dir='ltr'><strong>καὶ</strong></span> <span class='ocrx_word' id='word_1_315' title='bbox 1296 895 1356 921; x_wconf 77' lang='grc' dir='ltr'><strong>οὐδὲ</strong></span> <span class='ocrx_word' id='word_1_316' title='bbox 1377 894 1555 929; x_wconf 78' lang='grc' dir='ltr'>πεφιλημένη</span> <span class='ocrx_word' id='word_1_317' title='bbox 1568 895 1624 924; x_wconf 78' lang='grc' dir='ltr'>τοῖς</span> <span class='ocrx_word' id='word_1_318' title='bbox 1645 893 1771 920; x_wconf 77' lang='grc' dir='ltr'><strong>ἐθέλουσι</strong></span> <span class='ocrx_word' id='word_1_319' title='bbox 1786 902 1835 927; x_wconf 84' lang='grc' dir='ltr'>μα-</span> 
     </span>
    </p>
   </div>
   <div class='ocr_carea' id='block_1_48' title="bbox 1045 940 1837 976">
    <p class='ocr_par' dir='ltr' id='par_1_48' title="bbox 1045 940 1837 976">
     <span class='ocr_line' id='line_1_48' title="bbox 1045 940 1837 976; baseline -0.004 -8"><span class='ocrx_word' id='word_1_320' title='bbox 1045 943 1099 976; x_wconf 84' lang='grc' dir='ltr'><strong>κρά</strong></span> <span class='ocrx_word' id='word_1_321' title='bbox 1110 950 1138 968; x_wconf 82' lang='grc' dir='ltr'><strong>τε</strong></span> <span class='ocrx_word' id='word_1_322' title='bbox 1156 941 1206 976; x_wconf 77' lang='grc' dir='ltr'>ζῇν</span> <span class='ocrx_word' id='word_1_323' title='bbox 1224 943 1272 969; x_wconf 71' lang='grc' dir='ltr'>καὶ</span> <span class='ocrx_word' id='word_1_324' title='bbox 1290 941 1421 968; x_wconf 77' lang='grc' dir='ltr'>ἀκίνδυνα</span> <span class='ocrx_word' id='word_1_325' title='bbox 1431 948 1438 954; x_wconf 90' lang='grc'><strong><em>“</em></strong></span> <span class='ocrx_word' id='word_1_326' title='bbox 1455 941 1492 975; x_wconf 88' lang='grc' dir='ltr'>γῆ</span> <span class='ocrx_word' id='word_1_327' title='bbox 1504 940 1532 966; x_wconf 82' lang='grc' dir='ltr'><strong>δὲ</strong></span> <span class='ocrx_word' id='word_1_328' title='bbox 1547 940 1716 974; x_wconf 77' lang='grc' dir='ltr'>ποθουμένη,</span> <span class='ocrx_word' id='word_1_329' title='bbox 1727 940 1778 965; x_wconf 84' lang='grc' dir='ltr'><strong>ὅσα</strong></span> <span class='ocrx_word' id='word_1_330' title='bbox 1790 941 1837 966; x_wconf 71' lang='grc' dir='ltr'>καὶ</span> 
     </span>
    </p>
   </div>
   <div class='ocr_carea' id='block_1_49' title="bbox 1047 985 1838 1024">
    <p class='ocr_par' dir='ltr' id='par_1_49' title="bbox 1047 985 1838 1024">
     <span class='ocr_line' id='line_1_49' title="bbox 1047 985 1838 1024; baseline -0.004 -10"><span class='ocrx_word' id='word_1_331' title='bbox 1047 989 1151 1024; x_wconf 83' lang='grc' dir='ltr'><strong>μήτηρ,</strong></span> <span class='ocrx_word' id='word_1_332' title='bbox 1181 988 1254 1022; x_wconf 84' lang='grc' dir='ltr'><strong>φιλεί</strong></span> <span class='ocrx_word' id='word_1_333' title='bbox 1271 996 1299 1014; x_wconf 85' lang='grc' dir='ltr'><strong>τε</strong></span> <span class='ocrx_word' id='word_1_334' title='bbox 1318 988 1365 1014; x_wconf 75' lang='grc' dir='ltr'>καὶ</span> <span class='ocrx_word' id='word_1_335' title='bbox 1385 987 1539 1018; x_wconf 76' lang='grc' dir='ltr'>ἀσπάζεται</span> <span class='ocrx_word' id='word_1_336' title='bbox 1564 986 1629 1018; x_wconf 79' lang='grc' dir='ltr'>τοὺς</span> <span class='ocrx_word' id='word_1_337' title='bbox 1645 985 1838 1017; x_wconf 74' lang='grc' dir='ltr'>κυπτάζοντας</span> 
     </span>
    </p>
   </div>
   <div class='ocr_carea' id='block_1_50' title="bbox 1045 1031 1839 1069">
    <p class='ocr_par' dir='ltr' id='par_1_50' title="bbox 1045 1031 1839 1069">
     <span class='ocr_line' id='line_1_50' title="bbox 1045 1031 1839 1069; baseline -0.005 -9"><span class='ocrx_word' id='word_1_338' title='bbox 1045 1035 1109 1069; x_wconf 73' lang='grc' dir='ltr'>περὶ</span> <span class='ocrx_word' id='word_1_339' title='bbox 1128 1034 1223 1069; x_wconf 73' lang='grc' dir='ltr'>αὐτὴν.</span> <span class='ocrx_word' id='word_1_340' title='bbox 1242 1033 1289 1060; x_wconf 84' lang='grc' dir='ltr'>καὶ</span> <span class='ocrx_word' id='word_1_341' title='bbox 1304 1033 1349 1060; x_wconf 77' lang='grc' dir='ltr'><strong>τὸν</strong></span> <span class='ocrx_word' id='word_1_342' title='bbox 1367 1033 1513 1067; x_wconf 69' lang='grc' dir='ltr'>Ἀσφάλιον</span> <span class='ocrx_word' id='word_1_343' title='bbox 1528 1031 1715 1067; x_wconf 78' lang='grc' dir='ltr'>προῖσχομένη</span> <span class='ocrx_word' id='word_1_344' title='bbox 1741 1039 1839 1064; x_wconf 84' lang='grc' dir='ltr'>συντη-</span> 
     </span>
    </p>
   </div>
   <div class='ocr_carea' id='block_1_51' title="bbox 1045 1077 1836 1116">
    <p class='ocr_par' dir='ltr' id='par_1_51' title="bbox 1045 1077 1836 1116">
     <span class='ocr_line' id='line_1_51' title="bbox 1045 1077 1836 1116; baseline -0.006 -9"><span class='ocrx_word' id='word_1_345' title='bbox 1045 1082 1088 1116; x_wconf 83' lang='grc' dir='ltr'>ριῖ</span> <span class='ocrx_word' id='word_1_346' title='bbox 1104 1081 1169 1112; x_wconf 75' lang='grc' dir='ltr'>τοὺς</span> <span class='ocrx_word' id='word_1_347' title='bbox 1195 1079 1400 1114; x_wconf 84' lang='grc' dir='ltr'>γεηπονοῦντας</span> <span class='ocrx_word' id='word_1_348' title='bbox 1432 1080 1473 1111; x_wconf 69' lang='grc' dir='ltr'><strong>εἰς</strong></span> <span class='ocrx_word' id='word_1_349' title='bbox 1505 1079 1624 1113; x_wconf 77' lang='grc' dir='ltr'>καίριον.</span> <span class='ocrx_word' id='word_1_350' title='bbox 1647 1078 1702 1104; x_wconf 80' lang='grc' dir='ltr'><strong>Καὶ</strong></span> <span class='ocrx_word' id='word_1_351' title='bbox 1728 1077 1836 1111; x_wconf 80' lang='grc' dir='ltr'>ἐστινὴ</span> 
     </span>
    </p>
   </div>
   <div class='ocr_carea' id='block_1_52' title="bbox 1044 1122 1838 1160">
    <p class='ocr_par' dir='ltr' id='par_1_52' title="bbox 1044 1122 1838 1160">
     <span class='ocr_line' id='line_1_52' title="bbox 1044 1122 1838 1160; baseline -0.006 -8"><span class='ocrx_word' id='word_1_352' title='bbox 1044 1125 1166 1160; x_wconf 81' lang='grc' dir='ltr'>γεωργία</span> <span class='ocrx_word' id='word_1_353' title='bbox 1176 1126 1193 1159; x_wconf 81' lang='grc' dir='ltr'>ἡ</span> <span class='ocrx_word' id='word_1_354' title='bbox 1208 1125 1453 1159; x_wconf 73' lang='grc' dir='ltr'>ὁπωσοῦν³ἀγαθὸν</span> <span class='ocrx_word' id='word_1_355' title='bbox 1479 1123 1639 1159; x_wconf 78' lang='grc' dir='ltr'>ἀρχέγονον,</span> <span class='ocrx_word' id='word_1_356' title='bbox 1657 1122 1838 1149; x_wconf 72' lang='grc' dir='ltr'>πλουτοποιὸν</span> 
     </span>
    </p>
   </div>
   <div class='ocr_carea' id='block_1_53' title="bbox 1044 1168 1835 1205">
    <p class='ocr_par' dir='ltr' id='par_1_53' title="bbox 1044 1168 1835 1205">
     <span class='ocr_line' id='line_1_53' title="bbox 1044 1168 1835 1205; baseline -0.003 -9"><span class='ocrx_word' id='word_1_357' title='bbox 1044 1170 1136 1205; x_wconf 65' lang='grc' dir='ltr'>ἔργον.</span> <span class='ocrx_word' id='word_1_358' title='bbox 1150 1170 1292 1198; x_wconf 77' lang='grc' dir='ltr'>ἀκίνδυνον</span> <span class='ocrx_word' id='word_1_359' title='bbox 1305 1169 1399 1203; x_wconf 74' lang='grc' dir='ltr'>καλὸν,</span> <span class='ocrx_word' id='word_1_360' title='bbox 1412 1169 1494 1204; x_wconf 82' lang='grc' dir='ltr'>τέχνη</span> <span class='ocrx_word' id='word_1_361' title='bbox 1513 1169 1650 1205; x_wconf 83' lang='grc' dir='ltr'>συγγενὴς</span> <span class='ocrx_word' id='word_1_362' title='bbox 1665 1168 1835 1202; x_wconf 77' lang='grc' dir='ltr'>ἀνθρώποις.</span> 
     </span>
    </p>
   </div>
   <div class='ocr_carea' id='block_1_54' title="bbox 1081 1260 1835 1296">
    <p class='ocr_par' dir='ltr' id='par_1_54' title="bbox 1081 1260 1835 1296">
     <span class='ocr_line' id='line_1_54' title="bbox 1081 1260 1835 1296; baseline -0.005 -6"><span class='ocrx_word' id='word_1_363' title='bbox 1081 1266 1128 1296; x_wconf 79' lang='grc' dir='ltr'><strong>ις’.</strong></span> <span class='ocrx_word' id='word_1_364' title='bbox 1148 1262 1243 1289; x_wconf 77' lang='grc' dir='ltr'>Ταῦτά</span> <span class='ocrx_word' id='word_1_365' title='bbox 1271 1270 1300 1288; x_wconf 84' lang='grc' dir='ltr'><strong>τε</strong></span> <span class='ocrx_word' id='word_1_366' title='bbox 1329 1261 1387 1293; x_wconf 85' lang='grc' dir='ltr'>οὖν,</span> <span class='ocrx_word' id='word_1_367' title='bbox 1403 1261 1452 1288; x_wconf 76' lang='grc' dir='ltr'>καὶ</span> <span class='ocrx_word' id='word_1_368' title='bbox 1473 1261 1523 1288; x_wconf 81' lang='grc' dir='ltr'>ὅσα</span> <span class='ocrx_word' id='word_1_369' title='bbox 1550 1261 1664 1288; x_wconf 79' lang='grc' dir='ltr'>τοιαῦτα</span> <span class='ocrx_word' id='word_1_370' title='bbox 1681 1261 1769 1295; x_wconf 75' lang='grc' dir='ltr'>σεμνὶι</span> <span class='ocrx_word' id='word_1_371' title='bbox 1783 1260 1835 1294; x_wconf 74' lang='grc' dir='ltr'><strong>τῆς</strong></span> 
     </span>
    </p>
   </div>
   <div class='ocr_carea' id='block_1_55' title="bbox 1044 1306 1836 1344">
    <p class='ocr_par' dir='ltr' id='par_1_55' title="bbox 1044 1306 1836 1344">
     <span class='ocr_line' id='line_1_55' title="bbox 1044 1306 1836 1344; baseline -0.005 -8"><span class='ocrx_word' id='word_1_372' title='bbox 1044 1309 1215 1344; x_wconf 65' lang='grc' dir='ltr'>γεωργικῆς,</span> <span class='ocrx_word' id='word_1_373' title='bbox 1241 1308 1370 1335; x_wconf 71' lang='grc' dir='ltr'>καθεῖλκε</span> <span class='ocrx_word' id='word_1_374' title='bbox 1399 1308 1445 1334; x_wconf 77' lang='grc' dir='ltr'>τὸν</span> <span class='ocrx_word' id='word_1_375' title='bbox 1461 1307 1587 1334; x_wconf 71' lang='grc' dir='ltr'>Φιλόθεον</span> <span class='ocrx_word' id='word_1_376' title='bbox 1602 1308 1643 1338; x_wconf 80' lang='grc' dir='ltr'>εἰς</span> <span class='ocrx_word' id='word_1_377' title='bbox 1668 1306 1767 1341; x_wconf 81' lang='grc' dir='ltr'>αὐτὴν,</span> <span class='ocrx_word' id='word_1_378' title='bbox 1786 1306 1836 1333; x_wconf 75' lang='grc' dir='ltr'>καὶ</span> 
     </span>
    </p>
   </div>
   <div class='ocr_carea' id='block_1_56' title="bbox 1043 1353 1832 1390">
    <p class='ocr_par' dir='ltr' id='par_1_56' title="bbox 1043 1353 1832 1390">
     <span class='ocr_line' id='line_1_56' title="bbox 1043 1353 1832 1390; baseline -0.006 -7"><span class='ocrx_word' id='word_1_379' title='bbox 1043 1357 1084 1384; x_wconf 84' lang='grc' dir='ltr'>ὃτι</span> <span class='ocrx_word' id='word_1_380' title='bbox 1096 1355 1142 1383; x_wconf 82' lang='grc' dir='ltr'>τοῦ</span> <span class='ocrx_word' id='word_1_381' title='bbox 1161 1355 1231 1382; x_wconf 79' lang='grc' dir='ltr'>κατὰ</span> <span class='ocrx_word' id='word_1_382' title='bbox 1243 1355 1323 1390; x_wconf 87' lang='grc' dir='ltr'>σῶμα</span> <span class='ocrx_word' id='word_1_383' title='bbox 1336 1354 1424 1389; x_wconf 82' lang='grc' dir='ltr'>πηλοῦ</span> <span class='ocrx_word' id='word_1_384' title='bbox 1446 1353 1602 1388; x_wconf 74' lang='grc' dir='ltr'>ὲξικμάζει,</span> <span class='ocrx_word' id='word_1_385' title='bbox 1619 1353 1666 1380; x_wconf 78' lang='grc' dir='ltr'>καὶ</span> <span class='ocrx_word' id='word_1_386' title='bbox 1680 1353 1752 1379; x_wconf 70' lang='grc' dir='ltr'>οὕτω</span> <span class='ocrx_word' id='word_1_387' title='bbox 1767 1361 1832 1378; x_wconf 78' lang='grc' dir='ltr'>στε-</span> 
     </span>
    </p>
   </div>
   <div class='ocr_carea' id='block_1_57' title="bbox 1043 1398 1834 1435">
    <p class='ocr_par' dir='ltr' id='par_1_57' title="bbox 1043 1398 1834 1435">
     <span class='ocr_line' id='line_1_57' title="bbox 1043 1398 1834 1435; baseline -0.006 -6"><span class='ocrx_word' id='word_1_388' title='bbox 1043 1402 1126 1434; x_wconf 74' lang='grc' dir='ltr'>γανὸν</span> <span class='ocrx_word' id='word_1_389' title='bbox 1138 1403 1242 1429; x_wconf 75' lang='grc' dir='ltr'>ἐκεῖνον</span> <span class='ocrx_word' id='word_1_390' title='bbox 1254 1401 1329 1428; x_wconf 84' lang='grc' dir='ltr'>ποιεῖ</span> <span class='ocrx_word' id='word_1_391' title='bbox 1341 1401 1388 1427; x_wconf 78' lang='grc' dir='ltr'>καὶ</span> <span class='ocrx_word' id='word_1_392' title='bbox 1400 1400 1565 1435; x_wconf 79' lang='grc' dir='ltr'>καρτερικὸν</span> <span class='ocrx_word' id='word_1_393' title='bbox 1576 1400 1616 1431; x_wconf 73' lang='grc' dir='ltr'><strong>εἰς</strong></span> <span class='ocrx_word' id='word_1_394' title='bbox 1629 1400 1707 1434; x_wconf 78' lang='grc' dir='ltr'>ἔργα.</span> <span class='ocrx_word' id='word_1_395' title='bbox 1723 1398 1834 1433; x_wconf 77' lang='grc' dir='ltr'>Ἐφιλο-</span> 
     </span>
    </p>
   </div>
   <div class='ocr_carea' id='block_1_58' title="bbox 1045 1444 1835 1484">
    <p class='ocr_par' dir='ltr' id='par_1_58' title="bbox 1045 1444 1835 1484">
     <span class='ocr_line' id='line_1_58' title="bbox 1045 1444 1835 1484; baseline -0.006 -9"><span class='ocrx_word' id='word_1_396' title='bbox 1045 1449 1148 1484; x_wconf 78' lang='grc' dir='ltr'>σόφησε</span> <span class='ocrx_word' id='word_1_397' title='bbox 1171 1448 1272 1478; x_wconf 76' lang='grc' dir='ltr'>τοίνυν,</span> <span class='ocrx_word' id='word_1_398' title='bbox 1289 1447 1350 1473; x_wconf 79' lang='grc' dir='ltr'>δέον</span> <span class='ocrx_word' id='word_1_399' title='bbox 1378 1444 1449 1473; x_wconf 80' lang='grc' dir='ltr'>εἶναι</span> <span class='ocrx_word' id='word_1_400' title='bbox 1478 1445 1620 1473; x_wconf 74' lang='grc' dir='ltr'>κάνταῦθα</span> <span class='ocrx_word' id='word_1_401' title='bbox 1649 1445 1790 1480; x_wconf 74' lang='grc' dir='ltr'>ἐπικρῖναι</span> <span class='ocrx_word' id='word_1_402' title='bbox 1803 1445 1835 1471; x_wconf 65' lang='lat' dir='ltr'><strong>rb</strong></span> 
     </span>
    </p>
   </div>
   <div class='ocr_carea' id='block_1_59' title="bbox 1045 1491 1835 1531">
    <p class='ocr_par' dir='ltr' id='par_1_59' title="bbox 1045 1491 1835 1531">
     <span class='ocr_line' id='line_1_59' title="bbox 1045 1491 1835 1531; baseline -0.006 -9"><span class='ocrx_word' id='word_1_403' title='bbox 1045 1496 1168 1531; x_wconf 81' lang='grc' dir='ltr'>κρεῖττον</span> <span class='ocrx_word' id='word_1_404' title='bbox 1177 1503 1184 1510; x_wconf 92' lang='grc'><strong>·</strong></span> <span class='ocrx_word' id='word_1_405' title='bbox 1197 1495 1244 1522; x_wconf 77' lang='grc' dir='ltr'>καὶ</span> <span class='ocrx_word' id='word_1_406' title='bbox 1255 1493 1346 1524; x_wconf 74' lang='grc' dir='ltr'>εἰδῶς’,</span> <span class='ocrx_word' id='word_1_407' title='bbox 1358 1494 1456 1520; x_wconf 74' lang='grc' dir='ltr'>ὁπόσον</span> <span class='ocrx_word' id='word_1_408' title='bbox 1466 1493 1565 1527; x_wconf 78' lang='grc' dir='ltr'>ἱδρῶτα</span> <span class='ocrx_word' id='word_1_409' title='bbox 1578 1493 1618 1523; x_wconf 79' lang='grc' dir='ltr'><strong>εις</strong></span> <span class='ocrx_word' id='word_1_410' title='bbox 1633 1492 1693 1518; x_wconf 83' lang='grc' dir='ltr'>δέον</span> <span class='ocrx_word' id='word_1_411' title='bbox 1705 1491 1835 1523; x_wconf 78' lang='grc' dir='ltr'>ἑκΰλὺζει</span> 
     </span>
    </p>
   </div>
   <div class='ocr_carea' id='block_1_60' title="bbox 204 1532 991 1576">
    <p class='ocr_par' dir='ltr' id='par_1_60' title="bbox 204 1535 987 1571">
     <span class='ocr_line' id='line_1_60' title="bbox 204 1535 987 1571; baseline 0.001 -10"><span class='ocrx_word' id='word_1_412' title='bbox 204 1535 255 1562; x_wconf 67' lang='lat' dir='ltr'><strong>olli:</strong></span> <span class='ocrx_word' id='word_1_413' title='bbox 266 1536 290 1562; x_wconf 90' lang='lat' dir='ltr'><strong>io</strong></span> <span class='ocrx_word' id='word_1_414' title='bbox 303 1536 465 1569; x_wconf 74' lang='lat' dir='ltr'><strong>satisfaciat,</strong></span> <span class='ocrx_word' id='word_1_415' title='bbox 481 1545 496 1564; x_wconf 92' lang='lat' dir='ltr'><strong>e</strong></span> <span class='ocrx_word' id='word_1_416' title='bbox 510 1544 623 1571; x_wconf 82' lang='lat' dir='ltr'><strong>corpore</strong></span> <span class='ocrx_word' id='word_1_417' title='bbox 639 1535 796 1571; x_wconf 84' lang='lat' dir='ltr'><strong>profundat,</strong></span> <span class='ocrx_word' id='word_1_418' title='bbox 807 1535 940 1570; x_wconf 80' lang='lat' dir='ltr'><strong>siquidem</strong></span> <span class='ocrx_word' id='word_1_419' title='bbox 956 1536 987 1563; x_wconf 86' lang='lat' dir='ltr'><strong>ad</strong></span> 
     </span>
    </p>
   </div>
   <div class='ocr_carea' id='block_1_61' title="bbox 1045 1532 1834 1576">
    <p class='ocr_par' dir='ltr' id='par_1_61' title="bbox 1045 1532 1834 1576">
     <span class='ocr_line' id='line_1_61' title="bbox 1045 1532 1834 1576; baseline -0.005 -8"><span class='ocrx_word' id='word_1_420' title='bbox 1045 1542 1099 1568; x_wconf 87' lang='grc' dir='ltr'><strong>τῶν</strong></span> <span class='ocrx_word' id='word_1_421' title='bbox 1115 1541 1224 1576; x_wconf 81' lang='grc' dir='ltr'>σαρκῶν</span> <span class='ocrx_word' id='word_1_422' title='bbox 1234 1541 1248 1566; x_wconf 81' lang='grc' dir='ltr'>ὁ</span> <span class='ocrx_word' id='word_1_423' title='bbox 1262 1539 1420 1573; x_wconf 85' lang='grc' dir='ltr'>γεωπονῶν.</span> <span class='ocrx_word' id='word_1_424' title='bbox 1432 1538 1526 1565; x_wconf 82' lang='grc' dir='ltr'>καθότι</span> <span class='ocrx_word' id='word_1_425' title='bbox 1542 1539 1590 1565; x_wconf 80' lang='grc' dir='ltr'>καὶ</span> <span class='ocrx_word' id='word_1_426' title='bbox 1601 1539 1630 1564; x_wconf 75' lang='grc' dir='ltr'>ἐν</span> <span class='ocrx_word' id='word_1_427' title='bbox 1642 1532 1735 1572; x_wconf 78' lang='grc' dir='ltr'>ἱδρῶτι</span> <span class='ocrx_word' id='word_1_428' title='bbox 1746 1545 1834 1572; x_wconf 79' lang='grc' dir='ltr'>προσ-</span> 
     </span>
    </p>
   </div>
   <div class='ocr_carea' id='block_1_62' title="bbox 204 1581 989 1616">
    <p class='ocr_par' dir='ltr' id='par_1_62' title="bbox 204 1581 989 1616">
     <span class='ocr_line' id='line_1_62' title="bbox 204 1581 989 1616; baseline -0.001 -8"><span class='ocrx_word' id='word_1_429' title='bbox 204 1583 399 1609; x_wconf 73' lang='grc' dir='ltr'>οιιηιοιιοιηιιιιιι</span> <span class='ocrx_word' id='word_1_430' title='bbox 415 1589 511 1616; x_wconf 86' lang='lat' dir='ltr'><strong>panem</strong></span> <span class='ocrx_word' id='word_1_431' title='bbox 526 1586 648 1610; x_wconf 84' lang='lat' dir='ltr'><strong>nostrum</strong></span> <span class='ocrx_word' id='word_1_432' title='bbox 662 1582 687 1608; x_wconf 93' lang='lat' dir='ltr'><strong>in</strong></span> <span class='ocrx_word' id='word_1_433' title='bbox 711 1582 811 1609; x_wconf 85' lang='lat' dir='ltr'><strong>sudore</strong></span> <span class='ocrx_word' id='word_1_434' title='bbox 826 1581 903 1608; x_wconf 70' lang='lat' dir='ltr'><strong>faciei</strong></span> <span class='ocrx_word' id='word_1_435' title='bbox 923 1588 989 1608; x_wconf 91' lang='lat' dir='ltr'><strong>cou-</strong></span> 
     </span>
    </p>
   </div>
   <div class='ocr_carea' id='block_1_63' title="bbox 203 1628 990 1662">
    <p class='ocr_par' dir='ltr' id='par_1_63' title="bbox 203 1628 990 1662">
     <span class='ocr_line' id='line_1_63' title="bbox 203 1628 990 1662; baseline 0.001 -8"><span class='ocrx_word' id='word_1_436' title='bbox 203 1628 322 1656; x_wconf 88' lang='lat' dir='ltr'><strong>demnati</strong></span> <span class='ocrx_word' id='word_1_437' title='bbox 339 1635 444 1662; x_wconf 85' lang='lat' dir='ltr'><strong>sumus,</strong></span> <span class='ocrx_word' id='word_1_438' title='bbox 458 1635 484 1656; x_wconf 87' lang='lat' dir='ltr'><strong>et</strong></span> <span class='ocrx_word' id='word_1_439' title='bbox 498 1637 557 1656; x_wconf 88' lang='lat' dir='ltr'><strong>cum</strong></span> <span class='ocrx_word' id='word_1_440' title='bbox 569 1628 697 1656; x_wconf 85' lang='lat' dir='ltr'><strong>sudorem</strong></span> <span class='ocrx_word' id='word_1_441' title='bbox 714 1635 746 1656; x_wconf 92' lang='lat' dir='ltr'><strong>ac</strong></span> <span class='ocrx_word' id='word_1_442' title='bbox 763 1629 833 1656; x_wconf 86' lang='lat' dir='ltr'><strong>bona</strong></span> <span class='ocrx_word' id='word_1_443' title='bbox 854 1628 915 1655; x_wconf 88' lang='lat' dir='ltr'><strong>inde</strong></span> <span class='ocrx_word' id='word_1_444' title='bbox 929 1635 990 1662; x_wconf 36' lang='lat' dir='ltr'><strong>pros</strong></span> 
     </span>
    </p>
   </div>
   <div class='ocr_carea' id='block_1_64' title="bbox 204 1674 992 1710">
    <p class='ocr_par' dir='ltr' id='par_1_64' title="bbox 204 1674 992 1710">
     <span class='ocr_line' id='line_1_64' title="bbox 204 1674 992 1710; baseline -0.003 -8"><span class='ocrx_word' id='word_1_445' title='bbox 204 1675 313 1702; x_wconf 81' lang='lat' dir='ltr'><strong>flneulia</strong></span> <span class='ocrx_word' id='word_1_446' title='bbox 336 1681 516 1710; x_wconf 83' lang='lat' dir='ltr'><strong>compararet,</strong></span> <span class='ocrx_word' id='word_1_447' title='bbox 534 1679 616 1709; x_wconf 85' lang='lat' dir='ltr'><strong>atque</strong></span> <span class='ocrx_word' id='word_1_448' title='bbox 633 1675 690 1702; x_wconf 67' lang='lat' dir='ltr'><strong>haec</strong></span> <span class='ocrx_word' id='word_1_449' title='bbox 707 1675 810 1702; x_wconf 87' lang='lat' dir='ltr'><strong>lancem</strong></span> <span class='ocrx_word' id='word_1_450' title='bbox 840 1674 992 1708; x_wconf 85' lang='lat' dir='ltr'><strong>deprimere</strong></span> 
     </span>
    </p>
   </div>
   <div class='ocr_carea' id='block_1_65' title="bbox 205 1719 992 1756">
    <p class='ocr_par' dir='ltr' id='par_1_65' title="bbox 205 1719 992 1756">
     <span class='ocr_line' id='line_1_65' title="bbox 205 1719 992 1756; baseline -0.003 -9"><span class='ocrx_word' id='word_1_451' title='bbox 205 1721 398 1756; x_wconf 78' lang='lat' dir='ltr'><strong>perspexisset,</strong></span> <span class='ocrx_word' id='word_1_452' title='bbox 423 1721 494 1748; x_wconf 86' lang='lat' dir='ltr'><strong>hanc</strong></span> <span class='ocrx_word' id='word_1_453' title='bbox 513 1727 599 1748; x_wconf 84' lang='lat' dir='ltr'><strong>artem</strong></span> <span class='ocrx_word' id='word_1_454' title='bbox 626 1719 796 1755; x_wconf 86' lang='lat' dir='ltr'><strong>amplectitur</strong></span> <span class='ocrx_word' id='word_1_455' title='bbox 824 1724 917 1754; x_wconf 86' lang='lat' dir='ltr'><strong>utpote</strong></span> <span class='ocrx_word' id='word_1_456' title='bbox 933 1726 992 1753; x_wconf 74' lang='lat' dir='ltr'><strong>qua:</strong></span> 
     </span>
    </p>
   </div>
   <div class='ocr_carea' id='block_1_66' title="bbox 204 1765 990 1794">
    <p class='ocr_par' dir='ltr' id='par_1_66' title="bbox 204 1765 990 1794">
     <span class='ocr_line' id='line_1_66' title="bbox 204 1765 990 1794; baseline -0.005 -1"><span class='ocrx_word' id='word_1_457' title='bbox 204 1767 287 1794; x_wconf 78' lang='lat' dir='ltr'><strong>vitam</strong></span> <span class='ocrx_word' id='word_1_458' title='bbox 302 1771 466 1793; x_wconf 81' lang='lat' dir='ltr'><strong>sustentaret</strong></span> <span class='ocrx_word' id='word_1_459' title='bbox 485 1771 512 1793; x_wconf 83' lang='lat' dir='ltr'><strong>et</strong></span> <span class='ocrx_word' id='word_1_460' title='bbox 529 1773 638 1793; x_wconf 81' lang='lat' dir='ltr'><strong>carnem</strong></span> <span class='ocrx_word' id='word_1_461' title='bbox 652 1770 823 1793; x_wconf 77' lang='lat' dir='ltr'><strong>extenuaret.</strong></span> <span class='ocrx_word' id='word_1_462' title='bbox 841 1765 886 1792; x_wconf 80' lang='lat' dir='ltr'><strong>Sic</strong></span> <span class='ocrx_word' id='word_1_463' title='bbox 906 1765 990 1791; x_wconf 76' lang='lat' dir='ltr'><strong>virtu-</strong></span> 
     </span>
    </p>
   </div>
   <div class='ocr_carea' id='block_1_67' title="bbox 204 1811 991 1845">
    <p class='ocr_par' dir='ltr' id='par_1_67' title="bbox 204 1811 991 1845">
     <span class='ocr_line' id='line_1_67' title="bbox 204 1811 991 1845; baseline -0.005 -5"><span class='ocrx_word' id='word_1_464' title='bbox 204 1817 259 1840; x_wconf 87' lang='lat' dir='ltr'><strong>tem</strong></span> <span class='ocrx_word' id='word_1_465' title='bbox 275 1813 355 1840; x_wconf 85' lang='lat' dir='ltr'><strong>simul</strong></span> <span class='ocrx_word' id='word_1_466' title='bbox 371 1820 432 1839; x_wconf 90' lang='lat' dir='ltr'><strong>cum</strong></span> <span class='ocrx_word' id='word_1_467' title='bbox 451 1813 524 1839; x_wconf 80' lang='lat' dir='ltr'><strong>victu</strong></span> <span class='ocrx_word' id='word_1_468' title='bbox 546 1812 669 1840; x_wconf 86' lang='lat' dir='ltr'><strong>lucratus</strong></span> <span class='ocrx_word' id='word_1_469' title='bbox 691 1818 718 1838; x_wconf 90' lang='lat' dir='ltr'><strong>et</strong></span> <span class='ocrx_word' id='word_1_470' title='bbox 739 1816 820 1840; x_wconf 79' lang='lat' dir='ltr'><strong>teme</strong></span> <span class='ocrx_word' id='word_1_471' title='bbox 849 1811 917 1838; x_wconf 84' lang='lat' dir='ltr'><strong>bona</strong></span> <span class='ocrx_word' id='word_1_472' title='bbox 931 1818 991 1845; x_wconf 82' lang='lat' dir='ltr'><strong>qua:</strong></span> 
     </span>
    </p>
   </div>
   <div class='ocr_carea' id='block_1_68' title="bbox 203 1856 990 1890">
    <p class='ocr_par' dir='ltr' id='par_1_68' title="bbox 203 1856 990 1890">
     <span class='ocr_line' id='line_1_68' title="bbox 203 1856 990 1890; baseline -0.003 -5"><span class='ocrx_word' id='word_1_473' title='bbox 203 1859 323 1885; x_wconf 84' lang='lat' dir='ltr'><strong>etiamin</strong></span> <span class='ocrx_word' id='word_1_474' title='bbox 337 1859 455 1885; x_wconf 75' lang='lat' dir='ltr'><strong>animam</strong></span> <span class='ocrx_word' id='word_1_475' title='bbox 469 1858 652 1885; x_wconf 85' lang='lat' dir='ltr'><strong>redundarent</strong></span> <span class='ocrx_word' id='word_1_476' title='bbox 669 1864 774 1890; x_wconf 80' lang='lat' dir='ltr'><strong>nactus,</strong></span> <span class='ocrx_word' id='word_1_477' title='bbox 791 1862 815 1885; x_wconf 90' lang='lat' dir='ltr'><strong>et</strong></span> <span class='ocrx_word' id='word_1_478' title='bbox 832 1857 888 1885; x_wconf 87' lang='lat' dir='ltr'><strong>suis</strong></span> <span class='ocrx_word' id='word_1_479' title='bbox 910 1856 990 1884; x_wconf 83' lang='lat' dir='ltr'><strong>fami-</strong></span> 
     </span>
    </p>
   </div>
   <div class='ocr_carea' id='block_1_69' title="bbox 204 1904 991 1940">
    <p class='ocr_par' dir='ltr' id='par_1_69' title="bbox 204 1904 991 1940">
     <span class='ocr_line' id='line_1_69' title="bbox 204 1904 991 1940; baseline -0.001 -8"><span class='ocrx_word' id='word_1_480' title='bbox 204 1905 328 1937; x_wconf 85' lang='lat' dir='ltr'><strong>liaribus,</strong></span> <span class='ocrx_word' id='word_1_481' title='bbox 345 1909 372 1931; x_wconf 89' lang='lat' dir='ltr'><strong>et</strong></span> <span class='ocrx_word' id='word_1_482' title='bbox 386 1904 550 1938; x_wconf 81' lang='lat' dir='ltr'><strong>pauperibus</strong></span> <span class='ocrx_word' id='word_1_483' title='bbox 565 1911 580 1931; x_wconf 92' lang='lat' dir='ltr'><strong>e</strong></span> <span class='ocrx_word' id='word_1_484' title='bbox 594 1904 660 1938; x_wconf 88' lang='lat' dir='ltr'><strong>justi</strong></span> <span class='ocrx_word' id='word_1_485' title='bbox 675 1904 778 1931; x_wconf 88' lang='lat' dir='ltr'><strong>laboris</strong></span> <span class='ocrx_word' id='word_1_486' title='bbox 797 1908 927 1940; x_wconf 86' lang='lat' dir='ltr'><strong>proventu</strong></span> <span class='ocrx_word' id='word_1_487' title='bbox 945 1911 991 1931; x_wconf 88' lang='lat' dir='ltr'><strong>ne-</strong></span> 
     </span>
    </p>
   </div>
   <div class='ocr_carea' id='block_1_70' title="bbox 204 1950 992 1985">
    <p class='ocr_par' dir='ltr' id='par_1_70' title="bbox 204 1950 992 1985">
     <span class='ocr_line' id='line_1_70' title="bbox 204 1950 992 1985; baseline -0.003 -7"><span class='ocrx_word' id='word_1_488' title='bbox 204 1950 324 1979; x_wconf 83' lang='lat' dir='ltr'><strong>cessaria</strong></span> <span class='ocrx_word' id='word_1_489' title='bbox 342 1951 491 1978; x_wconf 86' lang='lat' dir='ltr'><strong>distribuit.</strong></span> <span class='ocrx_word' id='word_1_490' title='bbox 509 1950 653 1985; x_wconf 79' lang='lat' dir='ltr'><strong>Nunquam</strong></span> <span class='ocrx_word' id='word_1_491' title='bbox 672 1951 743 1977; x_wconf 89' lang='lat' dir='ltr'><strong>enim</strong></span> <span class='ocrx_word' id='word_1_492' title='bbox 765 1950 869 1977; x_wconf 91' lang='lat' dir='ltr'><strong>destitit</strong></span> <span class='ocrx_word' id='word_1_493' title='bbox 890 1950 992 1976; x_wconf 72' lang='lat' dir='ltr'><strong>cxhau~</strong></span> 
     </span>
    </p>
   </div>
   <div class='ocr_carea' id='block_1_71' title="bbox 204 1995 990 2031">
    <p class='ocr_par' dir='ltr' id='par_1_71' title="bbox 204 1995 990 2031">
     <span class='ocr_line' id='line_1_71' title="bbox 204 1995 990 2031; baseline -0.004 -7"><span class='ocrx_word' id='word_1_494' title='bbox 204 1998 258 2024; x_wconf 88' lang='lat' dir='ltr'><strong>rire</strong></span> <span class='ocrx_word' id='word_1_495' title='bbox 273 1998 372 2024; x_wconf 86' lang='lat' dir='ltr'><strong>fontem</strong></span> <span class='ocrx_word' id='word_1_496' title='bbox 391 2003 470 2024; x_wconf 86' lang='lat' dir='ltr'><strong>suum</strong></span> <span class='ocrx_word' id='word_1_497' title='bbox 492 1997 518 2022; x_wconf 91' lang='lat' dir='ltr'><strong>in</strong></span> <span class='ocrx_word' id='word_1_498' title='bbox 543 1996 660 2031; x_wconf 76' lang='lat' dir='ltr'><strong>gratiam</strong></span> <span class='ocrx_word' id='word_1_499' title='bbox 677 2003 771 2023; x_wconf 85' lang='lat' dir='ltr'><strong>eorum</strong></span> <span class='ocrx_word' id='word_1_500' title='bbox 791 1995 836 2029; x_wconf 90' lang='lat' dir='ltr'><strong>qui</strong></span> <span class='ocrx_word' id='word_1_501' title='bbox 869 1995 990 2026; x_wconf 80' lang='lat' dir='ltr'><strong>sitirent,</strong></span> 
     </span>
    </p>
   </div>
   <div class='ocr_carea' id='block_1_72' title="bbox 203 2042 990 2078">
    <p class='ocr_par' dir='ltr' id='par_1_72' title="bbox 203 2042 990 2078">
     <span class='ocr_line' id='line_1_72' title="bbox 203 2042 990 2078; baseline -0.005 -6"><span class='ocrx_word' id='word_1_502' title='bbox 203 2046 292 2072; x_wconf 88' lang='lat' dir='ltr'><strong>minus</strong></span> <span class='ocrx_word' id='word_1_503' title='bbox 307 2044 357 2072; x_wconf 90' lang='lat' dir='ltr'><strong>sibi</strong></span> <span class='ocrx_word' id='word_1_504' title='bbox 369 2048 395 2070; x_wconf 87' lang='lat' dir='ltr'><strong>et</strong></span> <span class='ocrx_word' id='word_1_505' title='bbox 408 2043 474 2076; x_wconf 86' lang='lat' dir='ltr'><strong>suis,</strong></span> <span class='ocrx_word' id='word_1_506' title='bbox 489 2050 570 2078; x_wconf 84' lang='lat' dir='ltr'><strong>quam</strong></span> <span class='ocrx_word' id='word_1_507' title='bbox 586 2043 714 2070; x_wconf 81' lang='lat' dir='ltr'><strong>fratribus</strong></span> <span class='ocrx_word' id='word_1_508' title='bbox 727 2043 752 2070; x_wconf 91' lang='lat' dir='ltr'><strong>in</strong></span> <span class='ocrx_word' id='word_1_509' title='bbox 765 2042 873 2070; x_wconf 86' lang='lat' dir='ltr'><strong>Christo</strong></span> <span class='ocrx_word' id='word_1_510' title='bbox 888 2048 990 2069; x_wconf 84' lang='lat' dir='ltr'><strong>consu-</strong></span> 
     </span>
    </p>
   </div>
   <div class='ocr_carea' id='block_1_73' title="bbox 203 2091 272 2119">
    <p class='ocr_par' dir='ltr' id='par_1_73' title="bbox 203 2091 272 2119">
     <span class='ocr_line' id='line_1_73' title="bbox 203 2091 272 2119; baseline -0.014 0"><span class='ocrx_word' id='word_1_511' title='bbox 203 2091 272 2119; x_wconf 86' lang='lat' dir='ltr'><strong>lens.</strong></span> 
     </span>
    </p>
   </div>
   <div class='ocr_carea' id='block_1_74' title="bbox 239 2133 992 2166">
    <p class='ocr_par' dir='ltr' id='par_1_74' title="bbox 239 2133 992 2166">
     <span class='ocr_line' id='line_1_74' title="bbox 239 2133 992 2166; baseline -0.008 -2"><span class='ocrx_word' id='word_1_512' title='bbox 239 2138 285 2164; x_wconf 75' lang='grc'><strong>17.</strong></span> <span class='ocrx_word' id='word_1_513' title='bbox 307 2137 369 2164; x_wconf 73' lang='lat' dir='ltr'><strong>Hmc</strong></span> <span class='ocrx_word' id='word_1_514' title='bbox 384 2142 473 2164; x_wconf 87' lang='lat' dir='ltr'><strong>autem</strong></span> <span class='ocrx_word' id='word_1_515' title='bbox 491 2136 581 2163; x_wconf 87' lang='lat' dir='ltr'><strong>omnia</strong></span> <span class='ocrx_word' id='word_1_516' title='bbox 595 2143 648 2161; x_wconf 87' lang='lat' dir='ltr'><strong>non</strong></span> <span class='ocrx_word' id='word_1_517' title='bbox 671 2134 757 2161; x_wconf 80' lang='lat' dir='ltr'><strong>solum</strong></span> <span class='ocrx_word' id='word_1_518' title='bbox 786 2133 945 2166; x_wconf 75' lang='lat' dir='ltr'><strong>effecerunt,</strong></span> <span class='ocrx_word' id='word_1_519' title='bbox 963 2137 992 2159; x_wconf 89' lang='lat' dir='ltr'><strong>ut</strong></span> 
     </span>
    </p>
   </div>
   <div class='ocr_carea' id='block_1_75' title="bbox 205 2178 991 2214">
    <p class='ocr_par' dir='ltr' id='par_1_75' title="bbox 205 2178 991 2214">
     <span class='ocr_line' id='line_1_75' title="bbox 205 2178 991 2214; baseline -0.006 -5"><span class='ocrx_word' id='word_1_520' title='bbox 205 2188 315 2210; x_wconf 86' lang='lat' dir='ltr'><strong>sanctus</strong></span> <span class='ocrx_word' id='word_1_521' title='bbox 330 2183 370 2209; x_wconf 89' lang='lat' dir='ltr'><strong>vir</strong></span> <span class='ocrx_word' id='word_1_522' title='bbox 388 2182 554 2212; x_wconf 80' lang='lat' dir='ltr'><strong>laudaretur,</strong></span> <span class='ocrx_word' id='word_1_523' title='bbox 569 2185 596 2208; x_wconf 91' lang='lat' dir='ltr'><strong>et</strong></span> <span class='ocrx_word' id='word_1_524' title='bbox 610 2181 679 2208; x_wconf 90' lang='lat' dir='ltr'><strong>bona</strong></span> <span class='ocrx_word' id='word_1_525' title='bbox 697 2179 768 2206; x_wconf 89' lang='lat' dir='ltr'><strong>fama</strong></span> <span class='ocrx_word' id='word_1_526' title='bbox 785 2178 948 2214; x_wconf 84' lang='lat' dir='ltr'><strong>splenderet,</strong></span> <span class='ocrx_word' id='word_1_527' title='bbox 963 2183 991 2205; x_wconf 87' lang='lat' dir='ltr'><strong>et</strong></span> 
     </span>
    </p>
   </div>
   <div class='ocr_carea' id='block_1_76' title="bbox 204 2225 990 2260">
    <p class='ocr_par' dir='ltr' id='par_1_76' title="bbox 204 2225 990 2260">
     <span class='ocr_line' id='line_1_76' title="bbox 204 2225 990 2260; baseline -0.005 -5"><span class='ocrx_word' id='word_1_528' title='bbox 204 2229 311 2256; x_wconf 80' lang='lat' dir='ltr'><strong>celeber</strong></span> <span class='ocrx_word' id='word_1_529' title='bbox 340 2233 414 2255; x_wconf 87' lang='lat' dir='ltr'><strong>esset</strong></span> <span class='ocrx_word' id='word_1_530' title='bbox 441 2227 531 2254; x_wconf 80' lang='lat' dir='ltr'><strong>verbis</strong></span> <span class='ocrx_word' id='word_1_531' title='bbox 544 2231 571 2253; x_wconf 89' lang='lat' dir='ltr'><strong>et</strong></span> <span class='ocrx_word' id='word_1_532' title='bbox 602 2226 680 2252; x_wconf 75' lang='lat' dir='ltr'><strong>factis</strong></span> <span class='ocrx_word' id='word_1_533' title='bbox 713 2226 811 2260; x_wconf 87' lang='lat' dir='ltr'><strong>quibus</strong></span> <span class='ocrx_word' id='word_1_534' title='bbox 838 2225 943 2252; x_wconf 83' lang='lat' dir='ltr'><strong>theorta</strong></span> <span class='ocrx_word' id='word_1_535' title='bbox 962 2229 990 2251; x_wconf 79' lang='lat' dir='ltr'><strong>et</strong></span> 
     </span>
    </p>
   </div>
   <div class='ocr_carea' id='block_1_77' title="bbox 204 2270 989 2309">
    <p class='ocr_par' dir='ltr' id='par_1_77' title="bbox 204 2270 989 2309">
     <span class='ocr_line' id='line_1_77' title="bbox 204 2270 989 2309; baseline -0.004 -9"><span class='ocrx_word' id='word_1_536' title='bbox 204 2273 299 2309; x_wconf 77' lang='lat' dir='ltr'><strong>praxis</strong></span> <span class='ocrx_word' id='word_1_537' title='bbox 315 2273 509 2300; x_wconf 86' lang='lat' dir='ltr'><strong>constituitur;</strong></span> <span class='ocrx_word' id='word_1_538' title='bbox 526 2271 572 2298; x_wconf 86' lang='lat' dir='ltr'><strong>sed</strong></span> <span class='ocrx_word' id='word_1_539' title='bbox 591 2271 684 2298; x_wconf 87' lang='lat' dir='ltr'><strong>habuit</strong></span> <span class='ocrx_word' id='word_1_540' title='bbox 699 2270 781 2297; x_wconf 87' lang='lat' dir='ltr'><strong>etiam</strong></span> <span class='ocrx_word' id='word_1_541' title='bbox 791 2278 926 2297; x_wconf 88' lang='lat' dir='ltr'><strong>summum</strong></span> <span class='ocrx_word' id='word_1_542' title='bbox 938 2278 989 2297; x_wconf 85' lang='lat' dir='ltr'><strong>au-</strong></span> 
     </span>
    </p>
   </div>
   <div class='ocr_carea' id='block_1_78' title="bbox 204 2316 991 2351">
    <p class='ocr_par' dir='ltr' id='par_1_78' title="bbox 204 2316 991 2351">
     <span class='ocr_line' id='line_1_78' title="bbox 204 2316 991 2351; baseline -0.001 -6"><span class='ocrx_word' id='word_1_543' title='bbox 204 2319 297 2346; x_wconf 75' lang='lat' dir='ltr'><strong>xilium</strong></span> <span class='ocrx_word' id='word_1_544' title='bbox 309 2319 437 2346; x_wconf 89' lang='lat' dir='ltr'><strong>divinitus</strong></span> <span class='ocrx_word' id='word_1_545' title='bbox 449 2318 553 2350; x_wconf 79' lang='lat' dir='ltr'><strong>datum,</strong></span> <span class='ocrx_word' id='word_1_546' title='bbox 580 2317 659 2351; x_wconf 85' lang='lat' dir='ltr'><strong>quale</strong></span> <span class='ocrx_word' id='word_1_547' title='bbox 682 2316 753 2344; x_wconf 85' lang='lat' dir='ltr'><strong>Deus</strong></span> <span class='ocrx_word' id='word_1_548' title='bbox 764 2317 914 2344; x_wconf 84' lang='lat' dir='ltr'><strong>concedere</strong></span> <span class='ocrx_word' id='word_1_549' title='bbox 922 2318 991 2344; x_wconf 88' lang='lat' dir='ltr'><strong>solet</strong></span> 
     </span>
    </p>
   </div>
   <div class='ocr_carea' id='block_1_79' title="bbox 205 2363 990 2400">
    <p class='ocr_par' dir='ltr' id='par_1_79' title="bbox 205 2363 990 2400">
     <span class='ocr_line' id='line_1_79' title="bbox 205 2363 990 2400; baseline 0.001 -9"><span class='ocrx_word' id='word_1_550' title='bbox 205 2365 258 2393; x_wconf 92' lang='lat' dir='ltr'><strong>illis</strong></span> <span class='ocrx_word' id='word_1_551' title='bbox 281 2365 326 2399; x_wconf 88' lang='lat' dir='ltr'><strong>qui</strong></span> <span class='ocrx_word' id='word_1_552' title='bbox 353 2365 440 2400; x_wconf 91' lang='lat' dir='ltr'><strong>ipsum</strong></span> <span class='ocrx_word' id='word_1_553' title='bbox 462 2371 632 2399; x_wconf 87' lang='lat' dir='ltr'><strong>summopere</strong></span> <span class='ocrx_word' id='word_1_554' title='bbox 661 2363 827 2397; x_wconf 88' lang='lat' dir='ltr'><strong>desiderant,</strong></span> <span class='ocrx_word' id='word_1_555' title='bbox 845 2365 990 2392; x_wconf 77' lang='lat' dir='ltr'><strong>examinati</strong></span> 
     </span>
    </p>
   </div>
   <div class='ocr_carea' id='block_1_80' title="bbox 205 2410 991 2445">
    <p class='ocr_par' dir='ltr' id='par_1_80' title="bbox 205 2410 991 2445">
     <span class='ocr_line' id='line_1_80' title="bbox 205 2410 991 2445; baseline 0 -7"><span class='ocrx_word' id='word_1_556' title='bbox 205 2411 332 2438; x_wconf 89' lang='lat' dir='ltr'><strong>nimirum</strong></span> <span class='ocrx_word' id='word_1_557' title='bbox 347 2410 470 2438; x_wconf 79' lang='lat' dir='ltr'><strong>desiderii</strong></span> <span class='ocrx_word' id='word_1_558' title='bbox 483 2411 622 2443; x_wconf 65' lang='lat' dir='ltr'><strong>praamium</strong></span> <span class='ocrx_word' id='word_1_559' title='bbox 634 2410 881 2444; x_wconf 85' lang='lat' dir='ltr'><strong>splendidissimum</strong></span> <span class='ocrx_word' id='word_1_560' title='bbox 895 2418 991 2445; x_wconf 87' lang='lat' dir='ltr'><strong>repen—</strong></span> 
     </span>
    </p>
   </div>
   <div class='ocr_carea' id='block_1_81' title="bbox 205 2455 992 2490">
    <p class='ocr_par' dir='ltr' id='par_1_81' title="bbox 205 2455 992 2490">
     <span class='ocr_line' id='line_1_81' title="bbox 205 2455 992 2490; baseline 0 -7"><span class='ocrx_word' id='word_1_561' title='bbox 205 2457 283 2484; x_wconf 87' lang='lat' dir='ltr'><strong>dens.</strong></span> <span class='ocrx_word' id='word_1_562' title='bbox 299 2455 482 2490; x_wconf 72' lang='lat' dir='ltr'><strong>Prteterquam</strong></span> <span class='ocrx_word' id='word_1_563' title='bbox 497 2455 570 2482; x_wconf 84' lang='lat' dir='ltr'><strong>enim</strong></span> <span class='ocrx_word' id='word_1_564' title='bbox 584 2455 657 2490; x_wconf 85' lang='lat' dir='ltr'><strong>quod</strong></span> <span class='ocrx_word' id='word_1_565' title='bbox 673 2455 792 2490; x_wconf 85' lang='lat' dir='ltr'><strong>alioquin</strong></span> <span class='ocrx_word' id='word_1_566' title='bbox 809 2456 992 2490; x_wconf 79' lang='lat' dir='ltr'><strong>indigentibus</strong></span> 
     </span>
    </p>
   </div>
   <div class='ocr_carea' id='block_1_82' title="bbox 204 2501 992 2536">
    <p class='ocr_par' dir='ltr' id='par_1_82' title="bbox 204 2501 992 2536">
     <span class='ocr_line' id='line_1_82' title="bbox 204 2501 992 2536; baseline 0.001 -8"><span class='ocrx_word' id='word_1_567' title='bbox 204 2501 334 2529; x_wconf 75' lang='lat' dir='ltr'><strong>auxilium</strong></span> <span class='ocrx_word' id='word_1_568' title='bbox 352 2501 434 2528; x_wconf 82' lang='lat' dir='ltr'><strong>ferret</strong></span> <span class='ocrx_word' id='word_1_569' title='bbox 449 2508 496 2534; x_wconf 90' lang='lat' dir='ltr'><strong>per</strong></span> <span class='ocrx_word' id='word_1_570' title='bbox 508 2508 602 2535; x_wconf 84' lang='lat' dir='ltr'><strong>preces</strong></span> <span class='ocrx_word' id='word_1_571' title='bbox 610 2505 637 2528; x_wconf 86' lang='lat' dir='ltr'><strong>et</strong></span> <span class='ocrx_word' id='word_1_572' title='bbox 649 2502 805 2528; x_wconf 87' lang='lat' dir='ltr'><strong>unctionem</strong></span> <span class='ocrx_word' id='word_1_573' title='bbox 815 2501 886 2536; x_wconf 90' lang='lat' dir='ltr'><strong>(oleo</strong></span> <span class='ocrx_word' id='word_1_574' title='bbox 898 2501 992 2530; x_wconf 84' lang='lat' dir='ltr'><strong>exsul-</strong></span> 
     </span>
    </p>
   </div>
   <div class='ocr_carea' id='block_1_83' title="bbox 205 2546 992 2582">
    <p class='ocr_par' dir='ltr' id='par_1_83' title="bbox 205 2546 992 2582">
     <span class='ocr_line' id='line_1_83' title="bbox 205 2546 992 2582; baseline -0.001 -7"><span class='ocrx_word' id='word_1_575' title='bbox 205 2548 326 2579; x_wconf 85' lang='lat' dir='ltr'><strong>tationis,</strong></span> <span class='ocrx_word' id='word_1_576' title='bbox 337 2547 375 2574; x_wconf 90' lang='lat' dir='ltr'><strong>uti</strong></span> <span class='ocrx_word' id='word_1_577' title='bbox 387 2546 552 2574; x_wconf 83' lang='lat' dir='ltr'><strong>Psalmornm</strong></span> <span class='ocrx_word' id='word_1_578' title='bbox 562 2552 656 2573; x_wconf 88' lang='lat' dir='ltr'><strong>auctor</strong></span> <span class='ocrx_word' id='word_1_579' title='bbox 669 2546 707 2573; x_wconf 88' lang='lat' dir='ltr'><strong>ait</strong></span> <span class='ocrx_word' id='word_1_580' title='bbox 716 2546 750 2582; x_wconf 77' lang='grc'><strong>⁸),</strong></span> <span class='ocrx_word' id='word_1_581' title='bbox 763 2551 927 2574; x_wconf 89' lang='lat' dir='ltr'><strong>etmanuum</strong></span> <span class='ocrx_word' id='word_1_582' title='bbox 942 2547 992 2575; x_wconf 90' lang='lat' dir='ltr'><strong>im-</strong></span> 
     </span>
    </p>
   </div>
   <div class='ocr_carea' id='block_1_84' title="bbox 205 2593 992 2629">
    <p class='ocr_par' dir='ltr' id='par_1_84' title="bbox 205 2593 992 2629">
     <span class='ocr_line' id='line_1_84' title="bbox 205 2593 992 2629; baseline 0 -7"><span class='ocrx_word' id='word_1_583' title='bbox 205 2595 380 2629; x_wconf 85' lang='lat' dir='ltr'><strong>posiliouem,</strong></span> <span class='ocrx_word' id='word_1_584' title='bbox 408 2594 488 2621; x_wconf 87' lang='lat' dir='ltr'><strong>etiam</strong></span> <span class='ocrx_word' id='word_1_585' title='bbox 521 2601 617 2628; x_wconf 79' lang='lat' dir='ltr'><strong>magna</strong></span> <span class='ocrx_word' id='word_1_586' title='bbox 648 2593 711 2621; x_wconf 85' lang='lat' dir='ltr'><strong>fecit</strong></span> <span class='ocrx_word' id='word_1_587' title='bbox 737 2593 878 2626; x_wconf 87' lang='lat' dir='ltr'><strong>miracula,</strong></span> <span class='ocrx_word' id='word_1_588' title='bbox 908 2602 992 2629; x_wconf 85' lang='lat' dir='ltr'><strong>panes</strong></span> 
     </span>
    </p>
   </div>
   <div class='ocr_carea' id='block_1_85' title="bbox 205 2639 992 2675">
    <p class='ocr_par' dir='ltr' id='par_1_85' title="bbox 205 2639 992 2675">
     <span class='ocr_line' id='line_1_85' title="bbox 205 2639 992 2675; baseline -0.001 -8"><span class='ocrx_word' id='word_1_589' title='bbox 205 2641 326 2675; x_wconf 79' lang='lat' dir='ltr'><strong>aliaSque</strong></span> <span class='ocrx_word' id='word_1_590' title='bbox 341 2647 384 2667; x_wconf 85' lang='lat' dir='ltr'><strong>res</strong></span> <span class='ocrx_word' id='word_1_591' title='bbox 397 2639 431 2667; x_wconf 85' lang='lat' dir='ltr'><strong>ad</strong></span> <span class='ocrx_word' id='word_1_592' title='bbox 442 2640 540 2667; x_wconf 88' lang='lat' dir='ltr'><strong>victum</strong></span> <span class='ocrx_word' id='word_1_593' title='bbox 553 2639 721 2667; x_wconf 78' lang='lat' dir='ltr'><strong>necessarias</strong></span> <span class='ocrx_word' id='word_1_594' title='bbox 732 2647 746 2667; x_wconf 89' lang='lat' dir='ltr'><strong>e</strong></span> <span class='ocrx_word' id='word_1_595' title='bbox 757 2639 876 2667; x_wconf 85' lang='lat' dir='ltr'><strong>minimis</strong></span> <span class='ocrx_word' id='word_1_596' title='bbox 890 2640 992 2674; x_wconf 90' lang='lat' dir='ltr'><strong>princi-</strong></span> 
     </span>
    </p>
   </div>
   <div class='ocr_carea' id='block_1_86' title="bbox 205 2685 989 2722">
    <p class='ocr_par' dir='ltr' id='par_1_86' title="bbox 205 2685 989 2722">
     <span class='ocr_line' id='line_1_86' title="bbox 205 2685 989 2722; baseline 0 -9"><span class='ocrx_word' id='word_1_597' title='bbox 205 2687 257 2722; x_wconf 85' lang='lat' dir='ltr'><strong>piis</strong></span> <span class='ocrx_word' id='word_1_598' title='bbox 279 2686 312 2713; x_wconf 88' lang='lat' dir='ltr'><strong>ad</strong></span> <span class='ocrx_word' id='word_1_599' title='bbox 329 2693 455 2721; x_wconf 76' lang='lat' dir='ltr'><strong>magnum</strong></span> <span class='ocrx_word' id='word_1_600' title='bbox 485 2693 627 2712; x_wconf 87' lang='lat' dir='ltr'><strong>numerum</strong></span> <span class='ocrx_word' id='word_1_601' title='bbox 659 2685 810 2720; x_wconf 77' lang='lat' dir='ltr'><strong>adaugens,</strong></span> <span class='ocrx_word' id='word_1_602' title='bbox 841 2686 989 2713; x_wconf 86' lang='lat' dir='ltr'><strong>secundum</strong></span> 
     </span>
    </p>
   </div>
   <div class='ocr_carea' id='block_1_87' title="bbox 207 2730 987 2766">
    <p class='ocr_par' dir='ltr' id='par_1_87' title="bbox 207 2730 987 2766">
     <span class='ocr_line' id='line_1_87' title="bbox 207 2730 987 2766; baseline -0.001 -7"><span class='ocrx_word' id='word_1_603' title='bbox 207 2732 349 2760; x_wconf 80' lang='lat' dir='ltr'><strong>Dominum</strong></span> <span class='ocrx_word' id='word_1_604' title='bbox 366 2731 411 2766; x_wconf 87' lang='lat' dir='ltr'><strong>qui</strong></span> <span class='ocrx_word' id='word_1_605' title='bbox 428 2731 570 2759; x_wconf 86' lang='lat' dir='ltr'><strong>verissime</strong></span> <span class='ocrx_word' id='word_1_606' title='bbox 589 2730 723 2765; x_wconf 87' lang='lat' dir='ltr'><strong>promisit.</strong></span> <span class='ocrx_word' id='word_1_607' title='bbox 740 2731 811 2765; x_wconf 90' lang='lat' dir='ltr'><strong>quod</strong></span> <span class='ocrx_word' id='word_1_608' title='bbox 826 2730 844 2757; x_wconf 92' lang='lat' dir='ltr'><strong>ii</strong></span> <span class='ocrx_word' id='word_1_609' title='bbox 874 2730 919 2764; x_wconf 92' lang='lat' dir='ltr'><strong>qui</strong></span> <span class='ocrx_word' id='word_1_610' title='bbox 937 2731 987 2765; x_wconf 83' lang='lat' dir='ltr'><strong>ipsi</strong></span> 
     </span>
    </p>
   </div>
   <div class='ocr_carea' id='block_1_88' title="bbox 205 2775 985 2811">
    <p class='ocr_par' dir='ltr' id='par_1_88' title="bbox 205 2775 985 2811">
     <span class='ocr_line' id='line_1_88' title="bbox 205 2775 985 2811; baseline -0.003 -6"><span class='ocrx_word' id='word_1_611' title='bbox 205 2779 328 2806; x_wconf 82' lang='lat' dir='ltr'><strong>serviunt</strong></span> <span class='ocrx_word' id='word_1_612' title='bbox 344 2777 437 2804; x_wconf 84' lang='lat' dir='ltr'><strong>eadem</strong></span> <span class='ocrx_word' id='word_1_613' title='bbox 451 2783 511 2811; x_wconf 72' lang='lat' dir='ltr'><strong>quo:</strong></span> <span class='ocrx_word' id='word_1_614' title='bbox 528 2776 572 2803; x_wconf 84' lang='lat' dir='ltr'><strong>illc</strong></span> <span class='ocrx_word' id='word_1_615' title='bbox 599 2775 670 2808; x_wconf 81' lang='lat' dir='ltr'><strong>fecit,</strong></span> <span class='ocrx_word' id='word_1_616' title='bbox 697 2775 746 2810; x_wconf 82' lang='lat' dir='ltr'><strong>ipsi</strong></span> <span class='ocrx_word' id='word_1_617' title='bbox 769 2782 875 2810; x_wconf 87' lang='lat' dir='ltr'><strong>quoque</strong></span> <span class='ocrx_word' id='word_1_618' title='bbox 889 2775 985 2803; x_wconf 82' lang='lat' dir='ltr'><strong>facturi</strong></span> 
     </span>
    </p>
   </div>
   <div class='ocr_carea' id='block_1_89' title="bbox 240 2869 475 2903">
    <p class='ocr_par' dir='ltr' id='par_1_89' title="bbox 240 2869 475 2903">
     <span class='ocr_line' id='line_1_89' title="bbox 240 2869 475 2903; baseline -0.004 -6"><span class='ocrx_word' id='word_1_619' title='bbox 240 2869 251 2884; x_wconf 75' lang='grc'>⁸</span> <span class='ocrx_word' id='word_1_620' title='bbox 266 2870 337 2901; x_wconf 81' lang='lat' dir='ltr'><strong>Psal.</strong></span> <span class='ocrx_word' id='word_1_621' title='bbox 359 2878 431 2903; x_wconf 74' lang='lat' dir='ltr'><strong>utv,</strong></span> <span class='ocrx_word' id='word_1_622' title='bbox 450 2870 475 2897; x_wconf 87' lang='lat'><strong>8.</strong></span> 
     </span>
    </p>
   </div>
   <div class='ocr_carea' id='block_1_90' title="bbox 1044 1583 1834 1620">
    <p class='ocr_par' dir='ltr' id='par_1_90' title="bbox 1044 1583 1834 1620">
     <span class='ocr_line' id='line_1_90' title="bbox 1044 1583 1834 1620; baseline -0.005 -7"><span class='ocrx_word' id='word_1_623' title='bbox 1044 1587 1120 1613; x_wconf 80' lang='grc' dir='ltr'>ώπου</span> <span class='ocrx_word' id='word_1_624' title='bbox 1144 1587 1243 1620; x_wconf 77' lang='grc' dir='ltr'>φαγεῖν</span> <span class='ocrx_word' id='word_1_625' title='bbox 1259 1586 1304 1612; x_wconf 84' lang='grc' dir='ltr'>τὸν</span> <span class='ocrx_word' id='word_1_626' title='bbox 1323 1585 1408 1620; x_wconf 81' lang='grc' dir='ltr'>ἄρτον</span> <span class='ocrx_word' id='word_1_627' title='bbox 1425 1584 1505 1619; x_wconf 83' lang='grc' dir='ltr'>ἡμῶν</span> <span class='ocrx_word' id='word_1_628' title='bbox 1532 1583 1769 1619; x_wconf 77' lang='grc' dir='ltr'>κατακεκριμεθα,</span> <span class='ocrx_word' id='word_1_629' title='bbox 1784 1583 1834 1609; x_wconf 74' lang='grc' dir='ltr'><strong>καὶ</strong></span> 
     </span>
    </p>
   </div>
   <div class='ocr_carea' id='block_1_91' title="bbox 1044 1628 1834 1666">
    <p class='ocr_par' dir='ltr' id='par_1_91' title="bbox 1044 1628 1834 1666">
     <span class='ocr_line' id='line_1_91' title="bbox 1044 1628 1834 1666; baseline -0.006 -8"><span class='ocrx_word' id='word_1_630' title='bbox 1044 1631 1229 1662; x_wconf 76' lang='grc' dir='ltr'>ταλαντεύσας</span> <span class='ocrx_word' id='word_1_631' title='bbox 1257 1631 1326 1666; x_wconf 72' lang='grc' dir='ltr'>πρὸς</span> <span class='ocrx_word' id='word_1_632' title='bbox 1349 1630 1453 1656; x_wconf 82' lang='grc' dir='ltr'>ἐκεῖνον</span> <span class='ocrx_word' id='word_1_633' title='bbox 1470 1629 1504 1656; x_wconf 75' lang='grc' dir='ltr'><strong>τὰ</strong></span> <span class='ocrx_word' id='word_1_634' title='bbox 1523 1629 1553 1661; x_wconf 78' lang='grc' dir='ltr'><strong>ἐξ</strong></span> <span class='ocrx_word' id='word_1_635' title='bbox 1571 1628 1653 1654; x_wconf 79' lang='grc' dir='ltr'>αὑτοῦ</span> <span class='ocrx_word' id='word_1_636' title='bbox 1676 1629 1758 1660; x_wconf 71' lang='grc' dir='ltr'>καλὰ,</span> <span class='ocrx_word' id='word_1_637' title='bbox 1784 1628 1834 1654; x_wconf 79' lang='grc' dir='ltr'>καὶ</span> 
     </span>
    </p>
   </div>
   <div class='ocr_carea' id='block_1_92' title="bbox 1043 1672 1834 1710">
    <p class='ocr_par' dir='ltr' id='par_1_92' title="bbox 1043 1672 1834 1710">
     <span class='ocr_line' id='line_1_92' title="bbox 1043 1672 1834 1710; baseline -0.006 -6"><span class='ocrx_word' id='word_1_638' title='bbox 1043 1677 1190 1704; x_wconf 77' lang='grc' dir='ltr'>καθέλκειν</span> <span class='ocrx_word' id='word_1_639' title='bbox 1205 1676 1276 1703; x_wconf 73' lang='grc' dir='ltr'>αὐτὰ</span> <span class='ocrx_word' id='word_1_640' title='bbox 1294 1676 1382 1710; x_wconf 77' lang='grc' dir='ltr'>ῥοπῆς</span> <span class='ocrx_word' id='word_1_641' title='bbox 1400 1674 1473 1710; x_wconf 85' lang='grc' dir='ltr'>λόγῳ</span> <span class='ocrx_word' id='word_1_642' title='bbox 1497 1674 1634 1708; x_wconf 76' lang='grc' dir='ltr'>διαγνοὺς,</span> <span class='ocrx_word' id='word_1_643' title='bbox 1665 1674 1769 1708; x_wconf 81' lang='grc' dir='ltr'>γίνεται</span> <span class='ocrx_word' id='word_1_644' title='bbox 1782 1672 1834 1708; x_wconf 84' lang='grc' dir='ltr'>τῆς</span> 
     </span>
    </p>
   </div>
   <div class='ocr_carea' id='block_1_93' title="bbox 1043 1716 1833 1759">
    <p class='ocr_par' dir='ltr' id='par_1_93' title="bbox 1043 1716 1833 1759">
     <span class='ocr_line' id='line_1_93' title="bbox 1043 1716 1833 1759; baseline -0.005 -9"><span class='ocrx_word' id='word_1_645' title='bbox 1043 1723 1142 1759; x_wconf 80' lang='grc' dir='ltr'>τέχνης</span> <span class='ocrx_word' id='word_1_646' title='bbox 1159 1723 1263 1758; x_wconf 83' lang='grc' dir='ltr'>ταύτης</span> <span class='ocrx_word' id='word_1_647' title='bbox 1279 1716 1319 1753; x_wconf 64' lang='lat' dir='ltr'><strong>si;</strong></span> <span class='ocrx_word' id='word_1_648' title='bbox 1338 1721 1396 1756; x_wconf 81' lang='grc' dir='ltr'>βίου</span> <span class='ocrx_word' id='word_1_649' title='bbox 1413 1730 1443 1748; x_wconf 86' lang='grc' dir='ltr'><strong>τε</strong></span> <span class='ocrx_word' id='word_1_650' title='bbox 1459 1721 1596 1756; x_wconf 78' lang='grc' dir='ltr'>πορισμὸν</span> <span class='ocrx_word' id='word_1_651' title='bbox 1611 1721 1659 1747; x_wconf 77' lang='grc' dir='ltr'>καὶ</span> <span class='ocrx_word' id='word_1_652' title='bbox 1670 1721 1748 1755; x_wconf 79' lang='grc' dir='ltr'>τῆξιν</span> <span class='ocrx_word' id='word_1_653' title='bbox 1765 1728 1833 1753; x_wconf 87' lang='grc' dir='ltr'>σαρ-</span> 
     </span>
    </p>
   </div>
   <div class='ocr_carea' id='block_1_94' title="bbox 1045 1766 1832 1804">
    <p class='ocr_par' dir='ltr' id='par_1_94' title="bbox 1045 1766 1832 1804">
     <span class='ocr_line' id='line_1_94' title="bbox 1045 1766 1832 1804; baseline -0.005 -9"><span class='ocrx_word' id='word_1_654' title='bbox 1045 1769 1118 1795; x_wconf 70' lang='grc' dir='ltr'>κῶψ</span> <span class='ocrx_word' id='word_1_655' title='bbox 1137 1769 1183 1794; x_wconf 77' lang='grc' dir='ltr'><strong>καὶ</strong></span> <span class='ocrx_word' id='word_1_656' title='bbox 1211 1768 1313 1804; x_wconf 81' lang='grc' dir='ltr'>ἀρετὴν</span> <span class='ocrx_word' id='word_1_657' title='bbox 1344 1771 1373 1795; x_wconf 73' lang='grc' dir='ltr'>ὲν</span> <span class='ocrx_word' id='word_1_658' title='bbox 1399 1767 1492 1802; x_wconf 80' lang='grc' dir='ltr'>ταυτῷ</span> <span class='ocrx_word' id='word_1_659' title='bbox 1509 1767 1557 1793; x_wconf 77' lang='grc' dir='ltr'><strong>καὶ</strong></span> <span class='ocrx_word' id='word_1_660' title='bbox 1577 1766 1635 1801; x_wconf 67' lang='grc' dir='ltr'>βίον</span> <span class='ocrx_word' id='word_1_661' title='bbox 1647 1766 1832 1800; x_wconf 64' lang='grc' dir='ltr'>τεχνώμενος,</span> 
     </span>
    </p>
   </div>
   <div class='ocr_carea' id='block_1_95' title="bbox 1044 1813 1832 1850">
    <p class='ocr_par' dir='ltr' id='par_1_95' title="bbox 1044 1813 1832 1850">
     <span class='ocr_line' id='line_1_95' title="bbox 1044 1813 1832 1850; baseline -0.006 -8"><span class='ocrx_word' id='word_1_662' title='bbox 1044 1816 1091 1842; x_wconf 78' lang='grc' dir='ltr'><strong>καὶ</strong></span> <span class='ocrx_word' id='word_1_663' title='bbox 1103 1815 1174 1842; x_wconf 78' lang='grc' dir='ltr'>οὕτω</span> <span class='ocrx_word' id='word_1_664' title='bbox 1188 1815 1369 1850; x_wconf 77' lang='grc' dir='ltr'>ποριζόμενος</span> <span class='ocrx_word' id='word_1_665' title='bbox 1386 1815 1420 1841; x_wconf 84' lang='grc' dir='ltr'><strong>τὰ</strong></span> <span class='ocrx_word' id='word_1_666' title='bbox 1435 1815 1466 1840; x_wconf 74' lang='grc' dir='ltr'>ἐκ</span> <span class='ocrx_word' id='word_1_667' title='bbox 1482 1815 1534 1848; x_wconf 82' lang='grc' dir='ltr'><strong>γῆς</strong></span> <span class='ocrx_word' id='word_1_668' title='bbox 1549 1813 1641 1846; x_wconf 74' lang='grc' dir='ltr'>ἀγαθὰ</span> <span class='ocrx_word' id='word_1_669' title='bbox 1657 1813 1832 1839; x_wconf 72' lang='grc' dir='ltr'>διαϐαίνοντα</span> 
     </span>
    </p>
   </div>
   <div class='ocr_carea' id='block_1_96' title="bbox 1044 1858 1832 1896">
    <p class='ocr_par' dir='ltr' id='par_1_96' title="bbox 1044 1858 1832 1896">
     <span class='ocr_line' id='line_1_96' title="bbox 1044 1858 1832 1896; baseline -0.006 -8"><span class='ocrx_word' id='word_1_670' title='bbox 1044 1861 1091 1888; x_wconf 82' lang='grc' dir='ltr'>καὶ</span> <span class='ocrx_word' id='word_1_671' title='bbox 1104 1862 1132 1892; x_wconf 76' lang='grc' dir='ltr'>ὲς</span> <span class='ocrx_word' id='word_1_672' title='bbox 1148 1861 1248 1896; x_wconf 70' lang='grc' dir='ltr'>ψυχὴν,</span> <span class='ocrx_word' id='word_1_673' title='bbox 1266 1862 1321 1893; x_wconf 85' lang='grc' dir='ltr'>τοῖς</span> <span class='ocrx_word' id='word_1_674' title='bbox 1337 1870 1367 1887; x_wconf 87' lang='grc' dir='ltr'><strong>τε</strong></span> <span class='ocrx_word' id='word_1_675' title='bbox 1383 1860 1494 1891; x_wconf 71' lang='grc' dir='ltr'>οἰκείοις</span> <span class='ocrx_word' id='word_1_676' title='bbox 1508 1858 1655 1894; x_wconf 76' lang='grc' dir='ltr'>επεμέτρει</span> <span class='ocrx_word' id='word_1_677' title='bbox 1671 1858 1700 1885; x_wconf 75' lang='grc' dir='ltr'>τὸ</span> <span class='ocrx_word' id='word_1_678' title='bbox 1716 1858 1832 1893; x_wconf 73' lang='grc' dir='ltr'>ἀρκοῦν,</span> 
     </span>
    </p>
   </div>
   <div class='ocr_carea' id='block_1_97' title="bbox 1044 1905 1832 1943">
    <p class='ocr_par' dir='ltr' id='par_1_97' title="bbox 1044 1905 1832 1943">
     <span class='ocr_line' id='line_1_97' title="bbox 1044 1905 1832 1943; baseline -0.004 -8"><span class='ocrx_word' id='word_1_679' title='bbox 1044 1909 1090 1936; x_wconf 77' lang='grc' dir='ltr'><strong>καὶ</strong></span> <span class='ocrx_word' id='word_1_680' title='bbox 1104 1909 1160 1940; x_wconf 86' lang='grc' dir='ltr'>τοῖς</span> <span class='ocrx_word' id='word_1_681' title='bbox 1175 1908 1316 1943; x_wconf 76' lang='grc' dir='ltr'>δεομένοις</span> <span class='ocrx_word' id='word_1_682' title='bbox 1339 1909 1371 1935; x_wconf 84' lang='grc' dir='ltr'>ὲκ</span> <span class='ocrx_word' id='word_1_683' title='bbox 1391 1907 1506 1934; x_wconf 84' lang='grc' dir='ltr'>δικαίων</span> <span class='ocrx_word' id='word_1_684' title='bbox 1522 1907 1691 1942; x_wconf 83' lang='grc' dir='ltr'>πονημάτων</span> <span class='ocrx_word' id='word_1_685' title='bbox 1707 1905 1832 1940; x_wconf 81' lang='grc' dir='ltr'>ὲσιτομέ-</span> 
     </span>
    </p>
   </div>
   <div class='ocr_carea' id='block_1_98' title="bbox 1042 1953 1832 1990">
    <p class='ocr_par' dir='ltr' id='par_1_98' title="bbox 1042 1953 1832 1990">
     <span class='ocr_line' id='line_1_98' title="bbox 1042 1953 1832 1990; baseline -0.004 -9"><span class='ocrx_word' id='word_1_686' title='bbox 1042 1964 1101 1990; x_wconf 75' lang='grc' dir='ltr'>τρει</span> <span class='ocrx_word' id='word_1_687' title='bbox 1117 1956 1151 1981; x_wconf 77' lang='grc' dir='ltr'><strong>τὰ</strong></span> <span class='ocrx_word' id='word_1_688' title='bbox 1165 1955 1270 1981; x_wconf 73' lang='grc' dir='ltr'>δέοντα.</span> <span class='ocrx_word' id='word_1_689' title='bbox 1298 1955 1435 1982; x_wconf 75' lang='grc' dir='ltr'>Οὐδέποτε</span> <span class='ocrx_word' id='word_1_690' title='bbox 1460 1953 1515 1989; x_wconf 78' lang='grc' dir='ltr'>γὰρ</span> <span class='ocrx_word' id='word_1_691' title='bbox 1531 1953 1603 1981; x_wconf 81' lang='grc' dir='ltr'>ἀνίει</span> <span class='ocrx_word' id='word_1_692' title='bbox 1619 1953 1758 1985; x_wconf 77' lang='grc' dir='ltr'>ἐξαντλῶν</span> <span class='ocrx_word' id='word_1_693' title='bbox 1781 1953 1832 1987; x_wconf 76' lang='grc' dir='ltr'>τὴν</span> 
     </span>
    </p>
   </div>
   <div class='ocr_carea' id='block_1_99' title="bbox 1044 1997 1832 2035">
    <p class='ocr_par' dir='ltr' id='par_1_99' title="bbox 1044 1997 1832 2035">
     <span class='ocr_line' id='line_1_99' title="bbox 1044 1997 1832 2035; baseline -0.005 -9"><span class='ocrx_word' id='word_1_694' title='bbox 1044 2000 1192 2035; x_wconf 78' lang='grc' dir='ltr'>παράὑτῷ</span> <span class='ocrx_word' id='word_1_695' title='bbox 1201 2000 1358 2035; x_wconf 77' lang='grc' dir='ltr'>περιούσιον</span> <span class='ocrx_word' id='word_1_696' title='bbox 1369 2000 1519 2034; x_wconf 78' lang='grc' dir='ltr'>δεξαμενὴν</span> <span class='ocrx_word' id='word_1_697' title='bbox 1532 1999 1589 2030; x_wconf 80' lang='grc' dir='ltr'>τοῖς</span> <span class='ocrx_word' id='word_1_698' title='bbox 1603 1998 1718 2033; x_wconf 78' lang='grc' dir='ltr'>διψῶσιν</span> <span class='ocrx_word' id='word_1_699' title='bbox 1732 1997 1832 2031; x_wconf 76' lang='grc' dir='ltr'>αὐτῆς,</span> 
     </span>
    </p>
   </div>
   <div class='ocr_carea' id='block_1_100' title="bbox 1043 2043 1832 2081">
    <p class='ocr_par' dir='ltr' id='par_1_100' title="bbox 1043 2043 1832 2081">
     <span class='ocr_line' id='line_1_100' title="bbox 1043 2043 1832 2081; baseline -0.006 -9"><span class='ocrx_word' id='word_1_700' title='bbox 1043 2047 1072 2072; x_wconf 73' lang='grc' dir='ltr'>οὗ</span> <span class='ocrx_word' id='word_1_701' title='bbox 1084 2047 1316 2081; x_wconf 71' lang='grc' dir='ltr'>τοσοῦτον.ὲαυτῷ</span> <span class='ocrx_word' id='word_1_702' title='bbox 1336 2047 1383 2074; x_wconf 82' lang='grc' dir='ltr'><strong>καὶ</strong></span> <span class='ocrx_word' id='word_1_703' title='bbox 1400 2047 1456 2077; x_wconf 78' lang='grc' dir='ltr'>τοῖς</span> <span class='ocrx_word' id='word_1_704' title='bbox 1479 2045 1563 2072; x_wconf 76' lang='grc' dir='ltr'>αὐτοῦ</span> <span class='ocrx_word' id='word_1_705' title='bbox 1584 2044 1763 2078; x_wconf 73' lang='grc' dir='ltr'>πονούμενος,</span> <span class='ocrx_word' id='word_1_706' title='bbox 1790 2043 1832 2073; x_wconf 77' lang='grc' dir='ltr'>εἰς</span> 
     </span>
    </p>
   </div>
   <div class='ocr_carea' id='block_1_101' title="bbox 1043 2093 1498 2128">
    <p class='ocr_par' dir='ltr' id='par_1_101' title="bbox 1043 2093 1498 2128">
     <span class='ocr_line' id='line_1_101' title="bbox 1043 2093 1498 2128; baseline 0.002 -10"><span class='ocrx_word' id='word_1_707' title='bbox 1043 2093 1104 2119; x_wconf 83' lang='grc' dir='ltr'>ὅσον</span> <span class='ocrx_word' id='word_1_708' title='bbox 1118 2094 1175 2125; x_wconf 82' lang='grc' dir='ltr'>τοῖς</span> <span class='ocrx_word' id='word_1_709' title='bbox 1192 2093 1220 2119; x_wconf 86' lang='grc' dir='ltr'>ὲν</span> <span class='ocrx_word' id='word_1_710' title='bbox 1235 2093 1347 2128; x_wconf 80' lang='grc' dir='ltr'>Χριστῷ</span> <span class='ocrx_word' id='word_1_711' title='bbox 1361 2093 1498 2127; x_wconf 71' lang='grc' dir='ltr'>ἀδελφοῖς.</span> 
     </span>
    </p>
   </div>
   <div class='ocr_carea' id='block_1_102' title="bbox 1079 2136 1832 2176">
    <p class='ocr_par' dir='ltr' id='par_1_102' title="bbox 1079 2136 1832 2176">
     <span class='ocr_line' id='line_1_102' title="bbox 1079 2136 1832 2176; baseline -0.005 -12"><span class='ocrx_word' id='word_1_712' title='bbox 1079 2136 1122 2169; x_wconf 78' lang='grc' dir='ltr'><strong>ιζ’.</strong></span> <span class='ocrx_word' id='word_1_713' title='bbox 1137 2136 1227 2164; x_wconf 78' lang='grc' dir='ltr'>Ἦσαν</span> <span class='ocrx_word' id='word_1_714' title='bbox 1238 2137 1266 2164; x_wconf 80' lang='grc' dir='ltr'><strong>δὲ</strong></span> <span class='ocrx_word' id='word_1_715' title='bbox 1280 2138 1335 2172; x_wconf 81' lang='grc' dir='ltr'>ἄρα</span> <span class='ocrx_word' id='word_1_716' title='bbox 1350 2139 1438 2164; x_wconf 80' lang='grc' dir='ltr'>πάντα</span> <span class='ocrx_word' id='word_1_717' title='bbox 1453 2137 1540 2163; x_wconf 81' lang='grc' dir='ltr'>ταῦτα</span> <span class='ocrx_word' id='word_1_718' title='bbox 1556 2137 1596 2172; x_wconf 86' lang='grc' dir='ltr'>τῷ</span> <span class='ocrx_word' id='word_1_719' title='bbox 1614 2136 1685 2176; x_wconf 81' lang='grc' dir='ltr'>ἁγίῳ</span> <span class='ocrx_word' id='word_1_720' title='bbox 1697 2136 1728 2162; x_wconf 82' lang='grc' dir='ltr'>οὑ</span> <span class='ocrx_word' id='word_1_721' title='bbox 1748 2136 1832 2169; x_wconf 82' lang='grc' dir='ltr'>μόνον</span> 
     </span>
    </p>
   </div>
   <div class='ocr_carea' id='block_1_103' title="bbox 1044 2181 1833 2218">
    <p class='ocr_par' dir='ltr' id='par_1_103' title="bbox 1044 2181 1833 2218">
     <span class='ocr_line' id='line_1_103' title="bbox 1044 2181 1833 2218; baseline -0.003 -10"><span class='ocrx_word' id='word_1_722' title='bbox 1044 2182 1119 2209; x_wconf 77' lang='grc' dir='ltr'>αἴτια</span> <span class='ocrx_word' id='word_1_723' title='bbox 1134 2182 1181 2209; x_wconf 79' lang='grc' dir='ltr'>τοῦ</span> <span class='ocrx_word' id='word_1_724' title='bbox 1200 2182 1293 2214; x_wconf 83' lang='grc' dir='ltr'>ἁπλῶς</span> <span class='ocrx_word' id='word_1_725' title='bbox 1307 2184 1337 2209; x_wconf 84' lang='grc' dir='ltr'>ὲν</span> <span class='ocrx_word' id='word_1_726' title='bbox 1353 2182 1402 2218; x_wconf 83' lang='grc' dir='ltr'>βίῳ</span> <span class='ocrx_word' id='word_1_727' title='bbox 1417 2182 1614 2218; x_wconf 84' lang='grc' dir='ltr'>σεμνύνεσθαι,</span> <span class='ocrx_word' id='word_1_728' title='bbox 1630 2181 1678 2209; x_wconf 80' lang='grc' dir='ltr'>καὶ</span> <span class='ocrx_word' id='word_1_729' title='bbox 1693 2181 1833 2211; x_wconf 81' lang='grc' dir='ltr'>εὐκλείαις</span> 
     </span>
    </p>
   </div>
   <div class='ocr_carea' id='block_1_104' title="bbox 1009 2211 1832 2263">
    <p class='ocr_par' dir='ltr' id='par_1_104' title="bbox 1009 2211 1832 2263">
     <span class='ocr_line' id='line_1_104' title="bbox 1009 2211 1832 2263; baseline -0.002 -11"><span class='ocrx_word' id='word_1_730' title='bbox 1009 2211 1029 2238; x_wconf 80' lang='lat' dir='ltr'><strong>D</strong></span> <span class='ocrx_word' id='word_1_731' title='bbox 1046 2226 1244 2261; x_wconf 83' lang='grc' dir='ltr'>ἐλλάμπεσθαι,</span> <span class='ocrx_word' id='word_1_732' title='bbox 1260 2211 1306 2254; x_wconf 76' lang='grc' dir='ltr'>καὶ</span> <span class='ocrx_word' id='word_1_733' title='bbox 1317 2211 1511 2261; x_wconf 40' lang='grc' dir='ltr'>ὲνιλόγοιςικαὶ</span> <span class='ocrx_word' id='word_1_734' title='bbox 1521 2229 1550 2254; x_wconf 82' lang='grc' dir='ltr'>ὲν</span> <span class='ocrx_word' id='word_1_735' title='bbox 1564 2211 1656 2263; x_wconf 75' lang='grc' dir='ltr'>ἔργοις</span> <span class='ocrx_word' id='word_1_736' title='bbox 1669 2224 1739 2253; x_wconf 86' lang='grc' dir='ltr'>εἶναι</span> <span class='ocrx_word' id='word_1_737' title='bbox 1750 2225 1832 2260; x_wconf 75' lang='grc' dir='ltr'>περι-</span> 
     </span>
    </p>
   </div>
   <div class='ocr_carea' id='block_1_105' title="bbox 1040 2270 1830 2309">
    <p class='ocr_par' dir='ltr' id='par_1_105' title="bbox 1040 2270 1830 2309">
     <span class='ocr_line' id='line_1_105' title="bbox 1040 2270 1830 2309; baseline 0.005 -11"><span class='ocrx_word' id='word_1_738' title='bbox 1040 2272 1167 2306; x_wconf 78' lang='grc' dir='ltr'>ϐλεπτον,</span> <span class='ocrx_word' id='word_1_739' title='bbox 1194 2273 1229 2300; x_wconf 82' lang='grc' dir='ltr'><strong>δι’</strong></span> <span class='ocrx_word' id='word_1_740' title='bbox 1253 2270 1291 2300; x_wconf 83' lang='grc' dir='ltr'>ὧν</span> <span class='ocrx_word' id='word_1_741' title='bbox 1307 2273 1409 2309; x_wconf 78' lang='grc' dir='ltr'>θεωρία</span> <span class='ocrx_word' id='word_1_742' title='bbox 1431 2273 1614 2308; x_wconf 80' lang='grc' dir='ltr'>κατορθοῦται</span> <span class='ocrx_word' id='word_1_743' title='bbox 1638 2273 1687 2299; x_wconf 77' lang='grc' dir='ltr'>καὶ</span> <span class='ocrx_word' id='word_1_744' title='bbox 1713 2273 1830 2307; x_wconf 77' lang='grc' dir='ltr'>πρᾶξις·</span> 
     </span>
    </p>
   </div>
   <div class='ocr_carea' id='block_1_106' title="bbox 1040 2318 1832 2354">
    <p class='ocr_par' dir='ltr' id='par_1_106' title="bbox 1040 2318 1832 2354">
     <span class='ocr_line' id='line_1_106' title="bbox 1040 2318 1832 2354; baseline 0 -10"><span class='ocrx_word' id='word_1_745' title='bbox 1040 2318 1109 2345; x_wconf 73' lang='grc' dir='ltr'>ἀλλὰ</span> <span class='ocrx_word' id='word_1_746' title='bbox 1126 2319 1172 2345; x_wconf 75' lang='grc' dir='ltr'>καί</span> <span class='ocrx_word' id='word_1_747' title='bbox 1195 2327 1238 2349; x_wconf 82' lang='grc' dir='ltr'><strong>τις</strong></span> <span class='ocrx_word' id='word_1_748' title='bbox 1267 2321 1386 2354; x_wconf 84' lang='grc' dir='ltr'>μεγίστη</span> <span class='ocrx_word' id='word_1_749' title='bbox 1403 2319 1549 2354; x_wconf 84' lang='grc' dir='ltr'>προσθήκη</span> <span class='ocrx_word' id='word_1_750' title='bbox 1575 2319 1608 2346; x_wconf 82' lang='grc' dir='ltr'>ὲκ</span> <span class='ocrx_word' id='word_1_751' title='bbox 1623 2318 1704 2351; x_wconf 80' lang='grc' dir='ltr'>Θεοῦ,</span> <span class='ocrx_word' id='word_1_752' title='bbox 1732 2319 1832 2344; x_wconf 74' lang='grc' dir='ltr'>ὁποίαν</span> 
     </span>
    </p>
   </div>
   <div class='ocr_carea' id='block_1_107' title="bbox 1041 2363 1832 2401">
    <p class='ocr_par' dir='ltr' id='par_1_107' title="bbox 1041 2363 1832 2401">
     <span class='ocr_line' id='line_1_107' title="bbox 1041 2363 1832 2401; baseline 0 -11"><span class='ocrx_word' id='word_1_753' title='bbox 1041 2365 1123 2395; x_wconf 70' lang='grc' dir='ltr'>αὐτος</span> <span class='ocrx_word' id='word_1_754' title='bbox 1138 2363 1207 2391; x_wconf 81' lang='grc' dir='ltr'>οἶδεν</span> <span class='ocrx_word' id='word_1_755' title='bbox 1221 2365 1381 2400; x_wconf 82' lang='grc' dir='ltr'>ὲπιμετρεῖν</span> <span class='ocrx_word' id='word_1_756' title='bbox 1400 2367 1458 2397; x_wconf 83' lang='grc' dir='ltr'>τοῖς</span> <span class='ocrx_word' id='word_1_757' title='bbox 1483 2366 1578 2401; x_wconf 79' lang='grc' dir='ltr'>ἄκρως</span> <span class='ocrx_word' id='word_1_758' title='bbox 1592 2364 1723 2391; x_wconf 78' lang='grc' dir='ltr'>ποθοῦσιν</span> <span class='ocrx_word' id='word_1_759' title='bbox 1738 2365 1832 2397; x_wconf 79' lang='grc' dir='ltr'>αὑτὸν,</span> 
     </span>
    </p>
   </div>
   <div class='ocr_carea' id='block_1_108' title="bbox 1042 2410 1834 2446">
    <p class='ocr_par' dir='ltr' id='par_1_108' title="bbox 1042 2410 1834 2446">
     <span class='ocr_line' id='line_1_108' title="bbox 1042 2410 1834 2446; baseline 0.003 -10"><span class='ocrx_word' id='word_1_760' title='bbox 1042 2410 1275 2445; x_wconf 74' lang='grc' dir='ltr'>ἐξαριθμούμενος</span> <span class='ocrx_word' id='word_1_761' title='bbox 1291 2411 1337 2438; x_wconf 76' lang='grc' dir='ltr'>τὸν</span> <span class='ocrx_word' id='word_1_762' title='bbox 1362 2411 1458 2444; x_wconf 87' lang='grc' dir='ltr'>πόθον,</span> <span class='ocrx_word' id='word_1_763' title='bbox 1474 2413 1522 2438; x_wconf 86' lang='grc' dir='ltr'>καὶ</span> <span class='ocrx_word' id='word_1_764' title='bbox 1541 2411 1726 2446; x_wconf 82' lang='grc' dir='ltr'>ἀντάλλαγμα</span> <span class='ocrx_word' id='word_1_765' title='bbox 1742 2411 1834 2442; x_wconf 76' lang='grc' dir='ltr'>διδοὺς</span> 
     </span>
    </p>
   </div>
   <div class='ocr_carea' id='block_1_109' title="bbox 1041 2457 1833 2493">
    <p class='ocr_par' dir='ltr' id='par_1_109' title="bbox 1041 2457 1833 2493">
     <span class='ocr_line' id='line_1_109' title="bbox 1041 2457 1833 2493; baseline -0.001 -10"><span class='ocrx_word' id='word_1_766' title='bbox 1041 2457 1072 2484; x_wconf 82' lang='grc' dir='ltr'><strong>τὺ</strong></span> <span class='ocrx_word' id='word_1_767' title='bbox 1089 2457 1234 2492; x_wconf 81' lang='grc' dir='ltr'>μεγαλεῖον</span> <span class='ocrx_word' id='word_1_768' title='bbox 1251 2459 1300 2493; x_wconf 76' lang='grc' dir='ltr'><strong>τῆς</strong></span> <span class='ocrx_word' id='word_1_769' title='bbox 1319 2458 1431 2489; x_wconf 81' lang='grc' dir='ltr'>δόσεως.</span> <span class='ocrx_word' id='word_1_770' title='bbox 1447 2458 1514 2493; x_wconf 82' lang='grc' dir='ltr'>Δίχα</span> <span class='ocrx_word' id='word_1_771' title='bbox 1531 2458 1585 2493; x_wconf 77' lang='grc' dir='ltr'><strong>γὰρ</strong></span> <span class='ocrx_word' id='word_1_772' title='bbox 1597 2458 1643 2484; x_wconf 86' lang='grc' dir='ltr'>τοῦ</span> <span class='ocrx_word' id='word_1_773' title='bbox 1660 2458 1747 2488; x_wconf 74' lang='grc' dir='ltr'>ἄλλως</span> <span class='ocrx_word' id='word_1_774' title='bbox 1765 2457 1833 2492; x_wconf 87' lang='grc' dir='ltr'>βοη-</span> 
     </span>
    </p>
   </div>
   <div class='ocr_carea' id='block_1_110' title="bbox 1042 2502 1832 2539">
    <p class='ocr_par' dir='ltr' id='par_1_110' title="bbox 1042 2502 1832 2539">
     <span class='ocr_line' id='line_1_110' title="bbox 1042 2502 1832 2539; baseline 0 -10"><span class='ocrx_word' id='word_1_775' title='bbox 1042 2502 1099 2529; x_wconf 87' lang='grc' dir='ltr'>θεῖν</span> <span class='ocrx_word' id='word_1_776' title='bbox 1112 2506 1168 2534; x_wconf 82' lang='grc' dir='ltr'>τοτς</span> <span class='ocrx_word' id='word_1_777' title='bbox 1184 2503 1315 2539; x_wconf 73' lang='grc' dir='ltr'>χρῄζουσι</span> <span class='ocrx_word' id='word_1_778' title='bbox 1332 2503 1376 2530; x_wconf 80' lang='grc' dir='ltr'><strong>διά</strong></span> <span class='ocrx_word' id='word_1_779' title='bbox 1386 2512 1414 2530; x_wconf 81' lang='grc' dir='ltr'><strong>τε</strong></span> <span class='ocrx_word' id='word_1_780' title='bbox 1433 2503 1523 2539; x_wconf 83' lang='grc' dir='ltr'>εὐχῶν</span> <span class='ocrx_word' id='word_1_781' title='bbox 1536 2504 1584 2530; x_wconf 76' lang='grc' dir='ltr'>καὶ</span> <span class='ocrx_word' id='word_1_782' title='bbox 1599 2504 1715 2538; x_wconf 76' lang='grc' dir='ltr'>ἀλοιφῆς</span> <span class='ocrx_word' id='word_1_783' title='bbox 1727 2503 1832 2538; x_wconf 81' lang='grc' dir='ltr'>(ἐλαίου</span> 
     </span>
    </p>
   </div>
   <div class='ocr_carea' id='block_1_111' title="bbox 1041 2549 1833 2586">
    <p class='ocr_par' dir='ltr' id='par_1_111' title="bbox 1041 2549 1833 2586">
     <span class='ocr_line' id='line_1_111' title="bbox 1041 2549 1833 2586; baseline 0.001 -11"><span class='ocrx_word' id='word_1_784' title='bbox 1041 2549 1243 2582; x_wconf 82' lang='grc' dir='ltr'>ἀγαλλιάσεως,</span> <span class='ocrx_word' id='word_1_785' title='bbox 1253 2550 1324 2577; x_wconf 76' lang='grc' dir='ltr'>κατὰ</span> <span class='ocrx_word' id='word_1_786' title='bbox 1336 2550 1382 2577; x_wconf 81' lang='grc' dir='ltr'>τὸν</span> <span class='ocrx_word' id='word_1_787' title='bbox 1398 2549 1553 2585; x_wconf 65' lang='grc' dir='ltr'>Ψαλμῳδδν</span> <span class='ocrx_word' id='word_1_788' title='bbox 1564 2550 1585 2585; x_wconf 85' lang='grc'>),</span> <span class='ocrx_word' id='word_1_789' title='bbox 1599 2552 1644 2577; x_wconf 64' lang='grc' dir='ltr'><strong>καὶ</strong></span> <span class='ocrx_word' id='word_1_790' title='bbox 1656 2550 1756 2586; x_wconf 86' lang='grc' dir='ltr'>χειρῶν</span> <span class='ocrx_word' id='word_1_791' title='bbox 1769 2551 1833 2576; x_wconf 74' lang='grc' dir='ltr'>ἐπι-</span> 
     </span>
    </p>
   </div>
   <div class='ocr_carea' id='block_1_112' title="bbox 1041 2593 1834 2630">
    <p class='ocr_par' dir='ltr' id='par_1_112' title="bbox 1041 2593 1834 2630">
     <span class='ocr_line' id='line_1_112' title="bbox 1041 2593 1834 2630; baseline 0.001 -11"><span class='ocrx_word' id='word_1_792' title='bbox 1041 2593 1152 2625; x_wconf 81' lang='grc' dir='ltr'>θέ;εως,</span> <span class='ocrx_word' id='word_1_793' title='bbox 1163 2594 1210 2620; x_wconf 75' lang='grc' dir='ltr'>καὶ</span> <span class='ocrx_word' id='word_1_794' title='bbox 1219 2594 1350 2629; x_wconf 79' lang='grc' dir='ltr'>τεράστια</span> <span class='ocrx_word' id='word_1_795' title='bbox 1363 2595 1565 2630; x_wconf 77' lang='grc' dir='ltr'>κατειργάζετο</span> <span class='ocrx_word' id='word_1_796' title='bbox 1579 2595 1719 2630; x_wconf 74' lang='grc' dir='ltr'>θαύματα,</span> <span class='ocrx_word' id='word_1_797' title='bbox 1731 2596 1834 2630; x_wconf 76' lang='grc' dir='ltr'>ἄρτους</span> 
     </span>
    </p>
   </div>
   <div class='ocr_carea' id='block_1_113' title="bbox 1042 2640 1834 2676">
    <p class='ocr_par' dir='ltr' id='par_1_113' title="bbox 1042 2640 1834 2676">
     <span class='ocr_line' id='line_1_113' title="bbox 1042 2640 1834 2676; baseline 0.001 -11"><span class='ocrx_word' id='word_1_798' title='bbox 1042 2647 1072 2666; x_wconf 86' lang='grc' dir='ltr'><strong>τε</strong></span> <span class='ocrx_word' id='word_1_799' title='bbox 1088 2640 1136 2666; x_wconf 81' lang='grc' dir='ltr'>καὶ</span> <span class='ocrx_word' id='word_1_800' title='bbox 1151 2640 1234 2666; x_wconf 73' lang='grc' dir='ltr'>λοιπὰ</span> <span class='ocrx_word' id='word_1_801' title='bbox 1252 2641 1312 2666; x_wconf 87' lang='grc' dir='ltr'>σῖτα</span> <span class='ocrx_word' id='word_1_802' title='bbox 1331 2641 1360 2674; x_wconf 77' lang='grc' dir='ltr'>ἐξ</span> <span class='ocrx_word' id='word_1_803' title='bbox 1372 2641 1506 2676; x_wconf 83' lang='grc' dir='ltr'>ἀφορμῶν</span> <span class='ocrx_word' id='word_1_804' title='bbox 1529 2641 1676 2675; x_wconf 83' lang='grc' dir='ltr'>ὀλιγίστων</span> <span class='ocrx_word' id='word_1_805' title='bbox 1688 2645 1727 2672; x_wconf 81' lang='grc' dir='ltr'><strong>εἱς</strong></span> <span class='ocrx_word' id='word_1_806' title='bbox 1746 2642 1834 2667; x_wconf 70' lang='grc' dir='ltr'>πολὺν</span> 
     </span>
    </p>
   </div>
   <div class='ocr_carea' id='block_1_114' title="bbox 1040 2686 1834 2722">
    <p class='ocr_par' dir='ltr' id='par_1_114' title="bbox 1040 2686 1834 2722">
     <span class='ocr_line' id='line_1_114' title="bbox 1040 2686 1834 2722; baseline -0.001 -8"><span class='ocrx_word' id='word_1_807' title='bbox 1040 2686 1159 2722; x_wconf 82' lang='grc' dir='ltr'>ἀριθμὸν</span> <span class='ocrx_word' id='word_1_808' title='bbox 1178 2686 1338 2722; x_wconf 83' lang='grc' dir='ltr'>πληθύνων,</span> <span class='ocrx_word' id='word_1_809' title='bbox 1363 2688 1435 2714; x_wconf 75' lang='grc' dir='ltr'>κατὰ</span> <span class='ocrx_word' id='word_1_810' title='bbox 1452 2688 1498 2714; x_wconf 77' lang='grc' dir='ltr'>τὸν</span> <span class='ocrx_word' id='word_1_811' title='bbox 1513 2687 1638 2722; x_wconf 52' lang='lat' dir='ltr'><strong>assueto;</strong></span> <span class='ocrx_word' id='word_1_812' title='bbox 1664 2687 1834 2721; x_wconf 61' lang='lat' dir='ltr'><strong>émyystch</strong></span> 
     </span>
    </p>
   </div>
   <div class='ocr_carea' id='block_1_115' title="bbox 1042 2731 1833 2768">
    <p class='ocr_par' dir='ltr' id='par_1_115' title="bbox 1042 2731 1833 2768">
     <span class='ocr_line' id='line_1_115' title="bbox 1042 2731 1833 2768; baseline 0 -10"><span class='ocrx_word' id='word_1_813' title='bbox 1042 2740 1123 2767; x_wconf 84' lang='grc' dir='ltr'>μενον</span> <span class='ocrx_word' id='word_1_814' title='bbox 1134 2731 1248 2767; x_wconf 83' lang='grc' dir='ltr'>Κύριον,</span> <span class='ocrx_word' id='word_1_815' title='bbox 1263 2732 1300 2764; x_wconf 82' lang='grc' dir='ltr'>ὡς</span> <span class='ocrx_word' id='word_1_816' title='bbox 1316 2733 1340 2759; x_wconf 71' lang='grc' dir='ltr'>οἱ</span> <span class='ocrx_word' id='word_1_817' title='bbox 1356 2733 1438 2759; x_wconf 74' lang='grc' dir='ltr'>αὑτὸν</span> <span class='ocrx_word' id='word_1_818' title='bbox 1451 2733 1679 2768; x_wconf 76' lang='grc' dir='ltr'>θεραπεύσαντες,</span> <span class='ocrx_word' id='word_1_819' title='bbox 1695 2732 1712 2759; x_wconf 67' lang='grc' dir='ltr'><strong>ἃ.</strong></span> <span class='ocrx_word' id='word_1_820' title='bbox 1725 2734 1833 2764; x_wconf 76' lang='grc' dir='ltr'>ἐκεῖνος</span> 
     </span>
    </p>
   </div>
   <div class='ocr_carea' id='block_1_116' title="bbox 1042 2776 1830 2814">
    <p class='ocr_par' dir='ltr' id='par_1_116' title="bbox 1042 2776 1830 2814">
     <span class='ocr_line' id='line_1_116' title="bbox 1042 2776 1830 2814; baseline -0.003 -10"><span class='ocrx_word' id='word_1_821' title='bbox 1042 2778 1122 2810; x_wconf 83' lang='grc' dir='ltr'>ποιεῖ,</span> <span class='ocrx_word' id='word_1_822' title='bbox 1152 2778 1196 2804; x_wconf 78' lang='grc' dir='ltr'>καὶ</span> <span class='ocrx_word' id='word_1_823' title='bbox 1214 2779 1293 2806; x_wconf 81' lang='grc' dir='ltr'>αὐτοὶ</span> <span class='ocrx_word' id='word_1_824' title='bbox 1310 2779 1467 2814; x_wconf 70' lang='grc' dir='ltr'>ποιήσουσι,</span> <span class='ocrx_word' id='word_1_825' title='bbox 1493 2778 1539 2806; x_wconf 81' lang='grc' dir='ltr'>καί</span> <span class='ocrx_word' id='word_1_826' title='bbox 1557 2787 1609 2805; x_wconf 82' lang='grc' dir='ltr'><strong>που</strong></span> <span class='ocrx_word' id='word_1_827' title='bbox 1636 2778 1682 2804; x_wconf 73' lang='grc' dir='ltr'>καὶ</span> <span class='ocrx_word' id='word_1_828' title='bbox 1700 2776 1830 2813; x_wconf 69' lang='grc' dir='ltr'>μείζονα·</span> 
     </span>
    </p>
   </div>
  </div>
