1966 3083
118 146 167 176 HT;

649 145 931 176 lNVOCATlONES
952 147 981 177 S.
1005 147 1204 176 DEMETRII.

1685 147 1736 178 166

117 203 242 237 nim-li)
265 201 317 228 τῶν
336 201 429 237 μύρων
441 201 556 236 προχοὴ,
571 201 692 228 ἀόύσσου
706 222 712 230 .
731 222 737 229 .
753 201 898 237 βλύζουσα.

965 211 1042 231 orum
1063 211 1119 236 vas,
1133 203 1256 239 abyssi...
1271 197 1395 232 fundens.
1413 203 1506 239 Itaque
1523 201 1619 231 salutis
1638 202 1736 232 funda-

117 249 160 274 Διὸ
174 249 306 283 οέμεολον
323 248 457 283 σωτηρίας
472 247 625 282 ἐξευρίσκει
639 256 682 274 σε.

153 294 201 326 ις’.
220 313 226 320 .
240 314 247 321 .
261 294 351 330 δόξης,
377 293 488 327 ὑψίστου
508 294 594 328 σκηνὴ
617 293 686 320 Θεοῦ
713 294 827 329 ἀληθὴς,
853 295 900 330 ἥν-

119 347 170 373 πςρ
187 340 285 373 κοσμεῖ
313 338 343 364 τὸ
361 338 487 364 κόκκινον
516 337 584 364 Θεοῦ
610 339 741 372 σκήνωμα
766 338 901 372 βασίλειον

99 406 104 412 .
119 385 188 419 ὑπὲρ
199 385 295 411 κλάδου
316 384 364 418 τῆς
382 384 525 418 πορφύρας
537 383 666 414 εὐθαλοῦς
679 392 687 399 ⁸
709 384 819 420 δεήθητι
851 385 902 412 σὺν

121 431 251 465 μάρτυρι,
268 427 297 456 οὗ
317 429 347 455 τὸ
373 429 501 456 κόκκινον
529 430 584 456 τῶν
609 430 734 464 αἱμάτων
753 432 827 463 ναοῖς
856 431 902 458 κό-

120 484 227 510 σμημα-

153 521 231 546 ΩΙΔΗ
250 523 294 554 (τ’.
309 520 417 548 Νοτίου
434 521 534 554 θηρός.

155 566 200 598 ιζ’.
214 567 297 593 Χύσει
311 567 364 593 τῶν
379 566 432 592 σῶν
451 567 577 600 αἱμάτων
598 566 702 601 λουτρῷ
721 575 751 593 σε
772 567 903 603 καθειργ-

121 613 201 646 μένον
225 613 325 648 νοερῶς
353 613 476 645 ἔλουσαν,
507 613 624 648 μάρτυς.
653 613 694 639 Τὰ
721 614 749 640 δὲ
777 614 844 648 ξύλα
875 616 903 641 αἱ

121 659 215 693 λόγχαι
229 659 273 684 τὴν
285 660 314 684 ἑν
328 659 387 693 Θεῷ
401 668 447 684 σου
459 658 562 693 θερμὸν
579 659 661 685 πόθον
676 660 828 693 ἐξέκαυσαν
841 669 906 694 σφο-

120 705 201 738 δρῶς.
222 705 278 738 Τῆς
298 705 325 730 δὲ
347 704 671 740 καθείρξεωςὴζόφωσις
696 706 743 732 καὶ
775 706 906 740 στενοχώ-

122 759 200 784 ρησις
218 753 367 785 φωσφορεῐ,
387 752 433 777 καὶ
449 751 488 782 είς
501 751 600 782 πλάτος
617 751 689 786 ζωῆς
705 752 799 787 ὁδηγεῖ
814 754 862 787 τῆς
876 755 905 780 ὲν

122 797 180 832 Θεῷ
197 798 325 832 ζωοδότῃ,
338 797 378 832 τῷ
398 799 501 834 κόσμον
518 799 676 832 φωτίζοντι.

155 884 199 920 ιη’.
218 886 353 920 Σκορπίου
367 889 462 920 φανεὶς
478 888 507 915 ἐν
523 888 613 915 εἴδειὸ
624 889 733 924 βρέμων
759 891 906 924 φρικαλέον
923 880 943 907 Β

121 931 253 965 πονηρὸς,
281 932 418 966 χείριστος
443 933 562 968 δράκων,
581 935 776 970 ταπεινότητος
805 936 906 970 δεῖγμα

122 977 348 1006 καθυπεδείκνυε.
373 978 431 1014 Θὴρ
445 979 499 1014 γὰρ
515 981 656 1015 ὁμέγιστα
684 982 777 1015 φυσῶν
808 991 906 1017 μικρο-

123 1024 272 1060 ῳυέστερον
291 1024 410 1060 θηρίδιον
428 1026 619 1059 ἑπενεδύσατο,
634 1027 736 1062 ἀδρανῆ
754 1029 907 1063 παριστῶν-

122 1077 165 1100 τος
179 1070 259 1096 αὑτὸν
277 1070 323 1097 τοῦ
348 1071 427 1099 Θεοῦ.
459 1072 652 1107 Συμπατηθεὶς
678 1072 724 1100 οὖν
752 1082 792 1099 σοι
811 1075 907 1101 πίπτει

124 1115 242 1149 σταυροῦ
256 1116 293 1149 τῷ
310 1116 466 1151 τυπώματι.

160 1159 203 1186 ιο’.
235 1161 279 1192 Ὠς
292 1161 354 1196 ὅρος
370 1162 440 1189 Σιὼν
452 1163 465 1188 ὁ
481 1163 596 1196 μάρτυς.
613 1164 671 1199 Θεῷ
691 1165 744 1200 γὰρ
770 1166 907 1199 πεπςιῢὼς

124 1202 157 1238 ἦν
169 1205 312 1240 ψαλμικῶς
324 1207 360 1242 τῷ
376 1208 506 1242 οὐρανίῳ,
523 1209 680 1244 ψυχοτρόφα
694 1210 765 1244 φυτὰ
780 1213 840 1244 μὲν,
858 1213 908 1244 τὰς

125 1252 234 1286 ἀρετὰς,
251 1253 380 1286 ἐνεγκὼν,
393 1254 488 1290 ὥσπερ
499 1255 628 1289 ναμάτων
645 1256 672 1282 δὲ
691 1257 781 1292 πηγὰς
809 1257 908 1289 ἐξανα-

125 1297 225 1323 τέλλων
240 1298 289 1332 τὴν
302 1299 349 1325 τοῦ
369 1299 485 1334 αἵματος
510 1301 558 1327 καὶ
581 1301 668 1336 μύρου
699 1302 838 1336 ἐκῦλυσιν,
867 1304 907 1335 εἰς

126 1343 244 1377 πνιγμὶν
261 1345 310 1378 μὲν
326 1345 471 1380 δαιμόνων,
488 1347 586 1378 παντὸς
599 1347 626 1373 δὲ
644 1348 708 1374 λαοῦ
726 1349 772 1375 τοῦ
788 1358 908 1384 χριστω-

125 1389 209 1423 νὺμου
228 1390 330 1424 ὑγείαν,
344 1390 438 1426 ψυχῶν
452 1401 480 1418 τε
494 1393 630 1427 πιότητος.

165 1434 198 1462 κ’.
219 1436 361 1469 Ὀφείλεις,
377 1437 479 1472 Κυρίου
493 1438 588 1473 μῆτερ,
601 1439 719 1474 χτρίτων
732 1441 908 1477 ἀνταπόδομα

127 1481 163 1514 τῷ
177 1482 214 1516 σῷ
231 1483 330 1517 κήρυκι
343 1484 447 1518 νέμειν,
473 1484 520 1511 τοῦ
538 1485 604 1512 Υἱοῦ
619 1487 665 1512 καὶ
680 1487 748 1513 Θεοῦ
766 1497 813 1515 σου
827 1490 908 1524 χάριν

129 1527 233 1580 θεμένῳ
262 1528 361 1564 ψυχήν.
399 1529 480 1556 Ὂοεν
514 1531 691 1566 πρεσϐεύοντι
725 1534 798 1569 αὐτῷ
838 1536 944 1582 ὑπὲρο

126 1575 304 1608 τρισάνακτος
314 1577 504 1610 συμπρέσὲἲευε
526 1577 772 1613 βαρϐαρολέτειραν
786 1582 845 1608 κατ’
862 1583 909 1618 ἐχ-

127 1621 199 1654 θρῶν
218 1621 381 1648 ἀπευθύνειν
394 1622 496 1658 αἰχμὴν
512 1622 560 1659 τὴν
572 1624 664 1657 αὑτοῦ,
687 1626 734 1652 καὶ
765 1628 910 1662 εἰρηναίας

127 1665 231 1700 ἡμέρας
244 1667 310 1700 ἡμῖν
325 1667 531 1700 ἑναυγάζεσθαι.

162 1712 239 1737 ΩΙΔΠ
251 1712 287 1737 Z’.
304 1712 430 1739 Ἔκνοον
440 1715 628 1750 πρόσταγμα.

160 1760 214 1783 κα’.
247 1757 357 1784 Ἔκειτο
379 1759 497 1792 γέλωτος
523 1761 623 1793 Λυαῖος
641 1762 768 1798 ὑποσχὼν
798 1765 909 1800 τραῦμα

127 1802 248 1835 ἐπάξιον,
272 1803 366 1829 πίπτει
380 1804 408 1830 δὲ
427 1806 541 1839 σφαγεὶς
563 1807 593 1833 ὲν
624 1809 762 1844 μαρτυρίᾳ
791 1809 911 1844 θεοφιλεῖ

126 1848 251 1884 Νέστωρ,
265 1849 279 1876 ὁ
293 1849 378 1885 μέγας
390 1851 437 1877 καὶ
453 1852 467 1878 ὁ
484 1852 653 1887 ὑμνούμενος
669 1863 676 1870 ι
693 1855 738 1882 καὶ
755 1853 788 1891 ἦν
803 1855 841 1890 τῷ
864 1865 910 1882 τυ-

127 1894 216 1928 ράννῳ
235 1894 322 1929 Θυμοῦ
334 1895 458 1931 αὔξησις.
475 1898 529 1925 Καὶ
544 1898 598 1933 γὰρ
615 1900 725 1933 ἐνενόει,
741 1900 779 1932 ὡς
804 1902 819 1928 ό
847 1901 909 1928 τού-

126 1948 181 1966 των
196 1941 310 1972 Θάνατος
321 1944 413 1976 νεκροῖ
434 1943 484 1976 μὲν
504 1944 568 1976 τοὺς
589 1945 752 1981 ἀλάστορας,
780 1942 853 1983 ζωὴν
880 1948 908 1974 δὲ

126 1986 218 2012 δίδωσι
236 1987 292 2018 τοῖς
307 1987 389 2021 βοῶσι
405 1988 519 2020 πιστῶς*
537 1990 598 2022 θεὲ,
613 1991 759 2026 εὐλογητὸς
767 1990 802 2019 εἴ.

162 2032 214 2066 κβ’.
230 2033 332 2067 Βᾶτρυς
347 2033 383 2064 ὡς
398 2034 530 2068 πέπειρος
558 2036 683 2069 ἀμπέλου
710 2038 808 2072 νοητῆς
834 2039 908 2073 ληνῷ

127 2078 292 2112 καθείρξεως
309 2078 355 2114 βίᾳ
375 2079 504 2111 ἐντεθεὶς,
524 2080 570 2106 καὶ
594 2080 769 2117 λογχοφόροις
794 2091 910 2118 συμπιε-

127 2125 216 2158 σθεὶς,
245 2125 358 2159 γλεῦκος
385 2126 532 2162 προρῤέεις
553 2128 583 2155 τὸ
614 2128 824 2164 θεοπρόσδεκτον
839 2151 846 2162 ,
868 2132 910 2158 αἱ·

127 2171 221 2205 μάτων
238 2171 323 2204 ἁγίων
340 2172 383 2198 ἀεὶ
395 2173 497 2208 ἄσχετα
511 2173 747 2206 ἐξανασλυζόντων
770 2176 809 2207 είς
843 2186 909 2212 καρ-

951 256 1070 278 mentum
1085 256 1110 278 te
1126 250 1236 277 invenit.

986 297 1065 324 16.-.
1079 297 1180 330 gloriae,
1201 296 1327 323 altissimi
1343 296 1546 324 tabernaculum
1564 295 1612 324 Dei
1628 304 1736 330 verum,

951 344 1021 378 quod
1038 343 1152 370 adornat
1167 343 1323 370 coccineum
1341 342 1386 370 Del
1400 343 1542 369 tentorium
1562 343 1642 378 regali
1657 351 1737 378 pom—

952 397 986 424 pa
1012 397 1093 424 super
1125 397 1230 417 ramttm
1259 396 1385 424 purpurae
1411 388 1639 421 I'rondesceutvm,
1654 389 1740 424 ligare

953 443 1013 462 cuiu
1030 441 1158 470 martyre.
1184 435 1261 470 cujus
1283 435 1422 471 sanguinis
1444 435 1602 463 coccineum
1631 429 1740 471 templis

953 486 1155 509 ornamentum.

990 527 1058 555 ODE
1075 526 1121 554 Vl.
1141 527 1297 555 Meridiani!
1317 528 1420 556 bellule.

989 574 1032 601 17.
1049 574 1077 600 lu
1095 573 1227 601 cll'usioue
1243 575 1404 608 sanguinuut
1420 579 1527 601 tuorum
1547 573 1697 600 balneariis
1715 578 1742 599 te

954 621 1147 648 circumfusum
1165 621 1341 655 spirilttaliter
1365 621 1498 652 laverunt,
1523 625 1638 654 martyr.
1658 618 1742 653 Ligna

955 673 1044 694 autem
1066 667 1166 695 lancem
1183 672 1255 694 tuum
1271 668 1297 693 iu
1315 668 1369 694 Deo
1395 667 1494 693 ardens
1508 666 1677 693 desideriqu
1692 673 1741 692 ve-

957 714 1098 740 ltctucuter
1113 712 1322 740 succenderunt.
1340 711 1466 739 Carceris
1484 719 1546 738 vero
1573 711 1691 737 tenebrat
1715 715 1742 737 et

957 759 1086 794 angustia:
1103 758 1206 786 lumine
1229 758 1376 789 illustrant,
1388 762 1414 784 et
1441 757 1465 784 iu
1480 757 1574 791 spatiis
1600 757 1660 783 vita:
1684 764 1743 791 quae

958 806 1012 832 Deo
1026 806 1108 832 dante
1124 805 1306 838 utuudumque
1335 803 1505 831 illuminaute
1531 803 1601 836 ﬂuit,
1613 802 1742 830 ducatum

958 852 1089 885 pra-bent.

995 897 1038 924 18.
1060 896 1221 931 Scorpionis
1244 896 1316 923 visus
1337 897 1363 922 in
1392 896 1474 930 ﬁgura
1498 895 1617 922 fremens
1633 895 1743 922 horride

958 943 1055 974 malus.
1073 944 1207 977 possimus
1225 943 1317 975 draco,
1334 942 1492 976 abjcctionis
1505 941 1657 977 exemplum
1671 949 1740 975 prae-

957 989 1024 1016 buit.
1040 988 1131 1015 Bullua
1141 989 1212 1015 enim
1228 988 1344 1015 maxima
1363 989 1486 1022 aspirans
1499 987 1602 1015 minimi
1617 988 1742 1015 animalis

958 1035 1041 1069 ﬁgura
1058 1042 1086 1061 sc
1099 1034 1184 1061 induit
1200 1032 1314 1060 debilem
1329 1033 1417 1060 'illaut
1436 1034 1565 1060 reddente
1598 1032 1663 1060 Deo.
1678 1033 1700 1060 A
1717 1038 1743 1060 te

957 1087 1021 1115 ergo
1036 1079 1193 1108 conculcata
1209 1079 1378 1106 caditcrucis
1394 1079 1480 1111 signo.

995 1166 1035 1193 l9.
1047 1165 1120 1193 Sicut
1138 1173 1215 1192 mons
1229 1165 1292 1192 Sion
1305 1169 1416 1198 martyr.
1430 1164 1496 1192 Nam
1513 1167 1660 1192 secundum
1673 1165 1744 1200 psal-

959 1221 1030 1240 mum
1044 1213 1070 1240 itt
1083 1213 1137 1240 Deo
1153 1211 1255 1239 cmlesti
1273 1211 1438 1243 conﬁdebat,
1462 1212 1558 1238 anima:
1572 1212 1667 1246 pabula
1682 1214 1744 1246 qui-

959 1260 1019 1287 dem
1037 1259 1170 1293 germina,
1190 1259 1316 1290 virtutes,
1332 1263 1461 1292 portans;
1490 1263 1519 1285 ut
1534 1265 1664 1292 aquarum
1677 1267 1743 1286 vero

958 1305 1137 1339 scaturigines
1167 1304 1334 1338 prol'undeus
1359 1304 1498 1338 sanguinis
1512 1308 1539 1331 et
1556 1304 1687 1339 unguenti
1701 1305 1741 1332 ri-

958 1359 1032 1382 vum,
1056 1351 1082 1377 in
1101 1351 1252 1377 dmmonum
1269 1349 1485 1381 snﬂ‘ocationem.
1508 1351 1596 1377 omnis
1610 1358 1674 1377 vero
1691 1358 1742 1385 pou

959 1397 1013 1431 puli
1025 1396 1170 1424 Christiani
1191 1395 1346 1428 sanitatem,
1364 1395 1569 1431 animarumque
1580 1397 1742 1425 satietatem.

993 1444 1039 1471 ‘20.
1059 1443 1156 1476 Debes,
1183 1443 1285 1470 Domini
1301 1449 1396 1474 mater,
1414 1443 1560 1478 gratiarum
1587 1443 1745 1470 retributio-

960 1497 1020 1517 nem
1044 1489 1162 1524 prmconi
1180 1493 1225 1515 tuo
1241 1489 1340 1524 largiri.
1359 1489 1405 1522 qui
1430 1496 1479 1524 pro
1497 1489 1565 1516 Filio
1582 1493 1609 1516 ct
1630 1489 1683 1517 Deo
1699 1495 1744 1518 tuo

960 1537 1075 1563 animant
1092 1535 1190 1571 posuit.
1210 1535 1300 1570 Itaque
1327 1535 1388 1562 dum
1404 1535 1536 1569 legatione
1559 1534 1678 1570 iungitur
1696 1543 1745 1569 pro
1784 1548 1787 1553 -

961 1589 1068 1609 summo
1116 1582 1247 1616 principe,
1298 1581 1396 1608 assiste
1430 1581 1454 1608 ei
1499 1581 1526 1607 in
1564 1580 1742 1609 Barbaroruut

961 1627 1093 1655 deletrice
1108 1627 1166 1654 acie
1189 1634 1236 1654 sua
1253 1626 1384 1653 adversus
1405 1627 1496 1653 letes
1517 1625 1669 1661 dirigenda,
1691 1634 1744 1661 qua

961 1673 1078 1707 paciﬁca:
1091 1673 1148 1699 dies
1164 1672 1240 1699 uobis
1252 1672 1425 1700 illucesraut.

995 1719 1063 1747 ODE
1074 1718 1130 1746 VII.
1144 1719 1275 1750 [nsipiens
1291 1719 1455 1746 mandatum.

993 1765 1039 1792 2t.
1049 1765 1161 1793 Jaccbat
1174 1765 1230 1792 visu
1242 1764 1336 1799 Lyaeus
1360 1763 1492 1792 sulTercns
1509 1765 1605 1792 vulnus
1621 1766 1744 1800 dignum;

961 1809 1031 1838 cadit
1048 1815 1137 1838 autem
1156 1814 1288 1838 mactatus
1310 1810 1336 1837 iu
1367 1811 1497 1846 martyrio
1523 1811 1568 1838 Dei
1590 1817 1667 1845 grato
1692 1811 1744 1838 Ne—

963 1861 1035 1888 stor,
1046 1863 1159 1890 magnus
1171 1859 1197 1882 et
1210 1856 1322 1883 illustris
1331 1855 1392 1888 ille;
1413 1861 1440 1882 et
1451 1860 1631 1892 erattyranno
1644 1864 1743 1884 excan-

961 1901 1073 1929 descens
1089 1902 1139 1928 ira.
1156 1901 1322 1936 lutelligebat
1340 1901 1411 1928 enim
1437 1901 1531 1928 horum
1550 1905 1662 1928 mortem
1678 1909 1744 1928 ene-

959 1954 1022 1976 care
1034 1946 1313 1979 destruclores,vitam
1325 1954 1389 1974 vero
1402 1947 1464 1974 dare
1480 1946 1594 1974 ﬁdeliter
1604 1947 1745 1974 clamanti-

961 1994 1028 2021 bus:
1041 1992 1123 2025 Deus,
1139 1993 1176 2020 sis
1190 1992 1358 2019 benedictus.

993 2038 1039 2065 22.
1054 2038 1088 2066 Ul
1101 2045 1151 2065 uva
1166 2042 1272 2065 matura
1288 2037 1373 2065 viuere
1389 2037 1540 2071 spiritualis
1557 2037 1685 2065 torculari
1700 2037 1743 2064 iu-

959 2086 1144 2113 carceratioue
1158 2084 1279 2111 inclusus
1290 2088 1317 2111 et
1333 2091 1348 2110 a
1367 2083 1495 2119 lanigeris
1514 2091 1639 2118 pressus,
1654 2088 1744 2110 musto

960 2138 1054 2158 manas
1068 2130 1123 2157 Deo
1137 2135 1271 2165 pergrato,
1284 2129 1416 2164 sanguine
1428 2132 1523 2156 sancto
1535 2129 1636 2164 iugiter
1651 2134 1744 2157 scatu-

961 2175 1037 2202 rieuti
1055 2176 1080 2202 in
1093 2175 1212 2202 cordium
1226 2174 1392 2202 dulcedinem
1403 2182 1535 2203 amcenatu
1548 2176 1742 2210 psallentibus:

93 2216 98 2221 '
126 2217 184 2249 δίας
197 2218 305 2253 ἥδυσμα
319 2218 485 2254 εὐφρόσυνον
498 2221 553 2252 τοῖς
574 2219 721 2255 ψάλλουσιν
737 2230 743 2238 -
764 2221 794 2249 '0
807 2222 908 2255 ὑπερύ-

965 2221 1214 2256 Superexaltandus.

128 2271 240 2297 μνητος.

161 2307 215 2342 κγ’.
246 2309 384 2343 Σύμϐολον
412 2311 523 2344 γέγονεν
550 2312 663 2347 εἱρκτῆς
694 2313 744 2348 μὲν
770 2313 799 2340 τὸ
817 2314 908 2341 στενὸν

125 2354 197 2386 ὁδοῦ,
211 2355 243 2390 ἣν
257 2355 380 2390 ἐτριψας,
397 2357 488 2388 πόνοις
503 2359 616 2385 σεαυτὸν
632 2360 841 2393 ὲναποσφίγγων
868 2363 908 2392 εὶς

126 2400 235 2435 ἀρετήν.
253 2400 372 2434 Αἵματος
390 2401 477 2436 λοῦμα
495 2403 706 2439 καθυπέγραφεν
716 2405 780 2431 αὐτὸ
799 2406 829 2432 τὸ
844 2414 907 2432 συν-

127 2447 188 2480 έχον
200 2446 330 2480 λουτρὸν,
363 2447 478 2481 μάρτυς,
496 2449 538 2474 σέ.
557 2449 643 2475 Πάλιν
658 2449 685 2476 αί
702 2451 826 2484 καμάραι
860 2451 906 2477 οὑ-

129 2492 217 2525 ρανὼν
243 2492 380 2527 aetatum,
409 2494 449 2524 είς
475 2493 522 2525 οὓς
537 2494 645 2530 ἀνέὸης,
664 2495 773 2530 ψάλλων
787 2496 904 2524 ἐκεῖ-Ὀ

126 2540 176 2565 ὑπε
181 2539 211 2573 pii
216 2548 324 2574 μνητος.

162 2585 211 2612 κδ’.
230 2587 361 2622 Σώτειρα,
371 2588 506 2623 πράσὸευε
521 2588 591 2624 Θεῷ,
606 2588 645 2624 τῷ
659 2588 703 2615 διὰ
731 2588 778 2614 σοῦ
806 2588 906 2622 σαρκὸς

126 2632 174 2658 καὶ
188 2632 304 2666 αἵματος
318 2634 397 2667 φύσει
409 2635 441 2669 τῇ
457 2634 536 2669 ἡμῶν
556 2635 779 2669 συμμετασχόντι
803 2634 908 2668 ἅνθρω-

127 2678 226 2710 πικῶς,
243 2678 328 2705 σῶσαι
353 2680 506 2714 κρατοῦντα
529 2680 673 2715 Ῥωμαίων
705 2681 820 2713 ἄνακτα,
857 2689 906 2706 σα-

126 2724 271 2759 λευόμενον
286 2725 363 2760 ἡμῶν
378 2726 469 2758 ἕνεκα,
480 2725 527 2752 καὶ
543 2726 737 2762 αἱματοχύτοις
764 2727 907 2761 βεϐριοότα

125 2770 276 2805 τραύμασι.
294 2771 348 2798 Καὶ
362 2771 401 2804 δὲ,
427 2772 648 2807 μεγαλομάρτυς,
670 2772 817 2806 πρέσϐευε,
841 2773 854 2799 ό
879 2773 907 2798 ὲν

128 2817 184 2848 σοῖς
195 2817 294 2852 αἵμασι
311 2817 356 2845 καὶ
371 2818 469 2852 σαρκὸς
483 2819 541 2850 ταῖς
559 2818 678 2854 πληγαῖς
694 2817 762 2844 Θεὸν
794 2818 894 2853 ὲκοερσι

127 2863 243 2896 resting.

991 2312 1036 2339 '23.
1047 2311 1170 2339 Carceris
1183 2311 1331 2346 symbolum
1343 2310 1413 2338 facta
1425 2315 1465 2338 est
1475 2311 1620 2345 vim,quam
1633 2311 1743 2344 trivisti,

959 2357 1092 2392 angustia,
1123 2357 1167 2390 qui
1199 2357 1413 2384 aﬂlietatiouibus
1429 2356 1476 2384 tibi
1494 2357 1543 2392 ipsi
1558 2356 1589 2383 ad
1616 2357 1742 2383 virtutem

958 2403 1010 2430 vim
1025 2393 1423 2437 fecisti..Sangttittislavacrum
1435 2401 1594 2436 subscripsit
1607 2401 1695 2436 ipsum
1708 2407 1743 2434 te,

960 2453 1070 2484 martyr,
1085 2449 1227 2475 continens
1239 2448 1376 2475 balneum.
1389 2447 1646 2482 lusuperaltissimie
1660 2447 1743 2475 coelo-

959 2502 1018 2521 l‘tltlt
1029 2501 1142 2520 cauieize
1153 2493 1177 2519 iu
1187 2500 1255 2528 quas
1271 2493 1429 2525 ascendisti,
1445 2497 1557 2520 cantans
1577 2492 1615 2520 ibi
1632 2500 1639 2520 :
1657 2491 1741 2521 Valde

957 2541 1141 2568 celebrandus.

994 2587 1039 2614 2d.
1072 2586 1217 2618 Salvatrix,
1245 2585 1406 2621 legationem
1432 2587 1475 2615 οιιί
1493 2587 1562 2621 apud
1583 2586 1677 2618 Deum,
1697 2585 1743 2620 qui

960 2639 1009 2666 per
1031 2639 1140 2659 carnem
1159 2636 1232 2659 tuam
1249 2636 1379 2666 tuumque
1390 2632 1548 2666 sanguinem
1573 2637 1676 2659 naturae
1692 2639 1742 2658 no-

959 2681 1023 2704 stne
1035 2676 1158 2704 humanm
1166 2676 1300 2711 particeps
1311 2676 1367 2703 ﬁeri
1377 2684 1429 2704 non
1438 2677 1594 2711 dedignatus
1607 2681 1657 2708 est,
1669 2676 1741 2702 salva

961 2724 1136 2757 imperantem
1165 2721 1347 2750 Romanorum
1363 2723 1524 2758 principem,
1554 2727 1664 2758 propter
1690 2728 1739 2747 nos

958 2768 1087 2802 jactatum
1113 2773 1140 2794 et
1155 2769 1274 2796 eruentis
1284 2768 1439 2797 vulneribus
1465 2768 1678 2796 cousauciatum.
1698 2767 1739 2792 Tu

959 2821 1076 2846 quoque,
1113 2821 1207 2849 magne
1235 2820 1348 2849 martyr,
1383 2815 1517 2848 legatione
1548 2813 1618 2846 apud
1654 2812 1739 2839 Deum

959 2858 1080 2893 fungere,
1091 2860 1134 2895 qui
1151 2862 1281 2896 sanguine
1293 2866 1372 2895 atque
1383 2859 1474 2887 carnis
1492 2859 1577 2894 plagis
1590 2858 1643 2886 Deo
1653 2858 1741 2887 servi-

961 2911 1031 2933 Vlill.
