1949 3083
216 145 263 177 l'll

543 145 751 176 EUSTATllll
775 144 1154 174 THESSAlﬂNlCENSlS
1179 143 1456 173 METROl'OLlTE

1782 141 1832 175 ΓΞ

246 203 274 230 5.
290 202 351 230 "me
367 202 474 238 quidem
493 207 569 229 erant
580 203 614 229 de
623 203 720 236 quibus
738 202 802 229 milii
818 202 955 229 fastidium
969 207 995 229 et

1085 201 1118 235 γ’.
1142 201 1222 227 Ἀλλὰ
1238 200 1322 226 ταῦτα
1343 199 1401 234 μὲν,
1422 198 1451 232 ἐξ
1465 195 1502 226 ὦν
1519 207 1564 234 μοι
1579 199 1591 225 ὁ
1605 199 1693 230 ὄχος,
1725 200 1771 225 καὶ
1802 199 1833 224 δι’

212 252 323 284 propter
337 257 407 284 qum,
427 257 478 276 ttott
495 249 582 276 solum
597 248 646 275 bos
671 248 788 283 linguam
819 249 997 284 opprimebat,

214 305 228 324 a
242 305 284 324 me
297 296 481 324 taciturnitate
496 296 573 330 quasi
590 295 676 329 pretio
691 300 791 330 empta;
803 299 875 323 metu
894 295 997 323 scilicet

212 350 262 378 pro
284 343 400 371 ludibrio
425 341 538 369 abeundi
569 341 603 368 ob
631 341 753 368 inutilem
795 341 996 374 rerbositatem,

212 388 276 415 dum
292 388 410 415 disertus
423 387 491 413 alius
507 387 644 420 quispiam
657 391 742 418 esset,
756 387 803 413 sed
816 387 897 414 ctiant
914 393 942 414 ut
955 394 998 413 sa-

212 441 275 460 xum
302 433 372 460 lacui
405 432 563 465 impendens
590 432 789 472 navigationem
822 432 996 467 impediebat.

211 480 269 507 Alia
282 487 345 507 vero
359 478 475 506 volventi
488 486 530 506 me
540 486 592 506 non
610 479 778 514 expeditiora
790 487 870 513 quam
890 479 997 514 sapien-

212 523 292 554 tiora.
320 531 417 557 nempe
431 523 502 557 quod
516 527 578 550 ante
592 531 634 551 me
656 524 755 558 aliquis
772 525 881 558 locutus
903 524 997 557 fuerit,

212 577 272 604 qua:
294 569 412 596 tardiora
427 577 476 596 nec
496 577 510 595 a
536 570 668 604 sapientia
695 570 807 596 omnino
832 571 931 604 aliena,
949 571 997 599 bos

211 615 328 649 pretium
346 615 540 642 taciturnitatis
554 614 631 646 abiit,
646 623 725 649 rupes
743 616 867 643 devoluta
891 620 945 649 est,
962 617 998 644 si-

211 661 324 688 lcntiunt
336 661 452 696 aufugit,
467 666 493 688 et
510 669 573 689 ecce
586 662 696 696 dignum
714 663 741 689 in
764 663 893 698 martyris
914 664 998 691 ltono-

212 714 268 734 rem
279 707 422 734 verborum
431 707 540 735 flumen.

245 753 273 781 4.
286 753 466 781 Ratiocinium
485 761 549 781 vero
565 755 634 789 quod
651 755 759 782 tmdiutn
774 764 862 783 meum
879 757 996 790 sanavitl

211 798 405 834 silentiumque
433 799 546 834 fugavit,
571 801 706 836 suggessit
733 803 870 836 quontodo
898 803 997 830 emtum

211 850 265 871 non
280 843 367 870 solum
385 843 509 871 maximis
539 845 620 872 astris
635 850 662 872 et
678 844 784 880 fulgore
801 851 859 881 post
879 847 935 874 ltzec
951 855 996 874 se-

212 888 318 921 cundls,
327 889 373 916 sed
384 894 410 916 et
421 889 526 923 exiguis
536 890 649 917 stellulis
658 892 769 918 emicat:
785 899 845 926 qnze
854 892 998 927 aliquando
1016 881 1034 909 ί)

211 939 236 961 et
257 934 393 969 refulgens
408 935 471 969 quid
495 935 600 970 signum
617 941 690 964 suttt.
713 936 806 972 Itaque
834 938 930 964 cmlum
948 946 997 965 no-

213 985 311 1009 strum.
322 979 368 1007 Del
380 980 511 1014 Ecclesia,
525 980 718 1016 fulgentissima
731 987 802 1009 astra
817 983 907 1016 liabet,
919 982 999 1010 habet

214 1031 351 1062 utcunque
378 1031 405 1054 ct
422 1027 561 1055 inferiora.
585 1028 689 1055 Pariter
702 1028 834 1063 gloriatur
853 1030 898 1063 qui
912 1030 999 1057 terrui-

215 1078 257 1100 ter
272 1072 385 1108 refulget
402 1073 526 1100 scintilla:
544 1074 629 1100 instar
641 1073 673 1100 ab
688 1074 750 1108 igne
772 1075 896 1109 rejectm;
911 1079 937 1102 et
951 1083 998 1102 vo-

214 1117 275 1145 lans
291 1118 390 1151 ignitus
402 1125 485 1153 vapor
493 1118 589 1146 sideris
602 1118 627 1145 in
645 1119 754 1145 modum
768 1118 879 1150 effulsit,
892 1123 919 1146 et
931 1120 998 1148 astri

214 1166 392 1194 similitudine
405 1167 482 1202 quasi
499 1167 592 1202 gravis
617 1167 752 1201 pratstitit.
774 1166 932 1201 Composita
949 1174 998 1193 na-

215 1216 273 1240 tura
299 1213 388 1240 ontnis
405 1213 515 1247 generis
539 1213 666 1240 animalia
692 1218 719 1240 et
733 1212 835 1247 reliqua
859 1213 998 1247 produxit,

215 1257 265 1284 alia
280 1257 306 1284 in
326 1258 437 1286 honoris
455 1258 602 1293 fastigium,
623 1259 676 1286 alia
689 1257 757 1285 infra
772 1259 805 1286 ad
821 1259 998 1293 ignominiatn

215 1303 348 1336 seposita;
372 1311 421 1330 nec
438 1303 595 1331 defecerunt
614 1304 654 1331 vel
673 1303 726 1331 ista
746 1303 947 1332 inconsiderate
961 1304 1001 1332 sic

216 1348 321 1382 abiecta
335 1349 360 1375 in
376 1348 536 1383 gloriatione
545 1349 692 1377 creationis
709 1358 717 1376 :
734 1357 799 1377 ecce
809 1350 886 1377 culex
903 1350 1001 1377 vilissi-

217 1401 290 1420 mum
314 1393 414 1420 animal
440 1393 536 1428 aliquo
565 1395 652 1428 pretio
675 1393 773 1429 dignus
799 1395 922 1422 habetur.
942 1394 1001 1422 Ple-

219 1446 333 1473 rumque
351 1439 551 1466 multitudinem
580 1439 705 1466 stimulat
715 1440 908 1466 animalculum
924 1441 1002 1468 audi-

219 1490 287 1517 tum,
313 1484 421 1518 quando
444 1484 571 1512 bombum
595 1492 675 1512 suum
695 1485 839 1517 buccinat;
863 1489 927 1512 sunt
938 1493 1002 1513 vero

218 1530 263 1563 qui
277 1535 386 1564 propter
395 1538 492 1558 sonum
509 1538 602 1564 parum
615 1531 655 1558 vel
667 1531 738 1557 nullo
748 1530 827 1557 modo
838 1535 1001 1564 respectant,

218 1576 244 1602 id
257 1577 480 1607 veroiutendunt.
492 1577 563 1612 quod
574 1576 639 1604 utile
649 1577 695 1604 sit.
707 1575 767 1604 Sint
779 1584 843 1612 ergo
854 1577 910 1604 ltzec
921 1577 955 1604 ita
966 1585 974 1609 ;
987 1584 1001 1604 a

219 1622 323 1649 fortiori
340 1623 418 1649 homo
434 1628 570 1654 settsatus,
583 1623 721 1658 quomodo
733 1623 825 1650 divina
841 1628 914 1650 recto
927 1629 1001 1650 more

220 1672 319 1700 cantet,
340 1668 374 1694 sit
393 1668 544 1695 attentione
558 1669 664 1703 dignus.

1050 246 1098 280 ὧν,
1118 248 1149 275 οὐ
1170 248 1251 282 μόνον
1270 256 1279 273 t
1300 247 1362 281 βους
1389 247 1436 273 ἐπὶ
1461 247 1582 282 γλώττῃ,
1601 257 1610 272 ι
1642 247 1721 274 τοῦτο
1746 247 1778 282 δὴ
1805 247 1833 272 τὺ

1051 296 1171 330 σκῶμμα
1187 295 1234 321 τοῦ
1253 294 1325 329 ἀργὰ
1339 295 1440 326 λαλεῖν,
1454 293 1490 325 ὡς
1508 294 1554 320 ἐάν
1569 303 1610 325 τις
1632 294 1675 328 εἴη
1700 293 1834 329 βούγλωσ-

1051 350 1107 373 σος.
1125 341 1191 368 ἀλλὰ
1207 342 1253 367 καὶ
1265 341 1335 372 λίϐος
1351 340 1416 366 ὡσεὶ
1431 341 1479 366 καὶ
1502 340 1596 375 λάκκῳ
1611 340 1834 375 δυσχρηστουμέ-

1050 396 1096 414 νου
1117 388 1213 418 ὓδατος
1228 387 1363 417 ιπέκειτο.
1381 386 1562 421 Λογισαμένῳ
1577 386 1605 412 δέ
1624 395 1669 420 μοι
1683 386 1775 421 ἕτερα,
1805 387 1833 412 οὐ

1053 444 1061 460 ι
1078 434 1215 469 ταχύτερα
1229 433 1338 468 μᾶλλον,
1353 431 1424 468 ἥπερ
1441 431 1593 467 σοφώτερα,
1614 441 1624 458 ι
1641 432 1655 458 ὃ
1666 432 1697 467 δή
1727 441 1768 463 τις
1789 434 1835 459 καὶ

1050 481 1103 515 προ
1123 481 1176 506 τῶν
1191 479 1334 514 ἡμετέρων
1360 478 1520 513 ἐφθέγξατο,
1543 478 1696 512 βραδύτερα
1720 477 1760 509 δὲ,
1787 479 1834 504 καὶ

1049 527 1109 553 οὐδὲ
1127 527 1196 554 πάνυ
1210 526 1261 558 ἔξω
1279 526 1387 559 σοφίας,
1402 526 1416 551 ὁ
1429 524 1493 560 βοῦς
1515 533 1546 550 τε
1570 524 1722 558 ἀπανέστη,
1747 525 1795 551 καὶ
1823 526 1835 550 ὁ

1050 572 1122 604 λίθος
1140 572 1310 607 ἐξεκυλίσθη,
1334 571 1381 599 καὶ
1398 571 1519 606 ἡσιωπὴ
1549 571 1653 606 ἀπῆλθε
1667 579 1674 587 ·
1705 572 1752 598 καὶ
1781 572 1835 599 ἰδοὺ

1048 617 1137 651 λόγουι
1149 617 1238 652 ῥεῦμα
1252 617 1407 653 σύμμετρον
1425 619 1464 650 είς
1475 617 1520 645 τὸν
1540 618 1678 653 μάρτυρα.

1085 750 1115 777 δ’.
1130 751 1161 777 'O
1171 750 1198 777 δέ
1215 759 1260 784 μοι
1273 750 1412 785 λογισμὸς,
1427 751 1441 776 ό
1466 751 1513 776 τδν
1527 751 1607 778 ὖκνον
1620 751 1837 785 ἐκθεραπεύσας,

1051 797 1098 823 καὶ
1114 798 1164 831 τὴν
1180 797 1260 831 σιγὴν
1276 797 1438 830 ἀπαγαγὼν,
1451 796 1565 824 τοιαῦτα
1577 797 1730 830 ὑπέτεινεν,
1747 798 1783 829 ὡς
1796 798 1835 824 ὅτι

1051 843 1098 870 καὶ
1108 843 1220 875 οὖρανῦς
1235 843 1264 869 οὐ
1284 844 1340 874 τοῖς
1369 843 1508 877 μεγίστοις
1528 844 1683 879 φωσφόρος
1708 845 1755 870 καὶ
1783 846 1837 876 τοῖς

1052 887 1223 922 μετάὑτοὺς
1237 887 1451 921 δευτερεύουσιν,
1479 888 1546 915 ἀλλὰ
1571 890 1618 914 καὶ
1642 890 1838 926 σμικροτάτοις

1052 934 1176 969 ἀστρίοις
1191 934 1380 967 ὲναγλαῖζεται
1401 942 1407 949 ·
1424 936 1471 961 καί
1482 944 1532 961 που
1546 937 1592 961 καὶ
1613 936 1682 962 αὐτὰ
1697 937 1726 962 ἑν
1749 937 1837 972 καιρῷ

1053 979 1309 1014 παρασημαίνονταί
1324 988 1350 1005 τι
1368 979 1509 1013 ἐπιφανές.
1531 980 1636 1006 Οὔκοῦν
1659 982 1705 1007 καὶ
1731 982 1744 1007 ὀ
1773 982 1836 1009 καθ’

1053 1025 1126 1059 ἡμᾶς
1155 1025 1279 1060 οὐρανὸς,
1305 1026 1321 1059 ἡ
1347 1025 1394 1052 τοῦ
1420 1024 1489 1052 Θεοῦ
1508 1025 1670 1060 Ἐκκλησία,
1699 1026 1756 1060 ἔχει
1790 1028 1838 1062 μὲν

1052 1073 1101 1099 καὶ
1116 1072 1230 1107 ἀστέρας
1251 1073 1313 1104 τοῦς
1330 1072 1497 1105 φανοτάτους
1516 1072 1637 1105 ἐκείνους
1653 1081 1660 1089 ι
1677 1073 1732 1108 ἔχει
1746 1073 1774 1100 δὲ
1786 1076 1833 1102 καὶ

1052 1119 1115 1149 τοὺς
1132 1118 1192 1153 μετ’
1206 1118 1314 1150 αὐτούς.
1334 1119 1500 1153 Σεμνύνεται
1514 1119 1542 1146 δὲ
1562 1119 1648 1154 ὅμως,
1680 1120 1726 1146 καὶ
1747 1121 1774 1147 εί
1794 1129 1834 1152 τις

1053 1163 1172 1199 ἀμυδρόν
1186 1173 1213 1190 τι
1227 1163 1342 1199 λάμπει,
1377 1164 1448 1191 καθά
1468 1173 1519 1190 που
1537 1166 1584 1191 καὶ
1609 1165 1727 1200 σπινθὴρ
1754 1165 1839 1201 πυρὶς

1053 1209 1276 1244 ἀποπαλλόμενος
1291 1217 1298 1225 ·
1312 1210 1359 1235 καὶ
1375 1209 1489 1245 διᾴττων
1500 1210 1528 1237 δέ
1553 1219 1596 1242 τις
1619 1211 1733 1246 πυρόεις
1755 1210 1840 1246 ἀτμὸς

1054 1256 1158 1290 ἀστέρα
1167 1256 1314 1289 ὲφάντασε,
1341 1255 1390 1281 καὶ
1401 1255 1472 1283 οὕτω
1486 1255 1515 1282 τὸ
1530 1256 1629 1290 σεμνὸν
1640 1256 1679 1291 τῷ
1697 1257 1838 1291 ἀστεροει-

1054 1302 1094 1330 δεί
1107 1301 1285 1337 ἀπηνέγκατο
1302 1301 1350 1329 καὶ
1362 1301 1455 1332 αὑτός.
1466 1301 1548 1333 Φύσις
1576 1301 1754 1337 ἔπιταχθείσα
1773 1311 1840 1329 παν-

1055 1348 1117 1375 τοία
1133 1347 1190 1378 ζῶα
1209 1346 1257 1373 καὶ
1269 1345 1352 1372 λοιπὰ
1371 1347 1518 1382 παρήγαγε
1543 1347 1704 1382 πράγματα,
1728 1348 1762 1375 τὰ
1790 1347 1840 1383 μὲν

1056 1394 1095 1425 είς
1112 1393 1177 1428 ὕψος
1193 1393 1367 1428 ἀνῳκισμένα
1381 1393 1475 1428 τιμῆς,
1493 1393 1526 1420 τὰ
1542 1393 1570 1420 δὲ
1587 1393 1662 1420 κάτω
1687 1393 1734 1420 τοῦ
1758 1394 1841 1428 τιμᾶ-

1057 1439 1119 1465 σθαι
1136 1439 1252 1473 μένοντα
1270 1446 1276 1453 ·
1290 1439 1337 1464 καλ.
1360 1438 1409 1464 οὐκ
1430 1438 1613 1471 ιπιλέλοιπεν,
1638 1438 1698 1464 οὐδὲ
1722 1439 1842 1474 ταχύδην

1056 1483 1128 1511 οὕτω
1153 1484 1312 1518 συρόμενα,
1345 1483 1514 1517 σεμνύνοντα
1549 1484 1598 1519 τὴν
1632 1484 1840 1519 κοσμογένειαν.

1058 1529 1128 1564 Ἤδη
1145 1530 1192 1556 καὶ
1208 1528 1307 1564 κώνωψ
1316 1529 1345 1556 τὸ
1361 1529 1528 1563 φαυλότατον
1540 1530 1661 1562 ἀξιοῦται
1671 1531 1750 1564 λόγου
1765 1532 1840 1558 ποτὲ.

1055 1577 1110 1602 Καὶ
1127 1575 1159 1602 τὰ
1174 1575 1259 1602 πολλὰ
1273 1574 1324 1610 μὲν
1342 1574 1420 1609 δχλον
1438 1576 1548 1609 ἐμποιεῖ
1574 1576 1603 1602 τὸ
1631 1575 1750 1610 ζωύφιον
1779 1576 1842 1609 ἑξα-

1055 1621 1215 1656 κουόμενον,
1231 1621 1276 1647 ὅτε
1296 1620 1341 1647 τὸν
1357 1620 1454 1647 ἑαυτοῦ
1468 1622 1550 1656 νόμον
1567 1622 1691 1655 σαλπίζει
1707 1632 1713 1638 ·
1729 1623 1782 1650 εἰσὶ
1799 1623 1840 1656 δὲ,

1053 1668 1078 1694 οἳ
1093 1667 1139 1694 τοῦ
1151 1666 1239 1702 ψόφου
1256 1667 1306 1701 μὲν
1319 1666 1437 1702 μικρὰῆ
1457 1666 1533 1694 οὐδὲν
1560 1667 1781 1703 ὲπιστρέφϋνται,
1795 1670 1843 1697 ἄλ·-

217 1712 271 1744 λως
299 1713 328 1739 δὲ
354 1713 420 1739 αὖτό
450 1714 670 1742 ἐπισκέπτωνται.
699 1715 752 1750 ὅπη
780 1716 827 1741 καὶ
855 1715 1000 1750 χρήτιμον.
1023 1713 1054 1740 El
1084 1713 1174 1739 τοίνυν
1201 1712 1290 1744 τοῦτο.
1307 1712 1346 1747 τῷ
1364 1712 1445 1739 παντὶ
1463 1712 1545 1739 πλέον
1574 1713 1674 1740 exat}
1704 1714 1783 1749 λόγον
1796 1715 1845 1743 ἇν-

222 1758 341 1792 ορωτιος,
359 1759 431 1790 ὅπως
448 1759 481 1786 ἂν
495 1760 542 1787 καὶ
555 1760 612 1796 ᾄδοι
639 1760 673 1787 τὰ
691 1761 750 1788 θεῖα.
777 1761 844 1794 πρὸς
869 1761 947 1796 όρθδν
962 1761 1052 1794 μέντοι
1069 1759 1160 1794 νόμον,
1175 1759 1217 1794 εἴη
1233 1758 1266 1786 ἂν
1281 1758 1448 1793 ἐπιστροφῆς
1467 1759 1551 1792 ἄξιος.

257 1803 283 1829 5.
298 1803 402 1831 Veteris
418 1805 483 1839 legis
504 1806 706 1833 tabernaculum
725 1807 845 1833 malcrize
865 1814 1008 1841 compone-

221 1849 286 1876 bant
302 1850 424 1884 ptetiosm
436 1856 462 1878 et
478 1856 550 1879 certe
565 1851 655 1885 plures
669 1859 723 1878 non
739 1853 821 1885 tales;
835 1857 861 1879 et
878 1853 1006 1887 templum

222 1895 293 1923 istud
317 1895 480 1923 celebratum
506 1904 559 1924 tton
578 1897 782 1931 pretiosissimis
802 1898 827 1925 in
848 1903 940 1930 totum,
961 1897 1007 1925 sed

222 1942 320 1978 partim
339 1941 438 1977 lapillis
453 1942 570 1969 exilibus
583 1941 764 1975 ominabatur,
781 1948 808 1971 et
823 1949 953 1971 caemcnto
967 1945 1008 1970 in-

223 1994 296 2016 serto
308 1993 336 2015 et
355 1988 462 2021 plumbo
480 1988 505 2015 itt
517 1989 659 2022 juncturas
674 1989 792 2024 lapidum
808 1990 909 2018 infuso.
924 1989 1008 2017 None

224 2035 330 2069 magnis
347 2038 449 2061 tantum
464 2033 561 2060 insulis
576 2042 650 2062 mare
664 2036 799 2062 mentione
814 2036 894 2069 digna
909 2035 1009 2070 produ—

223 2082 271 2112 cit,
284 2081 330 2106 sed
340 2083 367 2106 et
377 2087 466 2113 parvae
476 2080 598 2113 quaedam
613 2080 645 2107 de
661 2081 730 2107 miro
743 2081 858 2115 quodam
873 2085 1008 2108 ostentato

224 2125 382 2158 gloriantur.
394 2124 441 2151 Est
451 2124 520 2151 forte
532 2125 609 2159 lapis,
623 2133 675 2152 nou
691 2126 779 2160 magni
795 2126 950 2158 asstimatus,
963 2127 1009 2154 sed

226 2177 280 2204 pra:
294 2169 328 2196 iis
349 2170 395 2204 qui
417 2169 617 2197 existimatione
630 2171 702 2204 digni
721 2171 853 2202 videntur,
871 2172 1009 2205 pulchrum

225 2215 368 2249 quemdam
392 2215 509 2242 valorcm
533 2215 624 2247 ltabet,
636 2215 749 2249 ideoque
777 2223 829 2242 non
851 2215 1007 2249 despicitur.

224 2259 338 2288 Ferrum
353 2269 418 2288 auro
437 2261 565 2287 collatum
585 2261 688 2287 ltonorc
701 2261 764 2287 ttiltil
775 2265 844 2290 erat.
860 2261 911 2287 nlsl
928 2269 1009 2287 accu-

225 2312 283 2333 rate
294 2307 326 2338 ad
339 2315 406 2340 opus
415 2306 554 2341 quidpiam
569 2314 664 2341 tnagtta
678 2313 760 2341 egens
773 2306 920 2334 attentione
935 2311 1010 2340 apta-

226 2356 310 2377 retur.
329 2350 414 2377 Tibiae
430 2355 516 2378 acuta:
532 2350 692 2385 quandoque
712 2355 738 2377 et
756 2351 782 2377 itt
804 2350 901 2389 minorl
916 2349 1010 2389 ordine

225 2403 320 2423 sonum
334 2396 433 2423 habent
445 2403 453 2429 ;
467 2395 594 2423 similiter
609 2395 694 2429 major
709 2395 772 2422 tibia
786 2395 818 2422 ad
829 2387 950 2430 graviora
964 2387 1012 2421 de-

226 2443 360 2469 scendcus
377 2447 405 2469 et
418 2442 459 2469 sic
473 2441 594 2468 modulos
616 2441 787 2468 Itarmonicos
808 2441 904 2468 reddit.
924 2439 1011 2469 Voces

226 2495 279 2515 non
290 2487 415 2515 omnibus
426 2487 533 2522 penitus
542 2487 652 2520 eaedem,
661 2494 712 2514 non
726 2486 795 2514 lucet
808 2486 932 2514 omnibus
941 2487 1010 2514 idem

228 2535 376 2569 ingenium.

262 2669 288 2695 ti.
303 2668 460 2695 Sermonem
471 2670 497 2694 et
506 2666 584 2694 altiutl
594 2666 696 2703 erigere
706 2665 804 2693 audeo.
821 2663 1011 2703 lnter'oij'dijtes

229 2715 434 2750 supercmlestes
451 2714 622 2749 reperiuntur
643 2706 797 2748 superiores
812 2719 838 2741 et
857 2707 1009 2748 inferi-gres.

230 2761 289 2788 Non
306 2767 398 2788 omnes
415 2758 561 2795 prophetae,
579 2767 632 2786 non
650 2766 743 2787 omnes
758 2758 885 2793 apostoli;
898 2759 969 2789 tium
985 2763 1012 2786 et

230 2809 237 2835 I
251 2814 381 2843 nguarum
391 2805 544 2838 varietates,
553 2804 616 2838 quia
623 2809 649 2832 et
658 2805 787 2840 gentium.
795 2803 841 2831 ΙΙίε
849 2802 944 2831 suaves
950 2812 1010 2831 cutn

230 2854 397 2888 iucunditate
412 2852 439 2880 in
453 2859 536 2888 grave
550 2851 689 2884 tolluntur,
703 2854 809 2886 gutture
824 2847 919 2884 aspero
930 2851 1011 2878 crnit-

1091 1808 1123 1832 ε’.
1139 1805 1196 1839 Τὴν
1210 1805 1238 1831 ἐν
1255 1804 1295 1839 τῷ
1307 1803 1415 1838 παλαιῷ
1428 1805 1504 1840 νόμῳ
1521 1804 1626 1840 σκηνὴν
1639 1802 1699 1833 ὗλαι
1716 1806 1844 1841 συνεκρό-

1057 1860 1121 1878 τουν
1137 1851 1233 1877 πολλοῦ
1249 1859 1279 1876 τε
1291 1850 1457 1885 τιμώμεναι,
1474 1851 1521 1877 καὶ
1545 1851 1599 1886 μὴν
1610 1851 1703 1886 καὶμὴ
1719 1852 1843 1879 τοιαῦται

1060 1895 1181 1926 πλείονες
1193 1903 1200 1911 ·
1219 1895 1266 1921 καὶ
1295 1895 1360 1922 ναὸν
1383 1895 1411 1921 δὲ
1431 1895 1535 1922 ἐκεῖνον
1551 1896 1597 1923 τὸν
1620 1896 1791 1931 ὑμνούμενον
1812 1898 1843 1924 οὐ

1057 1940 1092 1967 τὰ
1107 1939 1313 1975 τιμαλφέστερα
1338 1939 1437 1970 διόλου.
1469 1941 1537 1968 ἀλλά
1567 1950 1618 1968 που
1648 1942 1726 1977 χάλιξ
1747 1943 1844 1974 λεπτὸς

1058 1986 1204 2021 ἀπήρτιζε,
1221 1986 1269 2013 καὶ
1286 1986 1483 2022 παραδυομένη
1503 1987 1620 2020 τίτανος,
1643 1989 1689 2014 καὶ
1703 1989 1842 2023 μόλιϐδος.

1060 2034 1120 2065 ταῖς
1134 2033 1188 2059 τῶν
1203 2032 1283 2060 λίθων
1296 2031 1442 2068 ἁρμονίαις
1460 2034 1690 2068 παρεγχεόμενος.
1715 2033 1845 2061 Θάλασσα

1061 2080 1111 2105 οὐκ
1128 2079 1161 2105 ὲκ
1179 2079 1268 2113 μόνων
1291 2079 1416 2113 μεγάλων
1443 2079 1532 2114 νήσων
1560 2079 1677 2114 προάγει
1703 2080 1737 2107 τὰ
1762 2081 1843 2115 λόγου

1063 2124 1137 2156 ἄξια,
1149 2124 1216 2150 ἀλλὰ
1228 2125 1273 2150 καὶ
1289 2124 1386 2158 μικραί
1399 2132 1470 2154 τινες
1482 2124 1521 2156 εἰς
1543 2124 1673 2159 ἐκφανσιν
1691 2127 1844 2161 θαυμασίου

1062 2168 1134 2200 τινὸς
1149 2168 1320 2203 ἁϐρύνονται.
1337 2169 1392 2195 Καὶ
1405 2169 1477 2195 ἔστιν
1491 2167 1521 2196 οὗ
1535 2171 1581 2196 καὶ
1593 2171 1664 2201 λίϐος
1680 2171 1710 2197 οὐ
1736 2159 1847 2200 uolut-la

1063 2223 1159 2249 μητος,
1176 2214 1244 2240 ἀλλὰ
1258 2214 1312 2239 τῶν
1327 2214 1479 2241 δοκούντων
1493 2215 1625 2248 ἠξιῶσθαι
1653 2217 1744 2251 ὀλίγου
1759 2219 1845 2252 τινος,

1060 2258 1122 2292 ἔσχε
1135 2266 1160 2284 τι
1176 2259 1259 2284 καλὸν
1273 2259 1415 2293 ἐνέργημα
1426 2267 1433 2274 ·
1455 2260 1501 2285 καὶ
1515 2260 1548 2286 δι’
1561 2261 1628 2287 αὐτὸ
1639 2262 1670 2288 οὐ
1695 2263 1845 2298 παρεώρα-

1059 2312 1103 2330 ται
1116 2303 1171 2330 οὺδ’
1190 2303 1282 2336 αὐτός.
1298 2304 1410 2339 Σιδηρος
1424 2305 1665 2340 παραϐαλλόμενος
1690 2308 1784 2343 χρυσῷ
1809 2307 1846 2345 ἦν

1052 2347 1093 2374 ‘av
1113 2348 1189 2374 οὐδὲν
1203 2349 1242 2379 εἰς
1257 2348 1413 2382 τιμιότητα,
1435 2350 1459 2375 εἰ
1483 2349 1520 2384 μὴ
1537 2351 1605 2385 πρός
1620 2360 1646 2377 τι
1662 2352 1744 2387 ἔργον
1759 2361 1847 2380 σπου-

1055 2394 1134 2420 δαῖίιν
1148 2394 1274 2428 ἐμμελῶς
1295 2392 1350 2429 εἶχε
1367 2395 1556 2430 ρυθμίῖισοαι.
1583 2397 1665 2424 Αὐλαὶ
1680 2400 1846 2434 προέχοντες

1062 2439 1152 2475 ἔχουσι
1165 2448 1228 2466 ποτε
1245 2441 1292 2467 καὶ
1305 2441 1349 2467 τὸν
1362 2442 1390 2468 ὲν
1406 2441 1526 2469 ἐλάττονι
1537 2443 1611 2475 τάξει
1625 2452 1630 2458 ·
1646 2445 1767 2471 τοιοῦτον
1778 2447 1847 2480 γοῦν

1062 2488 1078 2522 ὴ
1099 2486 1196 2521 σύριγξ
1226 2486 1410 2514 ὑποῦαίνουσα
1437 2488 1508 2514 κατὰ
1535 2488 1670 2523 βαθμίδας
1694 2491 1781 2522 τινὰς.
1797 2492 1848 2518 καὶ

1061 2530 1132 2557 οὕτω
1146 2531 1362 2565 ὑποσυρίττουσα
1386 2532 1556 2567 ἐναρμόνιον.
1575 2533 1666 2560 Φωναὶ
1688 2535 1718 2560 οὑ
1735 2535 1847 2567 πάντως

1062 2578 1163 2604 ἅπασιν
1176 2577 1204 2603 al
1221 2577 1320 2604 αὐταί·
1344 2577 1407 2608 νοῦς
1435 2578 1484 2604 οὐκ
1506 2578 1690 2612 ἐναοτράπτει
1711 2580 1818 2607 ἅπασιν
1833 2584 1848 2608 6

1062 2623 1152 2654 αὑτός.

1100 2668 1137 2701 ς’.
1155 2669 1252 2703 Τολμῶ
1275 2674 1322 2699 και
1344 2668 1474 2696 ἀνωτάτω
1499 2671 1597 2706 ἐξᾶραι
1621 2672 1776 2706 τὸνλόγον.
1803 2673 1850 2700 Ἐν

1063 2716 1118 2746 τοῖς
1131 2715 1340 2749 ὑπερουρανίοις
1358 2715 1496 2749 τάγμασιν
1513 2716 1570 2742 ἐστι
1585 2717 1619 2743 τὰ
1637 2717 1688 2752 μιν
1713 2718 1849 2753 ὕπερθεν,

1063 2761 1098 2787 τὰ
1113 2760 1141 2786 δὲ
1153 2760 1320 2794 ὑποϐέϐηκε.
1345 2761 1391 2795 Μὴ
1406 2761 1504 2792 πάντες
1519 2762 1670 2796 προφῆται,
1688 2763 1725 2798 μὴ
1745 2764 1850 2792 πάντες

1065 2799 1305 2835 ἀπόστολοιῇΕίσὶ
1337 2806 1385 2832 καὶ
1412 2806 1543 2840 γλωσσῶν
1566 2807 1704 2842 διαφοραὶ,
1733 2809 1774 2836 ὅτι
1801 2810 1854 2836 καὶ

1065 2850 1160 2877 ἐθνῶν.
1176 2844 1229 2876 Κοίὶ
1243 2851 1270 2876 αἱ
1285 2850 1334 2884 μὲν
1348 2850 1425 2882 λεὶω;
1439 2851 1542 2884 hauet,
1555 2852 1601 2879 καὶ
1616 2852 1676 2884 μεθ’
1687 2853 1853 2886 ἱλαρότητος
