1949 3083
151 101 191 133 173

711 104 904 137 LAUDATIO
932 106 961 137 S.
983 107 1177 139 DEMETRII.

1708 113 1757 145 174

148 159 266 192 είςῦγκον
278 158 428 194 διαίρονται
439 167 446 174 θ
460 159 489 185 αἱ
506 159 533 186 δὲ
551 161 636 195 τραχὺ
651 162 852 197 γιργαρίζουσι
866 163 912 190 καὶ

974 168 1068 195 ηιιηῑυτ,
1080 164 1130 191 illae
1141 169 1167 191 et
1179 165 1311 192 rusticiter
1320 173 1366 200 per
1375 165 1501 193 barbaros
1510 174 1591 195 sonos
1599 169 1757 202 procedunt.

148 205 322 239 ἐξαγριοῦνται
336 205 381 232 διὰ
400 206 430 232 τὸ
448 206 674 241 βαρϐαρόφωνον.
692 209 748 234 Kal
763 209 837 242 ὅμως
854 205 919 236 ἔκα-

149 259 199 278 στον
212 252 298 283 ἔθνος,
315 256 344 278 το
357 259 388 278 τε
403 252 524 286 εὐγενῶς
539 253 648 286 λαλοῦν,
668 254 715 280 καὶ
728 255 758 280 τὸ
770 253 919 289 βάρὸαρον,

149 297 262 331 μένουσιν
276 297 326 323 οὐκ
339 297 556 332 ἀπαλειφόμενα.
583 299 637 325 Καὶ
648 299 789 326 διαπλέκει
812 301 860 326 καὶ
876 300 922 327 οὗ·

147 349 191 372 τως
205 343 219 375 ἡ
233 340 345 376 πρόνοια
357 342 443 369 τὸτοῦ
455 342 514 377 βίου
525 343 723 378 πολύστροφον.
739 345 845 379 Ὠσπερ
858 346 922 371 πολ-

148 387 185 413 λαὶ
198 389 276 421 μονα)⁸
300 389 442 424 σωτήριοι,
463 389 536 416 οὕτω
563 392 611 417 καὶ
625 391 749 427 διάφοροι
769 393 921 419 σπουδαίων

147 431 221 465 λόγων
238 435 412 468 καταγωγαὶ,
437 435 486 461 καὶ
497 435 557 470 Θεῷ
577 437 623 462 καὶ
639 438 696 468 τοῖς
708 436 757 463 τοῦ
776 437 844 463 Θεοῦ
871 437 922 463 οὑκ

147 477 294 513 ἀπόϐλητοι.
311 479 403 505 Καλδν
419 482 541 515 ποταμοὶ
555 480 716 515 πλήθοντες,
740 483 787 508 καὶ
802 482 842 513 εἰς
858 482 923 508 πολ-

146 523 197 556 λοὺς
211 524 366 560 σχιζόμενοι
384 526 490 558 κλῶνας
503 535 510 543 ·
538 528 589 554 οὐκ
606 527 688 563 ἄχαρι
704 528 733 554 δὲ
752 529 813 555 οὐδὲ
833 530 921 562 πηγαὶ

147 569 313 604 μονάζουσαι.
334 570 416 597 Ἐὅόα
429 580 481 605 τις,
495 572 558 598 ὅσον
578 572 654 599 ἄλλοι
670 574 841 608 πεντήκοντα
853 581 860 588 ·
874 574 920 599 καὶ

145 617 171 642 τὸ
182 616 296 653 φώνημα
312 617 483 653 Στεντόρειον
510 618 615 654 ᾅδεται.
641 620 695 646 Kal
720 620 770 646 οὐκ
787 620 837 655 ἤδη
865 619 920 645 τῶν

145 663 221 695 ἄλλως
237 663 399 697 φωνούντων
421 665 588 699 ἀποτέμνειν
613 665 667 692 ἔδει
686 666 750 697 τοὺς
767 665 919 701 λάρυγγα-ς.

146 709 271 736 Ἐὃλεπεν
279 710 373 746 ἕτερος
380 719 426 737 και
441 711 476 738 τὰ
491 712 563 738 κατὰ
583 713 644 746 γῆς,
659 713 706 739 καὶ
716 712 841 745 σταδίοις,
858 713 922 739 ὁπό-

146 764 195 787 σοις
220 756 308 788 οὐδεὶς
331 757 410 788 ἄλλος
425 776 433 789 ,
452 757 622 793 παρεμέτρει
647 759 696 793 τὴν
722 759 837 793 ὅρασιν·
853 759 921 785 ἀλλὰ

145 802 244 832 πλείους
257 802 297 833 είς
312 802 437 838 ἄπειρον,
451 802 476 828 οἳ
493 804 608 839 ἑτεροῖοι
622 803 672 838 τὴν
688 804 750 838 ὕψιν
769 803 856 836 ὄντες,
872 805 920 838 τὴν
949 833 952 836 _

974 208 1105 236 Similiter
1119 216 1144 237 et
1163 218 1330 245 unaquaeque
1346 220 1422 247 gens,
1438 213 1489 240 alia
1509 221 1631 248 venuste,
1646 213 1758 243 barbare

973 254 1024 280 alia
1042 255 1164 288 loquens,
1178 262 1286 283 monent
1299 265 1348 284 nec
1358 266 1373 285 e
1384 258 1473 286 medio
1486 259 1626 288 tolluntur.
1642 260 1686 288 Sic
1698 261 1759 289 vita:

975 301 1149 328 mobilitatem
1169 301 1339 330 Providentia
1358 304 1507 332 intertexit.
1527 306 1758 338 Quemadmodum

973 347 1063 373 multa:
1079 347 1103 373 in
1121 348 1215 374 salutis
1231 349 1325 376 ordine
1340 351 1503 381 mansiones.
1518 352 1557 378 sic
1575 352 1641 378 varii
1658 359 1759 380 sermo-

974 401 1036 420 num
1056 398 1196 421 acutorum
1208 400 1352 429 apparatus
1364 403 1414 423 nec
1432 397 1465 424 de
1483 397 1549 430 Deo,
1564 405 1613 426 nec
1629 398 1663 425 de
1680 399 1760 426 rebus

973 437 1076 465 divinis
1092 438 1272 473 improbandi.
1288 439 1401 467 Pulchra
1419 449 1497 469 amne
1513 443 1591 476 pleno
1606 443 1715 471 ﬂumina
1733 450 1761 471 et

974 484 999 509 in
1011 483 1106 510 inultos
1117 484 1216 512 rivulus
1228 484 1321 517 divisa",
1332 493 1380 513 uec
1393 487 1493 520 absque
1505 489 1661 516 anuenitate
1671 488 1761 518 fomes

974 529 1065 555 rivulis
1077 534 1211 557 carentes.
1219 530 1360 558 Clamabat
1372 531 1468 566 aliquis
1475 540 1602 565 quantum
1624 535 1669 561 alii
1682 537 1761 570 quin-

973 574 1097 607 quaginta
1113 579 1140 601 et
1151 582 1201 601 vox
1216 578 1350 602 stentorea
1366 576 1528 604 celebratur.
1546 578 1600 605 Nec
1612 579 1672 606 ideo
1683 581 1762 607 aliter

974 619 1137 654 loquentium
1159 620 1219 652 gula
1249 623 1375 650 secanda.
1395 621 1506 650 Videbat
1522 624 1589 651 alius
1606 632 1664 659 quae
1683 633 1763 660 super

975 670 1074 692 terram
1090 673 1116 692 et
1128 666 1277 693 stadiorqu
1293 675 1404 694 numero
1419 675 1471 702 quo
1489 668 1576 695 nullus
1592 670 1660 696 alius
1675 670 1762 697 visunt

973 709 1172 743 perpendebat;
1194 712 1240 737 sed
1260 712 1350 744 plures
1366 711 1393 738 iu
1419 712 1523 740 inlinito
1546 721 1659 741 numero
1684 714 1762 750 longe

973 755 1018 781 alii
1034 755 1120 788 quoad
1138 755 1223 782 visum
1241 760 1314 788 sunt,
1332 764 1380 783 nec
1407 757 1514 785 videndi
1535 758 1665 786 facultate
1690 760 1763 787 frau-

973 800 1081 825 dantur.
1098 799 1153 826 Nec
1168 803 1240 826 certe
1256 801 1329 834 talpa
1346 801 1407 835 quia
1425 809 1498 829 caeca
1518 802 1638 830 nascitur
1653 809 1679 830 et
1696 805 1763 833 vivit

145 847 217 880 φύσιν
230 846 276 873 τοῦ
292 847 402 881 βλέπειν
411 848 441 874 οὗ
453 847 608 881 ψεύδονται.
627 849 681 876 Καὶ
692 849 745 884 μὴν
759 849 819 875 οὐδὲ
828 849 919 875 ἀσπά-

974 845 1091 878 tollitur;
1106 853 1121 872 e
1137 850 1232 873 contra
1257 851 1359 874 naturae
1385 846 1444 882 lege
1468 853 1593 876 servatur
1606 849 1764 878 creationis—

145 892 197 924 λαξ,
212 893 251 919 ὁτι
262 892 362 927 τυφλὸν
378 893 437 928 ἅμα
455 893 574 927 γενέσει,
586 893 634 921 καὶ
650 894 695 921 διὰ
715 894 774 929 βίου
794 895 821 921 δὲ
832 894 920 921 τοιοῦ-

143 946 184 964 τον
199 937 364 972 manum-
381 938 449 965 ἀλλὰ
467 940 642 974 συντηρεῖται
659 939 698 974 τῷ
714 939 785 974 λόγῳ
802 940 852 974 τῆς
866 939 918 974 φύ-

144 992 216 1015 σεως.
242 985 289 1010 καὶ
321 984 479 1019 συμπληροῖ
509 985 539 1010 τὸ
565 985 688 1012 ποικίλον
715 986 763 1020 τῆς
791 986 917 1017 κτίσεως.

138 1027 255 1056 ’Ἦκουεν
271 1030 374 1065 ἕτερος,
389 1030 440 1056 ὅσα
464 1029 559 1065 μηδεὶς
583 1030 736 1065 ἄνθρωπος.
758 1031 791 1057 Τί
808 1031 918 1063 τοίνυν;

142 1075 281 1101 Κλειστέον
294 1076 348 1110 ἄρα
361 1075 410 1107 τὰς
424 1076 522 1107 λοιπὰς
539 1076 636 1108 ἀκοὰς,
651 1076 692 1103 ὅτι
711 1076 749 1111 μὴ
763 1077 918 1112 εὐπορώτε-

141 1129 184 1155 ρον
211 1121 258 1147 τοῦ
286 1122 406 1156 ἐνεργεῖν
432 1121 543 1156 ἐχουσι;
563 1123 616 1150 Kal
638 1123 752 1157 στρατὸς
771 1122 802 1149 ἔκ
825 1131 855 1148 τε
870 1123 919 1148 ἀν-

139 1167 244 1202 δρείων,
267 1166 300 1193 ἐκ
320 1176 349 1194 τε
366 1167 403 1202 μὴ
427 1168 557 1194 τοιούτων
584 1169 813 1203 συγκεκρότηται.
830 1169 920 1203 ’ᾍδων

139 1213 216 1239 inulti
226 1213 276 1239 οὐκ
287 1213 401 1248 ἀπηξίου
417 1215 478 1245 τοὺς
499 1214 725 1248 συγχορεύοντας,
742 1214 797 1240 Καὶ
815 1214 868 1249 μὴν
886 1214 918 1240 οὺ

139 1259 196 1286 κατ’
211 1261 315 1286 ἐκεῖνον
334 1260 381 1286 καὶ
399 1259 477 1286 αὐτοὶ
492 1259 621 1294 ἔμελπον.
647 1259 779 1294 Ἀρμονία
794 1259 876 1294 χοροῦ
888 1261 920 1285 ὲκ

974 898 1029 927 que
1047 891 1206 919 varietatem
1228 892 1358 926 complet.
1379 893 1490 921 Audivit
1513 895 1582 923 alius
1598 902 1657 928 qui»
1672 896 1763 924 nullus

974 938 1063 965 homo.
1077 937 1147 970 Quid
1164 938 1264 972 igitur?
1278 937 1346 966 Num
1369 940 1524 968 claudenda:
1544 941 1652 976 reliquae
1671 949 1761 974 aures,

973 984 1034 1019 quia
1050 992 1103 1011 non
1119 984 1266 1012 faciliorem
1284 986 1384 1013 habent
1404 987 1564 1021 energiam?
1584 987 1617 1014 Et
1630 989 1764 1016 exercitus

976 1035 1031 1057 tum
1049 1037 1064 1057 e
1078 1030 1204 1064 fortibus,
1222 1035 1275 1058 tum
1293 1039 1308 1058 ο
1325 1039 1378 1059 non
1404 1032 1504 1061 talibus
1520 1033 1629 1061 coaluit.
1645 1033 1763 1061 Cantans

971 1075 1056 1103 David
1072 1075 1214 1103 saltatores
1230 1085 1283 1104 non
1298 1077 1459 1112 dedignatus
1474 1083 1525 1105 est.
1542 1078 1596 1106 Nec
1611 1085 1705 1106 revera
1718 1086 1763 1106 se-

971 1121 1087 1148 cundum
1112 1129 1174 1149 eum
1197 1122 1242 1149 alii
1266 1122 1465 1157 hymnizabant.
1481 1124 1563 1151 Cbori
1583 1123 1726 1151 harmonia
1748 1132 1764 1151 e

970 1166 1095 1199 diversis,
1110 1167 1174 1202 quin
1191 1167 1245 1194 ium
1259 1174 1273 1194 e
1286 1167 1402 1195 dissonis
1416 1172 1442 1194 et
1455 1168 1587 1203 separatis
1601 1169 1688 1196 modis
1701 1175 1764 1203 pro-

969 1212 1128 1240 cedentibus
1143 1218 1325 1246 comparatur,
1343 1218 1369 1239 ut
1384 1213 1459 1240 aiunt
1474 1214 1519 1247 qui
1536 1214 1610 1241 hisce
1631 1214 1764 1244 scientiis.

972 1258 1048 1298 hisce
1062 1258 1166 1286 artibus
1182 1257 1291 1293 pollent.
1382 1257 1385 1259 ’

138 1306 281 1341 διαφόρων,
297 1305 347 1339 ἤδη
371 1305 399 1332 δὲ
416 1305 465 1332 κα)⁸
479 1304 510 1336 ιξ
523 1304 682 1339 ἀντιφώνων
709 1304 756 1331 καὶ
769 1303 833 1339 δίχα
855 1303 1025 1339 φρονεόντων
1037 1304 1216 1340 ἁρμόττεται,
1241 1304 1280 1336 ὥς
1307 1313 1389 1339 φασιν
1404 1306 1427 1330 οἱ
1462 1305 1497 1331 τὰ
1534 1305 1648 1331 τοιαῦτα
1675 1305 1763 1339 σοφοῖι

137 1353 161 1379 οἱ
175 1353 239 1387 περὶ
253 1353 361 1388 τέχνας.

171 1397 204 1429 ζ’.
218 1398 276 1424 Οὐκ
302 1397 358 1424 ἐσθ’
375 1397 448 1429 ὃπως
472 1396 592 1428 ἅπαντες
609 1396 789 1432 συνδράμοιεν
817 1397 851 1424 ἃν
881 1397 920 1428 είς

137 1444 240 1478 ὕμοιον.
256 1442 451 1478 Περιφέρονται
464 1442 593 1478 Σειρῆνες
609 1444 638 1469 ὲν
649 1443 705 1474 τοῖς
720 1435 806 1469 πάλαι
819 1442 920 1476 λόγοις,

137 1489 237 1520 αἵτινές
251 1497 316 1515 ποτε
334 1486 424 1515 αὗται·
441 1488 549 1515 δοκοῦσι
573 1488 602 1514 δὲ
619 1487 673 1524 ἄρα
693 1489 765 1523 μέγα
779 1496 806 1514 τι
824 1487 920 1523 χρῆμα

137 1533 336 1562 ἐκεῖναιηεῐναι.
355 1535 409 1562 Kal
422 1536 436 1561 ὀ
457 1534 520 1561 Ἰὼϐ
533 1535 583 1561 οὐκ
610 1535 802 1570 ἀπηχρείωσεν
821 1535 918 1567 αὐτὰς,

135 1579 196 1605 οὐδὲ
210 1578 320 1611 ἐξέϐαλε
334 1579 381 1605 τοῦ
396 1578 527 1614 ᾀδομένου
550 1579 740 1614 σεμνώματος.
764 1580 845 1614 ἑτέρᾳ
860 1579 919 1605 Σει-
932 1602 953 1631 C

136 1625 207 1660 ρῆνι,
225 1625 374 1660 μικροφυεῖ
398 1623 508 1659 ξωῖδίῳ,
536 1625 599 1656 τοὺς
623 1624 723 1651 ἑαυτοῦ
750 1624 918 1659 ὲξομοιώσας

135 1669 303 1704 κλαυθμούς.
318 1670 437 1704 Ἤρεσεν
455 1669 621 1705 ἀνθρώποις,
654 1671 780 1705 ὲγκρῖναι
809 1671 850 1702 εἰς
868 1679 917 1704 με-

135 1716 238 1749 λῳδοὺς
253 1716 299 1742 καὶ
313 1716 358 1742 τὸν
373 1717 494 1750 τέττιγα·
510 1717 558 1743 καὶ
573 1716 622 1743 οὐκ
641 1716 769 1749 ἐξέπεσεν
789 1717 805 1752 ή
829 1716 918 1751 ἀηδὼν

133 1762 185 1796 τῆς
204 1762 378 1797 σεμνότητος.
397 1761 493 1795 Ὑμνεῖ
503 1761 570 1788 Θεὸν
590 1762 638 1788 καὶ
654 1762 688 1788 τὰ
704 1762 800 1795 ἄλογα,
813 1762 863 1796 οὐχ
878 1759 919 1793 οἷς

133 1807 207 1834 αὐτὰ
227 1807 373 1841 φωνοῦσιν,
402 1806 460 1833 ἀλλ’
488 1805 528 1838 οἷς
559 1807 663 1833 ἐκεῖνον
691 1807 868 1841 γεραίρουσιν
894 1808 919 1833 oi

133 1852 304 1888 θεωροῦντες
323 1852 404 1883 αὐτὰ,
418 1852 465 1878 καὶ
476 1852 507 1878 τὺ
520 1853 571 1887 τῆς
582 1852 689 1886 φύσεως
709 1852 920 1887 φιλοσοφοῦντες

132 1898 286 1932 εὔκοσμον,
316 1897 407 1923 ὁποῖόν
425 1905 451 1924 τι
475 1897 615 1924 κάνταῦθα
629 1898 716 1924 ἔσται.
748 1898 779 1924 Εἰ
797 1899 851 1933 γὰρ
872 1898 920 1925 τοῦ

131 1944 207 1981 μηδὲ
221 1945 312 1971 δοκεῖν
324 1944 425 1976 λέγειν,
440 1940 481 1974 οἷς
495 1942 630 1978 ἀκόμψως
643 1943 689 1970 τοῦ
705 1943 796 1970 λαλεῖν
810 1944 920 1979 ἔχομεν,

130 1990 316 2026 ἁλισκόμεθα,
337 1988 377 2021 οἷς
393 1989 458 2023 γοῦν
475 1990 489 2016 ό
504 1989 641 2024 ἀκροατὴς
665 1989 735 2025 πρὸς
757 1991 824 2025 ἡμῖν
851 1990 921 2025 ἔχων

126 2039 178 2064 τὸν
196 2037 260 2064 νοῦν
277 2035 492 2070 ὲκπεπλήξεται,
510 2035 550 2061 ὅτι
563 2035 632 2070 πρὸς
644 2035 726 2070 ζῆλον
742 2036 811 2067 ὅλως
831 2035 921 2062 τοιοῦ-

126 2092 178 2111 τον
194 2082 417 2117 δ.εΘηρμήναμεν
436 2080 561 2114 ἑαυτοὺς,
576 2080 615 2116 τῷ
627 2081 763 2116 κρείττονι
777 2081 920 2115 θαυμάσας

128 2129 269 2164 ἀναθήσει
281 2128 310 2154 τὸ
325 2128 421 2155 αιτιον-
435 2127 465 2158 ὃς
477 2127 524 2154 καὶ
537 2127 627 2160 αὐτὸς,
641 2127 689 2162 οὐχ
700 2127 741 2154 ὅτι
755 2127 823 2162 πρὸς
831 2127 921 2160 ἀξίαν,

125 2176 191 2202 ἀλλ’
205 2176 246 2202 ὅτι
266 2174 324 2209 μετ’
340 2172 472 2208 εὐψυχίας
499 2173 636 2207 ὑμνεῖται,
660 2174 722 2205 τοὺς
751 2174 791 2206 εἰς
813 2175 923 2209 εὐχαρι-

126 2224 215 2249 στίαν
227 2218 376 2253 λαλοῦντῂ
391 2220 547 2253 ἀμείὃεται.
562 2220 618 2247 Kal
629 2220 698 2246 οὕτω
711 2221 758 2247 καὶ
773 2221 841 2256 ἡμῖν
854 2221 905 2255 τάχ
911 2229 922 2246 κ

123 2268 192 2294 τινα
213 2268 228 2292 ὸ
242 2266 320 2300 λόγος
336 2267 447 2301 εὑρήσει
460 2265 582 2292 ἔπαινον.

163 2311 202 2346 η’.
223 2311 318 2338 Ταῦτα
336 2312 365 2337 ὲν
380 2310 459 2346 θυμῷ
476 2311 632 2346 βαλόμενος,
646 2312 692 2336 καὶ
705 2309 809 2338 τοιαῦθ’
824 2312 916 2346 ἕτερα,

120 2357 160 2384 δι’
175 2354 218 2383 ὧν
235 2355 386 2391 θαρρητέον
400 2356 462 2387 τοὺς
481 2356 678 2391 ὑστερολόγους
697 2356 744 2382 καὶ
761 2357 919 2388 ταπεινοὺς,

120 2404 158 2430 οὐ
180 2404 257 2430 πάνυ
284 2403 379 2438 πόρρω
406 2402 460 2428 τῶν
485 2402 595 2437 ὑψηλῶς
617 2402 733 2437 λαλῆσαι
758 2402 920 2437 φθασάντων

119 2449 310 2485 ἑατήξεσθαι,
325 2449 349 2474 ει
365 2448 444 2483 μόνον
457 2448 524 2483 πρὸς
538 2448 617 2483 ὀρθὸν
631 2448 760 2482 λογισμὸν
789 2448 919 2483 φθέγξον-

116 2503 184 2526 ται,
216 2493 266 2520 καὶ
293 2492 365 2519 οὕτω
392 2493 566 2524 συσκευάσας
595 2494 635 2524 είς
659 2493 759 2528 θάρσος
788 2494 918 2527 ἐμαυτὸν,

115 2540 252 2575 καθξημι
267 2539 313 2565 τὸν
336 2539 425 2573 λόγον,
442 2536 470 2565 οἳ
487 2539 654 2573 προεθέμην,
680 2540 727 2564 καὶ
751 2538 798 2565 τοῦ
816 2539 919 2565 σκοποῦ

113 2587 256 2621 γίνομαι,
273 2586 323 2619 οὐχ
347 2586 417 2619 ὑπὲρ
443 2586 506 2616 τοὺς
523 2585 619 2616 ἄλλους
644 2584 785 2611 διαθέσθαι
802 2593 829 2611 τι
851 2587 918 2620 atpo-

111 2634 303 2669 voqsaysvo;
329 2631 440 2666 (μανίας
466 2632 520 2667 γὰρ
544 2633 626 2665 ἐγγὺς
653 2632 670 2667 ἠ
699 2631 752 2658 τῶι
780 2631 920 2658 ἀδυνάτων

110 2678 384 2714 κατεπιχείρησις),
407 2678 494 2713 ψυχῆς
511 2679 537 2704 δὲ
555 2678 628 2710 ζέσιν
654 2677 802 2711 ὲκφαίνων,
829 2679 874 2703 καὶ
890 2678 921 2703 τὸ

108 2727 168 2754 τοῦ
183 2727 272 2762 ζήλου
291 2725 413 2756 διακαὲξ,
426 2725 473 2751 καὶ
490 2723 561 2750 οὕτω
576 2723 695 2758 τολμῶν,
714 2724 759 2750 καὶ
774 2724 824 2758 τὴν
840 2723 921 2758 φύσιν

107 2772 285 2810 τυραννῶν,
302 2771 500 2805 εὐλαδέστερον
516 2770 603 2801 ἄλλως
629 2770 664 2796 τά
688 2777 719 2804 γε
736 2768 849 2796 τοιαῦτα
864 2768 922 2795 δια-

108 2821 251 2855 θεμένην
270 2820 304 2846 τὰ
322 2819 382 2845 κατ’
396 2819 456 2852 ἐμέ.

1009 1395 1035 1422 7.
1051 1394 1109 1422 Non
1134 1397 1174 1422 est
1201 1393 1272 1429 quod
1291 1394 1318 1420 in
1341 1393 1457 1428 idipsum
1480 1394 1570 1421 cuncti
1591 1398 1762 1421 cancurrant.

970 1440 1156 1469 Memorantur
1174 1439 1284 1468 Sirenes
1302 1439 1329 1466 in
1353 1439 1450 1474 priscis
1466 1440 1575 1473 scriptis
1597 1446 1764 1474 quaecunque

969 1491 1070 1519 essent,
1086 1486 1147 1513 inde
1175 1493 1301 1520 magnum
1327 1484 1392 1519 quid
1413 1491 1473 1511 esse
1495 1483 1627 1511 videntur.
1642 1483 1698 1510 Nec
1718 1491 1766 1510 eas

969 1532 1019 1559 Job
1031 1532 1190 1566 dedignatus
1200 1534 1253 1564 est,
1268 1537 1317 1558 nec
1329 1538 1344 1557 e
1356 1529 1495 1557 celebrato
1511 1529 1610 1564 repulit
1621 1536 1766 1556 ornamen-

970 1583 1007 1611 to,
1021 1577 1067 1605 alii
1092 1577 1192 1608 Sireni,
1207 1576 1272 1604 exili
1298 1575 1470 1608 animalculo,
1486 1582 1549 1602 suas
1565 1581 1709 1609 exmquans
1725 1574 1762 1600 la-

971 1623 1162 1651 mentationes.
1173 1621 1335 1649 Hominibus
1346 1621 1446 1656 placuit
1460 1621 1531 1648 inter
1546 1620 1665 1648 musicos
1681 1625 1708 1647 et
1725 1620 1764 1647 ci-

969 1669 1064 1697 cadam
1081 1675 1277 1700 annumerare;
1297 1675 1347 1695 nec
1360 1667 1490 1703 dignitate
1515 1666 1615 1693 excidit
1638 1666 1762 1692 luscinia.

971 1715 1025 1743 Deo
1033 1715 1177 1742 concinuut
1186 1718 1213 1742 et
1222 1713 1414 1741 irrationabilia
1425 1720 1477 1740 non
1486 1720 1518 1740 eo
1526 1713 1596 1747 quod
1605 1713 1662 1746 ipsa
1670 1719 1763 1740 vocent

969 1760 1104 1793 emittant,
1117 1760 1163 1787 sed
1177 1760 1247 1794 qttod
1265 1760 1346 1786 Deum
1365 1759 1496 1786 honorent
1510 1759 1554 1793 qui
1571 1758 1615 1784 illa
1630 1758 1765 1784 mirantur

969 1811 996 1834 et
1008 1806 1054 1841 qui
1073 1805 1249 1833 excellentem
1265 1810 1369 1831 natura
1381 1804 1505 1831 ordinem
1527 1804 1614 1838 quatis
1629 1808 1656 1829 et
1676 1803 1713 1830 ibi
1728 1803 1765 1830 sit

970 1852 1115 1880 aestimant.
1129 1851 1250 1885 Namque
1257 1851 1279 1878 si
1295 1849 1360 1876 nihil
1372 1849 1523 1876 dicentibus
1536 1848 1636 1875 similes
1649 1855 1709 1874 cum
1723 1849 1765 1873 iii-

971 1903 1076 1933 compta
1089 1897 1170 1924 verba
1184 1897 1314 1923 habemus
1325 1895 1523 1926 convincimur,
1536 1901 1597 1920 cum
1611 1893 1716 1920 auditor
1731 1895 1763 1919 ad

971 1952 1020 1972 nos
1037 1943 1127 1970 animo
1150 1941 1290 1969 attendens
1301 1941 1420 1974 stupebit
1436 1940 1510 1974 quia,
1528 1944 1601 1966 tanto
1626 1939 1684 1965 uolo
1701 1947 1764 1965 nue-

972 1994 1027 2018 tnet
1043 1989 1114 2023 ipsos
1126 1987 1338 2018 accendet-imus,
1355 1986 1458 2013 meliori
1477 1986 1578 2011 mirans
1593 1984 1701 2018 culpam
1714 1985 1765 2010 im.

973 2034 1093 2070 putabit,
1111 2033 1210 2068 quippe
1223 2032 1268 2067 qui
1285 2040 1338 2059 non
1353 2030 1424 2066 quod
1437 2031 1514 2064 juxta
1531 2030 1702 2064 dignitatem,
1715 2030 1763 2057 sed

973 2080 1043 2116 quod
1057 2081 1127 2108 bono
1141 2080 1232 2106 animo
1248 2078 1302 2105 Deo
1317 2077 1461 2108 benedicit,
1476 2077 1502 2103 in
1517 2077 1663 2111 gratiarum
1679 2076 1763 2103 actio.

974 2134 1034 2154 nem
1060 2125 1238 2161 psallentibus
1265 2123 1418 2158 respondet.
1443 2123 1482 2150 lta
1509 2127 1535 2149 ct
1562 2126 1652 2149 noster
1676 2129 1764 2149 sermo

975 2171 1091 2206 aliquam
1109 2171 1330 2206 approbationem
1349 2169 1481 2203 inveniet.

1008 2314 1035 2341 8.
1053 2313 1114 2340 [hac
1128 2313 1154 2340 in
1167 2318 1275 2346 pectore
1284 2311 1427 2338 volvenset
1437 2310 1648 2345 alialhujusutodi
1665 2310 1763 2345 quibus

973 2359 1104 2387 modestis
1127 2363 1153 2386 et
1171 2357 1317 2384 humilibus
1333 2356 1439 2384 animus
1453 2361 1495 2383 est
1518 2356 1693 2390 injiciendus,
1709 2363 1763 2383 non

974 2407 1084 2433 omnino
1095 2405 1171 2439 longe
1184 2413 1196 2430 a
1212 2403 1396 2439 grandiloquis
1408 2403 1545 2438 ponendos
1558 2409 1628 2435 esse,
1641 2402 1764 2429 dummo-

975 2452 1008 2478 do
1021 2457 1094 2479 recto
1107 2451 1248 2478 ratiocinio
1261 2450 1414 2484 loquantur,
1426 2449 1464 2475 sic
1478 2448 1568 2476 animo
1579 2448 1641 2475 forti
1654 2453 1764 2483 paratus

975 2504 1126 2524 sermone."
1144 2496 1247 2527 emitto,
1262 2499 1338 2528 prout
1351 2494 1489 2528 proposui,
1506 2499 1533 2521 et
1548 2495 1580 2521 ad
1601 2494 1762 2522 destinatum

973 2542 1112 2577 pervenio,
1129 2548 1180 2568 n'on
1189 2541 1249 2567 aliis
1261 2540 1356 2567 altiora
1367 2541 1552 2576 expositurum
1566 2548 1608 2568 me
1626 2539 1764 2568 conﬁdens

973 2589 1037 2624 (non
1055 2587 1146 2623 proud
1164 2587 1235 2614 enim
1253 2587 1285 2614 ab
1302 2587 1404 2614 insania
1423 2587 1499 2614 abest
1528 2586 1705 2622 impossibilia
1721 2587 1762 2613 vi—

975 2636 1048 2662 rilms
1061 2634 1191 2669 aggredi),
1203 2635 1297 2660 anima-
1311 2641 1372 2661 tero
1384 2639 1479 2661 :estum
1491 2634 1596 2669 zclique
1607 2632 1761 2660 inceu-Jium

974 2682 1145 2716 depromuns,
1162 2681 1254 2715 sicque
1269 2682 1396 2708 audacter
1424 2687 1545 2708 naturam
1562 2683 1683 2710 domans,
1700 2678 1763 2704 reli-

977 2729 1086 2763 giosiori
1102 2729 1277 2757 nihilominus
1293 2729 1325 2757 de
1342 2719 1437 2756 talibus
1461 2728 1568 2763 ingenio
1586 2725 1658 2760 quod
1677 2724 1702 2751 in
1717 2731 1760 2750 me

976 2779 1016 2802 cst
1027 2775 1186 2802 accinctum.
