1949 3083
195 107 248 144 175

529 111 737 142 EUSTATIIII
757 109 1129 141 THESSALONICENSIS
1152 107 1431 138 METROPOLlT/E

1751 103 1803 136 176

226 166 253 194 9.
268 166 360 201 Itaque
373 170 437 201 quot
453 166 581 195 miracula
595 171 699 202 martyr
712 167 804 194 iecerit
817 167 971 200 singulatim

1059 167 1092 193 θ’.
1115 165 1309 201 Περιηγεῖσθαι
1330 165 1379 199 μὲν
1401 163 1459 196 οὖν,
1486 162 1535 190 ὅσα
1562 162 1708 196 θαυμαστὰ
1736 162 1805 197 πρὸς

193 219 331 245 enarrare,
346 212 416 240 idem
440 218 512 240 esset
537 220 568 240 ac
579 212 601 240 si
627 213 688 247 quis
714 217 812 239 terram
840 213 974 239 aurariam

193 257 331 286 dilaudare
347 258 449 290 volens,
467 265 519 285 non
539 265 571 285 ex
589 264 621 285 eo
636 257 705 292 quod
721 264 787 285 auro
806 262 860 285 tota
878 262 932 284 tum
949 258 975 285 in

192 302 345 337 superﬁcie,
364 307 418 329 tum
439 302 465 329 in
482 302 542 329 imis
557 302 684 334 abundet.
699 302 812 334 extollit,
831 302 877 330 sed
892 302 978 337 pugil.

192 347 232 375 los
245 347 345 375 metalli
356 349 534 382 prehendens,
547 354 579 375 ex
593 347 634 374 his
647 347 700 374 alta
713 356 777 375 voce
792 347 871 376 infert
886 348 977 376 multis

135 416 138 419 .
193 393 294 421 divitiis
310 392 514 420 redundantem.
527 392 576 419 Hic
593 399 659 427 opus
671 397 711 420 est
725 400 778 421 non
799 394 848 426 sic,
863 394 909 421 sed
926 394 975 421 ho-

164 439 178 452 ἰ
194 438 304 466 norilice
324 442 448 470 tractare,
465 437 624 465 auril‘odina:
653 445 733 472 opera
748 438 910 473 quibuslibet
930 446 973 466 re-

173 486 177 488 ‘
195 483 361 517 linquentes;
383 487 409 509 et
428 482 492 510 inibi
517 483 643 517 martyris
669 487 727 510 aeta
744 491 796 510 non
822 491 869 518 per
885 490 976 518 partes

191 528 294 560 mirari,
308 529 355 555 sed
369 527 472 555 discere
483 527 557 562 quasi
569 535 616 562 per
626 527 748 563 figuram,
760 534 823 563 quot
839 534 865 556 et
876 534 974 564 quantm

190 573 295 606 operari
311 573 379 600 valet
395 573 527 608 prodigia,
542 574 609 601 nolle
634 581 697 600 vero
712 575 744 601 de
760 575 874 609 singulis
903 575 977 603 insu-

191 618 265 649 dare,
283 618 432 651 praesertim
461 618 493 645 de
518 618 558 645 his
585 618 617 644 ad
643 626 701 653 qua:
725 619 857 653 prioribus
880 620 923 646 alii
949 625 974 647 et

189 662 347 690 melioribus
354 664 525 691 sermonibus
533 664 721 691 incubuerunt.
730 663 883 691 Cavendum
892 665 974 696 enim,

191 716 223 735 ne
243 713 288 735 aut
312 709 492 742 disputatione
511 710 658 744 gaudentes
677 717 833 744 arguamur,
854 711 875 737 si
894 711 972 745 quasi

191 755 322 781 adversus
337 754 438 781 hostem
453 755 570 789 priorem
588 755 712 783 incedere
729 760 774 782 aut
791 763 935 790 arguamur
952 758 975 785 si

188 798 322 827 incertum
337 799 398 832 quia
417 806 470 826 non
491 798 570 826 facile
585 804 637 830 est.
655 807 794 828 sermones
812 801 976 829 aediﬁcamus

1027 211 1157 243 ἑκάστους
1168 212 1182 237 ὁ
1197 212 1304 245 μάρτυς
1316 210 1474 246 ἐργάζεται,
1488 208 1536 236 καὶ
1552 209 1592 240 είς
1610 207 1727 244 ἀριθμοῦ
1741 217 1806 242 κερ-

1028 258 1152 292 ματίζειν
1167 257 1330 291 λεπτότητα,
1349 257 1451 291 ὅμοιον,
1463 256 1501 286 ὡς
1516 255 1540 281 εἰ
1555 255 1601 281 καὶ
1615 254 1668 288 γῆν
1683 255 1806 288 χρυσῖτιν

1026 303 1218 338 χρηστολογεῖν
1233 302 1412 337 προθέμενος,
1436 301 1487 328 οὐκ
1509 301 1539 331 ἐξ
1554 299 1636 327 αὑτοῦ
1651 299 1698 326 τοῦ
1717 300 1808 325 πᾶσαν

1026 349 1058 374 ἐκ
1087 348 1140 375 τῶν
1163 348 1294 381 ὲπιπολῆς
1322 348 1370 373 καὶ
1394 348 1433 378 είς
1458 346 1539 382 βάθος
1568 344 1661 380 χρυσῷ
1681 346 1807 380 εὑφορεῖν

1027 392 1155 428 σεμνύνει
1174 401 1226 424 τις,
1242 392 1309 419 ἀλλὰ
1326 392 1431 426 δράκας
1443 390 1520 422 τινὰς
1538 390 1585 417 τοῦ
1603 389 1734 424 μετάλλου
1750 397 1808 424 χει·

1029 438 1180 474 ριζόμενος,
1205 437 1234 469 ἐξ
1254 437 1342 464 αὐτῶν
1359 436 1492 472 ὑψηγορεῖ
1506 435 1554 470 τὴν
1577 435 1673 461 πολλοῦ
1691 434 1807 460 πλούτου

1027 483 1176 518 γέμουσαν.
1194 483 1247 508 Καὶ
1264 483 1322 509 ἐκεῖ
1344 482 1398 516 γὰρ
1428 481 1526 516 χρεὼν,
1549 480 1587 515 μὴ
1612 480 1683 506 οὕτω
1708 481 1807 511 ποιεῖν,

1027 529 1085 555 ἀλλ’
1099 529 1164 555 αὐτὸ
1176 529 1206 554 τὸ
1226 529 1342 563 πρᾶγμα
1363 527 1546 561 σεμνολογείν,
1566 526 1679 559 ἀφιέντα
1694 526 1744 560 τὴν
1759 534 1808 559 με·

1027 544 1076 555 υιΛΛ
1099 544 1164 555 utqu
1182 544 1206 554 »υ
1228 544 1342 563 "flung-tn.
1363 544 1546 561 υςμνυλυιιιι,
1566 544 1679 559 κγιςνυιι
1699 544 1743 560 ..μ
1759 544 1806 559 ...σε

1027 575 1157 609 ταλλικὴν
1177 574 1351 609 χειρουργίαν
1365 574 1420 603 τοῖς
1435 573 1553 599 θέλουσι·
1567 572 1614 598 καὶ
1632 571 1748 598 ἑνταῦθα
1760 571 1788 597 δὲ
1799 544 1824 619 ,ξ

1027 621 1061 647 τὰ
1075 620 1121 646 τοῦ
1134 620 1271 655 μάρτυρος
1287 619 1323 654 μὴ
1334 620 1390 650 τοῖς
1404 619 1436 644 ὲκ
1448 618 1548 653 μέρους
1562 617 1725 651 θαυμάζειν,
1740 616 1821 653 ἁλλὰξ

1026 666 1160 693 διδάσκειν
1176 667 1224 700 μὲν
1252 665 1346 699 ὥσπερ
1368 665 1428 690 κατ’
1445 663 1526 696 εἶδος,
1554 664 1604 690 ὅσα
1628 663 1734 697 μεγάλα
1761 656 1820 688 καὶ¹

1026 711 1070 738 οἵα
1083 713 1278 747 τερατουργεῖν
1297 712 1420 743 δύναται,
1449 711 1486 746 μὴ
1509 710 1611 736 ἐθέλειν
1624 711 1652 736 δὲ
1668 703 1819 736 πονεῖσθαι

1027 758 1092 791 περὶ
1107 758 1141 783 τὰ
1161 757 1221 783 καθ’
1237 757 1352 790 ἕκαστα,
1366 757 1412 783 καὶ
1426 753 1582 791 μάλισθόἷς
1595 755 1684 790 ἕτεροι
1696 756 1808 781 Emam-

1027 803 1113 834 τικῶς
1143 804 1189 829 τὴν
1210 803 1290 836 λόγον
1315 802 1552 837 ἑναπησχόλησαν.
1579 801 1731 828 Φυλακτέον
1754 801 1807 834 γὰρ

188 851 224 871 ue
239 851 321 877 super
335 844 509 872 fundamenta
524 845 609 872 aliena
625 853 764 874 sermones
779 847 957 875 stabiliamus.

1029 849 1117 876 ταῦτά
1129 857 1170 883 γε,
1187 850 1284 884 μήπως
1301 849 1317 883 ἢ
1335 848 1373 883 τῷ
1387 848 1476 883 φίλερι
1492 847 1678 882 ὲγκληθῶμεν,
1695 847 1732 878 ὡς
1744 848 1808 873 ἀντ-

190 891 373 925 επεξαγεσθαι
401 892 458 923 τοῖς
491 892 702 927 προῖστορηκόσι
731 893 965 929 φιλοτιμούμενοι,
982 895 998 930 ἢ
1014 896 1044 922 τὺ
1059 896 1172 930 ἄπορον,
1188 896 1225 927 ὡς
1242 895 1290 930 μὴ
1304 895 1416 931 εὐχερὲς
1448 895 1488 928 ὃν,
1516 894 1612 928 λόγους
1646 893 1806 928 οἰκοδομεῖν⁹

190 937 214 963 εί
230 937 268 972 μὴ
284 937 329 963 ἐπὶ
353 937 487 972 θεμελίοις
504 938 618 970 ὀθνείοις
637 939 903 975 προῦποτιθεμένοις
919 941 1020 973 αὐτοὺς
1034 942 1195 976 ἐδράζομεν.

225 982 270 1010 10.
284 981 430 1011 Confestim
446 988 472 1011 et
484 985 610 1020 martyris
622 986 748 1012 continua
766 988 894 1021 unguenti
909 987 976 1014 etfu-

191 1030 232 1057 sio
245 1036 368 1064 magnam
381 1037 435 1064 pra:
446 1029 505 1057 aliis
516 1034 542 1058 et
553 1030 578 1057 in
590 1031 714 1058 omnibus
726 1031 814 1059 ciebat
827 1036 975 1066 stuporem,

191 1081 218 1103 et
231 1076 370 1103 thesauros
388 1075 580 1110 cogitationum
597 1077 768 1104 inveniebant
784 1082 915 1110 oratores,
928 1086 976 1106 au-

192 1121 322 1149 ditoribus
341 1121 478 1154 studiosis,
497 1122 564 1150 scite
583 1127 758 1156 exponentes.
777 1122 830 1150 Nec
847 1128 888 1151 est
904 1125 976 1158 quod

191 1167 332 1202 quisquam
347 1175 363 1196 e
377 1168 455 1196 nobis
473 1168 577 1195 fructus
594 1168 733 1196 uberiores
749 1169 895 1204 percipiat,
910 1170 976 1198 licet

190 1211 234 1239 diu
257 1212 284 1239 in
305 1212 396 1239 labore
412 1212 589 1240 insudaverit.
613 1212 699 1240 Simili
718 1213 798 1241 modo
822 1215 867 1249 qui
884 1214 974 1242 divina

189 1259 297 1292 sapiunt
308 1263 336 1286 et
349 1259 382 1286 de
395 1258 504 1293 reliquis
516 1258 624 1286 victoris
637 1259 766 1295 prodigiis
778 1259 973 1294 disseruerunt,

189 1309 247 1332 arte
262 1304 363 1339 optima
382 1304 473 1332 laudes
489 1304 673 1339 celebrantes;
692 1306 763 1333 unde
775 1307 820 1341 qui
839 1311 912 1334 recte
931 1311 977 1334 eo-

189 1350 275 1384 gitant
297 1350 436 1384 ignoscent
460 1350 592 1381 benevoli.
610 1350 632 1377 si
652 1351 873 1385 supervenientes
907 1359 975 1380 nova

191 1395 262 1422 nulla
294 1395 455 1430 reperimus.
485 1395 532 1423 sed
556 1396 617 1423 aliis
641 1403 758 1424 consona
786 1396 926 1431 loquamur
949 1402 976 1424 et

191 1444 264 1467 retro
280 1444 339 1474 post
353 1440 420 1467 alios
434 1445 574 1468 currentes
593 1448 687 1468 eorum
713 1445 743 1468 ut
768 1443 888 1478 vestigiis
911 1443 976 1470 insi-

191 1489 307 1513 stamus.
319 1484 376 1513 Non
392 1485 576 1515 enimlfurtum
594 1493 647 1519 res,
665 1494 714 1514 nec
728 1491 769 1514 est
785 1488 855 1522 quod
871 1488 904 1515 ab
916 1488 976 1516 aliis
988 1505 1011 1536 ο

191 1531 383 1566 subripiamus,
400 1531 446 1559 sed
467 1531 603 1565 fortuitus,
621 1533 765 1567 ut0pinor,
781 1533 974 1568 cogitationum

189 1585 348 1605 concursus.
362 1576 548 1611 Philosophice
561 1577 631 1605 enim
645 1578 816 1614 cogitandum
825 1578 895 1613 quod
905 1585 976 1613 saepe

191 1631 206 1651 a
224 1623 339 1651 diversis
355 1623 425 1651 idem
448 1631 544 1651 sensus
569 1628 687 1657 emanat,
704 1629 731 1651 et
747 1625 807 1659 quis
830 1630 974 1659 antequam

189 1668 288 1696 diluvio
313 1668 491 1696 iuundaretur
517 1669 579 1703 (sic
606 1669 678 1696 enim
706 1670 876 1697 slatuendum
904 1670 974 1704 est)

189 1719 272 1741 artem
287 1714 404 1749 aliquam
430 1714 578 1742 adinvenit.
593 1714 658 1743 Tale
672 1716 741 1750 quod
754 1714 781 1742 in
798 1722 844 1743 eos
856 1715 973 1750 quicum

189 1761 244 1789 Noe
259 1765 336 1788 erant
347 1762 517 1796 penetrabat,
531 1762 556 1788 in
574 1769 666 1789 eorum
685 1762 765 1789 corda
780 1766 807 1788 et
821 1761 932 1789 intravit
946 1766 975 1790 et

190 1807 311 1835 intrabit.
327 1807 409 1842 Igitur
423 1808 467 1842 qui
481 1809 652 1835 sermonesin
666 1809 791 1843 martyris
808 1813 971 1842 unguentum

189 1854 246 1880 sive
259 1853 390 1888 reliquum
405 1853 586 1888 prodigiorum
602 1860 675 1880 mare
693 1858 816 1888 mergunt
833 1853 899 1881 nihil
911 1853 974 1881 novi

190 1899 376 1933 perfecissent,
392 1899 441 1927 nisi
460 1901 532 1927 sicut
550 1900 595 1935 qui
622 1907 716 1927 manus
733 1900 765 1927 ad
784 1900 871 1927 locum
890 1908 972 1928 llllllm

185 1945 304 1981 jungunt
319 1946 545 1980 appropinquanti,
562 1946 601 1973 sic
619 1951 645 1973 ct
663 1945 698 1973 illi
715 1946 839 1973 manibus
853 1946 974 1973 scriben-

191 1997 230 2019 tes
247 1992 273 2019 in
289 2000 371 2019 unum
388 1993 555 2023 incumbant,
573 1991 617 2018 alii
637 1992 751 2020 aliorum
766 1993 973 2028 cogitationibus

189 2039 328 2072 propiores
356 2039 430 2066 facti.

1065 991 1092 1016 t'.
1106 987 1210 1015 Αὐτίκα
1225 987 1273 1014 καὶ
1287 988 1303 1023 ἠ
1317 986 1363 1014 τοῦ
1375 986 1519 1021 άειὸρύτου
1540 984 1706 1020 μαρτυρικοῦ
1721 984 1806 1019 μύρου

1029 1035 1161 1069 πρόχυσις
1190 1034 1292 1070 μυρίαν
1319 1034 1373 1068 πρὸ
1392 1033 1446 1060 τῶν
1475 1033 1562 1060 ἄλλων
1587 1032 1742 1066 ἐπηγάγετο
1760 1031 1807 1057 καῖ

1029 1081 1098 1116 πρὸς
1114 1081 1240 1107 ἁπάντων
1255 1079 1303 1115 τὴν
1319 1079 1460 1115 ἔκπληξιν,
1477 1079 1524 1105 καὶ
1540 1078 1693 1113 θησαυροὺς
1709 1077 1809 1111 νοημά-

1028 1135 1083 1154 των
1105 1126 1215 1163 ἐξεῦρον
1234 1127 1260 1153 οι
1277 1126 1505 1162 ῥητορεύσαντες,
1530 1126 1586 1156 τοῖς
1610 1123 1808 1158 φιλακροάμοσι

1027 1172 1196 1207 τεχνηέντως
1221 1173 1286 1200 αὐτὸ
1312 1172 1568 1206 διασκευασάμενοι.
1598 1171 1650 1197 Καὶ
1673 1170 1723 1196 οὐκ
1749 1169 1807 1195 ἐστι

1027 1218 1081 1245 τῶν
1096 1219 1157 1245 καθ’
1173 1219 1246 1253 ἡμᾶς
1260 1227 1320 1244 τινα
1337 1216 1561 1252 προσευπορῆσαι
1578 1215 1700 1246 κάλλιον,
1720 1215 1744 1240 ει
1760 1214 1806 1239 καὶ

1030 1264 1125 1299 μακρὰ
1139 1263 1277 1298 ὲνιδρώσει
1292 1263 1330 1298 τῷ
1346 1263 1493 1298 πονήματι.
1506 1262 1557 1288 Τδν
1567 1261 1659 1296 ὅμοιον
1671 1260 1698 1286 δὲ
1708 1260 1809 1294 τρόπον

1025 1311 1097 1337 οίτὰ
1114 1310 1173 1336 θεῖα
1201 1310 1279 1344 σοφοὶ
1307 1310 1354 1336 καὶ
1382 1310 1437 1339 τοῖς
1461 1308 1564 1338 λοιποῖς
1590 1306 1736 1341 ἐπεξῆλθον
1760 1304 1806 1330 τοῦ

1025 1355 1173 1390 ἀθλοφόρου
1195 1354 1339 1389 θαύμασιν,
1368 1351 1397 1380 εὖ
1423 1353 1495 1388 μάλα
1512 1352 1755 1388 τεχνολογήσαντες
1772 1351 1805 1377 τὰ

1026 1401 1163 1436 ἐγκώμια·
1183 1400 1245 1427 ὅθεν
1269 1402 1293 1426 οἱ
1320 1400 1387 1434 ὀρθὰ
1403 1399 1563 1435 φρονοῦντες
1590 1397 1806 1433 συγγνώσονται,

1026 1447 1104 1481 ειπερ
1116 1446 1224 1480 ὕστεροι
1239 1445 1427 1476 διεκπεσόντες
1442 1447 1532 1480 ἡμεῖς,
1550 1445 1589 1480 μὴ
1601 1444 1683 1471 καινὰ
1692 1442 1808 1478 προσεξ-

1028 1493 1166 1527 εὗρωμεν.
1184 1492 1253 1519 ἀλλά
1277 1500 1328 1518 που
1346 1493 1391 1518 καὶ
1407 1492 1542 1526 σύμφωνα
1555 1492 1610 1522 τοῖς
1625 1490 1715 1521 ἄλλοις
1728 1490 1807 1524 λαλή-

1028 1545 1121 1571 σομεν,
1135 1538 1182 1565 καὶ⁸
1196 1537 1309 1564 κατόπιν
1324 1538 1429 1569 θέοντες
1443 1538 1543 1572 ἑτέρων
1557 1537 1630 1563 ἐστιν
1642 1537 1709 1563 ὅπου
1721 1536 1806 1571 ἴχνεσι

1027 1583 1250 1619 συμπεσούμεθα.
1266 1582 1305 1610 Οὐ
1318 1584 1371 1619 γὰρ
1386 1584 1472 1619 κλοπὴ
1486 1584 1516 1610 τὸ
1528 1584 1654 1618 πρᾶγμα,
1667 1584 1721 1610 οὐδ’
1733 1583 1808 1609 ἐστιν

1027 1629 1175 1664 ἀλλοτρίων
1191 1629 1458 1665 παρανοσφίσασθαι,
1484 1629 1542 1656 ἀλλ’
1558 1630 1710 1664 αὐτόματος
1730 1628 1806 1663 οἶμαι

1027 1676 1168 1710 νοημάτων
1188 1676 1388 1711 συνέμπτωσις.
1406 1676 1549 1710 Λογιστέον
1576 1676 1631 1711 γὰρ
1655 1675 1806 1709 φιλοσοφώ-

1026 1729 1114 1754 τερον,
1139 1721 1177 1753 ὡς
1204 1722 1235 1748 τὸ
1265 1722 1330 1748 αὺτδ
1355 1721 1445 1756 νόημα
1465 1722 1594 1753 πολλάκις
1609 1721 1649 1752 είς
1661 1721 1807 1756 διαφόρους

1026 1766 1099 1793 ἔστιν
1115 1767 1248 1798 ἀνελθεῖν.
1263 1768 1308 1794 καί
1326 1776 1377 1799 τις,
1395 1768 1461 1802 πρὶν
1481 1767 1497 1802 ἢ
1519 1767 1740 1802 κατακλυσθῆναι
1756 1767 1806 1801 τὴν

1025 1814 1077 1847 γῆν
1093 1812 1194 1847 (θετέον
1217 1813 1271 1848 γὰρ
1284 1813 1383 1847 οὕτω),
1401 1814 1540 1848 ὲλογίσατό
1558 1823 1583 1840 τι
1611 1813 1701 1847 σοφόν.
1730 1813 1765 1838 Τὸ
1779 1813 1808 1839 δὲ

1025 1857 1069 1894 ἦν,
1089 1859 1178 1885 ὁποῖον
1206 1860 1252 1885 καὶ
1277 1860 1316 1890 είς
1331 1859 1394 1892 τοὺς
1412 1860 1479 1894 μετᾶ
1491 1860 1536 1886 τὸν
1560 1859 1622 1886 Νῶε
1644 1859 1807 1886 καταϐαῖνον

1025 1906 1065 1936 εἰς
1076 1905 1126 1937 τὰς
1146 1905 1258 1932 ἐκείνων
1284 1906 1397 1941 καρδίας
1413 1906 1458 1932 καὶ
1474 1906 1555 1939 ἀνέϐη
1572 1907 1618 1932 καὶ
1631 1905 1806 1940 ἀναὸήσεται.

1026 1951 1080 1978 Καὶ
1100 1950 1190 1977 τοίνυν
1210 1951 1257 1977 καὶ
1279 1951 1303 1977 οί
1325 1952 1388 1981 τοὺς
1402 1951 1496 1984 λόγους
1521 1952 1560 1982 είς
1580 1951 1610 1976 τὺ
1625 1951 1671 1977 τοῦ
1702 1951 1809 1985 μάρτυ-

1027 1995 1097 2031 ροςῆ
1112 1995 1206 2031 μύρον,
1228 1996 1244 2031 ἢ
1259 1997 1309 2031 τὴν
1322 1996 1417 2031 λοιπὴν
1431 1996 1484 2023 τῶν
1499 1996 1646 2031 θαυμάτων
1669 1996 1809 2023 θάλασσαν

1025 2041 1183 2075 βάπτοντες,
1203 2043 1253 2070 οὐκ
1276 2043 1309 2069 ἂν
1324 2045 1547 2077 καινοπραγοῖεν,
1570 2043 1628 2074 ἐὰν,
1644 2043 1768 2076 καθάπερ
1782 2043 1807 2069 οἱ

189 2086 238 2116 τὰς
258 2087 352 2120 χεῖρας
367 2087 407 2117 εις
423 2087 504 2113 τόπον
523 2087 571 2113 ἕνα
588 2087 789 2121 συμϐάλλοντες
807 2088 971 2121 ἐγγίζουσιν,
988 2088 1058 2116 οὕτω
1083 2092 1129 2118 καὶ
1155 2091 1232 2118 αὐτοὶ
1260 2093 1504 2127 χειρογραφοῦντες
1533 2092 1572 2123 εἰς
1600 2091 1629 2117 ἒν
1654 2092 1807 2122 ἅπτωνται,

190 2129 244 2158 οἷον
257 2132 380 2166 ἀλλήλων
394 2133 448 2164 τοῖς
460 2133 576 2167 νοήμασι
596 2132 799 2167 πλησιάζοντες.

224 2177 268 2203 Η.
282 2176 345 2203 Mihi
364 2184 439 2210 ergo,
456 2177 501 2211 qui
529 2184 681 2204 sermonem
710 2176 743 2203 de
767 2179 894 2213 martyris
911 2186 974 2212 ope-

1064 2177 1222 2212 ια¹.”Εμοιγ’
1232 2179 1288 2211 οὖν,
1299 2179 1378 2213 λόγον
1391 2180 1440 2214 μέν
1448 2189 1507 2206 τινα
1520 2180 1564 2206 ἐπὶ
1576 2181 1631 2212 τοῖς
1640 2181 1687 2206 τοῦ
1706 2181 1810 2215 μάρτυ-

189 2223 265 2250 ribus
274 2229 370 2249 novum
379 2227 407 2250 et
418 2222 580 2257 exquisitum
593 2229 750 2256 comparare
764 2228 877 2250 conatus
888 2232 971 2255 cram,

188 2267 313 2302 gloriatio
325 2272 384 2295 erat
399 2267 652 2307 quaerccenlioris
668 2267 731 2295 dicti
759 2266 931 2300 inventionis,
947 2273 975 2296 et

189 2313 359 2348 contingebat
374 2317 403 2340 ut
415 2314 558 2348 gauderem
574 2313 636 2348 quia
651 2313 749 2341 anima:
763 2321 871 2349 campus
882 2314 973 2349 spicas

188 2359 356 2394 germinabat
370 2367 421 2386 non
439 2359 657 2386 contemnendas.
673 2359 836 2386 lncidenlem
852 2367 914 2386 vero
929 2367 973 2387 me

188 2405 215 2431 in
228 2404 317 2439 aliqua
330 2404 424 2432 cadent
446 2411 505 2438 qua:
520 2404 702 2438 praecellenter
717 2404 886 2438 scripserunt
914 2405 972 2437 alii,

188 2459 238 2479 nec
252 2452 316 2479 illud
328 2452 405 2488 longe
418 2452 599 2487 agloriatione
612 2452 778 2479 convenienti
795 2452 896 2486 rejicit;
910 2453 971 2487 quia

187 2505 214 2525 et
222 2499 278 2533 ipse
288 2498 485 2526 sermocinandi
499 2503 609 2525 ornatus
620 2505 681 2526 sum
693 2498 805 2530 honore,
814 2498 883 2525 sicut
896 2503 972 2525 ante-

187 2552 310 2572 cessares
335 2543 440 2575 diserti.
458 2549 485 2571 et
511 2544 640 2571 orationis
664 2544 790 2578 scapham
810 2544 834 2570 in
859 2543 970 2571 eosdem

187 2598 280 2618 amnes
296 2595 398 2623 tenens,
414 2590 507 2618 eodem
526 2590 580 2616 fere
609 2590 717 2617 tramite
731 2589 864 2623 navigavi.

224 2681 267 2708 t2.
286 2679 331 2708 Sic
346 2688 409 2715 ergo
423 2681 455 2707 ad
467 2681 564 2707 bonum
576 2681 741 2708 conﬁrmato
755 2681 844 2708 animo
855 2688 927 2713 meo,
944 2685 971 2707 et

189 2727 293 2754 fortiter
304 2733 404 2757 erecto,
413 2727 437 2753 in
450 2727 541 2760 primis
550 2728 676 2755 examino
684 2728 693 2763 (
702 2727 768 2754 ratio
775 2727 844 2754 enim
853 2727 936 2762 exigit
945 2732 973 2754 ut

189 2773 233 2807 qui
243 2773 414 2807 delititprius
424 2773 556 2801 defectum
571 2778 699 2807 quantum
715 2779 801 2807 potest
816 2773 931 2807 deponat
947 2778 973 2800 et

188 2826 220 2845 ex
238 2819 332 2847 ordine
347 2824 443 2846 tractet
459 2821 487 2854 );
505 2827 556 2854 qua
576 2820 601 2846 lit
619 2824 646 2846 ut
660 2824 697 2846 tot
710 2824 734 2846 et
751 2819 831 2845 tumis
851 2827 898 2853 pro
917 2818 970 2846 lico

1028 2231 1071 2258 ρος
1087 2225 1182 2258 νεαρὸν
1197 2225 1242 2251 καὶ
1257 2225 1411 2260 πρόσφατον
1421 2227 1460 2257 εὶς
1469 2226 1608 2262 ἐξεύρημα
1620 2229 1810 2262 κατεργασμέ-

1025 2277 1073 2304 νῳ,
1101 2269 1229 2305 καύχημα
1257 2270 1287 2297 τὺ
1319 2273 1435 2307 πρᾶγμα
1451 2269 1485 2307 ἦν
1514 2272 1556 2305 ἂν,
1583 2272 1621 2303 ὡς
1649 2274 1807 2308 καινοτέρου

1024 2315 1197 2350 ἀκούσματος
1221 2316 1331 2353 εὑρεθῇ,
1362 2318 1409 2344 καὶ
1424 2318 1558 2353 ἐπήρχετο
1572 2319 1606 2345 ἂν
1621 2318 1737 2354 χαίρειν,
1765 2319 1806 2346 ὅτι

1025 2369 1071 2395 μοι
1087 2361 1117 2387 τὸ
1129 2361 1177 2396 τῆς
1187 2362 1276 2397 ψυχῆς
1291 2363 1366 2398 λήϊον
1377 2364 1514 2398 ἀστάχυας
1528 2364 1590 2398 φύει
1606 2365 1656 2392 οὐκ
1672 2366 1806 2398 ἀγεννεῖς,

1026 2406 1086 2432 οὐδὲ
1112 2407 1184 2439 οἴους
1208 2408 1423 2444 ἑξαθιρίζεσθαι.
1440 2411 1642 2446 Συνεμπεσόντι
1667 2412 1694 2437 δὲ
1722 2420 1805 2444 τισιν,

1024 2448 1061 2478 ὧν
1073 2452 1310 2489 ἐκαλλιγράφησαν
1321 2456 1419 2490 ἕτεροι,
1432 2455 1492 2482 οὐδὲ
1505 2457 1582 2482 τοῦτο
1593 2457 1645 2489 ἔξω
1662 2457 1695 2483 ἂν
1711 2456 1806 2484 πίπτοι

1024 2497 1070 2523 τοῦ
1083 2498 1195 2530 δεόντως
1208 2500 1311 2534 αὐχεῖν,
1339 2501 1380 2527 ὅτι
1395 2502 1442 2527 καὶ
1457 2502 1538 2532 αὐτὸς
1562 2501 1680 2537 ἠξὶωμαι
1694 2502 1806 2536 λογίσα-

1025 2543 1097 2576 σθαι,
1113 2545 1162 2571 ὅσα
1181 2546 1228 2572 καὶ
1244 2547 1268 2573 οί
1287 2547 1440 2581 φθάσαντες
1451 2547 1544 2581 λόγιοι,
1563 2549 1611 2575 καὶ
1622 2549 1652 2574 τὸ
1665 2548 1711 2575 τοῦ
1724 2549 1804 2582 λόγου

1026 2589 1130 2624 σκάφος
1141 2592 1180 2624 εις
1197 2591 1242 2619 τὸν
1260 2592 1340 2618 αὑτὸν
1355 2593 1470 2625 ἐκείνοις
1492 2593 1555 2628 ῥοῦν
1571 2594 1685 2628 ἐπαφεὶς
1709 2594 1806 2629 Ετεμόν

1026 2642 1077 2661 που
1096 2637 1144 2663 καὶ
1161 2637 1210 2670 τὴν
1225 2639 1310 2673 αὐτὴν
1327 2640 1397 2666 κατά
1409 2648 1469 2666 τινα
1487 2640 1650 2675 συνδρομήν.

1062 2682 1105 2719 ιβ’.
1119 2683 1197 2718 Οὕτω
1213 2683 1278 2716 γοῦν
1293 2685 1410 2718 ἐμαυτὸν
1423 2687 1595 2720 καταστήσας
1606 2687 1634 2713 ἐν
1651 2685 1726 2720 καλῷ
1742 2686 1806 2712 κάν-

1026 2730 1123 2761 ταῦθα,
1139 2729 1186 2755 καὶ
1201 2729 1231 2756 τὸ
1242 2729 1359 2764 -θαρρεῖν
1373 2730 1463 2764 λέγειν
1477 2732 1628 2763 ἀναλαὸὼν,
1645 2733 1673 2758 ὲν
1688 2732 1805 2768 πρώτοις

1028 2774 1190 2807 conveniunt
1207 2774 1271 2809 (χρὴ
1284 2775 1336 2808 γὰρ
1350 2775 1467 2809 ἑλλόγως
1474 2776 1649 2811 ἀπορήσαντα
1662 2776 1804 2811 πρότερον,

1026 2820 1071 2845 καὶ
1091 2820 1139 2853 τὴν
1155 2820 1279 2854 ἀπορίαν,
1311 2820 1364 2855 ὅπη
1383 2820 1510 2854 δυνατὸν,
1529 2821 1735 2856 ὲπιλυσάμενον,
1750 2830 1804 2856 χιο-
