1949 3083
134 110 187 144 181

710 104 901 138 LAUDATIO
921 106 951 137 Β.
965 105 1163 137 DEMETRII.

1709 106 1760 140 182

133 168 332 205 πρωτοτυτίαν
367 166 493 199 σώζεται,
518 166 573 193 ἀλλ’
598 167 614 201 ἡ
645 166 673 192 ἐν
703 165 827 195 ὠτειλαῖς
855 164 941 194 ὅλως,

995 165 1126 198 rmpathia
1137 172 1188 199 qua
1207 165 1305 199 gaudet
1323 165 1393 194 Deus
1410 165 1517 194 zclosus
1544 165 1669 194 miraCnIi
1687 167 1759 193 simi-

134 214 264 243 ὁπωσοῦν
284 213 451 248 συμπάθεια,
497 211 587 247 χαίρει
603 210 712 241 πάντως
723 209 788 240 Θεὸς
802 210 815 235 ὁ
828 207 925 243 ζηλού-

138 270 235 296 μενος,
249 259 398 295 ὁμοιότητα
413 258 556 294 τεραστίου
569 257 707 292 ὲξὲφηνεψ
724 256 778 291 ὃδὴ
795 255 846 290 πρὸ
860 256 926 281 πάν-

137 315 194 333 των
209 306 266 333 τῶν
281 305 381 340 ὁμοίων
397 305 443 331 καὶ
459 303 528 339 πρὸς
546 303 676 330 ἁπάντων
699 302 838 337 ἀμύθητον
860 301 928 328 ἑπά-

139 363 218 389 γεται
244 352 387 387 ἔκπληξιν.
413 350 502 378 Καλὸν
528 349 578 385 μὲν
603 349 658 384 γὰρ
683 348 730 375 καὶ
749 348 821 382 ὓδωρ
849 347 927 381 ἅγιον

139 400 279 433 λειψάνων
303 398 385 433 ἱερῶν
409 397 460 424 ὅσα
483 397 530 423 καὶ
555 392 649 430 πηγῶν
665 394 829 429 ὲξαποῤῥέον
852 393 926 425 ἰδεῖν,
952 390 961 399 ⁵

141 447 190 474 καὶ
203 445 340 480 διψῶντας
358 441 544 478 ἑχθεραπεῦον
557 441 649 472 λαοὺς,
668 440 705 471 ὡς
722 440 752 466 τὸ
774 439 824 475 μὲν
840 439 929 474 πηγά-

140 491 187 523 ζον
216 491 302 525 πήχει
330 487 563 524 περιγεγράφθω,
590 486 644 512 εἴτε
672 484 806 520 βραχίονι,
835 484 927 520 ἢάλλ’

141 537 229 572 ἑτέρῳ
247 536 302 562 τινὶ
323 533 474 569 στερεμνίῳ
497 532 544 559 τοῦ
565 531 699 566 σώματος·
725 530 754 558 τὸ
773 531 801 558 δὲ
824 529 929 556 ἐκεῖθεν

141 579 274 611 ὲκδλύζον
305 577 376 604 κατά
401 585 462 603 τινα
486 576 589 611 κρήνην
609 576 763 610 ἀπόρρυτον
788 574 930 610 ἐκτρέχειν

141 625 269 656 άένναον,
284 624 332 650 καὶ
357 623 498 657 ὲμπιπλᾷν
514 621 602 648 πάντα
620 622 666 647 τδν
686 621 877 655 προσιέμενον,
893 620 931 652 ὼς

142 671 190 696 ἐὰν
208 671 256 697 καὶ
284 669 361 704 φωνή
378 677 420 699 τις
444 667 549 693 ἐκεῖθεν
565 667 699 701 ὲξηχεῖτο,
721 665 930 700 προκαλουμένη

142 717 207 747 τοὺς
219 715 357 750 διψῶντας
375 713 515 749 ἔρχεσθαι.
531 712 679 747 Τεράστιον
700 711 739 744 δὲ,
756 712 803 738 καὶ
820 711 931 738 εἰκόνων

144 760 340 789 ἁπολείὸεσθαι
357 760 443 795 μύρον
467 759 577 792 εὐῶδες,
604 759 670 784 ὡσεὶ
692 759 738 785 καὶ
763 758 795 784 ἐκ
820 758 931 792 στερεᾶς

145 805 247 839 πέτρας
266 804 365 831 ἔλαιον.
387 803 457 829 Ἀλλ’
477 803 531 836 ὲπὶ,
548 802 628 828 πλέον
651 802 690 828 ἔτι
715 803 877 836 θαυμάσιον,
902 802 932 828 τὸ

146 833 282 885 μὲν-θεῖον
299 849 379 884 σῶμα
392 833 580 885 κρυπτόμενον
597 848 754 882 στέγεσθαι,
770 833 816 874 τὸν
839 833 933 874 eam
949 833 970 861 Β

145 905 196 930 φον
218 896 341 929 ποταμὸν
365 895 527 929 θεωρεῖσθαι
546 894 634 930 μύρου
659 895 716 925 τοῖς
735 893 866 929 ἀρύεσθαι
891 893 933 920 θέ-

143 941 238 968 λουσιν
259 940 400 972 εὺθύμιον.
417 939 510 966 Ταῦτα
526 940 707 975 τερατουργΞὶ
731 939 779 965 καὶ
801 939 815 965 ό
829 939 890 970 ταῖς
904 939 934 965 ὲν

146 986 237 1021 Λυκίᾳ
249 985 406 1020 πελαγίζων
417 985 504 1020 μύρου
518 984 678 1021 προχύσεσι,
689 985 737 1011 καὶ
749 986 766 1020 ἡ
780 985 850 1019 σοφὴ
865 993 935 1021 παρ-

146 1033 328 1067 θενόμαρτυς,
345 1031 379 1065 ἢν
391 1031 430 1065 τῷ
453 1030 553 1065 Σιναίῳ
569 1029 746 1063 ὲνεφύτευσεν
761 1029 818 1064 ὖρει
834 1029 934 1063 ζωογὸ-

146 1086 193 1104 νον
205 1078 290 1112 φυτὸν
304 1078 319 1103 ὀ
336 1077 414 1110 Θεὸς,
429 1077 476 1104 καὶ
489 1076 578 1111 ἕτεροι
592 1075 712 1108 πλείους,
723 1075 751 1101 ιν
764 1083 795 1101 τε
810 1075 936 1110 ἀνδράσιν

147 1123 261 1156 ἡλιῶδες
275 1123 309 1149 τὰ
321 1123 359 1154 εἰς
372 1121 472 1157 ἀρετὴν
482 1120 705 1157 προλάμψαντες,
720 1120 749 1147 εν
760 1129 790 1147 τε
801 1119 932 1154 γυναιξίν.

153 1168 186 1196 '0
203 1169 232 1195 δι
247 1169 380 1204 ἡμέτερος
394 1167 537 1203 πολιοῦχος
550 1167 615 1198 τοὺς
630 1167 680 1201 μὲν
699 1167 736 1202 μὴ
753 1167 935 1197 πλουτοῦντας

149 1215 188 1248 τῷ
204 1214 282 1250 μύρῳ
297 1215 330 1250 τῇ
355 1213 481 1249 δαψιλείᾳ
497 1212 594 1239 τούτου
617 1212 860 1247 ὑπεραναῦἐδηκεν
872 1220 879 1228 ’
895 1210 935 1244 οἷς

150 1261 205 1288 sea
224 1259 272 1286 τοῦ
295 1259 382 1294 μύρου
410 1258 525 1290 πλοῦτος
546 1257 724 1292 πληθύνεται,
750 1258 818 1284 ἀλλὰ
831 1257 936 1289 τούτοις

151 1305 406 1342 παραϐαλλόμενος,
420 1305 500 1339 αὐχεῖ
512 1304 542 1330 τὸ
561 1303 709 1338 ἑπιμᾱλλον
727 1303 843 1336 ἐξαίσιον
855 1306 888 1330 τά
905 1312 934 1329 τε

153 1354 232 1386 ἄλλα,
249 1353 297 1380 καὶ
307 1350 348 1383 οἷς
359 1351 391 1378 τὺ
400 1349 546 1385 ἀθλητικὸν
558 1347 629 1384 αἷμα
645 1349 783 1384 πλήσμιον
794 1350 936 1386 ἀναὸρύει,
953 1352 1000 1378 καὶ
1032 1355 1072 1389 τῷ

155 1399 271 1438 πλοῦτον
285 1397 379 1433 ψυχῶν
393 1397 439 1424 ἐπὶ
455 1395 565 1430 πλούτῳ
579 1396 730 1430 τιθέμενος.

978 210 1119 238 lilndinem
1154 212 1303 244 revelavit;
1341 213 1413 248 quod
1449 213 1562 247 proinde
1580 220 1635 248 prae
1656 213 1758 238 .mnni-

977 256 1028 283 bus
1046 257 1173 284 similiter
1186 258 1291 286 effectis
1316 262 1343 286 et
1359 265 1409 293 pro
1442 259 1568 286 omnibus
1597 257 1760 285 inell'abilem

979 300 1081 328 inducit
1093 307 1240 336 stuporem.
1255 303 1362 330 Etenim
1378 303 1456 330 dulce
1471 308 1513 330 est
1527 310 1625 338 aquam
1636 309 1760 330 sanctam

978 353 992 372 c
1007 346 1130 380 reliquiis
1144 347 1231 374 sacris
1249 352 1376 381 tanquam
1389 356 1404 377 e
1420 347 1541 376 fontibus
1563 349 1759 376 scaturienlem

978 391 1070 419 videre
1089 397 1116 418 et
1135 392 1259 421 sitientes
1273 398 1415 422 sanantcm
1432 395 1555 429 populos,
1573 395 1642 422 sicut
1654 401 1669 421 e
1687 393 1759 421 cubi-

984 441 1011 464 to
1033 445 1146 464 manans
1164 438 1263 473 scripta
1279 444 1331 471 est,
1349 444 1430 466 turne
1448 439 1569 470 brachio.
1588 445 1643 466 tum
1655 446 1669 466 e
1694 447 1763 473 qna-

982 481 1045 509 libet
1058 482 1107 509 alia
1123 485 1246 517 corporis
1264 483 1348 511 solida
1361 488 1454 518 parte;
1478 486 1549 518 quod
1570 491 1633 511 vero
1665 483 1763 511 exinde

981 528 1122 554 scaturivit
1140 528 1222 556 fontis
1240 528 1349 556 ﬂuentis
1365 529 1451 556 instar
1463 529 1497 556 ad
1513 537 1620 563 semper
1646 537 1759 555 curren-

982 572 1046 600 dum
1066 577 1093 600 et
1108 573 1273 608 implendum
1286 581 1394 601 omnem
1411 575 1604 608 accipientem.
1636 579 1763 609 tanquam

983 627 1034 646 vox
1048 620 1146 647 exinde
1163 621 1336 654 personabat,
1369 628 1522 648 convocans
1546 621 1666 648 sitientes
1689 626 1717 646 ut
1732 620 1764 646 ad

989 665 1076 699 ipsum
1091 665 1227 693 venirent.
1243 665 1429 701 Prodigiosum
1441 673 1505 694 vero
1524 672 1549 694 et
1561 674 1593 694 ex
1606 666 1766 700 imaginibus

983 711 1085 739 stillare
1103 712 1179 739 suavi
1205 712 1289 739 odore
1319 717 1483 746 unguentum
1517 716 1673 747 tanquame
1701 719 1767 738 saxo

985 757 1131 786 durissimo
1153 757 1253 785 oleum.
1272 758 1323 786 Sed
1343 758 1436 785 mirius
1458 758 1576 785 divinum
1602 765 1700 792 corpus
1719 766 1768 792 irc-

985 803 1123 830 conditum
1148 803 1219 839 legi,
1243 808 1270 831 et
1296 804 1448 838 sepulcrum
1483 803 1579 831 flumen
1603 805 1686 830 videri
1720 810 1770 842 uu-

985 850 1074 885 guenti
1089 850 1198 877 haurire
1209 850 1393 884 cupientibus.
1420 850 1483 877 Haec
1495 849 1613 884 prodigia
1643 853 1770 883 operatur

992 900 1018 922 et
1030 895 1075 930 qui
1088 896 1114 922 in
1125 894 1208 931 Lycia
1218 897 1345 931 unguenti
1359 904 1432 923 mare
1453 896 1600 930 profundit,
1614 900 1641 923 et
1661 895 1770 930 sapiens

985 940 1059 975 virgo
1081 945 1182 977 martyr
1197 949 1278 976 quam
1295 942 1320 968 in
1338 941 1404 969 Sina
1420 947 1539 969 montem
1568 942 1684 969 vividum
1711 949 1772 975 ger-

984 994 1045 1014 men
1062 987 1193 1022 plantavit
1209 987 1290 1020 Deus,
1321 993 1348 1014 et
1366 988 1412 1015 alii
1424 988 1515 1023 plures
1528 994 1584 1015 tum
1598 989 1647 1014 viri
1673 988 1770 1014 virtme

983 1032 1053 1060 sicut
1068 1033 1108 1060 sol
1123 1032 1256 1068 fulgentes
1267 1039 1324 1061 tum
1357 1034 1494 1061 mulieres.
1520 1034 1642 1062 Civitatis
1673 1038 1772 1066 nosti-zu

990 1083 1127 1113 protector
1142 1086 1190 1106 eos
1204 1080 1250 1114 qui
1274 1080 1403 1115 unguenti
1436 1080 1536 1108 divitiis
1561 1084 1656 1107 carent
1685 1081 1772 1106 abun-

988 1124 1080 1152 dantia
1094 1125 1139 1162 illa
1147 1129 1256 1160 praestat
1268 1133 1277 1153 :
1291 1126 1315 1154 si
1323 1126 1371 1161 qui
1382 1132 1444 1154 vero
1453 1125 1582 1165 unguenti
1601 1125 1772 1159 divitiisgau-

989 1171 1055 1199 dent
1085 1171 1153 1206 ipsis
1168 1176 1259 1200 noster
1278 1173 1470 1207 aquiparalus.
1482 1171 1516 1200 de
1530 1171 1614 1199 multo
1627 1172 1713 1206 magis
1724 1178 1772 1198 ea-

990 1218 1128 1244 traordina
1135 1217 1175 1245 rio
1186 1217 1274 1252 quoad
1290 1218 1343 1244 alia
1359 1218 1507 1253 gloriatur;
1521 1217 1581 1245 etsi
1594 1217 1639 1252 qui
1655 1216 1775 1245 victorias

989 1263 1120 1296 sanguine
1130 1263 1211 1290 nimis
1222 1268 1341 1296 manant,
1351 1267 1487 1298 unguento
1498 1262 1774 1296 immisto,pulcbrum

990 1307 1107 1341 pulchro
1126 1312 1153 1336 et
1171 1309 1272 1348 divitiis
1292 1309 1443 1335 animarum
1466 1309 1566 1336 divitia:
1579 1309 1773 1344 ponderantur.

1104 1354 1183 1389 μύρῳ
1210 1355 1408 1390 συμμίσγεται,
1437 1354 1520 1382 καλὸν
1544 1355 1591 1381 ἐπὶ
1619 1353 1693 1388 κο.λῷ
1730 1356 1776 1381 καὶ

192 1444 235 1476 ιζ’.
252 1444 308 1470 Καὶ
324 1440 384 1469 οῖδα
400 1441 449 1477 μὲν
467 1441 513 1468 καὶ
530 1440 634 1475 ἑτέροις
651 1440 706 1467 τῶν
721 1441 941 1476 καθωσιωμένων

1031 1444 1072 1470 l7.
1088 1444 1155 1471 Novi
1168 1444 1276 1479 quldem
1291 1445 1362 1472 inter
1372 1453 1420 1473 eos
1431 1446 1476 1480 qui
1490 1445 1545 1473 Deo
1573 1453 1604 1474 se
1630 1454 1773 1474 consecra-

155 1491 217 1525 Θεῷ
232 1489 358 1523 τοιαύτην
376 1488 457 1532 χάριν
483 1485 677 1532 βραϐευθεῖσαν
694 1487 762 1532 pf“!
776 1486 825 1521 τὴν
840 1488 872 1512 ἐκ
886 1486 944 1521 βίου

156 1536 359 1567 ἀπανάστασιν,
373 1534 402 1559 ὲν
420 1529 461 1564 οἷς
479 1533 526 1558 καὶ
544 1532 562 1567 ἡ
574 1531 622 1558 τοῦ
645 1529 825 1566 εὑφὴμεῐσθαι
841 1532 945 1558 ἐπώνυ-

160 1591 222 1616 μος,
235 1582 252 1616 ἡ
269 1581 325 1611 τοῖς
338 1578 466 1614 ἀληθέσιν
483 1578 557 1613 ὅροις
574 1578 642 1613 μετὰ
657 1577 772 1604 θάνατον
789 1577 831 1612 (τὸ
858 1579 945 1612 παρᾰν

159 1628 312 1660 δοξὸτατον)
339 1626 386 1652 καὶ
408 1624 610 1659 μαρτυρήσασα
635 1623 682 1649 καὶ
708 1623 852 1650 δικάσασα.
874 1623 946 1656 Ἐγὼ

160 1674 190 1700 δὲ
204 1673 274 1700 ἀλλὰ
299 1671 389 1707 καιρῷ
413 1670 511 1705 ἐκείνῳ
539 1669 636 1705 βραχεῖ
664 1669 889 1704 ἀντιπαραθεῖναι
915 1669 946 1696 τὸ

161 1720 286 1751 αἰῶ-ιον,
301 1718 318 1754 ἢ
332 1718 379 1745 καὶ
397 1717 612 1753 παραμετρῆσαι
629 1716 696 1752 πρὸς
712 1716 806 1742 λιϐάδα
819 1715 850 1742 τὸ
862 1716 947 1743 πελα-

163 1766 241 1801 γίζον
264 1765 414 1800 ὀκνήσαιμι
431 1764 464 1791 ἂν
487 1763 557 1790 οὕτω
573 1762 644 1790 κατὰ
665 1762 772 1789 πάντων
786 1762 840 1789 τῶν
859 1762 947 1788 τοιού-

160 1821 228 1840 των.

199 1861 244 1893 ιη’.
267 1857 399 1892 Ἱλήκοιεν
410 1855 438 1882 δὲ
450 1856 473 1882 οι
487 1854 703 1890 θαυματουργοὶ,
717 1853 760 1888 ἐφ’
775 1850 815 1885 οἷς
830 1852 946 1888 ἀκριὸὴς

163 1905 180 1939 ἡ
197 1902 382 1938 παραύχησις.
406 1901 435 1928 '0
457 1901 590 1936 ἡμέτερος
616 1899 735 1934 ἀθλητὴς
759 1899 880 1931 πλουτεῖ,
902 1899 949 1925 λα-

163 1949 219 1984 χὼν
234 1950 266 1976 ὲκ
289 1948 356 1974 Θεοῦ
371 1947 402 1973 τὺ
416 1945 644 1982 ἁπαρεξέταστον,
667 1944 706 1979 τῷ
718 1945 766 1978 τῆς
782 1944 948 1979 μυροχυσίας

163 2003 192 2020 τε
209 1993 310 2028 πολλῷ,
324 1992 361 2027 τῷ
376 1991 494 2026 ἀπείρῳ,
509 1990 547 2025 τῷ
560 1990 701 2024 πλήθοντι,
713 1989 752 2023 τῷ
763 1989 947 2021 πελαγίςοντι,

165 2041 213 2066 καὶ
232 2039 270 2074 τῷ
285 2037 511 2068 συναναὸλύςοντι
525 2036 634 2071 αἵματι,
651 2035 697 2060 καὶ
710 2036 766 2066 τοῖς
780 2033 877 2069 μύροις
889 2042 951 2059 συν-

164 2085 356 2116 διαιωνίζοντι,
373 2085 420 2111 καὶ
444 2083 647 2118 παραδηλοῦντι
665 2081 694 2108 τὸ
717 2081 766 2115 τῆς
783 2080 856 2115 ζωῆς
874 2081 950 2115 μόνι-
974 2085 985 2090 ·

997 1496 1069 1523 runt,
1079 1490 1138 1518 aliis
1150 1491 1231 1518 talem
1248 1499 1262 1518 a
1281 1499 1386 1519 summo
1400 1491 1490 1526 judice
1512 1492 1637 1520 collatam
1662 1493 1777 1527 gratiam

995 1544 1011 1564 e
1027 1537 1080 1564 vita
1097 1537 1289 1572 migrantibus,
1306 1538 1410 1565 scilicet
1434 1539 1549 1573 gratiam
1578 1544 1635 1566 tum
1660 1539 1778 1569 nominis

996 1582 1071 1609 cultu
1089 1582 1217 1618 religioso
1239 1583 1350 1618 recepti,
1378 1588 1435 1610 tum
1452 1584 1556 1611 veritati
1575 1589 1636 1618 post.
1665 1589 1777 1611 mortem

997 1628 1216 1658 testimoniumet
1247 1628 1379 1663 judicium
1401 1630 1414 1664 (
1433 1638 1453 1657 ο
1482 1630 1579 1657 mirum
1592 1630 1611 1665 1)
1641 1629 1778 1658 reddendi.

997 1673 1054 1708 Ego
1067 1681 1141 1706 vero,
1156 1675 1270 1708 tempori
1300 1675 1336 1702 illi
1353 1676 1427 1702 brevi
1451 1675 1619 1710 aequiparare
1643 1676 1780 1703 teternita-

1003 1723 1066 1753 tem,
1084 1724 1218 1755 autgutta
1232 1728 1309 1748 mare
1338 1721 1425 1748 metiri
1450 1721 1543 1748 eodem
1572 1721 1651 1749 tnodo
1675 1722 1708 1748 de
1739 1721 1781 1748 his

997 1765 1187 1794 erubescerem
1203 1766 1341 1794 omnibus.

1040 1855 1085 1882 18.
1103 1855 1216 1889 l’ropitii
1234 1855 1288 1882 sint
1303 1856 1499 1889 tltaumaturgi,
1527 1857 1548 1882 si
1565 1863 1628 1882 vera
1644 1856 1780 1890 gloriatio.

999 1900 1107 1928 Athleta
1123 1904 1217 1926 noster
1229 1899 1304 1926 dives
1314 1904 1365 1932 est,
1384 1907 1399 1926 a
1409 1899 1462 1926 Deo
1471 1899 1680 1934 incomparabilc
1690 1905 1784 1926 nactus

1001 1953 1060 1972 cum
1074 1946 1200 1979 unguenti
1222 1945 1372 1971 abundanti
1393 1944 1532 1977 eﬂ'usione,
1564 1945 1678 1977 infinita,
1705 1945 1783 1980 plena

1002 1996 1030 2016 nt
1046 1997 1120 2017 mare
1134 1995 1189 2016 tum
1208 1995 1335 2016 manante
1364 1989 1442 2017 simul
1455 1991 1584 2024 sanguine
1594 1996 1620 2017 ct
1650 1999 1701 2017 una
1723 1999 1783 2018 cum

1002 2040 1138 2069 unguento
1156 2040 1286 2070 perpetuo
1310 2042 1500 2070 perseverante
1513 2042 1539 2063 et
1565 2038 1624 2064 vitae
1649 2037 1783 2064 stabilita-

1004 2087 1056 2108 tem
1072 2082 1243 2108 ostendente.
1258 2079 1286 2108 Si
1298 2085 1386 2108 autent
1399 2076 1573 2116 supercilium
1584 2083 1693 2115 bonum,
1705 2087 1732 2109 et
1743 2090 1787 2110 se-

168 2134 217 2168 μόν
235 2141 263 2158 τε
279 2131 327 2158 καὶ
354 2130 476 2164 συνεχές.
503 2129 533 2155 Εἰ
552 2128 580 2155 δέ
599 2136 663 2154 ποτε
687 2129 734 2154 καὶ
760 2127 938 2161 ὐπερεκχεῖτα

1003 2125 1126 2159 pulcrum
1148 2124 1403 2152 circuminscribere
1422 2127 1551 2152 honorem
1570 2127 1644 2159 velit,
1665 2135 1786 2161 unguen-

166 2180 196 2205 τὸ
210 2178 323 2212 ἀγαθὸν,
338 2177 384 2202 καὶ
401 2175 510 2209 ὁτάφος
536 2174 584 2209 μὲν
603 2173 786 2209 περιγράφειν
807 2173 894 2199 ἐθέλει
919 2172 950 2198 τὸ

170 2225 270 2259 τίμιον,
289 2223 320 2250 τὸ
337 2222 365 2249 δὲ
381 2222 429 2252 τὰς
451 2220 586 2255 κρηπῖδας
611 2218 780 2253 ὑπονομεῦον
799 2218 883 2253 μύρον
906 2218 951 2244 ὲκ-

170 2270 298 2301 κενωθὲν,
314 2267 474 2305 ᾲσματικῶς
498 2267 598 2298 εἰπεῖν,
620 2265 726 2299 γίνεται
749 2265 795 2292 καὶ
813 2266 852 2296 εἰς
879 2265 952 2300 ζωὴν

169 2317 304 2352 ἁλλομένη
318 2314 406 2349 πηγὴ,
420 2314 467 2340 καὶ
484 2311 648 2346 διεκτρέχει,
666 2311 702 2342 ὡς
718 2308 774 2337 οἷον
789 2310 953 2345 ὲκκυμαινό-

170 2371 260 2397 μενον,
276 2361 322 2388 καὶ
341 2360 492 2394 πράγματα
501 2359 558 2388 τοῖς
573 2357 680 2383 ἀντλεῖν
694 2356 817 2383 ἐθέλουσι
833 2356 952 2389 δίδωσιν⁹

170 2409 233 2436 ἄλλο
250 2407 329 2433 τοῦτο
349 2407 430 2440 τέρας
451 2405 498 2430 καὶ
520 2403 639 2430 ἀϐύσσου
665 2402 807 2436 ἕκφανσις,
831 2401 953 2428 κάτωθεν

170 2454 289 2488 ἐκπηδᾷν
313 2452 434 2486 ἀνιείσης
462 2450 492 2475 τὺ
520 2449 616 2484 μύρον,
632 2449 679 2474 καὶ
701 2447 764 2482 διχῆ
788 2447 954 2482 μεριζούσης

171 2500 235 2527 αὑτὸ
250 2499 289 2530 εἷς
314 2507 344 2524 τε
367 2497 412 2523 τὸν
441 2497 536 2530 τάφον,
565 2495 611 2521 καὶ
636 2494 669 2520 τὰ
695 2493 791 2518 τούτου
820 2500 954 2526 προτεμε-

170 2546 299 2581 νῐσματα·
316 2545 333 2579 ἢ
350 2543 383 2578 δὴ
396 2542 511 2572 ἄϐυσσος
527 2540 678 2575 χαίὲτέραν
689 2539 857 2564 ἐπικαλεῖται
869 2537 954 2563 ἄϐυσ-

174 2599 219 2617 σον
233 2590 281 2625 τὴν
304 2589 358 2615 τῶν
379 2587 503 2614 ἀπλέτων
529 2584 772 2620 θαυματουργιῶν,
792 2591 956 2616 συναναφαι-

172 2638 286 2673 νομένην
305 2637 352 2663 καὶ
376 2632 420 2661 οἷα
436 2633 653 2667 συνουσιωμένην
667 2632 700 2666 τῇ
715 2630 763 2656 τοῦ
789 2630 875 2666 μύρου
890 2629 956 2655 θαυο

178 2683 331 2718 μασιότητι’
349 2682 383 2716 ἣν
397 2681 429 2714 δὴ
443 2680 490 2706 καὶ
501 2679 586 2709 ἄλλως
603 2677 675 2703 ἔστιν
690 2678 755 2711 ἡμῖν
773 2675 955 2710 ἑπιθεωρῆσαι

174 2730 302 2755 ἄϐυσσον.
318 2728 371 2762 Γῆν
390 2735 419 2753 τε
438 2727 491 2760 γὰρ
507 2725 609 2751 ὑδάτων
624 2724 741 2754 ἄϐυσσος
757 2723 825 2757 ὀχεῖ,
846 2723 896 2748 ὅσα
910 2723 956 2747 καὶ

174 2774 330 2808 οἰκοδομίαν
342 2772 476 2808 θεμέλιος·
494 2770 540 2797 καὶ
553 2771 601 2804 τὴν
614 2769 690 2795 πόλιν
704 2769 732 2795 δὲ
748 2769 850 2800 ταύτην
863 2768 878 2802 ἡ
895 2766 955 2793 καθ’

1007 2175 1062 2198 tum
1081 2179 1143 2198 vero
1159 2171 1233 2198 labra
1259 2171 1407 2205 rumpendo
1434 2177 1593 2199 evacuatum
1614 2173 1736 2205 reddens,
1760 2179 1789 2200 ut

1006 2217 1110 2252 poetice
1122 2218 1220 2251 dicant,
1232 2217 1278 2244 fiat
1293 2222 1321 2245 ct
1335 2217 1437 2245 saliens
1453 2218 1480 2244 in
1493 2218 1576 2245 vitam
1603 2218 1673 2252 fons,
1696 2224 1790 2246 currat

1006 2263 1083 2296 quasi
1099 2264 1250 2297 exundans,
1261 2269 1289 2291 et
1299 2264 1406 2292 labores
1423 2265 1658 2298 compescentibus
1671 2265 1790 2299 imponat

1007 2309 1079 2336 aliud
1092 2309 1143 2336 hoc
1156 2309 1306 2344 prodigium
1318 2313 1344 2336 ct
1356 2310 1445 2344 abyssi
1455 2310 1652 2345 divulgatio,ab
1668 2311 1736 2338 infra
1747 2319 1790 2338 sa-

1008 2355 1075 2382 liens
1088 2359 1252 2390 unguentum
1265 2356 1414 2384 emittcntis
1436 2361 1463 2383 et
1476 2357 1501 2382 in
1517 2357 1582 2383 duas
1608 2362 1697 2390 partes
1725 2357 1792 2384 divi-

1007 2402 1106 2435 dentis,
1126 2402 1153 2428 in
1179 2402 1331 2437 sepulcrum
1347 2407 1374 2429 ct
1389 2402 1413 2428 in
1435 2402 1494 2436 ejus
1506 2401 1584 2434 atria,
1597 2409 1656 2436 qum
1679 2402 1791 2437 abyssus

1009 2449 1116 2475 invocat
1134 2449 1271 2483 abyssum,
1286 2455 1381 2482 nempe
1393 2448 1580 2482 prodigiorum
1595 2449 1723 2474 virtutum
1749 2449 1792 2474 itt-

1009 2494 1145 2520 ftnitarunt
1159 2502 1211 2520 una
1222 2493 1394 2528 eﬂ'ulgentem
1411 2494 1643 2528 exsistentemque
1656 2501 1716 2520 cum
1743 2503 1792 2521 un—

1009 2541 1101 2576 guenti
1117 2541 1250 2575 prodigio,
1261 2547 1340 2574 quant
1368 2547 1434 2566 sane
1448 2539 1542 2567 etalio
1563 2540 1644 2567 modo
1669 2540 1793 2574 abyssum

1009 2593 1123 2620 pettsare
1135 2593 1184 2613 nos
1199 2592 1317 2620 oportet.
1336 2585 1459 2620 Namque
1480 2591 1580 2613 terram
1610 2585 1687 2612 fulcit
1709 2592 1793 2618 aqua»

1010 2640 1068 2659 rum
1084 2632 1196 2667 abyssus
1222 2631 1292 2658 sicut
1306 2636 1332 2659 et
1364 2631 1505 2659 aedilicium
1532 2631 1752 2661 fundamentum;
1768 2634 1794 2656 et

1012 2677 1106 2704 urbem
1120 2678 1190 2704 hanc
1203 2681 1340 2705 sustentat
1355 2678 1469 2713 abyssus
1483 2677 1560 2705 uobis
1590 2676 1794 2704 fundamentum

1011 2723 1170 2750 stabilitum.
1188 2722 1220 2750 Et
1246 2723 1412 2751 fundamenti
1435 2729 1558 2751 naturam
1577 2722 1731 2757 explorans,
1756 2720 1799 2746 in-

1010 2776 1090 2798 sanus
1105 2774 1185 2797 εειοι.

175 2825 248 2861 ἡμᾶς
265 2824 395 2859 ὑπανέχει
411 2823 527 2856 ἄϐυσσος
557 2823 625 2858 αὕτη
656 2824 816 2859 ὲδρλζουσοι.
848 2821 902 2847 Καὶ
918 2821 960 2847 τὸν
976 2821 1075 2856 τρόπον
1091 2820 1138 2847 τοῦ
1152 2821 1321 2857 ἐδράσματος
1337 2821 1424 2855 παχὺς
1442 2820 1474 2846 ἄν
1489 2827 1528 2848 τις
1556 2818 1597 2851 εἴη
1628 2817 1641 2842 ὁ
1668 2815 1800 2851 πυνθανό-

179 2880 268 2902 μενος.
