1960 3074
211 163 263 197 183

245 223 287 250 l9.
305 222 360 250 Sed
378 222 420 250 sic
435 229 535 249 novum
549 221 619 248 sacri
649 223 847 254 unguentorum
877 218 997 245 thesauri
1013 225 1034 252 Α

209 268 404 304 superclllteus
416 269 528 298 bonum,
553 273 585 294 ne
594 266 682 293 omnis
703 264 830 299 martyris
844 264 928 298 gloria
954 264 994 290 in-

209 304 283 343 clusa
306 315 354 346 sit;
370 314 417 342 sed
431 318 460 340 ut
482 313 555 340 foras
583 311 747 346 producatur
775 311 868 338 nuntia
890 310 993 345 pulchri

208 362 242 388 ab
257 362 352 389 intimo
368 360 477 395 przcvia.
494 358 626 385 llaustum
651 364 715 384 vero
731 356 796 383 illud
808 361 834 382 et
850 356 875 382 itt
905 355 994 381 alaba~

208 402 294 436 strum
309 400 438 437 ii'tlusum,
457 405 526 431 intra
541 410 652 430 manere
666 410 719 429 non
736 402 803 433 vult,
819 401 865 429 sed
877 400 993 428 clIttsutn

207 452 325 480 cxttndal
345 452 422 478 itaut
438 455 466 479 et
486 449 538 476 alia
567 448 669 483 repleat
692 455 766 479 vasa,
792 455 807 474 c
837 447 937 482 quibus
967 452 994 474 et

206 498 325 525 exundat
342 497 443 530 pariter
475 496 574 522 bonum
599 502 631 523 ex
661 494 720 521 istis
745 493 857 521 cﬂusum
888 494 914 520 in
942 493 993 519 alia

206 545 295 570 fontes
305 547 331 570 ct
344 542 419 577 ipsos
429 541 558 576 pulchros
571 541 689 568 vicissim
703 539 895 574 multiplicatos
905 547 912 570 ;
923 539 993 573 quod

204 596 270 615 sane
282 589 338 616 lieri
358 587 509 622 oportebat.
521 586 588 614 Nam
604 587 664 622 quae
678 593 803 613 crescere
822 591 848 612 et
863 585 993 619 multipli-

204 633 260 660 cari
276 633 392 667 primum
409 632 474 659 illud
499 636 666 667 unguentum
680 631 761 666 jussu
779 633 912 666 gratia,et
927 630 994 657 vivis

203 679 267 705 inde
292 677 466 705 manantibus
489 679 611 705 eamdem
634 677 896 712 inscrcbatcopiam,
922 677 993 704 untle

203 732 258 752 non
287 725 374 751 soluat
398 723 516 758 sepulcri
543 731 596 751 non
629 724 726 751 defecit
754 723 807 751 tale
837 724 992 758 pulchrum,

204 770 253 797 sed
271 777 320 797 nec
338 770 360 797 si
379 777 426 797 vas
439 770 572 805 quoddam
598 770 671 797 aliud
685 773 736 802 est,
754 770 884 796 inclusam
902 775 993 797 tenere

206 815 280 842 hunc
293 814 393 842 ﬂuendi
410 816 541 849 impetum
557 819 689 842 statutum
699 818 751 842 est.
783 814 852 848 Quid
869 822 923 841 non
954 814 992 841 l‘e-

187 861 410 888 ‘cl‘lsanctornm
441 861 572 887 Dominus
591 860 636 894 qui
663 860 689 886 in
723 860 859 894 prophetae
872 859 990 886 favorem

187 902 255 933 'olci
271 905 385 940 lecytum
399 905 582 933 eﬂ‘undentem
607 908 679 940 quod
705 906 739 932 ab
767 906 842 933 inttts
868 906 989 932 servavit
1005 898 1027 925 Β

188 950 392 986 ’pleidssimutu
409 951 491 979 fontis
514 952 602 979 instar
627 951 819 987 semperﬂuum
846 952 986 979 stabilivit.

235 1085 282 1112 20.
298 1084 349 1118 Qui
365 1084 516 1119 priscarum
531 1083 707 1124 historiarum
721 1085 812 1112 stttdio
841 1085 985 1118 incumbit,

200 1130 271 1164 apud
291 1134 396 1158 veteres
406 1130 506 1158 alicubi
520 1129 620 1165 reperit
637 1135 768 1158 retectum
793 1130 900 1157 labrum
914 1132 987 1165 quod

200 1176 308 1210 liquore
323 1177 432 1210 quidem
447 1176 557 1211 plenum
585 1181 643 1204 erat
669 1182 697 1204 et
718 1183 750 1203 ex
767 1177 812 1204 illo
829 1177 987 1205 haurientes

201 1223 296 1250 sedulo
307 1222 455 1250 elferebant
469 1223 520 1250 nec
537 1222 618 1249 ullam
644 1222 797 1257 patiebatur
820 1223 987 1250 imminutio-

198 1275 274 1296 nem.
287 1267 370 1296 Nobis
385 1273 473 1296 autem
493 1268 645 1303 prodigium
656 1268 721 1296 illud
747 1269 830 1304 viget.
857 1268 925 1302 Quia
942 1277 987 1297 ve-

197 1322 232 1343 ro
244 1314 383 1342 oculorum
400 1314 536 1341 contuitus
549 1314 687 1348 posterius
699 1314 726 1341 in
749 1315 903 1349 prodigium
931 1322 985 1341 non

197 1358 377 1393 deﬁgebatur,
393 1358 442 1385 sed
459 1363 514 1384 tum
539 1359 700 1392 apparebat,
715 1362 771 1385 tum
786 1358 922 1385 occultum
943 1361 987 1385 de-

202 1404 323 1436 sinebat,
343 1404 468 1430 dubitare
487 1404 550 1430 licet
561 1405 582 1430 si
594 1404 632 1430 sic
647 1411 676 1430 se
691 1411 735 1431 res
753 1405 864 1430 haberet
897 1409 924 1430 et
952 1404 986 1431 ab

195 1454 314 1484 utroque
342 1456 408 1476 casu
433 1449 667 1476 conﬁrmationem
691 1449 868 1484 perpendere.
901 1449 987 1476 Matti—

197 1497 295 1523 l'estttm
312 1499 402 1522 autem
415 1502 448 1522 en
463 1499 552 1522 exstat
565 1494 718 1530 prodigium
741 1500 862 1522 nostrum
878 1506 883 1521 :
911 1496 986 1523 orbis

198 1541 345 1568 universus
361 1541 532 1574 auteipsutn,
553 1540 626 1567 oculi
654 1547 761 1573 omnes,
791 1545 818 1569 et
846 1541 984 1575 singulare

562 161 770 193 EUSTATlIll
786 160 1166 192 TllESS.\LONICENS[S
1186 161 1466 193 METROPOLth‘E

1087 219 1130 246 ιθ¹.
1155 220 1223 246 Ἀλλ’
1241 219 1311 247 οὕτω
1328 221 1377 255 μὲν
1398 221 1489 247 καινὸν
1509 222 1558 256 τῆς
1574 221 1648 257 ἱερᾶς
1674 222 1833 257 μυρόοήκης

1047 267 1326 301 ὑπερεκχεόμενο-[τὸ
1348 268 1460 301 ἀγαθὸν,
1484 268 1526 294 ἵνα
1546 268 1583 302 μὴ
1602 269 1676 294 πᾶσα
1699 269 1715 302 ἡ
1732 277 1833 303 μαρτυ-

1048 312 1110 348 ρικὴ
1135 311 1204 347 αὕτη
1232 312 1294 345 δόξαι
1311 312 1365 339 Enn
1385 313 1570 348 συγκλείηται,
1597 315 1665 340 ἀλλὰ
1683 316 1729 342 καὶ
1753 315 1834 347 aut;

1047 358 1229 392 προφαίνηται
1243 358 1396 393 πρίδρομος
1411 359 1456 385 τοῦ
1472 359 1545 391 ἐντὸς
1559 359 1767 395 διαδεικνυμένη
1783 370 1834 387 κα-

1046 402 1104 429 λοῦ.
1118 404 1150 429 Et
1165 403 1194 429 δὲ
1220 403 1267 430 καὶ
1291 404 1422 438 ἁντληθὲν
1446 405 1522 437 αὐτὸ,
1539 406 1587 431 καὶ
1602 406 1642 437 εἰς
1660 405 1833 441 ἀλάϐαστρον

1047 449 1162 481 ἐντεθὲν,
1176 449 1206 475 οὺ
1224 449 1295 476 θέλει
1319 450 1380 476 καθ’
1393 451 1474 477 ἑαυτὸ
1500 452 1603 486 μένειν,
1622 451 1680 478 ἀλλ’
1701 452 1833 484 ἔκϐλύζον

1046 495 1189 529 προρρἐει,
1212 495 1250 526 ὡς
1275 496 1454 531 ἐμφορεῖσθαι
1471 497 1518 523 καὶ
1529 497 1611 532 ἕτερα
1628 497 1724 532 σκεύη,
1741 498 1770 531 ἐξ
1795 495 1833 526 ὧν

1046 542 1092 567 καὶ
1107 542 1197 568 αὐτῶν
1228 542 1356 577 ἁναϐρύει
1380 544 1410 569 τὸ
1431 544 1524 578 ὅμοιον
1549 544 1662 577 ἀγαθὸν,
1682 545 1714 570 ἐκ
1728 536 1840 571 τούτων

1047 586 1138 613 κλῖνον
1159 588 1198 618 εἰς
1215 587 1307 623 ἕτερα,
1324 590 1429 623 πηγαῖα
1445 590 1490 615 καὶ
1510 589 1596 615 ταῦτα
1616 589 1696 623 καλὰ,
1719 590 1751 616 ὲκ
1773 591 1833 616 δια-

1045 631 1124 666 δοχῆς
1134 632 1334 668 πληθυνὸμενα.
1346 634 1397 660 Καὶ
1407 635 1489 669 ἐχρῆν
1499 635 1608 667 πάντως
1617 635 1688 661 οὕτω
1697 635 1830 668 γίνεσθαι.

1052 678 1083 705 Ἥ
1096 680 1150 714 γὰρ
1166 679 1330 711 αὐξάνεσθαι
1351 680 1397 707 καὶ
1413 680 1558 716 πληθύνειν
1575 682 1606 708 τὸ
1623 682 1730 716 πρῶτον
1744 683 1833 709 ἐκεῖ,ο

1046 725 1131 762 μύρον
1146 726 1297 753 κελεύσασα
1312 727 1393 762 χάρις
1414 729 1461 754 καὶ
1475 729 1534 759 ταῖς
1549 728 1654 754 ἐκεῖθεν
1671 729 1831 763 ἀπορροἵαις

1045 771 1096 806 τὴν
1112 772 1196 807 αὐτὴν
1214 773 1321 804 ἐνέθετο
1335 773 1460 808 δύναμιν·
1480 774 1541 800 ὅθεν
1555 774 1584 801 οὐ
1602 775 1682 809 μόνον
1695 774 1733 809 τῷ
1754 775 1831 809 τάφῳ

1044 817 1094 844 οὐκ
1117 817 1188 844 ἔστιν
1212 819 1348 845 ἐπιλιπεῖν
1367 820 1397 846 τὸ
1415 820 1536 846 τοιοῦτον
1549 820 1640 853 καλὸν,
1656 821 1714 847 ἀλλ’
1733 820 1792 847 οὐδὲ
1806 821 1832 847 sl

1043 873 1069 890 τι
1094 865 1190 896 σκεῦος
1205 865 1299 899 ἕτερον
1327 866 1430 900 στέγειν
1459 868 1563 893 ἐκεῖθεν
1590 867 1741 903 ἀπόρῥοιάν
1769 876 1830 894 τινα

1041 910 1179 937 τέτακται.
1198 911 1231 936 τι
1250 911 1278 937 δὲ
1293 912 1342 937 οὐκ
1355 912 1468 946 ἔμελλεν
1486 914 1500 939 ὸ
1512 913 1566 939 τῶν
1581 912 1667 946 ἁγίων
1687 913 1798 947 Κύριος,
1816 914 1830 939 ὁ

1042 956 1184 990 προφήτου
1198 957 1278 991 χάριν
1294 957 1442 993 καμψάκην
1460 959 1550 984 ἐλαίου
1572 958 1783 993 ἐξερευγόμενον
1799 959 1830 985 τὸ

1041 1001 1116 1033 ἐντὸς
1146 1002 1228 1037 ὑγρὸν
1255 1003 1398 1036 φυλάττων
1424 1005 1467 1031 ἀεὶ
1496 1005 1694 1039 πληρέστατον,
1723 1005 1769 1032 καὶ
1788 1005 1829 1037 εἰς

1040 1046 1133 1080 πηγὴν
1147 1047 1232 1082 αὐτὴν
1249 1047 1332 1079 τάξας
1346 1049 1504 1084 ἀειὸρυτον;

1075 1090 1110 1118 κ’.
1125 1092 1182 1118 Καὶ
1195 1094 1209 1119 ὁ
1224 1093 1273 1127 μὲν
1284 1094 1344 1125 ταῖς
1359 1094 1488 1126 παλαιαῖς
1504 1095 1633 1129 ῑστορίαις
1655 1095 1750 1131 καιρόν
1767 1104 1827 1122 τινα

1041 1137 1140 1172 σχολῆς
1155 1139 1283 1172 ἐνδιδοὺς,
1301 1140 1420 1175 εὑρίσκει
1433 1140 1517 1168 πάλαι
1533 1149 1590 1167 που
1602 1142 1701 1168 πύελον
1717 1143 1823 1168 ἀνακα-

1039 1182 1198 1217 λυφθεϊσαν,
1215 1185 1276 1219 ἥτις
1304 1185 1388 1220 ὑγροῦ
1416 1186 1466 1220 μέν
1491 1195 1563 1218 τινος
1586 1187 1693 1222 πλήρης
1716 1185 1760 1222 ἦν,
1779 1188 1827 1214 καὶ

1039 1228 1192 1264 ἐξηντλεῖτο
1205 1230 1281 1262 αὐτὸ,
1307 1231 1354 1257 καὶ
1380 1231 1534 1266 ὲξεφορεῖτο
1551 1232 1689 1266 ἐπιμελῶς
1699 1239 1706 1247 ·
1722 1234 1773 1259 οὐκ
1789 1231 1824 1268 ἦν

1039 1274 1067 1300 δὲ
1083 1275 1178 1302 παθεῖν
1194 1276 1302 1311 ἐκείνην
1316 1277 1436 1312 κένωμα.
1459 1277 1541 1312 Ἡμῖν
1556 1277 1584 1304 δὲ
1600 1279 1649 1305 κιὶ
1664 1278 1756 1310 αὐτοῖς
1779 1281 1825 1306 τέ-

1040 1329 1090 1354 ρας
1109 1322 1158 1355 μέν
1179 1331 1204 1347 τι
1227 1322 1315 1348 ὲκιίνο
1338 1323 1546 1357 καταφαίνεται.
1565 1325 1626 1351 Ὅτι
1643 1325 1671 1351 δὲ
1688 1325 1824 1360 ὀφθαλμοὶ

1040 1367 1212 1401 μεταχρόνιοι
1225 1368 1263 1402 τῷ
1278 1368 1394 1403 θεάματι
1412 1369 1442 1394 οὐ
1464 1370 1647 1404 προσέϐαλον,
1668 1371 1736 1398 ἀλλὰ
1760 1372 1822 1398 τότε

1037 1412 1102 1438 ποτὲ
1117 1412 1211 1445 φανὲν,
1225 1411 1285 1439 εἶτα
1298 1414 1398 1449 κρυὸὲν
1411 1414 1530 1450 ἀπέσϐη,
1547 1416 1693 1448 ἐνδοιάζειν
1704 1418 1820 1450 ἔπεισιν,

1037 1458 1085 1484 ἐὰν
1104 1457 1227 1484 τοιοῦτον
1256 1457 1300 1494 ἦν,
1326 1460 1374 1486 καὶ
1400 1461 1573 1487 ταλαντεύειν
1598 1463 1641 1489 ἐπ’
1665 1463 1748 1498 ἄμφω
1772 1465 1822 1499 τὴν

1037 1503 1248 1537 συγκατάθεσιν.
1260 1504 1297 1530 Τὸ
1309 1504 1337 1531 δὲ
1354 1505 1488 1540 ἡμέτερον
1507 1506 1623 1542 πάρεστι
1639 1507 1731 1541 θαῦμα
1752 1509 1821 1542 πρό-

1035 1557 1127 1574 οπτον·
1148 1549 1202 1576 ἰδοὺ
1217 1549 1351 1576 ἔκκειταιο
1368 1551 1470 1585 κόσμος
1483 1551 1554 1582 ἅπας
1572 1552 1614 1579 ἐπ’
1629 1553 1706 1584 αὐτὸ,
1721 1554 1821 1588 ὀφθαλ-

198 1594 247 1622 per
261 1588 416 1615 universum
432 1591 533 1614 terram
547 1586 700 1620 divulgatur
712 1586 783 1621 quod
802 1587 891 1613 cuncti
921 1592 983 1614 ante

1038 1594 1084 1627 μοὶ
1099 1594 1209 1625 πάντες·
1227 1596 1319 1621 καὶτὸ
1340 1584 1459 1628 ἐξαίσιον
1475 1597 1515 1628 εἰς
1539 1599 1631 1624 πᾶσαν
1651 1599 1703 1632 γῆν
1725 1584 1820 1633 διακη-

198 1640 298 1660 manus
326 1637 353 1659 et
369 1637 432 1660 ante
448 1635 540 1660 oculos
560 1632 672 1659 habent.
691 1632 723 1658 Et
748 1632 812 1665 justi
841 1632 984 1666 cujuslibet

197 1683 336 1713 unguento
346 1678 399 1705 isto
423 1678 595 1712 impinguant
622 1677 774 1712 spiritualia
797 1678 897 1711 capita,
924 1678 983 1712 qui-

196 1731 305 1758 cunque
322 1724 430 1750 eximiis
445 1723 514 1750 ittter
534 1724 664 1750 virtutum
675 1730 756 1757 opera
778 1723 818 1750 sic
843 1723 982 1750 inveniunt

195 1777 248 1804 qua
265 1770 402 1801 laetentur,
429 1774 456 1796 ct
470 1769 603 1804 sanguine
614 1768 771 1803 spirituales
785 1773 876 1802 postes
891 1768 982 1795 divina

196 1816 346 1843 imitatione
354 1816 510 1850 obsignant,
525 1823 540 1842 e
549 1815 647 1850 quibus
658 1814 716 1842 ista:
733 1815 765 1841 ad
778 1814 981 1842 meditationem

196 1864 264 1890 linnt
275 1863 413 1895 introitus,
430 1861 482 1889 illte
495 1862 529 1888 ad
543 1861 725 1896 operationem
743 1861 864 1888 sedulam
879 1861 978 1889 exitus.

195 1908 240 1935 Sic
255 1907 494 1934 exterminatoretn
509 1907 595 1933 vitant
618 1910 665 1932 aut
689 1911 793 1940 portam
819 1907 980 1941 przctertuit-

196 1959 307 1985 tentem.
320 1953 472 1985 utdicitur,
489 1953 563 1980 illum
579 1953 704 1988 progredi
728 1953 859 1984 siuentes,
884 1957 930 1979 aut
953 1952 978 1979 in

193 2009 292 2028 vanum
308 2001 474 2035 pulsantem.

226 2102 271 2128 2|.
289 2101 407 2134 Sanguis
427 2101 483 2132 ille,
497 2105 662 2133 unguentum
688 2101 754 2128 illud
785 2101 845 2128 vita:
870 2105 978 2127 aeternae

192 2153 256 2175 sunt
272 2147 362 2180 signa,
374 2147 472 2180 quibus
482 2150 556 2180 patet
570 2146 713 2172 odoratum
727 2153 787 2172 csse
808 2145 891 2172 Deum
907 2152 979 2171 mar-

193 2198 279 2227 tyrem
295 2191 436 2218 suavitatis
466 2191 588 2217 odorem.
606 2190 800 2217 Rcttutneratio
824 2190 853 2216 ﬁt
883 2190 976 2216 multi-

1037 1637 1193 1673 ρυκεύεται,
1212 1640 1260 1666 καὶ
1275 1640 1373 1671 πάντες
1383 1641 1435 1675 πρό
1449 1649 1478 1666 τε
1491 1642 1600 1677 χειρῶν,
1612 1643 1664 1677 πρό
1677 1652 1707 1669 τε
1721 1643 1820 1677 ὀφθαλ-

1038 1683 1096 1718 μῶν
1113 1685 1179 1711 αὐτὸ
1194 1685 1298 1720 ἔχουσι.
1322 1687 1376 1713 Καὶ
1402 1687 1440 1721 τῷ
1470 1689 1519 1723 μὲν
1542 1688 1589 1714 τοῦ
1614 1689 1717 1716 δικαίου
1740 1690 1818 1725 μύρῳ

1035 1730 1123 1766 τούτῳ
1140 1731 1191 1763 τὰς
1213 1732 1310 1766 νοητὰς
1329 1733 1481 1760 λιπαινουσι
1498 1735 1628 1768 κεφαλὰς,
1653 1737 1713 1768 ταῖς
1736 1746 1818 1772 κορυ-

1033 1777 1127 1810 φαίαις
1139 1777 1193 1804 τῶν
1205 1775 1377 1813 κατ”ἀρετὴν
1388 1780 1513 1814 πράξεων
1528 1780 1730 1816 ἐξευρίσκοντες
1744 1783 1816 1810 οὕτω

1033 1822 1063 1847 τὸ
1081 1822 1252 1857 ἱλαρύνεσθαι
1265 1830 1272 1838 ·
1289 1824 1328 1858 τῷ
1344 1824 1372 1850 δὲ
1394 1825 1490 1860 αἵματι
1517 1826 1566 1857 τὰς
1591 1827 1711 1861 ψυχικὰς
1736 1829 1816 1862 φλιάς

1033 1867 1094 1894 καθ’
1112 1870 1258 1904 ὁμοιότητα
1274 1869 1349 1897 ῦείαν
1365 1871 1556 1906 σφραγιζουσι,
1571 1873 1596 1900 δι
1618 1870 1656 1900 ὧν
1671 1874 1700 1900 αἴ
1723 1883 1752 1901 τε
1775 1877 1815 1907 εις

1033 1914 1149 1955 θεωρίαν
1162 1915 1259 1941 εἴσοδοι
1277 1916 1409 1950 γίνονται,
1426 1919 1473 1943 καὶ
1492 1915 1520 1944 αἱ
1534 1918 1601 1953 πρὸς
1618 1920 1715 1954 πρᾶξιν
1732 1929 1814 1946 σπου-

1032 1959 1110 1985 δαίαν
1126 1960 1245 1992 πρόοδοι.
1268 1962 1321 1987 Καὶ
1337 1961 1407 1988 οὕτω
1431 1963 1475 1988 τὸν
1503 1963 1682 1998 ὁλοθρεύοντα
1702 1966 1813 2000 δ;αιρεύ-

1031 2012 1137 2037 γουσιν,
1165 2005 1181 2039 ἢ
1212 2006 1287 2039 παρὰ
1306 2006 1402 2042 θύρας,
1427 2007 1441 2033 ὅ
1466 2016 1560 2041 φασιν,
1590 2010 1814 2046 ἀφιέντες-ἥκειν

1031 2050 1145 2081 ἐκεῖνον,
1167 2052 1221 2077 εἴτε
1239 2052 1285 2078 καὶ
1304 2052 1513 2087 θυροκρουστεῖν
1526 2056 1565 2086 εις
1583 2057 1671 2084 κενόν.

1066 2100 1118 2123 κα¹.
1141 2097 1226 2123 Τοῦτο
1249 2098 1279 2123 τὺ
1307 2095 1386 2133 αἷμα,
1415 2099 1493 2126 τοῦτο
1517 2101 1547 2126 τὸ
1576 2102 1661 2136 μύρον
1685 2103 1813 2136 ἁειζωτας

1031 2143 1179 2177 τεκμήρια,
1200 2144 1247 2169 καὶ
1260 2143 1305 2170 τοῦ
1325 2145 1425 2176 εὑῶδες
1440 2146 1498 2181 Θεῷ
1521 2147 1566 2173 τὸν
1583 2148 1709 2184 μάρτυρα
1729 2159 1813 2185 προσ-

1031 2186 1175 2220 ενηνέχθαι
1189 2186 1324 2222 θυμίαμα.
1344 2188 1560 2225 Ἀντιμετρεῖται
1575 2192 1661 2220 ταῦτα
1684 2197 1724 2226 εις
1748 2196 1813 2222 πολ-

191 2239 250 2272 plet:
265 2237 298 2264 dc
324 2237 422 2271 quibus
449 2244 497 2271 pro
527 2236 637 2263 Christo
666 2237 765 2262 sudore
791 2240 818 2262 et
844 2236 976 2270 sanguine

1038 2230 1160 2263 ιαπλοῦν,
1176 2230 1217 2264 οἷς
1230 2233 1300 2267 ὑπὲρ
1321 2234 1438 2269 Χριστοῦ
1454 2235 1530 2270 ἔχεεν
1547 2238 1640 2271 ἱδρῶσι
1656 2240 1703 2265 καὶ
1727 2241 1812 2275 αἳμα-

191 2283 321 2310 tnanavit.
338 2281 462 2309 Reddcns
475 2282 544 2308 dona
567 2281 708 2314 prtesentia
726 2280 751 2305 iu
773 2279 867 2306 decem
880 2278 974 2311 millia,

190 2329 272 2355 vitam
284 2332 413 2354 aeternam
423 2327 526 2361 adjicit.
545 2325 632 2361 Ipsius
647 2325 757 2359 quidem
771 2324 893 2359 spiritus,
907 2331 974 2351 cor-

191 2373 315 2408 ruptione
340 2372 459 2406 expertis
488 2371 633 2404 voluptatis
661 2370 818 2403 paradistttn
849 2369 973 2402 adeptus,

189 2418 268 2446 nobis
283 2417 397 2444 similem
412 2421 491 2451 parat
517 2416 643 2450 gratiam,
672 2422 725 2449 qua
746 2415 841 2442 obvius
870 2414 974 2441 custodi

189 2467 217 2490 et
232 2461 357 2496 agricola:
375 2462 455 2495 hujus
471 2461 619 2494 incorrupti
647 2459 726 2486 vireti
753 2459 792 2492 lit,
820 2464 846 2486 et
871 2459 974 2493 primo-

189 2516 250 2535 rum
270 2512 412 2542 parentum
426 2507 505 2534 nobis
520 2507 638 2534 restituit
663 2505 850 2533 htereditatem
869 2512 883 2531 a
919 2512 972 2539 qua

190 2553 288 2580 diaboli
301 2553 400 2579 invidia
415 2553 627 2583 excideramus;
648 2552 733 2586 ipsius
752 2556 844 2578 autem
873 2557 972 2584 corpus

189 2599 308 2634 paradisi
326 2600 412 2626 instar
428 2599 505 2626 nobis
522 2599 748 2626 delectatncntum
776 2599 815 2627 lit.
833 2605 887 2624 non
926 2604 972 2624 so~

188 2647 242 2674 lum
259 2646 379 2680 pulchris
396 2653 455 2680 quae
471 2650 500 2672 ut
513 2652 619 2679 semper
630 2644 791 2678 colligimus,
822 2643 870 2671 sed
887 2648 913 2671 et
940 2650 972 2670 co

187 2693 259 2727 qttod
273 2692 299 2718 in
312 2691 370 2725 ipso
389 2690 532 2725 magnifica
546 2690 602 2723 ejus
618 2690 753 2716 mirabilia
770 2690 971 2722 couspiciamus

185 2744 213 2766 et
230 2737 360 2773 unguenti
382 2736 543 2763 stillationcs
570 2741 598 2762 et
630 2735 769 2770 sanguinis
796 2734 853 2762 fere
886 2742 972 2770 usque

185 2785 219 2811 ad
229 2783 424 2811 abundantiam
442 2783 599 2810 cbttllientia
618 2781 730 2809 llutnina
756 2790 817 2817 qua:
840 2787 970 2817 perpetuo

186 2835 310 2863 aestuant,
324 2835 352 2857 et
365 2830 473 2857 lanceas
489 2836 558 2863 quas
574 2829 716 2856 arboribus
733 2837 747 2855 a
765 2828 820 2855 Deo
841 2828 969 2862 plantatis

187 2876 385 2913 aeqttiparatnus
413 2875 525 2911 pulchro
551 2875 728 2916 illtL‘cgrpori
752 2875 875 2910 martyrii
905 2880 969 2902 tetu-

1030 2284 1092 2301 σιν·
1120 2277 1150 2308 ὃς
1174 2278 1317 2311 ἀποδιδοὺς
1342 2280 1376 2306 τὰ
1403 2281 1520 2308 ἐνταῦθα
1551 2285 1589 2315 εὶς
1616 2286 1812 2319 μυριοπλάσιον

1029 2323 1238 2358 προσεπιτίθησι
1262 2325 1309 2351 καὶ
1332 2325 1404 2361 ζωὴν
1433 2327 1554 2355 αἰώνιον.
1581 2330 1682 2356 Τούτου
1705 2331 1735 2358 τὸ
1761 2331 1812 2366 μὲν

1027 2367 1148 2412 πνεῦμα,
1165 2370 1320 2406 παραδείσῳ
1343 2372 1383 2406 τῷ
1407 2373 1456 2408 τῆς
1480 2374 1620 2409 ἀκηράτου
1640 2378 1746 2412 τρυφῆς
1768 2379 1812 2404 ἑν-
1850 2383 1853 2385 “

1025 2411 1212 2448 διαιτώμενον,
1230 2417 1456 2452 πραγματεύεται
1479 2422 1526 2447 καὶ
1546 2421 1612 2456 ἡμῖν
1638 2421 1688 2456 τὴν
1714 2411 1815 2457 ι’ίμοίανγ
1842 2433 1847 2436 ·

1026 2457 1115 2492 χάριν,
1134 2456 1174 2490 οἷς
1189 2461 1349 2496 ἐντυγχάνει
1367 2463 1405 2497 τῷ
1427 2464 1569 2500 μελεδωνῷ
1589 2467 1636 2493 καὶ
1652 2456 1805 2504 φυτηκόμῳ

1090 2506 1203 2554 ἀφθίτου
1223 2509 1330 2543 ὲκεὶνης
1353 2511 1495 2545 φυταλιᾶς,
1513 2513 1561 2539 καὶ
1576 2514 1625 2548 τὴν
1640 2504 1814 2554 προγονικὴν]

1025 2551 1091 2585 ἡμῖν
1113 2553 1243 2588 ἐπανάγει
1269 2555 1464 2590 κληρονομίαν,
1480 2555 1514 2592 ἦς
1542 2558 1638 2592 φθόνος
1664 2562 1809 2596 σατανικὸς

1024 2597 1097 2631 ἡμᾶς
1112 2599 1256 2634 ἀπήγαγε·
1275 2600 1306 2626 τὸ
1331 2601 1359 2626 δὲ
1384 2601 1463 2636 σῶμα
1481 2603 1647 2637 παραδείσου
1667 2601 1724 2631 οἷον
1738 2605 1807 2641 ⁴ἡμῖν

1025 2644 1187 2678 ἑντρύφημα
1204 2646 1317 2678 γίνεται,
1334 2647 1364 2673 οὐ
1381 2648 1461 2681 μόνον
1476 2646 1517 2680 οἷς
1532 2650 1636 2676 ἐκεῖθεν
1652 2640 1813 2687 δρεπόμεθαλ

1024 2689 1115 2720 καλοῖς
1128 2689 1165 2720 ὡς
1178 2691 1319 2723 ἑκάστοτε,
1332 2692 1400 2719 ἀλλὰ
1415 2694 1461 2720 καὶ
1475 2691 1514 2725 οἷς
1529 2695 1559 2720 ἑν
1574 2695 1660 2730 τούτῳ
1681 2696 1715 2722 τὰ
1736 2696 1807 2722 ὲκεί-

1024 2744 1069 2761 νου
1084 2737 1301 2772 μεγαλοπρεπῶς
1315 2738 1453 2773 θαυμάσια
1468 2725 1679 2776 διοπτανόμεθσ,
1696 2743 1752 2774 τοῖς
1776 2725 1813 2787 te:

1024 2782 1203 2816 μυρορῤόαις,
1219 2785 1265 2809 καὶ
1280 2785 1335 2815 τοῖς
1348 2785 1396 2810 τοῦ
1411 2785 1528 2820 αἵματος
1554 2787 1654 2821 μικροῦ
1681 2788 1729 2814 καὶ
1754 2796 1805 2814 κυ-

1025 2828 1135 2862 ματίαις
1154 2829 1199 2855 διὰ
1214 2830 1243 2855 τὸ
1265 2830 1400 2865 πλήσμιον
1423 2832 1567 2866 ποταμοῖς,
1584 2832 1609 2858 οἳ
1626 2832 1739 2859 αὐτόθεν
1761 2835 1806 2860 ἐκ-

1023 2873 1170 2900 κύπτουδιν
1187 2875 1226 2906 εἰς
1254 2875 1379 2909 ὰένναον,
1400 2878 1445 2903 καὶ
1477 2879 1536 2908 ταῖς
1556 2877 1678 2912 λόγχαις,
1707 2878 1740 2910 ἃς
1767 2879 1806 2911 εἰς
