1960 3074
118 135 170 168 18')

114 242 322 276 ἐμφυτευοέντα
345 242 379 279 ἦν
402 246 445 273 ὅτε
462 248 581 283 σώματι,
604 253 652 278 καὶ
675 255 715 284 εἰς
736 242 900 289 παράδεισον

112 290 218 322 τρυφῆς
235 290 301 316 αὐτὸ
318 291 367 324 τῆς
383 293 452 320 κατὰ
468 296 576 329 πνεῦμα
590 297 820 327 διασκευάσαντα.

225 336 367 364 Ἐντεῦθεν
382 339 463 374 ἡμεῖς
488 342 534 368 καὶ
559 344 598 374 είς
622 345 706 379 ἄλλην
725 346 900 381 διαϐαίνομεν

113 379 266 427 ενῢύμησιν
284 383 473 419 ὁμοιότροπον,
489 387 513 413 ει
531 389 577 414 καὶ
593 389 631 424 μὴ
644 390 715 418 οὕτω
728 393 799 418 πάνυ
817 379 901 427 μεγα-

114 425 324 460 λοπρεπέστατα
334 429 460 464 ἔχουσαν·
477 434 524 459 καὶ
540 434 570 460 τὸ
581 435 610 461 ἐν
631 436 724 471 Ἐδεὶμ
738 425 822 470 ἄλσος
836 425 900 466 ἀνα-

115 471 253 506 πολοῦμεν
269 474 310 505 εἰς
325 476 397 507 νοῦν,
427 478 474 504 καὶ
499 479 547 511 τὰς
574 481 632 507 ἐκεῖ
659 483 751 516 πηγὰς
777 485 825 510 καὶ
851 485 900 517 τὰς

115 518 251 563 φοίνικας,
271 521 318 547 καὶ
333 523 544 558 παραβάλλομεν
562 526 601 557 εἰς
618 527 764 563 ὁμοιότητα
781 530 811 555 το
829 532 900 558 κατὰ

114 562 160 588 τὸν
179 563 309 599 μάρτυρα
322 567 369 593 καὶ
381 567 426 594 τὸν
446 569 562 604 Ἰσραήλ.
576 571 645 603 Τοὺς
657 562 805 608 καθ’νὴμᾱς
817 575 900 608 λαοὺς

114 608 161 635 τοῦ
184 609 252 636 Θεοῦ
270 611 426 647 θεωροῦμεν
446 616 687 650 παρεμϐάλλοντας
709 620 844 652 ἐνταυθοῖ,
862 622 900 653 ὡς

172 656 273 690 χωρίον
301 658 382 692 ίερῶς
397 662 543 694 τρυφερὸν,
564 663 611 689 καὶ
640 664 900 701 ὲπαναπανομένους

112 700 152 735 τῷ
165 702 277 735 τεμένει
289 704 397 737 τούτου,
414 706 428 732 ὃ
447 707 495 733 καὶ
516 710 587 741 φυτὰ
600 709 693 745 ὥσπερ
716 713 743 738 at
770 700 899 749 ἐμπεπη-

112 747 189 779 γυίαι
205 747 302 783 λόγχαι
319 750 488 786 ἐκόσμησαν,
516 755 562 780 καὶ
587 756 675 789 πηγαὶ
690 757 718 783 δὲ
743 747 899 794 ποταμηδον

113 793 271 839 εκρέουσαι,
286 796 332 821 καὶ
348 797 423 831 μύρα
435 799 479 824 καὶ
491 800 604 834 αἵματα,
621 799 684 836 ὧνὴ
701 803 807 837 πηγαία
818 793 899 839 νχύσις

113 838 151 870 ὼς
181 839 211 871 ἐξ
239 840 358 867 ἀϐύσσου
377 843 426 877 τῆς
455 845 613 880 μυροοήκης
645 838 845 880 ἀνασαίνουσαγ,
869 851 898 877 τδ

114 886 260 920 πρόσωπον
279 888 351 915 ἅπαν
366 889 470 921 ποτίζει
486 891 534 926 τῆς
548 893 608 926 γῆς.
619 893 675 920 Οὐκ
690 894 748 921 ἔστι
765 896 818 930 γὰρ
831 896 897 922 ὅπου

114 933 152 967 μὴ
166 932 322 968 διαδὸσιμον
348 936 452 968 γίνεται
476 937 506 963 τὸ
531 938 622 971 καλὸν,
649 941 840 976 συνδιατρὲχον
860 943 898 978 τῷ

113 979 193 1013 ἡλίῳ,
225 981 272 1007 καὶ
299 983 436 1017 πανταχοῦ
461 984 511 1018 τῆς
537 986 701 1021 οἰκουμένης
728 987 897 1022 ἱκνούμενον.

112 1026 214 1052 Τοῦτον
229 1026 275 1052 τὸν
289 1027 371 1055 τόπον
385 1029 431 1055 καὶ
448 1028 569 1065 ποταμὸν
584 1030 642 1057 ἐστι
667 1032 734 1058 Θεοῦ
747 1033 899 1065 Δαυῑτικῶς

113 1075 286 1108 προσειπεῖν,
313 1075 363 1110 οὐχ
383 1076 487 1104 ὑδάτων
507 1078 736 1113 πεπληρωμένον,
763 1080 780 1106 ἃ
810 1081 898 1114 μάτην

112 1117 281 1151 πλανῶνται,
301 1120 368 1147 ἀλλὰ
382 1122 509 1156 προχοῶν
522 1124 674 1158 σωτηρίων,
690 1125 725 1151 δι’
741 1122 780 1152 ὧν
796 1126 900 1161 ἀναψύ-

112 1172 208 1199 χονται
225 1165 326 1199 νοερῶς
336 1167 360 1192 oi
375 1167 561 1200 ἐκλείποντες.

149 1219 203 1249 κγ’.
221 1216 314 1243 Ἔστιν
330 1218 403 1252 ἡμῖν,
415 1216 437 1245 ὦ
450 1219 565 1254 μάρτυς,
581 1220 671 1254 λέγειν
692 1222 773 1249 ἄλλον
786 1223 897 1258 τρόπον,

113 1261 187 1297 ἥπερ
197 1262 222 1288 οἱ
240 1262 322 1289 πάλαι
335 1263 497 1296 ἁγιοκτόνοι,
513 1274 523 1291 ι
538 1265 574 1292 Τὸ
588 1265 656 1301 αἷμα
670 1267 699 1294 τὸ
712 1268 757 1294 σὺν
769 1269 812 1302 ἐφ’
825 1269 899 1304 ἡμᾶς

113 1307 162 1333 καὶ
178 1307 225 1333 ἐπὶ
236 1309 271 1334 τὰ
283 1309 364 1336 τέκνα
378 1310 466 1345 ἡμῶν.
486 1320 496 1337 ›
512 1312 573 1338 Τῶν
589 1313 618 1338 ὲν
635 1312 684 1347 βίῳ
704 1313 739 1339 τὰ
760 1315 790 1340 ὲν
804 1315 897 1350 σαρκὶ,

114 1353 169 1380 τῶν
185 1353 238 1386 ἔξω
254 1354 313 1389 βίου
338 1355 374 1382 τὰ
395 1358 578 1392 πνευματικά.
600 1358 694 1391 Τούτῳ
716 1359 770 1393 γὰρ
790 1361 837 1386 καὶ
860 1360 898 1391 ὠς

115 1397 171 1426 οἷον
189 1400 296 1436 σημείῳ
320 1402 373 1429 τινὶ
398 1402 429 1428 τὸ
455 1402 527 1428 θεῖον
553 1403 635 1437 ἡμεῖς
666 1405 898 1440 παραδηλούμεθα

116 1446 254 1480 ποίμνιον,
279 1447 326 1474 καὶ
350 1447 380 1474 τὸ
406 1447 540 1482 ζωογόνον
557 1449 793 1486 ἀναρρωννύμεθα
814 1453 899 1479 πολυ-

116 1491 322 1524 «bonitati-rer
351 1493 366 1520 ὃ
381 1493 413 1529 δὴ
432 1494 479 1520 καὶ
503 1496 569 1522 ὡσεὶ
589 1496 715 1523 κόκκινον
733 1498 846 1524 ἐπανθεῖ
860 1499 899 1533 τῷ

689 153 732 182 LA
739 154 762 183 U
769 155 884 186 D.\Tlt)
900 156 928 185 S.
949 157 997 187 DE
1003 159 1151 190 METRH.

113 195 282 229 Θέοτὺτευτα
301 197 395 234 ἒὲνδρα
419 203 633 239 παρομοιοῦμεν,
652 207 690 242 τῷ
719 209 795 243 καλῷ
810 212 897 245 τούτῳ
913 211 934 239 Δ

1685 167 1734 200 186

949 222 1012 247 pore
1028 216 1156 249 plantatis
1177 222 1204 244 et
1227 218 1303 251 quasi
1329 219 1356 246 in
1387 221 1514 254 paradiso
1537 223 1682 258 voluptatis
1700 232 1735 253 eo

965 261 1085 287 sacundu
1099 269 1115 288 ιι
1145 262 1270 296 spiritum
1289 266 1435 293 ordinatis.

987 350 1032 377 εἰ.
1051 352 1115 378 Inde
1133 353 1159 379 in
1177 353 1256 380 aliam
1273 357 1460 390 progredimur
1484 358 1599 386 similem
1630 360 1734 395 cogita-

953 395 1061 428 tionem,
1077 397 1139 425 licet
1153 406 1205 425 non
1219 405 1271 426 tam
1283 402 1463 435 magniﬁcam,
1476 408 1502 430 et
1515 404 1621 432 hortum
1633 414 1735 433 nemo—

951 446 1038 468 ratum
1055 443 1081 469 in
1099 443 1268 472 Edenanimo
1296 453 1452 481 reputamus
1474 449 1547 476 etibi
1573 451 1736 480 exsistentes

951 487 1039 514 fontes
1050 494 1075 515 et
1088 490 1202 522 palmus,
1240 498 1270 517 ac
1288 492 1313 518 in
1345 494 1549 523 similitudinem
1577 497 1736 525 adducimus

951 539 1089 561 narratum
1106 537 1138 562 de
1155 540 1273 572 martyre
1286 539 1356 565 etde
1369 539 1588 575 lsrael.Populus
1621 543 1667 570 Dei
1685 551 1735 570 no-

951 580 1074 606 5trosbic
1089 582 1219 609 turbalim
1233 588 1341 610 coactos
1356 585 1478 612 videmus
1512 595 1628 621 anquam
1646 588 1672 615 in
1687 589 1737 617 dc-

951 625 1020 652 liciis
1032 627 1118 653 sacris
1131 628 1291 655 exuberanti
1308 629 1366 656 loco
1379 635 1403 656 et
1419 632 1444 657 in
1462 632 1533 658 illius
1549 640 1626 660 sacro
1639 642 1735 668 recep-

952 671 1043 698 taculo
1060 673 1245 705 considentes,
1260 676 1331 709 quod
1348 676 1544 709 plumariorum
1563 679 1647 706 instar
1671 680 1734 707 inti-

951 724 991 743 χιε
1003 716 1103 744 lancea!
1114 725 1278 746 ornaverunt
1290 726 1316 747 et
1332 721 1419 749 fontes
1434 722 1572 751 inamnem
1586 726 1737 752 scaturien-

952 767 1002 795 tes,
1018 768 1042 790 et
1059 769 1194 798 unguenta
1211 770 1237 792 et
1250 767 1360 801 sanguis
1375 775 1492 802 quarunt
1510 769 1626 797 ﬂuvialis
1640 770 1736 798 etTusio

951 811 1077 842 tanquam
1087 817 1118 835 ex
1129 812 1305 843 unguentaria
1315 812 1439 840 thesauro
1453 815 1612 846 ascendens,
1625 823 1732 842 omnem

952 858 1028 881 terrre
1040 855 1137 882 faciem
1153 856 1258 891 irrigat.
1289 857 1346 884 Non
1364 862 1405 885 est
1422 860 1495 886 enim
1512 867 1561 886 cur
1575 869 1625 887 non
1643 866 1736 887 trans-

951 900 1076 927 mittatur
1089 901 1230 935 pulchrum
1251 902 1361 934 donum,
1377 912 1437 930 cum
1454 905 1511 932 sole
1531 913 1644 933 currens
1658 911 1685 933 et
1709 907 1735 933 in

948 953 1055 973 omnem
1073 951 1172 973 terram
1190 947 1294 975 exiens.
1304 947 1393 976 Locus
1401 955 1428 976 et
1439 949 1536 977 ﬂuvius
1547 950 1592 978 Dci
1608 951 1736 979 Davidico

949 998 1023 1018 more
1038 992 1221 1024 honorandus,
1236 1001 1288 1021 non
1305 995 1383 1029 aquis
1396 995 1492 1029 plenus
1509 1005 1568 1031 qua:
1593 998 1618 1024 in
1635 1006 1733 1024 vanum

948 1041 1049 1069 errant,
1062 1039 1108 1065 sed
1128 1039 1261 1068 salutares
1282 1048 1367 1074 aquas
1388 1042 1531 1070 elTundens
1554 1043 1653 1077 quilms
1678 1044 1736 1078 spi-

949 1082 1082 1110 ritualitcr
1094 1084 1206 1112 sedatur
1221 1086 1407 1115 deﬁcientium
1419 1088 1491 1116 sitis.

983 1223 1028 1251 23.
1041 1224 1168 1252 Nostrum
1185 1231 1237 1258 est,
1250 1234 1266 1254 ο
1279 1231 1391 1262 martyr,
1409 1227 1462 1255 alio
1474 1229 1553 1255 modo
1581 1236 1661 1263 quam
1686 1236 1734 1256 ve-

950 1273 1020 1298 teres
1032 1275 1186 1298 sanctorum
1200 1272 1335 1300 occisorcs
1343 1273 1431 1300 dicere
1445 1281 1453 1300 :
1469 1283 1478 1299 ι
1487 1273 1602 1309 Sanguis
1618 1279 1679 1302 tuus
1690 1283 1737 1302 su—

949 1322 997 1349 per
1011 1323 1060 1343 nos
1071 1320 1187 1350 etsuper
1199 1317 1266 1344 ﬁlios
1278 1321 1392 1344 nostros.
1408 1327 1417 1342 ι
1433 1318 1581 1351 Quisaaculi
1592 1324 1665 1352 sunt,
1678 1328 1738 1354 qua:

949 1360 1040 1387 carnis
1053 1362 1246 1395 suntsapiunt,
1265 1363 1311 1397 qui
1323 1367 1400 1391 extra
1430 1364 1558 1392 saeculum
1584 1370 1648 1392 sunt
1675 1373 1736 1400 qua

949 1403 1112 1438 spiritualia.
1130 1404 1250 1440 Namque
1276 1406 1328 1433 hoc
1354 1406 1431 1441 quasi
1457 1406 1590 1442 symbolo,
1615 1407 1737 1435 divinum

949 1450 1119 1477 ostendimur
1130 1450 1200 1477 ovile
1221 1459 1270 1478 nos
1283 1458 1343 1479 esse
1361 1456 1388 1479 et
1411 1451 1577 1480 fecunditate
1602 1453 1739 1480 conforta-

951 1502 1010 1521 mur
1026 1495 1212 1529 multiplicati;
1229 1497 1338 1531 sanguis
1365 1501 1428 1524 tuus
1453 1501 1580 1531 tanquam
1610 1498 1737 1525 coccinea

118 1538 157 1572 σῷ
169 1538 257 1574 τούτῳ
272 1539 339 1573 ναῷ,
364 1539 413 1574 οὐχ
428 1537 520 1575 ἦττον,
544 1541 561 1576 ἢ
586 1542 616 1567 τὸ
641 1542 756 1569 παλαιὸν
771 1544 804 1578 τῇ
828 1545 899 1570 κατὰ

955 1541 1055 1567 cortina
1073 1541 1143 1568 istud
1157 1547 1232 1568 tuum
1251 1547 1385 1576 purpurat
1411 1543 1538 1577 templum
1566 1550 1619 1570 non
1647 1543 1739 1570 minus

117 1586 201 1619 νόμον
224 1587 322 1620 σκηνῇ.
348 1586 405 1612 οὐκ
422 1585 480 1613 ἔστι
509 1595 550 1614 σοι
577 1587 607 1614 τὸ
632 1589 774 1615 Δαυῖτικδν
792 1590 900 1624 λέγειν·

121 1640 131 1656 ι
147 1632 196 1664 Τίς
216 1631 335 1666 ὠφέλεια
349 1633 379 1659 ὲν
391 1633 430 1667 τῷ
445 1632 542 1668 αἵματί
558 1642 622 1668 μου,
641 1643 650 1660 ι
669 1635 710 1661 ὅτι
734 1635 801 1670 μηδὲ
817 1637 903 1662 κατά-

119 1678 199 1709 ϐασις
215 1678 327 1711 γέγονεν
341 1678 380 1709 είς
395 1678 558 1714 διαφθοράν;
576 1680 631 1711 Πᾶς
649 1681 702 1715 γὰρ
717 1681 842 1707 ὁστισοῦν
857 1682 905 1708 αὐ-

119 1723 166 1749 τοῦ
182 1723 345 1758 ἀρυόμενος,
364 1723 414 1750 οὐκ
431 1723 505 1751 ἔστιν
521 1725 618 1757 εἰπεῖν,
634 1725 696 1751 ὅσον
712 1725 904 1760 ὠφελούμενος

121 1770 234 1804 βελτίων
247 1770 366 1802 ἄπεισιν,
382 1769 561 1805 ἁγιαζόμενος
572 1770 611 1802 εἴς
622 1779 651 1797 τε
663 1771 752 1807 σάρκα
764 1773 811 1799 καὶ
822 1771 902 1807 αἷμα,

121 1816 328 1851 ἀναζωοῡμενος
347 1816 431 1852 ζωὴν,
456 1817 723 1852 προσεπιλαμϐάνων
746 1819 811 1850 πᾶν,
835 1819 849 1845 ὃ
876 1827 903 1845 τι

120 1863 174 1889 δέοι
188 1862 285 1890 παθεῖν
299 1862 411 1897 ἀγαθὸν,
429 1863 593 1897 ἐξευρίσκων
607 1862 682 1890 αὐτὸ.
698 1864 734 1890 Ἢ
749 1864 807 1893 πῶς
818 1866 850 1891 ἄν
863 1873 904 1897 τις

121 1911 255 1946 ἀδυναμία
280 1910 320 1937 εἰς
348 1910 429 1945 ἔργον
454 1910 699 1945 κατακαυχὴσηται
733 1910 837 1942 τοῦτον,
866 1910 904 1941 ὡς

122 1958 218 1989 εἰπεῖν,
236 1956 376 1989 ἀλίϐαντα,
391 1957 422 1982 τδ
442 1955 490 1982 τοῦ
509 1956 648 1991 μάρτυρος
663 1956 766 1991 γήϊνον,
787 1956 838 1982 οὐκ
862 1957 904 1987 είς

122 2003 233 2034 λιϐάδας
255 2003 334 2037 μόνον
355 2003 512 2037 τεραστίας,
540 2002 608 2029 ἀλλὰ
640 2002 686 2028 καὶ
715 2003 755 2032 εἰς
778 2002 904 2036 ἐκρύπτις

124 2051 170 2076 θαυ
176 2048 362 2084 ματοὸρύτους
379 2049 534 2080 ἀνοίξαντος
545 2057 551 2080 ;

157 2095 205 2123 κδ’.
221 2096 367 2130 Μυστήρια
380 2095 428 2121 καὶ
442 2094 526 2120 ταῦτα
538 2094 588 2120 οὐκ
603 2095 636 2121 ἐκ
652 2095 705 2121 τῶν
719 2095 825 2131 πόρρω,
836 2094 904 2121 ἀλλὰ
937 2093 942 2098 ’

122 2142 174 2168 τῶν
196 2141 238 2167 ὅτι
257 2140 374 2174 μάλιστα
394 2141 537 2173 ἐγγυτάτω
559 2140 831 2174 προκαταϐἐϐληνται
854 2140 904 2173 τῆς

122 2187 210 2214 ἐκεῐτε
225 2187 274 2213 καὶ
283 2185 440 2217 τελευταίας
455 2186 502 2212 καὶ
517 2187 627 2212 αἰωνίου
640 2187 722 2220 ζωῆς.
738 2186 822 2213 Πόθεν
833 2187 902 2217 ἐκεῖ,

124 2233 200 2266 φασὶ,
219 2233 278 2262 τοῖς
305 2231 501 2265 ἑγηγερμὲνοις
529 2231 639 2266 σώμασι
659 2232 689 2258 τὺ
715 2232 903 2264 συνίστασθαι,

123 2279 188 2305 ὅπου
203 2278 308 2313 τροφῆς
333 2276 370 2310 μὴ
386 2275 459 2302 ἐστιν
475 2277 619 2312 ὲπίρῤοια;
638 2277 703 2303 Λύει
719 2278 731 2303 ὁ
755 2277 859 2312 μάρτυς
875 2277 904 2303 τὸ

124 2322 234 2356 ἄπορον.
247 2321 329 2346 ’Όθεν
347 2319 418 2353 ἐμοὶ,
434 2319 526 2353 φησιν,
545 2319 661 2347 ἐνταῦθα
676 2321 691 2355 ἡ
708 2320 839 2354 ζωογόνος
851 2320 905 2347 τῶν

123 2365 247 2398 αἱμάτων
262 2364 406 2398 ἁπόρῤοια.
421 2363 518 2389 Θεόοεν
542 2363 631 2391 τοῦτο.
656 2364 775 2390 Ἐκεῖθεν
788 2364 843 2399 ἄρα
858 2364 905 2390 καὶ

123 2410 211 2437 ἐκεῖνο
226 2410 241 2435 ὁ
256 2410 378 2443 ἐχέφρων
395 2409 543 2443 λογίσεται.
559 2409 693 2443 «Ἀνδρας
706 2409 830 2443 αίμάτων
845 2409 905 2444 βδε-

122 2454 250 2481 λύσσεται
264 2454 375 2488 Κύριος.
391 2463 401 2480 ι
418 2454 543 2481 Τοιοῦτον
557 2454 585 2480 δὲ
602 2456 647 2480 καὶ
662 2455 691 2480 τὸ
706 2455 838 2489 τύραννον
853 2454 906 2488 φῦ-

123 2501 178 2534 λον,
195 2500 295 2530 ἀδίκως
309 2500 403 2534 ὲκχέον
418 2499 532 2534 αἵματα,
546 2500 593 2526 καὶ
610 2500 730 2534 μάλισίν,
748 2500 812 2526 ὅταν
834 2500 905 2535 ὑπὲρ

124 2543 244 2578 Χριστοῦ
265 2544 356 2569 ἐκεῖνα
375 2543 503 2578 χέωνται.
520 2544 626 2570 Οὐκοῦν
641 2544 689 2570 καὶ
709 2544 831 2576 ἐκείνους
849 2545 908 2580 βδε-

126 2589 253 2616 lunarat.
270 2589 382 2623 Κύριος.
399 2590 430 2616 Et
447 2589 475 2616 δὲ
499 2589 586 2620 τοῦτο,
614 2591 662 2617 καὶ
688 2590 824 2625 ὲπαμύνει
851 2591 907 2622 τοῖς

128 2635 303 2669 ἐκχεομένοις
319 2634 427 2668 αἵμασι,
439 2635 485 2662 καί
498 2643 562 2662 ποτε
576 2635 647 2662 οὕτω
661 2636 767 2671 κρίνας,
784 2636 822 2668 ὥς
838 2635 907 2663 οἶδεν

124 2680 228 2709 ἐκεῖνος
238 2678 350 2706 διαιτῶν
365 2679 485 2706 εὐθετεῖν
504 2680 551 2706 καὶ
565 2680 717 2716 οἰκονομεῖν
734 2680 908 2717 ἀποκαθιστᾷ

124 2724 180 2755 τοῖς
198 2723 380 2757 μαβυρικοῖς
393 2723 502 2758 σώμασι
516 2724 546 2750 τὸ
561 2725 735 2760 ἐκχεόμενον,
748 2725 821 2760 καὶῆ
840 2726 909 2760 πρὸς

125 2771 220 2803 καιρὸν
235 2767 278 2802 (τὸ
291 2767 406 2802 καινὸν),
432 2768 448 2803 ἦ
465 2770 512 2795 καὶ
531 2769 572 2799 είς
586 2769 695 2795 αἰώνιον
719 2769 759 2803 (τὸ
783 2770 909 2795 καινότα-

121 2815 191 2849 τον)·
208 2814 223 2841 ὃ
237 2814 271 2849 δὴ
289 2813 328 2849 τῷ
345 2815 470 2850 ἡμετέρῳ
489 2816 606 2850 μάλιστα
622 2816 772 2852 ἐπιπρέπει
787 2816 908 2852 μάρτυρι

124 2860 404 2896 πεπραγματευμένῳ
432 2862 499 2896 πρὸς
521 2862 588 2889 Θεοῦ
614 2863 659 2889 τοῦ
685 2863 908 2897 μαρτυρηθέντος

954 1588 1077 1620 quamde
1091 1587 1175 1614 veteri
1197 1586 1273 1619 juxta
1285 1587 1372 1621 legem
1404 1588 1577 1615 tabernaculo
1601 1588 1740 1622 continge-

954 1633 1010 1659 bat.
1026 1632 1113 1659 Tuum
1127 1640 1178 1659 non
1193 1637 1233 1660 est
1245 1640 1306 1660 cum
1319 1633 1421 1661 Davide
1432 1633 1509 1660 etIari
1525 1643 1532 1661 :
1549 1641 1560 1653 ι
1592 1634 1658 1667 Quae
1684 1633 1734 1660 uti~

954 1678 1014 1705 litas
1025 1678 1050 1705 in
1061 1679 1190 1713 sanguine
1199 1686 1270 1710 meo,
1283 1679 1344 1713 quia
1356 1686 1408 1706 non
1419 1679 1543 1707 descendi
1554 1679 1741 1713 incorruptio-

954 1724 1056 1751 nem?)
1082 1723 1273 1760 Unusquisque
1299 1726 1372 1752 enim
1392 1733 1463 1753 exeo
1489 1726 1619 1757 hauriat;
1646 1725 1740 1752 dicen-

954 1770 1016 1797 dum
1036 1778 1087 1798 non
1103 1775 1145 1798 est
1162 1779 1169 1797 :
1188 1772 1279 1805 inquo
1306 1772 1451 1799 utilitatem
1473 1772 1627 1807 percipiens
1643 1771 1740 1798 melior

954 1814 1055 1847 evadit,
1071 1822 1153 1842 carne
1163 1819 1189 1842 et
1202 1816 1333 1849 sanguine
1347 1816 1542 1848 sanctiﬁcatus,
1560 1815 1616 1842 vita
1644 1815 1739 1842 melio-

955 1864 1040 1890 ratus.
1051 1859 1185 1893 accipiens
1196 1867 1275 1886 omne
1291 1861 1361 1894 quod
1375 1861 1478 1887 sentire
1505 1864 1614 1894 oportet
1638 1860 1738 1887 bonum

954 1905 1006 1932 hoc
1019 1905 1138 1932 invento.
1156 1907 1209 1932 Aut
1222 1913 1281 1940 quae
1295 1906 1328 1932 ad
1339 1913 1407 1939 opus
1424 1905 1583 1940 impotentia
1607 1906 1739 1940 gloriare-

955 1956 1009 1984 tur,
1019 1951 1063 1978 illo
1077 1956 1105 1977 ut
1122 1951 1157 1978 ita
1184 1952 1270 1978 dicam
1287 1951 1415 1978 defuncto
1431 1952 1500 1986 quod
1515 1956 1643 1979 terrestre
1654 1956 1695 1978 est
1711 1951 1738 1978 in

956 2002 1084 2032 martyre,
1103 2004 1163 2023 cum
1176 2003 1279 2031 martyr
1293 2005 1344 2024 non
1358 1997 1444 2024 solum
1461 1999 1492 2024 ad
1507 2002 1595 2031 guttas
1611 1997 1740 2025 minimas

954 2044 1003 2070 se'd
1020 2048 1047 2069 et
1066 2043 1098 2070 ad
1111 2050 1205 2070 omnes
1224 2042 1414 2069 miraculorum
1431 2047 1551 2070 vectores
1569 2045 1679 2077 pateat?

989 2087 1034 2114 ει.
1047 2086 1173 2122 Mysteria
1188 2095 1240 2114 non
1255 2087 1359 2121 leviter,
1378 2089 1424 2115 sed
1454 2089 1578 2122 cxplicite
1600 2097 1740 2123 exponun-

955 2137 999 2159 tur
1016 2133 1048 2159 dc
1060 2133 1110 2160 bac
1123 2133 1190 2160 etde
1202 2138 1300 2160 interna
1316 2133 1379 2160 vita.
1393 2133 1481 2166 Unde,
1497 2135 1582 2166 aiunt,
1593 2142 1738 2170 reSurgen-

956 2180 1026 2206 tibus
1040 2179 1200 2213 corporibus
1216 2180 1387 2208 coalescendi
1398 2181 1513 2208 facultas
1526 2189 1579 2216 quo
1591 2189 1643 2209 non
1670 2183 1738 2209 abiit

956 2223 1077 2251 alimenti
1094 2224 1227 2251 derivatio
1243 2224 1254 2251 ?
1268 2223 1461 2260 Solvitmartyr
1472 2224 1664 2252 ditIicultatem.
1684 2225 1739 2252 Un-

955 2270 1073 2303 demibi,
1084 2269 1182 2303 inquit,
1194 2269 1236 2296 hic
1250 2269 1504 2304 viviticafsanguinis
1517 2270 1629 2297 etTusio'!
1640 2274 1659 2298 Α
1674 2271 1738 2299 Deo.

956 2315 1058 2342 Exinde
1074 2323 1137 2349 ergo
1148 2318 1174 2341 et
1185 2314 1250 2342 illud
1262 2319 1387 2342 sensatus
1399 2315 1552 2349 reputabit:
1566 2325 1575 2342 ι
1591 2316 1668 2344 Viros
1677 2325 1740 2345 san-

956 2361 1065 2395 guinum
1085 2361 1255 2387 abominatur
1273 2359 1412 2388 Dominus.
1426 2370 1435 2386 ι
1453 2361 1546 2388 Talem
1562 2365 1739 2396 tyrannorum

956 2411 1073 2441 gentem,
1083 2405 1182 2440 injuste
1189 2405 1344 2440 sanguinem
1362 2405 1541 2433 eﬂ'undentem
1554 2411 1581 2434 et
1589 2407 1739 2440 praesertim

956 2458 1018 2479 cum
1028 2450 1192 2484 pruChristo
1209 2451 1341 2477 tunditur.
1352 2450 1423 2485 Ergo
1444 2456 1470 2478 et
1480 2451 1545 2478 istos
1566 2452 1740 2479 abominatur

958 2497 1099 2525 Dominus.
1121 2495 1149 2523 Si
1164 2503 1229 2523 vero
1244 2496 1280 2523 ita
1293 2501 1334 2523 est
1349 2515 1357 2526 ,
1375 2496 1532 2530 sanguinem
1549 2504 1654 2531 quoque
1671 2497 1740 2524 etfu-

957 2550 1016 2570 sum
1029 2542 1156 2572 vindicat,
1181 2546 1207 2568 et
1222 2541 1346 2575 judicans
1363 2549 1438 2569 more
1455 2549 1507 2576 quo
1530 2543 1678 2570 decernens
1703 2543 1740 2570 ita

958 2593 988 2616 ut
1003 2594 1076 2616 recte
1091 2589 1247 2623 disponatur
1260 2593 1286 2614 et
1305 2588 1474 2622 providentur
1494 2588 1617 2616 reducem
1639 2593 1740 2624 marty.

959 2635 996 2661 ris
1011 2633 1117 2666 corpori
1133 2632 1290 2666 sanguinem
1303 2632 1376 2664 facit,
1389 2632 1446 2659 sive
1458 2633 1624 2667 temporibus
1640 2633 1741 2660 nostris

959 2678 1042 2714 (quod
1057 2678 1176 2710 mirum).
1196 2677 1252 2704 sive
1264 2677 1373 2704 πῖθι-οἰδ
1384 2677 1511 2712 (maxime
1529 2678 1656 2712 mirum);
1669 2677 1740 2711 quod

960 2728 1081 2752 nostrum
1104 2723 1252 2757 praesertim
1275 2723 1352 2749 decet
1378 2727 1524 2756 martyrem
1548 2722 1592 2756 qui
1610 2722 1676 2748 bene
1691 2728 1740 2754 pro

959 2770 1014 2797 Deo
1028 2773 1153 2804 operatus
1166 2773 1207 2795 est
1221 2773 1247 2795 et
1265 2768 1445 2795 testimonium
1462 2767 1533 2794 dedit
1549 2768 1582 2793 de
1596 2767 1648 2792 vita
1663 2770 1742 2792 reter-

960 2823 1004 2843 na.
1020 2815 1125 2842 Etenim
1142 2818 1228 2841 morte
1245 2814 1390 2841 itnmunem
1415 2821 1467 2841 non
1485 2812 1582 2839 licebat
1599 2818 1658 2837 esse
1679 2818 1739 2836 eunv

960 2861 1004 2896 qui
1017 2861 1066 2888 sub
1087 2864 1191 2888 naturte
1211 2859 1269 2894 lege
1293 2859 1434 2890 manebat,
1455 2864 1507 2891 qua
1528 2861 1552 2883 cl
1572 2855 1689 2890 colligari
1715 2858 1742 2882 et
