  <div class='ocr_page' id='page_1' title='image "/cluster/home/n/w/nwhite01/storage/ocr_20150623/136/njp.32101010942827/111.png"; bbox 0 0 1960 3074; ppageno 0'>
   <div class='ocr_carea' id='block_1_1' title="bbox 216 144 266 178">
    <p class='ocr_par' dir='ltr' id='par_1_1' title="bbox 216 144 266 178">
     <span class='ocr_line' id='line_1_1' title="bbox 216 144 266 178; baseline 0.04 -2"><span class='ocrx_word' id='word_1_1' title='bbox 216 144 266 178; x_wconf 78' lang='grc'><strong>191</strong></span> 
     </span>
    </p>
   </div>
   <div class='ocr_carea' id='block_1_2' title="bbox 566 149 1001 185">
    <p class='ocr_par' dir='ltr' id='par_1_2' title="bbox 566 149 998 181">
     <span class='ocr_line' id='line_1_2' title="bbox 566 149 998 181; baseline 0.005 -2"><span class='ocrx_word' id='word_1_2' title='bbox 566 149 780 180; x_wconf 82' lang='lat' dir='ltr'><strong>EUSTATHII</strong></span> <span class='ocrx_word' id='word_1_3' title='bbox 802 150 998 181; x_wconf 78' lang='lat' dir='ltr'><strong>TIlESSALO</strong></span> 
     </span>
    </p>
   </div>
   <div class='ocr_carea' id='block_1_3' title="bbox 1055 149 1477 185">
    <p class='ocr_par' dir='ltr' id='par_1_3' title="bbox 1055 153 1477 185">
     <span class='ocr_line' id='line_1_3' title="bbox 1055 153 1477 185; baseline 0.005 -2"><span class='ocrx_word' id='word_1_4' title='bbox 1055 153 1177 184; x_wconf 70' lang='lat' dir='ltr'><strong>IENSlS</strong></span> <span class='ocrx_word' id='word_1_5' title='bbox 1199 155 1223 184; x_wconf 83' lang='lat' dir='ltr'><strong><em>M</em></strong></span> <span class='ocrx_word' id='word_1_6' title='bbox 1232 155 1477 185; x_wconf 57' lang='lat' dir='ltr'><strong>ETRUPOLthﬁ</strong></span> 
     </span>
    </p>
   </div>
   <div class='ocr_carea' id='block_1_4' title="bbox 1779 155 1834 188">
    <p class='ocr_par' dir='ltr' id='par_1_4' title="bbox 1779 155 1834 188">
     <span class='ocr_line' id='line_1_4' title="bbox 1779 155 1834 188; baseline 0 0"><span class='ocrx_word' id='word_1_7' title='bbox 1779 155 1834 188; x_wconf 77' lang='lat'><strong>192</strong></span> 
     </span>
    </p>
   </div>
   <div class='ocr_carea' id='block_1_5' title="bbox 208 206 1001 249">
    <p class='ocr_par' dir='ltr' id='par_1_5' title="bbox 208 206 990 242">
     <span class='ocr_line' id='line_1_5' title="bbox 208 206 990 242; baseline 0.005 -10"><span class='ocrx_word' id='word_1_8' title='bbox 208 213 287 234; x_wconf 81' lang='lat' dir='ltr'><strong>casus</strong></span> <span class='ocrx_word' id='word_1_9' title='bbox 305 206 455 239; x_wconf 80' lang='lat' dir='ltr'><strong>constituit,</strong></span> <span class='ocrx_word' id='word_1_10' title='bbox 471 211 496 234; x_wconf 87' lang='lat' dir='ltr'><strong>et</strong></span> <span class='ocrx_word' id='word_1_11' title='bbox 512 211 591 242; x_wconf 99' lang='lat' dir='ltr'><strong>prout</strong></span> <span class='ocrx_word' id='word_1_12' title='bbox 608 208 687 233; x_wconf 88' lang='lat' dir='ltr'><strong>titnor</strong></span> <span class='ocrx_word' id='word_1_13' title='bbox 709 206 827 242; x_wconf 77' lang='lat' dir='ltr'><strong>fugiendi</strong></span> <span class='ocrx_word' id='word_1_14' title='bbox 845 209 915 236; x_wconf 86' lang='lat' dir='ltr'><strong>vires</strong></span> <span class='ocrx_word' id='word_1_15' title='bbox 932 210 990 236; x_wconf 86' lang='lat' dir='ltr'><strong>ade-</strong></span> 
     </span>
    </p>
   </div>
   <div class='ocr_carea' id='block_1_6' title="bbox 1055 206 1832 249">
    <p class='ocr_par' dir='ltr' id='par_1_6' title="bbox 1055 212 1832 249">
     <span class='ocr_line' id='line_1_6' title="bbox 1055 212 1832 249; baseline 0.006 -12"><span class='ocrx_word' id='word_1_16' title='bbox 1055 212 1156 243; x_wconf 63' lang='lat' dir='ltr'><strong>uﬁstr),</strong></span> <span class='ocrx_word' id='word_1_17' title='bbox 1173 212 1233 239; x_wconf 75' lang='grc' dir='ltr'>οὔτε</span> <span class='ocrx_word' id='word_1_18' title='bbox 1249 212 1408 247; x_wconf 69' lang='grc' dir='ltr'>ἀμφιλαφὴς</span> <span class='ocrx_word' id='word_1_19' title='bbox 1424 213 1474 246; x_wconf 77' lang='grc' dir='ltr'>ὕλη</span> <span class='ocrx_word' id='word_1_20' title='bbox 1491 212 1614 245; x_wconf 79' lang='grc' dir='ltr'><strong>σκιάζειν</strong></span> <span class='ocrx_word' id='word_1_21' title='bbox 1637 212 1704 249; x_wconf 72' lang='grc' dir='ltr'>εἶχε,</span> <span class='ocrx_word' id='word_1_22' title='bbox 1722 215 1770 242; x_wconf 76' lang='grc' dir='ltr'><strong>καὶ</strong></span> <span class='ocrx_word' id='word_1_23' title='bbox 1784 215 1832 242; x_wconf 79' lang='grc' dir='ltr'>τοῦ</span> 
     </span>
    </p>
   </div>
   <div class='ocr_carea' id='block_1_7' title="bbox 210 253 990 288">
    <p class='ocr_par' dir='ltr' id='par_1_7' title="bbox 210 253 990 288">
     <span class='ocr_line' id='line_1_7' title="bbox 210 253 990 288; baseline 0.003 -8"><span class='ocrx_word' id='word_1_24' title='bbox 210 258 308 287; x_wconf 73' lang='lat' dir='ltr'><strong>merat;</strong></span> <span class='ocrx_word' id='word_1_25' title='bbox 325 258 380 280; x_wconf 85' lang='lat' dir='ltr'><strong>tum</strong></span> <span class='ocrx_word' id='word_1_26' title='bbox 394 254 469 288; x_wconf 85' lang='lat' dir='ltr'><strong>quasi</strong></span> <span class='ocrx_word' id='word_1_27' title='bbox 489 253 515 280; x_wconf 91' lang='lat' dir='ltr'><strong>in</strong></span> <span class='ocrx_word' id='word_1_28' title='bbox 535 255 665 281; x_wconf 91' lang='lat' dir='ltr'><strong>tumulum</strong></span> <span class='ocrx_word' id='word_1_29' title='bbox 687 253 846 282; x_wconf 79' lang='lat' dir='ltr'><strong>festinanter</strong></span> <span class='ocrx_word' id='word_1_30' title='bbox 861 255 990 282; x_wconf 82' lang='lat' dir='ltr'><strong>eﬂ&#39;ossutn</strong></span> 
     </span>
    </p>
   </div>
   <div class='ocr_carea' id='block_1_8' title="bbox 212 300 991 334">
    <p class='ocr_par' dir='ltr' id='par_1_8' title="bbox 212 300 991 334">
     <span class='ocr_line' id='line_1_8' title="bbox 212 300 991 334; baseline 0 -7"><span class='ocrx_word' id='word_1_31' title='bbox 212 308 315 334; x_wconf 64' lang='lat' dir='ltr'><strong>tetpsos</strong></span> <span class='ocrx_word' id='word_1_32' title='bbox 330 300 517 327; x_wconf 83' lang='lat' dir='ltr'><strong>abstrudcntes</strong></span> <span class='ocrx_word' id='word_1_33' title='bbox 534 303 560 328; x_wconf 92' lang='lat' dir='ltr'><strong>et</strong></span> <span class='ocrx_word' id='word_1_34' title='bbox 576 304 667 334; x_wconf 88' lang='lat' dir='ltr'><strong>patere</strong></span> <span class='ocrx_word' id='word_1_35' title='bbox 681 300 745 334; x_wconf 81' lang='lat' dir='ltr'><strong>ipsis</strong></span> <span class='ocrx_word' id='word_1_36' title='bbox 760 300 841 326; x_wconf 87' lang='lat' dir='ltr'><strong>etiam</strong></span> <span class='ocrx_word' id='word_1_37' title='bbox 860 305 991 327; x_wconf 86' lang='lat' dir='ltr'><strong>tartarum</strong></span> 
     </span>
    </p>
   </div>
   <div class='ocr_carea' id='block_1_9' title="bbox 211 345 990 380">
    <p class='ocr_par' dir='ltr' id='par_1_9' title="bbox 211 345 990 380">
     <span class='ocr_line' id='line_1_9' title="bbox 211 345 990 380; baseline 0 -8"><span class='ocrx_word' id='word_1_38' title='bbox 211 347 362 380; x_wconf 84' lang='lat' dir='ltr'><strong>cupientes.</strong></span> <span class='ocrx_word' id='word_1_39' title='bbox 385 345 494 373; x_wconf 90' lang='lat' dir='ltr'><strong>luterim</strong></span> <span class='ocrx_word' id='word_1_40' title='bbox 519 346 616 373; x_wconf 94' lang='lat' dir='ltr'><strong>adsunt</strong></span> <span class='ocrx_word' id='word_1_41' title='bbox 641 345 732 372; x_wconf 85' lang='lat' dir='ltr'><strong>alieni.</strong></span> <span class='ocrx_word' id='word_1_42' title='bbox 748 345 770 372; x_wconf 93' lang='grc' dir='ltr'>Ο</span> <span class='ocrx_word' id='word_1_43' title='bbox 787 346 883 372; x_wconf 90' lang='lat' dir='ltr'><strong>mirum</strong></span> <span class='ocrx_word' id='word_1_44' title='bbox 898 346 990 377; x_wconf 85' lang='lat' dir='ltr'><strong>prodi-</strong></span> 
     </span>
    </p>
   </div>
   <div class='ocr_carea' id='block_1_10' title="bbox 212 391 992 426">
    <p class='ocr_par' dir='ltr' id='par_1_10' title="bbox 212 391 992 426">
     <span class='ocr_line' id='line_1_10' title="bbox 212 391 992 426; baseline 0 -8"><span class='ocrx_word' id='word_1_45' title='bbox 212 392 301 426; x_wconf 79' lang='lat' dir='ltr'><strong>gium!</strong></span> <span class='ocrx_word' id='word_1_46' title='bbox 319 391 435 418; x_wconf 68' lang='lat' dir='ltr'><strong>lenebra:</strong></span> <span class='ocrx_word' id='word_1_47' title='bbox 449 391 514 425; x_wconf 82' lang='lat' dir='ltr'><strong>ipsis</strong></span> <span class='ocrx_word' id='word_1_48' title='bbox 534 398 589 424; x_wconf 76' lang='lat' dir='ltr'><strong>pne</strong></span> <span class='ocrx_word' id='word_1_49' title='bbox 613 391 705 418; x_wconf 89' lang='lat' dir='ltr'><strong>oculos</strong></span> <span class='ocrx_word' id='word_1_50' title='bbox 731 391 948 425; x_wconf 88' lang='lat' dir='ltr'><strong>perquirentihus</strong></span> <span class='ocrx_word' id='word_1_51' title='bbox 965 392 992 418; x_wconf 94' lang='lat' dir='ltr'><strong>in</strong></span> 
     </span>
    </p>
   </div>
   <div class='ocr_carea' id='block_1_11' title="bbox 212 436 991 472">
    <p class='ocr_par' dir='ltr' id='par_1_11' title="bbox 212 436 991 472">
     <span class='ocr_line' id='line_1_11' title="bbox 212 436 991 472; baseline 0 -9"><span class='ocrx_word' id='word_1_52' title='bbox 212 443 354 472; x_wconf 76' lang='lat' dir='ltr'><strong>martyrem</strong></span> <span class='ocrx_word' id='word_1_53' title='bbox 372 437 552 463; x_wconf 75' lang='lat' dir='ltr'><strong>invocantium</strong></span> <span class='ocrx_word' id='word_1_54' title='bbox 569 437 704 468; x_wconf 78' lang='lat' dir='ltr'><strong>latebras;</strong></span> <span class='ocrx_word' id='word_1_55' title='bbox 722 436 775 463; x_wconf 90' lang='lat' dir='ltr'><strong>imo</strong></span> <span class='ocrx_word' id='word_1_56' title='bbox 796 444 850 463; x_wconf 93' lang='lat' dir='ltr'><strong>non</strong></span> <span class='ocrx_word' id='word_1_57' title='bbox 864 437 991 468; x_wconf 66' lang='lat' dir='ltr'><strong>tenebrae,</strong></span> 
     </span>
    </p>
   </div>
   <div class='ocr_carea' id='block_1_12' title="bbox 212 482 993 516">
    <p class='ocr_par' dir='ltr' id='par_1_12' title="bbox 212 482 993 516">
     <span class='ocr_line' id='line_1_12' title="bbox 212 482 993 516; baseline 0 -7"><span class='ocrx_word' id='word_1_58' title='bbox 212 485 256 510; x_wconf 84' lang='lat' dir='ltr'><strong>sed</strong></span> <span class='ocrx_word' id='word_1_59' title='bbox 277 484 407 509; x_wconf 87' lang='lat' dir='ltr'><strong>aberrans</strong></span> <span class='ocrx_word' id='word_1_60' title='bbox 429 483 568 510; x_wconf 88' lang='lat' dir='ltr'><strong>oculorum</strong></span> <span class='ocrx_word' id='word_1_61' title='bbox 593 482 720 514; x_wconf 81' lang='lat' dir='ltr'><strong>obtutus;</strong></span> <span class='ocrx_word' id='word_1_62' title='bbox 736 489 786 509; x_wconf 87' lang='lat' dir='ltr'><strong>nec</strong></span> <span class='ocrx_word' id='word_1_63' title='bbox 801 482 882 510; x_wconf 84' lang='lat' dir='ltr'><strong>etiam</strong></span> <span class='ocrx_word' id='word_1_64' title='bbox 907 482 971 511; x_wconf 74' lang='lat' dir='ltr'><strong>illud</strong></span> <span class='ocrx_word' id='word_1_65' title='bbox 985 504 993 516; x_wconf 87' lang='lat'>,</span> 
     </span>
    </p>
   </div>
   <div class='ocr_carea' id='block_1_13' title="bbox 212 529 994 563">
    <p class='ocr_par' dir='ltr' id='par_1_13' title="bbox 212 529 994 563">
     <span class='ocr_line' id='line_1_13' title="bbox 212 529 994 563; baseline 0.001 -8"><span class='ocrx_word' id='word_1_66' title='bbox 212 529 258 556; x_wconf 76' lang='lat' dir='ltr'><strong>sed</strong></span> <span class='ocrx_word' id='word_1_67' title='bbox 275 533 303 554; x_wconf 88' lang='lat' dir='ltr'><strong>ut</strong></span> <span class='ocrx_word' id='word_1_68' title='bbox 325 534 388 563; x_wconf 88' lang='lat' dir='ltr'><strong>puto</strong></span> <span class='ocrx_word' id='word_1_69' title='bbox 411 529 488 556; x_wconf 89' lang='lat' dir='ltr'><strong>nobis</strong></span> <span class='ocrx_word' id='word_1_70' title='bbox 508 529 632 556; x_wconf 81' lang='lat' dir='ltr'><strong>columna</strong></span> <span class='ocrx_word' id='word_1_71' title='bbox 661 529 818 556; x_wconf 85' lang='lat' dir='ltr'><strong>lissurarum</strong></span> <span class='ocrx_word' id='word_1_72' title='bbox 845 529 994 563; x_wconf 87' lang='lat' dir='ltr'><strong>adimpleus</strong></span> 
     </span>
    </p>
   </div>
   <div class='ocr_carea' id='block_1_14' title="bbox 212 574 995 610">
    <p class='ocr_par' dir='ltr' id='par_1_14' title="bbox 212 574 995 610">
     <span class='ocr_line' id='line_1_14' title="bbox 212 574 995 610; baseline 0.003 -10"><span class='ocrx_word' id='word_1_73' title='bbox 212 579 366 606; x_wconf 79' lang='lat' dir='ltr'><strong>aperturas,</strong></span> <span class='ocrx_word' id='word_1_74' title='bbox 386 574 469 601; x_wconf 85' lang='lat' dir='ltr'><strong>latere</strong></span> <span class='ocrx_word' id='word_1_75' title='bbox 483 579 583 602; x_wconf 85' lang='lat' dir='ltr'><strong>stratos</strong></span> <span class='ocrx_word' id='word_1_76' title='bbox 599 574 680 606; x_wconf 80' lang='lat' dir='ltr'><strong>fecit.</strong></span> <span class='ocrx_word' id='word_1_77' title='bbox 699 579 726 603; x_wconf 89' lang='lat' dir='ltr'><strong>et</strong></span> <span class='ocrx_word' id='word_1_78' title='bbox 743 580 871 609; x_wconf 91' lang='lat' dir='ltr'><strong>tanquam</strong></span> <span class='ocrx_word' id='word_1_79' title='bbox 889 575 995 610; x_wconf 82' lang='lat' dir='ltr'><strong>lepores</strong></span> 
     </span>
    </p>
   </div>
   <div class='ocr_carea' id='block_1_15' title="bbox 213 621 995 655">
    <p class='ocr_par' dir='ltr' id='par_1_15' title="bbox 213 621 995 655">
     <span class='ocr_line' id='line_1_15' title="bbox 213 621 995 655; baseline 0.003 -9"><span class='ocrx_word' id='word_1_80' title='bbox 213 621 276 654; x_wconf 69' lang='lat' dir='ltr'><strong>fuga</strong></span> <span class='ocrx_word' id='word_1_81' title='bbox 303 621 329 647; x_wconf 91' lang='lat' dir='ltr'><strong>in</strong></span> <span class='ocrx_word' id='word_1_82' title='bbox 351 626 442 654; x_wconf 82' lang='lat' dir='ltr'><strong>petras</strong></span> <span class='ocrx_word' id='word_1_83' title='bbox 464 628 492 647; x_wconf 87' lang='lat' dir='ltr'><strong>se</strong></span> <span class='ocrx_word' id='word_1_84' title='bbox 513 627 605 647; x_wconf 86' lang='lat' dir='ltr'><strong>curam</strong></span> <span class='ocrx_word' id='word_1_85' title='bbox 621 621 660 648; x_wconf 78' lang='lat' dir='ltr'><strong>eis</strong></span> <span class='ocrx_word' id='word_1_86' title='bbox 677 621 722 655; x_wconf 90' lang='lat' dir='ltr'><strong>qui</strong></span> <span class='ocrx_word' id='word_1_87' title='bbox 741 621 858 654; x_wconf 68' lang='lat' dir='ltr'><strong>prmdatn</strong></span> <span class='ocrx_word' id='word_1_88' title='bbox 875 621 995 655; x_wconf 71' lang='lat' dir='ltr'><strong>vestigiis</strong></span> 
     </span>
    </p>
   </div>
   <div class='ocr_carea' id='block_1_16' title="bbox 214 666 995 700">
    <p class='ocr_par' dir='ltr' id='par_1_16' title="bbox 214 666 995 700">
     <span class='ocr_line' id='line_1_16' title="bbox 214 666 995 700; baseline 0.003 -8"><span class='ocrx_word' id='word_1_89' title='bbox 214 671 338 700; x_wconf 86' lang='lat' dir='ltr'><strong>premunt</strong></span> <span class='ocrx_word' id='word_1_90' title='bbox 350 666 557 693; x_wconf 86' lang='lat' dir='ltr'><strong>ahscomlentes.</strong></span> <span class='ocrx_word' id='word_1_91' title='bbox 567 666 745 693; x_wconf 87' lang='lat' dir='ltr'><strong>Transierunt</strong></span> <span class='ocrx_word' id='word_1_92' title='bbox 757 667 830 694; x_wconf 81' lang='lat' dir='ltr'><strong>horze</strong></span> <span class='ocrx_word' id='word_1_93' title='bbox 843 667 932 693; x_wconf 70' lang='lat' dir='ltr'><strong>multa:</strong></span> <span class='ocrx_word' id='word_1_94' title='bbox 947 674 995 694; x_wconf 87' lang='lat' dir='ltr'><strong>nec</strong></span> 
     </span>
    </p>
   </div>
   <div class='ocr_carea' id='block_1_17' title="bbox 212 712 996 747">
    <p class='ocr_par' dir='ltr' id='par_1_17' title="bbox 212 712 996 747">
     <span class='ocr_line' id='line_1_17' title="bbox 212 712 996 747; baseline 0.001 -9"><span class='ocrx_word' id='word_1_95' title='bbox 212 719 293 738; x_wconf 85' lang='lat' dir='ltr'><strong>canes</strong></span> <span class='ocrx_word' id='word_1_96' title='bbox 308 712 424 745; x_wconf 59' lang='lat' dir='ltr'><strong>perdam</strong></span> <span class='ocrx_word' id='word_1_97' title='bbox 438 712 553 739; x_wconf 74' lang='lat' dir='ltr'><strong>assecuti</strong></span> <span class='ocrx_word' id='word_1_98' title='bbox 569 717 642 739; x_wconf 82' lang='lat' dir='ltr'><strong>sunt.</strong></span> <span class='ocrx_word' id='word_1_99' title='bbox 655 712 747 747; x_wconf 86' lang='lat' dir='ltr'><strong>itaque</strong></span> <span class='ocrx_word' id='word_1_100' title='bbox 761 713 787 738; x_wconf 93' lang='lat' dir='ltr'><strong>in</strong></span> <span class='ocrx_word' id='word_1_101' title='bbox 802 720 898 739; x_wconf 88' lang='lat' dir='ltr'><strong>vanum</strong></span> <span class='ocrx_word' id='word_1_102' title='bbox 911 721 996 747; x_wconf 73' lang='lat' dir='ltr'><strong>equo~</strong></span> 
     </span>
    </p>
   </div>
   <div class='ocr_carea' id='block_1_18' title="bbox 215 758 997 793">
    <p class='ocr_par' dir='ltr' id='par_1_18' title="bbox 215 758 997 793">
     <span class='ocr_line' id='line_1_18' title="bbox 215 758 997 793; baseline 0.001 -8"><span class='ocrx_word' id='word_1_103' title='bbox 215 766 273 785; x_wconf 85' lang='lat' dir='ltr'><strong>rum</strong></span> <span class='ocrx_word' id='word_1_104' title='bbox 286 758 405 792; x_wconf 78' lang='lat' dir='ltr'><strong>fatigatis</strong></span> <span class='ocrx_word' id='word_1_105' title='bbox 414 759 524 792; x_wconf 82' lang='lat' dir='ltr'><strong>pedibus</strong></span> <span class='ocrx_word' id='word_1_106' title='bbox 535 759 726 785; x_wconf 86' lang='lat' dir='ltr'><strong>laboraverunt</strong></span> <span class='ocrx_word' id='word_1_107' title='bbox 737 763 762 785; x_wconf 91' lang='lat' dir='ltr'><strong>et</strong></span> <span class='ocrx_word' id='word_1_108' title='bbox 774 764 934 793; x_wconf 82' lang='lat' dir='ltr'><strong>stupuerunt</strong></span> <span class='ocrx_word' id='word_1_109' title='bbox 945 760 997 786; x_wconf 86' lang='lat' dir='ltr'><strong>huc</strong></span> 
     </span>
    </p>
   </div>
   <div class='ocr_carea' id='block_1_19' title="bbox 216 803 997 838">
    <p class='ocr_par' dir='ltr' id='par_1_19' title="bbox 216 803 997 838">
     <span class='ocr_line' id='line_1_19' title="bbox 216 803 997 838; baseline 0.001 -9"><span class='ocrx_word' id='word_1_110' title='bbox 216 803 279 830; x_wconf 91' lang='lat' dir='ltr'><strong>illuc</strong></span> <span class='ocrx_word' id='word_1_111' title='bbox 296 803 489 838; x_wconf 72' lang='lat' dir='ltr'><strong>prospicientes</strong></span> <span class='ocrx_word' id='word_1_112' title='bbox 505 811 512 829; x_wconf 91' lang='lat'><strong>:</strong></span> <span class='ocrx_word' id='word_1_113' title='bbox 526 807 553 830; x_wconf 84' lang='lat' dir='ltr'><strong>et</strong></span> <span class='ocrx_word' id='word_1_114' title='bbox 567 803 681 836; x_wconf 75' lang='lat' dir='ltr'><strong>amplius</strong></span> <span class='ocrx_word' id='word_1_115' title='bbox 701 804 820 830; x_wconf 88' lang='lat' dir='ltr'><strong>curaturi</strong></span> <span class='ocrx_word' id='word_1_116' title='bbox 838 803 997 830; x_wconf 83' lang='lat' dir='ltr'><strong>videbantur</strong></span> 
     </span>
    </p>
   </div>
   <div class='ocr_carea' id='block_1_20' title="bbox 215 848 994 881">
    <p class='ocr_par' dir='ltr' id='par_1_20' title="bbox 215 848 994 881">
     <span class='ocr_line' id='line_1_20' title="bbox 215 848 994 881; baseline 0 -5"><span class='ocrx_word' id='word_1_117' title='bbox 215 850 247 876; x_wconf 88' lang='lat' dir='ltr'><strong>de</strong></span> <span class='ocrx_word' id='word_1_118' title='bbox 268 857 297 876; x_wconf 89' lang='lat' dir='ltr'><strong>re</strong></span> <span class='ocrx_word' id='word_1_119' title='bbox 314 849 356 875; x_wconf 80' lang='lat' dir='ltr'><strong>illa</strong></span> <span class='ocrx_word' id='word_1_120' title='bbox 371 854 520 876; x_wconf 85' lang='lat' dir='ltr'><strong>scrutantes</strong></span> <span class='ocrx_word' id='word_1_121' title='bbox 537 848 678 880; x_wconf 85' lang='lat' dir='ltr'><strong>scrutinio,</strong></span> <span class='ocrx_word' id='word_1_122' title='bbox 696 849 779 876; x_wconf 86' lang='lat' dir='ltr'><strong>donec</strong></span> <span class='ocrx_word' id='word_1_123' title='bbox 794 849 911 881; x_wconf 84' lang='lat' dir='ltr'><strong>ipsorum</strong></span> <span class='ocrx_word' id='word_1_124' title='bbox 933 849 994 876; x_wconf 92' lang='lat' dir='ltr'><strong>inu-</strong></span> 
     </span>
    </p>
   </div>
   <div class='ocr_carea' id='block_1_21' title="bbox 217 885 1034 931">
    <p class='ocr_par' dir='ltr' id='par_1_21' title="bbox 217 885 1034 931">
     <span class='ocr_line' id='line_1_21' title="bbox 217 885 1034 931; baseline 0 -8"><span class='ocrx_word' id='word_1_125' title='bbox 217 897 278 923; x_wconf 77' lang='lat' dir='ltr'><strong>tiles</strong></span> <span class='ocrx_word' id='word_1_126' title='bbox 292 904 370 923; x_wconf 88' lang='lat' dir='ltr'><strong>cttras</strong></span> <span class='ocrx_word' id='word_1_127' title='bbox 385 903 492 922; x_wconf 83' lang='lat' dir='ltr'><strong>cessare</strong></span> <span class='ocrx_word' id='word_1_128' title='bbox 502 897 566 923; x_wconf 78' lang='lat' dir='ltr'><strong>fecit</strong></span> <span class='ocrx_word' id='word_1_129' title='bbox 579 896 630 928; x_wconf 88' lang='lat' dir='ltr'><strong>vir,</strong></span> <span class='ocrx_word' id='word_1_130' title='bbox 643 897 670 922; x_wconf 94' lang='lat' dir='ltr'><strong>in</strong></span> <span class='ocrx_word' id='word_1_131' title='bbox 680 895 802 922; x_wconf 87' lang='lat' dir='ltr'><strong>veritatis</strong></span> <span class='ocrx_word' id='word_1_132' title='bbox 818 896 856 922; x_wconf 90' lang='lat' dir='ltr'><strong>rei</strong></span> <span class='ocrx_word' id='word_1_133' title='bbox 872 896 997 931; x_wconf 78' lang='lat' dir='ltr'><strong>abyssum</strong></span> <span class='ocrx_word' id='word_1_134' title='bbox 1013 885 1034 912; x_wconf 71' lang='grc' dir='ltr'>Β</span> 
     </span>
    </p>
   </div>
   <div class='ocr_carea' id='block_1_22' title="bbox 215 941 999 976">
    <p class='ocr_par' dir='ltr' id='par_1_22' title="bbox 215 941 999 976">
     <span class='ocr_line' id='line_1_22' title="bbox 215 941 999 976; baseline 0 -8"><span class='ocrx_word' id='word_1_135' title='bbox 215 942 381 969; x_wconf 81' lang='lat' dir='ltr'><strong>descendens</strong></span> <span class='ocrx_word' id='word_1_136' title='bbox 398 946 423 968; x_wconf 80' lang='lat' dir='ltr'><strong>et</strong></span> <span class='ocrx_word' id='word_1_137' title='bbox 442 941 559 968; x_wconf 88' lang='lat' dir='ltr'><strong>divittum</strong></span> <span class='ocrx_word' id='word_1_138' title='bbox 583 949 643 968; x_wconf 82' lang='lat' dir='ltr'><strong>esse</strong></span> <span class='ocrx_word' id='word_1_139' title='bbox 665 942 815 975; x_wconf 78' lang='lat' dir='ltr'><strong>suspicatus</strong></span> <span class='ocrx_word' id='word_1_140' title='bbox 837 942 908 976; x_wconf 88' lang='lat' dir='ltr'><strong>quod</strong></span> <span class='ocrx_word' id='word_1_141' title='bbox 924 942 999 968; x_wconf 89' lang='lat' dir='ltr'><strong>acci-</strong></span> 
     </span>
    </p>
   </div>
   <div class='ocr_carea' id='block_1_23' title="bbox 216 986 1000 1021">
    <p class='ocr_par' dir='ltr' id='par_1_23' title="bbox 216 986 1000 1021">
     <span class='ocr_line' id='line_1_23' title="bbox 216 986 1000 1021; baseline 0 -7"><span class='ocrx_word' id='word_1_142' title='bbox 216 988 310 1019; x_wconf 81' lang='lat' dir='ltr'><strong>derat;</strong></span> <span class='ocrx_word' id='word_1_143' title='bbox 326 987 369 1020; x_wconf 89' lang='lat' dir='ltr'><strong>qui</strong></span> <span class='ocrx_word' id='word_1_144' title='bbox 388 987 414 1013; x_wconf 94' lang='lat' dir='ltr'><strong>in</strong></span> <span class='ocrx_word' id='word_1_145' title='bbox 431 993 528 1013; x_wconf 88' lang='lat' dir='ltr'><strong>vattum</strong></span> <span class='ocrx_word' id='word_1_146' title='bbox 549 986 616 1013; x_wconf 77' lang='lat' dir='ltr'><strong>dixit</strong></span> <span class='ocrx_word' id='word_1_147' title='bbox 641 986 779 1020; x_wconf 77' lang='lat' dir='ltr'><strong>defatigari</strong></span> <span class='ocrx_word' id='word_1_148' title='bbox 810 991 1000 1021; x_wconf 77' lang='lat' dir='ltr'><strong>persequentes</strong></span> 
     </span>
    </p>
   </div>
   <div class='ocr_carea' id='block_1_24' title="bbox 216 1031 999 1067">
    <p class='ocr_par' dir='ltr' id='par_1_24' title="bbox 216 1031 999 1067">
     <span class='ocr_line' id='line_1_24' title="bbox 216 1031 999 1067; baseline -0.003 -7"><span class='ocrx_word' id='word_1_149' title='bbox 216 1041 264 1060; x_wconf 83' lang='lat' dir='ltr'><strong>eos</strong></span> <span class='ocrx_word' id='word_1_150' title='bbox 279 1040 346 1067; x_wconf 85' lang='lat' dir='ltr'><strong>quos</strong></span> <span class='ocrx_word' id='word_1_151' title='bbox 359 1032 487 1066; x_wconf 85' lang='lat' dir='ltr'><strong>consequi</strong></span> <span class='ocrx_word' id='word_1_152' title='bbox 505 1039 556 1058; x_wconf 90' lang='lat' dir='ltr'><strong>non</strong></span> <span class='ocrx_word' id='word_1_153' title='bbox 570 1031 680 1063; x_wconf 84' lang='lat' dir='ltr'><strong>licebat,</strong></span> <span class='ocrx_word' id='word_1_154' title='bbox 697 1036 723 1058; x_wconf 91' lang='lat' dir='ltr'><strong>et</strong></span> <span class='ocrx_word' id='word_1_155' title='bbox 737 1031 999 1066; x_wconf 83' lang='lat' dir='ltr'><strong>incomprehensibi-</strong></span> 
     </span>
    </p>
   </div>
   <div class='ocr_carea' id='block_1_25' title="bbox 218 1077 998 1111">
    <p class='ocr_par' dir='ltr' id='par_1_25' title="bbox 218 1077 998 1111">
     <span class='ocr_line' id='line_1_25' title="bbox 218 1077 998 1111; baseline 0.001 -6"><span class='ocrx_word' id='word_1_156' title='bbox 218 1079 252 1106; x_wconf 87' lang='lat' dir='ltr'><strong>lia</strong></span> <span class='ocrx_word' id='word_1_157' title='bbox 270 1079 402 1111; x_wconf 76' lang='lat' dir='ltr'><strong>attingere</strong></span> <span class='ocrx_word' id='word_1_158' title='bbox 422 1078 563 1105; x_wconf 81' lang='lat' dir='ltr'><strong>instantes.</strong></span> <span class='ocrx_word' id='word_1_159' title='bbox 583 1078 614 1105; x_wconf 87' lang='lat' dir='ltr'><strong>Et</strong></span> <span class='ocrx_word' id='word_1_160' title='bbox 635 1077 726 1105; x_wconf 83' lang='lat' dir='ltr'><strong>dicere</strong></span> <span class='ocrx_word' id='word_1_161' title='bbox 749 1078 862 1111; x_wconf 80' lang='lat' dir='ltr'><strong>addidit,</strong></span> <span class='ocrx_word' id='word_1_162' title='bbox 881 1079 998 1106; x_wconf 83' lang='lat' dir='ltr'><strong>miscens</strong></span> 
     </span>
    </p>
   </div>
   <div class='ocr_carea' id='block_1_26' title="bbox 217 1126 438 1161">
    <p class='ocr_par' dir='ltr' id='par_1_26' title="bbox 217 1126 438 1161">
     <span class='ocr_line' id='line_1_26' title="bbox 217 1126 438 1161; baseline 0.014 -9"><span class='ocrx_word' id='word_1_163' title='bbox 217 1126 438 1161; x_wconf 68' lang='lat' dir='ltr'><strong>philosophim....</strong></span> 
     </span>
    </p>
   </div>
   <div class='ocr_carea' id='block_1_27' title="bbox 1044 257 1834 294">
    <p class='ocr_par' dir='ltr' id='par_1_27' title="bbox 1044 257 1834 294">
     <span class='ocr_line' id='line_1_27' title="bbox 1044 257 1834 294; baseline 0.005 -12"><span class='ocrx_word' id='word_1_164' title='bbox 1044 257 1098 283; x_wconf 81' lang='grc' dir='ltr'><strong>τῶν</strong></span> <span class='ocrx_word' id='word_1_165' title='bbox 1115 257 1303 292; x_wconf 79' lang='grc' dir='ltr'>ψηλαφώντων</span> <span class='ocrx_word' id='word_1_166' title='bbox 1318 259 1406 292; x_wconf 79' lang='grc' dir='ltr'>φωτὸς</span> <span class='ocrx_word' id='word_1_167' title='bbox 1430 258 1547 292; x_wconf 74' lang='grc' dir='ltr'>ἀπάγειν</span> <span class='ocrx_word' id='word_1_168' title='bbox 1573 259 1605 285; x_wconf 77' lang='grc' dir='ltr'><strong>τὸ</strong></span> <span class='ocrx_word' id='word_1_169' title='bbox 1630 260 1834 294; x_wconf 80' lang='grc' dir='ltr'>παρεισδυόμε-</span> 
     </span>
    </p>
   </div>
   <div class='ocr_carea' id='block_1_28' title="bbox 1044 302 1831 340">
    <p class='ocr_par' dir='ltr' id='par_1_28' title="bbox 1044 302 1831 340">
     <span class='ocr_line' id='line_1_28' title="bbox 1044 302 1831 340; baseline 0.005 -12"><span class='ocrx_word' id='word_1_170' title='bbox 1044 302 1099 336; x_wconf 90' lang='grc' dir='ltr'>νον)</span> <span class='ocrx_word' id='word_1_171' title='bbox 1110 310 1116 316; x_wconf 84' lang='grc'><strong>”</strong></span> <span class='ocrx_word' id='word_1_172' title='bbox 1130 304 1177 329; x_wconf 74' lang='grc' dir='ltr'>καὶ</span> <span class='ocrx_word' id='word_1_173' title='bbox 1191 303 1250 329; x_wconf 80' lang='grc' dir='ltr'><strong>οὐδὲ</strong></span> <span class='ocrx_word' id='word_1_174' title='bbox 1262 303 1299 337; x_wconf 82' lang='grc' dir='ltr'>τῷ</span> <span class='ocrx_word' id='word_1_175' title='bbox 1315 305 1398 329; x_wconf 81' lang='grc' dir='ltr'>παντὶ</span> <span class='ocrx_word' id='word_1_176' title='bbox 1414 304 1461 330; x_wconf 82' lang='grc' dir='ltr'>τοῦ</span> <span class='ocrx_word' id='word_1_177' title='bbox 1479 304 1602 339; x_wconf 83' lang='grc' dir='ltr'>σώματος</span> <span class='ocrx_word' id='word_1_178' title='bbox 1620 303 1693 340; x_wconf 57' lang='grc' dir='ltr'>εἶχον</span> <span class='ocrx_word' id='word_1_179' title='bbox 1710 306 1831 340; x_wconf 86' lang='grc' dir='ltr'>κρύπτε-</span> 
     </span>
    </p>
   </div>
   <div class='ocr_carea' id='block_1_29' title="bbox 1046 347 1832 384">
    <p class='ocr_par' dir='ltr' id='par_1_29' title="bbox 1046 347 1832 384">
     <span class='ocr_line' id='line_1_29' title="bbox 1046 347 1832 384; baseline 0.004 -10"><span class='ocrx_word' id='word_1_180' title='bbox 1046 349 1118 375; x_wconf 78' lang='grc' dir='ltr'>σθαι.</span> <span class='ocrx_word' id='word_1_181' title='bbox 1155 348 1303 384; x_wconf 80' lang='grc' dir='ltr'>Ἀ).λ“ὃπερ</span> <span class='ocrx_word' id='word_1_182' title='bbox 1323 347 1404 384; x_wconf 84' lang='grc' dir='ltr'>εῐχον,</span> <span class='ocrx_word' id='word_1_183' title='bbox 1421 350 1539 382; x_wconf 79' lang='grc' dir='ltr'>ἐποίουν,</span> <span class='ocrx_word' id='word_1_184' title='bbox 1555 350 1628 378; x_wconf 81' lang='grc' dir='ltr'><strong>καθά</strong></span> <span class='ocrx_word' id='word_1_185' title='bbox 1642 358 1695 376; x_wconf 85' lang='grc' dir='ltr'><strong>που</strong></span> <span class='ocrx_word' id='word_1_186' title='bbox 1719 350 1766 377; x_wconf 66' lang='grc' dir='ltr'>καὶ.</span> <span class='ocrx_word' id='word_1_187' title='bbox 1778 351 1832 377; x_wconf 77' lang='grc' dir='ltr'>τῶν</span> 
     </span>
    </p>
   </div>
   <div class='ocr_carea' id='block_1_30' title="bbox 1045 393 1830 430">
    <p class='ocr_par' dir='ltr' id='par_1_30' title="bbox 1045 393 1830 430">
     <span class='ocr_line' id='line_1_30' title="bbox 1045 393 1830 430; baseline 0.001 -10"><span class='ocrx_word' id='word_1_188' title='bbox 1045 394 1121 426; x_wconf 80' lang='grc' dir='ltr'><strong>ζώων</strong></span> <span class='ocrx_word' id='word_1_189' title='bbox 1139 394 1209 426; x_wconf 73' lang='grc' dir='ltr'>τινὰ,</span> <span class='ocrx_word' id='word_1_190' title='bbox 1226 393 1277 426; x_wconf 70' lang='grc' dir='ltr'>οἷς,</span> <span class='ocrx_word' id='word_1_191' title='bbox 1309 396 1353 421; x_wconf 81' lang='grc' dir='ltr'>ὅτε</span> <span class='ocrx_word' id='word_1_192' title='bbox 1386 395 1438 430; x_wconf 85' lang='grc' dir='ltr'>θὴρ</span> <span class='ocrx_word' id='word_1_193' title='bbox 1468 395 1652 430; x_wconf 85' lang='grc' dir='ltr'>βριαρὼτερος</span> <span class='ocrx_word' id='word_1_194' title='bbox 1678 395 1830 430; x_wconf 69' lang='grc' dir='ltr'>ἐπιτρέχει,</span> 
     </span>
    </p>
   </div>
   <div class='ocr_carea' id='block_1_31' title="bbox 1045 439 1832 476">
    <p class='ocr_par' dir='ltr' id='par_1_31' title="bbox 1045 439 1832 476">
     <span class='ocr_line' id='line_1_31' title="bbox 1045 439 1832 476; baseline 0.001 -11"><span class='ocrx_word' id='word_1_195' title='bbox 1045 439 1214 474; x_wconf 68' lang='grc' dir='ltr'><strong>κρύπτεσθαι</strong></span> <span class='ocrx_word' id='word_1_196' title='bbox 1233 440 1282 475; x_wconf 83' lang='grc' dir='ltr'><strong>τὴν</strong></span> <span class='ocrx_word' id='word_1_197' title='bbox 1299 440 1415 474; x_wconf 79' lang='grc' dir='ltr'>κεφαλὴν</span> <span class='ocrx_word' id='word_1_198' title='bbox 1432 441 1480 467; x_wconf 82' lang='grc' dir='ltr'>καὶ</span> <span class='ocrx_word' id='word_1_199' title='bbox 1494 440 1579 475; x_wconf 87' lang='grc' dir='ltr'>μόνην</span> <span class='ocrx_word' id='word_1_200' title='bbox 1598 440 1714 472; x_wconf 74' lang='grc' dir='ltr'>ἔπεισιν,</span> <span class='ocrx_word' id='word_1_201' title='bbox 1731 440 1768 472; x_wconf 86' lang='grc' dir='ltr'>ὼς</span> <span class='ocrx_word' id='word_1_202' title='bbox 1780 441 1832 476; x_wconf 73' lang='grc' dir='ltr'><strong>ήδη</strong></span> 
     </span>
    </p>
   </div>
   <div class='ocr_carea' id='block_1_32' title="bbox 1047 485 1833 520">
    <p class='ocr_par' dir='ltr' id='par_1_32' title="bbox 1047 485 1833 520">
     <span class='ocr_line' id='line_1_32' title="bbox 1047 485 1833 520; baseline 0 -8"><span class='ocrx_word' id='word_1_203' title='bbox 1047 486 1093 512; x_wconf 67' lang='grc' dir='ltr'>καὶ.</span> <span class='ocrx_word' id='word_1_204' title='bbox 1106 485 1135 511; x_wconf 84' lang='grc' dir='ltr'>τδ</span> <span class='ocrx_word' id='word_1_205' title='bbox 1151 486 1204 511; x_wconf 73' lang='grc' dir='ltr'>πᾶν</span> <span class='ocrx_word' id='word_1_206' title='bbox 1216 486 1270 512; x_wconf 85' lang='grc' dir='ltr'>τῶν</span> <span class='ocrx_word' id='word_1_207' title='bbox 1289 486 1375 519; x_wconf 86' lang='grc' dir='ltr'>μελῶν</span> <span class='ocrx_word' id='word_1_208' title='bbox 1403 486 1575 520; x_wconf 84' lang='grc' dir='ltr'>ἀφανίζουσι.</span> <span class='ocrx_word' id='word_1_209' title='bbox 1597 485 1716 512; x_wconf 80' lang='grc' dir='ltr'><strong>Τοιαῦτα</strong></span> <span class='ocrx_word' id='word_1_210' title='bbox 1729 486 1784 520; x_wconf 78' lang='grc' dir='ltr'><strong>γὰρ</strong></span> <span class='ocrx_word' id='word_1_211' title='bbox 1799 486 1833 512; x_wconf 73' lang='grc' dir='ltr'><strong>τὰ</strong></span> 
     </span>
    </p>
   </div>
   <div class='ocr_carea' id='block_1_33' title="bbox 1046 529 1830 566">
    <p class='ocr_par' dir='ltr' id='par_1_33' title="bbox 1046 529 1830 566">
     <span class='ocr_line' id='line_1_33' title="bbox 1046 529 1830 566; baseline -0.001 -8"><span class='ocrx_word' id='word_1_212' title='bbox 1046 531 1095 565; x_wconf 84' lang='grc' dir='ltr'>τῆς</span> <span class='ocrx_word' id='word_1_213' title='bbox 1112 530 1263 566; x_wconf 78' lang='grc' dir='ltr'>ἀμηχανίας</span> <span class='ocrx_word' id='word_1_214' title='bbox 1277 531 1458 566; x_wconf 80' lang='grc' dir='ltr'>βουλεύματα.</span> <span class='ocrx_word' id='word_1_215' title='bbox 1478 532 1602 558; x_wconf 84' lang='grc' dir='ltr'>Ἐκειντο</span> <span class='ocrx_word' id='word_1_216' title='bbox 1615 532 1664 566; x_wconf 81' lang='grc' dir='ltr'><strong>μὲν</strong></span> <span class='ocrx_word' id='word_1_217' title='bbox 1677 529 1724 558; x_wconf 77' lang='grc' dir='ltr'><strong>οὖν</strong></span> <span class='ocrx_word' id='word_1_218' title='bbox 1740 532 1830 563; x_wconf 79' lang='grc' dir='ltr'>αὐτοὶ,</span> 
     </span>
    </p>
   </div>
   <div class='ocr_carea' id='block_1_34' title="bbox 1046 576 1833 612">
    <p class='ocr_par' dir='ltr' id='par_1_34' title="bbox 1046 576 1833 612">
     <span class='ocr_line' id='line_1_34' title="bbox 1046 576 1833 612; baseline -0.003 -8"><span class='ocrx_word' id='word_1_219' title='bbox 1046 577 1170 612; x_wconf 80' lang='grc' dir='ltr'>καθάπερ</span> <span class='ocrx_word' id='word_1_220' title='bbox 1191 577 1306 603; x_wconf 76' lang='grc' dir='ltr'>ἕκαστον</span> <span class='ocrx_word' id='word_1_221' title='bbox 1335 578 1352 611; x_wconf 87' lang='grc' dir='ltr'><strong>ή</strong></span> <span class='ocrx_word' id='word_1_222' title='bbox 1379 576 1482 609; x_wconf 78' lang='grc' dir='ltr'><strong>πτῶσις</strong></span> <span class='ocrx_word' id='word_1_223' title='bbox 1509 577 1687 612; x_wconf 73' lang='grc' dir='ltr'>ἐσχημάτισε,</span> <span class='ocrx_word' id='word_1_224' title='bbox 1703 577 1751 603; x_wconf 75' lang='grc' dir='ltr'>καὶ</span> <span class='ocrx_word' id='word_1_225' title='bbox 1769 577 1833 607; x_wconf 88' lang='grc' dir='ltr'><strong>ὼςὸ</strong></span> 
     </span>
    </p>
   </div>
   <div class='ocr_carea' id='block_1_35' title="bbox 1047 622 1834 658">
    <p class='ocr_par' dir='ltr' id='par_1_35' title="bbox 1047 622 1834 658">
     <span class='ocr_line' id='line_1_35' title="bbox 1047 622 1834 658; baseline -0.004 -8"><span class='ocrx_word' id='word_1_226' title='bbox 1047 623 1128 657; x_wconf 82' lang='grc' dir='ltr'>φόὸος</span> <span class='ocrx_word' id='word_1_227' title='bbox 1152 623 1340 658; x_wconf 77' lang='grc' dir='ltr'>παραποδίσας</span> <span class='ocrx_word' id='word_1_228' title='bbox 1359 623 1466 658; x_wconf 78' lang='grc' dir='ltr'>ἔρριψε,</span> <span class='ocrx_word' id='word_1_229' title='bbox 1490 624 1559 658; x_wconf 82' lang='grc' dir='ltr'><strong>τάχα</strong></span> <span class='ocrx_word' id='word_1_230' title='bbox 1581 623 1628 649; x_wconf 85' lang='grc' dir='ltr'>καὶ</span> <span class='ocrx_word' id='word_1_231' title='bbox 1645 622 1733 654; x_wconf 80' lang='grc' dir='ltr'>ὡςείς</span> <span class='ocrx_word' id='word_1_232' title='bbox 1746 622 1834 648; x_wconf 83' lang='grc' dir='ltr'>αὐτο-</span> 
     </span>
    </p>
   </div>
   <div class='ocr_carea' id='block_1_36' title="bbox 1048 668 1834 703">
    <p class='ocr_par' dir='ltr' id='par_1_36' title="bbox 1048 668 1834 703">
     <span class='ocr_line' id='line_1_36' title="bbox 1048 668 1834 703; baseline -0.004 -8"><span class='ocrx_word' id='word_1_233' title='bbox 1048 669 1151 703; x_wconf 84' lang='grc' dir='ltr'>σχέδιον</span> <span class='ocrx_word' id='word_1_234' title='bbox 1181 669 1265 702; x_wconf 67' lang='grc' dir='ltr'>τάφον</span> <span class='ocrx_word' id='word_1_235' title='bbox 1295 668 1505 702; x_wconf 79' lang='grc' dir='ltr'><strong>καταχώσαντες</strong></span> <span class='ocrx_word' id='word_1_236' title='bbox 1532 668 1656 699; x_wconf 75' lang='grc' dir='ltr'>ἑαυτοὺς.</span> <span class='ocrx_word' id='word_1_237' title='bbox 1678 668 1725 694; x_wconf 71' lang='grc' dir='ltr'>καὶ</span> <span class='ocrx_word' id='word_1_238' title='bbox 1741 668 1834 702; x_wconf 79' lang='grc' dir='ltr'><strong>χανεῖν</strong></span> 
     </span>
    </p>
   </div>
   <div class='ocr_carea' id='block_1_37' title="bbox 1047 712 1834 749">
    <p class='ocr_par' dir='ltr' id='par_1_37' title="bbox 1047 712 1834 749">
     <span class='ocr_line' id='line_1_37' title="bbox 1047 712 1834 749; baseline -0.004 -8"><span class='ocrx_word' id='word_1_239' title='bbox 1047 715 1146 745; x_wconf 74' lang='grc' dir='ltr'>αὐτοὺς</span> <span class='ocrx_word' id='word_1_240' title='bbox 1175 715 1317 749; x_wconf 81' lang='grc' dir='ltr'><strong>εὐχόμενοι</strong></span> <span class='ocrx_word' id='word_1_241' title='bbox 1345 715 1391 740; x_wconf 79' lang='grc' dir='ltr'><strong>καὶ</strong></span> <span class='ocrx_word' id='word_1_242' title='bbox 1410 715 1455 740; x_wconf 75' lang='grc' dir='ltr'>τὸν</span> <span class='ocrx_word' id='word_1_243' title='bbox 1482 714 1633 749; x_wconf 79' lang='grc' dir='ltr'>τάρταρον.</span> <span class='ocrx_word' id='word_1_244' title='bbox 1653 713 1714 739; x_wconf 73' lang='grc' dir='ltr'><strong>Ἐπὶ</strong></span> <span class='ocrx_word' id='word_1_245' title='bbox 1729 712 1834 743; x_wconf 80' lang='grc' dir='ltr'><strong>τούτοις</strong></span> 
     </span>
    </p>
   </div>
   <div class='ocr_carea' id='block_1_38' title="bbox 1048 757 1833 794">
    <p class='ocr_par' dir='ltr' id='par_1_38' title="bbox 1048 757 1833 794">
     <span class='ocr_line' id='line_1_38' title="bbox 1048 757 1833 794; baseline -0.004 -8"><span class='ocrx_word' id='word_1_246' title='bbox 1048 759 1205 793; x_wconf 71' lang='grc' dir='ltr'>ἐφίστανται</span> <span class='ocrx_word' id='word_1_247' title='bbox 1226 760 1254 785; x_wconf 83' lang='grc' dir='ltr'>τὸ</span> <span class='ocrx_word' id='word_1_248' title='bbox 1265 759 1422 794; x_wconf 81' lang='grc' dir='ltr'>ἀλλόφυλον.</span> <span class='ocrx_word' id='word_1_249' title='bbox 1435 760 1491 787; x_wconf 76' lang='grc' dir='ltr'><strong>Καὶ</strong></span> <span class='ocrx_word' id='word_1_250' title='bbox 1504 759 1526 785; x_wconf 79' lang='grc' dir='ltr'>ὦ</span> <span class='ocrx_word' id='word_1_251' title='bbox 1539 759 1586 786; x_wconf 85' lang='grc' dir='ltr'>τοῦ</span> <span class='ocrx_word' id='word_1_252' title='bbox 1603 759 1748 794; x_wconf 83' lang='grc' dir='ltr'>τεραστίου</span> <span class='ocrx_word' id='word_1_253' title='bbox 1765 757 1833 784; x_wconf 84' lang='grc' dir='ltr'><strong>θαύ-</strong></span> 
     </span>
    </p>
   </div>
   <div class='ocr_carea' id='block_1_39' title="bbox 1051 803 1835 841">
    <p class='ocr_par' dir='ltr' id='par_1_39' title="bbox 1051 803 1835 841">
     <span class='ocr_line' id='line_1_39' title="bbox 1051 803 1835 841; baseline -0.004 -9"><span class='ocrx_word' id='word_1_254' title='bbox 1051 807 1152 841; x_wconf 75' lang='grc' dir='ltr'>ματοςί</span> <span class='ocrx_word' id='word_1_255' title='bbox 1172 806 1267 837; x_wconf 81' lang='grc' dir='ltr'><strong>σκότος</strong></span> <span class='ocrx_word' id='word_1_256' title='bbox 1282 807 1374 837; x_wconf 77' lang='grc' dir='ltr'>αὐτοῖς</span> <span class='ocrx_word' id='word_1_257' title='bbox 1386 807 1439 841; x_wconf 74' lang='grc' dir='ltr'>πρὸ</span> <span class='ocrx_word' id='word_1_258' title='bbox 1453 805 1601 840; x_wconf 79' lang='grc' dir='ltr'><strong>ὀφθαλμῶν</strong></span> <span class='ocrx_word' id='word_1_259' title='bbox 1617 806 1686 832; x_wconf 70' lang='grc' dir='ltr'>κατὰ</span> <span class='ocrx_word' id='word_1_260' title='bbox 1701 805 1732 831; x_wconf 70' lang='grc' dir='ltr'>’τὸ</span> <span class='ocrx_word' id='word_1_261' title='bbox 1747 803 1835 839; x_wconf 82' lang='grc' dir='ltr'>ψηλα-</span> 
     </span>
    </p>
   </div>
   <div class='ocr_carea' id='block_1_40' title="bbox 1049 848 1833 884">
    <p class='ocr_par' dir='ltr' id='par_1_40' title="bbox 1049 848 1833 884">
     <span class='ocr_line' id='line_1_40' title="bbox 1049 848 1833 884; baseline 0 -10"><span class='ocrx_word' id='word_1_262' title='bbox 1049 848 1180 882; x_wconf 75' lang='grc' dir='ltr'>φητὺνείς</span> <span class='ocrx_word' id='word_1_263' title='bbox 1194 849 1355 884; x_wconf 77' lang='grc' dir='ltr'>ἀποκρυὸὴν</span> <span class='ocrx_word' id='word_1_264' title='bbox 1368 850 1422 876; x_wconf 85' lang='grc' dir='ltr'><strong>τῶν</strong></span> <span class='ocrx_word' id='word_1_265' title='bbox 1438 849 1609 884; x_wconf 86' lang='grc' dir='ltr'>δεδεημένων</span> <span class='ocrx_word' id='word_1_266' title='bbox 1623 849 1670 875; x_wconf 82' lang='grc' dir='ltr'>τοῦ</span> <span class='ocrx_word' id='word_1_267' title='bbox 1684 848 1833 884; x_wconf 66' lang='grc' dir='ltr'>μάρτυρος</span> 
     </span>
    </p>
   </div>
   <div class='ocr_carea' id='block_1_41' title="bbox 1051 894 1836 930">
    <p class='ocr_par' dir='ltr' id='par_1_41' title="bbox 1051 894 1836 930">
     <span class='ocr_line' id='line_1_41' title="bbox 1051 894 1836 930; baseline 0.001 -10"><span class='ocrx_word' id='word_1_268' title='bbox 1051 894 1149 928; x_wconf 84' lang='grc' dir='ltr'>μᾶλλον</span> <span class='ocrx_word' id='word_1_269' title='bbox 1167 895 1215 925; x_wconf 73' lang='grc' dir='ltr'><strong>μὲν</strong></span> <span class='ocrx_word' id='word_1_270' title='bbox 1231 894 1280 922; x_wconf 74' lang='grc' dir='ltr'><strong>οὖν</strong></span> <span class='ocrx_word' id='word_1_271' title='bbox 1290 895 1320 922; x_wconf 82' lang='grc' dir='ltr'>οὐ</span> <span class='ocrx_word' id='word_1_272' title='bbox 1338 895 1446 927; x_wconf 80' lang='grc' dir='ltr'><strong>σκότος,</strong></span> <span class='ocrx_word' id='word_1_273' title='bbox 1464 895 1532 922; x_wconf 88' lang='grc' dir='ltr'><strong>ἀλλά</strong></span> <span class='ocrx_word' id='word_1_274' title='bbox 1549 895 1704 930; x_wconf 78' lang='grc' dir='ltr'><strong>παρόρασις</strong></span> <span class='ocrx_word' id='word_1_275' title='bbox 1717 903 1723 910; x_wconf 93' lang='grc'><strong>·</strong></span> <span class='ocrx_word' id='word_1_276' title='bbox 1740 895 1790 930; x_wconf 75' lang='grc' dir='ltr'><strong>ήδη</strong></span> <span class='ocrx_word' id='word_1_277' title='bbox 1807 894 1836 921; x_wconf 70' lang='lat' dir='ltr'><strong>et</strong></span> 
     </span>
    </p>
   </div>
   <div class='ocr_carea' id='block_1_42' title="bbox 1050 940 1836 976">
    <p class='ocr_par' dir='ltr' id='par_1_42' title="bbox 1050 940 1836 976">
     <span class='ocr_line' id='line_1_42' title="bbox 1050 940 1836 976; baseline 0 -9"><span class='ocrx_word' id='word_1_278' title='bbox 1050 941 1110 968; x_wconf 73' lang='grc' dir='ltr'><strong>οὑδδ</strong></span> <span class='ocrx_word' id='word_1_279' title='bbox 1129 941 1209 976; x_wconf 84' lang='grc' dir='ltr'>αὕτη,</span> <span class='ocrx_word' id='word_1_280' title='bbox 1227 942 1293 968; x_wconf 82' lang='grc' dir='ltr'><strong>ἀλλά</strong></span> <span class='ocrx_word' id='word_1_281' title='bbox 1309 941 1405 973; x_wconf 79' lang='grc' dir='ltr'>στῦλός</span> <span class='ocrx_word' id='word_1_282' title='bbox 1430 951 1481 974; x_wconf 87' lang='grc' dir='ltr'>τις,</span> <span class='ocrx_word' id='word_1_283' title='bbox 1499 940 1586 976; x_wconf 79' lang='grc' dir='ltr'>οἶμαι,</span> <span class='ocrx_word' id='word_1_284' title='bbox 1608 942 1724 976; x_wconf 75' lang='grc' dir='ltr'><strong>νεφέλης</strong></span> <span class='ocrx_word' id='word_1_285' title='bbox 1737 942 1771 967; x_wconf 70' lang='grc' dir='ltr'>τὰ</span> <span class='ocrx_word' id='word_1_286' title='bbox 1786 942 1836 975; x_wconf 86' lang='grc' dir='ltr'>τῆς</span> 
     </span>
    </p>
   </div>
   <div class='ocr_carea' id='block_1_43' title="bbox 1049 987 1836 1022">
    <p class='ocr_par' dir='ltr' id='par_1_43' title="bbox 1049 987 1836 1022">
     <span class='ocr_line' id='line_1_43' title="bbox 1049 987 1836 1022; baseline -0.001 -9"><span class='ocrx_word' id='word_1_287' title='bbox 1049 987 1191 1022; x_wconf 75' lang='grc' dir='ltr'><strong>φάραγγος</strong></span> <span class='ocrx_word' id='word_1_288' title='bbox 1207 988 1374 1021; x_wconf 79' lang='grc' dir='ltr'><strong>ἀναπληρῶν</strong></span> <span class='ocrx_word' id='word_1_289' title='bbox 1385 987 1544 1022; x_wconf 76' lang='grc' dir='ltr'><strong>κενώματα,</strong></span> <span class='ocrx_word' id='word_1_290' title='bbox 1553 988 1696 1014; x_wconf 73' lang='grc' dir='ltr'><strong>λανθάνειν</strong></span> <span class='ocrx_word' id='word_1_291' title='bbox 1710 987 1773 1018; x_wconf 80' lang='grc' dir='ltr'>τοὺς</span> <span class='ocrx_word' id='word_1_292' title='bbox 1781 995 1836 1013; x_wconf 85' lang='grc' dir='ltr'>κοι-</span> 
     </span>
    </p>
   </div>
   <div class='ocr_carea' id='block_1_44' title="bbox 1050 1030 1835 1068">
    <p class='ocr_par' dir='ltr' id='par_1_44' title="bbox 1050 1030 1835 1068">
     <span class='ocr_line' id='line_1_44' title="bbox 1050 1030 1835 1068; baseline 0 -10"><span class='ocrx_word' id='word_1_293' title='bbox 1050 1032 1216 1068; x_wconf 76' lang='grc' dir='ltr'>ταζομένους</span> <span class='ocrx_word' id='word_1_294' title='bbox 1237 1033 1334 1064; x_wconf 73' lang='grc' dir='ltr'>ἐποίει,</span> <span class='ocrx_word' id='word_1_295' title='bbox 1361 1033 1407 1059; x_wconf 75' lang='grc' dir='ltr'><strong>καὶ</strong></span> <span class='ocrx_word' id='word_1_296' title='bbox 1432 1030 1476 1059; x_wconf 76' lang='grc' dir='ltr'>οἶα</span> <span class='ocrx_word' id='word_1_297' title='bbox 1491 1033 1614 1067; x_wconf 83' lang='grc' dir='ltr'>λαγωοὺς</span> <span class='ocrx_word' id='word_1_298' title='bbox 1627 1032 1835 1066; x_wconf 79' lang='grc' dir='ltr'><strong>καταφυγόντας</strong></span> 
     </span>
    </p>
   </div>
   <div class='ocr_carea' id='block_1_45' title="bbox 1049 1078 1838 1114">
    <p class='ocr_par' dir='ltr' id='par_1_45' title="bbox 1049 1078 1838 1114">
     <span class='ocr_line' id='line_1_45' title="bbox 1049 1078 1838 1114; baseline -0.001 -9"><span class='ocrx_word' id='word_1_299' title='bbox 1049 1080 1089 1111; x_wconf 79' lang='grc' dir='ltr'>εἰς</span> <span class='ocrx_word' id='word_1_300' title='bbox 1103 1079 1206 1114; x_wconf 71' lang='grc' dir='ltr'>πέτρας</span> <span class='ocrx_word' id='word_1_301' title='bbox 1221 1079 1447 1114; x_wconf 78' lang='grc' dir='ltr'><strong>ἀποκρύπτεσθαι</strong></span> <span class='ocrx_word' id='word_1_302' title='bbox 1475 1079 1539 1110; x_wconf 78' lang='grc' dir='ltr'>τοὺς</span> <span class='ocrx_word' id='word_1_303' title='bbox 1560 1078 1717 1113; x_wconf 83' lang='grc' dir='ltr'>ίχνευτικῶς</span> <span class='ocrx_word' id='word_1_304' title='bbox 1735 1078 1838 1113; x_wconf 77' lang='grc' dir='ltr'>ἐμφυο-</span> 
     </span>
    </p>
   </div>
   <div class='ocr_carea' id='block_1_46' title="bbox 1052 1123 1837 1160">
    <p class='ocr_par' dir='ltr' id='par_1_46' title="bbox 1052 1123 1837 1160">
     <span class='ocr_line' id='line_1_46' title="bbox 1052 1123 1837 1160; baseline -0.003 -9"><span class='ocrx_word' id='word_1_305' title='bbox 1052 1125 1148 1160; x_wconf 80' lang='grc' dir='ltr'><strong>μένους</strong></span> <span class='ocrx_word' id='word_1_306' title='bbox 1159 1125 1260 1157; x_wconf 82' lang='grc' dir='ltr'>αὺτοῖς.</span> <span class='ocrx_word' id='word_1_307' title='bbox 1282 1125 1520 1160; x_wconf 78' lang='grc' dir='ltr'>Ἐξεμετρήθησαν</span> <span class='ocrx_word' id='word_1_308' title='bbox 1540 1123 1609 1160; x_wconf 82' lang='grc' dir='ltr'>ὧραι</span> <span class='ocrx_word' id='word_1_309' title='bbox 1628 1124 1737 1159; x_wconf 78' lang='grc' dir='ltr'>συχναὶ.</span> <span class='ocrx_word' id='word_1_310' title='bbox 1753 1124 1799 1150; x_wconf 78' lang='grc' dir='ltr'>καὶ</span> <span class='ocrx_word' id='word_1_311' title='bbox 1811 1123 1837 1149; x_wconf 70' lang='grc' dir='ltr'><strong>οἱ</strong></span> 
     </span>
    </p>
   </div>
   <div class='ocr_carea' id='block_1_47' title="bbox 218 1171 1834 1210">
    <p class='ocr_par' dir='ltr' id='par_1_47' title="bbox 218 1171 1834 1210">
     <span class='ocr_line' id='line_1_47' title="bbox 218 1171 1834 1210; baseline -0.002 -10"><span class='ocrx_word' id='word_1_312' title='bbox 218 1175 298 1205; x_wconf 76' lang='grc' dir='ltr'>κύνες</span> <span class='ocrx_word' id='word_1_313' title='bbox 313 1174 361 1200; x_wconf 77' lang='grc' dir='ltr'>οὐκ</span> <span class='ocrx_word' id='word_1_314' title='bbox 374 1173 446 1210; x_wconf 76' lang='grc' dir='ltr'>εἶχον</span> <span class='ocrx_word' id='word_1_315' title='bbox 461 1175 490 1201; x_wconf 69' lang='grc' dir='ltr'>τδ</span> <span class='ocrx_word' id='word_1_316' title='bbox 504 1175 669 1210; x_wconf 79' lang='grc' dir='ltr'>ζητούμενον</span> <span class='ocrx_word' id='word_1_317' title='bbox 685 1175 807 1210; x_wconf 81' lang='grc' dir='ltr'>θήραμα.</span> <span class='ocrx_word' id='word_1_318' title='bbox 833 1173 888 1201; x_wconf 73' lang='grc' dir='ltr'>Καὶ</span> <span class='ocrx_word' id='word_1_319' title='bbox 903 1173 994 1200; x_wconf 81' lang='grc' dir='ltr'>τοίνυν</span> <span class='ocrx_word' id='word_1_320' title='bbox 1021 1172 1121 1204; x_wconf 82' lang='grc' dir='ltr'>ἱκανῶς</span> <span class='ocrx_word' id='word_1_321' title='bbox 1148 1173 1176 1200; x_wconf 80' lang='grc' dir='ltr'>ἐν</span> <span class='ocrx_word' id='word_1_322' title='bbox 1205 1174 1294 1205; x_wconf 77' lang='grc' dir='ltr'>κενοῖς</span> <span class='ocrx_word' id='word_1_323' title='bbox 1329 1175 1393 1206; x_wconf 76' lang='grc' dir='ltr'>τοὺς</span> <span class='ocrx_word' id='word_1_324' title='bbox 1418 1174 1472 1201; x_wconf 80' lang='grc' dir='ltr'>τῶν</span> <span class='ocrx_word' id='word_1_325' title='bbox 1499 1173 1591 1200; x_wconf 80' lang='grc' dir='ltr'>ἵππων</span> <span class='ocrx_word' id='word_1_326' title='bbox 1615 1171 1834 1206; x_wconf 80' lang='grc' dir='ltr'>κατατρίψαντες</span> 
     </span>
    </p>
   </div>
   <div class='ocr_carea' id='block_1_48' title="bbox 218 1219 1836 1257">
    <p class='ocr_par' dir='ltr' id='par_1_48' title="bbox 218 1219 1836 1257">
     <span class='ocr_line' id='line_1_48' title="bbox 218 1219 1836 1257; baseline -0.001 -10"><span class='ocrx_word' id='word_1_327' title='bbox 218 1221 469 1256; x_wconf 74' lang='grc' dir='ltr'>πόδας,ἀπὲκαμον,</span> <span class='ocrx_word' id='word_1_328' title='bbox 482 1222 528 1249; x_wconf 77' lang='grc' dir='ltr'>καὶ</span> <span class='ocrx_word' id='word_1_329' title='bbox 543 1222 690 1257; x_wconf 74' lang='grc' dir='ltr'>τεθηπότες</span> <span class='ocrx_word' id='word_1_330' title='bbox 705 1222 822 1252; x_wconf 80' lang='grc' dir='ltr'>ἵσταντο,</span> <span class='ocrx_word' id='word_1_331' title='bbox 835 1220 1076 1252; x_wconf 83' lang='grc' dir='ltr'>διεκπεταννύντες</span> <span class='ocrx_word' id='word_1_332' title='bbox 1091 1220 1228 1257; x_wconf 67' lang='grc' dir='ltr'>πανταχοῦ</span> <span class='ocrx_word' id='word_1_333' title='bbox 1244 1223 1294 1256; x_wconf 81' lang='grc' dir='ltr'>τῆς</span> <span class='ocrx_word' id='word_1_334' title='bbox 1320 1222 1378 1248; x_wconf 70' lang='grc' dir='ltr'>ἐκεῖ</span> <span class='ocrx_word' id='word_1_335' title='bbox 1399 1222 1450 1256; x_wconf 87' lang='grc' dir='ltr'>γῆς</span> <span class='ocrx_word' id='word_1_336' title='bbox 1465 1222 1514 1253; x_wconf 76' lang='grc' dir='ltr'><strong>τὰς</strong></span> <span class='ocrx_word' id='word_1_337' title='bbox 1541 1220 1628 1255; x_wconf 74' lang='grc' dir='ltr'>ὄψεις.</span> <span class='ocrx_word' id='word_1_338' title='bbox 1657 1219 1711 1246; x_wconf 80' lang='grc' dir='ltr'><strong>Καὶ</strong></span> <span class='ocrx_word' id='word_1_339' title='bbox 1741 1219 1836 1254; x_wconf 78' lang='grc' dir='ltr'>ἐῴκει-</span> 
     </span>
    </p>
   </div>
   <div class='ocr_carea' id='block_1_49' title="bbox 220 1265 1835 1304">
    <p class='ocr_par' dir='ltr' id='par_1_49' title="bbox 220 1265 1835 1304">
     <span class='ocr_line' id='line_1_49' title="bbox 220 1265 1835 1304; baseline -0.001 -10"><span class='ocrx_word' id='word_1_340' title='bbox 220 1276 269 1295; x_wconf 85' lang='grc' dir='ltr'><strong>σαν</strong></span> <span class='ocrx_word' id='word_1_341' title='bbox 288 1268 402 1303; x_wconf 75' lang='grc' dir='ltr'>μελετᾷν</span> <span class='ocrx_word' id='word_1_342' title='bbox 418 1268 545 1295; x_wconf 78' lang='grc' dir='ltr'>ἑπιπλέον</span> <span class='ocrx_word' id='word_1_343' title='bbox 562 1269 713 1304; x_wconf 77' lang='grc' dir='ltr'>πράγματα</span> <span class='ocrx_word' id='word_1_344' title='bbox 728 1270 811 1304; x_wconf 79' lang='grc' dir='ltr'>σχεῖν,</span> <span class='ocrx_word' id='word_1_345' title='bbox 833 1267 1029 1302; x_wconf 62' lang='grc' dir='ltr'>ἐξερευνῶντες</span> <span class='ocrx_word' id='word_1_346' title='bbox 1041 1268 1242 1303; x_wconf 76' lang='grc' dir='ltr'>ὲξερευνήσεις,</span> <span class='ocrx_word' id='word_1_347' title='bbox 1261 1268 1314 1299; x_wconf 76' lang='grc' dir='ltr'><strong>ἓως</strong></span> <span class='ocrx_word' id='word_1_348' title='bbox 1335 1268 1429 1300; x_wconf 82' lang='grc' dir='ltr'>αὐτοῖς</span> <span class='ocrx_word' id='word_1_349' title='bbox 1455 1268 1520 1299; x_wconf 74' lang='grc' dir='ltr'>τοὺς</span> <span class='ocrx_word' id='word_1_350' title='bbox 1540 1267 1692 1301; x_wconf 77' lang='grc' dir='ltr'>ἀνηνύτους</span> <span class='ocrx_word' id='word_1_351' title='bbox 1716 1265 1835 1301; x_wconf 65' lang='grc' dir='ltr'>μόχθους</span> 
     </span>
    </p>
   </div>
   <div class='ocr_carea' id='block_1_50' title="bbox 220 1313 1836 1353">
    <p class='ocr_par' dir='ltr' id='par_1_50' title="bbox 220 1313 1836 1353">
     <span class='ocr_line' id='line_1_50' title="bbox 220 1313 1836 1353; baseline -0.001 -11"><span class='ocrx_word' id='word_1_352' title='bbox 220 1317 339 1343; x_wconf 76' lang='grc' dir='ltr'>ἔπαυσεν</span> <span class='ocrx_word' id='word_1_353' title='bbox 355 1316 433 1352; x_wconf 81' lang='grc' dir='ltr'>ἀνὴρ,</span> <span class='ocrx_word' id='word_1_354' title='bbox 446 1318 485 1348; x_wconf 85' lang='grc' dir='ltr'><strong>είς</strong></span> <span class='ocrx_word' id='word_1_355' title='bbox 499 1317 578 1352; x_wconf 74' lang='grc' dir='ltr'>βάθος</span> <span class='ocrx_word' id='word_1_356' title='bbox 592 1316 639 1343; x_wconf 81' lang='grc' dir='ltr'>τοῦ</span> <span class='ocrx_word' id='word_1_357' title='bbox 653 1318 701 1351; x_wconf 82' lang='grc' dir='ltr'>τῆς</span> <span class='ocrx_word' id='word_1_358' title='bbox 712 1317 841 1353; x_wconf 74' lang='grc' dir='ltr'>ἀληθείας</span> <span class='ocrx_word' id='word_1_359' title='bbox 853 1316 997 1350; x_wconf 73' lang='grc' dir='ltr'>προκύψας</span> <span class='ocrx_word' id='word_1_360' title='bbox 1017 1316 1192 1351; x_wconf 73' lang='grc' dir='ltr'>πράγματος.</span> <span class='ocrx_word' id='word_1_361' title='bbox 1206 1316 1253 1342; x_wconf 78' lang='grc' dir='ltr'>καὶ</span> <span class='ocrx_word' id='word_1_362' title='bbox 1277 1316 1348 1342; x_wconf 86' lang='grc' dir='ltr'>θεῖον</span> <span class='ocrx_word' id='word_1_363' title='bbox 1364 1313 1433 1342; x_wconf 83' lang='grc' dir='ltr'>εἶναι</span> <span class='ocrx_word' id='word_1_364' title='bbox 1461 1315 1685 1350; x_wconf 78' lang='grc' dir='ltr'>συννοησάμενος</span> <span class='ocrx_word' id='word_1_365' title='bbox 1715 1314 1746 1340; x_wconf 83' lang='grc' dir='ltr'><strong>τὺ</strong></span> <span class='ocrx_word' id='word_1_366' title='bbox 1773 1315 1836 1340; x_wconf 75' lang='grc' dir='ltr'>ἐπι-</span> 
     </span>
    </p>
   </div>
   <div class='ocr_carea' id='block_1_51' title="bbox 220 1361 1834 1402">
    <p class='ocr_par' dir='ltr' id='par_1_51' title="bbox 220 1361 1834 1402">
     <span class='ocr_line' id='line_1_51' title="bbox 220 1361 1834 1402; baseline -0.001 -13"><span class='ocrx_word' id='word_1_367' title='bbox 220 1363 355 1396; x_wconf 76' lang='grc' dir='ltr'>προσθοῦν</span> <span class='ocrx_word' id='word_1_368' title='bbox 368 1371 375 1377; x_wconf 88' lang='grc'><strong>·</strong></span> <span class='ocrx_word' id='word_1_369' title='bbox 391 1363 420 1393; x_wconf 79' lang='grc' dir='ltr'>ὃς</span> <span class='ocrx_word' id='word_1_370' title='bbox 436 1363 482 1390; x_wconf 79' lang='grc' dir='ltr'>καὶ</span> <span class='ocrx_word' id='word_1_371' title='bbox 496 1364 536 1402; x_wconf 69' lang='grc' dir='ltr'><strong>είς</strong></span> <span class='ocrx_word' id='word_1_372' title='bbox 554 1363 641 1398; x_wconf 82' lang='grc' dir='ltr'>μάτην</span> <span class='ocrx_word' id='word_1_373' title='bbox 657 1363 763 1395; x_wconf 78' lang='grc' dir='ltr'>ἐξεῖπεν</span> <span class='ocrx_word' id='word_1_374' title='bbox 785 1364 885 1393; x_wconf 73' lang='grc' dir='ltr'>αὐτοὺς</span> <span class='ocrx_word' id='word_1_375' title='bbox 914 1362 1069 1394; x_wconf 79' lang='grc' dir='ltr'><strong>πονεῖσθαι,</strong></span> <span class='ocrx_word' id='word_1_376' title='bbox 1091 1363 1211 1397; x_wconf 82' lang='grc' dir='ltr'>ἀκίχητα</span> <span class='ocrx_word' id='word_1_377' title='bbox 1237 1363 1396 1397; x_wconf 82' lang='grc' dir='ltr'>διώκοντας,</span> <span class='ocrx_word' id='word_1_378' title='bbox 1423 1363 1471 1390; x_wconf 84' lang='grc' dir='ltr'>καὶ</span> <span class='ocrx_word' id='word_1_379' title='bbox 1497 1362 1701 1397; x_wconf 80' lang='grc' dir='ltr'>ἀκαταλήπτοις</span> <span class='ocrx_word' id='word_1_380' title='bbox 1720 1361 1834 1388; x_wconf 74' lang='grc' dir='ltr'><strong>ἐπιϐάλ-</strong></span> 
     </span>
    </p>
   </div>
   <div class='ocr_carea' id='block_1_52' title="bbox 220 1410 1258 1446">
    <p class='ocr_par' dir='ltr' id='par_1_52' title="bbox 220 1410 1258 1446">
     <span class='ocr_line' id='line_1_52' title="bbox 220 1410 1258 1446; baseline 0.002 -10"><span class='ocrx_word' id='word_1_381' title='bbox 220 1410 325 1441; x_wconf 84' lang='grc' dir='ltr'>λοντας,</span> <span class='ocrx_word' id='word_1_382' title='bbox 344 1410 398 1436; x_wconf 70' lang='grc' dir='ltr'><strong>Καὶ</strong></span> <span class='ocrx_word' id='word_1_383' title='bbox 415 1410 562 1445; x_wconf 75' lang='grc' dir='ltr'>προσέθετο</span> <span class='ocrx_word' id='word_1_384' title='bbox 576 1411 672 1442; x_wconf 73' lang='grc' dir='ltr'>εἰπεῖν,</span> <span class='ocrx_word' id='word_1_385' title='bbox 685 1410 860 1446; x_wconf 69' lang='grc' dir='ltr'>παραμιγνὺς</span> <span class='ocrx_word' id='word_1_386' title='bbox 869 1410 902 1445; x_wconf 79' lang='grc' dir='ltr'><strong>τῇ</strong></span> <span class='ocrx_word' id='word_1_387' title='bbox 922 1410 1065 1445; x_wconf 75' lang='grc' dir='ltr'>φιλοσοφίᾳ</span> <span class='ocrx_word' id='word_1_388' title='bbox 1076 1411 1124 1444; x_wconf 82' lang='grc' dir='ltr'>τῆς</span> <span class='ocrx_word' id='word_1_389' title='bbox 1143 1429 1151 1437; x_wconf 90' lang='grc'><strong>.</strong></span> <span class='ocrx_word' id='word_1_390' title='bbox 1166 1429 1173 1437; x_wconf 91' lang='grc'><strong>.</strong></span> <span class='ocrx_word' id='word_1_391' title='bbox 1189 1429 1197 1437; x_wconf 88' lang='grc'><strong>.</strong></span> <span class='ocrx_word' id='word_1_392' title='bbox 1210 1428 1217 1436; x_wconf 88' lang='grc'>.</span> <span class='ocrx_word' id='word_1_393' title='bbox 1231 1431 1238 1437; x_wconf 94' lang='grc'><em>.</em></span> <span class='ocrx_word' id='word_1_394' title='bbox 1251 1429 1258 1438; x_wconf 89' lang='grc'><strong>.</strong></span> 
     </span>
    </p>
   </div>
   <div class='ocr_carea' id='block_1_53' title="bbox 901 1478 1160 1507">
    <p class='ocr_par' dir='ltr' id='par_1_53' title="bbox 901 1478 1160 1507">
     <span class='ocr_line' id='line_1_53' title="bbox 901 1478 1160 1507; baseline 0.004 -3"><span class='ocrx_word' id='word_1_395' title='bbox 901 1478 1000 1505; x_wconf 72' lang='lat' dir='ltr'><strong>Desunt</strong></span> <span class='ocrx_word' id='word_1_396' title='bbox 1029 1479 1160 1507; x_wconf 65' lang='lat' dir='ltr'><strong>multm...</strong></span> 
     </span>
    </p>
   </div>
   <div class='ocr_carea' id='block_1_54' title="bbox 253 1539 1038 1571">
    <p class='ocr_par' dir='ltr' id='par_1_54' title="bbox 253 1539 1038 1571">
     <span class='ocr_line' id='line_1_54' title="bbox 253 1539 1038 1571; baseline -0.005 -3"><span class='ocrx_word' id='word_1_397' title='bbox 253 1540 334 1568; x_wconf 76' lang='lat'><strong>29....</strong></span> <span class='ocrx_word' id='word_1_398' title='bbox 346 1539 372 1566; x_wconf 94' lang='lat' dir='ltr'><strong>in</strong></span> <span class='ocrx_word' id='word_1_399' title='bbox 389 1539 574 1566; x_wconf 81' lang='lat' dir='ltr'><strong>exsistentiam</strong></span> <span class='ocrx_word' id='word_1_400' title='bbox 587 1539 849 1571; x_wconf 68' lang='lat' dir='ltr'><strong>materiaeexpertem</strong></span> <span class='ocrx_word' id='word_1_401' title='bbox 860 1542 1001 1565; x_wconf 88' lang='lat' dir='ltr'><strong>attenuen-</strong></span> <span class='ocrx_word' id='word_1_402' title='bbox 1015 1540 1038 1569; x_wconf 67' lang='lat'><strong>(1</strong></span> 
     </span>
    </p>
   </div>
   <div class='ocr_carea' id='block_1_55' title="bbox 226 1583 1000 1619">
    <p class='ocr_par' dir='ltr' id='par_1_55' title="bbox 226 1583 1000 1619">
     <span class='ocr_line' id='line_1_55' title="bbox 226 1583 1000 1619; baseline -0.006 -6"><span class='ocrx_word' id='word_1_403' title='bbox 226 1591 270 1614; x_wconf 90' lang='lat' dir='ltr'><strong>tur</strong></span> <span class='ocrx_word' id='word_1_404' title='bbox 283 1587 317 1613; x_wconf 91' lang='lat' dir='ltr'><strong>ita</strong></span> <span class='ocrx_word' id='word_1_405' title='bbox 333 1591 361 1612; x_wconf 91' lang='lat' dir='ltr'><strong>ut</strong></span> <span class='ocrx_word' id='word_1_406' title='bbox 375 1593 426 1612; x_wconf 86' lang='lat' dir='ltr'><strong>non</strong></span> <span class='ocrx_word' id='word_1_407' title='bbox 440 1589 542 1611; x_wconf 87' lang='lat' dir='ltr'><strong>tantutn</strong></span> <span class='ocrx_word' id='word_1_408' title='bbox 559 1584 609 1618; x_wconf 83' lang='lat' dir='ltr'><strong>ipsi</strong></span> <span class='ocrx_word' id='word_1_409' title='bbox 621 1584 690 1618; x_wconf 85' lang='lat' dir='ltr'><strong>apud</strong></span> <span class='ocrx_word' id='word_1_410' title='bbox 704 1584 822 1610; x_wconf 88' lang='lat' dir='ltr'><strong>otnnitttn</strong></span> <span class='ocrx_word' id='word_1_411' title='bbox 838 1583 1000 1619; x_wconf 81' lang='lat' dir='ltr'><strong>altissimum</strong></span> 
     </span>
    </p>
   </div>
   <div class='ocr_carea' id='block_1_56' title="bbox 1089 1537 1836 1576">
    <p class='ocr_par' dir='ltr' id='par_1_56' title="bbox 1089 1537 1836 1576">
     <span class='ocr_line' id='line_1_56' title="bbox 1089 1537 1836 1576; baseline 0.005 -12"><span class='ocrx_word' id='word_1_412' title='bbox 1089 1537 1140 1565; x_wconf 87' lang='grc' dir='ltr'>κθ’.</span> <span class='ocrx_word' id='word_1_413' title='bbox 1156 1558 1162 1565; x_wconf 93' lang='grc'>.</span> <span class='ocrx_word' id='word_1_414' title='bbox 1179 1557 1187 1565; x_wconf 90' lang='grc'><strong>.</strong></span> <span class='ocrx_word' id='word_1_415' title='bbox 1216 1557 1222 1565; x_wconf 96' lang='grc'><em>.</em></span> <span class='ocrx_word' id='word_1_416' title='bbox 1242 1557 1249 1564; x_wconf 94' lang='grc'>.</span> <span class='ocrx_word' id='word_1_417' title='bbox 1267 1539 1307 1570; x_wconf 82' lang='grc' dir='ltr'><strong>είς</strong></span> <span class='ocrx_word' id='word_1_418' title='bbox 1321 1539 1417 1566; x_wconf 77' lang='grc' dir='ltr'>ἂῡλίαν</span> <span class='ocrx_word' id='word_1_419' title='bbox 1430 1539 1627 1572; x_wconf 82' lang='grc' dir='ltr'>λεπτύνωνται,</span> <span class='ocrx_word' id='word_1_420' title='bbox 1646 1540 1683 1572; x_wconf 83' lang='grc' dir='ltr'>ὡς</span> <span class='ocrx_word' id='word_1_421' title='bbox 1700 1541 1736 1576; x_wconf 85' lang='grc' dir='ltr'>μὴ</span> <span class='ocrx_word' id='word_1_422' title='bbox 1754 1542 1836 1576; x_wconf 86' lang='grc' dir='ltr'>μόνον</span> 
     </span>
    </p>
   </div>
   <div class='ocr_carea' id='block_1_57' title="bbox 1057 1583 1836 1620">
    <p class='ocr_par' dir='ltr' id='par_1_57' title="bbox 1057 1583 1836 1620">
     <span class='ocr_line' id='line_1_57' title="bbox 1057 1583 1836 1620; baseline 0.005 -11"><span class='ocrx_word' id='word_1_423' title='bbox 1057 1583 1133 1609; x_wconf 78' lang='grc' dir='ltr'>αὐτοὶ</span> <span class='ocrx_word' id='word_1_424' title='bbox 1165 1583 1232 1618; x_wconf 82' lang='grc' dir='ltr'>πρὸς</span> <span class='ocrx_word' id='word_1_425' title='bbox 1255 1584 1293 1618; x_wconf 86' lang='grc' dir='ltr'>τῷ</span> <span class='ocrx_word' id='word_1_426' title='bbox 1320 1584 1450 1611; x_wconf 81' lang='grc' dir='ltr'>ἀνωτάτω</span> <span class='ocrx_word' id='word_1_427' title='bbox 1467 1586 1577 1612; x_wconf 69' lang='grc' dir='ltr'>παντων</span> <span class='ocrx_word' id='word_1_428' title='bbox 1594 1585 1654 1620; x_wconf 84' lang='grc' dir='ltr'><strong>Θεῷ</strong></span> <span class='ocrx_word' id='word_1_429' title='bbox 1670 1584 1750 1618; x_wconf 74' lang='grc' dir='ltr'>εἶναι,</span> <span class='ocrx_word' id='word_1_430' title='bbox 1768 1587 1836 1614; x_wconf 87' lang='grc' dir='ltr'><strong>ἀλλά</strong></span> 
     </span>
    </p>
   </div>
   <div class='ocr_carea' id='block_1_58' title="bbox 223 1630 1005 1664">
    <p class='ocr_par' dir='ltr' id='par_1_58' title="bbox 223 1630 1005 1664">
     <span class='ocr_line' id='line_1_58' title="bbox 223 1630 1005 1664; baseline -0.005 -4"><span class='ocrx_word' id='word_1_431' title='bbox 223 1633 306 1660; x_wconf 87' lang='lat' dir='ltr'><strong>Deum</strong></span> <span class='ocrx_word' id='word_1_432' title='bbox 319 1632 383 1664; x_wconf 78' lang='lat' dir='ltr'><strong>sint,</strong></span> <span class='ocrx_word' id='word_1_433' title='bbox 395 1632 441 1659; x_wconf 88' lang='lat' dir='ltr'><strong>sed</strong></span> <span class='ocrx_word' id='word_1_434' title='bbox 464 1635 490 1657; x_wconf 92' lang='lat' dir='ltr'><strong>el</strong></span> <span class='ocrx_word' id='word_1_435' title='bbox 507 1631 573 1657; x_wconf 85' lang='lat' dir='ltr'><strong>alios</strong></span> <span class='ocrx_word' id='word_1_436' title='bbox 600 1637 681 1664; x_wconf 86' lang='lat' dir='ltr'><strong>supra</strong></span> <span class='ocrx_word' id='word_1_437' title='bbox 708 1635 807 1658; x_wconf 77' lang='lat' dir='ltr'><strong>terrain</strong></span> <span class='ocrx_word' id='word_1_438' title='bbox 834 1630 947 1661; x_wconf 82' lang='lat' dir='ltr'><strong>tollant;</strong></span> <span class='ocrx_word' id='word_1_439' title='bbox 977 1633 1005 1656; x_wconf 87' lang='lat' dir='ltr'><strong>et</strong></span> 
     </span>
    </p>
   </div>
   <div class='ocr_carea' id='block_1_59' title="bbox 224 1674 1001 1712">
    <p class='ocr_par' dir='ltr' id='par_1_59' title="bbox 224 1674 1001 1712">
     <span class='ocr_line' id='line_1_59' title="bbox 224 1674 1001 1712; baseline -0.005 -7"><span class='ocrx_word' id='word_1_440' title='bbox 224 1678 364 1712; x_wconf 85' lang='lat' dir='ltr'><strong>hucusque</strong></span> <span class='ocrx_word' id='word_1_441' title='bbox 379 1677 487 1711; x_wconf 88' lang='lat' dir='ltr'><strong>quidem</strong></span> <span class='ocrx_word' id='word_1_442' title='bbox 505 1675 617 1702; x_wconf 80' lang='lat' dir='ltr'><strong>exaltari</strong></span> <span class='ocrx_word' id='word_1_443' title='bbox 645 1675 758 1707; x_wconf 77' lang='lat' dir='ltr'><strong>faciunt,</strong></span> <span class='ocrx_word' id='word_1_444' title='bbox 782 1675 842 1702; x_wconf 86' lang='lat' dir='ltr'><strong>dein</strong></span> <span class='ocrx_word' id='word_1_445' title='bbox 857 1682 921 1701; x_wconf 86' lang='lat' dir='ltr'><strong>vero</strong></span> <span class='ocrx_word' id='word_1_446' title='bbox 936 1678 961 1702; x_wconf 84' lang='lat' dir='ltr'><strong>et</strong></span> <span class='ocrx_word' id='word_1_447' title='bbox 974 1674 1001 1701; x_wconf 87' lang='lat' dir='ltr'><strong>in</strong></span> 
     </span>
    </p>
   </div>
   <div class='ocr_carea' id='block_1_60' title="bbox 225 1719 1003 1755">
    <p class='ocr_par' dir='ltr' id='par_1_60' title="bbox 225 1719 1003 1755">
     <span class='ocr_line' id='line_1_60' title="bbox 225 1719 1003 1755; baseline -0.005 -5"><span class='ocrx_word' id='word_1_448' title='bbox 225 1728 295 1750; x_wconf 87' lang='lat' dir='ltr'><strong>terra</strong></span> <span class='ocrx_word' id='word_1_449' title='bbox 312 1723 408 1749; x_wconf 90' lang='lat' dir='ltr'><strong>iterum</strong></span> <span class='ocrx_word' id='word_1_450' title='bbox 421 1721 524 1755; x_wconf 84' lang='lat' dir='ltr'><strong>absque</strong></span> <span class='ocrx_word' id='word_1_451' title='bbox 536 1720 641 1747; x_wconf 78' lang='lat' dir='ltr'><strong>defectu</strong></span> <span class='ocrx_word' id='word_1_452' title='bbox 653 1726 784 1754; x_wconf 88' lang='lat' dir='ltr'><strong>perstare.</strong></span> <span class='ocrx_word' id='word_1_453' title='bbox 798 1719 830 1747; x_wconf 89' lang='lat' dir='ltr'><strong>Et</strong></span> <span class='ocrx_word' id='word_1_454' title='bbox 844 1720 882 1747; x_wconf 83' lang='lat' dir='ltr'><strong>sic</strong></span> <span class='ocrx_word' id='word_1_455' title='bbox 895 1719 1003 1754; x_wconf 87' lang='lat' dir='ltr'><strong>quidem</strong></span> 
     </span>
    </p>
   </div>
   <div class='ocr_carea' id='block_1_61' title="bbox 224 1766 1005 1803">
    <p class='ocr_par' dir='ltr' id='par_1_61' title="bbox 224 1766 1005 1803">
     <span class='ocr_line' id='line_1_61' title="bbox 224 1766 1005 1803; baseline -0.004 -8"><span class='ocrx_word' id='word_1_456' title='bbox 224 1768 270 1803; x_wconf 90' lang='lat' dir='ltr'><strong>qui</strong></span> <span class='ocrx_word' id='word_1_457' title='bbox 279 1769 402 1794; x_wconf 83' lang='lat' dir='ltr'><strong>tenebras</strong></span> <span class='ocrx_word' id='word_1_458' title='bbox 414 1767 463 1793; x_wconf 81' lang='lat' dir='ltr'><strong>fert</strong></span> <span class='ocrx_word' id='word_1_459' title='bbox 473 1766 658 1801; x_wconf 79' lang='grc' dir='ltr'>(σκοτοφόρος)</span> <span class='ocrx_word' id='word_1_460' title='bbox 669 1771 696 1793; x_wconf 87' lang='lat' dir='ltr'><strong>et</strong></span> <span class='ocrx_word' id='word_1_461' title='bbox 709 1767 780 1794; x_wconf 87' lang='lat' dir='ltr'><strong>circa</strong></span> <span class='ocrx_word' id='word_1_462' title='bbox 793 1766 879 1801; x_wconf 82' lang='lat' dir='ltr'><strong>ipsum</strong></span> <span class='ocrx_word' id='word_1_463' title='bbox 890 1766 1005 1801; x_wconf 86' lang='lat' dir='ltr'><strong>prophe-</strong></span> 
     </span>
    </p>
   </div>
   <div class='ocr_carea' id='block_1_62' title="bbox 225 1811 1005 1847">
    <p class='ocr_par' dir='ltr' id='par_1_62' title="bbox 225 1811 1005 1847">
     <span class='ocr_line' id='line_1_62' title="bbox 225 1811 1005 1847; baseline -0.004 -6"><span class='ocrx_word' id='word_1_464' title='bbox 225 1819 258 1842; x_wconf 74' lang='lat' dir='ltr'><strong>ta:</strong></span> <span class='ocrx_word' id='word_1_465' title='bbox 267 1819 294 1841; x_wconf 86' lang='lat' dir='ltr'><strong>ct</strong></span> <span class='ocrx_word' id='word_1_466' title='bbox 303 1813 415 1847; x_wconf 77' lang='lat' dir='ltr'><strong>apostoli</strong></span> <span class='ocrx_word' id='word_1_467' title='bbox 427 1817 453 1840; x_wconf 89' lang='lat' dir='ltr'><strong>et</strong></span> <span class='ocrx_word' id='word_1_468' title='bbox 463 1813 667 1847; x_wconf 83' lang='lat' dir='ltr'><strong>quibuscunque</strong></span> <span class='ocrx_word' id='word_1_469' title='bbox 676 1812 735 1840; x_wconf 87' lang='lat' dir='ltr'><strong>aliis</strong></span> <span class='ocrx_word' id='word_1_470' title='bbox 745 1813 827 1840; x_wconf 85' lang='lat' dir='ltr'><strong>Deum</strong></span> <span class='ocrx_word' id='word_1_471' title='bbox 835 1811 1005 1846; x_wconf 87' lang='lat' dir='ltr'><strong>omnipoten-</strong></span> 
     </span>
    </p>
   </div>
   <div class='ocr_carea' id='block_1_63' title="bbox 225 1859 1003 1894">
    <p class='ocr_par' dir='ltr' id='par_1_63' title="bbox 225 1859 1003 1894">
     <span class='ocr_line' id='line_1_63' title="bbox 225 1859 1003 1894; baseline 0 -7"><span class='ocrx_word' id='word_1_472' title='bbox 225 1866 278 1888; x_wconf 90' lang='lat' dir='ltr'><strong>tem</strong></span> <span class='ocrx_word' id='word_1_473' title='bbox 295 1859 522 1894; x_wconf 79' lang='lat' dir='ltr'><strong>cognoscentibus</strong></span> <span class='ocrx_word' id='word_1_474' title='bbox 539 1859 651 1887; x_wconf 80' lang='lat' dir='ltr'><strong>exaltari</strong></span> <span class='ocrx_word' id='word_1_475' title='bbox 666 1859 780 1887; x_wconf 88' lang='lat' dir='ltr'><strong>leviores</strong></span> <span class='ocrx_word' id='word_1_476' title='bbox 797 1860 910 1894; x_wconf 77' lang='lat' dir='ltr'><strong>contigit</strong></span> <span class='ocrx_word' id='word_1_477' title='bbox 925 1863 953 1886; x_wconf 84' lang='lat' dir='ltr'><strong>et</strong></span> <span class='ocrx_word' id='word_1_478' title='bbox 970 1859 1003 1887; x_wconf 88' lang='lat' dir='ltr'><strong>ad</strong></span> 
     </span>
    </p>
   </div>
   <div class='ocr_carea' id='block_1_64' title="bbox 224 1906 1004 1942">
    <p class='ocr_par' dir='ltr' id='par_1_64' title="bbox 224 1906 1004 1942">
     <span class='ocr_line' id='line_1_64' title="bbox 224 1906 1004 1942; baseline 0 -8"><span class='ocrx_word' id='word_1_479' title='bbox 224 1908 362 1941; x_wconf 87' lang='lat' dir='ltr'><strong>superiora</strong></span> <span class='ocrx_word' id='word_1_480' title='bbox 376 1907 538 1941; x_wconf 86' lang='lat' dir='ltr'><strong>promoveri,</strong></span> <span class='ocrx_word' id='word_1_481' title='bbox 556 1907 581 1933; x_wconf 92' lang='lat' dir='ltr'><strong>in</strong></span> <span class='ocrx_word' id='word_1_482' title='bbox 597 1911 728 1942; x_wconf 87' lang='lat' dir='ltr'><strong>quantum</strong></span> <span class='ocrx_word' id='word_1_483' title='bbox 746 1907 819 1942; x_wconf 89' lang='lat' dir='ltr'><strong>ipsos</strong></span> <span class='ocrx_word' id='word_1_484' title='bbox 833 1907 942 1934; x_wconf 81' lang='lat' dir='ltr'><strong>sustulit</strong></span> <span class='ocrx_word' id='word_1_485' title='bbox 958 1906 1004 1941; x_wconf 88' lang='lat' dir='ltr'><strong>qui</strong></span> 
     </span>
    </p>
   </div>
   <div class='ocr_carea' id='block_1_65' title="bbox 225 1952 1004 1987">
    <p class='ocr_par' dir='ltr' id='par_1_65' title="bbox 225 1952 1004 1987">
     <span class='ocr_line' id='line_1_65' title="bbox 225 1952 1004 1987; baseline -0.003 -6"><span class='ocrx_word' id='word_1_486' title='bbox 225 1954 252 1981; x_wconf 86' lang='lat' dir='ltr'><strong>in</strong></span> <span class='ocrx_word' id='word_1_487' title='bbox 266 1953 382 1981; x_wconf 88' lang='lat' dir='ltr'><strong>sublitne</strong></span> <span class='ocrx_word' id='word_1_488' title='bbox 396 1953 492 1984; x_wconf 82' lang='lat' dir='ltr'><strong>elevat,</strong></span> <span class='ocrx_word' id='word_1_489' title='bbox 511 1953 628 1987; x_wconf 81' lang='lat' dir='ltr'><strong>gaudent</strong></span> <span class='ocrx_word' id='word_1_490' title='bbox 657 1953 863 1986; x_wconf 85' lang='lat' dir='ltr'><strong>multiplicatam</strong></span> <span class='ocrx_word' id='word_1_491' title='bbox 880 1952 1004 1979; x_wconf 83' lang='lat' dir='ltr'><strong>videntes</strong></span> 
     </span>
    </p>
   </div>
   <div class='ocr_carea' id='block_1_66' title="bbox 224 1997 1001 2033">
    <p class='ocr_par' dir='ltr' id='par_1_66' title="bbox 224 1997 1001 2033">
     <span class='ocr_line' id='line_1_66' title="bbox 224 1997 1001 2033; baseline -0.003 -8"><span class='ocrx_word' id='word_1_492' title='bbox 224 1998 452 2033; x_wconf 84' lang='lat' dir='ltr'><strong>pulchritudinem</strong></span> <span class='ocrx_word' id='word_1_493' title='bbox 481 2001 507 2024; x_wconf 84' lang='lat' dir='ltr'><strong>et</strong></span> <span class='ocrx_word' id='word_1_494' title='bbox 524 1997 621 2025; x_wconf 86' lang='lat' dir='ltr'><strong>ccelum</strong></span> <span class='ocrx_word' id='word_1_495' title='bbox 641 1998 796 2025; x_wconf 86' lang='lat' dir='ltr'><strong>hominibus</strong></span> <span class='ocrx_word' id='word_1_496' title='bbox 820 1997 952 2031; x_wconf 80' lang='lat' dir='ltr'><strong>repletum</strong></span> <span class='ocrx_word' id='word_1_497' title='bbox 966 1997 1001 2024; x_wconf 93' lang='lat' dir='ltr'><strong>ita</strong></span> 
     </span>
    </p>
   </div>
   <div class='ocr_carea' id='block_1_67' title="bbox 225 2043 1004 2079">
    <p class='ocr_par' dir='ltr' id='par_1_67' title="bbox 225 2043 1004 2079">
     <span class='ocr_line' id='line_1_67' title="bbox 225 2043 1004 2079; baseline -0.003 -9"><span class='ocrx_word' id='word_1_498' title='bbox 225 2044 320 2079; x_wconf 81' lang='lat' dir='ltr'><strong>utjam</strong></span> <span class='ocrx_word' id='word_1_499' title='bbox 343 2052 395 2071; x_wconf 88' lang='lat' dir='ltr'><strong>non</strong></span> <span class='ocrx_word' id='word_1_500' title='bbox 419 2045 543 2071; x_wconf 83' lang='lat' dir='ltr'><strong>desertus</strong></span> <span class='ocrx_word' id='word_1_501' title='bbox 573 2044 658 2070; x_wconf 64' lang='lat' dir='ltr'><strong>aether</strong></span> <span class='ocrx_word' id='word_1_502' title='bbox 685 2044 807 2076; x_wconf 86' lang='lat' dir='ltr'><strong>dicatur;</strong></span> <span class='ocrx_word' id='word_1_503' title='bbox 834 2051 888 2077; x_wconf 91' lang='lat' dir='ltr'><strong>quo</strong></span> <span class='ocrx_word' id='word_1_504' title='bbox 914 2043 1004 2070; x_wconf 88' lang='lat' dir='ltr'><strong>volatu</strong></span> 
     </span>
    </p>
   </div>
   <div class='ocr_carea' id='block_1_68' title="bbox 225 2088 1002 2122">
    <p class='ocr_par' dir='ltr' id='par_1_68' title="bbox 225 2088 1002 2122">
     <span class='ocr_line' id='line_1_68' title="bbox 225 2088 1002 2122; baseline -0.003 -6"><span class='ocrx_word' id='word_1_505' title='bbox 225 2090 287 2117; x_wconf 85' lang='lat' dir='ltr'><strong>elati</strong></span> <span class='ocrx_word' id='word_1_506' title='bbox 303 2096 431 2122; x_wconf 79' lang='lat' dir='ltr'><strong>tauquam</strong></span> <span class='ocrx_word' id='word_1_507' title='bbox 450 2088 578 2116; x_wconf 66' lang='lat' dir='ltr'><strong>cmllcolaa</strong></span> <span class='ocrx_word' id='word_1_508' title='bbox 594 2090 662 2115; x_wconf 90' lang='lat' dir='ltr'><strong>liunt</strong></span> <span class='ocrx_word' id='word_1_509' title='bbox 675 2096 723 2122; x_wconf 87' lang='lat' dir='ltr'><strong>per</strong></span> <span class='ocrx_word' id='word_1_510' title='bbox 739 2097 800 2115; x_wconf 80' lang='lat' dir='ltr'><strong>aera</strong></span> <span class='ocrx_word' id='word_1_511' title='bbox 814 2089 1002 2121; x_wconf 78' lang='lat' dir='ltr'><strong>procedentes.</strong></span> 
     </span>
    </p>
   </div>
   <div class='ocr_carea' id='block_1_69' title="bbox 225 2133 1006 2168">
    <p class='ocr_par' dir='ltr' id='par_1_69' title="bbox 225 2133 1006 2168">
     <span class='ocr_line' id='line_1_69' title="bbox 225 2133 1006 2168; baseline -0.005 -5"><span class='ocrx_word' id='word_1_512' title='bbox 225 2137 253 2163; x_wconf 88' lang='lat' dir='ltr'><strong>Si</strong></span> <span class='ocrx_word' id='word_1_513' title='bbox 269 2142 332 2162; x_wconf 85' lang='lat' dir='ltr'><strong>vero</strong></span> <span class='ocrx_word' id='word_1_514' title='bbox 346 2141 474 2168; x_wconf 91' lang='lat' dir='ltr'><strong>tanquam</strong></span> <span class='ocrx_word' id='word_1_515' title='bbox 491 2134 567 2168; x_wconf 84' lang='lat' dir='ltr'><strong>equis</strong></span> <span class='ocrx_word' id='word_1_516' title='bbox 588 2133 750 2160; x_wconf 84' lang='lat' dir='ltr'><strong>salutaribus</strong></span> <span class='ocrx_word' id='word_1_517' title='bbox 772 2133 887 2160; x_wconf 83' lang='lat' dir='ltr'><strong>sublime</strong></span> <span class='ocrx_word' id='word_1_518' title='bbox 906 2133 1006 2160; x_wconf 87' lang='lat' dir='ltr'><strong>tollun-</strong></span> 
     </span>
    </p>
   </div>
   <div class='ocr_carea' id='block_1_70' title="bbox 226 2177 1003 2215">
    <p class='ocr_par' dir='ltr' id='par_1_70' title="bbox 226 2177 1003 2215">
     <span class='ocr_line' id='line_1_70' title="bbox 226 2177 1003 2215; baseline -0.001 -9"><span class='ocrx_word' id='word_1_519' title='bbox 226 2185 269 2207; x_wconf 89' lang='lat' dir='ltr'><strong>tur</strong></span> <span class='ocrx_word' id='word_1_520' title='bbox 282 2180 327 2215; x_wconf 88' lang='lat' dir='ltr'><strong>qui</strong></span> <span class='ocrx_word' id='word_1_521' title='bbox 345 2179 496 2209; x_wconf 86' lang='lat' dir='ltr'><strong>solvuntur,</strong></span> <span class='ocrx_word' id='word_1_522' title='bbox 514 2177 715 2205; x_wconf 79' lang='lat' dir='ltr'><strong>simulexaltari</strong></span> <span class='ocrx_word' id='word_1_523' title='bbox 735 2178 785 2205; x_wconf 88' lang='lat' dir='ltr'><strong>visi</strong></span> <span class='ocrx_word' id='word_1_524' title='bbox 798 2185 858 2204; x_wconf 86' lang='lat' dir='ltr'><strong>rum</strong></span> <span class='ocrx_word' id='word_1_525' title='bbox 882 2178 1003 2205; x_wconf 84' lang='lat' dir='ltr'><strong>salvante</strong></span> 
     </span>
    </p>
   </div>
   <div class='ocr_carea' id='block_1_71' title="bbox 226 2211 1043 2260">
    <p class='ocr_par' dir='ltr' id='par_1_71' title="bbox 226 2211 1043 2260">
     <span class='ocr_line' id='line_1_71' title="bbox 226 2211 1043 2260; baseline -0.004 -9"><span class='ocrx_word' id='word_1_526' title='bbox 226 2211 356 2260; x_wconf 54' lang='grc' dir='ltr'><strong>ωλι-ιντο,</strong></span> <span class='ocrx_word' id='word_1_527' title='bbox 374 2228 400 2250; x_wconf 87' lang='lat' dir='ltr'><strong>ct</strong></span> <span class='ocrx_word' id='word_1_528' title='bbox 415 2223 466 2250; x_wconf 83' lang='lat' dir='ltr'><strong>hoc.</strong></span> <span class='ocrx_word' id='word_1_529' title='bbox 483 2222 606 2249; x_wconf 84' lang='lat' dir='ltr'><strong>mirabile</strong></span> <span class='ocrx_word' id='word_1_530' title='bbox 622 2222 692 2249; x_wconf 89' lang='lat' dir='ltr'><strong>aliud</strong></span> <span class='ocrx_word' id='word_1_531' title='bbox 707 2227 748 2249; x_wconf 89' lang='lat' dir='ltr'><strong>est</strong></span> <span class='ocrx_word' id='word_1_532' title='bbox 766 2223 791 2248; x_wconf 94' lang='lat' dir='ltr'><strong>in</strong></span> <span class='ocrx_word' id='word_1_533' title='bbox 808 2222 1002 2256; x_wconf 81' lang='lat' dir='ltr'><strong>cogitationum</strong></span> <span class='ocrx_word' id='word_1_534' title='bbox 1017 2211 1043 2240; x_wconf 75' lang='grc' dir='ltr'>υ</span> 
     </span>
    </p>
   </div>
   <div class='ocr_carea' id='block_1_72' title="bbox 227 2266 1004 2305">
    <p class='ocr_par' dir='ltr' id='par_1_72' title="bbox 227 2266 1004 2305">
     <span class='ocr_line' id='line_1_72' title="bbox 227 2266 1004 2305; baseline -0.003 -10"><span class='ocrx_word' id='word_1_535' title='bbox 227 2271 302 2305; x_wconf 73' lang='lat' dir='ltr'><strong>quasi</strong></span> <span class='ocrx_word' id='word_1_536' title='bbox 315 2269 490 2297; x_wconf 81' lang='lat' dir='ltr'><strong>deliramenta</strong></span> <span class='ocrx_word' id='word_1_537' title='bbox 504 2268 724 2301; x_wconf 84' lang='lat' dir='ltr'><strong>iuduccns,sicut</strong></span> <span class='ocrx_word' id='word_1_538' title='bbox 735 2267 816 2294; x_wconf 90' lang='lat' dir='ltr'><strong>multa</strong></span> <span class='ocrx_word' id='word_1_539' title='bbox 831 2275 858 2295; x_wconf 82' lang='lat' dir='ltr'><strong>et</strong></span> <span class='ocrx_word' id='word_1_540' title='bbox 872 2266 1004 2302; x_wconf 81' lang='lat' dir='ltr'><strong>profunda</strong></span> 
     </span>
    </p>
   </div>
   <div class='ocr_carea' id='block_1_73' title="bbox 228 2314 689 2349">
    <p class='ocr_par' dir='ltr' id='par_1_73' title="bbox 228 2314 689 2349">
     <span class='ocr_line' id='line_1_73' title="bbox 228 2314 689 2349; baseline -0.007 -6"><span class='ocrx_word' id='word_1_541' title='bbox 228 2317 315 2344; x_wconf 85' lang='lat' dir='ltr'><strong>beatis</strong></span> <span class='ocrx_word' id='word_1_542' title='bbox 333 2314 481 2349; x_wconf 89' lang='lat' dir='ltr'><strong>antiquitus</strong></span> <span class='ocrx_word' id='word_1_543' title='bbox 493 2315 689 2341; x_wconf 88' lang='lat' dir='ltr'><strong>inclaruerunt.</strong></span> 
     </span>
    </p>
   </div>
   <div class='ocr_carea' id='block_1_74' title="bbox 262 2357 1006 2392">
    <p class='ocr_par' dir='ltr' id='par_1_74' title="bbox 262 2357 1006 2392">
     <span class='ocr_line' id='line_1_74' title="bbox 262 2357 1006 2392; baseline -0.007 -3"><span class='ocrx_word' id='word_1_544' title='bbox 262 2361 306 2389; x_wconf 81' lang='grc'><strong>50.</strong></span> <span class='ocrx_word' id='word_1_545' title='bbox 339 2360 438 2387; x_wconf 75' lang='grc' dir='ltr'><strong>Ποτιιιιι</strong></span> <span class='ocrx_word' id='word_1_546' title='bbox 454 2359 573 2386; x_wconf 89' lang='lat' dir='ltr'><strong>omnium</strong></span> <span class='ocrx_word' id='word_1_547' title='bbox 586 2366 646 2392; x_wconf 66' lang='lat' dir='ltr'><strong>qua:</strong></span> <span class='ocrx_word' id='word_1_548' title='bbox 662 2358 842 2385; x_wconf 80' lang='lat' dir='ltr'><strong>narrationem</strong></span> <span class='ocrx_word' id='word_1_549' title='bbox 859 2357 1006 2392; x_wconf 85' lang='lat' dir='ltr'><strong>jucundam</strong></span> 
     </span>
    </p>
   </div>
   <div class='ocr_carea' id='block_1_75' title="bbox 231 2404 1006 2439">
    <p class='ocr_par' dir='ltr' id='par_1_75' title="bbox 231 2404 1006 2439">
     <span class='ocr_line' id='line_1_75' title="bbox 231 2404 1006 2439; baseline -0.004 -5"><span class='ocrx_word' id='word_1_550' title='bbox 231 2408 388 2438; x_wconf 77' lang='lat' dir='ltr'><strong>elleccmnt,</strong></span> <span class='ocrx_word' id='word_1_551' title='bbox 403 2405 425 2432; x_wconf 87' lang='lat' dir='ltr'><strong>si</strong></span> <span class='ocrx_word' id='word_1_552' title='bbox 440 2406 593 2432; x_wconf 89' lang='lat' dir='ltr'><strong>auditorum</strong></span> <span class='ocrx_word' id='word_1_553' title='bbox 603 2404 663 2439; x_wconf 89' lang='lat' dir='ltr'><strong>quis</strong></span> <span class='ocrx_word' id='word_1_554' title='bbox 676 2404 796 2438; x_wconf 80' lang='lat' dir='ltr'><strong>exempla</strong></span> <span class='ocrx_word' id='word_1_555' title='bbox 809 2405 896 2438; x_wconf 86' lang='lat' dir='ltr'><strong>prisca</strong></span> <span class='ocrx_word' id='word_1_556' title='bbox 912 2404 937 2431; x_wconf 91' lang='lat' dir='ltr'><strong>in</strong></span> <span class='ocrx_word' id='word_1_557' title='bbox 955 2411 1006 2431; x_wconf 91' lang='lat' dir='ltr'><strong>tto-</strong></span> 
     </span>
    </p>
   </div>
   <div class='ocr_carea' id='block_1_76' title="bbox 230 2449 1006 2488">
    <p class='ocr_par' dir='ltr' id='par_1_76' title="bbox 230 2449 1006 2488">
     <span class='ocr_line' id='line_1_76' title="bbox 230 2449 1006 2488; baseline -0.006 -7"><span class='ocrx_word' id='word_1_558' title='bbox 230 2454 272 2481; x_wconf 86' lang='lat' dir='ltr'><strong>his</strong></span> <span class='ocrx_word' id='word_1_559' title='bbox 284 2451 431 2488; x_wconf 64' lang='lat' dir='ltr'><strong>qumsierit,</strong></span> <span class='ocrx_word' id='word_1_560' title='bbox 441 2451 566 2486; x_wconf 84' lang='lat' dir='ltr'><strong>equidem</strong></span> <span class='ocrx_word' id='word_1_561' title='bbox 578 2458 629 2477; x_wconf 91' lang='lat' dir='ltr'><strong>non</strong></span> <span class='ocrx_word' id='word_1_562' title='bbox 642 2450 806 2485; x_wconf 81' lang='lat' dir='ltr'><strong>repugnabo.</strong></span> <span class='ocrx_word' id='word_1_563' title='bbox 818 2449 902 2486; x_wconf 73' lang='lat' dir='ltr'><strong>Longi</strong></span> <span class='ocrx_word' id='word_1_564' title='bbox 917 2454 1006 2476; x_wconf 88' lang='lat' dir='ltr'><strong>autem</strong></span> 
     </span>
    </p>
   </div>
   <div class='ocr_carea' id='block_1_77' title="bbox 226 2497 1006 2534">
    <p class='ocr_par' dir='ltr' id='par_1_77' title="bbox 226 2497 1006 2534">
     <span class='ocr_line' id='line_1_77' title="bbox 226 2497 1006 2534; baseline -0.004 -7"><span class='ocrx_word' id='word_1_565' title='bbox 226 2500 299 2532; x_wconf 83' lang='lat' dir='ltr'><strong>libri.</strong></span> <span class='ocrx_word' id='word_1_566' title='bbox 315 2499 408 2534; x_wconf 81' lang='lat' dir='ltr'><strong>quales</strong></span> <span class='ocrx_word' id='word_1_567' title='bbox 421 2499 454 2526; x_wconf 90' lang='lat' dir='ltr'><strong>de</strong></span> <span class='ocrx_word' id='word_1_568' title='bbox 470 2500 529 2526; x_wconf 88' lang='lat' dir='ltr'><strong>istis</strong></span> <span class='ocrx_word' id='word_1_569' title='bbox 542 2507 556 2525; x_wconf 75' lang='grc' dir='ltr'><strong>ιι</strong></span> <span class='ocrx_word' id='word_1_570' title='bbox 569 2497 734 2532; x_wconf 84' lang='lat' dir='ltr'><strong>sapientibus</strong></span> <span class='ocrx_word' id='word_1_571' title='bbox 747 2502 864 2530; x_wconf 81' lang='lat' dir='ltr'><strong>exstant,</strong></span> <span class='ocrx_word' id='word_1_572' title='bbox 874 2505 941 2532; x_wconf 89' lang='lat' dir='ltr'><strong>opus</strong></span> <span class='ocrx_word' id='word_1_573' title='bbox 953 2505 1006 2525; x_wconf 90' lang='lat' dir='ltr'><strong>non</strong></span> 
     </span>
    </p>
   </div>
   <div class='ocr_carea' id='block_1_78' title="bbox 228 2544 1007 2579">
    <p class='ocr_par' dir='ltr' id='par_1_78' title="bbox 228 2544 1007 2579">
     <span class='ocr_line' id='line_1_78' title="bbox 228 2544 1007 2579; baseline -0.001 -7"><span class='ocrx_word' id='word_1_574' title='bbox 228 2549 365 2574; x_wconf 87' lang='lat' dir='ltr'><strong>atnarcnt.</strong></span> <span class='ocrx_word' id='word_1_575' title='bbox 381 2545 437 2572; x_wconf 83' lang='lat' dir='ltr'><strong>Non</strong></span> <span class='ocrx_word' id='word_1_576' title='bbox 467 2546 539 2572; x_wconf 88' lang='lat' dir='ltr'><strong>cnitn</strong></span> <span class='ocrx_word' id='word_1_577' title='bbox 567 2549 673 2579; x_wconf 84' lang='lat' dir='ltr'><strong>opcrtet</strong></span> <span class='ocrx_word' id='word_1_578' title='bbox 700 2545 812 2578; x_wconf 81' lang='lat' dir='ltr'><strong>pulchre</strong></span> <span class='ocrx_word' id='word_1_579' title='bbox 841 2544 1007 2572; x_wconf 77' lang='lat' dir='ltr'><strong>elaboratum</strong></span> 
     </span>
    </p>
   </div>
   <div class='ocr_carea' id='block_1_79' title="bbox 229 2588 1009 2625">
    <p class='ocr_par' dir='ltr' id='par_1_79' title="bbox 229 2588 1009 2625">
     <span class='ocr_line' id='line_1_79' title="bbox 229 2588 1009 2625; baseline -0.005 -5"><span class='ocrx_word' id='word_1_580' title='bbox 229 2591 341 2620; x_wconf 79' lang='lat' dir='ltr'><strong>revolvi.</strong></span> <span class='ocrx_word' id='word_1_581' title='bbox 363 2588 464 2625; x_wconf 71' lang='lat' dir='ltr'><strong>Dejam</strong></span> <span class='ocrx_word' id='word_1_582' title='bbox 479 2591 559 2618; x_wconf 89' lang='lat' dir='ltr'><strong>dictis</strong></span> <span class='ocrx_word' id='word_1_583' title='bbox 571 2596 659 2617; x_wconf 88' lang='lat' dir='ltr'><strong>autem</strong></span> <span class='ocrx_word' id='word_1_584' title='bbox 676 2590 698 2617; x_wconf 90' lang='lat' dir='ltr'><strong>si</strong></span> <span class='ocrx_word' id='word_1_585' title='bbox 719 2590 818 2618; x_wconf 86' lang='lat' dir='ltr'><strong>mentis</strong></span> <span class='ocrx_word' id='word_1_586' title='bbox 833 2594 930 2617; x_wconf 76' lang='lat' dir='ltr'><strong>nostrze</strong></span> <span class='ocrx_word' id='word_1_587' title='bbox 942 2590 1009 2617; x_wconf 86' lang='lat' dir='ltr'><strong>liber</strong></span> 
     </span>
    </p>
   </div>
   <div class='ocr_carea' id='block_1_80' title="bbox 231 2636 1009 2672">
    <p class='ocr_par' dir='ltr' id='par_1_80' title="bbox 231 2636 1009 2672">
     <span class='ocr_line' id='line_1_80' title="bbox 231 2636 1009 2672; baseline -0.004 -7"><span class='ocrx_word' id='word_1_588' title='bbox 231 2638 348 2672; x_wconf 67' lang='lat' dir='ltr'><strong>repletur</strong></span> <span class='ocrx_word' id='word_1_589' title='bbox 372 2642 398 2664; x_wconf 86' lang='lat' dir='ltr'><strong>ct</strong></span> <span class='ocrx_word' id='word_1_590' title='bbox 413 2637 632 2664; x_wconf 79' lang='lat' dir='ltr'><strong>enarrationibus</strong></span> <span class='ocrx_word' id='word_1_591' title='bbox 661 2637 842 2671; x_wconf 80' lang='lat' dir='ltr'><strong>angustiatur,</strong></span> <span class='ocrx_word' id='word_1_592' title='bbox 865 2636 1009 2671; x_wconf 82' lang='lat' dir='ltr'><strong>longitudi-</strong></span> 
     </span>
    </p>
   </div>
   <div class='ocr_carea' id='block_1_81' title="bbox 230 2681 1008 2715">
    <p class='ocr_par' dir='ltr' id='par_1_81' title="bbox 230 2681 1008 2715">
     <span class='ocr_line' id='line_1_81' title="bbox 230 2681 1008 2715; baseline -0.004 -5"><span class='ocrx_word' id='word_1_593' title='bbox 230 2691 292 2711; x_wconf 89' lang='lat' dir='ltr'><strong>nem</strong></span> <span class='ocrx_word' id='word_1_594' title='bbox 306 2688 394 2709; x_wconf 87' lang='lat' dir='ltr'><strong>tanten</strong></span> <span class='ocrx_word' id='word_1_595' title='bbox 410 2682 573 2709; x_wconf 85' lang='lat' dir='ltr'><strong>remittimus</strong></span> <span class='ocrx_word' id='word_1_596' title='bbox 590 2686 698 2708; x_wconf 91' lang='lat' dir='ltr'><strong>cantum</strong></span> <span class='ocrx_word' id='word_1_597' title='bbox 726 2682 901 2708; x_wconf 82' lang='lat' dir='ltr'><strong>novissimum</strong></span> <span class='ocrx_word' id='word_1_598' title='bbox 918 2682 951 2707; x_wconf 85' lang='lat' dir='ltr'><strong>ad</strong></span> <span class='ocrx_word' id='word_1_599' title='bbox 963 2681 1008 2715; x_wconf 79' lang='lat' dir='ltr'><strong>ju-</strong></span> 
     </span>
    </p>
   </div>
   <div class='ocr_carea' id='block_1_82' title="bbox 228 2726 1008 2755">
    <p class='ocr_par' dir='ltr' id='par_1_82' title="bbox 228 2726 1008 2755">
     <span class='ocr_line' id='line_1_82' title="bbox 228 2726 1008 2755; baseline -0.003 0"><span class='ocrx_word' id='word_1_600' title='bbox 228 2727 394 2755; x_wconf 86' lang='lat' dir='ltr'><strong>cunditatem</strong></span> <span class='ocrx_word' id='word_1_601' title='bbox 413 2727 514 2754; x_wconf 90' lang='lat' dir='ltr'><strong>auditui</strong></span> <span class='ocrx_word' id='word_1_602' title='bbox 528 2726 712 2754; x_wconf 83' lang='lat' dir='ltr'><strong>elaborantes.</strong></span> <span class='ocrx_word' id='word_1_603' title='bbox 724 2726 779 2755; x_wconf 90' lang='lat' dir='ltr'><strong>Cur</strong></span> <span class='ocrx_word' id='word_1_604' title='bbox 805 2727 876 2754; x_wconf 85' lang='lat' dir='ltr'><strong>enim</strong></span> <span class='ocrx_word' id='word_1_605' title='bbox 893 2727 1008 2754; x_wconf 90' lang='lat' dir='ltr'><strong>aliorum</strong></span> 
     </span>
    </p>
   </div>
   <div class='ocr_carea' id='block_1_83' title="bbox 228 2771 1007 2807">
    <p class='ocr_par' dir='ltr' id='par_1_83' title="bbox 228 2771 1007 2807">
     <span class='ocr_line' id='line_1_83' title="bbox 228 2771 1007 2807; baseline -0.001 -8"><span class='ocrx_word' id='word_1_606' title='bbox 228 2771 349 2806; x_wconf 77' lang='lat' dir='ltr'><strong>vestigiis</strong></span> <span class='ocrx_word' id='word_1_607' title='bbox 382 2771 594 2806; x_wconf 79' lang='lat' dir='ltr'><strong>ingrederentur,</strong></span> <span class='ocrx_word' id='word_1_608' title='bbox 608 2772 716 2807; x_wconf 87' lang='lat' dir='ltr'><strong>quando</strong></span> <span class='ocrx_word' id='word_1_609' title='bbox 746 2772 879 2799; x_wconf 88' lang='lat' dir='ltr'><strong>sermonis</strong></span> <span class='ocrx_word' id='word_1_610' title='bbox 912 2772 1007 2799; x_wconf 88' lang='lat' dir='ltr'><strong>setnila</strong></span> 
     </span>
    </p>
   </div>
   <div class='ocr_carea' id='block_1_84' title="bbox 228 2817 1006 2853">
    <p class='ocr_par' dir='ltr' id='par_1_84' title="bbox 228 2817 1006 2853">
     <span class='ocr_line' id='line_1_84' title="bbox 228 2817 1006 2853; baseline 0.003 -10"><span class='ocrx_word' id='word_1_611' title='bbox 228 2824 283 2844; x_wconf 85' lang='lat' dir='ltr'><strong>non</strong></span> <span class='ocrx_word' id='word_1_612' title='bbox 310 2821 384 2844; x_wconf 88' lang='lat' dir='ltr'><strong>arcta</strong></span> <span class='ocrx_word' id='word_1_613' title='bbox 410 2817 587 2853; x_wconf 72' lang='lat' dir='ltr'><strong>angustiatur,</strong></span> <span class='ocrx_word' id='word_1_614' title='bbox 617 2818 663 2846; x_wconf 85' lang='lat' dir='ltr'><strong>sed</strong></span> <span class='ocrx_word' id='word_1_615' title='bbox 690 2819 715 2846; x_wconf 90' lang='lat' dir='ltr'><strong>iu</strong></span> <span class='ocrx_word' id='word_1_616' title='bbox 737 2817 819 2846; x_wconf 85' lang='lat' dir='ltr'><strong>maris</strong></span> <span class='ocrx_word' id='word_1_617' title='bbox 839 2818 1006 2846; x_wconf 81' lang='lat' dir='ltr'><strong>latitudinem</strong></span> 
     </span>
    </p>
   </div>
   <div class='ocr_carea' id='block_1_85' title="bbox 229 2861 401 2888">
    <p class='ocr_par' dir='ltr' id='par_1_85' title="bbox 229 2861 401 2888">
     <span class='ocr_line' id='line_1_85' title="bbox 229 2861 401 2888; baseline 0.006 -1"><span class='ocrx_word' id='word_1_618' title='bbox 229 2861 401 2888; x_wconf 70' lang='lat' dir='ltr'><strong>extenditur!</strong></span> 
     </span>
    </p>
   </div>
   <div class='ocr_carea' id='block_1_86' title="bbox 1059 1629 1836 1668">
    <p class='ocr_par' dir='ltr' id='par_1_86' title="bbox 1059 1629 1836 1668">
     <span class='ocr_line' id='line_1_86' title="bbox 1059 1629 1836 1668; baseline 0.008 -14"><span class='ocrx_word' id='word_1_619' title='bbox 1059 1630 1104 1655; x_wconf 78' lang='grc' dir='ltr'><strong>καὶ</strong></span> <span class='ocrx_word' id='word_1_620' title='bbox 1126 1629 1236 1664; x_wconf 77' lang='grc' dir='ltr'>ἑτέρους</span> <span class='ocrx_word' id='word_1_621' title='bbox 1268 1630 1337 1665; x_wconf 76' lang='grc' dir='ltr'>ὑπὲρ</span> <span class='ocrx_word' id='word_1_622' title='bbox 1361 1631 1412 1664; x_wconf 78' lang='grc' dir='ltr'>γῆς</span> <span class='ocrx_word' id='word_1_623' title='bbox 1441 1631 1602 1665; x_wconf 59' lang='grc' dir='ltr'>κουφίζειν</span> <span class='ocrx_word' id='word_1_624' title='bbox 1632 1633 1678 1659; x_wconf 79' lang='grc' dir='ltr'>καὶ</span> <span class='ocrx_word' id='word_1_625' title='bbox 1702 1633 1772 1663; x_wconf 82' lang='grc' dir='ltr'>τέως</span> <span class='ocrx_word' id='word_1_626' title='bbox 1787 1633 1836 1668; x_wconf 82' lang='grc' dir='ltr'>μὲν</span> 
     </span>
    </p>
   </div>
   <div class='ocr_carea' id='block_1_87' title="bbox 1057 1673 1836 1713">
    <p class='ocr_par' dir='ltr' id='par_1_87' title="bbox 1057 1673 1836 1713">
     <span class='ocr_line' id='line_1_87' title="bbox 1057 1673 1836 1713; baseline 0.008 -14"><span class='ocrx_word' id='word_1_627' title='bbox 1057 1673 1142 1705; x_wconf 76' lang='grc' dir='ltr'>οὕτως</span> <span class='ocrx_word' id='word_1_628' title='bbox 1172 1675 1367 1709; x_wconf 76' lang='grc' dir='ltr'>ἀνωφορεῖσθαι</span> <span class='ocrx_word' id='word_1_629' title='bbox 1396 1677 1492 1709; x_wconf 81' lang='grc' dir='ltr'>ποιεῖν,</span> <span class='ocrx_word' id='word_1_630' title='bbox 1524 1675 1583 1703; x_wconf 75' lang='grc' dir='ltr'>εἶτα</span> <span class='ocrx_word' id='word_1_631' title='bbox 1602 1677 1630 1704; x_wconf 83' lang='grc' dir='ltr'><strong>δὲ</strong></span> <span class='ocrx_word' id='word_1_632' title='bbox 1661 1679 1706 1704; x_wconf 71' lang='grc' dir='ltr'>καὶ</span> <span class='ocrx_word' id='word_1_633' title='bbox 1722 1682 1770 1712; x_wconf 82' lang='grc' dir='ltr'>τῆς</span> <span class='ocrx_word' id='word_1_634' title='bbox 1785 1679 1836 1713; x_wconf 79' lang='grc' dir='ltr'>γῆς</span> 
     </span>
    </p>
   </div>
   <div class='ocr_carea' id='block_1_88' title="bbox 1057 1719 1835 1759">
    <p class='ocr_par' dir='ltr' id='par_1_88' title="bbox 1057 1719 1835 1759">
     <span class='ocr_line' id='line_1_88' title="bbox 1057 1719 1835 1759; baseline 0.009 -15"><span class='ocrx_word' id='word_1_635' title='bbox 1057 1719 1133 1750; x_wconf 79' lang='grc' dir='ltr'>αὖθις</span> <span class='ocrx_word' id='word_1_636' title='bbox 1148 1719 1271 1750; x_wconf 73' lang='grc' dir='ltr'>ἁϐλαὸὦς</span> <span class='ocrx_word' id='word_1_637' title='bbox 1285 1720 1418 1753; x_wconf 84' lang='grc' dir='ltr'>γίνεσθαι.</span> <span class='ocrx_word' id='word_1_638' title='bbox 1430 1721 1568 1750; x_wconf 74' lang='grc' dir='ltr'>Καὶ,οὖτω</span> <span class='ocrx_word' id='word_1_639' title='bbox 1584 1723 1656 1757; x_wconf 81' lang='grc' dir='ltr'>μὲνό</span> <span class='ocrx_word' id='word_1_640' title='bbox 1671 1725 1835 1759; x_wconf 56' lang='grc' dir='ltr'>σκοτορόρος</span> 
     </span>
    </p>
   </div>
   <div class='ocr_carea' id='block_1_89' title="bbox 1057 1765 1837 1801">
    <p class='ocr_par' dir='ltr' id='par_1_89' title="bbox 1057 1765 1837 1801">
     <span class='ocr_line' id='line_1_89' title="bbox 1057 1765 1837 1801; baseline 0.006 -11"><span class='ocrx_word' id='word_1_641' title='bbox 1057 1765 1106 1791; x_wconf 78' lang='grc' dir='ltr'>καὶ</span> <span class='ocrx_word' id='word_1_642' title='bbox 1116 1765 1140 1790; x_wconf 63' lang='lat' dir='ltr'><strong>ul</strong></span> <span class='ocrx_word' id='word_1_643' title='bbox 1153 1765 1220 1799; x_wconf 75' lang='grc' dir='ltr'>ἀμφ’</span> <span class='ocrx_word' id='word_1_644' title='bbox 1234 1767 1315 1793; x_wconf 78' lang='grc' dir='ltr'>αὑτὸν</span> <span class='ocrx_word' id='word_1_645' title='bbox 1331 1766 1466 1801; x_wconf 78' lang='grc' dir='ltr'>προφῆται</span> <span class='ocrx_word' id='word_1_646' title='bbox 1482 1768 1528 1794; x_wconf 80' lang='grc' dir='ltr'>καὶ</span> <span class='ocrx_word' id='word_1_647' title='bbox 1538 1768 1690 1799; x_wconf 76' lang='grc' dir='ltr'>ἀπόστολοι,</span> <span class='ocrx_word' id='word_1_648' title='bbox 1709 1769 1755 1795; x_wconf 79' lang='lat' dir='ltr'><strong>le.</strong></span> <span class='ocrx_word' id='word_1_649' title='bbox 1764 1770 1837 1800; x_wconf 80' lang='grc' dir='ltr'>ὅσοις</span> 
     </span>
    </p>
   </div>
   <div class='ocr_carea' id='block_1_90' title="bbox 1057 1811 1836 1849">
    <p class='ocr_par' dir='ltr' id='par_1_90' title="bbox 1057 1811 1836 1849">
     <span class='ocr_line' id='line_1_90' title="bbox 1057 1811 1836 1849; baseline 0.006 -12"><span class='ocrx_word' id='word_1_650' title='bbox 1057 1811 1148 1843; x_wconf 80' lang='grc' dir='ltr'>ἄλλοις</span> <span class='ocrx_word' id='word_1_651' title='bbox 1175 1812 1228 1838; x_wconf 84' lang='grc' dir='ltr'><strong>τῶν</strong></span> <span class='ocrx_word' id='word_1_652' title='bbox 1256 1812 1364 1839; x_wconf 77' lang='grc' dir='ltr'>εἰδότων</span> <span class='ocrx_word' id='word_1_653' title='bbox 1378 1813 1423 1839; x_wconf 73' lang='grc' dir='ltr'><strong>τὸν</strong></span> <span class='ocrx_word' id='word_1_654' title='bbox 1443 1813 1488 1839; x_wconf 74' lang='grc' dir='ltr'><strong>ἐπὶ</strong></span> <span class='ocrx_word' id='word_1_655' title='bbox 1502 1813 1610 1840; x_wconf 75' lang='grc' dir='ltr'>πάντων</span> <span class='ocrx_word' id='word_1_656' title='bbox 1634 1814 1700 1840; x_wconf 79' lang='grc' dir='ltr'>Θεὸν</span> <span class='ocrx_word' id='word_1_657' title='bbox 1717 1815 1836 1849; x_wconf 74' lang='grc' dir='ltr'>ἀρθῆναι</span> 
     </span>
    </p>
   </div>
   <div class='ocr_carea' id='block_1_91' title="bbox 1058 1857 1838 1894">
    <p class='ocr_par' dir='ltr' id='par_1_91' title="bbox 1058 1857 1838 1894">
     <span class='ocr_line' id='line_1_91' title="bbox 1058 1857 1838 1894; baseline 0.004 -10"><span class='ocrx_word' id='word_1_658' title='bbox 1058 1857 1168 1892; x_wconf 77' lang='grc' dir='ltr'>κούφοις</span> <span class='ocrx_word' id='word_1_659' title='bbox 1196 1858 1346 1892; x_wconf 78' lang='grc' dir='ltr'>ἐξεγένετο,</span> <span class='ocrx_word' id='word_1_660' title='bbox 1380 1858 1426 1885; x_wconf 77' lang='grc' dir='ltr'>καὶ</span> <span class='ocrx_word' id='word_1_661' title='bbox 1453 1859 1682 1894; x_wconf 84' lang='grc' dir='ltr'>μετεωρισθῆναι,</span> <span class='ocrx_word' id='word_1_662' title='bbox 1705 1862 1744 1892; x_wconf 76' lang='grc' dir='ltr'>εἰς</span> <span class='ocrx_word' id='word_1_663' title='bbox 1776 1862 1838 1888; x_wconf 83' lang='grc' dir='ltr'>ὅσον</span> 
     </span>
    </p>
   </div>
   <div class='ocr_carea' id='block_1_92' title="bbox 1058 1904 1837 1942">
    <p class='ocr_par' dir='ltr' id='par_1_92' title="bbox 1058 1904 1837 1942">
     <span class='ocr_line' id='line_1_92' title="bbox 1058 1904 1837 1942; baseline 0.004 -12"><span class='ocrx_word' id='word_1_664' title='bbox 1058 1904 1155 1936; x_wconf 78' lang='grc' dir='ltr'>αὐτοὺς</span> <span class='ocrx_word' id='word_1_665' title='bbox 1173 1905 1302 1931; x_wconf 77' lang='grc' dir='ltr'>ἀνέλαϐεν</span> <span class='ocrx_word' id='word_1_666' title='bbox 1329 1906 1342 1931; x_wconf 84' lang='grc' dir='ltr'><strong>ὁ</strong></span> <span class='ocrx_word' id='word_1_667' title='bbox 1359 1905 1444 1939; x_wconf 70' lang='grc' dir='ltr'>ὑψῶν,</span> <span class='ocrx_word' id='word_1_668' title='bbox 1473 1906 1608 1940; x_wconf 81' lang='grc' dir='ltr'>χαίρουσι,</span> <span class='ocrx_word' id='word_1_669' title='bbox 1634 1907 1837 1942; x_wconf 77' lang='grc' dir='ltr'>πληθυνόμενον</span> 
     </span>
    </p>
   </div>
   <div class='ocr_carea' id='block_1_93' title="bbox 1059 1950 1838 1988">
    <p class='ocr_par' dir='ltr' id='par_1_93' title="bbox 1059 1950 1838 1988">
     <span class='ocr_line' id='line_1_93' title="bbox 1059 1950 1838 1988; baseline 0.005 -12"><span class='ocrx_word' id='word_1_670' title='bbox 1059 1950 1200 1985; x_wconf 80' lang='grc' dir='ltr'>βλέποντες</span> <span class='ocrx_word' id='word_1_671' title='bbox 1218 1951 1247 1977; x_wconf 78' lang='grc' dir='ltr'>τὸ</span> <span class='ocrx_word' id='word_1_672' title='bbox 1262 1951 1352 1984; x_wconf 75' lang='grc' dir='ltr'>καλὸν,</span> <span class='ocrx_word' id='word_1_673' title='bbox 1371 1951 1475 1978; x_wconf 73' lang='grc' dir='ltr'>καὶτὸν</span> <span class='ocrx_word' id='word_1_674' title='bbox 1489 1952 1603 1986; x_wconf 76' lang='grc' dir='ltr'>οὐρανὸν</span> <span class='ocrx_word' id='word_1_675' title='bbox 1620 1953 1772 1988; x_wconf 86' lang='grc' dir='ltr'>ἀνθρώπων</span> <span class='ocrx_word' id='word_1_676' title='bbox 1789 1955 1838 1987; x_wconf 80' lang='grc' dir='ltr'><strong>γέ-</strong></span> 
     </span>
    </p>
   </div>
   <div class='ocr_carea' id='block_1_94' title="bbox 1059 1997 1836 2032">
    <p class='ocr_par' dir='ltr' id='par_1_94' title="bbox 1059 1997 1836 2032">
     <span class='ocr_line' id='line_1_94' title="bbox 1059 1997 1836 2032; baseline 0.003 -9"><span class='ocrx_word' id='word_1_677' title='bbox 1059 2005 1152 2031; x_wconf 84' lang='grc' dir='ltr'>μοντα,</span> <span class='ocrx_word' id='word_1_678' title='bbox 1177 1997 1213 2028; x_wconf 80' lang='grc' dir='ltr'>ὡς</span> <span class='ocrx_word' id='word_1_679' title='bbox 1231 1997 1331 2031; x_wconf 79' lang='grc' dir='ltr'>μηκέτι</span> <span class='ocrx_word' id='word_1_680' title='bbox 1359 1997 1464 2032; x_wconf 81' lang='grc' dir='ltr'>ἐρήμην</span> <span class='ocrx_word' id='word_1_681' title='bbox 1484 1998 1580 2032; x_wconf 80' lang='grc' dir='ltr'>αἰθέρα</span> <span class='ocrx_word' id='word_1_682' title='bbox 1604 1998 1749 2031; x_wconf 77' lang='grc' dir='ltr'>λέγεσθαι”</span> <span class='ocrx_word' id='word_1_683' title='bbox 1768 1999 1836 2025; x_wconf 85' lang='grc' dir='ltr'>ὃπου</span> 
     </span>
    </p>
   </div>
   <div class='ocr_carea' id='block_1_95' title="bbox 1058 2043 1838 2078">
    <p class='ocr_par' dir='ltr' id='par_1_95' title="bbox 1058 2043 1838 2078">
     <span class='ocr_line' id='line_1_95' title="bbox 1058 2043 1838 2078; baseline 0.001 -8"><span class='ocrx_word' id='word_1_684' title='bbox 1058 2043 1236 2077; x_wconf 84' lang='grc' dir='ltr'>ἀνιπτάμενοι</span> <span class='ocrx_word' id='word_1_685' title='bbox 1256 2043 1320 2070; x_wconf 81' lang='grc' dir='ltr'>ὡσεὶ</span> <span class='ocrx_word' id='word_1_686' title='bbox 1339 2043 1386 2069; x_wconf 74' lang='grc' dir='ltr'>καὶ</span> <span class='ocrx_word' id='word_1_687' title='bbox 1407 2043 1700 2078; x_wconf 76' lang='grc' dir='ltr'>οὐρανοπολῖταίτινες</span> <span class='ocrx_word' id='word_1_688' title='bbox 1717 2044 1838 2078; x_wconf 85' lang='grc' dir='ltr'>γίνονται</span> 
     </span>
    </p>
   </div>
   <div class='ocr_carea' id='block_1_96' title="bbox 1059 2088 1838 2126">
    <p class='ocr_par' dir='ltr' id='par_1_96' title="bbox 1059 2088 1838 2126">
     <span class='ocr_line' id='line_1_96' title="bbox 1059 2088 1838 2126; baseline 0.003 -12"><span class='ocrx_word' id='word_1_689' title='bbox 1059 2088 1297 2123; x_wconf 75' lang='grc' dir='ltr'>αίθεροόατοῦντες</span> <span class='ocrx_word' id='word_1_690' title='bbox 1308 2088 1457 2122; x_wconf 83' lang='grc' dir='ltr'>ἄνθρωποι.</span> <span class='ocrx_word' id='word_1_691' title='bbox 1479 2089 1508 2114; x_wconf 84' lang='grc' dir='ltr'>Εί</span> <span class='ocrx_word' id='word_1_692' title='bbox 1525 2089 1553 2116; x_wconf 85' lang='grc' dir='ltr'><strong>δὲ</strong></span> <span class='ocrx_word' id='word_1_693' title='bbox 1569 2091 1616 2116; x_wconf 76' lang='grc' dir='ltr'>καὶ</span> <span class='ocrx_word' id='word_1_694' title='bbox 1632 2090 1670 2121; x_wconf 79' lang='grc' dir='ltr'>ὠς</span> <span class='ocrx_word' id='word_1_695' title='bbox 1687 2091 1733 2116; x_wconf 73' lang='grc' dir='ltr'>ἐπὶ</span> <span class='ocrx_word' id='word_1_696' title='bbox 1746 2099 1838 2126; x_wconf 89' lang='grc' dir='ltr'>σωτη-</span> 
     </span>
    </p>
   </div>
   <div class='ocr_carea' id='block_1_97' title="bbox 1060 2133 1839 2171">
    <p class='ocr_par' dir='ltr' id='par_1_97' title="bbox 1060 2133 1839 2171">
     <span class='ocr_line' id='line_1_97' title="bbox 1060 2133 1839 2171; baseline 0.006 -12"><span class='ocrx_word' id='word_1_697' title='bbox 1060 2133 1118 2167; x_wconf 85' lang='grc' dir='ltr'>ρίου</span> <span class='ocrx_word' id='word_1_698' title='bbox 1134 2133 1265 2163; x_wconf 74' lang='grc' dir='ltr'>ἱππασίας</span> <span class='ocrx_word' id='word_1_699' title='bbox 1281 2134 1488 2167; x_wconf 77' lang='grc' dir='ltr'>μεταρσιοῠνται</span> <span class='ocrx_word' id='word_1_700' title='bbox 1505 2135 1528 2160; x_wconf 79' lang='grc' dir='ltr'>οἱ</span> <span class='ocrx_word' id='word_1_701' title='bbox 1542 2134 1678 2169; x_wconf 84' lang='grc' dir='ltr'>λυόμενοι,</span> <span class='ocrx_word' id='word_1_702' title='bbox 1696 2137 1839 2171; x_wconf 77' lang='grc' dir='ltr'>σονέποχοι</span> 
     </span>
    </p>
   </div>
   <div class='ocr_carea' id='block_1_98' title="bbox 1059 2176 1839 2214">
    <p class='ocr_par' dir='ltr' id='par_1_98' title="bbox 1059 2176 1839 2214">
     <span class='ocr_line' id='line_1_98' title="bbox 1059 2176 1839 2214; baseline 0.005 -12"><span class='ocrx_word' id='word_1_703' title='bbox 1059 2177 1199 2209; x_wconf 81' lang='grc' dir='ltr'>δοκοῦντες</span> <span class='ocrx_word' id='word_1_704' title='bbox 1229 2176 1298 2203; x_wconf 74' lang='grc' dir='ltr'>εἶναι</span> <span class='ocrx_word' id='word_1_705' title='bbox 1328 2177 1366 2211; x_wconf 85' lang='grc' dir='ltr'>τῷ</span> <span class='ocrx_word' id='word_1_706' title='bbox 1397 2178 1521 2213; x_wconf 74' lang='grc' dir='ltr'>ῥυομένῳ</span> <span class='ocrx_word' id='word_1_707' title='bbox 1549 2179 1678 2214; x_wconf 74' lang='grc' dir='ltr'>μάρτυρι,</span> <span class='ocrx_word' id='word_1_708' title='bbox 1707 2180 1771 2206; x_wconf 83' lang='grc' dir='ltr'>ἄλλο</span> <span class='ocrx_word' id='word_1_709' title='bbox 1791 2181 1839 2207; x_wconf 81' lang='grc' dir='ltr'><strong>καὶ</strong></span> 
     </span>
    </p>
   </div>
   <div class='ocr_carea' id='block_1_99' title="bbox 1057 2221 1840 2259">
    <p class='ocr_par' dir='ltr' id='par_1_99' title="bbox 1057 2221 1840 2259">
     <span class='ocr_line' id='line_1_99' title="bbox 1057 2221 1840 2259; baseline 0.006 -12"><span class='ocrx_word' id='word_1_710' title='bbox 1057 2221 1136 2247; x_wconf 82' lang='grc' dir='ltr'>τοῦτο</span> <span class='ocrx_word' id='word_1_711' title='bbox 1153 2221 1315 2256; x_wconf 73' lang='grc' dir='ltr'>θαυμάσιον,</span> <span class='ocrx_word' id='word_1_712' title='bbox 1332 2223 1370 2253; x_wconf 77' lang='grc' dir='ltr'><strong>εἰς</strong></span> <span class='ocrx_word' id='word_1_713' title='bbox 1382 2223 1582 2255; x_wconf 73' lang='grc' dir='ltr'>φαντασιώσεις</span> <span class='ocrx_word' id='word_1_714' title='bbox 1601 2224 1770 2259; x_wconf 78' lang='grc' dir='ltr'>ἀναγόμενον</span> <span class='ocrx_word' id='word_1_715' title='bbox 1784 2234 1840 2252; x_wconf 88' lang='grc' dir='ltr'>νοε-</span> 
     </span>
    </p>
   </div>
   <div class='ocr_carea' id='block_1_100' title="bbox 1059 2266 1839 2307">
    <p class='ocr_par' dir='ltr' id='par_1_100' title="bbox 1059 2266 1839 2307">
     <span class='ocr_line' id='line_1_100' title="bbox 1059 2266 1839 2307; baseline 0.006 -15"><span class='ocrx_word' id='word_1_716' title='bbox 1059 2266 1118 2301; x_wconf 73' lang='grc' dir='ltr'>ρὰς,</span> <span class='ocrx_word' id='word_1_717' title='bbox 1132 2268 1222 2293; x_wconf 75' lang='grc' dir='ltr'>ὁποῖαι</span> <span class='ocrx_word' id='word_1_718' title='bbox 1238 2268 1284 2293; x_wconf 71' lang='grc' dir='ltr'>καὶ</span> <span class='ocrx_word' id='word_1_719' title='bbox 1298 2267 1394 2293; x_wconf 72' lang='grc' dir='ltr'>πολλαὶ</span> <span class='ocrx_word' id='word_1_720' title='bbox 1416 2269 1462 2294; x_wconf 80' lang='grc' dir='ltr'>καὶ</span> <span class='ocrx_word' id='word_1_721' title='bbox 1482 2269 1589 2304; x_wconf 83' lang='grc' dir='ltr'>βαθεῖαι</span> <span class='ocrx_word' id='word_1_722' title='bbox 1613 2271 1669 2301; x_wconf 89' lang='grc' dir='ltr'>τοῖς</span> <span class='ocrx_word' id='word_1_723' title='bbox 1688 2271 1771 2297; x_wconf 83' lang='grc' dir='ltr'>πάλαι</span> <span class='ocrx_word' id='word_1_724' title='bbox 1787 2281 1839 2307; x_wconf 88' lang='grc' dir='ltr'>μα-</span> 
     </span>
    </p>
   </div>
   <div class='ocr_carea' id='block_1_101' title="bbox 1058 2313 1485 2349">
    <p class='ocr_par' dir='ltr' id='par_1_101' title="bbox 1058 2313 1485 2349">
     <span class='ocr_line' id='line_1_101' title="bbox 1058 2313 1485 2349; baseline 0.005 -9"><span class='ocrx_word' id='word_1_725' title='bbox 1058 2313 1164 2346; x_wconf 76' lang='grc' dir='ltr'>καρίοις</span> <span class='ocrx_word' id='word_1_726' title='bbox 1177 2314 1308 2349; x_wconf 64' lang='grc' dir='ltr'>ἀνδράσιν</span> <span class='ocrx_word' id='word_1_727' title='bbox 1323 2314 1485 2349; x_wconf 71' lang='grc' dir='ltr'>ἑνέλαμψαν.</span> 
     </span>
    </p>
   </div>
   <div class='ocr_carea' id='block_1_102' title="bbox 1092 2359 1840 2402">
    <p class='ocr_par' dir='ltr' id='par_1_102' title="bbox 1092 2359 1840 2402">
     <span class='ocr_line' id='line_1_102' title="bbox 1092 2359 1840 2402; baseline 0.003 -16"><span class='ocrx_word' id='word_1_728' title='bbox 1092 2360 1124 2386; x_wconf 87' lang='grc' dir='ltr'><strong>λ’.</strong></span> <span class='ocrx_word' id='word_1_729' title='bbox 1145 2359 1253 2387; x_wconf 81' lang='grc' dir='ltr'>Τούτων</span> <span class='ocrx_word' id='word_1_730' title='bbox 1266 2361 1405 2394; x_wconf 77' lang='grc' dir='ltr'>ἁπάντων,</span> <span class='ocrx_word' id='word_1_731' title='bbox 1423 2362 1440 2389; x_wconf 78' lang='grc' dir='ltr'><strong>ἀ</strong></span> <span class='ocrx_word' id='word_1_732' title='bbox 1455 2362 1486 2397; x_wconf 84' lang='grc' dir='ltr'><strong>δὴ</strong></span> <span class='ocrx_word' id='word_1_733' title='bbox 1500 2366 1546 2390; x_wconf 79' lang='grc' dir='ltr'><strong>καὶ</strong></span> <span class='ocrx_word' id='word_1_734' title='bbox 1564 2365 1643 2400; x_wconf 83' lang='grc' dir='ltr'>φύσει</span> <span class='ocrx_word' id='word_1_735' title='bbox 1659 2367 1718 2398; x_wconf 75' lang='grc' dir='ltr'>ταῖς</span> <span class='ocrx_word' id='word_1_736' title='bbox 1730 2366 1840 2402; x_wconf 74' lang='grc' dir='ltr'>ἀφηγὴ-</span> 
     </span>
    </p>
   </div>
   <div class='ocr_carea' id='block_1_103' title="bbox 1059 2407 1840 2447">
    <p class='ocr_par' dir='ltr' id='par_1_103' title="bbox 1059 2407 1840 2447">
     <span class='ocr_line' id='line_1_103' title="bbox 1059 2407 1840 2447; baseline 0.012 -17"><span class='ocrx_word' id='word_1_737' title='bbox 1059 2413 1116 2431; x_wconf 86' lang='grc' dir='ltr'>σεο-ι</span> <span class='ocrx_word' id='word_1_738' title='bbox 1133 2407 1342 2440; x_wconf 79' lang='grc' dir='ltr'>παρυφαίνεται,</span> <span class='ocrx_word' id='word_1_739' title='bbox 1361 2407 1386 2433; x_wconf 86' lang='grc' dir='ltr'><strong>εί</strong></span> <span class='ocrx_word' id='word_1_740' title='bbox 1401 2408 1497 2443; x_wconf 77' lang='grc' dir='ltr'>ζητοίη</span> <span class='ocrx_word' id='word_1_741' title='bbox 1521 2418 1564 2442; x_wconf 85' lang='grc' dir='ltr'>τις</span> <span class='ocrx_word' id='word_1_742' title='bbox 1576 2411 1630 2437; x_wconf 83' lang='grc' dir='ltr'><strong>τῶν</strong></span> <span class='ocrx_word' id='word_1_743' title='bbox 1655 2412 1840 2447; x_wconf 81' lang='grc' dir='ltr'>ἀκροωμένων</span> 
     </span>
    </p>
   </div>
   <div class='ocr_carea' id='block_1_104' title="bbox 1059 2452 1841 2493">
    <p class='ocr_par' dir='ltr' id='par_1_104' title="bbox 1059 2452 1841 2493">
     <span class='ocr_line' id='line_1_104' title="bbox 1059 2452 1841 2493; baseline 0.012 -16"><span class='ocrx_word' id='word_1_744' title='bbox 1059 2452 1104 2478; x_wconf 71' lang='grc' dir='ltr'>καὶ</span> <span class='ocrx_word' id='word_1_745' title='bbox 1117 2452 1303 2486; x_wconf 79' lang='grc' dir='ltr'>ὑποδείγματα</span> <span class='ocrx_word' id='word_1_746' title='bbox 1319 2453 1352 2479; x_wconf 71' lang='grc' dir='ltr'><strong>τὰ</strong></span> <span class='ocrx_word' id='word_1_747' title='bbox 1366 2454 1470 2481; x_wconf 83' lang='grc' dir='ltr'>παλαιὰ</span> <span class='ocrx_word' id='word_1_748' title='bbox 1483 2456 1510 2481; x_wconf 71' lang='grc' dir='ltr'><strong>ἐν</strong></span> <span class='ocrx_word' id='word_1_749' title='bbox 1524 2457 1600 2490; x_wconf 74' lang='grc' dir='ltr'>ἡμῖν,</span> <span class='ocrx_word' id='word_1_750' title='bbox 1617 2457 1671 2492; x_wconf 76' lang='grc' dir='ltr'><strong>ἐγὼ</strong></span> <span class='ocrx_word' id='word_1_751' title='bbox 1684 2458 1733 2493; x_wconf 79' lang='grc' dir='ltr'>μὲν</span> <span class='ocrx_word' id='word_1_752' title='bbox 1745 2459 1794 2485; x_wconf 68' lang='grc' dir='ltr'>οὐκ</span> <span class='ocrx_word' id='word_1_753' title='bbox 1806 2459 1841 2486; x_wconf 80' lang='grc' dir='ltr'>ἂν</span> 
     </span>
    </p>
   </div>
   <div class='ocr_carea' id='block_1_105' title="bbox 1059 2497 1842 2540">
    <p class='ocr_par' dir='ltr' id='par_1_105' title="bbox 1059 2497 1842 2540">
     <span class='ocr_line' id='line_1_105' title="bbox 1059 2497 1842 2540; baseline 0.011 -17"><span class='ocrx_word' id='word_1_754' title='bbox 1059 2497 1128 2532; x_wconf 83' lang='grc' dir='ltr'>τάχα</span> <span class='ocrx_word' id='word_1_755' title='bbox 1154 2497 1279 2532; x_wconf 75' lang='grc' dir='ltr'>ὀκνοίην·</span> <span class='ocrx_word' id='word_1_756' title='bbox 1303 2499 1331 2525; x_wconf 88' lang='grc' dir='ltr'><strong>αί</strong></span> <span class='ocrx_word' id='word_1_757' title='bbox 1355 2500 1383 2526; x_wconf 76' lang='grc' dir='ltr'><strong>δὲ</strong></span> <span class='ocrx_word' id='word_1_758' title='bbox 1411 2502 1514 2536; x_wconf 78' lang='grc' dir='ltr'>μακραὶ</span> <span class='ocrx_word' id='word_1_759' title='bbox 1536 2502 1631 2536; x_wconf 76' lang='grc' dir='ltr'>βίϐλοι,</span> <span class='ocrx_word' id='word_1_760' title='bbox 1653 2504 1713 2531; x_wconf 75' lang='grc' dir='ltr'>ὅσαι</span> <span class='ocrx_word' id='word_1_761' title='bbox 1729 2506 1842 2540; x_wconf 78' lang='grc' dir='ltr'>περὶτὰ</span> 
     </span>
    </p>
   </div>
   <div class='ocr_carea' id='block_1_106' title="bbox 1059 2543 1840 2586">
    <p class='ocr_par' dir='ltr' id='par_1_106' title="bbox 1059 2543 1840 2586">
     <span class='ocr_line' id='line_1_106' title="bbox 1059 2543 1840 2586; baseline 0.01 -17"><span class='ocrx_word' id='word_1_762' title='bbox 1059 2543 1171 2570; x_wconf 76' lang='grc' dir='ltr'>τοιαῦτα</span> <span class='ocrx_word' id='word_1_763' title='bbox 1191 2546 1247 2576; x_wconf 81' lang='grc' dir='ltr'>τοῖς</span> <span class='ocrx_word' id='word_1_764' title='bbox 1274 2547 1367 2580; x_wconf 79' lang='grc' dir='ltr'>σοφοῖς</span> <span class='ocrx_word' id='word_1_765' title='bbox 1381 2545 1601 2581; x_wconf 76' lang='grc' dir='ltr'>ἐκπεφώνηνται,</span> <span class='ocrx_word' id='word_1_766' title='bbox 1618 2550 1668 2576; x_wconf 81' lang='grc' dir='ltr'>οὐκ</span> <span class='ocrx_word' id='word_1_767' title='bbox 1690 2549 1722 2576; x_wconf 85' lang='grc' dir='ltr'>ἀν</span> <span class='ocrx_word' id='word_1_768' title='bbox 1739 2551 1840 2586; x_wconf 79' lang='grc' dir='ltr'>φιλοτεν</span> 
     </span>
    </p>
   </div>
   <div class='ocr_carea' id='block_1_107' title="bbox 1059 2589 1841 2630">
    <p class='ocr_par' dir='ltr' id='par_1_107' title="bbox 1059 2589 1841 2630">
     <span class='ocr_line' id='line_1_107' title="bbox 1059 2589 1841 2630; baseline 0.012 -16"><span class='ocrx_word' id='word_1_769' title='bbox 1059 2589 1090 2615; x_wconf 73' lang='grc' dir='ltr'><strong>τὸ</strong></span> <span class='ocrx_word' id='word_1_770' title='bbox 1105 2589 1196 2624; x_wconf 74' lang='grc' dir='ltr'>ἔργον.</span> <span class='ocrx_word' id='word_1_771' title='bbox 1211 2590 1247 2616; x_wconf 83' lang='grc' dir='ltr'><strong>Οὐ</strong></span> <span class='ocrx_word' id='word_1_772' title='bbox 1263 2591 1316 2624; x_wconf 70' lang='grc' dir='ltr'><strong>γὰρ</strong></span> <span class='ocrx_word' id='word_1_773' title='bbox 1328 2591 1379 2625; x_wconf 77' lang='grc' dir='ltr'><strong>χρὴ</strong></span> <span class='ocrx_word' id='word_1_774' title='bbox 1393 2591 1422 2617; x_wconf 80' lang='grc' dir='ltr'><strong>τὸ</strong></span> <span class='ocrx_word' id='word_1_775' title='bbox 1437 2591 1526 2624; x_wconf 86' lang='grc' dir='ltr'>καλῶς</span> <span class='ocrx_word' id='word_1_776' title='bbox 1542 2594 1764 2630; x_wconf 69' lang='grc' dir='ltr'>ἐκπεπονημένον</span> <span class='ocrx_word' id='word_1_777' title='bbox 1776 2597 1841 2623; x_wconf 58' lang='grc' dir='ltr'>ἀνα.</span> 
     </span>
    </p>
   </div>
   <div class='ocr_carea' id='block_1_108' title="bbox 1060 2635 1840 2678">
    <p class='ocr_par' dir='ltr' id='par_1_108' title="bbox 1060 2635 1840 2678">
     <span class='ocr_line' id='line_1_108' title="bbox 1060 2635 1840 2678; baseline 0.012 -18"><span class='ocrx_word' id='word_1_778' title='bbox 1060 2635 1161 2661; x_wconf 69' lang='grc' dir='ltr'>πολεῖν.</span> <span class='ocrx_word' id='word_1_779' title='bbox 1174 2635 1233 2661; x_wconf 85' lang='grc' dir='ltr'><strong>Τῶν</strong></span> <span class='ocrx_word' id='word_1_780' title='bbox 1244 2635 1271 2661; x_wconf 76' lang='grc' dir='ltr'><strong>δέ</strong></span> <span class='ocrx_word' id='word_1_781' title='bbox 1292 2644 1323 2668; x_wconf 88' lang='grc' dir='ltr'><strong>γε</strong></span> <span class='ocrx_word' id='word_1_782' title='bbox 1342 2637 1508 2671; x_wconf 82' lang='grc' dir='ltr'>προσφάτων</span> <span class='ocrx_word' id='word_1_783' title='bbox 1524 2639 1548 2665; x_wconf 82' lang='grc' dir='ltr'>εὶ</span> <span class='ocrx_word' id='word_1_784' title='bbox 1564 2640 1611 2665; x_wconf 76' lang='grc' dir='ltr'>καὶ</span> <span class='ocrx_word' id='word_1_785' title='bbox 1631 2641 1661 2666; x_wconf 82' lang='grc' dir='ltr'><strong>τὸ</strong></span> <span class='ocrx_word' id='word_1_786' title='bbox 1685 2641 1734 2676; x_wconf 82' lang='grc' dir='ltr'>τῆς</span> <span class='ocrx_word' id='word_1_787' title='bbox 1751 2642 1840 2678; x_wconf 71' lang='grc' dir='ltr'>ψυχῆς</span> 
     </span>
    </p>
   </div>
   <div class='ocr_carea' id='block_1_109' title="bbox 1061 2681 1841 2720">
    <p class='ocr_par' dir='ltr' id='par_1_109' title="bbox 1061 2681 1841 2720">
     <span class='ocr_line' id='line_1_109' title="bbox 1061 2681 1841 2720; baseline 0.013 -15"><span class='ocrx_word' id='word_1_788' title='bbox 1061 2681 1162 2715; x_wconf 77' lang='grc' dir='ltr'>βιϐλίον</span> <span class='ocrx_word' id='word_1_789' title='bbox 1175 2681 1239 2715; x_wconf 71' lang='grc' dir='ltr'><strong>ἡμῖν</strong></span> <span class='ocrx_word' id='word_1_790' title='bbox 1254 2681 1389 2716; x_wconf 77' lang='grc' dir='ltr'>πέπληοε,</span> <span class='ocrx_word' id='word_1_791' title='bbox 1410 2683 1456 2710; x_wconf 70' lang='grc' dir='ltr'><strong>καὶ</strong></span> <span class='ocrx_word' id='word_1_792' title='bbox 1473 2685 1529 2716; x_wconf 79' lang='grc' dir='ltr'>τοῖς</span> <span class='ocrx_word' id='word_1_793' title='bbox 1543 2685 1710 2720; x_wconf 85' lang='grc' dir='ltr'>διηγήμασιν</span> <span class='ocrx_word' id='word_1_794' title='bbox 1734 2687 1841 2715; x_wconf 73' lang='grc' dir='ltr'>ἐστενο-</span> 
     </span>
    </p>
   </div>
   <div class='ocr_carea' id='block_1_110' title="bbox 1060 2725 1841 2766">
    <p class='ocr_par' dir='ltr' id='par_1_110' title="bbox 1060 2725 1841 2766">
     <span class='ocr_line' id='line_1_110' title="bbox 1060 2725 1841 2766; baseline 0.013 -17"><span class='ocrx_word' id='word_1_795' title='bbox 1060 2725 1194 2760; x_wconf 83' lang='grc' dir='ltr'>χὼρηται,</span> <span class='ocrx_word' id='word_1_796' title='bbox 1225 2725 1291 2752; x_wconf 77' lang='grc' dir='ltr'>ἀλλὰ</span> <span class='ocrx_word' id='word_1_797' title='bbox 1317 2727 1347 2752; x_wconf 83' lang='grc' dir='ltr'>τὸ</span> <span class='ocrx_word' id='word_1_798' title='bbox 1373 2727 1461 2762; x_wconf 77' lang='grc' dir='ltr'>μῆκος</span> <span class='ocrx_word' id='word_1_799' title='bbox 1491 2729 1721 2766; x_wconf 77' lang='grc' dir='ltr'>ὑποστελλόμεοα,</span> <span class='ocrx_word' id='word_1_800' title='bbox 1749 2733 1841 2766; x_wconf 79' lang='grc' dir='ltr'>ἀοιδὴν</span> 
     </span>
    </p>
   </div>
   <div class='ocr_carea' id='block_1_111' title="bbox 1060 2771 1841 2811">
    <p class='ocr_par' dir='ltr' id='par_1_111' title="bbox 1060 2771 1841 2811">
     <span class='ocr_line' id='line_1_111' title="bbox 1060 2771 1841 2811; baseline 0.01 -14"><span class='ocrx_word' id='word_1_801' title='bbox 1060 2771 1222 2806; x_wconf 75' lang='grc' dir='ltr'>καινοτάτην</span> <span class='ocrx_word' id='word_1_802' title='bbox 1239 2772 1278 2802; x_wconf 80' lang='grc' dir='ltr'><strong>εἰς</strong></span> <span class='ocrx_word' id='word_1_803' title='bbox 1290 2772 1388 2807; x_wconf 72' lang='grc' dir='ltr'>τέρψιν</span> <span class='ocrx_word' id='word_1_804' title='bbox 1403 2774 1496 2805; x_wconf 68' lang='grc' dir='ltr'>ἀκοαῖς</span> <span class='ocrx_word' id='word_1_805' title='bbox 1520 2777 1790 2811; x_wconf 52' lang='grc' dir='ltr'>πραγματευόμενοι.</span> <span class='ocrx_word' id='word_1_806' title='bbox 1809 2779 1841 2805; x_wconf 80' lang='grc' dir='ltr'>Τί</span> 
     </span>
    </p>
   </div>
   <div class='ocr_carea' id='block_1_112' title="bbox 1061 2816 1840 2857">
    <p class='ocr_par' dir='ltr' id='par_1_112' title="bbox 1061 2816 1840 2857">
     <span class='ocr_line' id='line_1_112' title="bbox 1061 2816 1840 2857; baseline 0.012 -17"><span class='ocrx_word' id='word_1_807' title='bbox 1061 2816 1114 2850; x_wconf 73' lang='grc' dir='ltr'><strong>γὰρ</strong></span> <span class='ocrx_word' id='word_1_808' title='bbox 1128 2816 1182 2847; x_wconf 77' lang='grc' dir='ltr'><strong>τῖς</strong></span> <span class='ocrx_word' id='word_1_809' title='bbox 1206 2816 1307 2850; x_wconf 75' lang='grc' dir='ltr'>ἐτέρων</span> <span class='ocrx_word' id='word_1_810' title='bbox 1336 2818 1533 2852; x_wconf 71' lang='grc' dir='ltr'>ἀκολουθητέον</span> <span class='ocrx_word' id='word_1_811' title='bbox 1552 2820 1663 2854; x_wconf 71' lang='grc' dir='ltr'>ἴχνεσιν,</span> <span class='ocrx_word' id='word_1_812' title='bbox 1680 2822 1773 2857; x_wconf 80' lang='grc' dir='ltr'>ἓνθαή</span> <span class='ocrx_word' id='word_1_813' title='bbox 1793 2824 1840 2850; x_wconf 77' lang='grc' dir='ltr'>τοῦ</span> 
     </span>
    </p>
   </div>
   <div class='ocr_carea' id='block_1_113' title="bbox 1061 2862 1841 2900">
    <p class='ocr_par' dir='ltr' id='par_1_113' title="bbox 1061 2862 1841 2900">
     <span class='ocr_line' id='line_1_113' title="bbox 1061 2862 1841 2900; baseline 0.012 -14"><span class='ocrx_word' id='word_1_814' title='bbox 1061 2862 1140 2895; x_wconf 67' lang='grc' dir='ltr'>λόγιῖυ</span> <span class='ocrx_word' id='word_1_815' title='bbox 1154 2863 1234 2897; x_wconf 70' lang='grc' dir='ltr'>τριϐὴ</span> <span class='ocrx_word' id='word_1_816' title='bbox 1264 2863 1312 2889; x_wconf 58' lang='grc' dir='ltr'><strong>οὐκ</strong></span> <span class='ocrx_word' id='word_1_817' title='bbox 1341 2865 1554 2900; x_wconf 59' lang='grc' dir='ltr'>ἱστειοχιὶερηται</span> <span class='ocrx_word' id='word_1_818' title='bbox 1570 2867 1606 2898; x_wconf 76' lang='grc' dir='ltr'><strong>ὡς</strong></span> <span class='ocrx_word' id='word_1_819' title='bbox 1637 2869 1675 2899; x_wconf 82' lang='grc' dir='ltr'><strong>είς</strong></span> <span class='ocrx_word' id='word_1_820' title='bbox 1692 2869 1841 2898; x_wconf 75' lang='grc' dir='ltr'>ἀτραπιτὸν</span> 
     </span>
    </p>
   </div>
   <div class='ocr_carea' id='block_1_114' title="bbox 1068 2909 1797 2949">
    <p class='ocr_par' dir='ltr' id='par_1_114' title="bbox 1068 2909 1797 2949">
     <span class='ocr_line' id='line_1_114' title="bbox 1068 2909 1797 2949; baseline 0.011 -15"><span class='ocrx_word' id='word_1_821' title='bbox 1068 2909 1171 2943; x_wconf 53' lang='grc' dir='ltr'>τρίίολλ,</span> <span class='ocrx_word' id='word_1_822' title='bbox 1187 2910 1243 2936; x_wconf 68' lang='grc' dir='ltr'>ἀλλ’</span> <span class='ocrx_word' id='word_1_823' title='bbox 1260 2910 1294 2942; x_wconf 63' lang='grc' dir='ltr'>ὡς</span> <span class='ocrx_word' id='word_1_824' title='bbox 1308 2912 1345 2943; x_wconf 63' lang='grc' dir='ltr'><strong>τίς</strong></span> <span class='ocrx_word' id='word_1_825' title='bbox 1363 2912 1475 2946; x_wconf 58' lang='grc' dir='ltr'>πέλαγος</span> <span class='ocrx_word' id='word_1_826' title='bbox 1496 2913 1627 2942; x_wconf 72' lang='grc' dir='ltr'>πςδιάδων</span> <span class='ocrx_word' id='word_1_827' title='bbox 1643 2915 1797 2949; x_wconf 68' lang='grc' dir='ltr'>εὐρύνεται.</span> 
     </span>
    </p>
   </div>
  </div>
