1960 3074
221 124 273 158 199

594 122 803 158 EUbTATlIll
824 121 1201 151 THESSALONICENSIS
1212 121 1496 151 METROPOLlT/‘E

1782 122 1835 153 200

219 185 323 208 tantum
339 188 450 208 aversos
463 180 573 207 viriliter
587 177 752 213 aggreditur.
767 175 990 208 QuemadmoJun‘

1050 177 1063 202 ὁ
1081 178 1128 211 μὲν
1146 177 1310 211 ἐμηχανᾶτο,
1328 178 1355 202 ἐν
1367 178 1507 211 χαμερπεί
1521 175 1581 208 ζπῦει
1606 176 1775 211 καταρῥίψαι
1790 178 1835 202 τὴν

219 227 290 253 enim
304 226 418 261 quisque
431 234 482 253 non
501 225 616 252 alienum
629 231 644 250 a
662 226 758 249 n..tura
779 221 843 248 illud
861 221 996 251 observat,

219 272 260 299 sic
275 273 409 307 parvitate
425 279 472 298 sua
480 278 539 298 cum
549 271 607 304 ipso
621 268 779 296 consociqu
792 267 891 293 animal
908 267 996 293 bellua

218 325 314 353 magna
332 318 381 345 sibi
394 316 525 344 devinxit.
541 314 651 341 Nullum
677 313 748 340 enim
778 312 886 346 scorpio
903 319 935 338 ex
956 312 995 337 fa-

218 364 260 391 cie
270 368 298 390 et
311 370 358 390 ore
374 365 565 389 nocumentum
577 360 669 390 mittit.
680 359 725 386 sed
736 363 855 385 estrema
867 358 894 384 in
911 358 995 384 cauda

217 408 362 442 sepositum
378 410 464 442 gestat
485 412 626 432 venenum.
653 404 686 431 Et
699 404 804 431 daemon
827 408 917 438 aperta
937 403 997 436 qui-

217 455 278 482 dem
293 453 466 480 consiliorum
484 456 508 478 et
524 455 553 476 ιιι
573 451 608 477 ita
624 449 712 476 dicam
724 454 786 476 ante
796 448 890 475 oculos
903 453 927 474 ot
942 455 1003 481 pio-

215 499 301 533 palam
318 498 467 531 eiaculatur
477 497 575 522 malum
588 495 661 522 nullo
675 495 752 522 tnodo
761 501 816 528 prae
827 501 856 521 se
872 494 997 523 ferentia,

216 545 272 570 liaac
289 543 433 578 voluptatis
445 550 497 576 qua
509 542 715 577 permulcentur
725 541 848 575 plerique
860 545 997 572 unguento

215 589 329 619 Iiniens;
345 594 418 615 retro
434 595 497 614 vero
510 590 577 616 etab
595 587 690 614 ullimo
712 586 858 620 perniciem
886 585 935 611 fert
969 585 995 611 in

215 634 312 661 inferni
320 633 443 666 decipulo
453 633 642 664 involvcnlem,
661 631 852 665 simpliciorem
863 637 995 664 quemque

215 688 230 706 a
246 679 380 712 principio
396 680 535 712 inducens,
560 678 737 712 timoremque
759 677 861 707 celans,
886 677 911 702 in
936 676 988 702 ﬁne

215 733 279 751 vcro
293 725 354 751 dolo
366 724 462 752 bellico
474 725 561 751 victor
575 724 607 750 ad
625 723 828 754 mactatimuem,
841 729 893 748 non
905 721 993 747 lucta-

217 769 336 796 tionibus
364 769 478 796 obversa
511 769 609 800 l'route,
641 768 688 794 sed
715 772 743 793 ut
769 767 868 793 dixerit
895 765 994 800 aliquis

215 816 308 842 cauda:
321 823 415 850 opera.

216 862 333 897 πρόσθια
347 862 540 896 προϐέϐληται,
556 863 639 889 κακὸν
659 861 735 888 οὐδέν
758 871 784 888 τι
800 861 996 895 προφαίνοντα,
1007 859 1090 894 χρίων
1116 860 1185 886 αὐτὰ
1199 861 1238 895 τῷ
1252 861 1392 896 φαρμάκῳ
1420 862 1468 895 τῆς
1495 862 1602 895 ἡδονῆς.

1050 222 1137 254 οὕτως
1152 223 1275 257 οὐράνιον
1287 230 1293 237 ‘
1321 224 1334 249 ὁ
1357 223 1384 249 δὲ
1402 222 1536 255 κατεγέλα
1560 222 1608 256 τῆς
1631 223 1766 256 μηχανῆς,
1783 224 1806 248 εἰ
1821 223 1835 248 ὁ

1050 268 1173 299 τοσοῦτος
1199 266 1268 294 εἶναι
1284 268 1368 294 δοκῶν
1393 268 1464 294 οὕτω
1484 269 1630 302 μικροφυεῖ
1654 267 1716 300 ζώῳ
1733 269 1836 302 ἐμφαν-

1048 315 1170 346 τὰζεται,
1187 315 1232 340 καὶ
1250 314 1280 340 τὸ
1302 314 1331 347 ἐξ
1347 314 1430 348 iLyce;
1448 315 1612 340 καταπεσεῖν
1624 314 1653 338 ὲν
1672 314 1709 347 τῷ
1723 313 1834 347 ἕρποντι

1048 360 1223 392 διαδείκνυσι,
1241 360 1287 386 καὶ
1303 360 1334 386 τὸ
1353 360 1502 394 μικροφυὲς
1516 360 1543 385 δὲ
1559 359 1631 385 οὕτω
1649 359 1834 394 παρεμφαίνει

1047 406 1095 439 τῆς
1120 406 1272 439 δυνάμεως,
1302 407 1350 432 καὶ
1368 405 1398 432 τὸ
1413 407 1450 440 μὴ
1478 405 1548 440 ἔχειν
1566 406 1695 440 βλάπτειν
1711 405 1771 436 τοὺς
1787 404 1833 431 τοῦ

1048 449 1116 476 Θεοῦ
1131 451 1171 481 εἰς
1185 451 1304 485 ἐμφανὲς
1320 453 1366 477 καὶ⁴
1381 451 1394 477 ὃ
1414 460 1478 484 φασι
1493 452 1564 477 κατὰ
1579 451 1678 484 στόμα,
1700 450 1768 477 ἀλλὰ
1779 451 1834 481 τοῖς

1048 497 1160 523 δπισθεν
1184 495 1454 530 άνδριζόμενον.”Ω;
1477 499 1530 531 γὰρ
1546 498 1578 524 ἄν
1593 506 1636 528 τις
1652 497 1702 524 οὐκ
1716 497 1768 530 ἔξω
1785 496 1833 522 τοῦ

1049 542 1205 576 προσφυοῦς
1222 543 1268 569 καὶ
1287 543 1365 569 τοῦτο
1381 544 1600 578 κατασκέψηται,
1621 544 1668 570 καὶ
1685 544 1722 575 ὡς
1739 543 1833 578 ὁμοιί-

1047 586 1116 621 τητά
1131 596 1191 613 τινα
1207 587 1292 617 σῶζον
1308 587 1376 622 προς
1391 589 1472 614 αὑτὸν
1492 590 1505 615 ὁ
1522 590 1610 623 μέγας
1623 590 1674 623 θὴρ
1693 589 1721 615 τὸ
1734 597 1835 622 συγγεο

1047 632 1092 662 νές
1113 631 1191 657 τοῦτο
1215 631 1310 666 θηρίον
1326 633 1493 659 ὠκειώσατο.
1524 634 1659 668 Σκορπίος
1689 642 1718 659 τε
1731 634 1785 668 γὰρ
1802 634 1833 659 ἐκ

1046 677 1099 702 τῶν
1113 677 1171 703 κατ¹
1184 677 1245 711 ὄψιν
1261 679 1307 704 καὶ
1323 679 1392 704 κατὰ
1406 679 1491 712 στόμα
1507 679 1603 713 βλαὸος
1614 679 1689 705 οὐδὲν
1704 679 1834 714 προΐσχε-

1045 731 1100 754 ται,
1129 723 1188 749 ἀλλ’
1206 723 1285 757 ἄκρῳ
1315 724 1354 758 τῷ
1376 725 1478 760 οὐραίῳ
1497 725 1683 759 ἐγκαθήμενον
1710 725 1786 758 φέρει
1803 724 1832 750 τὸ

1047 767 1206 802 θανάσιμον.
1224 769 1277 795 Καὶ
1292 770 1305 795 ὁ
1317 770 1421 803 δαίμων
1437 773 1471 796 τὰ
1488 771 1536 804 μὲν
1549 771 1703 805 προάγοντα
1715 770 1768 796 τῶν
1782 770 1832 796 αὐ-

1046 812 1092 839 τοῦ
1109 814 1300 848 βουλευμάτων
1316 816 1363 841 καὶ
1385 815 1422 846 ὡς
1441 817 1528 842 εἰπεῖν
1545 817 1597 850 προ
1613 815 1763 849 ὀφθαλμῶν
1783 818 1830 844 καὶ

1629 862 1673 894 ὑφ’
1691 858 1724 896 ἧς
1749 860 1831 887 κολα-

214 909 351 943 κευόμεθα
366 910 390 935 ot
406 910 516 936 πολλοί·
534 911 568 936 τὰ
583 910 609 935 δὲ
630 910 742 936 κατόπιν
762 910 807 935 καὶ
824 908 925 943 ἔσχατα
938 907 1046 941 ὀλέθρια
1059 908 1148 942 φέρει,
1171 909 1218 933 καὶ.
1246 909 1284 938 εἰς
1314 909 1452 942 πέταυρον
1475 908 1539 944 ᾅδου
1571 909 1737 941 κατάγοντα,
1763 909 1832 934 ὑπα-

215 956 329 990 γόμενος
349 957 440 991 μὲνέν
453 956 637 990 καταρχῆτὸν
653 955 847 989 ἁπλούστερον,
876 954 922 980 καὶ
950 953 1128 986 ἐπικρύπτων
1153 954 1198 980 τδν
1225 954 1318 988 φόϐον,
1347 954 1385 988 τῷ
1414 955 1442 981 δὲ
1468 955 1632 982 τελευτῶντι
1672 957 1720 983 καὶ
1745 964 1840 982 κατα-ο

215 1002 377 1037 στρατηγῶν
394 1003 433 1033 εἰς
447 1002 536 1036 φόνον,
564 1002 594 1028 οὐ
607 1003 667 1032 ταῖς
694 1002 847 1036 προμάχοις
864 1000 1063 1035 ρᾳδιουργίαις,
1080 1001 1149 1032 ἀλλ’,
1162 1003 1199 1032 ὡς
1217 1001 1249 1027 ἄν
1263 1010 1305 1031 τις
1321 1001 1395 1037 εἴπῃ,
1411 1001 1449 1036 τῷ
1468 1002 1654 1036 οὐραγήματι,

250 1050 294 1076 56.
322 1049 383 1076 llaec
404 1049 517 1076 suﬂiciat
530 1050 639 1076 dixisse.
657 1049 746 1076 Dolosi
761 1056 823 1076 vero
838 1049 939 1075 erroris
949 1055 990 1074 ar-

1078 1047 1132 1079 λς’.
1149 1049 1203 1075 Καὶ
1219 1049 1296 1076 τοῦτο
1312 1050 1361 1084 μὲν
1375 1050 1446 1075 οὕτω
1463 1049 1715 1097 πεπορίσθιιιήμῖν,
1731 1050 1785 1077 Τοῦ
1798 1051 1828 1079 δὲ

214 1093 294 1121 tiﬁcis
302 1094 411 1122 estillud
417 1095 554 1128 sophisma
561 1095 637 1121 vanis
646 1094 808 1128 imaginibus
815 1093 993 1123 dissimulare,

214 1139 371 1167 insidiarum
386 1147 449 1167 vero
463 1141 595 1167 actionem
611 1141 766 1174 persuasive
779 1144 897 1169 struere,
913 1143 940 1165 ct
950 1145 994 1165 ver

213 1187 302 1214 ritatis
317 1187 436 1221 speciem
448 1191 595 1214 ostentare.
609 1186 675 1213 Nam
693 1193 761 1214 vano
780 1192 874 1213 errore
891 1188 991 1211 metum

213 1233 295 1264 ciere,
325 1240 375 1258 non
395 1237 485 1259 autem
509 1231 646 1258 inﬁrmum
675 1231 794 1258 animum
825 1229 994 1264 stupefaccre

213 1277 294 1314 valet.
311 1276 418 1304 Jutlicat
433 1277 504 1304 enim
522 1285 597 1304 mens
614 1285 666 1304 non
682 1277 755 1304 inani
787 1275 904 1303 ludibrio
921 1275 991 1302 veri-

214 1327 297 1350 tatem
313 1323 468 1350 convenire.
489 1323 565 1355 Quod
579 1330 641 1349 vero
655 1322 733 1356 juxta
751 1321 892 1349 veritatem
913 1320 993 1348 terri-

213 1369 277 1401 bile,
292 1369 354 1396 licet
372 1370 397 1395 in
415 1375 496 1402 parva
515 1376 543 1395 re
556 1368 700 1400 olferatur,
717 1367 847 1402 majorem
864 1367 990 1393 timorem

213 1419 343 1448 provocat
372 1414 441 1448 apud
469 1421 590 1441 veraces.
616 1413 679 1440 Ideo
696 1413 841 1440 draconem
860 1417 992 1446 apparere

214 1466 267 1485 non
287 1458 351 1486 fecit
365 1459 519 1485 illusiounm
533 1463 640 1490 auctor.
652 1457 741 1492 qualia
771 1458 854 1484 multa
877 1456 903 1482 in
925 1455 991 1481 alios

213 1504 343 1532 incitarit.
359 1504 415 1531 Non
429 1504 500 1530 enim
519 1504 618 1530 malum
630 1503 817 1534 vernaculum,
830 1509 918 1535 eoque
932 1501 991 1534 ipso

212 1550 298 1578 oculis
311 1550 467 1584 phantasma
481 1550 625 1576 videretur.
640 1548 695 1576 Nec
710 1549 813 1575 leonem
832 1552 878 1574 aut
894 1546 984 1574 simile

212 1595 311 1623 animal
328 1596 352 1622 in
369 1595 489 1630 praelium
506 1595 579 1622 misit
592 1594 646 1629 (ubi
659 1594 730 1621 enim
745 1593 820 1628 sylva
855 1599 914 1627 qua:
941 1592 990 1619 be-

212 1642 526 1677 stiastegataedetegat
553 1640 586 1675 ?);
601 1640 772 1675 scorpionem
795 1646 859 1666 vero
887 1639 990 1666 animal

212 1689 311 1716 talibus
324 1687 389 1714 locis
397 1692 425 1714 nt
434 1687 577 1721 plurimum
591 1686 705 1717 sopitum
719 1690 745 1712 et
762 1685 903 1717 nutritum,
919 1685 990 1712 unde

211 1742 265 1761 non
293 1733 347 1760 falli
372 1741 402 1760 se
429 1732 559 1764 credidit,
585 1731 631 1758 scd
662 1730 735 1764 juxta
766 1730 906 1757 veritatem
935 1712 1025 1760 ηδε-β

211 1780 266 1806 lum
282 1778 419 1805 inducere.
434 1778 465 1804 At
481 1778 502 1804 si
519 1777 615 1805 animal
627 1784 678 1803 non
703 1780 745 1803 est
766 1783 902 1810 magnum.
930 1783 981 1802 nec

212 1832 261 1858 pro
277 1831 325 1850 sua
337 1828 430 1849 natura
441 1822 586 1854 terretacit,
599 1821 646 1849 sed
674 1821 751 1847 nobis
768 1827 926 1854 persuasum
942 1827 987 1847 es-

211 1873 353 1896 setcoutra
362 1873 484 1895 naturam
497 1867 594 1893 illudin
603 1872 732 1893 tumorem
741 1866 917 1900 degenerare,
930 1869 991 1891 tan-

210 1922 291 1949 quam
304 1913 441 1940 immundn
456 1913 564 1947 plenum
576 1911 683 1946 spiritu,
699 1916 727 1938 et
747 1918 874 1936 manuum
898 1911 984 1936 instar

212 1962 350 1996 longarum
366 1959 519 1991 intorquere
534 1956 661 1991 forcipes,
673 1956 743 1990 quod
757 1955 853 1990 aliqttis
867 1956 899 1982 de
917 1955 987 1982 alius

211 2004 397 2033 similitudinis
425 2002 534 2030 animali
557 2003 738 2036 excogitaret,
779 2001 892 2035 pedibus
922 2008 987 2028 vero

211 2052 336 2085 utrinque
353 2057 432 2084 supra
451 2056 605 2076 mensuram
631 2053 767 2074 arrectum
791 2052 818 2073 et
839 2054 909 2081 smpe
933 2055 991 2073 am-

212 2096 307 2123 bulans
319 2099 346 2122 et
361 2102 494 2128 pugnans,
511 2093 634 2120 aculeum
647 2100 711 2120 vero
731 2093 841 2118 vibrans
855 2092 924 2118 ultra
934 2099 991 2119 mo-

210 2143 274 2168 dum
289 2140 395 2173 longum
405 2138 524 2171 jaculum
542 2138 576 2164 ad
604 2137 843 2164 tremefaciendum
879 2142 987 2163 contor-

211 2194 309 2222 quens.
328 2186 360 2212 Et.
377 2185 442 2211 illud
476 2184 690 2219 promptuarium
711 2188 770 2210 erat
799 2185 896 2211 veneni
917 2184 990 2218 quod

212 2229 406 2258 thesaurizavit
437 2228 463 2255 in
478 2228 543 2255 lethi
569 2228 680 2254 divitias
701 2227 798 2258 bellua.
815 2232 841 2254 et
856 2233 989 2262 quantum

210 2277 316 2303 daamon
332 2273 489 2310 propalavit,
508 2274 607 2300 malum
629 2274 697 2300 malo
732 2273 885 2300 cumulans.
916 2273 989 2300 Con—

212 2322 301 2349 festim
317 2325 344 2348 et
360 2320 443 2347 colori
460 2319 624 2347 horrendum
641 2319 776 2353 quoddam
794 2319 940 2346 immiscuit
954 2318 989 2345 ci-

212 2374 310 2394 nereus
326 2367 456 2401 nigerqne
471 2365 557 2397 color,
567 2364 663 2398 quibus
676 2364 737 2391 talia
753 2364 880 2391 animalia
893 2363 991 2391 distin-

210 2418 336 2447 guuntnr,
349 2418 377 2439 et
396 2412 422 2439 in
446 2412 514 2439 alios
531 2411 737 2445 Variegabatur;
765 2415 794 2438 ut
818 2415 846 2437 et
874 2410 991 2437 chains:-

211 2460 310 2487 leontis
325 2459 411 2486 instar
426 2457 515 2493 ignavi
531 2464 651 2491 praeceps
675 2460 777 2489 rueret,
802 2463 863 2483 cum
892 2461 988 2483 astan-

211 2506 279 2532 tium
299 2509 419 2538 stupore.
437 2504 473 2530 Ita
484 2511 514 2531 se
529 2510 572 2531 res
584 2502 708 2534 habebat,
724 2509 784 2529 ctnn
807 2501 916 2528 athleta).
931 2509 989 2528 ma-

211 2559 263 2579 nus
279 2550 461 2577 venerandum
479 2548 609 2576 contorsit
627 2548 707 2575 telum
734 2552 761 2576 ct
786 2548 902 2582 amplius
935 2555 988 2576 non

210 2600 305 2630 erant;
322 2602 383 2622 nam
396 2595 439 2629 qui
464 2593 599 2621 amaverat
612 2593 724 2628 aufugit,
743 2593 814 2628 quod
829 2601 892 2621 vero
909 2593 986 2620 aflla-

214 2647 268 2669 tum
283 2641 370 2668 fuerat
385 2641 509 2668 exanime
522 2640 639 2674 jacebat.
654 2639 685 2666 Et
700 2640 850 2667 communis
877 2640 985 2674 quidem

213 2689 340 2716 inimicus
353 2689 442 2715 coram
457 2695 487 2715 se
503 2686 548 2713 teli
565 2687 623 2713 loco
641 2686 756 2713 bestiam
776 2687 911 2713 inventam
927 2685 992 2713 insi-

214 2735 320 2770 pienter
337 2733 463 2768 sumpsit,
483 2731 735 2765 fortitudinemque,
753 2736 782 2758 ut
795 2731 881 2764 aiunt,
913 2738 990 2758 suam

214 2781 330 2807 vibraltit
345 2779 513 2806 deﬁcientem
525 2779 551 2804 in
568 2777 753 2804 adversarium
769 2782 925 2812 martyrem.
940 2777 990 2810 Qui

217 2830 306 2853 autem
320 2824 382 2851 hinc
404 2829 431 2851 ct
461 2824 521 2850 inde
539 2822 635 2849 iterum
653 2827 733 2856 atque
762 2821 857 2849 itcrnm
888 2829 990 2856 organo

1043 1093 1091 1128 τῆς
1106 1094 1207 1129 πλάνης
1219 1095 1306 1121 δολίου
1325 1095 1436 1128 εὑρετοῦ
1454 1095 1562 1121 κάκεῖνο
1575 1093 1744 1129 σοφιστικὸν,
1763 1099 1826 1123 ἐπί-

1043 1139 1173 1174 κρύπτειν
1188 1141 1237 1174 μέν
1250 1141 1279 1168 τὺ
1302 1141 1391 1167 δοκεῖν
1413 1142 1645 1176 φαντασιοκοπεῖν
1656 1163 1663 1172 .
1680 1142 1827 1169 ἐθέλειν.εέ

1043 1185 1164 1216 πιθανῶς
1177 1186 1249 1221 ἔχειν
1262 1187 1311 1222 τὴν
1326 1188 1427 1222 σκηνὴν
1445 1189 1494 1222 τῆς
1518 1187 1676 1222 ἐπιϐουλῆς,
1695 1188 1742 1214 καὶ
1755 1197 1828 1222 παρ-

1042 1231 1173 1265 αυγάζειν
1196 1232 1226 1258 τὸ
1248 1232 1358 1267 ἀληθές.
1375 1233 1514 1260 Φαντάσαι
1534 1233 1582 1267 μὲν
1600 1234 1655 1268 γὰρ
1670 1234 1716 1260 τὸν
1731 1234 1826 1266 φόϐον,

1042 1276 1066 1302 εἰ
1079 1276 1126 1302 καὶ
1140 1276 1225 1310 μέγας
1241 1277 1352 1309 ἐκεῖνος¹
1363 1278 1393 1304 οὺ
1410 1278 1478 1304 πάνυ
1491 1286 1516 1303 τι
1531 1278 1587 1312 ἔχει
1602 1278 1736 1311 ἔκπληξιν
1751 1279 1827 1312 παρά

1041 1330 1073 1355 γε
1092 1321 1130 1355 τῷ
1143 1322 1284 1356 φρονοῦντι
1311 1322 1419 1355 στερεά.
1448 1323 1543 1358 Κρίνει
1565 1323 1618 1357 γὰρ
1643 1324 1658 1357 ἡ
1686 1324 1769 1358 ψυχὴ,
1790 1325 1826 1359 μὴ

1043 1367 1199 1401 συμϐαίνειν
1212 1368 1261 1401 τὴν
1272 1368 1402 1403 ἀλήθειαν
1419 1367 1458 1403 τῷ
1475 1369 1658 1403 φαντάσματι.
1670 1370 1705 1395 Τὸ
1716 1369 1744 1395 δὲ
1761 1370 1828 1404 πρὸς

1041 1413 1170 1448 ἀλήθειαν
1191 1413 1323 1449 φοϐερὸν,
1350 1415 1373 1440 εί
1391 1415 1439 1441 καὶ
1465 1416 1506 1446 εἰς
1525 1415 1623 1450 μικρόν
1633 1424 1660 1442 τι
1676 1415 1824 1450 ἐξαίρεται.

1041 1458 1109 1485 ἀλλὰ
1121 1458 1215 1493 μεῖξον
1233 1459 1264 1485 τὸ
1283 1460 1363 1494 δεῖμα
1383 1460 1576 1494 προϐάλλεται,
1594 1458 1635 1492 οἷς
1653 1460 1683 1487 τὸ
1700 1458 1771 1488 εἶναι
1789 1461 1827 1496 μὴ

1041 1504 1129 1538 πάντη
1142 1504 1277 1538 ψεύδεται.
1301 1505 1346 1531 Διὸ
1359 1505 1493 1540 δράκοντα
1520 1507 1570 1541 μὲν
1585 1507 1615 1533 οὗ
1632 1507 1791 1542 παρέφηνεν
1809 1509 1823 1534 ὁ

1040 1551 1094 1577 τῶν
1111 1551 1267 1584 φαντασιῶν
1291 1551 1426 1586 τεχνίτης,
1442 1553 1522 1579 ὁποῖα
1540 1554 1586 1580 καὶ
1608 1553 1724 1582 τοιαῦτα
1739 1554 1826 1581 πολλὰ

1041 1597 1070 1622 ἐν
1080 1596 1169 1627 ἄλλοις
1192 1597 1369 1631 ἐχορήγησεν.
1380 1598 1418 1624 0-5
1433 1599 1487 1633 γὰρ
1504 1598 1537 1625 ἂν
1551 1598 1626 1631 ἔδοξε
1639 1599 1669 1626 τδ
1686 1600 1769 1627 κακὸν
1783 1599 1825 1626 ἐν-

1040 1651 1133 1673 τοπον,
1149 1642 1205 1669 ἀλλ’
1223 1643 1335 1670 αὐτόθεν
1358 1644 1542 1678 φαντασιῶδες
1566 1644 1698 1680 ἠλέγχετο
1723 1645 1754 1672 τὸ
1775 1646 1825 1679 τῆς

1041 1687 1139 1721 ὂψεως.
1164 1688 1231 1714 Οὐδέ
1251 1688 1304 1724 μὴν
1327 1689 1465 1724 λέοντα,ἥ
1487 1699 1513 1716 τι
1530 1690 1660 1722 τοιοῦτον,
1684 1691 1826 1725 ἐπαφῆκεν

1041 1734 1080 1764 εἰς
1091 1733 1206 1766 πόλεμον
1219 1733 1280 1767 (ποῦ
1296 1734 1349 1768 γὰρ
1365 1735 1421 1761 ἐκεῖ
1433 1735 1531 1770 λόχμη,
1545 1735 1579 1761 τὰ
1591 1735 1681 1761 τοιάδε
1694 1736 1741 1762 καὶ
1754 1736 1823 1770 κρύ-

1040 1787 1145 1806 πτουσα
1160 1779 1204 1805 καὶ
1229 1779 1392 1813 ἐκφαίνουσα
1406 1781 1425 1813 ;)
1448 1781 1579 1815 σκορπίον
1593 1781 1632 1812 δὲ,
1651 1781 1735 1808 κακὸν
1746 1781 1823 1807 αὐθι-

1039 1825 1126 1858 γενὲς,
1142 1825 1187 1851 καὶ
1199 1825 1330 1855 τοιούτοις
1343 1826 1380 1857 ὡς
1396 1826 1430 1853 τὰ
1449 1827 1534 1853 πολλὰ
1547 1828 1640 1858 τόποις
1656 1828 1824 1862 ἐγκαταδαρ-

1040 1870 1119 1897 θάνον
1133 1871 1180 1897 καὶ⁸
1193 1871 1403 1905 ὲκτρεφὸμενον,
1420 1872 1481 1898 ὅθεν
1492 1872 1554 1899 οὑδέ
1569 1873 1719 1907 φαντάζειν
1732 1873 1820 1899 δοκεῖν

1039 1916 1174 1950 ἐνόμισεν,
1189 1915 1245 1942 ἀλλ’
1260 1916 1434 1950 ὲξεπεξάγειν
1450 1918 1479 1943 τὸ
1493 1918 1579 1944 κακὸν
1593 1918 1662 1953 πρὸς
1677 1919 1817 1952 ἀλήθειαν.

1040 1961 1070 1988 Et
1084 1961 1112 1988 δὲ
1129 1961 1207 1994 φύσει
1218 1961 1246 1987 τὸ
1262 1961 1330 1993 ζῶον
1349 1962 1379 1988 οὺ
1396 1963 1576 1997 μεγαλοφυές,
1594 1963 1656 1989 οὐδὲ
1673 1960 1728 1989 οἷον
1751 1964 1823 1999 ἔχειν

1041 2007 1163 2042 ἐκφοὸεῖν
1175 2007 1220 2033 τὸν
1241 2008 1269 2033 ἐν
1284 2008 1435 2034 καθεστῶτι
1450 2008 1576 2041 μένοντα,
1591 2008 1648 2035 ἀλλ’
1665 2008 1738 2035 ἐστιν
1757 2010 1824 2044 ἡμῖν

1041 2053 1228 2086 φαντάσασθαι
1254 2053 1328 2087 παρὰ
1357 2053 1438 2087 φύσιν
1460 2055 1562 2079 ἐκεῖνον
1589 2054 1752 2087 διεστηκότα
1782 2054 1824 2085 εἰς

1039 2098 1164 2133 ὅγκωμα,
1187 2096 1232 2124 οἵα
1245 2100 1291 2124 καὶ
1318 2099 1464 2134 ἀκαθάρτῳ
1489 2099 1649 2134 φυσώμενον
1668 2099 1822 2133 πνεύματι,

1040 2144 1086 2169 καὶ
1100 2144 1193 2177 χεῖρας
1219 2143 1268 2177 μὲν
1285 2143 1380 2177 ὥσπερ
1397 2144 1508 2178 μακρὰς
1525 2144 1747 2179 προϐεϐλημένον
1773 2146 1824 2176 τὰς

1039 2189 1135 2223 χηλὰς.
1148 2188 1162 2215 ὃ
1183 2188 1214 2223 δή
1226 2197 1268 2219 τις
1283 2189 1330 2215 καὶ
1345 2189 1391 2215 ἐπὶ
1403 2189 1500 2224 ἐτέρας
1514 2190 1673 2224 ὁμοιότητος
1699 2190 1769 2221 {mou
1787 2192 1822 2216 εί-

1043 2235 1102 2262 πεῖν
1117 2235 1272 2267 ἐσοφίσατο,
1287 2235 1343 2265 τοῖς
1356 2235 1384 2260 δὲ
1402 2235 1569 2268 ἑκατέρωθεν
1581 2236 1659 2261 ποσὶν
1675 2236 1824 2270 ἐξηρμένιν

1041 2279 1111 2314 πέρα
1125 2279 1171 2306 τοῦ
1193 2279 1317 2314 μετρίου,
1341 2281 1388 2306 καὶ
1404 2281 1492 2307 πυκνὰ
1509 2280 1646 2314 βαίνοντα,
1659 2282 1705 2307 καὶ
1720 2280 1824 2314 ἐναγώ-

1041 2332 1096 2350 νιον
1112 2324 1216 2356 θέοντα,
1236 2324 1340 2358 ὴρκότα
1350 2324 1378 2350 δὲ
1394 2325 1441 2351 καὶ
1458 2326 1487 2351 τὸ
1501 2326 1614 2360 κέντρον
1630 2326 1700 2360 ὑπὲρ
1713 2326 1727 2352 ὂ
1743 2327 1823 2360 φύσις

1004 2381 1030 2411 D
1042 2367 1108 2401 οἶδε,
1122 2369 1169 2396 καὶ
1181 2369 1218 2400 ὡς
1231 2367 1275 2396 οἷά
1287 2378 1347 2396 τινα
1361 2370 1491 2404 αἰγανέαν
1506 2371 1572 2406 πρὸς
1589 2371 1739 2406 ὲκφόῆησιν
1755 2372 1822 2398 ἁνα-

1043 2415 1159 2442 σείοντά.
1176 2415 1230 2441 Καὶ
1248 2413 1282 2449 ἦν
1295 2416 1382 2441 ἐκεῖνο
1404 2417 1516 2450 ταμεῖον
1542 2417 1700 2451 φαρμάκου,
1716 2417 1778 2443 ὅσον
1794 2426 1823 2443 τε

1040 2461 1055 2487 ὁ
1071 2460 1121 2495 θὴρ
1134 2460 1309 2495 ἐθησαύριζεν
1321 2461 1360 2492 εἰς
1371 2461 1481 2496 ὀλέθρου
1499 2461 1577 2488 δλὸον
1592 2463 1624 2488 ἐκ
1639 2462 1757 2496 φύσεως,
1772 2465 1822 2490 καὶ

1039 2507 1102 2532 ὅσον
1125 2506 1140 2532 ὁ
1157 2506 1261 2541 δαίμων
1276 2507 1430 2542 ὲπωχὲτευε
1442 2527 1450 2540 ,
1470 2508 1555 2534 κακὸν
1567 2508 1645 2542 κακῷ
1660 2517 1823 2544 προσεπιτι-

1041 2552 1108 2583 θείς.
1120 2552 1197 2587 Τάχα
1208 2553 1236 2578 δὲ
1250 2553 1296 2578 καὶ
1311 2553 1350 2586 τῷ
1366 2553 1490 2587 χρώματι
1508 2553 1622 2589 φοϐερόν
1633 2562 1659 2580 τι
1676 2554 1823 2588 ἐπέφριττε

1041 2599 1087 2624 καὶ
1099 2599 1115 2632 ἡ
1129 2599 1175 2624 τοῦ
1188 2598 1288 2633 τεφροῦ
1304 2599 1350 2624 καὶ
1367 2598 1481 2633 μέλανος
1496 2600 1575 2634 χρόα,
1587 2599 1620 2625 δι’
1634 2596 1671 2626 ὧν
1684 2601 1718 2626 τὰ
1734 2599 1823 2626 τοιαῦ-

1041 2650 1076 2668 τα
1087 2640 1143 2672 ζῶα
1156 2642 1288 2676 χρώζεται
1300 2651 1307 2658 ’
1321 2643 1368 2669 καὶ
1382 2644 1421 2674 εἰς
1436 2643 1531 2677 ἐτέρας
1543 2644 1732 2678 φαντασιωόὦς
1748 2644 1824 2677 ἐξηλ-

1042 2688 1164 2719 λάττετο,
1179 2687 1222 2713 ἴνα
1235 2688 1281 2713 καὶ
1303 2687 1340 2718 ὡς
1356 2688 1396 2718 εἰς
1420 2689 1641 2723 χαμαιλεόντειον
1656 2689 1767 2722 ἀγεννὲς
1783 2690 1823 2723 ῥί-

1043 2741 1145 2764 πτοιτο,
1158 2730 1197 2763 οἷς
1211 2733 1299 2758 ἐδόκει
1317 2733 1387 2767 μέγα
1403 2742 1428 2759 τι
1445 2735 1539 2761 ποιεῖν.
1555 2733 1643 2760 Ἦσαν
1658 2733 1755 2765 ταῦτα,
1771 2734 1822 2765 ἕως

1043 2779 1061 2813 ἡ
1074 2777 1206 2812 ἀθλητικὴ
1222 2778 1281 2813 χεὶρ
1296 2779 1420 2813 ἐπαφῆκε
1435 2780 1465 2805 τὸ
1485 2779 1647 2814 τιμιώτατον
1663 2779 1738 2814 βέλος
1749 2789 1755 2794 ·
1775 2779 1822 2805 καὶ

1045 2824 1076 2851 τὺ
1102 2824 1194 2850 λοιπὸν
1208 2824 1296 2851 οὐκέτ’
1309 2822 1388 2859 ἦσαν.
1410 2825 1479 2852 Ἀλλ’
1499 2827 1512 2852 ὁ
1529 2825 1577 2860 μὲν
1592 2825 1682 2860 φυσῶν
1710 2825 1820 2858 ἔφευγε,
