1960 3074
196 131 254 162 219

555 128 762 161 EUSTATIIll
778 128 828 157 Tll
836 125 1154 157 ESSALONICENSIS
1170 124 1452 156 METROPOLszE

1763 126 1818 152 ’ὶῖυ

202 192 370 220 nequaquam
397 184 475 216 tales,
506 184 553 212 sed
576 189 605 211 ut
624 183 717 210 Simon
746 183 772 209 in
795 186 876 215 caput
891 180 978 216 prola-

1041 179 1086 208 ‘lsv
1100 181 1131 208 οί
1149 182 1219 208 κατὰ
1244 181 1320 213 Θεον,
1339 181 1432 208 οὐκέτι
1455 179 1583 213 τοιοῦτοι,
1609 173 1672 207 ἀλλ”
1699 177 1754 206 οἷον
1773 179 1820 206 καὶ

201 232 312 265 buntur,
323 230 392 258 sicut
407 230 516 258 Lucifer
537 228 689 264 prmcipites
699 228 810 255 cadunt.
826 227 899 254 Talis
915 234 980 261 ergo

200 283 274 304 scala
288 276 339 304 ista
353 276 474 304 columna
483 281 523 302 est
536 275 652 302 arduum
663 274 725 301 boni
739 274 921 309 lastigium.et
932 272 980 307 qui

200 329 250 356 per
269 322 353 357 ipsam
367 329 473 349 sursum
488 321 699 356 progrediuntur
713 321 806 347 multis
828 320 931 347 nisibus
946 318 980 346 ad

200 367 308 394 virtutis
315 366 451 401 fastigium
458 366 576 399 veniunt,
586 366 663 400 quasi
673 365 785 400 abrupto
795 365 854 392 vita:
860 365 933 392 durae
940 365 982 392 iti-

201 419 266 438 nere
282 416 309 450 et
320 411 474 438 dilllcilibus
489 410 607 438 aditibus
620 411 898 445 dirempto;deorsum
912 417 979 438 vero

200 463 231 481 et
246 456 303 488 ipsa
319 456 344 481 in
354 463 473 490 praeceps
484 456 612 488 volutati.
641 456 712 482 inter
728 464 796 490 qttos
821 463 914 483 eorum
935 455 981 491 qui

199 500 332 528 altissimo
353 500 407 528 Deo
434 501 572 528 adhaerent
598 501 687 528 nullus
701 502 856 537 ‘projicitur
872 520 880 534 ,
905 501 981 536 lapsu

198 546 273 581 gravi
290 546 317 573 in
331 547 427 574 tartari
446 547 572 582 abyssum
589 551 681 577 ruunt.

236 681 263 708 ι.
282 680 361 708 Mons
375 688 483 716 quoque
498 680 621 709 columna
638 681 702 713 ista,
720 681 793 708 unde
810 682 885 708 venit
904 681 982 708 auxi-

199 727 265 754 iinm
282 735 296 754 a
309 727 364 755 Deo
379 727 415 754 illi
436 727 481 761 qul
492 735 523 754 co
538 727 630 754 oculos
645 727 734 761 erigit,
752 727 778 754 in
791 735 841 762 qua
862 733 889 754 ut
900 735 982 762 super

202 777 293 801 monte
312 773 405 808 aliquo
419 781 480 800 cum
504 773 655 808 patriarcha
671 773 753 800 Illiqu
769 773 890 800 immolat
901 781 980 801 suum

198 827 295 854 purus.
311 819 409 855 quisic
425 819 519 846 suavia
542 819 596 846 Deo
625 819 721 846 afferre
736 818 832 854 dignus
850 823 891 847 est
907 819 983 846 habi-

199 870 257 893 tus.

235 912 262 939 5.
274 911 444 946 Conspicitur
453 915 480 938 et
489 911 542 939 isto
552 912 578 939 in
587 915 677 938 monte
686 911 783 944 malus,
793 911 839 946 qui
854 911 880 938 in
892 911 982 938 anima

198 956 335 990 plantatus
355 964 493 991 nunquam
511 957 628 984 hominis
649 964 744 984 navem
755 961 830 983 extra
843 957 984 991 spirituale

205 1002 366 1030 :urriculum
388 1001 555 1029 circumferri
580 1007 608 1029 et
635 1001 731 1036 jactari
760 1001 840 1033 siuet.
862 1001 981 1037 quandin

198 1053 249 1075 aut
260 1049 419 1081 faventibus.
441 1053 487 1075 aut
503 1047 625 1075 adversis
654 1048 740 1075 ventis
768 1054 815 1083 per
829 1047 890 1075 vita:
909 1054 983 1075 mare

202 1094 318 1129 navigat.

237 1182 264 1210 6.
278 1182 408 1210 Tumulus
421 1183 473 1210 iste
489 1183 596 1212 virtutis
614 1183 720 1219 signum
741 1184 831 1215 habet.
849 1184 926 1219 cujus
949 1191 983 1211 ex

200 1229 313 1256 adverso
327 1229 372 1263 qui
399 1233 471 1257 stant
489 1237 626 1264 nunquam
641 1237 655 1256 a
671 1230 771 1263 pietate
791 1229 981 1262 declinabunt;

201 1274 260 1308 qui.
291 1274 314 1302 si
340 1281 436 1301 errans
459 1281 474 1301 a
501 1279 576 1301 recta
596 1274 747 1302 seettudum
775 1275 909 1302 rationem
939 1275 982 1302 via

202 1320 387 1353 declinaverit,
414 1324 460 1347 aut
487 1321 565 1347 deses
581 1320 636 1347 allo
659 1320 803 1354 depressus
816 1320 911 1353 fuerit.
928 1328 982 1348 non

202 1366 255 1393 erit
269 1366 339 1393 sicut
354 1371 460 1393 montes
483 1371 509 1392 et
524 1366 606 1393 colles
620 1374 680 1401 qua:
694 1366 842 1393 secundum
861 1366 984 1401 Scriptu-

203 1420 260 1440 ram
277 1413 464 1441 humiliantur.

238 1460 265 1486 7.
281 1458 511 1494 Gazophylacium
527 1459 652 1486 columna
669 1459 714 1486 illa
730 1460 756 1487 in
785 1461 912 1494 supernis
924 1465 982 1487 tuto

1032 229 1104 257 κατὰ
1118 229 1228 265 Σίμωνα
1249 229 1397 265 κατωκάρα
1419 229 1594 264 στρέφονται,
1613 229 1659 255 καὶ
1680 228 1710 254 τὸ
1725 228 1821 262 χεῖρον

1032 276 1070 308 ὡς
1085 277 1124 308 εἰς
1138 276 1278 311 ἑωσφόρον
1294 275 1569 311 καταρριπτούμενον
1585 275 1738 302 τάττονται.
1753 274 1820 299 Τοι-

1033 322 1102 357 αύτη
1115 331 1144 349 τε
1163 320 1209 349 οὗν
1224 322 1325 357 κλίμαξ
1338 323 1352 348 ό
1371 321 1491 353 τοιοῦτος
1508 331 1517 348 ι
1536 321 1643 352 στύλος,
1660 329 1670 346 t
1688 320 1735 347 καὶ
1746 320 1820 354 ἄκρα

1033 368 1062 395 δι
1077 368 1183 404 κορυφὴ
1201 368 1315 403 ἀγαυοῦ.
1336 368 1392 395 Καὶ
1403 369 1427 396 οί
1448 367 1493 395 ἐπ’
1508 366 1720 402 αὺτῆννάνιέναι
1737 365 1819 400 μελε-

1033 415 1167 450 τήσαντες
1181 414 1382 450 ἀναῤῥιχῶνται
1393 414 1432 446 είς
1446 415 1476 440 τδ
1488 414 1537 449 τῆς
1551 413 1654 448 ἀρετῆς
1666 412 1763 445 ἄκρον,
1777 411 1818 443 ὠς

1032 461 1076 488 διὰ
1095 461 1224 496 τραχείας
1241 460 1301 487 ὀδοῦ
1316 460 1364 494 τῆς
1379 460 1408 486 ὲν
1425 459 1476 495 βίῳ
1501 459 1624 494 σκληρῷ,
1640 459 1688 485 καὶ
1703 456 1737 493 ἦς
1749 458 1818 485 πολὺ

1033 506 1063 532 τδ
1076 505 1207 538 ἄναντες’
1227 506 1252 532 οί
1267 506 1289 532 δ’
1313 503 1347 532 αὖ
1368 504 1597 540 κατακυλιόμενοι
1613 504 1642 538 ιε
1666 503 1762 538 αὐτῆς,
1776 500 1819 534 οἷς

1033 552 1128 587 μηδεὶς
1148 551 1337 586 συγκαταὸαίη
1355 550 1411 577 τῶν
1426 551 1483 577 ὅσοι
1499 550 1538 585 τῷ
1561 550 1668 585 ὑψίστῳ
1682 549 1741 583 Θεῷ
1755 549 1817 576 ἐπι-

1033 598 1195 633 γράφονται,
1210 597 1331 629 εὐπετῶς
1342 598 1382 629 εἰς
1392 596 1530 632 ταρτάρου
1542 595 1637 631 χάσμα
1648 594 1818 622 κατολισϐαι-

1033 651 1136 671 νουσιν.

1068 689 1100 717 δ’.
1119 699 1129 716 ι
1148 689 1229 725 Ὅρος
1245 699 1256 717 s
1272 690 1320 717 καὶ
1333 689 1347 716 6
1366 698 1375 716 ι
1392 689 1485 721 στύλος
1503 699 1512 716 r
1532 686 1621 721 οὗτος.
1644 689 1706 716 ὅθεν
1721 689 1738 724 ὴ
1758 687 1818 715 θεό-

1033 735 1079 762 Θεν
1092 735 1155 771 ἥκει
1171 735 1281 770 βοήθεια
1293 735 1332 770 τῷ
1348 736 1439 762 ἐκεῖσε
1454 735 1517 767 τοὺς
1533 734 1690 770 ὀφθαλμοὺς
1700 734 1817 769 αἴροντι,

1033 781 1062 807 ὲν
1074 777 1096 815 ᾧ
1115 781 1161 807 καὶ
1178 780 1216 812 ὡς
1235 781 1264 806 ἐν
1277 781 1318 807 ἑνὶ
1331 780 1385 807 τῶν
1404 780 1489 814 ὀρέων
1504 778 1628 811 θυσιάζει
1645 786 1815 813 πατριαρχι-

1033 827 1088 858 κῶς
1103 827 1147 854 τδν
1161 827 1190 852 ὲν
1200 826 1288 861 ἑαυτῷ
1307 826 1390 853 παῖδα
1404 826 1418 852 6
1440 825 1572 860 καθαρὸς.
1590 825 1647 856 ἶκαὶ
1661 825 1814 860 ἠξιωμένος

1033 871 1104 899 οὕτω
1119 871 1269 906 καλλιερεῖν
1285 871 1324 904 τῷ
1339 870 1410 906 Θεῷ.

1067 920 1098 943 ι’.
1121 917 1270 952 Θεωρεῖτιιι
1292 916 1338 943 καί
1359 925 1402 949 τις
1416 926 1426 943 ι
1443 915 1515 948 ἱστὸς
1528 925 1537 942 ι
1562 916 1609 943 hri.
1625 915 1673 942 τοῦ
1689 914 1812 942 τοιούτου

1032 964 1124 999 ὄρους,
1137 963 1167 995 6;
1188 963 1385 998 ὲναποληφθείς
1400 971 1465 990 ποτε
1480 963 1520 994 είς
1539 961 1639 998 ψυχὴν,
1654 961 1706 988 οὒκ
1721 960 1756 988 ἂν
1782 961 1814 988 τδ

1033 1008 1094 1036 κατ’
1109 1008 1252 1044 ἄνθρωπον
1266 1009 1369 1043 σκάφος
1386 1008 1520 1043 ὡψελείας
1538 1008 1591 1040 ἔξω
1609 1008 1710 1043 ἀφήσει
1729 1006 1815 1041 φέρε-

1034 1056 1106 1087 σοαι,
1131 1054 1179 1082 καὶ
1204 1055 1265 1082 ὅποι
1289 1056 1365 1089 τύχοι
1381 1053 1544 1087 πλάζεσθαι,
1572 1053 1617 1079 ὅτε
1641 1052 1688 1079 τὸν
1713 1051 1812 1078 ἑαυτοῦ

1033 1100 1131 1135 τρόπον
1144 1099 1173 1133 ἐξ
1185 1098 1284 1134 οὺρίων
1300 1098 1317 1134 ἦ
1335 1098 1380 1126 καὶ
1400 1098 1488 1131 ἄλλως
1502 1097 1551 1134 τὴν
1571 1097 1618 1124 τοῦ
1634 1097 1692 1130 βίου
1713 1096 1816 1123 suam

1033 1145 1183 1173 θάλασσαν.

1068 1192 1107 1223 ς’.
1124 1198 1133 1216 ι
1149 1189 1246 1221 Βοννὺς
1261 1199 1270 1216 ι
1291 1185 1379 1222 οὗτος,
1406 1189 1455 1221 τὴν
1479 1188 1530 1224 τῆς
1551 1188 1651 1224 ἀρετῆς
1666 1187 1736 1223 ἔχων
1762 1196 1814 1222 ση-

1034 1235 1128 1271 μαίαν,
1152 1235 1186 1271 ἢν
1200 1235 1250 1262 οὒκ
1276 1234 1332 1262 ἔσθ’
1357 1235 1432 1266 ὅπως
1454 1235 1506 1261 οὐκ
1528 1233 1761 1269 εὐλαϐηθήσονται
1786 1233 1813 1260 οι

1033 1281 1227 1315 ἀντικείμενον
1255 1280 1295 1314 ὃς,
1321 1281 1345 1307 εἰ
1372 1280 1526 1315 πλαγιάσας
1549 1279 1747 1315 παρεγκλιθείη
1765 1278 1814 1306 τοῦ

1033 1326 1105 1353 κατὰ
1123 1327 1201 1361 λόγον
1215 1326 1318 1361 ὀρθίου,
1344 1326 1360 1361 ἢ
1384 1326 1431 1352 καὶ
1456 1325 1603 1360 συνιζήσας
1624 1325 1814 1358 ὐποκαταόαίη

1034 1372 1081 1399 τοῦ
1094 1372 1188 1408 ὕψους,
1204 1373 1254 1399 οὐκ
1271 1371 1304 1398 ἂν
1318 1371 1441 1407 διαφέροι
1455 1372 1540 1406 ὀρέων
1554 1381 1585 1399 τε
1601 1371 1648 1398 καὶ
1670 1371 1783 1407 βουνῶν.
1798 1370 1817 1398 ἃ

1033 1419 1224 1446 ταπεινοῦνται
1239 1418 1287 1445 καὶ
1301 1417 1372 1445 κατὰ
1386 1418 1434 1450 τὴν
1449 1419 1572 1454 Γραφήν.

1069 1463 1102 1496 ζ’.
1117 1473 1125 1490 ι
1140 1463 1342 1499 Γαςοφυλάκιον
1368 1465 1382 1490 ὁ
1408 1463 1503 1495 στύλος
1521 1473 1531 1490 ι
1558 1459 1647 1495 οὗτος,
1670 1463 1816 1498 ὑπερανῳ-

201 1504 364 1532 :ediilcatum
378 1505 451 1531 etab
465 1504 564 1531 infimis
585 1510 769 1539 segregatum,
801 1513 850 1533 nec
877 1505 983 1533 insidiis

1041 1511 1162 1546 ιιισμένον
1178 1510 1305 1543 ἀσφαλῶς
1317 1510 1364 1536 καὶ
1376 1509 1590 1544 ἀνεκεχωρηκδς
1600 1509 1654 1535 τῶν
1668 1509 1752 1541 κάτω,
1768 1509 1817 1537 καὶ

199 1555 231 1578 et
255 1551 315 1578 loco
335 1557 486 1582 accessura,
501 1551 527 1577 in
539 1557 593 1585 quo
613 1550 761 1585 spiritualis
788 1552 930 1579 thesaurus
943 1559 984 1578 re-

201 1597 336 1629 conditur,
351 1596 447 1627 vlrtus,
461 1596 538 1630 cujus
550 1596 666 1630 pretium
683 1596 774 1623 omnia
788 1601 899 1629 superat
913 1606 920 1628 ;
935 1597 980 1631 qui

203 1641 273 1676 apud
295 1642 376 1668 Deum
396 1646 582 1672 coacervatur.
595 1642 744 1670 secundum
761 1642 942 1678 Scripturam.
959 1647 986 1670 et

202 1688 229 1714 in
244 1687 316 1714 illius
329 1687 463 1714 thesauris
477 1687 656 1722 obsigillatur.

238 1733 266 1760 8.
279 1732 375 1759 Nidqu
388 1732 524 1765 videmus,
541 1731 566 1758 in
578 1740 631 1767 quo
644 1732 712 1760 cibis
721 1737 866 1767 pascuntur
880 1737 986 1767 aposto-

203 1778 263 1806 licis
286 1777 334 1804 viri
360 1777 438 1805 aerii.
462 1777 578 1812 desuper
595 1777 728 1811 volantes,
752 1778 883 1806 ctmultls
894 1785 987 1813 passe-

205 1823 282 1850 ribus
292 1824 373 1849 cantu
385 1821 501 1849 salutari
517 1821 652 1850 meliores.

238 1921 266 1949 9.
280 1920 375 1948 Turris
394 1918 560 1947 fortitudinis
574 1918 625 1946 ista
645 1926 736 1946 coram
759 1918 869 1946 inimico
898 1918 989 1947 fortis-

204 1969 292 2000 simo,
323 1967 368 2002 qui
397 1966 509 1993 bellicas
541 1965 682 1992 machinas
717 1970 810 1992 contra
845 1966 912 1993 tales
939 1967 987 1993 ad-

205 2015 280 2041 ducit
305 2012 337 2040 ad
355 2012 470 2039 ruinam.
491 2010 533 2038 Sit
551 2011 607 2038 hinc
625 2010 706 2038 turris
721 2018 753 2038 ex
769 2011 890 2038 veritatis
902 2019 989 2046 angu-

206 2060 307 2087 laribus
320 2058 470 2092 eomposita
490 2061 518 2083 et
535 2057 561 2083 in
582 2056 708 2083 virtutem
734 2056 855 2083 stabilita
873 2057 919 2084 fiat
934 2057 989 2084 ele-

206 2104 335 2139 phantiua
353 2103 446 2133 turris,
459 2108 512 2136 qua
526 2101 674 2128 delectatur
682 2101 920 2134 quidivinaamat.
936 2110 987 2129 non

206 2157 271 2177 sane
286 2154 316 2176 ut
339 2148 366 2176 iu
393 2147 461 2175 turri
478 2147 597 2174 Chalane
619 2147 750 2173 moriatur
768 2146 868 2172 frustra
893 2152 987 2174 contra

208 2196 303 2223 malum
319 2194 448 2220 aediﬁcata
461 2213 467 2225 ,
483 2199 533 2219 nec
546 2196 575 2217 ut
599 2190 645 2217 fiat
669 2191 695 2218 in
716 2190 893 2218 elevationem
916 2191 987 2219 illius

206 2241 250 2274 qui
267 2239 387 2276 neglecta
409 2238 502 2265 mortis
524 2236 702 2263 meditatione
718 2236 862 2271 superbus.
889 2237 988 2266 deinde

207 2285 234 2312 in
253 2289 366 2312 mortem
377 2282 497 2311 transiit.

1035 1557 1086 1584 οὐκ
1103 1555 1337 1587 εὖεπιῦούλευτον,
1349 1555 1413 1581 ἔνθα
1428 1556 1442 1582 6
1456 1555 1527 1582 κατὰ
1549 1555 1660 1589 πνεῦμα
1681 1555 1818 1591 Θησαυρὺς

1036 1604 1251 1637 ταμειουχείτιι,
1268 1603 1284 1637 ἠ
1299 1601 1395 1637 ἀρετὴ,
1410 1598 1444 1637 ἦς
1465 1601 1515 1628 οὐκ
1530 1601 1604 1633 ἄξιον
1623 1601 1695 1628 ἅπαν
1710 1602 1816 1635 τίμιον-

1035 1649 1064 1680 ὃς
1079 1649 1110 1683 δὴ
1127 1648 1173 1675 καὶ
1193 1647 1323 1681 συνῆκται
1337 1646 1414 1682 παρὰ
1427 1646 1465 1682 τῷ
1477 1647 1536 1682 Θεῷ
1551 1647 1622 1673 κατὰ
1635 1647 1680 1672 τὸν
1695 1647 1818 1678 εἰπόντα,

1036 1696 1084 1722 καὶ
1098 1695 1279 1729 ὲσφράγισται
1295 1694 1323 1720 ὲν
1336 1695 1392 1725 τοῖς
1409 1693 1493 1720 αὑτοῦ
1506 1693 1664 1728 θησαυροῖς.

1071 1735 1107 1775 η).
1124 1749 1134 1766 ι
1148 1740 1252 1766 Nonii:
1269 1749 1278 1765 ι
1298 1739 1328 1766 τδ
1344 1739 1509 1773 βλεπόμενον
1531 1738 1621 1772 τοῦτο,
1648 1739 1676 1765 ὲν
1691 1736 1708 1775 ᾖ
1723 1738 1819 1772 ἐκτρέ-

1037 1794 1132 1821 φονται
1149 1784 1336 1816 ἀποστολικῶς
1357 1785 1382 1810 οί
1404 1783 1631 1819 αἰθεροὸἀμονες,
1654 1785 1701 1811 καὶ
1727 1785 1766 1816 είς
1784 1784 1818 1810 τὰ

1037 1831 1093 1858 ἄνω
1110 1829 1247 1864 πτητικοὶ,
1261 1830 1306 1855 καὶ
1323 1829 1429 1855 πολλῶν
1443 1828 1592 1862 στρουθίων
1613 1829 1685 1855 κατᾶ
1699 1827 1748 1864 τὴν
1765 1836 1819 1854 σω-

1037 1876 1155 1912 τηριώδη
1170 1875 1262 1911 φωνὴν
1274 1875 1460 1910 διαφέροντες.

1071 1923 1106 1950 θ’.
1122 1931 1132 1948 ι
1147 1922 1254 1957 Πύργος
1263 1918 1342 1952 οὗτος
1356 1919 1446 1955 ίσχύος
1459 1929 1468 1946 ι
1482 1919 1536 1947 ἀπὸ
1551 1920 1697 1956 προσώπου
1708 1920 1819 1956 ἐχθροῦ,

1037 1968 1084 1996 τοῦ
1098 1967 1186 1995 δεινοῦ
1212 1965 1385 1999 πολεμιστοῦ,
1412 1965 1440 1996 6;
1464 1966 1659 2000 μηχανώμενος
1682 1965 1820 1994 ἑλεπόλεις

1037 2016 1094 2046 τοῖς
1105 2013 1235 2044 τοιούτοις
1251 2012 1349 2046 ἐπάγει
1363 2011 1431 2045 πρὸς
1445 2011 1555 2046 ὄλεθρον
1576 2011 1817 2046 πυργηρούμενος.

1038 2061 1146 2087 Γένοιτο
1159 2060 1187 2086 δι
1203 2059 1308 2093 πύργον
1328 2058 1421 2093 ἰσχύος
1435 2056 1505 2084 εἶναι
1520 2057 1625 2090 τοῦτον,
1646 2057 1675 2090 ἐξ
1694 2057 1819 2091 ἁκρογώ-

1039 2114 1092 2131 νων
1117 2105 1246 2139 ἀληθείας
1263 2103 1483 2138 συγκροτηθέντα
1507 2104 1547 2134 είς
1571 2104 1601 2130 τδ
1623 2103 1746 2138 στεῤῥὺν,
1771 2104 1819 2129 καὶ

1041 2150 1279 2185 συντετελεσμένον
1304 2150 1344 2180 εἰς
1359 2149 1461 2184 ἀρετήν
1473 2157 1480 2165 ·
1497 2150 1553 2176 εἴτε
1570 2150 1617 2175 καὶ
1640 2158 1650 2174 ι
1668 2149 1748 2184 βάριν
1764 2149 1821 2175 ἑλι-

1039 2196 1179 2230 φαντίνην,
1199 2204 1208 2220 ι
1227 2195 1256 2228 ἑξ
1279 2194 1343 2221 οἴων
1358 2194 1535 2229 εὐφραίνεται
1550 2194 1565 2220 6
1577 2194 1612 2220 τὰ.
1630 2194 1689 2220 Oeta.
1706 2194 1820 2227 φιλόκα-

1039 2241 1092 2272 λος·
1105 2240 1135 2266 οὗ
1150 2240 1203 2275 μὴν
1215 2239 1255 2271 είς
1269 2238 1373 2274 πύργον
1383 2239 1632 2274 ἁποτελευτηθῆναι
1648 2248 1657 2265 ι
1670 2239 1817 2273 χαλὰνης,ι

1042 2286 1129 2321 μάτην
1156 2284 1388 2319 τεθεμελιωμένον
1416 2284 1488 2311 κατὰ
1515 2284 1562 2311 τοῦ
1586 2283 1722 2317 οὐρανοῦ,
1752 2284 1819 2318 μηδὲ

208 2332 334 2366 γενέσθαι
358 2331 430 2358 κατὰ
445 2330 475 2356 τδ
491 2329 591 2364 ὕψωμα
616 2328 663 2356 τοῦ
684 2328 793 2364 φαύλως
812 2338 822 2356 ι
841 2329 891 2367 τὴν
905 2332 1065 2369 φιλοσοφίαν
1088 2333 1204 2360 θανάτου
1232 2332 1349 2368 μελέτην
1365 2341 1375 2358 ›
1415 2332 1632 2368 παρακηκοότος.
1663 2332 1693 2364 ὃς
1723 2331 1820 2358 ἑαυτὸν

208 2377 331 2412 ὗψὼσας,
348 2373 407 2403 εἶτα
420 2376 460 2406 είς
473 2375 587 2402 θάνατον
600 2375 799 2410 κατεπήδησεν.

243 2425 287 2452 10.
298 2423 359 2459 _Non
377 2423 464 2451 solum
480 2423 564 2449 turris
579 2421 745 2450 fortitudinis
757 2429 784 2450 et
802 2423 877 2452 locus
890 2425 988 2462 refugii

208 2469 336 2499 salutaris
354 2469 478 2498 columna
489 2468 546 2500 illa,
559 2468 604 2494 sed
621 2470 648 2494 et
661 2467 726 2495 urbs
741 2469 843 2495 munita
858 2489 865 2500 ,
883 2477 932 2497 nec
944 2478 989 2498 so-

209 2518 263 2543 lum
279 2523 362 2550 super
377 2519 496 2541 montem
512 2513 574 2545 sita,
587 2521 649 2547 qua:
661 2514 782 2540 omnium
797 2518 890 2548 patens
902 2515 988 2542 oculis

209 2561 338 2590 abscondi
362 2567 415 2587 non
440 2562 537 2593 potest,
564 2559 611 2586 sed
627 2565 654 2585 et
672 2558 704 2585 ad
724 2559 820 2586 ccelum
837 2560 991 2595 pertingens

209 2617 258 2643 pro
272 2606 414 2634 altitudine
426 2612 478 2639 qua
490 2604 598 2633 eminet.
615 2604 651 2630 ita
670 2609 698 2630 ut
712 2612 810 2632 vocare
827 2605 993 2633 liceatcmli-

210 2655 297 2682 colam
315 2660 378 2681 eum
396 2651 441 2687 qui
457 2657 538 2685 super
551 2657 582 2677 ea
595 2650 707 2677 habitat.

246 2743 290 2772 li.
307 2743 336 2771 Si
351 2743 386 2770 oh
400 2741 544 2769 verborum
560 2739 763 2776 significationis
781 2739 948 2773 afﬁnitatem,
963 2741 989 2768 in

212 2792 283 2819 idem
302 2789 462 2817 adducimus
483 2787 566 2822 στήλη
586 2792 611 2814 et
628 2787 733 2818 στύλος,
749 2786 915 2814 fortitudinis
936 2793 989 2815 sta-

215 2843 258 2865 tua
276 2840 348 2865 recte
364 2835 462 2863 dicitur
477 2833 522 2869 qui
539 2840 620 2868 super
635 2833 757 2860 columna
775 2832 825 2859 ista
838 2836 901 2860 stat.

1077 2423 1103 2451 ι’.
1121 2423 1158 2450 οὐ
1175 2423 1254 2457 μόνον
1268 2422 1296 2448 δὲ
1312 2431 1320 2447 ι
1336 2421 1440 2456 πύργος
1463 2421 1555 2456 ίσχύος
1572 2430 1581 2447 ι
1608 2421 1653 2448 καὶ
1668 2429 1677 2446 ι
1697 2420 1820 2456 κρησφύ-

1041 2470 1118 2505 γετόν
1133 2478 1142 2496 ι
1171 2477 1198 2494 τι
1215 2467 1351 2502 σωτήριον
1375 2468 1389 2493 6
1408 2476 1418 2493 ι
1433 2466 1529 2497 στύλος
1544 2476 1553 2492 ι
1576 2462 1663 2497 οὗτος,
1685 2466 1752 2492 ἀλλὰ
1773 2466 1820 2493 καὶ

1043 2524 1054 2542 ι
1068 2515 1145 2547 πόλις
1171 2514 1267 2548 ὀχυρὰ,
1285 2521 1294 2538 ι
1321 2512 1369 2539 καὶ
1394 2511 1464 2547 αὕτη
1480 2511 1510 2537 οὐ
1526 2511 1607 2546 μόνον
1628 2510 1721 2538 ἐπάνω
1741 2511 1820 2546 Βρους

1040 2560 1177 2595 κειμένη,
1206 2559 1253 2586 καὶ
1282 2558 1325 2585 οἵα
1353 2557 1391 2592 μὴ
1420 2557 1492 2592 ἔχειν
1520 2556 1688 2592 κρύπτεσθαι
1717 2556 1761 2583 διὰ
1788 2555 1819 2583 τὸ

1040 2606 1172 2635 ἄποπτον,
1187 2603 1257 2631 ἀλλὰ
1273 2604 1319 2629 καὶ
1333 2603 1527 2638 οὐρανομήκης
1544 2603 1588 2630 διὰ
1612 2602 1642 2628 τὸ
1659 2602 1720 2629 κατ’
1733 2602 1818 2637 αὐτὴν

1042 2650 1228 2685 θεωρούμενΝ
1241 2648 1318 2683 ὕψος,
1329 2648 1367 2680 ὡς
1381 2646 1451 2674 εἶναι
1466 2647 1603 2683 προσφυὲς
1618 2649 1704 2674 εἰπεῖν
1718 2648 1764 2674 καὶ
1774 2648 1819 2674 οὖ-

1046 2695 1223 2731 ρανοπολίτην
1239 2694 1285 2720 τὸν
1299 2693 1364 2728 περὶ
1378 2693 1463 2729 αὐτὴν
1475 2693 1546 2719 είλού
1551 2701 1643 2727 μενον.

1079 2743 1124 2767 ια’.
1140 2740 1171 2766 Et
1190 2740 1234 2765 καῖ
1248 2739 1292 2765 διὰ
1303 2739 1333 2765 τὸ
1353 2739 1380 2765 ἐν
1398 2738 1520 2774 σημασίᾳ
1549 2737 1678 2772 συγγενὲς
1700 2738 1755 2765 τῶν
1772 2738 1819 2772 ρη-

1045 2786 1137 2821 μὰτων
1155 2785 1193 2815 εἰς
1205 2784 1301 2810 ταυτὸν
1316 2785 1348 2818 τῇ
1365 2792 1374 2808 ι
1389 2784 1473 2819 στήλῃ
1488 2793 1496 2809 ι
1517 2784 1561 2810 τὸν
1581 2783 1707 2810 (στύλον)
1726 2783 1819 2810 τοῦτον

1043 2830 1201 2864 ἀγάγωμεν,
1228 2828 1324 2864 ῥηθείη
1341 2829 1374 2856 ἂν
1387 2829 1433 2856 καὶ
1454 2838 1463 2855 ι
1479 2830 1629 2864 καρτερίας
1646 2828 1758 2864 ἀνδριὰς
1777 2838 1785 2854 ι
1804 2829 1818 2855 6

1037 2877 1082 2902 ἐπὶ
1099 2885 1106 2901 ι
1123 2874 1220 2909 στήλης
1235 2884 1243 2900 ι
1266 2873 1367 2910 ταύτης
1381 2874 1530 2910 φερόμενος
