1960 3074
171 135 216 166 921

742 135 792 165 AD
803 135 988 165 STYLITAM
1007 135 1206 172 QUEMDAM.
1643 162 1656 176 ,

1733 138 1787 172 2i!

205 191 252 225 ιβ’.
277 200 287 216 1
302 190 389 221 Τόπος
405 200 413 216 ι
439 199 481 222 τις
500 202 509 216 ι
523 191 537 217 6
557 190 654 221 στύλος
673 198 682 215 ι
701 187 777 221 οὗτος
796 200 805 216 ι
819 190 920 226 πυρσοῦ
938 201 939 216 1

1036 193 1080 220 ιε.
1097 192 1228 220 Columna
1242 192 1293 220 ista
1308 191 1443 219 ﬂammam
1456 191 1536 227 longe
1549 192 1740 227 navigantibus
1757 194 1784 220 in

168 238 225 268 τιιῖς
236 238 264 262 ἐν
281 236 350 273 ζάλῃ
365 236 475 262 πλέουσι
489 236 647 270 τεὶεφανὴς,
660 235 717 270 φῶς
730 235 785 262 ἔσω
800 237 891 270 φέρων
905 237 950 263 τδν

171 283 240 318 μετά
254 283 301 309 τοῦ
317 282 400 309 Δαυτδ
419 282 563 317 ψάλλοντα,
579 281 678 317 λύχνον
695 284 750 313 τοῖς
767 283 846 309 ποσὶν
868 282 949 309 αὑτοῦ

167 330 214 356 τ’,ν
227 328 299 355 θετον
315 326 386 356 εἶναι
398 329 492 363 νόμον,
506 329 553 355 καὶ
579 328 637 362 φῶς
659 329 719 360 ταῖς
736 328 842 364 τρίϐοις
855 328 949 359 αὐτοῦ,

169 375 216 400 καὶ
233 374 271 408 τῷ
286 375 374 409 Πατρὶ
392 375 446 401 τῶν
465 373 564 408 φώτων
582 374 735 408 ἐγγίζοντα,
758 374 804 401 καὶ
826 374 894 408 φωτὶ
912 374 950 409 τῷ

168 420 201 446 εκ
213 420 322 453 φύσεως
336 419 367 446 τὺ
383 419 489 446 ἐκεῖθεν
507 419 754 454 προσλαμϐάνοντα
769 419 839 453 φῶς.

204 464 249 498 ιγ’.
268 464 470 500 ¹Ανιιρῤιπίζων
484 465 512 491 δέ
526 473 569 496 τις
584 464 700 491 ἐνταῦθα
712 465 743 490 τὸ
752 464 800 490 τοῦ
813 465 950 499 νοήματος

168 511 307 546 ζώπυρον,
330 512 376 537 καὶ
391 510 589 546 προσανάπτων
610 510 659 545 τὴν
682 511 883 545 φωτοφάνειαν,
900 511 948 536 καὶ

170 566 179 582 ι
197 557 292 583 στύλον
302 557 387 592 πυρδς
399 565 408 582 ι
420 557 513 584 τοῦτον
523 556 648 591 τηλαυγῆ
658 557 789 590 προτερεῖ
803 565 812 582 1
828 556 946 582 στύλον”›

165 603 210 629 διὰ
223 603 254 629 τὸ
269 602 380 637 ὑψηλόν·
399 612 408 628 ι
423 603 525 638 πυρσὸν
541 612 549 629 ι
565 603 609 629 διὰ
628 602 657 629 τὺ
681 602 722 633 είς
737 601 804 628 Θεὸν
825 602 948 637 λειτουρ-

166 648 244 681 γικδν
258 647 305 674 τοῦ
321 649 350 675 ιν
364 648 437 682 αὒτῷ
452 650 616 683 στεγομένου
633 646 822 682 πνευματικοῦ
836 647 945 681 ἀνδρός·

166 694 212 720 λαὶ
229 694 343 728 χορηγεῖ
358 694 406 728 τὴν
422 693 488 728 ὓλην
500 693 547 720 τοῦ
563 694 702 727 νοήματος
712 693 726 718 6
744 692 840 719 Δαυῑδ.

201 739 241 765 ιδ’.
258 739 322 765 Είδδ
333 739 564 775 προσσπαυεάνων
576 741 607 765 τὸ
619 748 628 765 1
641 738 794 765 στυλιτικον
809 747 818 764 ›
831 738 889 772 φῶς
898 739 947 765 καὶ

165 785 205 815 είς
218 784 294 819 ἥλιον
309 784 435 820 ἀναγάγῃ
450 792 502 816 τις,
519 785 549 810 ἐν
571 780 593 818 ᾧ
607 783 700 819 τίθησι
715 783 746 810 τδ
762 783 861 809 ἑαυτοῦ
877 784 946 818 σκή-

165 837 244 863 νωμα
258 830 272 855 6
284 829 414 863 ’Υψιστος
436 829 548 856 ὲνοικῶν
573 828 648 863 αὐτῷ
662 829 710 856 καὶ
736 829 943 864 ἐμπεριπατῶν,

163 873 223 900 τότε
234 874 267 909 δὴ
279 875 325 900 καὶ
341 874 381 905 είς
399 883 408 899 1
422 867 500 909 ἡλίου
513 872 588 900 οἷκον
604 883 613 899 ι
632 874 710 909 θήσει
727 874 773 901 τὸν
793 883 802 900 ι
817 874 914 901 στύλον
930 882 939 899 ι

165 918 257 944 τοῦτον
277 918 451 954 σεμνότερον,
472 919 543 954 ἢπερ
558 919 572 945 6
589 919 624 945 τὰ
636 919 686 954 τῆς
704 919 850 954 μαθήσεως
865 919 942 953 φιλο-

165 963 255 996 σοφῶν
272 963 416 998 ὑποτίθησι
438 964 483 991 τὸν
497 964 624 999 αἰσθητὸν
639 964 750 999 θεωρῶν
765 964 850 998 ἥλιον·
864 964 894 995 6;
910 964 942 999 δὴ

163 1009 177 1034 6
191 1008 252 1034 καθ’
261 1008 336 1043 ἡμᾶς
347 1005 425 1040 οὗτος
436 1009 511 1044 ἥλιος
523 1009 617 1041 Muto;
630 1009 681 1044 μὲν
693 1009 748 1036 οὐδ’
759 1009 841 1042 αὐτὸς
853 1009 940 1042 ἔσται,

161 1053 229 1080 ἀλλὰ
244 1053 377 1087 γνώσεταί
394 1063 460 1082 ποτε
481 1055 532 1090 τὴν
547 1055 624 1082 δύσιν
641 1056 735 1084 αὐτοῦ.
758 1056 941 1091 Φωσφορήσει

162 1098 191 1125 li
204 1099 292 1131 ἄλλως
304 1099 334 1126 οὺ
349 1100 418 1127 κατά
431 1101 478 1127 τὸν
488 1101 556 1136 προς
570 1101 696 1136 αἴσθησιν
710 1101 796 1136 ἥλιον,
811 1101 880 1128 ἀλλά
894 1102 941 1128 καὶ

159 1145 217 1171 ἄνω
228 1145 376 1180 φερόμενος
391 1146 462 1182 ὑπὲρ
472 1147 524 1181 γῆς
536 1147 638 1182 λάμψει
650 1148 689 1181 τῷ
703 1147 758 1173 τῶν
770 1147 860 1181 ἔργων
869 1149 940 1181 φωτὶ

160 1190 347 1224 εὖαγγελικῶς
361 1191 516 1226 ἔμπροσθεν
537 1192 590 1218 τῶν
606 1192 760 1227 ἀνθρώπων
781 1192 920 1226 φανότατα
931 1201 938 1210 ·

160 1236 206 1262 καὶ
221 1235 273 1262 ὑπὸ
285 1236 338 1271 γῆν
354 1236 382 1262 δὲ
394 1236 432 1271 τῷ
446 1237 600 1272 φαινομένῳ
620 1237 705 1273 δίσκῳ
719 1237 814 1269 δύσας,
832 1237 878 1264 καὶ
899 1237 939 1271 τῷ

159 1282 238 1318 τάφῳ
254 1282 476 1316 κατασκιασθεὶς,
488 1284 538 1315 τὰς
551 1283 606 1310 τῶν
618 1283 810 1318 ἀγαθουργιῶν
827 1284 939 1315 ἀκτῖνας

158 1328 260 1363 ἀφήσει
271 1328 453 1363 περιλάμπειν
466 1329 541 1356 οὐδὲν
554 1326 636 1363 ἧττον
651 1329 700 1364 τὴν
711 1330 774 1364 γῆν.
791 1329 835 1356 ἵνα
851 1331 939 1363 τούτῳ

158 1373 197 1408 τῷ
222 1373 315 1408 τρόπῳ
337 1373 475 1403 ἀπελάσας
497 1374 545 1410 τὴν
565 1375 616 1409 τῆς
642 1375 726 1410 λήθης
754 1375 849 1407 νύκτα.
877 1375 936 1410 φῶς

157 1418 264 1453 ἀγαθῆς
277 1418 451 1454 μνημοσύνης
462 1419 590 1455 αἰθριάζῃ
606 1419 727 1451 αἰώνιον.
739 1421 756 1447 6
771 1429 797 1447 τι
813 1421 859 1449 καὶ
874 1420 934 1455 φῶς

1001 238 1068 265 mari
1089 239 1202 272 praebet,
1215 238 1304 265 lumen
1321 238 1393 265 intus
1410 238 1510 270 ferens,
1526 246 1586 266 eum
1601 239 1647 273 qui
1660 246 1721 266 cum
1734 238 1785 265 Da-

1000 285 1044 310 vid
1061 284 1150 318 psallit
1167 292 1174 311 :
1191 284 1340 311 Lucernam
1356 283 1469 318 pedibus
1482 283 1550 318 ejus,
1565 284 1651 318 legem
1665 283 1783 311 divinam

1000 334 1027 356 et
1044 330 1133 356 lumen
1149 330 1254 357 semitis
1267 330 1327 365 ejus
1341 338 1349 362 ;
1363 335 1391 357 et
1403 329 1477 356 Patri
1490 330 1622 357 luminum
1637 330 1782 364 appropin-

1000 379 1126 407 quantem
1151 379 1178 401 et
1204 374 1297 402 lumini
1314 375 1386 409 quod
1404 383 1419 402 e
1434 379 1528 402 natura
1554 375 1634 402 habet
1657 375 1747 402 lumen
1766 382 1781 400 a

1000 420 1054 448 Deo
1069 420 1120 448 sibi
1138 421 1340 455 adjungcntem.

1036 466 1078 492 13.
1097 465 1159 492 Inde
1167 465 1291 492 excitans
1299 466 1396 500 aliquis
1408 465 1585 500 cogitationis
1597 465 1673 499 ignes
1688 464 1782 491 cinere

999 512 1113 539 obrutos
1126 516 1153 538 et
1166 511 1322 538 illnminans
1337 511 1488 538 columnam
1503 511 1573 544 ignis
1589 511 1623 537 de
1635 510 1781 545 longinquo

1000 557 1176 592 refulgentem
1199 557 1270 583 dicet
1295 556 1391 583 στύλον
1414 558 1448 583 ob
1471 557 1669 588 elevntionem;
1690 556 1779 590 ignem

999 608 1063 628 vero
1083 601 1115 627 ad
1139 601 1246 635 signum
1263 602 1296 627 oh
1315 601 1449 636 publicam
1476 602 1511 629 ad
1529 602 1610 628 Deum
1627 602 1778 628 oralionem

998 646 1056 681 ejus
1072 646 1117 681 qui
1143 646 1180 672 ibi
1195 645 1341 673 includitur
1354 647 1485 680 spiritalis
1499 646 1566 678 viri;
1585 651 1610 673 et
1625 647 1779 674 meditatio

997 693 1039 720 nis
1052 693 1192 719 materiam
1210 693 1312 726 przehet
1328 692 1422 719 David.

1032 738 1076 766 M.
1093 738 1120 765 Si
1149 745 1213 765 vero
1227 743 1336 765 anetum
1350 738 1410 772 quis
1437 737 1568 764 columna!
1583 737 1674 765 lumen
1692 738 1718 765 in
1733 746 1779 766 so-

997 784 1048 812 lem
1066 784 1180 811 adducat
1197 791 1230 810 eo
1245 784 1288 810 ubi
1306 783 1508 811 tabernaculum
1527 790 1606 810 suum
1624 784 1715 817 posuit
1730 784 1778 810 AI-

997 830 1127 862 tissimus,
1144 830 1385 861 inhabitans,tnnc
1400 834 1427 857 et
1441 829 1505 857 solis
1518 829 1628 856 domum
1642 830 1778 863 reputahit

995 875 1147 903 columnam
1168 875 1240 902 illam
1258 875 1482 902 venerabiliorem
1509 882 1589 910 quam
1617 874 1777 902 sensibilem

995 921 1079 949 solem
1094 928 1173 956 quem
1185 920 1332 955 discipulus
1347 920 1525 955 philosophia:
1537 920 1650 947 studens
1668 919 1780 947 inferio-

995 975 1052 994 rem
1076 967 1211 994 aestimat:
1239 966 1373 1000 siquidem
1394 965 1435 993 sol
1459 971 1552 992 noster
1579 965 1778 993 inaccessibilis

995 1019 1048 1039 non
1063 1011 1126 1044 erit,
1148 1012 1195 1038 sed
1218 1018 1343 1038 occasum
1361 1016 1517 1045 cognoscet.
1535 1010 1591 1038 Non
1609 1019 1672 1038 vero
1689 1011 1776 1038 lucem

992 1062 1101 1091 sparget
1117 1056 1266 1083 secundum
1284 1056 1441 1083 sensibilem
1457 1056 1540 1083 solem
1555 1076 1562 1087 .
1575 1056 1623 1083 sed
1640 1064 1746 1083 sursum
1761 1064 1778 1083 ο

993 1107 1065 1128 terra
1078 1101 1215 1129 exaltatus
1231 1108 1342 1136 operum
1359 1101 1503 1135 splendere
1518 1104 1569 1136 per
1589 1102 1776 1136 evangelicum

991 1147 1082 1174 lumen
1099 1153 1190 1174 curam
1207 1146 1363 1173 hominibus
1377 1146 1496 1178 lucente,
1513 1150 1539 1172 et
1551 1146 1602 1174 sub
1617 1152 1690 1173 terra
1708 1146 1776 1173 solis

992 1192 1123 1219 radiantis
1135 1199 1211 1219 more
1225 1191 1336 1224 occidit,
1351 1193 1378 1219 in
1392 1192 1495 1219 tumulo
1509 1192 1629 1226 sepultus
1643 1192 1774 1219 bonorum

991 1245 1102 1271 operum
1121 1238 1209 1265 radios
1233 1245 1287 1265 non
1311 1238 1400 1265 minus
1414 1245 1494 1271 quam
1512 1239 1607 1265 vivens
1632 1238 1776 1265 rutilantes

990 1283 1106 1315 ettlittet.
1122 1288 1150 1310 ut
1166 1283 1215 1310 hoc
1231 1282 1309 1310 modo
1326 1283 1473 1311 oblivionis
1487 1288 1566 1310 necte
1588 1283 1678 1317 fugata
1698 1288 1775 1310 bona

992 1328 1186 1356 recordationis
1200 1328 1287 1356 lucem
1308 1333 1419 1363 spargat
1439 1333 1581 1360 uernam,
1602 1336 1663 1363 quze
1681 1329 1724 1356 lux
1741 1329 1775 1357 ii;

991 1375 1036 1408 qui
1051 1381 1112 1401 vere
1126 1374 1275 1408 suntjusti,
1293 1374 1365 1401 diem
1380 1375 1453 1401 illam
1472 1375 1554 1401 faciat
1567 1374 1593 1401 in
1607 1375 1700 1402 mterni
1720 1375 1775 1405 dies

989 1419 1181 1452 imitationem,
1195 1427 1277 1455 seque
1289 1425 1316 1447 et
1332 1420 1383 1447 diei
1396 1424 1423 1447 et
1434 1419 1502 1447 lueis
1514 1420 1598 1446 tilium
1614 1419 1772 1447 ostendens.

157 1464 275 1496 δικαίοις
297 1464 454 1496 διαπαντὸς,
472 1464 520 1490 καὶ
546 1464 685 1500 ἀδιάδοχον
703 1464 806 1500 ταύτην
827 1465 936 1501 ἡμέραν
957 1465 1022 1500 ποιῇ
1041 1465 1090 1500 τῆς
1106 1465 1166 1492 ἐκεῖ
1179 1464 1360 1500 αἰωνιζούσης
1375 1463 1532 1499 ἀντίμιμον,
1567 1462 1697 1490 δεικνύων
1726 1463 1773 1491 καί

157 1510 245 1541 οὕτως
259 1510 367 1545 ἡμέρας
383 1507 453 1537 εἶναι
471 1510 527 1541 υἱδς
544 1509 590 1536 καὶ
602 1510 702 1544 φωτός.

194 1554 236 1582 ιε’.
251 1556 288 1583 οὺ
303 1556 383 1591 μόνον
395 1556 424 1582 δι
439 1555 559 1587 τοιοῦτος
573 1553 647 1587 elato;
663 1565 672 1582 1
685 1555 699 1582 6
716 1555 811 1588 στύλος
824 1566 833 1582 ι
851 1551 939 1588 οὗτος,

1028 1555 1072 1582 l5.
1090 1555 1150 1583 Non
1168 1555 1256 1583 solum
1282 1562 1348 1582 vero
1374 1555 1435 1582 talis
1452 1555 1548 1583 domus
1571 1554 1698 1583 columna
1716 1555 1772 1587 illa,

156 1601 226 1629 ἀλλά
247 1602 278 1628 τὸ
295 1601 459 1636 σεμνότατον
481 1601 528 1628 καὶ
552 1600 626 1633 οἶκος
645 1611 654 1627 1
670 1601 718 1628 τοῦ
734 1602 786 1636 τῆς
803 1602 941 1628 δικαιοσύ-

156 1656 207 1682 νης
221 1647 307 1683 ἡλίου,
321 1656 332 1673 ι
351 1647 429 1679 Θεοῦ,
443 1648 483 1674 ὅτι
497 1647 544 1674 καὶ
563 1656 572 1673 1
587 1648 741 1682 προσευχῆς
753 1645 827 1679 οῐκος
837 1656 844 1664 ·
864 1657 874 1674 ι
891 1648 939 1680 ὡς,

157 1693 216 1726 dy:
234 1693 272 1728 μὴ
288 1693 376 1724 τοῦτο,
396 1692 527 1728 σπήλαιον
543 1694 574 1720 ἄν
594 1701 665 1724 τινος
687 1694 730 1726 εῐη
756 1693 938 1729 ψυχοληστοῦ,

155 1738 172 1773 ἢ
190 1739 300 1774 τρώγλη
317 1739 440 1770 ἀσπίδος,
455 1739 472 1774 ἢ
491 1738 636 1774 δράκοντος
648 1739 761 1773 φωλεός·
779 1740 875 1775 ὥσπερ
893 1742 940 1767 καὶ

156 1785 297 1819 φερέοικον
318 1785 366 1818 μὲν
385 1786 425 1817 εἰς
448 1785 477 1812 τι
495 1786 548 1813 πᾶν
568 1786 692 1821 περιέχοι
715 1785 749 1812 ἂν
772 1786 867 1818 ἔνδον,
892 1787 940 1813 ὲάν

157 1831 304 1866 ὁτρότιρον
320 1831 420 1858 διαϐιοῖ
433 1832 546 1865 ἐκεῖνος,
562 1833 704 1867 μάργαρον
718 1831 758 1864 δὲ,
774 1833 822 1859 liv
839 1841 939 1867 στεγα-

156 1875 275 1911 νώτερον
288 1875 498 1910 διατεθειμένος,
513 1876 561 1903 καὶ
568 1877 608 1908 είς
622 1876 780 1911 φωτοφανὲς
794 1877 939 1904 διεσκευα-

156 1921 266 1956 σμένος.
280 1921 407 1956 καθάπερ
423 1922 451 1948 ἑν
469 1921 575 1957 ὲλύτρῳ
591 1922 679 1956 τούτῳ
697 1923 865 1957 περιέχοιτο.

192 1967 242 1999 ις’.
258 1968 289 1994 El
312 1968 340 1994 δι
366 1968 405 1999 είς
421 1967 558 2000 τοιούτους
580 1968 690 2003 τιμίους
711 1969 804 2000 οἴκους
823 1968 938 1996 τακτέον

154 2012 202 2039 τὸν
218 2021 228 2038 1
242 2011 353 2046 στύλον,
368 2021 378 2038 ι
397 2012 447 2039 οὐκ
471 2012 505 2040 ἂν
531 2014 627 2047 φανείη
655 2013 769 2048 ἀπᾷδον,
795 2013 862 2039 ἀλλὰ
889 2013 938 2040 καὶ

157 2057 230 2092 μέλα
244 2057 401 2092 σύμφωνον,
421 2058 468 2085 καὶ
485 2069 494 2084 1
508 2058 624 2086 ἀπασῶν
639 2058 745 2093 ἀρετῶν
765 2058 819 2085 τῶν
833 2057 936 2085 Ostori-

157 2111 213 2137 ρων
228 2112 238 2129 ι
255 2104 414 2138 προσειπεῖν
428 2103 508 2131 αὐτὸν
529 2112 539 2130 ι
552 2104 692 2139 οίκήτοραο
712 2113 721 2130 ι
740 2103 804 2131 ἔνθα
826 2104 936 2131 εὔθετον

156 2149 251 2182 φάναι,
261 2148 309 2175 καὶ
322 2148 359 2180 ὡς
371 2145 445 2180 οὗτος
455 2148 506 2182 μὲν
519 2147 562 2175 οἷα
574 2157 621 2176 και
632 2149 671 2180 είς
680 2158 706 2175 τι
721 2150 880 2184 μονώροφον
893 2149 936 2176 λο-

155 2194 318 2229 γισθήσεται
328 2195 472 2230 σκήνωμα.
483 2195 496 2221 6
509 2195 538 2221 δὲ
552 2194 595 2221 ιπ¹
610 2194 684 2229 αὐτῷ
697 2194 823 2230 δεύτερος
837 2195 935 2230 δροφος

991 1601 1037 1628 sed
1053 1601 1124 1636 quod
1140 1603 1241 1636 majus,
1258 1601 1370 1636 Iustitia:
1385 1602 1463 1634 solis,
1482 1601 1538 1633 Dei,
1553 1601 1615 1635 quia
1633 1605 1659 1628 et
1673 1601 1774 1629 oratio-

991 1647 1033 1674 nis
1047 1646 1164 1680 domus;
1180 1648 1222 1674 sin
1246 1647 1345 1678 minus.
1360 1647 1463 1674 diaboli
1475 1647 1562 1682 ipsius
1577 1652 1649 1674 esset
1665 1652 1772 1674 antrum

990 1697 1040 1719 aut
1058 1693 1159 1727 aspidis
1178 1692 1319 1727 spelunca,
1340 1698 1388 1720 aut
1406 1693 1531 1720 draconis
1544 1693 1687 1720 latibulum
1710 1700 1718 1719 :
1735 1693 1770 1719 ita

991 1743 1018 1764 ut
1035 1738 1140 1765 limacis
1154 1739 1263 1765 domum
1278 1738 1422 1773 bajulantis
1447 1746 1520 1765 more
1537 1739 1610 1765 intus
1634 1738 1668 1765 ad
1691 1745 1773 1764 omne

991 1784 1137 1817 adluereat,
1153 1784 1175 1811 si
1192 1784 1332 1812 humorem
1352 1784 1413 1812 vita:
1437 1784 1484 1811 ille
1506 1783 1647 1816 hauserit;
1665 1790 1770 1818 marga-

989 1828 1048 1855 ritae
1063 1836 1126 1855 vero
1142 1836 1226 1861 more,
1240 1829 1263 1856 si
1278 1829 1380 1856 arctius
1390 1834 1416 1855 et
1431 1829 1464 1855 ad
1480 1828 1610 1863 fulgorem
1629 1828 1682 1855 late
1693 1835 1770 1862 spar-

988 1873 1103 1908 gendum
1120 1873 1268 1908 dispositus
1282 1873 1318 1901 ibi
1333 1873 1498 1900 includatur.

1024 1961 1068 1988 16.
1089 1960 1117 1988 Si
1128 1968 1196 1988 vero
1210 1961 1235 1988 in
1256 1961 1450 1989 venerabilium
1466 1961 1608 1989 domorum
1624 1960 1700 1987 atriis
1715 1965 1770 1987 sta-

989 2007 1085 2034 tuenda
1101 2006 1280 2037 sitcolutnna,
1291 2014 1344 2032 non
1360 2006 1500 2040 apparebit
1513 2006 1633 2038 dissona,
1649 2006 1696 2032 sed
1713 2013 1770 2032 ma-

988 2052 1060 2080 xime
1074 2059 1202 2084 consona,
1212 2056 1239 2079 et
1254 2051 1375 2079 omnium
1392 2051 1522 2078 virtutum
1536 2051 1686 2078 divinarum
1700 2051 1770 2078 dicc-

987 2105 1047 2126 mns
1061 2097 1179 2131 sociam;
1196 2102 1223 2125 et
1239 2097 1308 2124 bene
1322 2097 1366 2124 illa
1382 2097 1584 2124 tabernaculum
1601 2096 1680 2125 unico
1698 2101 1770 2124 tecto

986 2143 1139 2171 consistens
1153 2143 1334 2178 reputabitur,
1348 2143 1495 2170 secundum
1510 2150 1591 2177 super
1605 2142 1690 2177 ipsam
1707 2150 1770 2169 vero

989 2194 1087 2217 tectum
1104 2189 1203 2217 caelum
1222 2187 1328 2215 dicetur
1352 2189 1501 2220 excelsum,
1528 2189 1560 2214 ad
1585 2188 1656 2222 quod
1680 2193 1768 2214 ascela

155 2223 266 2275 λεχθέὶη
279 2240 315 2267 ἂν
328 2241 342 2266 6
357 2223 429 2275 ὑπὲρ
441 2223 528 2266 πάντα
545 2241 641 2276 ὄροφον
653 2223 784 2273 οὶρανὸςί
795 2223 835 2272 είς
848 2223 877 2266 6v

994 2235 1172 2263 ascensionem
1187 2234 1251 2261 facit
1266 2233 1300 2261 de
1312 2234 1395 2269 gloria
1408 2233 1435 2260 in
1451 2234 1565 2267 gloriam
1579 2233 1726 2265 transiens,
1742 2233 1771 2259 in

154 2285 250 2312 τεῦθον
262 2286 277 2312 6
291 2284 413 2320 ἀσκητὴς
427 2284 580 2316 ἀναϐαίνει,
595 2285 648 2311 ἀπὸ
672 2285 751 2318 δόξης
765 2284 935 2319 μεταϐαίνων

154 2331 196 2362 εις
209 2321 298 2363 δόξαν,
318 2330 361 2365 ἐφ’
374 2331 404 2357 ὃν
426 2331 474 2357 καὶ
487 2331 502 2357 6
525 2330 622 2365 Κύριος
639 2329 771 2365 ὑψοῠσθαι
791 2330 932 2365 ψαλλιται,

154 2373 186 2403 οὗ
199 2376 262 2408 δόξα
278 2377 325 2402 ἐπὶ
348 2377 438 2403 πᾶσαν
449 2375 498 2411 τὴν
518 2376 581 2410 γῆν.
600 2375 655 2402 Καὶ
675 2375 810 2410 μακάριος
824 2376 838 2402 6
850 2375 938 2401 τοιού-

153 2430 218 2454 τους
233 2422 324 2452 οίκους
337 2421 484 2456 ὶπιζητιῖλν,
501 2421 548 2448 καὶ
572 2422 609 2456 μὴ
625 2421 689 2452 τοὺς
706 2421 780 2448 κάτω
799 2422 846 2448 καὶ
862 2421 937 2447 πεδι-

154 2467 228 2499 νοὺς,
243 2466 334 2501 οἱπερ,
351 2467 406 2499 ὅσῳ
420 2466 455 2493 ἂν
467 2466 624 2501 ὲπςιρθῶσιν
640 2465 797 2501 ὑψούμενοι,
814 2467 842 2498 ἐς
856 2467 935 2493 τόσον

155 2511 185 2538 τὸ
198 2512 228 2537 ὲν
242 2512 308 2546 ἡμῖν
321 2511 461 2546 ἐλέγχουσι
479 2511 617 2538 ταπεινόν.
639 2511 695 2538 ’Λεὶ
707 2511 761 2545 γὰρ
780 2511 935 2546 ὑπερκορυ-

156 2557 268 2591 φοῦνται
279 2558 369 2591 ἡμῶν·
383 2559 432 2584 καὶ
446 2557 521 2583 ἐστιν
542 2558 641 2589 εἰπεῖν,
654 2557 691 2588 ὡς
710 2557 843 2589 ἀνάϐασις
861 2558 934 2584 πᾶσα

155 2602 301 2636 οἰκοδομῆς
315 2602 500 2636 ὑπερήφανος,
516 2603 564 2628 καὶ
589 2601 723 2637 ὀρόφωσις
739 2602 754 2637 ὴ
771 2603 802 2628 ὲκ
814 2602 869 2629 τῶν
883 2602 935 2637 τῆς

155 2648 219 2682 γῆς,
236 2647 313 2674 οὺδὶν
335 2647 424 2682 ἀλλ’ἢ
446 2647 600 2682 καθείρξεις
626 2647 775 2682 τεχνῶνται
798 2655 874 2679 τινας
890 2649 936 2675 καὶ

156 2690 212 2719 οἷον
227 2692 440 2727 ὲνταιριασμοὺς,
467 2692 554 2724 ἄλλως
582 2693 831 2728 ἐπονομαζομένους
850 2693 936 2729 εὐφη-

159 2738 273 2771 μότερον
298 2739 337 2768 είς
363 2737 455 2769 οίκους
472 2737 519 2765 καὶ
535 2738 689 2773 προδόμους
706 2738 752 2771 καὶ
765 2738 863 2773 δίμους
889 2739 936 2770 καὶ

160 2782 268 2816 μέγαρα
283 2783 327 2808 καὶ
340 2782 467 2817 τοιαύτην
485 2783 674 2817 πολυωνυμίαν
693 2784 849 2818 περίεργον
869 2784 887 2810 ἃ
901 2784 933 2818 δή

159 2836 200 2859 τις
226 2827 314 2857 πάντα
338 2827 466 2861 συνελὼν,
485 2827 684 2863 εὐστοιώτερον
701 2829 810 2862 ζώντων
832 2829 934 2862 τάφους

577 2954 596 2972 ο

988 2289 1042 2317 quo
1057 2280 1170 2308 exaltari
1188 2280 1258 2307 Deus
1274 2279 1406 2313 psallitur,
1426 2279 1504 2312 cuius
1520 2279 1603 2313 gloria
1615 2286 1697 2313 super
1710 2286 1770 2306 om-

988 2334 1049 2354 nem
1070 2330 1181 2352 terram.
1198 2324 1229 2351 Et
1244 2324 1337 2351 beatus
1353 2324 1397 2358 qni
1413 2323 1479 2351 tales
1491 2325 1587 2350 domos
1600 2323 1707 2357 qmerit,
1721 2331 1770 2351 nec

991 2370 1134 2398 inferiores
1149 2374 1174 2397 et
1191 2375 1346 2402 terrestres,
1362 2377 1422 2403 quae
1444 2374 1546 2403 quanto
1561 2368 1643 2396 altius
1659 2369 1769 2396 elevan-

991 2421 1035 2443 tur
1049 2421 1124 2443 tanto
1142 2415 1323 2443 humilitatem
1349 2422 1470 2443 nostram
1492 2415 1577 2450 magis
1595 2416 1769 2449 exprobrant.

991 2461 1105 2496 Semper
1127 2460 1198 2488 enim
1220 2468 1301 2495 supra
1323 2469 1372 2487 nos
1385 2461 1544 2492 ascendunt,
1558 2465 1585 2488 et
1599 2461 1689 2488 dicere
1705 2460 1770 2487 licet

990 2508 1060 2541 quod
1074 2507 1099 2533 in
1116 2506 1200 2532 altum
1215 2505 1381 2533 constructio
1397 2506 1487 2533 omnis
1504 2506 1691 2533 atdilicatiouis
1709 2513 1767 2532 nta-

989 2553 1084 2589 guilica
1105 2552 1294 2587 fastiginmqne
1322 2552 1420 2586 ubique
1443 2557 1575 2580 terrarum
1604 2551 1670 2579 nihil
1696 2552 1771 2578 aliud

988 2604 1052 2627 sunt
1063 2605 1142 2633 quam
1162 2605 1286 2625 carceres
1300 2603 1327 2624 et
1341 2597 1496 2632 sepulturae,
1513 2598 1661 2625 lenioribus
1676 2596 1769 2630 appel-

990 2644 1050 2671 latae
1067 2643 1220 2671 nominibus
1232 2647 1260 2670 ut
1276 2643 1440 2677 porticuum,
1456 2643 1614 2677 palatiorum
1628 2648 1655 2669 et
1669 2642 1770 2669 fastno~

989 2689 1028 2717 sis
1040 2688 1194 2721 vocabulis;
1206 2697 1265 2724 qua:
1279 2690 1369 2716 omnia
1383 2689 1564 2724 complectens
1582 2688 1677 2714 melius
1692 2687 1768 2714 vivo-

991 2744 1050 2763 rum
1069 2736 1185 2763 tnmulos
1199 2735 1301 2763 vocarit
1326 2735 1424 2770 aliquis
1439 2735 1583 2762 secundam
1600 2732 1768 2766 Scripturam

988 2782 1123 2809 dicentem
1139 2789 1146 2808 :
1164 2781 1265 2808 Domus
1277 2788 1371 2808 eorum
1385 2780 1526 2815 sepulchra
1541 2785 1634 2805 eorum
1647 2786 1654 2810 ;
1672 2783 1721 2803 nec
1741 2777 1768 2803 in

987 2832 1167 2862 perpetuum.
1193 2826 1239 2854 sed
1264 2834 1314 2862 pro
1334 2831 1454 2861 tempore
1476 2830 1505 2852 ut
1522 2823 1667 2859 plurimum
1693 2822 1769 2850 brevi
