1960 3074
145 192 197 225 ξιιι

724 197 775 227 ΑΙ)
794 198 904 228 8ΤΥΙ.Ῑ
912 197 985 228 IAM
1000 197 1200 234 QUEMDAM.

1723 198 1776 230 242

146 252 295 278 ὁδευόντων
309 251 403 278 πολλοὶ
417 251 467 287 μὲν
481 253 504 279 οἱ
526 253 623 288 τρόποι
638 253 686 281 τοῦ
709 254 767 290 βίου
781 256 829 282 καὶ
842 256 870 283 αῑ
885 257 934 291 τῆς

993 261 1012 284 ιι
1043 257 1152 284 virtutis
1178 256 1289 284 semitas
1315 255 1513 284 ambulantiqu
1539 257 1640 284 multos
1664 257 1774 292 quidem

121 292 123 300 ¹
147 299 261 333 πορείας
277 299 366 333 τρίδοι
391 300 574 335 πολυσχιδείς,
591 301 605 326 ὁ
629 299 658 326 δὲ
675 301 746 327 κατὰ
775 310 784 326 ι
806 301 902 328 στύλον
923 311 932 328 ι

149 345 205 379 βίος
242 345 371 371 ἁπάντων
403 345 523 381 πέφηνεν
554 347 764 381 ὲκφανὲστατος.
793 348 859 383 Διχῆ
882 347 937 382 γὰρ

147 391 316 425 δνῃρημένης
329 392 377 426 τῆς
391 391 462 418 κατὰ
483 391 549 418 Θεὸν
566 392 650 427 ζωῆς,
666 393 705 425 εἷς
719 402 749 419 τε
763 393 812 429 τὴν
833 393 936 420 ἁπλου-

149 437 249 472 στέραν
265 437 311 463 καὶ
333 438 388 467 τοίς
411 437 533 465 πλείοσιν
558 438 651 471 ὲθάδα,
672 439 887 474 πολιτικωτέραν
906 448 937 466 τε

150 483 198 509 καὶ
211 483 316 517 κοινὴν,
334 484 372 515 είς
386 492 416 510 τε
432 484 482 520 τὴν
503 485 612 521 ἑτέραν,
628 486 678 522 τὴν
692 486 748 513 εἴτε
763 487 936 522 καινοτόμον,

148 528 204 555 εἴτε
219 529 388 562 ξενίζουσαν,
406 531 461 557 εἴτε
478 531 689 567 ἀπεξενωμένην
701 533 787 559 εἰπεῖν
804 532 903 568 χρεὼν,
920 534 936 568 ὴ

150 575 200 609 μὲν
215 575 311 610 πρώτη
322 575 352 602 οὐ
365 576 433 603 πολὺ
446 576 557 604 πλουτεῖ
575 578 606 604 τὺ
619 579 742 606 ποικίλον
761 588 790 605 τε
805 579 850 606 κα)¹
867 579 936 611 ξενί-

147 621 205 655 ζον,
222 623 239 657 ἠ
257 622 285 648 δὲ
296 622 411 657 δευτέρα
426 623 465 655 είς
483 623 567 650 πολλὰ
587 625 732 660 καινότερα
747 625 883 660 ἔσχισται.

187 710 244 746 μη’.
261 710 371 746 Ταύτης
390 712 473 748 μέρος
489 714 539 750 τῆς
565 714 638 749 ζωῆς
657 715 683 741 oi
698 715 742 741 διὰ
757 714 874 750 Χριστὸν
888 714 937 751 τὴν

148 761 322 794 αὐτοσοφίαν.
339 761 386 787 καὶ
400 758 430 787 οὗ
446 760 495 795 τῆς
512 761 646 792 συνέσεως
659 761 708 788 οὐκ
719 761 794 787 ἔστιν
807 761 935 796 ἀριθμὸς,

149 805 374 841 ἀπαρνησαμενοι
390 805 439 841 τὴν
459 806 530 832 κατὰ
547 805 604 841 βίον
619 806 751 833 δοκοῦσαν
773 807 869 841 σοφίαν
891 807 937 833 καὶ

149 853 295 887 φρόνησιν·
312 851 414 887 ταύτης
436 861 445 878 ι
464 852 489 878 ot
513 852 655 886 γυμνῖται,
675 861 684 878 ι
705 852 730 878 oi.
744 853 782 887 τῷ
796 853 938 888 ἱματισμῷ

148 898 197 924 καὶ
219 897 382 932 περιεργίαν
404 897 494 923 πᾶσαν
522 897 810 933 συναπεκδυσάμενοι·
835 899 937 934 ταύτης

152 953 162 969 ‹
179 944 204 970 οί
217 944 270 970 τῶν
285 943 387 978 τριχῶν
410 943 615 978 ἀνεπίστροφοι,
631 952 640 969 ι
666 944 707 970 δτι
731 944 777 970 καὶ
800 944 851 979 τῆς
866 944 938 971 κατὰ

149 991 253 1024 κόσμον
273 989 384 1024 ἀπάτης
405 988 599 1024 περιττότητος
614 989 661 1016 καὶ
680 989 829 1024 ἁδρότητος
841 997 847 1004 '
872 989 938 1016 ταύ-

147 1045 199 1070 της
223 1036 248 1062 οἱ
268 1045 277 1060 ι
300 1035 466 1070 χαμαιεῦναι
484 1031 495 1060 ι’
521 1035 568 1062 καὶ
600 1044 609 1060 ι
639 1035 830 1068 ἀνιπτόποδες,
857 1046 866 1062 ι
892 1035 939 1068 οὓς

148 1082 258 1117 εὐφυῶς
276 1081 409 1114 ἀνέπτυξέ
436 1090 479 1112 τις
492 1081 546 1107 τῶν
573 1081 748 1116 σοφωτέρων,
772 1081 861 1117 χαμαὶ
889 1081 939 1116 μὲν

148 1127 348 1162 εὐναζομένους
362 1126 457 1158 εἰπὼν,
471 1127 671 1162 ἁνιπταμένους
685 1127 712 1154 δὲ
725 1128 765 1159 είς
777 1128 810 1154 τὰ
824 1127 938 1162 ὕψιστον

147 1173 251 1208 ταύτης
267 1173 292 1198 ot
311 1181 319 1198 ι
343 1172 486 1207 ρυπῶντες
503 1180 513 1197 t
528 1172 574 1198 καὶ
597 1171 793 1206 ἐντεθαμμένοι
812 1173 845 1206 τῇ
858 1171 942 1206 πηλο-

149 1220 228 1255 ποιϊα
256 1218 355 1253 ταύτῃ,
382 1217 425 1244 ἶνα
452 1217 497 1244 τὸν
526 1217 639 1251 πήλινον
664 1215 869 1248 ἀποπλύναντες
894 1218 941 1243 ἁν-

149 1265 277 1301 δριάντα,
293 1264 411 1298 καθαροὶ
423 1263 472 1297 τὴν
489 1263 603 1298 καρδίαν
623 1262 778 1296 γένωνται·
797 1263 899 1297 ταύτης
916 1263 940 1289 oi

151 1320 163 1337 Ι
183 1311 313 1345 σιγῶντες
333 1319 342 1335 ι
360 1309 432 1344 ἢδιὰ
450 1309 519 1343 βίον,
535 1308 550 1344 ἢ
567 1308 612 1342 ἐφ’
623 1309 684 1335 ὅσον
702 1308 734 1334 ἂν
747 1308 835 1339 ἄλλως
849 1308 941 1343 δοκοίη

149 1358 253 1389 αὐτοῖς,
269 1355 418 1391 κάντεῦθεν
434 1355 551 1388 ἀοίδιμοι
571 1354 658 1386 ὄντες,
679 1354 726 1380 καὶ
742 1354 822 1388 σιγῆς
839 1353 941 1389 ταύτης

147 1404 180 1430 τὸ
195 1403 232 1439 μὴ
248 1402 387 1437 σιγᾶσθαι,
398 1401 468 1428 ἀλλὰ
484 1401 518 1427 δι’
543 1400 690 1434 ἐγκωμίων
707 1399 839 1434 φέρεσθαι
860 1399 943 1426 ἀλλα-

150 1449 280 1484 ξάμενον
296 1447 400 1482 ταύτης
421 1447 445 1473 oi
464 1456 475 1472 ι
491 1446 671 1481 σπηλαιῶται,
690 1455 700 1472 ι
718 1445 741 1471 οἳ
757 1445 787 1471 τὸ
800 1444 868 1480 βαθὺ
893 1444 942 1479 τῆς

149 1496 222 1522 κατὰ
243 1494 353 1530 πνεῦμα
382 1493 499 1528 θεωρίας
524 1492 563 1528 τῷ
593 1492 642 1527 βίῳ
666 1491 754 1526 τούτῳ
770 1490 943 1524 καθυποφαί-

149 1550 240 1569 νουσι·
266 1540 368 1575 ταύτης
390 1549 400 1566 ι
420 1539 445 1566 οἱ
466 1538 657 1574 σιδηρούμενοι
672 1538 719 1564 τοῦ
735 1537 800 1564 Θεοῦ
823 1538 847 1563 οἰ
864 1536 941 1563 ὁπλῖ-

150 1595 212 1614 ται’
233 1596 243 1613 ι
261 1586 363 1621 ταύτης
383 1595 392 1611 ι
411 1585 437 1611 οἱ
462 1584 608 1619 δενδρίται,
628 1593 638 1610 ι
664 1585 688 1610 oi
715 1583 761 1610 τοῦ
787 1583 866 1615 ξύλου
892 1583 942 1617 τῆς
956 1597 978 1628 c

152 1634 225 1667 ζωῆς
239 1632 403 1667 ἀκρέμονες,
425 1631 450 1657 oi
466 1630 609 1661 ἀνθοῦντες
627 1630 655 1656 ὲν
676 1630 798 1664 ἀρεταῖς,
814 1629 838 1655 οἱ
863 1629 943 1655 καλοὶ

151 1679 255 1714 καρποὶ
270 1678 317 1705 τοῦ
334 1678 488 1712 πνεύματος
501 1685 508 1692 ·
525 1676 626 1711 ταύτης
636 1676 660 1702 oi
676 1685 686 1702 ι
703 1677 845 1709 moving)
863 1676 887 1702 οἱ
898 1675 944 1702 τὸν

153 1725 216 1753 καθ’
233 1725 308 1760 ἡμᾶς
326 1723 381 1758 βίον
396 1723 551 1757 ἀνέχοντες,
567 1722 613 1748 καὶ
629 1721 711 1757 λῆρον
731 1721 858 1756 ἀφιέντες
873 1719 943 1748 εἶναι

154 1771 200 1796 τὸν
230 1771 270 1800 είς
296 1769 409 1804 οὐρανὸν
433 1768 542 1794 ἀνιόντα
557 1767 672 1802 χάλκεον
697 1767 774 1793 κίονα
801 1768 847 1793 καὶ
879 1767 943 1799 τοὺς

152 1815 333 1846 ἁτλαντικούς
347 1823 353 1829 ·
375 1814 478 1848 ταύτης
502 1813 560 1848 (ἵνα
576 1813 640 1844 τοὺς
655 1813 765 1845 λοιποὺς
780 1813 894 1848 ἀφῶμεν
909 1813 943 1840 τὰ

153 1861 260 1889 ἑαυτῶν
273 1859 490 1895 διαπράττεσθαι
516 1859 587 1886 κατὰ
602 1859 651 1893 τὴν
672 1859 765 1886 θεόθεν
785 1859 941 1895 ἐπίπνοιαν)

153 1908 202 1934 καὶ
221 1908 246 1934 οἱ
264 1916 273 1933 ι
293 1908 321 1933 ὲν
337 1906 455 1941 ἀσκήσει
471 1905 650 1940 τεθαμμένοι.
666 1914 675 1931 ι

190 1953 245 1988 μθ’.
261 1952 370 1980 Τούτων
390 1952 419 1978 δὲ
442 1950 519 1982 αὖθις
535 1951 665 1987 τριπλοῦς
680 1952 694 1977 ό
712 1951 812 1986 τρόπος
823 1958 830 1966 ’
854 1952 879 1978 οἱ
893 1951 945 1986 μὲν

151 2000 207 2034 γὰρ
222 1998 494 2034 ἐγκαταχωννύουςιν
510 1998 550 2029 είς
565 1999 618 2032 γῆν
632 1997 710 2029 ὅλους
726 1997 849 2029 ἑαυτοὺς,
863 1997 942 2032 ὲγγί-

152 2044 246 2077 ζοντες
266 2044 339 2071 οὕτω
356 2044 396 2079 τῷ
415 2045 464 2078 τῆς
480 2043 567 2079 ταφῆς
579 2043 692 2078 ὀνόματι
710 2043 761 2079 (μὴ
779 2044 832 2078 γὰρ
845 2045 858 2070 ὁ
876 2043 943 2070 ὑπό-

151 2099 222 2125 γεως
242 2090 272 2117 οὗ
287 2090 387 2125 μικροῦ
401 2090 535 2116 τέθαπται
545 2090 565 2124 ;)
577 2098 583 2104 '
601 2090 627 2116 οί
649 2089 677 2116 δὲ
692 2090 744 2125 γῆν
761 2089 810 2124 μὲν
824 2089 942 2116 πατοῦν-

150 2146 207 2168 τες,
225 2136 387 2172 βραχυτάτῳ
399 2136 426 2162 δὲ
440 2136 614 2171 καταλύματι
629 2136 799 2171 ἑνείρξαντες
815 2135 941 2170 ἑαυτοὺς,

151 2184 354 2218 ὕπεμφαίνουσι
367 2182 404 2217 τῷ
415 2183 540 2218 ἅπροῖτῳ
553 2182 689 2216 τεθάφθαι
704 2181 751 2209 καὶ
767 2181 855 2209 αὐτοί.
872 2182 940 2217 Τρί-

151 2237 197 2259 τος
210 2228 239 2255 δὲ
254 2228 341 2261 τάφος
359 2228 373 2254 ὁ
388 2228 524 2262 μετέωρος
548 2225 623 2260 οὗτος
634 2237 641 2244 ·
659 2229 706 2255 καὶ
723 2229 736 2255 ὁ
759 2229 787 2254 ὲν
804 2228 880 2262 αὐτῷ
894 2236 939 2254 τε-

991 303 1052 329 vita:
1077 303 1171 329 modos
1195 309 1255 330 esse
1277 306 1303 329 et
1321 303 1442 331 tramites
1475 303 1648 331 multifariam
1679 303 1774 335 dividi,

989 348 1052 375 dum
1083 347 1232 376 secundum
1256 348 1408 376 columnam
1433 349 1487 378 vita
1518 349 1638 376 omnium
1671 349 1774 377 eminet

989 393 1185 421 illustrissima.
1204 393 1233 420 In
1249 395 1313 422 duas
1333 396 1404 422 enim
1420 400 1510 429 partes
1523 394 1610 422 divisa
1626 394 1775 422 secundum

988 439 1074 466 Deum
1097 441 1163 472 vita,
1180 440 1207 466 in
1231 447 1290 467 eam
1316 448 1374 475 qua:
1391 440 1541 475 simplicior
1566 441 1703 476 plerisque
1731 444 1775 468 est

989 491 1129 519 consueta,
1141 487 1224 520 magis
1236 486 1359 513 civilibus
1369 487 1572 514 accommodata
1586 492 1610 513 et
1623 487 1776 514 communis

989 535 1015 558 et
1027 531 1053 558 in
1067 531 1178 558 alteram
1195 539 1254 566 quae
1264 532 1321 559 sive
1332 532 1462 560 innovans
1477 537 1518 560 est
1530 533 1586 559 sive
1602 540 1655 566 pra:
1667 533 1776 560 insollto

988 577 1168 611 stupefaciens
1184 582 1210 604 et
1223 585 1303 612 quam
1315 578 1391 611 plane
1406 578 1566 613 singularem
1577 578 1688 609 dixeris,
1703 577 1777 611 prior

989 622 1098 657 quidem
1115 630 1166 650 non
1186 624 1318 650 varietate
1332 629 1361 651 et
1375 623 1563 657 singularitate
1579 623 1708 655 abundat,
1726 630 1778 656 po-

988 669 1090 696 sterior
1105 676 1168 696 vero
1186 669 1363 696 multifariam
1380 669 1521 696 dividitur.

1024 713 1068 741 48.
1078 713 1164 750 Hujus
1172 715 1230 742 vitae
1238 716 1348 749 parsqui
1359 720 1466 750 propter
1474 715 1610 742 Christum
1618 714 1663 750 qui
1671 715 1778 749 sapien-

990 759 1025 786 tia
1044 759 1101 794 ipsa
1120 765 1162 788 cst
1176 765 1204 788 ct
1222 761 1301 796 cujus
1317 760 1471 796 prudentia:
1494 768 1549 787 non
1567 765 1609 788 est
1631 767 1774 792 numerus,

989 805 1150 840 sapientiam
1171 806 1296 840 rcjiciunt
1318 813 1377 840 qua
1391 805 1538 833 secundum
1560 805 1687 832 saeculum
1712 812 1774 832 esse

989 850 1096 878 videtur
1113 855 1140 878 et
1155 850 1370 886 intelligentiam,
1392 851 1480 886 hujus,
1497 851 1542 885 qui
1557 851 1619 878 nudi
1632 870 1640 883 ,
1655 858 1716 877 cum
1732 857 1778 877 ve-

989 897 1118 924 stimento
1133 905 1241 924 onmem
1258 897 1467 925 sollicitudinem
1487 897 1665 932 ahjecerunt;
1687 895 1778 930 hujus,

991 943 1038 977 qui
1063 943 1179 970 crinium
1196 951 1288 970 curam
1311 951 1363 971 non
1391 943 1502 975 habent,
1528 943 1590 978 quia
1606 942 1780 969 abundantia:

990 991 1016 1015 ct
1042 988 1164 1016 mollitiei
1189 989 1338 1016 secundum
1359 989 1488 1015 mundum
1518 988 1583 1015 illud
1613 992 1672 1020 est;
1697 987 1780 1022 hujus

990 1035 1061 1066 vita),
1085 1035 1130 1070 qui
1145 1035 1204 1062 solo
1232 1035 1373 1069 recubant,
1396 1035 1442 1070 qui
1459 1035 1557 1062 balneo
1579 1043 1632 1062 non
1656 1039 1779 1067 utuntur,

989 1087 1105 1115 quorum
1138 1081 1240 1115 optime
1266 1081 1386 1107 animum
1421 1081 1548 1108 revelavit
1569 1088 1586 1108 ο
1609 1079 1780 1115 sapientibus

990 1127 1101 1162 quidam
1132 1127 1226 1154 diccns
1255 1127 1327 1162 quod
1357 1127 1432 1154 humi
1456 1127 1564 1162 quidem
1594 1127 1712 1157 cubent,
1745 1125 1780 1152 ad

991 1173 1122 1200 altissima
1137 1181 1200 1200 vero
1217 1174 1316 1202 volent.
1336 1172 1424 1207 ilujus
1444 1173 1505 1201 vita;
1519 1173 1565 1207 qui
1581 1172 1682 1201 sordidi
1704 1177 1778 1205 sunt,

991 1219 1048 1246 luto
1077 1220 1127 1246 hoc
1153 1221 1253 1254 aspersi
1280 1224 1309 1247 ut
1335 1219 1434 1246 luteam
1458 1219 1570 1254 ﬁguram
1602 1218 1779 1250 mundantes,

992 1264 1084 1291 mundi
1103 1264 1184 1291 corde
1196 1264 1271 1291 ﬂant.
1289 1263 1383 1298 llujus,
1401 1264 1446 1299 qui
1462 1264 1542 1291 silent
1557 1268 1604 1290 aut
1617 1271 1664 1297 per
1680 1263 1778 1296 vitam,

994 1314 1040 1337 aut
1060 1317 1106 1345 per
1121 1316 1251 1344 quantum
1265 1310 1317 1338 illis
1339 1310 1424 1338 visum
1435 1314 1487 1342 est,
1507 1314 1533 1337 et
1545 1310 1642 1337 exinde
1658 1309 1781 1344 insignes

992 1363 1047 1383 non
1058 1355 1165 1383 silentio
1180 1363 1240 1383 sese
1252 1356 1464 1389 praetereundos,
1474 1355 1522 1382 sed
1533 1355 1656 1382 laudibus
1665 1354 1782 1382 eil‘eren-

993 1393 1042 1428 d‘os
1060 1406 1220 1434 autumant;
1237 1409 1317 1436 porro
1339 1401 1425 1436 quiin
1447 1401 1572 1428 cavernis
1581 1400 1714 1432 habitant,
1732 1399 1782 1434 qui

996 1448 1230 1483 contemplationis
1245 1448 1392 1475 secundum
1407 1447 1532 1482 spiritum
1555 1447 1658 1474 viscera
1674 1445 1701 1474 in
1727 1446 1782 1474 vita

995 1494 1046 1521 ista
1065 1494 1228 1527 ostendunt;
1246 1492 1339 1520 l'errati
1354 1493 1402 1520 Dei
1417 1493 1534 1526 milites;
1550 1492 1640 1527 hujus,
1654 1492 1699 1528 qui
1715 1493 1782 1519 arbo

995 1549 1053 1568 rum
1070 1548 1144 1568 more
1161 1541 1266 1573 vivunt,
1285 1541 1331 1575 qui
1357 1540 1418 1568 vitae
1433 1540 1497 1575 ligni
1515 1539 1686 1567 summitates
1701 1544 1780 1572 sunt;

994 1585 1040 1620 qui
1062 1586 1206 1613 virtutibus
1222 1585 1402 1618 eillorescunt,
1413 1585 1518 1620 pulchri
1534 1585 1646 1620 spiritus
1660 1584 1783 1618 fructus;

996 1632 1094 1660 deinde
1109 1632 1281 1660 colunmares
1300 1633 1346 1666 qui
1363 1632 1446 1659 vitam
1462 1632 1611 1659 secundum
1627 1638 1677 1658 nos
1696 1630 1782 1658 susti-

995 1683 1060 1706 nent
1075 1681 1102 1705 et
1123 1678 1307 1706 commentitia
1325 1678 1537 1712 praetermittunt
1559 1684 1661 1704 aeneam
1679 1676 1712 1704 ad
1727 1683 1782 1704 cce-

994 1723 1049 1750 lum
1076 1723 1228 1751 tendentem
1252 1724 1406 1750 columnam
1431 1728 1459 1750 et
1484 1723 1628 1750 atlanticas
1654 1727 1781 1755 statuas;

995 1769 1075 1804 hujus
1104 1769 1166 1796 vita:
1193 1768 1234 1803 (ut
1260 1769 1380 1803 reliquos
1409 1769 1652 1803 praetermittamus
1671 1768 1782 1803 propria

993 1815 1105 1849 exsequi
1117 1815 1268 1843 secundum
1288 1815 1496 1850 inspirationem
1516 1822 1531 1842 a
1545 1815 1623 1849 Deo),
1644 1819 1671 1842 ct
1690 1815 1736 1850 qui
1754 1815 1782 1842 in

994 1862 1037 1897 pia
1053 1862 1247 1890 exercitatione
1265 1861 1365 1897 sepulti
1379 1867 1456 1888 sunt.

1028 1952 1072 1980 ιο.
1094 1951 1195 1979 llorum
1211 1959 1292 1986 porro
1304 1951 1399 1986 triplex
1409 1959 1495 1987 genus
1508 1952 1611 1980 :aliise
1624 1957 1695 1980 totos
1709 1957 1784 1981 terra

993 1999 1125 2031 obruunt,
1139 1998 1252 2032 propius
1266 1998 1306 2026 sic
1319 1997 1353 2025 ad
1366 1998 1512 2032 sepulturae
1526 1998 1782 2027 denominatiouem

992 2045 1153 2072 accedentes
1170 2045 1271 2079 (nonne
1283 2045 1478 2072 subterraneus
1498 2045 1558 2073 fere
1571 2045 1694 2079 sepultus
1708 2045 1783 2080 est);

991 2090 1035 2118 isti
1044 2090 1091 2125 qui
1100 2090 1126 2117 in
1138 2095 1208 2118 terra
1223 2090 1374 2123 ambulant,
1384 2090 1538 2118 arctissima
1551 2098 1616 2118 vero
1629 2094 1656 2118 in
1667 2090 1735 2118 cella
1751 2098 1781 2118 se

992 2136 1144 2168 includunt.
1153 2136 1280 2171 sepelitos
1291 2141 1318 2163 et
1328 2136 1433 2170 seipsos
1447 2136 1565 2164 inclusos
1575 2143 1635 2164 esse
1649 2137 1781 2164 indicant.

993 2182 1115 2210 Tertium
1131 2190 1193 2210 vero
1217 2183 1370 2218 sepulcrum
1387 2184 1495 2210 excelsa
1523 2183 1568 2210 illa
1585 2183 1712 2210 columna
1727 2191 1735 2209 :
1753 2187 1782 2208 et

991 2228 1037 2262 qui
1047 2229 1074 2255 iu
1088 2235 1119 2255 ea
1128 2228 1273 2255 collocatus
1285 2233 1312 2255 et
1322 2229 1455 2263 sepultus,
1469 2228 1568 2256 virtute
1579 2229 1697 2263 reliquos
1709 2228 1783 2255 viros

151 2271 289 2306 θειμένος,
316 2272 370 2297 είτε
403 2273 449 2298 καὶ
476 2272 658 2307 τεθαμμένος,
684 2273 737 2300 τῶν
760 2273 862 2300 λοιπῶν
890 2273 938 2308 τῆς

995 2275 1088 2308 ι’ἱιιοίι,
1102 2275 1156 2302 alte
1165 2282 1194 2302 se
1204 2274 1314 2309 insuper
1325 2274 1367 2301 illa
1383 2275 1530 2306 cullocans,
1541 2274 1635 2309 sicque
1653 2274 1781 2301 omnibus

151 2318 253 2353 ἀρετῆς
270 2318 376 2352 ἀνδρῶν
398 2318 606 2354 ὑπερφαίνεται,
635 2320 829 2355 ἀναστηλώσας
845 2320 942 2347 ἑαυτὸν

151 2365 191 2394 εἰς
218 2363 367 2398 πρόοπτον,
397 2364 444 2390 καὶ
476 2364 538 2395 δοὺς
558 2363 645 2395 οὕτως
667 2364 770 2391 ἅπασιν
794 2367 835 2396 είς
861 2365 942 2392 αὐτὸν

151 2409 327 2443 ἀναϐλέπειν,
344 2411 380 2441 ὡς
397 2411 452 2441 τοῖς
470 2410 599 2438 ἁπάντων
614 2409 764 2446 ὀφθαλμοῖς
779 2412 940 2447 ἐμπίπτειν,

151 2457 201 2484 καὶ
215 2457 318 2492 μηδένα
334 2458 515 2492 κρύπτεσθαι,
534 2458 685 2486 κάντεῦθεν
701 2460 842 2494 ἐμφαίνων
859 2460 942 2494 φανό-

150 2511 233 2534 τατος
247 2500 317 2530 εἶναι
335 2505 381 2529 καὶ
397 2503 461 2535 θέας
477 2504 561 2536 ἄξιος,
587 2505 618 2531 οὐ
644 2504 698 2540 μὴν
719 2505 938 2539 ἐγκαλύπτεσθαι

150 2548 200 2574 καὶ
229 2548 339 2583 ἀφανῶς
363 2549 446 2584 ἔχειν,
476 2549 544 2584 μηδὲ
568 2549 664 2584 λύχνος
679 2546 751 2575 εἶναι
778 2549 830 2575 ὑπὸ
856 2549 940 2584 μοδίῳ

991 2321 1109 2354 seipsum
1120 2320 1301 2354 conspicuum
1310 2319 1445 2354 prmbens,
1456 2319 1492 2346 ita
1501 2323 1532 2346 ut
1542 2320 1679 2347 neminem
1698 2319 1783 2347 lateat

991 2371 1019 2394 et
1031 2365 1131 2393 exinde
1140 2373 1274 2401 apparens
1283 2365 1486 2393 illustrissimus
1495 2371 1522 2393 et
1533 2366 1593 2393 visu
1607 2366 1715 2400 dignus,
1725 2373 1781 2393 non

990 2420 1056 2440 sane
1063 2413 1107 2447 qui
1117 2412 1298 2439 abscondatur
1305 2412 1362 2439 etin
1374 2412 1492 2440 tenebris
1501 2412 1548 2443 sit,
1557 2419 1607 2440 nec
1615 2413 1660 2447 qui
1669 2411 1780 2439 lucerna

990 2460 1025 2486 sit
1034 2457 1181 2486 submodio
1192 2458 1363 2490 abscondita,
1376 2457 1438 2484 licet
1448 2457 1500 2484 alio
1511 2457 1590 2484 modo
1601 2457 1682 2484 modii
1696 2458 1781 2485 instar

989 2503 1114 2530 columna
1132 2503 1176 2529 illa
1200 2508 1317 2530 ascctam
1339 2502 1504 2530 abscondere
1521 2503 1612 2536 vellet,
1631 2503 1703 2538 quod
1724 2509 1780 2530 noa

995 2552 1094 2583 potest,
1107 2547 1230 2575 claritate
1246 2547 1430 2575 translucente
1442 2553 1468 2575 et
1483 2548 1617 2576 inclusum
1629 2550 1778 2576 revelante.

150 2592 354 2627 κεκρυμμένος,
372 2593 423 2619 κᾶν
438 2593 538 2627 τρόπον
562 2593 642 2619 ἄλλον
663 2593 743 2619 ὁποῖα
766 2592 812 2619 καί
829 2601 870 2624 τις
892 2593 983 2628 μόδιος
1013 2593 1028 2618 ὁ
1066 2602 1075 2618 ι
1096 2592 1192 2624 στύλος
1210 2602 1219 2618 ι
1254 2589 1332 2626 οὗτος
1360 2594 1492 2628 κρύπτειν
1513 2595 1593 2631 ἐθέλῃ
1616 2596 1662 2622 τὸν
1688 2596 1778 2627 ἀσκη-

149 2637 210 2672 τὴν,
236 2638 260 2664 εί
277 2638 324 2665 καὶ
349 2638 388 2673 μὴ
401 2637 526 2672 δύναται,
545 2637 760 2672 διεκπιπτούσης
783 2638 832 2672 τῆς
852 2638 1002 2673 φανότητος
1018 2639 1064 2665 καὶ
1081 2639 1311 2673 καταμηνυούσης
1325 2639 1354 2666 τὸ
1373 2640 1588 2676 καλυπτόμενον.

185 2682 217 2710 ν’.
241 2683 270 2709 '0
287 2683 378 2710 τοίνυν
403 2684 523 2716 τοιοῦτος
548 2684 690 2719 ἄνθρωπος
709 2684 822 2716 εἰκότως
839 2684 872 2711 ἂν
897 2693 942 2718 φι-

148 2729 296 2765 λονεικοίη,
326 2730 381 2756 τῶν
411 2730 498 2757 ἄλλων
529 2729 631 2762 μείζων
661 2730 756 2766 ὥσπερ
785 2730 942 2764 φαίνεσθαι,

150 2773 224 2801 οὕτω
237 2776 284 2801 καὶ
302 2772 384 2808 εἶναι,
407 2777 456 2802 καὶ
471 2776 500 2802 ού
517 2775 571 2802 τῶν
595 2775 696 2802 ὲθάδων
715 2776 761 2802 καὶ
779 2776 942 2811 κοινοτέρων

150 2821 200 2846 καὶ
215 2820 356 2853 πλειόνων,
378 2821 402 2847 οἱ
416 2821 466 2857 τὴν
484 2821 534 2856 τῆς
555 2821 657 2856 ἀρετῆς
672 2822 809 2857 λεωφόρον
830 2822 941 2857 τρίϐου-

151 2874 205 2896 σιν,
220 2865 288 2892 ἀλλὰ
315 2867 362 2892 xui.
383 2867 474 2901 αὐτῶν
497 2867 614 2899 πάντων,
632 2867 689 2893 ὅσοι
714 2869 770 2898 τοῖς
790 2868 941 2903 ἐπιτυγχάε

151 2920 227 2938 νου-,τι
253 2911 355 2939 σπανία
380 2912 580 2947 προσϐάλλουσι
608 2913 666 2946 θέα,
699 2914 745 2940 καὶ
777 2913 938 2949 παράδοξος,

1027 2684 1070 2712 50.
1092 2685 1185 2720 Itaque
1219 2686 1279 2712 talis
1307 2687 1386 2713 homo
1407 2687 1592 2715 verisimilitcr
1619 2689 1773 2720 contendet.

991 2731 1063 2759 sicut
1077 2732 1182 2759 ueteris
1205 2732 1300 2759 melior
1314 2740 1375 2760 esse
1390 2737 1514 2768 apparet,
1535 2734 1571 2761 ita
1590 2741 1652 2762 esse
1666 2739 1694 2762 ct
1719 2743 1774 2763 non

990 2783 1183 2805 consuetorum
1213 2784 1240 2806 et
1270 2779 1464 2815 plerorumque
1490 2781 1535 2815 qui
1566 2781 1674 2808 virtutis
1702 2782 1775 2809 viam

992 2828 1095 2857 terunt,
1110 2825 1156 2851 sed
1181 2829 1208 2852 ct
1223 2826 1342 2853 ninnium
1366 2827 1413 2860 qui
1431 2827 1518 2853 obviis
1541 2833 1631 2852 rarum
1658 2826 1778 2856 oﬂ‘crum

991 2871 1177 2904 spectaculum
1193 2875 1249 2897 tum
1265 2871 1416 2905 insolitum,
1438 2875 1506 2901 tum.
1522 2875 1551 2896 ut
1565 2877 1647 2904 supra
1675 2872 1776 2901 dictum

995 2919 1057 2949 est,
1087 2917 1236 2952 singulare.
1263 2917 1330 2944 Nam
1359 2925 1412 2945 non
1438 2916 1549 2945 omnino
1577 2918 1688 2950 negabit
1717 2927 1778 2947 csso
