1960 3074
243 179 295 211 247

579 206 583 208 ν
613 179 822 209 EUSTATHII
843 177 1219 210 THESSALONICENSIS
1236 179 1518 210 METROPOLITE

1812 179 1869 211 2l8

244 237 307 270 ista,
322 236 421 264 divinis
436 234 518 264 radiis
536 235 660 264 subtillus
676 241 703 263 et
726 236 847 263 exactius
869 235 1024 262 illustratur.

1083 245 1130 270 νης
1147 245 1219 268 τινος
1238 237 1310 272 αὐτῷ
1324 237 1537 272 προσϐάλλοντα,
1557 237 1581 263 εί
1595 237 1642 264 καὶ
1657 236 1738 264 ἄλλον
1755 237 1867 271 τρόπον,

244 285 290 307 aut
314 281 391 315 quasi
418 280 558 315 spirituale
583 284 667 314 petra:
691 279 813 306 foramen
840 284 947 313 nactus,
974 287 1027 306 non

244 328 331 355 solum
347 328 394 355 Dei
412 328 576 363 posteriora.
595 328 642 354 sed
660 332 688 354 et
705 327 772 354 facie
796 328 830 354 ad
855 326 948 354 faciem
965 335 1026 355 eum

244 375 375 401 intuetur.
390 374 422 400 Et
438 373 464 400 hi
478 373 584 407 quidem
601 378 781 407 opportunum
794 373 894 400 ducunt
907 374 1028 400 viventes

242 421 339 453 videri;
351 420 395 447 ille
403 426 469 446 vero
476 426 506 446 se
515 419 668 452 abscondit,
675 419 751 453 quasi
763 423 844 446 testes
853 418 1026 451 erubescenﬁ

242 470 317 493 totus
332 464 480 493 mansionis
497 465 523 491 in
543 465 702 492 abscondito
722 472 834 499 compos
855 464 952 495 factus.
971 463 1027 491 dis-

239 514 401 546 positionem
429 513 561 541 columnm
587 518 690 548 partem
717 512 848 540 visibilem
874 512 1025 545 obnubilat,

240 559 350 586 humilis
367 558 490 588 eﬂ‘eclus.
507 559 577 593 quod
598 559 642 586 hic
659 559 851 593 consepelitur.

274 691 319 718 56.
341 690 368 718 Si
386 699 450 718 vero
468 691 532 718 mihi
548 692 635 720 noctis
651 692 737 726 frigus
752 693 778 718 in
799 691 857 719 istis
872 696 898 718 et
912 692 963 719 diei
975 692 1025 718 Oll-

235 737 296 770 jieit
323 737 459 769 ardorem,
477 738 628 765 consideret
658 737 852 765 mansiuuculze
876 738 1024 773 angustias,

238 785 408 808 contractum
425 789 450 807 et
464 787 606 816 angustum
623 790 670 814 os;
687 787 714 809 et.
726 782 794 809 facta
811 782 1026 817 comparatione,

238 835 272 854 ne
296 827 394 862 stylita:
412 827 486 862 justo
503 827 660 855 inferiorem
681 828 816 862 nimisque
835 827 962 855 humilem
980 833 1024 854 at-

238 873 339 899 tribuat
356 874 535 900 conditionem
556 873 830 908 reputans..Rcliquo
853 874 1022 901 terrestrium

237 917 343 944 incluso
356 923 529 952 comparatus
545 918 676 945 columnze
689 918 729 944 vir
747 918 820 952 large
836 923 922 945 semet
948 918 1021 945 exal—
1039 910 1061 937 Β

237 961 305 987 tavit
318 980 325 991 ,
358 962 586 995 quemadmodum
605 961 760 994 diversorii,
779 963 818 990 sic
833 968 859 990 et
877 963 940 990 vita:
968 963 1022 990 elc-

237 1006 356 1034 vatione.
371 1006 436 1033 Nam
452 1007 497 1041 qui
516 1006 599 1040 infra,
610 1015 671 1035 cum
689 1013 787 1035 terram
810 1008 1022 1036 inhabitantibus

236 1055 264 1079 et
280 1059 334 1086 prae
356 1052 489 1086 manibus,
503 1058 532 1080 ut
553 1053 590 1080 ita
615 1054 711 1085 dicam.
728 1055 927 1083 consolationes
943 1055 1023 1082 habet

236 1097 344 1131 quando
362 1097 387 1123 in
404 1097 563 1133 cujusquam
577 1098 752 1134 indigentiam
763 1101 867 1132 incidit,
882 1105 908 1128 et
924 1101 1023 1128 huma-

236 1142 298 1170 nior
322 1147 381 1175 est;
398 1143 488 1178 stylita
503 1152 569 1172 vero
596 1146 687 1180 procul
712 1147 744 1173 ab
772 1147 924 1175 hominibus
939 1147 979 1180 ﬁt,
996 1151 1023 1174 et

236 1187 314 1215 tarde
329 1187 402 1223 quod
413 1189 538 1224 qumsivit
553 1191 585 1216 ad
601 1198 661 1218 eum
677 1193 809 1218 ascendit.

271 1278 317 1306 57.
337 1278 388 1306 Sed
411 1279 468 1306 haec
488 1279 632 1307 hactenus.
651 1280 724 1308 Ultra
745 1289 810 1308 vero
836 1282 1024 1316 progredietur

236 1325 387 1360 aliquis,,et
414 1326 529 1360 amplius
546 1327 579 1353 ad
599 1327 702 1363 singula
722 1336 751 1355 se
767 1329 849 1355 dabit.
864 1329 892 1356 Si
915 1328 980 1356 vero
996 1334 1024 1356 et

235 1372 351 1399 voluerit
364 1372 396 1398 de
407 1372 620 1400 accidentalibus
637 1378 661 1400 et
679 1375 760 1400 certis
774 1375 854 1401 rebus
868 1375 950 1401 vitatu
967 1380 1023 1410 sty-

236 1417 337 1444 liticam
357 1417 495 1450 extollere,
511 1422 537 1445 et
559 1425 640 1452 supra
663 1419 729 1446 alias
754 1426 847 1446 onmcs
869 1420 1023 1447 nece55ario

236 1462 383 1490 exaltatum
410 1464 563 1495 ostendere,
583 1464 655 1492 dicet
681 1465 752 1498 quod
770 1465 1018 1499 cuivis.secnudum

237 1510 364 1537 virtutem
390 1509 494 1538 viventi
517 1510 666 1544 praesertim
692 1511 789 1546 stylitae
807 1516 944 1538 certamen
962 1518 1022 1539 cum

238 1555 328 1589 pravis
350 1555 543 1590 cupiditatibus
558 1556 654 1584 durum
679 1562 730 1584 est.
744 1557 812 1585 Nam
829 1558 873 1591 qui
894 1558 987 1592 procul
1006 1566 1020 1585 a

238 1607 310 1628 terra
335 1601 363 1629 in
388 1601 450 1629 altis
473 1601 606 1634 habitant,
622 1603 751 1630 accedere
776 1609 913 1637 nequeunt
938 1604 969 1630 ad
994 1611 1025 1630 ea

238 1648 335 1683 quibus
347 1648 515 1676 delectentur
529 1649 636 1681 quando
652 1651 768 1677 maxime
783 1650 886 1678 volunt.
902 1650 1026 1684 Magnam

237 1702 303 1721 κει-ο
329 1694 398 1722 tollit
424 1695 488 1722 illud
515 1695 627 1722 vilitatis
661 1699 777 1730 partem,
807 1703 864 1723 nec-
887 1695 1027 1728 cupidita—

239 1745 297 1767 tum
311 1741 413 1775 janu's,
429 1741 564 1773 sensibus,
581 1741 687 1768 licentia
707 1745 826 1769 remanet
842 1742 923 1769 nimis
944 1747 1028 1768 teme-

240 1786 321 1814 rariis
351 1786 492 1814 desideriis
519 1787 625 1814 facilius
655 1787 780 1822 expandi.
808 1786 863 1815 Nec
895 1795 1028 1815 enervans

240 1838 288 1858 tos
312 1831 360 1864 qui
385 1831 411 1858 in
444 1832 600 1859 carnalibus
631 1832 737 1860 deliciis
771 1832 864 1859 vivunt
896 1832 1027 1864 luxuries,

239 1878 350 1904 adeum
372 1877 416 1912 qui
442 1877 468 1904 in
494 1878 556 1904 altis
580 1878 683 1905 habitat
712 1878 850 1912 pervertit;
878 1886 928 1906 nec
954 1878 1026 1905 aliud

238 1923 292 1951 vile
325 1924 459 1958 juveniles
495 1924 596 1951 auditui
633 1930 756 1958 procreat
790 1924 921 1957 allectus,
956 1927 1026 1959 quod

239 1972 342 2004 absque
370 1975 467 1998 conatu
496 1971 523 1997 in
550 1971 636 2005 ipsum
663 1970 817 2006 irrumpere
848 1970 945 1999 valeat.
972 1971 1027 1999 Nec

239 2019 369 2044 odoratus
401 2016 535 2044 illecebrae
567 2017 673 2044 trahere
701 2025 763 2044 eutn
795 2017 909 2044 faciliter
937 2017 1028 2044 valent

240 2063 350 2090 fortuito
376 2062 523 2090 incidentes
545 2066 571 2089 et
587 2071 633 2096 per
643 2070 731 2095 nares,
742 2067 771 2090 ut
791 2063 876 2095 aiunt,
892 2068 1024 2096 attractte,

240 2109 266 2133 in
279 2115 358 2142 quem
378 2115 428 2134 nec
440 2107 540 2140 reliqua
555 2114 682 2134 sensuum
700 2107 881 2135 illectamenta
895 2108 1027 2135 insidian-

240 2160 282 2179 ter
293 2152 448 2187 pmvalent,
466 2153 510 2186 qui
525 2152 648 2179 altiorem
663 2153 804 2180 constituit
817 2153 925 2180 dommn
943 2161 1026 2189 seque

240 2199 274 2224 ab
288 2197 407 2224 inferiori
419 2197 619 2232 perturbatione
634 2203 765 2229 removet,
777 2204 804 2225 et
817 2199 1025 2227 oblectamentis

1080 283 1118 314 ὡς
1134 284 1186 309 ἀπο
1199 283 1329 322 διόπτρας
1345 283 1457 319 ταύτης,
1471 285 1532 315 ταῖς
1548 283 1636 314 θείαις
1649 283 1806 319 ὲντρανίζει
1817 284 1868 309 ἀκ-

1079 331 1133 356 τῖσι
1150 329 1315 365 λεπτότερόν
1331 338 1360 356 τε
1376 331 1423 357 καὶ
1435 330 1643 365 ἀκριϐέστερον,
1662 329 1736 365 ἢκαὶ
1751 330 1789 360 ὡς
1804 337 1867 363 νοη-

1080 374 1129 410 τὴν
1144 375 1247 410 ταύτην
1264 375 1334 410 ὀπὴν
1348 375 1451 411 πέτρας
1462 375 1628 410 ἐξευρηκὼς,
1645 374 1675 401 οὔ
1695 375 1775 409 μόνον
1797 383 1867 408 φαν-

1079 420 1190 452 τάζεται
1206 420 1274 447 Θεοῦ
1291 421 1325 447 τὰ
1340 420 1462 454 ὀπίσθια,
1479 420 1548 448 ἀλλὰ
1562 421 1609 447 καὶ
1626 421 1771 455 πρότωπον
1798 419 1867 454 πρὸς

1079 466 1225 501 πρόσωπον
1238 467 1318 494 αὑτὸν
1335 466 1450 503 καθορᾷ.
1467 466 1523 493 Καὶ
1537 467 1562 492 οῐ
1576 466 1626 502 μὲν
1639 465 1745 498 ἀξιοῦσι
1770 465 1866 499 (patve-

1080 513 1141 539 σθαι
1157 513 1207 548 ζῇν
1220 521 1228 528 ·
1244 514 1257 540 ὁ
1270 513 1292 539 δ’
1305 513 1518 546 ἐγκαλύπτεται,
1535 513 1573 545 ὡς
1597 509 1652 539 οἷον
1670 512 1865 546 αἰσχυνόμενος

1078 558 1125 585 καὶ
1138 558 1187 594 τὴν
1205 558 1270 585 θέαν
1287 559 1372 593 αὐτήν
1387 567 1394 574 ·
1413 558 1518 593 καὶτῆς
1535 559 1564 584 ὲν
1578 557 1692 593 κρυπτῷ
1707 558 1791 592 μονῆς
1804 557 1866 588 ὅλος

1078 604 1233 638 γινόμενος,
1249 604 1296 631 καὶ
1315 605 1360 630 τὺν
1374 605 1405 631 ὲκ
1417 604 1464 631 τοῦ
1483 614 1492 630 ι
1516 604 1613 630 στύλου
1635 613 1644 629 ι
1676 602 1866 637 φανητιασμδν

1077 651 1205 685 ἀμαυροῖ,
1218 650 1439 685 ταπεινούμενος,
1450 647 1490 681 οἷς
1501 649 1576 684 αὐτῷ
1600 649 1773 675 ἐντέθαπται.

1109 699 1162 727 vc’.
1175 696 1205 722 Εί
1224 696 1251 722 δέ
1270 704 1314 730 μοι
1326 695 1421 727 νυκτὸς
1437 696 1555 728 παγετὸν
1568 696 1596 721 ἐν
1609 695 1722 727 ἐκείνοις
1734 694 1781 720 καὶ
1792 693 1865 728 ἡμέ‹

1076 750 1125 777 ρας
1138 741 1321 777 προῦάλλεταί
1339 750 1381 774 τις
1410 742 1538 768 καύσωνα
1550 761 1557 773 ,
1584 740 1726 767 ἐννοείσθω
1755 740 1784 766 τί
1800 748 1865 766 πνι-

1075 788 1160 822 γηρὸν
1181 787 1232 822 τῆς
1253 787 1370 814 ἐνταῦθα
1397 788 1505 822 στέγης,
1518 787 1565 814 καὶ
1593 787 1622 813 τὺ
1649 785 1866 820 συνεσταλμένον

1075 833 1122 859 καὶ
1149 833 1302 868 σύστομον·
1331 833 1378 859 ml.
1400 833 1598 868 παρεξετάσας,
1627 832 1664 867 μὴ
1685 832 1767 862 πολὺς
1792 830 1864 857 οὕτω

1075 878 1190 912 γινέσθω
1220 878 1397 913 σοφιζόμενος
1419 878 1457 913 τῷ
1484 887 1495 904 ι
1519 877 1626 913 στυλίτῃ
1647 887 1656 903 ι
1692 877 1742 912 τὴν
1770 876 1864 916 ὑποδί-

1074 924 1164 952 6ασιν.
1192 925 1283 959 Λοιπῷ
1306 925 1337 960 δὴ
1366 925 1403 959 τῷ
1435 925 1498 958 περὶ
1516 924 1567 958 γῆν
1597 923 1747 957 ὲγκλεέστῳ
1771 930 1863 956 παρα-

1073 970 1211 1005 τιθέμενος
1225 972 1239 997 ὁ
1251 970 1299 996 τοῦ
1316 979 1325 995 ι
1351 969 1446 996 στόλου
1467 979 1476 994 ι
1494 968 1592 1003 μακρῷ
1613 969 1659 994 καὶ
1678 967 1758 993 αὑτὸν
1776 966 1863 1000 ὕπερ-

1073 1017 1255 1051 αναῦἐόηκεν,
1273 1016 1367 1051 ὥσπερ
1387 1016 1426 1049 τῷ
1439 1015 1485 1041 τοῦ
1501 1013 1691 1048 καταλύμα-τος
1703 1011 1778 1046 ὕψει,
1789 1011 1865 1037 οὕτω

1073 1063 1120 1089 καὶ
1132 1063 1170 1097 τῷ
1190 1063 1238 1097 τῆς
1257 1062 1390 1096 βιώσεως.
1417 1062 1446 1087 '0
1465 1061 1514 1096 μὲν
1529 1060 1583 1095 γὰρ
1606 1059 1681 1085 κάτω
1708 1058 1755 1084 καὶ
1781 1056 1865 1088 αὐτὸς

1073 1108 1143 1135 κατὰ
1157 1108 1220 1139 τοὺς
1236 1108 1265 1134 ὲν
1279 1109 1324 1142 γῇ,
1335 1107 1383 1134 καὶ
1397 1107 1450 1142 πρὸ
1466 1106 1564 1141 χειρῶν
1586 1105 1720 1136 ὼςείπεῖν
1748 1103 1805 1136 ἔχει
1832 1101 1863 1126 τὸ

1073 1153 1272 1186 παρηγόρημα,
1292 1151 1335 1177 ὅτε
1348 1151 1420 1182 τινος
1436 1150 1589 1185 παραπέσοι
1617 1147 1708 1183 χρείᾳ,
1738 1147 1786 1172 καὶ
1815 1145 1864 1170 ἀν-

1074 1197 1282 1232 θρωπικώτερός
1295 1197 1368 1223 ἐστιν
1378 1204 1384 1211 ·
1403 1197 1416 1222 ὁ
1429 1195 1456 1222 δὲ
1473 1205 1482 1222 ι
1499 1194 1624 1229 στυλίτης
1637 1203 1647 1219 ι
1666 1193 1696 1224 ἐξ
1710 1190 1863 1226 ἀνθρώπων

1072 1244 1186 1278 γίνεται,
1204 1243 1252 1269 καὶ
1266 1242 1314 1276 ὀψὲ
1326 1242 1355 1269 τὸ
1371 1241 1487 1277 ζητηθὲν
1511 1240 1653 1275 ἀνέρχεται
1672 1239 1712 1270 είς
1722 1237 1814 1263 αὐτόν.

1110 1291 1158 1323 νίζ’.
1177 1289 1259 1316 Ἀλλὰ
1273 1288 1385 1315 τοιαῦτα
1402 1289 1453 1323 μὲν
1466 1287 1612 1315 καὶταῦτα
1630 1287 1678 1312 καὶ
1699 1285 1746 1310 ἐπὶ
1765 1283 1866 1310 τοσοῦ..

1072 1346 1129 1364 τον.
1149 1335 1373 1371 Προσευπορήσει
1400 1335 1428 1361 δέ
1454 1343 1506 1366 τις,
1532 1335 1580 1361 καὶ
1608 1333 1693 1360 πλείω
1715 1333 1770 1363 τοῖς
1791 1331 1864 1358 κατὰ

1075 1383 1157 1417 μέρος
1172 1380 1305 1411 ἐπιδιδοὺς
1319 1381 1425 1407 ἑαυτόν.
1439 1380 1471 1406 Εἰ
1489 1379 1518 1406 δὲ
1533 1381 1578 1406 καὶ
1594 1379 1735 1414 βουληθείη
1749 1379 1862 1405 ἐπελευ-

1074 1428 1186 1454 στικὼτε
1192 1436 1237 1462 ρον
1252 1427 1299 1454 καὶ
1313 1426 1520 1462 ἀπεριλαλήτως
1532 1426 1601 1452 κατὰ
1615 1426 1714 1456 παντὺς
1728 1425 1783 1460 βίον
1796 1425 1861 1456 ἐξᾶ-

1076 1482 1122 1509 ραι
1145 1473 1191 1499 τὺν
1208 1482 1217 1498 ι
1235 1472 1398 1505 στυλιτικόν,
1419 1482 1428 1498 ι
1447 1472 1534 1501 ἐκεῖνο
1561 1472 1626 1506 φαίη
1656 1471 1697 1503 ἂν,
1714 1471 1751 1502 ὡς
1780 1472 1864 1498 παντὶ

1075 1518 1173 1553 pawn];
1184 1518 1245 1544 κατ’
1260 1517 1362 1552 ἀρετὴν
1379 1517 1481 1552 βιοῦντι
1495 1516 1613 1552 δύσεργα
1623 1517 1658 1543 τὰ
1675 1517 1732 1544 τῶν
1744 1516 1858 1551 σφοδροο

1075 1564 1162 1598 τέρων
1177 1562 1340 1597 ἐπιθυμιῶν,
1351 1564 1406 1594 τοῖς
1415 1562 1443 1588 δὲ
1451 1561 1582 1592 τοιούτοις
1597 1562 1643 1587 καὶ
1658 1561 1787 1596 μάλιστα.
1799 1561 1859 1595 Τῆς

1080 1612 1130 1645 γῆς
1142 1618 1171 1637 τε
1185 1610 1239 1645 γὰρ
1264 1609 1457 1645 ἁνῳκισμένοι,
1477 1609 1527 1636 οὐκ
1542 1609 1633 1643 ἔχουσι
1662 1608 1787 1640 πελάζειν
1806 1609 1861 1640 τοῖς

1080 1656 1231 1689 οέλγουσιν,
1244 1656 1287 1682 ὅτε
1300 1655 1347 1682 καὶ
1359 1655 1476 1681 θέλουσι.
1494 1654 1579 1680 Τοῦτο
1593 1654 1621 1680 δὲ
1639 1653 1704 1680 πολύ
1728 1663 1755 1680 τι
1779 1653 1862 1688 μέρος

1079 1702 1220 1737 περιαιρεῖ
1233 1701 1282 1735 τῆς
1299 1700 1476 1735 φαυλότητος,
1494 1699 1541 1726 καὶ
1554 1700 1614 1726 οὐδὲ
1627 1702 1686 1735 ταῖς
1698 1700 1751 1726 τῶν
1766 1699 1865 1725 παθῶν

1080 1749 1188 1783 θύραις,
1218 1749 1278 1778 ταῖς
1301 1746 1469 1782 αἰσθήσεσιν,
1499 1745 1575 1772 ἄδεια
1596 1746 1775 1780 περιγίνεται,
1802 1746 1862 1776 ταῖς

1080 1793 1262 1829 θρασυτέραις
1277 1790 1437 1826 ὲπῖθυμίαις
1452 1792 1516 1827 ῥᾷον
1532 1791 1777 1817 ἀναπετάννυσθαι.
1792 1790 1861 1816 Οὔτε

1079 1840 1133 1875 γὰρ
1148 1840 1164 1874 ἡ
1183 1838 1349 1866 κατακλὼσα
1364 1839 1427 1869 τοὺς
1443 1838 1477 1864 τὰ
1492 1839 1567 1864 κάτω
1592 1837 1752 1871 τρυφῶντας
1774 1836 1861 1871 aptis.

1078 1886 1137 1913 λεια
1146 1885 1313 1912 καθικνεῖται
1330 1884 1377 1910 τοῦ
1388 1883 1474 1915 οὕτως
1490 1883 1604 1918 ὑψηλοῦ,
1624 1884 1664 1909 ὅτι
1683 1883 1750 1918 μηδὲ
1768 1883 1862 1918 ῥᾴδιον

1078 1932 1117 1962 είς
1134 1931 1215 1957 αὑτὸν
1227 1930 1399 1964 ἀφικνεῖταν
1414 1928 1475 1955 οὔτε
1485 1938 1511 1955 τι
1534 1929 1636 1963 φαῦλον
1663 1929 1755 1963 ἕτερον
1778 1928 1863 1955 ἄκου-

1079 1986 1135 2011 σμα
1154 1975 1334 2007 νεανιεύεται,
1359 1974 1466 2006 ἀπόνως
1490 1975 1656 2010 ἀναδραμεῖν
1686 1974 1746 2001 κατ’
1766 1975 1862 2002 αὐτοῦ.

1077 2023 1132 2050 Καὶ
1147 2022 1206 2048 οὐδὲ
1217 2021 1251 2048 τὰ
1265 2021 1316 2056 τῆς
1325 2021 1484 2056 ὀσφρήσεως
1495 2020 1628 2054 ἐπαγωγὰ
1656 2020 1798 2055 περιάγειν
1813 2012 1867 2047 ab:

1077 2069 1121 2095 τὸν
1131 2067 1260 2102 εὐμαρῶς
1272 2066 1400 2101 ὲξισχύει,
1415 2066 1587 2100 ἐμπίπτοντα
1599 2066 1670 2092 κατὰ
1684 2066 1715 2092 τὸ
1740 2066 1862 2100 αὑτόμαυ

1077 2122 1132 2144 τον,
1147 2114 1194 2139 καὶ
1207 2113 1261 2140 ἀπὸ
1277 2113 1370 2148 ῥινῶν.
1389 2113 1402 2138 ὃ
1415 2120 1508 2145 φασιν,
1525 2112 1641 2139 ἕλκοντα
1652 2120 1658 2127 ·
1678 2112 1738 2138 οὐδὲ
1752 2112 1806 2147 μὴν
1826 2114 1862 2139 τὰ

1076 2159 1157 2186 λοιπὰ
1173 2159 1290 2193 ments
1311 2159 1462 2189 ἐπιϐούλως
1473 2158 1545 2185 οὓτω
1559 2159 1795 2194 κατευμεγεοοῦσι
1810 2160 1860 2187 τοῦ

1076 2206 1260 2235 ἀνοικίσαντος
1272 2204 1377 2236 ἑαυτὸν,
1392 2206 1437 2232 καὶ
1448 2206 1496 2239 τῆς
1507 2205 1583 2233 κάτω
1592 2206 1748 2241 συγχύσεως
1763 2207 1861 2242 ἀφορί-

242 2243 369 2275 removit,
382 2250 431 2269 nec
449 2242 567 2276 amplius
583 2242 616 2269 de
632 2247 702 2268 terra
719 2245 840 2276 est(nam
856 2251 935 2277 supra
949 2249 1000 2271 stat
1015 2245 1024 2280 )

1080 2259 1186 2281 σαντος,
1204 2250 1250 2276 καὶ
1266 2250 1318 2276 τῶν
1329 2250 1506 2276 ἀπολαυστῶν
1519 2252 1734 2286 ἀποστήσαντος,
1755 2253 1801 2279 καὶ
1814 2253 1861 2279 οὐ-

241 2297 292 2317 nec
303 2289 336 2316 de
346 2290 490 2322 aere(nam
501 2288 601 2315 densus
609 2287 673 2322 est),
685 2295 776 2322 parutn
790 2296 852 2315 vero
868 2293 970 2316 naturtc
984 2297 1025 2317 est

241 2335 377 2370 particeps
391 2340 417 2361 et
433 2334 459 2362 in
474 2338 605 2368 quantum
619 2333 671 2359 vita
688 2334 834 2361 secundum
849 2341 957 2362 carnem
979 2336 1024 2364 (lat

241 2387 333 2408 sancta
348 2382 441 2416 piatio.
458 2381 510 2408 Sed
524 2389 605 2408 verus
626 2381 733 2415 quidem
757 2382 848 2416 stylila
872 2383 1024 2411 venerabile

242 2429 305 2462 quid
330 2429 421 2463 utique
446 2427 531 2456 oculis
557 2428 655 2455 nostris
677 2427 788 2461 praebet.
811 2427 852 2454 Sit
875 2429 957 2456 etiam
977 2430 1024 2457 alii

241 2476 303 2502 vita:
318 2482 333 2501 a
351 2475 505 2508 vulgaribus
523 2475 643 2502 moribus
660 2474 790 2508 elongatae
809 2475 1022 2507 communicatis.

241 2522 298 2548 sive
313 2521 357 2548 uni
374 2521 492 2553 cuidam,
509 2521 543 2547 ita
556 2525 584 2548 ut.
597 2520 741 2556 dupliciter
755 2521 894 2556 pulchrum
910 2521 954 2554 sit,
968 2521 1025 2549 sive

241 2568 361 2602 pluribus
378 2568 438 2594 vita
454 2567 614 2600 rationibus,
632 2566 772 2601 pulchrum
787 2567 826 2594 sic
839 2568 893 2594 erit
907 2575 922 2594 e
935 2568 1024 2594 multis

241 2613 518 2646 compositum,tuuc
553 2613 682 2639 virtutum
716 2613 801 2640 series
832 2617 858 2639 et
892 2614 1024 2640 bonorum

241 2657 577 2694 operom,etrep05itarmn
586 2665 675 2685 rerum
685 2658 890 2690 eoacervatio,et
897 2663 920 2685 tn
926 2667 1023 2693 nquam

243 2706 269 2733 in
281 2705 402 2732 iuacesso
417 2703 555 2739 thesauro,
566 2704 591 2730 in
604 2702 726 2731 colunina
742 2704 850 2739 inquam
862 2706 953 2732 statio.

277 2749 322 2777 58.
335 2750 404 2777 Ecce
419 2757 483 2782 ergo
499 2750 566 2783 ipse,
577 2757 593 2776 ο
608 2749 733 2777 sublimis
751 2749 840 2784 homo,
855 2751 936 2777 habes
949 2759 1026 2778 novas

241 2797 303 2824 vita:
316 2796 443 2830 speciem,
455 2800 482 2822 et
498 2795 597 2823 ferrum
606 2796 677 2823 circa
688 2801 712 2822 te
724 2795 848 2823 idoneum
862 2797 1024 2829 venerabile.

243 2842 378 2878 propn'am
394 2849 500 2876 semper
507 2843 598 2872 oneris
613 2847 734 2870 naturam
750 2842 812 2870 fert.
829 2843 940 2870 Penitus
952 2844 1024 2871 enim

243 2895 358 2917 ascetam
370 2894 465 2925 gravat
480 2894 506 2918 et
522 2899 537 2918 ιι
553 2890 682 2926 patientia
701 2890 728 2918 in
757 2890 894 2919 laboribus
907 2890 1025 2920 ferendis

1076 2296 1135 2322 κέτι
1151 2294 1212 2321 οὔτε
1225 2295 1276 2329 τῆς
1292 2294 1343 2329 γῆς
1360 2294 1437 2326 ὁντος
1454 2295 1624 2331 (ὑπέρκειται
1638 2296 1713 2331 γὰρ),
1729 2296 1789 2322 οὔτε
1812 2297 1862 2323 τοῦ

1075 2341 1153 2374 ἀέρος
1162 2340 1357 2374 (ἓστεγάνωται
1372 2340 1447 2375 γὰρ),
1456 2341 1552 2376 μικρὸν
1561 2341 1589 2366 δέ
1602 2349 1627 2366 τι
1643 2342 1802 2376 μετέχοντος
1810 2342 1861 2376 τῆς

1076 2386 1192 2421 φύσεως,
1201 2387 1247 2412 καὶ
1256 2386 1295 2416 είς
1303 2386 1364 2412 ὅσον
1372 2386 1402 2412 τὸ
1410 2386 1480 2412 κατὰ
1490 2387 1576 2421 σάρκα
1587 2388 1636 2422 ζῇν
1646 2387 1864 2421 ἀφοσιώσασθαι.

1082 2432 1151 2459 Ἀλλ’
1159 2431 1230 2458 οὕτω
1241 2431 1288 2466 μὲν
1296 2432 1309 2457 ὁ
1321 2432 1435 2466 ἀληθὴς(
1443 2431 1578 2464 στυλίτης,
1586 2441 1595 2457 ι
1605 2434 1702 2467 σεμνόν
1709 2441 1734 2459 τι
1745 2435 1865 2468 πρᾶγμα

1075 2478 1232 2513 καταμόνας
1245 2478 1441 2513 Θεωρούμενος.
1455 2478 1483 2504 El
1495 2478 1526 2514 ρὲ
1541 2479 1587 2505 καὶ
1605 2479 1697 2513 ἐτέρου
1711 2479 1862 2515 ἐπιπλοκὴν

1077 2525 1151 2560 σχοίη
1179 2524 1236 2558 βίου
1259 2524 1417 2557 ξενίζοντος,
1431 2524 1485 2550 εἴτε
1501 2526 1546 2550 καὶ
1562 2524 1621 2556 ἑνός
1636 2533 1718 2558 τινος,
1738 2525 1774 2556 ὡς
1790 2523 1863 2555 εἶναι

1075 2570 1186 2597 διπλοῦν
1201 2571 1230 2596 τὸ
1246 2569 1341 2601 καλὸν,
1351 2570 1405 2595 alte
1416 2570 1463 2595 καὶ
1475 2569 1615 2599 πλειόνων,
1624 2570 1704 2596 καλὴν
1718 2571 1766 2606 ἥδη
1782 2571 1862 2598 τοῦτο

1076 2615 1281 2646 πολυσύνοετον,
1299 2615 1345 2640 καὶ
1362 2614 1464 2647 ἀρετῶν
1473 2614 1593 2649 ὁρμαοὸς
1605 2615 1652 2640 καὶ
1665 2614 1774 2648 ἀγαθῶν
1790 2616 1862 2650 πρά-

1076 2661 1154 2694 ξεων,
1170 2662 1215 2687 καὶ
1230 2659 1273 2687 οἵα
1295 2660 1344 2686 καὶ
1360 2659 1491 2695 θημονίας
1510 2661 1580 2690 τινος
1605 2660 1795 2695 ὲπισώρευσις,
1812 2662 1862 2687 καὶ

1075 2709 1113 2738 ὡς
1128 2709 1156 2733 ὲν
1172 2707 1299 2741 ἁποθήκῃ
1315 2706 1417 2740 ἁσὺλῳ,
1434 2705 1474 2740 τῷ
1495 2715 1504 2730 ‹
1529 2706 1626 2740 στόλῳ,
1651 2715 1661 2732 ι
1678 2706 1816 2738 ἀπόθεσις.

1110 2752 1160 2787 νη’.
1193 2753 1259 2779 Ἰδοὺ
1291 2752 1380 2779 τοίνυν
1418 2753 1464 2778 καὶ
1493 2749 1623 2782 αὑτὸς.ὦ
1648 2753 1777 2787 μετάρσιε
1813 2753 1861 2780 ἇν-

1077 2799 1181 2834 Θρωπε,
1197 2796 1278 2824 τοῦτο
1294 2805 1323 2823 τε
1341 2797 1414 2831 ἔχεις
1429 2798 1459 2823 τὸ
1473 2797 1523 2831 τῆς
1539 2798 1701 2832 καινοτέρας
1718 2797 1791 2832 ζωῆς
1825 2796 1863 2824 εί-

1075 2844 1179 2877 δος,καὶ
1193 2843 1300 2878 σίδηρος
1312 2843 1376 2878 περί
1392 2851 1421 2869 σε
1438 2843 1538 2875 ἱκανὸς,
1554 2842 1582 2874 ὃς
1595 2843 1652 2877 ἔχει
1669 2843 1719 2877 μὲν
1735 2843 1802 2868 πολὺ
1830 2843 1862 2870 τὸ

1077 2890 1186 2927 σεμνὸν,
1197 2889 1438 2926 παρυφιστάμενον
1448 2889 1476 2916 δέ
1491 2898 1517 2917 τι
1536 2890 1582 2916 καὶ
1593 2890 1692 2925 φόρτου
1711 2890 1797 2925 φέρει.
1808 2890 1862 2918 Bas
