1960 3074
128 163 185 196 249

708 169 728 198 Α
735 169 757 200 D
777 169 965 200 STYLITAM
985 170 1144 206 QUEMDA
1150 172 1188 202 Μ.

1701 173 1757 205 250

129 223 207 256 ρύνει
225 222 278 258 γὰρ
298 223 404 255 πάντως
418 223 463 250 τδν
481 224 616 259 ἀσκητὴν,
628 224 675 250 καὶ
688 224 738 258 τῆς
767 226 806 255 είς
819 225 848 251 τὸ
867 234 913 260 μο-

973 226 1083 254 tbducit.
1096 227 1171 254 Genu
1184 234 1248 262 ergo
1261 234 1331 262 smpe
1351 227 1458 255 llectere
1475 226 1552 255 facile
1565 227 1602 255 illi
1617 235 1668 255 non
1682 234 1753 256 esset

127 269 206 304 χθεῖν
222 270 361 301 συντονίας
376 271 488 304 ἀπάγει.
509 271 575 297 Γόνυ
609 272 673 305 γοῦν
704 272 803 298 κλίνειν
827 272 912 307 συχνά

127 315 177 340 οὐκ
193 314 225 341 ἂν
239 315 384 350 ἐγγένηται
399 316 437 350 τῷ
451 317 565 352 τοιούτῳ
578 317 676 352 ῥᾳδίως
696 318 767 344 κατὰ
783 318 828 344 τὸν
852 318 913 344 ἀσί-

126 358 218 392 δηρον,
232 359 318 385 Τοῦτο
333 359 423 386 τοίνυν
435 361 493 386 ὄέον
512 369 542 387 σε
556 361 644 393 ἄλλως
658 361 843 397 ἀναπληροῦν,
861 371 910 389 κα-

125 403 270 430 τακλῶντα
285 404 316 432 τὸ
327 405 510 440 ὑπερήφανον,
524 406 570 432 καὶ
581 406 656 432 κάτω
666 406 795 441 βάλλοντα
810 407 840 433 τὸ
849 407 914 442 φρό-

126 460 203 485 νημα
217 451 265 485 τῆς
283 451 394 486 σαρκὸς,
411 452 457 478 καὶ
489 452 539 486 τὴν
565 452 619 478 τῶν
654 453 775 486 γονάτων
798 453 912 480 δκλασιν

126 496 302 528 ἀνασώζοντα
315 498 348 531 τῇ
365 497 539 532 κατακάμψει
552 498 598 524 καὶ
613 498 743 533 συντριϐῇ
770 498 820 532 τῆς
852 498 911 532 ψυ-

963 272 1071 300 inermi.
1087 272 1143 300 lloe
1163 281 1225 308 ergo
1245 279 1350 308 oportet
1376 278 1401 300 te
1428 274 1585 308 adimplere,
1602 276 1753 309 superbiam

964 317 1100 352 frangere,
1117 322 1144 345 et
1169 321 1259 346 carnis
1281 320 1449 353 prudentiam
1467 320 1541 346 humi
1567 319 1711 354 projicere,
1727 325 1754 347 et

965 370 1079 397 genuum
1096 365 1304 398 prostrationem
1322 365 1418 392 animae
1432 365 1546 392 ﬂexione
1555 370 1582 392 et
1595 367 1756 394 contritione

966 409 1084 435 sancire.
1102 408 1129 435 Si
1147 410 1217 436 enim
1236 411 1408 437 exaltatiouis
1423 415 1449 438 et
1469 412 1639 438 ascensionis
1654 413 1756 439 colum-

966 462 999 481 na
1017 458 1068 482 Ista
1087 455 1240 490 symbolum
1260 461 1313 489 est,
1328 462 1399 484 certe
1417 457 1579 485 conditionis
1601 458 1634 485 ad
1658 458 1753 492 Deum,

970 508 1023 527 non
1043 501 1075 528 ad
1092 497 1379 537 aliud,.quameunque
1396 503 1493 531 dixerit
1508 504 1581 531 illam
1599 504 1707 538 aliquis.

127 545 191 578 γῆς.
212 544 242 570 Εί
256 544 310 578 γὰρ
326 544 372 570 καὶ
382 544 555 576 ἀνατάσεως·
569 545 617 572 καὶ
636 545 766 580 ὐῲώσεως
795 546 841 572 καὶ
878 546 1033 579 ἀναϐάσεως
1068 550 1081 575 ὁ
1100 558 1109 574 ι
1134 549 1230 581 στύλος
1246 559 1255 575 ›
1272 545 1348 581 οὗτος
1379 551 1524 586 σύμϐολον,
1546 551 1614 579 ἀλλά
1640 552 1689 586 τῆς
1715 549 1756 578 είς

127 590 196 616 Θεὸν
211 589 329 620 πάντως,
342 589 372 615 οὐ
389 589 559 623 τῆ;.λοιπῆς,
573 591 669 617 ὁποίαν
682 590 715 617 ἂν
741 591 849 625 ἐκείνην
877 592 949 618 εῐποι
966 602 1018 626 τις,

162 636 210 662 νϐ’.
230 635 299 662 Ἀλλ’
312 635 370 670 ἃμα
396 644 405 661 ι
429 636 565 670 σύμϐολον
584 645 594 663 r
613 634 700 669 εἷπον,
717 635 739 663 ὦ
772 638 914 671 παρόντες,

127 681 176 706 καί
191 689 232 711 τις
249 680 327 714 λόγος
352 680 518 716 θεωρητικὸς
540 682 725 717 ἀναπέφηνεν,
739 683 775 714 ὡς
803 680 859 710 οἶόν
888 691 915 710 τι

129 727 254 761 πόρισμα
278 727 309 753 οὺ
337 727 406 754 πάνυ
433 727 532 754 πίπτον
566 729 673 763 μακρὰν
700 728 914 764 γλαφυρότητοξ.

128 773 217 807 Τριχῆ
233 771 287 807 γὰρ
303 772 319 807 ή
335 772 390 798 τῶν
416 773 558 807 συμϐόλων
588 773 689 809 θεωρία
713 775 914 809 διανενέμηται.

127 819 184 845 Καὶ
207 819 231 845 οι
250 819 298 853 μὲν
324 819 415 849 αὐτοῖς
433 819 546 851 ἐκείνοις
562 820 721 854 ἐμμένουσι,
736 821 818 855 μηδέν
828 830 854 847 τι
869 830 916 847 πε-

129 866 247 899 ραιτέρω
261 864 539 900 προϐαίνοντες,μηδ“
560 867 593 893 ἐκ
613 866 663 901 τῆς
689 866 823 902 αίσθητῆς
845 867 917 892 είκό-

1004 640 1048 669 59.
1061 641 1113 669 Sed
1132 643 1212 670 simul
1230 644 1380 679 symbolum
1398 644 1464 675 dixi,
1479 644 1623 672 auditores.
1643 649 1669 671 et
1688 645 1757 671 ratio

968 687 1089 722 quaedam
1103 689 1185 723 logica
1202 690 1227 716 in
1243 695 1360 717 meutcm
1377 691 1461 723 venit,
1479 696 1603 725 tanquam
1617 691 1756 719 ecuelusio

966 733 1000 761 de
1013 741 1080 761 novo
1093 734 1218 767 deducta,
1230 743 1281 763 non
1295 737 1353 764 sine
1364 738 1507 771 elegantia.
1519 737 1676 772 Tripliciter
1685 738 1756 764 enim

967 780 1151 815 symbolorum
1160 782 1270 809 scientia
1281 783 1418 810 dividitur.
1429 784 1474 810 Sic
1484 784 1529 810 alii
1540 785 1646 818 quidem
1658 785 1682 810 in
1693 784 1758 819 ipsis

969 831 1120 858 remanent,
1140 828 1209 855 ultra
1231 836 1284 855 non
1304 829 1519 863 progredientes,
1538 838 1587 856 nec
1605 837 1620 856 c
1637 830 1757 857 sensibili

969 873 1087 908 imagine
1109 874 1134 900 in
1161 875 1307 908 cogitatum
1327 875 1500 910 archetypum
1520 876 1674 907 redeuntes,
1689 876 1758 902 sicut

128 919 173 941 νος
185 911 225 941 εἰς
242 910 272 936 τὸ
283 910 376 945 νοητὸν
385 911 539 945 ἀρχέτυπον
558 912 762 946 ἀνατρέχοντες,
777 913 867 939 ὁποῖον
885 912 915 939 τὸ

973 918 1117 946 iudaaorum
1130 921 1213 951 natio,
1226 921 1272 955 qui
1283 921 1308 948 iu
1319 922 1410 948 umbra
1425 922 1530 954 sedent,
1541 922 1661 948 veritatis
1674 923 1757 948 solem

135 956 279 983 Ἰουδαῖκὸν
297 955 416 989 φῦλον,οἳ
431 958 463 992 τῇ
479 958 543 992 σκιᾷ
556 958 771 992 προσκάθηνται,
787 959 837 985 οὐκ
851 961 917 986 ἁνα-

129 1002 240 1029 ϐλέπειν
259 1003 299 1033 εἰς
312 1002 357 1028 τὸν
372 1004 421 1037 τῆς
436 1003 565 1037 ἀληθείας
587 1003 661 1038 ἣλιον
682 1004 812 1035 θέλοντες.
835 1004 919 1030 Δασύ-

128 1050 209 1080 τοδος
222 1051 276 1085 γὰρ
291 1052 358 1085 φέρε
379 1051 467 1077 είπεῖν
493 1049 645 1084 ἀπέχεσθαι
671 1050 828 1082 κελευσθεὶς
851 1051 918 1077 Ἱου-

127 1096 213 1126 δαῖος,
228 1095 278 1122 οὐκ
291 1095 324 1122 ἂν
339 1095 477 1130 ἀναπτύξῃ
489 1095 519 1121 τὸ
532 1094 577 1121 τοῦ
592 1095 728 1130 συμϐόλου
740 1095 862 1129 ἔλυτρον,
872 1096 918 1122 καὶ

127 1140 175 1167 τὸν
190 1142 220 1167 ἐν
235 1141 309 1176 αύτῷ
324 1141 448 1176 θεωρήσῃ
465 1140 663 1175 φωσφοροῠντα
675 1141 815 1175 μάργαρον
826 1149 834 1158 ·
850 1141 919 1168 ἀλλά

128 1188 228 1219 διώξας
246 1187 369 1222 μακρὰν,
388 1188 435 1214 καὶ
447 1186 559 1220 φεύγειν
582 1186 661 1221 ἀφεὶς
673 1186 720 1220 ἀφ’
746 1186 844 1213 ἑαυτοῦ
875 1187 919 1213 τὸν

128 1235 275 1265 auerti-now,
287 1234 336 1260 οὐκ
349 1233 382 1260 ἂν
392 1233 432 1264 είς
447 1232 528 1259 πλέον
536 1231 584 1258 τοῦ
597 1231 761 1267 γράμματος
771 1232 918 1269 ἀνιχνεὺσῃ

129 1280 223 1312 αὑτὸν,
241 1278 342 1306 οὐδ’ἂν
352 1279 489 1314 ὲπιγνοίη,
513 1277 684 1313 συμϐολικῶς
717 1278 822 1304 ἐκεῖθεν
848 1279 920 1304 διδά-

130 1334 166 1352 σκ
184 1325 257 1358 σθαι,
274 1325 324 1360 τήν
338 1334 366 1352 τε
394 1325 540 1360 ἀδιάφορον
557 1323 686 1358 λαγνείαν
705 1323 824 1358 φεύγειν.
835 1324 852 1358 ἥ
878 1333 919 1356 τις

130 1372 169 1406 τῷ
183 1372 297 1406 τοιούτῳ
312 1371 373 1406 {eo
389 1371 484 1406 βαθεῖα
505 1370 638 1404 ἔγκειται,
663 1372 712 1398 καὶ
726 1371 756 1397 τὸ
784 1371 918 1404 πολυτχιυ

130 1420 188 1450 δὲς,
208 1419 223 1445 ὃ
238 1417 345 1452 μακράν
356 1419 414 1444 ἐστι
427 1418 477 1452 τῆς
493 1417 655 1451 ἁπλότητος,
665 1418 711 1444 καὶ
724 1418 754 1444 τὺ
774 1417 817 1450 ἐφ’
831 1413 871 1447 οἷς
886 1416 915 1442 οὺ

129 1465 220 1499 χρεὼν
236 1463 348 1494 εὐλαϐὲς
358 1463 404 1490 καὶ
421 1463 516 1490 δειλόν.
530 1464 583 1490 Καὶ
594 1463 664 1490 οὕτω
679 1463 730 1498 μέν
743 1463 812 1489 είσιν
826 1462 921 1488 οἱὲπι-

130 1509 276 1543 νηχόμενοι
290 1508 328 1543 τῷ
342 1509 370 1534 ὲν
386 1508 530 1542 συμϐόλοις
547 1507 739 1540 ὲπιπολὰζοντι
753 1515 762 1523 ⁶
792 1507 869 1534 οὐδέν
894 1515 921 1533 τι.

131 1555 216 1581 πλέον
239 1553 465 1589 περιεργάζονται
492 1554 539 1579 καὶ
560 1553 720 1589 βαθύτερον.
741 1553 771 1579 Ol.
786 1553 815 1579 δέ
843 1560 920 1583 τινες

133 1601 278 1635 συμϐόλων
294 1600 343 1635 μὲν
358 1600 456 1634 μικρὸν
472 1599 489 1634 ἢ
500 1600 576 1626 οὐδέν
591 1608 617 1626 τι
633 1599 812 1634 προσδέονται
828 1601 883 1627 τῶν
891 1601 919 1628 ἐν
935 1591 955 1621 C

133 1648 307 1682 γράμμασιν,
323 1645 388 1672 ἀλλ’
405 1645 531 1679 ἀφιέντες
540 1645 584 1672 τὸν
604 1646 669 1680 περὶ
697 1646 767 1672 αὐτὰ
787 1655 919 1682 προφορι-

133 1693 182 1719 κδν
200 1691 313 1718 κώδωνα
324 1692 388 1721 τοὺς
401 1690 581 1725 βουλομένους
595 1693 750 1726 περιηχεῖν,
767 1692 846 1720 αὐτοὶ
870 1693 920 1727 τῆς

133 1736 395 1772 αἰνιγματιζομένης
406 1735 536 1770 ἀληθείας
554 1735 638 1770 μόνης
657 1737 791 1770 γίνονται,
815 1746 921 1772 σωφρο-

135 1782 219 1816 σὺνην
234 1781 299 1814 γοῦν
311 1781 351 1816 (τὸ
365 1781 557 1816 Χριστιανικὺν
569 1780 662 1816 φῦλον)
679 1782 844 1817 ἀσκούμενοι
854 1785 920 1811 ’καὶ

135 1830 175 1859 εἰς
191 1826 293 1861 ἀγαθὸν
309 1827 336 1853 δὲ
349 1826 547 1861 ἀνδριζόμενοι,
579 1828 627 1854 καὶ
653 1827 683 1852 ού
707 1828 920 1862 κατασχίζοντες

135 1875 175 1906 εἰς
194 1872 400 1906 πανουργίαίτδ
414 1872 484 1899 κατά
517 1871 576 1907 βίον
609 1873 783 1907 πορευτικδν,
805 1873 868 1905 τοὺς
893 1875 921 1901 ὲν

135 1922 211 1954 νόμῳ
221 1919 410 1953 κωλυομένους
427 1918 580 1950 δασύποδας
595 1919 674 1945 ἐῶσιν
685 1919 813 1954 ἔρχεσθαι
825 1922 865 1951 είς
875 1921 923 1946 αὐ·

135 1967 210 1998 τοὺς,
222 1967 268 1992 καὶ
278 1965 348 1992 οὕτω
363 1965 408 1991 τὸν
421 1965 468 1991 τοῦ
482 1964 647 1999 συμϐολικοῦ
669 1965 833 1999 γράμματος
856 1966 923 1992 ἀνα-

136 2011 281 2045 λεγόμενοι
296 2010 394 2044 μυελὸν
404 2010 453 2036 οὐκ
466 2009 495 2035 ὲν
510 2010 581 2044 λόγῳ
598 2009 730 2041 τίθενται,
747 2011 810 2036 ὅσον
838 2011 925 2037 ὀστῶ-

137 2059 182 2088 δες
197 2058 242 2083 καὶ
261 2056 410 2092 ἄμϐροτον.
428 2056 482 2081 Καὶ
508 2055 578 2082 οὕτω
596 2056 644 2090 μὲν
665 2056 713 2082 καὶ
739 2053 811 2083 οὗτοι
837 2057 861 2083 οῑ
877 2056 925 2083 τοῦ

969 964 1105 998 inspicere
1119 965 1251 992 nolentes.
1267 966 1286 992 A
1304 965 1395 1000 lepore
1407 966 1520 997 edendo,
1533 965 1646 1000 eXc‘mpli
1661 966 1758 999 gratia,

970 1010 1205 1044 abstinerejussm
1219 1009 1328 1039 Iudaeus
1341 1019 1393 1038 nott
1410 1012 1524 1046 symboli
1541 1011 1627 1038 velum
1643 1012 1760 1038 detrahit

969 1060 996 1082 et
1012 1056 1176 1083 relucentem
1191 1057 1363 1092 margaritam
1378 1058 1403 1083 in
1418 1058 1539 1092 symbolo
1550 1057 1758 1091 contemplatur,

971 1102 1016 1128 sed
1031 1101 1108 1136 longe
1127 1109 1289 1137 persequens
1304 1103 1459 1129 cupiendum
1473 1110 1524 1128 non
1536 1103 1651 1136 amplius
1665 1103 1761 1129 litterae

970 1154 1079 1174 sensum
1098 1147 1216 1182 indagat,
1231 1155 1280 1175 nec
1300 1155 1353 1182 quo
1371 1148 1547 1182 symbolicum
1567 1148 1758 1175 documentum

970 1200 993 1219 at
1003 1192 1095 1226 cipiat,
1112 1193 1174 1220 inde
1192 1193 1372 1226 recognoscit,
1391 1198 1418 1220 et
1433 1193 1626 1220 indiderentetn
1648 1193 1759 1219 lubrici-

972 1242 1052 1266 tatetn
1081 1238 1173 1275 fugere
1193 1247 1251 1274 quin
1279 1240 1304 1266 in
1331 1239 1439 1266 animali
1469 1240 1520 1266 isto
1546 1239 1712 1272 dominatur,
1732 1234 1761 1266 et

972 1285 1025 1311 lissi
1038 1285 1112 1318 pedis
1129 1285 1331 1312 distinctionem
1344 1292 1425 1319 quam
1440 1285 1610 1319 simplicitate
1621 1285 1700 1318 longe
1713 1285 1761 1312 ab-

971 1335 1011 1356 est
1029 1335 1055 1356 et
1069 1337 1120 1364 qua
1134 1338 1185 1357 non
1197 1337 1264 1363 opus
1279 1330 1357 1358 habet
1369 1330 1508 1364 prudentia
1521 1334 1613 1357 sancta
1627 1335 1653 1356 et
1668 1330 1759 1356 timor.

972 1375 1016 1403 Sic
1031 1375 1139 1410 quidem
1163 1380 1340 1409 superuataut
1357 1376 1382 1402 in
1404 1375 1589 1410 symbolorum
1605 1375 1759 1409 superﬁcie,

972 1429 1022 1448 nec
1042 1421 1159 1454 amplius
1175 1421 1238 1455 quid
1261 1425 1287 1448 et
1313 1422 1429 1456 peuitius
1451 1427 1623 1456 perspectum
1652 1425 1759 1456 parant.

972 1466 1069 1493 Parum
1083 1467 1164 1501 aliqui
1174 1467 1214 1493 vel
1229 1467 1339 1494 minime
1350 1467 1463 1503 symboli
1476 1467 1572 1495 littera
1585 1466 1760 1498 student,scd

972 1520 1019 1539 eos
1030 1513 1149 1540 sinentes
1160 1513 1205 1547 qni
1215 1521 1323 1539 sensum
1335 1513 1521 1540 absconditum
1531 1513 1687 1540 clamatoria
1700 1514 1761 1540 tuba

974 1559 1102 1590 mulcent,
1125 1559 1174 1592 ipsi
1204 1559 1230 1585 in
1259 1559 1400 1593 aenigmate
1428 1559 1590 1594 propositam
1623 1559 1760 1585 veritatem

972 1610 1074 1631 tantum
1091 1605 1219 1636 retinent,
1231 1605 1390 1639 sapientiam
1402 1605 1566 1639 (Christiana
1581 1607 1677 1641 tribus)
1687 1614 1763 1633 excr-

971 1656 1082 1684 centes;
1099 1656 1124 1678 et
1142 1651 1174 1678 ad
1190 1651 1258 1677 bona
1279 1656 1389 1678 strenue
1406 1652 1559 1684 exercitati,
1575 1660 1623 1679 nec
1640 1652 1665 1678 in
1686 1652 1764 1680 dolos

972 1704 1003 1723 ac
1019 1696 1128 1723 fraudes
1144 1697 1205 1723 vitae
1224 1697 1393 1724 itinerarium
1418 1697 1581 1729 seindentes,
1611 1698 1764 1732 prohibitos

971 1743 998 1769 in
1022 1743 1080 1777 lege
1100 1742 1204 1776 lepores
1218 1743 1250 1768 ad
1269 1750 1297 1769 se
1312 1743 1402 1770 venire
1415 1743 1515 1775 sinunt,
1542 1748 1569 1770 et
1593 1744 1632 1770 sic
1657 1745 1765 1779 symbo-

971 1788 1028 1814 lictc
1044 1787 1138 1815 littera:
1156 1787 1298 1814 medullam
1313 1788 1467 1822 seligentes,
1484 1796 1535 1815 non
1554 1789 1650 1816 lilterze
1671 1790 1767 1815 immo-=-

972 1838 1064 1861 rantes
1084 1833 1123 1861 rei
1147 1833 1250 1861 viscera
1271 1837 1298 1860 et
1313 1833 1524 1868 perpetuitatem
1545 1834 1687 1868 arripiunt.
1718 1833 1765 1860 Sic

973 1878 1082 1913 quidem
1106 1878 1142 1905 illi
1159 1879 1190 1905 de
1213 1878 1325 1913 symboli
1347 1886 1459 1912 corpore
1481 1886 1563 1912 pauca
1587 1884 1765 1910 assutnentcs,

974 1924 1092 1950 litteram
1107 1929 1278 1951 attenuantes
1290 1929 1318 1951 et
1331 1929 1492 1956 reseeautes,
1506 1925 1641 1951 internum
1655 1932 1764 1951 sensum

980 1968 1116 1996 obtinent.
1146 1968 1195 1994 Alii
1227 1973 1317 1995 autent
1348 1973 1461 2003 utraque
1492 1976 1538 2002 per
1566 1969 1765 1996 observantiam

978 2019 1071 2048 agunt,
1084 2018 1111 2040 et
1135 2013 1285 2048 symbolum
1303 2018 1423 2045 servant,
1439 2018 1466 2041 et
1482 2022 1538 2040 rem
1562 2013 1641 2048 cujus
1658 2015 1767 2050 symbo-

986 2059 1040 2085 lutn
1050 2063 1102 2086 est.

138 2104 242 2138 ’πάχους
257 2103 306 2137 μὲν
320 2102 376 2129 τῶν
393 2101 534 2136 συμϐόλων
558 2101 635 2135 ὀλίγα
652 2102 890 2137 ἐπιστρεφόμενοι,
909 2103 1137 2139 λεπτοτομοῦντες
1153 2105 1181 2131 δὲ
1200 2105 1231 2131 τὸ
1248 2105 1336 2132 ἐκεῖσε
1354 2105 1472 2140 γράμμα
1489 2106 1534 2132 καὶ
1557 2106 1765 2140 ἀνατέμνοντες,

138 2149 251 2184 καὶτῆς
267 2148 321 2175 ἔσω
334 2148 452 2183 Θεωρίας
467 2147 615 2182 γινόμενοι.
633 2148 742 2184 Ἕτεροι
767 2149 796 2176 δὲ
815 2149 900 2184 ἀμφω
918 2150 961 2177 διὰ
977 2151 1101 2186 φυλακῆς
1120 2152 1226 2186 ἄγουσι,
1241 2152 1272 2178 τό
1287 2160 1317 2178 τε
1338 2151 1471 2187 σύμϐολον
1493 2152 1696 2187 συντηροῦντες,
1719 2154 1767 2179 καὶ

138 2194 224 2233 οὗπερ
240 2195 304 2222 αὐτό
317 2197 375 2222 ἔστι
386 2194 527 2229 σύμϐολον.

176 2245 208 2278 ξ’.
225 2244 407 2279 Παραδέδοται
422 2242 468 2269 οὖν
480 2244 545 2278 ἡμῖν
559 2243 627 2278 πρὸς
655 2243 770 2278 δρόμους
795 2244 920 2276 ἑωθινοὺς

1011 2244 1055 2272 60.
1074 2244 1154 2271 Nobis
1175 2244 1330 2270 mandatum
1353 2248 1393 2270 est
1420 2243 1628 2278 iuspieicutibus
1647 2243 1678 2269 ad
1703 2243 1769 2270 solis

140 2289 242 2324 ὁρῶσιν
256 2289 332 2323 ἡλίου
362 2288 502 2315 ὁσιοῦσθαι
527 2288 566 2323 τῷ
598 2289 765 2324 παμϐασιλεῖ
796 2290 856 2325 Θεῷ
871 2291 926 2325 τὴν

141 2336 340 2372 προσκύνησιν.
359 2335 443 2362 Τοῦτο
470 2334 632 2370 συμϐολικὸν
663 2336 856 2371 περικάρπιον.
885 2337 930 2363 Πι-

143 2380 276 2414 στεύομεν
291 2380 319 2406 δὲ
333 2379 363 2406 τὸ
378 2380 460 2406 αὐτὸν
484 2379 597 2414 βασιλέα
625 2380 670 2406 τὸν
682 2382 731 2415 τῆς
757 2381 929 2415 δικαιοσύνης

141 2425 292 2462 ῆλιονπρδς
303 2425 380 2461 ἡμῶν
391 2423 471 2457 εἶναι,
479 2426 558 2461 εἴπερ
566 2425 713 2460 ἀφορῶμέν
722 2434 751 2452 τε
763 2427 831 2461 πρὸς
838 2427 929 2458 αὑτὸν,

143 2473 192 2499 καὶ
207 2472 290 2498 αὐτὸν
310 2471 376 2498 Θεὸν
391 2472 502 2503 εἰδότες,
515 2472 699 2506 λατρευτικῶς
714 2472 788 2506 αὐτῷ
799 2473 928 2508 ἐντυγχὰ-

143 2526 236 2553 νομεν,
252 2517 372 2552 κεφαλὴν
390 2519 438 2544 καὶ
450 2518 514 2552 γόνυ
533 2518 713 2552 κάμπτοντες.
741 2518 826 2544 Τοῦτό
855 2520 929 2544 ἔστιν

143 2566 157 2592 δ
176 2564 222 2591 τοῦ
243 2563 379 2599 συμϐόλου
408 2565 512 2599 καρπὸς
526 2572 534 2580 ο
562 2564 609 2591 καὶ
631 2564 803 2598 φυλάττομεν
830 2563 924 2597 ἄμφω,

145 2610 363 2644 προσκυνοῦντες
374 2617 416 2642 τε,
428 2610 489 2637 ὅποι
504 2610 739 2645 παρηγγυήμεθα,
759 2610 808 2636 καὶ⁸
820 2610 865 2636 τὸν
880 2610 928 2637 τοῦ

145 2655 288 2690 γινομένου
304 2655 403 2682 σκοπὸν
415 2656 588 2690 κατέχοντες.
603 2655 680 2682 Οὕτω
695 2655 742 2682 καὶ
760 2663 769 2680 ι
784 2655 926 2684 λούσασθε,

146 2700 263 2736 καθαροὶ
279 2700 391 2734 γένεσθε
411 2709 420 2725 ι
439 2700 598 2735 ἀκηκοότες,
616 2701 663 2726 καὶ
677 2700 801 2735 καθαρὰν
821 2700 848 2726 δέ
863 2709 928 2726 ποτε

147 2747 244 2780 στολὴν
259 2747 362 2779 ἐόρτιον
379 2746 583 2780 διατεταγμένοι
594 2747 767 2781 μεταλαϐεῖν,
783 2747 812 2773 τό
826 2755 854 2772 τε
868 2747 932 2773 λου-

146 2794 209 2829 τρὸν
222 2791 373 2827 ποιούμεθα
388 2792 418 2818 τὸ
430 2792 496 2827 πρὸς
513 2792 650 2828 αἴσθησιν,
667 2794 715 2820 καὶ
725 2793 774 2828 τὴν
793 2793 842 2828 τῆς
859 2793 929 2828 ὁρωο

979 2291 1124 2318 orientales
1137 2298 1235 2318 cursus
1250 2289 1313 2324 [tegi
1331 2296 1422 2323 regum
1438 2289 1492 2316 Deo
1503 2289 1659 2316 adoratione
1670 2289 1770 2316 sancti-

981 2337 1071 2368 iicari;
1085 2335 1250 2371 symbolicus
1267 2336 1309 2362 hic
1324 2339 1426 2370 cortex.
1444 2334 1543 2369 Regem
1556 2341 1620 2360 vero
1633 2334 1769 2361 credimus

977 2383 1090 2416 iustitiae
1106 2382 1187 2409 solem
1206 2382 1286 2409 nobis
1307 2389 1379 2413 esse,
1394 2381 1439 2415 qui
1455 2381 1480 2407 in
1505 2380 1591 2415 ipsum
1609 2381 1768 2415 aspicimus,

981 2433 1008 2455 et.
1019 2428 1102 2455 Deum
1120 2427 1207 2462 ipsum
1227 2431 1432 2462 cognoscentes,
1452 2434 1513 2454 cutn
1534 2426 1693 2453 adoratioue
1708 2431 1769 2453 ante

979 2480 1053 2505 eum,
1072 2479 1151 2507 caput
1169 2477 1196 2500 et
1215 2480 1285 2507 genu
1307 2473 1471 2499 inclinantes
1491 2471 1640 2498 adstamus.
1659 2471 1707 2498 llic
1727 2476 1769 2499 est

979 2518 1093 2553 symboli
1111 2518 1233 2550 fructus;
1251 2522 1278 2544 et
1294 2522 1408 2552 utraque
1423 2523 1565 2544 servamus
1581 2521 1607 2543 et
1623 2516 1769 2543 adorantes

979 2572 1031 2599 qua
1049 2565 1125 2591 nobis
1141 2564 1298 2591 mandatum
1314 2568 1357 2590 est
1371 2568 1398 2590 et
1416 2563 1478 2590 facti
1500 2563 1629 2590 rationem
1646 2563 1768 2590 retinen-

981 2615 1029 2637 tes.
1043 2609 1088 2637 Sic
1104 2615 1131 2638 el
1149 2610 1230 2637 illud:
1247 2608 1395 2641 Lavamim',
1412 2609 1503 2635 mundi
1519 2613 1600 2635 estote
1615 2608 1766 2640 audientes,

980 2656 1107 2682 mundam
1125 2660 1178 2682 tum
1198 2654 1295 2682 stolam
1311 2654 1435 2681 festivam
1449 2661 1588 2681 assumere
1601 2653 1682 2687 jussi,
1695 2653 1767 2679 lava

983 2702 1083 2728 tionem
1095 2701 1209 2728 facimus
1224 2700 1378 2728 sensibilem
1396 2700 1503 2735 quidem
1519 2704 1545 2727 et
1561 2698 1673 2727 visibilis
1686 2698 1769 2725 vestis

983 2747 1327 2781 mutationem,spiritualia
1338 2754 1402 2774 vero
1410 2754 1550 2774 servamus
1560 2745 1640 2772 nitida
1655 2744 1769 2770 reddet:-

985 2797 1025 2821 tes
1040 2793 1073 2820 de
1088 2793 1168 2823 nobis
1182 2797 1210 2821 et
1221 2800 1282 2828 quae
1293 2793 1368 2820 intus
1380 2797 1407 2819 et
1421 2799 1480 2827 quae
1496 2791 1594 2818 deforis
1610 2795 1682 2816 sunt.

149 2841 232 2874 ιιὲνης
247 2839 362 2873 ἐσθῆτος
376 2838 529 2872 egenam,
551 2841 596 2866 καὶ
610 2840 644 2867 ea;
660 2839 729 2875 πρὸς
761 2838 823 2866 νοῦν
849 2839 877 2866 δὲ
903 2839 1103 2888 φυλαττόμεθικ,
1137 2838 1330 2874 φαιδρύνοντες
1359 2837 1473 2868 ἑαυτοὺς
1507 2836 1541 2864 τά
1578 2835 1601 2861 τ’
1626 2834 1710 2867 ἔνδον,
1735 2839 1773 2867 τὰ

147 2894 175 2918 τε
187 2885 299 2919 0.594(6-
