1960 3074
167 130 220 162 271

523 133 738 164 EUSTATIHI
760 132 1136 165 THESSALONICENSIS
1157 136 1437 168 METRUPOLlTxF.

1731 139 1789 171 272

168 193 279 219 domino
290 199 465 224 concurrere,
478 191 526 219 sed
541 199 602 219 eum
617 191 793 226 przctergredi
821 190 952 219 continuo

1009 193 1167 227 φιλονεικῶν
1184 194 1221 229 μὴ
1235 194 1316 228 μόνον
1334 195 1402 229 πρὸς
1418 195 1530 229 ἰσότητα
1543 195 1581 230 τῷ
1598 196 1788 231 φαυλεπιφαύ-

168 241 195 269 in
213 239 287 266 nefas
299 246 391 266 cursu.

205 333 249 361 M.
266 332 328 365 Iste,
342 338 372 359 se
385 337 515 358 exercens
527 329 604 363 quasi
621 330 654 355 ad
671 333 811 363 capturatn
824 327 955 355 Christia-

169 388 279 413 norum,
308 377 373 413 quia
401 375 575 403 venationem
599 373 709 401 amabat
734 373 817 408 (sicut
840 378 953 400 econtra

168 426 275 454 Marcus
289 424 402 459 ejusque
414 421 542 455 discipuli
563 427 624 447 sese
634 419 800 446 exercebant
812 419 846 446 ad
875 427 951 446 titan-

169 471 354 502 suetudinem,
370 472 465 503 utpote
480 468 542 494 vita:
552 466 699 501 pastoralis
714 465 861 500 amantes),
886 473 954 500 prae-

171 519 234 546 fecit
249 515 407 551 huiusmodi
436 517 574 541 venatum:
607 512 752 547 quemdam
783 511 952 542 Diomedem,

169 565 285 600 peritum
297 562 386 599 gregis
408 568 507 590 canum
531 559 647 586 ducentii
673 563 700 586 et
725 557 888 585 Christianis
916 557 957 583 in-

169 612 374 643 l'ensissimum,
400 615 430 637 ut
461 608 587 643 improbo
617 605 730 633 domino
758 604 855 632 similis
882 607 955 631 esset

170 659 305 687 minister.
327 657 360 685 Et
370 656 481 691 quidem
499 657 632 688 quantum
655 651 682 678 iu
699 650 845 678 venatione
862 647 954 675 Marco

169 705 313 734 inserviret
327 704 365 731 illi
384 702 525 733 sciebant;
555 706 636 734 quam
654 704 720 725 vero
745 701 842 724 contra
867 695 953 723 Deum

169 751 309 790 praedandi
322 749 438 778 callidus
449 751 534 780 esset,
550 745 612 772 hinc
622 743 797 771 manifestum
812 747 866 771 est.

207 799 252 825 15.
267 795 434 824 Procedebat
446 794 596 830 quondam,
608 794 723 817 venatus
739 788 829 816 omnis
846 787 955 823 generis

171 846 267 876 feram.
287 847 315 871 et
340 842 441 869 multos
476 846 568 868 secum
598 837 714 865 habebat
737 835 772 863 ad
799 834 955 870 huiusmodi

1008 239 1046 273 λῳ
1062 239 1180 275 δεσπότῃ
1203 240 1378 274 συντρέχειν,
1400 240 1467 268 ἀλλὰ
1488 241 1671 276 ὑπερϐάλλειν
1686 242 1788 268 ἐκεῖνον

1007 285 1045 319 τῷ
1062 285 1102 316 είς
1119 286 1220 312 κακίαν
1231 286 1353 320 -συντόνῳ
1368 286 1470 322 δρόμῳ.

1044 329 1082 358 ιδ’.
1100 332 1184 362 (luto:
1197 332 1402 367 γυμναζόμενος
1417 331 1472 359 οἷον
1485 333 1525 363 εἰς
1537 333 1567 359 τὸ
1578 333 1706 368 ἀγρεύειν
1722 333 1789 367 Χριο

1008 377 1130 408 στιανοὺς
1149 377 1191 404 διὰ
1210 378 1239 404 τὸ
1253 378 1339 412 φιλεῖν
1354 378 1387 404 τὰ
1400 378 1534 413 θηρατικὰ
1549 379 1631 413 (καθὰ
1645 378 1762 413 ἔμπαλιν
1776 379 1789 404 ὁ

1007 423 1121 457 Μάρκος
1144 422 1192 449 καὶ
1205 423 1231 449 ol
1255 423 1314 449 κατ’
1330 423 1410 450 αὑτὸν
1431 424 1472 454 είς
1493 423 1649 458 ἡμερότητα
1674 423 1718 449 διὰ
1743 422 1790 449 τοῦ

1008 468 1199 503 φιλοποίμενες
1225 466 1294 495 εἶναι
1307 469 1315 503 )
1328 489 1334 500 ,
1360 469 1526 503 προύϐάλετο
1543 469 1678 504 ἐξηγητὴν
1705 469 1789 504 θήρα-ς

1006 513 1135 548 τοιαύτης
1158 515 1294 549 Διομήδην
1314 515 1385 546 τινὰ,
1406 516 1568 549 κυνηγετεῖν
1593 514 1621 541 δὲ
1642 514 1728 547 δεξιὴν
1744 515 1790 540 καὶ

998 560 1195 594 .μισόχριστον,
1214 560 1257 586 ἵνα
1273 561 1352 596 κακῷ
1363 560 1474 595 ἄρχοντι
1494 561 1694 596 συνεξομοιοῖτο
1714 562 1760 586 καὶ
1776 561 1790 586 ό

1007 606 1169 641 ἀρχόμενος.
1188 606 1218 632 '0
1232 606 1260 632 δὲ
1276 606 1311 633 τὰ
1331 607 1379 640 μὲν
1392 607 1557 640 κυνηγετικὰ
1568 607 1640 638 ὅπως
1655 607 1701 633 τὸν
1714 607 1790 639 Μάγ-

1007 662 1052 683 νον
1074 653 1250 688 ἐθεράπευεν,
1273 653 1371 688 ᾔδεσαν
1400 654 1499 679 ἐκεῖνοι
1513 660 1520 668 ·
1547 654 1585 683 ὡς
1613 652 1704 680 δὲκαὶ
1721 652 1791 678 κατὰ

1007 699 1076 726 Θεοῦ
1089 698 1176 730 δεινὸς
1191 695 1224 734 ἦν
1238 698 1379 734 ἀγρεύειν,
1396 698 1521 724 ἐντεῦθεν
1536 698 1625 732 δῆλον.

1043 791 1084 815 ιε’.
1102 787 1244 823 Προσῆλθέ
1261 796 1326 814 ποτε
1338 786 1530 821 ὒηρασάμενος
1544 784 1674 812 παντοίαν
1693 783 1791 817 ἄγραν,

1008 835 1058 862 καὶ
1072 833 1129 870 εἶχε
1144 835 1209 870 περὶ
1223 834 1320 861 ἑαυτὸν
1345 834 1460 864 πολλοὺς
1484 832 1594 862 ἱκανοὺς
1617 831 1650 857 τὰ
1669 830 1792 861 τοιαῦτα,

172 872 296 921 idoneos,
309 889 363 916 huc
383 887 447 914 illuc
468 885 592 920 palantes
608 883 642 910 ad
659 881 878 916 investigandum
894 887 954 915 quas

1009 880 1225 916 διεσπαρμένους
1249 879 1347 910 ἄλλους
1375 878 1495 913 ἀλλαχοῦ
1520 878 1592 904 κατὰ
1615 876 1729 911 ζήτησιν
1753 872 1792 902 ὧν

170 936 342 972 appetebant.
358 932 409 962 llli.
426 939 486 967 quin
503 930 539 957 ibi
555 933 632 956 erant
658 927 831 962 indagantes.
858 933 956 953 occur-

171 988 233 1010 runt
247 981 338 1009 Marco
352 977 473 1008 docenti,
493 980 520 1003 et
534 974 616 1002 simul
632 981 663 1001 ac
678 974 780 1005 vident.
796 972 953 1006 obstupent.

169 1029 289 1057 Cernere
304 1026 374 1054 enim
390 1028 448 1051 erat
464 1029 526 1049 vere
539 1022 599 1048 visu
631 1019 756 1047 mirabile
784 1023 812 1046 ct
837 1017 955 1053 posteris

170 1071 263 1099 auditu
282 1066 450 1096 incredibile.
467 1063 562 1090 Virtuti
573 1062 683 1097 quidem
710 1060 955 1095 exbaustumjeju—

162 1116 233 1148 niis,
254 1114 325 1141 fame
354 1114 537 1141 attenuatum,
557 1110 680 1135 umbram
708 1112 814 1134 tantum
833 1106 955 1133 hominis

162 1161 352 1190 exhibentem,
366 1157 442 1185 canis
456 1154 583 1182 villosum
593 1153 657 1188 pilis
670 1160 685 1179 a
703 1153 803 1180 vertice
811 1152 844 1179 ad
858 1153 953 1186 pedes,

165 1207 240 1235 haud
254 1206 322 1233 adeo
347 1202 473 1230 admirati
491 1205 573 1232 sunt;
599 1198 646 1226 sed
668 1198 805 1233 jacentetn
837 1196 869 1224 ad
893 1196 953 1231 ejus

166 1254 252 1290 pedes
263 1257 364 1283 ursam,
382 1254 483 1282 eosque
507 1245 602 1273 leniter
625 1244 799 1275 lambentem,
823 1247 861 1274 ct,
890 1249 953 1269 cum

167 1288 242 1336 loqui
259 1306 314 1326 non
335 1299 439 1332 posset,
470 1294 507 1320 ita
525 1291 601 1318 vocis
635 1289 798 1324 obsequium
829 1288 954 1323 supplere

169 1335 344 1383 gestiente'm.
357 1341 533 1375 stupuerunt,
552 1342 580 1364 et
592 1344 647 1372 prre
665 1335 811 1363 formidine
826 1336 954 1362 volebant

167 1381 183 1420 ᾖ
197 1392 288 1419 Marco
301 1393 328 1417 et
339 1388 373 1415 ab
393 1394 455 1414 ursa
470 1383 620 1412 discedere.
639 1381 693 1409 Sed
721 1381 878 1409 morabatur
906 1381 955 1408 ad-

169 1438 278 1467 miratio
293 1440 320 1464 et
334 1434 427 1462 omnes
435 1430 585 1461 detinebat.
595 1428 635 1455 vel
649 1427 749 1462 potius,
760 1432 789 1454 ιιι
802 1427 839 1454 ita
851 1427 953 1460 dicam,

168 1485 278 1513 stabant
300 1480 383 1511 muti.
405 1475 510 1505 astricti
536 1481 636 1510 pavore
651 1481 683 1501 ac
709 1478 832 1508 stupore,
867 1473 954 1500 donec

168 1529 255 1559 sancti
273 1527 324 1556 viri
338 1525 426 1554 accitu
441 1521 564 1550 animum
590 1519 752 1554 recipientes
766 1519 800 1547 ad
814 1527 876 1547 eum
905 1525 953 1545 ac-

169 1579 322 1605 cesserunt.

207 1704 249 1732 l6.
267 1704 343 1732 Tunc
353 1702 487 1731 sciscitati
500 1709 531 1728 ac
543 1701 689 1735 diligenter
703 1699 735 1726 de
744 1697 790 1725 illo
803 1697 954 1733 percontati

169 1757 197 1780 et
212 1757 352 1786 comperto
374 1759 437 1778 eum
454 1757 513 1777 esse
530 1747 632 1776 Christi
644 1746 787 1777 fatnulum,
814 1749 956 1771 converte—

170 1805 234 1828 runt
247 1797 453 1826 admirationem
470 1796 650 1828 timoremque
669 1793 696 1820 iu
721 1792 845 1819 rabidum
871 1791 956 1826 ipsius

169 1847 323 1879 odium;et
338 1843 471 1879 imprimis
504 1841 562 1869 fera
593 1839 681 1867 bestia
719 1838 873 1870 Diomedes,
908 1837 955 1872 qui

169 1893 258 1921 statim
275 1891 382 1927 Magno,
398 1888 569 1925 gratissimus
600 1885 693 1918 iudex,
725 1885 827 1912 bonurn
863 1884 953 1912 defert

169 1939 300 1970 Marcum,
312 1935 473 1970 discipulam
491 1932 561 1961 haud
579 1932 682 1958 veritus
697 1938 787 1958 ursam
806 1938 813 1957 :
830 1938 882 1964 qua
896 1931 953 1957 visa

168 1983 407 2013 mansuetudinem
420 1988 436 2007 a
447 1983 545 2007 sancto
560 1978 668 2009 edocta,
685 1984 749 2004 cum
766 1976 908 2004 debuisset
922 1977 956 2003 ab

167 2036 340 2064 uatanquam
362 2027 491 2061 magistra
522 2025 593 2051 idem
625 2023 683 2058 ipse
710 2022 814 2055 doceri,
844 2022 957 2050 immitis

168 2077 223 2102 fera
243 2079 333 2100 tamen
346 2071 432 2099 smriit
449 2069 476 2095 in
491 2076 584 2096 senem
603 2067 658 2094 Deo
669 2067 873 2094 cltarissimum.
889 2067 956 2093 Nam

168 2118 240 2145 credi
268 2114 464 2149 ttequitursam
482 2112 595 2146 pedibus
623 2111 706 2138 Marci
731 2112 899 2147 adiacentem
922 2113 958 2139 ita

169 2158 337 2189 mansuetam
365 2159 450 2185 fuisse
464 2157 563 2183 factam
590 2156 695 2191 absque
725 2156 771 2183 Dei
802 2164 898 2191 operm
929 2162 958 2184 ut

1006 926 1111 960 ἧθελον·
1136 925 1162 952 οἳ
1189 925 1236 951 καὶ
1260 924 1465 959 διερεῦνώμενοι
1486 923 1520 950 τὰ
1541 923 1600 949 ἐκεῖ
1615 920 1792 957 παρατυγχά-

1005 981 1082 999 νουσι
1097 972 1136 1007 τῷ
1153 971 1258 1006 Μάρκῳ
1279 971 1445 1001 διδάσκοντι.
1461 970 1509 996 καὶ
1526 968 1583 1000 ἄμα
1600 967 1728 1002 βλέπουσι
1745 967 1793 992 καὶ

1006 1019 1216 1051 ἐκπλήττονται.
1232 1015 1287 1044 Ἶιν
1314 1016 1369 1051 γὰρ
1392 1016 1502 1051 ἀληθῶς
1523 1014 1631 1046 θεαθεὶς
1654 1013 1714 1040 τότε
1741 1012 1792 1047 μὲν

1005 1064 1147 1100 τεράστιον
1161 1063 1260 1098 θέαμα,
1284 1063 1340 1094 τοῖς
1364 1062 1477 1096 ὕστερον
1497 1061 1525 1087 δὲ
1539 1059 1691 1097 παράδοξον
1708 1058 1791 1086 ἄκοι-

1006 1119 1073 1144 σμα.
1089 1109 1249 1144 ’Δνθρωπον
1278 1109 1325 1143 μὲν
1348 1107 1403 1143 γὰρ
1429 1108 1494 1134 ἰδεῖν
1520 1105 1715 1141 νηστευτικδν,
1743 1104 1791 1131 καὶ

1006 1155 1215 1189 κατεσκληκότα
1228 1155 1309 1189 λιμῷ,
1328 1155 1376 1180 καὶ
1392 1153 1473 1180 σκιὰν
1489 1153 1588 1188 ἀνδρὸς
1607 1152 1788 1187 ἐμφαίνοντα,

1005 1202 1052 1228 καὶ
1067 1201 1211 1236 βεϐριθότα
1228 1201 1339 1236 μαλλοῖς
1352 1200 1458 1231 λευκοῖς
1480 1200 1512 1226 ἐκ
1533 1198 1653 1234 κεφαλῆς
1674 1198 1727 1229 ἕως
1742 1207 1792 1224 πτι-

1005 1248 1069 1281 δῶν,
1085 1248 1135 1274 οὐκ
1156 1248 1185 1278 ἐς
1210 1248 1337 1274 τοσοῦτον
1358 1246 1517 1282 ἐθαύμασαν
1529 1255 1535 1263 -
1556 1246 1606 1281 τὴν
1625 1246 1653 1272 δὲ
1671 1246 1723 1278 πρὸ
1740 1255 1791 1271 πο-

1005 1292 1058 1319 δῶν
1074 1292 1171 1328 ὲκείνῳ
1189 1293 1318 1327 κειμένην
1334 1294 1447 1327 ἄρκτον,
1473 1294 1520 1318 καὶ
1537 1293 1636 1327 πράως
1649 1291 1791 1327 λιχμωμέ-

1005 1346 1055 1374 νην
1070 1338 1179 1370 αὐτοὺς,
1208 1339 1272 1371 καὶ,
1290 1338 1351 1364 ἐπεὶ
1377 1338 1415 1373 μὴ
1430 1338 1519 1365 λαλεῖν
1545 1338 1633 1374 εἶχεν,
1665 1338 1792 1371 ἀφοσιου-

1008 1385 1092 1420 μένην
1109 1383 1194 1416 οὕτως
1217 1384 1247 1410 τὺ
1270 1383 1417 1418 λαλητικὸν
1444 1384 1640 1419 λειτούργημα,
1661 1383 1792 1417 ὑπερεξε-

1006 1430 1162 1465 πλάγησαν,
1175 1429 1223 1457 καὶ
1239 1430 1252 1456 ό
1265 1429 1348 1464 φόϐος
1364 1430 1414 1465 μὲν
1430 1429 1527 1466 ἤθελεν
1537 1430 1653 1465 ἁφιστᾷν
1671 1429 1791 1460 ἐκείνους

1005 1474 1052 1502 τοῦ
1067 1483 1097 1501 τε
1107 1475 1222 1510 Μάρκου
1238 1475 1286 1501 καὶ
1302 1474 1352 1509 τῆς
1365 1475 1467 1510 ἄρκτου
1478 1494 1486 1508 ,
1502 1475 1532 1501 τὸ
1547 1475 1575 1502 δὲ
1592 1475 1684 1509 θαῦμα
1697 1476 1791 1500 κατεί-

1006 1530 1069 1557 χεν,
1101 1521 1170 1548 ὥστε
1197 1522 1371 1557 παραμένειν
1400 1523 1446 1548 καὶ
1474 1521 1606 1556 βλέπειν·
1634 1520 1789 1555 μᾶλλονδὲ,

1007 1566 1105 1599 εἰπεῖν,
1121 1565 1230 1592 ἵσταντο
1257 1566 1354 1599 έννεοὶ,
1382 1567 1537 1602 πεπηγότες
1563 1566 1602 1600 τῷ
1617 1566 1672 1593 δέει
1695 1567 1742 1592 καὶ
1753 1566 1792 1602 τῷ

1008 1610 1149 1646 θαύματι,
1178 1611 1230 1644 ἕως
1265 1612 1468 1648 τεθαρρηκότες
1497 1611 1730 1648 προσκαλουμένῳ
1752 1611 1792 1646 τῷ

1008 1658 1078 1693 ἁγίῳ
1091 1659 1210 1693 ἤγγισαν
1227 1659 1295 1694 πρὸς
1309 1659 1401 1687 αὐτόν.

1044 1703 1092 1736 ις’.
1124 1704 1180 1731 Καὶ
1213 1705 1274 1731 τότε
1305 1705 1465 1740 πυθόμενοι,
1490 1706 1538 1732 καὶ
1562 1705 1597 1732 τὰ
1620 1705 1681 1732 κατ’
1709 1704 1792 1732 αὑτὸν

1007 1750 1305 1786 ἀκριϐολογησάμενοι,
1323 1752 1373 1778 καὶ
1390 1751 1532 1786 μαθόντες,
1547 1751 1665 1786 Χριστοῦ
1677 1751 1793 1786 λατρευ-

1006 1796 1056 1831 τὴν
1075 1796 1159 1824 αὑτὸν
1184 1795 1266 1829 εἰναι,
1283 1796 1435 1831 μετέϐαλον
1452 1796 1502 1824 καὶ
1527 1797 1558 1823 τὸ
1579 1796 1683 1831 θάμϐος
1703 1797 1750 1822 καὶ
1761 1796 1792 1822 τδ

1006 1842 1065 1875 δέος
1085 1843 1124 1874 εις
1153 1843 1255 1877 μανίαν
1285 1843 1335 1878 τὴν
1361 1843 1423 1869 κατ’
1440 1842 1536 1876 αὑτοῦ,
1564 1842 1610 1869 καὶ
1631 1842 1749 1877 μάλιστα
1762 1842 1794 1868 τὸ

1006 1886 1092 1916 κακὸν
1109 1889 1215 1924 θηρίον,
1241 1889 1255 1915 ὀ
1269 1889 1417 1924 Διομήδης,
1433 1889 1462 1921 ὃς
1477 1889 1525 1916 καὶ
1548 1889 1647 1916 αὐτίκα
1665 1897 1794 1923 καταμη-

1006 1936 1065 1962 νύει
1083 1936 1122 1971 τῷ
1137 1936 1243 1970 Μάγνῳ
1258 1935 1287 1961 τὸ
1314 1935 1392 1969 φίλον
1410 1935 1536 1970 ἕρμαιον,
1553 1935 1598 1962 τὸν
1613 1935 1696 1962 καλὸν
1713 1935 1793 1969 Μάρ-

1007 1990 1066 2012 κον,
1082 1981 1132 2008 οὐκ
1145 1981 1280 2012 αἰδεσθεὶς
1297 1980 1347 2016 τὴν
1368 1981 1523 2016 μαθήτριαν
1553 1981 1654 2015 ἄρκτον
1666 1987 1674 1995 ⁸
1694 1981 1727 2016 ἢν
1750 1980 1794 2007 δι-

1005 2028 1152 2062 δαχθεῖσαν
1171 2024 1227 2054 οἷον
1243 2027 1309 2062 πρὸς
1332 2027 1380 2053 τοῦ
1403 2027 1483 2061 ἁγίου
1503 2027 1612 2062 ἡμέρως
1636 2027 1710 2062 ἔχειν
1729 2027 1794 2053 ἰδὼν

1008 2074 1101 2105 αὖτις,
1130 2073 1176 2100 καὶ
1203 2072 1319 2107 ὀφείλων
1349 2072 1446 2107 μαθεῖν
1470 2072 1499 2104 ἐξ
1520 2073 1638 2107 ἐκείνης,
1667 2073 1717 2098 ὅσα
1745 2073 1794 2099 καὶ

1008 2119 1183 2151 διδασκάλου,
1197 2118 1227 2145 τὸ
1247 2118 1352 2153 ὅμοιον,
1369 2118 1445 2153 ὅμως
1465 2118 1612 2149 ἀθίτασσος
1630 2119 1720 2152 ἀπέϐη
1741 2118 1794 2153 θὴρ

1009 2164 1081 2191 κατὰ
1104 2165 1151 2191 τοῦ
1178 2164 1388 2199 θεοφιλεοτάτου
1414 2164 1554 2198 γέροντος.
1582 2165 1619 2191 Οὐ
1646 2165 1699 2199 γὰρ
1718 2164 1794 2190 ἐστιν

169 2215 265 2241 nempe
281 2206 363 2232 visam
377 2202 512 2230 Diomedis
525 2201 602 2236 pueri
626 2201 799 2230 imitarentur
816 2207 844 2230 et
868 2204 954 2231 homi-

1011 2209 1167 2243 ὑπολαϐεῖν,
1181 2210 1218 2241 ὠς
1235 2211 1251 2244 ἡ
1266 2209 1367 2245 ἄρκτος
1380 2210 1434 2242 πρὸ
1446 2210 1534 2236 ποδῶν
1549 2210 1587 2244 τῷ
1598 2211 1704 2245 Μάρκῳ
1722 2210 1794 2236 ἔκει-

168 2260 229 2278 ut-m
250 2249 295 2276 Dei
311 2252 476 2276 \‘erelenlur.

1009 2264 1051 2286 το,
1067 2254 1179 2286 τιθασὸς
1196 2255 1225 2285 ὲς
1242 2252 1370 2280 τοσοῦτον
1386 2255 1521 2289 γενομένη
1534 2254 1595 2289 δίχα
1615 2263 1647 2289 γε
1666 2264 1794 2291 πραγμα-

169 2299 241 2329 τείας
260 2296 343 2327 οείαςυ
360 2296 404 2321 ἵνα
421 2294 521 2329 δηλαδῆ
551 2294 714 2329 θεαπάμενοι
737 2295 823 2330 αὐτὴν
850 2298 873 2323 οἱ
895 2299 967 2336 ἀμφὶ
986 2305 1032 2331 τὸν
1050 2303 1186 2338 Διομήδην
1219 2302 1405 2337 μιμήσωνται,
1430 2303 1477 2330 καὶ
1498 2303 1544 2329 τὸν
1563 2303 1610 2330 τοῦ
1629 2304 1696 2331 Θεοῦ
1716 2304 1795 2340 αἰεή-

169 2352 267 2370 αωνται
282 2343 437 2376 ἄνθρωπον.

204 2390 246 2416 l7.
261 2389 305 2416 Sic
322 2388 428 2415 delatus
463 2394 503 2415 est
532 2387 685 2415 Marcusad
715 2387 854 2423 Magnum.
887 2390 951 2426 iste,

168 2441 274 2471 arrepto
286 2436 339 2462 hoc
369 2436 474 2468 nuntio,
505 2435 589 2462 mittit
611 2435 722 2471 triginta
746 2435 875 2466 milites:
904 2439 952 2474 qui

168 2482 241 2509 dulci
265 2487 377 2517 captura
405 2482 449 2508 illa
479 2481 555 2516 potiti
583 2481 663 2509 simul
694 2489 757 2509 cum
787 2481 951 2518 discipulis,

170 2528 264 2563 Magno
295 2528 446 2554 astiterunt.
480 2528 516 2559 is.
549 2532 724 2562 percontatus
750 2532 778 2555 et
812 2535 953 2564 comperto

169 2578 306 2600 venaturae
315 2573 471 2608 praefectum
483 2581 535 2600 non
546 2573 631 2600 fuisse
643 2574 787 2600 mentitqu
803 2572 954 2608 (fatebatur

167 2620 238 2646 enim
256 2624 371 2654 tyranno
391 2618 496 2645 Marcus
514 2627 562 2653 pro
583 2619 723 2652 tribunali,
741 2627 771 2648 se
789 2627 850 2647 esse
873 2620 955 2647 Citri-

167 2667 296 2698 stianum,
310 2670 336 2692 et
349 2673 363 2692 :t
374 2665 418 2692 tali
434 2665 604 2694 confessione
619 2674 669 2693 nec
683 2666 890 2694 adulationibus
903 2674 953 2694 ncc

168 2711 247 2738 minis
260 2712 440 2744 avertebatur)
455 2713 546 2740 statim
559 2713 648 2740 elatus
674 2717 716 2740 cst
747 2713 889 2747 superbia.
919 2713 952 2739 Et

167 2756 210 2782 ilic
225 2756 285 2782 altis
300 2756 433 2783 laceratus
460 2762 502 2784 est
521 2757 635 2788 rasuris.
649 2762 676 2783 et
700 2757 869 2791 reliquorum
897 2762 953 2784 tor-

168 2806 319 2828 mentorum
349 2803 546 2836 experientiam
580 2803 674 2835 subiit,
722 2803 818 2838 angelo
846 2808 953 2829 astante

169 2846 405 2881 inn-isilliiilmsqne
420 2847 598 2876 eonﬁrmante
612 2848 716 2874 viribus
735 2854 762 2875 et
777 2849 810 2875 ad
843 2848 950 2882 patien-

1042 2389 1085 2426 ιζ’.
1095 2393 1165 2421 Ἀλλ’
1175 2393 1244 2420 οὕτω
1258 2393 1307 2428 μὲν
1319 2393 1495 2428 κατεμηνύθη
1509 2394 1524 2420 ό
1538 2394 1650 2428 Μάρκος
1663 2395 1702 2431 τῷ
1714 2395 1795 2430 Μάγ-

1004 2449 1052 2476 νῳν
1078 2441 1124 2467 καὶ
1139 2440 1218 2472 αὐτὸς
1238 2440 1366 2476 ἁρπάσας
1386 2441 1435 2474 τὴν
1461 2440 1565 2474 εἴδησιν
1583 2441 1688 2468 στέλλει
1707 2450 1793 2477 στρα-

1005 2484 1105 2515 τιώτας
1121 2484 1279 2519 τριάκοντα,
1298 2484 1323 2510 οἳ
1348 2485 1396 2511 καὶ
1413 2484 1591 2516 συλλαϐόντες
1607 2486 1689 2512 αὐτὸν
1704 2488 1792 2521 γλυκὺ

1006 2530 1131 2565 θήραμα,
1149 2530 1189 2565 τῷ
1210 2530 1311 2565 Μάγνῳ
1339 2532 1526 2565 παρέστησαν,
1548 2534 1792 2568 παρασπιζόμενον

1005 2576 1052 2601 καὶ
1071 2576 1206 2610 μαθηταῖς
1221 2584 1228 2591 ·
1245 2576 1274 2607 ὃς
1292 2577 1442 2610 ἀνακρίνας
1465 2578 1513 2603 καὶ
1538 2577 1665 2612 εὑρηκὼς
1681 2580 1727 2606 τὸν
1743 2582 1791 2615 ἁρ-

1006 2622 1124 2656 χηγὲτην
1142 2622 1190 2655 τῆς
1207 2622 1292 2656 θήρας
1319 2623 1357 2656 μὴ
1372 2623 1543 2657 ψευσάμενον
1563 2624 1710 2659 (ὡμολόγει
1736 2629 1792 2661 γὰρ

1005 2669 1052 2694 καὶ
1082 2668 1120 2702 τῷ
1144 2668 1268 2702 τυράννῳ
1290 2668 1329 2698 είς
1351 2669 1446 2703 κοινὴν
1472 2669 1605 2703 ἀκρόασιν
1626 2672 1640 2696 ὁ
1665 2671 1792 2706 Μάρκος,

1005 2712 1170 2748 Χριστιανὸς
1186 2710 1267 2743 εἶναι,
1289 2715 1336 2739 καὶ
1356 2714 1385 2738 οὐ
1409 2713 1584 2748 διεστρέφετο
1598 2716 1646 2748 τῆς
1663 2718 1792 2751 τοιαύτης

1003 2757 1149 2793 ὁμολογίας
1162 2757 1224 2783 οὕτε
1245 2757 1389 2790 θωπείαις,
1405 2759 1466 2785 οὕτε
1482 2760 1628 2794 ἀπειλαῖς),
1646 2763 1794 2796 παραχρῆ-

1007 2813 1045 2838 μα
1069 2803 1118 2838 μὲν
1135 2802 1203 2838 ἦρτο
1225 2805 1432 2839 μετεωρισθείς.

1005 2850 1097 2876 ἱκανὸν
1114 2850 1216 2884 ἐξέστη,

1459 2807 1512 2832 Καὶ
1541 2807 1732 2841 ἀμυσσόμενος
1747 2809 1792 2841 ἐφ’

1244 2852 1288 2877 καὶ
1314 2852 1415 2877 λοιπὰ-ι
1442 2853 1469 2878 δὲ
1498 2851 1621 2885 βασάνων
1637 2852 1732 2879 δεινῶν
1748 2855 1790 2886 si;
