1960 3074
265 158 316 189 287
349 174 354 181 ι

605 155 818 186 EUSTATHII
839 154 983 184 THESSA
989 154 1061 185 LON
1069 155 1216 185 lCENSlS
1237 152 1517 184 METROPOLITIE

1837 148 1890 182 Ξεὸ

266 213 456 240 inllauunavit.
472 211 589 240 leestc
608 212 677 238 diva:
693 211 764 238 arcis
781 211 861 238 limen
879 211 952 239 haud
968 211 1052 239 relin-

1113 213 1170 244 956;
1187 213 1331 247 ἐπύρεσσεν
1347 212 1446 243 αὐτοὺς
1464 212 1505 243 είς
1527 211 1653 245 ἄθλησιν.
1674 209 1809 244 Οὐρανίας
1827 209 1887 244 ἀψί-

267 268 367 294 qucns,
384 264 518 293 repertam
535 263 561 285 te
587 257 721 285 Dominus
743 257 917 290 inhabitavit,
940 263 966 285 et
988 266 1053 286 caro

267 305 326 339 ipse
340 304 429 332 factus
447 311 464 331 θ
489 309 559 331 terra
576 311 625 331 uos
642 303 764 330 sustulit.
781 303 876 331 Gloria
892 303 953 336 tibi,
970 303 1053 339 Virgo

266 350 455 382 immaculata,
472 357 519 384 per
535 357 616 383 quam
631 349 744 377 rclevati
756 357 865 377 sumus.

401 439 504 467 Cautus
520 443 652 473 quartus:
668 438 777 471 Audivi,
796 438 915 466 Domine.

305 496 348 522 Η.
368 495 461 524 Clavis
486 496 642 531 perforati,
669 503 803 532 martyres
832 500 947 532 tyranno
961 497 1053 524 clavos

266 542 366 569 ruditis
378 542 603 574 tribulationum;
615 547 697 577 petrae
708 542 794 572 afﬁxi.
809 542 836 569 in
848 550 943 569 saxum
959 547 1053 576 stupo-

268 595 298 614 re
313 587 448 615 induratis
465 595 513 615 cor
523 587 642 615 ferreum
659 593 687 615 et
704 588 924 623 impenetrabile.
953 587 1052 615 [Et-eas

266 633 405 668 conjicitis
421 634 545 668 sagittas,
564 633 664 668 quibus
680 633 821 661 fodiuntur
836 634 940 660 inimici
954 634 1009 664 Dei,
1025 637 1053 660 et

267 683 478 714 prosternuntur
500 679 576 705 ruina
606 679 789 712 irreparabiii.
807 678 835 705 Si
864 678 966 706 ferrum
980 679 1053 705 velut

268 732 338 758 aqua
357 724 463 751 malleis
477 723 661 756 subter-ﬂuxit,
678 732 727 752 vos
745 724 841 751 saltem
859 724 910 751 fide
928 724 954 751 in
968 723 1051 750 Deum

269 770 355 797 solide
376 770 509 804 compacti
522 769 599 796 estis.
614 769 706 801 Audii,
734 769 775 796 vir
803 769 987 800 sanctissime,
1010 768 1053 795 vel

269 815 360 849 potius
376 819 505 850 expertus
523 822 583 842 sum
601 820 646 842 tua
661 815 795 842 miracula
810 823 818 848 ;
834 815 895 842 novi
915 821 987 841 tuam
1003 821 1053 849 po-

271 861 395 894 tentiam,
417 865 443 888 ct
461 869 558 896 precor
571 866 600 888 ut
618 862 718 888 virtute
745 866 790 889 tua
811 865 947 896 protegar.

431 994 535 1021 Cantus
546 994 659 1028 quintus
672 1002 679 1022 :
694 993 750 1020 Nos
762 993 895 1020 illumina.

308 1054 352 1080 12.
369 1053 483 1080 Multum
497 1059 604 1087 gregem
618 1052 791 1080 custodiebas
803 1071 811 1084 ,
840 1052 930 1078 Marce
948 1056 1053 1084 sancte;

270 1106 331 1133 quae
345 1102 434 1125 autem
449 1097 516 1130 Deo,
531 1097 608 1132 quasi
619 1101 664 1123 tua
681 1105 763 1124 manu
775 1116 781 1128 ,
799 1101 917 1124 mactata
948 1101 989 1124 est
1006 1097 1054 1123 tria

272 1146 332 1179 p'cx
344 1144 443 1176 hostia,
457 1148 542 1171 totum
555 1151 665 1178 gregem
681 1150 858 1178 supergressa
870 1147 921 1170 est.
933 1142 988 1170 lloc
1001 1142 1055 1169 tuis

270 1190 396 1218 effectum
412 1195 452 1217 est
471 1190 610 1224 precibus,
627 1190 783 1216 beatissime
799 1189 898 1221 Marce,
915 1194 944 1216 ut
958 1190 1056 1217 fratres

271 1242 430 1264 catenarum
448 1241 557 1263 tuarum
587 1234 658 1262 fabri
678 1235 705 1262 in
727 1243 791 1263 vasa
807 1235 854 1262 Dei
883 1236 1056 1263 sanctissima

272 1283 456 1311 fabietlcrent.
487 1283 582 1310 Manus
607 1286 704 1310 vestra:
728 1287 907 1317 torpueruut,
927 1290 944 1310 o
974 1283 1055 1316 beati,

274 1329 378 1356 malleis
393 1329 570 1363 percutiendo
588 1327 671 1355 Marci
684 1328 811 1359 vincula;
826 1337 877 1356 vox
904 1333 993 1355 autem
1008 1328 1056 1355 di-

274 1375 334 1400 vina
348 1373 456 1400 coalitus
469 1373 591 1400 animum
623 1372 701 1399 vobis
734 1373 833 1400 erexit.
853 1372 977 1400 lllumina
1006 1379 1057 1399 nos

275 1423 370 1450 noctu,
383 1418 449 1446 solis
468 1422 553 1445 mater
566 1418 727 1452 purissima,
740 1422 768 1445 et
783 1418 914 1452 dissipata
927 1417 1000 1444 omni
1015 1417 1057 1445 di-

274 1473 366 1492 rarum
381 1464 497 1499 caligine
519 1463 739 1497 tribulationum,
764 1464 844 1492 nobis
871 1471 998 1491 serenum
1013 1471 1058 1491 re-

273 1512 373 1538 tribue.

450 1557 551 1584 Cantus
559 1562 652 1584 sextus
665 1565 672 1584 :
684 1558 718 1584 Et
730 1556 888 1584 Ecclesium.

310 1614 353 1641 15.
369 1614 420 1647 Qui
435 1614 498 1641 olim
515 1613 665 1647 piscatores
676 1614 792 1648 piscium
815 1613 879 1641 fecit
904 1613 1057 1649 piscatores

276 1659 429 1693 hominum,
447 1659 490 1687 hic
506 1666 564 1692 vos,
578 1659 685 1686 athleta:
711 1658 830 1692 Domini,
856 1666 872 1686 a
901 1659 1058 1687 fabricando

275 1711 385 1732 catenas
397 1705 571 1740 diligentibus
586 1712 625 1737 se,
642 1704 762 1731 traduxit
774 1704 807 1731 ad
828 1704 981 1732 cudendum
1006 1705 1058 1732 tela

277 1750 543 1778 atlversusinimicos
559 1759 635 1779 suos.
649 1751 705 1778 Ileu
725 1751 850 1778 lfabrum
867 1756 996 1785 expertus
1017 1755 1060 1778 est

277 1797 376 1824 Paulus
392 1797 590 1832 ncquissimum
605 1801 632 1824 et
643 1797 815 1825 anathemate
826 1797 955 1833 dignum;
973 1798 1060 1826 bonus

276 1852 341 1871 vero
355 1844 500 1871 monticola
511 1843 616 1871 Marcus
635 1849 688 1871 tres
705 1844 795 1871 fabros
817 1844 916 1872 fratres
942 1844 1058 1878 subegit,

277 1899 346 1924 quos
360 1895 454 1918 contra
467 1898 495 1918 se
508 1891 689 1925 procridentes
706 1892 738 1917 ad
753 1890 836 1917 Deum
853 1891 975 1918 adduxit.
992 1890 1062 1918 Red-

277 1937 347 1964 «lnlit
375 1942 490 1972 tyranno
516 1937 675 1964 beatissima
703 1938 768 1964 trias
790 1937 880 1964 datam
908 1938 1060 1965 mercedem

279 1984 439 2018 cmnpedum
465 1982 547 2010 Marci
565 1993 571 2016 ;
586 1984 632 2010 sed
650 1984 721 2010 Deus
738 1983 876 2011 meliorem
902 1986 1062 2016 reservavit,

279 2029 406 2063 deditque
419 2030 446 2056 in
461 2029 601 2064 prmmium
620 2030 694 2064 regni
711 2031 832 2056 (mleslis
848 2030 1061 2063 possessionem.

279 2074 376 2101 Preces
392 2074 542 2106 fundimus,
559 2082 575 2100 ο
592 2073 774 2105 sanctissime,
786 2078 813 2100 et
824 2081 936 2101 oramus
953 2079 978 2101 te
991 2074 1064 2102 salu-

281 2125 334 2145 tcm
351 2127 358 2152 ;
374 2127 436 2145 cum
453 2119 536 2146 foveis
553 2119 819 2146 circumclaudamur
830 2119 864 2146 ab
874 2124 987 2146 auctore
999 2120 1064 2147 mali

282 2171 403 2192 nostram
419 2165 447 2192 in
471 2165 618 2199 perniciem
647 2164 781 2197 suffossis,
810 2165 889 2191 nobis
923 2172 1064 2199 succurre,

280 2211 327 2246 qui
343 2216 440 2238 cuncta
458 2210 532 2237 vales
548 2210 581 2237 ad
594 2209 742 2245 perfectam
761 2210 841 2237 istius
858 2210 975 2238 ruinam.

1104 259 1148 291 δος
1166 259 1216 286 οὐκ
1232 258 1355 286 ἐκλιπὼν
1371 258 1475 293 Κύριος
1493 257 1566 284 θετον
1579 257 1705 292 οὐρανὸν,
1719 255 1842 290 εὑρηκώς
1858 264 1887 281 σε

1104 306 1133 331 ὲν
1155 306 1197 331 σοὶ
1222 305 1373 340 ἐσκήνωσε,
1399 304 1447 330 καὶ
1469 303 1540 338 σὰρξ
1560 302 1641 334 αὐτὸς
1665 301 1785 336 γεγονὼς
1805 301 1887 334 γῆθεν

1105 353 1179 387 ἡμᾶς
1202 351 1336 386 ὑπεξῆρε.
1351 350 1421 383 Δόξα
1436 358 1488 383 σοι,
1503 349 1671 384 πανάμωμε,
1692 349 1725 383 τῇ
1751 347 1888 381 meam

1104 398 1193 433 ἡμῶν.

1286 438 1382 480 ᾨδὴῖ
1394 453 1400 460 ’
1427 444 1610 477 Εὶσακήκοα.
1634 443 1732 478 Κύριε.

1141 498 1187 526 ια’.
1204 499 1428 533 Προσηλούμενοι
1447 499 1596 534 μάρτυρες,
1615 497 1698 533 ἥλους
1711 497 1749 532 τῷ
1765 497 1890 532 τυράννῳ

1104 545 1227 579 πήγνυτε
1244 544 1360 580 θλίψεων
1374 552 1381 560 ·
1397 545 1430 579 τῇ
1450 544 1479 570 δὲ
1495 545 1584 579 πέτρᾳ
1608 544 1657 578 τῆς
1671 543 1799 578 ήλὼσεως
1815 543 1891 569 ἐκλι-

1104 588 1183 616 θοῦτε
1200 589 1301 623 θάμϐει
1328 588 1374 615 τδν
1394 589 1549 623 ἀτέραμνον
1573 587 1744 623 χαλκοτύπον
1758 588 1787 613 ὲν
1809 587 1892 614 πνεύ-

1106 644 1182 670 ματι.
1196 636 1266 668 Βέλη
1281 636 1498 670 χαλκευσάμενοι
1514 634 1656 668 ὲπαφίετε,
1670 634 1703 660 δι’
1725 630 1763 660 ὧν
1780 634 1894 668 βάλλον-

1104 690 1149 707 ται
1170 681 1263 716 ἐχθροὶ
1287 680 1334 707 τοῦ
1361 680 1429 707 Θεοῦ
1457 681 1502 707 καὶ
1527 680 1690 715 ριπτοῦνται
1715 679 1819 705 πτῶσιν
1840 679 1892 713 τὴν

1105 725 1261 760 ἀνέγερτον.
1276 726 1306 752 Εἰ
1324 727 1371 753 καὶ
1395 725 1503 760 σίδηρος
1526 725 1621 760 ἔρρεεν
1637 722 1708 758 ὓδωρ
1723 732 1749 750 τι
1764 723 1893 759 καθάπερ

1106 770 1376 805 σφυρηλατούμενος,
1390 770 1447 797 ἀλλ’
1461 770 1540 805 ὑμεῖς
1560 769 1746 803 ἑστερεώθητε
1762 768 1892 802 εὐπαγῶς

1104 817 1137 850 τῇ
1168 816 1258 842 πίστει
1285 818 1319 851 τῇ
1348 817 1387 848 είς
1415 813 1527 850 Κύριον.
1557 815 1725 849 Εἰσακήκοα,
1755 814 1893 847 πάναγνε,

1108 861 1208 896 μᾶλλον
1235 862 1263 888 δὲ
1290 862 1459 897 πεπείραμαι
1485 860 1541 887 τῶν
1565 860 1712 894 Θαυμάτων
1729 869 1786 886 σου.
1805 860 1894 886 Κατε-

1067 899 1092 930 Β
1107 907 1190 940 νόησα
1214 908 1244 934 τὸ
1269 908 1370 943 κράτος
1394 915 1459 939 σου,
1486 907 1533 933 καὶ
1558 906 1632 940 ζητῶ
1657 905 1833 941 φρουρεῖσθαι
1859 907 1894 940 τῇ

1106 952 1220 987 δυνάμει
1241 961 1299 979 σου,

1319 1000 1379 1035 ’ῼδὴ
1390 990 1410 1026 ἔ
1424 1020 1431 1027 .
1453 1000 1587 1028 Φώτισον
1601 999 1690 1034 ἡμᾶς.

1143 1053 1187 1087 ιβ’.
1216 1054 1340 1089 Ποίμνης
1365 1056 1414 1089 μὲν
1441 1055 1542 1089 πολλῆς
1574 1054 1764 1089 προεστάτεις,
1794 1052 1897 1087 Μάρκε

1106 1099 1167 1134 ἅγιε
1180 1107 1188 1115 ·
1206 1100 1223 1135 ή
1245 1100 1272 1126 δὲ
1295 1099 1356 1135 Θεῷ
1379 1100 1501 1133 τυθεῐσα,
1520 1100 1557 1131 ὡς
1579 1100 1622 1126 διὰ
1647 1099 1687 1132 σὲ,
1701 1099 1797 1134 τριττὴ
1813 1098 1900 1124 ουσία

1108 1146 1246 1181 ὑπερῆρεν
1265 1145 1338 1172 ἆπαν
1355 1146 1492 1181 ποίμνιον.
1511 1146 1612 1180 Ἔργον
1633 1145 1712 1171 τοῦτο
1728 1144 1780 1179 σῆς
1797 1144 1900 1180 εὐχῆς,

1107 1191 1204 1226 Μάρκε
1228 1192 1456 1227 παμμακάριστε,
1472 1191 1535 1222 τοὺς
1551 1191 1608 1217 τῶν
1631 1190 1740 1225 δεσμῶν
1758 1198 1805 1216 σου
1829 1191 1903 1224 χαλ-

1107 1236 1207 1268 κευτὰς
1229 1236 1361 1271 ἀδελφοὺς
1390 1236 1629 1271 χαληυργηθῆναι
1653 1236 1694 1266 εἰς
1719 1235 1804 1269 σκεύη
1823 1234 1905 1261 Θεοῦ

1108 1283 1237 1317 πανίερα.
1256 1283 1358 1318 Χεῖρες
1373 1283 1424 1318 μὲν
1440 1283 1514 1317 ὑμῖν,
1529 1280 1551 1309 ὦ
1581 1282 1725 1317 μακάριοι,
1741 1282 1905 1317 ἑνήρκεσαν

1109 1329 1331 1365 σφυρηλατοῦσαι
1354 1329 1389 1355 τὰ
1411 1329 1458 1356 τοῦ
1485 1328 1599 1362 Μάρκου
1626 1329 1735 1362 δεσμά·
1761 1326 1841 1362 φωνὴ
1871 1327 1904 1353 δὲ

1108 1375 1169 1402 θεία
1190 1375 1289 1409 ὑψόθεν
1312 1375 1407 1410 αὐχεῖν
1429 1375 1596 1411 ὲπέρῤωσεν.
1624 1373 1726 1405 Φὼτιζε
1748 1374 1823 1407 ἡμᾶς
1851 1382 1903 1399 νυ-

1108 1421 1181 1453 κτὸς,
1196 1421 1271 1455 ήλίου
1288 1420 1376 1455 μῆτερ
1398 1420 1478 1454 ἁγνὴ,
1496 1421 1544 1446 καὶ
1568 1420 1659 1446 πᾶσαν
1683 1418 1816 1444 σκότωσιν
1842 1417 1904 1443 δει-

1108 1466 1162 1493 νῶν
1189 1466 1351 1502 πειρασμῶν
1379 1465 1587 1500 ἀπαγαγοῦσα.
1615 1464 1665 1500 τὴν
1691 1464 1802 1498 αἰθρίαν
1830 1464 1905 1498 ἡμῖν

1110 1512 1238 1548 βράϐιυε,

1255 1561 1318 1596 ᾮδὴ
1328 1553 1356 1593 ξ
1368 1568 1376 1577 '
1402 1559 1458 1587 Kal
1468 1559 1525 1594 τὴν
1541 1558 1740 1592 Ἐκκλησίαν.

1147 1615 1192 1650 ιγ’.
1214 1616 1242 1643 '0
1256 1616 1340 1642 πάλαι
1353 1615 1417 1646 τοὺς
1432 1615 1519 1646 ἁλιεῖς
1535 1614 1590 1641 τῶν
1605 1613 1706 1648 ἰχθύων
1722 1613 1806 1641 ἁλιεῖς
1831 1613 1909 1638 ἁπο-

1110 1662 1221 1693 τελέσας
1244 1661 1407 1697 ἀνθρώπων,
1428 1657 1506 1692 οὗτος
1521 1661 1603 1695 ὑμᾶς,
1618 1659 1763 1693 ἀθλοφόροι
1779 1658 1908 1692 Κυρίου,

1111 1711 1142 1737 ἐκ
1156 1710 1203 1737 τοῦ
1217 1710 1359 1745 χαλκεύειν
1373 1709 1461 1744 δεσμὰ
1474 1709 1530 1741 τοῖς
1555 1707 1686 1735 ποθοῦσιν
1710 1706 1792 1733 αὐτον
1813 1707 1911 1739 μετή-

1111 1764 1181 1791 γαγε
1199 1756 1350 1791 βελοποιεῖν
1365 1755 1435 1782 κατὰ
1450 1754 1504 1780 τῶν
1528 1752 1711 1788 παλαμναίων
1726 1751 1838 1786 ἐχθρῶν
1855 1750 1913 1777 τοῦ

1111 1801 1191 1829 Θεοῦ.
1208 1802 1240 1828 Ὢ
1261 1801 1383 1836 χαλκέως
1407 1801 1456 1834 μὲν
1473 1799 1607 1835 ἐπειράθη
1629 1800 1643 1825 ὁ
1667 1797 1772 1828 Παῦλος
1789 1805 1914 1830 παγκα-

1113 1846 1207 1874 κίστου
1221 1848 1268 1873 καὶ
1283 1847 1359 1879 ἀξίου
1374 1846 1499 1880 κατάρας
1511 1853 1518 1861 ·
1534 1846 1549 1872 ό
1565 1845 1593 1871 δὲ
1611 1844 1694 1876 καλὸς
1719 1843 1915 1878 ὀρεσίτροφος

1113 1892 1227 1927 Μάρκος
1263 1894 1335 1927 τρεῖς
1369 1893 1501 1926 ἀδελφοὺς
1530 1891 1692 1932 ’χαλκευτὰς
1728 1890 1915 1924 ὑπηγάγετο,

1114 1938 1295 1974 χαλκεύοντας
1324 1938 1373 1974 μὲν
1401 1939 1463 1964 κατ’
1494 1937 1588 1970 αὐτοῦ,
1613 1936 1648 1963 δι’
1677 1936 1759 1962 αὐτοῦ
1787 1935 1816 1961 δὲ
1848 1936 1917 1969 Θεῷ

1115 1985 1376 2020 προσχωρήσαντας.
1409 1984 1604 2020 Ἀντέστρεφον
1631 1982 1670 2016 τῷ
1696 1981 1824 2014 τυράννῳ
1860 1982 1918 2015 τὴν

1115 2031 1190 2057 δόσιν
1204 2032 1220 2065 ἠ
1237 2031 1381 2062 πανόλϐιος
1396 2030 1484 2066 τριὰς,
1500 2030 1549 2065 τὴν
1573 2029 1698 2055 δοθεῖσαν
1714 2027 1784 2061 ὑπὲρ
1802 2028 1922 2061 μισθοῦ

1115 2077 1170 2104 τῶν
1188 2078 1297 2112 δεσμῶν
1322 2077 1377 2103 τῶν
1397 2076 1443 2103 τοῦ
1458 2076 1588 2110 Μάρκου·
1605 2075 1619 2102 ὁ
1633 2074 1661 2102 δὲ
1687 2073 1754 2105 Θεδς
1771 2074 1921 2107 ἐταμίευε

1116 2124 1272 2158 κρείττονα,
1288 2122 1337 2149 καὶ
1359 2122 1475 2149 δέδωκεν
1489 2122 1528 2153 είς
1550 2121 1657 2156 δωρεάν
1683 2120 1807 2154 οὐρανῶν
1825 2120 1923 2154 βασι-

1115 2167 1193 2199 λείας
1219 2167 1380 2195 ἀπόλαυσιν.
1406 2168 1462 2203 Τὴν
1488 2167 1580 2203 δέησιν
1603 2165 1748 2201 ἑκχέομεν,
1766 2165 1924 2198 πάναγνε,

1116 2213 1164 2238 καὶ
1186 2212 1337 2247 αἰτούμεθα
1351 2213 1384 2239 ὲκ
1401 2212 1448 2239 σοῦ
1476 2212 1627 2247 σωτηρίαν,
1642 2212 1683 2237 ὅτι
1704 2210 1815 2242 πολλοῖς
1833 2220 1924 2245 πυρ-

280 2257 439 2292 γηρούμεθα
468 2255 591 2289 λάκκοις,
627 2255 673 2288 οὒς
697 2256 759 2283 καθ’
786 2256 867 2292 ἡμῶν
891 2257 905 2283 ὀ
928 2257 1084 2292 ἀρχέκακος
1119 2257 1241 2294 ὤρυξεν·
1262 2257 1309 2290 οὓς
1333 2258 1466 2294 βοήθησον
1494 2257 1531 2289 ὡς
1557 2256 1710 2292 πανσθενὴς
1733 2257 1774 2288 εις
1799 2257 1927 2284 ἐκείνου

280 2304 339 2330 τελε
345 2305 385 2330 ίαν
400 2302 547 2330 ἀπώλειαν.

421 2352 523 2395 Cantus
532 2352 683 2387 septimus:
701 2351 760 2378 Tres
772 2359 804 2378 ea:
814 2352 922 2380 Iudaea.

319 2409 362 2436 M.
373 2408 489 2436 Fcrvore
500 2409 613 2444 spiritus
622 2408 742 2442 accensi,
754 2416 770 2435 ο
783 2408 919 2442 Salvator,
929 2409 967 2436 tui
981 2409 1068 2436 athle-

283 2460 315 2482 ta:
338 2455 371 2482 dc
394 2455 483 2482 fabrili
498 2457 550 2482 vita
565 2460 592 2482 et
606 2454 776 2482 flammarum
804 2455 912 2482 camino
928 2455 962 2482 ad
982 2460 1008 2482 te
1022 2462 1068 2482 ac-

281 2506 432 2533 ctssserunt,
458 2505 485 2527 et
510 2503 673 2535 receperunt
698 2501 872 2535 refrigerium
900 2500 1067 2535 divitiasque

283 2552 310 2572 cl.
326 2547 438 2581 gloriam
454 2552 593 2573 aeternam.
607 2545 725 2581 Tyranni
749 2546 859 2580 quidem
885 2550 928 2573 est
955 2545 1065 2572 tradere

284 2592 427 2619 tormentis
452 2592 594 2626 diligentes
620 2592 704 2619 Deum
721 2592 789 2625 ;scd
821 2592 983 2619 miraculum
1012 2591 1067 2618 Deo

284 2639 405 2673 dignum,
416 2638 468 2666 sibi
484 2638 603 2673 perfecte
618 2638 696 2665 unire
709 2646 758 2673 pro
772 2646 801 2666 se
814 2639 958 2673 patientes,
969 2645 984 2665 e
999 2645 1067 2672 quo-

285 2692 345 2711 rum
360 2689 432 2711 sortc
444 2689 508 2712 sunt
523 2689 576 2712 tres
589 2684 675 2711 nostri
691 2684 809 2719 patranti.
820 2683 898 2719 Ignea
908 2683 992 2711 Belial
1002 2691 1069 2711 (on-

287 2737 326 2757 tra
339 2738 389 2758 nos
405 2731 457 2758 tela
474 2738 546 2758 nunc
560 2730 736 2765 exstinguite,
752 2739 768 2758 υ
783 2731 848 2758 trias
876 2738 925 2765 par
951 2737 1068 2757 numero

289 2777 414 2804 maximae
427 2775 565 2808 Triuitati,
584 2781 612 2804 et
636 2776 806 2812 refrigerium
835 2777 951 2803 irrorate
977 2775 1069 2808 nobis,

287 2825 334 2857 qui
350 2821 462 2850 fervidis
478 2821 561 2850 Deum
579 2823 686 2858 hymnis
698 2823 876 2850 celebramus.
891 2821 959 2848 Tres
970 2829 1004 2848 ex
1019 2820 1069 2848 Ju-

288 2869 345 2896 daea
357 2868 449 2897 fcliccs
461 2869 537 2904 pueri
549 2869 575 2896 in
587 2868 710 2897 ﬂammas
724 2869 840 2897 immissi
855 2874 960 2904 partum
979 2872 1067 2901 tuum,

1285 2341 1377 2386 ᾭδὴῖ
1393 2358 1400 2366 ⁸
1414 2351 1446 2377 Ol
1463 2350 1498 2377 ἐκ
1513 2349 1569 2384 τῆς
1589 2349 1745 2382 Ἰουδαίας.

1156 2410 1198 2438 ιδ’,
1213 2411 1253 2446 Τῇ
1268 2409 1315 2436 τοῦ
1340 2407 1494 2443 πνεύματος
1510 2407 1584 2439 ζέσει
1600 2407 1837 2442 πυρακτούμενοι,
1859 2409 1931 2434 Σῶ-

1117 2464 1177 2491 τερ,
1205 2456 1230 2482 οἱ
1254 2454 1401 2489 ἀθλοφόροι
1431 2462 1479 2480 σου
1507 2454 1539 2480 ἐκ
1567 2453 1752 2488 χειρώνακτος
1779 2453 1844 2487 βίου
1876 2457 1933 2482 καὶ

1118 2502 1243 2532 καύσεως
1258 2501 1382 2536 καμίνων
1399 2508 1440 2526 σοι
1467 2499 1630 2534 προσέσχον,
1645 2499 1692 2525 καὶ
1716 2498 1815 2525 ἔλαϐον
1848 2501 1935 2529 ἀνα-

1118 2549 1208 2584 ψυχὴν
1226 2548 1272 2574 καὶ
1286 2546 1401 2573 πλοῦτον
1418 2545 1466 2573 καὶ
1489 2545 1568 2578 δόξαν
1593 2545 1717 2572 αίωνίαν.
1742 2545 1938 2580 Τυραννίδος

1121 2594 1169 2629 μὲν
1184 2593 1275 2628 ἔργον,
1292 2591 1425 2618 ἐκδιδόναι
1437 2590 1547 2617 κολάσει
1558 2590 1622 2622 τοὺς
1640 2590 1806 2624 ἀγαπῶντας
1836 2592 1905 2619 Θεό
1915 2603 1937 2619 ι-

1119 2639 1187 2666 Θεοῦ
1212 2639 1242 2665 δὲ
1268 2637 1345 2669 αὖθις
1369 2637 1473 2671 οαῦμα,
1488 2635 1656 2662 οἰκειοῦσθαι
1685 2636 1822 2666 παντοίως
1857 2639 1939 2670 τοὺς

1121 2683 1203 2712 αὑτοῦ
1231 2687 1311 2718 χάριν
1335 2683 1499 2718 πάσχοντας,
1513 2678 1550 2708 ὧν
1576 2682 1626 2716 τῆς
1654 2682 1763 2717 μερίδος
1787 2682 1873 2710 εἰσὶν
1907 2688 1940 2712 οἱ

1121 2731 1194 2765 τρεῖς
1221 2730 1300 2764 ἡμῶν
1325 2729 1487 2762 προστάται.
1513 2728 1732 2763 Πυρακτούμενα
1751 2728 1820 2762 βέλη
1856 2733 1940 2757 καθ’

1123 2776 1202 2811 ἡμᾶν
1222 2775 1268 2802 τοῦ
1293 2775 1392 2810 Βελίαρ
1416 2774 1532 2801 σϐέσατε
1554 2774 1601 2800 νῦν
1617 2774 1755 2807 κραταιῶς
1780 2774 1804 2799 οι
1826 2780 1941 2811 ’τρεῖς⁹

1123 2823 1147 2848 οἱ
1173 2822 1222 2856 τῆς
1246 2821 1379 2856 μεγίστης
1406 2819 1545 2854 ἰσάριθμοι
1568 2819 1696 2853 Τριάδος,
1715 2819 1763 2845 καὶ
1776 2819 1944 2856 ἀνάψυξιν

1123 2867 1248 2902 ἕνδροσον
1261 2867 1321 2894 δότε
1332 2867 1410 2902 ἡμῖν,
1424 2867 1480 2897 τοῖς
1496 2865 1607 2901 θερμῶς
1621 2865 1687 2892 Θεὸν
1699 2864 1944 2898 ὑμνολογοῦοιν,
