1960 3074
268 172 319 203 287
353 188 357 194 -

610 171 631 199 E
638 168 822 199 USTATHII
843 169 986 198 THESSA
992 169 1065 199 LON
1072 169 1219 200 [CENSIS
1240 169 1266 198 M
1273 167 1520 197 E’I‘ROPOLlT/E

1840 162 1894 196 283

269 226 459 253 inﬂammavit.
476 225 592 254 Coalech
611 226 681 252 divae
696 225 768 252 arcis
784 225 865 252 limen
882 225 955 253 haud
971 226 1056 253 relin-

1118 227 1173 258 ἐὺς
1190 227 1334 262 ἐπύρωσεν
1350 226 1449 256 αὐτοὺς
1467 226 1508 256 εις
1531 225 1656 259 ἄθλησιν.
1676 223 1812 258 Οὐρανίας
1830 223 1891 257 ἀψί-

270 281 371 307 quens,
388 278 522 308 repertam
539 277 565 299 te
591 271 725 299 Dominus
747 271 920 304 inhabitavit,
943 277 970 299 et
991 280 1056 300 caro

270 318 329 352 ipse
344 319 432 346 factus
451 325 467 346 e
493 323 563 345 terra
579 325 629 345 uos
645 317 768 344 sustulit.
785 317 880 345 Gloria
895 308 956 350 tibi,
973 317 1056 353 Virgo

270 364 459 396 immaculata,
475 371 523 398 per
538 371 620 397 quam
633 363 748 390 relevati
759 371 868 391 smnus.

405 452 508 480 Cautus
524 457 655 487 quartus:
671 453 780 485 Audivi,
799 453 918 480 Domine.

307 510 351 536 ll.
371 509 464 537 Clavis
490 510 621 544 perforati
637 530 645 542 .
673 517 806 546 martyres
836 514 951 546 tyranno
965 511 1056 538 clavos

269 556 369 582 ruditis
382 556 607 588 tribulationum;
618 561 700 591 petrae
711 556 798 586 afﬁxi.
813 556 839 583 in
851 563 947 583 saxum
962 562 1056 590 stupo-

271 609 300 627 re
317 601 452 629 induratis
468 609 516 629 cor
526 601 646 629 ferreum
663 607 690 629 et
707 602 928 637 impenetrabile.
957 601 1055 629 Eleas

270 647 409 681 cunjicitis
425 647 549 682 sagittas,
567 647 667 682 quibus
683 647 824 674 fodiuntur
840 647 943 674 inimici
957 648 1013 678 Dei,
1028 651 1056 673 et

270 696 481 728 prosternuntur
503 693 579 719 ruina
609 693 792 726 irreparabili.
810 692 838 719 Si
867 692 969 719 ferrum
983 693 1056 719 velut

271 746 342 772 aqua
360 738 466 765 malleis
480 737 665 770 subter-ﬂuxit,
681 746 730 765 vos
748 738 844 765 saltem
863 738 913 765 fide
931 738 957 764 in
972 737 1055 765 Deum

273 784 359 810 solide
379 784 513 818 compacti
525 783 602 810 estis.
617 783 710 814 Audii.
737 783 779 809 vir
806 783 991 814 sanctissime,
1014 782 1056 809 vel

273 829 363 863 potius
379 834 508 864 expertus
526 836 586 856 sum
605 835 648 856 tua
664 828 798 856 miracula
814 837 821 862 ;
838 829 898 856 novi
918 834 991 855 tuam
1006 835 1056 863 po—

275 875 398 908 tentiam,
420 879 447 902 et
465 882 561 910 precor
575 880 604 902 ut
621 876 721 902 virtute
749 880 793 902 tua
815 879 950 910 protegar.

435 1008 538 1036 Cautus
550 1008 682 1042 quintus:
698 1006 753 1034 Nos
766 1006 898 1034 illumina.

313 1067 356 1094 12.
373 1067 486 1094 Multum
500 1074 608 1101 gregem
621 1065 795 1094 custodiebas
807 1085 814 1097 ,
845 1065 933 1092 Marce
952 1069 1057 1098 sancte;

274 1120 335 1147 quae
349 1117 438 1139 autem
454 1112 520 1144 Deo,
535 1111 612 1145 quasi
623 1115 668 1137 tua
685 1119 766 1138 manu
779 1130 785 1142 ,
803 1115 922 1138 mactata
951 1115 993 1137 est
1010 1111 1058 1137 tri-

276 1160 335 1194 p‘ex
348 1158 447 1190 bestia,
460 1162 545 1185 totum
559 1165 668 1192 gregem
684 1164 862 1192 supergressa
873 1161 925 1183 est.
936 1156 992 1183 lloc
1005 1156 1059 1183 luis

274 1205 400 1232 effectum
416 1209 456 1231 est
475 1204 614 1238 precibus,
631 1203 787 1230 beatissime
802 1202 902 1235 Marce,
919 1208 948 1230 ut
962 1204 1060 1231 fratres

275 1256 433 1278 catenarqu
452 1255 560 1277 tuarum
591 1248 662 1276 fabri
681 1249 709 1276 in
732 1257 794 1277 vasa
810 1248 858 1276 Dei
887 1250 1060 1277 sanctissima

275 1297 460 1325 [abuelierenh
490 1297 586 1324 Manus
610 1300 707 1324 vestra:
732 1301 910 1331 torpuerunt,
930 1304 947 1324 o
977 1297 1059 1329 beati,

278 1344 382 1370 malleis
397 1343 574 1377 percutiendo
592 1342 676 1369 Marci
687 1342 814 1373 vincula:
830 1350 881 1370 vox
908 1347 997 1369 autem
1011 1342 1060 1369 di-

278 1389 338 1414 vina
352 1388 460 1414 coalitus
473 1387 595 1413 animum
626 1386 704 1413 vobis
738 1387 837 1414 erexit.
857 1386 981 1414 lllumina
1010 1393 1060 1413 nos

279 1437 373 1465 noctu,
387 1433 453 1460 solis
472 1436 557 1459 mater
570 1431 730 1466 purissima,
744 1436 772 1459 et
787 1431 918 1466 dissipata
931 1431 1004 1458 omni
1018 1431 1060 1458 di-

278 1487 370 1506 rarqu
384 1478 500 1513 caligine
522 1477 743 1511 tribulationum,
768 1477 848 1505 nobis
874 1484 1002 1505 serenum
1017 1485 1061 1504 rc-

277 1526 377 1552 tribue.

453 1571 554 1599 Cantus
563 1576 656 1598 sextus
669 1579 676 1597 :
687 1571 722 1598 Et
734 1570 892 1598 Ecclesium.

314 1628 357 1655 15.
373 1628 425 1661 Qui
439 1628 502 1655 olim
519 1628 668 1661 piscatores
680 1627 796 1662 piscium
818 1627 883 1655 fecit
907 1627 1061 1662 piscatores

280 1674 433 1706 hominum,
451 1673 494 1701 hic
510 1680 568 1706 vos,
582 1673 690 1700 athletae
714 1672 834 1706 Domini,
860 1680 876 1700 a
904 1672 1062 1700 fabricando

279 1725 389 1747 catenas
401 1719 575 1754 diligentibus
590 1726 629 1751 sc,
646 1718 766 1745 traduxit
778 1718 811 1745 ad
832 1718 985 1745 cudcudum
1010 1718 1062 1745 tela

281 1765 547 1792 adversusiuimicos
562 1773 639 1793 suos.
652 1765 709 1792 lleu
728 1765 735 1792 l
749 1765 854 1791 fabrum
871 1769 1000 1799 expertus
1021 1768 1064 1792 est

280 1812 380 1839 Paulus
396 1811 594 1847 nequissimum
609 1815 635 1838 et
647 1811 819 1838 anathemate
830 1811 959 1846 dignum;
977 1811 1064 1839 bonus

280 1866 345 1885 vero
359 1858 505 1885 monticola
515 1858 620 1885 Marcus
638 1863 693 1885 tres
708 1857 799 1885 fabros
821 1857 920 1885 fratres
946 1857 1062 1891 subegit,

281 1913 350 1938 quos
364 1909 459 1932 contra
471 1912 499 1931 sc
512 1905 694 1939 procudentes
710 1906 742 1931 ad
757 1904 841 1931 Deum
857 1905 979 1932 adduxit.
996 1904 1066 1932 Red-

281 1951 350 1978 didit
379 1956 494 1986 tyranno
520 1951 679 1978 beatissima
707 1951 772 1978 trias
794 1950 884 1978 datam
912 1951 1064 1978 mercedem

283 1998 443 2032 eumpedum
469 1996 551 2024 Marci
569 2007 575 2030 ;
590 1998 636 2024 sed
654 1997 725 2024 Deus
742 1996 880 2024 meliorem
906 1999 1065 2030 reservavit,

283 2043 411 2077 deditque
423 2044 450 2070 in
465 2043 605 2078 praemium
625 2044 699 2078 regni
716 2044 836 2070 caelestis
852 2043 1065 2076 possessionem.

283 2088 380 2115 Preces
396 2088 546 2120 fundimus,
563 2096 579 2114 ο
597 2087 778 2119 sanctissime,
791 2091 818 2114 et
828 2094 940 2114 oramus
957 2092 982 2115 te
995 2088 1069 2115 salu-

285 2139 338 2160 tum
355 2141 362 2166 ;
378 2141 441 2160 cum
457 2133 540 2160 foveis
557 2132 823 2159 circumelaudamur
835 2132 868 2160 ab
878 2138 991 2160 auctore
1004 2133 1068 2161 mali

286 2185 406 2207 nostram
423 2179 450 2206 in
476 2179 622 2213 perniciem
651 2177 785 2210 suffossis,
814 2178 893 2205 nobis
927 2186 1068 2213 succurre,

285 2225 331 2260 qui
347 2230 445 2251 cuncta
462 2224 536 2250 vales
552 2224 585 2250 ad
598 2223 746 2258 perfectam
765 2223 845 2251 istius
862 2223 979 2252 ruinam.

1108 274 1151 305 δος
1169 273 1219 300 οὐκ
1235 272 1358 300 ἐκλιπὼν
1375 272 1478 307 Κύριος
1496 271 1569 298 θεῖον
1582 271 1708 305 οὐρανὸν,
1721 268 1845 304 εὑρηκώς
1862 278 1891 294 σε

1107 320 1136 345 ὲν
1159 320 1200 345 σοὶ
1224 319 1376 353 ἐσκήνωσε,
1402 318 1450 344 καὶ
1472 317 1542 352 σὰρξ
1563 316 1644 347 αὐτὸς
1669 315 1788 350 γεγονὼς
1808 315 1891 348 γῆθεν

1108 366 1182 400 ἡμᾶς
1205 365 1339 400 ὐπεξῆρε.
1354 364 1424 397 Δόξα
1439 372 1491 397 σοι,
1507 363 1674 398 πανάμωμε,
1694 363 1728 396 τῇ
1754 361 1892 395 ἁνυψώσει

1107 412 1196 447 ἡμῶν.

1289 451 1403 494 ’ῃδὴῑι
1430 458 1613 491 Είσακήκοα,
1637 457 1735 491 Κύριε.

1144 512 1190 539 ια’.
1207 512 1431 547 Προσηλούμενοι
1450 512 1599 547 μάρτυρες,
1618 511 1701 547 ἥλους
1715 511 1752 545 τῷ
1768 510 1892 545 τυράννῳ

1107 559 1230 592 πήγνυτε
1247 558 1364 593 θλίψεων
1377 566 1384 573 ·
1400 559 1433 593 τῇ
1453 558 1481 584 δὲ
1498 558 1586 592 πέτρᾳ
1610 557 1660 591 τῆς
1674 556 1802 592 ἡλὼσξως
1818 556 1892 583 ὲκλι-

1107 602 1187 629 θοῦτε
1204 603 1304 637 θάμὸει
1331 602 1377 629 τὸν
1397 602 1552 637 ἀτέραμνον
1577 601 1747 636 χαλκοτύπον
1761 602 1790 627 ὲν
1813 601 1893 627 πνεύ-

1109 658 1186 684 ματι.
1200 649 1269 682 Βέλη
1285 649 1501 684 χαλκευσάμενοι
1517 648 1659 682 ὲπαφίετε,
1673 648 1706 673 δι’
1728 644 1766 674 ὧν
1783 647 1894 682 βάλλον-

1107 704 1153 721 ται
1174 695 1266 730 ἐχθροὶ
1290 694 1337 720 τοῦ
1365 694 1432 721 Θεοῦ
1460 694 1506 721 καὶ
1530 694 1693 729 ριπτοῦνται
1718 692 1822 719 πτῶσιν
1844 693 1893 726 τὴν

1108 739 1264 774 ἀνέγερτον.
1279 740 1309 766 Εἰ
1327 740 1374 766 καὶ
1398 738 1506 773 σίδηρος
1529 738 1624 774 ἔρρεεν
1639 737 1711 772 ὕδωρ
1726 746 1752 763 τι
1767 736 1892 772 καθάπερ

1109 784 1379 819 σφυρηλατούμενος,
1393 784 1450 810 ἀλλ’
1465 783 1542 818 ὑμεῖς
1563 782 1749 817 ἐστερεώθητε
1765 782 1892 816 εὑπαγῶς

1107 831 1140 864 τῇ
1171 830 1261 856 πίστει
1289 832 1322 865 τῇ
1351 831 1391 861 είς
1418 826 1530 864 Κύριον.
1559 828 1728 863 Είσακήκοα,
1758 828 1892 861 πάναγνε,

1111 875 1211 910 μᾶλλον
1238 875 1266 902 δὲ
1293 875 1462 910 πεπείραμαι
1488 874 1544 900 τῶν
1568 874 1715 908 θαυμάτων
1731 882 1788 900 σου.
1808 873 1893 899 Κατε-

1071 913 1194 953 Βνόησα
1217 922 1247 947 τὸ
1273 922 1373 956 κράτος
1397 929 1462 952 σου,
1489 921 1536 946 καὶ
1561 919 1636 954 ζητῶ
1660 919 1836 955 φρουρεῖσθαι
1861 920 1892 954 τῇ

1110 966 1223 1000 δυνάμει
1244 975 1302 992 σου.

1323 1013 1382 1048 ᾩδὴ
1393 1004 1413 1039 ’ἑ
1427 1034 1434 1041 ,
1455 1014 1591 1041 Φὼτισον
1604 1013 1693 1048 ἡμᾶς.

1146 1067 1190 1101 ιβ’.
1220 1068 1343 1103 Ποίμνης
1368 1069 1417 1103 μὲν
1444 1068 1546 1103 πολλῆς
1576 1067 1767 1102 προεστάτεις,
1797 1066 1894 1101 Μάρκε

1110 1113 1170 1147 ἅγιε
1183 1121 1191 1128 ·
1210 1114 1227 1149 ἡ
1248 1113 1276 1140 δὲ
1299 1113 1359 1149 Θεῷ
1383 1113 1505 1146 τυθείσα,
1523 1113 1561 1144 ὠς
1581 1113 1625 1140 διὰ
1650 1113 1690 1145 σὲ,
1704 1112 1800 1147 τριττὴ
1816 1111 1896 1138 ουσία

1111 1159 1250 1194 ὑπερῆρεν
1268 1159 1341 1186 ἅπαν
1358 1159 1495 1194 ποίμνιον.
1515 1160 1616 1194 Ἔργον
1636 1159 1716 1185 τοῦτο
1731 1158 1783 1193 σῆς
1800 1159 1897 1192 εὐχῆς.

1111 1205 1208 1239 Μάρκε
1231 1205 1459 1240 παμμακάριστε,
1475 1205 1538 1235 τοὺς
1555 1204 1611 1230 τῶν
1635 1204 1744 1239 δεσμῶν
1761 1212 1808 1229 σου
1832 1205 1899 1237 χαλ-

1110 1250 1210 1281 κευτὰς
1233 1250 1364 1285 ἀδελφοὺς
1393 1249 1633 1285 χαλωυργηθῆναι
1657 1249 1698 1280 είς
1722 1248 1808 1282 σκεύη
1827 1247 1897 1274 Θεοῦ

1112 1297 1240 1331 πανίερα.
1259 1297 1361 1332 Χείρες
1377 1297 1428 1331 μὲν
1443 1296 1517 1330 ὑμῖν,
1533 1293 1555 1323 ὦ
1585 1295 1728 1330 μακάριοι,
1745 1295 1902 1330 ὲνήρκεσαν

1112 1343 1334 1378 σφυρηλατοῦσαι
1358 1343 1392 1368 τὰ
1415 1341 1461 1369 τοῦ
1488 1342 1602 1376 Μάρκου
1629 1341 1739 1376 δεσμά·
1765 1340 1843 1375 φωνὴ
1869 1340 1902 1366 δὲ

1112 1389 1172 1415 θεία
1194 1389 1292 1423 ὑψόθεν
1316 1388 1410 1423 αὐχεῖν
1432 1387 1600 1424 ἐπέρρωσεν.
1627 1386 1730 1418 Φώτιζε
1752 1387 1826 1420 ἡμᾶς
1851 1395 1899 1412 νυ-

1111 1434 1185 1466 κτὸς,
1199 1434 1275 1468 ἡλίου
1292 1433 1379 1468 μῆτερ
1402 1434 1481 1468 ἁγνὴ,
1499 1433 1548 1459 καὶ
1572 1433 1663 1459 πᾶσαν
1687 1432 1820 1458 σκότωσιν
1843 1430 1901 1456 δει-

1112 1479 1166 1507 νῶν
1192 1479 1355 1515 πειρασμῶν
1383 1478 1590 1514 ἁπαγαγοῦσα.
1618 1478 1669 1514 τὴν
1694 1477 1806 1511 αίθρίαν
1833 1477 1902 1511 ἡμῖν

1113 1525 1241 1562 βράόευε.

1258 1574 1321 1609 ᾫδὴ
1331 1566 1360 1606 ξ
1371 1581 1379 1590 ο
1405 1573 1462 1601 Καί
1472 1573 1529 1607 τὴν
1545 1572 1744 1606 Ἐκκλησίαν.

1150 1629 1195 1664 ιγ’.
1217 1629 1246 1656 Ὀ
1260 1629 1344 1656 πάλαι
1357 1629 1420 1660 τοὺς
1436 1628 1523 1659 ἁλιεῖς
1539 1627 1594 1654 τῶν
1610 1627 1710 1661 ἰχθύων
1726 1626 1810 1655 ditat;
1834 1625 1904 1651 ἀπο-

1113 1676 1225 1707 τελέσας
1247 1674 1411 1711 ἀνθρώπων,
1432 1671 1509 1705 οὗτος
1524 1674 1607 1708 ὑμᾶς,
1622 1672 1767 1707 ἀθλοφόροι
1783 1671 1902 1705 Κυρίου,

1115 1725 1146 1751 ὲκ
1160 1723 1207 1751 τοῦ
1221 1723 1363 1759 χαλκεύειν
1377 1722 1465 1757 δεσμὰ
1477 1722 1534 1754 τοῖς
1559 1721 1690 1748 ποθοῦσιν
1714 1720 1796 1746 eam
1817 1720 1906 1753 μετὴ-

1114 1777 1185 1804 γαγε
1204 1769 1354 1804 βελοποιεῖν
1368 1768 1439 1795 κατὰ
1454 1767 1508 1794 τῶν
1531 1766 1715 1801 παλαμναίων
1730 1764 1777 1799 ὲχο
1784 1765 1838 1798 ρῶν
1852 1764 1905 1790 τοῦ

1115 1814 1195 1842 Θεοῦ.
1212 1815 1244 1840 Ὢ
1265 1814 1387 1849 χαλκέως
1411 1814 1460 1848 μὲν
1477 1811 1611 1847 ἐπειράθη
1633 1813 1647 1838 ό
1671 1810 1776 1841 Παῦλος
1793 1817 1908 1843 παγκα-

1117 1860 1210 1887 κίστου
1225 1861 1272 1887 καὶ
1286 1860 1363 1893 ἀξίου
1377 1859 1502 1894 κατάρας
1515 1867 1522 1874 ·
1538 1859 1553 1885 ὁ
1569 1858 1597 1884 δὲ
1615 1857 1698 1889 καλὸς
1723 1856 1908 1891 ὀρεσίτροφος

1116 1906 1230 1941 Μάρκος
1266 1907 1340 1941 τρεῖς
1373 1906 1506 1940 ἀδελφοὺς
1534 1904 1696 1945 ,χαλκευτὰς
1732 1903 1908 1937 ὑπηγάγετο,

1118 1952 1299 1987 χαλκεύοντας
1328 1951 1377 1987 μὲν
1405 1952 1466 1978 κατ’
1497 1950 1592 1982 αὑτοῦ,
1617 1949 1652 1976 δι’
1681 1949 1764 1975 αὑτοῦ
1791 1948 1820 1974 δὲ
1846 1948 1910 1982 Θεῷ

1119 1998 1380 2033 προσχωρήσαντας.
1412 1997 1608 2033 Ἀντέστρεφον
1635 1994 1674 2029 τῷ
1700 1994 1826 2028 τυράννῳ
1856 1993 1911 2028 τὴν

1119 2044 1194 2071 δόσιν
1208 2045 1225 2079 ἡ
1241 2043 1385 2075 πανόλϐιος
1400 2043 1488 2078 τριὰς,
1504 2043 1553 2078 τὴν
1577 2042 1701 2068 δοθεῖσαν
1718 2041 1787 2075 ὑπὲρ
1807 2040 1914 2074 μισθοῦ

1119 2090 1174 2117 τῶν
1192 2090 1301 2125 δεσμῶν
1326 2089 1381 2116 τῶν
1401 2089 1447 2116 τοῦ
1462 2089 1593 2123 Μάρκου·
1609 2089 1623 2115 ὁ
1637 2087 1665 2114 δὲ
1691 2086 1758 2118 Θεὸς
1775 2086 1913 2120 ἐταμίευε

1120 2137 1277 2171 κρείττονα,
1292 2135 1341 2162 καὶ
1363 2135 1478 2162 δέδωκεν
1493 2135 1532 2166 εις
1554 2134 1661 2170 δωρεὰν
1686 2133 1811 2167 οὐρανῶν
1827 2132 1914 2166 βασι-

1120 2181 1197 2212 λείας
1223 2180 1384 2208 ἀπόλαυσιν.
1411 2181 1466 2216 Τὴν
1491 2180 1584 2216 δέησιν
1607 2179 1753 2214 ἐκχέομεν,
1770 2179 1914 2210 πάνσιγνε,

1120 2226 1168 2252 καὶ
1191 2225 1341 2260 αἰτούμεθα
1356 2226 1388 2252 ὲκ
1405 2225 1453 2251 σοῦ
1480 2225 1631 2260 σωτηρίαν,
1646 2225 1687 2250 ὅτι
1709 2223 1818 2254 πολλοῖς
1834 2232 1916 2257 πυρ-

284 2271 443 2306 γηρούμεθα
472 2269 595 2303 λάκκοις,
631 2269 678 2302 οὓς
701 2269 763 2297 καθ’
790 2270 871 2305 ήμῶν
895 2271 909 2296 ὁ
932 2270 1087 2305 ὰρχέκακος
1123 2270 1245 2307 ὤρυξεν·
1266 2271 1313 2303 οὓς
1337 2271 1470 2306 βοήθησον
1497 2270 1535 2302 ὡς
1561 2269 1715 2305 πανσθενὴς
1738 2270 1778 2301 είς
1802 2270 1917 2296 ἐκείνου

284 2318 390 2344 τελείαν
404 2316 551 2344 ἀπώλειαν.

425 2366 527 2408 Cantus
537 2366 687 2401 septimus:
705 2365 765 2392 Tres
777 2373 808 2392 ex
818 2365 927 2393 Iudaea.

323 2424 366 2451 ιι.
376 2423 493 2450 Fcrvore
504 2423 617 2458 spiritus
626 2422 747 2456 accensi,
758 2430 774 2450 ο
787 2422 923 2455 Salvator,
934 2422 971 2449 tui
985 2422 1071 2449 athle-

286 2474 319 2497 tae
343 2470 375 2497 dc
397 2470 487 2496 fabrili
501 2471 554 2496 vita
569 2474 596 2496 et
611 2468 780 2496 ﬂammarum
809 2468 917 2495 camino
932 2468 966 2495 ad
987 2473 1012 2495 te
1027 2475 1072 2496 ac-

285 2519 436 2547 cesserunt,
462 2519 489 2542 ct
515 2518 677 2549 receperunt
703 2514 876 2549 refrigerium
905 2514 1071 2548 divitiasque

287 2567 314 2586 rt
330 2561 442 2595 gloriam
458 2566 597 2587 aeternam.
611 2559 729 2595 Tyraum
753 2559 864 2594 quidem
889 2563 932 2586 est
959 2558 1069 2586 tradere

288 2606 431 2634 tormentis
455 2605 598 2640 diligentes
624 2606 708 2633 Deum
725 2606 794 2639 ςεοά
826 2605 988 2633 miraculum
1017 2605 1071 2632 Deo

287 2654 409 2688 diguum,
420 2652 473 2680 sibi
489 2652 608 2687 perfecte
622 2652 700 2679 unire
714 2659 762 2686 pro
777 2659 806 2680 se
818 2652 962 2686 patientes,
973 2658 988 2678 e
1004 2658 1071 2685 quo-

289 2706 349 2725 rum
363 2703 436 2725 sorte
448 2703 512 2726 sunt
527 2703 580 2726 tres
593 2697 679 2725 nostri
695 2698 813 2733 patroni.
825 2697 902 2732 Ignea
913 2697 996 2724 Belial
1006 2704 1073 2724 cou—

290 2751 330 2772 tv'a
343 2753 394 2772 nos
410 2745 461 2772 tela
478 2752 550 2772 nunc
564 2744 740 2779 exstinguite,
756 2753 772 2771 ο
787 2744 853 2771 trias
880 2751 929 2779 par
956 2750 1072 2770 numero

293 2791 418 2818 maximae
431 2790 569 2822 Triuitati,
588 2794 615 2818 et
640 2790 811 2826 refrigerium
840 2790 956 2817 irr0rate
982 2789 1074 2822 nobis,

291 2839 338 2871 qui
355 2836 466 2864 fervidis
482 2836 565 2863 Deum
583 2836 690 2872 hymnis
702 2836 881 2864 celebramus.
895 2834 963 2862 Tres
975 2842 1008 2862 ex
1023 2834 1073 2862 Ju-

292 2883 350 2910 (ιω
362 2883 453 2911 felices
465 2883 541 2918 pueri
553 2883 579 2910 iu
591 2882 714 2911 flammas
729 2882 844 2910 immissi
858 2888 965 2917 partum
983 2885 1072 2914 tuum,

1289 2355 1381 2399 ᾭδὴξ
1397 2371 1405 2378 ·
1418 2364 1450 2390 οι
1467 2363 1502 2390 ἐκ
1517 2361 1573 2397 τῆς
1593 2362 1750 2394 Ἰουδαίας.

1160 2423 1202 2451 ιδ’.
1217 2424 1257 2459 Τῇ
1273 2422 1320 2449 τοῦ
1345 2421 1499 2456 πνεύματος
1515 2420 1589 2453 ζέσει
1603 2419 1836 2455 πυρακτοὺμενοι,
1855 2421 1919 2446 Σῶ-

1121 2478 1182 2504 τερ.
1209 2469 1234 2496 οἱ
1258 2467 1406 2502 ἀθλοφόροι
1435 2475 1483 2493 σου
1511 2468 1544 2493 εκ
1571 2465 1756 2501 χειρώνακτας
1783 2465 1842 2500 βίου
1869 2467 1920 2494 καὶ

1122 2515 1247 2546 καύσεως
1263 2514 1386 2549 καμίνων
1403 2521 1444 2539 σοι
1471 2512 1634 2547 προσέσχον,
1649 2512 1696 2538 καὶ
1721 2511 1818 2538 ἔλαϐον
1845 2513 1922 2540 ἁνα-

1123 2562 1212 2597 ψυχὴν
1230 2561 1277 2587 καὶ
1291 2559 1406 2586 πλοῦτον
1423 2559 1470 2586 καὶ
1494 2558 1573 2592 δόξαν
1598 2558 1722 2585 αίωνίαν.
1746 2558 1923 2593 Τυραννίδος

1125 2607 1174 2642 μὲν
1188 2606 1279 2641 ἔργον,
1296 2604 1430 2631 ἐκδιδόναι
1441 2603 1551 2630 κολάσει
1563 2603 1626 2638 τοὺς
1644 2603 1811 2637 ἀγαπῶντας
1835 2603 1922 2630 ΘΞόΙ⁵

1124 2652 1192 2679 Θεοῦ
1217 2652 1246 2678 δὲ
1273 2651 1349 2682 αὖθις
1373 2650 1478 2685 θαῦμα,
1493 2648 1661 2676 οἰκειοῦσθαι
1690 2648 1823 2680 παντοίως
1852 2649 1923 2680 τοὺς

1126 2697 1207 2725 αὑτοῦ
1236 2700 1316 2732 χάριν
1339 2691 1554 2731 πάσχοντας,ὧν
1580 2695 1630 2729 τῆς
1659 2695 1768 2730 μερίδος
1791 2695 1866 2721 εἰσὶν
1895 2698 1924 2722 οἱ

1125 2744 1199 2779 τρεῖς
1225 2743 1305 2778 ἡμῶν
1329 2741 1491 2776 προστάται.
1517 2740 1737 2776 Πυρακτούμενα
1755 2740 1822 2775 βέλη
1852 2741 1924 2767 καθ’

1127 2789 1206 2825 ἡμᾶν
1226 2789 1272 2815 τοῦ
1297 2788 1396 2824 Βελίαρ
1420 2787 1536 2814 σὸέσατε
1558 2787 1605 2813 νῦν
1621 2787 1759 2820 κραταιῶς
1784 2788 1809 2813 oi
1826 2789 1925 2821 τρεῖς,

1128 2836 1151 2861 οί
1178 2835 1226 2870 τῆς
1251 2834 1384 2869 μεγίστης
1411 2832 1550 2867 ίσάριθμοι
1573 2832 1701 2865 Τριάδος,
1720 2831 1768 2858 καὶ
1781 2832 1926 2866 dividivi”

1128 2881 1253 2916 lv890¢ov
1265 2880 1325 2907 δότε
1336 2880 1414 2915 ἡμίν,
1428 2880 1484 2910 τοῖς
1501 2878 1612 2914 θερμῶς
1625 2878 1692 2905 θεὸν
1704 2877 1925 2911 ὺμνο).ογοῡσιν.
