1960 3074
129 169 180 203 305

415 169 477 204 DE:
496 174 735 207 OBEDIENTJA
767 177 1033 211 MAGISTRATU!
1054 181 1290 214 CliRlSTlANO
1319 184 1472 215 DEBITR.

1702 163 1755 219 366

129 226 221 262 ἐχρῆν,
234 225 400 262 μοχθοῦντες
415 229 463 255 καὶ
473 229 507 256 τὰ
521 230 581 256 κατ’
597 230 684 266 αὐτὴν
698 231 777 266 ἔργα,
799 232 860 259 οὐδὲ
884 234 912 259 ὲν

974 243 1052 270 neque
1079 241 1174 270 terrm,
1212 239 1250 266 uti
1283 240 1409 274 decebat,
1447 240 1608 268 exercenda:
1641 249 1753 276 operam

131 272 220 306 ίδρῶτι
235 273 382 308 προσώπου
397 275 574 309 ποριζόμενοι
591 276 684 312 ἄρτον,
699 278 759 304 οὐδὲ
776 278 843 314 πρὸς
869 279 913 305 λό-

130 325 174 352 γον
191 318 291 350 ζῶντες
312 319 360 346 καὶ
372 320 554 354 βιοῦντες,ὼς
576 324 590 349 ό
607 322 673 353 Θεὸς
701 323 812 358 ὥρισεν,
844 325 913 352 ἀλλὰ

131 365 198 391 κατὰ
217 365 293 399 σφῶν
308 365 396 392 αὐτῶν
414 367 608 402 ἀπανθρώπως
639 369 838 404 ἔρεθιζόμενοι,
866 371 913 397 καὶ

131 409 260 445 ἀλλήλους
282 412 465 446 ταράσσοντες
480 414 527 440 καὶ
543 415 710 449 ἀράσσοντες
724 415 771 441 καὶ
793 416 915 451 σπαράτ-

131 464 230 489 τοντες,
259 458 303 483 καὶ
328 459 417 485 πάντα
447 460 564 494 δρῶντες
584 461 657 487 κακὰ
675 461 714 493 είς
732 462 795 493 τοὺς
812 462 914 497 ὁμοίως

131 503 218 533 αὐτοῖς
232 503 405 539 ἀνθρώπους,
419 505 453 531 δι’
465 502 502 532 ὧν
526 505 559 533 ἂν
573 507 673 533 ἐκεῖνοι
700 508 750 542 τὴν
773 508 833 534 τότε
863 517 915 543 μα-

132 548 265 582 κροζωταν
298 549 491 582 ἀπεύξωνται,
517 551 551 585 ἢν
580 552 672 583 αὐτοῖς
711 553 871 588 παρέτεινεν
901 555 916 581 ό

131 594 204 626 Sede.

160 643 192 668 ε’.
209 640 242 666 Τί
255 638 302 667 οὖν
312 641 362 667 οὐκ
380 641 413 668 ἂν
431 642 538 669 ἐποίουν
554 643 594 675 είς
609 643 752 679 διόρθωσιν
765 645 790 671 οί
806 646 853 671 καὶ
864 646 916 680 τὴν

130 685 262 719 δάκρισιν
281 687 329 713 καὶ
341 687 386 713 τὸν
405 687 521 722 ἀριθμὸν
541 688 647 724 μέτριοι
665 689 803 724 ἄνθρωποι
840 691 914 724 τότε,

131 732 152 758 οἷ
167 733 234 767 πρὸς
252 732 291 767 τῷ
305 732 375 766 Θεῷ,
390 733 414 759 oi
430 734 501 760 κατὰ
524 734 617 768 φύσιν,
645 736 670 761 oi.
694 736 814 770 εὐγενῶς
839 737 917 764 Ἀδα-

133 780 228 813 μεαῖοι,
249 778 481 815 οὒςήάγαθότης
503 780 642 814 ἐδιδάξατο
667 781 717 817 τὴν
741 781 836 816 ἱλαρὰν
868 782 917 809 άν-

132 824 311 859 θρωπότητα;
325 826 350 852 τί
364 826 392 852 δὲ
422 826 472 853 οὐκ
487 826 520 853 ἂν
538 826 690 861 μεθώδευον
702 827 852 862 θυμόσοφοι
883 827 918 855 τὰ

132 873 158 902 ἐς
171 871 360 906 φιλαδελφίαν,
376 872 507 907 μενοῦνγε
519 873 643 908 θεόσοφοι
669 873 744 905 ὄντες
761 882 769 907 ;
804 873 861 906 πῶς
889 875 916 901 δὲ

131 919 159 943 οἰδ
177 917 215 951 μὴ
226 917 402 953 ὲνεπυρίζετο
415 919 449 945 τὰ
461 919 605 954 σπλάγχνα
616 920 740 952 ἐκείνοις,
755 920 802 946 καὶ
818 921 833 955 ἡ
848 929 916 956 καργ

130 961 170 987 δία
181 961 301 994 ἐκαίετο,
311 962 381 989 οὕτω
397 962 443 989 τοῦ
460 964 531 990 κατὰ
545 963 690 999 ἄνθρωπον
703 964 775 991 θείου
788 965 915 1000 πλάσμα-

130 1017 172 1039 τος
194 1008 282 1044 βραχύ
310 1018 337 1036 τι
374 1009 516 1042 παντελῶς
547 1010 735 1046 ἦλα-κτωμένου
766 1011 916 1048 Θηριώδους

131 1055 351 1090 κακεντρεχεῐας,
365 1055 449 1090 μόνης
460 1055 508 1091 τῆς
522 1057 568 1082 ἐπὶ
582 1056 723 1092 τεσσάρων
736 1057 841 1092 βάσεως
853 1059 916 1085 ἐπι-

130 1101 278 1137 λειπούσης
290 1102 385 1134 αὐτοῖς
403 1103 444 1134 είς
460 1111 492 1137 γε
504 1103 553 1137 τὴν
567 1105 635 1138 πρὸς
663 1103 748 1140 θηρία
767 1105 841 1131 δεινὰ
869 1106 917 1133 καὶ

130 1148 327 1184 ἁίλθρωποὸόρα
345 1149 472 1180 ὲξέσωσιν
487 1151 534 1176 καὶ
549 1149 680 1184 ὁμοίωσιν
694 1159 702 1184 ;

165 1199 202 1227 ς’.
216 1193 254 1221 ἿΙ
270 1196 379 1227 πάντως
394 1195 492 1231 ἔχομεν
509 1197 541 1223 ὲκ
556 1196 609 1222 τῶν
637 1197 750 1224 εἰκότων
769 1199 917 1224 συνεννοεῖ-

131 1241 204 1273 σθαι,
222 1241 259 1273 ὡς
269 1241 365 1277 πρῶτα
378 1241 426 1276 μὲν
445 1241 626 1277 ἀπωδῦραντο
646 1242 679 1269 ἃν
690 1243 823 1278 ὲγκάρδια
843 1243 915 1270 κατὰ

131 1289 198 1322 σφᾶς
213 1287 311 1317 αὐτοὺς
328 1288 353 1313 oi
377 1287 475 1321 ἀγαθοὶ
491 1289 590 1315 ἐκείνοι
607 1288 757 1324 ἄνθρωποι,
770 1289 913 1324 κορεσθέν-

130 1343 172 1366 τες
189 1334 346 1369 καταμόνας
357 1333 483 1368 δακρύων
501 1342 509 1349 ο
537 1333 596 1361 εἶτα
624 1335 730 1369 μέτριοί
757 1343 840 1367 τινες,
869 1335 916 1367 οὓς

129 1381 158 1407 τὸ
169 1382 238 1407 κατὰ
255 1382 337 1415 φύσιν
350 1380 421 1406 Θετον
432 1380 557 1415 ζὼπυρον
570 1380 739 1415 άνεθέρμανε
764 1379 917 1416 φιλανθρω-

131 1426 292 1458 πεύσασθαι,
311 1427 350 1458 είς
379 1426 408 1453 ἓν
430 1426 602 1458 συνελθόντες
628 1425 737 1461 βουλῆς,
768 1426 918 1461 ἑσκέψαντο

130 1474 173 1506 ἂν,
187 1474 214 1500 τι
228 1473 430 1508 τεχνησάμενοι
450 1473 665 1500 άνακαλέσονται
676 1473 721 1500 τὸν
737 1473 852 1500 παλαιὸν
867 1474 916 1500 ἄν·

131 1520 249 1555 θρωπον.
271 1520 307 1546 Τδ
332 1520 361 1546 δὲ
377 1519 502 1546 ἐντεῦθεν
520 1519 735 1555 ὲντεθυμημένοι
752 1519 850 1555 πρῶτα
870 1520 916 1545 τὸν

968 288 1080 316 navant,
1099 291 1188 319 neque
1210 285 1236 312 in
1257 285 1359 313 sudare
1386 286 1465 314 faciei
1483 295 1580 322 panem
1608 288 1755 323 acquirere

967 331 1146 363 contendunt,
1176 339 1264 366 neque
1288 333 1438 360 secundum
1463 334 1609 367 rationem,
1622 334 1660 362 uti
1681 334 1755 364 Deus

967 377 1109 411 praecepit,
1127 377 1208 404 vitam
1228 385 1258 405 ac
1279 385 1369 406 mores
1386 378 1516 414 dirigunt,
1543 379 1590 406 sed
1606 384 1702 407 contra
1724 388 1755 408 se

967 420 1039 455 ipsos
1064 421 1178 450 invicem
1200 423 1348 451 crudeliter
1374 425 1529 458 insurgunt,
1563 425 1754 460 perturbantes

970 475 1031 495 sese
1047 476 1078 496 ac
1096 469 1264 498 oﬂ'endenles
1283 477 1309 497 et
1324 470 1488 501 lacerantes.
1502 476 1529 498 et
1542 471 1630 498 omnis
1644 472 1755 506 generis

970 512 1039 539 mala
1059 513 1179 541 inferunt
1200 514 1235 541 iis
1253 514 1298 548 qui
1317 522 1392 549 mepte
1413 521 1444 541 ac
1462 515 1512 549 ipsi
1530 514 1655 542 homines
1671 508 1755 547 sunt,

968 557 1036 582 adeo
1057 561 1087 583 ut
1106 556 1144 584 illi
1170 557 1230 584 vitm
1257 558 1464 592 longmvitalem,
1488 565 1503 584 a
1524 558 1577 585 [leo
1600 558 1666 593 ipsis
1691 566 1757 586 con-

969 607 1085 631 cessam,
1104 601 1202 628 misere
1217 601 1395 629 detestentur.

1007 644 1032 671 5.
1051 644 1119 677 Quid
1136 645 1216 679 igitur
1239 652 1292 672 non
1309 646 1432 673 fecerunt
1451 646 1483 673 ad
1508 645 1646 673 meliorem
1662 647 1756 674 condi-

970 690 1069 717 tionem
1087 690 1269 717 reduccndam
1290 692 1369 726 pauci
1396 691 1521 719 homines
1543 692 1580 718 illi
1596 692 1756 726 prudentes.

970 736 1024 764 Deo
1050 737 1164 772 accepti,
1188 743 1292 765 natura:
1318 739 1512 766 convenienter
1537 739 1670 773 virentes,
1697 741 1753 766 veri

969 781 1065 808 Adami
1082 782 1193 815 posteri,
1205 789 1273 816 quos
1288 782 1357 809 bona
1373 783 1490 816 ipsorum
1503 783 1608 810 indoles
1621 783 1753 818 placidam

971 826 1084 853 docebat
1103 827 1321 854 humanitatem?
1344 827 1412 859 Quid
1437 836 1488 854 non
1512 829 1700 862 cxcogitarunt
1717 829 1754 855 illi

969 873 1015 908 qui
1032 880 1045 899 a
1064 872 1167 900 ratione
1182 880 1241 905 sua,
1260 873 1299 899 vel
1310 873 1396 907 potius
1407 881 1420 900 a
1433 874 1497 906 Deo,
1514 874 1552 900 ad"
1563 875 1675 901 fratrum
1692 875 1757 902 cha-

970 918 1076 945 ritatem
1095 918 1304 946 stimulabantur
1316 919 1331 945 ?'
1343 918 1484 952 Quomodo
1501 921 1603 947 viscera
1626 920 1678 947 illis
1701 928 1754 947 nan

970 965 1134 992 inﬂammata
1159 968 1234 995 sinit.
1253 965 1388 999 quomodo
1401 972 1448 992 cor
1464 973 1517 992 non
1543 966 1676 999 exarduit,
1695 974 1755 994 cum

969 1012 1094 1039 viderent
1110 1011 1228 1038 divinam
1245 1016 1412 1043 creaturam,
1427 1011 1563 1038 hominem
1578 1012 1648 1044 dico,
1662 1013 1757 1040 bestiis

970 1057 1161 1091 propemodum
1184 1063 1245 1084 esse
1271 1056 1437 1089 inferiorem,
1466 1058 1501 1083 ita
1529 1062 1555 1084 ut
1574 1058 1606 1084 ad
1632 1058 1757 1084 εἰιιιίιιιυ-

970 1101 1060 1127 dinem
1085 1100 1232 1127 bestiarum
1260 1100 1376 1127 ferarum
1405 1107 1486 1135 atque
1515 1101 1663 1129 crudelium
1689 1102 1757 1129 nihil

970 1145 1027 1173 fere
1048 1146 1175 1173 deﬁceret
1191 1146 1241 1174 nisi
1269 1151 1297 1173 ut
1313 1152 1428 1181 quatuor
1448 1147 1562 1182 pedibus
1577 1147 1758 1175 incederent?

1007 1193 1033 1221 6.
1060 1193 1131 1220 Sane
1156 1201 1169 1221 a
1190 1201 1256 1221 vero
1281 1194 1353 1221 hami
1376 1194 1575 1227 aberrabimus,
1602 1195 1624 1221 si
1649 1195 1758 1222 conclu-

971 1240 1060 1266 dimus
1074 1239 1135 1266 illos
1152 1239 1274 1267 homines
1290 1240 1387 1274 probos
1412 1239 1528 1273 primum
1549 1247 1655 1266 summo
1672 1239 1755 1266 animi

971 1293 1089 1313 mmrore
1112 1285 1224 1312 ati‘ectos
1251 1285 1431 1319 larrymarum
1452 1284 1555 1319 copiam
1584 1284 1735 1320 profudisse
1749 1305 1755 1316 .

971 1331 1070 1358 deinde
1086 1337 1187 1364 paucos
1201 1330 1344 1364 quosdam,
1361 1329 1468 1356 fervore
1487 1329 1578 1356 divino
1591 1329 1624 1356 ad
1641 1329 1755 1356 fratrum

971 1384 1091 1403 amorem
1106 1377 1250 1407 excitatos,
1272 1375 1442 1402 consultandi
1458 1383 1537 1403 causa
1556 1375 1716 1403 convenisse
1729 1380 1757 1402 et

972 1423 1005 1448 dc
1036 1422 1136 1455 optima
1172 1420 1366 1448 deliberavisse
1409 1420 1514 1447 ratione
1545 1428 1597 1454 qua
1636 1425 1755 1447 veterem

972 1468 1108 1494 hominem
1126 1471 1294 1494 revocarent.
1309 1467 1376 1493 Tum
1399 1466 1488 1502 primo
1505 1466 1588 1493 Deum
1605 1470 1755 1494 creatorem

972 1514 1063 1541 animo
1077 1513 1126 1540 sibi
1146 1517 1372 1546 repraesentantes
1394 1512 1567 1545 invocarunt,
1583 1517 1612 1539 ut
1627 1512 1757 1539 mundum

131 1566 254 1600 πλάστην
267 1566 380 1600 Κύριον,
421 1566 468 1592 καὶ
496 1565 739 1600 θεοκλυτήσαντες,
763 1565 917 1601 amonem

973 1568 1048 1587 suum
1063 1559 1191 1595 respiciat
1213 1566 1370 1586 conversum
1387 1559 1419 1586 ad
1436 1559 1638 1594 improbitatem
1654 1563 1680 1585 et
1694 1566 1757 1593 per-

132 1612 179 1638 int
193 1612 238 1637 τὸν
250 1611 352 1646 κόσμον
364 1611 447 1638 αὑτοῦ
467 1613 699 1647 περιτρεπόμενον
717 1613 756 1643 εἰς
781 1614 918 1647 ἀκοσμίαν

132 1659 179 1684 καὶ
198 1657 465 1693 ἀνασκευαζόμενον,
475 1659 524 1685 καὶ
542 1658 579 1693 μὴ
597 1659 778 1693 ἀνασχέσθαι,
793 1660 918 1695 πρόὸατα

132 1705 183 1739 μὶν
198 1704 245 1730 καὶ
262 1703 326 1738 βόας
353 1703 401 1729 καὶ
423 1703 499 1730 ἅπαν
529 1703 625 1738 θηρίον
647 1704 821 1739 διεξάγεσθαι
847 1707 918 1734 κατὰ

133 1750 225 1784 φύσιν,
236 1750 273 1781 ὡς
285 1749 450 1785 ἐτάχθησαν,
460 1750 491 1776 τὺ
504 1749 532 1776 δὲ
545 1750 695 1777 θεοείκελον
711 1751 793 1778 αὑτοῦ
806 1752 919 1787 πλάσμα.

133 1795 346 1831 παραποιεῶθαι
359 1796 509 1829 ἀλογίστως
524 1796 563 1827 είς
576 1796 720 1831 ἀλλοφυὲς,
732 1798 921 1833 παρεκλήτευ-

133 1851 183 1869 (αν
209 1842 254 1875 ἂν,
283 1842 320 1877 μὴ
347 1841 470 1876 παριδεῖν
493 1842 540 1868 τὸν
568 1841 721 1876 ἄνθρωπον,
750 1845 796 1870 καὶ
828 1845 918 1871 αὐτῶν

132 1888 245 1923 ἀψύχων
259 1888 300 1919 είς
315 1887 427 1914 ἔλαττον
451 1886 656 1919 διεκπίπτοντα,
677 1888 757 1923 εἴπερ
781 1889 850 1916 αὐτὰ
868 1889 919 1924 μὲν

131 1935 241 1969 ἡρεμεϊ,
257 1934 348 1968 καὶτῇ
368 1933 457 1959 κτίσει
468 1932 628 1967 λυμαίνεται
658 1934 699 1965 είς
721 1934 810 1967 οὐδὲν,
841 1935 855 1961 δ
889 1935 918 1961 δὲ

131 1979 299 2015 τεταγμένος
325 1978 373 2006 ἐπὶ
400 1979 520 2012 πάντων,
545 1978 593 2005 καὶ
621 1975 652 2005 οὗ
672 1980 753 2015 χάριν
778 1981 811 2007 τὰ
831 1981 920 2008 πάντα

131 2026 242 2059 γέγονε,
256 2024 378 2060 παράγει
393 2024 444 2060 τὴν
459 2025 620 2061 εὐκοσμίαν,
637 2022 678 2057 οἷς
691 2026 788 2053 ἑαυτὸν
816 2027 919 2062 ἀπάγει

132 2070 326 2103 ἐξαναλίσκων,
343 2070 390 2097 καὶ
405 2070 562 2105 φιλονεικεῖ,
578 2071 762 2107 ἀπάνθρωπον
778 2073 918 2108 καταστῆ-

133 2125 180 2144 σαι
199 2116 245 2143 τὸν
257 2117 361 2151 κόσμον
379 2117 426 2144 καὶ
442 2117 516 2152 (τόγε
532 2118 572 2149 είς
590 2116 671 2144 αὐτὸν
699 2115 778 2154 ἧκον)
806 2117 922 2145 ἀδέσποο

131 2170 189 2190 τον.
214 2161 408 2197 Ἑδυσώπησαν
436 2162 465 2188 δὲ
482 2163 516 2190 ἂν
530 2163 576 2190 τὸν
585 2163 757 2198 ὑπεράγαθον
768 2165 918 2200 Δεσπάτην,

131 2209 180 2234 καὶ
198 2207 267 2242 μηδὲ
282 2208 350 2243 πρὸς
366 2208 508 2243 ἀκρίὸειαν
527 2209 604 2243 δίκης
621 2210 778 2242 ιπεξελθεῖν
793 2212 850 2242 τοῖς
865 2212 919 2238 ὑπὸ

131 2254 186 2281 τῶν
197 2254 329 2281 πλειόνων
347 2254 613 2290 πλημμελουμὲνοις,
632 2256 700 2291 μηδὲ
712 2257 921 2284 ἀντιταλαντεῦ-

131 2308 178 2325 σαι
192 2300 300 2334 πληγάς
314 2301 362 2332 τὰς
374 2301 403 2333 ἐξ
419 2300 501 2327 αὑτοῦ
514 2302 575 2331 ταῖς
588 2302 711 2335 ἐκείνων,
729 2302 765 2329 δι’
787 2299 825 2330 ὧν
840 2311 923 2330 κατα-

130 2345 263 2372 ϐάλλουσι
276 2346 338 2376 τοὺς
347 2347 489 2380 ὁμοφυεῖς.
503 2346 570 2381 μηδὲ
585 2346 800 2382 ἐκδικῆσαι-τοὺς
811 2349 920 2382 φόνους,

131 2391 271 2426 προϐολὴν
282 2392 329 2418 ἐπὶ
340 2392 488 2428 καταδίκης
501 2393 676 2428 ποιούμενον,
705 2393 744 2426 ὡς
765 2395 847 2426 αὐτὸς
872 2396 921 2430 μὲν

130 2438 227 2473 καίρια
243 2439 290 2465 καὶ
305 2438 386 2474 ἱλαρὰ
396 2439 574 2474 καταὸρέχων
590 2439 709 2467 λιπαίνει
731 2441 782 2476 τὴν
802 2441 854 2476 γῆν
880 2441 921 2473 είς

129 2483 237 2516 ἀγαθὸν
247 2483 373 2516 ἐκείνοις,
384 2484 408 2510 οἱ
421 2483 449 2510 δὲ
466 2485 607 2519 χραίνουσι
622 2485 672 2519 τὴν
682 2485 768 2521 αὐτὴν
778 2485 921 2520 ὲρμφυλίοις

129 2528 242 2563 αἵμασι,
256 2529 303 2555 καὶ
316 2528 348 2563 ἢν
364 2530 392 2555 αι
406 2529 470 2555 καθ’
486 2529 610 2557 ἑκούσιον
626 2530 723 2565 βροχαὶ
755 2531 919 2564 πιαίνουσιν,

129 2574 333 2608 αὑτοὶ-λύθροις
347 2575 486 2610 ὀμογνῑοις
501 2576 651 2610 μιαίνουσι,
664 2576 710 2602 καὶ
725 2576 763 2608 ὡς
777 2578 805 2608 ἐς
818 2577 922 2612 λάχανα

130 2620 262 2655 βρώσεως
277 2621 425 2652 τάσσοντες
440 2621 566 2653 ἑαυτοὺς,
581 2622 660 2654 ἄλλος
693 2622 773 2649 ἄλλον
803 2622 920 2658 ἀλληλο-

128 2666 236 2699 φαγίας
253 2665 329 2701 νόμῳ
344 2665 600 2701 καταδροχθίζουσι.

168 2712 201 2744 ζ’.
218 2711 312 2738 Ταῦτα
321 2711 350 2738 δὲ
364 2712 465 2738 ἐκεῖνοι
481 2712 625 2746 εὐξάμενοι
642 2712 683 2748 (οὗ
702 2714 755 2748 γὰρ
780 2714 814 2741 ἂν
837 2713 920 2741 διέλι-

127 2766 182 2783 πεν
197 2758 212 2781 δ
228 2758 262 2784 τὰ
278 2758 364 2791 νήπια
380 2757 452 2784 καθὰ
463 2758 619 2791 φυλάσσων,
639 2759 710 2786 οὕτω
724 2759 774 2786 καὶ
799 2759 919 2794 σοφίζων

129 2803 249 2838 Κύριος,
283 2804 329 2829 καὶ
347 2803 461 2838 χαίρων,
495 2805 519 2830 εἰ
548 2805 595 2831 καὶ
618 2805 648 2838 ἐξ
676 2805 788 2841 ἐκείνων
809 2806 919 2834 ἔπαινον

129 2847 340 2886 καταρξίζεται,
356 2848 393 2882 μὴ
424 2848 470 2874 καὶ
491 2848 619 2882 ἀνδράσιν
643 2846 758 2879 ἐκείνοις
791 2850 919 2884 χρηστοῖς

129 2896 181 2920 καὶ
199 2893 448 2929 ὲνεστεριιισμένοις
460 2894 489 2920 τδ
515 2894 677 2930 φιλάλληλον
703 2894 842 2922 ἑπιπνέειν
875 2894 918 2921 ὲν-

973 1607 1120 1639 turbatum,
1153 1614 1251 1640 neque,
1279 1606 1341 1632 dum
1367 1613 1431 1633 oves
1462 1609 1489 1633 et
1513 1605 1595 1632 boves
1616 1609 1643 1632 et
1667 1604 1758 1632 omnia

972 1653 1098 1681 animalia
1129 1657 1233 1680 natura:
1258 1653 1341 1688 leges.
1369 1652 1402 1680 ad
1432 1660 1499 1686 quas
1529 1651 1644 1680 conditae
1673 1651 1757 1682 fuere.

972 1705 1161 1734 sequerentur,
1196 1704 1350 1726 creaturam
1384 1698 1434 1733 ipsi
1465 1698 1580 1725 similem
1614 1705 1629 1724 a
1663 1702 1756 1724 natura

973 1746 1109 1773 declinare
1137 1746 1250 1772 sineret.
1275 1744 1428 1772 Oravernnt
1454 1744 1548 1777 Deum,
1567 1748 1595 1771 ut
1617 1750 1651 1770 ne
1667 1742 1756 1777 despi-

973 1796 1047 1818 ceret
1069 1790 1216 1821 homiuem.
1233 1789 1303 1816 infra
1328 1789 1478 1817 bestiarum
1501 1789 1623 1816 ordinem
1646 1788 1759 1816 descen-

973 1837 1093 1868 dentem,
1109 1835 1244 1870 siquidem
1261 1834 1312 1862 illat
1336 1834 1484 1868 tranquille
1497 1835 1620 1861 viverent
1636 1840 1685 1860 nec
1702 1833 1757 1859 ullo

973 1882 1056 1909 modo
1072 1887 1195 1908 naturam
1220 1880 1363 1913 violarent,
1389 1880 1433 1907 hic
1452 1884 1542 1906 autem
1566 1879 1610 1913 qui
1631 1878 1757 1906 omnibus

973 1933 1083 1963 pnestat
1099 1933 1126 1955 et
1138 1926 1215 1962 cujus
1232 1934 1315 1953 causa
1333 1926 1425 1957 omnia
1446 1926 1516 1953 facta
1533 1930 1609 1957 sunt,
1626 1926 1757 1952 mundum

972 1975 1041 2003 bene
1053 1973 1206 2001 ordinatum
1220 1972 1368 2007 perturbat,
1388 1977 1414 1998 et
1430 1971 1548 2006 seipsum
1571 1970 1596 1997 in
1610 1970 1760 2005 perniciem.

973 2019 1133 2054 prmcipital,
1161 2017 1288 2052 denique,
1315 2021 1446 2048 quantum
1472 2023 1557 2051 penes
1586 2015 1676 2050 ipsum
1703 2021 1756 2048 est,

973 2063 1127 2091 hominibus
1156 2065 1184 2088 et
1212 2061 1327 2096 imperio
1352 2060 1459 2095 privare
1489 2059 1619 2087 mundum
1650 2060 1756 2088 nititur.

972 2110 1105 2138 Prmterca
1121 2108 1265 2135 Dominum
1282 2108 1370 2135 omnis
1392 2106 1521 2134 bonitatis
1537 2106 1638 2133 fontem
1655 2105 1758 2140 suppli—

972 2160 1081 2189 carunt,
1115 2163 1150 2182 ne
1181 2154 1301 2190 peccatis
1335 2162 1350 2180 a
1393 2154 1565 2181 multitudine
1596 2153 1758 2187 perpetratis

973 2210 1081 2237 ptenam
1116 2205 1242 2228 accurate
1266 2204 1466 2234 compensaret,
1500 2207 1589 2234 neque
1619 2198 1759 2233 suppliciis

974 2249 1072 2283 quibus
1087 2248 1122 2275 illi
1143 2248 1169 2275 in
1185 2246 1353 2274 contribules
1378 2246 1536 2278 Stevierunt,
1553 2253 1602 2272 sua
1620 2252 1759 2272 commen-

975 2299 1092 2328 Suraret,
1127 2301 1214 2328 neque
1248 2293 1334 2320 uelles
1366 2292 1568 2324 ulcisceretur,
1594 2292 1640 2318 sed
1669 2291 1759 2326 potius

975 2348 1082 2376 puniant
1099 2340 1228 2370 diﬂ‘erret,
1246 2339 1346 2373 quippe
1361 2339 1406 2373 qui
1427 2342 1578 2372 opportuno
1595 2342 1620 2364 et
1644 2336 1759 2364 fecundo

975 2387 1062 2415 imbre
1074 2387 1199 2422 pinguem
1213 2387 1336 2413 redderet
1351 2391 1451 2412 terram
1463 2385 1488 2411 in
1503 2383 1645 2411 utilitatem
1664 2390 1757 2410 eorum

972 2434 1016 2468 qui
1033 2433 1148 2460 fratrum
1164 2432 1295 2467 sanguine
1317 2431 1390 2458 illam
1415 2430 1613 2461 bumectarent,
1631 2433 1658 2456 et
1677 2436 1758 2463 quam

972 2480 1062 2514 pluvia
1082 2478 1211 2505 divinitus
1233 2477 1348 2510 benigne
1373 2483 1501 2504 concessa
1518 2476 1677 2510 itnpiugnat,
1693 2482 1759 2502 con-

972 2525 1180 2562 sanguineorum
1225 2524 1367 2550 cruoribus
1411 2522 1584 2557 polluerent,
1615 2526 1643 2548 et
1681 2521 1757 2556 quasi

971 2571 1091 2600 obsoniis
1121 2570 1206 2598 nihilo
1239 2573 1412 2604 prrestarcnt,
1443 2568 1604 2603 semctipsos
1640 2567 1757 2594 invicem

971 2618 1144 2645 devorarenl.

1006 2708 1031 2735 7.
1048 2707 1195 2741 Postquam
1211 2705 1251 2732 sic
1273 2709 1422 2732 oraverant
1448 2704 1484 2732 illi
1514 2704 1595 2739 (Deus
1621 2701 1692 2729 enim
1709 2700 1754 2734 qui

971 2753 1012 2780 vel
1038 2753 1110 2787 ipsos
1137 2752 1253 2778 infantes
1269 2758 1322 2778 non
1341 2750 1427 2778 solum
1453 2749 1580 2780 custodit,
1601 2747 1647 2774 sed
1673 2746 1755 2773 etiam

970 2800 1106 2834 sapientes
1123 2797 1214 2825 reddit
1231 2797 1264 2825 ab
1279 2797 1365 2831 iisque
1382 2797 1486 2824 laudem
1511 2795 1560 2822 sibi
1584 2791 1676 2818 offerri
1692 2798 1756 2826 gau-

970 2847 1026 2878 det,
1038 2845 1104 2872 viris
1119 2844 1170 2871 illis
1183 2843 1261 2870 bonis
1274 2849 1353 2877 atque
1369 2835 1488 2870 cordatis
1502 2841 1646 2875 fraternam
1661 2837 1756 2866 indidit

970 2891 1140 2922 charitatem,
1157 2890 1192 2917 ita
1207 2894 1235 2916 ut
1250 2889 1347 2924 partim
1365 2896 1446 2923 supra
1464 2887 1534 2915 hunc
1548 2886 1676 2913 mundum
1691 2883 1753 2911 elati
