1960 3074
215 143 264 175 311
284 127 289 129 ’

565 141 778 173 EUSTATllll
804 141 952 172 THESSA
958 140 1185 171 LONiCENSlS
1215 138 1496 170 ME’I‘ROPOLtTIE

1791 138 1843 171 312

217 200 307 226 virtus
332 197 483 226 invaluerat
500 206 507 226 :
527 203 592 225 tunc
616 197 763 225 consiliarii
789 197 826 225 illi
861 197 1003 233 prudentes

1058 197 1163 229 θύνετο,
1175 196 1321 232 εἰσηνέχθη
1336 196 1366 222 τὸ
1378 195 1506 222 ἐντεῦθεν
1521 195 1619 231 γνώμη
1635 195 1704 230 πρδς
1728 195 1784 222 τῶν
1799 196 1844 222 ἐν-

217 252 249 272 ac
266 252 362 280 graves
388 245 550 272 sententiam
574 244 600 270 in
617 244 736 271 medium
762 244 946 278 protulerunt,
974 249 1003 271 ut

216 296 306 319 status
325 290 368 317 ille
383 289 528 322 naturalis,
552 297 632 323 quem
655 289 739 316 veluti
752 289 873 316 divinum
894 288 1003 315 institu-

219 343 276 362 tum
292 335 406 367 diceres,
423 334 591 369 ﬁgereturae
606 338 825 361 conservaretur.
843 334 930 366 Quam
942 341 1004 361 sen-

217 380 329 408 tentiam
350 380 393 407 ubi
411 380 548 411 audivere,
575 380 620 414 qui
642 380 698 414 jam
717 380 787 407 illius
803 380 926 407 bem-licii
943 387 1004 414 par-

216 427 312 461 ticipes
338 430 428 459 erant,
439 426 562 453 lubenter
570 426 771 460 acquieverunt,
780 431 807 461 et
817 427 935 454 Charitas
945 435 1005 454 mu-

217 479 263 500 tua
276 472 373 499 mirum
390 473 415 498 in
430 472 537 498 modum
562 477 683 505 promota
696 476 748 504 est,
761 460 801 498 ἱιιῖ
812 476 840 498 ιιι
865 473 955 499 cuncti
971 473 1004 499 ad

216 518 371 553 ltujllSlllOdi
404 517 562 545 felicitatem
605 518 774 545 retinendam
808 519 1003 546 consentirent.

219 564 360 592 Universis
372 563 456 599 igitur
469 563 520 591 hoc
533 563 635 598 placuit
648 564 690 591 vel
711 569 773 598 p05t
792 564 908 598 primam
925 565 1004 591 audi-

216 610 330 642 tionem,
347 613 374 637 et
391 610 529 637 decretum
547 613 602 641 est,
623 614 654 636 ut
679 610 777 636 bonum
796 611 949 644 nuperrime
964 617 1005 637 re-

215 658 321 689 pertum
354 654 382 681 in
411 659 520 689 tempus
549 654 668 682 tutorum
685 660 890 690 propagaretur,
919 663 1005 690 neque

216 700 270 727 ullo
287 700 367 728 modo
394 700 456 727 inde
475 700 673 727 declinaretur.
702 699 760 727 Jam
789 708 854 728 vero
875 701 946 735 quod
964 701 1004 728 sic

214 745 352 780 placuerat
375 746 408 773 de
424 745 467 772 die
493 745 520 772 in
539 745 609 772 diem
634 746 722 781 magis
747 746 937 774 conﬁrmatum
949 751 1003 779 est,

216 792 289 819 salus
307 791 459 819 communis
483 791 662 819 stabilitatem
693 792 809 827 accepit,
827 799 855 819 et
866 792 1004 819 decretum

215 845 266 865 usu
281 838 379 865 diurno
389 837 415 864 in
429 838 654 865 consuetudinem
672 837 743 865 abiit
765 845 838 873 quae,
854 838 899 865 ubi
921 838 948 865 in
961 838 1004 865 lu-

1056 245 1159 279 τέκνων
1178 244 1225 270 καὶ
1239 242 1391 269 σπουδαίων
1409 241 1559 277 βουλευτῶν
1573 241 1696 274 ἐκείνων,
1715 241 1844 277 μεθοδευ-

1055 289 1135 325 θῆναι
1161 290 1327 324 παραμονήν
1354 297 1427 320 τινα,
1444 289 1490 315 καὶ
1515 288 1634 323 φυσικὴν
1655 289 1702 314 καὶ
1719 288 1757 320 ὠς
1785 285 1843 314 οἷον

1054 337 1234 370 ταμιευτικὴν
1246 335 1413 369 συντήρησιν
1427 333 1474 361 τοῦ
1488 334 1660 368 θεοπέμπτου
1674 334 1841 368 εὑρήματος*

1055 382 1102 409 καὶ
1117 383 1142 408 οἱ
1154 382 1204 417 τὴν
1218 381 1332 417 γνώμην
1355 380 1558 414 είσδεδεγμένοι
1571 380 1605 406 δι’
1621 379 1718 413 άκοῆς,
1736 379 1774 410 ὡς
1789 379 1840 414 ἤδη

1054 427 1101 455 τοῦ
1122 427 1207 455 καλοῦ
1233 427 1408 462 γεγευμένοι,
1434 426 1655 461 ἐγλυκάνθησαν,
1686 425 1734 452 καὶ
1758 424 1841 455 πόθος

1054 474 1178 510 ἀλλήλων
1190 475 1230 506 είς
1244 475 1326 501 πλέον
1339 471 1412 500 εἷλεν
1427 473 1538 505 αὐτοὺς,
1550 473 1595 499 καὶ
1608 471 1707 507 ήξψυχὴ
1719 471 1843 498 ἑκάστων

1055 522 1141 557 ἐφίλει
1157 522 1188 549 τὸ
1201 521 1360 556 παράμονον
1376 519 1423 547 τοῦ
1437 520 1644 555 γλυκάσματος.
1661 516 1842 553 Εὑηρεστήθη

1055 568 1147 595 τοίνυν
1171 568 1260 595 ἅπασι
1286 567 1318 594 τὸ
1331 568 1465 602 πρᾶγμα·
1492 566 1540 593 καὶ
1568 564 1776 596 ὑπακούσαντες
1802 563 1842 594 τίς

1056 614 1181 650 ὑπακοὴν
1197 613 1278 641 ὠτίου
1294 614 1465 641 κατένευσαν
1485 613 1655 648 κυρωθῆναι,
1670 611 1795 646 γίνεσθαι
1812 609 1843 637 τδ

1056 661 1206 695 εὑρημένον
1220 660 1322 694 άγαθδν
1351 661 1400 687 καὶ
1417 660 1458 691 είς
1480 658 1510 686 τδ
1528 658 1604 693 ἑξῆς,
1619 658 1655 690 ὡς
1673 657 1760 689 οὕτως
1775 657 1843 683 αὐτὸ

1056 705 1311 740 καταπράττεσθαι,
1328 705 1376 732 καὶ
1388 704 1536 740 μὲι-άλλως.
1550 703 1605 730 Καί
1616 711 1648 737 γε
1663 700 1843 736 ἐκραταιοῦτο

1057 751 1103 778 ἐπὶ
1123 751 1205 778 πλέον
1231 751 1294 778 καθ’
1323 751 1445 785 ἐκάστην
1461 750 1569 784 ἡμέραν
1584 749 1615 775 τὸ
1627 748 1713 780 οὕτως
1728 748 1841 783 ἀρέσαν,

1056 798 1104 824 καὶ
1116 797 1205 824 κοινδν
1220 796 1398 831 καθειστήκει
1414 796 1444 822 τὸ
1455 797 1583 831 ἕρμαιον,
1596 795 1644 822 καὶ
1658 794 1688 822 τὺ
1702 794 1791 828 δόγμα
1807 795 1841 829 τῇ

1057 845 1140 878 συχνῇ
1157 843 1236 879 τριϐῇ
1253 843 1400 878 ἐστήρικτο
1414 843 1454 874 είς
1470 843 1536 868 αὐτὸ
1547 841 1580 876 δὴ
1592 841 1671 868 τοῦτο
1689 840 1760 873 ἔθος,
1773 841 1842 875 ὅπερ

217 891 276 910 cem
294 882 394 917 prodiit
412 888 439 911 et
454 883 525 910 inter
545 883 668 912 homines
697 886 834 918 apparuit,
865 884 1003 912 abundan-

1058 876 1192 923 ικῷαᾨθέν
1219 876 1260 920 εἰς
1278 876 1425 923 πρόσπτον,
1456 887 1503 914 καὶ
1519 887 1685 922 τεθεαμένον
1701 886 1843 924 ἡλίῳηκαὶ

217 929 281 956 tiam
297 929 439 963 quamdam
455 933 482 956 et
497 933 526 956 ut
539 929 575 957 ita
594 929 694 962 dicam,
711 930 772 957 vitae
791 929 964 965 splendorem
977 935 1005 958 et

216 976 443 1011 magniﬁcentiam
460 975 598 1010 produxit.

253 1022 297 1049 l5.
320 1022 360 1049 Ab
374 1022 417 1049 illo
444 1022 507 1049 inde
538 1028 659 1057 tempore
696 1022 820 1050 homines
842 1030 938 1050 secure
973 1030 1004 1051 ac

217 1068 362 1104 tranquille
389 1068 630 1102 couversabantur,
655 1068 785 1096 amicitiae
808 1069 921 1096 sincerae
934 1069 1006 1104 vige-

215 1116 293 1148 bant,
315 1115 416 1142 l’mdeta
430 1115 641 1148 sanciebantur;
666 1122 747 1149 porro
761 1115 850 1142 cultus
870 1122 950 1142 verus
973 1122 1006 1142 ac

215 1161 356 1189 rationalis
396 1160 522 1192 invaluit,
555 1161 692 1195 siquidem
723 1161 810 1188 Deum
851 1166 1004 1189 creatorem

216 1207 347 1240 universi,
383 1207 421 1234 uti
453 1207 540 1241 prius,
572 1214 735 1241 cognoscere
756 1212 894 1241 carperunt
914 1209 1003 1242 eique,

215 1254 287 1281 sicut
302 1252 425 1280 homines
439 1253 527 1285 decet,
543 1254 648 1288 gratias
670 1260 760 1289 agere.
785 1253 919 1280 Prazterea
932 1261 1006 1281 smn-

216 1306 290 1325 mum
307 1298 556 1333 suavissimumque
574 1298 638 1325 vita:
655 1299 767 1332 bonum,
778 1298 914 1332 justitiam
928 1299 1001 1331 dico,

216 1345 373 1378 coluerunt,
390 1352 477 1379 neque
499 1344 618 1379 amplius
633 1344 843 1374 suffocationes.
859 1350 887 1370 ut
900 1345 927 1372 iu
943 1352 1005 1379 pro-

219 1391 315 1418 verbio
342 1395 400 1422 est,
427 1390 473 1418 sed
499 1390 659 1424 partitiones
685 1389 770 1417 fuere.
813 1390 1004 1422 Marmtetudo,

218 1435 349 1470 primaria
364 1436 482 1463 hominis
498 1441 576 1469 nota,
597 1435 774 1470 tranquillum
798 1435 917 1463 reddidit
949 1434 1005 1462 l‘ra-

223 1487 295 1509 trum
310 1482 528 1514 contubernium,
545 1487 616 1509 terra
634 1486 724 1508 autem
747 1481 816 1507 alma
833 1484 930 1513 mater,
945 1481 1003 1515 plu-

219 1530 308 1555 riuum
340 1528 459 1555 laborata
487 1533 529 1555 est
553 1528 655 1555 arando
675 1525 835 1559 ,l'odieudo,
862 1527 1002 1560 sulcando,

219 1579 247 1601 et
261 1574 349 1601 omnis
368 1574 477 1609 generis
505 1573 671 1600 nutrimenta
696 1581 728 1599 ac
750 1572 861 1600 delicias
879 1573 1003 1608 protulit,

220 1620 265 1647 illa
283 1620 391 1654 quidem
408 1620 445 1647 ad
459 1619 663 1652 necessitatem,
688 1618 739 1646 has
758 1622 848 1645 autem
872 1618 908 1645 ad
920 1618 1005 1646 abun-

218 1666 350 1694 dantiam.
375 1683 377 1686 ι

255 1713 300 1741 Η.
320 1712 374 1740 Nec
392 1713 481 1740 minus
496 1711 589 1740 Venus
605 1711 745 1747 vulgivaga
759 1711 842 1739 veluti
857 1711 882 1740 in
895 1711 1006 1740 oblivio-

221 1760 264 1787 nis
279 1766 411 1786 oceanum
426 1758 568 1786 submersa
583 1762 634 1789 est,
649 1758 762 1792 ejusque
786 1757 844 1785 loco
864 1758 1005 1786 matrimo-

218 1806 293 1833 nium
316 1805 502 1832 introductnm
529 1804 712 1832 sanetilicavit
736 1804 878 1832 hominum
909 1804 1004 1839 conju-

219 1852 305 1887 gium.
329 1851 413 1878 Amor
437 1850 588 1878 communis
602 1850 739 1883 discessit,
764 1850 877 1885 singulae
903 1850 1004 1885 nuptia:

219 1898 351 1925 institutae
371 1901 444 1929 sunt,
462 1901 489 1923 et
509 1896 696 1930 unusquisque
717 1903 796 1923 uuam
813 1903 845 1924 ac
867 1899 1003 1932 propriam

219 1951 330 1971 uxorem
351 1949 518 1978 cognoscens
533 1941 560 1968 in
576 1941 677 1969 liberos
694 1941 764 1969 haud
782 1941 889 1976 spurios
913 1947 1004 1976 pater-

219 1997 281 2016 nam
294 1989 418 2016 exercuit
436 1992 609 2023 potestatem,
629 1987 746 2024 denique
767 1987 802 2015 ad
815 1987 910 2015 Adami
926 1989 1004 2016 Eva:-

218 2043 272 2069 que
291 2035 456 2070 exemplum,
480 2035 546 2068 ipsis
576 2039 640 2061 ante
672 2034 765 2061 oculos
795 2033 923 2068 positum,
951 2042 1002 2061 una

219 2087 283 2107 caro
298 2079 417 2111 fuerunt,
432 2085 460 2106 et
478 2081 512 2106 ad
529 2078 582 2105 tale
593 2079 731 2112 exemplar
746 2079 922 2113 conspicuum
939 2087 1004 2107 con-

219 2125 329 2151 formati
355 2124 407 2151 illis
433 2123 537 2151 similes
556 2124 615 2150 ﬁeri
637 2124 807 2156 studuerunt,
829 2129 858 2150 ut
880 2125 897 2151 ii
913 2125 958 2159 qui
977 2125 1003 2152 in

220 2174 359 2204 posterum
389 2169 475 2195 amori
492 2168 609 2203 plurium
635 2167 798 2195 feminarum
822 2169 1003 2203 indulgerent,

1055 935 1221 970 άναλάμψαν
1246 934 1359 969 ἐποίησέ
1383 943 1444 961 τινα
1464 933 1681 969 περιουσιισμδν
1705 933 1842 968 κτήσεως,

1055 982 1115 1014 καὶ,
1131 981 1168 1012 ὡς
1182 979 1269 1012 οὕτως
1284 981 1383 1012 είπεῖν,
1402 980 1512 1015 βιότιον,
1527 981 1575 1006 καὶ
1589 979 1655 1006 αὐτὸ
1675 980 1800 1014 κόσμιον.

1093 1030 1140 1060 ιγ’.
1162 1026 1217 1054 Καὶ
1240 1026 1467 1062 ἐπαρρησιάσατο
1482 1026 1585 1052 ἐκεῖθεν
1601 1025 1697 1060 χρόνου
1709 1025 1844 1060 τεθαρῤη-

1057 1072 1126 1107 μένη
1143 1071 1350 1107 συμΰιότευσις,
1363 1071 1410 1098 καὶ
1425 1071 1608 1106 παρήχθησαν
1618 1071 1729 1105 ἀφελεῖς
1745 1077 1844 1096 κοινω-

1055 1118 1123 1151 νίαι,
1142 1118 1190 1145 καὶ
1207 1118 1366 1152 ὑπηύγαζον
1384 1117 1616 1151 συναλλάγματαο
1643 1116 1791 1149 ἐμελετᾶτο
1815 1115 1843 1142 ἢ

1056 1165 1103 1191 καί
1116 1173 1156 1196 τις
1174 1164 1307 1199 θρησκεία
1318 1164 1385 1199 ὀρθὴ
1401 1164 1472 1198 μετὰ
1484 1163 1653 1198 λογιότητος,
1668 1161 1844 1196 ἐπεγνωσμέ-

1056 1219 1103 1236 νου
1122 1209 1169 1237 τοῦ
1187 1210 1298 1237 πάντων
1320 1209 1435 1244 ποιητοῦ
1452 1208 1534 1241 Θεοῦ,
1549 1209 1588 1240 ὡς
1612 1208 1688 1243 ἐξῆν,
1703 1207 1844 1243 ἀρχαϊκώ-

1055 1265 1146 1290 τερον,
1161 1257 1208 1283 καὶ
1231 1256 1415 1291 ἐπωφείλοντο
1431 1248 1630 1291 χάριτεςθείαι
1647 1255 1678 1281 τέ
1689 1262 1772 1286 τινες,
1797 1254 1844 1280 καὶ

1056 1302 1117 1328 ὅσαι
1128 1302 1156 1328 δὲ
1168 1301 1381 1336 κατ’άνθρωπον
1390 1309 1397 1317 ·
1413 1301 1462 1327 καὶ
1475 1300 1664 1334 ἐφιλοσοφεῖτο
1673 1298 1845 1333 δικαιοσύνη,

1054 1348 1084 1374 τὸ
1099 1348 1235 1382 πάμμεγα
1262 1348 1319 1378 τοῖς
1335 1347 1364 1374 ἐν
1392 1346 1443 1382 βίῳ
1468 1347 1515 1373 καὶ
1531 1346 1710 1381 χαριέστατον
1727 1345 1843 1379 ἀγαθόν·

1055 1393 1102 1420 καὶ
1118 1393 1210 1419 οὐκέτι
1223 1393 1319 1427 πνίγες
1330 1390 1411 1428 ἦσαν,
1424 1392 1492 1419 ἀλλὰ
1510 1391 1629 1427 μερίδες,
1642 1391 1672 1418 τὺ
1689 1400 1843 1427 παροιμια-

1055 1439 1189 1474 ζόμενον·
1217 1439 1264 1465 καὶ
1294 1439 1318 1465 ot
1345 1440 1396 1474 μὲν
1421 1438 1533 1472 ἀδελφοὶ
1560 1437 1843 1474 άνενόχ).ητοιέμενον

1055 1485 1225 1520 ἡμερότητος
1257 1484 1350 1519 λόγῳ,
1375 1484 1638 1519 χαρακτηριζούσης
1673 1485 1817 1518 άνθρωπον
1833 1506 1843 1518 ,

1017 1544 1038 1573 C
1055 1530 1167 1565 ᾤχλεῖτο
1193 1529 1221 1557 δὲ
1234 1530 1251 1565 ὴ
1281 1530 1373 1565 μήτηρ
1390 1530 1436 1564 γῆ,
1456 1529 1638 1566 βοθριυομένη
1655 1531 1703 1557 καὶ
1717 1530 1845 1565 λαχαινο-

1059 1576 1127 1610 μὲνη
1143 1575 1191 1602 καὶ.
1219 1575 1401 1611 σκαπτομένη
1419 1576 1453 1602 τά
1478 1575 1574 1607 πλείω,
1593 1577 1641 1602 καὶ
1656 1576 1843 1603 άνεσλάστανε

1058 1622 1187 1648 παντοίαν
1198 1621 1312 1657 τροφὴν,
1325 1621 1384 1655 ἄμα
1401 1622 1448 1647 καὶ
1463 1621 1581 1656 τρυφὴν,
1599 1621 1649 1656 τὴν
1664 1621 1714 1656 μὲν
1728 1622 1798 1649 κατὰ
1812 1622 1844 1648 τὸ

1039 1697 1042 1701 ,
1055 1667 1203 1704 αὔταρκες,
1216 1668 1266 1703 τὴν
1279 1669 1307 1695 δέ
1323 1668 1370 1695 καὶ
1385 1668 1426 1699 είς
1440 1667 1604 1702 ὑπέρπλεον.

1093 1715 1133 1742 ιδ’.
1153 1714 1311 1742 Ἐπαύσατο
1334 1713 1362 1741 δέ
1377 1713 1519 1741 καταδῦσα
1535 1714 1573 1746 ὡς
1587 1714 1627 1745 είς
1642 1714 1740 1741 πόντον
1756 1715 1845 1750 λήθης

1055 1762 1103 1788 καὶ
1115 1762 1131 1796 ή
1141 1760 1288 1795 ἀδιάφορος
1301 1759 1423 1794 Κύπρις,
1436 1759 1484 1787 καί
1499 1768 1541 1791 τις
1554 1759 1644 1794 γάμου
1656 1760 1742 1792 τύπος
1754 1761 1845 1787 ἐπεισ-

1056 1807 1140 1834 ελθὼν
1156 1806 1294 1841 ἐσέμνυνο
1307 1806 1357 1840 τὴν
1371 1805 1433 1833 κατ’
1445 1805 1592 1840 ἄνθρωπον
1608 1806 1739 1841 συζυγίαν
1749 1815 1756 1822 ·
1769 1809 1817 1834 καὶ
1827 1808 1843 1833 ό

1057 1854 1107 1889 μὲν
1137 1854 1267 1887 ἀγελαῖος
1297 1853 1388 1887 Ἔρως
1404 1851 1586 1887 ἐπτερύξατο,
1603 1851 1704 1885 ίδίαζον
1724 1853 1752 1879 δέ
1769 1862 1844 1886 τινες

1055 1900 1183 1935 θάλαμοι,
1199 1900 1247 1925 καὶ
1259 1899 1402 1933 γνωρίζων
1418 1898 1534 1929 ἕκαστος
1548 1898 1612 1933 μίαν
1625 1899 1703 1931 ίδίαν,
1714 1899 1844 1933 ἐδέσποζε

1055 1946 1104 1973 καὶ
1114 1947 1217 1972 τέκνων
1232 1945 1282 1971 οὔκ
1307 1944 1485 1979 άμφιὸό).ων,
1502 1945 1550 1971 καὶ
1571 1945 1587 1979 ἡ
1604 1945 1676 1972 κατὰ
1689 1945 1735 1972 τὸν
1756 1946 1844 1982 Ἀδὰμ

1055 1993 1102 2019 καὶ
1115 1992 1165 2028 τὴν
1181 1991 1251 2018 Εὔαν
1265 1990 1333 2026 σὰρξ
1346 1990 1395 2025 μία
1405 1988 1440 2026 ἦν
1451 1990 1557 2023 αὐτοῖς,
1569 1990 1607 2022 ὼς
1618 1989 1662 2017 οἷα.
1675 1991 1728 2027 πρὸ
1740 1991 1843 2027 ὀφθαλ-

1056 2037 1133 2072 μῶν·
1162 2037 1209 2063 καὶ
1238 2036 1406 2070 τυπούμενοι
1435 2035 1506 2069 πρὸς
1532 2035 1707 2071 παράδειγμα
1721 2037 1843 2064 τοιοῦτον

1055 2082 1176 2117 ἐπόψιον,
1208 2081 1394 2117 προεκέντουν
1412 2081 1512 2112 αὐτοὺς
1535 2082 1575 2112 si;
1594 2082 1724 2109 ίσότυπον
1739 2083 1786 2109 ἐπὶ
1799 2084 1844 2109 αί-

1055 2128 1139 2163 σχύνῃ
1158 2127 1211 2154 τῶν
1229 2128 1377 2162 ἐσύστερον
1390 2127 1659 2162 κοινοποιησομένων
1673 2128 1708 2154 τὰ
1727 2128 1842 2162 γύναια·

1056 2173 1103 2199 καὶ
1117 2171 1188 2207 εἶχεν
1203 2172 1306 2207 ἑκάστη
1325 2171 1412 2207 σκηνὴ
1430 2173 1477 2199 καὶ
1493 2172 1568 2199 ἅπαν
1582 2173 1740 2208 κατάλυμα,
1768 2174 1843 2202 καθά

220 2214 322 2247 pudore
337 2212 569 2240 suffonderentur.
590 2211 670 2240 Unde
692 2212 792 2240 facttnn
807 2218 860 2246 est,
876 2219 904 2240 ut
921 2215 1003 2249 quod-

1058 2228 1082 2245 τι
1098 2218 1173 2250 ἔθνος
1189 2219 1206 2253 ἢ
1222 2220 1269 2246 καὶ
1284 2218 1381 2253 φυλὴν,
1400 2218 1446 2245 τδν
1464 2219 1559 2255 ἄνδρα,
1575 2219 1624 2254 τὴν
1639 2221 1767 2253 γυναῖκα,
1778 2221 1843 2253 τοὺς

221 2260 262 2288 vis
284 2258 505 2290 tabernaculum,
525 2259 639 2293 quodvis
663 2258 840 2286 diversorium
857 2266 933 2286 suam
947 2260 1004 2287 νει-

221 2307 258 2334 uti
281 2306 393 2333 haberet
413 2309 520 2339 gentem
535 2313 568 2332 ac
582 2304 721 2337 familiam,
740 2306 866 2335 maritum
880 2313 1002 2338 uxorem,

221 2352 331 2383 Iberos,
358 2355 385 2378 et
411 2349 565 2385 quicunque
583 2357 643 2377 cum
671 2350 711 2377 eis
728 2350 863 2385 degebant
879 2351 929 2378 hoc
946 2351 1003 2377 vin-

219 2398 282 2425 culo
301 2404 370 2424 novo
384 2396 534 2431 conjuncti.
553 2395 585 2423 Et
598 2395 744 2423 diabolus?
756 2396 863 2423 Diceres
877 2397 948 2424 hunc
964 2397 1004 2423 in-

220 2450 261 2472 ter
284 2445 345 2472 illos
373 2449 440 2471 tunc
467 2443 540 2470 haud
564 2443 679 2475 vixisse;
697 2442 867 2470 detinebatur
890 2443 961 2470 enim
977 2442 1003 2469 in

221 2489 287 2516 locis
300 2495 368 2522 quos
383 2487 514 2514 Dominus
544 2494 596 2513 non
625 2486 772 2520 visitabat;
798 2487 879 2514 homo
913 2491 1004 2514 autem

220 2542 315 2562 revera
331 2537 390 2560 erat
407 2533 497 2559 homo.

258 2579 301 2607 15.
320 2578 405 2606 Porro
417 2578 540 2606 homines
556 2578 594 2606 illi
611 2577 667 2605 Deo
682 2579 784 2613 accepti
796 2579 841 2613 qui
856 2579 936 2614 hujus
956 2579 1004 2606 bo-

222 2625 250 2652 ni
269 2629 393 2652 auctores
404 2631 583 2659 suasoresque
598 2623 717 2656 fuerant,
743 2625 855 2652 nimium
873 2630 1002 2659 quantum

222 2679 271 2699 ure
285 2671 405 2698 omnium
422 2670 564 2703 celebrati,
587 2671 778 2704 admiratione,
795 2672 932 2704 laudibus,
947 2670 1006 2698 feli-

217 2708 397 2744 ‘citationibus
420 2715 542 2749 elati,ad
568 2716 720 2751 principum
742 2716 900 2751 dignitatem
922 2717 1004 2745 erecti

223 2768 296 2797 sunt,
319 2769 400 2797 atque
423 2762 460 2789 ita
484 2762 606 2790 celebres
625 2762 687 2789 lacti
700 2764 827 2798 dignique
850 2764 934 2791 habiti
960 2765 1005 2799 qui

223 2812 262 2837 rei
281 2810 394 2844 publica
409 2817 502 2836 curam
517 2815 644 2845 gererent
666 2815 693 2837 ct
720 2811 847 2845 deinceps
863 2812 1005 2847 vitepru-

223 2863 309 2890 spera.-
332 2855 506 2883 incrementis
529 2857 724 2891 prospicerent.
750 2856 877 2885 Nonnulli
901 2861 1005 2890 autem,

1058 2265 1167 2298 παῖδας,
1183 2265 1231 2291 καὶ
1253 2264 1348 2291 ὁπόσοι
1365 2264 1439 2291 ἄλλοι
1458 2265 1601 2300 ξυνδιῆγον
1627 2266 1719 2297 αὐτοῖς
1736 2267 1843 2302 θεσμῷ,

1056 2312 1096 2346 τῷ
1107 2311 1136 2343 ἐξ
1147 2311 1225 2344 ἔθους
1238 2310 1429 2345 καινοφανοῦς.
1447 2310 1501 2337 Καὶ
1515 2311 1529 2336 ὸ
1545 2310 1668 2346 δαίμων;
1700 2312 1773 2338 Ἀλλ’
1791 2314 1843 2340 οὐκ

1059 2357 1092 2383 ἂν
1106 2355 1180 2388 εἶπες
1193 2356 1275 2382 αὐτὸν
1288 2355 1408 2382 ἐνταῦθά
1423 2363 1455 2389 γε
1468 2355 1517 2390 ζῇν
1531 2363 1537 2370 ’
1549 2353 1622 2390 εἶχον
1637 2357 1690 2392 γὰρ
1703 2356 1784 2383 αὐτὸν
1795 2359 1842 2384 τό-

1058 2411 1115 2435 ποι,
1125 2402 1170 2434 οὒς
1179 2403 1229 2429 οὐκ
1244 2403 1394 2430 ἐπεσκόπει
1406 2403 1420 2429 ό
1429 2402 1532 2438 Κύριος
1543 2410 1550 2418 ·
1563 2404 1610 2430 καὶ
1622 2401 1656 2439 ἦν
1674 2405 1687 2430 ό
1697 2404 1842 2440 ἄνθρωπος

1058 2449 1200 2484 ἄνθρωπος
1216 2449 1253 2484 τῷ
1266 2449 1335 2476 ὄντι.

1095 2583 1135 2607 ιε’.
1159 2581 1213 2607 Καὶ
1237 2580 1261 2606 οἱ
1277 2579 1306 2606 τὸ
1324 2579 1406 2606 καλὸν
1421 2579 1500 2606 τοῦτο
1523 2579 1706 2613 ἐξανύσαντες
1721 2580 1844 2614 Geo-“li.

1059 2635 1151 2652 στατοι
1161 2625 1399 2660 πρωτοσύμσουλοι
1412 2627 1458 2652 καὶ
1475 2625 1698 2660 ἀρχιδιδάσκαλοι
1713 2626 1757 2652 διὰ
1767 2625 1839 2653 πάνυ

1060 2672 1120 2699 λίαν
1147 2671 1244 2698 πολλοῦ
1262 2671 1342 2705 λόγου
1361 2671 1501 2706 ἐφέροντο,
1530 2671 1745 2706 θαυμαζόμενοι,
1761 2672 1844 2706 εὐφη-

1061 2717 1204 2754 μούμενοι,
1215 2716 1418 2752 εὐλογούμενοι,
1431 2716 1632 2750 καθιστάμενοι
1649 2718 1676 2748 ἐς
1696 2718 1841 2753 ἄρχοντας,

1059 2765 1197 2799 τιθέμενοι
1208 2762 1244 2795 ὡς
1258 2765 1298 2795 εἰς
1313 2763 1446 2798 κεφαλὰς,
1460 2764 1508 2790 καὶ
1520 2762 1592 2790 οὕτω
1602 2763 1841 2799 περιδλεπὸμενοι,

1061 2811 1108 2837 καὶ
1138 2809 1295 2844 ἀξιούμενοι
1322 2811 1484 2837 ἐπισκοπεῖν
1514 2810 1549 2836 τὰ
1577 2809 1639 2836 κατ’
1661 2809 1771 2842 αὐτοὺς,
1797 2810 1842 2836 καὶ

1062 2855 1273 2892 προσεπιλαλείν
1299 2856 1334 2884 τά
1359 2857 1389 2889 ἐς
1407 2856 1492 2884 πλείω
1520 2855 1654 2893 βιώσιμον
1682 2855 1839 2892 ἐξόροωσιν.
