1960 3074
111 158 160 193 313

415 156 462 186 DE
483 156 718 187 OBEDIENTIA
739 156 1006 187 MAGISTRATUI
1025 155 1260 188 CHRISTIANO
1280 157 1432 188 DEBITA.

1679 160 1731 193 31.!

109 215 183 242 Ὅσοι
196 213 224 239 δὲ
241 212 308 247 προς
334 211 445 246 βαθεῖαν
465 213 568 247 τόλμαν
586 212 777 244 ἐπιϐάλλοντες
795 212 889 248 ἔτυχον

944 212 994 239 hoc
1012 212 1093 239 veluti
1113 213 1245 240 miraculo
1274 213 1404 247 perculsi,
1429 221 1461 241 eo
1479 221 1565 250 usque
1586 220 1723 253 progressi

108 260 144 295 τῷ
155 258 288 295 θαύματι,
300 259 348 284 καὶ
361 257 440 287 θεοὺς
454 257 594 283 ἐποιοῦντο
606 258 670 289 τοὺς
684 258 833 288 τοιούτους,
847 258 893 284 καὶ

108 305 147 337 είς
159 313 221 331 τινα
234 303 349 337 κρείττω
373 302 454 337 φύσιν
469 303 568 334 αὐτοὺς
592 303 752 338 ἐνέγραφον,
772 303 893 337 ἔκπλητ-

108 351 214 384 τὸμενοι
232 349 282 384 τῆς
307 349 400 375 ἐνθέου
426 348 536 383 τέχνης,
556 350 636 384 εἴπερ
651 349 723 376 οὕτω
753 349 893 380 πείθοντες

108 396 306 426 διδασκαλικῶς
331 395 363 421 ἐκ
388 395 489 429 μικροῦ
517 395 572 422 δεῖν
589 396 695 429 ἀλόγων
711 396 750 426 είς
765 395 893 429 λογικοὺς

109 442 155 469 καὶ
168 442 276 475 λογίους
291 442 354 472 τοὺς
373 441 412 477 μὴ
427 441 565 473 τοιούτους
585 442 750 474 διεῦίῦαζον,
767 442 813 468 καὶ
830 442 893 472 τοὺς

111 489 171 523 μηδ’
189 488 255 514 αὐτὸ
267 487 346 514 τοῦτο
358 488 472 519 εἰδότας.
488 488 501 514 ὃ
514 487 539 514 τί
558 488 623 514 ποτέ
638 489 713 514 ἐστιν
723 489 737 514 ὁ
751 488 819 523 πρὸς
827 487 894 522 άλή-

110 535 183 560 θειαν
198 533 353 568 ἄνθρωπος,
364 534 402 564 είς
414 533 542 568 ἐνθύμιον
555 535 601 560 καὶ
614 533 702 566 αὐτοῦ,
714 533 782 560 Θεοῦ
793 533 893 569 μετερ-

110 580 254 615 ῥύθμισαν.

142 625 191 657 ις’.
214 625 418 659 Ἐπεγνωκότες
429 623 475 652 οὖν
487 626 510 651 cl
522 625 627 660 πρῶτοι
643 625 831 653 αὖτοδιάκονοι
844 627 892 654 τοῦ

109 671 189 697 κα.λοῦ
206 672 318 703 ἐκεῖνοι,
347 671 385 702 ὡς
401 671 447 697 καὶ
471 671 606 706 βελτιοῧσι
631 671 693 703 τοὺς
720 672 890 707 ἀνθρώπους,

107 718 152 744 καὶ
164 716 364 750 θαυμάζονται,
379 716 427 743 καὶ
439 716 526 748 οὕτως
543 718 572 748 ἐς
589 716 676 743 πλείω
689 717 772 752 ζῆλον
785 717 893 754 διαθερο

108 763 277 797 μαινόμενοι,
294 762 341 789 καὶ
356 760 397 794 οἷς
408 762 616 797 ἐμακαρίζοντο,
634 763 674 794 είς
690 763 809 790 ἐπίδοσιν
822 772 892 800 παρ-

104 809 257 843 ουξόμενοι,
275 808 321 834 καὶ
336 807 408 834 οὕτω
430 807 633 843 πληθυνδμενοι
658 809 828 844 προσθήκαις
843 810 891 836 καὶ

105 854 238 889 διδαχαῖς,
254 854 302 880 καὶ
326 853 560 888 δραστηριώτεροι
577 853 799 888 ἀποτελούμενοι,
814 855 890 889 ἀγεί-

105 908 182 933 ρουσι
199 899 326 931 πλείονας
354 899 436 926 πάλιν
455 898 562 933 ὄχλους,
577 900 624 925 καὶ
639 899 797 932 καθίζουσιν
813 899 890 933 αὖθις

104 945 213 979 βουλὰς,
224 945 272 971 καὶ
288 945 530 980 ὺπομιμνήσκουσι
546 945 608 976 τοὺς
623 945 674 980 ’ήδη
691 945 891 980 εὐμαθέστερον

103 991 209 1017 ἐπαΐειν
232 990 440 1025 δεδυνημένους.
461 990 492 1022 ἐξ
518 990 620 1017 ὁποίων
636 991 689 1017 τῶν
702 991 787 1018 πάλαι
801 993 890 1019 ὁποῖοι

103 1036 181 1062 αὐτοὶ
198 1035 422 1069 ἀπετελέσθησαν
444 1036 488 1062 διὸ⁴
515 1035 605 1071 μέσων
620 1037 724 1063 τούτων
743 1037 892 1072 ποδηγούν-

102 1089 154 1107 των
171 1081 271 1112 αὐτοὺς
295 1081 493 1115 ὲμδιὸάζεσθαι
507 1083 548 1113 είς
568 1082 656 1118 ἀληθῆ
672 1083 888 1119 ἀνθρωπότητα’

103 1126 147 1152 καὶ
160 1126 353 1158 καταγίνονται
376 1127 426 1161 μὲν
450 1127 499 1161 τῆς
519 1127 657 1162 προτέρας
678 1129 706 1154 ὲν
731 1129 787 1160 τοῖς
804 1129 891 1155 τοιού-

102 1181 157 1204 τοις
178 1172 313 1207 μαθηταῖς
337 1173 498 1208 ἀγριότητός
516 1181 545 1199 τε
577 1176 626 1200 καὶ
641 1174 757 1209 πλάνης,
782 1175 891 1208 ὑπεξαίι

104 1226 180 1252 ρουσι
195 1217 223 1244 δὲ
242 1218 290 1252 τὴν
304 1219 402 1251 καινὴν
414 1219 462 1245 καὶ
479 1219 636 1253 πρόσφατον
649 1220 827 1254 φιλαδελφίαν
843 1221 890 1247 καὶ

102 1263 292 1298 φιλαλληλίαν,
324 1264 372 1290 καὶ
390 1265 474 1298 ἐγγὺς
500 1264 576 1299 παρὰ
594 1264 682 1299 βραχὺ
709 1265 889 1300 ἀδελφότητα,

103 1308 153 1342 τὴν
184 1309 232 1334 καὶ
249 1309 464 1343 πεπαγιωμένην
481 1310 522 1339 είς
545 1309 639 1343 ἔθιμον
663 1309 825 1343 παράδοσιν,
842 1311 890 1336 καὶ

104 1353 160 1387 βίου
172 1352 280 1388 τριϐὴν,
296 1353 344 1379 καὶ
357 1354 454 1386 πεῖραν
470 1353 518 1379 καὶ
529 1353 677 1388 ἐμπειρίαν
690 1353 889 1389 δεδοκιμασμέ-

102 1407 151 1431 νην
170 1399 218 1426 καὶ
236 1399 450 1433 ὲπεγνωσμένην
465 1398 614 1433 ὠφέλιμον.

140 1445 185 1477 ιζ’.
201 1444 304 1470 Λύτίκα
326 1445 353 1470 δὲ
368 1445 392 1470 οῐ
407 1444 525 1471 τοιοῦτοι
551 1446 690 1472 καινισταὶ
705 1447 755 1478 τῆς
769 1446 891 1482 πραότη-

100 1500 146 1522 τος
164 1491 212 1518 καὶ
225 1490 272 1517 τοῦ
293 1491 398 1525 ἡμέρου
426 1490 485 1524 βίου
501 1491 657 1518 διδάσκαλοι
674 1492 826 1524 ἑξετίθεντο
842 1493 886 1525 ἂν,

101 1538 225 1572 ὶναργῶς
240 1536 292 1563 ὑπο
307 1536 369 1570 ὖψιν
386 1536 510 1570 ἄγοντες,
533 1537 620 1563 ὁπόσα
638 1537 687 1572 μὲν
712 1538 767 1564 τῶν
779 1538 888 1572 ἀγαθῶν
901 1553 922 1582 c

100 1583 200 1618 πρώην
222 1583 259 1618 μὴ
281 1583 404 1617 παρόντα
431 1582 479 1609 νῦν
494 1582 640 1618 ὲνδημοῦσι
651 1584 706 1614 τοῖς
719 1584 885 1619 ἀνθρώποις,

100 1630 183 1656 ὁποῖα
208 1629 237 1655 δὲ
263 1628 316 1654 τῶν
342 1628 436 1654 κακῶν
459 1629 507 1654 καὶ
522 1629 625 1663 πηλίκα
642 1628 689 1655 τοῦ
715 1629 886 1664 ἀνθρωπείου

101 1675 188 1710 φύλου
204 1674 454 1708 καταναιδευόμενα
481 1673 639 1700 ἐπαύσαντο
653 1675 699 1699 καὶ
713 1673 824 1709 ᾤχοντο,
840 1674 887 1700 καὶ

100 1721 180 1748 αὐτοὶ
195 1720 244 1755 μὲν
254 1719 343 1751 οὕτως
361 1719 682 1754 ὲπιχειρηματικώτερον
701 1720 751 1755 τήν
766 1720 888 1754 δημηγο-

103 1766 166 1800 ρίαν
177 1764 383 1800 διεχειρίζοντο.
399 1764 433 1791 ’Δ
447 1763 476 1790 δὲ
494 1763 589 1798 πρώην
603 1764 653 1798 μὲν
667 1764 789 1797 ἀγελαῖοι
803 1764 886 1800 ὄχλοι,

101 1812 151 1838 νῦν
162 1811 190 1838 δὲ
200 1811 354 1844 εύλογιστοι
369 1810 461 1845 δῆμοι,
481 1809 597 1845 χάριτάς
608 1817 639 1835 τε
654 1809 823 1844 ὡμολόγουν,
840 1811 888 1838 καὶ

100 1859 142 1890 εἰς
167 1857 323 1892 ἀγαθότητα
357 1855 596 1888 συνεσκευάζοντο,
629 1855 812 1887 ἱπιτείνοντες
839 1857 888 1892 τὴν

101 1903 232 1939 σπουδήν.

138 1944 185 1985 ιη’.¹
205 1949 284 1976 Ἐπεὶ
296 1949 324 1975 δὲ
335 1949 364 1974 ὲν
379 1949 499 1982 τοσούτῳ
513 1949 560 1975 καὶ
578 1948 732 1983 γράμματα
747 1948 887 1983 ἐξεύρητο,

99 1997 137 2023 τὰ
151 1995 224 2022 καλὰ
239 1995 289 2028 τῆς
304 1994 482 2028 μνημοσύνης
504 1994 638 2030 κειμήλια
650 2014 657 2026 ,
678 1994 708 2020 τὸ
728 1993 889 2029 πρωτοφυὲς

101 2043 243 2077 μουσεῖον,
270 2040 300 2067 τὸ
328 2040 378 2074 τῆς
404 2040 500 2074 σοφίας
529 2041 663 2075 ταμιεῖον,
688 2040 782 2074 τὸτῆς
805 2038 888 2074 λήθης

101 2087 252 2115 ἀντίπαλον
267 2086 427 2121 φάρμακον,
440 2086 465 2112 οί
478 2086 642 2120 σκιαγράφοι
656 2085 706 2119 τῆς
719 2084 856 2118 γνώσεως,
874 2084 889 2109 δ

101 2134 151 2160 τοῦ
168 2133 259 2166 λέγειν
274 2133 471 2166 ύπογραμμδς,
487 2131 513 2157 οι
529 2131 585 2158 τῶν
600 2131 723 2166 ψυχικῶν
738 2130 889 2166 βουλευμά-

101 2187 157 2205 των
171 2178 303 2214 μηνυταὶ,
324 2177 350 2204 οἱ
365 2177 419 2203 τῶν
434 2177 588 2212 ἑγκαρδίων
602 2177 793 2212 διανοημάτων
809 2177 890 2211 ἑξάγ-

947 263 1021 289 sunt,
1038 263 1066 284 nt
1085 258 1145 286 illos
1161 259 1232 286 inter
1254 260 1319 286 deos
1335 259 1468 287 referrent
1484 266 1512 288 et
1528 263 1659 297 superiori
1679 272 1727 291 na-

947 307 1014 330 tura:
1040 304 1127 331 nrdini
1164 309 1354 338 accenscrent,
1380 305 1560 341 obstupefacti
1598 309 1725 337 nimirum

944 349 1046 377 virtute
1068 350 1169 381 divina,
1193 357 1256 385 qua,
1291 350 1398 378 nonnisi
1427 353 1597 380 institutione
1618 362 1649 381 ac
1666 363 1728 390 pcr-

945 395 1083 427 suasionc,
1098 403 1129 422 ex
1147 396 1179 422 iis
1191 398 1235 430 qui
1252 398 1446 432 propemodum
1466 400 1536 425 bruti
1553 400 1670 433 fuerant,
1686 410 1728 429 ra-

945 439 1060 467 tionales
1072 448 1104 468 ac
1119 440 1265 474 prudentes
1285 443 1416 475 fecerunt,
1438 450 1539 478 eosque
1554 446 1600 479 qui
1619 454 1651 474 ne
1666 455 1728 474 nos-

944 490 1006 512 sent
1018 486 1126 520 quidem
1143 486 1205 520 quid
1222 494 1316 514 revera
1330 488 1411 515 homo
1424 493 1506 522 esset,
1519 489 1553 517 ad
1567 490 1614 518 Dei
1632 492 1725 519 volun-

945 535 1027 569 tatem
1045 531 1286 558 transformarunt.

980 620 1024 648 16.
1044 620 1111 648 Cum
1138 621 1220 656 igitur
1237 622 1359 657 primarii
1388 623 1469 658 hujus
1504 624 1567 652 boni
1601 631 1727 655 auctores

943 666 1211 700 animadvertissent,
1242 667 1366 697 homines
1396 669 1449 697 hoc
1482 671 1563 697 modo
1597 672 1726 699 meliores

944 712 1015 746 llcri,
1040 713 1146 747 seipsos
1176 718 1265 742 autetn
1287 715 1313 741 in
1335 715 1517 744 admiratione
1533 724 1593 744 esse
1616 718 1725 751 majori,

942 758 1045 786 incensi
1068 764 1132 786 sunt
1147 761 1236 788 studio
1249 768 1281 787 ac
1297 761 1412 793 fervore,
1436 767 1463 788 et
1487 762 1612 790 laudibus
1628 764 1726 797 quibus

941 804 976 830 ob
991 811 1087 831 novam
1112 805 1319 839 prosperitatem
1335 811 1388 833 tant
1412 806 1482 834 felici
1499 815 1627 835 successu
1645 817 1725 843 auge-

941 854 1061 877 scentem
1071 850 1259 878 afﬁciebantur
1266 852 1407 884 stimulati,
1419 853 1511 886 majori
1520 853 1546 879 iu
1556 854 1613 881 dies
1620 855 1727 887 sapien-

909 886 929 913 Β
944 895 979 922 lia
991 900 1018 922 et
1034 896 1170 923 activitate
1196 897 1311 930 praediti,
1334 897 1423 925 denuo
1452 899 1570 933 majores
1596 886 1726 933 colligunt

943 947 1029 969 coetus
1055 942 1207 976 iterumque
1220 942 1287 969 bona
1307 943 1420 970 consilia
1443 949 1616 978 expromnnt,
1635 949 1662 972 et
1677 953 1724 973 eos

942 988 986 1022 qui
1001 988 1056 1022 jam
1077 987 1170 1015 faciles
1190 995 1269 1015 aures
1285 989 1406 1023 [πευθοτο
1424 989 1586 1024 didicerant,
1604 999 1726 1019 commo-

942 1034 1080 1061 nelacittnt
1095 1034 1187 1069 quales
1204 1043 1235 1061 ex
1249 1035 1373 1069 qualibus
1399 1036 1462 1063 facti
1485 1037 1549 1070 sint,
1581 1043 1660 1072 atque
1676 1038 1726 1065 hac

941 1078 1049 1104 ratione
1065 1079 1097 1106 ad
1113 1087 1203 1106 veram
1219 1079 1417 1106 humanitatem
1434 1089 1592 1115 promovere
1604 1084 1724 1111 student:

941 1125 1057 1158 denique
1072 1125 1104 1151 de
1116 1125 1169 1151 vita
1185 1126 1247 1152 olim
1262 1126 1319 1152 fera
1338 1131 1420 1160 atque
1441 1128 1594 1154 errabunda
1616 1137 1722 1156 sermo-

941 1177 1000 1196 nem
1018 1170 1152 1204 injiciunl,
1173 1175 1200 1197 et
1216 1171 1338 1197 laudibus
1357 1171 1473 1199 elTerunt
1497 1177 1631 1200 recentem
1656 1174 1721 1201 cha-

941 1215 1048 1242 ritatem
1066 1219 1184 1241 mutuum
1210 1223 1262 1250 qua
1281 1219 1472 1250 propemodum
1491 1218 1528 1244 uti
1545 1219 1642 1245 fratres
1658 1227 1723 1245 con-

940 1261 1083 1288 vérsentur
1107 1269 1138 1288 ac
1164 1262 1273 1297 degant,
1289 1269 1348 1295 quae
1360 1262 1415 1296 jam
1432 1263 1458 1290 iu
1477 1264 1538 1291 vita:
1551 1265 1725 1292 consuetudi—

941 1316 1001 1335 nem
1029 1307 1177 1339 transierit,
1209 1309 1342 1343 lirmoque
1376 1309 1550 1337 fundamento
1579 1311 1722 1343 innitatur.

941 1362 1002 1389 qua:
1028 1355 1146 1389 denique
1170 1362 1220 1382 usu
1245 1356 1466 1389 experientiaqne
1491 1358 1663 1390 comprobata
1697 1363 1724 1384 ct

940 1400 1068 1427 omnibus
1081 1400 1154 1427 utitis
1168 1400 1275 1427 inventa
1291 1401 1335 1427 sit.

976 1445 1020 1472 Π.
1043 1445 1143 1472 Deinde
1154 1445 1192 1471 illi
1209 1446 1424 1474 mansuetudinis
1436 1447 1590 1475 inventores
1607 1449 1722 1483 vitaeque

942 1489 1090 1524 tranquillae
1113 1495 1293 1524 pra-ceptores
1313 1498 1496 1525 exposuerunt
1519 1494 1634 1527 etqunsi
1661 1499 1725 1522 ante

940 1536 1033 1563 oculos
1061 1535 1240 1568 collocarunt,
1272 1544 1352 1570 quam
1384 1537 1474 1564 multis
1489 1538 1568 1566 bonis
1584 1547 1644 1574 quae
1659 1540 1723 1567 olim

940 1582 1062 1615 deerant,
1093 1581 1215 1608 homines
1240 1589 1310 1608 nunc
1328 1583 1485 1617 gauderent,
1503 1589 1529 1611 et
1545 1593 1625 1618 quam
1640 1585 1723 1612 multa

939 1632 966 1654 et
983 1636 1075 1662 magna
1087 1629 1155 1654 mala
1179 1627 1277 1662 quibus
1294 1635 1379 1661 genus
1405 1627 1550 1656 humanum
1566 1630 1724 1660 vexabatur.

937 1673 993 1708 jam
1015 1674 1121 1708 penitus
1152 1675 1300 1708 exstirpata
1335 1680 1434 1707 essent;
1462 1678 1542 1709 atque
1568 1676 1607 1702 sic
1628 1675 1723 1711 majori

941 1728 1002 1746 cum
1017 1720 1042 1746 vi
1069 1727 1101 1746 ac
1123 1727 1250 1747 successu
1262 1728 1354 1747 corant
1377 1719 1473 1754 populo
1490 1725 1659 1755 perorarunt.
1674 1723 1725 1755 Qui

939 1771 1030 1793 autetn
1043 1765 1173 1801 gregario:
1193 1767 1255 1792 olim
1271 1767 1357 1793 turba»
1381 1767 1498 1799 fuerant,
1514 1775 1584 1795 nunc
1598 1768 1624 1794 in
1644 1769 1726 1795 ratio-

940 1811 1028 1838 nalem
1054 1811 1157 1839 collecti
1184 1812 1354 1844 societatem,
1381 1813 1554 1840 concordiam
1577 1814 1667 1840 colu-re
1683 1819 1726 1841 at-

940 1865 993 1892 que
1024 1858 1116 1885 virtuti
1139 1866 1250 1893 operam
1263 1865 1362 1885 navare
1393 1865 1500 1886 summo
1530 1859 1590 1886 nisu
1613 1861 1726 1888 studue-

941 1908 1013 1931 runt.

976 1948 1018 1975 l8.
1038 1948 1105 1976 Cum
1129 1954 1217 1975 autem
1237 1949 1282 1975 illo
1297 1954 1418 1983 tempore
1435 1948 1515 1976 etiam
1541 1949 1726 1978 invenirentur

940 1992 1046 2025 litterae,
1070 1993 1176 2027 egregia
1207 1993 1344 2020 memoria
1374 1994 1446 2026 dos,
1477 1993 1635 2026 primarium
1663 2003 1724 2021 mu-

940 2047 1025 2071 scum,
1036 2039 1174 2074 sapientia:
1188 2040 1397 2073 receptaculum,
1406 2039 1550 2066 oblivionis
1563 2040 1722 2072 remedium,

940 2084 1101 2112 eruditionis
1142 2084 1332 2116 delineatorcs,
1361 2084 1522 2119 eloquentia:
1558 2088 1723 2122 exemplum,

940 2130 1112 2158 consiliorum
1144 2130 1226 2156 auitni
1251 2130 1365 2162 indices,
1401 2131 1594 2164 cogitationum
1613 2133 1723 2160 intima-

941 2182 999 2202 rum
1016 2174 1114 2206 nuntii,
1142 2174 1310 2201 occultorum
1334 2174 1497 2208 detectores,
1530 2176 1583 2210 typi
1598 2177 1725 2205 celeriter

101 2225 190 2258 γελοι,
205 2225 230 2250 ot
242 2224 297 2251 τῶν
309 2225 434 2259 κρυφίων
450 2223 628 2258 ὲκφάντορες,
640 2224 665 2249 οί
681 2224 712 2250 τδ
727 2224 755 2250 ἐν
770 2223 886 2258 πράξεσι

943 2221 1129 2255 prtetereuntia
1147 2221 1257 2254 ligentes
1269 2224 1296 2247 et
1309 2221 1454 2248 retinentes
1464 2227 1489 2248 et
1506 2221 1538 2248 ad
1551 2228 1721 2255 posterorum

101 2270 218 2306 ῥευστὸν
231 2269 385 2304 πηγνύντες
399 2270 445 2296 καὶ
463 2269 639 2304 στερεοῦντες
652 2270 743 2302 τύποι,
762 2270 809 2296 καὶ
830 2271 887 2301 τοῖς

99 2316 306 2351 ἐπιγινομένοις
318 2316 368 2350 ὀψὲ
388 2316 485 2351 χρόνου
504 2315 722 2350 ἁναστηλοῧντες
740 2316 780 2346 είς
793 2315 889 2350 γνώρι-

100 2371 172 2397 σμα,
188 2364 214 2389 οί
232 2362 373 2397 ζωγράφοι
388 2362 444 2388 τῶν
468 2362 562 2389 παλῶν
581 2364 627 2388 καὶ
641 2363 816 2397 πραγμάτων
842 2362 889 2388 καὶ

99 2410 270 2444 προσώπων,
286 2408 414 2443 εἱδήσεώς
424 2416 452 2434 τε
468 2408 550 2442 χάριν
564 2409 612 2434 καὶ
634 2409 746 2442 μνήμης
758 2408 889 2434 παντοδα-

99 2453 169 2489 τιῆς,
187 2453 214 2480 οι
241 2453 320 2480 καλοὶ
338 2454 514 2488 χαρακτῆρες
543 2453 653 2488 ἁπάσης
670 2454 811 2487 ὲμμούσου
827 2460 889 2479 παι-

98 2499 232 2531 δεύσεως,
247 2499 272 2524 οί
291 2499 377 2533 μηδὲν
387 2498 500 2525 ἔλαττον
518 2499 604 2534 ἀκοῆς
623 2499 669 2525 τὸν
686 2498 830 2533 ἄνθρωπον
846 2507 890 2525 σο-

98 2544 228 2578 φίζοντις
247 2543 291 2570 διὰ
305 2544 356 2577 τῆς
369 2543 471 2578 ὂψεως,
485 2559 520 2563 -
531 2544 575 2570 ὅτε
588 2545 678 2571 τοίνυν
694 2544 741 2570 καὶ
755 2545 786 2570 τὸ
801 2544 891 2571 τοιοῦ-

96 2599 147 2617 τον
155 2591 240 2617 καλὸν
254 2590 384 2617 ἐδλαστεν
394 2590 444 2626 ήδη
459 2591 488 2617 ὲν
502 2591 607 2626 κόσμῳ,
625 2591 660 2617 δι’
684 2586 714 2617 οὗ
733 2590 808 2618 ἅπαν
829 2591 890 2623 ἔθος

97 2637 236 2671 ἀγράφως
250 2635 442 2671 ὴκριὸωμένον
462 2635 506 2662 ἐπ’
531 2636 627 2671 ἀγαθῷ
655 2634 712 2671 εἶχε
731 2637 889 2670 μεταποιεῖ-

96 2682 166 2708 σθαι
177 2681 218 2713 είς
233 2682 407 2716 χρηστότητα
417 2681 568 2716 ἔγγραφον,
587 2682 621 2717 ἢν
634 2683 666 2716 δὴ
682 2683 764 2716 νόμον
791 2681 890 2710 καλοῦ-

98 2735 153 2762 μεν
164 2728 189 2753 οι
203 2726 328 2762 ὕστερον,
344 2727 416 2753 καθά
430 2727 598 2763 κεκύρωται,
615 2728 761 2766 προέθεντο
776 2729 889 2761 ἀξίωσιν

95 2773 124 2798 οἱ
145 2772 196 2806 τὴν
222 2771 301 2798 άσιον
327 2773 426 2798 ἐκεῖνοι
453 2774 609 2804 παύσαντες
636 2773 708 2807 βίαν,
723 2775 770 2800 καὶ
785 2774 814 2799 τὸ
827 2773 888 2804 ἔθος

96 2817 372 2852 προεισηγησάμενοι
389 2819 436 2844 καὶ
452 2819 647 2853 εἰσαγαγόντες
668 2819 823 2846 διδάσκαλοι
840 2827 889 2845 κα-

96 2861 323 2898 τασφαλισασθαι
348 2863 499 2900 στερεωθὲν
515 2863 556 2902 ⁵ἰδ
574 2864 706 2900 νεοπαγὲς
726 2864 820 2904 ἔθιμον
847 2865 888 2897 εἰς

939 2267 1061 2294 notitiam
1086 2272 1147 2301 post
1177 2267 1259 2294 multa
1271 2269 1369 2294 saecula
1394 2274 1583 2304 propagantes,
1607 2271 1724 2306 pictores

939 2313 1129 2346 certaminum,
1161 2320 1251 2340 rerum
1279 2318 1428 2348 gestarum,
1468 2323 1655 2350 personarum,
1689 2318 1722 2344 ad

939 2358 1059 2385 omnium
1085 2359 1265 2393 cognitionem
1294 2367 1326 2386 ac
1349 2362 1518 2395 memoriam,
1545 2365 1645 2398 egregii
1658 2373 1725 2391 clln-

940 2409 1046 2431 cturum
1075 2405 1249 2431 scientiarqu
1278 2405 1464 2439 characteres,
1491 2407 1537 2442 qui
1550 2416 1601 2435 non
1633 2410 1722 2437 minus

940 2458 1021 2484 quam
1049 2458 1096 2485 per
1126 2451 1258 2484 auditum,
1286 2459 1333 2485 per
1348 2453 1433 2479 visum
1456 2453 1581 2481 homines
1609 2455 1724 2483 edooent

940 2496 1119 2531 erudiuntque
1129 2510 1164 2516 -—
1175 2504 1247 2529 cum,
1260 2498 1380 2531 inquam,
1397 2498 1448 2524 tale
1464 2505 1497 2525 ac
1507 2503 1608 2526 tantum
1624 2501 1724 2527 mundo

940 2542 1063 2570 illuceret
1073 2543 1183 2576 bonum,
1202 2550 1255 2578 quo
1278 2544 1367 2570 omnis
1381 2545 1546 2571 consuetudo
1560 2545 1640 2577 bona,
1657 2546 1724 2574 hac-

941 2593 1022 2616 tenus
1037 2595 1195 2616 conservata
1216 2589 1388 2622 sinelitteris,
1405 2591 1539 2625 scriptura
1563 2592 1723 2620 conﬁrmata

941 2634 1103 2666 sanciretur,
1136 2642 1216 2669 quam
1249 2635 1334 2670 legem
1357 2635 1436 2662 hodie
1461 2643 1597 2669 vocatnus,
1608 2642 1670 2664 tunc
1684 2637 1723 2663 illi

941 2680 1050 2714 quivim
1067 2687 1099 2707 ac
1127 2680 1281 2707 violentiam
1313 2681 1376 2708 olim
1405 2681 1601 2708 intolerabilem
1627 2682 1724 2716 perdo—

941 2731 1075 2759 muerant,
1102 2734 1209 2754 sumtno
1233 2727 1323 2754 studio
1341 2736 1373 2755 eo
1390 2728 1477 2755 annisi
1489 2732 1564 2759 sunt,
1583 2729 1722 2755 ntrecenti

943 2772 1130 2799 consuetudini
1158 2772 1224 2808 legis
1253 2774 1437 2801 characterem
1469 2774 1652 2808 imprimerent
1670 2792 1678 2805 ,
1695 2779 1724 2800 ut

940 2818 1044 2845 sanctio
1055 2819 1154 2853 scripta
1165 2819 1244 2847 veluti
1258 2820 1345 2854 sigillo
1360 2820 1481 2855 apposito
1508 2819 1724 2852 cenﬁrmaretur,

940 2869 968 2893 ut
980 2865 1164 2893 errabundum
1190 2866 1377 2899 incertumque
1395 2867 1428 2894 ad
1450 2866 1604 2894 ﬁrmitatem
1619 2863 1726 2896 redige-
