1960 3074
230 151 284 185 313
567 149 775 182 EU'ST‘A'I‘IIII
797 147 1174 179 TIIESSALONICENSIS
1197 145 1482 177 METROPOLiTrE'
1808 142 1872 174 320

232 209 395 246 \eritalique
419 208 558 237 studerent
583 213 611 235 et
639 213 688 241 per
702 205 825 233 ultimam
855 203 1022 238 perfectissi-

1084 211 1180 236 (tc-ro;,
1196 203 1242 230 τδν
1258 202 1341 229 αὑτοῦ
1355 202 1437 237 νόμον
1452 202 1497 229 τὸν
1510 200 1649 236 δεύτερον,
1673 198 1719 226 τὸν
1736 198 1870 234 γραπτὸν

232 265 359 291 tuamque
378 256 462 290 legem
486 254 519 281 ad
543 255 628 287 ipsum
646 255 828 284 recurrerent,
847 254 974 277 accurate
990 256 1021 276 ac

1084 249 1104 275 iv
1122 249 1241 283 Μωῦσῆς
1257 250 1304 275 καὶ
1321 249 1344 275 οἱ
1363 248 1506 275 Μωσαῐχοὶ
1528 246 1726 282 έξεγράψαντο,
1749 243 1870 280 ἔμελλεν

231 301 290 327 sine
307 290 436 334 vituperio
448 299 505 334 ejus
517 297 724 333 justiﬁcationes
738 295 921 330 exsequendo.

1086 294 1204 329 ὐσχιίλως
1214 294 1387 329 ἁνακαλύψαι
1396 295 1453 324 τοῖς
1466 294 1494 319 ὲν
1509 293 1600 328 χάριτι
1613 291 1673 327 θεία
1687 291 1734 318 καὶ
1746 290 1868 326 ἀληθείᾳ

231 347 409 382 νομημαθέσι,
431 346 479 373 καὶ
514 346 558 372 διὰ
579 344 627 371 τοῦ
659 343 776 379 ὑστέρου
805 343 853 369 καὶ
880 340 1070 376 πληρεστάτου
1096 340 1181 376 νόμου
1209 340 1466 377 ἀναδραμουμένοις
1492 341 1520 371 ἐς
1547 338 1630 365 αὑτὸν
1654 338 1683 363 ὲν
1704 337 1743 372 τῷ
1770 336 1868 367 καλῶς

233 392 280 418 καὶ
304 391 366 426 δίχα
383 391 480 425 μώμου
509 389 650 416 ἐκτελέσαι
675 388 710 415 τὰ
735 388 842 414 ἐκείνου
871 386 1057 422 δικαιώματα.

267 438 312 464 26.
335 437 478 464 Descendit
497 437 578 471 igitur
593 443 640 470 per
659 434 857 462 incarnationis
874 433 1020 467 dispensa-

233 483 332 509 tionem
357 482 383 508 iu
403 481 532 508 mundum
556 488 635 507 suum
659 487 692 507 ac
719 479 870 511 hominem,
883 483 966 513 atque
987 478 1020 505 ab

233 528 310 555 initio
328 535 428 562 paucos
441 531 545 554 tantum
560 535 575 553 e
587 524 759 553 multitudine
769 524 849 560 elegit
862 523 1023 558 discipulos.

233 573 260 600 in
283 580 316 600 eo
344 579 452 607 quoque
480 572 668 598 admirandum
697 575 724 597 et
747 569 931 605 prodigiosum
956 569 1022 604 quid

233 618 399 650 ostendens,
429 617 499 652 quod
532 624 586 644 non
615 620 778 650 exspectans
803 614 1027 650 conspiciebatur

235 664 367 691 doctrinae
392 663 504 698 cupidos
531 662 649 693 docere,
673 661 720 689 sed
737 661 827 696 potius
851 660 1026 694 semetipsum

236 709 424 740 etinaniebat.
435 713 465 735 ut
477 708 558 735 etiam
570 708 604 735 ab
617 707 675 742 ipso
686 707 839 734 educendos
851 705 989 740 colligeret
1001 708 1029 732 et

235 756 269 782 ad
284 762 377 782 eorum
396 753 583 781 infirmitatem
598 760 659 781 sese
672 753 905 780 accommodaret.

270 800 315 827 27.
338 799 483 828 Descendit
505 799 588 835 igitur
603 806 619 826 e
633 798 704 826 ctelo
729 797 895 826 illuminatio
918 795 1025 831 pet-fee-

236 847 352 878 tissima,
371 845 481 872 luminis
503 845 666 879 principium
684 844 818 871 luminmn
836 849 923 878 pater,
944 849 1026 877 atque

237 891 348 918 umbras
362 891 420 918 luce
437 894 571 925 penetrat.
588 889 714 925 Inprimis
729 893 819 916 autem
831 888 933 924 Moysis
945 888 1026 923 legis-

237 935 333 963 laturis
359 934 491 970 sapientis
523 934 748 962 adumbrationes
772 934 806 960 ad
829 933 1025 967 perfectionem

237 981 378 1016 provexit,
406 981 550 1014 aenigmata
575 979 721 1016 symbolica
751 979 944 1014 interpretatus
972 982 1025 1011 est,

237 1027 410 1054 characteres
429 1026 587 1053 umbratiles
599 1027 633 1052 ad
653 1033 745 1053 veram
762 1025 845 1052 vitam
862 1024 985 1056 deduxit,
999 1028 1027 1052 et

237 1073 396 1109 praeclaram
416 1072 488 1099 illam
513 1071 599 1106 legem
625 1070 658 1098 ad
686 1070 826 1098 infandam
844 1070 1026 1105 pulchritudi-

236 1126 309 1151 nem,
323 1124 371 1145 aut
386 1118 409 1145 si
425 1117 579 1145 accuratius
593 1117 736 1144 dicendum
747 1121 798 1150 est,
811 1117 845 1143 ad
857 1116 1025 1151 spiritualem

236 1167 378 1193 veritatem
397 1172 522 1192 sermone
540 1165 614 1192 claro
635 1164 780 1198 promovit.
809 1162 887 1190 Haud
911 1162 1026 1197 amplius

235 1211 308 1238 enim
327 1209 411 1244 ﬁgura
424 1214 484 1244 post
494 1209 764 1241 condescensionem,
778 1208 846 1234 haud
859 1207 1025 1242 symbolum,

236 1257 308 1284 haud
332 1257 438 1288 umbra,
457 1255 505 1283 sed
528 1254 619 1282 omnia
643 1254 744 1285 lucida,
764 1253 905 1288 perspicua
922 1254 1024 1280 omnia.

235 1301 415 1328 Characteres
430 1299 555 1334 explicati
574 1303 647 1330 sunt,
665 1298 767 1326 veritas
788 1305 883 1325 serena
899 1297 960 1324 luce
977 1305 1024 1332 ap-

235 1347 335 1382 paruit,
350 1346 462 1381 justitia
484 1346 523 1372 sol
539 1350 650 1372 exortus
665 1349 717 1376 est,
743 1348 769 1371 et
792 1344 838 1378 qui
854 1347 945 1376 antea,
968 1351 1027 1370 um-

202 1424 205 1429 .
238 1394 348 1420 brarum
379 1392 494 1426 caligine
522 1391 645 1422 involuti,
675 1397 763 1424 neque
792 1389 945 1416 sciebamus
972 1396 1027 1423 quo

237 1437 354 1464 cundum
381 1441 465 1468 esset,
493 1443 580 1469 neque
611 1435 814 1469 apprehendere
841 1434 1026 1462 necessarium

238 1482 408 1513 volebamus,
422 1489 438 1509 e
452 1481 570 1508 tenebris
585 1481 722 1516 perpetuis
737 1481 771 1508 ad
787 1481 875 1508 lucem
892 1480 1026 1509 inﬁnitam

238 1528 357 1556 traducti
372 1534 478 1555 sumus.
494 1527 665 1561 Ambiguitas
676 1526 769 1562 legalis
782 1526 904 1560 evanuit,
915 1526 1028 1562 ejusque

241 1576 301 1602 locu
318 1574 428 1602 advenit
451 1581 529 1601 mens
543 1574 678 1608 profunda
695 1580 770 1604 sane.
788 1573 835 1600 sed
862 1573 943 1601 simul
962 1573 1028 1600 sim-

239 1623 311 1656 plex,
323 1621 542 1656 quandoquidem
559 1620 697 1654 sapienter
712 1626 744 1647 ac
758 1625 870 1647 strenue
886 1619 1027 1646 veritatem

240 1668 452 1702 interpretatur;
465 1673 519 1694 non
529 1666 645 1700 amplius
655 1665 698 1701 obj
704 1665 784 1693 icitur
794 1667 917 1694 velamen
932 1666 1028 1702 legale,

241 1715 311 1742 intra
324 1713 395 1749 quod
408 1712 504 1740 salutis
519 1711 642 1740 doctrina
658 1711 820 1740 occultatur.

277 1760 323 1788 28.
345 1760 438 1795 Neque
459 1759 515 1794 jam
540 1759 641 1786 dixerit
664 1758 799 1793 quispiam
825 1765 841 1785 e
864 1758 974 1792 colevis,
999 1766 1029 1786 se

240 1807 392 1836 secundum
416 1813 538 1834 crassam
562 1805 681 1833 litteram
698 1804 869 1838 conversari,
884 1805 948 1832 dum
972 1805 1030 1833 haec

240 1853 283 1881 vel
300 1854 346 1881 illa
362 1855 394 1881 ad
418 1852 537 1880 litteram
563 1851 630 1887 agit.
653 1851 682 1879 Si
698 1856 787 1879 autent
807 1851 949 1886 spirituale
965 1851 1029 1886 quid

240 1902 267 1927 in
283 1900 321 1928 eis
334 1899 502 1928 reconditqu
514 1898 562 1932 sit,
580 1898 642 1932 quis
655 1898 725 1925 scire
736 1897 855 1932 poterit?
869 1896 922 1925 Sed
938 1898 1029 1924 omnia

240 1952 304 1974 sunt
330 1946 484 1982 perspicua,
513 1948 540 1972 et
565 1944 648 1972 Verbi
673 1944 757 1971 divini
789 1944 923 1971 incarnati
949 1943 1030 1972 etl‘ata

241 1992 378 2020 intellectu
396 1991 503 2025 facilia;
526 1991 674 2026 margarita
696 1990 758 2017 inde
778 1990 949 2025 proveniens,
972 1996 1031 2017 om-

243 2039 285 2065 nis
300 2037 445 2065 velamenti
469 2036 579 2064 obscuri
597 2043 705 2070 expers,
730 2043 778 2071 per
795 2043 824 2063 se
848 2036 934 2069 ipsam
955 2043 1030 2062 com-

243 2082 429 2117 prehenditur.
444 2081 548 2108 Aurum
570 2085 598 2107 et
621 2084 763 2115 argentum
780 2088 875 2112 purum
895 2080 1028 2115 projacet,

243 2135 297 2153 non
324 2126 523 2155 adulteratam,
550 2124 624 2152 nullo
654 2125 744 2159 lapide
772 2124 858 2159 Lydio
887 2126 1028 2160 indigens;

243 2171 346 2206 lapides
373 2170 483 2206 pretiosi
506 2173 535 2196 ut
557 2169 766 2205 investigentur,
790 2178 878 2204 neque
902 2171 1028 2198 sudorem

245 2225 331 2252 neque
340 2217 461 2244 laborem
472 2215 635 2243 fodientibus
644 2215 798 2250 imponunt.
809 2216 860 2249 Qui
871 2217 1031 2250 donatillos,
1048 2214 1070 2242 D

244 2272 299 2291 non
311 2263 399 2291 solum
414 2261 702 2298 magnificentissimus
720 2267 841 2297 apparet,
854 2263 900 2290 sed
917 2271 966 2297 pro
979 2264 1032 2291 im—

245 2317 338 2337 mensa
363 2309 448 2344 ipsius
465 2308 651 2335 misericordia
671 2307 806 2342 permittit
829 2312 857 2335 ut
873 2308 918 2344 qui
936 2309 1032 2338 volunt

245 2363 345 2383 munus
375 2354 546 2391 percipiant;
575 2361 627 2380 non
661 2355 758 2389 quaerit
788 2360 953 2382 mercatores
985 2356 1031 2390 qui

244 2410 341 2437 magno
356 2410 417 2430 cum
433 2401 509 2429 lucro
526 2402 593 2428 istos
605 2402 752 2428 revendant
763 2409 911 2436 eorumque
925 2408 1032 2430 amato-

244 2450 321 2476 ribus
349 2448 486 2483 negotium
519 2448 673 2480 lacessant,
697 2448 744 2476 sed
773 2456 907 2483 pauperes
933 2449 1031 2485 spiritu

244 2495 346 2521 intima:
358 2493 483 2521 amicitia:
496 2493 604 2520 vinculo
618 2493 669 2521 sibi
684 2493 831 2527 adjungere
847 2495 947 2528 studet,
964 2503 1032 2531 quos

244 2539 332 2566 ditare
352 2544 444 2574 queat,
468 2540 534 2574 ipsis
553 2540 621 2566 dona
638 2547 687 2566 sua
714 2539 873 2574 impertiens
894 2547 974 2576 atque
997 2542 1031 2570 ad

243 2584 418 2613 beatitudinis
432 2585 570 2619 fastigium
588 2585 717 2612 evehens.

1110 433 1168 466 κς’.
1185 433 1292 461 Οὐκοῦν
1309 434 1469 461 καταϐαίνει
1484 432 1528 460 δ’ιά
1540 432 1588 466 τῆς
1604 431 1739 464 ὲνσὰρκου
1755 430 1868 456 οἰκονο-

1077 480 1142 516 μίας
1159 480 1206 506 ἐπὶ
1220 481 1265 507 τὸν
1291 479 1375 507 αὑτοῦ
1393 479 1441 506 καὶ
1456 480 1556 513 κόσμον
1576 477 1624 504 καὶ
1644 475 1799 511 ἄνθρωπον,
1817 473 1871 499 καὶ

1076 526 1219 560 ἐκλέγεται
1246 526 1371 561 μαθητὰς
1394 525 1502 559 ὀλίγους
1526 524 1637 556 πάντως
1660 523 1710 558 τὴν
1728 520 1818 556 ἀρχὴν
1833 519 1871 545 ἐκ

1075 572 1223 607 τηλικῆσδε
1238 572 1289 606 τῆς
1304 572 1366 598 τότε
1379 572 1518 606 ὁλότητος,
1533 569 1676 605 τεράστιόν
1684 577 1710 595 τι
1721 568 1768 594 καὶ
1781 566 1870 594 τοῦτο

1075 618 1201 654 ἐκφήνας
1213 619 1329 650 ἐκεῖνος,
1344 618 1369 645 cl
1385 618 1422 653 μὴ
1441 617 1593 652 ἀναμείνας
1608 614 1771 651 ἑψηλαφήθη
1791 613 1870 640 διδά-

1077 664 1120 696 ξαι
1133 664 1196 695 τοὺς
1209 663 1425 698 ἐπιθυμοῦντας,
1440 663 1508 690 ἀλλὰ
1523 661 1686 693 κατεδέξατο
1699 658 1870 693 κενωθῆναι,

1076 709 1113 739 ὡς
1133 709 1180 736 καὶ
1209 708 1378 744 ἐπιζητῆσαι
1394 708 1456 739 τοὺς
1483 706 1694 743 μαθησομένους
1718 704 1747 737 ιε
1768 702 1870 735 αὐτοῦ,

1078 755 1125 781 καὶ
1139 755 1173 789 τῇ
1191 754 1304 781 ἐκείνων
1318 753 1448 789 ἀσθενείᾳ
1468 753 1680 787 συνεκδραμεῖν.

1115 799 1167 832 κζ’.
1182 800 1295 829 Κάτεισι
1310 800 1401 826 τοίνυν
1421 799 1568 834 οὐρανόθεν
1586 798 1602 833 ἡ
1620 797 1783 832 ὕπέρφωτος
1795 794 1872 829 λάμ-

1079 846 1135 882 ψις,
1148 847 1163 873 6
1179 846 1346 882 ἀρχίφωτος,
1362 847 1376 874 ὸ
1390 846 1445 873 τῶν
1459 846 1557 880 φώτων
1575 843 1678 880 πατὴρ,
1693 843 1741 870 καὶ
1760 850 1870 869 καταυ-

1081 892 1160 926 γάξει
1175 893 1225 928 τὴν
1252 892 1343 919 σκιάν.
1369 891 1496 919 Μάλιστα
1511 891 1561 926 μὲν
1586 888 1634 918 οὖν
1653 890 1688 916 τὰ.
1707 888 1755 916 τοῦ
1780 887 1867 923 σοφοῦ

1081 938 1257 974 σκιαγράφου
1273 938 1397 970 Μωσέως
1418 938 1574 973 τυπώματα
1593 936 1693 972 κρώζει
1709 935 1777 970 πρὸς
1791 933 1870 960 ἐντέ-

1080 983 1166 1016 λειαν,
1188 984 1236 1010 καὶ
1259 983 1294 1010 τὰ
1310 983 1465 1018 συμϐολικά
1486 982 1687 1018 διιρμηνεύσας
1704 981 1873 1016 αἰνίγματα,

1080 1029 1206 1060 καὶτοὺς
1235 1030 1369 1061 τυπικοὺς
1395 1028 1576 1064 χαρακτῆρας
1600 1029 1640 1059 εἰς
1668 1025 1868 1062 πραγματικὴν

1080 1073 1229 1106 ἐκϐιϐάσας
1255 1074 1399 1108 ἀλήθειαν,
1413 1075 1459 1101 τὸν
1471 1075 1554 1101 καλὸν
1576 1075 1680 1100 ἐκεῖνον
1700 1073 1783 1108 νόμον
1797 1071 1877 1104 ἐξω-

1082 1120 1175 1155 ράῖσεν
1190 1121 1230 1152 τίς
1253 1121 1352 1152 κάλλος
1374 1121 1565 1156 ἀνεκλάλητον,
1586 1120 1685 1156 μενοῦν
1705 1128 1737 1154 γε
1753 1118 1871 1154 ἀκριϐέ-

1081 1173 1178 1201 στερον
1194 1166 1289 1199 φάναι,
1303 1165 1419 1200 λαλητὺν
1436 1165 1505 1200 πρὸς
1530 1165 1721 1201 πνευματικὴν
1736 1164 1870 1199 ἀλήθειαν

1080 1211 1167 1238 ιθετο.
1182 1211 1274 1244 Τύπος
1288 1212 1343 1247 γὰρ
1363 1212 1456 1238 οὐκέτι
1469 1211 1558 1243 οὐδεὶς
1576 1212 1645 1246 μετὰ
1661 1211 1710 1246 τὴν
1729 1210 1871 1245 συγκατά-

1081 1257 1170 1290 ϐασιν,
1184 1257 1319 1293 σύμϐολον
1330 1258 1418 1290 οὐδὲν,
1430 1258 1494 1285 σκιά
1504 1258 1564 1284 οὐδε
1570 1258 1632 1293 μία,
1648 1258 1737 1284 πάντα
1746 1256 1871 1291 ἐμφανῆ,

1081 1304 1210 1338 προφανῆ
1237 1304 1345 1330 πάντα·
1361 1304 1386 1330 οἰ
1407 1305 1582 1339 χαρακτῆρας
1603 1303 1830 1338 διασεσάφηνται,
1853 1303 1872 1337 ἡ

1081 1349 1198 1384 ἀλήθεια
1215 1350 1371 1385 ὲκπέφηνεν
1396 1351 1589 1386 αίθριάξουσα,
1605 1351 1619 1377 ὁ
1630 1350 1680 1385 τῆς
1695 1349 1873 1384 δικαιοσύνης

1082 1395 1220 1423 ἀνέτειλεν
1238 1396 1326 1432 ἥλιος,
1352 1397 1400 1423 καὶ
1425 1397 1600 1432 συνήχθημεν
1625 1397 1684 1423 ἀπὸ.
1704 1396 1817 1428 σκότους
1831 1395 1872 1423 δι-

1081 1441 1198 1478 ηνεκοῦς
1217 1443 1257 1474 είς
1278 1443 1376 1470 ἄδυτον
1390 1443 1549 1478 φωσφορίαν
1568 1443 1592 1470 οἱ
1606 1441 1704 1478 πρώην
1720 1441 1869 1477 ἑσκιασμὲι-

1081 1496 1122 1515 νοι
1141 1488 1217 1523 παρὰ
1232 1488 1263 1515 τὸ
1286 1488 1355 1524 μήτε
1376 1489 1487 1521 ειδέναι,
1513 1490 1561 1516 ποῖ
1577 1487 1780 1524 πορευσόμεθα,
1802 1487 1871 1522 μηδὲ

1042 1550 1065 1580 C
1086 1536 1141 1570 μὴν
1154 1534 1257 1562 ἐθέλειν
1285 1535 1316 1561 τὸ
1342 1535 1401 1561 δέον
1428 1535 1568 1571 ψηλαφᾷν.
1590 1535 1622 1562 Ἦ
1651 1535 1749 1570 νομικὴ
1775 1533 1871 1570 διπλόη

1082 1581 1236 1616 παρῆλθεν,
1254 1581 1416 1616 summa:
1430 1581 1457 1607 δὲ
1471 1581 1485 1608 ό
1496 1581 1580 1616 βαθὺς
1596 1581 1645 1616 μὲν
1662 1581 1700 1617 τῷ
1716 1581 1772 1608 ὄντι
1796 1580 1871 1612 νοῦς,

1085 1627 1188 1658 ἁπλοῦς
1205 1627 1234 1654 δὲ
1247 1627 1346 1659 ἄλλως,
1365 1628 1460 1654 καθότι
1482 1626 1630 1663 ἐρμηνεύει
1645 1627 1695 1654 καὶ
1710 1626 1805 1661 σαφῶς
1821 1627 1870 1653 καὶ

1084 1673 1193 1709 τρανῶς
1212 1672 1297 1708 αὐτὴν
1311 1672 1360 1709 τὴν
1380 1672 1527 1708 ἀλήθειανε
1541 1673 1571 1699 οὑ
1587 1672 1772 1708 προϐέϐληται
1787 1680 1873 1698 κατα.-

1084 1719 1214 1755 πέτασμα
1223 1719 1347 1754 νομικὸν,
1354 1716 1440 1755 οὗπερ
1449 1719 1525 1750 ἐντὸς
1535 1719 1728 1753 κέκρυπταιτὰ
1738 1718 1872 1753 σωτήρια.

1120 1764 1174 1800 κη’.
1187 1765 1244 1791 Οὐκ
1257 1765 1314 1800 ἔχει
1328 1773 1370 1796 τις
1384 1764 1475 1799 λέγειν
1494 1764 1542 1791 καὶ
1554 1765 1583 1791 ὲν
1597 1765 1653 1796 τοῖς
1666 1764 1741 1799 ἄρτι,
1756 1763 1793 1795 ὡς
1802 1763 1873 1797 Ἐγὼ

1085 1811 1136 1845 μὲν
1152 1810 1223 1837 κατὰ
1238 1811 1269 1837 τὺ
1289 1811 1447 1845 σωματικὸν
1468 1811 1587 1846 γράμμα
1607 1810 1796 1845 πολιτεύομαι,
1809 1810 1873 1837 τάδε

1086 1857 1134 1883 καὶ
1149 1856 1212 1883 τάδε
1239 1856 1327 1882 ποιῶν
1342 1856 1623 1892 γραμματικώτερον.
1640 1855 1672 1883 Εί
1696 1856 1725 1882 δέ
1740 1865 1766 1882 τι
1791 1864 1874 1882 meo.

1086 1902 1202 1937 ματικὸν
1215 1903 1244 1929 ἐν
1262 1902 1355 1934 αὐτοῖς
1370 1903 1536 1938 κέκρυπται,
1554 1903 1596 1933 τίς
1617 1903 1650 1930 ἂν
1665 1902 1769 1937 είδείης
1791 1902 1871 1929 Ἀλλὰ

1084 1958 1119 1976 τι
1134 1949 1223 1976 πάντα
1237 1950 1322 1985 σαφῆ,
1337 1950 1386 1976 καὶ
1399 1949 1433 1976 τὰ
1455 1950 1503 1976 τοῦ
1521 1949 1699 1984 θεανθρὼπου
1716 1949 1804 1983 Λόγου
1821 1958 1873 1976 πα-

1086 1995 1267 2030 ραγγέλματα
1275 1994 1399 2030 εὔληπτα
1410 2002 1417 2010 ·
1429 1995 1477 2022 καὶ
1488 1995 1602 2021 αὐτόθεν
1614 1995 1759 2030 νοούμενος
1770 1995 1873 2030 γυμνὸς

1085 2040 1204 2072 ἅπαντος
1237 2040 1474 2076 προκαλύμματος
1507 2040 1694 2076 ὲλυτρώδους,
1724 2041 1738 2068 ό
1766 2041 1872 2069 ἐκεῖθεν

1086 2086 1211 2113 ἔκκειται
1239 2087 1392 2122 μάργαρος.
1415 2087 1456 2113 Τὸ
1482 2087 1595 2122 χρυσίον
1621 2086 1717 2113 καὶτὸ
1739 2087 1872 2122 ἀργύριον

1086 2132 1207 2168 καθαρὸν
1230 2133 1417 2168 προϐέϐληται
1434 2132 1482 2160 καὶ
1504 2132 1660 2167 ἀκίϐδηλον,
1686 2133 1763 2160 οὐδέν
1781 2142 1808 2160 τι
1822 2133 1872 2169 βα-

1087 2177 1169 2204 σάνου
1186 2177 1331 2213 δεόμενον·
1348 2178 1373 2204 οι
1386 2178 1474 2213 τίμιοι
1489 2177 1558 2205 λίθοι
1576 2178 1626 2205 οὐκ
1640 2178 1778 2205 ἐθέλουσιν
1795 2179 1873 2214 ἱδρῶ-

1086 2230 1147 2254 τας,
1177 2222 1214 2254 ὡς
1241 2222 1445 2258 ἀνιχνεύεσοαι,
1471 2225 1518 2251 καὶ
1534 2225 1631 2256 πόνους
1658 2225 1790 2260 παρέχειν
1814 2227 1871 2257 τοῖς

1087 2267 1308 2303 μεταλλεύουσιν.
1336 2269 1366 2297 '0
1391 2269 1494 2296 τούτων
1516 2271 1675 2306 χορηγητὴς
1700 2271 1751 2307 οὐχ
1778 2271 1871 2304 ἁπλῶς

1085 2313 1381 2349 μεγαλοπρεπέστατος
1404 2315 1549 2350 ἔγνωσται,
1571 2317 1640 2344 ἀλλὰ
1664 2317 1803 2353 πλήσμιον
1826 2318 1871 2345 τὸν

1084 2359 1167 2386 αὑτοῦ
1183 2360 1308 2395 προχέων
1320 2360 1395 2388 ἔλεον
1412 2362 1533 2388 ἐνδίδωσι
1548 2362 1654 2398 δωρεὰν
1669 2363 1802 2398 ἀρύεσθαι
1816 2365 1872 2396 τοῖς

1084 2407 1222 2433 ἐθέλουσι-
1240 2407 1287 2434 καὶ
1308 2407 1370 2435 οὐδὲ
1385 2408 1462 2444 ζητεῖ
1480 2409 1719 2445 μεγαλεμπὸρους,
1743 2407 1784 2441 οἷς
1800 2410 1871 2437 ἀπο-

1084 2453 1201 2480 δώσεται
1218 2453 1315 2489 βαρείᾳ
1330 2455 1397 2490 τιμῇ
1413 2455 1448 2482 τὰ
1461 2456 1614 2491 ὑπέρτιμα,
1627 2456 1665 2488 ὡς
1681 2457 1802 2488 ἐκείνους
1822 2457 1871 2484 αὖα

1084 2498 1127 2530 θις
1148 2499 1343 2535 ἀντιτιμᾶσῠαι
1367 2501 1437 2528 αὐτὰ
1457 2502 1503 2528 ἐπὶ
1520 2503 1628 2537 ὲμπολῇ
1655 2503 1801 2538 κερδαλέα,
1823 2505 1870 2531 καὶ

1086 2545 1238 2580 πράγματα
1255 2547 1401 2581 παρίσχειν
1418 2548 1473 2579 τοῖς
1500 2547 1590 2574 αὐτῶν
1605 2548 1761 2584 ἐφιεμένοις
1785 2550 1870 2583 εμπο.

1084 2591 1250 2627 ρικώτερον⁶
1283 2593 1352 2620 ἀλλά
1387 2594 1512 2629 πτωχοὺς
1539 2595 1579 2629 τῷ
1610 2595 1748 2630 πνεύματι
1777 2595 1869 2630 φίλους

243 2631 431 2666 βαθυκόλπους
464 2631 542 2666 ζητεί
573 2631 712 2666 εὑρέσθαι,
748 2631 795 2664 οὓς
834 2633 965 2666 πλουτιεῖ,
991 2637 1153 2672 παραϐύσας
1178 2639 1271 2670 αὐτοῖς
1298 2639 1333 2666 τὰ
1362 2640 1450 2666 οίκεϊα
1488 2640 1574 2677 δῶρα,
1606 2641 1652 2668 καὶ
1688 2641 1800 2674 ὀλϐίσας
1822 2641 1868 2668 ἐπὶ

246 2679 426 2715 μακαρισμῷ.

279 2726 324 2753 29.
345 2725 421 2752 Dolet
437 2725 519 2757 enim,
543 2729 572 2752 ut
595 2725 632 2752 ita
654 2725 753 2756 dicam,
771 2726 910 2755 immensis
924 2728 1028 2758 divitiis

245 2772 313 2804 suis,
330 2776 411 2805 atque
430 2771 562 2797 bonorum
579 2771 663 2805 ipsius
677 2772 822 2806 participes
835 2773 956 2802 invenire
970 2781 1028 2803 stu-

244 2819 299 2850 det,
318 2816 458 2852 improbos
473 2821 500 2844 et
513 2817 558 2851 qui
577 2817 735 2844 thesaurum
755 2819 789 2846 ab
806 2819 863 2853 ipso
882 2820 1026 2849 collectum

245 2863 341 2893 tollere
363 2871 394 2891 ac
415 2868 573 2899 supportare
587 2863 711 2898 possint;
729 2864 784 2893 imo
805 2870 831 2893 et
847 2865 968 2896 latrones
981 2868 1028 2895 ad-

1117 2734 1168 2760 κθ’.
1183 2733 1313 2768 Ἀχθεται
1327 2733 1383 2768 γὰρ
1397 2735 1479 2766 αὐτὸς
1491 2733 1547 2762 οἷον
1558 2735 1598 2771 τῷ
1613 2737 1674 2764 κατ’
1685 2737 1768 2764 αὑτὸν
1780 2722 1866 2772 μυρίῳ

1084 2778 1204 2813 πλούτῳ,
1216 2780 1263 2806 καὶ
1274 2781 1402 2807 ἐπιποθεί
1418 2782 1534 2816 μερίτας
1546 2783 1676 2818 εὑρέσθαι
1691 2783 1738 2810 τοῦ
1752 2782 1864 2817 ἀγαθοῦ,

1084 2825 1275 2860 παλαμναίους
1290 2826 1322 2862 δή
1339 2836 1416 2859 τινας
1432 2829 1478 2854 καὶ
1494 2829 1565 2861 οἴους
1588 2829 1751 2865 ἀχθοφορείν
1773 2831 1868 2857 ἀτλαν-

1053 2870 1230 2913 Ητικώτερον
1246 2872 1281 2899 τά
1305 2873 1371 2907 παρ’
1395 2874 1492 2909 ἐκείνῳ
1515 2875 1754 2911 τεθησαυρισμένα
1779 2876 1865 2905 καλά·
