1960 3074
226 155 277 188 331

228 213 362 242 habemus
378 221 470 242 cmerc
495 215 655 250 satagimus,
675 219 703 242 et
717 215 739 242 si
758 223 820 250 qure
849 223 902 243 non
927 216 1018 243 statim
1035 216 1058 243 Λ

227 264 388 295 appareant,
409 269 516 288 summo
542 268 601 288 cum
625 261 717 288 studio
744 262 908 296 inquirimus
933 269 1018 296 usque

228 307 292 334 dum
316 308 426 335 demum
453 308 632 342 reperiamus.
656 315 744 343 neque
765 309 851 337 solum
870 309 1019 344 gaudemus

227 352 301 387 quod
316 360 373 381 rem
389 352 570 380 desideratam
583 353 641 387 jam
660 355 861 388 possideamus.
876 356 923 382 sed
936 355 1020 383 inter-

228 399 293 426 dum
307 399 390 427 etiam
404 399 478 433 justo
493 399 580 433 majus
592 400 708 435 pretium
728 400 899 435 insumimus,
919 407 948 429 ut
961 409 1021 430 car-

229 453 290 474 nem
305 446 418 473 scrvitio
434 446 571 474 addictam
594 447 686 482 aliquo
701 455 863 476 ornamento
881 449 1023 484 pulchrio-

230 500 285 519 rem
297 491 432 520 redditam
444 493 1021 529 spectatoribusexbibeamus.ornamento,

229 539 351 572 inquam,
362 540 434 573 quod
445 546 458 565 a
468 539 546 566 nobis
558 539 718 576 plerumque
730 548 764 568 ne
780 542 949 576 coiispicitur
960 543 1021 576 qui.

230 585 304 612 deum
311 584 437 613 Animam
446 590 536 612 autem
546 585 684 614 dominam
690 586 819 615 sordibus
826 587 906 623 pollui
914 594 941 615 et
951 594 1024 616 lene—

231 631 287 660 bris
297 632 345 664 ita,
356 631 394 659 uti
406 633 521 660 (ιπηιοηί
531 637 592 660 atro
609 638 717 667 gratum
728 639 779 665 est.
791 634 891 662 involvi
902 635 1023 663 sinenlcs

231 686 286 706 non
300 678 388 706 solum
406 678 507 706 nullam
523 686 634 714 operam
659 680 852 715 impendimus,
870 685 899 708 ut
914 681 955 708 vel
972 681 1023 716 ipsi

231 732 291 752 eam
315 729 443 760 tanquam
459 726 505 754 Dei
525 734 654 761 sponsam
677 727 903 761 condecoremus,
917 729 960 756 vel
977 736 1026 763 per

231 771 314 798 alium
331 771 412 805 hujus
428 771 467 799 rei
483 771 603 806 peritum
621 773 674 800 hoc
690 773 749 800 ﬁeri
763 773 962 806 sustineamus,
975 773 1024 801 sed

232 817 326 850 etiam,
341 817 363 845 si
384 818 446 852 quis
471 818 504 846 ad
528 818 648 846 divinam
671 819 861 848 formationem
878 828 925 848 seu
943 825 1026 848 tran-

233 864 442 892 sformutionem
471 871 521 892 nos
546 865 705 893 invitaverit
728 871 810 901 atque
825 869 1026 902 provocaverit,
1044 883 1066 913 Β

233 910 365 938 conviciis
386 911 589 946 proscindimus
611 917 640 940 et
663 913 758 947 procul
783 913 860 941 ahire
881 913 1023 949 iubemus,

233 957 288 984 imo
308 957 398 992 gladio
421 957 543 993 aggressi
568 958 729 988 interimere
751 960 916 989 studemus?
933 961 1029 990 Omnis

233 1010 314 1036 porro
331 1011 378 1032 ars
398 1011 413 1031 a
438 1004 519 1032 nobis
545 1004 667 1039 diligitur
691 1009 718 1033 et
744 1006 922 1041 approbatur,
953 1008 1028 1035 nullo

234 1049 306 1076 inter
331 1056 379 1076 cas
396 1049 558 1076 discrimine
572 1050 692 1078 admisso
710 1059 718 1078 :
735 1051 778 1078 illa
805 1056 896 1080 autem
918 1061 979 1087 qua:
994 1054 1028 1081 ad

233 1094 334 1121 mima:
351 1094 582 1128 pulchritudinem
600 1100 717 1131 spectat,
733 1098 828 1132 procul
853 1106 867 1126 a
885 1100 965 1127 nobis
983 1108 1027 1128 rc-

231 1140 303 1173 jccta
320 1141 479 1176 negligitur,
498 1149 587 1176 neque
603 1142 637 1170 ad
655 1150 732 1171 avem
758 1143 905 1171 infaustam
924 1149 970 1172 aut
994 1146 1027 1173 ad

233 1186 342 1220 rupium
360 1187 524 1222 praecipitia,
546 1187 618 1216 unde
638 1188 746 1216 tandem
763 1189 912 1224 aliquando
932 1190 1027 1219 reduci

234 1233 331 1267 possit,
346 1234 524 1268 amandatur,
537 1235 586 1262 sed
601 1235 628 1262 in
641 1234 788 1263 oblivionis
803 1236 961 1271 voraginem
976 1237 1027 1264 im-

235 1278 379 1312 mergitur,
395 1279 469 1306 unde
483 1280 519 1307 ad
537 1279 625 1308 lucem
640 1288 780 1315 nunquam
796 1282 903 1309 redeat.

269 1324 315 1352 49.
344 1324 464 1353 Econtra
489 1333 571 1354 omne
598 1328 722 1362 prudens
743 1329 903 1361 consilium,
935 1329 1026 1356 omnia

234 1371 383 1400 doctorum
401 1378 548 1407 praecepta,
573 1374 607 1401 ad
631 1374 716 1402 vitam
737 1375 926 1410 corrigendam
950 1383 1028 1410 spec-

236 1419 337 1451 tantia,
353 1423 381 1447 et
400 1419 475 1454 leges
492 1420 651 1455 adiuvantia
665 1426 693 1448 et
716 1428 837 1449 cantantes
857 1422 1027 1454 roborantia,

234 1472 380 1500 suppressa
394 1465 498 1500 iacent,
510 1466 640 1502 omnique
654 1468 736 1496 modo
747 1469 866 1497 societas
880 1469 1028 1497 meditatur

235 1517 289 1537 non
311 1510 346 1539 de
359 1518 403 1542 eo,
421 1515 450 1539 ut
469 1513 624 1547 respublica
645 1513 719 1541 salva
743 1514 790 1546 sit.
808 1515 856 1543 sed
871 1519 902 1543 ut
923 1515 1024 1550 justus,

236 1561 334 1592 utpote
348 1559 531 1592 importunus,
548 1559 574 1585 in
588 1558 706 1588 vinculis
718 1559 820 1594 doleat,
837 1565 864 1588 et
875 1567 1026 1596 praeceptor
1040 1574 1064 1606 α

234 1604 334 1638 quibus
355 1604 426 1632 bene
449 1605 590 1633 institutus
617 1611 670 1639 est,
688 1611 715 1634 et
742 1608 775 1634 ad
795 1615 856 1643 qua:
877 1609 1028 1643 proﬁtenda

236 1649 307 1678 alios
320 1650 467 1679 instituere
481 1652 632 1687 sategit.in
656 1659 818 1689 perpetuum
840 1655 986 1687 valedicat,
1004 1659 1031 1683 et

236 1701 314 1732 pater
331 1695 434 1732 Spiritu
449 1697 543 1725 divino
560 1699 710 1727 instructus
727 1707 779 1728 non
796 1708 810 1727 τι
827 1700 882 1728 lilio
894 1701 1032 1729 distraba-
1045 1709 1052 1720 κ

237 1747 283 1770 tur
298 1743 363 1779 (hoc
382 1743 454 1770 enim
470 1743 560 1771 minus
577 1743 647 1772 foret
661 1745 784 1780 malum),
799 1746 846 1773 sed
866 1753 914 1780 per
930 1746 1030 1772 malum

237 1789 388 1817 «temonem
409 1790 497 1818 servis
519 1790 658 1818 inutilibus
674 1796 863 1822 accenseatur.
878 1796 908 1819 et
925 1792 1033 1826 episco-

238 1843 289 1870 pus
308 1836 428 1871 denique
442 1836 581 1872 indignum
601 1837 666 1872 quid
681 1837 886 1872 infaustumque
900 1838 1030 1873 patiatur.

276 1883 322 1910 50.
337 1881 396 1910 Non
416 1883 501 1919 igitur
525 1891 629 1911 morem
649 1886 781 1919 gerlmus,
801 1891 889 1920 neque
904 1885 1033 1912 obedien-

241 1929 308 1957 tiam
323 1929 496 1964 spirilualem
520 1936 675 1964 servamus,
691 1937 779 1964 neque
803 1931 926 1965 patribus
951 1939 1033 1966 pare-

239 1983 312 2008 mus,
323 1983 394 2010 quos
405 1980 518 2004 sanctus
535 1975 655 2011 Spiritus
670 1976 729 2010 dat,
743 1984 832 2012 neque
855 1978 1033 2012 praeceptoris

239 2026 300 2050 arte
317 2022 481 2057 indigemus.
507 2022 679 2058 Quapropter
702 2023 784 2050 etiam
804 2028 968 2058 prasenlem
990 2031 1034 2051 re-

241 2067 376 2103 spnimus,
387 2072 420 2095 et
431 2076 491 2096 eam
504 2075 651 2103 quamnon
664 2069 809 2100 habemus.
825 2076 878 2096 non
894 2069 1035 2096 desidera-

241 2121 320 2144 mus:
335 2114 410 2148 quod
423 2115 498 2141 omni
516 2114 566 2141 arti
586 2114 687 2142 accidit
702 2115 729 2142 in
754 2115 923 2147 hominibus,
939 2116 984 2149 qui
1002 2123 1034 2143 ca

241 2165 297 2186 non
316 2166 384 2194 opus
407 2159 520 2187 trahent.
546 2159 639 2188 Rebus
655 2165 746 2188 autem
774 2165 830 2188 tam
857 2161 956 2189 misere
974 2168 1035 2189 sese

242 2205 408 2233 habentibus
425 2206 584 2234 necessario
596 2207 777 2241 consequitur
792 2212 820 2234 ut
840 2209 874 2234 ad
891 2208 1033 2242 antiquam

242 2251 315 2280 illam
326 2251 409 2280 vitam
420 2252 535 2279 ferinam
546 2253 733 2287 adspiremus,
747 2253 811 2280 licet
820 2253 974 2281 clanculum
985 2254 1035 2282 hoc
1053 2244 1073 2272 ί)

242 2298 288 2325 ﬂat
297 2301 325 2326 et
339 2298 372 2326 ab
385 2297 418 2325 iis
431 2298 476 2333 qui
489 2299 696 2334 perspicacitate
705 2303 810 2331 carent,
831 2299 876 2326 vix
885 2300 1032 2328 sentiatur.

277 2344 322 2372 5L
339 2344 399 2372 Mali
414 2349 504 2372 autem
524 2345 581 2373 luet:
597 2350 638 2372 est
657 2352 739 2372 causa
754 2354 761 2372 :
781 2350 854 2373 artes
869 2350 929 2380 post
944 2347 1032 2373 homi-

242 2398 307 2419 num
323 2392 534 2420 civilisationem
561 2394 685 2420 iuventas
701 2392 857 2420 necessario
882 2392 1032 2428 diligimus,

240 2438 370 2472 quoniam
388 2438 447 2466 sine
465 2439 518 2466 illis
543 2439 577 2466 de
597 2439 650 2466 vita
679 2438 912 2473 periclitaremur;
940 2439 1034 2474 probis

242 2489 333 2511 autem
359 2484 484 2513 consiliis
510 2491 542 2512 ac
569 2485 649 2512 bonis
676 2484 780 2520 legibus
809 2492 913 2512 morem
939 2493 1033 2520 gerere

244 2531 380 2562 nolumus,
400 2531 455 2558 imo
468 2536 596 2566 tanquam
610 2531 727 2565 inutilia,
740 2532 783 2559 vel
799 2532 880 2559 etiam
894 2532 1032 2567 superﬂua

244 2577 431 2612 dedignamur.
456 2576 526 2610 Quin
549 2583 582 2604 eo
608 2577 729 2604 audaciae
750 2578 934 2612 procedimus,
954 2583 984 2605 ut
1000 2586 1031 2606 ea

246 2623 283 2649 nil
302 2623 336 2650 ad
352 2623 451 2650 victum
470 2622 562 2651 valere
578 2630 731 2658 nugemur;
748 2623 920 2658 proverbium
941 2630 1032 2651 autem

244 2669 316 2704 (μιοά
329 2669 420 2704 potius
436 2669 589 2704 portionem
606 2676 686 2704 quam
702 2670 877 2704 suspendium
893 2678 1033 2698 commcn-

244 2716 527 2749 dat,intcrvcrteutes.
539 2716 626 2743 aliena
640 2723 689 2750 pro
700 2717 770 2744 bono
783 2716 923 2748 habemus.
935 2725 966 2752 pa
972 2726 1031 2745 nem

245 2763 419 2798 peregrinum
443 2767 573 2798 tanquam
599 2762 745 2797 expetibile
766 2763 832 2797 quid
854 2764 1033 2795 aestimamus,

244 2810 336 2836 viuum
359 2814 465 2844 raptum
491 2809 692 2842 dulcissimum,
709 2816 808 2844 aquam
837 2817 853 2836 e
880 2809 952 2836 l'urto
973 2817 1036 2844 pro—

245 2854 400 2882 venientem
426 2854 629 2887 suavissimam,
654 2859 743 2882 vestes
771 2855 866 2887 rapina
883 2855 1034 2890 acquisitas

245 2901 330 2928 veluti
346 2901 414 2929 lucis
425 2892 529 2935 ortum,
540 2900 656 2936 proximi
668 2901 777 2929 domum
789 2900 866 2934 quasi
879 2900 1034 2933 paradisum

587 158 801 190 EUSTATHII
819 158 1028 190 TllESSALOi

1085 158 1203 190 LENSIS
1221 160 1249 190 Μ
1255 159 1503 191 ΕΊῚὶΟΡΟΙᾹΤΕ

1811 159 1865 190 3ῒὲ

1072 214 1122 240 ἀπ’
1140 215 1224 242 αὑτοῦ
1253 216 1284 242 τὸ
1305 215 1395 242 ἐνδέον
1408 217 1486 250 ἡμῖν,
1504 214 1550 241 καὶ
1568 214 1606 249 μὴ
1623 214 1744 249 φακέντα
1759 215 1787 240 δὲ
1802 215 1871 241 ἀνα-

1076 260 1223 296 ζητοῦντες
1240 263 1312 288 κατᾶ
1335 261 1457 296 σπουδὴν
1475 261 1577 295 πολλὴν
1592 260 1803 295 ὲξευρίσκομεν,
1822 260 1872 287 καὶ

1077 307 1326 343 προσρυῖσκόμενοι
1343 308 1441 343 ἔχομεν
1456 308 1579 343 φιλητῶς
1589 307 1694 334 ἐκεῖθεν
1704 307 1736 334 τὸ
1752 307 1874 342 πεποθη-

1079 353 1170 389 μένον,
1202 355 1435 389 καταϐαλλόμενοι
1451 354 1525 381 ἐστιν
1541 351 1572 382 οὗ
1590 356 1637 381 καί
1660 362 1687 380 τι
1706 354 1871 389 ὑπέρτιμον,

1077 400 1123 426 ἵνα
1137 399 1186 435 τὴν
1209 401 1305 435 δούλην
1329 401 1418 435 σάρκα
1443 401 1485 432 εἰς
1500 400 1642 435 ὡραϊσμὸν
1670 401 1727 432 τοῖς
1743 399 1873 434 βλέπουσι

1079 446 1322 482 παραστησώμεθα
1333 446 1581 481 διὰκαλ).ωπισμοῦ
1595 455 1678 479 τινος,
1691 443 1721 473 οὗ
1736 446 1770 473 τὰ
1787 445 1875 472 πλείω

1080 492 1142 519 οὐδὲ
1167 494 1206 524 εἰς
1221 493 1282 527 ὄψιν
1305 494 1372 528 ήμίν
1397 492 1527 528 ἔρχεσθαι
1553 493 1683 525 δύναταις
1711 493 1768 526 Τὴν
1782 493 1811 519 δὲ
1827 492 1872 518 δέ·

1081 546 1197 564 σποιναν
1215 539 1305 574 ψυχὴν
1319 539 1446 573 ἀφιέντες
1467 539 1619 573 ρυποῦσοαι
1630 539 1677 565 καὶ
1694 539 1789 566 σκότον
1802 538 1877 565 οὕτω

1081 584 1332 619 περιδιδύσκεσοαι,
1365 585 1402 616 ὡς
1419 585 1453 611 ἂν
1467 585 1481 610 6
1502 585 1617 620 ζοφερὸς
1647 585 1753 619 δαίμων
1770 585 1876 620 φιλοίη,

1081 629 1145 656 οὒτε
1165 629 1314 665 ζητοῦμεν,
1329 630 1389 662 πῶς
1412 631 1472 665 ἃ.νῆ
1489 632 1571 666 ἡμεῖς
1585 632 1663 659 αὐτοὶ
1676 631 1877 667 ὲξωραϊσωμεν

1081 675 1119 707 ὡς
1131 677 1171 708 είς
1189 675 1302 712 νύμφην
1318 676 1398 710 Θεοῦ,
1412 676 1584 712 ἢδι¹’ὲτέρου
1601 678 1879 713 νυμφοστολήσωμεν

1082 723 1278 758 ἐπιστήμονος,
1292 723 1360 750 ἀλλὰ
1381 723 1429 750 καὶ
1444 723 1470 750 ετ
1485 732 1525 756 τις
1565 723 1711 759 ἐπιφανείη
1738 725 1879 758 ἐπαγγελ-

1081 770 1196 805 λόμενος
1211 771 1259 798 καὶ
1275 772 1498 807 προκαλούμενος
1517 773 1557 803 είς
1573 772 1680 807 θεοειδῆ
1698 773 1744 799 καὶ
1757 773 1877 807 θεοφεγ-

1083 817 1119 852 γῆ
1137 816 1287 851 μόρφωσιν,
1306 818 1355 844 εἰτ’
1371 817 1417 844 οὖν
1431 818 1657 853 μεταμόρφωσιν,
1684 819 1716 846 οὐ
1730 819 1876 854 προπηλα-

1081 865 1466 901 κίζομιν,ἢὸστρακίζομεν,
1484 866 1553 893 ἀλλὰ
1581 866 1629 893 καὶ
1660 866 1785 903 ξιφήρεις
1815 868 1878 894 ἐπι-

1080 913 1235 947 τρέχοντες,
1249 912 1389 948 ἁχρειοῦν,
1407 914 1487 949 εἴπερ
1511 911 1569 940 οἷόν
1597 923 1625 940 τε
1637 912 1682 949 ἧν,
1697 915 1852 950 γλιχόμεθα
1867 923 1875 947 ;

1081 957 1137 984 Καὶ
1163 957 1261 984 ἅπασα
1285 957 1336 992 μὲν
1361 958 1443 993 τέχνη
1471 958 1616 994 στέργεται
1645 960 1711 994 παρ’
1726 961 1793 995 ἡμῖν
1829 961 1877 986 καὶ

1079 1003 1249 1038 ἐγκρίνεται,
1266 1004 1314 1031 καὶ
1327 1005 1358 1031 οὺ
1373 1004 1551 1040 διακρίνομεν
1575 1005 1715 1040 οὐδεμίαν·
1728 1007 1744 1041 ὴ
1759 1006 1788 1032 δὲ
1803 1006 1878 1032 κατὰ

1079 1049 1253 1076 διδασκαλίαν
1283 1050 1356 1085 ψυχῇ
1383 1050 1544 1086 πρέπουσαν
1574 1051 1755 1086 ἀποκρίνεται
1782 1051 1878 1086 βαλλο-

1081 1095 1150 1130 μένη
1164 1095 1275 1131 μακρὰν
1300 1096 1329 1129 ἐξ
1347 1096 1438 1131 ἡμῶν,
1467 1097 1507 1128 είς
1520 1097 1582 1132 οὐχὶ
1598 1097 1720 1133 κόρακας
1737 1097 1753 1132 ῆ
1770 1098 1876 1132 πέτρας

1078 1143 1289 1178 ἀποκρήμνους,
1314 1143 1378 1170 ὅθεν
1404 1143 1597 1178 ὲπανασωθείη
1625 1144 1659 1171 ἂν
1688 1144 1754 1172 ἴσως
1785 1145 1878 1180 χρόνῳ

1079 1190 1157 1223 ποτε,
1173 1190 1241 1216 ἀλλὰ
1255 1191 1285 1222 ἐς
1308 1190 1390 1225 βυθὸν
1404 1190 1490 1226 λήθης
1513 1191 1651 1227 ἀφιεμένη
1682 1190 1876 1226 βαπτίζεσθαι,

1079 1236 1116 1268 ὡς
1136 1235 1173 1273 μὴ
1189 1236 1263 1272 ἔχειν
1280 1237 1424 1272 ἔκφανσιν.

1116 1327 1170 1362 μθ’.
1191 1327 1276 1363 Βουλῆ
1293 1328 1321 1355 δὲ
1337 1327 1432 1355 ἅπασα
1450 1329 1499 1354 καὶ
1524 1327 1665 1364 συμὸουλὴ
1683 1329 1729 1356 καὶ
1743 1329 1876 1356 διδασκα-

1079 1376 1141 1410 λικὴ
1156 1376 1286 1410 ἁρμονία,
1315 1375 1470 1402 συνιστῶσπι
1492 1375 1550 1410 βίον
1579 1375 1680 1410 ὀρθὸν,
1712 1377 1759 1402 καὶ
1782 1378 1878 1411 νόμοις

1079 1422 1265 1457 ἐπικουροῦσα
1290 1422 1338 1449 καὶ
1353 1422 1613 1457 συλλαμῦανομένη,
1643 1423 1738 1449 κανόσι
1770 1428 1877 1458 κατήρ-

1078 1477 1187 1504 γηνταιι
1204 1469 1419 1504 άντιπράττεται
1436 1469 1465 1495 δὲ
1477 1469 1531 1495 πᾶν
1545 1468 1691 1495 ἐπίϐουλον
1718 1470 1765 1496 καὶ
1787 1470 1803 1504 ἠ
1826 1469 1877 1496 σύ-

1082 1514 1172 1547 ναξις,
1187 1514 1259 1549 οὐχὶ,
1273 1514 1333 1546 πῶς
1350 1514 1384 1541 ἂν
1398 1514 1429 1541 τὸ
1441 1515 1532 1542 κοινὸν
1545 1514 1654 1551 σωθείη,
1677 1515 1745 1542 ἀλλὰ
1768 1516 1827 1548 πῶς
1843 1516 1877 1542 ἂν

1081 1562 1095 1588 ὁ
1109 1562 1213 1591 δίκαιος
1231 1561 1292 1596 μὲν,
1309 1561 1479 1597 δύσχρηστος
1492 1561 1531 1594 δὲ,
1545 1561 1750 1597 καταπονηθείη
1763 1562 1876 1596 δεσμῷ,

1083 1607 1155 1633 καὶὸ
1170 1607 1332 1637 διδάσκαλος
1365 1607 1529 1642 μεταμάθοι,
1564 1608 1582 1635 ἃ
1599 1608 1652 1635 καὶ
1679 1608 1760 1639 αὐτὸς
1785 1607 1878 1639 καλῶς

1080 1653 1245 1685 δεδίὸακται,
1260 1655 1308 1681 καὶ
1320 1654 1432 1689 ἐτέρους
1449 1655 1552 1689 ὁμοίως
1569 1654 1708 1682 διδάσκειν
1724 1653 1878 1689 προϐέϐλη-

1080 1710 1136 1733 ται,
1153 1701 1201 1727 καὶ
1213 1702 1227 1727 ὁ
1241 1701 1311 1727 κατὰ
1328 1700 1401 1728 θεῖον
1425 1700 1536 1735 πνεῦμα
1549 1702 1641 1737 πατὴρ
1667 1701 1698 1728 οὐ
1723 1702 1793 1736 πρὸς
1819 1702 1878 1728 νίὸν

1082 1747 1252 1783 ἑκστραφείη
1272 1747 1360 1781 (οὔπω
1380 1747 1434 1782 γὰρ
1452 1747 1532 1775 τοῦτο
1544 1749 1615 1783 μέγα
1633 1749 1742 1781 κακον),
1761 1749 1821 1775 ἀλλ’
1837 1750 1879 1780 είς

1081 1794 1174 1820 δοῦλον
1186 1794 1295 1828 ἀχρεῖον
1316 1794 1475 1828 ὲγγραφείη
1492 1793 1537 1820 διὰ
1559 1794 1680 1829 πονηροῦ
1703 1794 1876 1829 πνεύματος,

1083 1839 1131 1866 καὶ
1141 1841 1155 1866 ὁ
1169 1839 1322 1877 ἑπίσκοπος
1337 1838 1460 1866 ἄσκοπόν
1475 1848 1503 1866 τι
1518 1840 1592 1875 πάθῃ
1609 1841 1657 1866 καὶ
1673 1840 1814 1868 ἀπαίσιον.

1120 1885 1152 1913 ν’.
1169 1885 1226 1913 Οὐκ
1240 1885 1295 1920 ἄρα
1310 1885 1499 1919 ὑπακούομεν,
1533 1886 1594 1913 οὖδὲ
1613 1887 1754 1922 ὑποταγὴν
1777 1886 1882 1922 τηροῦ-

1086 1941 1136 1966 μεν
1149 1931 1351 1966 πνευματικὴν,
1370 1931 1430 1958 οὐδὲ
1444 1931 1496 1958 ὑπὸ
1507 1933 1646 1968 πατράσιν
1661 1933 1756 1968 ἐσμέν,
1785 1933 1834 1965 οὓς
1851 1935 1883 1960 τὺ

1085 1979 1164 2012 ἷιγιον
1177 1977 1289 2013 Πνεῦμα
1302 1978 1422 2012 δίδωσιν,
1445 1978 1506 2005 οὐδὲ
1521 1979 1660 2014 χρῄζομεν
1675 1980 1773 2015 τέχνης
1787 1979 1882 2006 διδασ-

1086 2023 1216 2058 καλικῆς.
1236 2024 1282 2050 Διὺ
1302 2024 1349 2050 καὶ
1372 2023 1515 2058 παροῦσαν
1528 2024 1578 2058 μὲν
1591 2022 1760 2058 ὲξωθοῦμεν,
1783 2024 1821 2059 μὴ
1835 2024 1866 2051 οὗ

1087 2079 1137 2096 σαν
1153 2070 1181 2096 δὲ
1197 2070 1228 2096 οὺ
1241 2069 1390 2104 ποθοῦμεν·
1405 2069 1419 2096 ὃ
1430 2069 1462 2104 δὴ
1479 2069 1580 2104 πάσχει
1596 2070 1691 2096 ἅπασα
1704 2070 1788 2104 τέχνη
1805 2071 1884 2105 παρὲι

1086 2117 1253 2152 ἀνθρώποις,
1272 2117 1297 2142 οἶ
1316 2116 1401 2150 μηδὲν
1420 2116 1506 2151 αὐτῆς
1524 2116 1716 2151 προσδέονται.
1737 2117 1786 2143 Διὰ
1797 2116 1887 2144 mit;

1087 2163 1154 2194 γοῦν
1170 2165 1183 2190 ὸ
1199 2165 1250 2198 τῆς
1268 2163 1376 2197 φαύλης
1401 2163 1505 2198 ταύτης
1520 2163 1683 2194 ἀκολουθίας
1697 2164 1794 2198 είρμὺς
1812 2166 1889 2199 παῤ-

1089 2210 1216 2246 ρησιάζει
1231 2210 1280 2236 καὶ
1293 2209 1342 2236 νῦν
1351 2210 1398 2236 τὸν
1415 2209 1570 2244 παλαιγενῆ
1598 2209 1720 2245 θηριώδη
1736 2209 1796 2244 βίον
1810 2211 1887 2237 ἐκεῖ-

1089 2264 1133 2281 νον
1147 2255 1273 2287 ὑπούλως
1283 2255 1330 2282 καὶ
1343 2254 1381 2286 ὼς
1392 2255 1441 2282 οὐκ
1458 2253 1492 2281 ἂν
1503 2255 1626 2281 αἴσθοιτό
1640 2263 1682 2285 τις
1690 2255 1727 2290 μή
1741 2255 1888 2282 κατακύπ-

1089 2310 1142 2328 των
1159 2302 1199 2334 εἰς
1208 2297 1303 2336 -βςῖθος
1320 2301 1367 2328 τοῦ
1380 2302 1461 2329 νοεῖν.

1126 2347 1177 2374 va".
1202 2348 1257 2374 Καὶ
1271 2349 1285 2374 ὸ
1308 2348 1387 2381 λόγος
1403 2347 1453 2373 τοῦ
1474 2347 1579 2378 πάθους
1596 2346 1720 2378 τοιοῦτός
1734 2355 1776 2378 τις
1795 2355 1803 2363 ο
1834 2348 1887 2380 τὰς

1092 2393 1141 2428 μὲν
1164 2391 1263 2428 τέχνας
1285 2392 1336 2423 τὰς
1357 2391 1471 2426 ὕστερον
1489 2391 1646 2427 εὑρημένας
1661 2392 1730 2425 μετὰ
1749 2392 1800 2426 τὴν
1822 2395 1888 2420 κατ’

1089 2439 1251 2474 ἀνθρώπους
1272 2438 1453 2474 ἐξημέρωσιν,
1482 2438 1636 2473 στέργομεν
1650 2437 1819 2471 ἀναγκαίως,
1841 2437 1889 2466 οἷα

1091 2485 1128 2520 μὴ
1141 2485 1199 2517 ὲξδν
1213 2484 1253 2517 ὃν,
1270 2484 1319 2520 ζῇν
1334 2485 1447 2510 ἐκείνων
1457 2484 1531 2519 δίχα·
1558 2486 1693 2519 χρησταῖς
1720 2485 1748 2510 δὲ
1760 2486 1888 2519 603601.)-

1089 2531 1161 2562 λίαις
1190 2531 1236 2556 καὶ
1264 2531 1389 2564 εὐνόμως
1418 2529 1544 2564 ἐννόμοις
1569 2529 1702 2564 ὀκνοῦμεν
1727 2530 1887 2563 πείθεσθαι,

1091 2577 1254 2612 περιέργους
1271 2575 1369 2607 αὑτὰς,
1387 2576 1444 2602 εἴτε
1461 2576 1508 2602 καὶ
1528 2576 1689 2610 παρέργους
1706 2578 1888 2610 γνωματευό-

1092 2633 1177 2659 μενοι.
1191 2624 1246 2650 Καί
1261 2632 1314 2650 που
1331 2623 1462 2658 ἐθέλομεν
1482 2623 1630 2649 ὑπο).αλεῖυ
1658 2624 1704 2650 καὶ
1733 2624 1824 2655 αὐτοὶ,
1847 2625 1888 2655 ὡς

1089 2671 1167 2697 οἰδὲν
1179 2679 1205 2696 τι
1232 2670 1314 2696 αὑταὶ
1345 2670 1413 2703 πρὸς
1437 2670 1565 2703 τᾶλφιτα·
1598 2672 1645 2696 καὶ
1663 2671 1727 2703 πνὶξ
1754 2671 1784 2696 οὑ
1805 2673 1887 2706 μερὶς

1091 2716 1270 2750 ἁναστρὸφως
1291 2715 1552 2750 παροιμιαζόμενοι,
1572 2715 1653 2742 καλὸν
1666 2715 1738 2742 εἶναι
1759 2717 1792 2742 τὰ
1808 2717 1887 2743 ἀλλό-

1091 2770 1154 2796 τρια
1171 2761 1414 2796 γνωμολογοῦμεν,
1434 2761 1535 2788 καὶτὸν
1553 2763 1629 2795 ξένον
1653 2762 1738 2796 ἄρτον
1761 2764 1885 2797 ἀποφαι-

1092 2805 1194 2841 νόμεθα
1204 2807 1343 2840 νόστιμον,
1363 2807 1412 2833 καὶ
1426 2807 1473 2833 τδν
1508 2807 1705 2842 ἀρπαγιμαῐον
1726 2805 1798 2834 οἶνον
1818 2809 1886 2842 γλυ-

1095 2853 1221 2883 κύτατον,
1238 2853 1285 2879 καὶ
1300 2852 1330 2878 τὸ
1343 2851 1394 2887 τῆς
1409 2853 1513 2887 κλοπῆς
1525 2853 1597 2888 1ὕδωρ
1614 2853 1761 2888 ἡδύτατον,
1778 2855 1824 2880 καὶ
1835 2855 1888 2889 τὴν

1094 2899 1124 2932 ἐξ
1142 2900 1270 2933 ἁρπαγῆς
1286 2899 1390 2927 ἔνδυσιν
1403 2900 1493 2933 φωτδς
1509 2899 1655 2934 ἀναΰολὴν,
1678 2901 1724 2927 καὶ
1751 2901 1887 2936 παράδει-
