1960 3074
258 125 314 157 339

621 123 834 155 EUSTATHII
850 118 1076 152 THESSALON
1084 118 1233 149 lCENSlS
1249 115 1535 148 METROPOLlTﬁ

1840 113 1895 144 3ἷο

257 184 411 215 promovet.
429 179 470 208 Ita
484 187 532 216 per
549 181 624 208 viros
639 180 674 206 ab
689 180 749 214 ipso
763 178 797 206 ad
814 177 968 206 docendum
983 177 1048 204 des-

1108 173 1195 209 πρύνει
1204 172 1356 208 ἐπιμελῶς.
1368 172 1415 199 καὶ
1424 171 1597 198 συνδιδάσκει
1609 170 1655 197 καὶ
1667 169 1825 204 συνωφελετ.
1841 170 1895 196 Καὶ

259 227 370 259 tinatos,
398 225 464 254 dum
489 227 546 261 ipse
570 225 597 253 in
623 225 740 252 excelsis
758 229 884 252 versatur
903 222 1048 250 invisibilis

257 273 343 308 (lotus
368 281 485 308 namque
501 272 617 300 mundus
642 271 698 299 Deo
715 270 811 305 plenus
833 271 898 305 est),
923 269 1049 297 meliores

258 317 327 345 {Iunt
341 318 387 352 qui
405 319 439 344 ad
460 317 586 345 virtutem
603 316 764 344 sectandam
779 315 835 350 apti
849 320 922 343 sunt.

295 407 339 435 6i.
354 408 423 440 Quid
449 411 540 434 autem
556 407 620 435 dico
644 407 699 439 apti
713 406 726 433 ?
747 406 852 434 Etenim
877 413 892 432 e
912 405 1048 440 lapidibus

258 460 368 489 quoque
383 460 452 487 quos
465 453 596 488 colligunt
616 453 664 488 qui
687 457 781 480 sancta
805 452 914 479 metalla
931 451 1048 483 fodiunt,

259 505 410 533 exsurgunt
434 499 527 527 divina
549 499 664 533 semina,
690 499 716 527 id
743 503 786 527 est
808 499 892 526 divini
911 498 1046 526 homines.

258 545 313 573 Res
325 550 415 573 autent
432 545 477 572 illa
498 545 627 580 praeclara
641 546 723 573 etiam
743 545 771 573 in
793 552 843 573 nos
858 544 991 572 redundat
1003 544 1048 578 qui

258 599 331 619 nunc
346 591 473 619 vivimus.
489 590 557 619 Nam
573 591 658 619 divini
669 591 746 619 verbi
759 596 877 622 torrens.
896 591 1048 618 doctrinam

258 637 329 670 dico,
347 636 478 665 divinitus
491 637 654 670 scaturiens,
668 637 752 665 veluti
771 637 798 665 in
812 636 945 672 quosdam
960 637 1049 669 sinus,

260 683 390 710 nimirum
404 683 430 710 in
444 682 551 710 animas
566 683 712 717 proborum
729 687 926 718 praeceptorum
947 682 1050 709 immit-

259 727 338 760 titur,
362 728 478 764 indeque
494 729 633 760 proﬂuens
652 728 734 756 etiam
755 730 789 757 ad
811 736 862 757 nos
879 728 1009 764 pertingit
1024 733 1051 755 et

259 778 389 808 tanquam
405 775 547 809 paradisos
567 776 674 803 divinos
698 776 794 810 irrigat
811 775 846 802 ad
866 775 1049 802 onmimodam

260 820 429 849 fertilitatem
447 829 502 856 qua
515 821 612 850 animae
628 821 799 856 nutriuntur,
815 826 843 850 et
858 821 941 850 veluti
959 821 1050 849 sulcos

260 867 375 895 inundat
397 868 431 895 ad
455 868 655 896 incrementum
680 869 846 903 animarum,
871 873 899 897 et
923 872 1051 903 tanquam

260 912 387 941 homines
403 913 465 941 vita:
478 914 606 942 sordibus
625 915 837 943 commaculatos
856 915 889 942 ad
904 915 1052 950 puritatem

261 959 378 986 lavando
402 959 538 994 perducit.
563 959 656 995 Neque
680 968 745 989 vero
765 960 845 988 aliter
860 960 934 988 salut
960 965 1052 988 noatra

261 1005 404 1040 obtingere
418 1009 519 1040 potest,
541 1006 594 1034 nisi
615 1006 667 1035 hoc
685 1007 743 1035 solo
766 1007 857 1041 modo,
881 1007 1054 1042 quantumvis

263 1051 291 1078 in
309 1051 369 1078 aliis
382 1051 519 1079 methodis
537 1052 711 1080 inveniendis
730 1053 855 1081 homines
874 1053 1036 1080 allaborent.

297 1096 343 1124 62.
363 1097 524 1132 Quicunque
545 1098 628 1133 igitur
647 1098 700 1126 hoc
714 1098 814 1126 bonum
831 1098 902 1133 quod
923 1105 1006 1125 unum
1022 1105 1054 1125 ac

262 1143 350 1170 solum
369 1143 396 1171 in
424 1148 480 1172 toto
499 1146 601 1172 mundo
614 1145 759 1180 reperitur,
785 1149 976 1177 contemnunt,
994 1153 1053 1179 pcr-

263 1196 375 1217 suasum
399 1190 452 1217 sibi
471 1190 602 1224 habeant,
627 1198 656 1218 se
684 1191 711 1218 in
742 1191 862 1219 tenebris
884 1190 1054 1218 densissimis

262 1237 437 1264 cazcutientes
460 1237 599 1270 aberrare,
615 1237 679 1272 quia
706 1245 794 1272 neque
818 1237 947 1265 doctrina:
962 1237 1052 1263 lumen

261 1289 319 1317 pne
331 1289 360 1310 se
375 1281 466 1310 ferunt
481 1290 534 1318 quo
559 1284 586 1310 in
609 1284 689 1318 hujus
704 1284 765 1311 vita:
778 1284 894 1319 caligine
908 1284 1052 1314 ducantur,

261 1334 350 1363 neque
364 1328 418 1356 alia
433 1329 539 1358 ratione
552 1329 709 1365 diriguntur
723 1338 730 1362 ;
750 1329 805 1357 imo
819 1337 868 1365 pro
882 1330 986 1357 lumine
1000 1330 1053 1356 isto

261 1375 343 1403 hilari
362 1376 518 1404 incendium
543 1377 628 1404 irruet
654 1377 681 1404 in
711 1382 793 1411 caput
817 1384 924 1410 eorum,
951 1381 977 1403 et
1004 1383 1053 1411 pro

263 1421 346 1449 latice
370 1421 560 1457 refrigerante,
585 1423 704 1459 desuper
730 1422 861 1458 irrigante
882 1427 909 1450 et
926 1423 951 1449 in
969 1422 1052 1449 vitam

261 1473 393 1496 aeternam
405 1468 529 1502 saliente,
545 1469 672 1496 ﬂuctibus
687 1469 766 1496 malis
781 1469 982 1504 opprimentur,
998 1476 1052 1496 non

262 1514 350 1542 solum
372 1515 485 1548 amaris,
508 1514 555 1542 sed
578 1515 671 1548 etiam,
696 1522 757 1550 quae
781 1515 888 1550 gravior
904 1522 982 1549 pmna
999 1519 1051 1548 est,

261 1561 337 1588 omni
352 1561 445 1596 vigore
459 1568 491 1590 ac
514 1561 664 1593 fertilitate,
681 1566 711 1588 ut
732 1561 769 1588 ita
783 1561 884 1594 dicam,
903 1561 1051 1588 destitutis.

260 1607 308 1635 Sic
321 1614 412 1635 autem
434 1607 589 1635 comntunis
602 1608 724 1635 onmium
747 1607 827 1635 i'ater
851 1615 948 1641 magna
973 1607 1054 1634 orba-

260 1653 336 1682 bitur
350 1653 497 1681 liberorum
514 1653 591 1688 copia
615 1660 697 1688 quant
723 1653 840 1688 impetus
868 1652 1054 1680 demoniacus

261 1701 447 1729 absorbuerit.

297 1747 343 1774 (i5.
363 1747 430 1775 Cum
450 1748 521 1775 enim
536 1748 606 1776 inter
627 1755 723 1780 omnes
737 1751 856 1780 constet,
871 1746 1053 1774 calamitatem

261 1801 323 1821 esse
338 1794 494 1827 exitiosam,
521 1795 543 1821 si
561 1794 685 1821 homines
703 1801 752 1829 pro
777 1793 865 1820 lubitu
885 1792 1054 1827 arbitrioque

262 1847 324 1872 suo,
341 1840 408 1869 nulli
431 1840 555 1875 subjecto
578 1839 700 1872 domino,
725 1839 849 1867 viverent
874 1838 958 1874 (quod
982 1837 1054 1865 idem

262 1889 305 1912 est
319 1890 400 1920 atque
415 1886 532 1920 propria;
550 1885 680 1913 voluntati
697 1885 836 1912 addictum
852 1891 912 1912 esse
927 1888 955 1911 et
970 1883 1054 1911 nimia

262 1939 324 1958 cum
343 1931 440 1959 llducia
455 1932 535 1966 genio
556 1931 729 1966 indulgere):
757 1931 804 1958 tali
827 1930 992 1962 calamitate,
1013 1935 1055 1957 ut-

262 1982 325 2012 pote
342 1977 444 2006 nemini
459 1977 587 2011 subjecti,
612 1977 739 2005 laborant
759 1976 851 2012 populi
876 1976 914 2003 illi
933 1977 979 2012 qui
1001 1983 1054 2004 non

261 2023 365 2051 habent
378 2024 461 2051 duces
477 2023 532 2051 Deo
557 2031 687 2059 supremo
704 2024 765 2051 duci
783 2023 948 2051 submissos.
976 2022 1055 2050 Tales

263 2070 335 2096 enim
349 2071 461 2104 populos
478 2071 595 2098 mundus
608 2070 771 2105 circumagit
780 2077 829 2097 ceu
839 2069 968 2097 animalia
980 2076 1056 2104 quaa-

263 2117 325 2142 dam
337 2117 474 2152 capitibus
486 2117 617 2144 carentia.
636 2116 727 2149 Quare
741 2124 789 2144 eos
800 2116 958 2150 perjocum,
968 2116 1006 2142 uti
1027 2116 1055 2142 in

262 2163 350 2189 veteri
360 2162 504 2197 proverbio
519 2167 573 2194 est,
587 2162 745 2196 ἀκεφάλους
761 2162 810 2188 καὶ
825 2163 979 2197 ἁναύχενας
996 2161 1054 2196 (qui

1103 221 1176 248 οὕτω
1190 221 1236 247 διὰ
1246 220 1300 246 τῶν
1312 219 1358 246 ὑπ’
1368 218 1452 245 αὐτοῦ
1466 217 1695 253 προϐαλλομένων
1711 217 1752 248 εις
1767 216 1896 243 διδασκα-

1102 268 1174 298 λίαν,
1193 267 1222 293 ὲν
1237 266 1276 301 τῷ
1286 267 1332 292 καὶ
1347 265 1428 292 αὑτὸν
1442 265 1546 292 ἄνωθεν
1564 263 1674 298 ἀοράτῳ
1689 264 1818 297 παρεῖναι
1835 262 1894 298 (τοῦ

1102 313 1170 340 Θεοὖ
1181 312 1236 347 γὰρ
1250 312 1322 343 ᾶπας
1336 312 1350 338 ό
1362 311 1465 345 κόσμος
1478 309 1584 345 γέμει),
1595 309 1729 344 βελτίονες
1744 310 1768 336 οἱ
1783 309 1895 344 εὐφυεῖς

1102 359 1136 385 τὰ
1153 360 1193 390 είς
1208 358 1309 394 ἀρετὴν
1323 357 1453 392 γίνονται.

1138 405 1187 436 ξω.
1204 405 1237 430 ΤΞ
1252 404 1279 431 δὲ
1295 404 1366 438 λέγω
1379 404 1403 430 ot
1419 403 1550 438 εὐφυετςς
1565 403 1631 430 ὅπου
1647 411 1680 436 γε
1693 403 1740 430 καὶ
1755 404 1787 430 ἐκ
1797 403 1892 436 λίθων,

1103 451 1148 482 οὓς
1162 451 1340 484 ἀναλέγονται
1351 451 1375 477 oi
1392 451 1478 484 ἀγίως
1494 449 1718 485 μεταλλεύοντες,
1733 450 1895 477 ἀνίστανται

1104 499 1253 534 σπέρματα
1269 499 1340 531 θεῖα,
1353 497 1403 525 εἴτ’
1417 498 1464 525 οὖν
1475 498 1544 525 Θεοῦ
1555 498 1704 533 ἄνθρωποι.
1722 498 1758 524 Τὸ
1773 498 1803 524 δὲ
1811 498 1896 524 καλὸν

1104 544 1193 571 ικεῐνο
1211 545 1326 579 καῢήκει
1343 543 1392 571 καὶ
1416 545 1457 576 εἰς
1471 545 1546 579 ἡμᾶς
1565 544 1675 576 αὐτοὺς,
1692 543 1756 574 τοὺς
1780 544 1830 577 τῆς
1844 543 1895 570 νῦν

1104 590 1221 626 ἡμέρας.
1235 591 1271 617 Τὸ
1286 591 1340 625 γὰρ
1352 590 1399 617 τοῦ
1414 590 1508 617 ὲνοὲου
1521 590 1602 624 λόγου
1618 590 1719 624 ῥεῦμα,
1731 589 1761 616 τὸ
1768 589 1897 616 διδασκα-

1103 635 1189 668 λικὸν,
1200 635 1368 671 πλημμῦρον
1387 635 1481 662 θεόθεν
1495 635 1532 666 ὡς
1545 636 1586 666 εἰς
1603 634 1720 667 κόλπους
1738 634 1827 667 τινας,
1844 634 1896 666 τὰς

1104 682 1160 710 τῶν
1185 683 1274 718 ὀρθῶν
1296 681 1467 709 διδασκάλων
1490 681 1591 716 ψυχὰς,
1618 681 1666 708 καὶ
1689 680 1767 712 αὖθις
1789 680 1896 707 ἐκεῖθεν

1105 729 1239 764 προρρόον
1259 728 1308 755 κο.)⁹
1327 730 1367 760 εἰς
1382 729 1467 764 ἡμᾶς,
1494 727 1542 755 καὶ
1559 727 1597 758 ὡς
1619 727 1802 762 παραδείσους
1825 726 1896 753 Θεοῦ

1104 775 1213 810 ἀρδεύει
1228 775 1275 802 ὲπὶ
1291 775 1407 810 παντοίᾳ
1420 775 1607 810 καρποφορίᾳ,
1627 773 1662 800 δι’
1678 771 1713 810 ἦς
1727 774 1815 809 ψυχαὶ⁸
1830 774 1897 808 τρέ-

1106 829 1213 856 φονται,
1230 822 1277 848 καὶ
1292 821 1330 852 ὼς
1344 821 1467 853 αῡλακας
1485 820 1616 855 μεθύσκει
1631 820 1677 847 ἐπὶ
1693 820 1797 856 βλάστῃ
1813 823 1897 855 ψυχι-

1104 868 1208 904 τρόφῳ,
1223 869 1270 895 καὶ
1281 868 1318 899 ὡς
1337 868 1500 903 ἀνθρώπους
1513 868 1542 894 δὲ
1558 867 1747 903 ρυπουμένους
1765 867 1818 894 ίλύῑ
1834 868 1897 903 βιω-

1104 916 1168 950 τικῇ
1186 914 1315 942 ἀπολούει
1331 915 1360 947 ἐς
1377 914 1563 949 καθαρότητα.
1580 915 1635 940 Καὶ
1653 914 1703 941 οὐκ
1718 914 1792 941 ἔστιν
1806 914 1896 947 ἄλλως

1105 962 1138 988 τὰ
1154 962 1183 988 ὲν
1199 962 1265 996 ἡμῖν
1285 961 1406 996 σωτήρια
1421 961 1678 996 κατα-πράττεσθαι,
1697 961 1714 996 ἢ
1737 960 1831 987 τοῦτον
1848 961 1898 988 καὶ

1106 1007 1186 1042 μόνον
1197 1008 1243 1034 τδν
1255 1007 1366 1043 τρόπον,
1380 1008 1432 1034 κᾶν
1446 1008 1470 1033 εί
1481 1007 1528 1034 καὶ
1543 1007 1629 1034 πολλὰ
1643 1007 1726 1042 κάμοι
1736 1015 1778 1038 τις
1791 1007 1898 1042 διερει-

1105 1054 1236 1088 νὼμενος,
1255 1053 1356 1089 μυρίαν
1373 1053 1498 1088 ἑτεροίαν
1514 1054 1637 1088 μέθοδον.

1140 1100 1189 1133 ξξμ.
1207 1101 1239 1126 Ol
1263 1100 1353 1126 τοίνυν
1373 1099 1454 1127 καλὸν
1471 1099 1552 1126 τοῦτο
1567 1099 1596 1126 ἓν
1613 1100 1660 1127 καὶ
1686 1100 1766 1135 μόνον
1783 1099 1850 1126 αὐτὸ
1867 1101 1897 1127 ὲν

1104 1145 1157 1181 ὅλῳ
1173 1145 1212 1179 τῷ
1229 1146 1326 1180 κόσμῳ
1347 1145 1632 1180 ἀποπροσποιούμενοι
1652 1145 1898 1181 πληροφορείσθω.

1106 1201 1155 1221 σαν
1166 1211 1174 1223 ,
1189 1192 1231 1218 ὅτι
1245 1200 1276 1218 τε
1291 1192 1320 1218 ὲν
1334 1192 1423 1227 σκότῳ
1438 1192 1591 1228 ψηλαφητῷ
1608 1193 1704 1228 τυφλοὶ
1720 1193 1877 1220 πλανῶνται
1887 1215 1895 1225 ,

1103 1238 1134 1265 τὸ
1150 1237 1341 1265 διδασκαλικὸν
1357 1238 1414 1270 φῶς
1429 1237 1491 1264 οὗτε
1507 1238 1636 1274 φέροντες
1652 1238 1706 1274 πρὸ
1722 1238 1822 1274 χειρῶν
1832 1259 1840 1272 ,
1858 1238 1898 1271 ὡς

1105 1285 1134 1310 ὲν
1150 1285 1182 1319 τῇ
1197 1283 1269 1310 κατὰ
1285 1283 1343 1318 βίον
1357 1283 1517 1319 ὁδηγεϊσθαι
1531 1285 1619 1317 νυκτὶ,
1639 1283 1701 1311 οὔτε
1717 1284 1829 1312 ἄλλοθεν
1849 1293 1897 1319 χο-

1106 1330 1283 1365 ρηγούμενοι,
1296 1330 1344 1356 καὶ
1355 1331 1396 1357 ὃτι
1409 1331 1470 1358 ἀντὶ
1484 1331 1573 1365 φωτὸς
1584 1331 1706 1358 τοιούτου
1721 1330 1814 1366 ἱλαροῦ
1829 1330 1897 1365 φλὸξ

1104 1377 1155 1411 τῆς
1170 1377 1261 1405 αὐτῶν
1275 1377 1520 1412 καταρῤαγήσεται
1536 1378 1670 1412 κεφαλῆς,
1686 1377 1733 1404 καὶ
1750 1378 1811 1404 ἀντὶ
1830 1378 1897 1405 ἁνα-

1103 1423 1235 1458 ψύχοντος
1251 1423 1357 1455 ὓδατος,
1370 1423 1475 1450 ἀνωθεν
1489 1423 1541 1459 μὲν
1556 1423 1793 1458 ἐπομὸρουμένου,
1807 1423 1897 1451 κάτω-

1104 1471 1150 1497 θεν
1164 1470 1192 1496 δὲ
1207 1469 1356 1504 ἁλλομένου
1373 1470 1414 1502 είς
1429 1469 1538 1497 αἰώνιον
1553 1469 1643 1505 ζωὴν,
1661 1470 1737 1497 ὕδασι
1757 1471 1896 1498 κατακλυ-

1106 1518 1249 1552 σθήσονται
1258 1517 1397 1552 πονηροῖς.
1407 1517 1437 1544 οὑ
1448 1517 1528 1552 μόνον
1539 1517 1627 1549 ἄλλως
1641 1518 1760 1552 πικροῖς,
1770 1517 1839 1544 ἀλλὰ
1850 1518 1898 1544 καὶ

1105 1563 1295 1598 ἀτενουμένοις
1305 1584 1312 1596 ,
1326 1563 1376 1589 εἴτ’
1393 1561 1443 1590 οὖν
1457 1562 1619 1590 ἀτεκνοῦσιν
1634 1563 1681 1589 ἐπὶ
1697 1563 1800 1598 ζημίαν
1810 1584 1817 1596 ,
1833 1565 1860 1590 ετ
1871 1573 1898 1591 τι

1104 1610 1157 1646 χρὴ
1172 1609 1243 1637 οὓτω
1257 1610 1379 1644 φράσαι,
1395 1610 1442 1636 τοῦ
1457 1608 1547 1636 κοινοῦ
1565 1609 1673 1636 πάντων
1690 1610 1796 1646 Πατρδς
1814 1611 1899 1645 ἀφαι-

1106 1655 1238 1691 ρουμένου
1271 1655 1372 1689 πολλὴν
1403 1655 1510 1689 πληθίν
1542 1655 1663 1688 τέκνων,
1693 1656 1728 1691 ἢν
1758 1657 1898 1692 παρέσυρε

1104 1703 1260 1738 κατάρρους
1272 1703 1419 1738 δαιμόνιος.

1141 1747 1189 1782 ξγ’.
1207 1749 1442 1783 Ὀμολογουμένου
1457 1748 1511 1784 γὰρ
1523 1750 1579 1780 τοῖς
1591 1750 1620 1776 ὲν
1634 1748 1673 1784 τῷ
1687 1749 1782 1785 κόσμῳ
1794 1749 1899 1777 ἅπασιν

1105 1795 1271 1830 ἀνθρώποις,
1284 1794 1368 1821 κακὸν
1381 1791 1453 1821 εἶναι
1467 1794 1659 1830 όλεθρευτικὸν
1670 1795 1700 1822 τὸ
1714 1795 1898 1829 αὐτεξουσίως

1105 1842 1153 1868 καὶ
1174 1841 1330 1872 ἁδεσπότως
1349 1840 1469 1876 ἄναρχον
1491 1840 1626 1875 (τοιοῦτον
1645 1841 1673 1868 δὲ
1695 1841 1726 1868 τὸ
1748 1842 1898 1878 αὐτόνομον

1105 1887 1153 1914 καὶ
1165 1885 1340 1921 ἰδιόρῤυθμον
1355 1886 1403 1912 καὶ
1417 1887 1610 1920 πεισματικδν,
1626 1887 1683 1913 εἴτε
1694 1888 1911 1922 πεισμονικδν),,

1105 1933 1159 1959 ὑπὸ
1167 1931 1296 1967 τοιαύτην
1309 1933 1414 1958 κεῖνται
1427 1931 1584 1967 φαυλότητα
1596 1931 1643 1958 καὶ
1654 1932 1753 1959 κακίαν
1764 1933 1899 1967 ἀναρχίας

1105 1980 1153 2006 καὶ
1165 1979 1238 2012 λαοὶ,
1252 1979 1310 2005 ὅσοι
1326 1978 1364 2012 μὴ
1383 1977 1476 2013 ἔχουσι
1491 1978 1663 2014 καθηγητὰς,
1677 1975 1716 2005 ὧν
1733 1979 1897 2014 ὑπερανέχει

1105 2027 1119 2052 ὁ
1141 2025 1270 2060 μέγιστος
1289 2025 1450 2062 ἡγούμενος,
1476 2024 1490 2050 ό
1506 2024 1573 2056 Θεός
1587 2032 1595 2040 ³
1621 2024 1669 2051 καὶ
1689 2025 1817 2059 περιάγει
1832 2026 1897 2058 τοὺς

1105 2071 1243 2102 τοιούτους
1260 2071 1340 2103 λαοὺς
1351 2072 1364 2098 ό
1381 2072 1484 2106 κόσμος
1499 2067 1543 2097 οἶα
1565 2070 1612 2097 καί
1633 2078 1694 2097 τινα
1710 2070 1778 2102 ζῶα,
1792 2067 1833 2101 οἷς
1848 2072 1898 2098 οὐκ

1106 2117 1257 2143 ἐπίκεινται
1279 2116 1407 2151 κεφαλαί.
1425 2117 1470 2143 Διὸ
1487 2115 1569 2143 καλὸν
1592 2116 1653 2151 μὲν,
1673 2116 1722 2143 καὶ
1742 2116 1898 2150 ἀκεφάλους

1106 2164 1154 2190 καὶ
1174 2163 1326 2197 ἀναύχενας
1347 2163 1410 2194 τοὺς
1432 2163 1583 2193 τοιούτους.
1604 2162 1676 2190 κατὰ
1694 2171 1755 2189 τινα
1778 2162 1899 2190 παλαιὰν

264 2212 317 2233 nec
323 2210 404 2241 caput
412 2212 463 2233 nec
471 2205 570 2233 collum
580 2206 692 2238 habent)
705 2206 768 2241 jure
777 2206 974 2238 nominaveris.
1005 2213 1052 2233 seu

1109 2208 1282 2243 λογοποιίαν,
1299 2208 1482 2243 ἁποσκῶψαϋ,
1498 2208 1608 2235 κάλλιον
1621 2208 1650 2235 δὲ
1665 2209 1722 2241 καὶ,
1738 2208 1776 2240 ὡς
1789 2209 1830 2240 εἰς
1845 2209 1899 2243 cpti-

264 2252 356 2288 potius
364 2253 502 2280 vermibus
509 2253 691 2280 inarticulatis
699 2253 881 2286 aceensueris,
892 2253 1056 2281 exsistentes

265 2300 387 2333 quidem,
401 2300 472 2334 quod
483 2301 516 2327 ad
530 2300 590 2328 vita:
603 2300 737 2327 rationem
750 2300 858 2332 attinet,
870 2300 917 2327 sed
932 2305 1057 2334 putantes

266 2354 327 2374 sese
343 2353 472 2381 prmstare
488 2346 562 2375 omni
588 2346 689 2374 homini
710 2346 756 2380 qui
772 2345 828 2374 Deo
848 2346 1056 2381 appropinquat,

266 2399 294 2420 et
309 2395 342 2421 ad
368 2394 405 2421 ita
431 2394 604 2422 sentiendum
631 2394 682 2422 sibi
710 2393 829 2421 invicem
845 2392 1055 2428 persuadentes,

266 2439 396 2467 ﬁduciam
413 2440 440 2466 in
457 2440 537 2468 rebus
555 2440 654 2474 quibus
670 2447 725 2467 non
750 2439 905 2474 oportebat,
919 2438 1056 2466 collocan-

269 2490 320 2513 tes.
339 2486 376 2512 De
391 2487 440 2513 hac
455 2486 554 2514 ﬁducia
572 2486 750 2521 quantumvis
768 2486 868 2520 saepius
886 2484 966 2513 verba
992 2484 1055 2516 feci,

267 2539 342 2559 nunc
365 2539 488 2567 quoque,
518 2538 650 2566 quantum
676 2533 744 2560 satis
771 2538 825 2565 est,
854 2531 1055 2559 recordationis

267 2577 352 2611 gratia
373 2577 496 2612 proferre
516 2579 591 2606 libet.

302 2624 348 2651 64.
365 2624 476 2652 Fiducia
501 2630 530 2652 et
543 2625 716 2658 conﬁdentia,
740 2633 785 2653 res
801 2625 828 2652 in
848 2630 968 2660 tempore
984 2624 1056 2652 desi-

267 2671 409 2703 derabilis.
426 2679 620 2705 nonnunquam
633 2677 723 2698 autem
737 2671 875 2706 fugienda,
891 2671 929 2698 uti
942 2670 1056 2702 scimus,

267 2717 428 2752 plerumque
444 2725 476 2744 ex
493 2725 546 2744 una
562 2718 653 2745 radice
673 2725 706 2745 ac
721 2717 807 2750 fonte,
822 2725 870 2745 seu
892 2723 920 2744 ut
937 2717 1054 2751 simpli—

268 2764 328 2791 rius
349 2765 454 2798 loquar,
466 2771 499 2790 ex
520 2772 571 2791 uno
586 2764 721 2799 principio
735 2764 899 2798 procedunt,
919 2763 1055 2797 esubjec-

268 2809 342 2837 tione
362 2809 500 2836 nimirum.
517 2808 583 2836 Cum
611 2815 701 2836 autem
718 2809 852 2844 bipartitte
872 2808 928 2835 sint
957 2807 1054 2842 (altera

267 2855 339 2884 bona
366 2855 437 2885 enim
467 2861 588 2892 apparet,
613 2855 761 2884 secundum
786 2863 868 2892 quant
891 2855 981 2890 quoad
1014 2861 1057 2882 res

1110 2262 1152 2281 σιν
1167 2253 1360 2289 ἁδιαρθρώτων
1377 2254 1527 2289 σκωλήκων
1541 2253 1678 2286 ἀποτάξαι
1690 2254 1799 2286 αὐτοὺς,
1816 2255 1899 2287 ὂντας

1110 2301 1170 2335 μὲν,
1189 2302 1278 2327 ὁποῖοι
1297 2300 1332 2326 τὰ
1351 2301 1380 2332 ἐς
1404 2300 1462 2335 βίον
1487 2300 1675 2334 ὲκφαίνονται,
1702 2300 1848 2332 δοκοῦντας
1870 2301 1896 2328 δὲ

1108 2348 1288 2383 ὑπερανέχειν
1304 2346 1448 2382 ἀνθρώπου
1466 2346 1585 2379 παντὸς,
1596 2346 1752 2380 ιγγίζοντος
1768 2346 1808 2381 τῷ
1824 2348 1897 2382 Θεῷ,

1108 2393 1156 2420 καὶ
1167 2392 1368 2428 συμπείθοντας
1379 2392 1510 2428 ἀλλήλους
1525 2393 1565 2425 εἰς
1577 2393 1607 2419 τὸ
1621 2391 1693 2419 οὒτω
1709 2393 1833 2428 φρονεῖν,
1851 2394 1898 2420 καὶ

1108 2440 1213 2473 πεῖσμα
1236 2439 1430 2473 φυλάττοντας,
1451 2438 1494 2472 ἐφ’
1518 2435 1560 2469 οἷς
1583 2438 1634 2465 οὐκ
1658 2438 1753 2473 ἐχρῆν.
1775 2438 1843 2472 Περὶ
1869 2437 1900 2466 ιιῦ

1108 2485 1259 2520 πείσματος
1271 2485 1357 2512 πολλὰ
1365 2485 1411 2511 καὶ
1421 2484 1551 2516 πολλάκις
1562 2484 1648 2512 alt:th
1659 2484 1744 2510 ἐθέλω
1757 2485 1902 2513 κὰνῖτιλοα

1109 2535 1227 2567 μετρίως
1237 2529 1459 2566 ὲπισημήνασθαί
1473 2539 1498 2556 τι.
1512 2530 1580 2565 πρὸς
1588 2530 1752 2565 ἀνάμνησιν.

1144 2618 1192 2651 ξδ’.
1208 2619 1245 2645 Τὸ
1257 2619 1360 2652 πεῖσμα
1377 2618 1423 2644 καὶ
1439 2618 1455 2653 ἡ
1470 2619 1617 2654 πεισμονὴ,
1627 2619 1657 2644 τὸ
1668 2618 1714 2646 καὶ
1729 2618 1859 2646 εὐκταῖον
1870 2621 1901 2646 ὲν

1108 2664 1196 2700 καιρῷ
1211 2664 1316 2700 χρῆμα,
1337 2664 1382 2690 καὶ
1399 2664 1486 2696 ἄλλως
1506 2665 1533 2690 δὲ
1554 2664 1696 2698 φευκτέον,
1711 2663 1749 2696 ὡς
1765 2663 1901 2700 οἴδαμεν,

1107 2711 1280 2746 ὲξὼρμηνται
1294 2712 1330 2742 ὡς
1342 2710 1457 2737 ἐπιπολὺ
1471 2712 1522 2738 ὅσα
1534 2711 1580 2737 καὶ
1589 2710 1668 2746 ῥίζης
1683 2710 1755 2742 τινος
1766 2710 1781 2745 ἤ
1791 2711 1899 2745 πηγῆς,

1109 2758 1201 2790 ἁπλῶς
1223 2758 1250 2785 δὲ
1273 2758 1377 2790 εἰπεῖν,
1400 2757 1490 2793 ἀρχῆς
1511 2758 1655 2792 ἀμφότερα
1670 2757 1720 2792 τῆς
1744 2757 1898 2795 ὕποταγῆςε

1109 2805 1204 2839 Anth;
1219 2805 1247 2831 δὲ
1261 2804 1343 2839 οὕσης
1357 2804 1443 2839 αὐτῆς
1460 2805 1487 2840 (ἡ
1505 2805 1554 2839 μὲν
1569 2805 1623 2840 γὰρ
1638 2805 1730 2839 ἀγαθὴ
1743 2804 1900 2838 διεκφαίνε-

1109 2860 1168 2884 ται,
1199 2851 1258 2878 καθ’
1287 2852 1320 2887 ἣν
1345 2851 1446 2888 δηλαδὴ
1479 2851 1634 2887 Genetiith
1665 2850 1824 2886 ἀνθρώποις
1851 2850 1901 2879 ἐπὶ
