1960 3074
86 129 134 162 3H

85 185 232 222 πράγμασι
247 187 360 219 πάντως
372 187 520 224 ὠφελίμοις
531 188 743 223 ὑποτασσόμεθα
752 197 760 205 ο
773 190 790 224 ή
806 188 834 215 δὲ
846 189 877 215 οὑ
893 192 916 220 Α

82 235 208 270 τοιαύτη,
225 234 401 270 θεωρουμένη
417 235 498 270 αὑτὴ,
513 235 556 261 ὅτε
569 237 712 270 φορτικοῖς
723 235 878 270 ἀνθρώποις

83 283 245 317 ὑπείχομεν,
260 282 311 309 οὐχ
326 281 512 313 εὑπαιδεύτως
527 281 693 316 τυπούμενοι
709 281 778 316 πρὸς
793 280 879 308 τοιοῦ-

81 338 127 356 τον
149 328 253 364 φαῦλον
271 323 476 364 παράδειγμα),
495 327 594 362 διπλῆν
611 326 683 354 εἶναι
707 328 816 362 ἀνάγκη
832 328 878 354 καὶ

82 377 132 412 τὴν
146 376 175 410 ἐξ
191 377 293 411 ἀμφοῖν
305 375 405 403 πειθώ.

116 465 163 498 Es’.
182 464 367 499 Πεπεισμένοι
393 463 443 498 μὲν
467 463 522 498 γὰρ
548 463 661 497 ἀγαθοῖς
686 463 875 496 διδασκάλοις,

83 510 185 545 ἀγαθὸν
203 511 307 544 πεῖσμα
323 509 465 546 πάσχομεν
477 518 484 526 ·
502 510 540 544 μὴ
552 509 685 541 τοιούτοις
706 509 735 535 δὲ
751 509 878 536 ὑπείκον-

81 565 138 588 τες,
152 556 285 591 πείσματι
296 555 390 591 ἀζήλῳ
401 555 441 590 τῷ
456 555 572 589 ἐκεῖθεν,
588 555 649 582 ὅποι
662 555 701 590 μὴ
715 555 815 590 πρέπει
829 556 879 581 ἁν-

81 602 213 636 θρώττοις,
224 601 383 636 ἐκνεύημεν.
394 601 500 628 Οὐκοῦν
511 601 652 636 ὑποταγῆς
664 601 877 636 προηγουμένης

81 649 128 675 ἐπὶ
142 648 303 684 ὑστεροῦντι
318 650 461 684 πείσματι,
478 649 526 676 καὶ
542 648 750 683 δευτερεύοντος
764 648 876 679 πάντως

79 697 114 724 τά
138 705 170 730 γε
187 697 228 728 είς
250 696 390 730 ὑποταγὴν
409 695 457 722 τοῦ
475 695 672 728 ὑπακούοντος,
691 695 720 725 ὃς
742 695 793 729 μὲν
816 694 876 729 Θεῷ

81 743 258 778 προσανέχων
270 742 394 769 πείθεται
409 741 564 776 διδασκάλῳ
573 742 668 777 ὲνθέῳ.
684 741 731 768 καὶ
743 741 792 773 τὰς
806 741 876 767 btet

79 791 126 816 θεν
136 789 326 824 εἰσδεχόμενος
338 788 480 821 ὑποθήκας
494 789 567 814 ποιεῖ
579 787 613 814 τὰ
626 787 794 822 καθήκοντα,
807 787 876 814 Θεοῦ

78 835 223 870 ἄνθρωπος
239 835 354 866 ἐκεῖνος,
373 834 419 860 καὶ
434 833 565 869 σταθερὸς
581 833 662 865 αὐτὸς
676 834 705 860 ὲν
717 835 813 869 ἀρετῇ,
828 834 875 860 καὶ

79 881 191 917 βέϐαιος
206 882 234 907 ἐν
248 881 351 913 καλοῖς,
368 881 413 907 καὶ
431 880 555 915 ἀσφαλὴς
570 880 620 915 τὴν
640 879 811 915 ἀγαθότητα,
830 880 876 906 καὶ

79 927 235 963 ἀστεμφὴς,
252 927 290 958 ὡς
312 929 360 954 καὶ
376 926 548 954 ἐπαινεῖσθαι
559 947 566 960 ,
584 927 631 954 καὶ
648 927 743 959 στῦλος
758 927 874 963 ὀρθότη-

78 982 125 1004 τος
144 973 305 1009 ἁστραὸὴς,
323 973 372 999 καὶ
392 973 518 1007 θεμέλιος
541 972 678 1008 ἀρραγὴς,
698 972 722 999 εί
740 973 787 999 καί
809 981 874 999 ποτε

78 1020 267 1052 κατασείεται,
289 1019 335 1046 καὶ
359 1019 530 1054 παραδείσου
552 1019 662 1055 δένδρον
686 1019 805 1054 εὕριζον,
827 1019 876 1046 καὶ

77 1064 133 1093 οἷον
145 1066 182 1102 μὴ
191 1065 410 1093 διατινάσσεςθαι
420 1066 456 1096 ὼς
469 1067 510 1096 εἰς
522 1066 624 1092 πτῶσιν
633 1066 782 1100 δαιμονίοις
794 1065 874 1091 πνεύ-

78 1119 159 1146 μασι,
175 1112 223 1138 καὶ
240 1111 307 1137 Θεοῦ
323 1109 397 1142 οἶκος
411 1111 591 1142 ἁκατάλυτος.
609 1112 664 1138 Καὶ
681 1111 710 1137 τὸ
727 1112 831 1146 πεῖσμα
844 1110 874 1136 τὸ

77 1158 150 1185 κατὰ
163 1156 284 1184 τοιοῦτον
297 1157 440 1193 ἄνθρωπον
448 1157 497 1192 οὐχ
509 1157 603 1188 ἀτελῶς
618 1158 646 1184 ὲν
663 1157 768 1192 ὲτιαίνιι)
780 1157 874 1191 κείμε-

76 1215 120 1233 νον
141 1205 324 1240 θαυμάζεται,
334 1204 402 1231 ἀλλὰ
415 1205 461 1231 καὶ
477 1204 537 1240 θεῴ
553 1204 632 1239 φίλον
647 1205 695 1232 καὶ
713 1204 791 1239 ἅγιον
804 1212 874 1238 γνω-

76 1253 241 1288 ματεύεται.

109 1300 168 1333 ξς’.
184 1298 252 1326 Είδέ
271 1307 313 1330 τις
327 1298 379 1325 ὑπὸ
401 1297 556 1333 διδασκάλῳ
581 1297 619 1332 μὴ
635 1296 706 1324 οὕτω
729 1306 872 1333 προηγου-

75 1346 153 1380 μένῳ
167 1346 208 1376 εἰς
224 1343 289 1370 εὐθὺ
307 1344 451 1374 τάσσεται,
469 1343 537 1370 ἀλλὰ
551 1344 645 1378 κύκλῳ
660 1344 870 1378 περιπατοῦντι,

73 1392 120 1418 καὶ
134 1391 187 1426 τὴν
197 1390 333 1425 εὐθύτητα
347 1388 533 1426 στρεϐλοῦντι,
544 1389 573 1421 ὃς
586 1389 635 1416 οὑιι
651 1389 684 1416 ἂν
700 1389 743 1424 εἴη
755 1390 872 1424 ἄμωμος

73 1439 102 1464 ὲν
187 1438 326 1472 κυριακῇ,
343 1436 493 1463 κάντεῦθεν
506 1435 555 1462 ἀπ’
566 1436 692 1467 ἐναντίας
704 1435 744 1471 τῷ
765 1438 870 1472 πρωτίο

74 1494 128 1521 στῳ
141 1484 191 1512 καὶ
202 1485 249 1512 ἐπὶ
259 1484 355 1519 θρόνου
367 1483 446 1518 δόξης
458 1483 612 1518 ὑπερτάτου
626 1483 774 1518 καθημένῳ
790 1484 871 1518 φερό-

74 1541 168 1566 μενος,
200 1531 250 1566 τῆς
279 1530 504 1565 διεστραμμένης
532 1528 645 1561 πειθοῦς
673 1531 793 1563 γίνεται·
822 1530 870 1557 καὶ
885 1551 906 1579 c

72 1578 163 1613 ὶαχὼν
178 1578 285 1604 ἐκεῖθεν
298 1577 385 1611 ἀρχᾶς
400 1576 431 1602 οὑ
446 1575 612 1610 θεοφιλείας,
624 1575 684 1602 οὐδὲ
698 1576 870 1611 φρονήσεως,
885 1567 905 1579 υ

70 1627 100 1652 τὸ
114 1627 170 1653 πᾶν
197 1626 226 1652 δὲ
245 1626 444 1661 συνῃρημένως
459 1624 555 1657 φάναι,
582 1623 632 1650 οὑκ
646 1623 783 1659 ἐναρέτως
801 1624 870 1659 πρὸς

70 1672 217 1707 ἀλήθειαν,
240 1671 288 1698 καὶ
304 1671 404 1702 πείσας
426 1669 536 1702 ἑαυτὸν,
558 1669 597 1700 εἰς
609 1669 686 1700 τέλος
700 1669 751 1696 οὑκ
767 1670 870 1704 ἀγαθὸν

70 1717 228 1749 ἐνίσταται,
259 1717 306 1743 καὶ
334 1715 460 1750 ἀγωνιῶν
484 1715 647 1747 ἀντιϐαίνει,
673 1716 827 1750 κοινότερον
841 1715 870 1742 δὲ

70 1764 189 1798 φράσαι,
212 1763 281 1798 πρὸς
311 1761 445 1789 ίδιωτείαν
463 1761 498 1788 δι’
512 1761 674 1796 εὐμάθειαν,
690 1761 741 1796 τὴν
757 1761 787 1787 ἐν
811 1762 870 1793 τοῖς

69 1808 192 1838 πολλοῖς,
223 1806 412 1841 πεισματὶζει,
439 1805 477 1836 ὼς
496 1806 543 1832 καὶ
561 1805 633 1832 κατὰ
650 1805 751 1840 κράτος
777 1805 868 1840 νικᾷν,

70 1854 117 1881 καὶ
133 1853 266 1887 συνιστᾷν
279 1852 293 1879 ὃ
311 1851 439 1886 βούλεται
453 1859 460 1866 ·
487 1852 538 1877 οὐκ
560 1850 646 1884 ἔστιν,
662 1850 717 1878 οὐδ’
734 1851 767 1878 ἂν
781 1852 869 1878 εἰπεῖν

68 1900 198 1935 τολμήσῃ
211 1907 255 1930 τις
270 1899 340 1934 ὀρθὰ
351 1899 458 1932 φρονῶν
477 1898 523 1924 καὶ
534 1897 616 1932 λόγου
634 1897 761 1933 μέτοχος,
774 1899 870 1933 ἐναρέ-

67 1957 121 1980 τως
140 1947 298 1975 διακεῖσθαι
315 1947 363 1972 τὸν
378 1946 451 1972 οὕτω
466 1947 654 1981 πεισμονικόν.
672 1947 709 1972 Οὺ
727 1947 782 1982 γὰρ
794 1947 867 1973 δέδο-

67 2003 124 2027 ται,
143 1993 251 2030 φαύλης
266 1993 355 2029 ἀρχῆς
370 1993 472 2028 ἀγαθὸν
484 1991 555 2019 εἴναι
568 1993 770 2028 συμπέρασμα.

103 2042 154 2075 EC’.
171 2041 204 2068 Εἰ
221 2041 249 2068 δὲ
263 2040 309 2067 καί
321 2049 364 2072 τις
380 2042 409 2067 ὲν
428 2040 545 2076 διαλόγῳ
560 2042 594 2067 τὰ
607 2040 695 2075 ψευδῆ
714 2039 867 2075 προτείνων

68 2088 279 2126 παρασυνάγειν
304 2087 435 2122 ἀλήθειαν
453 2088 592 2122 φαίνεται,
606 2086 675 2114 ἀλλὰ
686 2087 717 2113 τὸ
741 2086 868 2122 ἐφαμάρ-

68 2143 122 2167 τως
134 2134 346 2170 προηγούμενον
366 2134 416 2160 οὐκ
429 2131 488 2160 οῖδα
507 2133 567 2165 πῶς
590 2133 623 2160 ἂν
634 2133 692 2169 ἔχοι
705 2133 868 2160 ἀποϐαίνειν

69 2182 220 2216 σωτήριον.
239 2179 324 2213 Δῆλον
333 2179 373 2213 δὲ,
384 2178 421 2211 ὡς
433 2180 473 2211 εἰς
484 2179 582 2205 ταυτὸν
591 2179 654 2214 ἣκει
667 2180 765 2212 κακοῦ,
778 2179 866 2215 φαύλῃ

390 133 439 164 DE
458 133 698 164 OBEDIENTIA
718 132 990 166 MAGISTRATUI
1012 135 1255 166 CHRISTIANO
1273 135 1427 167 DEBlT-i.

1674 117 1726 169 σιξ

930 191 1044 218 omnino
1071 191 1152 218 utiles
1180 190 1246 218 viris
1273 191 1328 218 Deo
1342 191 1462 226 acceptis
1479 198 1528 218 nos
1544 191 1724 226 subiicimus;

931 235 1016 262 altera
1048 242 1137 263 autent
1165 245 1218 264 non
1235 237 1296 264 talis
1324 241 1377 268 est,
1401 237 1448 265 sed
1466 237 1493 264 in
1507 244 1540 264 eo
1557 238 1726 271 conspicitur

931 282 1003 316 quod
1022 282 1120 310 vilibus
1141 283 1297 310 hominibus
1322 284 1477 314 oltedimus.
1504 289 1530 311 et
1546 284 1579 311 ad
1593 284 1648 311 tale
1667 293 1724 311 ma~

932 328 987 355 lum
1004 329 1158 364 ext-inpium
1177 330 1247 357 male
1269 329 1397 364 efﬁngere
1422 338 1473 358 nos
1497 331 1664 363 studemus),
1691 332 1724 357 ad

931 375 1058 410 bipertita
1077 377 1230 403 necessario
1250 376 1330 404 etiam
1355 377 1498 411 persuasio
1515 378 1566 405 erit
1580 384 1611 404 ex
1629 378 1724 404 amba-

932 422 981 448 bus
995 421 1144 456 profluens.

965 466 1010 494 65.
1027 467 1057 493 Si
1081 467 1153 494 enim
1171 467 1249 494 b0nis
1275 467 1488 501 praeceptoribus
1516 475 1654 502 paremus,
1676 469 1724 493 lm-

930 521 992 540 nam
1019 512 1144 540 ﬁduciam
1161 513 1362 546 nanciscimur;
1393 513 1433 540 sin
1457 521 1522 541 vero
1546 521 1600 541 non
1626 515 1725 541 talibus

930 558 1082 591 oliedimus,
1110 558 1275 586 conﬁdentia
1307 558 1376 585 mala
1406 559 1470 587 illnc
1487 567 1544 594 quo
1571 568 1625 587 non
1643 560 1723 587 decet

932 603 1070 634 homines.
1086 603 1265 631 declinamus.
1297 603 1364 630 Cum
1379 604 1462 637 igitur
1476 605 1630 633 obedientia
1656 613 1724 640 pra--

929 650 1018 682 CCtizll,
1037 650 1136 677 fiducia
1153 654 1245 677 autem
1263 652 1458 686 subsequatur,
1477 657 1579 679 etcum
1608 652 1722 680 omnino

928 693 1078 719 secundum
1098 693 1187 720 locum
1200 693 1320 722 obtineat
1337 695 1384 730 qui
1408 703 1513 723 morem
1529 697 1600 732 gerit
1628 706 1635 724 :
1657 705 1723 732 pro»

929 738 1001 766 ferto
1015 740 1037 766 si
1055 740 1107 767 Deo
1132 740 1275 774 obediens,
1293 741 1392 769 iiducia
1410 742 1436 768 in
1459 747 1628 777 praeceptore
1655 743 1724 769 divi-

928 787 1002 813 nitus
1027 786 1159 820 inspirata
1185 788 1319 816 collocata
1349 788 1462 823 ejusque
1488 789 1612 816 doctrina
1644 789 1670 816 in
1695 797 1725 816 se

929 838 1037 866 recepta
1055 833 1080 860 id
1096 833 1168 868 quod
1192 834 1271 862 decet
1288 834 1368 866 facit,
1390 835 1436 862 Dei
1453 834 1535 862 homo
1547 835 1611 866 erit.
1629 835 1724 863 flnnns

892 871 915 901 Β
931 879 956 906 in
971 879 1083 913 virtute,
1102 884 1236 908 constans
1255 881 1283 907 in
1298 881 1388 913 bonis,
1404 881 1584 910 inconcussus
1606 882 1633 909 in
1661 891 1724 916 pro-

930 924 1014 952 bitate
1025 930 1052 952 et
1078 926 1242 958 inﬂexibilis,
1267 930 1295 952 ut
1314 926 1421 953 laudem
1439 932 1577 954 mercatur
1596 928 1723 955 columna

930 972 1099 1000 rectitudinis
1138 979 1191 999 non
1234 971 1389 1004 incurvata,
1425 972 1631 1002 fundamentum
1670 981 1723 1000 non

928 1019 1125 1051 evertendam,
1156 1019 1282 1054 quamvis
1310 1026 1504 1054 nonnunquam
1536 1020 1722 1054 concutiatur,

929 1066 1010 1093 arbor
1037 1065 1156 1100 paradisi
1189 1066 1295 1094 radices
1320 1067 1346 1093 in
1377 1065 1544 1101 profundum
1560 1074 1654 1101 agens,
1685 1068 1722 1093 ita

929 1114 958 1136 ut
975 1114 1092 1144 nequeat
1109 1117 1123 1136 a
1137 1110 1218 1138 malis
1229 1110 1400 1139 daemonibus
1413 1111 1440 1138 in
1457 1111 1565 1139 ruinam
1581 1112 1677 1147 dejici,
1695 1118 1722 1140 et

927 1156 1025 1183 domus
1041 1156 1086 1183 Dei
1101 1157 1291 1185 iuevertibilis.
1308 1157 1396 1185 Porro
1411 1158 1508 1185 liducia
1525 1158 1658 1192 ejusmodi
1671 1159 1721 1185 viri

927 1210 980 1230 non
997 1203 1082 1230 solum
1107 1203 1188 1231 laude
1216 1209 1244 1231 et
1260 1204 1444 1232 admiratione
1483 1209 1525 1232 est
1541 1204 1634 1239 digna,
1674 1205 1722 1232 sed

926 1251 1007 1277 etiam
1027 1251 1081 1277 Deo
1098 1254 1209 1286 accepta
1228 1254 1255 1278 et
1271 1256 1365 1278 sancta
1381 1251 1564 1279 existimatur.

963 1296 1007 1325 66.
1029 1296 1057 1325 Si
1071 1297 1132 1332 quis
1148 1303 1238 1325 autem
1255 1306 1309 1325 non
1326 1305 1341 1325 a
1359 1298 1404 1325 tali
1426 1303 1593 1333 praeceptore
1604 1298 1630 1326 in
1646 1303 1721 1326 recto

926 1343 1085 1376 collocatur,
1103 1344 1150 1371 sed
1163 1344 1190 1371 in
1207 1345 1274 1372 orbe
1291 1343 1412 1372 instabiii
1433 1348 1514 1379 atque
1528 1345 1720 1373 rectitudinem

926 1394 1110 1424 pervertente,
1129 1390 1166 1416 ita
1183 1396 1211 1417 ut
1227 1398 1281 1417 non
1297 1390 1333 1418 sit
1347 1390 1598 1426 irrepreltensibilis
1621 1390 1648 1417 in
1678 1391 1720 1417 via

925 1436 1043 1468 Domini,
1059 1444 1107 1463 seu
1133 1437 1223 1471 potius
1242 1437 1276 1464 ab
1298 1444 1331 1464 eo
1352 1437 1398 1471 qui
1430 1437 1456 1464 in
1499 1444 1609 1464 summo
1629 1437 1722 1470 gloria:

926 1482 1026 1510 throno
1037 1482 1124 1515 sedet,
1139 1488 1280 1510 art-natur
1289 1487 1315 1510 ct
1329 1489 1454 1517 perversa
1466 1482 1563 1510 ﬁducia
1573 1483 1721 1512 innitatur:

926 1529 959 1562 is,
974 1529 1103 1563 quoniam
1118 1536 1208 1564 neque
1224 1529 1270 1556 Dei
1293 1536 1387 1557 amore
1409 1536 1498 1564 neque
1510 1530 1652 1564 prudentia
1666 1530 1720 1557 inr-

923 1576 1026 1610 buitur,
1043 1581 1082 1609 ct,
1095 1581 1124 1602 ut
1140 1576 1259 1604 breviter
1277 1576 1378 1609 dicam,
1398 1576 1497 1604 fiducia
1525 1585 1586 1612 qua:
1611 1577 1720 1605 virtutis

922 1630 955 1650 ac
968 1623 1090 1649 veritatis
1102 1621 1208 1650 fructus
1238 1626 1291 1655 est,
1317 1622 1469 1650 destitutus
1500 1622 1534 1650 ad
1558 1623 1637 1650 finem
1665 1630 1718 1650 neu

922 1669 1022 1696 bonum
1039 1669 1126 1696 tendit
1142 1674 1168 1696 et
1183 1676 1281 1702 magno
1293 1677 1356 1696 enm
1378 1670 1480 1704 impetu
1499 1677 1548 1705 per
1565 1669 1717 1697 doctrinam

922 1713 1088 1740 multitudini
1111 1713 1248 1748 propriam
1275 1714 1307 1740 ad
1331 1714 1512 1749 ignorantiam
1547 1715 1719 1750 progreditur

921 1763 948 1787 et
964 1766 1072 1786 Omnem
1086 1759 1176 1786 funem
1206 1764 1305 1792 movet,
1327 1764 1356 1787 ut
1380 1760 1466 1795 ipsius
1483 1761 1618 1795 voluptati
1635 1762 1716 1788 satis~

922 1804 1016 1837 faciat,
1033 1805 1065 1837 is,
1090 1805 1212 1840 inquam,
1238 1805 1283 1832 tali
1308 1805 1405 1833 lidncla
1441 1805 1528 1834 fretus
1566 1813 1581 1833 a
1610 1807 1718 1833 neruine

920 1857 995 1878 recte
1005 1852 1140 1880 sentiente
1153 1857 1198 1879 ant
1215 1853 1282 1880 bene
1303 1853 1446 1880 instructo~
1465 1853 1559 1880 virtuti
1584 1853 1716 1880 conveni-

920 1902 998 1924 enter
1023 1898 1172 1931 dispositus
1197 1906 1258 1926 esse
1275 1898 1392 1926 dicetur.
1412 1899 1432 1925 E
1452 1899 1523 1926 malo
1549 1899 1621 1926 enim
1635 1899 1714 1933 prin-

919 1945 991 1979 cipio
1015 1944 1103 1972 bonus
1115 1945 1175 1972 finis
1206 1952 1355 1980 exsurgere
1382 1945 1486 1980 nequit.

955 2035 1000 2063 67.
1017 2034 1130 2062 Etiamsi
1147 2042 1212 2062 vero
1228 2034 1288 2069 quis
1310 2033 1338 2062 in
1369 2034 1578 2062 conversatione
1603 2035 1714 2061 menda-

920 2081 991 2109 cinnt
1006 2080 1150 2116 proferens
1166 2082 1310 2109 veritatem
1339 2080 1572 2108 subintroducere
1593 2081 1713 2112 videtur,

919 2126 984 2154 illud
1002 2131 1092 2154 tamen
1109 2128 1180 2162 quod
1194 2133 1323 2162 perverse
1347 2125 1502 2158 disseritur,
1526 2126 1619 2153 nescio
1646 2132 1715 2159 quo-

919 2173 1001 2201 modo
1013 2173 1041 2200 in
1061 2173 1178 2201 salutem
1204 2174 1301 2200 cedere
1330 2172 1425 2207 possit.
1450 2170 1596 2199 Manifesta
1622 2176 1714 2198 autem

66 2236 97 2254 τε
111 2228 187 2263 ἀρχῇ
205 2226 363 2261 πεισθῆναι,
381 2226 429 2252 καὶ
444 2224 506 2252 κατ’
523 2225 632 2260 ἐκείνην
658 2225 864 2261 στρεϐλωθῆναι

926 2219 952 2246 id
972 2220 1042 2247 idem
1059 2219 1159 2246 malum
1179 2219 1260 2250 redit,
1286 2219 1334 2245 au’t
1347 2216 1483 2252 principio
1516 2224 1648 2252 perverso
1677 2217 1716 2242 in—

66 2274 107 2305 είς
125 2275 160 2300 ei
179 2273 245 2307 ἑξῆς
263 2272 335 2307 λόγῳ
355 2271 507 2306 ὑποταγῆς,
521 2271 568 2297 ιιαδ¹
587 2270 696 2297 οἴκοθεν
711 2272 867 2306 παρεκνεῡ-

67 2329 113 2348 σαι
124 2321 177 2355 τῆς
189 2319 284 2355 ὀρθῆς,
304 2319 371 2345 ὅπου
385 2318 410 2344 οι
427 2318 566 2352 ἀλιτήριοι
579 2318 626 2344 καὶ
645 2319 716 2345 κατὰ
731 2317 781 2353 τῆς
798 2318 864 2352 ἀρε‹

65 2367 116 2401 τῆς
127 2365 327 2401 αἱρετίζοντες,
344 2364 369 2391 οἳ
387 2365 434 2391 καὶ
445 2363 525 2390 αὐτοὶ
545 2363 702 2398 δαιμονίαις
716 2363 864 2399 προθέσεσι

66 2412 286 2442 καθυπείκοντες
300 2411 441 2437 πείθονται
457 2410 498 2442 είς
511 2409 605 2436 κακόν.
634 2410 695 2436 Ὀτι
711 2410 739 2436 δὲ
758 2411 799 2441 εις
812 2418 865 2444 γαα-

65 2460 152 2495 λήνην
169 2458 306 2493 σωτήριον
327 2457 492 2493 καθορμίζει
512 2457 614 2487 τοὺςὲν
629 2457 680 2492 βίῳ
701 2457 866 2488 σαλεύοντας

64 2506 94 2532 τὸ
110 2505 239 2540 θεοφιλὲς
252 2505 357 2538 πεῖσμα
367 2503 430 2535 τοὺς
448 2502 515 2529 αὐτὸ
532 2503 657 2538 ἔχονταῖ,
673 2503 719 2530 καὶ
735 2503 751 2538 ἡ
766 2502 864 2541 πρώτη

63 2552 182 2588 λεκτικὴ
199 2551 273 2582 θέσις
289 2550 371 2578 αὑτοῦ
394 2549 536 2577 δείκνυσι·
564 2550 705 2582 πείσματα
721 2550 776 2584 γὰρ
795 2549 864 2575 5102'-

64 2599 156 2633 σμεθα
166 2598 259 2631 λέγειν
271 2597 381 2630 σπάρτα
393 2596 519 2629 ναυτικὰ,
536 2593 577 2628 οἷς
597 2595 700 2631 δηλαδὴ
712 2595 779 2627 ναῦς
791 2595 863 2622 mt-

64 2644 230 2679 μενισθεῐσα
258 2642 394 2674 πείθεται,
422 2642 461 2677 μὴ
486 2641 624 2678 ἀφιεμένη
638 2641 861 2673 διασαλεύεσθαι,

63 2692 112 2718 καὶ
132 2691 175 2722 είς
191 2690 315 2716 κίνδυνον
330 2689 489 2721 κλύζεσθαι·
504 2689 550 2715 ὅτε
564 2689 613 2716 καὶ
639 2688 715 2724 μένει
728 2689 816 2717 ἐκεῖνο
831 2688 862 2714 τὸ

63 2738 173 2771 σκάφος
190 2737 295 2772 ἤρεμον
311 2736 358 2763 ἐπὶ
377 2737 411 2772 τῇ
425 2736 548 2771 σωτηρίᾳ
566 2735 666 2762 ἑαυτοῦ
680 2744 710 2761 τε
738 2736 786 2762 καὶ
805 2735 861 2762 τῶν

61 2784 199 2820 ὲμπ>.ἐειν
214 2783 363 2818 λαχόντων.
379 2782 515 2810 Ἐνταῦθα
526 2782 558 2817 δὴ
572 2781 741 2814 πεποιθότως
755 2782 860 2809 πυνθά-

62 2839 158 2864 νομαι,
174 2829 239 2855 πότε
253 2828 450 2863 φιλοκινδύνως
472 2827 667 2860 αὑθαδιάζιται
686 2827 751 2859 ναῦς
766 2827 859 2854 τοιαύ-

63 2885 108 2910 τη,
127 2876 177 2903 καὶ
203 2874 360 2911 ἀπορρῆξαι
385 2874 432 2902 τοῦ
447 2875 557 2916 λιμένος
578 2874 679 2910 ἑαυτὴν
698 2874 857 2909 φιλονεικεῖ,

918 2265 966 2293 niti
981 2266 1061 2300 eique
1073 2273 1178 2293 morem
1191 2264 1311 2300 gerendo
1324 2265 1378 2292 huc
1391 2268 1474 2299 atque
1507 2263 1572 2291 illuc
1605 2264 1714 2298 agitari,

920 2318 967 2339 ant
987 2313 1020 2339 ab
1034 2313 1111 2339 initio
1126 2313 1159 2339 de
1176 2316 1251 2339 recto
1278 2312 1389 2339 tramite
1408 2310 1566 2344 deﬂectere,
1594 2311 1640 2338 ubi
1668 2312 1716 2338 lio-

920 2359 1008 2386 mines
1023 2367 1138 2393 nequam
1171 2359 1319 2393 virtutique
1348 2358 1523 2386 obluctantes
1548 2357 1716 2392 ingrediun-

922 2409 974 2437 tur,
991 2405 1037 2440 qui
1059 2405 1159 2440 etipsi,
1185 2404 1408 2439 inspirationilius
1430 2404 1592 2432 obedientcs
1608 2404 1713 2431 damno-

921 2451 1007 2477 niacis
1022 2450 1055 2478 ad
1072 2450 1234 2486 pravitatem
1246 2449 1395 2477 declinant.
1425 2449 1503 2483 Quod
1526 2454 1616 2476 au‘em
1646 2449 1716 2476 fidu-

920 2498 961 2526 cia
977 2497 1107 2533 (πεῖσμα)
1129 2498 1155 2524 in
1178 2498 1233 2524 Deo
1250 2497 1382 2525 collocata
1397 2496 1457 2524 illos
1470 2496 1517 2531 qui
1541 2503 1571 2524 ea
1582 2496 1713 2531 gaudent,

920 2545 1030 2579 quando
1052 2544 1114 2571 vitae
1143 2543 1352 2577 tempestatibus
1381 2543 1533 2576 turbantur,
1547 2543 1574 2570 in
1607 2547 1713 2577 ιιοιιιιιιι

919 2590 1094 2625 tranquillum
1114 2594 1141 2618 et
1154 2590 1303 2617 salutarem
1321 2590 1482 2622 introducit,
1499 2589 1628 2624 primaria
1664 2597 1712 2615 vu-

918 2638 1008 2665 cabuli
1036 2637 1201 2672 significatio
1231 2636 1369 2669 ostendit;
1397 2636 1524 2663 fiduciam
1547 2635 1713 2671 (πείσματα)

918 2686 990 2713 enim
1011 2685 1147 2720 appellare
1172 2684 1292 2712 solemus
1316 2683 1446 2712 rudentes
1469 2684 1594 2711 nauticos
1615 2684 1714 2717 quibus

919 2732 996 2759 navis
1012 2733 1038 2759 in
1055 2737 1133 2767 portu
1152 2731 1300 2759 constituta
1324 2731 1460 2758 retinetur
1483 2729 1630 2765 quominus
1646 2728 1714 2754 ιιιιιτ-

919 2779 991 2806 libus
1011 2778 1129 2813 agitetur
1146 2783 1194 2806 ant
1217 2778 1272 2806 ullo
1303 2778 1384 2805 modo
1413 2777 1593 2813 periclitetur,
1615 2774 1650 2801 ita
1684 2777 1711 2798 ut

917 2826 1055 2861 navigium
1075 2825 1140 2853 illud
1168 2825 1365 2860 tranquillitate
1405 2823 1514 2851 fruatur
1539 2828 1592 2848 non
1622 2820 1712 2846 minus

917 2873 950 2906 ad
964 2881 1040 2900 suam
1058 2873 1143 2908 ipsius
1155 2873 1269 2902 salutem
1286 2881 1366 2908 quam
1389 2879 1482 2900 eorum
1516 2869 1560 2904 qui
1579 2869 1648 2895 forte
1664 2866 1713 2893 duo
