1960 3074
143 107 197 140 345

449 109 498 140 DE
518 110 754 142 OBEDIENTIA
775 113 1044 146 MAGISTRATUI
1066 115 1304 146 CIlRlSTIANO
1322 115 1470 147 DEBITA.

1716 117 1771 151 316

140 167 208 201 κρὸν
223 166 270 192 καὶ
288 165 383 202 ἔτερος
398 167 478 193 αὐτὸν
496 168 582 202 ἀνῆκε
600 168 696 202 θυμὸς,
719 169 837 203 ἀφέσθαι
859 172 917 205 ταχέ

980 172 1113 198 sententia
1142 172 1295 204 immutata,
1325 174 1358 200 ab
1385 173 1432 200 illo
1455 173 1603 201 certamine
1618 175 1772 207 recesserit,

139 212 190 246 τῆς
202 212 307 247 τόλμης
319 213 439 247 ἐκείνης,
459 213 496 249 μὴ
511 215 559 241 καὶ
579 215 759 250 ἀποθραυσθῇ
771 216 819 248 τῆς
839 224 926 250 κεφα-

139 257 197 291 λῆς,
215 257 265 284 καί
280 266 331 284 που
347 259 396 285 καὶ
411 259 532 294 σποδηΘῇ
547 260 620 286 κατὰ
633 260 679 286 τὸν
700 260 786 292 οὕτως
800 261 924 294 εἰπόντα,

139 304 186 330 καὶ
198 303 330 339 ἐπιτριὸῇ
345 304 486 340 φλώμενος
507 306 554 332 καὶ
573 307 737 340 πνιγόμενος
750 314 757 321 ·
784 306 832 333 καὶ
852 307 926 340 λογι-

139 349 207 383 σμὸν
218 349 312 377 τοῦτον
323 351 451 386 δεύτερον
474 353 585 378 συνετὸν
600 353 684 387 μωρῷ
699 353 795 387 ἐκείνῳ
822 354 924 389 πρώτῳ

137 396 315 431 ἀπιστήσας,
330 397 377 423 καὶ
393 397 476 432 ἄμφω
490 398 675 429 ταλαντεὺσας
690 399 722 424 ὲκ
735 399 923 433 παραθέσεως,

137 442 184 468 καὶ
201 441 289 477 ῥοπὴν
303 443 430 477 εὑρηκὼς
447 444 475 469 ὲν
486 443 524 478 τῷ
535 443 754 479 δευτερεύσαντι,
767 444 823 478 ἔχει
834 444 925 479 λέγειν

136 487 253 519 ἀστείως
277 487 346 522 πρὸς
371 489 417 515 τὸν
431 489 605 524 κατάρξαντα
631 490 695 516 νοῦν
719 491 808 517 suam
824 491 855 517 τὸ
868 500 922 517 πα-

135 534 210 561 λαιόν
221 542 228 550 ·
244 534 282 566 ὡς
297 535 327 561 οὒ
342 535 460 568 πείσεις,
475 535 530 562 οὔδ’
547 537 580 570 ἢν
606 537 705 572 πείσῃς
716 544 722 552 ·
746 538 859 570 ἔπεισας
875 538 924 572 μὲν

135 581 200 615 γὰρ,
214 578 236 608 ὦ
261 580 342 614 θυμὲ,
359 583 453 616 χεῖρας
466 583 593 614 ἀντήρεις
615 583 744 619 ἀνασχεῖν
760 585 831 610 κατὰ
846 585 923 619 ἰσχυ-

136 628 248 662 ροτέρου
265 628 337 662 ἥπερ
354 627 408 661 ἐγὼ
419 637 425 642 ·
441 628 471 654 οὗ
486 629 584 664 πείσῃς
598 629 627 655 δὲ
643 629 718 663 ὅμως
735 630 775 661 είς
789 630 876 662 τέλος,
901 631 925 656 εί

134 673 182 700 καὶ
196 674 376 708 παρέπεισας.
392 674 565 708 Εὑλαὸοὖμαι
580 675 634 710 γὰρ
648 675 821 709 ἰλυσπᾶσοαι,
837 677 926 711 ριφεὶς

134 721 174 750 εἰς
188 719 251 754 γῆν,
274 720 322 746 καὶ
337 719 409 746 οὕτω
431 719 481 755 τὴν
496 720 576 755 ἓρψιν
597 721 766 754 ἀλλάξασθαι
781 721 830 757 τῆς
852 722 926 757 βαδί-

135 775 214 796 σεως.

168 811 218 840 οα’.
236 813 321 840 Πάλιν
338 813 468 848 λογισμὸς
480 814 660 850 παρέπλαγξέ
676 823 749 847 τινα,
766 815 846 841 ὁποῖα
858 815 924 841 πολ-

981 222 1106 244 metm-ns
1121 224 1154 244 ne
1170 218 1258 252 capite
1276 225 1405 252 percusso
1423 219 1458 245 ad
1474 218 1602 251 nihilum,
1627 220 1666 246 uti
1685 221 1772 252 aiunt.

979 263 1116 295 redactus,
1133 265 1278 296 contritus,
1295 263 1444 292 suﬂ‘ncatus
1459 269 1571 300 pereat;
1592 269 1620 292 et
1635 266 1658 292 si
1675 266 1774 293 deinde

978 307 1062 341 priori
1079 308 1123 335 illo
1148 308 1286 342 insipienti
1310 309 1425 336 consilio
1452 310 1560 345 abjecto
1579 311 1653 338 aliud
1670 312 1772 345 ceperit

978 353 1137 387 sapientius,
1154 360 1182 381 et
1194 360 1307 389 utroque
1321 355 1470 384 deliberan
1486 362 1514 383 et
1529 362 1698 390 comparato,
1715 365 1775 384 mo-

979 405 1098 428 mentum
1114 401 1246 429 inclinare
1260 402 1293 429 ad
1303 403 1450 430 secundum
1468 404 1646 436 intellexerit,
1661 410 1726 432 tunc
1738 405 1771 431 ad

980 451 1098 474 mentem
1114 454 1166 481 qua
1183 447 1302 480 priorem
1321 453 1493 482 suggesserat
1510 449 1672 475 sententiam
1698 454 1773 475 recte

979 492 1077 527 poterit
1090 493 1195 519 dicere:
1214 493 1329 520 Sunsisti
1344 494 1465 528 quidem,
1477 498 1505 520 at
1515 501 1567 520 non
1575 494 1769 527 persuadebis:

979 538 1085 565 voluisti
1103 538 1186 572 enim,
1203 543 1339 566 utcontra
1356 539 1496 566 fortiorem
1512 547 1607 574 pugna:
1621 539 1770 566 discrimen

978 583 1117 617 subirent,
1133 591 1223 618 neque
1239 589 1339 617 tamen,
1363 584 1489 618 quamvis
1502 591 1544 610 me
1570 585 1700 611 seducere
1711 588 1771 611 stu-

977 630 1079 661 dueris,
1099 630 1162 656 mihi
1175 637 1292 664 unquam
1310 630 1498 664 perSuadebis.
1521 629 1625 656 Vereor
1637 630 1710 657 enim
1723 637 1769 662 nc,

977 678 1011 705 ad
1029 683 1128 706 terram
1154 678 1258 710 allisns,
1291 677 1408 712 rependo
1439 677 1529 711 potius
1544 677 1594 704 sim
1623 677 1768 712 obnoxius,

977 733 1058 760 quam
1077 730 1152 753 recte
1169 722 1321 752 incedendo
1339 725 1464 752 idoneus.

1012 813 1058 840 7L
1077 812 1195 840 Rursum
1211 813 1293 846 ratio,
1310 813 1347 840 uti
1365 813 1437 840 haud
1460 820 1524 840 raro
1547 813 1672 840 accidere
1687 812 1766 845 solet,

133 857 165 884 λὰ
176 859 249 893 φιλεῖ
263 860 311 885 καὶ
328 859 440 886 τοιαῦτα
453 860 587 894 γίνεσθαι,
602 862 726 894 γενναῖον
740 859 821 893 εἶναι,
835 862 917 887 παλα-

975 859 1092 893 aliquant
1108 858 1222 890 induxit,
1239 864 1267 886 ut
1282 866 1444 893 generasum
1459 866 1520 886 sese
1535 858 1664 886 exhibeat
1676 863 1703 885 ct
1714 859 1766 885 im-

135 905 236 938 μᾶσθαι
252 905 451 940 συμποδισμὺν,
467 905 494 932 εἷ
507 915 550 938 τις
567 907 608 938 εἰς
622 907 795 942 παλαίστραν
809 907 922 934 ἀντικα-

132 951 249 986 τασταίη
265 951 351 987 αὐτῷ.
369 953 424 978 Καὶ
433 953 643 988 ὲπανηγυρίσοη
657 953 742 987 ἀγὼν,
756 953 804 980 καὶ
817 953 921 988 ἐκηρύ-

132 997 184 1032 χϐη
201 996 421 1033 παλαιςμοσύνη,
436 999 484 1025 καὶ
501 998 583 1030 αὐτὸς
600 999 749 1035 παρεισέδυ
766 1000 795 1031 ἐς
809 1000 920 1034 μέσους,

132 1043 234 1070 ἐθέλων
249 1044 422 1080 συμπλοκὴν,
439 1045 485 1071 καὶ
502 1045 611 1081 Θαρρὤ
637 1046 851 1077 καταταλαίειν,
872 1046 920 1072 καὶΙ

131 1089 181 1124 ἤδη
193 1089 223 1116 εὖ
239 1090 312 1124 μάλα
325 1091 482 1125 συμπείσας
495 1091 592 1118 ἑαυτὸν
602 1093 643 1123 είς
656 1091 783 1127 τοιαύτην
794 1092 918 1127 ἄθλησιν.

137 1134 207 1161 Ἀλλ’
233 1136 344 1162 ἐπειδὰν
369 1137 576 1171 ἀνταγωνιστὴν
599 1137 732 1172 Θεάσηται
747 1139 877 1172 φανέντα,
889 1138 919 1164 ὃν

131 1180 169 1214 μὴ
187 1180 401 1216 ἐνθυμούμενος,
420 1182 487 1208 ἀλλὰ
500 1183 561 1209 τότε
582 1183 688 1210 κατίδοι
708 1182 919 1218 ἑξανακύψαντα

130 1227 178 1252 καὶ
206 1227 247 1259 είς
270 1227 418 1254 ἀντίπαλον
442 1229 672 1264 προχωρήσαντα,
700 1229 730 1256 οὐ
759 1229 865 1261 πείσεις
880 1230 919 1265 τῷ

129 1270 225 1307 πρώην
234 1271 371 1307 λογισμῷ,
393 1271 457 1307 ἔψη,
474 1273 526 1300 κᾶν
543 1273 651 1307 φθάσας
666 1273 780 1306 ἔπεισας
794 1282 800 1290 ⁸
820 1275 851 1301 οὐ
863 1275 918 1310 γὰρ

129 1317 260 1352 ἀνέξομαι
277 1319 371 1345 πεσὼν
387 1318 594 1353 συντρίψεσθαι,
624 1319 670 1346 καὶ
690 1319 806 1346 καθόλου
820 1321 849 1345 ὲν
861 1321 918 1352 τοῖς

129 1358 260 1398 ᾦρονοῢσι
286 1365 335 1391 καὶ
359 1364 477 1400 μαθοῦσι
502 1364 690 1399 βουλεύεσθαι,
707 1365 755 1392 καὶ
772 1363 852 1396 αὖθις
877 1366 918 1397 είς

127 1410 189 1437 δέον
215 1410 476 1446 μεταὸουλεύεσοαι.
507 1411 600 1438 Πείοει
626 1412 677 1447 μέν
707 1420 749 1443 τις
776 1411 874 1438 ἑαυτὸν
888 1411 917 1437 ὲν

129 1457 249 1489 πολλοῖς,
269 1458 317 1484 καὶ
336 1458 376 1490 είς
388 1467 414 1484 τι
429 1458 528 1493 ψεκτὸν
545 1459 593 1484 καὶ
607 1458 792 1490 κατατίθεται,
805 1457 853 1484 καί
864 1466 916 1484 που

127 1505 293 1538 ἐρεθίζεται,
318 1504 366 1530 καὶ
394 1505 435 1536 είς
464 1505 545 1539 ἔργον
572 1504 686 1540 ἐξορμᾷ.
710 1504 868 1538 Μεταγνοὺς
885 1503 914 1530 δὲ

127 1551 241 1585 ἀφίησιν
256 1551 357 1581 ὲκεῐνο,
373 1551 413 1581 είς
425 1551 495 1584 ὅπερ
508 1550 667 1579 κατένευσε.
681 1550 728 1576 καὶ
739 1550 833 1585 χαίρει
844 1558 915 1576 παυ-

128 1598 253 1631 σάμενος,
275 1596 321 1623 καὶ
333 1595 402 1629 λόγῳ
416 1596 541 1631 τοιούτῳ,
563 1596 587 1622 εί
604 1596 651 1622 καὶ
669 1596 828 1628 πέπεισται,
839 1596 914 1630 ὅμως

127 1643 218 1669 οὐκέτι
231 1642 367 1674 πείθεται,
378 1643 471 1676 ὅμοιον
481 1642 547 1668 ὡσεὶ
557 1642 606 1668 καὶ
617 1641 750 1676 ὁρμηθεὶς
765 1641 835 1669 κατὰ
845 1650 914 1677 κρη-

129 1687 206 1722 μνοῦ,
222 1685 281 1714 εἶτα
304 1687 458 1722 μετάμελος
486 1687 739 1722 ὲπαναστρέψεται,
755 1687 803 1714 καὶ
820 1686 914 1719 ἔννους

127 1736 158 1761 ἐκ
168 1734 197 1760 δυ
202 1733 344 1768 σλογῐστου
358 1733 484 1768 γένηται.

160 1778 210 1814 οβ’.
227 1778 287 1814 Χρὴ
315 1778 406 1805 τοίνυν
434 1777 522 1809 οὕτως
545 1779 593 1805 ἐπὶ
617 1778 729 1806 πάντων
741 1779 796 1807 τῶν
810 1778 914 1814 ὁμοίων

126 1825 261 1859 γίνεσθαι,
288 1823 327 1855 ὡς
342 1823 498 1855 ἀκολούθως
517 1824 565 1850 καὶ
580 1824 666 1859 ἡμᾶς.
694 1823 914 1858 ἁναλαδομένους

126 1872 230 1905 πεῖσμα
244 1869 381 1902 ὁπωσοῦν,
400 1869 456 1895 εἴτε
467 1869 497 1902 ἐξ
513 1869 594 1904 ἡμῶν
609 1869 702 1896 αὐτῶν
717 1868 913 1900 ἀὸούλως,εἶτι

125 1917 195 1944 κατὰ
208 1915 384 1944 διδασκαλίαν
396 1915 574 1948 κακόδουλον,
595 1916 704 1947 πάντως
721 1915 749 1941 δὲ
764 1915 818 1942 ἀπὸ
832 1915 913 1949 ἀρχι-

126 1964 211 1990 κάκου
225 1963 361 1998 δαίμονος,
373 1962 422 1989 καὶ
443 1962 628 1997 ὡρμημένους
656 1963 684 1992 ὲς
697 1961 799 1996 πρᾶξιν
813 1962 914 1988 ἀποτι-

125 2008 262 2035 λευτῶσαν
287 2008 328 2039 είς
357 2006 527 2042 φαυλότητα,
553 2006 742 2039 ινθυμεῑσθαι,
772 2004 842 2032 εἶναι
854 2013 914 2031 τινα

125 2053 203 2088 ἡμῶν
217 2053 371 2089 κρείττονα,
398 2051 447 2079 καὶ
462 2053 486 2078 εί
505 2052 543 2086 μὴ
557 2051 713 2087 ἄνθρωπον,
741 2051 810 2078 ἀλλά
824 2059 855 2085 γε
868 2050 914 2077 τὸν

125 2101 200 2134 Θεὸν,
209 2100 239 2132 ὃς
253 2099 341 2131 διδοὺς
351 2099 386 2126 τὰ
396 2098 487 2133 ἀγαθὰ
503 2098 681 2132 καταγίνεται
690 2099 741 2133 τῆς
753 2098 912 2132 κακότητος,

126 2146 221 2174 ἑαυτὸν
238 2147 346 2176 πάντως
365 2144 481 2171 ἐκδικῶν
498 2144 543 2171 διὰ
556 2144 607 2180 τῆς
627 2144 758 2180 τοιαύτης
771 2143 914 2176 δπεξελεύ-

974 905 1127 940 pedimenta
1140 906 1162 932 si
1180 912 1241 940 quae
1255 905 1282 932 in
1300 911 1383 932 arena
1400 908 1556 937 occurrant,
1568 904 1674 931 fortiter
1687 904 1766 938 disji-

972 951 1037 978 eiat.
1053 951 1210 979 Certatnine
1236 951 1320 986 igitur
1338 950 1452 984 indicto,
1471 956 1499 978 et
1521 958 1608 985 pugna
1632 951 1765 985 prmconis

972 1005 1038 1025 voce
1046 998 1217 1030 annuntiata,
1229 997 1274 1025 ille
1283 998 1309 1025 in
1321 998 1438 1024 medium
1449 998 1631 1033 progreditur,
1641 997 1764 1024 certandi

971 1043 1077 1078 avidus,
1096 1044 1130 1072 de
1144 1044 1257 1072 victoria
1276 1048 1381 1077 certus.
1402 1044 1458 1071 suis
1470 1044 1574 1071 viribus
1588 1044 1615 1071 in
1631 1043 1764 1077 ejusmodi

971 1098 1119 1125 congressu
1134 1091 1248 1118 nimium
1264 1096 1395 1126 quantum
1410 1090 1541 1118 conlisus.
1556 1091 1592 1117 At
1606 1089 1650 1117 ubi
1667 1091 1763 1117 adrer-

970 1135 1071 1162 sarium
1082 1142 1162 1170 quem
1175 1142 1228 1162 non
1239 1139 1392 1169 putaverat,
1404 1139 1578 1169 apparentem
1590 1139 1762 1162 etarrectuut

970 1187 997 1210 et
1012 1182 1082 1209 hosti
1092 1181 1200 1209 obviam
1213 1185 1323 1209 euntem
1339 1181 1481 1216 conspicit,
1498 1184 1561 1207 tunc
1571 1180 1683 1212 rationi,
1695 1180 1764 1207 dicit

969 1227 1095 1262 quamvis
1117 1231 1196 1256 antea
1214 1227 1394 1262 persuaseris,
1410 1234 1463 1254 non
1479 1226 1594 1259 amplius
1609 1226 1762 1261 persuade-

971 1273 1027 1306 bis;
1045 1273 1107 1301 nolo
1122 1273 1195 1300 enim
1216 1273 1286 1308 turpi
1302 1281 1366 1302 casu
1388 1273 1508 1306 conteri,
1524 1273 1571 1300 sed
1589 1272 1680 1307 potius
1698 1279 1759 1299 cum

969 1318 1148 1353 prudentibus
1173 1319 1396 1354 sapientihusque
1412 1319 1482 1346 viris
1494 1318 1636 1346 consilium
1651 1319 1719 1346 inire
1733 1323 1762 1346 et

969 1364 1002 1391 ad
1019 1363 1136 1392 cilicium
1149 1365 1261 1392 reveni.
1289 1365 1335 1392 Sic
1352 1364 1443 1392 multis
1462 1365 1489 1392 in
1506 1365 1588 1392 rebus
1613 1364 1694 1392 homo
1708 1364 1759 1392 sibi

969 1411 1088 1440 conlisus
1104 1412 1145 1438 vel
1157 1411 1190 1439 ad
1200 1412 1300 1439 malum
1314 1412 1463 1446 propendet
1477 1415 1504 1438 et
1516 1411 1673 1439 stimulatur
1689 1411 1759 1438 adeo

970 1462 998 1484 ut
1014 1457 1048 1485 ad
1068 1464 1137 1493 opus
1163 1457 1372 1493 aggrediendum
1398 1461 1510 1492 paratus
1530 1457 1586 1490 sit;
1612 1457 1659 1484 sed
1673 1457 1761 1492 pinni-

969 1504 1054 1531 tentia
1073 1507 1216 1539 correptus
1240 1503 1347 1531 desistit
1360 1503 1394 1530 ab
1407 1503 1453 1530 illo
1466 1503 1492 1530 in
1508 1503 1579 1536 quod
1595 1507 1675 1530 antea
1696 1510 1760 1537 pro-

928 1533 948 1562 C
966 1550 1043 1577 clivis
1050 1550 1139 1578 exstiti
1145 1533 1198 1583 [ζει
1208 1550 1279 1585 quod
1288 1557 1340 1577 non
1351 1549 1503 1584 perrexerit
1511 1549 1622 1584 gaudet,
1629 1553 1657 1576 et
1663 1556 1760 1584 qnam-

966 1597 1007 1623 vis
1034 1601 1112 1623 antea
1139 1597 1254 1624 cesserit
1277 1595 1411 1630 ejusmodi
1441 1596 1567 1627 consilio,
1591 1599 1681 1623 tamen
1704 1603 1759 1622 non

965 1642 1082 1676 atnplins
1096 1642 1178 1674 cedit,
1194 1640 1278 1669 veluti
1298 1641 1319 1669 si
1340 1641 1401 1677 quis
1419 1641 1454 1669 de
1472 1641 1623 1676 praecipitio
1639 1648 1699 1668 sese
1713 1641 1759 1668 de-

963 1688 1098 1723 jeclurus,
1108 1692 1201 1723 postea
1213 1692 1315 1715 mutata
1328 1693 1418 1714 tuente
1429 1687 1576 1715 revertitur
1589 1691 1616 1714 et
1630 1686 1758 1721 insipien-

966 1733 1029 1760 tiam
1043 1733 1068 1759 in
1084 1733 1243 1768 sapientiam
1255 1737 1401 1768 permutat.

1000 1779 1045 1806 72.
1062 1778 1101 1806 lto
1118 1778 1200 1813 igitur
1213 1780 1238 1806 in
1254 1779 1327 1806 omni
1341 1787 1369 1806 re
1380 1779 1461 1806 simili
1478 1778 1537 1806 ﬁeri
1565 1779 1654 1806 decet.
1669 1778 1755 1806 Nimi—

965 1832 1024 1852 rum
1039 1825 1062 1852 si
1079 1825 1223 1853 consilium
1231 1825 1365 1860 cepimus,
1379 1825 1420 1852 vel
1434 1832 1468 1851 ex
1482 1825 1560 1852 nobis
1575 1824 1642 1860 ipsis
1656 1825 1756 1860 impru-

965 1870 1100 1903 dentibus,
1118 1871 1161 1898 vel
1180 1875 1346 1905 praeceptum
1362 1870 1509 1902 malignum
1532 1874 1690 1905 sequentes,
1714 1870 1755 1897 vel

965 1916 1080 1951 denique
1099 1916 1213 1944 dmmoni
1230 1916 1362 1943 malorum
1379 1916 1494 1951 principi
1521 1917 1753 1951 obtemperantes,

965 1966 992 1988 et
1004 1962 1036 1988 ad
1048 1968 1118 1996 opus
1143 1961 1324 1996 improbitatis
1345 1961 1453 1989 macula
1481 1969 1620 1996 aspersum
1636 1962 1755 1996 accingi-

964 2015 1036 2040 mur,
1053 2011 1108 2034 tttm
1129 2012 1254 2042 reputare
1270 2007 1412 2040 debemus,
1422 2014 1483 2035 esse
1495 2007 1614 2041 aliquem
1629 2008 1753 2041 superio-

965 2061 1034 2086 rem,
1056 2053 1105 2080 etsi
1123 2059 1175 2080 non
1195 2053 1330 2080 hominem
1359 2057 1387 2080 at
1413 2053 1509 2080 saltent
1532 2053 1628 2085 Deum,
1646 2054 1701 2087 qui,
1714 2053 1753 2080 uti

964 2099 1096 2127 bonorum
1121 2099 1194 2132 fons,
1225 2100 1395 2135 improbitati
1411 2099 1582 2134 adversatur,
1607 2100 1671 2128 etsi
1687 2101 1753 2135 quid

965 2146 1098 2181 ejusmodi
1118 2147 1319 2179 admiserimus,
1336 2148 1442 2175 ulturus
1450 2152 1501 2174 est.
1516 2146 1575 2182 Ipse
1595 2148 1667 2175 enim
1681 2148 1752 2183 leges

127 2201 206 2224 σεως.
227 2192 346 2223 Ἐκεῖνος
357 2191 411 2226 γὰρ
425 2191 471 2217 καὶ
484 2190 635 2226 νομοθέτης
656 2190 826 2225 ἀγαθότητος
840 2190 912 2217 ἁπά-

971 2194 1079 2228 )ptimas
1096 2193 1173 2226 tulit;
1190 2193 1276 2228 ipsius
1292 2199 1334 2221 est
1349 2194 1466 2221 mundus
1480 2194 1635 2227 universus,
1664 2195 1752 2229 ipsius

126 2247 175 2274 σης
186 2247 194 2254 ·
210 2238 258 2265 καὶ
282 2236 366 2264 αὑτοῦ
387 2237 472 2270 ἔστιν,
499 2236 596 2272 ὥσπερ
616 2236 631 2263 ὁ
649 2236 764 2271 κόσμος,
777 2235 849 2262 οὓτω
865 2236 912 2262 καὶ

125 2286 195 2316 ἄπας
209 2284 322 2318 κόσμιος
338 2283 502 2319 ἡγούμενος,
517 2284 566 2311 καὶ
581 2283 663 2310 αὐτοῦ
677 2284 737 2310 ἔστι
751 2282 913 2318 παράγγελ-

126 2339 176 2365 μα,
209 2329 354 2357 πείθεσθαι
374 2330 422 2357 καὶ
451 2329 580 2357 ὑπείκειν
599 2329 656 2360 τοῖς
679 2329 857 2364 ἡγουμένοις,
887 2327 911 2354 οἳ

125 2375 231 2402 ἐκείνου
245 2374 314 2401 εισὶν
328 2374 510 2409 εἰκονίσματα
524 2374 572 2401 καὶ
586 2373 747 2409 ἰνδάλματα.
765 2373 810 2400 Διδ
833 2373 881 2400 καὶ
893 2373 911 2408 ἡ

125 2421 217 2448 αὐτῶν
231 2420 311 2456 ’ὕϐρις
326 2421 373 2447 καὶ
386 2420 473 2456 βλάϐη
485 2420 533 2447 καὶ
550 2421 567 2456 ἡ
580 2420 642 2447 κατ’
655 2420 744 2446 αὐτῶν
756 2419 850 2447 ἀδικία
863 2418 912 2445 καὶ

125 2467 273 2502 περιεργία
290 2466 338 2493 καὶ
352 2466 554 2502 περιφρόνησις
579 2467 618 2498 sl;
632 2467 738 2493 ἐκεῖνον
753 2466 912 2492 ἁναὸαίνειν

125 2511 346 2546 διαγινώσκεται,
371 2511 419 2538 τὸν
442 2511 575 2547 μισοῦντα
601 2511 653 2547 μὲν
665 2511 712 2538 καὶ
724 2511 798 2538 ἅπαν
814 2511 910 2543 κακόν,

125 2557 174 2593 οὐχ
185 2557 289 2592 ἥκιστα
299 2557 327 2584 δὲ
337 2557 388 2592 τὴν
402 2557 464 2584 κατ’
481 2557 549 2584 αὐτὸ
565 2558 711 2593 ἐπιμονήν.

159 2606 209 2637 of.
225 2602 263 2630 Οὐ
287 2603 342 2638 γὰρ
363 2602 439 2630 ἐστιν
463 2602 614 2636 ἀντειπεῖν,
640 2604 677 2638 μὴ
699 2603 912 2638 ἐπιμονήντινα

125 2650 266 2685 χειρίστην
281 2649 329 2676 καὶ
344 2649 376 2675 τὸ
391 2649 496 2684 πεῖσμα
511 2647 579 2676 εἶναι
596 2649 628 2675 τὸ
643 2649 746 2684 φαῦλον
757 2669 764 2682 ,
785 2649 834 2675 καὶ
848 2648 911 2675 ἰδιό-

124 2701 195 2728 τητα
209 2693 311 2730 ζωῖκὴν
324 2693 554 2725 δυσαπάλειπτον,
565 2693 700 2730 πολλαχοῦ
710 2694 738 2720 δὲ
752 2695 800 2720 καὶ
813 2693 911 2725 ἀνεξά-

123 2738 245 2767 λειπτον.
257 2739 330 2775 Πλὴν
346 2739 416 2766 ἀλλὰ
428 2741 457 2766 ὲν
469 2739 628 2776 ἀνθρώποις
642 2740 766 2776 λογίμοις
787 2740 836 2767 καὶ
849 2741 911 2766 ἑπι-

125 2786 273 2820 σταμένοις
305 2785 501 2812 ὖποκλίνεοθαι
533 2786 606 2821 λόγῳ
644 2787 692 2813 καὶ
720 2785 911 2813 ἑπιπείθεσοαι

124 2832 175 2860 οὐκ
201 2831 260 2860 ἔστι
278 2833 319 2867 μὴ
335 2831 536 2869 ὲξαλιίφεσθαιξ
547 2833 594 2860 καὶ
627 2833 677 2868 τὴν
707 2833 837 2868 τοιαύτῆν
860 2833 910 2859 οὐκ

963 2246 1057 2266 omnes
1074 2239 1165 2267 mundi
1178 2240 1334 2274 principes;
1355 2239 1412 2274 ipse
1429 2240 1569 2275 praecepit,
1594 2244 1623 2268 ut
1639 2241 1752 2268 obedia-

962 2292 1024 2312 mus
1040 2290 1067 2313 et
1088 2293 1191 2313 morem
1210 2293 1339 2321 geramus
1360 2287 1548 2321 superioribus
1577 2287 1623 2322 qui
1649 2286 1751 2322 efﬁgies

962 2330 1022 2366 ejus
1037 2334 1101 2359 sunt
1115 2338 1147 2359 ac
1162 2331 1319 2360 simulacra.
1351 2332 1420 2360 Hinc
1435 2337 1558 2368 apparet,
1576 2341 1671 2361 eorum
1683 2340 1751 2361 con-

964 2378 1115 2412 tumeliam,
1123 2379 1312 2412 oﬂ‘ensionem,
1321 2379 1460 2413 injuriam,
1470 2383 1654 2414 contemptum
1663 2379 1753 2407 redire

963 2428 996 2455 ad
1023 2425 1112 2461 illum,
1140 2428 1187 2461 qui
1210 2430 1239 2454 et
1255 2433 1364 2454 omnem
1393 2425 1536 2460 malitiam,
1562 2431 1590 2454 et
1613 2426 1641 2453 in
1656 2425 1752 2461 primis

962 2473 1195 2508 perseverantiam
1212 2473 1239 2500 in
1251 2479 1283 2500 ea
1297 2471 1360 2500 odio
1376 2471 1467 2499 habet.

998 2601 1042 2628 '13.
1057 2601 1131 2629 Inter
1155 2607 1250 2628 omnes
1268 2600 1340 2627 enim
1361 2603 1478 2632 constat,
1492 2599 1618 2628 ﬁduciam
1641 2607 1750 2636 perver-

962 2656 1020 2676 sam
1035 2655 1097 2675 esse
1111 2647 1238 2682 pessimis
1255 2647 1408 2681 quibusque
1430 2647 1645 2681 aceensendam,
1663 2648 1744 2682 siqui-

963 2697 1023 2723 dem
1046 2693 1154 2722 aﬂectio
1167 2697 1210 2721 est
1228 2694 1323 2726 animi,
1336 2700 1396 2728 quae
1411 2693 1522 2721 nonnisi
1539 2693 1691 2725 dimculter.
1705 2694 1750 2721 in-

963 2741 1069 2769 terdum
1095 2745 1185 2768 autem
1203 2740 1279 2769 nullo
1299 2741 1380 2768 modo
1394 2741 1527 2776 supprimi
1543 2744 1643 2774 potest.
1663 2739 1750 2767 Ganeo

963 2794 1021 2813 rnm
1039 2786 1164 2813 homines
1178 2785 1294 2814 solertes
1309 2785 1461 2821 rationique
1470 2785 1580 2812 obedire
1599 2789 1626 2811 et
1638 2784 1749 2818 obsequ;

962 2832 1080 2860 scientes
1093 2830 1169 2859 illam
1181 2831 1280 2859 malam
1292 2831 1462 2859 aﬂectionem
1480 2830 1539 2858 sine
1554 2830 1637 2858 dubio
1649 2836 1749 2857 eluere
