1960 3074
215 117 269 150 347

564 115 778 148 EUSTATHII
796 113 1019 146 THESSALON
1025 113 1175 144 ICENSIS
1188 111 1472 143 METROPOLITB

1781 113 1832 146 338

217 167 355 199 possunt:
378 170 465 198 neque
483 162 556 190 enim
574 171 589 190 a
606 167 702 190 natttra
720 163 760 189 eis
784 162 868 189 indita
882 166 938 193 est,
955 161 1003 188 aed

1059 160 1163 196 ἀγαθὴν
1180 159 1310 195 ἰδιότητα,
1323 159 1364 186 ὅτι
1380 160 1448 194 μηδὲ
1469 159 1501 185 ἐκ
1524 158 1631 192 φύσεως
1646 158 1737 191 αὐτοῖς
1753 160 1832 192 αὺξὰ-

216 217 266 245 per
278 208 376 236 malam
391 209 542 236 doctrinam
557 211 584 235 et
593 207 814 235 consuetudinem
832 207 999 234 incrementa

216 255 289 290 capit
305 260 333 282 et
354 254 503 286 stabiliter,
521 253 563 281 vel
583 254 684 288 potius,
711 258 739 280 ut
766 252 937 280 manifestius
960 252 1001 278 lo-

216 306 296 332 quar,
314 306 361 332 per
377 298 565 326 conﬁdentiam
586 304 742 332 perversam
758 305 817 332 quae
838 302 865 324 et
880 297 938 332 ipsa
951 298 1001 324 du-

215 344 277 379 plex
295 349 346 372 est.
372 344 476 370 Etenim
492 348 538 370 aut
555 350 570 369 a
588 343 736 377 semetipso
751 343 812 378 quis
833 343 913 370 talem
929 351 1000 369 nan-

216 389 330 417 ciscitur
353 387 554 420 conﬁdentiam,
583 387 646 415 dum
671 387 775 414 scilicet
806 395 904 420 magno
936 395 998 415 cum

216 434 309 461 labore
328 441 388 461 sese
405 434 493 461 erudit
517 433 680 468 instruitque
700 438 728 460 et
742 433 782 461 sic
806 433 877 460 male
901 433 1000 460 ﬁducia

215 479 353 513 impletur,
382 482 429 506 aut
458 478 566 505 aliunde
592 478 723 512 principia
753 481 846 510 sumit,
874 480 1000 514 malaque

215 524 390 558 persuasione
402 524 531 551 seductus
545 524 736 551 consuetudini
752 532 832 559 quain
846 525 927 551 senth
940 533 997 551 am-

160 605 162 607 _
215 571 309 604 plexus
326 574 378 602 est,
399 570 574 605 pertinaciter
589 569 753 596 inlmrescit.
771 569 828 596 Nisi
848 570 921 596 enim
937 571 1000 604 quis

214 616 301 643 nimio
317 615 356 643 rei
373 615 490 650 alicujus
509 623 602 643 amore
623 619 757 646 teneatur,
774 614 819 642 vix
836 615 860 642 ei
885 615 1000 641 inbuere-

214 662 265 695 bit,
281 661 328 689 sed
344 662 435 696 potius
452 661 531 688 facile
553 668 586 688 ea
603 660 696 688 relicta
713 660 746 687 ad
761 660 840 687 aliaat
861 659 997 686 transibit.

214 707 263 735 Illa
280 708 361 742 igitur
375 707 458 734 anitni
475 706 583 734 aﬁ‘ectio
593 714 646 734 non
661 707 694 733 ad
709 707 845 733 hominem
861 706 997 741 vulgarem

215 754 346 788 pertinet,
370 754 417 780 sed
435 753 581 780 ascititiutn
605 752 749 779 manifesto
761 743 824 786 quid
841 757 882 779 est
899 757 925 779 et
952 760 998 786 per

215 800 370 828 doctrinam
396 799 635 834 snperinductum,
663 799 796 833 siquidem
823 799 864 826 vel
888 800 922 826 ab
946 799 999 825 alio

215 846 344 881 quopiam
361 845 388 872 itt
404 845 449 872 illa
465 845 535 872 mala
549 844 691 873 all'ectione
707 845 884 873 conﬁrmatus
895 850 947 877 est,
961 845 1002 872 vel

215 899 275 919 eam
289 898 338 919 sua
351 895 448 925 sponte
462 890 581 923 admisit,
600 890 680 924 eique
697 890 893 918 contumaciter
906 891 1001 918 addic-

216 943 261 965 tus
285 937 312 964 in
339 937 397 965 dies
421 936 568 964 ardentiori
594 938 686 963 studio
712 937 843 968 incubuit,
866 945 918 964 non
936 937 997 965 sine

1052 215 1128 234 νεται
1139 206 1170 233 τὸ
1184 207 1315 239 τοιοῦτον,
1335 205 1404 233 ἀλλὰ
1417 206 1462 233 διὰ
1473 206 1523 232 οὐκ
1541 204 1718 232 εὐπαιδεύτου
1733 205 1834 232 συνεθι-

1053 253 1125 288 σμοῦ
1135 254 1182 280 καὶ
1195 253 1292 287 φύεται
1302 253 1349 280 καὶ
1357 252 1514 288 capsum,
1524 251 1691 286 σαφέστερον
1699 251 1727 277 δὲ
1738 253 1831 284 εἰπεῖν,

1052 299 1097 326 διὰ
1120 299 1227 334 φαύλης
1245 296 1366 330 πειθοῦς,
1401 297 1499 332 διπλῆς
1523 297 1571 324 καὶ
1590 296 1702 331 ταύτης.
1735 296 1769 322 Ἢ
1781 297 1832 330 γὰρ

1051 344 1159 371 οἰκοοεν
1173 343 1297 371 πείθεται
1307 352 1362 376 τις,
1375 343 1513 378 μοχθηρὸν
1529 342 1610 373 αὐτὸς
1625 341 1719 367 ἑαυτὸν
1728 341 1832 374 διδάξας

1051 389 1100 416 καὶ
1111 390 1259 421 παιδεύσας
1271 389 1318 416 καὶ
1330 390 1433 424 στήσας
1449 387 1632 422 πεισματικὸν
1645 386 1738 417 κακῶς
1754 384 1833 416 εἶναι.

1052 436 1069 472 ἢ
1087 435 1222 470 ἑτέρωθεν
1248 434 1415 470 παραλαχὼν
1428 434 1527 469 ἀρχὰς,
1543 433 1591 459 καὶ
1607 433 1777 467 ndica/Matr.
1802 433 1834 467 τῇ

1051 481 1157 508 ἐκεῖθεν
1186 480 1399 516 παρελκοσθεὶς,
1427 480 1475 507 καὶ
1497 479 1568 506 οὕτω
1586 478 1726 512 διαμείνας
1754 478 1834 508 κακὸς

1051 527 1184 562 ἐπιμονῆς
1201 526 1283 561 λόγῳ,
1299 526 1430 560 φιλτάτης
1445 525 1528 560 αὐτῷ.
1545 525 1583 552 Οὐ
1600 526 1654 559 γὰρ
1669 525 1700 551 ἄν
1723 532 1777 556 τις,
1798 524 1834 558 μὴ

1051 571 1207 607 ὑπερφιλῶν
1219 572 1345 608 πρᾶγμα,
1356 573 1508 606 παραμενεῖ
1518 572 1546 602 ὲς
1558 571 1634 598 αὑτό*
1645 570 1712 596 ἀλλὰ
1719 569 1785 604 ταχὺ
1794 569 1837 595 ὲκ-

1051 618 1175 652 πηδήσας
1181 617 1415 653 ἁπαλλαγήσεσαι.
1422 617 1459 644 Ού
1468 617 1556 644 τοίνυν
1566 616 1663 643 ίδιότου
1671 614 1720 651 [αί.
1729 613 1837 649 ἰδιότηςι

1053 663 1199 698 ἀνθρώπου
1216 663 1247 690 τδ
1263 663 1384 690 τοιοῦτον
1399 662 1484 694 πάθος
1504 663 1589 693 ὲστῖν,
1610 661 1678 688 ἀλλὰ
1696 661 1836 693 ἐπίκτητον

1052 707 1122 736 εἶναι
1141 710 1187 736 καὶ
1201 710 1323 736 διδακτὸν
1339 709 1482 743 ἔγνωσται,
1506 709 1564 744 ἦτοι
1590 708 1746 738 πεισθέντος
1768 707 1836 737 τινός

1053 756 1135 782 ποθεν
1147 755 1255 787 ἔξωθεν,
1267 755 1283 789 ἢ
1297 754 1459 789 αύτομαοῶς
1473 753 1604 784 παθόντος
1613 753 1661 787 τὴν
1674 752 1782 782 κακίαν,
1793 750 1838 776 καὶ

1056 801 1183 835 μένοντος
1208 799 1342 833 τοιούτου,
1370 800 1417 826 καὶ
1452 798 1638 833 ὲπαυξομένου
1660 799 1707 824 καὶ
1719 805 1838 831 στερεου-

1057 847 1138 880 μένου
1157 847 1196 879 είς
1211 846 1334 882 διηνεκὲς
1352 845 1478 879 δαιμονίᾳ
1494 844 1696 879 συναντιλήψει,
1713 843 1758 869 καὶ
1774 842 1840 869 κατὰ

1055 892 1116 924 ἔθος
1133 893 1173 924 εἰς
1186 892 1316 927 δευτέραν
1342 890 1398 919 οἷον
1426 891 1508 926 φύσιν
1531 890 1703 925 ἀποδεὸηκδς
1729 897 1839 924 γεγε-ιη-

1052 939 1133 973 μένου
1150 939 1345 974 πεισματικοῦ.

216 984 279 1012 mali
294 984 364 1020 genii
384 985 496 1017 auxilio,
510 989 537 1011 et
553 984 602 1015 sic,
622 984 746 1018 improba
780 985 976 1012 consuetudine
1014 985 1040 1012 in
1066 986 1180 1014 alteram
1211 986 1291 1014 Vcluti
1320 992 1443 1014 naturam
1476 990 1653 1017 transeunte,
1682 984 1840 1012 conﬁdentia

218 1033 289 1061 male
305 1033 411 1060 inﬂatus
427 1036 479 1060 est.

250 1077 297 1106 74.
327 1077 374 1105 Est
392 1083 484 1105 autem
503 1077 600 1105 ﬁducia
625 1078 738 1105 omnino
764 1078 847 1106 animi
872 1085 999 1113 perseve-

1086 1080 1132 1108 ηδ’.
1150 1079 1205 1107 Καὶ
1221 1079 1280 1105 ἔστι
1293 1078 1324 1105 τδ
1338 1080 1442 1113 πεῖσμα
1451 1079 1482 1106 ὲν
1496 1077 1534 1114 τῷ
1549 1077 1666 1105 καθόλου
1683 1077 1765 1112 ἤθους
1779 1077 1839 1103 sm.-

216 1125 305 1152 rantia
318 1132 333 1151 a
347 1124 416 1151 mala
432 1124 595 1152 conﬁdentia
612 1125 744 1160 originem
759 1129 848 1156 nacta,
861 1131 887 1152 et
904 1125 1005 1159 perdu—

215 1172 286 1200 ratio
303 1171 380 1198 ﬁrma
398 1175 426 1198 et
445 1175 584 1202 constans,
609 1171 635 1197 id
659 1175 700 1198 est
722 1170 910 1199 immutabilis.
939 1171 1007 1198 Pro-

215 1223 308 1254 pterea
333 1218 415 1245 homo
432 1218 474 1244 sic
488 1216 602 1244 aﬂ'ectus
616 1217 678 1251 jure
695 1217 848 1252 meritoque
861 1217 1008 1252 appellabi-

217 1268 262 1291 tur
276 1267 357 1290 tenax
380 1262 510 1297 propositi
526 1267 554 1290 et
573 1269 751 1296 perseverans
766 1266 793 1289 et
816 1262 1004 1297 inexorabilis,

217 1317 272 1337 non
299 1313 354 1336 tam
383 1309 532 1337 secundutn
563 1313 688 1336 naturam
722 1309 891 1344 simpliciter,
923 1317 1004 1344 quam

217 1355 368 1383 secundum
387 1355 524 1390 propriam
540 1354 708 1381 voluntatem
734 1354 870 1388 animique
888 1361 1005 1388 propen-

217 1402 334 1432 sionem.
360 1401 439 1435 cujus
464 1405 623 1435 potestatem
643 1400 703 1434 ipse
727 1400 818 1428 habet.
845 1400 904 1428 Etsi
931 1401 1001 1427 enim

219 1451 322 1473 natura:
346 1445 450 1473 indoles
475 1445 573 1472 tnulari
600 1446 701 1479 nequit,
717 1450 836 1473 attamen
861 1453 920 1480 qua:
943 1450 1005 1480 post

219 1495 345 1518 naturam
361 1495 434 1522 sunt,
456 1490 646 1522 immutantur,
659 1494 688 1517 et
706 1490 840 1524 imprimis
855 1490 932 1518 dotes
953 1490 1005 1516 ltu-

219 1543 308 1563 manae
329 1535 440 1570 proprie
459 1535 539 1562 dictae
561 1535 665 1562 facilius
683 1535 782 1561 mutari
801 1539 914 1568 queunt,
935 1543 1005 1568 pra:-

219 1582 317 1608 sertim
339 1580 383 1608 ubi
409 1581 442 1607 ad
460 1581 587 1607 virtutum
605 1585 732 1615 vergunt,
750 1587 830 1614 quam
861 1579 933 1607 Deus
949 1580 1006 1613 ipse

219 1626 342 1661 adjuvat,
355 1626 388 1653 ab
403 1626 577 1660 improbitate
589 1633 641 1653 nos
652 1627 800 1658 abduccns,
829 1625 867 1652 uti
879 1626 960 1652 etiam
977 1625 1006 1652 in

219 1672 317 1699 ﬁducia
335 1675 457 1705 apparet.

256 1717 300 1744 75.
320 1717 348 1744 Si
363 1718 435 1744 enim
455 1718 505 1744 hoc
518 1717 590 1752 quod
605 1717 713 1746 videtur
729 1723 756 1745 et
779 1718 851 1753 quod
865 1717 1003 1745 hominem

220 1763 253 1790 ad
267 1763 402 1798 agendum
417 1762 531 1798 impellit
545 1771 578 1790 ac
606 1764 763 1798 persuadet,
780 1769 884 1790 natura:
905 1763 1005 1790 huma-

221 1817 263 1836 na:
282 1809 451 1837 contrarimn
477 1814 521 1836 est
541 1807 667 1843 ﬂectique
695 1810 831 1842 nescium,
846 1810 900 1836 imo
930 1809 1009 1836 nimi-

221 1863 266 1883 um
289 1860 421 1890 quantum
450 1854 572 1882 indurat.
601 1855 674 1882 Talis
701 1855 816 1882 allectus
831 1863 885 1882 non
899 1860 941 1882 est
956 1855 1009 1882 nisi

221 1909 328 1928 tnerutn
353 1900 498 1928 arbitrium
523 1904 551 1928 et
562 1901 674 1929 habitus
700 1901 850 1935 singularis
867 1908 928 1928 cum
948 1901 1008 1935 qui.

221 1947 307 1975 veluti
327 1947 447 1982 sapiens,
472 1952 548 1975 tanta
578 1955 641 1975 cum
658 1947 808 1982 pertinacia
825 1947 850 1974 in
866 1947 937 1974 malo
950 1954 1011 1981 per-

219 1995 302 2028 sistit,
341 1994 534 2022 ostentationis
583 1994 689 2022 macula
727 2001 887 2028 aspergens.
924 1992 1011 2020 Porro

219 2040 355 2074 ejusmodi
369 2040 483 2068 allectus
497 2040 525 2067 in
537 2040 736 2075 singularitatis
751 2040 884 2072 studium,
901 2047 1009 2071 vanam,

220 2087 431 2114 ostentationem
453 2086 664 2120 superbiamque
676 2087 832 2120 degenerat.
859 2085 919 2112 Jatn
946 2093 1011 2113 vero

225 2136 353 2166 reputare
379 2131 522 2163 debemus,
539 2131 682 2158 Dominum
709 2132 756 2166 qui
788 2131 913 2165 superbis
943 2130 1012 2158 resi-

225 2179 286 2209 stit,
299 2184 471 2212 nequaquam
487 2176 579 2202 favere
593 2176 639 2202 tali
658 2175 726 2204 velle
738 2176 909 2203 conﬁdentia:
923 2184 938 2202 a
957 2183 1010 2210 qua

222 2222 331 2251 Luciier
345 2229 461 2249 exorsus
474 2227 526 2253 est,
552 2225 645 2256 utpote
658 2221 717 2256 qui,
731 2221 860 2255 superbia
884 2229 917 2248 ac
932 2221 1010 2248 Vani-

222 2274 279 2297 tate
305 2268 445 2300 seductus,
463 2274 525 2294 cum
546 2267 599 2294 alia
620 2275 716 2303 magna
730 2267 850 2300 efﬁcere,
864 2272 920 2294 tum
933 2267 1011 2295 thro-

221 2322 288 2343 num
307 2321 387 2341 suum
408 2313 435 2341 in
451 2313 570 2341 nubibus
587 2314 720 2342 collocare
742 2318 769 2342 et
786 2313 826 2343 sic
847 2314 902 2342 Deo
913 2313 1010 2342 similis

221 2361 279 2388 ﬁeri
300 2360 424 2395 iactavit.

257 2406 299 2435 76.
321 2406 373 2440 Qui
396 2414 458 2434 cum
492 2406 540 2434 tali
568 2406 670 2434 ﬁducia
699 2406 874 2440 inniteretur,
901 2410 1009 2434 veteres

221 2453 282 2488 ejus
310 2453 432 2486 assecla,
470 2455 625 2488 exemplum
652 2453 725 2481 illius
754 2454 852 2484 secuti.
878 2452 922 2480 vix
954 2452 1008 2479 dici

1056 1127 1124 1162 μονὴ
1134 1127 1177 1153 διὰ
1194 1125 1410 1161 προῦπαρξάτης
1429 1125 1535 1160 φαύλης
1549 1124 1673 1156 πειθοῦς,
1690 1124 1735 1150 καὶ
1747 1124 1840 1149 ἐνστα-

1056 1184 1099 1207 σις
1116 1175 1214 1209 ἀτενὴς
1226 1175 1273 1200 καὶ
1288 1173 1471 1208 ἁμετάὃατος,
1482 1173 1582 1200 ταντὺν
1595 1172 1617 1198 δ’
1629 1172 1732 1203 εἰπεῖν,
1744 1170 1841 1204 ἀμετά-

1056 1221 1133 1253 θετος
1145 1229 1152 1236 ·
1172 1221 1212 1247 διὸ
1227 1221 1274 1247 καὶ
1296 1219 1509 1255 ἰσχυρογνώμων
1527 1218 1627 1252 λέγοιτ’
1640 1218 1675 1245 ἂν
1689 1216 1808 1252 ἀκριϐῶς
1828 1217 1841 1241 ό

1054 1267 1134 1294 τοῦτο
1149 1268 1262 1302 πάσχων
1275 1265 1432 1302 ἄνθρωπος,
1445 1265 1492 1292 καὶ
1500 1265 1634 1300 ἑνστάτης
1647 1263 1840 1298 ἀπαραίτητος,

1055 1313 1086 1340 ού
1102 1313 1194 1347 μέντοι
1212 1312 1284 1339 κατὰ
1299 1312 1382 1345 φύσιν
1397 1311 1523 1344 ἀκράτως
1548 1310 1594 1336 καὶ
1608 1310 1777 1344 καταμόνας,
1803 1309 1840 1338 ὡς

1055 1358 1143 1389 οὕτως
1153 1359 1254 1390 εἰπεῖν,
1267 1357 1336 1384 ἀλλὰ
1353 1357 1422 1383 κατὰ
1434 1358 1533 1383 οἰκεῖον
1546 1356 1651 1390 Θέλημα
1667 1355 1714 1382 καὶ
1726 1353 1842 1389 ψυχικὴν

1057 1404 1157 1438 ὁρμὴν,
1176 1401 1210 1439 ἧς
1231 1403 1312 1434 αὐτός
1332 1403 1390 1429 ἐστι
1409 1402 1515 1437 κύριος.
1546 1401 1578 1428 El
1595 1402 1648 1436 γὰρ
1670 1401 1762 1427 καὶτὸ
1775 1399 1842 1426 κατὰ

1058 1449 1141 1484 φύσιν
1165 1448 1332 1483 μεταθέσθαι
1344 1448 1394 1475 οὐκ
1423 1447 1509 1481 ἐστιν,
1536 1447 1604 1474 ἀλλὰ
1620 1447 1655 1473 τὰ
1670 1446 1740 1481 μετὰ
1755 1445 1842 1480 φύσιν,

1059 1495 1105 1521 καὶ
1116 1494 1235 1529 μάλιστά
1248 1502 1277 1519 τε
1289 1496 1323 1520 τὰ
1338 1494 1399 1520 κατ’
1421 1493 1566 1529 ἄνθρωπον
1582 1493 1646 1528 ῥᾷον
1668 1492 1780 1518 δύναται
1796 1499 1841 1525 με-

1059 1538 1228 1571 satiesue“,
1246 1539 1294 1564 καὶ
1315 1538 1466 1573 ὲπιμᾶλλον
1492 1538 1527 1565 τὰ
1540 1539 1580 1568 εἰς
1599 1537 1702 1573 ἀρετὴν
1718 1537 1841 1572 ῥέποντα,

1058 1583 1092 1622 ἧς
1107 1585 1176 1621 πρὸς
1205 1585 1353 1620 ὲξόρθωσιν
1369 1585 1452 1617 αὐτὸς
1476 1585 1491 1611 ὁ
1512 1585 1579 1615 Θεὸς
1601 1583 1841 1619 ἀντιλαμϐάνεται,

1058 1632 1174 1666 ἀπάγων
1185 1632 1259 1666 ἡμᾶς
1272 1631 1321 1666 τῆς
1337 1632 1378 1663 εἰς
1394 1631 1424 1658 τδ
1437 1631 1558 1657 ἐναντίον
1569 1630 1699 1664 σπουδῆς,
1711 1629 1790 1655 ὁποία
1802 1635 1843 1659 τις

1058 1677 1106 1703 καὶ
1121 1677 1168 1704 ἐπὶ
1182 1677 1229 1703 τοῦ
1243 1678 1396 1711 πείσματος
1410 1677 1547 1712 φαίνεται.

1095 1723 1142 1750 oe'.
1161 1723 1193 1750 Et
1207 1723 1258 1758 μὲν
1273 1723 1328 1757 γὰρ
1343 1723 1372 1749 τὸ
1385 1723 1463 1755 δόξαν
1476 1723 1523 1749 καὶ
1542 1721 1720 1756 ὑποκινῆσειν
1733 1721 1779 1748 καὶ
1792 1728 1842 1746 πα-

1063 1768 1195 1802 ραπετσαν
1217 1768 1258 1799 είς
1289 1767 1390 1802 πρᾶξιν
1414 1767 1461 1792 τὸν
1486 1765 1630 1800 ἄνθρωπον
1660 1763 1843 1800 ἀπάνθρωπόν

1023 1829 1044 1858 c
1061 1815 1134 1845 ἐστι,
1145 1813 1193 1840 καὶ
1206 1814 1246 1844 εις
1261 1812 1337 1843 οὐδὲν
1357 1811 1495 1846 μαλθακὸν
1516 1811 1666 1844 ἐνδίδωσιν,
1679 1812 1747 1839 ἀλλὰ
1765 1811 1842 1845 σκλη-

1064 1860 1173 1894 ρύνεται
1198 1859 1239 1889 είς
1267 1858 1328 1885 ὅσον
1357 1858 1404 1884 καὶ
1430 1858 1511 1884 ὅσον
1537 1858 1673 1890 ίδιονομία
1696 1858 1804 1888 πάντως
1826 1856 1842 1890 ἡ

1063 1906 1176 1940 τοιαύτη
1190 1905 1264 1932 ἐστὶν
1276 1903 1365 1939 δρεξις
1379 1903 1426 1930 καὶ
1443 1903 1592 1938 αύτονομία
1607 1903 1656 1930 καὶ
1671 1904 1746 1934 ῡέσις
1758 1901 1843 1937 παρά·

1064 1952 1139 1985 δοξος
1154 1952 1200 1978 ἐπὶ
1219 1950 1400 1986 φανητιασμῷ
1421 1949 1468 1975 τοῦ
1491 1948 1638 1984 τηροῦντος
1659 1949 1762 1983 ταύτην
1778 1949 1843 1983 ἀμε-

1063 1997 1209 2024 ταπείστου
1222 1997 1272 2031 τὴν
1294 1996 1394 2023 κακίαν
1410 1996 1504 2030 σοφοῦ.
1519 1995 1657 2022 Τάσσεται
1671 1996 1700 2022 δὲ
1715 1995 1746 2022 τὸ
1758 1993 1842 2021 τοιοῦ-

1063 2051 1109 2070 τον
1124 2042 1209 2073 πάθος
1225 2042 1271 2069 καὶ
1289 2043 1329 2074 εἰς
1353 2040 1516 2076 ἰδιοτροπίαν
1535 2040 1583 2066 καὶ
1602 2040 1683 2073 δόξαν
1701 2040 1794 2074 κενὴν,
1805 2036 1844 2069 οἷς

1064 2087 1111 2115 καὶ
1124 2088 1153 2114 τὸ
1168 2087 1340 2121 ὑπερήφανον
1353 2085 1592 2120 συναναφαίνεται.
1609 2086 1667 2113 Καὶ
1681 2086 1781 2112 αὐτίκα
1791 2083 1842 2119 χρὴ

1063 2133 1135 2159 νοεῖν
1152 2133 1237 2168 ἡμᾶς,
1257 2133 1300 2158 ὃτι
1320 2132 1440 2162 ιναντίος
1457 2132 1471 2157 ὁ
1487 2132 1542 2163 τοῖς
1564 2131 1752 2166 ὑπερηφάνοις
1770 2131 1843 2157 ἀντι·

1063 2178 1231 2212 τασσόμενος
1247 2177 1339 2211 κύριος
1352 2177 1462 2212 ἔρχεται
1478 2176 1517 2211 τῷ
1530 2177 1644 2211 τοιούτῳ
1659 2178 1803 2211 πείσματι,
1814 2171 1843 2201 οὗ

1064 2222 1201 2257 κατῆρξεν
1223 2223 1238 2249 ό
1261 2221 1426 2256 Ἑωσφόρος,
1444 2221 1473 2253 ὃς
1490 2222 1706 2257 ύπερφαίνιισθαι
1731 2221 1843 2255 φιλονει-

1064 2268 1161 2303 κήσσς,
1182 2266 1302 2303 ἀλλαδτε
1325 2266 1398 2293 δεινὰ
1422 2267 1569 2302 ὲὸρόντησε
1586 2267 1716 2300 ποιῆσαι,
1730 2268 1777 2293 καὶ
1801 2265 1843 2291 τὸν

1063 2313 1145 2339 αὑτοῦ
1155 2313 1248 2347 θρόνον
1263 2312 1418 2347 ὲῳρυάξατο
1429 2314 1457 2339 ὲν
1473 2313 1598 2348 νεφέλαις
1611 2314 1790 2347 καταστῆσαι,
1799 2311 1843 2337 καὶ

1062 2357 1148 2388 οὕτως
1164 2358 1255 2392 ὅμοιος
1270 2358 1379 2385 ἔσεσθαι
1393 2359 1432 2393 τῷ
1446 2358 1517 2393 Θεῷ.

1098 2403 1151 2436 ος’.
1175 2404 1296 2430 Ἐκείνου
1310 2404 1337 2430 δὲ
1352 2404 1424 2430 οὕτω
1441 2404 1584 2435 πείσαντος
1601 2402 1843 2437 ἑαυτὸν,λα66ντες

1063 2449 1168 2476 ικεῖθεν
1189 2449 1275 2485 ἀρχὰς
1291 2450 1315 2476 oi
1339 2449 1455 2476 ἔκπαλαι
1478 2449 1678 2484 δαιμονιώδεις,
1697 2449 1749 2475 οὐκ
1772 2447 1842 2473 ἔστιν

222 2503 322 2534 potest,
347 2503 449 2534 quanto
465 2499 555 2527 studio
580 2507 643 2528 eum
670 2499 774 2527 imitari
805 2498 1005 2527 contenderim:

1062 2496 1161 2530 εἰπεῖν,
1179 2496 1266 2523 ὁπόσα
1286 2496 1354 2532 πρὸς
1378 2496 1493 2531 μίμησιν
1520 2495 1713 2531 ἐτεχνάσαντο,
1729 2495 1778 2528 τὴν
1796 2492 1843 2528 μὲν

220 2546 340 2574 divinam
365 2545 437 2572 enim
463 2546 608 2573 essentiam
621 2551 830 2580 postponentes,
861 2544 1009 2572 imbecillis

222 2596 305 2626 atque
320 2590 449 2618 obscuris
471 2591 541 2618 male
552 2598 613 2618 sese
637 2591 810 2619 tradiderunt
821 2590 950 2623 dominis,
966 2597 1012 2616 eo-

221 2648 274 2674 que
292 2638 391 2666 furoris
418 2645 506 2673 usque
529 2645 698 2673 processere,
725 2643 755 2666 ut
776 2638 895 2673 pessitna
924 2638 1010 2665 conti-

220 2685 314 2713 dentia
332 2685 402 2711 duce
428 2690 511 2718 qnam
529 2683 621 2710 nullus
640 2688 789 2718 praeceptor
805 2684 945 2718 corrigere
960 2691 1011 2718 po-

221 2735 302 2764 terat,
325 2731 447 2758 adinstar
478 2729 578 2757 diaboli
611 2729 726 2756 illudere
751 2729 808 2757 Deo
840 2729 1008 2756 viderentur.

221 2778 290 2806 Cum
308 2777 380 2804 enim
399 2775 495 2809 Deum,
521 2775 569 2810 qui
597 2780 640 2802 est
669 2775 834 2810 principium
868 2783 1006 2803 summum

222 2824 359 2859 simulque
373 2821 499 2858 principii
513 2829 612 2858 expers
628 2825 655 2850 et
672 2822 747 2848 omni
762 2821 896 2857 principio
912 2822 1006 2850 excel-

1060 2542 1152 2570 ἑνθεον
1167 2542 1303 2578 ὑπεροχὴν
1320 2543 1526 2577 παρωσάμενοι,
1541 2541 1665 2576 βεϐήλοις
1678 2541 1708 2568 δὲ
1721 2541 1770 2567 καὶ
1786 2538 1843 2566 ἀδο-

1061 2590 1153 2624 κίμοις
1175 2589 1322 2620 δεσπόταις
1349 2588 1470 2622 ἀγεννῶς
1500 2588 1696 2619 πιστεύσαντες
1720 2586 1841 2617 ἑαυτοὺς,

1061 2636 1108 2663 καὶ
1121 2637 1162 2667 είς
1174 2636 1252 2662 τόσον
1264 2635 1410 2665 ἐκστάντες
1426 2634 1532 2660 ἑαυτῶν
1543 2634 1589 2661 διὰ
1601 2635 1774 2668 φαυλοτάτης
1788 2640 1844 2658 πει-

1061 2681 1176 2715 σμονῆς,
1191 2677 1225 2716 ἧς
1247 2680 1298 2706 οὐκ
1318 2677 1375 2714 εῐχὲ
1390 2688 1432 2710 τις
1452 2679 1611 2710 διδάσκαλος
1633 2677 1843 2713 παραγίνεσθαι,

1062 2727 1099 2758 ὡς
1113 2727 1163 2753 καὶ
1172 2725 1390 2761 μυκτηρίζεσθαι
1401 2726 1450 2760 τῆς
1463 2726 1616 2760 μιμήσεως.
1628 2725 1695 2751 Θεθιν
1706 2725 1760 2758 γὰρ
1773 2724 1846 2750 ἀπει-

1061 2772 1189 2806 πάμενοι,
1200 2771 1248 2806 τὴν
1259 2772 1377 2806 ἄναρχον
1389 2773 1435 2798 καὶ
1444 2772 1609 2807 ὐπεράρχιον
1624 2771 1712 2806 ἀρχὴν
1724 2771 1773 2798 καὶ
1783 2778 1845 2796 παν-

1059 2818 1218 2853 τοδύναμον,
1233 2817 1370 2853 αἰλούροις
1399 2818 1538 2845 ἐπέδωκαν
1566 2818 1693 2849 ἑαυτοὺς,
1721 2818 1768 2844 καὶ
1793 2815 1846 2851 βοϊ-
