1960 3074
103 97 107 101 ”
137 86 190 122 349

442 94 490 124 DE
510 94 752 128 ΟΒΕΟΙΕΝΤΓᾹ
775 99 930 130 MAGIST]

984 101 1045 132 [‘Ul
1067 103 1115 133 CH
1122 103 1304 135 RlSTIANO
1325 105 1475 136 DEBITA.

1717 105 1770 137 350

133 146 200 178 δίοις
213 147 367 184 ἀπένειμαν
399 150 492 184 σέϐας,
508 153 557 179 καὶ
583 153 697 182 τοιαῦτα
723 156 784 182 τινὰ
811 156 924 191 ὲμωρα-

987 159 1087 192 eutius,
1114 165 1255 196 negarem,
1275 161 1372 188 felibus
1397 168 1459 188 sese
1483 160 1638 194 tradidere,
1663 167 1690 190 et
1707 168 1769 190 tau-

133 200 225 225 ναντο,
240 194 484 229 ἀποσεμνΰναντες
499 197 674 232 διδασκαλίας
691 201 752 237 δίχα
771 210 923 237 πεισματι-

132 237 189 270 κῶς
203 239 250 266 καὶ
267 241 393 276 κυάμους
403 244 450 269 καὶ
464 244 585 279 κρόμυα.

169 329 218 359 οζ’.
242 330 298 357 Καὶ
325 331 397 358 οὕτω
424 333 475 368 μὲν
501 336 558 365 τοῖς
584 336 723 364 πείθουσιν
748 338 862 371 ἑαυτοὺς
883 340 924 372 είς

135 375 293 411 φαυλότητα
309 377 495 414 ὑπερηφάνως
513 381 542 414 si
555 382 789 418 ἀποτελέσματος,
807 386 853 412 καὶ
868 395 924 413 τοι·

134 422 213 449 οὖτον
227 425 332 458 πεῖσμα
346 427 609 462 κατακλωσαμένοις
623 429 799 465 άντιφέρεται
818 433 831 457 ὁ
846 432 922 463 Θεὸς,

135 465 175 499 οἷς
191 467 221 494 ἓν
238 468 318 496 τοῦτο
335 471 382 497 καὶ
397 473 478 506 μόνον
490 473 535 499 διὰ
552 475 667 508 σκοποῦ,
682 476 852 512 καταῤῥίψαι
867 477 924 503 ἁδί-

135 522 189 545 κως
206 514 364 550 ἄνθρωπον,
383 518 430 544 καὶ
450 519 611 554 ἐμπηδῆσαι
629 523 797 554 πεπτωκότι,
812 524 860 550 καὶ
883 524 923 549 sl—

135 562 214 587 πεῖνσ
246 571 257 588 ι
281 563 439 591 Κατάκεισο
465 565 553 597 οὕτως
581 567 728 603 ἀνέγερτος
751 578 761 595 ι
785 569 855 596 Ἀλλ’
879 570 924 596 ὅτε

134 607 196 634 τινὰ
211 608 326 643 εὑρήσει
341 610 505 645 κυρῶσαντα
520 613 549 639 ὲν
561 613 660 648 ἑαυτῷ,
674 615 705 641 οὐ
719 616 825 649 πεῖσμα
835 616 925 651 λέγειν

136 652 233 686 ἐθέλω,
246 654 262 689 ἢ
281 657 472 692 πεισμονικὴν,
491 657 526 684 τὰ
544 657 694 692 ξενὸφωνα,
708 660 821 692 πειθοῦς
836 661 864 688 δὲ
877 661 926 688 τὺ-

135 706 221 733 τιωμα
249 700 330 727 καλὸν
355 702 447 730 ἐκεῖνο
472 705 519 731 καὶ
539 706 711 740 μακαριστὸν
725 706 773 732 καὶ
795 706 925 740 θεοφιλῶς

135 744 259 778 ἀσφαλὲς
275 747 324 773 καὶ
346 747 466 782 βέϐαιον,
483 749 583 778 αὐτίκα
599 752 668 786 πρὸς
688 752 794 778 ἐκείνου
808 753 924 787 γίνεται,

136 791 185 817 καὶ
199 791 270 826 πρὸς
287 793 387 828 ἀρετὴν
400 794 498 826 εὐοδοῖ,
510 796 556 822 καὶ
579 797 761 831 ἁσφαλίζιται
779 798 813 825 τὰ
830 798 925 834 διαδή-

138 846 213 872 ματα
234 838 283 866 τοῦ
307 841 430 868 τοιούτου
453 843 609 878 ἀνθρώπου,
626 844 673 871 καὶ
687 843 738 878 τὴν
751 846 780 871 ἔν
796 846 925 880 σχοινίοις
943 839 963 865 Β

136 883 346 922 διατεινομένην
357 888 458 921 παγίδα
477 890 535 919 τοῖς
552 889 657 916 ἐκείνου
675 891 740 917 ποσὶ
766 890 869 926 σχάσας
884 891 925 923 είς

137 931 332 966 άνενέργητον,
350 934 401 960 κᾶν
418 934 565 971 βηματίζῃ,
579 936 646 970 ὀρθὰ
664 938 738 963 ποιεῖ
753 936 926 972 προπορεύε-

140 976 213 1010 σθαι,
230 979 281 1004 κᾶν
293 979 380 1006 ἐθέλοι
392 981 513 1016 τρέχειν,
528 982 692 1009 ὲκπέτεσθαι
710 984 791 1015 ποιεῖ,
804 981 842 1014 ὡς
858 983 926 1018 ταχὺ

140 1024 327 1058 λαμϐάνεσθαι
343 1026 391 1053 τοῦ
409 1029 438 1053 ἐν
457 1027 552 1062 ἐφέσει
570 1029 666 1056 καλοῦ.
687 1029 747 1056 Κᾶν
762 1029 872 1055 ἑστάναι
886 1028 928 1055 δε-

119 1071 212 1106 ηὴσοι,
224 1072 273 1098 οὐκ
290 1073 323 1099 ἂν
336 1073 392 1100 οὐδ’
403 1074 485 1106 αὐτὸς
500 1075 603 1109 δαίμων
619 1075 795 1102 ὐποσκελίσοι
809 1076 854 1102 τὸν
873 1084 928 1102 τοι-

138 1117 228 1150 οῦτον,
243 1119 281 1151 ὼς
298 1119 366 1146 Θεοῦ
383 1120 528 1155 ἄνθρωπον
552 1122 600 1148 καὶ
624 1121 777 1148 πεποιθότα
793 1122 834 1152 είς
856 1122 928 1147 ἐκεῖ·

138 1174 196 1196 νον,
212 1167 260 1192 καὶ
285 1165 373 1198 οὕτως
396 1167 566 1201 ἀνεστηκότα
591 1167 628 1198 ὡς
648 1168 687 1199 εἰς
703 1168 764 1202 ὅρος
787 1167 868 1199 Σιὼν,
881 1169 928 1195 καὶ

138 1210 176 1241 ὡς
196 1209 272 1237 οἶκον
286 1210 315 1238 δὲ
340 1212 408 1239 Θεοῦ
436 1213 684 1248 τεθεμελιωμένον,
705 1213 777 1240 καθὰ
796 1213 826 1240 τὸ
850 1213 930 1247 ἅγιον

139 1257 308 1291 Εὑαγγέλιον
325 1258 462 1293 βούλεται,
480 1259 528 1285 καὶ
553 1260 603 1286 οὐκ
618 1260 707 1286 εἰδότα
723 1260 928 1292 κατασείεσθαι,

138 1304 156 1339 ἢ
170 1305 291 1338 ἀνέμοις,
303 1305 341 1336 ὼς
353 1302 397 1332 οἵα
411 1305 573 1340 καλάμινον,
589 1305 605 1337 ἦ
623 1306 830 1340 καταράσσουσι
845 1314 930 1332 ποτα-

141 1353 213 1385 μοῐς,
225 1351 264 1383 ὡς
285 1349 329 1378 οἷα
346 1352 392 1378 ἐπὶ
409 1351 524 1386 ψάμμου
540 1353 556 1387 ἢ
575 1353 678 1387 πέτρας
701 1353 869 1387 άστηρίκτου
887 1361 930 1378 τε-

141 1397 357 1432 θεμελιωμένον,
386 1398 570 1433 μετριώτερον
586 1398 614 1424 δὲ
641 1398 737 1432 φάναι,
759 1399 807 1425 καὶ
834 1392 930 1424 στύλου

139 1443 218 1478 δίκην
236 1444 435 1478 άνεσταμένον,
454 1443 517 1471 οὕτε
532 1444 694 1478 πλαγιάζειν
718 1445 775 1471 οἴου
789 1453 819 1471 τε
842 1444 930 1477 ὄντος,

976 213 1023 234 ros
1039 206 1192 239 coluerunt,
1218 207 1324 242 aliaque
1349 207 1449 234 similia
1466 207 1656 242 desipuerunt,
1673 209 1710 236 ita
1725 217 1768 242 ιιι,

975 252 1115 280 hominum
1135 253 1302 281 rusticorum
1320 261 1408 286 more,
1427 253 1470 281 vel
1490 253 1560 282 fabis
1585 259 1668 288 atque
1685 256 1766 290 cepis

973 297 1053 326 litare
1085 298 1158 326 haud
1176 303 1383 327 erubescerent.

1010 344 1053 371 77.
1083 345 1118 372 lis
1137 349 1227 373 autem
1254 346 1300 380 qui
1328 347 1374 374 tali
1417 347 1582 375 conﬁdentia
1617 346 1703 374 inﬂati
1735 347 1768 374 ad

974 391 1133 425 pravitatem
1147 391 1330 426 abripiuntur,
1348 400 1378 419 ea
1394 397 1525 426 tanquam
1543 394 1664 420 anchora
1693 392 1767 424 freti.

974 436 1138 463 adversatur
1158 436 1241 468 Deus,
1260 437 1394 472 siquidem
1417 437 1484 464 nihil
1513 437 1587 464 aliud
1606 437 1659 464 illis
1689 434 1768 464 cordi

976 486 1017 509 est
1043 481 1097 508 nisi
1128 486 1158 509 ut
1185 481 1324 510 hominem
1352 482 1425 510 male
1454 482 1627 517 praecipitent
1653 482 1770 517 ejusque

976 526 1063 554 ruinze
1077 527 1242 555 insultantes
1267 528 1359 555 dicere
1377 528 1496 562 possint:
1513 527 1552 555 En
1570 527 1668 554 misere
1680 527 1767 561 jaces,

976 580 1116 608 nunquam
1135 573 1282 607 resurgesl
1300 572 1351 600 Ubi
1385 581 1449 600 vero
1472 573 1576 601 invenit
1605 572 1698 608 (Deus)
1715 573 1770 600 ali-

975 627 1057 652 quem
1093 619 1140 653 qui
1170 627 1260 653 neque
1287 619 1453 646 conﬁdentia
1486 627 1574 653 neque
1613 618 1769 653 arrogantia

976 664 1113 694 tumescit.
1131 663 1179 692 sed
1204 664 1304 692 ﬁducia
1338 664 1462 696 honesta.
1500 664 1640 697 laudabili,
1680 665 1768 696 ﬁrma,

977 709 1142 736 inconcussa
1164 710 1313 736 secundum
1331 709 1378 736 Dei
1403 709 1570 737 voluntatem
1599 710 1696 744 plenus
1714 713 1769 741 est.

976 762 1039 782 eum
1059 754 1183 790 protinus
1198 754 1321 788 adjuvat,
1346 755 1372 781 in
1389 754 1498 782 virtutis
1524 755 1662 781 tramitem
1681 754 1769 781 dedu-

978 800 1027 834 cit,
1056 808 1168 835 gressus
1186 800 1323 835 ejusmodi
1345 801 1465 828 hominis
1480 800 1636 833 conﬁrmat,
1653 800 1769 832 laqueos

979 854 1012 874 ac
1042 846 1112 873 retia
1128 846 1190 880 ejus
1204 846 1318 881 pedibus
1335 846 1506 874 imminentia
1520 845 1554 872 ad
1566 846 1679 873 nihilum
1697 846 1771 873 retii-

979 893 1028 927 git,
1044 896 1072 920 ct
1087 897 1198 920 euntem
1228 892 1256 919 in
1272 896 1345 919 recta
1360 892 1402 919 via
1444 897 1596 924 conservat,
1617 895 1771 919 currentem

980 943 1070 966 autem
1089 943 1219 972 tanquam
1246 938 1297 965 alis
1313 938 1407 970 donat,
1425 943 1455 965 ut
1471 946 1553 973 quam
1568 939 1712 966 celerrime
1728 940 1763 966 ad

980 985 1061 1011 ﬁnem
1076 984 1178 1011 bonum
1196 984 1344 1019 pertingat.
1361 983 1390 1010 Si
1405 989 1496 1011 autem
1525 984 1653 1011 standum
1677 984 1771 1016 inerit,

981 1038 1015 1058 ne
1029 1031 1085 1065 ipse
1097 1029 1206 1065 quidem
1222 1030 1346 1057 diabolus
1357 1038 1419 1058 eum
1436 1030 1631 1065 supplantabit;
1646 1036 1688 1058 est
1698 1032 1771 1058 enim

981 1076 1063 1105 homo
1078 1077 1125 1104 Dei
1142 1077 1169 1104 in
1183 1081 1271 1111 eoque
1286 1076 1410 1104 ﬁduciam
1437 1077 1565 1109 collocat,
1578 1077 1615 1103 ita
1632 1077 1710 1112 quasi
1744 1077 1772 1104 iu

982 1129 1074 1152 monte
1102 1123 1167 1151 Sion
1194 1123 1359 1150 constitutus
1390 1122 1437 1154 sit,
1470 1126 1497 1150 et
1520 1126 1649 1157 tanquam
1675 1122 1772 1150 domus

983 1171 1041 1204 Dei,
1070 1170 1109 1197 uti
1130 1174 1254 1197 sanctum
1282 1168 1456 1205 Evangelium
1477 1167 1526 1200 ait,
1559 1168 1645 1195 ﬁrmis
1675 1168 1770 1196 innixa

983 1216 1178 1249 fundamentis,
1213 1223 1352 1250 nunquam
1373 1215 1556 1248 concutiatur,
1583 1222 1671 1249 neque
1706 1221 1772 1248 pro-

983 1263 1070 1294 Ccliis,
1097 1267 1127 1290 ut
1154 1262 1271 1295 arundo,
1290 1269 1379 1296 neque
1408 1261 1570 1288 torrentium
1587 1261 1701 1294 impetu.
1727 1261 1768 1288 uti

984 1310 1083 1337 domus
1106 1317 1187 1344 super
1222 1316 1305 1336 arena
1334 1313 1382 1335 aut
1414 1308 1442 1335 in
1475 1315 1543 1342 rupe
1576 1307 1661 1335 haud
1685 1308 1773 1336 solida

984 1355 1107 1388 fundata,
1123 1355 1170 1383 sed
1196 1363 1258 1390 qua:
1279 1355 1371 1389 potius
1386 1355 1516 1389 persistat
1540 1354 1674 1381 columnae
1687 1355 1774 1382 instar

985 1410 1046 1438 qua
1074 1410 1163 1437 neque
1186 1402 1325 1434 inclinari,
1355 1401 1455 1428 nedum
1488 1400 1568 1434 dejici
1595 1404 1694 1434 potest,
1719 1400 1774 1428 imo

985 1450 1110 1485 quemvis
1131 1449 1262 1484 impetum
1279 1448 1388 1476 fortiter
1416 1454 1512 1475 arcere
1528 1454 1559 1474 ac
1575 1446 1706 1480 repellere
1724 1453 1773 1474 va-

141 1491 234 1526 πολλῷ
248 1491 275 1517 δὲ
293 1491 395 1526 μᾶλλον
411 1491 472 1519 οὐδὲ
489 1491 685 1523 καταπίπτειν,
701 1491 771 1518 ἀλλὰ
791 1491 839 1518 καὶ
852 1491 931 1518 δυνα-
947 1511 971 1542 c
987 1497 1024 1524 ιει
1036 1515 1044 1523 ,

142 1537 225 1573 μένου
242 1538 361 1573 ἰσχυρῶς
377 1538 524 1573 ὑπανέχειν
539 1538 570 1565 τὸ
585 1538 776 1573 ἐπικείμενον.

175 1587 228 1619 οη¹.
243 1585 428 1620 Προκειμενος
443 1584 475 1618 δὴ
488 1585 501 1611 ὁ
513 1585 580 1616 Θεὸς
599 1584 687 1611 ἅπασι
702 1585 759 1616 τοῖς
774 1583 932 1619 ἀνθρώποις

140 1631 182 1662 εἰς
197 1631 287 1657 αἰτίαν
305 1631 354 1657 καὶ
369 1630 458 1665 ἀρχὴν
482 1631 531 1657 καὶ
546 1630 727 1665 παράδειγμα
742 1630 932 1664 (προσκυνητά

140 1676 170 1703 δὲ
186 1676 275 1703 ταῦτα
291 1678 321 1703 ὲν
334 1676 408 1711 αὐτῷ
427 1676 539 1710 πάντα),
556 1676 603 1702 καὶ
630 1675 735 1706 ἔπεισε,
758 1675 806 1701 καὶ
830 1674 931 1701 πείθων

141 1723 172 1749 οὐ
186 1722 322 1750 διαλείπει
337 1724 400 1754 τοὺς
415 1724 455 1754 εἰς
475 1723 557 1749 αὐτὸν
574 1722 793 1754 ἀποϐλέποντας,
805 1721 932 1756 στερεοὺς

143 1769 213 1797 εἶναι
226 1771 274 1797 καὶ
286 1770 413 1805 βεϐαίους
430 1771 501 1796 κατὰ
521 1770 572 1803 τῆς
596 1769 708 1801 κακίας,
729 1768 776 1795 καὶ
792 1767 932 1803 άμεταὸά-

143 1825 206 1848 τους
224 1816 272 1842 τοῦ
289 1816 505 1850 ἀγαθοπραγεῖν,
527 1815 574 1842 καὶ
600 1815 671 1847 οῐους
698 1814 767 1841 ἄλλα
791 1823 820 1840 τε
844 1814 932 1840 ποιεῖν

143 1862 342 1897 εὖαγγελικῶς,
360 1862 408 1888 καὶ
425 1863 568 1897 μιμεῖσθαι
581 1861 661 1888 αὐτὸν
673 1861 712 1892 είς
730 1861 792 1887 ὅσον
805 1859 931 1894 δύναμις,

143 1908 193 1934 καὶ
206 1907 351 1942 ὁμολογεῖν
376 1908 480 1934 ἐκεῖνον
497 1906 613 1933 ἐνώπιον
638 1906 694 1933 τῶν
719 1905 881 1941 ἀνθρώπων.
903 1905 933 1931 '0

143 1954 172 1981 δέ
189 1963 222 1988 γε
240 1955 376 1987 Σατανᾶς,
391 1954 488 1981 καθότι
512 1953 715 1987 ἀντικείμενος,
727 1952 777 1987 τῆς
795 1951 934 1978 ἀνάπαλιν

144 2000 291 2032 διαθέσεως
314 2000 362 2026 καὶ
381 2000 468 2030 αἴτιος
490 2000 537 2026 καὶ
553 1998 685 2032 ἐνστάτης
705 1998 776 2030 ἐστὶ,
790 2005 934 2031 κακοπρα-

145 2048 204 2080 γεῖν
221 2054 252 2072 τε
268 2046 371 2073 πείθων
387 2046 451 2077 τοὺς
476 2045 550 2080 αὐτῷ
587 2044 818 2080 προσανέχοντας,
835 2043 883 2070 καὶ
906 2043 936 2074 ἐς

144 2092 177 2120 τὸ
192 2093 248 2120 πᾶν
262 2092 388 2127 γίνεσθαι
404 2091 478 2119 κατὰ
494 2091 541 2120 τοῦ
560 2091 640 2118 Θεοῦ.
729 2090 733 2095 ’

181 2225 231 2254 σθ’.
249 2226 303 2252 Καὶ
320 2224 385 2256 ἰδοὺ,
401 2223 450 2250 δύο
463 2223 566 2250 τούτων
590 2221 763 2258 ίδιοτροπιιῖιν
778 2221 824 2248 καὶ
839 2221 934 2248 ἐνστά-

147 2282 218 2301 σιων
234 2273 250 2308 ἡ
268 2272 318 2308 μὲν
332 2271 421 2307 φαύλη
435 2271 498 2302 τοὺς
515 2270 733 2304 ποικιλοτρόπως
745 2267 935 2303 δαιμονιώδεις

145 2320 184 2355 τῷ
204 2320 255 2355 βίῳ
270 2318 531 2353 παρειστήγαγεν,ή
549 2316 576 2343 δὲ
590 2316 704 2351 δευτέρα
718 2316 779 2348 τοὺς
800 2315 936 2350 ἡγιασμέ-

147 2374 208 2398 νους
227 2365 267 2400 τῷ
283 2364 344 2399 Θεῷ
360 2363 553 2399 παρεστήσατο
570 2362 704 2398 ἀσκητὰς,
725 2361 788 2393 τοὺς
803 2361 852 2396 τῆς
869 2361 936 2395 ὲρή-

148 2421 212 2448 μου,
224 2412 288 2442 τοὺς
304 2410 441 2442 στυλίτας,
452 2410 516 2441 τοὺς
527 2410 661 2444 χωστοὺς,
673 2409 736 2438 τοὺς
748 2408 936 2442 ὲγκλείστους,

146 2459 210 2490 τοὺς
226 2458 382 2488 πολιτικοὺς
400 2456 559 2488 παιδευτάς,
577 2456 640 2486 τοὺς
655 2455 710 2481 τῶν
723 2454 817 2490 ψυχῶν
830 2455 937 2484 ἀτενεῖς

147 2504 330 2541 θεραπευτὰς,
354 2504 418 2536 τοὺς
453 2503 508 2530 τῶν
542 2501 783 2537 ὲξαγορευομὲνων
812 2498 937 2535 ψυχικῶν

147 2552 316 2588 τραυμάτων
337 2550 463 2586 ίατῆρας,
478 2549 524 2581 οὒς
540 2548 646 2582 ἀνάγκη
659 2548 706 2575 καὶ
719 2547 794 2583 ξυρῷ
809 2547 858 2574 καὶ
871 2554 938 2588 καυσ

146 2599 211 2633 τῆρι
229 2597 359 2633 χρῆσθαι,
372 2597 418 2623 ὅτε
441 2595 599 2630 παραπέσοι
616 2594 724 2629 καιρὸς,
747 2594 810 2625 τοὺς
826 2593 882 2619 τῶν
897 2592 937 2619 ἔτι

148 2644 348 2680 κρυπτομένων
365 2643 526 2678 ὲρευνητὰς,
547 2643 610 2673 τοὺς
625 2641 681 2667 εἴτε
705 2639 866 2673 ἁτέγκτους,
882 2639 938 2665 εἴτε

148 2690 337 2726 διακριτικοὺς
363 2689 419 2716 τῶν
455 2687 675 2722 ἀναιδευομένων
703 2686 851 2717 κολαστὰς,
875 2685 939 2716 τοὺς

149 2736 385 2768 ἐπανασώσαντας
408 2736 464 2767 τοῖς
490 2734 668 2770 ἠδικημένοις
694 2734 767 2760 ἇπαν
792 2732 938 2768 ἅρπαγμα,

149 2783 214 2815 τοὺς
235 2783 283 2810 καὶ
297 2782 502 2818 φιλανθρώπως
517 2781 564 2808 καὶ
583 2780 670 2812 άλλως
686 2780 715 2807 δὲ
731 2779 845 2811 δικαίως
859 2779 939 2812 ἐλέγ-

153 2838 264 2866 χοντας,
276 2829 320 2865 ἐφ’
335 2825 376 2861 οἷς
391 2827 542 2864 ἐνδέχεται,
555 2827 618 2859 τοὺς
641 2826 831 2860 ὀνειδίζοντας,
845 2825 888 2861 ἐφ’
899 2822 940 2854 οἷς

1017 1585 1061 1612 78.
1072 1585 1143 1612 Deus
1155 1584 1237 1619 igitur
1244 1583 1290 1618 qui
1301 1582 1427 1610 omnibus
1434 1581 1593 1609 hominibus
1603 1585 1630 1608 et
1639 1588 1722 1609 causa
1728 1588 1774 1609 ex-

981 1632 1055 1660 sistit
1070 1636 1097 1659 et
1111 1630 1275 1666 principium
1290 1633 1317 1656 et
1330 1628 1467 1663 exemplar
1486 1627 1556 1664 (haec
1572 1628 1664 1655 omnia
1679 1631 1771 1655 autem

983 1679 1010 1705 in
1035 1684 1068 1705 eo
1094 1683 1158 1705 sunt
1180 1675 1369 1710 adoranda),
1388 1678 1415 1701 et
1447 1675 1573 1702 hortatus
1603 1679 1656 1706 est,
1673 1679 1699 1701 et
1711 1681 1775 1708 per.

982 1728 1067 1759 petuo
1089 1723 1215 1750 hortatur
1242 1729 1291 1750 eos
1329 1721 1375 1756 qui
1418 1720 1452 1748 ad
1481 1721 1569 1755 ipsum
1608 1720 1774 1755 respiciunt,

982 1775 1012 1798 ut
1041 1769 1112 1797 ﬁrmi
1146 1772 1358 1802 constantesque
1381 1767 1437 1795 sint
1461 1767 1487 1794 in
1518 1774 1608 1803 pugna
1639 1767 1772 1795 adversus

983 1815 1195 1851 improbitatem,
1218 1819 1247 1843 et
1277 1817 1481 1849 perseverantes
1502 1813 1529 1840 in
1561 1813 1679 1845 virtute,
1706 1814 1776 1841 vita-

983 1870 1037 1898 que
1062 1862 1096 1889 ad
1122 1861 1259 1895 Evangelii
1284 1867 1407 1900 normam
1428 1860 1577 1894 composita
1609 1861 1697 1895 ipsum
1726 1867 1776 1895 pro

984 1908 1077 1936 virbus
1090 1907 1231 1934 imitentur
1244 1911 1326 1941 atque
1338 1912 1431 1932 coram
1444 1905 1605 1933 hominibus
1621 1906 1775 1933 conﬁtean-

985 1958 1039 1981 tur.
1056 1953 1160 1981 Contra
1177 1951 1304 1983 Satanas,
1317 1955 1410 1985 utpote
1429 1950 1618 1988 adversarius,
1642 1951 1775 1985 opposita:

986 1998 1141 2026 aﬁcctionis
1165 2002 1261 2025 auctor
1280 2001 1323 2024 est
1347 1995 1560 2031 instigatorqne,
1584 2003 1633 2023 eos
1664 1996 1711 2030 qui
1740 1995 1775 2023 ab

987 2045 1075 2080 ipsius
1093 2044 1218 2080 partibus
1233 2047 1306 2071 stant
1332 2043 1488 2078 impellens,
1515 2046 1545 2069 ut
1570 2041 1700 2069 malitiam
1731 2048 1776 2069 se-

987 2094 1106 2125 quantur
1131 2094 1159 2117 et
1185 2089 1212 2116 in
1239 2088 1369 2116 omnibus
1396 2087 1479 2115 rebus
1499 2085 1556 2114 Deo
1583 2085 1775 2114 adversentur.

1022 2219 1066 2248 79.
1078 2219 1119 2247 En
1131 2219 1185 2247 duo
1199 2218 1262 2246 vitae
1277 2217 1455 2246 instituendas
1470 2215 1676 2250 dirigendaque
1688 2214 1774 2242 modi.

986 2268 1063 2295 Prior
1078 2270 1198 2302 itemque
1217 2266 1305 2294 malus
1321 2273 1368 2293 eos
1385 2265 1432 2300 qui
1452 2272 1467 2292 a
1485 2263 1556 2291 malo
1587 2263 1666 2298 genio
1691 2261 1778 2296 inspi-

989 2319 1086 2342 rantur
1094 2313 1129 2341 ad
1144 2313 1206 2340 vita:
1218 2312 1343 2340 turbines
1354 2310 1474 2339 deducit.
1485 2310 1562 2337 Alter
1575 2316 1622 2337 eos
1652 2308 1699 2343 qui
1717 2307 1773 2334 Deo

986 2369 1047 2389 sese
1055 2363 1262 2391 consecrarunt,
1279 2357 1367 2385 reddit
1383 2360 1501 2388 ascetas,
1519 2355 1660 2386 eremitas,
1695 2352 1775 2388 styli-

988 2413 1041 2441 tas,
1054 2407 1261 2436 subterraneos,
1270 2403 1404 2435 inclusos,
1418 2402 1548 2429 doctores
1557 2400 1693 2435 publicos,
1707 2404 1777 2427 stre-

987 2462 1058 2482 nuos
1070 2453 1223 2481 animarum
1239 2456 1393 2481 curatores,
1407 2448 1552 2476 vulnerum
1567 2446 1667 2473 animae
1685 2452 1776 2472 enun-

988 2502 1119 2528 tiatorum
1131 2499 1264 2531 medicos.
1281 2498 1328 2533 qui
1341 2495 1452 2532 quando
1465 2498 1650 2529 opportunum
1667 2491 1776 2519 videtur

988 2545 1100 2575 cultello
1113 2549 1140 2573 et
1155 2544 1280 2573 cauterio
1297 2542 1337 2571 uti
1351 2541 1451 2570 debent
1463 2549 1471 2575 ;
1485 2547 1582 2576 porro_
1595 2546 1690 2566 eorum
1715 2545 1777 2572 quin

988 2591 1194 2620 adhucoceulta
1208 2593 1271 2618 sunt
1298 2589 1482 2623 indagatorcs,
1510 2585 1698 2620 improbitatis
1728 2587 1776 2611 aut

988 2645 1100 2667 severos
1115 2641 1163 2664 aut
1177 2636 1326 2663 clementes
1343 2633 1476 2665 vindices,
1494 2639 1590 2659 eorum
1602 2631 1648 2667 qui
1678 2630 1777 2663 injuste

989 2683 1099 2720 spoliati
1113 2687 1178 2711 sunt
1193 2681 1362 2714 defensores,
1390 2680 1526 2707 humanos
1551 2678 1696 2719 iustusque
1727 2683 1777 2711 pro

990 2736 1113 2764 tempore
1127 2732 1317 2763 coargutores,
1332 2733 1381 2753 nec
1396 2733 1451 2752 non
1470 2724 1517 2751 ubi
1534 2731 1602 2758 opus
1614 2728 1665 2754 εει,
1682 2728 1776 2756 repre-

991 2777 1135 2807 hensores,
1153 2773 1185 2801 ad
1199 2772 1309 2800 virtutis
1332 2770 1452 2799 studium
1475 2766 1688 2803 promovendom
1719 2772 1778 2791 mo-

991 2823 1112 2857 nitores,
1127 2821 1161 2850 ad
1184 2819 1346 2856 probitatem
1364 2814 1538 2845 excitandam
1568 2812 1777 2847 vituperatores.
