1960 3074
190 113 240 147 351

545 110 758 143 EUSTATIIII
780 110 1160 140 THESSAIONICENSIS
1180 107 1466 140 METROPOLlT/E

1773 105 1825 136 352

193 176 226 201 ad
238 177 350 208 peccata
365 171 480 200 delenda
500 171 698 206 speculatores.
711 169 744 196 ad
766 169 828 196 vitae
845 168 977 203 spiritua-

1036 169 1131 206 χρεὼν,
1160 169 1224 200 τοὺς
1255 167 1445 202 εὖλογοῦντας,
1467 167 1506 198 ὡς
1532 165 1708 201 θαρσοποιεῖν
1733 165 1766 191 τὰ
1785 166 1825 197 είς

191 219 225 246 lis
240 219 408 246 incrementa
426 216 614 252 instigatores,
627 218 654 242 et
664 220 693 241 ut.
706 222 760 242 uno
775 215 860 242 verbo
874 215 976 247 dicam,

193 265 346 291 animarum
358 263 447 299 quoad
465 263 547 289 vitam
561 267 590 289 et
621 260 748 295 spiritum
771 265 925 293 curatores,
951 265 979 288 ct

192 310 263 345 quod
276 317 413 338 summum
430 312 482 340 est,
504 308 598 335 beatos
614 306 662 334 Dei
679 306 865 338 confessores,
899 314 980 342 quos,

192 358 256 392 quia
272 358 373 385 sanctis
388 355 531 391 apostolis,
548 359 574 382 et
584 354 710 388 antiquae
724 353 788 389 legi,
805 359 868 380 ante
891 353 982 380 omnia

193 409 284 431 autem
300 403 354 430 Deo
372 402 417 437 qui
428 402 556 437 princeps
570 404 613 428 est
625 400 750 428 veritatis
763 400 852 432 testis,
866 403 893 426 et
905 399 984 426 Chri-

191 455 234 477 sto
253 449 387 477 Salvatori
404 448 485 476 iidem
498 448 627 475 ‘habuere
650 451 733 482 atque
748 446 774 473 in
807 445 983 473 sanetissium

191 496 244 523 llde
256 492 409 529 perstitere,
431 501 528 521 servos
542 493 589 520 Dei
605 492 722 520 reddidit
745 492 869 527 ipsorum
886 490 920 518 de
933 489 980 516 illo

190 541 330 568 confessio
346 540 581 572 cttestimonium,
595 543 621 567 et
634 547 708 566 mors
728 546 778 574 pro
791 538 837 565 illo
868 538 981 564 tolerata

190 595 250 622 qur.
265 586 388 614 omnium
404 593 496 614 rerum
514 585 633 613 maxime
655 584 790 612 horrenda
803 589 885 618 atque
899 582 982 610 diris-

191 634 262 661 sima
274 638 327 660 est.
349 637 354 643 '

1033 216 1147 252 ἀρετὴν,
1183 215 1247 247 τοὺς
1270 213 1489 250 ἐπιπλήττοντας
1518 214 1558 244 είς
1582 212 1737 247 διόρθωσιν,
1763 211 1824 242 τοὺς

1035 261 1244 296 ἐπιτηροῦντας,
1254 261 1292 293 ὡς
1303 259 1504 287 ἀνακόπτεσθαι
1515 259 1548 286 τὰ
1560 257 1746 293 ἀμαρτητικὰ,
1762 256 1824 287 τοὺς

1035 306 1242 341 λογιστεύοντας
1271 305 1468 341 πνευματικῶς
1491 305 1526 331 τὰ
1552 304 1687 340 πρακτέα,
1710 304 1740 330 τὸ
1770 304 1825 329 πᾶν

1037 353 1179 388 ἔπιτόμως
1189 353 1289 385 είπεῖν,
1305 353 1370 384 τοὺς
1384 351 1438 379 τῶν
1455 351 1552 386 ψυχῶν
1569 350 1748 385 ἐπιμελητὰς,
1761 350 1824 381 τοὺς

1039 408 1069 426 τε
1088 400 1158 426 κατὰ
1175 399 1242 435 βίον,
1255 399 1301 426 καὶ
1314 399 1372 425 ὅσοι
1389 407 1419 424 τε
1435 397 1524 428 ἄλλως
1539 397 1588 423 τοῦ
1614 395 1781 430 πνεύματος,
1795 395 1824 421 τὸ

1036 446 1147 473 πάντων
1168 447 1261 482 μεῖζον
1277 446 1375 477 εἰπεῖν,
1386 446 1449 476 τοὺς
1469 443 1613 479 μακαρίως
1624 443 1662 478 τῷ
1674 443 1734 478 Θεῷ
1752 451 1824 476 μαρι-

1035 494 1219 528 τνρήσαντας,
1234 491 1281 523 οὓς
1292 491 1455 522 πεισθέντας
1471 492 1528 520 τοῖς
1545 489 1635 523 ἁγίοις
1651 488 1823 521 ἀποστόλοις,

1036 539 1084 565 καὶ
1102 539 1155 573 πρό
1172 547 1203 573 γε
1224 538 1313 565 αὐτῶν
1330 540 1362 573 τῇ
1391 537 1456 574 ἁγίᾳ
1478 537 1583 571 παλαιᾷ
1610 535 1765 571 νομοδοσίᾳ.
1783 535 1822 560 sl-

1035 585 1097 610 πεῖν
1117 584 1144 611 δὲ
1158 585 1188 610 τδ
1204 585 1382 619 σεμνότατον,
1398 585 1437 618 τῷ
1462 583 1681 619 πρωτομάρτυρι
1694 578 1745 615 τῆς
1760 581 1824 611 ἀλη-

1035 628 1110 661 οείας
1125 629 1164 664 τῷ
1179 629 1249 664 Θεῷ,
1265 629 1304 664 τῷ
1321 629 1424 665 σωτῆρι
1442 628 1565 664 Χριστῷ,
1580 629 1626 654 καὶ
1640 627 1823 662 ἐμμείναντας

192 680 225 714 τῇ
240 679 380 715 ἁγιωτάτῃ
395 679 484 706 πειθοῖ
495 678 654 714 ᾠκειώσατο
667 678 706 710 είς
722 677 895 712 θεράποντας
908 676 946 711 τῷ
965 675 1026 710 Θεῷ
1046 677 1060 710 ἡ
1087 675 1157 711 ὑπὲρ
1182 676 1285 704 ἐκείνου
1312 677 1449 712 ὁμολογία,
1465 677 1512 704 καὶ
1535 675 1685 711 μαρτυρία,
1701 678 1748 703 καὶ
1762 676 1776 701 ό
1791 670 1823 700 δι’

194 725 300 752 ικεῖνον
318 725 445 759 θάνατος,
464 724 696 760 τδ.φρικτότατον
713 726 741 751 ὲν
758 724 912 760 ἀνθρώποις
924 722 1023 756 δεινὶν,
1034 724 1081 751 καὶ
1097 724 1133 759 τῷ
1148 724 1204 751 ὄντι
1221 724 1351 760 ῥίγιστον.

226 772 270 800 80.
287 772 368 800 Tales
384 773 407 800 si
421 773 484 807 quis
494 773 618 799 imitatur
633 779 782 806 eorumque
810 771 893 799 rectis
917 771 978 805 opi-

190 817 321 845 niouibus
333 825 395 846 sese
408 818 510 845 addicit
528 823 555 845 et
587 819 620 846 iis
630 818 805 852 pertinaciter
832 817 981 843 adiuereus

1074 771 1110 798 π’.
1127 773 1197 804 Τοὺς
1211 773 1346 804 τοιούτους
1368 773 1395 799 εῖ
1414 781 1456 805 τις
1479 771 1649 808 μιμούμενος
1660 771 1709 798 καὶ
1723 770 1826 796 πείθων

1037 818 1134 845 ἑαυτὴν
1154 819 1291 845 ὲνίσταιτο
1306 820 1364 850 ταῖς
1380 819 1474 854 ὀρουῖς
1489 818 1579 850 δόξαις
1594 818 1641 844 καὶ
1658 817 1823 851 ὕπολήψεσι,

192 871 252 898 qua!
266 863 363 891 decent
375 863 452 896 facit,
464 864 598 899 principio
618 864 690 891 bono
705 864 808 891 bonum
831 863 912 889 ﬁnem
926 861 974 888 ad-

1037 864 1084 891 καὶ
1109 865 1275 900 παραμένων
1292 865 1386 895 αὑταῖς
1403 865 1518 900 πράττει
1545 865 1578 891 τὰ
1603 863 1717 894 δεόντως
1739 863 1825 897 καθή-

189 908 318 944 jungens,
336 909 358 936 is
368 909 456 944 primo
469 909 539 936 haud
555 909 663 936 dicatur
675 908 824 942 improbam
838 907 980 934 conliden-

192 954 258 981 tlam
276 953 363 990 sequi,
381 953 525 989 sedpotius
539 958 620 981 rectae
637 953 697 980 lldei
725 957 806 987 atque
834 951 972 978 temeitati

190 999 265 1027 circa
282 1007 325 1027 res
344 999 451 1027 divinas
465 1007 576 1034 operam
603 1000 668 1027 dare
687 1008 693 1026 :
716 998 881 1025 conﬁdentia
907 997 979 1024 enim

191 1046 236 1073 illa
247 1045 384 1080 plerisque
397 1046 515 1072 virorum
531 1046 638 1080 piorum
657 1052 710 1071 non
726 1043 914 1079 approbanda,
929 1043 977 1070 sed

191 1091 341 1118 infaustum
353 1091 418 1125 quid
434 1097 496 1118 esse
508 1089 659 1117 videbatur.
688 1083 748 1116 Iam
780 1096 843 1116 vero
870 1086 979 1115 etiamsi

191 1144 338 1172 ponamus,
351 1137 432 1164 talcm
445 1136 570 1163 allectum
588 1136 620 1163 iis
636 1137 680 1170 qui
693 1139 767 1162 recta
781 1134 877 1161 fiducia
898 1132 981 1160 innisi

195 1186 309 1210 tettaces
325 1187 390 1210 sunt
411 1183 557 1218 propositi,
573 1182 732 1214 convenire,
765 1185 854 1207 tamen
884 1179 982 1206 distiu-

194 1229 332 1264 gttendum
345 1229 399 1256 erit
413 1229 626 1263 dicendumque,
640 1235 672 1255 ne
686 1227 857 1262 spiritualem
867 1225 976 1260 quidem

189 1275 238 1309 qui
255 1275 381 1303 fiduciam
397 1275 489 1308 habet,
510 1275 610 1310 ubique
624 1279 651 1302 et
678 1274 704 1300 in
735 1273 863 1300 omnibus
895 1272 976 1298 rebus

190 1321 448 1354 ldeolautlari;sed
477 1322 628 1353 interdum,
664 1320 719 1347 imo
750 1319 850 1354 saepius
875 1318 908 1345 de
931 1325 979 1344 sua

190 1368 338 1395 tenacitate
352 1367 473 1395 remittet
485 1372 512 1395 et
528 1367 562 1395 de
584 1368 645 1402 jure
674 1374 735 1398 suo,
760 1370 892 1401 quantum
921 1365 977 1391 ﬁeri

189 1417 292 1449 potest,
307 1415 394 1446 cedet,
416 1421 505 1448 neque
517 1414 603 1440 solum
622 1413 653 1440 ad
671 1412 832 1447 litigandum
867 1416 982 1438 conten-

191 1459 365 1495 dendnmque
382 1459 455 1486 haud
471 1460 522 1486 erit
536 1466 695 1493 propensus,
721 1456 768 1484 sed
799 1464 832 1483 ne
852 1456 885 1483 de
899 1455 982 1490 iustis

193 1505 303 1539 quidem
317 1505 350 1532 ad
364 1510 516 1533 extremum
534 1511 622 1539 usque
637 1509 739 1531 celare
756 1502 837 1529 volet.

227 1597 272 1624 81.
290 1595 360 1624 llinc
374 1596 458 1627 enim,
473 1595 518 1621 tali
549 1595 620 1622 bona
649 1593 745 1629 agendi
770 1594 877 1621 ratione
902 1593 979 1625 inita,

191 1643 325 1671 bellorum
339 1640 457 1668 induciae
468 1648 499 1666 ac
516 1640 617 1667 fcedera
626 1645 653 1667 et
668 1639 770 1667 similes
785 1647 829 1667 res
840 1639 982 1666 laudandre

191 1690 324 1724 originem
344 1694 464 1715 traxere.
482 1687 529 1713 ille
543 1687 624 1721 igitur
637 1685 684 1720 qui
699 1686 737 1713 sic
753 1685 820 1721 agit,
846 1693 899 1712 non
921 1693 935 1711 a
949 1695 979 1710 n-

190 1736 264 1771 plius
282 1735 389 1762 dicetur
406 1733 519 1760 omnino
534 1737 623 1764 tenax,
642 1731 689 1758 sed
708 1731 789 1758 veluti
815 1731 975 1757 immutatus

191 1781 398 1810 honestiorihus
413 1779 556 1806 ornabitur
573 1777 732 1805 nominibus
759 1786 766 1804 :
797 1777 983 1812 appellabitur

191 1829 324 1857 nimirum
338 1828 487 1857 humanus,
504 1824 645 1860 paciﬁcus,
657 1824 704 1850 im
714 1823 852 1855 inimicus,
862 1830 980 1850 concor-

191 1878 244 1904 diae
259 1875 375 1906 amicus,
389 1878 416 1901 et
435 1876 464 1899 ut
479 1871 635 1899 accuratius
650 1870 758 1905 loquar,
778 1870 974 1899 moderationis

191 1930 298 1950 amans.
323 1920 375 1954 Qui
385 1919 458 1947 enim
471 1918 504 1946 de
516 1917 577 1953 iure
591 1917 663 1952 quod
680 1916 756 1952 prius
777 1918 910 1944 tenaciter
932 1917 978 1943 (1ο-

192 1967 328 1999 fendcrat,
342 1965 482 2001 paululum
496 1962 620 1996 remittit,
639 1962 672 1989 ad
691 1961 770 1989 aliam
783 1962 908 1989 ﬁduciam
925 1969 984 1997 pce-

192 2013 307 2042 nitentia
322 2015 489 2042 commotus,
500 2009 598 2037 deduci
612 2008 821 2043 solet,-quando
850 2009 980 2035 virtutem

192 2065 336 2094 scquensa
354 2056 494 2092 proposito
510 2054 617 2082 desistit
629 2058 656 2081 et
686 2061 700 2080 a
735 2053 885 2088 pertinacia
912 2061 980 2081 cou-

193 2105 309 2132 tentiosa
320 2103 354 2129 ad
367 2101 580 2128 moderationem
595 2099 692 2126 transit
706 2107 713 2132 ;
727 2099 873 2133 siquidem,
887 2107 982 2133 quem-

192 2150 340 2178 admodum
375 2147 421 2174 ille
449 2146 507 2181 qui,
534 2145 698 2179 paenitentia
726 2145 840 2176 ductus,
869 2145 903 2171 ab
933 2144 983 2171 itn-

192 2197 276 2232 proba
286 2193 405 2228 etimpia
423 2191 598 2224 conﬁdentia,
619 2197 665 2225 per
675 2189 754 2217 aliam
782 2189 910 2217 ﬁduciam
928 2191 978 2216 ho-

194 2244 300 2268 nestam
311 2237 482 2272 compulsus,
497 2235 531 2262 ad
542 2235 682 2262 meliorem
699 2241 811 2261 sensum
828 2241 858 2261 se
875 2235 983 2262 confert

193 2284 383 2313 immutatione
394 2283 452 2310 sive
473 2281 653 2309 conversione
675 2279 759 2310 facta.
777 2279 814 2306 ita
844 2280 925 2307 etiam
937 2281 983 2315 qui

193 2331 388 2361 moderationis
403 2329 544 2357 studiosus
560 2333 612 2361 est,
627 2327 672 2355 ubi
690 2328 724 2355 ab
744 2327 824 2355 initio
856 2328 910 2362 iuri
928 2336 979 2356 suo

193 2378 309 2405 ﬁrmiter
326 2375 598 2406 inlmreredecrevit,
622 2374 722 2401 deinde
748 2377 869 2408 tempore
881 2381 981 2409 oppor-

194 2429 261 2452 tuno
277 2422 445 2450 laudabiliter
461 2421 622 2448 immutatus
636 2425 663 2447 et
675 2419 707 2447 ad
721 2426 814 2454 pacem
826 2427 980 2454 propensus

192 2475 219 2498 et
237 2469 276 2496 uti
293 2467 430 2496 veteribus
453 2467 625 2502 sapientibus
638 2466 767 2502 placitum
792 2471 842 2497 est,
865 2465 899 2494 de
917 2466 980 2500 jure

192 2523 244 2544 suo
261 2515 459 2550 aliquantulum
476 2514 589 2547 relaxat,
605 2519 688 2549 atque
700 2513 827 2540 virtutem
844 2513 983 2547 ostendit;

193 2561 222 2589 id
235 2564 277 2588 est
289 2559 514 2591 moderationem,
531 2559 570 2586 uti
586 2560 723 2594 sapientes
754 2565 812 2585 eam
842 2565 984 2593 nuncupa-

194 2614 269 2638 vere,
285 2609 312 2633 et
327 2606 365 2632 ita
383 2605 511 2632 concedit.
526 2605 693 2633 adversariis
705 2609 786 2640 atque
798 2604 833 2632 iis
849 2612 878 2631 se
895 2604 982 2640 subji-

193 2653 240 2680 cit.

229 2698 274 2725 82.
290 2697 339 2725 llis
349 2697 430 2733 igitur
444 2697 495 2725 hoc
507 2697 587 2724 modo
603 2701 628 2723 ct
642 2697 775 2724 hactenus
791 2696 981 2724 consideratis

192 2744 227 2779 (si
241 2743 314 2771 enim
337 2742 445 2777 longius
477 2741 639 2777 protrahere
665 2741 737 2768 hanc
768 2741 980 2776 disputationem

192 2791 339 2823 vellemus,
354 2787 549 2817 ostentationis
566 2787 757 2822 inopportume
768 2788 871 2816 crimen
887 2789 980 2815 incur-

194 2835 340 2868 rcremus),
351 2835 416 2870 quid
431 2834 539 2862 tandem
555 2840 608 2861 non
622 2834 784 2870 subiicimus
808 2842 868 2869 nos,
887 2843 902 2863 ο
924 2835 979 2862 Do-

1036 919 1132 944 κοντα,
1163 911 1283 945 χρηστὸν
1309 911 1386 942 τέλος
1413 911 1548 943 ἐπιτιθεὶς
1575 911 1673 946 ἀρχαῖς
1696 909 1825 943 ἀγαθαῖς,

1035 957 1134 991 πρῶτα
1150 957 1201 992 μὲν
1216 957 1266 983 οὐκ
1282 957 1314 984 ἂν
1325 956 1431 991 λέγοιτο
1443 959 1548 992 πεῖσμα
1563 957 1711 991 φυλάττειν
1731 957 1747 991 ῆ
1767 964 1824 982 πει-

1040 1003 1153 1038 σμονὴν,
1170 1003 1325 1036 ὀροοδοξίαν
1339 1003 1368 1030 δὲ
1385 1004 1432 1030 καὶ
1451 1003 1612 1038 ὲνστατικὴν
1628 1002 1766 1038 προσοχὴν
1777 1001 1825 1028 ἐπὶ

1035 1050 1091 1080 τοῖς
1108 1048 1155 1075 τοῦ
1172 1048 1240 1075 Θεοῦ
1252 1057 1258 1063 ”
1277 1049 1305 1075 αὶ
1320 1049 1375 1084 γὰρ
1399 1050 1544 1083 πεισμοναὶ
1565 1049 1609 1075 καὶ
1627 1050 1659 1075 τὰ
1684 1049 1825 1082 πείσματα

1034 1094 1128 1127 ἔδοξαν
1148 1093 1184 1130 μὴ
1202 1095 1246 1120 ἐπ’
1260 1095 1355 1129 ἀγαθῷ
1366 1095 1504 1121 τεθεῖσθαι
1518 1096 1575 1126 τοῖς
1589 1096 1618 1120 ὲν
1634 1095 1724 1129 ἀγαθῇ
1741 1095 1825 1129 μοίρᾳ

1035 1139 1168 1172 πλείοσιν,
1194 1139 1261 1166 ἀλλὰ
1284 1139 1444 1174 δυσώνυμόν
1463 1147 1490 1165 τι
1507 1140 1603 1174 χρῆμα
1637 1136 1720 1165 εἶναι.
1747 1138 1778 1164 Εἰ
1795 1137 1824 1164 δὲ

1036 1186 1082 1211 καὶ
1098 1185 1165 1216 ἴσως
1181 1185 1283 1219 θῶμεν,
1297 1185 1517 1220 προσαρμόττειν
1533 1185 1602 1211 αὐτὰ
1616 1185 1664 1211 καὶ
1679 1185 1734 1215 τοῖς
1750 1184 1823 1210 δεόν-

1036 1240 1089 1261 τως
1107 1232 1303 1265 πεπεισμένοις
1317 1232 1363 1258 καὶ
1375 1231 1463 1264 οὕτως
1473 1232 1653 1264 ἑνστατικοῖς,
1666 1230 1719 1265 ἔχω
1730 1229 1824 1256 διελὼν

1035 1277 1154 1304 ἐνταῦθα
1171 1278 1270 1309 εἰπεῖν,
1287 1277 1325 1309 ὡς
1340 1277 1401 1303 οὐδὲ
1414 1278 1427 1303 ὁ
1443 1276 1629 1310 πνευματικὸς
1640 1275 1824 1310 πεισματικὸς

1035 1323 1187 1350 ἐπαινεῖται
1205 1323 1321 1350 πάντοτε
1339 1322 1386 1349 καὶ
1403 1322 1450 1349 ἐπὶ
1471 1323 1550 1353 πᾶσι,
1564 1321 1684 1352 τοιοῦτος
1698 1321 1735 1347 ὢν
1746 1330 1753 1336 ·
1765 1321 1814 1347 ἀλλ

1035 1370 1109 1396 ἔστιν
1121 1369 1190 1395 ὅπου
1206 1369 1252 1396 καὶ
1271 1369 1300 1395 ὲν
1314 1369 1423 1402 πολλοῖς
1451 1369 1696 1403 μετακινηοήσεται
1710 1368 1759 1401 τῆς
1782 1368 1822 1393 ol-

1036 1415 1113 1444 κεὶας
1134 1415 1299 1447 ὲνστάσεως,
1314 1416 1360 1442 καὶ
1385 1414 1534 1441 ὑπενδώσει
1560 1415 1607 1440 καὶ
1631 1413 1713 1440 αὑτοῦ
1728 1413 1759 1449 δὴ
1773 1413 1822 1440 τοῦ

1034 1461 1095 1487 κατ’
1110 1461 1191 1487 αὑτὸν
1205 1460 1312 1487 δικαίου
1328 1459 1364 1492 ὡς
1377 1458 1433 1487 οἶόν
1449 1469 1490 1492 τε,
1504 1461 1550 1486 καὶ
1568 1460 1773 1495 χαυνωοήσεται
1788 1460 1820 1485 οὐ

1037 1507 1118 1541 μόνον
1139 1507 1185 1533 τοῦ
1211 1507 1298 1538 ἄλλως
1316 1506 1491 1540 φιλονεικεῖν,
1508 1505 1575 1532 ἀλλὰ
1592 1506 1638 1532 καὶ
1665 1505 1747 1532 αὐτοῦ
1771 1506 1820 1532 τοῦ

994 1546 1015 1572 C
1034 1553 1079 1578 ἐπὶ
1093 1552 1207 1583 δικαίοις
1223 1552 1262 1583 είς
1278 1553 1361 1588 ἄκρον
1374 1551 1421 1578 καὶ.
1440 1552 1570 1587 ὑπερλίαν
1587 1551 1730 1586 μάχεσθαι.

1069 1602 1125 1626 πω.
1147 1599 1288 1625 Ἐντεῦθεν
1317 1598 1372 1633 γὰρ
1401 1599 1476 1633 καλῷ
1500 1598 1614 1632 τοιούτῳ
1632 1597 1818 1631 μεϐοδεύματι

1034 1646 1062 1672 αἰ
1078 1646 1170 1679 ἀνοχαὶ
1183 1645 1236 1671 τῶν
1250 1645 1375 1679 πολέμων
1387 1645 1587 1679 ὲπινενόηνται,
1600 1645 1647 1670 καὶ
1657 1645 1683 1670 αἱ
1697 1644 1820 1676 σπονδαὶ,

1034 1692 1082 1718 καὶ
1093 1692 1143 1718 ὅσα
1157 1691 1226 1718 καλὰ
1238 1690 1361 1718 τοιαῦτα.
1384 1691 1437 1717 Καὶ
1449 1691 1540 1717 τοίνυν
1563 1691 1633 1717 οὑτω
1648 1690 1732 1716 ποιῶν
1747 1690 1821 1716 ἐκεῖ-

1033 1746 1078 1768 νος
1099 1737 1193 1763 οὐκέτι
1213 1737 1396 1771 πειοματικὺς
1422 1735 1640 1771 ὀνομασθήσεται
1653 1736 1683 1762 τὸ
1700 1735 1820 1768 σύνολον,

1034 1783 1103 1809 ἀλλὰ
1116 1782 1153 1814 ὡς
1167 1780 1222 1809 οἷον
1239 1783 1407 1817 μεταῧαφεὶς
1421 1781 1611 1817 χρωσοήσεται
1622 1781 1821 1818 χρηστοτέραις

1037 1828 1164 1864 κλήσεσι,
1190 1828 1380 1862 φιλάνθρωπος
1405 1828 1643 1862 ἐπονομαζόμενος
1660 1828 1707 1853 καὶ
1725 1827 1820 1860 ἀφιλό-

1033 1883 1133 1907 νεικος,
1149 1874 1196 1901 καὶ
1213 1873 1298 1909 μισῶν
1313 1874 1362 1908 μὲν
1374 1873 1404 1900 τὸ
1418 1873 1579 1909 ἀκράχολον,
1594 1873 1705 1904 εὔκολος
1713 1873 1742 1899 δὲ
1755 1873 1820 1908 μᾶλ-

1033 1920 1079 1946 λον
1092 1918 1160 1947 εἷναι
1173 1920 1379 1955 προτιθέμενος,
1392 1920 1482 1946 εἰπεῖν
1492 1919 1521 1945 δὲ
1537 1920 1667 1954 ἀκριϐῶς,
1680 1919 1820 1953 ἐπιεικής.

1039 1967 1069 1993 '0
1083 1967 1137 2001 γὰρ
1154 1967 1185 1993 ἐκ
1200 1967 1351 2000 πείσματος
1376 1965 1489 1997 ἀτενοῦς
1504 1965 1610 1992 δικαίου
1628 1965 1820 2000 ὑποκαταὸὰς,

1034 2014 1074 2044 είς
1092 2012 1217 2048 ἐτεροίαν
1231 2010 1317 2038 πειθὼ
1339 2012 1386 2038 ἐπὶ
1407 2011 1537 2046 μετανοίᾳ
1553 2011 1702 2046 μετέπεσεν
1716 2012 1820 2046 ἐπιμη-

1035 2059 1204 2092 θευσάμενος
1230 2058 1374 2093 ὲναρὲτως,
1390 2059 1437 2084 καὶ
1451 2058 1484 2084 ἐκ
1499 2057 1650 2092 φιλονείκου
1666 2057 1821 2088 ὲνστάσεως

1037 2103 1227 2139 μετεληλυοὼς
1241 2103 1282 2134 είς
1297 2103 1447 2129 ἐπιείκειαν
1457 2110 1464 2118 η
1485 2102 1546 2128 ἐπεί
1561 2110 1613 2134 τοι,
1630 2101 1701 2128 καθὰ
1715 2103 1729 2128 ὁ
1747 2102 1820 2128 κατὰ

1036 2147 1189 2182 μετάμελον
1214 2148 1245 2174 ἐκ
1267 2147 1379 2178 πειθοῦς
1405 2147 1512 2182 φαύλης
1529 2147 1576 2172 καὶ
1593 2147 1750 2182 ἁμαρτικῆς
1775 2147 1821 2173 διὰ

1035 2194 1166 2228 δευτέρας
1184 2194 1312 2228 ἐναρέτου
1327 2194 1437 2225 πειυοῦς
1453 2193 1689 2228 μετασαλλόμενοξ
1700 2196 1740 2226 εἰς
1753 2196 1820 2222 καλ-

1037 2239 1112 2266 λίονα
1132 2241 1293 2275 μετέρχεται
1314 2240 1386 2273 νοῦν,
1411 2240 1632 2275 μετατιθέμενος,
1648 2241 1698 2267 εῖτ*
1709 2241 1756 2267 οὖν
1771 2250 1822 2276 με-

1036 2285 1245 2320 ταπειθόμενος,
1260 2285 1331 2312 οὕτω
1344 2294 1402 2317 πως
1418 2287 1466 2312 καὶ
1482 2287 1496 2313 ὁ
1511 2287 1636 2322 ἐπιεικὴς
1652 2287 1750 2313 ἑαυτὸν
1762 2287 1822 2314 πεί-

1038 2340 1088 2363 σας
1105 2332 1139 2358 τὰ
1151 2331 1248 2367 πρῶτα
1264 2331 1303 2366 τῷ
1317 2333 1409 2368 οἰκείῳ
1423 2333 1518 2369 δικαίῳ
1542 2332 1631 2364 καλῶς
1650 2332 1821 2367 ἐνίστασθαι,

1037 2375 1097 2404 εἶτα
1119 2377 1233 2410 δεόντως
1257 2378 1417 2414 μετασαλὼν
1430 2380 1459 2406 ὲν
1476 2379 1575 2415 καιρῷ,
1593 2380 1650 2412 καὶ,
1669 2379 1707 2411 ὥς
1721 2380 1821 2415 εἰπεῖν,

1037 2424 1169 2458 ὲπιείξας,
1189 2425 1237 2452 καὶ
1263 2425 1335 2452 καθὰ
1363 2425 1437 2452 δοκεῖ
1459 2428 1516 2457 τοῖς
1542 2426 1626 2453 πάλαι
1650 2427 1754 2461 σοφοῖς,
1774 2429 1823 2454 καὶ

1037 2469 1237 2506 παραθραύσας
1255 2471 1310 2498 τῶν
1331 2479 1393 2498 τινα
1412 2471 1589 2497 δικαιούντων
1614 2471 1705 2504 αὺτὸν,
1720 2471 1823 2507 ἀρετὴν

1037 2516 1173 2550 ἐκφαίνει,
1202 2517 1262 2551 τὴν,
1287 2517 1324 2548 ὡς
1346 2517 1371 2542 οἱ
1397 2516 1474 2551 σοφοὶ
1497 2516 1642 2551 ὀνομάζειν
1666 2517 1822 2552 βούλονται,

1036 2562 1187 2589 ἐπιείκειαν
1197 2571 1204 2578 ·
1219 2563 1266 2588 καὶ
1283 2561 1370 2594 οὕτως
1386 2562 1495 2588 ὑπείκει
1509 2563 1679 2597 τασσόμενος
1696 2563 1748 2590 ὕπο
1763 2564 1823 2595 τοῖς

1037 2608 1192 2641 ἐνστάταις,
1205 2609 1254 2635 καὶ
1266 2607 1333 2634 αὐτὸ
1346 2608 1378 2642 δὴ
1390 2608 1469 2634 τοῦτο
1481 2608 1711 2643 ὑποτασσόμενος.

1071 2698 1127 2733 πβ’.
1144 2698 1227 2724 Οὕτω
1242 2697 1275 2733 δὴ
1291 2697 1394 2724 τούτων
1405 2697 1473 2732 ἡμῖν
1486 2697 1699 2733 τεθεωρημένων
1714 2698 1762 2725 καὶ
1775 2698 1822 2724 ἐπὶ

1034 2744 1161 2771 τοσοῦτον
1169 2744 1219 2780 (είς
1229 2743 1311 2769 πλέον
1319 2743 1374 2778 γὰρ
1383 2744 1518 2770 ἐπιτεῖναι
1529 2743 1558 2770 τδ
1565 2743 1686 2770 τοιοῦτον
1696 2744 1821 2778 σκέμμα,

1036 2789 1194 2824 φιλοτιμίαν
1221 2789 1345 2824 οίήσεταί
1367 2797 1409 2820 τις
1433 2789 1569 2824 ἄκαιρον),
1595 2788 1622 2815 τί
1646 2788 1747 2823 δήποτε
1772 2789 1821 2824 οὐχ

1036 2833 1257 2869 ὑποτασσόμεθα,
1276 2831 1298 2862 ὦ
1314 2834 1402 2871 σῶτερ
1424 2835 1513 2870 κύριε,
1525 2834 1539 2861 ὂ
1562 2835 1607 2862 καὶ
1620 2835 1727 2869 φθάσας
1740 2835 1820 2867 εὐεὰ-
