  <div class='ocr_page' id='page_1' title='image "/cluster/home/n/w/nwhite01/storage/ocr_20150623/136/njp.32101010942827/213.png"; bbox 0 0 1956 3086; ppageno 0'>
   <div class='ocr_carea' id='block_1_1' title="bbox 251 183 1872 220">
    <p class='ocr_par' dir='ltr' id='par_1_1' title="bbox 251 183 1872 220">
     <span class='ocr_line' id='line_1_1' title="bbox 251 183 1872 220; baseline -0.002 -1"><span class='ocrx_word' id='word_1_1' title='bbox 251 187 306 218; x_wconf 75' lang='grc'><strong>388</strong></span> <span class='ocrx_word' id='word_1_2' title='bbox 589 188 798 219; x_wconf 76' lang='lat' dir='ltr'><strong>EUS‘l‘ATHII</strong></span> <span class='ocrx_word' id='word_1_3' title='bbox 814 183 1196 217; x_wconf 79' lang='lat' dir='ltr'><strong>TIlESSALONICENSlS</strong></span> <span class='ocrx_word' id='word_1_4' title='bbox 1221 185 1502 217; x_wconf 63' lang='lat' dir='ltr'><strong>METROPOLITRE</strong></span> <span class='ocrx_word' id='word_1_5' title='bbox 1820 187 1872 220; x_wconf 60' lang='lat'><strong>38!</strong></span> 
     </span>
    </p>
   </div>
   <div class='ocr_carea' id='block_1_2' title="bbox 252 241 1024 282">
    <p class='ocr_par' dir='ltr' id='par_1_2' title="bbox 252 246 1024 282">
     <span class='ocr_line' id='line_1_2' title="bbox 252 246 1024 282; baseline -0.009 -6"><span class='ocrx_word' id='word_1_6' title='bbox 252 248 383 276; x_wconf 80' lang='lat' dir='ltr'><strong>musicior</strong></span> <span class='ocrx_word' id='word_1_7' title='bbox 398 254 459 276; x_wconf 80' lang='lat' dir='ltr'><strong>esse</strong></span> <span class='ocrx_word' id='word_1_8' title='bbox 483 248 654 282; x_wconf 75' lang='lat' dir='ltr'><strong>pmdicatur.</strong></span> <span class='ocrx_word' id='word_1_9' title='bbox 685 247 779 274; x_wconf 74' lang='lat' dir='ltr'><strong>Virum</strong></span> <span class='ocrx_word' id='word_1_10' title='bbox 803 247 843 275; x_wconf 88' lang='lat' dir='ltr'><strong>sic</strong></span> <span class='ocrx_word' id='word_1_11' title='bbox 870 246 1024 274; x_wconf 81' lang='lat' dir='ltr'><strong>celebratuu</strong></span> 
     </span>
    </p>
   </div>
   <div class='ocr_carea' id='block_1_3' title="bbox 1078 241 1873 282">
    <p class='ocr_par' dir='ltr' id='par_1_3' title="bbox 1090 241 1873 280">
     <span class='ocr_line' id='line_1_3' title="bbox 1090 241 1873 280; baseline 0.005 -10"><span class='ocrx_word' id='word_1_12' title='bbox 1090 244 1252 279; x_wconf 74' lang='grc' dir='ltr'>μιλὲστιρος</span> <span class='ocrx_word' id='word_1_13' title='bbox 1266 243 1337 271; x_wconf 83' lang='grc' dir='ltr'>εἶναι</span> <span class='ocrx_word' id='word_1_14' title='bbox 1352 245 1458 272; x_wconf 78' lang='grc' dir='ltr'>ἀκούει.</span> <span class='ocrx_word' id='word_1_15' title='bbox 1479 244 1570 272; x_wconf 76' lang='grc' dir='ltr'>Καλὸν</span> <span class='ocrx_word' id='word_1_16' title='bbox 1589 242 1660 272; x_wconf 73' lang='grc' dir='ltr'>εἶναι</span> <span class='ocrx_word' id='word_1_17' title='bbox 1679 241 1809 280; x_wconf 68' lang='grc' dir='ltr'>μανθάνει</span> <span class='ocrx_word' id='word_1_18' title='bbox 1825 248 1873 274; x_wconf 73' lang='grc' dir='ltr'>καὶ</span> 
     </span>
    </p>
   </div>
   <div class='ocr_carea' id='block_1_4' title="bbox 248 293 1036 328">
    <p class='ocr_par' dir='ltr' id='par_1_4' title="bbox 248 293 1036 328">
     <span class='ocr_line' id='line_1_4' title="bbox 248 293 1036 328; baseline -0.004 -7"><span class='ocrx_word' id='word_1_19' title='bbox 248 293 331 321; x_wconf 74' lang='lat' dir='ltr'><strong>Nirea</strong></span> <span class='ocrx_word' id='word_1_20' title='bbox 358 294 498 328; x_wconf 58' lang='lat' dir='ltr'><strong>pra‘ponit,</strong></span> <span class='ocrx_word' id='word_1_21' title='bbox 514 298 540 320; x_wconf 90' lang='lat' dir='ltr'><strong>et</strong></span> <span class='ocrx_word' id='word_1_22' title='bbox 555 300 637 328; x_wconf 81' lang='lat' dir='ltr'><strong>super</strong></span> <span class='ocrx_word' id='word_1_23' title='bbox 649 294 740 321; x_wconf 86' lang='lat' dir='ltr'><strong>omnia</strong></span> <span class='ocrx_word' id='word_1_24' title='bbox 759 293 864 320; x_wconf 78' lang='lat' dir='ltr'><strong>felicem</strong></span> <span class='ocrx_word' id='word_1_25' title='bbox 880 299 940 319; x_wconf 80' lang='lat' dir='ltr'><strong>esse</strong></span> <span class='ocrx_word' id='word_1_26' title='bbox 959 299 1036 319; x_wconf 85' lang='lat' dir='ltr'><strong>mun-</strong></span> 
     </span>
    </p>
   </div>
   <div class='ocr_carea' id='block_1_5' title="bbox 248 339 1037 374">
    <p class='ocr_par' dir='ltr' id='par_1_5' title="bbox 248 339 1037 374">
     <span class='ocr_line' id='line_1_5' title="bbox 248 339 1037 374; baseline -0.004 -6"><span class='ocrx_word' id='word_1_27' title='bbox 248 342 313 369; x_wconf 88' lang='lat' dir='ltr'><strong>dum</strong></span> <span class='ocrx_word' id='word_1_28' title='bbox 341 341 435 372; x_wconf 86' lang='lat' dir='ltr'><strong>aiunt,</strong></span> <span class='ocrx_word' id='word_1_29' title='bbox 455 340 526 374; x_wconf 87' lang='lat' dir='ltr'><strong>quod</strong></span> <span class='ocrx_word' id='word_1_30' title='bbox 547 341 627 367; x_wconf 86' lang='lat' dir='ltr'><strong>talem</strong></span> <span class='ocrx_word' id='word_1_31' title='bbox 656 341 844 367; x_wconf 71' lang='lat' dir='ltr'><strong>exornationis</strong></span> <span class='ocrx_word' id='word_1_32' title='bbox 855 339 940 374; x_wconf 81' lang='lat' dir='ltr'><strong>gratia</strong></span> <span class='ocrx_word' id='word_1_33' title='bbox 965 339 1037 366; x_wconf 87' lang='lat' dir='ltr'><strong>obti-</strong></span> 
     </span>
    </p>
   </div>
   <div class='ocr_carea' id='block_1_6' title="bbox 251 384 1035 419">
    <p class='ocr_par' dir='ltr' id='par_1_6' title="bbox 251 384 1035 419">
     <span class='ocr_line' id='line_1_6' title="bbox 251 384 1035 419; baseline -0.004 -6"><span class='ocrx_word' id='word_1_34' title='bbox 251 386 341 414; x_wconf 79' lang='lat' dir='ltr'><strong>nuerit</strong></span> <span class='ocrx_word' id='word_1_35' title='bbox 356 387 506 413; x_wconf 80' lang='lat' dir='ltr'><strong>hominem.</strong></span> <span class='ocrx_word' id='word_1_36' title='bbox 524 385 612 413; x_wconf 90' lang='lat' dir='ltr'><strong>Unum</strong></span> <span class='ocrx_word' id='word_1_37' title='bbox 629 386 692 419; x_wconf 89' lang='lat' dir='ltr'><strong>quid</strong></span> <span class='ocrx_word' id='word_1_38' title='bbox 709 385 742 412; x_wconf 87' lang='lat' dir='ltr'><strong>ad</strong></span> <span class='ocrx_word' id='word_1_39' title='bbox 757 385 936 412; x_wconf 87' lang='lat' dir='ltr'><strong>elevationem</strong></span> <span class='ocrx_word' id='word_1_40' title='bbox 953 384 1035 411; x_wconf 74' lang='lat' dir='ltr'><strong>amici</strong></span> 
     </span>
    </p>
   </div>
   <div class='ocr_carea' id='block_1_7' title="bbox 249 429 1037 466">
    <p class='ocr_par' dir='ltr' id='par_1_7' title="bbox 249 429 1037 466">
     <span class='ocr_line' id='line_1_7' title="bbox 249 429 1037 466; baseline -0.004 -7"><span class='ocrx_word' id='word_1_41' title='bbox 249 432 404 466; x_wconf 88' lang='lat' dir='ltr'><strong>relinquunt</strong></span> <span class='ocrx_word' id='word_1_42' title='bbox 424 433 599 464; x_wconf 87' lang='lat' dir='ltr'><strong>intentatum,</strong></span> <span class='ocrx_word' id='word_1_43' title='bbox 621 430 757 458; x_wconf 83' lang='lat' dir='ltr'><strong>hominem</strong></span> <span class='ocrx_word' id='word_1_44' title='bbox 786 431 875 458; x_wconf 75' lang='lat' dir='ltr'><strong>facere</strong></span> <span class='ocrx_word' id='word_1_45' title='bbox 889 429 986 462; x_wconf 86' lang='lat' dir='ltr'><strong>Deum,</strong></span> <span class='ocrx_word' id='word_1_46' title='bbox 1009 434 1037 456; x_wconf 89' lang='lat' dir='ltr'><strong>et</strong></span> 
     </span>
    </p>
   </div>
   <div class='ocr_carea' id='block_1_8' title="bbox 217 478 1034 514">
    <p class='ocr_par' dir='ltr' id='par_1_8' title="bbox 217 478 1034 514">
     <span class='ocr_line' id='line_1_8' title="bbox 217 478 1034 514; baseline -0.001 -7"><span class='ocrx_word' id='word_1_47' title='bbox 217 509 221 514; x_wconf 69' lang='grc'>,</span> <span class='ocrx_word' id='word_1_48' title='bbox 247 481 275 507; x_wconf 90' lang='lat' dir='ltr'><strong>in</strong></span> <span class='ocrx_word' id='word_1_49' title='bbox 295 487 402 507; x_wconf 76' lang='lat' dir='ltr'><strong>sacram</strong></span> <span class='ocrx_word' id='word_1_50' title='bbox 420 480 550 507; x_wconf 76' lang='lat' dir='ltr'><strong>extollere</strong></span> <span class='ocrx_word' id='word_1_51' title='bbox 578 479 744 507; x_wconf 83' lang='lat' dir='ltr'><strong>columnam.</strong></span> <span class='ocrx_word' id='word_1_52' title='bbox 765 479 890 505; x_wconf 86' lang='lat' dir='ltr'><strong>Attamen</strong></span> <span class='ocrx_word' id='word_1_53' title='bbox 915 478 1034 506; x_wconf 86' lang='lat' dir='ltr'><strong>divinum</strong></span> 
     </span>
    </p>
   </div>
   <div class='ocr_carea' id='block_1_9' title="bbox 247 525 1035 561">
    <p class='ocr_par' dir='ltr' id='par_1_9' title="bbox 247 525 1035 561">
     <span class='ocr_line' id='line_1_9' title="bbox 247 525 1035 561; baseline 0.001 -9"><span class='ocrx_word' id='word_1_54' title='bbox 247 533 279 552; x_wconf 89' lang='lat' dir='ltr'><strong>ac</strong></span> <span class='ocrx_word' id='word_1_55' title='bbox 295 526 491 553; x_wconf 72' lang='lat' dir='ltr'><strong>divinisslmum</strong></span> <span class='ocrx_word' id='word_1_56' title='bbox 510 531 590 561; x_wconf 86' lang='lat' dir='ltr'><strong>atque</strong></span> <span class='ocrx_word' id='word_1_57' title='bbox 599 527 699 558; x_wconf 88' lang='lat' dir='ltr'><strong>divum,</strong></span> <span class='ocrx_word' id='word_1_58' title='bbox 710 532 793 561; x_wconf 83' lang='lat' dir='ltr'><strong>atque</strong></span> <span class='ocrx_word' id='word_1_59' title='bbox 809 525 862 553; x_wconf 77' lang='lat' dir='ltr'><strong>Deo</strong></span> <span class='ocrx_word' id='word_1_60' title='bbox 872 525 987 552; x_wconf 77' lang='lat' dir='ltr'><strong>similent</strong></span> <span class='ocrx_word' id='word_1_61' title='bbox 1007 530 1035 553; x_wconf 92' lang='lat' dir='ltr'><strong>et</strong></span> 
     </span>
    </p>
   </div>
   <div class='ocr_carea' id='block_1_10' title="bbox 246 571 1034 605">
    <p class='ocr_par' dir='ltr' id='par_1_10' title="bbox 246 571 1034 605">
     <span class='ocr_line' id='line_1_10' title="bbox 246 571 1034 605; baseline 0 -7"><span class='ocrx_word' id='word_1_62' title='bbox 246 572 301 598; x_wconf 84' lang='lat' dir='ltr'><strong>Deo</strong></span> <span class='ocrx_word' id='word_1_63' title='bbox 314 579 405 605; x_wconf 83' lang='lat' dir='ltr'><strong>parem</strong></span> <span class='ocrx_word' id='word_1_64' title='bbox 418 577 443 599; x_wconf 88' lang='lat' dir='ltr'><strong>et</strong></span> <span class='ocrx_word' id='word_1_65' title='bbox 466 572 509 598; x_wconf 86' lang='lat' dir='ltr'><strong>Dei</strong></span> <span class='ocrx_word' id='word_1_66' title='bbox 526 572 663 605; x_wconf 82' lang='lat' dir='ltr'><strong>aemulum,</strong></span> <span class='ocrx_word' id='word_1_67' title='bbox 684 577 710 598; x_wconf 88' lang='lat' dir='ltr'><strong>et</strong></span> <span class='ocrx_word' id='word_1_68' title='bbox 725 573 747 598; x_wconf 88' lang='lat' dir='ltr'><strong>si</strong></span> <span class='ocrx_word' id='word_1_69' title='bbox 779 573 849 605; x_wconf 88' lang='lat' dir='ltr'><strong>quod</strong></span> <span class='ocrx_word' id='word_1_70' title='bbox 873 576 915 598; x_wconf 87' lang='lat' dir='ltr'><strong>est</strong></span> <span class='ocrx_word' id='word_1_71' title='bbox 941 571 1034 604; x_wconf 79' lang='lat' dir='ltr'><strong>hujus-</strong></span> 
     </span>
    </p>
   </div>
   <div class='ocr_carea' id='block_1_11' title="bbox 246 617 1033 653">
    <p class='ocr_par' dir='ltr' id='par_1_11' title="bbox 246 617 1033 653">
     <span class='ocr_line' id='line_1_11' title="bbox 246 617 1033 653; baseline -0.001 -8"><span class='ocrx_word' id='word_1_72' title='bbox 246 619 319 645; x_wconf 92' lang='lat' dir='ltr'><strong>Inodi</strong></span> <span class='ocrx_word' id='word_1_73' title='bbox 334 618 487 645; x_wconf 85' lang='lat' dir='ltr'><strong>venerabile</strong></span> <span class='ocrx_word' id='word_1_74' title='bbox 500 622 709 653; x_wconf 77' lang='lat' dir='ltr'><strong>cognomentum</strong></span> <span class='ocrx_word' id='word_1_75' title='bbox 725 618 883 652; x_wconf 80' lang='lat' dir='ltr'><strong>frequenter</strong></span> <span class='ocrx_word' id='word_1_76' title='bbox 896 617 1033 651; x_wconf 86' lang='lat' dir='ltr'><strong>appellant</strong></span> 
     </span>
    </p>
   </div>
   <div class='ocr_carea' id='block_1_12' title="bbox 245 663 1033 691">
    <p class='ocr_par' dir='ltr' id='par_1_12' title="bbox 245 663 1033 691">
     <span class='ocr_line' id='line_1_12' title="bbox 245 663 1033 691; baseline -0.003 0"><span class='ocrx_word' id='word_1_77' title='bbox 245 664 394 691; x_wconf 84' lang='lat' dir='ltr'><strong>hominem.</strong></span> <span class='ocrx_word' id='word_1_78' title='bbox 418 664 496 690; x_wconf 82' lang='lat' dir='ltr'><strong>Mane</strong></span> <span class='ocrx_word' id='word_1_79' title='bbox 519 671 550 690; x_wconf 76' lang='lat' dir='ltr'><strong>se</strong></span> <span class='ocrx_word' id='word_1_80' title='bbox 573 663 672 690; x_wconf 91' lang='lat' dir='ltr'><strong>lavanti</strong></span> <span class='ocrx_word' id='word_1_81' title='bbox 689 664 806 690; x_wconf 84' lang='lat' dir='ltr'><strong>asistunt</strong></span> <span class='ocrx_word' id='word_1_82' title='bbox 823 672 831 690; x_wconf 91' lang='lat'><strong>:</strong></span> <span class='ocrx_word' id='word_1_83' title='bbox 852 670 866 690; x_wconf 88' lang='lat' dir='ltr'><strong>a</strong></span> <span class='ocrx_word' id='word_1_84' title='bbox 883 664 1033 690; x_wconf 86' lang='lat' dir='ltr'><strong>dmmiente</strong></span> 
     </span>
    </p>
   </div>
   <div class='ocr_carea' id='block_1_13' title="bbox 246 708 1031 744">
    <p class='ocr_par' dir='ltr' id='par_1_13' title="bbox 246 708 1031 744">
     <span class='ocr_line' id='line_1_13' title="bbox 246 708 1031 744; baseline -0.003 -8"><span class='ocrx_word' id='word_1_85' title='bbox 246 709 342 737; x_wconf 83' lang='lat' dir='ltr'><strong>sedulo</strong></span> <span class='ocrx_word' id='word_1_86' title='bbox 356 716 462 736; x_wconf 86' lang='lat' dir='ltr'><strong>muscas</strong></span> <span class='ocrx_word' id='word_1_87' title='bbox 480 709 610 744; x_wconf 77' lang='lat' dir='ltr'><strong>abigunt;</strong></span> <span class='ocrx_word' id='word_1_88' title='bbox 624 708 748 743; x_wconf 84' lang='lat' dir='ltr'><strong>spnentis</strong></span> <span class='ocrx_word' id='word_1_89' title='bbox 760 716 814 735; x_wconf 92' lang='lat' dir='ltr'><strong>non</strong></span> <span class='ocrx_word' id='word_1_90' title='bbox 825 708 919 735; x_wconf 79' lang='lat' dir='ltr'><strong>sinunt</strong></span> <span class='ocrx_word' id='word_1_91' title='bbox 932 708 1031 734; x_wconf 81' lang='lat' dir='ltr'><strong>calcari</strong></span> 
     </span>
    </p>
   </div>
   <div class='ocr_carea' id='block_1_14' title="bbox 244 755 1031 788">
    <p class='ocr_par' dir='ltr' id='par_1_14' title="bbox 244 755 1031 788">
     <span class='ocr_line' id='line_1_14' title="bbox 244 755 1031 788; baseline -0.001 -5"><span class='ocrx_word' id='word_1_92' title='bbox 244 757 375 788; x_wconf 66' lang='lat' dir='ltr'><strong>salivam,</strong></span> <span class='ocrx_word' id='word_1_93' title='bbox 406 763 459 782; x_wconf 82' lang='lat' dir='ltr'><strong>non</strong></span> <span class='ocrx_word' id='word_1_94' title='bbox 497 755 667 783; x_wconf 72' lang='lat' dir='ltr'><strong>fastidiosam</strong></span> <span class='ocrx_word' id='word_1_95' title='bbox 692 755 763 782; x_wconf 85' lang='lat' dir='ltr'><strong>illam</strong></span> <span class='ocrx_word' id='word_1_96' title='bbox 792 762 853 782; x_wconf 85' lang='lat' dir='ltr'><strong>esse</strong></span> <span class='ocrx_word' id='word_1_97' title='bbox 886 759 1031 788; x_wconf 82' lang='lat' dir='ltr'><strong>putantes.</strong></span> 
     </span>
    </p>
   </div>
   <div class='ocr_carea' id='block_1_15' title="bbox 244 801 1030 836">
    <p class='ocr_par' dir='ltr' id='par_1_15' title="bbox 244 801 1030 836">
     <span class='ocr_line' id='line_1_15' title="bbox 244 801 1030 836; baseline -0.001 -8"><span class='ocrx_word' id='word_1_98' title='bbox 244 802 292 829; x_wconf 84' lang='lat' dir='ltr'><strong>sed</strong></span> <span class='ocrx_word' id='word_1_99' title='bbox 309 809 443 829; x_wconf 69' lang='lat' dir='ltr'><strong>amtruam</strong></span> <span class='ocrx_word' id='word_1_100' title='bbox 467 801 538 829; x_wconf 88' lang='lat' dir='ltr'><strong>visu.</strong></span> <span class='ocrx_word' id='word_1_101' title='bbox 556 801 754 829; x_wconf 84' lang='lat' dir='ltr'><strong>Ascendentem</strong></span> <span class='ocrx_word' id='word_1_102' title='bbox 770 801 797 828; x_wconf 91' lang='lat' dir='ltr'><strong>iu</strong></span> <span class='ocrx_word' id='word_1_103' title='bbox 819 801 962 836; x_wconf 76' lang='lat' dir='ltr'><strong>subjugale</strong></span> <span class='ocrx_word' id='word_1_104' title='bbox 979 801 1030 827; x_wconf 88' lang='lat' dir='ltr'><strong>bu-</strong></span> 
     </span>
    </p>
   </div>
   <div class='ocr_carea' id='block_1_16' title="bbox 245 846 1031 880">
    <p class='ocr_par' dir='ltr' id='par_1_16' title="bbox 245 846 1031 880">
     <span class='ocr_line' id='line_1_16' title="bbox 245 846 1031 880; baseline -0.004 -5"><span class='ocrx_word' id='word_1_105' title='bbox 245 849 328 875; x_wconf 84' lang='lat' dir='ltr'><strong>meris</strong></span> <span class='ocrx_word' id='word_1_106' title='bbox 343 847 490 880; x_wconf 78' lang='lat' dir='ltr'><strong>extollunt,</strong></span> <span class='ocrx_word' id='word_1_107' title='bbox 506 853 533 874; x_wconf 88' lang='lat' dir='ltr'><strong>et</strong></span> <span class='ocrx_word' id='word_1_108' title='bbox 555 848 727 874; x_wconf 71' lang='lat' dir='ltr'><strong>adhaerentes</strong></span> <span class='ocrx_word' id='word_1_109' title='bbox 749 847 806 878; x_wconf 87' lang='lat' dir='ltr'><strong>illi.</strong></span> <span class='ocrx_word' id='word_1_110' title='bbox 829 846 913 873; x_wconf 74' lang='grc' dir='ltr'>ννΙιιιί</span> <span class='ocrx_word' id='word_1_111' title='bbox 931 853 1031 873; x_wconf 73' lang='lat' dir='ltr'><strong>muscae</strong></span> 
     </span>
    </p>
   </div>
   <div class='ocr_carea' id='block_1_17' title="bbox 245 893 1028 929">
    <p class='ocr_par' dir='ltr' id='par_1_17' title="bbox 245 893 1028 929">
     <span class='ocr_line' id='line_1_17' title="bbox 245 893 1028 929; baseline -0.004 -7"><span class='ocrx_word' id='word_1_112' title='bbox 245 895 378 929; x_wconf 86' lang='lat' dir='ltr'><strong>cnpediis,</strong></span> <span class='ocrx_word' id='word_1_113' title='bbox 402 895 436 921; x_wconf 89' lang='lat' dir='ltr'><strong>de</strong></span> <span class='ocrx_word' id='word_1_114' title='bbox 466 894 555 921; x_wconf 86' lang='lat' dir='ltr'><strong>reditu</strong></span> <span class='ocrx_word' id='word_1_115' title='bbox 588 901 749 928; x_wconf 80' lang='lat' dir='ltr'><strong>persuasum</strong></span> <span class='ocrx_word' id='word_1_116' title='bbox 780 894 881 920; x_wconf 89' lang='lat' dir='ltr'><strong>habere</strong></span> <span class='ocrx_word' id='word_1_117' title='bbox 921 893 1028 920; x_wconf 85' lang='lat' dir='ltr'><strong>uolunt.</strong></span> 
     </span>
    </p>
   </div>
   <div class='ocr_carea' id='block_1_18' title="bbox 245 939 1029 976">
    <p class='ocr_par' dir='ltr' id='par_1_18' title="bbox 245 939 1029 976">
     <span class='ocr_line' id='line_1_18' title="bbox 245 939 1029 976; baseline -0.003 -8"><span class='ocrx_word' id='word_1_118' title='bbox 245 943 381 968; x_wconf 78' lang='lat' dir='ltr'><strong>Enarrant</strong></span> <span class='ocrx_word' id='word_1_119' title='bbox 401 948 509 976; x_wconf 85' lang='lat' dir='ltr'><strong>quoque</strong></span> <span class='ocrx_word' id='word_1_120' title='bbox 533 941 697 974; x_wconf 78' lang='lat' dir='ltr'><strong>calumnias,</strong></span> <span class='ocrx_word' id='word_1_121' title='bbox 715 945 809 968; x_wconf 86' lang='lat' dir='ltr'><strong>contra</strong></span> <span class='ocrx_word' id='word_1_122' title='bbox 833 947 912 975; x_wconf 80' lang='lat' dir='ltr'><strong>quas.</strong></span> <span class='ocrx_word' id='word_1_123' title='bbox 939 939 1029 966; x_wconf 87' lang='lat' dir='ltr'><strong>amico</strong></span> 
     </span>
    </p>
   </div>
   <div class='ocr_carea' id='block_1_19' title="bbox 244 987 1032 1023">
    <p class='ocr_par' dir='ltr' id='par_1_19' title="bbox 244 987 1032 1023">
     <span class='ocr_line' id='line_1_19' title="bbox 244 987 1032 1023; baseline -0.003 -8"><span class='ocrx_word' id='word_1_124' title='bbox 244 989 375 1020; x_wconf 85' lang='lat' dir='ltr'><strong>intentas.</strong></span> <span class='ocrx_word' id='word_1_125' title='bbox 392 988 445 1023; x_wconf 83' lang='lat' dir='ltr'><strong>ipsi</strong></span> <span class='ocrx_word' id='word_1_126' title='bbox 465 996 532 1016; x_wconf 88' lang='lat' dir='ltr'><strong>sane</strong></span> <span class='ocrx_word' id='word_1_127' title='bbox 550 990 738 1020; x_wconf 77' lang='lat' dir='ltr'><strong>decertaruut,</strong></span> <span class='ocrx_word' id='word_1_128' title='bbox 757 995 878 1022; x_wconf 85' lang='lat' dir='ltr'><strong>quasque</strong></span> <span class='ocrx_word' id='word_1_129' title='bbox 905 987 1032 1014; x_wconf 76' lang='lat' dir='ltr'><strong>confuta-</strong></span> 
     </span>
    </p>
   </div>
   <div class='ocr_carea' id='block_1_20' title="bbox 244 1034 1026 1068">
    <p class='ocr_par' dir='ltr' id='par_1_20' title="bbox 244 1034 1026 1068">
     <span class='ocr_line' id='line_1_20' title="bbox 244 1034 1026 1068; baseline -0.001 -7"><span class='ocrx_word' id='word_1_130' title='bbox 244 1040 391 1067; x_wconf 90' lang='lat' dir='ltr'><strong>verunl,et</strong></span> <span class='ocrx_word' id='word_1_131' title='bbox 412 1035 484 1068; x_wconf 88' lang='lat' dir='ltr'><strong>ipsas</strong></span> <span class='ocrx_word' id='word_1_132' title='bbox 503 1042 556 1061; x_wconf 92' lang='lat' dir='ltr'><strong>non</strong></span> <span class='ocrx_word' id='word_1_133' title='bbox 582 1041 673 1067; x_wconf 85' lang='lat' dir='ltr'><strong>veras,</strong></span> <span class='ocrx_word' id='word_1_134' title='bbox 697 1035 744 1062; x_wconf 80' lang='lat' dir='ltr'><strong>sed</strong></span> <span class='ocrx_word' id='word_1_135' title='bbox 768 1034 858 1066; x_wconf 82' lang='lat' dir='ltr'><strong>ﬂetus,</strong></span> <span class='ocrx_word' id='word_1_136' title='bbox 885 1034 1026 1061; x_wconf 77' lang='lat' dir='ltr'><strong>scelerati.</strong></span> 
     </span>
    </p>
   </div>
   <div class='ocr_carea' id='block_1_21' title="bbox 240 1078 1028 1115">
    <p class='ocr_par' dir='ltr' id='par_1_21' title="bbox 240 1078 1028 1115">
     <span class='ocr_line' id='line_1_21' title="bbox 240 1078 1028 1115; baseline -0.001 -7"><span class='ocrx_word' id='word_1_137' title='bbox 240 1078 389 1108; x_wconf 80' lang='lat' dir='ltr'><strong>Adulatutn&#39;</strong></span> <span class='ocrx_word' id='word_1_138' title='bbox 412 1081 451 1107; x_wconf 86' lang='lat' dir='ltr'><strong>sic</strong></span> <span class='ocrx_word' id='word_1_139' title='bbox 474 1081 578 1108; x_wconf 81' lang='lat' dir='ltr'><strong>ironice</strong></span> <span class='ocrx_word' id='word_1_140' title='bbox 603 1081 653 1115; x_wconf 84' lang='lat' dir='ltr'><strong>ipsi</strong></span> <span class='ocrx_word' id='word_1_141' title='bbox 674 1080 840 1108; x_wconf 85' lang='lat' dir='ltr'><strong>contumelia</strong></span> <span class='ocrx_word' id='word_1_142' title='bbox 865 1079 1028 1113; x_wconf 80' lang='lat' dir='ltr'><strong>allicientes,</strong></span> 
     </span>
    </p>
   </div>
   <div class='ocr_carea' id='block_1_22' title="bbox 241 1127 1029 1160">
    <p class='ocr_par' dir='ltr' id='par_1_22' title="bbox 241 1127 1029 1160">
     <span class='ocr_line' id='line_1_22' title="bbox 241 1127 1029 1160; baseline 0.001 -7"><span class='ocrx_word' id='word_1_143' title='bbox 241 1133 337 1160; x_wconf 71' lang='lat' dir='ltr'><strong>argute</strong></span> <span class='ocrx_word' id='word_1_144' title='bbox 365 1127 615 1154; x_wconf 79' lang='lat' dir='ltr'><strong>comminiscuntur</strong></span> <span class='ocrx_word' id='word_1_145' title='bbox 637 1127 698 1154; x_wconf 80' lang='lat' dir='ltr'><strong>vita:</strong></span> <span class='ocrx_word' id='word_1_146' title='bbox 734 1127 960 1154; x_wconf 83' lang='lat' dir='ltr'><strong>communitatem</strong></span> <span class='ocrx_word' id='word_1_147' title='bbox 1002 1132 1029 1154; x_wconf 84' lang='lat' dir='ltr'><strong>et</strong></span> 
     </span>
    </p>
   </div>
   <div class='ocr_carea' id='block_1_23' title="bbox 241 1172 1029 1207">
    <p class='ocr_par' dir='ltr' id='par_1_23' title="bbox 241 1172 1029 1207">
     <span class='ocr_line' id='line_1_23' title="bbox 241 1172 1029 1207; baseline 0 -7"><span class='ocrx_word' id='word_1_148' title='bbox 241 1173 403 1201; x_wconf 70' lang='lat' dir='ltr'><strong>substantia:</strong></span> <span class='ocrx_word' id='word_1_149' title='bbox 414 1173 644 1205; x_wconf 83' lang='lat' dir='ltr'><strong>distributionem,</strong></span> <span class='ocrx_word' id='word_1_150' title='bbox 661 1172 716 1200; x_wconf 80' lang='lat' dir='ltr'><strong>vini</strong></span> <span class='ocrx_word' id='word_1_151' title='bbox 728 1172 886 1207; x_wconf 84' lang='lat' dir='ltr'><strong>amphoras,</strong></span> <span class='ocrx_word' id='word_1_152' title='bbox 903 1178 930 1201; x_wconf 88' lang='lat' dir='ltr'><strong>et</strong></span> <span class='ocrx_word' id='word_1_153' title='bbox 960 1173 1029 1200; x_wconf 84' lang='lat' dir='ltr'><strong>alios</strong></span> 
     </span>
    </p>
   </div>
   <div class='ocr_carea' id='block_1_24' title="bbox 241 1219 1028 1253">
    <p class='ocr_par' dir='ltr' id='par_1_24' title="bbox 241 1219 1028 1253">
     <span class='ocr_line' id='line_1_24' title="bbox 241 1219 1028 1253; baseline -0.001 -7"><span class='ocrx_word' id='word_1_154' title='bbox 241 1219 363 1247; x_wconf 80' lang='lat' dir='ltr'><strong>autumni</strong></span> <span class='ocrx_word' id='word_1_155' title='bbox 401 1219 516 1251; x_wconf 78' lang='lat' dir='ltr'><strong>fructus,</strong></span> <span class='ocrx_word' id='word_1_156' title='bbox 546 1226 574 1247; x_wconf 91' lang='lat' dir='ltr'><strong>et</strong></span> <span class='ocrx_word' id='word_1_157' title='bbox 608 1220 713 1247; x_wconf 78' lang='lat' dir='ltr'><strong>calinos</strong></span> <span class='ocrx_word' id='word_1_158' title='bbox 745 1219 876 1253; x_wconf 87' lang='lat' dir='ltr'><strong>placentis</strong></span> <span class='ocrx_word' id='word_1_159' title='bbox 903 1220 1028 1252; x_wconf 80' lang='lat' dir='ltr'><strong>refertos,</strong></span> 
     </span>
    </p>
   </div>
   <div class='ocr_carea' id='block_1_25' title="bbox 240 1265 1029 1301">
    <p class='ocr_par' dir='ltr' id='par_1_25' title="bbox 240 1265 1029 1301">
     <span class='ocr_line' id='line_1_25' title="bbox 240 1265 1029 1301; baseline -0.001 -8"><span class='ocrx_word' id='word_1_160' title='bbox 240 1266 278 1294; x_wconf 91' lang='lat' dir='ltr'><strong>illi</strong></span> <span class='ocrx_word' id='word_1_161' title='bbox 301 1266 481 1301; x_wconf 82' lang='lat' dir='ltr'><strong>prolereutes.</strong></span> <span class='ocrx_word' id='word_1_162' title='bbox 501 1265 535 1293; x_wconf 84' lang='lat' dir='ltr'><strong>Et</strong></span> <span class='ocrx_word' id='word_1_163' title='bbox 558 1267 744 1294; x_wconf 73' lang='lat' dir='ltr'><strong>comedentetn</strong></span> <span class='ocrx_word' id='word_1_164' title='bbox 768 1267 876 1300; x_wconf 84' lang='lat' dir='ltr'><strong>quidem</strong></span> <span class='ocrx_word' id='word_1_165' title='bbox 890 1272 916 1293; x_wconf 92' lang='lat' dir='ltr'><strong>et</strong></span> <span class='ocrx_word' id='word_1_166' title='bbox 933 1266 1029 1293; x_wconf 89' lang='lat' dir='ltr'><strong>hiben-</strong></span> 
     </span>
    </p>
   </div>
   <div class='ocr_carea' id='block_1_26' title="bbox 238 1312 1027 1348">
    <p class='ocr_par' dir='ltr' id='par_1_26' title="bbox 238 1312 1027 1348">
     <span class='ocr_line' id='line_1_26' title="bbox 238 1312 1027 1348; baseline -0.003 -8"><span class='ocrx_word' id='word_1_167' title='bbox 238 1317 292 1340; x_wconf 84' lang='lat' dir='ltr'><strong>tetn</strong></span> <span class='ocrx_word' id='word_1_168' title='bbox 308 1313 340 1340; x_wconf 92' lang='lat' dir='ltr'><strong>ad</strong></span> <span class='ocrx_word' id='word_1_169' title='bbox 360 1314 597 1348; x_wconf 83' lang='lat' dir='ltr'><strong>intemperantiam</strong></span> <span class='ocrx_word' id='word_1_170' title='bbox 617 1313 779 1345; x_wconf 85' lang='lat' dir='ltr'><strong>incitaut,nt</strong></span> <span class='ocrx_word' id='word_1_171' title='bbox 796 1312 846 1348; x_wconf 86' lang='lat' dir='ltr'><strong>ipsi</strong></span> <span class='ocrx_word' id='word_1_172' title='bbox 864 1317 1027 1347; x_wconf 65' lang='lat' dir='ltr'><strong>praetexunt,</strong></span> 
     </span>
    </p>
   </div>
   <div class='ocr_carea' id='block_1_27' title="bbox 237 1352 1027 1395">
    <p class='ocr_par' dir='ltr' id='par_1_27' title="bbox 237 1352 1027 1395">
     <span class='ocr_line' id='line_1_27' title="bbox 237 1352 1027 1395; baseline 0.001 -9"><span class='ocrx_word' id='word_1_173' title='bbox 237 1360 270 1386; x_wconf 82' lang='lat' dir='ltr'><strong>ad</strong></span> <span class='ocrx_word' id='word_1_174' title='bbox 289 1360 350 1387; x_wconf 73' lang='lat' dir='ltr'><strong>vita:</strong></span> <span class='ocrx_word' id='word_1_175' title='bbox 369 1361 608 1392; x_wconf 87' lang='lat' dir='ltr'><strong>sustentationem,</strong></span> <span class='ocrx_word' id='word_1_176' title='bbox 633 1352 680 1387; x_wconf 80' lang='lat' dir='ltr'><strong>sed</strong></span> <span class='ocrx_word' id='word_1_177' title='bbox 704 1360 771 1386; x_wconf 89' lang='lat' dir='ltr'><strong>alias</strong></span> <span class='ocrx_word' id='word_1_178' title='bbox 799 1366 881 1395; x_wconf 90' lang='lat' dir='ltr'><strong>puto,</strong></span> <span class='ocrx_word' id='word_1_179' title='bbox 899 1365 925 1385; x_wconf 92' lang='lat' dir='ltr'><strong>nt</strong></span> <span class='ocrx_word' id='word_1_180' title='bbox 943 1359 1027 1393; x_wconf 80' lang='lat' dir='ltr'><strong>ipsius</strong></span> 
     </span>
    </p>
   </div>
   <div class='ocr_carea' id='block_1_28' title="bbox 238 1405 1025 1440">
    <p class='ocr_par' dir='ltr' id='par_1_28' title="bbox 238 1405 1025 1440">
     <span class='ocr_line' id='line_1_28' title="bbox 238 1405 1025 1440; baseline 0.003 -10"><span class='ocrx_word' id='word_1_181' title='bbox 238 1406 328 1440; x_wconf 78' lang='lat' dir='ltr'><strong>gulam</strong></span> <span class='ocrx_word' id='word_1_182' title='bbox 342 1405 554 1439; x_wconf 84' lang='lat' dir='ltr'><strong>ebrietatctuque</strong></span> <span class='ocrx_word' id='word_1_183' title='bbox 573 1406 637 1433; x_wconf 70' lang='lat' dir='ltr'><strong>uisui</strong></span> <span class='ocrx_word' id='word_1_184' title='bbox 655 1406 772 1433; x_wconf 85' lang='lat' dir='ltr'><strong>habeant</strong></span> <span class='ocrx_word' id='word_1_185' title='bbox 791 1415 798 1433; x_wconf 88' lang='lat'><strong>:</strong></span> <span class='ocrx_word' id='word_1_186' title='bbox 820 1413 913 1433; x_wconf 85' lang='lat' dir='ltr'><strong>verum</strong></span> <span class='ocrx_word' id='word_1_187' title='bbox 932 1406 954 1433; x_wconf 90' lang='lat' dir='ltr'><strong>si</strong></span> <span class='ocrx_word' id='word_1_188' title='bbox 973 1413 1025 1432; x_wconf 90' lang='lat' dir='ltr'><strong>non</strong></span> 
     </span>
    </p>
   </div>
   <div class='ocr_carea' id='block_1_29' title="bbox 238 1452 1027 1486">
    <p class='ocr_par' dir='ltr' id='par_1_29' title="bbox 238 1452 1027 1486">
     <span class='ocr_line' id='line_1_29' title="bbox 238 1452 1027 1486; baseline 0 -8"><span class='ocrx_word' id='word_1_189' title='bbox 238 1452 365 1479; x_wconf 77' lang='lat' dir='ltr'><strong>satiatnm</strong></span> <span class='ocrx_word' id='word_1_190' title='bbox 385 1452 459 1478; x_wconf 89' lang='lat' dir='ltr'><strong>illum</strong></span> <span class='ocrx_word' id='word_1_191' title='bbox 480 1459 552 1486; x_wconf 70' lang='lat' dir='ltr'><strong>aegre</strong></span> <span class='ocrx_word' id='word_1_192' title='bbox 574 1452 666 1480; x_wconf 76' lang='lat' dir='ltr'><strong>ferunt</strong></span> <span class='ocrx_word' id='word_1_193' title='bbox 687 1453 713 1479; x_wconf 95' lang='lat' dir='ltr'><strong>in</strong></span> <span class='ocrx_word' id='word_1_194' title='bbox 739 1452 914 1486; x_wconf 80' lang='lat' dir='ltr'><strong>apparentia,</strong></span> <span class='ocrx_word' id='word_1_195' title='bbox 940 1452 1027 1486; x_wconf 74' lang='lat' dir='ltr'><strong>magis</strong></span> 
     </span>
    </p>
   </div>
   <div class='ocr_carea' id='block_1_30' title="bbox 237 1498 1025 1534">
    <p class='ocr_par' dir='ltr' id='par_1_30' title="bbox 237 1498 1025 1534">
     <span class='ocr_line' id='line_1_30' title="bbox 237 1498 1025 1534; baseline 0.003 -10"><span class='ocrx_word' id='word_1_196' title='bbox 237 1502 329 1527; x_wconf 80' lang='lat' dir='ltr'><strong>tamen</strong></span> <span class='ocrx_word' id='word_1_197' title='bbox 353 1499 513 1533; x_wconf 78' lang='lat' dir='ltr'><strong>gauderent,</strong></span> <span class='ocrx_word' id='word_1_198' title='bbox 535 1499 606 1533; x_wconf 87' lang='lat' dir='ltr'><strong>quod</strong></span> <span class='ocrx_word' id='word_1_199' title='bbox 627 1499 677 1534; x_wconf 84' lang='lat' dir='ltr'><strong>ipsi</strong></span> <span class='ocrx_word' id='word_1_200' title='bbox 694 1498 766 1526; x_wconf 86' lang='lat' dir='ltr'><strong>laute</strong></span> <span class='ocrx_word' id='word_1_201' title='bbox 787 1499 966 1534; x_wconf 82' lang='lat' dir='ltr'><strong>replerentur.</strong></span> <span class='ocrx_word' id='word_1_202' title='bbox 986 1499 1025 1526; x_wconf 83' lang='lat' dir='ltr'><strong>En</strong></span> 
     </span>
    </p>
   </div>
   <div class='ocr_carea' id='block_1_31' title="bbox 237 1544 1025 1580">
    <p class='ocr_par' dir='ltr' id='par_1_31' title="bbox 237 1544 1025 1580">
     <span class='ocr_line' id='line_1_31' title="bbox 237 1544 1025 1580; baseline 0.001 -9"><span class='ocrx_word' id='word_1_203' title='bbox 237 1549 327 1571; x_wconf 82' lang='lat' dir='ltr'><strong>autent</strong></span> <span class='ocrx_word' id='word_1_204' title='bbox 347 1544 446 1578; x_wconf 87' lang='lat' dir='ltr'><strong>aliquid</strong></span> <span class='ocrx_word' id='word_1_205' title='bbox 467 1545 529 1572; x_wconf 91' lang='lat' dir='ltr'><strong>novi</strong></span> <span class='ocrx_word' id='word_1_206' title='bbox 548 1545 632 1579; x_wconf 85' lang='lat' dir='ltr'><strong>magis</strong></span> <span class='ocrx_word' id='word_1_207' title='bbox 648 1553 654 1572; x_wconf 94' lang='lat'>:</span> <span class='ocrx_word' id='word_1_208' title='bbox 672 1545 808 1580; x_wconf 62' lang='lat' dir='ltr'><strong>mysteriis</strong></span> <span class='ocrx_word' id='word_1_209' title='bbox 826 1545 978 1578; x_wconf 85' lang='lat' dir='ltr'><strong>initiantur,</strong></span> <span class='ocrx_word' id='word_1_210' title='bbox 998 1549 1025 1572; x_wconf 91' lang='lat' dir='ltr'><strong>et</strong></span> 
     </span>
    </p>
   </div>
   <div class='ocr_carea' id='block_1_32' title="bbox 235 1590 1059 1628">
    <p class='ocr_par' dir='ltr' id='par_1_32' title="bbox 235 1590 1059 1628">
     <span class='ocr_line' id='line_1_32' title="bbox 235 1590 1059 1628; baseline 0.004 -13"><span class='ocrx_word' id='word_1_211' title='bbox 235 1590 345 1625; x_wconf 83' lang='lat' dir='ltr'><strong>propria</strong></span> <span class='ocrx_word' id='word_1_212' title='bbox 364 1596 485 1624; x_wconf 78' lang='lat' dir='ltr'><strong>Secreta,</strong></span> <span class='ocrx_word' id='word_1_213' title='bbox 503 1598 562 1625; x_wconf 72' lang='lat' dir='ltr'><strong>qua:</strong></span> <span class='ocrx_word' id='word_1_214' title='bbox 580 1593 620 1619; x_wconf 88' lang='lat' dir='ltr'><strong>vel</strong></span> <span class='ocrx_word' id='word_1_215' title='bbox 643 1593 779 1625; x_wconf 80' lang='lat' dir='ltr'><strong>fecerunt,</strong></span> <span class='ocrx_word' id='word_1_216' title='bbox 791 1593 832 1618; x_wconf 87' lang='lat' dir='ltr'><strong>vel</strong></span> <span class='ocrx_word' id='word_1_217' title='bbox 850 1593 1024 1626; x_wconf 75' lang='lat' dir='ltr'><strong>excogitave-</strong></span> <span class='ocrx_word' id='word_1_218' title='bbox 1038 1600 1059 1628; x_wconf 71' lang='grc' dir='ltr'>ο</span> 
     </span>
    </p>
   </div>
   <div class='ocr_carea' id='block_1_33' title="bbox 236 1638 1023 1673">
    <p class='ocr_par' dir='ltr' id='par_1_33' title="bbox 236 1638 1023 1673">
     <span class='ocr_line' id='line_1_33' title="bbox 236 1638 1023 1673; baseline 0.001 -9"><span class='ocrx_word' id='word_1_219' title='bbox 236 1643 312 1670; x_wconf 87' lang='lat' dir='ltr'><strong>runt,</strong></span> <span class='ocrx_word' id='word_1_220' title='bbox 332 1638 463 1669; x_wconf 87' lang='lat' dir='ltr'><strong>revelant,</strong></span> <span class='ocrx_word' id='word_1_221' title='bbox 479 1642 504 1665; x_wconf 87' lang='lat' dir='ltr'><strong>et</strong></span> <span class='ocrx_word' id='word_1_222' title='bbox 522 1638 579 1673; x_wconf 89' lang='lat' dir='ltr'><strong>ipsa</strong></span> <span class='ocrx_word' id='word_1_223' title='bbox 594 1639 728 1673; x_wconf 82' lang='lat' dir='ltr'><strong>pessima;</strong></span> <span class='ocrx_word' id='word_1_224' title='bbox 744 1644 769 1666; x_wconf 88' lang='lat' dir='ltr'><strong>et</strong></span> <span class='ocrx_word' id='word_1_225' title='bbox 787 1643 915 1673; x_wconf 81' lang='lat' dir='ltr'><strong>tauquam</strong></span> <span class='ocrx_word' id='word_1_226' title='bbox 933 1639 1023 1666; x_wconf 87' lang='lat' dir='ltr'><strong>amico</strong></span> 
     </span>
    </p>
   </div>
   <div class='ocr_carea' id='block_1_34' title="bbox 234 1683 1022 1719">
    <p class='ocr_par' dir='ltr' id='par_1_34' title="bbox 234 1683 1022 1719">
     <span class='ocr_line' id='line_1_34' title="bbox 234 1683 1022 1719; baseline 0.001 -9"><span class='ocrx_word' id='word_1_227' title='bbox 234 1683 309 1718; x_wconf 82' lang='lat' dir='ltr'><strong>loqui</strong></span> <span class='ocrx_word' id='word_1_228' title='bbox 327 1685 494 1719; x_wconf 88' lang='lat' dir='ltr'><strong>credereque</strong></span> <span class='ocrx_word' id='word_1_229' title='bbox 515 1690 613 1713; x_wconf 83' lang='lat' dir='ltr'><strong>cuncta</strong></span> <span class='ocrx_word' id='word_1_230' title='bbox 634 1686 661 1713; x_wconf 91' lang='lat' dir='ltr'><strong>in</strong></span> <span class='ocrx_word' id='word_1_231' title='bbox 683 1687 773 1713; x_wconf 87' lang='lat' dir='ltr'><strong>animo</strong></span> <span class='ocrx_word' id='word_1_232' title='bbox 796 1686 930 1719; x_wconf 84' lang='lat' dir='ltr'><strong>reposita,</strong></span> <span class='ocrx_word' id='word_1_233' title='bbox 952 1685 1022 1718; x_wconf 90' lang='lat' dir='ltr'><strong>ausi,</strong></span> 
     </span>
    </p>
   </div>
   <div class='ocr_carea' id='block_1_35' title="bbox 237 1730 1023 1765">
    <p class='ocr_par' dir='ltr' id='par_1_35' title="bbox 237 1730 1023 1765">
     <span class='ocr_line' id='line_1_35' title="bbox 237 1730 1023 1765; baseline 0.003 -8"><span class='ocrx_word' id='word_1_234' title='bbox 237 1730 367 1757; x_wconf 87' lang='lat' dir='ltr'><strong>tuiscrum</strong></span> <span class='ocrx_word' id='word_1_235' title='bbox 384 1736 411 1758; x_wconf 90' lang='lat' dir='ltr'><strong>et</strong></span> <span class='ocrx_word' id='word_1_236' title='bbox 427 1735 491 1758; x_wconf 85' lang='lat' dir='ltr'><strong>tunc</strong></span> <span class='ocrx_word' id='word_1_237' title='bbox 509 1738 659 1765; x_wconf 81' lang='lat' dir='ltr'><strong>provocant</strong></span> <span class='ocrx_word' id='word_1_238' title='bbox 686 1731 718 1758; x_wconf 84' lang='lat' dir='ltr'><strong>ad</strong></span> <span class='ocrx_word' id='word_1_239' title='bbox 735 1734 905 1759; x_wconf 83' lang='lat' dir='ltr'><strong>consortium</strong></span> <span class='ocrx_word' id='word_1_240' title='bbox 917 1752 925 1764; x_wconf 86' lang='grc'>,</span> <span class='ocrx_word' id='word_1_241' title='bbox 947 1737 977 1759; x_wconf 87' lang='lat' dir='ltr'><strong>ut</strong></span> <span class='ocrx_word' id='word_1_242' title='bbox 996 1737 1023 1759; x_wconf 87' lang='lat' dir='ltr'><strong>et</strong></span> 
     </span>
    </p>
   </div>
   <div class='ocr_carea' id='block_1_36' title="bbox 235 1777 1022 1811">
    <p class='ocr_par' dir='ltr' id='par_1_36' title="bbox 235 1777 1022 1811">
     <span class='ocr_line' id='line_1_36' title="bbox 235 1777 1022 1811; baseline 0.004 -7"><span class='ocrx_word' id='word_1_243' title='bbox 235 1777 280 1804; x_wconf 88' lang='lat' dir='ltr'><strong>ille</strong></span> <span class='ocrx_word' id='word_1_244' title='bbox 309 1778 431 1811; x_wconf 59' lang='lat' dir='ltr'><strong>quaedam</strong></span> <span class='ocrx_word' id='word_1_245' title='bbox 460 1784 570 1807; x_wconf 86' lang='lat' dir='ltr'><strong>suorum</strong></span> <span class='ocrx_word' id='word_1_246' title='bbox 597 1784 763 1807; x_wconf 89' lang='lat' dir='ltr'><strong>secretorum</strong></span> <span class='ocrx_word' id='word_1_247' title='bbox 793 1779 958 1806; x_wconf 84' lang='lat' dir='ltr'><strong>manilestet.</strong></span> <span class='ocrx_word' id='word_1_248' title='bbox 989 1779 1022 1807; x_wconf 86' lang='lat' dir='ltr'><strong>Et</strong></span> 
     </span>
    </p>
   </div>
   <div class='ocr_carea' id='block_1_37' title="bbox 236 1824 1020 1863">
    <p class='ocr_par' dir='ltr' id='par_1_37' title="bbox 236 1824 1020 1863">
     <span class='ocr_line' id='line_1_37' title="bbox 236 1824 1020 1863; baseline 0.004 -11"><span class='ocrx_word' id='word_1_249' title='bbox 236 1825 293 1852; x_wconf 67' lang='lat' dir='ltr'><strong>hac</strong></span> <span class='ocrx_word' id='word_1_250' title='bbox 306 1824 413 1860; x_wconf 87' lang='lat' dir='ltr'><strong>quidem</strong></span> <span class='ocrx_word' id='word_1_251' title='bbox 426 1825 476 1861; x_wconf 88' lang='lat' dir='ltr'><strong>ipsi</strong></span> <span class='ocrx_word' id='word_1_252' title='bbox 488 1825 602 1860; x_wconf 88' lang='lat' dir='ltr'><strong>laciunt,</strong></span> <span class='ocrx_word' id='word_1_253' title='bbox 612 1833 638 1856; x_wconf 87' lang='lat' dir='ltr'><strong>et</strong></span> <span class='ocrx_word' id='word_1_254' title='bbox 651 1829 692 1856; x_wconf 88' lang='lat' dir='ltr'><strong>his</strong></span> <span class='ocrx_word' id='word_1_255' title='bbox 708 1828 759 1855; x_wconf 85' lang='lat' dir='ltr'><strong>alia</strong></span> <span class='ocrx_word' id='word_1_256' title='bbox 771 1828 849 1863; x_wconf 88' lang='lat' dir='ltr'><strong>plura</strong></span> <span class='ocrx_word' id='word_1_257' title='bbox 863 1829 1020 1863; x_wconf 84' lang='lat' dir='ltr'><strong>pejoraque,</strong></span> 
     </span>
    </p>
   </div>
   <div class='ocr_carea' id='block_1_38' title="bbox 238 1873 1020 1911">
    <p class='ocr_par' dir='ltr' id='par_1_38' title="bbox 238 1873 1020 1911">
     <span class='ocr_line' id='line_1_38' title="bbox 238 1873 1020 1911; baseline 0.009 -13"><span class='ocrx_word' id='word_1_258' title='bbox 238 1879 323 1907; x_wconf 87' lang='lat' dir='ltr'><strong>usque</strong></span> <span class='ocrx_word' id='word_1_259' title='bbox 334 1873 396 1899; x_wconf 90' lang='lat' dir='ltr'><strong>dum</strong></span> <span class='ocrx_word' id='word_1_260' title='bbox 413 1875 558 1908; x_wconf 68' lang='lat' dir='ltr'><strong>praestigiis</strong></span> <span class='ocrx_word' id='word_1_261' title='bbox 572 1875 729 1910; x_wconf 86' lang='lat' dir='ltr'><strong>deceperint</strong></span> <span class='ocrx_word' id='word_1_262' title='bbox 744 1877 906 1909; x_wconf 78' lang='lat' dir='ltr'><strong>inescatum,</strong></span> <span class='ocrx_word' id='word_1_263' title='bbox 927 1877 1020 1911; x_wconf 83' lang='lat' dir='ltr'><strong>illique</strong></span> 
     </span>
    </p>
   </div>
   <div class='ocr_carea' id='block_1_39' title="bbox 235 1920 1019 1957">
    <p class='ocr_par' dir='ltr' id='par_1_39' title="bbox 235 1920 1019 1957">
     <span class='ocr_line' id='line_1_39' title="bbox 235 1920 1019 1957; baseline 0.008 -12"><span class='ocrx_word' id='word_1_264' title='bbox 235 1921 421 1954; x_wconf 77' lang='lat' dir='ltr'><strong>persuaserint</strong></span> <span class='ocrx_word' id='word_1_265' title='bbox 437 1925 467 1947; x_wconf 91' lang='lat' dir='ltr'><strong>ut</strong></span> <span class='ocrx_word' id='word_1_266' title='bbox 482 1920 549 1955; x_wconf 85' lang='lat' dir='ltr'><strong>ipsis</strong></span> <span class='ocrx_word' id='word_1_267' title='bbox 564 1921 682 1949; x_wconf 89' lang='lat' dir='ltr'><strong>conlidat</strong></span> <span class='ocrx_word' id='word_1_268' title='bbox 694 1927 721 1949; x_wconf 92' lang='lat' dir='ltr'><strong>et</strong></span> <span class='ocrx_word' id='word_1_269' title='bbox 737 1923 815 1957; x_wconf 88' lang='lat' dir='ltr'><strong>quasi</strong></span> <span class='ocrx_word' id='word_1_270' title='bbox 829 1923 911 1951; x_wconf 89' lang='lat' dir='ltr'><strong>rectis</strong></span> <span class='ocrx_word' id='word_1_271' title='bbox 924 1924 1019 1952; x_wconf 87' lang='lat' dir='ltr'><strong>amicis</strong></span> 
     </span>
    </p>
   </div>
   <div class='ocr_carea' id='block_1_40' title="bbox 235 1963 1019 2000">
    <p class='ocr_par' dir='ltr' id='par_1_40' title="bbox 235 1963 1019 2000">
     <span class='ocr_line' id='line_1_40' title="bbox 235 1963 1019 2000; baseline 0.006 -6"><span class='ocrx_word' id='word_1_272' title='bbox 235 1967 377 1995; x_wconf 66' lang='lat' dir='ltr'><strong>inhaereat.</strong></span> <span class='ocrx_word' id='word_1_273' title='bbox 395 1968 461 1996; x_wconf 89' lang='lat' dir='ltr'><strong>Cum</strong></span> <span class='ocrx_word' id='word_1_274' title='bbox 477 1963 568 1996; x_wconf 67' lang='lat' dir='ltr'><strong>autem</strong></span> <span class='ocrx_word' id='word_1_275' title='bbox 580 1969 650 1996; x_wconf 88' lang='lat' dir='ltr'><strong>intra</strong></span> <span class='ocrx_word' id='word_1_276' title='bbox 669 1971 737 1997; x_wconf 85' lang='lat' dir='ltr'><strong>retia</strong></span> <span class='ocrx_word' id='word_1_277' title='bbox 750 1971 933 1998; x_wconf 87' lang='lat' dir='ltr'><strong>miserandum</strong></span> <span class='ocrx_word' id='word_1_278' title='bbox 947 1972 1019 2000; x_wconf 85' lang='lat' dir='ltr'><strong>hunc</strong></span> 
     </span>
    </p>
   </div>
   <div class='ocr_carea' id='block_1_41' title="bbox 235 2014 1019 2050">
    <p class='ocr_par' dir='ltr' id='par_1_41' title="bbox 235 2014 1019 2050">
     <span class='ocr_line' id='line_1_41' title="bbox 235 2014 1019 2050; baseline 0.008 -10"><span class='ocrx_word' id='word_1_279' title='bbox 235 2014 422 2049; x_wconf 81' lang='lat' dir='ltr'><strong>passerculum</strong></span> <span class='ocrx_word' id='word_1_280' title='bbox 435 2019 542 2050; x_wconf 84' lang='lat' dir='ltr'><strong>captum</strong></span> <span class='ocrx_word' id='word_1_281' title='bbox 568 2016 743 2050; x_wconf 77' lang='lat' dir='ltr'><strong>retinuerint,</strong></span> <span class='ocrx_word' id='word_1_282' title='bbox 758 2022 820 2044; x_wconf 89' lang='lat' dir='ltr'><strong>tunc</strong></span> <span class='ocrx_word' id='word_1_283' title='bbox 834 2017 1019 2047; x_wconf 85' lang='lat' dir='ltr'><strong>simulationis</strong></span> 
     </span>
    </p>
   </div>
   <div class='ocr_carea' id='block_1_42' title="bbox 235 2062 1020 2102">
    <p class='ocr_par' dir='ltr' id='par_1_42' title="bbox 235 2062 1020 2102">
     <span class='ocr_line' id='line_1_42' title="bbox 235 2062 1020 2102; baseline 0.008 -14"><span class='ocrx_word' id='word_1_284' title='bbox 235 2062 361 2089; x_wconf 84' lang='lat' dir='ltr'><strong>nebulam</strong></span> <span class='ocrx_word' id='word_1_285' title='bbox 383 2062 553 2097; x_wconf 86' lang='lat' dir='ltr'><strong>abjicieutes,</strong></span> <span class='ocrx_word' id='word_1_286' title='bbox 566 2068 708 2098; x_wconf 84' lang='lat' dir='ltr'><strong>apparent,</strong></span> <span class='ocrx_word' id='word_1_287' title='bbox 721 2064 839 2093; x_wconf 84' lang='lat' dir='ltr'><strong>amicitia</strong></span> <span class='ocrx_word' id='word_1_288' title='bbox 852 2072 915 2093; x_wconf 85' lang='lat' dir='ltr'><strong>vera</strong></span> <span class='ocrx_word' id='word_1_289' title='bbox 925 2065 1020 2102; x_wconf 84' lang='lat' dir='ltr'><strong>sicque</strong></span> 
     </span>
    </p>
   </div>
   <div class='ocr_carea' id='block_1_43' title="bbox 234 2108 580 2142">
    <p class='ocr_par' dir='ltr' id='par_1_43' title="bbox 234 2108 580 2142">
     <span class='ocr_line' id='line_1_43' title="bbox 234 2108 580 2142; baseline 0.006 -8"><span class='ocrx_word' id='word_1_290' title='bbox 234 2108 338 2135; x_wconf 83' lang='lat' dir='ltr'><strong>malitia</strong></span> <span class='ocrx_word' id='word_1_291' title='bbox 355 2108 580 2142; x_wconf 87' lang='lat' dir='ltr'><strong>splendidissimi.</strong></span> 
     </span>
    </p>
   </div>
   <div class='ocr_carea' id='block_1_44' title="bbox 271 2154 1018 2196">
    <p class='ocr_par' dir='ltr' id='par_1_44' title="bbox 271 2154 1018 2196">
     <span class='ocr_line' id='line_1_44' title="bbox 271 2154 1018 2196; baseline 0.011 -16"><span class='ocrx_word' id='word_1_292' title='bbox 271 2154 316 2181; x_wconf 69' lang='lat'><strong>1&#39;5.</strong></span> <span class='ocrx_word' id='word_1_293' title='bbox 339 2154 372 2181; x_wconf 90' lang='lat' dir='ltr'><strong>Et</strong></span> <span class='ocrx_word' id='word_1_294' title='bbox 399 2155 534 2188; x_wconf 88' lang='lat' dir='ltr'><strong>quomodo</strong></span> <span class='ocrx_word' id='word_1_295' title='bbox 553 2159 671 2183; x_wconf 82' lang='lat' dir='ltr'><strong>tractent</strong></span> <span class='ocrx_word' id='word_1_296' title='bbox 696 2157 770 2184; x_wconf 88' lang='lat' dir='ltr'><strong>hunc</strong></span> <span class='ocrx_word' id='word_1_297' title='bbox 797 2157 950 2194; x_wconf 85' lang='lat' dir='ltr'><strong>hominem,</strong></span> <span class='ocrx_word' id='word_1_298' title='bbox 966 2167 1018 2196; x_wconf 73' lang='lat' dir='ltr'><strong>ego</strong></span> 
     </span>
    </p>
   </div>
   <div class='ocr_carea' id='block_1_45' title="bbox 236 2199 1017 2234">
    <p class='ocr_par' dir='ltr' id='par_1_45' title="bbox 236 2199 1017 2234">
     <span class='ocr_line' id='line_1_45' title="bbox 236 2199 1017 2234; baseline 0.01 -8"><span class='ocrx_word' id='word_1_299' title='bbox 236 2201 305 2232; x_wconf 87' lang='lat' dir='ltr'><strong>seio,</strong></span> <span class='ocrx_word' id='word_1_300' title='bbox 325 2199 434 2233; x_wconf 79' lang='lat' dir='ltr'><strong>fratres,</strong></span> <span class='ocrx_word' id='word_1_301' title='bbox 451 2205 478 2227; x_wconf 83' lang='lat' dir='ltr'><strong>et</strong></span> <span class='ocrx_word' id='word_1_302' title='bbox 492 2208 539 2228; x_wconf 89' lang='lat' dir='ltr'><strong>vos</strong></span> <span class='ocrx_word' id='word_1_303' title='bbox 548 2201 635 2233; x_wconf 83' lang='lat' dir='ltr'><strong>scitis,</strong></span> <span class='ocrx_word' id='word_1_304' title='bbox 650 2206 679 2229; x_wconf 88' lang='lat' dir='ltr'><strong>et</strong></span> <span class='ocrx_word' id='word_1_305' title='bbox 694 2208 756 2229; x_wconf 86' lang='lat' dir='ltr'><strong>ante</strong></span> <span class='ocrx_word' id='word_1_306' title='bbox 768 2211 816 2231; x_wconf 86' lang='lat' dir='ltr'><strong>vos</strong></span> <span class='ocrx_word' id='word_1_307' title='bbox 829 2205 919 2232; x_wconf 86' lang='lat' dir='ltr'><strong>sciunt</strong></span> <span class='ocrx_word' id='word_1_308' title='bbox 945 2207 1017 2234; x_wconf 82' lang='lat' dir='ltr'><strong>scri-</strong></span> 
     </span>
    </p>
   </div>
   <div class='ocr_carea' id='block_1_46' title="bbox 235 2245 1018 2284">
    <p class='ocr_par' dir='ltr' id='par_1_46' title="bbox 235 2245 1018 2284">
     <span class='ocr_line' id='line_1_46' title="bbox 235 2245 1018 2284; baseline 0.011 -13"><span class='ocrx_word' id='word_1_309' title='bbox 235 2251 338 2280; x_wconf 79' lang='lat' dir='ltr'><strong>plores,</strong></span> <span class='ocrx_word' id='word_1_310' title='bbox 360 2245 414 2272; x_wconf 90' lang='lat' dir='ltr'><strong>imo</strong></span> <span class='ocrx_word' id='word_1_311' title='bbox 428 2245 516 2272; x_wconf 87' lang='lat' dir='ltr'><strong>omnis</strong></span> <span class='ocrx_word' id='word_1_312' title='bbox 542 2247 673 2274; x_wconf 88' lang='lat' dir='ltr'><strong>mundus:</strong></span> <span class='ocrx_word' id='word_1_313' title='bbox 685 2248 756 2275; x_wconf 88' lang='lat' dir='ltr'><strong>unde</strong></span> <span class='ocrx_word' id='word_1_314' title='bbox 768 2249 933 2284; x_wconf 84' lang='lat' dir='ltr'><strong>superﬂuum</strong></span> <span class='ocrx_word' id='word_1_315' title='bbox 945 2256 1018 2280; x_wconf 72' lang='lat' dir='ltr'><strong>esset</strong></span> 
     </span>
    </p>
   </div>
   <div class='ocr_carea' id='block_1_47' title="bbox 235 2291 1017 2334">
    <p class='ocr_par' dir='ltr' id='par_1_47' title="bbox 235 2291 1017 2334">
     <span class='ocr_line' id='line_1_47' title="bbox 235 2291 1017 2334; baseline 0.009 -14"><span class='ocrx_word' id='word_1_316' title='bbox 235 2298 370 2327; x_wconf 75' lang='lat' dir='ltr'><strong>exponere</strong></span> <span class='ocrx_word' id='word_1_317' title='bbox 393 2299 455 2325; x_wconf 74' lang='lat' dir='ltr'><strong>qua:</strong></span> <span class='ocrx_word' id='word_1_318' title='bbox 478 2291 512 2319; x_wconf 84' lang='lat' dir='ltr'><strong>de</strong></span> <span class='ocrx_word' id='word_1_319' title='bbox 530 2297 628 2320; x_wconf 70' lang='lat' dir='ltr'><strong>cmtero</strong></span> <span class='ocrx_word' id='word_1_320' title='bbox 652 2294 745 2322; x_wconf 84' lang='lat' dir='ltr'><strong>auditu</strong></span> <span class='ocrx_word' id='word_1_321' title='bbox 763 2303 817 2323; x_wconf 92' lang='lat' dir='ltr'><strong>non</strong></span> <span class='ocrx_word' id='word_1_322' title='bbox 838 2302 900 2324; x_wconf 89' lang='lat' dir='ltr'><strong>sunt</strong></span> <span class='ocrx_word' id='word_1_323' title='bbox 926 2299 1017 2334; x_wconf 70' lang='lat' dir='ltr'><strong>digna.</strong></span> 
     </span>
    </p>
   </div>
   <div class='ocr_carea' id='block_1_48' title="bbox 237 2338 1019 2374">
    <p class='ocr_par' dir='ltr' id='par_1_48' title="bbox 237 2338 1019 2374">
     <span class='ocr_line' id='line_1_48' title="bbox 237 2338 1019 2374; baseline 0.012 -10"><span class='ocrx_word' id='word_1_324' title='bbox 237 2339 359 2365; x_wconf 84' lang='lat' dir='ltr'><strong>Araneus</strong></span> <span class='ocrx_word' id='word_1_325' title='bbox 379 2338 425 2372; x_wconf 94' lang='lat' dir='ltr'><strong>qui</strong></span> <span class='ocrx_word' id='word_1_326' title='bbox 453 2338 489 2365; x_wconf 86' lang='lat' dir='ltr'><strong>ita</strong></span> <span class='ocrx_word' id='word_1_327' title='bbox 515 2338 649 2371; x_wconf 86' lang='lat' dir='ltr'><strong>culicem,</strong></span> <span class='ocrx_word' id='word_1_328' title='bbox 675 2345 785 2374; x_wconf 83' lang='lat' dir='ltr'><strong>captum</strong></span> <span class='ocrx_word' id='word_1_329' title='bbox 808 2344 913 2371; x_wconf 83' lang='lat' dir='ltr'><strong>retibus</strong></span> <span class='ocrx_word' id='word_1_330' title='bbox 942 2350 1019 2373; x_wconf 81' lang='lat' dir='ltr'><strong>tene-</strong></span> 
     </span>
    </p>
   </div>
   <div class='ocr_carea' id='block_1_49' title="bbox 236 2383 1018 2424">
    <p class='ocr_par' dir='ltr' id='par_1_49' title="bbox 236 2383 1018 2424">
     <span class='ocr_line' id='line_1_49' title="bbox 236 2383 1018 2424; baseline 0.009 -12"><span class='ocrx_word' id='word_1_331' title='bbox 236 2388 289 2417; x_wconf 81' lang='lat' dir='ltr'><strong>ret,</strong></span> <span class='ocrx_word' id='word_1_332' title='bbox 300 2383 494 2411; x_wconf 80' lang='lat' dir='ltr'><strong>anitnalculum</strong></span> <span class='ocrx_word' id='word_1_333' title='bbox 507 2384 666 2414; x_wconf 71' lang='lat' dir='ltr'><strong>oll&#39;enderet.</strong></span> <span class='ocrx_word' id='word_1_334' title='bbox 681 2385 733 2413; x_wconf 84' lang='lat' dir='ltr'><strong>Sed</strong></span> <span class='ocrx_word' id='word_1_335' title='bbox 746 2387 815 2416; x_wconf 88' lang='lat' dir='ltr'><strong>istud</strong></span> <span class='ocrx_word' id='word_1_336' title='bbox 833 2397 881 2424; x_wconf 88' lang='lat' dir='ltr'><strong>per</strong></span> <span class='ocrx_word' id='word_1_337' title='bbox 893 2395 1018 2419; x_wconf 87' lang='lat' dir='ltr'><strong>attenua-</strong></span> 
     </span>
    </p>
   </div>
   <div class='ocr_carea' id='block_1_50' title="bbox 236 2429 1019 2474">
    <p class='ocr_par' dir='ltr' id='par_1_50' title="bbox 236 2429 1019 2474">
     <span class='ocr_line' id='line_1_50' title="bbox 236 2429 1019 2474; baseline 0.013 -18"><span class='ocrx_word' id='word_1_338' title='bbox 236 2431 336 2458; x_wconf 86' lang='lat' dir='ltr'><strong>tionem</strong></span> <span class='ocrx_word' id='word_1_339' title='bbox 349 2430 457 2458; x_wconf 89' lang='lat' dir='ltr'><strong>dicitur.</strong></span> <span class='ocrx_word' id='word_1_340' title='bbox 468 2429 523 2458; x_wconf 86' lang='lat' dir='ltr'><strong>Leo</strong></span> <span class='ocrx_word' id='word_1_341' title='bbox 535 2439 600 2458; x_wconf 90' lang='lat' dir='ltr'><strong>vero</strong></span> <span class='ocrx_word' id='word_1_342' title='bbox 612 2433 652 2460; x_wconf 86' lang='lat' dir='ltr'><strong>sic</strong></span> <span class='ocrx_word' id='word_1_343' title='bbox 663 2433 780 2462; x_wconf 84' lang='lat' dir='ltr'><strong>irrueret</strong></span> <span class='ocrx_word' id='word_1_344' title='bbox 794 2437 850 2470; x_wconf 79' lang='lat' dir='ltr'><strong>ovi,</strong></span> <span class='ocrx_word' id='word_1_345' title='bbox 863 2437 1019 2474; x_wconf 79' lang='lat' dir='ltr'><strong>animalth</strong></span> 
     </span>
    </p>
   </div>
   <div class='ocr_carea' id='block_1_51' title="bbox 238 2476 1016 2513">
    <p class='ocr_par' dir='ltr' id='par_1_51' title="bbox 238 2476 1016 2513">
     <span class='ocr_line' id='line_1_51' title="bbox 238 2476 1016 2513; baseline 0.012 -9"><span class='ocrx_word' id='word_1_346' title='bbox 238 2477 319 2505; x_wconf 86' lang='lat' dir='ltr'><strong>dente</strong></span> <span class='ocrx_word' id='word_1_347' title='bbox 349 2476 526 2512; x_wconf 85' lang='lat' dir='ltr'><strong>discerperet.</strong></span> <span class='ocrx_word' id='word_1_348' title='bbox 541 2478 611 2506; x_wconf 76' lang='lat' dir='ltr'><strong>sicut</strong></span> <span class='ocrx_word' id='word_1_349' title='bbox 643 2479 680 2506; x_wconf 91' lang='lat' dir='ltr'><strong>illi</strong></span> <span class='ocrx_word' id='word_1_350' title='bbox 697 2480 880 2509; x_wconf 75' lang='lat' dir='ltr'><strong>miserandum</strong></span> <span class='ocrx_word' id='word_1_351' title='bbox 897 2485 1016 2513; x_wconf 86' lang='lat' dir='ltr'><strong>amicum</strong></span> 
     </span>
    </p>
   </div>
   <div class='ocr_carea' id='block_1_52' title="bbox 236 2523 1018 2563">
    <p class='ocr_par' dir='ltr' id='par_1_52' title="bbox 236 2523 1018 2563">
     <span class='ocr_line' id='line_1_52' title="bbox 236 2523 1018 2563; baseline 0.012 -14"><span class='ocrx_word' id='word_1_352' title='bbox 236 2523 396 2557; x_wconf 71' lang='lat' dir='ltr'><strong>discerpunt</strong></span> <span class='ocrx_word' id='word_1_353' title='bbox 409 2523 545 2556; x_wconf 63' lang='lat' dir='ltr'><strong>laetantes,</strong></span> <span class='ocrx_word' id='word_1_354' title='bbox 560 2525 614 2553; x_wconf 92' lang='lat' dir='ltr'><strong>imo</strong></span> <span class='ocrx_word' id='word_1_355' title='bbox 629 2533 694 2554; x_wconf 84' lang='lat' dir='ltr'><strong>vero</strong></span> <span class='ocrx_word' id='word_1_356' title='bbox 716 2527 813 2555; x_wconf 78' lang='lat' dir='ltr'><strong>hilaria</strong></span> <span class='ocrx_word' id='word_1_357' title='bbox 829 2535 971 2563; x_wconf 80' lang='lat' dir='ltr'><strong>canentes,</strong></span> <span class='ocrx_word' id='word_1_358' title='bbox 988 2536 1018 2558; x_wconf 92' lang='lat' dir='ltr'><strong>ut</strong></span> 
     </span>
    </p>
   </div>
   <div class='ocr_carea' id='block_1_53' title="bbox 235 2571 1017 2611">
    <p class='ocr_par' dir='ltr' id='par_1_53' title="bbox 235 2571 1017 2611">
     <span class='ocr_line' id='line_1_53' title="bbox 235 2571 1017 2611; baseline 0.009 -14"><span class='ocrx_word' id='word_1_359' title='bbox 235 2571 316 2597; x_wconf 88' lang='lat' dir='ltr'><strong>etiam</strong></span> <span class='ocrx_word' id='word_1_360' title='bbox 331 2577 391 2598; x_wconf 89' lang='lat' dir='ltr'><strong>cum</strong></span> <span class='ocrx_word' id='word_1_361' title='bbox 410 2571 477 2604; x_wconf 89' lang='lat' dir='ltr'><strong>ipsis</strong></span> <span class='ocrx_word' id='word_1_362' title='bbox 489 2571 570 2598; x_wconf 87' lang='lat' dir='ltr'><strong>veluti</strong></span> <span class='ocrx_word' id='word_1_363' title='bbox 584 2572 697 2600; x_wconf 86' lang='lat' dir='ltr'><strong>canibus</strong></span> <span class='ocrx_word' id='word_1_364' title='bbox 713 2574 827 2601; x_wconf 89' lang='lat' dir='ltr'><strong>ludibria</strong></span> <span class='ocrx_word' id='word_1_365' title='bbox 843 2577 1017 2611; x_wconf 81' lang='lat' dir='ltr'><strong>conspician-</strong></span> 
     </span>
    </p>
   </div>
   <div class='ocr_carea' id='block_1_54' title="bbox 235 2615 1016 2650">
    <p class='ocr_par' dir='ltr' id='par_1_54' title="bbox 235 2615 1016 2650">
     <span class='ocr_line' id='line_1_54' title="bbox 235 2615 1016 2650; baseline 0.009 -8"><span class='ocrx_word' id='word_1_366' title='bbox 235 2621 290 2643; x_wconf 88' lang='lat' dir='ltr'><strong>tur.</strong></span> <span class='ocrx_word' id='word_1_367' title='bbox 322 2615 380 2643; x_wconf 79' lang='lat' dir='ltr'><strong>Non</strong></span> <span class='ocrx_word' id='word_1_368' title='bbox 420 2617 492 2643; x_wconf 88' lang='lat' dir='ltr'><strong>enim</strong></span> <span class='ocrx_word' id='word_1_369' title='bbox 525 2617 699 2650; x_wconf 86' lang='lat' dir='ltr'><strong>erubescunt,</strong></span> <span class='ocrx_word' id='word_1_370' title='bbox 732 2621 778 2646; x_wconf 86' lang='lat' dir='ltr'><strong>sed</strong></span> <span class='ocrx_word' id='word_1_371' title='bbox 804 2622 1016 2649; x_wconf 82' lang='lat' dir='ltr'><strong>ostentationem</strong></span> 
     </span>
    </p>
   </div>
   <div class='ocr_carea' id='block_1_55' title="bbox 235 2662 1017 2698">
    <p class='ocr_par' dir='ltr' id='par_1_55' title="bbox 235 2662 1017 2698">
     <span class='ocr_line' id='line_1_55' title="bbox 235 2662 1017 2698; baseline 0.009 -10"><span class='ocrx_word' id='word_1_372' title='bbox 235 2667 338 2693; x_wconf 81' lang='lat' dir='ltr'><strong>amant,</strong></span> <span class='ocrx_word' id='word_1_373' title='bbox 354 2662 434 2696; x_wconf 81' lang='lat' dir='ltr'><strong>quasi</strong></span> <span class='ocrx_word' id='word_1_374' title='bbox 451 2670 498 2696; x_wconf 85' lang='lat' dir='ltr'><strong>per</strong></span> <span class='ocrx_word' id='word_1_375' title='bbox 510 2663 621 2690; x_wconf 83' lang='lat' dir='ltr'><strong>chorum</strong></span> <span class='ocrx_word' id='word_1_376' title='bbox 636 2668 663 2691; x_wconf 86' lang='lat' dir='ltr'><strong>et</strong></span> <span class='ocrx_word' id='word_1_377' title='bbox 675 2666 850 2698; x_wconf 85' lang='lat' dir='ltr'><strong>cantilenam,</strong></span> <span class='ocrx_word' id='word_1_378' title='bbox 867 2666 927 2694; x_wconf 87' lang='lat' dir='ltr'><strong>talia</strong></span> <span class='ocrx_word' id='word_1_379' title='bbox 944 2676 1017 2696; x_wconf 85' lang='lat' dir='ltr'><strong>com—</strong></span> 
     </span>
    </p>
   </div>
   <div class='ocr_carea' id='block_1_56' title="bbox 235 2707 1014 2748">
    <p class='ocr_par' dir='ltr' id='par_1_56' title="bbox 235 2707 1014 2748">
     <span class='ocr_line' id='line_1_56' title="bbox 235 2707 1014 2748; baseline 0.01 -14"><span class='ocrx_word' id='word_1_380' title='bbox 235 2708 341 2742; x_wconf 87' lang='lat' dir='ltr'><strong>plentes</strong></span> <span class='ocrx_word' id='word_1_381' title='bbox 356 2707 383 2734; x_wconf 93' lang='lat' dir='ltr'><strong>bi</strong></span> <span class='ocrx_word' id='word_1_382' title='bbox 400 2710 516 2736; x_wconf 82' lang='lat' dir='ltr'><strong>audaces</strong></span> <span class='ocrx_word' id='word_1_383' title='bbox 532 2712 559 2735; x_wconf 88' lang='lat' dir='ltr'><strong>ct</strong></span> <span class='ocrx_word' id='word_1_384' title='bbox 578 2709 747 2737; x_wconf 82' lang='lat' dir='ltr'><strong>miserabiles</strong></span> <span class='ocrx_word' id='word_1_385' title='bbox 765 2718 773 2736; x_wconf 87' lang='lat'><strong>:</strong></span> <span class='ocrx_word' id='word_1_386' title='bbox 794 2719 875 2739; x_wconf 88' lang='lat' dir='ltr'><strong>unum</strong></span> <span class='ocrx_word' id='word_1_387' title='bbox 892 2714 1014 2748; x_wconf 87' lang='lat' dir='ltr'><strong>quidem,</strong></span> 
     </span>
    </p>
   </div>
   <div class='ocr_carea' id='block_1_57' title="bbox 233 2754 1015 2794">
    <p class='ocr_par' dir='ltr' id='par_1_57' title="bbox 233 2754 1015 2794">
     <span class='ocr_line' id='line_1_57' title="bbox 233 2754 1015 2794; baseline 0.014 -15"><span class='ocrx_word' id='word_1_388' title='bbox 233 2755 303 2788; x_wconf 88' lang='lat' dir='ltr'><strong>quod</strong></span> <span class='ocrx_word' id='word_1_389' title='bbox 315 2754 444 2782; x_wconf 84' lang='lat' dir='ltr'><strong>audacter</strong></span> <span class='ocrx_word' id='word_1_390' title='bbox 454 2755 583 2782; x_wconf 85' lang='lat' dir='ltr'><strong>adversus</strong></span> <span class='ocrx_word' id='word_1_391' title='bbox 592 2756 737 2783; x_wconf 79' lang='lat' dir='ltr'><strong>amicitiam</strong></span> <span class='ocrx_word' id='word_1_392' title='bbox 748 2762 849 2792; x_wconf 80' lang='lat' dir='ltr'><strong>agunt;</strong></span> <span class='ocrx_word' id='word_1_393' title='bbox 860 2759 930 2787; x_wconf 88' lang='lat' dir='ltr'><strong>aliud</strong></span> <span class='ocrx_word' id='word_1_394' title='bbox 941 2769 1015 2794; x_wconf 82' lang='lat' dir='ltr'><strong>vero,</strong></span> 
     </span>
    </p>
   </div>
   <div class='ocr_carea' id='block_1_58' title="bbox 235 2801 675 2829">
    <p class='ocr_par' dir='ltr' id='par_1_58' title="bbox 235 2801 675 2829">
     <span class='ocr_line' id='line_1_58' title="bbox 235 2801 675 2829; baseline 0.005 -2"><span class='ocrx_word' id='word_1_395' title='bbox 235 2801 305 2828; x_wconf 84' lang='lat' dir='ltr'><strong>uuod</strong></span> <span class='ocrx_word' id='word_1_396' title='bbox 323 2801 391 2828; x_wconf 87' lang='lat' dir='ltr'><strong>nihil</strong></span> <span class='ocrx_word' id='word_1_397' title='bbox 407 2801 543 2828; x_wconf 83' lang='lat' dir='ltr'><strong>laudabile</strong></span> <span class='ocrx_word' id='word_1_398' title='bbox 560 2802 675 2829; x_wconf 81' lang='lat' dir='ltr'><strong>faciunt.</strong></span> 
     </span>
    </p>
   </div>
   <div class='ocr_carea' id='block_1_59' title="bbox 268 2888 1014 2925">
    <p class='ocr_par' dir='ltr' id='par_1_59' title="bbox 268 2888 1014 2925">
     <span class='ocr_line' id='line_1_59' title="bbox 268 2888 1014 2925; baseline 0.012 -10"><span class='ocrx_word' id='word_1_399' title='bbox 268 2888 310 2916; x_wconf 71' lang='grc' dir='ltr'><strong>Η.</strong></span> <span class='ocrx_word' id='word_1_400' title='bbox 329 2889 424 2925; x_wconf 74' lang='lat' dir='ltr'><strong>itaque</strong></span> <span class='ocrx_word' id='word_1_401' title='bbox 442 2897 494 2918; x_wconf 81' lang='lat' dir='ltr'><strong>non</strong></span> <span class='ocrx_word' id='word_1_402' title='bbox 507 2889 561 2924; x_wconf 81' lang='lat' dir='ltr'><strong>jam</strong></span> <span class='ocrx_word' id='word_1_403' title='bbox 578 2890 726 2920; x_wconf 81' lang='lat' dir='ltr'><strong>amicitiam</strong></span> <span class='ocrx_word' id='word_1_404' title='bbox 747 2893 938 2924; x_wconf 84' lang='lat' dir='ltr'><strong>blandimentis</strong></span> <span class='ocrx_word' id='word_1_405' title='bbox 955 2896 1014 2924; x_wconf 82' lang='lat' dir='ltr'><strong>alli-</strong></span> 
     </span>
    </p>
   </div>
   <div class='ocr_carea' id='block_1_60' title="bbox 1087 289 1873 327">
    <p class='ocr_par' dir='ltr' id='par_1_60' title="bbox 1087 289 1873 327">
     <span class='ocr_line' id='line_1_60' title="bbox 1087 289 1873 327; baseline 0.004 -11"><span class='ocrx_word' id='word_1_406' title='bbox 1087 289 1160 323; x_wconf 75' lang='grc' dir='ltr'>ὑπὲρ</span> <span class='ocrx_word' id='word_1_407' title='bbox 1174 290 1261 325; x_wconf 83' lang='grc' dir='ltr'>Νιρέα</span> <span class='ocrx_word' id='word_1_408' title='bbox 1273 291 1320 317; x_wconf 83' lang='grc' dir='ltr'><strong>τὸν</strong></span> <span class='ocrx_word' id='word_1_409' title='bbox 1334 291 1540 327; x_wconf 81' lang='grc' dir='ltr'>περιᾳδόμενον.</span> <span class='ocrx_word' id='word_1_410' title='bbox 1556 292 1610 319; x_wconf 77' lang='grc' dir='ltr'><strong>Καὶ</strong></span> <span class='ocrx_word' id='word_1_411' title='bbox 1624 293 1672 320; x_wconf 74' lang='grc' dir='ltr'><strong>ἐπὶ</strong></span> <span class='ocrx_word' id='word_1_412' title='bbox 1684 293 1765 319; x_wconf 77' lang='grc' dir='ltr'>πᾶσιν</span> <span class='ocrx_word' id='word_1_413' title='bbox 1780 293 1873 320; x_wconf 71' lang='grc' dir='ltr'>εὔδαι-</span> 
     </span>
    </p>
   </div>
   <div class='ocr_carea' id='block_1_61' title="bbox 1088 336 1872 375">
    <p class='ocr_par' dir='ltr' id='par_1_61' title="bbox 1088 336 1872 375">
     <span class='ocr_line' id='line_1_61' title="bbox 1088 336 1872 375; baseline 0.005 -13"><span class='ocrx_word' id='word_1_414' title='bbox 1088 337 1181 370; x_wconf 81' lang='grc' dir='ltr'>μονεῖν</span> <span class='ocrx_word' id='word_1_415' title='bbox 1203 336 1250 363; x_wconf 76' lang='grc' dir='ltr'><strong>τὸν</strong></span> <span class='ocrx_word' id='word_1_416' title='bbox 1273 337 1375 372; x_wconf 74' lang='grc' dir='ltr'>κόσμον</span> <span class='ocrx_word' id='word_1_417' title='bbox 1391 338 1483 372; x_wconf 76' lang='grc' dir='ltr'>φασὶν,</span> <span class='ocrx_word' id='word_1_418' title='bbox 1502 339 1542 365; x_wconf 82' lang='grc' dir='ltr'>ὅτι</span> <span class='ocrx_word' id='word_1_419' title='bbox 1561 338 1682 366; x_wconf 82' lang='grc' dir='ltr'>τοιοῦτον</span> <span class='ocrx_word' id='word_1_420' title='bbox 1703 339 1812 375; x_wconf 74' lang='grc' dir='ltr'>εἴληχεν</span> <span class='ocrx_word' id='word_1_421' title='bbox 1825 339 1872 366; x_wconf 79' lang='grc' dir='ltr'><strong>ἄν-</strong></span> 
     </span>
    </p>
   </div>
   <div class='ocr_carea' id='block_1_62' title="bbox 1085 380 1872 418">
    <p class='ocr_par' dir='ltr' id='par_1_62' title="bbox 1085 380 1872 418">
     <span class='ocr_line' id='line_1_62' title="bbox 1085 380 1872 418; baseline 0.004 -11"><span class='ocrx_word' id='word_1_422' title='bbox 1085 380 1137 414; x_wconf 89' lang='grc' dir='ltr'>δρα</span> <span class='ocrx_word' id='word_1_423' title='bbox 1153 382 1191 413; x_wconf 79' lang='lat' dir='ltr'><strong>sl;</strong></span> <span class='ocrx_word' id='word_1_424' title='bbox 1204 383 1393 417; x_wconf 76' lang='grc' dir='ltr'>ὲπικόσμημα.</span> <span class='ocrx_word' id='word_1_425' title='bbox 1412 383 1461 409; x_wconf 82' lang='grc' dir='ltr'>Ἐν</span> <span class='ocrx_word' id='word_1_426' title='bbox 1476 391 1501 410; x_wconf 85' lang='grc' dir='ltr'><strong>τι</strong></span> <span class='ocrx_word' id='word_1_427' title='bbox 1513 383 1625 418; x_wconf 80' lang='grc' dir='ltr'><strong>ἀφιᾶσιν</strong></span> <span class='ocrx_word' id='word_1_428' title='bbox 1640 382 1709 411; x_wconf 64' lang='grc' dir='ltr'>εἶναι</span> <span class='ocrx_word' id='word_1_429' title='bbox 1721 384 1872 411; x_wconf 74' lang='grc' dir='ltr'>ἀσάλευτον</span> 
     </span>
    </p>
   </div>
   <div class='ocr_carea' id='block_1_63' title="bbox 1086 426 1871 464">
    <p class='ocr_par' dir='ltr' id='par_1_63' title="bbox 1086 426 1871 464">
     <span class='ocr_line' id='line_1_63' title="bbox 1086 426 1871 464; baseline 0.005 -11"><span class='ocrx_word' id='word_1_430' title='bbox 1086 426 1127 457; x_wconf 80' lang='grc' dir='ltr'><strong>είς</strong></span> <span class='ocrx_word' id='word_1_431' title='bbox 1159 427 1336 463; x_wconf 74' lang='grc' dir='ltr'>ὑπιρύψωσιν</span> <span class='ocrx_word' id='word_1_432' title='bbox 1356 427 1478 463; x_wconf 76' lang='grc' dir='ltr'><strong>φιλικὴν,</strong></span> <span class='ocrx_word' id='word_1_433' title='bbox 1504 429 1534 455; x_wconf 81' lang='grc' dir='ltr'><strong>τὺ</strong></span> <span class='ocrx_word' id='word_1_434' title='bbox 1563 430 1734 464; x_wconf 84' lang='grc' dir='ltr'>θεοποιῆσαι,</span> <span class='ocrx_word' id='word_1_435' title='bbox 1756 430 1804 456; x_wconf 75' lang='grc' dir='ltr'>καὶ</span> <span class='ocrx_word' id='word_1_436' title='bbox 1830 430 1871 461; x_wconf 80' lang='grc' dir='ltr'><strong>είς</strong></span> 
     </span>
    </p>
   </div>
   <div class='ocr_carea' id='block_1_64' title="bbox 1087 473 1871 510">
    <p class='ocr_par' dir='ltr' id='par_1_64' title="bbox 1087 473 1871 510">
     <span class='ocr_line' id='line_1_64' title="bbox 1087 473 1871 510; baseline 0.003 -10"><span class='ocrx_word' id='word_1_437' title='bbox 1087 473 1165 508; x_wconf 72' lang='grc' dir='ltr'>ίερὰν</span> <span class='ocrx_word' id='word_1_438' title='bbox 1191 475 1292 509; x_wconf 84' lang='grc' dir='ltr'>στήλην</span> <span class='ocrx_word' id='word_1_439' title='bbox 1306 475 1462 509; x_wconf 74' lang='grc' dir='ltr'>ἀναστῆσαι</span> <span class='ocrx_word' id='word_1_440' title='bbox 1475 475 1520 502; x_wconf 81' lang='grc' dir='ltr'>τὸν</span> <span class='ocrx_word' id='word_1_441' title='bbox 1546 475 1701 510; x_wconf 79' lang='grc' dir='ltr'>ἄνθρωπον.</span> <span class='ocrx_word' id='word_1_442' title='bbox 1721 476 1757 502; x_wconf 84' lang='grc' dir='ltr'><strong>Τδ</strong></span> <span class='ocrx_word' id='word_1_443' title='bbox 1778 476 1871 510; x_wconf 78' lang='grc' dir='ltr'>μέντοι</span> 
     </span>
    </p>
   </div>
   <div class='ocr_carea' id='block_1_65' title="bbox 1086 519 1871 549">
    <p class='ocr_par' dir='ltr' id='par_1_65' title="bbox 1086 519 1871 549">
     <span class='ocr_line' id='line_1_65' title="bbox 1086 519 1871 549; baseline 0 -3"><span class='ocrx_word' id='word_1_444' title='bbox 1086 519 1159 546; x_wconf 77' lang='grc' dir='ltr'>θεῖον</span> <span class='ocrx_word' id='word_1_445' title='bbox 1172 520 1219 546; x_wconf 84' lang='grc' dir='ltr'>καὶ</span> <span class='ocrx_word' id='word_1_446' title='bbox 1234 521 1371 547; x_wconf 79' lang='grc' dir='ltr'>θειότατον</span> <span class='ocrx_word' id='word_1_447' title='bbox 1386 523 1435 549; x_wconf 79' lang='grc' dir='ltr'>καὶ</span> <span class='ocrx_word' id='word_1_448' title='bbox 1449 521 1578 547; x_wconf 74' lang='grc' dir='ltr'><strong>θέσκελον</strong></span> <span class='ocrx_word' id='word_1_449' title='bbox 1595 523 1642 548; x_wconf 79' lang='grc' dir='ltr'>καὶ</span> <span class='ocrx_word' id='word_1_450' title='bbox 1656 521 1807 547; x_wconf 79' lang='grc' dir='ltr'><strong>θεοείκελον</strong></span> <span class='ocrx_word' id='word_1_451' title='bbox 1823 521 1871 548; x_wconf 75' lang='grc' dir='ltr'>καὶ</span> 
     </span>
    </p>
   </div>
   <div class='ocr_carea' id='block_1_66' title="bbox 1084 565 1871 601">
    <p class='ocr_par' dir='ltr' id='par_1_66' title="bbox 1084 565 1871 601">
     <span class='ocr_line' id='line_1_66' title="bbox 1084 565 1871 601; baseline 0.003 -10"><span class='ocrx_word' id='word_1_452' title='bbox 1084 565 1116 592; x_wconf 72' lang='grc' dir='ltr'>τὸ</span> <span class='ocrx_word' id='word_1_453' title='bbox 1135 565 1250 597; x_wconf 72' lang='grc' dir='ltr'>θεοειδὲς</span> <span class='ocrx_word' id='word_1_454' title='bbox 1270 567 1318 592; x_wconf 77' lang='grc' dir='ltr'>καὶ</span> <span class='ocrx_word' id='word_1_455' title='bbox 1339 567 1371 592; x_wconf 62' lang='grc' dir='ltr'><strong>τὸ</strong></span> <span class='ocrx_word' id='word_1_456' title='bbox 1387 567 1563 601; x_wconf 84' lang='grc' dir='ltr'>θεομίμητον,</span> <span class='ocrx_word' id='word_1_457' title='bbox 1588 567 1636 593; x_wconf 80' lang='grc' dir='ltr'>καὶ</span> <span class='ocrx_word' id='word_1_458' title='bbox 1651 567 1678 594; x_wconf 80' lang='grc' dir='ltr'>ει</span> <span class='ocrx_word' id='word_1_459' title='bbox 1699 576 1726 593; x_wconf 84' lang='grc' dir='ltr'><strong>τι</strong></span> <span class='ocrx_word' id='word_1_460' title='bbox 1747 568 1871 593; x_wconf 79' lang='grc' dir='ltr'>τοιοῦτον</span> 
     </span>
    </p>
   </div>
   <div class='ocr_carea' id='block_1_67' title="bbox 1085 610 1870 647">
    <p class='ocr_par' dir='ltr' id='par_1_67' title="bbox 1085 610 1870 647">
     <span class='ocr_line' id='line_1_67' title="bbox 1085 610 1870 647; baseline 0.003 -10"><span class='ocrx_word' id='word_1_461' title='bbox 1085 611 1184 646; x_wconf 79' lang='grc' dir='ltr'>σεμνὸν</span> <span class='ocrx_word' id='word_1_462' title='bbox 1199 610 1296 646; x_wconf 77' lang='grc' dir='ltr'>δνομα,</span> <span class='ocrx_word' id='word_1_463' title='bbox 1314 612 1399 647; x_wconf 81' lang='grc' dir='ltr'>συχνὰ</span> <span class='ocrx_word' id='word_1_464' title='bbox 1415 612 1596 647; x_wconf 76' lang='grc' dir='ltr'>κατεπᾴδουσι</span> <span class='ocrx_word' id='word_1_465' title='bbox 1618 612 1666 639; x_wconf 83' lang='grc' dir='ltr'><strong>τοῦ</strong></span> <span class='ocrx_word' id='word_1_466' title='bbox 1682 613 1788 647; x_wconf 79' lang='grc' dir='ltr'>ἀνδρὸς.</span> <span class='ocrx_word' id='word_1_467' title='bbox 1808 613 1870 639; x_wconf 80' lang='grc' dir='ltr'><strong>Ἔτι</strong></span> 
     </span>
    </p>
   </div>
   <div class='ocr_carea' id='block_1_68' title="bbox 1083 657 1870 692">
    <p class='ocr_par' dir='ltr' id='par_1_68' title="bbox 1083 657 1870 692">
     <span class='ocr_line' id='line_1_68' title="bbox 1083 657 1870 692; baseline 0.003 -9"><span class='ocrx_word' id='word_1_468' title='bbox 1083 657 1223 692; x_wconf 72' lang='grc' dir='ltr'>λουομένῳ</span> <span class='ocrx_word' id='word_1_469' title='bbox 1252 657 1493 692; x_wconf 75' lang='grc' dir='ltr'>παρασταιοῦσιν·</span> <span class='ocrx_word' id='word_1_470' title='bbox 1525 658 1673 690; x_wconf 83' lang='grc' dir='ltr'>ὑπνοῦντος</span> <span class='ocrx_word' id='word_1_471' title='bbox 1703 658 1870 686; x_wconf 76' lang='grc' dir='ltr'>ἀποσοϐοῦσι</span> 
     </span>
    </p>
   </div>
   <div class='ocr_carea' id='block_1_69' title="bbox 1082 703 1872 739">
    <p class='ocr_par' dir='ltr' id='par_1_69' title="bbox 1082 703 1872 739">
     <span class='ocr_line' id='line_1_69' title="bbox 1082 703 1872 739; baseline 0.003 -10"><span class='ocrx_word' id='word_1_472' title='bbox 1082 703 1133 734; x_wconf 76' lang='grc' dir='ltr'><strong>τὰς</strong></span> <span class='ocrx_word' id='word_1_473' title='bbox 1150 703 1232 737; x_wconf 80' lang='grc' dir='ltr'><strong>μυίας</strong></span> <span class='ocrx_word' id='word_1_474' title='bbox 1257 703 1451 739; x_wconf 73' lang='grc' dir='ltr'><strong>προμηθικῶς·</strong></span> <span class='ocrx_word' id='word_1_475' title='bbox 1469 703 1622 734; x_wconf 76' lang='grc' dir='ltr'>πτύσαντος</span> <span class='ocrx_word' id='word_1_476' title='bbox 1636 704 1685 730; x_wconf 84' lang='grc' dir='ltr'>οὐκ</span> <span class='ocrx_word' id='word_1_477' title='bbox 1705 704 1802 738; x_wconf 76' lang='grc' dir='ltr'>ἀφιᾶσι</span> <span class='ocrx_word' id='word_1_478' title='bbox 1818 713 1872 731; x_wconf 81' lang='grc' dir='ltr'>πα-</span> 
     </span>
    </p>
   </div>
   <div class='ocr_carea' id='block_1_70' title="bbox 1082 746 1872 783">
    <p class='ocr_par' dir='ltr' id='par_1_70' title="bbox 1082 746 1872 783">
     <span class='ocr_line' id='line_1_70' title="bbox 1082 746 1872 783; baseline 0.001 -9"><span class='ocrx_word' id='word_1_479' title='bbox 1082 748 1199 782; x_wconf 86' lang='grc' dir='ltr'>τηθῆναι</span> <span class='ocrx_word' id='word_1_480' title='bbox 1215 749 1260 775; x_wconf 69' lang='grc' dir='ltr'>τὸν</span> <span class='ocrx_word' id='word_1_481' title='bbox 1284 749 1381 780; x_wconf 85' lang='grc' dir='ltr'>σίελον,</span> <span class='ocrx_word' id='word_1_482' title='bbox 1403 749 1440 783; x_wconf 80' lang='grc' dir='ltr'>μὴ</span> <span class='ocrx_word' id='word_1_483' title='bbox 1463 749 1557 783; x_wconf 83' lang='grc' dir='ltr'>σικχδν</span> <span class='ocrx_word' id='word_1_484' title='bbox 1574 748 1655 775; x_wconf 74' lang='grc' dir='ltr'>αὑτὸν</span> <span class='ocrx_word' id='word_1_485' title='bbox 1670 746 1740 776; x_wconf 82' lang='grc' dir='ltr'>εἶναι</span> <span class='ocrx_word' id='word_1_486' title='bbox 1761 749 1872 783; x_wconf 77' lang='grc' dir='ltr'>φιλοσο-</span> 
     </span>
    </p>
   </div>
   <div class='ocr_carea' id='block_1_71' title="bbox 1083 794 1871 830">
    <p class='ocr_par' dir='ltr' id='par_1_71' title="bbox 1083 794 1871 830">
     <span class='ocr_line' id='line_1_71' title="bbox 1083 794 1871 830; baseline 0 -10"><span class='ocrx_word' id='word_1_487' title='bbox 1083 794 1217 828; x_wconf 78' lang='grc' dir='ltr'>φοῦντες,</span> <span class='ocrx_word' id='word_1_488' title='bbox 1241 794 1299 822; x_wconf 82' lang='grc' dir='ltr'>ἀλλ’</span> <span class='ocrx_word' id='word_1_489' title='bbox 1328 795 1393 830; x_wconf 78' lang='grc' dir='ltr'><strong>ἡδὺν</strong></span> <span class='ocrx_word' id='word_1_490' title='bbox 1421 794 1579 829; x_wconf 81' lang='grc' dir='ltr'>βλέπεσθαι.</span> <span class='ocrx_word' id='word_1_491' title='bbox 1612 794 1805 822; x_wconf 77' lang='grc' dir='ltr'>’Λνασαίνοντα</span> <span class='ocrx_word' id='word_1_492' title='bbox 1829 795 1871 826; x_wconf 83' lang='grc' dir='ltr'><strong>είς</strong></span> 
     </span>
    </p>
   </div>
   <div class='ocr_carea' id='block_1_72' title="bbox 1082 838 1871 874">
    <p class='ocr_par' dir='ltr' id='par_1_72' title="bbox 1082 838 1871 874">
     <span class='ocr_line' id='line_1_72' title="bbox 1082 838 1871 874; baseline 0.001 -9"><span class='ocrx_word' id='word_1_493' title='bbox 1082 838 1230 872; x_wconf 72' lang='grc' dir='ltr'><strong>ὑποζύγιον</strong></span> <span class='ocrx_word' id='word_1_494' title='bbox 1256 839 1438 866; x_wconf 79' lang='grc' dir='ltr'>ἀναὸάλλουσι</span> <span class='ocrx_word' id='word_1_495' title='bbox 1462 839 1650 873; x_wconf 78' lang='grc' dir='ltr'>κουφίζοντες,</span> <span class='ocrx_word' id='word_1_496' title='bbox 1675 839 1723 866; x_wconf 71' lang='grc' dir='ltr'>καὶ</span> <span class='ocrx_word' id='word_1_497' title='bbox 1747 848 1871 874; x_wconf 69' lang='grc' dir='ltr'>παρακο-</span> 
     </span>
    </p>
   </div>
   <div class='ocr_carea' id='block_1_73' title="bbox 1081 884 1870 920">
    <p class='ocr_par' dir='ltr' id='par_1_73' title="bbox 1081 884 1870 920">
     <span class='ocr_line' id='line_1_73' title="bbox 1081 884 1870 920; baseline 0.001 -9"><span class='ocrx_word' id='word_1_498' title='bbox 1081 884 1240 916; x_wconf 76' lang='grc' dir='ltr'>λουθοῦντες</span> <span class='ocrx_word' id='word_1_499' title='bbox 1256 885 1307 911; x_wconf 80' lang='grc' dir='ltr'>ὅσα</span> <span class='ocrx_word' id='word_1_500' title='bbox 1324 885 1371 911; x_wconf 79' lang='grc' dir='ltr'>καὶ</span> <span class='ocrx_word' id='word_1_501' title='bbox 1387 887 1465 919; x_wconf 80' lang='grc' dir='ltr'>μυῖαι</span> <span class='ocrx_word' id='word_1_502' title='bbox 1481 885 1669 920; x_wconf 82' lang='grc' dir='ltr'>γλυκάσματι,</span> <span class='ocrx_word' id='word_1_503' title='bbox 1683 885 1735 912; x_wconf 79' lang='grc' dir='ltr'>οὐκ</span> <span class='ocrx_word' id='word_1_504' title='bbox 1747 886 1870 912; x_wconf 75' lang='grc' dir='ltr'>ἐθέλουσι</span> 
     </span>
    </p>
   </div>
   <div class='ocr_carea' id='block_1_74' title="bbox 1045 922 1869 965">
    <p class='ocr_par' dir='ltr' id='par_1_74' title="bbox 1045 922 1869 965">
     <span class='ocr_line' id='line_1_74' title="bbox 1045 922 1869 965; baseline 0 -8"><span class='ocrx_word' id='word_1_505' title='bbox 1045 922 1068 952; x_wconf 74' lang='grc' dir='ltr'><strong>Β</strong></span> <span class='ocrx_word' id='word_1_506' title='bbox 1082 931 1225 957; x_wconf 81' lang='grc' dir='ltr'>πείθεσθαι</span> <span class='ocrx_word' id='word_1_507' title='bbox 1237 931 1275 962; x_wconf 88' lang='grc' dir='ltr'><strong>είς</strong></span> <span class='ocrx_word' id='word_1_508' title='bbox 1289 931 1458 965; x_wconf 80' lang='grc' dir='ltr'>ἀνάκαμψιν.</span> <span class='ocrx_word' id='word_1_509' title='bbox 1477 930 1660 965; x_wconf 73' lang='grc' dir='ltr'>’Δφηγοῦνται</span> <span class='ocrx_word' id='word_1_510' title='bbox 1670 931 1716 958; x_wconf 80' lang='grc' dir='ltr'><strong>καὶ</strong></span> <span class='ocrx_word' id='word_1_511' title='bbox 1728 931 1869 964; x_wconf 70' lang='grc' dir='ltr'>διαδολὰς,</span> 
     </span>
    </p>
   </div>
   <div class='ocr_carea' id='block_1_75' title="bbox 1081 974 1870 1012">
    <p class='ocr_par' dir='ltr' id='par_1_75' title="bbox 1081 974 1870 1012">
     <span class='ocr_line' id='line_1_75' title="bbox 1081 974 1870 1012; baseline 0 -9"><span class='ocrx_word' id='word_1_512' title='bbox 1081 974 1118 1003; x_wconf 83' lang='grc' dir='ltr'>ὧν</span> <span class='ocrx_word' id='word_1_513' title='bbox 1132 977 1216 1011; x_wconf 79' lang='grc' dir='ltr'>δῆθεν</span> <span class='ocrx_word' id='word_1_514' title='bbox 1236 977 1446 1012; x_wconf 66' lang='grc' dir='ltr'><strong>ἐπιφερομένων</strong></span> <span class='ocrx_word' id='word_1_515' title='bbox 1460 977 1500 1011; x_wconf 82' lang='grc' dir='ltr'><strong>τῷ</strong></span> <span class='ocrx_word' id='word_1_516' title='bbox 1515 977 1585 1011; x_wconf 80' lang='grc' dir='ltr'>φίλῳ</span> <span class='ocrx_word' id='word_1_517' title='bbox 1603 977 1681 1003; x_wconf 70' lang='lat' dir='ltr'><strong>aurei.</strong></span> <span class='ocrx_word' id='word_1_518' title='bbox 1695 978 1870 1012; x_wconf 73' lang='grc' dir='ltr'><strong>προέστησαν</strong></span> 
     </span>
    </p>
   </div>
   <div class='ocr_carea' id='block_1_76' title="bbox 1080 1021 1869 1056">
    <p class='ocr_par' dir='ltr' id='par_1_76' title="bbox 1080 1021 1869 1056">
     <span class='ocr_line' id='line_1_76' title="bbox 1080 1021 1869 1056; baseline 0.001 -8"><span class='ocrx_word' id='word_1_519' title='bbox 1080 1022 1227 1056; x_wconf 80' lang='grc' dir='ltr'>ἁντίμαχοι</span> <span class='ocrx_word' id='word_1_520' title='bbox 1245 1022 1292 1048; x_wconf 78' lang='grc' dir='ltr'>καὶ</span> <span class='ocrx_word' id='word_1_521' title='bbox 1304 1021 1469 1056; x_wconf 74' lang='grc' dir='ltr'>ἀνέτρεψαν,</span> <span class='ocrx_word' id='word_1_522' title='bbox 1487 1022 1533 1048; x_wconf 75' lang='grc' dir='ltr'>καὶ</span> <span class='ocrx_word' id='word_1_523' title='bbox 1554 1021 1640 1053; x_wconf 78' lang='grc' dir='ltr'>αὐτὰς</span> <span class='ocrx_word' id='word_1_524' title='bbox 1653 1022 1705 1049; x_wconf 77' lang='grc' dir='ltr'>οὐκ</span> <span class='ocrx_word' id='word_1_525' title='bbox 1719 1022 1869 1056; x_wconf 74' lang='grc' dir='ltr'>ἀληθινού-</span> 
     </span>
    </p>
   </div>
   <div class='ocr_carea' id='block_1_77' title="bbox 1082 1066 1869 1102">
    <p class='ocr_par' dir='ltr' id='par_1_77' title="bbox 1082 1066 1869 1102">
     <span class='ocr_line' id='line_1_77' title="bbox 1082 1066 1869 1102; baseline 0.003 -10"><span class='ocrx_word' id='word_1_526' title='bbox 1082 1074 1142 1098; x_wconf 79' lang='grc' dir='ltr'>σας.</span> <span class='ocrx_word' id='word_1_527' title='bbox 1158 1066 1226 1093; x_wconf 72' lang='grc' dir='ltr'>ἀλλὰ</span> <span class='ocrx_word' id='word_1_528' title='bbox 1240 1066 1441 1100; x_wconf 76' lang='grc' dir='ltr'><strong>πλαττομένας,</strong></span> <span class='ocrx_word' id='word_1_529' title='bbox 1464 1067 1488 1093; x_wconf 85' lang='grc' dir='ltr'>οι</span> <span class='ocrx_word' id='word_1_530' title='bbox 1505 1066 1673 1102; x_wconf 71' lang='grc' dir='ltr'>ιπίτριπτοι.</span> <span class='ocrx_word' id='word_1_531' title='bbox 1692 1067 1869 1102; x_wconf 80' lang='grc' dir='ltr'>’Υσρίζοντις</span> 
     </span>
    </p>
   </div>
   <div class='ocr_carea' id='block_1_78' title="bbox 1080 1111 1868 1148">
    <p class='ocr_par' dir='ltr' id='par_1_78' title="bbox 1080 1111 1868 1148">
     <span class='ocr_line' id='line_1_78' title="bbox 1080 1111 1868 1148; baseline 0.001 -9"><span class='ocrx_word' id='word_1_532' title='bbox 1080 1113 1159 1139; x_wconf 78' lang='grc' dir='ltr'>αὐτοὶ</span> <span class='ocrx_word' id='word_1_533' title='bbox 1173 1111 1246 1138; x_wconf 81' lang='grc' dir='ltr'>οὕτω</span> <span class='ocrx_word' id='word_1_534' title='bbox 1264 1111 1386 1146; x_wconf 78' lang='grc' dir='ltr'>πλαγίως</span> <span class='ocrx_word' id='word_1_535' title='bbox 1401 1112 1447 1139; x_wconf 71' lang='grc' dir='ltr'><strong>τὸν</strong></span> <span class='ocrx_word' id='word_1_536' title='bbox 1463 1113 1689 1148; x_wconf 72' lang='grc' dir='ltr'>κολακευόμενον,</span> <span class='ocrx_word' id='word_1_537' title='bbox 1709 1113 1868 1147; x_wconf 71' lang='grc' dir='ltr'>σοφίζονται</span> 
     </span>
    </p>
   </div>
   <div class='ocr_carea' id='block_1_79' title="bbox 1080 1158 1870 1195">
    <p class='ocr_par' dir='ltr' id='par_1_79' title="bbox 1080 1158 1870 1195">
     <span class='ocr_line' id='line_1_79' title="bbox 1080 1158 1870 1195; baseline 0 -10"><span class='ocrx_word' id='word_1_538' title='bbox 1080 1159 1128 1185; x_wconf 83' lang='grc' dir='ltr'>καὶ</span> <span class='ocrx_word' id='word_1_539' title='bbox 1151 1158 1209 1193; x_wconf 86' lang='grc' dir='ltr'>βίου</span> <span class='ocrx_word' id='word_1_540' title='bbox 1235 1158 1381 1185; x_wconf 78' lang='grc' dir='ltr'>κοινωνίαν</span> <span class='ocrx_word' id='word_1_541' title='bbox 1408 1158 1455 1185; x_wconf 80' lang='grc' dir='ltr'>καὶ</span> <span class='ocrx_word' id='word_1_542' title='bbox 1481 1159 1641 1195; x_wconf 80' lang='grc' dir='ltr'>περιουσίας</span> <span class='ocrx_word' id='word_1_543' title='bbox 1667 1160 1870 1195; x_wconf 70' lang='grc' dir='ltr'>ἀπομερισμδν,</span> 
     </span>
    </p>
   </div>
   <div class='ocr_carea' id='block_1_80' title="bbox 1080 1204 1868 1241">
    <p class='ocr_par' dir='ltr' id='par_1_80' title="bbox 1080 1204 1868 1241">
     <span class='ocr_line' id='line_1_80' title="bbox 1080 1204 1868 1241; baseline 0.004 -11"><span class='ocrx_word' id='word_1_544' title='bbox 1080 1205 1174 1239; x_wconf 82' lang='grc' dir='ltr'>βίκους</span> <span class='ocrx_word' id='word_1_545' title='bbox 1189 1204 1260 1230; x_wconf 89' lang='grc' dir='ltr'>οί¹νου</span> <span class='ocrx_word' id='word_1_546' title='bbox 1275 1204 1487 1239; x_wconf 76' lang='grc' dir='ltr'>περιφοροῦντις</span> <span class='ocrx_word' id='word_1_547' title='bbox 1503 1205 1613 1240; x_wconf 71' lang='grc' dir='ltr'>ἐκείνῳ,</span> <span class='ocrx_word' id='word_1_548' title='bbox 1633 1206 1681 1232; x_wconf 73' lang='grc' dir='ltr'><strong>καὶ</strong></span> <span class='ocrx_word' id='word_1_549' title='bbox 1694 1205 1805 1241; x_wconf 80' lang='grc' dir='ltr'>ὀπώραν</span> <span class='ocrx_word' id='word_1_550' title='bbox 1819 1206 1868 1233; x_wconf 72' lang='grc' dir='ltr'><strong>ἂλ-</strong></span> 
     </span>
    </p>
   </div>
   <div class='ocr_carea' id='block_1_81' title="bbox 1079 1250 1870 1288">
    <p class='ocr_par' dir='ltr' id='par_1_81' title="bbox 1079 1250 1870 1288">
     <span class='ocr_line' id='line_1_81' title="bbox 1079 1250 1870 1288; baseline 0.003 -11"><span class='ocrx_word' id='word_1_551' title='bbox 1079 1251 1140 1278; x_wconf 83' lang='grc' dir='ltr'>λοτε</span> <span class='ocrx_word' id='word_1_552' title='bbox 1169 1250 1273 1285; x_wconf 78' lang='grc' dir='ltr'>ἄλλην,</span> <span class='ocrx_word' id='word_1_553' title='bbox 1302 1251 1349 1278; x_wconf 75' lang='grc' dir='ltr'>καὶ</span> <span class='ocrx_word' id='word_1_554' title='bbox 1375 1251 1488 1284; x_wconf 72' lang='grc' dir='ltr'>τρυϐλία</span> <span class='ocrx_word' id='word_1_555' title='bbox 1515 1252 1668 1286; x_wconf 77' lang='grc' dir='ltr'><strong>πεμμάτων</strong></span> <span class='ocrx_word' id='word_1_556' title='bbox 1695 1253 1792 1288; x_wconf 75' lang='grc' dir='ltr'>μεστά.</span> <span class='ocrx_word' id='word_1_557' title='bbox 1811 1253 1870 1279; x_wconf 75' lang='grc' dir='ltr'><strong>Καὶ</strong></span> 
     </span>
    </p>
   </div>
   <div class='ocr_carea' id='block_1_82' title="bbox 1078 1297 1868 1335">
    <p class='ocr_par' dir='ltr' id='par_1_82' title="bbox 1078 1297 1868 1335">
     <span class='ocr_line' id='line_1_82' title="bbox 1078 1297 1868 1335; baseline 0.003 -11"><span class='ocrx_word' id='word_1_558' title='bbox 1078 1297 1204 1324; x_wconf 69' lang='grc' dir='ltr'>ἐσθίοντα</span> <span class='ocrx_word' id='word_1_559' title='bbox 1231 1297 1281 1333; x_wconf 74' lang='grc' dir='ltr'>μὲν</span> <span class='ocrx_word' id='word_1_560' title='bbox 1298 1298 1344 1324; x_wconf 78' lang='grc' dir='ltr'>καὶ</span> <span class='ocrx_word' id='word_1_561' title='bbox 1368 1297 1483 1324; x_wconf 83' lang='grc' dir='ltr'>πίνοντα</span> <span class='ocrx_word' id='word_1_562' title='bbox 1511 1298 1713 1325; x_wconf 77' lang='grc' dir='ltr'>συνεπωθοῦσιν</span> <span class='ocrx_word' id='word_1_563' title='bbox 1729 1299 1770 1331; x_wconf 84' lang='grc' dir='ltr'><strong>είς</strong></span> <span class='ocrx_word' id='word_1_564' title='bbox 1794 1299 1868 1335; x_wconf 61' lang='grc' dir='ltr'>πλη-</span> 
     </span>
    </p>
   </div>
   <div class='ocr_carea' id='block_1_83' title="bbox 1080 1343 1870 1380">
    <p class='ocr_par' dir='ltr' id='par_1_83' title="bbox 1080 1343 1870 1380">
     <span class='ocr_line' id='line_1_83' title="bbox 1080 1343 1870 1380; baseline 0.003 -10"><span class='ocrx_word' id='word_1_565' title='bbox 1080 1343 1196 1378; x_wconf 82' lang='grc' dir='ltr'>σμονὴν,</span> <span class='ocrx_word' id='word_1_566' title='bbox 1215 1343 1246 1369; x_wconf 71' lang='grc' dir='ltr'>τὸ</span> <span class='ocrx_word' id='word_1_567' title='bbox 1263 1343 1312 1377; x_wconf 71' lang='grc' dir='ltr'>μὲν</span> <span class='ocrx_word' id='word_1_568' title='bbox 1327 1344 1491 1377; x_wconf 80' lang='grc' dir='ltr'>φαινόμενον</span> <span class='ocrx_word' id='word_1_569' title='bbox 1505 1343 1552 1369; x_wconf 72' lang='grc' dir='ltr'><strong>ἐπὶ</strong></span> <span class='ocrx_word' id='word_1_570' title='bbox 1567 1344 1698 1370; x_wconf 75' lang='grc' dir='ltr'><strong>συστάσει</strong></span> <span class='ocrx_word' id='word_1_571' title='bbox 1721 1344 1807 1380; x_wconf 80' lang='grc' dir='ltr'>ζωῆς,</span> <span class='ocrx_word' id='word_1_572' title='bbox 1819 1345 1870 1372; x_wconf 73' lang='grc' dir='ltr'><strong>ιλ.</strong></span> 
     </span>
    </p>
   </div>
   <div class='ocr_carea' id='block_1_84' title="bbox 1078 1387 1870 1426">
    <p class='ocr_par' dir='ltr' id='par_1_84' title="bbox 1078 1387 1870 1426">
     <span class='ocr_line' id='line_1_84' title="bbox 1078 1387 1870 1426; baseline 0.003 -10"><span class='ocrx_word' id='word_1_573' title='bbox 1078 1390 1132 1422; x_wconf 88' lang='grc' dir='ltr'><strong>λως</strong></span> <span class='ocrx_word' id='word_1_574' title='bbox 1151 1390 1180 1416; x_wconf 84' lang='grc' dir='ltr'><strong>δὲ</strong></span> <span class='ocrx_word' id='word_1_575' title='bbox 1192 1387 1281 1423; x_wconf 74' lang='grc' dir='ltr'>οἶμαι,</span> <span class='ocrx_word' id='word_1_576' title='bbox 1307 1389 1351 1415; x_wconf 85' lang='grc' dir='ltr'><strong>ἴνα</strong></span> <span class='ocrx_word' id='word_1_577' title='bbox 1370 1389 1545 1424; x_wconf 74' lang='grc' dir='ltr'>καταγελῷεν</span> <span class='ocrx_word' id='word_1_578' title='bbox 1561 1390 1644 1416; x_wconf 77' lang='grc' dir='ltr'>αὑτοῦ</span> <span class='ocrx_word' id='word_1_579' title='bbox 1669 1391 1709 1421; x_wconf 80' lang='grc' dir='ltr'><strong>είς</strong></span> <span class='ocrx_word' id='word_1_580' title='bbox 1731 1391 1870 1426; x_wconf 78' lang='grc' dir='ltr'>βορότητα</span> 
     </span>
    </p>
   </div>
   <div class='ocr_carea' id='block_1_85' title="bbox 1078 1433 1869 1472">
    <p class='ocr_par' dir='ltr' id='par_1_85' title="bbox 1078 1433 1869 1472">
     <span class='ocr_line' id='line_1_85' title="bbox 1078 1433 1869 1472; baseline 0.001 -10"><span class='ocrx_word' id='word_1_581' title='bbox 1078 1436 1127 1462; x_wconf 76' lang='grc' dir='ltr'>καὶ</span> <span class='ocrx_word' id='word_1_582' title='bbox 1151 1435 1339 1469; x_wconf 75' lang='grc' dir='ltr'>οἰνοφλυγίαν.</span> <span class='ocrx_word' id='word_1_583' title='bbox 1353 1435 1399 1468; x_wconf 85' lang='grc' dir='ltr'><strong>Μὴ</strong></span> <span class='ocrx_word' id='word_1_584' title='bbox 1415 1435 1622 1470; x_wconf 70' lang='grc' dir='ltr'>ἑμφορουμένον</span> <span class='ocrx_word' id='word_1_585' title='bbox 1638 1436 1667 1462; x_wconf 72' lang='grc' dir='ltr'><strong>δὲ</strong></span> <span class='ocrx_word' id='word_1_586' title='bbox 1688 1435 1798 1463; x_wconf 81' lang='grc' dir='ltr'>δοκοῦσι</span> <span class='ocrx_word' id='word_1_587' title='bbox 1817 1433 1869 1472; x_wconf 61' lang='grc' dir='ltr'>μέν</span> 
     </span>
    </p>
   </div>
   <div class='ocr_carea' id='block_1_86' title="bbox 1077 1479 1868 1516">
    <p class='ocr_par' dir='ltr' id='par_1_86' title="bbox 1077 1479 1868 1516">
     <span class='ocr_line' id='line_1_86' title="bbox 1077 1479 1868 1516; baseline 0.001 -8"><span class='ocrx_word' id='word_1_588' title='bbox 1077 1481 1220 1516; x_wconf 75' lang='grc' dir='ltr'>ἄχθεσθαι,</span> <span class='ocrx_word' id='word_1_589' title='bbox 1234 1480 1354 1515; x_wconf 86' lang='grc' dir='ltr'>χαίροιεν</span> <span class='ocrx_word' id='word_1_590' title='bbox 1367 1479 1395 1506; x_wconf 82' lang='grc' dir='ltr'><strong>δὲ</strong></span> <span class='ocrx_word' id='word_1_591' title='bbox 1412 1480 1445 1506; x_wconf 73' lang='grc' dir='ltr'>ἂν</span> <span class='ocrx_word' id='word_1_592' title='bbox 1461 1480 1570 1514; x_wconf 76' lang='grc' dir='ltr'>μᾶλλον,</span> <span class='ocrx_word' id='word_1_593' title='bbox 1587 1481 1628 1507; x_wconf 85' lang='grc' dir='ltr'>ὄτι</span> <span class='ocrx_word' id='word_1_594' title='bbox 1646 1481 1726 1508; x_wconf 81' lang='grc' dir='ltr'>αὐτοὶ</span> <span class='ocrx_word' id='word_1_595' title='bbox 1740 1481 1868 1516; x_wconf 81' lang='grc' dir='ltr'>πλησθή-</span> 
     </span>
    </p>
   </div>
   <div class='ocr_carea' id='block_1_87' title="bbox 1077 1526 1867 1562">
    <p class='ocr_par' dir='ltr' id='par_1_87' title="bbox 1077 1526 1867 1562">
     <span class='ocr_line' id='line_1_87' title="bbox 1077 1526 1867 1562; baseline 0.003 -9"><span class='ocrx_word' id='word_1_596' title='bbox 1077 1536 1170 1554; x_wconf 83' lang='grc' dir='ltr'>σονται</span> <span class='ocrx_word' id='word_1_597' title='bbox 1195 1526 1326 1561; x_wconf 82' lang='grc' dir='ltr'>δαψιλῶς,</span> <span class='ocrx_word' id='word_1_598' title='bbox 1347 1526 1384 1552; x_wconf 83' lang='grc' dir='ltr'><strong>Τὸ</strong></span> <span class='ocrx_word' id='word_1_599' title='bbox 1400 1526 1428 1552; x_wconf 77' lang='grc' dir='ltr'><strong>δὲ</strong></span> <span class='ocrx_word' id='word_1_600' title='bbox 1449 1526 1623 1562; x_wconf 82' lang='grc' dir='ltr'>καινότερον·</span> <span class='ocrx_word' id='word_1_601' title='bbox 1648 1528 1695 1554; x_wconf 87' lang='grc' dir='ltr'>καὶ</span> <span class='ocrx_word' id='word_1_602' title='bbox 1714 1528 1867 1562; x_wconf 75' lang='grc' dir='ltr'>μυστηριά-</span> 
     </span>
    </p>
   </div>
   <div class='ocr_carea' id='block_1_88' title="bbox 1077 1570 1866 1606">
    <p class='ocr_par' dir='ltr' id='par_1_88' title="bbox 1077 1570 1866 1606">
     <span class='ocr_line' id='line_1_88' title="bbox 1077 1570 1866 1606; baseline 0.001 -9"><span class='ocrx_word' id='word_1_603' title='bbox 1077 1570 1181 1603; x_wconf 77' lang='grc' dir='ltr'>ξονται,</span> <span class='ocrx_word' id='word_1_604' title='bbox 1195 1572 1242 1598; x_wconf 77' lang='grc' dir='ltr'>καὶ</span> <span class='ocrx_word' id='word_1_605' title='bbox 1257 1571 1361 1606; x_wconf 79' lang='grc' dir='ltr'>κρύφια</span> <span class='ocrx_word' id='word_1_606' title='bbox 1371 1572 1487 1606; x_wconf 81' lang='grc' dir='ltr'>οίκεῖαῆ</span> <span class='ocrx_word' id='word_1_607' title='bbox 1502 1571 1651 1606; x_wconf 79' lang='grc' dir='ltr'>δράσαντες</span> <span class='ocrx_word' id='word_1_608' title='bbox 1666 1572 1682 1604; x_wconf 85' lang='grc' dir='ltr'><strong>ἢ</strong></span> <span class='ocrx_word' id='word_1_609' title='bbox 1698 1572 1866 1606; x_wconf 76' lang='grc' dir='ltr'>πλάσαντες,</span> 
     </span>
    </p>
   </div>
   <div class='ocr_carea' id='block_1_89' title="bbox 1077 1615 1865 1653">
    <p class='ocr_par' dir='ltr' id='par_1_89' title="bbox 1077 1615 1865 1653">
     <span class='ocr_line' id='line_1_89' title="bbox 1077 1615 1865 1653; baseline 0.003 -11"><span class='ocrx_word' id='word_1_610' title='bbox 1077 1615 1289 1648; x_wconf 79' lang='grc' dir='ltr'>ὲκκαλύπτουσι,</span> <span class='ocrx_word' id='word_1_611' title='bbox 1304 1616 1350 1642; x_wconf 78' lang='grc' dir='ltr'>καὶ</span> <span class='ocrx_word' id='word_1_612' title='bbox 1361 1616 1430 1642; x_wconf 78' lang='grc' dir='ltr'>αὐτὰ</span> <span class='ocrx_word' id='word_1_613' title='bbox 1441 1616 1576 1651; x_wconf 77' lang='grc' dir='ltr'>χείριστα,</span> <span class='ocrx_word' id='word_1_614' title='bbox 1588 1616 1636 1642; x_wconf 83' lang='grc' dir='ltr'>καὶ</span> <span class='ocrx_word' id='word_1_615' title='bbox 1648 1616 1686 1648; x_wconf 80' lang='grc' dir='ltr'><strong>ὡς</strong></span> <span class='ocrx_word' id='word_1_616' title='bbox 1700 1615 1746 1644; x_wconf 77' lang='grc' dir='ltr'>οἷα</span> <span class='ocrx_word' id='word_1_617' title='bbox 1761 1618 1865 1653; x_wconf 75' lang='grc' dir='ltr'>τεθαρ-</span> 
     </span>
    </p>
   </div>
   <div class='ocr_carea' id='block_1_90' title="bbox 1078 1661 1867 1700">
    <p class='ocr_par' dir='ltr' id='par_1_90' title="bbox 1078 1661 1867 1700">
     <span class='ocr_line' id='line_1_90' title="bbox 1078 1661 1867 1700; baseline 0.004 -12"><span class='ocrx_word' id='word_1_618' title='bbox 1078 1661 1194 1697; x_wconf 75' lang='grc' dir='ltr'>ρηκότες</span> <span class='ocrx_word' id='word_1_619' title='bbox 1213 1662 1283 1697; x_wconf 83' lang='grc' dir='ltr'>φίλῳ</span> <span class='ocrx_word' id='word_1_620' title='bbox 1298 1662 1389 1689; x_wconf 83' lang='grc' dir='ltr'>λαλεῖν</span> <span class='ocrx_word' id='word_1_621' title='bbox 1408 1663 1456 1689; x_wconf 81' lang='grc' dir='ltr'>καὶ</span> <span class='ocrx_word' id='word_1_622' title='bbox 1479 1663 1661 1697; x_wconf 77' lang='grc' dir='ltr'>παρατιθέναι</span> <span class='ocrx_word' id='word_1_623' title='bbox 1681 1664 1715 1690; x_wconf 80' lang='grc' dir='ltr'>τὰ</span> <span class='ocrx_word' id='word_1_624' title='bbox 1737 1665 1768 1690; x_wconf 75' lang='grc' dir='ltr'>ἐν</span> <span class='ocrx_word' id='word_1_625' title='bbox 1789 1664 1867 1700; x_wconf 79' lang='grc' dir='ltr'>ψυχῇ</span> 
     </span>
    </p>
   </div>
   <div class='ocr_carea' id='block_1_91' title="bbox 1078 1708 1868 1743">
    <p class='ocr_par' dir='ltr' id='par_1_91' title="bbox 1078 1708 1868 1743">
     <span class='ocr_line' id='line_1_91' title="bbox 1078 1708 1868 1743; baseline 0.003 -8"><span class='ocrx_word' id='word_1_626' title='bbox 1078 1708 1196 1740; x_wconf 68' lang='grc' dir='ltr'>ἅπαντα,</span> <span class='ocrx_word' id='word_1_627' title='bbox 1216 1709 1434 1743; x_wconf 70' lang='grc' dir='ltr'>προκαλούμενοι</span> <span class='ocrx_word' id='word_1_628' title='bbox 1462 1709 1507 1734; x_wconf 84' lang='grc' dir='ltr'>τὸν</span> <span class='ocrx_word' id='word_1_629' title='bbox 1519 1709 1636 1735; x_wconf 63' lang='grc' dir='ltr'>ἐλεεινὸν</span> <span class='ocrx_word' id='word_1_630' title='bbox 1663 1709 1804 1737; x_wconf 68' lang='grc' dir='ltr'>κάνταῦθα</span> <span class='ocrx_word' id='word_1_631' title='bbox 1825 1712 1868 1742; x_wconf 78' lang='grc' dir='ltr'><strong>εἰς</strong></span> 
     </span>
    </p>
   </div>
   <div class='ocr_carea' id='block_1_92' title="bbox 1075 1753 1868 1791">
    <p class='ocr_par' dir='ltr' id='par_1_92' title="bbox 1075 1753 1868 1791">
     <span class='ocr_line' id='line_1_92' title="bbox 1075 1753 1868 1791; baseline 0.001 -10"><span class='ocrx_word' id='word_1_632' title='bbox 1075 1754 1233 1790; x_wconf 78' lang='grc' dir='ltr'>ὁμοιότητα,</span> <span class='ocrx_word' id='word_1_633' title='bbox 1249 1755 1292 1781; x_wconf 81' lang='grc' dir='ltr'><strong>ἴνα</strong></span> <span class='ocrx_word' id='word_1_634' title='bbox 1304 1755 1351 1781; x_wconf 79' lang='grc' dir='ltr'>καὶ</span> <span class='ocrx_word' id='word_1_635' title='bbox 1360 1755 1462 1785; x_wconf 72' lang='grc' dir='ltr'>ἐκεῖνος</span> <span class='ocrx_word' id='word_1_636' title='bbox 1472 1753 1528 1780; x_wconf 82' lang='grc' dir='ltr'><strong>τῶν</strong></span> <span class='ocrx_word' id='word_1_637' title='bbox 1539 1763 1600 1781; x_wconf 87' lang='grc' dir='ltr'>τινα</span> <span class='ocrx_word' id='word_1_638' title='bbox 1611 1754 1676 1789; x_wconf 83' lang='grc' dir='ltr'>παρ’</span> <span class='ocrx_word' id='word_1_639' title='bbox 1688 1754 1763 1789; x_wconf 81' lang='grc' dir='ltr'>αὐτῷ</span> <span class='ocrx_word' id='word_1_640' title='bbox 1775 1756 1868 1791; x_wconf 71' lang='grc' dir='ltr'>ἀπορ-</span> 
     </span>
    </p>
   </div>
   <div class='ocr_carea' id='block_1_93' title="bbox 1076 1798 1867 1835">
    <p class='ocr_par' dir='ltr' id='par_1_93' title="bbox 1076 1798 1867 1835">
     <span class='ocr_line' id='line_1_93' title="bbox 1076 1798 1867 1835; baseline 0.003 -10"><span class='ocrx_word' id='word_1_641' title='bbox 1076 1799 1166 1833; x_wconf 72' lang='grc' dir='ltr'>ρήτων</span> <span class='ocrx_word' id='word_1_642' title='bbox 1182 1799 1299 1835; x_wconf 80' lang='grc' dir='ltr'><strong>ὲκφήνῃ.</strong></span> <span class='ocrx_word' id='word_1_643' title='bbox 1314 1800 1369 1826; x_wconf 77' lang='grc' dir='ltr'><strong>Καὶ</strong></span> <span class='ocrx_word' id='word_1_644' title='bbox 1390 1798 1476 1825; x_wconf 84' lang='grc' dir='ltr'>ταῦτα</span> <span class='ocrx_word' id='word_1_645' title='bbox 1496 1800 1545 1833; x_wconf 80' lang='grc' dir='ltr'>μὲν</span> <span class='ocrx_word' id='word_1_646' title='bbox 1563 1800 1687 1827; x_wconf 78' lang='grc' dir='ltr'>ποιοῦσιν</span> <span class='ocrx_word' id='word_1_647' title='bbox 1712 1801 1800 1833; x_wconf 79' lang='grc' dir='ltr'>αὐτοὶ,</span> <span class='ocrx_word' id='word_1_648' title='bbox 1817 1802 1867 1828; x_wconf 83' lang='grc' dir='ltr'>καὶ</span> 
     </span>
    </p>
   </div>
   <div class='ocr_carea' id='block_1_94' title="bbox 1073 1844 1866 1881">
    <p class='ocr_par' dir='ltr' id='par_1_94' title="bbox 1073 1844 1866 1881">
     <span class='ocr_line' id='line_1_94' title="bbox 1073 1844 1866 1881; baseline 0.003 -10"><span class='ocrx_word' id='word_1_649' title='bbox 1073 1844 1176 1872; x_wconf 77' lang='grc' dir='ltr'>τούτων</span> <span class='ocrx_word' id='word_1_650' title='bbox 1191 1845 1272 1880; x_wconf 73' lang='grc' dir='ltr'>ἕτερα</span> <span class='ocrx_word' id='word_1_651' title='bbox 1290 1845 1374 1872; x_wconf 87' lang='grc' dir='ltr'>πλείω</span> <span class='ocrx_word' id='word_1_652' title='bbox 1395 1845 1441 1872; x_wconf 78' lang='grc' dir='ltr'>καὶ</span> <span class='ocrx_word' id='word_1_653' title='bbox 1459 1845 1553 1880; x_wconf 79' lang='grc' dir='ltr'>χείρω,</span> <span class='ocrx_word' id='word_1_654' title='bbox 1567 1845 1619 1877; x_wconf 76' lang='grc' dir='ltr'>ἕως</span> <span class='ocrx_word' id='word_1_655' title='bbox 1634 1846 1668 1872; x_wconf 80' lang='grc' dir='ltr'>ἂν</span> <span class='ocrx_word' id='word_1_656' title='bbox 1679 1847 1866 1881; x_wconf 71' lang='grc' dir='ltr'>καταγοητεύ-</span> 
     </span>
    </p>
   </div>
   <div class='ocr_carea' id='block_1_95' title="bbox 1076 1891 1865 1927">
    <p class='ocr_par' dir='ltr' id='par_1_95' title="bbox 1076 1891 1865 1927">
     <span class='ocr_line' id='line_1_95' title="bbox 1076 1891 1865 1927; baseline 0.003 -9"><span class='ocrx_word' id='word_1_657' title='bbox 1076 1900 1142 1918; x_wconf 83' lang='grc' dir='ltr'>σωσι</span> <span class='ocrx_word' id='word_1_658' title='bbox 1158 1891 1204 1918; x_wconf 75' lang='grc' dir='ltr'><strong>τὸν</strong></span> <span class='ocrx_word' id='word_1_659' title='bbox 1219 1891 1426 1925; x_wconf 76' lang='grc' dir='ltr'>δελεαζόμενον,</span> <span class='ocrx_word' id='word_1_660' title='bbox 1444 1892 1590 1923; x_wconf 73' lang='grc' dir='ltr'>πείσαντες</span> <span class='ocrx_word' id='word_1_661' title='bbox 1605 1892 1718 1927; x_wconf 80' lang='grc' dir='ltr'>θαρῤεῖν</span> <span class='ocrx_word' id='word_1_662' title='bbox 1734 1893 1865 1926; x_wconf 78' lang='grc' dir='ltr'>ἐκείνοις,</span> 
     </span>
    </p>
   </div>
   <div class='ocr_carea' id='block_1_96' title="bbox 1073 1937 1865 1974">
    <p class='ocr_par' dir='ltr' id='par_1_96' title="bbox 1073 1937 1865 1974">
     <span class='ocr_line' id='line_1_96' title="bbox 1073 1937 1865 1974; baseline 0.003 -11"><span class='ocrx_word' id='word_1_663' title='bbox 1073 1937 1121 1964; x_wconf 79' lang='grc' dir='ltr'>καὶ</span> <span class='ocrx_word' id='word_1_664' title='bbox 1141 1937 1318 1973; x_wconf 78' lang='grc' dir='ltr'>προσανέχειν</span> <span class='ocrx_word' id='word_1_665' title='bbox 1341 1938 1390 1963; x_wconf 66' lang='grc' dir='ltr'>ὅσα</span> <span class='ocrx_word' id='word_1_666' title='bbox 1405 1938 1452 1963; x_wconf 77' lang='grc' dir='ltr'>καὶ</span> <span class='ocrx_word' id='word_1_667' title='bbox 1465 1937 1551 1972; x_wconf 82' lang='grc' dir='ltr'>φίλοις</span> <span class='ocrx_word' id='word_1_668' title='bbox 1571 1937 1671 1973; x_wconf 82' lang='grc' dir='ltr'>ὀρθοῖς.</span> <span class='ocrx_word' id='word_1_669' title='bbox 1687 1938 1753 1964; x_wconf 84' lang='grc' dir='ltr'>ὐτε</span> <span class='ocrx_word' id='word_1_670' title='bbox 1769 1938 1799 1964; x_wconf 67' lang='grc' dir='ltr'><strong>δὲ</strong></span> <span class='ocrx_word' id='word_1_671' title='bbox 1813 1939 1865 1974; x_wconf 83' lang='grc' dir='ltr'><strong>θη-</strong></span> 
     </span>
    </p>
   </div>
   <div class='ocr_carea' id='block_1_97' title="bbox 1075 1982 1865 2018">
    <p class='ocr_par' dir='ltr' id='par_1_97' title="bbox 1075 1982 1865 2018">
     <span class='ocr_line' id='line_1_97' title="bbox 1075 1982 1865 2018; baseline 0.001 -8"><span class='ocrx_word' id='word_1_672' title='bbox 1075 1984 1226 2018; x_wconf 77' lang='grc' dir='ltr'>ρασάμενοι</span> <span class='ocrx_word' id='word_1_673' title='bbox 1243 1983 1297 2010; x_wconf 69' lang='grc' dir='ltr'>ἔσω</span> <span class='ocrx_word' id='word_1_674' title='bbox 1312 1983 1426 2017; x_wconf 82' lang='grc' dir='ltr'>παγίδος</span> <span class='ocrx_word' id='word_1_675' title='bbox 1440 1982 1471 2009; x_wconf 71' lang='grc' dir='ltr'><strong>τὸ</strong></span> <span class='ocrx_word' id='word_1_676' title='bbox 1486 1983 1595 2017; x_wconf 78' lang='grc' dir='ltr'>οἰκτρὸν</span> <span class='ocrx_word' id='word_1_677' title='bbox 1611 1984 1699 2010; x_wconf 79' lang='grc' dir='ltr'>ἐκεῖνο</span> <span class='ocrx_word' id='word_1_678' title='bbox 1717 1983 1865 2018; x_wconf 76' lang='grc' dir='ltr'>στρουθίον</span> 
     </span>
    </p>
   </div>
   <div class='ocr_carea' id='block_1_98' title="bbox 1074 2028 1865 2065">
    <p class='ocr_par' dir='ltr' id='par_1_98' title="bbox 1074 2028 1865 2065">
     <span class='ocr_line' id='line_1_98' title="bbox 1074 2028 1865 2065; baseline 0 -8"><span class='ocrx_word' id='word_1_679' title='bbox 1074 2031 1244 2065; x_wconf 75' lang='grc' dir='ltr'>κατάσχωσι,</span> <span class='ocrx_word' id='word_1_680' title='bbox 1259 2031 1320 2056; x_wconf 83' lang='grc' dir='ltr'>τότε</span> <span class='ocrx_word' id='word_1_681' title='bbox 1336 2029 1368 2064; x_wconf 83' lang='grc' dir='ltr'><strong>δὴ</strong></span> <span class='ocrx_word' id='word_1_682' title='bbox 1382 2030 1412 2056; x_wconf 82' lang='grc' dir='ltr'><strong>τὺ</strong></span> <span class='ocrx_word' id='word_1_683' title='bbox 1422 2029 1471 2062; x_wconf 82' lang='grc' dir='ltr'>τῆς</span> <span class='ocrx_word' id='word_1_684' title='bbox 1484 2028 1656 2064; x_wconf 76' lang='grc' dir='ltr'>ὑποκρίσεως</span> <span class='ocrx_word' id='word_1_685' title='bbox 1670 2030 1865 2064; x_wconf 80' lang='grc' dir='ltr'>ἀπαγαγόντες</span> 
     </span>
    </p>
   </div>
   <div class='ocr_carea' id='block_1_99' title="bbox 1072 2074 1864 2110">
    <p class='ocr_par' dir='ltr' id='par_1_99' title="bbox 1072 2074 1864 2110">
     <span class='ocr_line' id='line_1_99' title="bbox 1072 2074 1864 2110; baseline 0 -7"><span class='ocrx_word' id='word_1_686' title='bbox 1072 2075 1163 2109; x_wconf 82' lang='grc' dir='ltr'>νέφος,</span> <span class='ocrx_word' id='word_1_687' title='bbox 1176 2075 1357 2109; x_wconf 77' lang='grc' dir='ltr'>ἐκλάμπουσι,</span> <span class='ocrx_word' id='word_1_688' title='bbox 1374 2076 1407 2110; x_wconf 74' lang='grc' dir='ltr'><strong>τῇ</strong></span> <span class='ocrx_word' id='word_1_689' title='bbox 1420 2074 1486 2110; x_wconf 78' lang='grc' dir='ltr'>πρὸς</span> <span class='ocrx_word' id='word_1_690' title='bbox 1498 2074 1627 2109; x_wconf 81' lang='grc' dir='ltr'>ἀλήθειαν</span> <span class='ocrx_word' id='word_1_691' title='bbox 1638 2074 1715 2110; x_wconf 67' lang='grc' dir='ltr'>φιλίᾳ</span> <span class='ocrx_word' id='word_1_692' title='bbox 1727 2075 1776 2102; x_wconf 71' lang='grc' dir='ltr'>καὶ</span> <span class='ocrx_word' id='word_1_693' title='bbox 1787 2075 1864 2103; x_wconf 80' lang='grc' dir='ltr'>οὕτω</span> 
     </span>
    </p>
   </div>
   <div class='ocr_carea' id='block_1_100' title="bbox 1073 2121 1414 2156">
    <p class='ocr_par' dir='ltr' id='par_1_100' title="bbox 1073 2121 1414 2156">
     <span class='ocr_line' id='line_1_100' title="bbox 1073 2121 1414 2156; baseline -0.003 -9"><span class='ocrx_word' id='word_1_694' title='bbox 1073 2122 1158 2156; x_wconf 81' lang='grc' dir='ltr'>κακίᾳ</span> <span class='ocrx_word' id='word_1_695' title='bbox 1172 2121 1414 2156; x_wconf 79' lang='grc' dir='ltr'>περιφανέστατοι.</span> 
     </span>
    </p>
   </div>
   <div class='ocr_carea' id='block_1_101' title="bbox 1109 2165 1859 2202">
    <p class='ocr_par' dir='ltr' id='par_1_101' title="bbox 1109 2165 1859 2202">
     <span class='ocr_line' id='line_1_101' title="bbox 1109 2165 1859 2202; baseline 0.003 -9"><span class='ocrx_word' id='word_1_696' title='bbox 1109 2170 1153 2200; x_wconf 86' lang='grc' dir='ltr'>ιγ’.</span> <span class='ocrx_word' id='word_1_697' title='bbox 1170 2167 1225 2193; x_wconf 77' lang='grc' dir='ltr'><strong>Καὶ</strong></span> <span class='ocrx_word' id='word_1_698' title='bbox 1237 2165 1280 2193; x_wconf 77' lang='grc' dir='ltr'>οἷα</span> <span class='ocrx_word' id='word_1_699' title='bbox 1294 2166 1460 2194; x_wconf 84' lang='grc' dir='ltr'>διατίθενται</span> <span class='ocrx_word' id='word_1_700' title='bbox 1475 2167 1522 2193; x_wconf 75' lang='grc' dir='ltr'><strong>τὸν</strong></span> <span class='ocrx_word' id='word_1_701' title='bbox 1544 2167 1641 2202; x_wconf 77' lang='grc' dir='ltr'>ἄνδρα,</span> <span class='ocrx_word' id='word_1_702' title='bbox 1657 2167 1712 2201; x_wconf 81' lang='grc' dir='ltr'>ἐγώ</span> <span class='ocrx_word' id='word_1_703' title='bbox 1736 2176 1767 2194; x_wconf 86' lang='grc' dir='ltr'><strong>τε</strong></span> <span class='ocrx_word' id='word_1_704' title='bbox 1784 2166 1859 2201; x_wconf 78' lang='grc' dir='ltr'>οἶδα,</span> 
     </span>
    </p>
   </div>
   <div class='ocr_carea' id='block_1_102' title="bbox 1072 2208 1865 2247">
    <p class='ocr_par' dir='ltr' id='par_1_102' title="bbox 1072 2208 1865 2247">
     <span class='ocr_line' id='line_1_102' title="bbox 1072 2208 1865 2247; baseline 0.003 -9"><span class='ocrx_word' id='word_1_705' title='bbox 1072 2208 1095 2238; x_wconf 80' lang='grc' dir='ltr'>ὦ</span> <span class='ocrx_word' id='word_1_706' title='bbox 1114 2211 1236 2246; x_wconf 76' lang='grc' dir='ltr'>ἀδελφοὶ,</span> <span class='ocrx_word' id='word_1_707' title='bbox 1253 2212 1300 2238; x_wconf 75' lang='grc' dir='ltr'>καὶ</span> <span class='ocrx_word' id='word_1_708' title='bbox 1316 2212 1395 2246; x_wconf 79' lang='grc' dir='ltr'>ὑμεῖς</span> <span class='ocrx_word' id='word_1_709' title='bbox 1420 2212 1521 2245; x_wconf 78' lang='grc' dir='ltr'>οἴδατε,</span> <span class='ocrx_word' id='word_1_710' title='bbox 1534 2213 1583 2240; x_wconf 80' lang='grc' dir='ltr'>καὶ</span> <span class='ocrx_word' id='word_1_711' title='bbox 1597 2212 1650 2246; x_wconf 79' lang='grc' dir='ltr'><strong>πρὸ</strong></span> <span class='ocrx_word' id='word_1_712' title='bbox 1663 2213 1743 2247; x_wconf 81' lang='grc' dir='ltr'>ὑμῶν</span> <span class='ocrx_word' id='word_1_713' title='bbox 1755 2214 1865 2241; x_wconf 78' lang='grc' dir='ltr'>οἴδασιν</span> 
     </span>
    </p>
   </div>
   <div class='ocr_carea' id='block_1_103' title="bbox 1035 2257 1864 2306">
    <p class='ocr_par' dir='ltr' id='par_1_103' title="bbox 1035 2257 1864 2306">
     <span class='ocr_line' id='line_1_103' title="bbox 1035 2257 1864 2306; baseline 0.002 -22"><span class='ocrx_word' id='word_1_714' title='bbox 1035 2278 1058 2306; x_wconf 72' lang='lat' dir='ltr'><strong>D</strong></span> <span class='ocrx_word' id='word_1_715' title='bbox 1070 2258 1095 2284; x_wconf 86' lang='grc' dir='ltr'><strong>οί</strong></span> <span class='ocrx_word' id='word_1_716' title='bbox 1127 2257 1422 2293; x_wconf 76' lang='grc' dir='ltr'>βιᾶλιογραφήσαντες,</span> <span class='ocrx_word' id='word_1_717' title='bbox 1440 2259 1488 2284; x_wconf 81' lang='grc' dir='ltr'>καὶ</span> <span class='ocrx_word' id='word_1_718' title='bbox 1517 2259 1530 2284; x_wconf 78' lang='grc' dir='ltr'>ὁ</span> <span class='ocrx_word' id='word_1_719' title='bbox 1547 2258 1648 2289; x_wconf 70' lang='grc' dir='ltr'>κᾶσμος</span> <span class='ocrx_word' id='word_1_720' title='bbox 1665 2258 1694 2284; x_wconf 77' lang='grc' dir='ltr'><strong>δὲ</strong></span> <span class='ocrx_word' id='word_1_721' title='bbox 1708 2258 1783 2290; x_wconf 77' lang='grc' dir='ltr'>ἅπας</span> <span class='ocrx_word' id='word_1_722' title='bbox 1797 2267 1803 2273; x_wconf 94' lang='grc'><strong>·</strong></span> <span class='ocrx_word' id='word_1_723' title='bbox 1822 2260 1864 2286; x_wconf 79' lang='grc' dir='ltr'>διὸ</span> 
     </span>
    </p>
   </div>
   <div class='ocr_carea' id='block_1_104' title="bbox 1073 2302 1864 2343">
    <p class='ocr_par' dir='ltr' id='par_1_104' title="bbox 1073 2302 1864 2343">
     <span class='ocr_line' id='line_1_104' title="bbox 1073 2302 1864 2343; baseline 0.003 -14"><span class='ocrx_word' id='word_1_724' title='bbox 1073 2302 1119 2329; x_wconf 82' lang='grc' dir='ltr'>καὶ</span> <span class='ocrx_word' id='word_1_725' title='bbox 1138 2302 1266 2337; x_wconf 80' lang='grc' dir='ltr'>περιττὸν</span> <span class='ocrx_word' id='word_1_726' title='bbox 1286 2302 1319 2343; x_wconf 74' lang='grc' dir='ltr'>ἂν</span> <span class='ocrx_word' id='word_1_727' title='bbox 1332 2303 1388 2336; x_wconf 72' lang='grc' dir='ltr'><strong>εἴη.</strong></span> <span class='ocrx_word' id='word_1_728' title='bbox 1403 2303 1531 2330; x_wconf 78' lang='grc' dir='ltr'>ἐκθέσθαι</span> <span class='ocrx_word' id='word_1_729' title='bbox 1547 2303 1579 2330; x_wconf 76' lang='grc' dir='ltr'>τὰ</span> <span class='ocrx_word' id='word_1_730' title='bbox 1610 2304 1657 2330; x_wconf 79' lang='grc' dir='ltr'><strong>καὶ</strong></span> <span class='ocrx_word' id='word_1_731' title='bbox 1680 2304 1770 2336; x_wconf 78' lang='grc' dir='ltr'>ἄλλως</span> <span class='ocrx_word' id='word_1_732' title='bbox 1792 2305 1864 2339; x_wconf 68' lang='grc' dir='ltr'><strong>μηδὶ</strong></span> 
     </span>
    </p>
   </div>
   <div class='ocr_carea' id='block_1_105' title="bbox 1071 2344 1864 2382">
    <p class='ocr_par' dir='ltr' id='par_1_105' title="bbox 1071 2344 1864 2382">
     <span class='ocr_line' id='line_1_105' title="bbox 1071 2344 1864 2382; baseline 0.005 -11"><span class='ocrx_word' id='word_1_733' title='bbox 1071 2345 1155 2379; x_wconf 76' lang='grc' dir='ltr'>ἀκοῆς</span> <span class='ocrx_word' id='word_1_734' title='bbox 1166 2344 1240 2378; x_wconf 74' lang='grc' dir='ltr'>ἄξια.</span> <span class='ocrx_word' id='word_1_735' title='bbox 1267 2346 1402 2382; x_wconf 77' lang='grc' dir='ltr'>’Δράχνης</span> <span class='ocrx_word' id='word_1_736' title='bbox 1418 2347 1451 2373; x_wconf 82' lang='grc' dir='ltr'>ἄν</span> <span class='ocrx_word' id='word_1_737' title='bbox 1463 2355 1505 2378; x_wconf 88' lang='grc' dir='ltr'><strong>τις</strong></span> <span class='ocrx_word' id='word_1_738' title='bbox 1517 2347 1588 2374; x_wconf 75' lang='grc' dir='ltr'>οὕτω</span> <span class='ocrx_word' id='word_1_739' title='bbox 1607 2347 1728 2374; x_wconf 83' lang='grc' dir='ltr'>κώνωπα</span> <span class='ocrx_word' id='word_1_740' title='bbox 1745 2350 1864 2380; x_wconf 81' lang='grc' dir='ltr'>περιλα-</span> 
     </span>
    </p>
   </div>
   <div class='ocr_carea' id='block_1_106' title="bbox 1070 2389 1860 2428">
    <p class='ocr_par' dir='ltr' id='par_1_106' title="bbox 1070 2389 1860 2428">
     <span class='ocr_line' id='line_1_106' title="bbox 1070 2389 1860 2428; baseline 0.005 -11"><span class='ocrx_word' id='word_1_741' title='bbox 1070 2391 1136 2423; x_wconf 81' lang='grc' dir='ltr'><strong>6ὼν,</strong></span> <span class='ocrx_word' id='word_1_742' title='bbox 1154 2389 1194 2423; x_wconf 80' lang='grc' dir='ltr'>οἷς</span> <span class='ocrx_word' id='word_1_743' title='bbox 1206 2392 1374 2424; x_wconf 84' lang='grc' dir='ltr'>δικτυοῦται,</span> <span class='ocrx_word' id='word_1_744' title='bbox 1397 2393 1565 2428; x_wconf 86' lang='grc' dir='ltr'>κακουργοίη</span> <span class='ocrx_word' id='word_1_745' title='bbox 1587 2393 1652 2427; x_wconf 77' lang='grc' dir='ltr'>περὶ</span> <span class='ocrx_word' id='word_1_746' title='bbox 1673 2393 1703 2419; x_wconf 84' lang='grc' dir='ltr'>τὸ</span> <span class='ocrx_word' id='word_1_747' title='bbox 1725 2393 1860 2428; x_wconf 76' lang='grc' dir='ltr'>ξωΰφιον.</span> 
     </span>
    </p>
   </div>
   <div class='ocr_carea' id='block_1_107' title="bbox 1076 2437 1861 2474">
    <p class='ocr_par' dir='ltr' id='par_1_107' title="bbox 1076 2437 1861 2474">
     <span class='ocr_line' id='line_1_107' title="bbox 1076 2437 1861 2474; baseline 0.005 -11"><span class='ocrx_word' id='word_1_748' title='bbox 1076 2437 1158 2464; x_wconf 78' lang='grc' dir='ltr'>’Δλλὰ</span> <span class='ocrx_word' id='word_1_749' title='bbox 1178 2437 1258 2465; x_wconf 87' lang='grc' dir='ltr'>τοῦτο</span> <span class='ocrx_word' id='word_1_750' title='bbox 1271 2438 1321 2473; x_wconf 83' lang='grc' dir='ltr'>μὲν</span> <span class='ocrx_word' id='word_1_751' title='bbox 1336 2439 1377 2470; x_wconf 87' lang='grc' dir='ltr'><strong>είς</strong></span> <span class='ocrx_word' id='word_1_752' title='bbox 1391 2438 1530 2465; x_wconf 79' lang='grc' dir='ltr'>εὐτέλειαν</span> <span class='ocrx_word' id='word_1_753' title='bbox 1548 2438 1716 2474; x_wconf 66' lang='grc' dir='ltr'>πέίίρασται.</span> <span class='ocrx_word' id='word_1_754' title='bbox 1734 2440 1815 2467; x_wconf 79' lang='grc' dir='ltr'>Λέων</span> <span class='ocrx_word' id='word_1_755' title='bbox 1832 2441 1861 2467; x_wconf 74' lang='grc' dir='ltr'><strong>δὲ</strong></span> 
     </span>
    </p>
   </div>
   <div class='ocr_carea' id='block_1_108' title="bbox 1069 2484 1861 2523">
    <p class='ocr_par' dir='ltr' id='par_1_108' title="bbox 1069 2484 1861 2523">
     <span class='ocr_line' id='line_1_108' title="bbox 1069 2484 1861 2523; baseline 0.003 -12"><span class='ocrx_word' id='word_1_756' title='bbox 1069 2484 1156 2516; x_wconf 78' lang='grc' dir='ltr'>οὕτως</span> <span class='ocrx_word' id='word_1_757' title='bbox 1173 2485 1206 2512; x_wconf 78' lang='grc' dir='ltr'>ἂν</span> <span class='ocrx_word' id='word_1_758' title='bbox 1222 2485 1352 2521; x_wconf 76' lang='grc' dir='ltr'>ἐπιϐρίσῃ</span> <span class='ocrx_word' id='word_1_759' title='bbox 1367 2486 1509 2521; x_wconf 73' lang='grc' dir='ltr'>προὸάτῳ,</span> <span class='ocrx_word' id='word_1_760' title='bbox 1523 2487 1569 2513; x_wconf 76' lang='grc' dir='ltr'>καὶ</span> <span class='ocrx_word' id='word_1_761' title='bbox 1586 2487 1694 2521; x_wconf 66' lang='grc' dir='ltr'>συσχὼν</span> <span class='ocrx_word' id='word_1_762' title='bbox 1704 2487 1861 2523; x_wconf 74' lang='grc' dir='ltr'>διασπάσῃ-</span> 
     </span>
    </p>
   </div>
   <div class='ocr_carea' id='block_1_109' title="bbox 1067 2531 1863 2567">
    <p class='ocr_par' dir='ltr' id='par_1_109' title="bbox 1067 2531 1863 2567">
     <span class='ocr_line' id='line_1_109' title="bbox 1067 2531 1863 2567; baseline 0.004 -10"><span class='ocrx_word' id='word_1_763' title='bbox 1067 2539 1114 2557; x_wconf 81' lang='grc' dir='ltr'><strong>ται</strong></span> <span class='ocrx_word' id='word_1_764' title='bbox 1128 2531 1159 2558; x_wconf 79' lang='grc' dir='ltr'>τὸ</span> <span class='ocrx_word' id='word_1_765' title='bbox 1170 2531 1250 2563; x_wconf 76' lang='grc' dir='ltr'>ζῶον,</span> <span class='ocrx_word' id='word_1_766' title='bbox 1267 2531 1303 2563; x_wconf 82' lang='grc' dir='ltr'><strong>ὡς</strong></span> <span class='ocrx_word' id='word_1_767' title='bbox 1319 2532 1418 2558; x_wconf 73' lang='grc' dir='ltr'>ἐκεῖνοι</span> <span class='ocrx_word' id='word_1_768' title='bbox 1437 2532 1483 2558; x_wconf 80' lang='grc' dir='ltr'>τὸν</span> <span class='ocrx_word' id='word_1_769' title='bbox 1507 2533 1616 2567; x_wconf 83' lang='grc' dir='ltr'>οἰκτρὸν</span> <span class='ocrx_word' id='word_1_770' title='bbox 1643 2533 1720 2566; x_wconf 84' lang='grc' dir='ltr'>φίλον</span> <span class='ocrx_word' id='word_1_771' title='bbox 1743 2533 1863 2560; x_wconf 76' lang='grc' dir='ltr'>διασπα-</span> 
     </span>
    </p>
   </div>
   <div class='ocr_carea' id='block_1_110' title="bbox 1070 2577 1857 2614">
    <p class='ocr_par' dir='ltr' id='par_1_110' title="bbox 1070 2577 1857 2614">
     <span class='ocr_line' id='line_1_110' title="bbox 1070 2577 1857 2614; baseline 0.005 -12"><span class='ocrx_word' id='word_1_772' title='bbox 1070 2577 1195 2612; x_wconf 74' lang='grc' dir='ltr'>ράττουσι</span> <span class='ocrx_word' id='word_1_773' title='bbox 1208 2577 1362 2612; x_wconf 82' lang='grc' dir='ltr'>χαίροντες,</span> <span class='ocrx_word' id='word_1_774' title='bbox 1379 2578 1511 2612; x_wconf 83' lang='grc' dir='ltr'>μενοῦνγε</span> <span class='ocrx_word' id='word_1_775' title='bbox 1525 2579 1675 2614; x_wconf 82' lang='grc' dir='ltr'>μέλποντες</span> <span class='ocrx_word' id='word_1_776' title='bbox 1687 2579 1857 2614; x_wconf 68' lang='grc' dir='ltr'>εὖφρὸσυνα,</span> 
     </span>
    </p>
   </div>
   <div class='ocr_carea' id='block_1_111' title="bbox 1069 2621 1858 2660">
    <p class='ocr_par' dir='ltr' id='par_1_111' title="bbox 1069 2621 1858 2660">
     <span class='ocr_line' id='line_1_111' title="bbox 1069 2621 1858 2660; baseline 0.004 -12"><span class='ocrx_word' id='word_1_777' title='bbox 1069 2621 1112 2648; x_wconf 78' lang='grc' dir='ltr'>ἵνα</span> <span class='ocrx_word' id='word_1_778' title='bbox 1127 2622 1173 2648; x_wconf 78' lang='grc' dir='ltr'>καὶ</span> <span class='ocrx_word' id='word_1_779' title='bbox 1188 2623 1231 2655; x_wconf 50' lang='grc' dir='ltr'><strong>ἐφ’</strong></span> <span class='ocrx_word' id='word_1_780' title='bbox 1246 2623 1338 2650; x_wconf 75' lang='grc' dir='ltr'>αὐτῶν</span> <span class='ocrx_word' id='word_1_781' title='bbox 1350 2624 1400 2650; x_wconf 66' lang='grc' dir='ltr'><strong>ὅσα</strong></span> <span class='ocrx_word' id='word_1_782' title='bbox 1417 2624 1463 2650; x_wconf 74' lang='grc' dir='ltr'>καὶ</span> <span class='ocrx_word' id='word_1_783' title='bbox 1477 2625 1615 2658; x_wconf 83' lang='grc' dir='ltr'>κυναρίων</span> <span class='ocrx_word' id='word_1_784' title='bbox 1631 2624 1780 2660; x_wconf 77' lang='grc' dir='ltr'>μέλπηθρά</span> <span class='ocrx_word' id='word_1_785' title='bbox 1797 2634 1858 2651; x_wconf 80' lang='grc' dir='ltr'>τινα</span> 
     </span>
    </p>
   </div>
   <div class='ocr_carea' id='block_1_112' title="bbox 1069 2667 1856 2705">
    <p class='ocr_par' dir='ltr' id='par_1_112' title="bbox 1069 2667 1856 2705">
     <span class='ocr_line' id='line_1_112' title="bbox 1069 2667 1856 2705; baseline 0.004 -12"><span class='ocrx_word' id='word_1_786' title='bbox 1069 2667 1225 2703; x_wconf 85' lang='grc' dir='ltr'>θεωροῖντο.</span> <span class='ocrx_word' id='word_1_787' title='bbox 1243 2669 1312 2695; x_wconf 72' lang='grc' dir='ltr'>Οὐδὲ</span> <span class='ocrx_word' id='word_1_788' title='bbox 1338 2669 1392 2704; x_wconf 74' lang='grc' dir='ltr'><strong>γὰρ</strong></span> <span class='ocrx_word' id='word_1_789' title='bbox 1408 2670 1628 2704; x_wconf 68' lang='grc' dir='ltr'>ἐπαισχύνονται,</span> <span class='ocrx_word' id='word_1_790' title='bbox 1644 2669 1712 2696; x_wconf 69' lang='grc' dir='ltr'>ἀλλὰ</span> <span class='ocrx_word' id='word_1_791' title='bbox 1727 2671 1775 2697; x_wconf 74' lang='grc' dir='ltr'>καὶ</span> <span class='ocrx_word' id='word_1_792' title='bbox 1794 2673 1856 2705; x_wconf 79' lang='grc' dir='ltr'>φιλ-</span> 
     </span>
    </p>
   </div>
   <div class='ocr_carea' id='block_1_113' title="bbox 1068 2713 1856 2752">
    <p class='ocr_par' dir='ltr' id='par_1_113' title="bbox 1068 2713 1856 2752">
     <span class='ocr_line' id='line_1_113' title="bbox 1068 2713 1856 2752; baseline 0.004 -13"><span class='ocrx_word' id='word_1_793' title='bbox 1068 2713 1251 2740; x_wconf 80' lang='grc' dir='ltr'>ενδεικτοῦσιν</span> <span class='ocrx_word' id='word_1_794' title='bbox 1262 2715 1299 2746; x_wconf 82' lang='grc' dir='ltr'>ὡς</span> <span class='ocrx_word' id='word_1_795' title='bbox 1311 2716 1357 2742; x_wconf 80' lang='grc' dir='ltr'><strong>ἐπὶ</strong></span> <span class='ocrx_word' id='word_1_796' title='bbox 1369 2716 1441 2751; x_wconf 79' lang='grc' dir='ltr'>χορῷ</span> <span class='ocrx_word' id='word_1_797' title='bbox 1454 2717 1500 2742; x_wconf 68' lang='grc' dir='ltr'>καὶ</span> <span class='ocrx_word' id='word_1_798' title='bbox 1511 2716 1611 2750; x_wconf 79' lang='grc' dir='ltr'>μολπῇ,</span> <span class='ocrx_word' id='word_1_799' title='bbox 1627 2715 1744 2742; x_wconf 67' lang='grc' dir='ltr'>τοιαῦτα</span> <span class='ocrx_word' id='word_1_800' title='bbox 1765 2717 1856 2752; x_wconf 73' lang='grc' dir='ltr'>πλημ-</span> 
     </span>
    </p>
   </div>
   <div class='ocr_carea' id='block_1_114' title="bbox 1069 2759 1854 2796">
    <p class='ocr_par' dir='ltr' id='par_1_114' title="bbox 1069 2759 1854 2796">
     <span class='ocr_line' id='line_1_114' title="bbox 1069 2759 1854 2796; baseline 0.005 -12"><span class='ocrx_word' id='word_1_801' title='bbox 1069 2759 1213 2794; x_wconf 81' lang='grc' dir='ltr'>μελοῦντες</span> <span class='ocrx_word' id='word_1_802' title='bbox 1228 2761 1252 2786; x_wconf 86' lang='lat' dir='ltr'><strong>ol.</strong></span> <span class='ocrx_word' id='word_1_803' title='bbox 1269 2763 1314 2787; x_wconf 82' lang='grc' dir='ltr'>καὶ</span> <span class='ocrx_word' id='word_1_804' title='bbox 1331 2762 1441 2796; x_wconf 72' lang='grc' dir='ltr'>θρασεῖς</span> <span class='ocrx_word' id='word_1_805' title='bbox 1457 2764 1503 2788; x_wconf 73' lang='grc' dir='ltr'><strong>καί</strong></span> <span class='ocrx_word' id='word_1_806' title='bbox 1523 2763 1637 2792; x_wconf 80' lang='grc' dir='ltr'>τάλανες</span> <span class='ocrx_word' id='word_1_807' title='bbox 1651 2769 1657 2776; x_wconf 91' lang='grc'>·</span> <span class='ocrx_word' id='word_1_808' title='bbox 1676 2761 1707 2788; x_wconf 84' lang='grc' dir='ltr'>τὸ</span> <span class='ocrx_word' id='word_1_809' title='bbox 1736 2763 1799 2796; x_wconf 81' lang='grc' dir='ltr'>μὲν,</span> <span class='ocrx_word' id='word_1_810' title='bbox 1816 2764 1854 2789; x_wconf 75' lang='grc' dir='ltr'>ὅτι</span> 
     </span>
    </p>
   </div>
   <div class='ocr_carea' id='block_1_115' title="bbox 1067 2805 1853 2845">
    <p class='ocr_par' dir='ltr' id='par_1_115' title="bbox 1067 2805 1853 2845">
     <span class='ocr_line' id='line_1_115' title="bbox 1067 2805 1853 2845; baseline 0.006 -15"><span class='ocrx_word' id='word_1_811' title='bbox 1067 2805 1188 2840; x_wconf 78' lang='grc' dir='ltr'>τολμῶσι</span> <span class='ocrx_word' id='word_1_812' title='bbox 1204 2808 1275 2833; x_wconf 77' lang='grc' dir='ltr'>κατᾶ</span> <span class='ocrx_word' id='word_1_813' title='bbox 1292 2807 1394 2841; x_wconf 76' lang='grc' dir='ltr'>φιλίας,</span> <span class='ocrx_word' id='word_1_814' title='bbox 1413 2807 1443 2834; x_wconf 82' lang='grc' dir='ltr'>τδ</span> <span class='ocrx_word' id='word_1_815' title='bbox 1459 2809 1497 2840; x_wconf 81' lang='grc' dir='ltr'><strong>δὲ,</strong></span> <span class='ocrx_word' id='word_1_816' title='bbox 1512 2808 1553 2834; x_wconf 75' lang='grc' dir='ltr'>ὃτι</span> <span class='ocrx_word' id='word_1_817' title='bbox 1568 2808 1644 2835; x_wconf 66' lang='grc' dir='ltr'>οὐδέν</span> <span class='ocrx_word' id='word_1_818' title='bbox 1662 2817 1687 2834; x_wconf 86' lang='grc' dir='ltr'><strong>τι</strong></span> <span class='ocrx_word' id='word_1_819' title='bbox 1700 2809 1788 2844; x_wconf 74' lang='grc' dir='ltr'>δρῶσι</span> <span class='ocrx_word' id='word_1_820' title='bbox 1804 2818 1853 2845; x_wconf 77' lang='grc' dir='ltr'>μα-</span> 
     </span>
    </p>
   </div>
   <div class='ocr_carea' id='block_1_116' title="bbox 1067 2851 1206 2886">
    <p class='ocr_par' dir='ltr' id='par_1_116' title="bbox 1067 2851 1206 2886">
     <span class='ocr_line' id='line_1_116' title="bbox 1067 2851 1206 2886; baseline 0.007 -8"><span class='ocrx_word' id='word_1_821' title='bbox 1067 2851 1206 2886; x_wconf 79' lang='grc' dir='ltr'>καριστόν.</span> 
     </span>
    </p>
   </div>
   <div class='ocr_carea' id='block_1_117' title="bbox 1104 2898 1853 2937">
    <p class='ocr_par' dir='ltr' id='par_1_117' title="bbox 1104 2898 1853 2937">
     <span class='ocr_line' id='line_1_117' title="bbox 1104 2898 1853 2937; baseline 0.004 -12"><span class='ocrx_word' id='word_1_822' title='bbox 1104 2898 1146 2926; x_wconf 82' lang='grc' dir='ltr'>ιδ’.</span> <span class='ocrx_word' id='word_1_823' title='bbox 1164 2898 1270 2928; x_wconf 73' lang='grc' dir='ltr'>Οὐκοῦν</span> <span class='ocrx_word' id='word_1_824' title='bbox 1285 2899 1347 2927; x_wconf 71' lang='grc' dir='ltr'>οὔτε</span> <span class='ocrx_word' id='word_1_825' title='bbox 1366 2901 1487 2929; x_wconf 80' lang='grc' dir='ltr'>σαίνουσι</span> <span class='ocrx_word' id='word_1_826' title='bbox 1503 2900 1551 2929; x_wconf 83' lang='grc' dir='ltr'><strong>τοῦ</strong></span> <span class='ocrx_word' id='word_1_827' title='bbox 1580 2901 1675 2930; x_wconf 86' lang='grc' dir='ltr'>λοιποῦ</span> <span class='ocrx_word' id='word_1_828' title='bbox 1707 2902 1739 2930; x_wconf 79' lang='grc' dir='ltr'>τὸ</span> <span class='ocrx_word' id='word_1_829' title='bbox 1755 2901 1853 2937; x_wconf 71' lang='grc' dir='ltr'>φίλιον,</span> 
     </span>
    </p>
   </div>
  </div>
