1956 3086
103 117 152 149 385

99 173 155 200 οὔτε
172 173 316 209 κλαυθμοῦ
331 175 379 202 καὶ
393 177 484 212 χαρᾶς
502 178 611 213 μερῖται
639 179 795 213 φαίνονται,
825 180 885 206 οὐδὲ
901 181 924 210 Α

99 219 238 257 ἀμύνεινῆ
254 221 420 257 θεραπεύειν
437 225 662 258 προσποιοῦνται,
680 226 726 252 καὶ
741 227 788 253 τοῦ
800 228 885 263 τιμᾷν

98 267 140 294 καὶ
151 268 274 302 εὐλογεϊν
292 269 338 296 τὸν
349 270 446 305 πρῴην
468 271 545 305 φίλον
560 272 606 298 καὶ
620 272 820 307 εὐδαιμονίζειν
832 274 886 301 ἀπ-

97 313 208 348 έχονται.
221 314 314 350 Αἴρειν
328 315 355 342 δὲ
368 316 449 342 αὐτὸν
462 317 508 343 ἐπὶ
523 318 623 352 χειρῶν
637 318 792 346 ἀναδολέων
804 320 884 355 δίκην

98 361 220 388 τοσοῦτον
249 363 408 397 ἀπέχουσιν,
427 364 498 391 ὥστε
527 366 575 391 καὶ
599 365 779 400 βοθρεύοντες
798 376 885 394 κατα-

98 406 232 439 ϐάλλουσι.
253 409 300 436 καὶ
314 410 442 445 ἐπέχουσι
455 412 483 438 δέ
498 420 503 426 ·
522 413 568 439 καὶ¹
590 412 618 438 εἴ
634 422 659 439 τι
676 413 828 448 ἐχορήγουν
844 413 883 448 τῷ

96 453 162 489 φίλῳ
181 455 249 490 πρὸς
262 455 397 488 δεξίωσιν,
412 458 435 484 Ii
449 457 477 484 δὲ
494 458 541 484 καὶ
557 459 698 494 μυστήρια
714 459 883 494 ἑκειμηλιώ-

98 501 176 528 σαντό
192 509 245 528 που
265 502 362 536 φιλικά
375 504 399 530 οἱ
418 504 471 539 πρὸ
488 504 591 531 τούτων
606 504 813 540 ὲξερευγόμενοι
831 514 883 541 μυσ

97 548 239 583 στηριακὰ,
257 549 304 575 καὶ
331 547 365 575 αὖ
385 550 470 576 πάλιν
498 550 748 586 ἀντεισδεχόμενοι,
770 552 824 578 οὐδ’
848 552 882 580 ἂν

97 594 199 629 armata
214 594 292 629 χύσις
307 595 418 629 ἡτισοῦν
446 596 578 630 ὲκϐράσοι
607 597 672 631 ῥᾷον
692 598 882 625 ἀναϐάλλουσα

94 639 122 666 τὸ
140 641 200 667 κατ’
216 641 303 676 αὐτὴν
326 641 440 676 ἀρχικὸν
457 641 541 677 ὕδωρ,
568 642 605 673 ὡς
623 643 724 670 ἱκείνοι
751 643 880 678 ἐξεμοῦσι

91 686 123 713 τὰ
151 687 374 722 παρατεθειμὲνα
399 687 513 722 κρύφια.
529 688 622 715 Ταῦτα
647 689 676 716 δὲ
701 689 793 717 πάντα
808 689 879 717 διατί

92 733 136 759 καὶ
151 732 224 765 τινος
256 733 354 766 ἕνεκας
370 733 432 761 Ὅτι
471 734 641 768 φαυλότατον
666 744 692 762 τι
716 736 879 770 παραπεσὸν

91 779 217 814 πρᾶγμα,
239 780 300 806 οὐδὲ
315 780 412 807 ὀϐολοῦ
427 781 601 816 ἀξιούμενον,
618 781 739 816 ἐλύπησε
754 781 801 808 τὸν
813 782 880 809 ὑπο·

90 824 183 859 κριτὴν
212 825 440 860 παρεωραμένον,
457 825 494 857 ὡς
519 825 553 853 ἃν
574 826 658 858 αὐτὸς
680 827 766 859 εἴποι,
792 826 876 860 ἀξιῶν

87 869 253 902 δεσποτικῶς
263 871 293 902 ἐς
307 870 338 898 τὸ
358 871 413 898 πᾶν
427 871 467 906 τῷ
487 870 702 907 κολακευομένῳ
717 872 874 907 προσφέρε-

86 915 160 949 σθαι,
189 917 238 943 καὶ
266 915 380 952 μηδενὸς
408 917 610 952 ἀποτυγχάνειν
636 916 666 949 ἐξ
692 917 810 950 ἐκείνου,
836 915 875 946 ὧν

87 962 193 996 ἐφίεται
203 970 211 978 ο
228 962 242 989 ὁ
255 963 364 995 πάντως
376 962 426 990 οὐκ
438 962 513 990 εστιν
524 964 554 990 ἑν
564 962 604 999 τῷ
621 963 670 999 βίῳ
683 964 752 999 πρὸς
765 965 875 998 οὐδενὸς

85 1008 220 1042 γίνεσθαι,
238 1009 305 1036 ὅπου
327 1018 359 1044 γε
378 1011 431 1041 πᾶς
448 1010 594 1045 ἄνθρωπος
620 1010 681 1037 οὐδὲ
698 1010 747 1038 τοῦ
769 1011 872 1039 οικείου

84 1055 180 1089 κρατεῖ
206 1054 295 1081 διόλου
323 1054 522 1090 βουλεύματος,
547 1055 616 1083 ἀλλά
641 1064 667 1082 τι
683 1056 814 1092 κυρώσας
842 1057 872 1084 ἐν

84 1100 220 1136 σταθερῷ,
238 1101 289 1136 τὴν
305 1102 426 1136 σήμερον
445 1101 544 1136 αΰριον
567 1102 739 1136 μεταϐαλὼν,
758 1103 872 1137 ἀπεχει-

83 1146 212 1181 ροτόνησε
225 1146 276 1182 τὴν
289 1147 395 1174 οἰκείαν
407 1147 546 1183 πρόθεσιν.
563 1147 597 1174 Τί
610 1148 638 1174 δέ
652 1157 724 1183 φημι
752 1148 848 1183 αὔριον
861 1157 870 1182 ;

79 1192 141 1219 δέον
152 1194 250 1223 εἰπεῖν,
264 1193 306 1220 ὅτι
328 1193 464 1228 αὖθωρδν,
496 1193 531 1220 τά
543 1202 572 1220 τε
588 1193 667 1226 ἀλλα,
693 1195 740 1222 καὶ
751 1194 820 1221 διότι
839 1195 869 1221 οὺ

79 1237 153 1264 πάνυ
182 1237 286 1272 ἀπᾷδον
310 1238 378 1273 πρὸς
395 1238 536 1274 ἀλήθειαν,
562 1239 593 1266 τὸ
608 1239 658 1271 τὰς
675 1240 778 1275 φρένας
800 1240 870 1276 πρὸς

77 1283 165 1320 τύχας
173 1284 324 1319 κεκτῆσθαι
335 1285 420 1320 ἡμᾶς.

115 1333 158 1357 ιε’.
174 1331 229 1357 Καὶ
244 1330 316 1358 οὕτω
331 1331 381 1366 μὲν
404 1332 439 1358 τὰ
460 1332 489 1363 ἐς
509 1332 602 1366 φιλίαν
625 1333 827 1369 κακουργοῦσιν
843 1334 868 1361 oi

76 1376 129 1411 τῆς
143 1377 326 1412 ὕποκριτικῆς
341 1378 484 1413 αἱρέσεως.
499 1379 544 1405 ὅτε
569 1379 816 1414 μεταχειρίσασθαι
837 1380 869 1407 τὸ

77 1422 141 1449 κατ’
155 1421 244 1458 αὐτὴν
258 1422 427 1456 πρόθωνται.
445 1423 501 1450 Καὶ
510 1423 591 1460 ἤρκει
608 1423 658 1458 μὲν
672 1423 788 1452 ἐνταῦθα
799 1424 869 1460 φαύ-

76 1469 142 1501 λους
154 1468 354 1504 ἐληλεγμένους
373 1469 472 1500 αὐτοὺς
488 1469 598 1504 ἀφεῖναι
612 1470 721 1504 βάλλειν
733 1472 763 1504 ἐς
782 1471 868 1506 κόρα-

77 1523 143 1547 κας.
177 1514 207 1541 '0
238 1515 294 1551 γὰρ
324 1515 487 1549 τηλικούτου
520 1515 905 1554 καταπανουργευσάμινοςα

74 1560 197 1595 ἀγαθοῦ,
214 1561 287 1588 κατά
310 1561 388 1588 ποίου
405 1562 499 1597 ἑτέρου
523 1562 744 1598 εὐλαὸηθήσεται
761 1565 798 1599 μὴ
825 1565 871 1592 ἀν-

73 1606 244 1643 δρίσασθαι;
259 1606 493 1642 Ἐπισκεψώμεθα
506 1607 535 1634 δὲ
547 1608 622 1642 ὅμως
638 1609 686 1636 καὶ
711 1609 756 1636 ἐπ’
778 1610 871 1643 ἄλλοις

71 1652 126 1687 τὴν
145 1651 239 1680 αὐτῶν
265 1652 430 1688 μοχθηρίαν.
464 1653 518 1688 ᾂπη
544 1653 687 1689 ὲπιτιμὶας
712 1655 870 1692 ἀφώρισται

72 1698 294 1733 δντυγχάνοντας
309 1706 316 1714 ν
334 1698 421 1729 οὐδεὶς
436 1699 491 1734 γὰρ
505 1699 556 1735 τὴν
566 1700 698 1736 τοιαύτην
711 1701 806 1736 ἀγνοεῖ
820 1712 870 1738 μο-

69 1743 207 1780 χθηρίαν,
223 1744 277 1779 ὅπη
292 1744 436 1779 ἐπιτιμίας
447 1745 603 1780 ἀφώρισται
616 1754 624 1763 '
641 1747 699 1774 ἀλλ’
716 1747 789 1775 ὥστε
804 1757 868 1776 συν-

69 1790 196 1825 αγαγεῖν
213 1798 245 1817 τι·
259 1789 308 1816 καὶ
332 1790 411 1817 αὐτοὶ
426 1790 496 1826 πρὸς
510 1792 687 1828 κατάκρισιν,
703 1794 750 1821 καὶ
766 1803 870 1830 προσι-

67 1834 203 1862 πιδαλιίν
217 1834 257 1870 τῷ
271 1835 332 1861 κατ’
344 1835 431 1870 αὐτῆς
451 1836 575 1872 μεγίστῳ
593 1837 683 1872 nam;
696 1838 788 1874 ψῆφον
802 1841 868 1873 μίαν

68 1879 143 1916 γοῦν
158 1889 222 1908 τινα
247 1880 387 1916 μέλαιναν,
400 1881 451 1917 τὴν
467 1882 510 1908 διὰ
524 1885 635 1918 γραφῆς
651 1884 764 1920 ταύτης,
775 1886 868 1920 ὅμοιον

67 1927 111 1958 ὥς
147 1927 175 1953 εί
206 1925 253 1954 καί
280 1934 354 1958 τινος
380 1926 525 1962 ἀλιτηρίου
547 1928 639 1955 λάῐνον
657 1930 868 1965 ἀμφιεσαμένου

66 1973 193 2010 χιτῶνα,
218 1971 248 1999 ὃν
267 1972 343 2007 αὐτῷ
362 1973 379 2008 ἡ
405 1973 490 2000 κακία
510 1973 655 2008 ἐξύφανεν,
677 1975 717 2006 είς
732 1976 870 2011 ἐπίσημον

63 2020 207 2053 ἀντάφιον
234 2017 394 2054 πρίὸλημα
422 2020 638 2055 προσεπιῤῥίψει
664 2022 712 2048 καὶ
732 2021 813 2053 αὐτὸς
837 2023 870 2050 ἐκ

63 2064 199 2100 παρόδου
219 2062 343 2098 λιθάριον
357 2063 398 2094 είς
413 2063 568 2098 ἀφοσίωσιν
586 2065 691 2101 ἔθιμον.

104 2114 162 2144 ις’.
185 2110 346 2146 Θεωρητέον
363 2110 411 2137 οὖν
439 2111 485 2138 τὶν
502 2111 664 2147 ὑποκριτὴν.
692 2111 785 2144 ὁποῖός
809 2113 869 2140 ἐστι

59 2159 115 2186 καὶ
131 2158 165 2184 ὲν
181 2158 215 2192 τῇ
233 2157 359 2192 πολιτικῇ
378 2157 517 2192 κοινωνίᾳ,
534 2158 579 2184 ὅτε
597 2158 703 2191 τάξεώς
721 2167 773 2185 που
788 2168 868 2194 περι-

58 2204 178 2239 φανοῦς
193 2188 418 2235 έπιτεύξεται.”Λ
425 2212 462 2238 μα
477 2188 547 2230 είδεν
564 2188 647 2231 αὐτὸν
662 2204 678 2239 ἡ
693 2188 787 2239 ἀγορὰ
801 2188 866 2240 ἢΙτδ
884 2188 906 2215 D

58 2251 279 2288 βουλευτήριον,
295 2250 342 2277 καὶ
364 2250 445 2281 εὐθὺς
464 2250 645 2286 περιθέμενος
660 2251 691 2278 τὸ
706 2252 757 2286 τῆς
767 2252 867 2288 εὐσχη-

56 2299 207 2335 μοσύνης,
221 2296 271 2324 εἴτ¹
286 2297 333 2324 οὖν
348 2297 493 2328 εὐλαὸεῐας
509 2297 556 2323 καὶ
570 2298 710 2333 προσοχῆς
726 2297 772 2325 καὶ
787 2298 867 2333 ἀκρι-

55 2345 145 2375 ϐείας
176 2343 363 2378 προσωπεῖον,
397 2342 519 2377 βουλεύει
551 2343 602 2376 μὲν
620 2343 719 2378 βουλὰς
744 2343 864 2378 ἀγαθὰς,

53 2390 203 2426 ἀγορεύει
218 2389 247 2415 δὲ
273 2389 308 2416 τὰ
329 2388 489 2415 συνοίσοντα
501 2397 509 2404 ’
526 2389 574 2416 καὶ
587 2389 693 2424 ὁμιλῶν
705 2390 756 2425 μὲν
774 2390 866 2416 ἐπιλέ-

53 2446 145 2472 γεται
178 2434 255 2468 νοῦν,
270 2435 299 2467 ὃς
328 2435 535 2470 προφερόμενος
559 2434 596 2466 ὡς
612 2436 651 2466 είς
676 2435 744 2462 Θεοῦ
771 2436 865 2470 φωνὴν

52 2483 242 2519 ἀπηχείηται·
276 2481 407 2517 πράττων
434 2481 463 2507 δὲ
492 2480 616 2515 ἀφορίζει
643 2481 690 2507 τὸν
715 2481 811 2516 μῶμον
835 2480 865 2514 ἐξ

52 2527 182 2559 ἑαυτοῦ,
200 2526 238 2557 ὡς
255 2526 302 2553 καὶ
327 2525 485 2560 φθονεῖσθαι
505 2526 562 2556 τοῖς
589 2534 621 2559 γε
636 2525 793 2560 βασκάνοις.
809 2526 865 2552 Καὶ

49 2574 180 2603 διαιτῶν
208 2573 258 2608 μὲν
271 2572 321 2599 οὐκ
333 2571 370 2600 ἂν
382 2573 411 2604 ἐς
426 2572 573 2606 πρόσωπον
593 2571 745 2607 ἀποϐλέψῃ,
761 2571 816 2598 οὐδ’
832 2572 865 2598 ἂν

50 2619 325 2654 κατακαυχήσηται
337 2617 421 2645 αὐτοῦ
437 2618 524 2653 δῶρον
541 2626 548 2634 ο
565 2617 647 2653 μέσος
663 2617 691 2644 δὲ
717 2617 807 2649 ἄλλως
821 2626 865 2651 γι-

48 2669 185 2704 νόμενος
203 2666 360 2700 πράγμασι,
374 2665 423 2700 τὴν
436 2665 567 2699 ἐνάρετον
583 2665 712 2699 συντηρεῖ
727 2663 865 2700 σύμϐασιν

45 2715 131 2748 λόγῳ
147 2711 193 2746 τῷ
214 2710 274 2738 κατ’
295 2711 407 2747 ἀρετήν.
426 2711 535 2745 Κρίνων
550 2711 577 2737 δὲ
593 2710 709 2745 ἀπορθοῖ
720 2710 770 2746 τὴν
792 2710 864 2745 γνὼ-

46 2767 113 2794 μην
133 2757 183 2788 εἰς
210 2755 348 2789 εὐθύτητα
360 2754 681 2789 θεοφιλῆ.”Επανασώζει
698 2754 771 2781 ἆπαν
782 2754 865 2790 ἀφαί-

46 2811 148 2839 ρεμα,
160 2801 358 2836 παρῤησιάζει
369 2801 398 2828 τὸ
409 2800 525 2833 δίκαιον,
539 2800 704 2836 περιγράφει
717 2801 748 2827 τὸ
759 2801 863 2834 ἄδικον,

44 2849 181 2882 κολάζει
202 2846 332 2881 δεόντως,
351 2847 535 2875 ὲπιεικεύεται
560 2846 734 2882 πρεπόντως,
752 2847 864 2884 καθείρ-

750 123 802 155 DE
815 123 1091 156 SIMULATIONE.

1675 130 1728 163 386

939 181 1027 214 ciunt,
1059 190 1109 210 nec
1128 182 1213 210 illotus
1237 187 1263 210 et
1289 185 1379 218 gaudii
1408 184 1558 221 participes
1584 194 1726 222 apparent,

939 234 989 253 nec
1007 228 1075 255 tueri
1091 228 1131 255 vel
1141 229 1243 256 servire
1255 229 1368 264 lingunt.
1381 236 1406 259 et
1421 232 1455 259 ab
1472 232 1631 261 honorando
1646 234 1730 262 bene-

936 270 1106 306 dicendoque
1127 280 1158 299 ac
1179 273 1350 307 prmdimmlo
1361 275 1468 303 beatum
1485 277 1556 304 hune
1570 277 1726 306 hesternum

937 317 1067 349 amicum,
1087 317 1238 346 abstinent.
1257 318 1373 346 Tantum
1389 327 1478 348 autem
1495 323 1572 349 abest
1591 329 1630 357 ut,
1649 326 1728 359 equi-

936 370 1032 391 sonum
1049 363 1144 395 iuslar,
1168 365 1242 391 illum
1254 365 1280 392 in
1298 367 1423 394 manibus
1441 368 1548 401 tollant,
1570 374 1600 396 ιιι
1617 378 1680 398 enm
1698 372 1725 398 iu

934 416 1031 436 caveas
1048 410 1216 444 praecipitent
1243 415 1270 438 ct
1291 412 1428 445 obruant;
1454 418 1480 441 et
1504 415 1527 441 si
1550 416 1615 450 quid
1639 417 1727 444 amico

934 455 1142 489 Suppeditabant
1175 457 1208 483 ad
1239 457 1366 484 amicitia}
1384 458 1501 493 signum,
1525 462 1594 488 etsi
1616 462 1726 490 aliunde

933 501 1064 534 mysteria
1083 501 1164 529 amici
1187 503 1315 537 quopiam
1331 504 1465 531 servanda
1483 507 1664 539 reponebam.
1685 508 1724 535 illi

932 545 977 580 qui
994 550 1073 574 antea
1089 547 1265 583 divulgabant
1280 549 1452 584 n-ysteriosa,
1469 557 1498 578 ut
1515 552 1635 580 vicissim
1652 554 1724 581 obti-

932 597 1094 631 ncrentmon
1108 592 1213 621 facilius
1225 593 1286 622 fons
1296 595 1452 624 cbullientis
1461 604 1537 632 aqua:
1546 606 1623 625 suam
1635 599 1725 627 fontaa

932 638 1020 665 nalem
1033 647 1131 674 aquam
1146 640 1296 673 emitteret,
1314 649 1395 676 quam
1412 643 1455 670 isti
1474 645 1593 678 repnsita
1613 651 1723 673 secreta

930 689 1069 712 eructant.
1083 684 1146 712 "me
1162 691 1252 713 autem
1267 688 1359 714 omnia
1376 696 1462 723 quare
1473 695 1500 716 et
1510 695 1621 725 propter
1635 692 1721 726 quid?

931 729 999 763 Quia
1015 738 1058 757 res
1076 731 1168 765 aliqua
1188 731 1319 758 vilissima
1336 735 1542 768 superveniens,
1567 743 1616 763 nec
1645 737 1718 765 oboli

928 776 1100 809 aestimanda,
1128 778 1301 804 contristat-it
1321 779 1519 813 siumlatorem,
1552 782 1722 816 despectmu,

929 822 1000 849 sicut
1015 823 1071 856 ipse
1085 823 1199 854 diceret,
1215 824 1429 853 dominationem
1447 826 1472 853 in
1490 827 1614 855 omnibus
1637 836 1721 864 super

932 868 1070 896 adulatum
1088 869 1188 897 habere
1202 870 1294 898 volens
1309 876 1336 899 et
1349 872 1383 899 ab
1399 872 1443 899 illo
1464 873 1530 900 nihil
1548 881 1641 902 eorum
1661 883 1721 910 qum

930 913 1079 946 desiderat,
1094 921 1147 941 non
1165 915 1290 942 obtinere
1309 924 1316 943 :
1338 918 1410 950 quod
1435 919 1460 945 iu
1479 918 1536 946 vita
1561 927 1676 954 prorsus
1700 928 1715 948 ιι

930 959 1038 987 nemine
1054 963 1142 994 potest
1156 960 1287 993 obtineri,
1319 962 1364 989 ubi
1389 964 1498 998 quidem
1522 965 1612 992 omnis
1639 966 1721 994 homo

930 1005 1048 1041 propriae
1065 1006 1213 1033 voluntatis
1237 1014 1291 1034 non
1315 1014 1357 1035 est
1380 1009 1491 1037 omnino
1508 1011 1642 1044 dominos,
1660 1013 1719 1044 sed,

931 1057 1076 1087 postquam
1094 1052 1197 1086 aliquid
1217 1052 1333 1080 tirmiter
1347 1054 1457 1087 statuit,
1477 1055 1609 1083 hodierna
1629 1057 1672 1084 die
1692 1057 1718 1084 iu

928 1097 1079 1125 crastinam
1106 1103 1284 1132 commutata,
1303 1099 1443 1134 proprium
1465 1100 1634 1136 abjudicavit
1657 1111 1720 1138 pro-

928 1145 1058 1180 positum.
1083 1145 1138 1172 Cur
1158 1151 1248 1172 autem
1275 1145 1336 1173 dico
1354 1146 1520 1182 crastinam}?
1535 1147 1609 1175 dium
1635 1156 1719 1183 opor-

930 1192 1003 1218 tebat
1028 1192 1121 1218 dicere
1148 1191 1237 1224 illico;
1261 1191 1386 1226 istudque
1400 1212 1407 1224 ,
1429 1192 1499 1220 inter
1520 1197 1631 1226 caatera,
1653 1195 1716 1229 quia

928 1246 981 1266 non
997 1242 1038 1266 est
1052 1239 1163 1265 omnino
1187 1246 1203 1265 a
1227 1237 1342 1266 veritate
1368 1238 1497 1272 alienum,
1523 1240 1597 1275 quod
1618 1249 1716 1270 sensus

925 1284 1004 1319 juxta
1022 1284 1160 1311 fortunam
1178 1284 1318 1312 habemus.

964 1331 1006 1358 l5.
1021 1330 1054 1358 Et
1064 1331 1100 1357 ita
1114 1331 1221 1365 quidem
1235 1331 1338 1358 bonum
1349 1331 1477 1359 amicitiae
1489 1338 1715 1369 pervertunt,qu.

890 1380 898 1387 ’
926 1377 1066 1413 pertinent
1080 1377 1114 1404 ad
1136 1382 1236 1404 sectam
1255 1378 1474 1412 hypocritarum,
1490 1387 1552 1408 cum
1583 1379 1624 1413 id,
1642 1381 1715 1415 quod

926 1424 1011 1460 ipsius
1019 1429 1072 1457 est,
1083 1424 1276 1451 administrare
1290 1424 1454 1452 luculentius
1463 1426 1582 1460 aggressi
1595 1432 1669 1454 sunt.
1682 1427 1716 1454 Et

927 1470 1036 1506 quidem
1054 1470 1094 1497 ibi
1112 1469 1263 1497 sufﬁciebat
1280 1471 1346 1498 istos
1362 1471 1394 1498 de
1418 1472 1556 1505 pravitate
1572 1473 1713 1500 coavictos

923 1515 957 1543 de
983 1516 1067 1550 gradu
1097 1515 1226 1550 dejicere.
1258 1515 1308 1549 Qui
1340 1517 1412 1544 enim
1445 1517 1578 1545 adversus
1603 1522 1710 1546 tantum

924 1561 1026 1589 bonum
1041 1568 1170 1596 perverse
1188 1561 1254 1595 egit,
1278 1567 1372 1589 contra
1399 1563 1471 1596 quod
1489 1562 1562 1590 aliud
1577 1563 1715 1590 verebitur

924 1608 1065 1635 audacter
1085 1606 1174 1633 frrri?
1191 1606 1386 1634 Examinemus
1414 1611 1516 1641 tamen,
1534 1613 1560 1635 et
1583 1609 1610 1636 in
1641 1609 1712 1640 aliis,

924 1653 1045 1688 ipsorum
1059 1652 1236 1687 pravitatem.
1251 1652 1295 1679 ubi
1309 1660 1427 1680 censura
1441 1655 1548 1688 signata
1564 1659 1605 1682 est
1615 1662 1714 1682 occur-

923 1697 1061 1726 rentibus.
1089 1697 1174 1725 Nemo
1201 1697 1274 1725 eu'nn
1300 1698 1380 1726 talem
1406 1699 1515 1734 ignorat
1537 1701 1711 1735 pravitatem.

923 1745 970 1772 ubi
987 1751 1105 1772 censura
1121 1748 1213 1771 notata
1230 1747 1291 1776 cst;
1305 1744 1353 1771 sed
1368 1751 1420 1772 nos
1429 1745 1513 1772 etiam
1529 1746 1635 1781 aliquid
1653 1747 1712 1774 col-

922 1791 1039 1825 ligemus
1066 1791 1100 1818 ad
1121 1790 1392 1824 condemnationem,
1413 1796 1451 1824 et,
1475 1793 1597 1821 maximo
1615 1798 1711 1821 contra

922 1837 995 1864 illam
1007 1836 1147 1872 sttlfragio,
1167 1836 1323 1872 suﬂ‘ragium
1343 1845 1425 1865 unum
1438 1837 1549 1872 inquam
1562 1839 1657 1867 saltem
1667 1840 1712 1867 ni-

921 1890 1011 1918 grum,
1032 1882 1103 1917 quod
1130 1887 1172 1910 est
1187 1883 1260 1911 illius
1284 1883 1489 1917 accusationis,
1511 1885 1710 1920 superatljicie-

924 1936 993 1960 unus,
1007 1928 1233 1961 quemadmodum
1246 1928 1281 1960 si,
1299 1927 1411 1956 homine
1438 1929 1554 1957 scelesto
1578 1929 1710 1965 lapideam

924 1973 1046 2000 tunicam
1064 1972 1169 2006 induto,
1191 1980 1273 2008 quam
1294 1973 1347 2008 ipsi
1369 1974 1476 2001 malitia
1503 1975 1599 2008 texuit,
1620 1976 1646 2002 iu
1673 1977 1712 2004 si-

921 2023 1031 2054 gnatum
1051 2019 1206 2053 sepulcrum
1235 2023 1262 2046 et
1291 2019 1350 2055 ipse
1381 2021 1514 2048 transitur
1534 2029 1568 2048 ex
1593 2021 1634 2048 via
1654 2023 1711 2057 pal-

922 2064 988 2092 lium
1007 2064 1144 2099 lapideum
1168 2064 1202 2092 ad
1226 2065 1410 2100 expiationem
1426 2074 1459 2093 ex
1479 2073 1553 2093 more
1565 2067 1707 2100 conjiciat.

956 2110 1000 2137 16.
1026 2110 1237 2138 Considercmus
1258 2111 1340 2145 igitur
1354 2111 1551 2145 simulatorem,
1569 2113 1658 2147 qualis
1674 2114 1711 2140 sit
1733 2114 1739 2117 ⁴

919 2156 947 2183 in
977 2156 1049 2184 civili
1080 2156 1298 2189 communitate,
1321 2157 1344 2183 si
1370 2157 1481 2191 quando
1511 2158 1544 2185 ad
1562 2149 1710 2193 insignem

921 2202 1074 2236 pervenerit
1086 2202 1222 2230 ordinem.
1234 2201 1332 2229 Statim
1346 2208 1373 2229 ut
1389 2203 1531 2238 conspexit
1544 2210 1605 2230 eum
1622 2203 1710 2232 forum

921 2247 963 2274 vel
994 2251 1115 2281 senatus,
1145 2247 1282 2282 extemplo
1309 2247 1483 2283 maiestatis,
1509 2249 1566 2277 sive
1591 2250 1711 2277 circnm-

920 2294 1070 2329 spectiouis
1094 2298 1122 2321 ct
1157 2294 1310 2329 prudentiae
1331 2301 1434 2321 necnon
1460 2295 1584 2330 obsequii
1617 2303 1711 2330 perso-

922 2348 984 2368 nam
1018 2341 1138 2373 indutus,
1166 2340 1326 2368 consiliatur
1356 2341 1468 2376 quidem
1487 2341 1602 2368 consilia
1628 2343 1711 2377 bona,

919 2391 946 2414 et
973 2386 1093 2420 loquitur
1122 2385 1203 2413 verba
1233 2393 1337 2419 magna:
1375 2386 1485 2413 utilitati
1511 2386 1611 2414 futura.
1635 2387 1710 2415 Con-

919 2431 1055 2459 versando
1067 2431 1228 2458 sententiam
1242 2431 1352 2464 quidem
1366 2431 1517 2463 concludit,
1531 2439 1592 2466 quae
1604 2433 1710 2467 prolata

921 2483 1049 2513 tanquam
1066 2478 1098 2505 ad
1123 2477 1169 2504 Dei
1193 2484 1285 2504 vocem
1299 2481 1397 2509 sonat;
1428 2479 1568 2512 operando
1587 2486 1652 2506 vero
1671 2480 1712 2507 sic

919 2532 933 2551 a
959 2532 989 2551 se
1018 2529 1142 2550 removet
1164 2523 1419 2557 reprehensionem,
1445 2528 1475 2550 ut
1491 2524 1591 2552 invidis
1614 2526 1709 2553 saltem

920 2571 966 2598 llat
983 2571 1119 2604 objectum
1138 2569 1259 2596 ἰιινῑιίίιε.
1277 2570 1387 2597 Arbiter
1407 2569 1508 2602 factus.
1531 2579 1584 2598 non
1603 2572 1636 2598 ad
1653 2572 1711 2598 vul-

920 2622 975 2644 tum
1013 2625 1132 2652 unquam
1168 2617 1312 2650 atteudel,
1349 2623 1400 2644 nec
1436 2624 1465 2644 se
1493 2617 1595 2644 donum
1624 2617 1710 2645 invio

919 2663 1006 2699 ip~um
1031 2664 1141 2699 gloriari
1168 2664 1288 2690 audebit.
1310 2663 1407 2692 Mistus
1429 2664 1538 2692 aliunde
1578 2664 1706 2699 negotiis,

919 2710 1082 2737 laudabilem
1107 2710 1327 2738 conciliationem
1344 2729 1352 2743 ,
1397 2718 1525 2738 sermone
1557 2711 1708 2738 secundum

919 2756 1050 2783 virtutem
1078 2754 1344 2789 f;tcto,‘conscrvat.
1369 2755 1510 2788 .ludieans,
1545 2756 1707 2783 sententiam

917 2802 995 2838 juxta
1015 2802 1208 2829 reetitudincm
1243 2801 1299 2829 Deo
1329 2803 1470 2837 placitam,
1499 2801 1602 2835 dirigit.
1621 2800 1708 2827 Omne

921 2852 1056 2877 rcslaurat
1073 2848 1230 2883 abreptum,
1246 2854 1341 2884 aperte
1354 2848 1459 2885 justum
1473 2847 1604 2880 declarat,
1618 2845 1707 2880 repri-
