1956 3086
133 116 187 148 389

763 124 814 154 DE
831 125 1110 160 SlMULATIONE.

1700 129 1754 161 390

135 174 144 190 (
168 173 277 224 Ὁρᾶτε,
294 172 337 224 ,μὴ
353 176 579 212 καταφρονήσητε
608 177 676 213 μηδὲ
690 178 756 213 γοῦν
779 179 837 212 ἐνὸς
860 180 911 208 τῶν

967 183 1024 212 sive
1036 183 1202 217 hominibus.
1215 185 1274 214 slve
1284 186 1446 216 artiﬁciolis.
1458 187 1563 217 Idcirco
1575 188 1621 224 qui
1633 170 1752 218 subsunt

134 219 240 253 μικρῶν
255 219 368 252 τούτων,
386 229 395 246 ι
418 221 473 247 εἴτε
489 221 654 258 ἀνθρώπων,
667 224 722 251 εἴτε
746 226 795 252 καὶ
821 234 916 261 τεχνυ-

134 265 226 300 δρίων.
242 267 288 292 Διὸ
304 268 350 294 καὶ
367 268 391 295 οί
419 269 478 300 ταῖς
493 269 603 305 τέχναις
619 273 837 307 παρυφεστῶτες
853 273 919 300 ὑπο-

136 311 239 347 κριταὶ,
255 312 467 349 ἀγαθοπραξιῶν
481 316 677 352 κατάρχοντες,
691 317 742 346 ὅσα
763 318 811 345 καὶ
828 318 919 345 δελεα-

137 358 259 391 σμάτων,
275 359 321 386 καί
337 368 412 392 τινας
428 361 576 398 ἀγαθοὺςῆ
594 364 641 391 καὶ
653 364 741 397 ἄλλως
755 368 918 401 περιφανεῖς

134 401 168 428 δι’
184 403 273 430 αὐτῶν
303 404 502 440 Θηρασάμενοι,
532 409 579 434 καὶ
605 409 747 443 ὲπαγωγοὶ
775 411 915 445 φανέντες,

135 447 233 476 αὐτίκα
250 451 450 485 συνεπάγονται
468 452 591 484 καὶτοὺς
605 455 753 490 ἐτεροίους.
776 455 917 491 Ειώθαμεν

135 495 189 530 γὰρ
203 496 227 521 οῑ
245 496 384 532 ἄνθρωποι
401 500 461 530 ταῖς
475 499 528 526 τῶν
544 501 671 536 χρηστῶν
686 502 793 538 ἀνδρῶν
812 503 917 538 χαίρειν

135 541 278 576 μιμήσεσι,
294 542 386 574 πολλοὶ
405 544 432 570 δὲ
449 546 496 572 καὶ
512 548 570 577 ταῖς
586 547 639 574 τῶν
661 547 754 578 ἁπλῶς
772 547 916 583 μειζόνων.

139 586 263 615 Ἐπειδὰν
290 589 318 614 δὲ
349 589 461 621 πλείους
491 591 698 626 ἐπαγάγωνται,
719 592 767 619 καὶ
797 593 917 628 οὐδαμοῦ

133 632 224 667 φαύλη
245 632 309 668 περὶ
324 633 423 666 αὐτοὺς
447 635 581 671 ὑπόληψις
608 637 805 672 προφαίνηται,
835 646 918 673 μετα-

133 677 276 705 ϐάλλονται
292 679 338 705 καὶ
358 679 446 706 αὐτοί.
459 681 515 708 Καὶ
530 683 553 708 oi
568 682 663 717 πρῴην
678 682 855 718 ἀληθευτικοὶ
870 683 918 710 καὶ

132 724 319 759 ἀπράγμονες,
332 725 380 752 καὶ
396 725 464 758 ὅλως
482 727 521 762 μὴ
538 726 702 763 βαρύνοντες
718 728 748 756 τδ
760 728 916 764 φυλετικδν,

131 770 199 805 μηδὲ
211 771 273 803 τοὺς
287 772 401 806 μισθοὺς
417 773 640 808 παρατείνοντες,
655 775 702 801 καὶ
715 774 749 801 τὰ
761 774 874 810 τεχνικὰ
889 773 918 800 δὲ

130 816 317 851 ἀκριὸοὗντες.
337 817 384 844 καὶ
406 817 480 845 οὕτω
494 819 611 853 χρηστοὶ
630 819 824 852 πιστευθέντες
836 818 916 853 εἶναι,

967 229 1071 257 artibus
1095 230 1269 260 simulatores
1281 251 1289 265 ,
1310 233 1397 261 bonos
1415 237 1491 262 actus
1515 233 1658 269 tingentes,
1675 235 1751 270 quasi

969 275 1160 310 illectamenta,
1172 277 1358 312 quosdamque
1371 279 1456 307 bonos
1472 279 1514 307 vel
1530 280 1609 308 aliter
1632 281 1752 316 insignes

969 322 1038 350 inter
1057 322 1132 357 ipsos
1151 323 1250 356 venali,
1269 323 1416 359 blandique
1434 325 1517 354 duces
1542 327 1604 358 visi,
1621 327 1752 355 continuo

951 362 1019 396 'sibi
1036 369 1140 396 sociant.
1152 373 1179 396 et
1192 369 1273 397 alios.
1293 369 1418 398 Solemus
1433 371 1506 398 enim
1527 371 1651 399 homines
1667 373 1753 400 bono-

967 421 1028 450 rum
1045 414 1197 442 imitatione
1211 415 1343 448 virorum,
1356 416 1504 452 pluresque
1520 417 1680 451 simpliciter
1692 426 1751 445 ma-

964 458 1054 493 jorum
1073 459 1224 488 inuitatione
1242 461 1371 496 gaudere.
1392 462 1538 496 Postquam
1553 467 1643 491 autem
1668 463 1752 498 pluri-

969 512 1029 532 mos
1041 505 1092 533 sibi
1105 505 1272 540 junxerunt,
1289 511 1316 534 ct
1336 508 1448 535 minime
1463 516 1543 542 prava
1563 509 1670 536 videtur
1681 510 1752 544 apud

969 550 1026 577 illos
1036 551 1219 586 congregatio,
1233 557 1370 579 mutantur
1382 557 1409 580 et
1425 553 1482 580 isti.
1495 553 1546 586 Qui
1557 554 1632 588 prius
1641 562 1752 582 veraces

973 600 999 622 ct
1013 596 1125 629 sinceri,
1143 604 1195 623 non
1212 596 1324 624 omnino
1338 599 1508 625 coutribules
1522 599 1682 634 gravabant,
1704 606 1753 626 nec

969 638 1129 666 detinebant
1147 641 1299 674 mercedes,
1321 641 1366 668 sed
1385 648 1444 669 arte
1471 642 1540 669 facta
1564 643 1709 678 curabant,
1726 649 1753 671 et

969 684 1009 711 sic
1024 685 1099 719 probi
1126 692 1187 712 esse
1210 685 1402 720 credebantur,
1422 688 1521 714 bonum
1545 687 1659 720 quidem
1671 696 1753 723 super

969 729 1076 757 divitias
1096 731 1224 758 habuisse
1246 739 1342 759 nomen
1385 732 1497 760 minime
1517 738 1619 766 amant,
1642 734 1753 762 cuilibet

969 780 1060 802 autem
1087 775 1253 811 improbitati
1280 781 1307 804 et
1330 777 1473 805 inhonesto
1496 778 1611 812 quaestui
1638 778 1753 811 cedunt;

969 821 1185 856 prmsertimquc,
1201 823 1224 849 si
1243 829 1317 850 sorte
1334 824 1469 858 contingit
1484 824 1550 858 ipsis
1566 828 1594 851 ut
1610 824 1753 852 architecti

132 862 242 896 μισοῦσι
257 863 306 898 μὲν
322 864 410 898 ονομα
426 864 578 899 κεκτῆσθαι
598 864 681 892 καλὸν
707 865 778 900 ὑπὲρ
791 865 908 892 πλοῦτον

970 865 1024 892 sint
1041 870 1068 893 et
1091 866 1208 900 publicis
1233 867 1345 901 praesint
1367 869 1505 902 operibus,
1525 869 1595 896 inter
1620 869 1671 895 alia
1695 876 1755 903 quae

129 908 252 942 γίνονται
266 909 294 935 δὲ
315 909 458 945 βδελυρίας
480 910 591 946 ἁπάσης
608 910 656 938 καὶ
669 910 781 946 κέρδους
800 910 914 947 αἰσχροῦ

128 955 260 989 ἥττονες·
277 956 323 982 καὶ
355 956 466 990 μᾶλλον,
482 956 562 991 εἰπερ
580 957 784 992 ἀρχιτεκτονεῖν
810 957 915 991 λάχωσι

129 1001 176 1027 καὶ
191 1001 328 1036 δημοσίων
342 1002 537 1037 προΐστασθαι,
554 1002 622 1029 ἄλλα
637 1010 668 1028 τε
688 1002 916 1038 πλημμελοῦντες

128 1045 235 1080 ἀνόσια,
249 1047 296 1073 καὶ
308 1047 370 1079 τοὺς
385 1047 538 1083 ὑπουργοὺς
549 1046 736 1080 κολοῦοὖντες,
751 1043 789 1074 ὧν
804 1047 916 1083 μισθοῦ-

129 1101 189 1119 νται
202 1099 210 1107 ”
236 1093 261 1119 οἳ
280 1093 394 1127 φέρουσι
422 1095 471 1129 μὲν
487 1093 594 1130 βαρέως
617 1094 795 1129 κολουόμενοι
808 1093 857 1120 τοῦ
872 1103 916 1129 μι-

129 1139 205 1172 σθοῦ,
222 1139 388 1174 ὑπομένουσι
401 1140 430 1167 δὲ
445 1141 506 1172 τοὺς
518 1140 658 1172 τοιούτους
671 1140 852 1176 ἐργολάϐους,
872 1141 915 1167 δε⁸

128 1186 215 1217 διότες
230 1185 273 1213 οἷα
287 1186 380 1221 βαρεῖς
410 1187 606 1222 ἔργεπείκτας,
632 1187 657 1213 εί
675 1188 714 1222 μὴ
737 1187 785 1213 τοῦ
800 1186 914 1223 κέρδους

128 1233 299 1268 ὲκχωροῠσιν
317 1233 422 1264 αὐτοῖς.
438 1228 495 1260 καὶ
510 1234 565 1269 μὴν
582 1233 630 1260 καὶ
648 1234 672 1260 οί
689 1235 718 1260 ὲν
743 1235 799 1265 τοῖς
823 1233 912 1260 τοιού-

125 1287 184 1310 τοις
200 1280 287 1306 εἰσέτι
302 1279 386 1306 πλέον
408 1281 650 1316 μικροῦποκριταὶ,
677 1280 702 1308 οἳ
717 1281 780 1312 τοὺς
798 1280 914 1316 χάλικας

126 1325 228 1360 δηλαδὴ
244 1325 480 1361 παραφοροῦντες,
494 1325 541 1352 καὶ
553 1326 599 1353 τὸν
613 1326 700 1362 πηλὸν
714 1326 730 1361 ἢ
747 1326 796 1362 τὴν
806 1326 913 1352 τίτανον

126 1373 317 1408 ὀργαζόμενοι,
345 1373 393 1405 τὰς
408 1374 496 1409 ἀρχὰς
521 1375 581 1409 μὲν,
599 1374 644 1401 ὅτε
665 1374 841 1410 γνωρισθῶσι
853 1374 910 1405 τοῖς
931 1372 1131 1408 ὲργοδοτοῦσιν,
1150 1373 1258 1409 εὐήθεις

969 910 1141 938 committunt
1173 910 1307 944 facinora,
1345 913 1539 940 submissorum
1569 914 1753 949 operariorum

969 957 1108 984 mercedes
1123 957 1258 984 mutilaut.
1275 957 1322 985 lsti
1350 959 1458 993 quidem
1479 966 1550 994 aegre
1575 959 1664 986 ferunt
1684 967 1754 987 mer-

969 1002 1034 1029 cede
1050 1001 1187 1035 frustrari,
1202 1003 1248 1030 sed
1268 1003 1423 1039 hujnsmodi
1437 1005 1617 1032 conductores
1637 1013 1752 1039 operum

969 1048 1112 1082 sustinent,
1131 1056 1227 1084 graves
1248 1057 1295 1076 eos
1325 1050 1448 1077 timentes
1470 1050 1593 1077 laborum
1611 1056 1754 1078 essetores

970 1093 1088 1126 habere,
1108 1094 1159 1121 nisi
1180 1094 1252 1129 quod
1273 1095 1324 1122 sibi
1341 1095 1445 1122 lucrum
1472 1095 1615 1122 retineant.
1634 1095 1667 1122 Et
1689 1102 1753 1123 vero

968 1145 1032 1168 sunt
1055 1139 1083 1167 in
1106 1140 1205 1168 talibus
1234 1148 1287 1168 non
1316 1141 1461 1168 admodum
1488 1141 1681 1174 simulatores;
1708 1142 1753 1176 qui

971 1185 1080 1220 lapillos
1095 1185 1198 1214 scilicet
1213 1185 1338 1219 afferunt,
1362 1187 1577 1221 mortariumque
1590 1187 1635 1214 ’ac
1651 1186 1753 1215 calcem

968 1231 1103 1264 molliunt,
1117 1232 1196 1259 initio
1213 1232 1332 1266 quidem,
1356 1233 1537 1267 partientihus
1553 1240 1634 1267 opera
1654 1233 1751 1261 viden-

967 1278 1256 1314 turprobisincerique
1275 1287 1329 1314 pra:
1340 1287 1369 1307 se
1378 1279 1470 1307 ferunt
1499 1279 1631 1314 speciem,
1646 1279 1752 1307 brevis-

966 1325 1034 1352 sime
1045 1332 1110 1352 vero
1121 1329 1213 1360 postea
1227 1325 1254 1352 in
1266 1326 1432 1354 contrarium
1446 1330 1660 1354 coinnmtautur.

1300 1374 1348 1401 καὶ
1374 1373 1503 1401 ἁπλοῖκοὶ
1523 1372 1673 1401 τυποῦνται
1704 1371 1754 1408 τὴν

127 1421 204 1454 θέαν,
223 1421 324 1456 μικρὸν
346 1421 375 1449 δὲ
390 1422 452 1448 ὅσον
466 1422 680 1454 ὲξαλλάσσουσιν
695 1422 809 1454 ἑαυτοὺς
824 1422 864 1454 είς
883 1422 918 1449 τὰ
937 1421 1069 1456 ἔμπαλιν.

128 1491 130 1494 .
162 1471 209 1503 ιη’.
237 1468 316 1495 Οὕτω
342 1468 485 1496 κάνταῦθα
513 1469 725 1505 σμικροπρεπὴς
755 1470 772 1505 ἡ
799 1469 913 1502 τοιαύτη

125 1515 220 1548 κακία,
236 1515 291 1548 ινα,
307 1514 403 1550 ὥσπερ
421 1516 474 1543 ὑπὸ
489 1517 571 1544 παντὶ
582 1516 651 1552 λίθῳ
665 1516 812 1552 σκορπίους
830 1524 915 1543 κατα-

1004 1470 1048 1498 18.
1067 1470 1113 1499 Sic
1128 1475 1154 1499 et
1171 1471 1209 1499 ibi
1225 1478 1305 1507 parca
1321 1470 1455 1506 reperitur
1468 1468 1624 1505 bujusmodi
1638 1468 1752 1496 malitia»

968 1520 1007 1548 ut,
1037 1517 1264 1551 quemadmodum
1292 1516 1342 1544 sub
1375 1515 1449 1543 omni
1476 1515 1564 1550 lapide
1596 1514 1753 1548 scorpiones

124 1563 270 1597 δαρθάνειν
281 1563 384 1597 φαμὲν,
396 1562 468 1589 οὕτω
482 1564 530 1590 καὶ
542 1563 595 1590 ὑπὸ
610 1551 692 1590 παντὶ
707 1563 800 1598 σχεδόν
820 1571 848 1590 τι
863 1563 911 1590 ἁν-

967 1558 1114 1590 dormitare
1125 1562 1252 1593 dicimus.
1269 1562 1308 1590 sic
1322 1562 1404 1590 etiam
1418 1562 1468 1589 sub
1482 1561 1554 1589 omni
1569 1560 1626 1588 fere
1642 1560 1755 1588 homine

124 1608 229 1642 θρὼπῳ
260 1608 406 1644 ὑπόκρισιν
438 1608 599 1644 ὲνδομυχεϊν
616 1609 741 1644 λέγωμεν
755 1617 762 1624 ·
785 1609 817 1644 ἢν
830 1608 856 1635 ετ
870 1617 912 1640 τις

123 1654 241 1688 ὲλλύγως
252 1654 404 1689 δυσφημεῖν
416 1654 614 1690 προσθήσεται,
630 1654 702 1681 εἴποι
714 1654 759 1687 ἃν,
773 1655 810 1687 ὡς
823 1655 910 1690 ἁρετὴ

124 1700 252 1735 δαίμονός
265 1702 335 1734 ἔστι,
351 1701 452 1732 κακίας
473 1700 571 1732 κάλλος
586 1699 713 1733 ὓπουλον,
734 1700 911 1736 πραγματεία

122 1746 335 1781 αἰσχροκερδὴς,
353 1746 410 1772 ἔσθ’
427 1747 496 1772 ὃπου
510 1746 538 1772 δὲ
555 1747 602 1774 καὶ
621 1746 740 1782 ἀκερδὴς
757 1746 825 1774 Θεοῦ
845 1756 911 1782 προ-

124 1792 185 1827 νοίᾳ
194 1798 202 1807 ⁸
214 1791 344 1827 βδελυρία
358 1792 646 1827 παρακεκαλυμμένη,
659 1794 830 1828 σκιαγραφία
843 1801 911 1829 χρη-

123 1837 266 1872 στότητος,
281 1837 419 1872 suam;
441 1837 674 1873 ψευδεπίγραφος,
691 1839 829 1869 ἀπωλείας
843 1839 909 1865 λάκ-

123 1889 172 1913 κος
188 1881 361 1917 ήνθισμένος,
378 1883 416 1913 ὡς
432 1883 480 1909 καὶ
494 1882 637 1910 λανθάνειν
650 1891 656 1898 ·
676 1883 764 1917 γελῶν
781 1883 909 1917 Θάνατος,

123 1927 226 1963 πικρία
251 1928 424 1962 μελιτόεσσα,
448 1929 544 1960 σκότος
560 1928 722 1965 ψηλαφητδν
748 1929 797 1964 μὲν
822 1929 910 1962 ἄλλως

120 1974 180 2004 τοῖς
206 1973 243 2008 μὴ
265 1974 407 2008 ἑχέφροσι,
426 1974 544 2008 φευκτὸν
571 1974 600 2001 δὲ
623 1976 680 2006 τοῖς
697 1975 906 2012 βαθυγνώμοσι·

120 2018 176 2053 θὴρ
204 2018 370 2053 σαρκοϐόρος
404 2019 564 2054 προϐάτου,
594 2020 815 2056 περιτεθειμένος
850 2020 909 2047 κὼ-

117 2065 193 2091 διον·
216 2064 308 2099 Δῖδης,
333 2061 363 2091 οὗ
380 2065 610 2102 προλάμπειζωή
624 2075 631 2082 ·
659 2067 717 2102 ιρῶς
740 2067 908 2099 ἐπιπολάζον

119 2110 201 2146 βαθεῖ
212 2110 312 2145 σκότῳ,
327 2110 441 2146 ἀλώπηξ
451 2110 521 2146 λόγῳ
534 2112 565 2138 τὸ
575 2112 687 2140 δύσνουν
699 2113 889 2148 ἐπικοσμοῦσα
899 2121 905 2128 ·

120 2156 162 2187 to;
187 2155 330 2189 γλυκάζων
347 2156 396 2190 μὲν
423 2157 456 2191 τῇ
485 2158 621 2193 προφορᾷ,
654 2158 798 2190 πικράζων
821 2157 849 2184 δὲ
873 2159 906 2194 τῇ

117 2202 225 2239 φθορᾷ-
243 2201 358 2235 γλυκεῖα
373 2201 474 2237 σφαγὴ,
492 2202 592 2233 ἄλυπος
617 2203 741 2239 ὄλεθρος,
759 2203 837 2237 λόγος
859 2204 907 2230 θα-

117 2248 249 2282 νατηρὸς,
265 2247 376 2279 ἄοπλος,
396 2248 444 2281 νὺξ
458 2249 508 2275 οὐκ
527 2249 728 2284 ἀναπαύσιμος,
742 2250 807 2276 σκιὰ
825 2249 907 2277 θανά-

118 2301 214 2327 σιμος,
231 2293 322 2328 ἔχιδνα
346 2293 480 2329 ὑφειμένη
505 2295 674 2331 αίμοχαρής·
695 2295 804 2331 δράκων
822 2295 907 2323 τᾶλλα

116 2339 173 2374 μὲν
192 2337 372 2373 βροτολοιγὸς,
389 2340 436 2365 καὶ
456 2339 527 2366 οὕτω
550 2340 678 2376 σκληρὸς,
707 2342 845 2376 μαλθακὸς
877 2342 906 2368 δὲ

115 2384 153 2409 τὰ
170 2383 210 2414 είς
226 2383 326 2418 χρυσὸν
341 2383 411 2409 κατὰ
425 2384 469 2410 τὸν
483 2384 681 2419 θρυλλούμενον
696 2386 904 2421 χρυσοφύλακα.

114 2428 188 2462 Δίχα
202 2428 256 2463 γὰρ
271 2427 354 2462 ἄλλης
368 2427 536 2464 φαυλότητος
551 2431 598 2456 καὶ
609 2431 781 2466 χρυσομοινὲς
798 2432 828 2459 τὸ
841 2433 906 2459 ὑπο-

113 2473 244 2509 κριτικὸν
260 2473 354 2508 φῦλον,
370 2474 417 2500 καὶ
436 2474 494 2501 λίαν
521 2475 591 2503 πάνυ
610 2477 755 2511 κερδαλέον
766 2485 772 2491 ·
790 2480 838 2505 καὶ
854 2479 904 2505 οὐκ

116 2521 156 2547 ἂν
170 2519 276 2551 οὐδενὸς
294 2519 388 2555 ἑτέρου
404 2521 518 2556 πρίαιτό.
541 2530 584 2554 τις
607 2523 657 2558 τὴν
676 2524 758 2551 αὐτοῦ
784 2524 903 2557 εὔνοιαν,

114 2566 163 2592 ὅτι
180 2565 217 2600 μὴ
232 2565 345 2601 χρυσοῦ,
366 2567 412 2593 καὶ
424 2567 507 2594 αὑτοῦ
525 2568 647 2603 συνεχῶς
664 2570 883 2605 ὲπαντλουμὲνου
897 2580 904 2587 ·

112 2609 171 2641 ὡς,
188 2609 266 2646 εἰπερ
281 2610 368 2645 λείψοι
385 2612 461 2646 ποτὲ,
481 2614 690 2641 συνεπιλέλοιπε
707 2616 754 2642 καὶ
767 2617 783 2651 ἡ
796 2616 902 2644 εὔνοια·

112 2654 192 2682 καθὰ
214 2656 262 2682 καὶ
279 2657 312 2691 τῇ
332 2656 429 2693 λυχνίᾳ
445 2658 641 2696 ἐπιλειπούσης
666 2661 716 2696 τῆς
734 2661 905 2697 ὲξαπτοιῖσης

113 2701 199 2738 ὕλης,
216 2702 369 2739 συναπῆλοε
384 2704 430 2731 καὶ
443 2704 471 2731 τὸ
487 2705 520 2732 δι’
535 2707 643 2742 ἐκείνης
657 2707 795 2744 λαμπρόν.

964 1608 1169 1640 simulationem
1214 1608 1320 1636 latitare
1357 1607 1576 1643 pronuntiemus.
1611 1607 1696 1640 Quam
1729 1605 1751 1634 si

965 1655 1026 1690 quis
1049 1662 1083 1682 ex
1108 1654 1246 1689 proposito
1276 1653 1355 1682 vellet.
1384 1653 1534 1686 ditIamare,
1560 1653 1662 1680 diceret
1681 1653 1756 1688 quod

964 1704 1006 1728 est
1029 1700 1130 1728 diaboli
1155 1700 1252 1732 virtus,
1279 1699 1408 1728 simulata
1434 1699 1543 1726 malitia:
1568 1698 1754 1733 pulchritudo,

965 1746 1090 1780 probrosi
1104 1747 1251 1781 negotiatio
1274 1747 1399 1779 lucrosa,
1417 1746 1463 1773 sed
1482 1750 1606 1780 respectu
1626 1744 1674 1772 Dei
1692 1745 1755 1772 sine

964 1791 1059 1824 lucro;
1086 1791 1206 1826 nequitia
1234 1791 1330 1822 velata,
1358 1790 1518 1817 adumbrata
1548 1789 1674 1816 utilitatis
1704 1789 1752 1815 de-

963 1837 1085 1872 scriptio,
1118 1837 1247 1865 bonitatis
1271 1836 1459 1867 simulacrum,
1487 1835 1646 1870 perditionis
1675 1834 1751 1861 lacus

962 1883 1133 1916 ﬂoribus,ue
1161 1875 1300 1916 cernatur,
1327 1889 1510 1917 conspersus,
1538 1888 1611 1908 mors
1642 1879 1750 1912 ridens,

963 1929 1116 1964 amaritudo
1148 1928 1266 1960 mellita,
1305 1927 1419 1954 tenebrae
1452 1926 1600 1960 palpabiles
1632 1925 1673 1951 vel
1702 1924 1753 1951 lm-

963 1975 1082 2002 minibus
1100 1982 1152 2002 non
1173 1974 1326 2008 sagacibus,
1340 1974 1387 2002 sed
1405 1973 1535 2007 fugiendae
1552 1970 1750 2005 prudentibus;

964 2021 1019 2048 fera
1035 2020 1124 2047 carnis
1142 2020 1220 2047 ovilis
1236 2027 1330 2052 vorax,
1345 2019 1512 2047 circumdata
1538 2017 1650 2048 vellere,
1668 2015 1754 2043 infer~

962 2075 1023 2099 nus,
1037 2072 1100 2094 ante
1117 2074 1196 2100 quem
1220 2066 1347 2101 praelucet
1367 2066 1444 2098 vita;
1468 2064 1560 2091 lumen
1583 2070 1664 2097 super
1687 2069 1748 2097 pro-

959 2113 1060 2143 fundas
1080 2112 1205 2140 tenebras
1222 2112 1359 2144 volitans;
1387 2111 1480 2145 vulpes
1501 2115 1626 2136 sermone
1651 2108 1750 2134 malam

962 2158 1141 2187 intentionem
1167 2165 1324 2190 exornans;
1350 2157 1447 2192 sagitta
1473 2155 1542 2182 lenis
1561 2153 1668 2189 quidem
1688 2160 1750 2188 pro-

963 2204 1142 2237 nuntiatione,
1167 2204 1213 2231 sed
1238 2210 1331 2230 amara
1358 2201 1554 2236 corruptione;
1582 2198 1668 2226 dulcis
1693 2202 1751 2224 truc

961 2250 1073 2284 eidatio,
1093 2249 1179 2277 hilare
1203 2249 1316 2280 lethum,
1343 2248 1417 2275 acies
1442 2246 1566 2274 lethifera
1582 2245 1641 2272 sine
1654 2243 1749 2274 armis,

960 2305 1013 2324 nox
1032 2304 1085 2324 non
1100 2295 1133 2322 ad
1148 2295 1356 2330 quiescendum,
1379 2293 1500 2321 mortalis
1531 2291 1639 2324 umbra,
1656 2290 1748 2325 vipera

958 2342 1088 2378 sanguine
1116 2343 1245 2378 gaudens,
1260 2340 1410 2373 submissa;
1436 2340 1528 2371 draco,
1545 2338 1634 2372 quoad
1650 2342 1748 2364 caetera

958 2388 1068 2424 quidem
1094 2387 1216 2415 mortifer
1244 2392 1326 2421 atque
1350 2386 1444 2418 durus,
1470 2385 1517 2412 sed
1535 2383 1611 2418 juxta
1630 2381 1752 2409 celebra-

959 2439 1015 2462 tum
1043 2433 1287 2469 chrysophylacem
1324 2431 1414 2459 mollis
1442 2431 1477 2458 ad
1507 2437 1615 2456 aurum.
1643 2429 1750 2455 Praeter

958 2481 1030 2508 enim
1047 2480 1127 2507 aliam
1143 2479 1315 2515 pravitatem,
1341 2477 1532 2505 simulatorum
1546 2482 1632 2510 genus
1645 2473 1748 2501 insanit

957 2534 1023 2554 auro
1038 2526 1167 2560 valdeque
1183 2525 1318 2552 lucrosum
1340 2529 1380 2552 est.
1396 2532 1404 2556 ;
1422 2526 1449 2550 et
1471 2529 1525 2549 non
1542 2521 1595 2548 alio
1621 2527 1747 2554 quocun-

957 2581 1010 2608 que
1024 2571 1239 2599 benevolentiam
1261 2570 1320 2605 ejus
1342 2569 1440 2604 aliquis
1459 2570 1578 2602 lemeret,
1600 2567 1651 2594 nisi
1666 2573 1744 2598 auro,

957 2625 1044 2653 eoque
1062 2616 1190 2646 continue
1210 2616 1342 2651 profuso;
1362 2616 1430 2643 adeo
1448 2618 1495 2647 ut,
1515 2613 1537 2641 si
1556 2612 1663 2648 quando
1677 2611 1748 2638 dell-

958 2668 1043 2695 ceret,
1062 2662 1191 2690 deﬁceret
1204 2663 1286 2690 etiam
1303 2660 1503 2693 benevolentia,
1520 2657 1745 2694 quemadmodum

958 2710 1086 2741 luce-rum,
1103 2710 1245 2738 deficiente
1262 2717 1323 2746 qua:
1340 2709 1429 2744 ignem
1445 2706 1489 2734 dat
1513 2706 1636 2733 materia.
1664 2701 1745 2742 δίηται

959 2755 1081 2783 aufertur
1095 2755 1196 2783 lumen.
