1956 3086
213 158 265 192 391
578 157 790 189 EUSTATHH
807 154 1190 188 TBESSALONICENSIS
1207 143 1491 187 METROPOLITE

253 219 296 247 l9.
314 217 388 247 Istud
416 217 517 245 malum
541 217 623 245 etiam
652 217 807 250 nuptiarum
832 215 912 243 bonis
942 213 1046 245 lnsi-A

217 267 308 294 diatur
331 275 338 292 :
363 265 459 292 mulier
481 263 552 291 enim
562 262 693 297 'conjttgii
710 262 841 289 simulam
866 259 1011 289 eontlncn-

219 314 294 343 tiam.
311 312 344 339 axl
355 311 497 339 mmcliiam
514 309 672 336 inardescit.

252 359 298 386 2t).
318 357 390 385 Istud
409 356 575 392 proditiones
606 355 721 387 invenit,
742 360 769 382 et
788 361 848 382 cum
865 354 936 386 aliis,
961 360 1022 390 pag

217 404 329 430 triarum
348 401 522 435 proditiones.
540 400 644 427 Etenim
668 401 775 427 sincere
789 403 924 430 amantes,
941 397 1011 425 aml-

217 455 275 480 cus,
304 448 411 479 socius,
443 445 550 478 alllnis,
582 446 670 478 ciris,
697 445 815 478 amicos,
845 448 1009 476 consortes,

217 492 403 524 contribules.
429 492 556 519 concives
581 494 715 524 tuentur;
740 491 786 526 qui
819 497 883 517 vero
909 497 1010 525 caupo-

219 544 313 567 nantes
328 540 490 566 charltatem
511 539 747 570 adulteraverunt,
765 536 926 572 plerumque
950 536 1010 572 qui-
1028 556 1031 558 μ

218 588 279 614 dcm
294 587 327 614 ad
346 586 461 620 lucrum,
482 593 546 613 raro
562 593 625 613 vero
648 585 740 619 gloriae
759 591 853 616 causa,
869 585 1007 617 amicitia,

219 633 357 668 totiusque
383 631 597 664 communitatis,
626 635 653 658 et
680 630 800 666 generis,
830 634 858 658 et
887 629 1008 665 ejusdem

218 679 338 723 regionis
353 678 451 706 civium
467 676 616 706 adversarii
631 676 711 705 ﬁunt.

252 770 298 798 2|.
329 770 381 797 Alii
416 769 599 797 simulationis
629 767 740 796 eﬂ‘ectus
778 772 841 795 sunt
876 767 1008 795 absconsa

216 817 371 844 latrocinia.
398 815 454 843 Non
474 816 603 844 audentes
620 815 692 842 enim
720 814 864 842 homicida:
890 821 1006 850 pugnam

217 862 250 889 ad
267 862 364 889 facient
395 862 474 893 inire,
492 861 571 888 aliter
595 860 781 892 insidiantur;
806 864 833 887 et
858 859 884 886 in
898 860 1009 886 simula-

217 909 292 936 tione
305 907 411 936 consilii
425 915 478 935 non
495 907 569 940 ntali,
595 906 685 934 subito
699 905 807 941 quidem
833 905 1008 941 liypocriseos

217 960 362 988 personam
377 956 492 986 exuunt,
506 959 580 978 arma
600 951 687 986 palam
704 951 855 985 stringunt,
865 954 892 977 et
906 951 944 978 ita
958 950 1008 979 sibi

215 998 315 1034 placita
329 998 479 1032 c0nxplent.

251 1045 298 1072 22.
324 1045 503 1080 llypocriseos
536 1043 633 1071 nebula
659 1042 863 1078 speculatorum
896 1043 1009 1071 insidias

215 1091 391 1124 obumbrans,
409 1089 521 1126 grandia
540 1089 609 1116 mala
623 1093 651 1117 et
659 1089 824 1117 exercitibus
848 1094 877 1117 et
898 1089 1010 1117 urbibus

216 1137 308 1165 infert.

250 1184 296 1211 23.
314 1182 459 1210 Simulalio
484 1181 611 1209 amicitia:
641 1180 775 1209 celebrem
799 1185 907 1216 quoque
932 1180 1008 1209 exci-

216 1230 285 1256 tavit
299 1227 506 1256 Semiramidem
524 1227 656 1254 adversus
672 1226 817 1254 Persarum
839 1234 941 1261 regem,
954 1235 1008 1254 non

215 1275 302 1303 solum
337 1274 495 1304 innocuum,
517 1272 564 1299 sed
592 1277 619 1299 et
645 1272 856 1300 amicissimum.
892 1272 1008 1300 Perfidla

219 1308 328 1346 Sinonis
349 1324 475 1352 magnum
494 1316 675 1351 Trojanorum
692 1316 751 1343 urlii
780 1316 880 1342 malutn
907 1316 1008 1344 intulit.

216 1363 315 1390 Verum
329 1363 366 1390 ibi
377 1363 409 1389 de
422 1363 512 1397 ligneo
526 1369 595 1397 equo
609 1362 707 1398 aliquis
720 1361 796 1396 justo
807 1362 867 1396 plus
876 1363 1009 1391 extollens

216 1409 363 1437 artiﬁcium
379 1428 386 1441 ,
413 1408 487 1436 dicat
521 1416 573 1435 non
607 1408 852 1436 dissimulationem
878 1409 1008 1443 perﬁdam

216 1455 287 1482 istud
303 1461 372 1489 opus
390 1453 553 1488 perfecisse.
575 1453 616 1480 vel
632 1457 660 1480 ut
678 1452 834 1481 distinctius
848 1453 1007 1488 loquamur,

217 1510 270 1530 non
286 1502 458 1536 sapientiam,
478 1501 656 1537 hypocriseos
678 1501 749 1533 loco,
776 1500 857 1536 hujus
876 1501 1006 1529 facinoris

1022 883 1046 914 B

1792 153 1850 186 302

1097 213 1140 242 ια’.
1156 214 1242 241 Τοῦτο
1255 215 1286 241 τὸ
1296 215 1382 242 κακὸν
1395 212 1532 249 ἑνιδρεύει
1546 211 1594 240 καὶ
1613 213 1670 244 τοῖς
1692 211 1740 239 τοῦ
1758 211 1850 247 γάμου

1061 259 1166 292 καλοῖς.
1187 259 1259 295 Γυνὴ
1285 260 1340 296 γὰρ
1365 258 1570 294 ὑποκρινομένη
1586 258 1616 284 τὸ
1638 258 1689 292 τῆς
1719 257 1851 292 συζυγίας

1062 306 1245 342 εὐάρμοστον,
1263 305 1488 341 οἰστρηλατεϊται
1502 306 1543 337 είς
1559 304 1693 340 μοιχικόν.

1096 356 1131 381 κ’.
1156 353 1242 380 Τοῦτο
1268 352 1317 383 τὰς
1339 352 1487 387 προδοσίας
1503 350 1608 387 ἐξεῦρε,
1625 351 1675 383 τάς
1697 359 1727 378 τι
1753 351 1849 384 ἄλλας,

1061 399 1109 425 καὶ
1123 399 1173 430 τὰς
1190 398 1245 424 ¹ιῶν
1263 398 1412 433 πατρίδων.
1428 397 1532 433 Ὀρθῶς
1545 397 1594 430 μὲν
1608 397 1664 433 γὰρ
1675 397 1848 431 ἀγαπῶντες,

1060 445 1075 471 ὁ
1089 444 1176 478 φίλος,
1190 444 1205 471 ὸ
1220 444 1362 477 κοινωνὸς,
1376 445 1390 471 ὸ
1402 444 1549 479 ὁμογενὴς,
1563 445 1577 471 ὁ
1591 443 1716 478 πολίτης,
1731 442 1849 474 σώζουσι

1060 491 1124 522 τοὺς
1143 490 1248 525 φίλους,
1274 491 1339 523 τοὺς
1369 490 1570 522 συναλλάκτας,
1598 490 1661 521 τοὺς
1685 489 1733 516 τοῦ
1763 488 1848 516 αὑτοῦ

1061 536 1167 570 γένους,
1193 536 1257 568 τοὺς
1274 536 1433 570 πατριώτας
1444 544 1453 552 ι
1468 535 1651 567 νοθεύσαντες
1672 534 1700 561 δὲ
1717 534 1767 569 τὴν
1779 534 1850 568 ἀγά-

1061 590 1116 616 πην
1129 581 1302 616 καπηλικῶς,
1315 582 1348 609 τὰ
1361 581 1446 608 πολλὰ
1462 581 1513 616 μὲν
1539 581 1587 608 ἐπὶ
1603 581 1704 615 κέρδει,
1725 581 1796 607 κατά
1821 588 1849 606 τι

1059 627 1088 654 δέ
1107 635 1158 654 που
1176 628 1290 655 σπάνιον
1304 628 1351 655 καὶ
1368 627 1449 662 δόξης
1469 627 1560 663 χάριν,
1579 627 1775 661 καταγίνονται
1798 626 1848 661 τῆς

1060 672 1162 706 φιλίας,
1182 674 1229 700 καὶ
1244 673 1388 706 κοινωνίας
1405 673 1524 709 ἁπάσης,
1543 674 1590 700 καὶ
1605 673 1712 707 γένους,
1728 671 1774 698 καὶ
1792 672 1847 698 τῶν

1059 720 1109 754 τῆς
1125 719 1210 753 αὐτῆς
1224 719 1287 753 γῆς.

1095 765 1149 793 ια’.
1172 763 1362 802 ’Υποκρὶσεως
1385 766 1563 801 ἀποτέλεσμα
1592 766 1641 793 καὶ
1656 765 1691 793 τὰ
1715 765 1846 801 εγκρυφῆ

1058 809 1234 846 λῃστευτικά.
1252 810 1294 846 Μὴ
1308 810 1476 846 θαρροῦντες
1491 811 1547 846 γὰρ
1563 811 1587 837 οί
1605 810 1713 845 φονικοὶ
1732 811 1783 844 τὴν
1800 812 1848 838 ἀν-

1058 857 1215 892 τιμέτωπον
1227 857 1329 893 μάχην,
1345 857 1533 892 ὑποκαθηνται
1543 856 1630 888 ἄλλως
1641 864 1649 872 υ
1661 856 1706 882 καὶ
1722 857 1750 882 ὲν
1765 864 1851 892 προσ-

1061 904 1169 938 ποιήσει
1191 903 1239 930 τοῦ
1257 904 1294 939 μὴ
1316 903 1418 938 φαύλου
1437 903 1538 938 αῐφνης
1560 902 1713 938 γυμνοῦσιν
1735 903 1851 934 ἑαυτοὺς

1063 948 1113 985 μὲν
1129 949 1176 976 τοῦ
1192 949 1375 984 ὑποκριτικοῦ
1395 949 1585 985 προσωπείου,
1602 949 1637 976 τὰ
1663 948 1734 976 ὅπλα
1750 947 1780 976 όὶ
1793 948 1850 975 τῶν

1061 995 1166 1030 θηκῶν,
1179 997 1226 1022 καὶ
1239 995 1341 1030 δρῶσιν
1353 995 1426 1023 οὕτω
1441 996 1476 1023 τὰ
1492 995 1569 1030 σφίσι
1583 995 1694 1030 θελητά.

1095 1043 1147 1078 κβν.
1168 1043 1356 1079 Ὕποκρίσεως
1369 1042 1450 1079 νέφος
1465 1043 1511 1070 καὶ
1525 1043 1590 1074 τοὺς
1606 1042 1767 1074 ὲπιδούλους
1779 1050 1850 1069 πευ-

1060 1089 1145 1125 θῆνας
1159 1090 1342 1126 έπηλυγάζον,
1361 1092 1434 1125 μέγα
1453 1089 1538 1117 κακὸν
1552 1090 1710 1126 ἐπιπέμπει
1728 1090 1775 1116 καὶ
1791 1090 1852 1121 τοῖς

1062 1136 1253 1175 στρατεύμασι
1269 1137 1318 1163 καὶ
1329 1138 1389 1168 ταῖς
1405 1137 1528 1164 πόλεσιν.

1096 1184 1150 1216 κγ’.
1173 1182 1337 1217 ’Υπόκρισις
1352 1182 1444 1217 φιλίας
1456 1181 1504 1208 καὶ
1519 1181 1569 1217 τὴν
1585 1181 1750 1216 περίκλυτον
1765 1180 1852 1215 Σεμί-

1060 1236 1145 1262 ραμιν
1173 1229 1316 1263 κατεπῇρε
1346 1227 1392 1254 τοῦ
1410 1228 1494 1263 μηδὲν
1517 1227 1681 1262 ᾕδικηκότος
1706 1225 1850 1261 Περσικοῦ

1060 1271 1203 1309 βασιλέως,
1219 1274 1289 1301 ἀλλὰ
1312 1274 1360 1301 καὶ
1379 1274 1627 1309 ὑπερφιλήσαντος.
1647 1273 1812 1308 ’Υπόκρισις
1830 1273 1849 1309 ἡ

1059 1319 1106 1346 τοῦ
1118 1318 1235 1349 Σινωνος
1245 1319 1276 1346 ea
1292 1319 1363 1355 μέγα
1377 1318 1448 1345 κατὰ
1464 1319 1518 1345 τῶν
1531 1318 1635 1354 Τρώων
1648 1317 1735 1344 κακὸν
1748 1317 1851 1352 ἐκορύ-

1060 1374 1160 1400 φωσεν.
1186 1365 1266 1392 Ἀλλὰ
1290 1365 1327 1400 μή
1354 1374 1398 1396 τις
1415 1364 1534 1392 ἔνταΰθα
1562 1363 1704 1399 σεμνύνων
1725 1363 1760 1390 τὰ
1774 1363 1851 1390 κατὰ

1058 1410 1105 1438 τὸν
1121 1410 1243 1446 δούρειον
1263 1410 1360 1444 ἵππον,
1377 1411 1509 1444 σόφισμα,
1528 1409 1641 1444 λεγέτω,
1662 1409 1692 1436 οὑ
1711 1408 1766 1444 μὴν
1777 1417 1850 1445 κρυ-

1058 1456 1167 1492 ψίνοιαν
1184 1457 1367 1492 ὑποκριτικὴν
1386 1456 1514 1489 ἐξανῦσαι
1535 1456 1565 1483 τὸ
1581 1456 1662 1491 ἔργον
1678 1456 1785 1482 ἑκείνο-
1803 1456 1852 1483 εύ-

1059 1504 1237 1540 κρινέστερον
1249 1503 1278 1530 δὲ
1294 1503 1394 1534 ιίπεῐν,
1411 1503 1448 1538 μὴ
1466 1501 1564 1536 σοφίαν
1580 1502 1714 1530 αἰτιάσθω
1736 1502 1849 1529 ἐκείνου

218 1549 339 1584 assignet
364 1555 486 1575 causam.
510 1547 581 1574 Bene
602 1546 654 1574 scit
672 1546 745 1574 enim
762 1554 824 1574 vere
843 1547 1003 1582 interpella-

1062 1549 1106 1576 τοῦ
1121 1549 1335 1584 ἀριστεὺματος,
1351 1550 1382 1575 οὐ
1405 1549 1459 1584 μὴν
1475 1549 1631 1585 ὑπόκρισιν.
1650 1548 1687 1575 Εὖ
1703 1548 1759 1584 γὰρ
1774 1547 1850 1576 οῐδεν

217 1599 308 1628 turus,
331 1594 403 1629 quod
427 1593 538 1621 cuilibet
561 1592 636 1628 operi
660 1598 721 1620 arte
742 1592 816 1620 facto
833 1594 891 1621 sive
911 1601 1007 1621 secun-

218 1641 282 1669 dum
299 1641 476 1675 iniquitatem.
493 1640 551 1667 sive
572 1638 721 1667 secundum
736 1638 920 1673 prudentiam.
939 1647 1008 1674 quo-

218 1693 278 1714 rum
301 1691 388 1712 mater
419 1685 552 1712 industria
581 1689 747 1719 praesumpta
771 1687 831 1717 est,
857 1685 1005 1712 comitatur

219 1731 318 1766 aliquis
333 1731 423 1762 dolus.
438 1730 596 1765 pariterque
611 1729 769 1758 artillcium.
781 1729 904 1757 Artificio
917 1734 1007 1758 autem

218 1777 336 1812 doloque
359 1783 437 1804 nemo
460 1775 636 1804 aﬂirmaverit
670 1783 724 1803 non
748 1774 830 1803 etiam
864 1775 1005 1810 perﬁdiam

219 1823 378 1858 plerumque
402 1823 498 1850 saltem
535 1823 657 1850 subesse.
682 1821 716 1848 Et
740 1822 763 1849 si
787 1821 896 1857 quidem
919 1822 1007 1850 bonus

219 1874 262 1897 est
280 1869 368 1903 dolus,
385 1869 473 1896 bonus
489 1869 570 1897 etiam
595 1873 636 1896 est
651 1868 827 1903 hypocriseos
844 1868 1007 1902 comitatus;

219 1916 289 1950 quod
299 1915 333 1942 de
352 1915 520 1950 sopltismate
538 1921 646 1950 quoque
663 1914 744 1942 valet.
756 1914 783 1941 Si
791 1921 858 1941 vero
866 1914 933 1941 mala
944 1919 1007 1942 sunt

218 1961 300 1989 etiam
315 1961 406 1993 ambo,
415 1961 680 1996 sicutijargumentor
690 1961 722 1987 de
732 1959 804 1987 facto
815 1960 934 1992 Sinonis.
946 1960 1007 1988 talis

219 2015 280 2036 esse
299 2008 379 2036 debet
392 2007 464 2035 illius
481 2007 643 2042 hypocrisis,
657 2014 710 2033 non
727 2006 807 2033 aliter
820 2013 851 2033 ac
865 2005 1002 2034 simulatio

220 2053 385 2088 percelebris
420 2052 446 2080 in
472 2051 696 2087 magnanimitate
721 2051 870 2087 Megabyzi.
894 2050 923 2078 Si
946 2051 1007 2086 quis

219 2105 311 2126 autem
337 2099 396 2126 hanc
420 2098 534 2125 honoris
561 2097 703 2132 cupiditati
734 2098 860 2131 virilique
888 2098 1008 2125 audaciae

220 2146 349 2176 ascribat,
368 2149 396 2171 ιιι
409 2144 490 2171 etiam
515 2151 606 2171 comes
629 2143 766 2171 simulatio
790 2143 934 2177 laudanda,
948 2143 1008 2170 inli-

221 2192 272 2218 tias
288 2198 339 2216 non
356 2190 443 2216 ierint.
462 2190 517 2224 Ego
533 2196 598 2216 vero
623 2195 674 2215 non
693 2190 839 2216 secundum
855 2190 916 2216 illos
934 2189 999 2216 milii

1058 1595 1072 1621 ὀ
1098 1595 1183 1627 ὅντως
1213 1595 1467 1630 ὑποκρουσόμενος,
1498 1595 1540 1622 δτι
1570 1595 1653 1622 παντὶ
1676 1594 1750 1631 ἔργῳ
1764 1594 1850 1630 δεινῷ

1058 1641 1241 1676 ὲΞανυομένῳ,
1262 1641 1311 1668 εἰτ’
1325 1641 1372 1668 οὖν
1386 1640 1457 1668 κατὰ
1474 1639 1618 1674 πονηρίαν,
1630 1641 1686 1668 sits
1698 1641 1848 1676 φρόνησιν,

1057 1685 1095 1716 ὦν
1114 1689 1205 1723 μήτηρ
1232 1688 1248 1723 ὴ
1275 1688 1400 1723 δεινότης
1421 1687 1649 1722 πεφιλοσόφηται.
1681 1687 1840 1722 παρέπεται

1057 1734 1105 1761 καί
1124 1743 1166 1766 τις
1180 1733 1266 1767 δόλος,
1281 1733 1383 1769 ὁμοίως
1398 1734 1427 1760 δὲ
1455 1733 1503 1760 καὶ
1526 1733 1662 1768 σόφισμα.
1689 1733 1850 1768 Σοφισματι

1056 1779 1086 1808 δὲ
1101 1780 1150 1806 καὶ
1162 1779 1233 1815 δόλῳ
1250 1780 1300 1807 οὑκ
1311 1780 1344 1808 ἄν
1361 1788 1402 1810 τις
1417 1779 1638 1814 ἀπισχυρίσηται
1656 1779 1694 1814 μὴ
1711 1779 1773 1815 οὐχὶ
1796 1780 1850 1806 καὶ

1058 1827 1206 1862 ὑπόκρισιν
1219 1825 1255 1852 τά
1278 1834 1310 1861 γε
1324 1825 1411 1852 πλείω
1428 1825 1658 1861 παρακολουθεῖν.
1676 1824 1732 1852 Καὶ
1749 1826 1775 1852 εί
1794 1825 1850 1860 μὶν

1058 1873 1161 1907 ἀγαθὸς
1173 1873 1187 1899 ὁ
1201 1871 1288 1904 δόλος,
1306 1871 1410 1904 ἀγαθὸν
1427 1871 1474 1898 καὶ
1495 1871 1526 1898 τὸ
1544 1871 1605 1898 καθ’
1622 1864 1769 1906 ὑπόκρισιν
1792 1879 1850 1898 πα-

1059 1919 1272 1955 ρακολούθημα·
1299 1917 1371 1945 οὕτω
1397 1917 1425 1944 δὲ
1441 1918 1489 1945 καὶ
1505 1917 1552 1945 ἐπὶ
1573 1917 1752 1952 σοφίσματος.
1767 1916 1798 1944 El
1818 1918 1851 1945 δὲ

1058 1964 1150 1999 φαῦλα
1163 1964 1211 1991 καὶ
1224 1964 1319 1998 ἄμφω,
1342 1963 1414 1990 καθά
1429 1972 1481 1990 που
1501 1960 1580 1998 οἶμαι
1594 1963 1640 1990 καὶ
1660 1963 1691 1990 τὺ
1711 1964 1784 1990 κατὰ
1799 1964 1851 1990 Σί-

1057 2018 1140 2042 νωνα,
1155 2010 1199 2044 εἴη
1214 2009 1248 2037 ἂν
1264 2008 1377 2042 τοιαύτη
1396 2010 1444 2036 καὶ
1459 2011 1476 2045 ἡ
1503 2009 1564 2036 κατ’
1591 2009 1672 2036 αὐτὴν
1685 2009 1851 2045 ὑπόκρισις,

1058 2055 1130 2082 καθὰ
1158 2056 1205 2082 καὶ
1228 2056 1245 2091 ἡ
1266 2056 1337 2083 κατὰ
1354 2056 1400 2082 τὸν
1414 2056 1583 2090 περίπυστον
1610 2057 1639 2082 ὲν
1653 2056 1853 2093 μεγιιλοιιιυχίεξΔ

1057 2101 1231 2135 Μεγάϐυζον.
1248 2102 1278 2127 Εἰ
1291 2101 1319 2128 δέ
1335 2110 1375 2133 τις
1393 2101 1463 2128 αὐτὰ
1479 2102 1520 2132 εἰς
1547 2102 1708 2136 φιλοτιμίαν
1733 2103 1782 2129 καὶ
1797 2104 1852 2130 ἀν-

1057 2147 1156 2182 δρικὴν
1183 2147 1286 2182 τόλμαν
1308 2147 1489 2182 ὲγγράψεται,
1510 2147 1555 2173 ἵνα
1582 2148 1629 2174 καὶ
1659 2148 1676 2182 ή
1696 2148 1855 2182 ἀκόλουθος

1060 2193 1209 2227 ὑπόκρισις
1224 2193 1354 2227 ἐνάρετος
1368 2193 1424 2228 εἴη,
1437 2192 1509 2219 ἔστω
1525 2193 1575 2227 μὲν
1593 2193 1659 2220 αὐτὸ
1671 2192 1758 2224 οὕτως
1773 2193 1854 2229 ἔχον.

220 2243 358 2269 nocercm,
375 2235 453 2270 plane
464 2235 634 2269 defatigatus.
659 2239 685 2261 et
713 2242 745 2262 ex
769 2233 1008 2270 opportunissinlis

1068 2240 1140 2274 Ἐγὼ
1157 2241 1184 2266 δὲ
1198 2241 1248 2268 οὐκ
1271 2241 1304 2268 ἂν
1323 2241 1384 2268 κατ’
1403 2240 1526 2271 ἐκείνους
1551 2240 1688 2275 ἑσινάμην
1715 2241 1854 2274 ἐμαυτὸν,

220 2283 346 2317 πολεοιιιε,
361 2288 435 2307 vanae
451 2279 542 2314 glorize
559 2286 653 2306 causa.

253 2381 299 2408 24.
327 2380 380 2408 Sed
416 2379 479 2414 quid
516 2378 581 2406 mliti
616 2380 804 2414 exponendum
831 2379 1007 2414 hypocriseos

220 2426 355 2460 exempla,
387 2432 447 2460 quae
476 2424 625 2460 frequentia
653 2425 788 2452 habentur
821 2426 849 2451 in
889 2425 1007 2460 antiquis

219 2472 400 2507 seriptoribus
423 2471 468 2505 qui
496 2471 635 2498 historiam
663 2475 780 2498 tractant
795 2470 806 2497 ί
821 2470 935 2498 Concise
958 2479 1008 2499 nec

219 2516 311 2552 procul
332 2522 347 2542 a
366 2516 477 2542 veritate
509 2515 654 2542 dicendum
687 2520 729 2541 est
743 2515 870 2540 mundum
889 2522 1006 2549 prmsen-

220 2564 273 2586 tem
288 2566 349 2587 esse
363 2566 455 2586 crassa
469 2558 642 2586 simulatione
657 2558 774 2592 plenum.
789 2557 838 2591 Qui
855 2559 896 2585 vel
912 2559 937 2586 in
956 2560 1007 2587 hoc

219 2604 289 2638 ipso,
316 2603 387 2638 quod
412 2613 422 2630 ι
439 2605 580 2630 muudust
605 2607 657 2635 est.
683 2603 754 2638 apud
778 2611 826 2630 nos
849 2612 897 2638 per
921 2605 1008 2632 homi-

220 2657 269 2678 nes
294 2649 446 2682 lutjusmodi
477 2649 602 2681 fallitur;
633 2649 670 2675 ila
699 2654 748 2682 ut,
777 2650 1006 2683 quemadmodum

219 2695 311 2729 magni
327 2696 371 2722 Dei
389 2703 487 2722 nomen
501 2703 549 2730 per
561 2703 608 2722 eos
622 2695 666 2729 qni
684 2694 803 2722 divinam
819 2704 870 2724 non
888 2705 1007 2732 sequun-

218 2745 263 2768 tur
291 2741 508 2775 inspirationeni,
534 2740 760 2774 blasphematur,
781 2741 820 2768 sic
843 2742 925 2769 etiam
949 2743 1007 2770 blu-

218 2787 378 2820 spliematur
402 2785 493 2812 mundi
513 2793 610 2812 nomen
635 2793 683 2820 per
707 2793 753 2813 eos
775 2787 820 2821 qni
848 2788 940 2815 mundi
954 2797 1006 2815 non

219 2837 303 2865 sunt,
319 2833 414 2867 quales
433 2836 505 2862 sunt.
522 2831 567 2865 qui
585 2835 691 2866 gentem
708 2832 915 2867 hypocritarum
930 2842 1006 2862 com—

220 2883 365 2913 ponentes,
383 2877 594 2905 destructionem
611 2885 694 2914 super
716 2885 824 2906 omnem
850 2879 931 2908 aliain
960 2881 1008 2909 tri-

1057 2286 1216 2321 κατακόψας
1239 2286 1338 2321 μικροῦ
1361 2287 1429 2318 δετν,
1450 2286 1499 2312 καὶ
1519 2286 1574 2312 τῶν
1590 2287 1789 2322 καιριωτάτων
1805 2288 1856 2314 ὲκ-

1057 2332 1215 2368 κρουσθεὶς,
1230 2333 1309 2368 δόξης
1325 2334 1406 2368 χάριν
1421 2333 1514 2366 κενῆς.

1093 2379 1144 2406 κδ’.
1167 2379 1247 2406 Ἀλλὰ
1261 2379 1287 2405 τί
1298 2388 1343 2413 μοι
1355 2379 1441 2406 πλείω
1455 2379 1621 2415 ἐπέρχεσθαι
1633 2378 1857 2414 παραδείγματα

1058 2425 1235 2461 ὑποκριτικὰ,
1247 2426 1410 2461 ἐπιρρέοντα
1428 2426 1514 2460 συχνὰ
1526 2427 1558 2452 ὲκ
1574 2425 1752 2453 παλαιτάτων
1764 2426 1856 2453 ἀκου-

1058 2473 1170 2508 σμάτων
1187 2473 1242 2504 τοῖς
1263 2474 1381 2508 ίστορεῖν
1402 2473 1650 2508 προτεθειμένοις;
1670 2472 1737 2499 Δέον
1760 2474 1856 2500 εἰπεῖν

1058 2517 1292 2552 συνεπτυγμένως
1310 2517 1359 2544 καὶ
1374 2517 1435 2544 οὑδὲ
1453 2518 1564 2553 μακρὰν
1581 2517 1726 2552 ἀληθείας,
1755 2518 1855 2554 πλήρη

1058 2563 1106 2589 νῦν
1121 2562 1169 2589 τδν
1185 2563 1288 2598 κόσμον
1304 2560 1375 2590 εἶναι
1390 2562 1579 2597 ὑποκρίσεως·
1604 2563 1633 2594 ὃς
1649 2571 1681 2596 γε
1706 2563 1757 2589 καὶ
1785 2564 1855 2590 αὐτὸ

1059 2607 1141 2634 τοῦτο
1157 2608 1188 2634 τὸ
1208 2617 1217 2634 ι
1237 2608 1340 2642 κόσμος
1364 2618 1373 2634 ι
1392 2606 1463 2635 εἶναι
1479 2608 1608 2643 ψεύδεται
1622 2608 1689 2644 παρ’
1705 2609 1777 2644 ἡμῖν
1809 2610 1854 2637 διὰ

1058 2654 1121 2685 τεὺς
1137 2653 1285 2686 τοιούτους,
1311 2654 1349 2686 ὡς
1373 2654 1608 2690 βλασφημεῖσθαι,
1638 2654 1711 2681 καθὰ
1742 2656 1776 2682 τὸ
1805 2655 1853 2682 τοῦ

1059 2699 1180 2734 μεγάλου
1191 2699 1259 2726 Θεοῦ
1276 2699 1362 2735 ὄνομα
1379 2700 1422 2726 διὰ
1437 2701 1500 2731 τοὺς
1520 2699 1558 2736 μὴ
1576 2700 1697 2731 ἐνθέους,
1712 2700 1789 2728 οὕτω
1806 2701 1853 2729 καὶ

1057 2745 1087 2771 τὸ
1097 2745 1143 2771 τοῦ
1156 2746 1261 2781 κόσμου
1269 2746 1312 2772 διὰ
1323 2747 1387 2778 τοὺς
1403 2747 1553 2781 ἀκόσμους·
1568 2747 1656 2773 ὁποῖοι
1670 2747 1719 2773 καὶ
1728 2747 1762 2774 τὸ
1774 2747 1853 2779 ἔθνος

1056 2792 1106 2824 τῆς
1125 2792 1307 2825 ὑποκρίσεως,
1322 2792 1347 2818 οἳ
1359 2792 1409 2827 τὴν
1422 2792 1561 2827 ἀκοσμίαν
1572 2792 1643 2827 ὑπὲρ
1655 2792 1710 2818 πᾶν
1723 2793 1793 2820 ἄλλο
1803 2793 1853 2827 φῦ·

1057 2836 1102 2863 λον
1124 2836 1286 2870 τεχνῶνται,
1305 2837 1527 2872 παραποιοῦντες
1538 2837 1567 2863 τὸ
1584 2837 1635 2871 τῆς
1659 2837 1775 2872 φύσεως
1787 2840 1850 2866 κόσα

1059 2890 1129 2917 μιον.
1139 2881 1197 2908 Ἐπ’
1209 2882 1299 2915 ἄλλοις
1308 2883 1360 2920 γὰρ
1370 2883 1556 2918 πεπλασμένοι
1570 2883 1702 2920 κοσμίως,
1714 2884 1754 2917 ὡς
1763 2886 1779 2912 6
1790 2893 1850 2912 κω·
