1956 3086
136 162 188 196 433

631 162 783 192 CONTRA
801 160 1049 193 INJURIARUM
1067 159 1292 191 MEMORIAM.

1717 158 1775 191 431⁴

136 221 234 256 χωρεῖν
250 219 290 251 εἰς
318 219 376 246 τόδε
396 227 434 246 τι.
474 219 544 253 Ἐγὼ
558 218 585 246 δὲ
602 219 650 246 οὐκ
665 219 698 246 ἂν
723 219 795 246 οὕτω
811 219 919 251 παθεῖν,

976 218 1029 253 pati
1053 222 1080 245 et
1102 217 1127 245 ei
1149 217 1174 244 in
1190 216 1282 252 aliquo
1299 215 1406 244 cedere.
1424 215 1480 252 Ego
1507 223 1572 244 vero
1586 224 1638 244 non
1662 217 1700 245 ita
1716 219 1770 253 pati

137 264 190 291 οὐδ’
208 264 242 291 ἂν
256 263 329 290 οὕτω
346 265 447 300 χωρεῖν
464 264 596 300 ἐθέλοιμι,
613 263 654 291 ὅτι
675 264 737 300 μηδ’
758 265 838 295 ἄλλος
868 263 925 291 τῶν

137 310 309 345 φρονούντων
327 312 368 342 είς
379 311 494 346 ἀγαθόν.
513 311 562 343 Τίς
583 311 638 347 γὰρ
652 311 685 338 ἂν
698 312 821 347 ὲχέρφων
838 311 926 338 ἕλοιτο

139 358 235 384 παθεῖν
247 358 296 384 σύν
310 366 362 384 τινι
377 358 407 384 τὸ
432 357 481 393 τῆς
501 357 616 393 γνώμης
635 358 762 391 ἄστατον,
779 359 795 393 ἢ
813 359 924 393 χωρεῖν,

136 404 234 430 ταύτὸν
251 403 273 430 δ’
290 404 379 430 εἰπεῖν
396 404 485 439 ὁρμᾷν
502 403 551 431 σύν
566 413 630 436 τινι,
647 405 717 439 πρὸς
731 403 803 439 ἅπερ
820 405 833 431 ὁ
849 412 926 430 συνε-

136 450 181 479 τὺς
199 449 371 484 ἀπεύχεταις
389 449 468 476 Οὕτω
483 450 549 484 γοῦν
569 450 698 481 ὑπόπτως
715 449 784 486 ἱχων
800 450 867 485 πρὸς
894 449 926 476 τὸ

136 496 231 528 ἁπλῶς
257 496 305 523 καὶ
324 495 482 531 συμπαθεῖν
497 497 544 523 καὶ
559 498 724 532 συγχωρεῖν,
746 496 859 531 διαιρῶν
876 496 925 530 τὴν

137 542 377 578 καθ’τὸμωνυμίαν
401 543 544 578 σύγχυσιν,
561 542 609 569 καὶ
620 543 781 578 διευκρινῶν
805 546 835 569 ὲν
849 543 925 578 ὀρθό-

136 597 208 623 τητι,
230 588 403 623 γνωματεύω
415 589 476 616 κατ’
491 590 562 624 ἐμὴν
573 590 724 624 ἐπίκρισιν,
737 589 774 621 ὡς
790 589 924 624 θελήματι

138 634 190 669 μὲν
206 634 302 670 ἀγαθῷ
315 636 479 670 συγχωρεῖν,
493 635 540 662 καὶ
555 636 626 662 κατὰ
641 635 726 667 πάθος
743 634 772 661 εὖ
781 635 841 670 ἔχον
856 643 924 669 συμ-

139 680 236 707 παθεῖν
251 681 299 707 καὶ
316 681 424 716 στέργω
441 681 491 708 καὶ
512 680 643 716 εὔχομαι·
658 681 706 708 καὶ
731 680 923 716 προκαλούμε-

135 735 180 758 νος
199 726 324 762 χωρῆσαι
340 727 388 753 καὶ
401 726 498 754 παθεῖν
511 727 631 763 ἑποιμην
650 728 696 759 ἂν,
713 728 761 754 καὶ
779 727 923 762 πάσχοιμι,

135 772 162 803 ἐς
179 772 240 798 ὅσον
256 771 377 808 ιεαρκῶ,
391 773 439 800 καὶ
453 774 503 800 οὐκ
514 773 547 800 ἂν
559 772 728 808 ἐλεγχθείην,
741 772 779 808 μὴ
791 772 861 799 οὕτω
878 772 925 799 καὶ

136 817 288 853 συγχωρῶν
300 818 347 844 καὶ
358 817 521 853 συμπαθιῖΝ.
538 818 593 845 Καί
613 826 659 853 μοι
674 818 811 853 μάρτυρες
820 817 924 844 τούτων

137 865 163 890 oi.
179 864 227 899 τῆς
244 864 350 896 πόλεως
373 864 477 899 ταύτης
492 864 591 898 ἀγαθοὶ
607 864 714 899 ἄνδρες,
734 862 777 895 οἷς
794 863 924 890 πλειστά-

977 271 1028 291 nec
1050 264 1086 290 ita
1101 262 1200 290 cedere
1215 262 1323 294 vellem,
1340 261 1388 289 sed
1406 268 1456 289 nec
1470 262 1540 291 alius
1558 262 1628 290 bene
1641 264 1772 291 cordatus

977 310 1188 345 qualiscunque.
1213 308 1281 341 Quis
1305 308 1377 336 enim
1404 308 1524 343 prudens
1558 309 1769 338 inconstantiam

976 354 1119 383 sententiae
1133 361 1196 382 cum
1212 353 1304 388 aliquo
1322 353 1377 389 pati
1401 354 1583 387 consentiret,
1601 356 1641 382 vel
1662 356 1770 389 cedere,

977 408 1024 429 seu
1040 401 1112 436 quod
1130 400 1199 428 idem
1216 404 1270 433 est,
1288 399 1352 427 lerri
1366 407 1428 427 cum
1445 399 1535 436 aliquo
1554 401 1587 428 ad
1602 409 1633 428 ea
1648 408 1708 437 quas
1723 409 1771 429 ex-

976 454 1039 482 pers
1047 445 1215 474 detestatur?
1228 445 1274 473 Sic
1282 445 1364 481 igitur
1373 446 1500 481 suspicax
1510 447 1542 474 ad
1564 447 1635 475 istud
1644 448 1772 482 simplici~

978 496 1019 518 ter
1033 491 1251 526 compatiendum
1261 491 1513 525 etconcedendum,
1528 499 1623 520 vocum
1639 493 1768 520 similium

979 537 1138 565 discernens
1158 537 1344 565 conlusionem
1360 542 1386 565 et
1408 543 1479 566 recte
1493 538 1663 574 dijudicans,
1680 544 1770 568 statuo

973 582 1050 616 juxta
1062 590 1154 610 meum
1166 582 1302 618 judicium
1314 585 1386 619 quod
1409 584 1539 612 voluntati
1562 586 1671 621 quidem
1693 587 1770 614 bona:

977 629 1137 662 concedere,
1155 629 1289 665 juxtaque
1303 630 1402 657 bonam
1421 632 1576 665 passionem
1589 633 1708 667 compati
1724 642 1770 660 ria-

978 673 1059 701 turali
1075 674 1258 710 propensioue
1275 675 1441 710 complector
1455 680 1483 703 et
1498 676 1634 710 desidero,
1644 684 1770 713 rogatus-

980 727 1033 754 que
1045 720 1144 749 cedere
1155 727 1187 747 ac
1199 721 1254 755 pati
1267 728 1398 756 sequerer
1410 725 1436 749 et
1446 727 1555 757 paterer
1563 729 1694 758 quantum
1708 732 1769 759 pos-

975 773 1044 800 sem,
1063 773 1114 794 nec
1127 767 1342 801 reprehenderer
1358 767 1439 795 veluti
1452 769 1491 795 sic
1504 776 1557 796 non
1578 769 1730 798 concedens
1743 776 1769 798 ct

976 811 1154 846 comp-aliens.
1171 811 1258 848 Hujus
1274 817 1365 840 autem
1381 814 1418 841 rei
1436 815 1500 842 mihi
1514 820 1596 843 testes
1608 819 1671 844 sunt
1687 816 1769 851 hujus

976 858 1052 886 urbis
1063 858 1125 886 boni
1143 859 1206 892 viri,
1221 859 1320 894 quibus
1332 867 1402 895 sche
1431 863 1463 888 ad
1477 861 1561 889 bonas
1574 863 1631 890 vias
1643 866 1669 889 et
1685 863 1769 890 Itone—

136 918 180 941 χις
194 909 427 945 προκαλουμένοις
439 909 479 941 είς
491 910 597 944 ἀγαθὰς
612 909 688 940 ὁδοὺς
699 910 746 936 καὶ
762 909 802 941 ei;
816 909 923 945 χρηστὰ

977 908 1033 931 stas
1061 905 1183 931 actiones
1207 905 1421 933 exhortantibus
1445 911 1474 934 et
1499 908 1622 935 concessi
1644 913 1671 936 et
1693 917 1768 937 corn~

135 955 211 989 πάθη
229 955 276 982 καὶ
293 955 472 990 συνεχῶρησα
485 955 533 982 καὶ
552 954 705 982 συνέπαθον
719 963 726 970 ·
744 956 778 982 τὰ
794 955 880 982 πολλὰ
893 955 922 982 δὲ

136 1004 182 1029 καὶ
199 1002 230 1028 οὺ
249 1001 317 1036 πρὸς
331 1001 460 1037 δύναμιν,
474 1001 544 1035 ἀλλ’,
558 1002 747 1034 ἁποςτολικῶς
765 1002 866 1035 εἰπεῖν,
883 1002 924 1033 είς

136 1048 293 1085 ὑπερϐολήν
304 1067 312 1075 .
330 1049 385 1075 Καὶ
398 1048 470 1075 οὕτω
484 1049 534 1084 μὲν
552 1048 688 1084 συγχωρῶ
705 1049 752 1075 καὶ
770 1047 923 1083 συμπαθῶ*

134 1096 298 1130 διαφωτίσαι
310 1095 339 1121 δὲ
366 1097 416 1125 τὰς
439 1094 526 1127 λέξεις
550 1094 654 1126 ταύτας
685 1095 725 1126 είς
743 1094 773 1121 τὸ
803 1093 936 1129 καίριον,ι

137 1141 298 1177 συνεξορμῶ
311 1142 359 1169 καὶ
377 1142 531 1177 συμπάσχω
546 1143 602 1173 τοῖς
617 1141 737 1176 χωροῦσι
764 1141 865 1177 δηλαδὴ
879 1141 926 1168 καὶ

135 1188 300 1223 πάσχουσιν,
320 1187 371 1214 ὅσα
389 1188 478 1222 χρεών
491 1196 499 1203 ·
521 1187 624 1222 ἑτέρως
649 1187 678 1214 δὲ
704 1188 858 1223 συγχωρεῖν
878 1188 925 1213 καὶ

135 1233 301 1269 συμπαθεῖν,
317 1234 357 1266 εις
375 1233 446 1270 ἅπερ
461 1233 602 1260 ἐθέλουσιν
626 1234 649 1260 οι
679 1234 782 1267 πολλοὶ,
804 1233 924 1268 ἀπεύχο-

137 1289 198 1315 μαι.
214 1279 261 1315 Μὴ
276 1279 331 1315 γάρ
347 1288 393 1316 μοι
408 1279 629 1315 δυσπραγγβείη,
644 1280 742 1306 παθεῖν
773 1280 822 1306 σὺν
851 1278 925 1306 ὲκεί-

135 1335 190 1358 νοις
209 1326 256 1352 καὶ
270 1327 319 1354 σὺν
352 1326 469 1357 ἐκείνοις
494 1327 605 1361 χωρεῖν,
631 1327 671 1358 είς
686 1326 736 1352 ὅσα
754 1326 792 1361 μὴ
805 1325 926 1359 πρέπου-

136 1380 179 1398 σιν
190 1380 196 1388 ·
213 1371 283 1399 ἀλλὰ
296 1371 425 1399 τάναντία
437 1372 544 1406 γένοιτό
560 1380 616 1407 μοι,
635 1372 752 1407 πάσχειν
777 1380 806 1398 τε
823 1371 923 1405 καλῶς,

135 1419 182 1445 καὶ
205 1419 304 1453 χωρεῖν
319 1418 368 1453 τὴν
393 1419 465 1445 κατὰ
481 1418 547 1444 Θεὸν
572 1418 641 1451 ὁδὸν,
663 1419 710 1445 καὶ
731 1419 769 1454 μὴ
785 1417 923 1453 συμφέρε-

136 1465 200 1492 σθαι
213 1465 339 1500 φαύλοις,
355 1465 402 1491 καὶ
417 1465 604 1500 συμπάσχειν,
622 1465 695 1500 ἃπερ
717 1465 794 1492 αὐτοί
806 1473 812 1480 ·
831 1467 861 1492 ὲν
885 1463 925 1496 οἷς

135 1513 183 1539 καὶ
198 1513 229 1539 τὸ
238 1511 367 1543 ἀναιτίως
394 1511 561 1544 ἐπικεῖσθαι,
577 1509 677 1543 οἷοςοὺ
705 1511 796 1546 θέμις,
811 1512 858 1537 καὶ
877 1519 924 1545 με-

135 1557 216 1592 λετᾷν
226 1557 348 1592 δεσμεῖν,
359 1557 386 1584 ει
397 1557 438 1588 τίς
454 1565 506 1583 που
517 1557 633 1589 δίκαιος,
650 1556 694 1584 διὰ
710 1557 740 1582 τὸ
752 1556 923 1591 δύσχρηστος

135 1601 206 1630 εἶναι
223 1604 279 1635 τοῖς
309 1603 346 1639 μὴ
364 1603 455 1634 καλῶς
468 1603 716 1638 διαχειριζομὲνοις
729 1604 763 1630 τὰ
783 1603 922 1638 πρακτέα.

170 1648 218 1677 λδ¹.
235 1650 304 1685 Φέρε
321 1649 418 1676 ετπατε
434 1650 503 1685 πρὸς
522 1650 604 1676 αὑτοῦ
631 1650 677 1676 τοῦ
696 1649 783 1682 Θεοῦ,
800 1650 825 1676 εἰ
851 1649 888 1684 μὴ
910 1650 923 1676 ὁ

134 1696 288 1732 φιλάγαθος
316 1697 330 1723 ὁ
343 1697 507 1731 αὐτόχρημα
523 1697 600 1727 Θεῐος
617 1697 698 1731 νόμος
712 1697 726 1722 ὀ
740 1696 922 1731 αὶτοκράῖωρ

133 1744 302 1778 ιπεκάμφθη
319 1743 519 1778 φιλανθρώπως
536 1743 613 1778 ἡμῖν,
630 1744 677 1768 καὶ
693 1741 780 1768 ταῦτα
801 1741 884 1777 μηδέν
897 1750 922 1767 τι

134 1789 404 1824 ἀπολογησαμένοις,
422 1789 460 1824 μὴ
473 1790 520 1814 καὶ
533 1790 583 1824 τὴν
600 1788 693 1815 θεόθεν
706 1787 797 1820 ὀξεῖαν
812 1789 923 1814 ἐπικου-

135 1834 198 1869 ρίαν
225 1833 429 1869 ἀμὸλυνοῦμεν,
457 1831 497 1865 οἷς
525 1834 596 1869 ὑπὲρ
615 1834 694 1868 ἡμῶν
717 1834 806 1860 αὐτῶν
831 1833 922 1860 λαλεῖν

133 1880 251 1915 ἔσχομεν
271 1880 418 1916 (γογγύσαι
430 1880 484 1915 γάρ
499 1889 525 1906 τι
542 1880 608 1915 παρ’
619 1879 695 1915 αὑτῴ
709 1880 780 1906 κατὰ
789 1880 842 1907 τῶν
857 1880 923 1906 ὑπε-

133 1926 262 1958 ναντίων,
277 1928 326 1952 καὶ⁵
341 1927 380 1958 είς
398 1926 519 1962 μιασμὸν
535 1927 601 1962 ἡμῖν
615 1925 743 1962 ἐλογίσθη
764 1926 921 1961 στόματος),

134 1972 187 1998 ποῦ
204 1972 264 1998 ποτ’
281 1972 315 1998 ἂν
330 1970 401 2008 ἦμεν
426 1972 489 2007 ἄρτι
504 1981 511 2004 ;
529 1973 578 1998 Ποῖ
604 1973 633 1999 δὲ
656 1972 741 2007 τύχης
769 1972 921 2008 ἑστηκότας

132 2019 210 2053 ἡμᾶς
223 2018 337 2044 ἔϐλεπον
349 2019 382 2045 ἂν
396 2019 421 2045 οἱ
448 2019 607 2054 ᾶνθρωποι;
623 2019 661 2046 Οὐ
682 2019 782 2052 τοίνυν,
797 2017 838 2050 οἷς
854 2020 868 2046 ὁ
880 2020 922 2047 έν-

132 2063 193 2095 θεος
207 2063 345 2098 βασιλεὺς,
359 2063 427 2090 Θεοῦ
439 2063 618 2097 λαλήσαντος.
635 2063 675 2094 είς
692 2063 742 2098 τὴν
756 2062 839 2090 αὑτοῦ
854 2072 923 2098 καρ-

132 2110 193 2136 δίαν
212 2111 276 2146 ᾐμῖν
302 2110 446 2142 ἐπένευσε,
474 2109 551 2137 ταῦθ’
582 2110 654 2144 ἡμᾶς
670 2109 816 2136 ἁθωοῦσιν.
852 2109 922 2151 Ἀλλ’

132 2157 237 2188 ἐκεῖνος
257 2155 307 2188 μὲν
336 2157 384 2183 καὶ
398 2156 432 2183 δι’
446 2157 520 2191 ἡμᾶς
548 2156 679 2191 ὑμνητὸς,
703 2157 751 2182 καὶ
773 2156 922 2192 εὐλογητὺν

133 2204 180 2229 καὶ
195 2201 255 2237 Θεῷ
270 2202 318 2228 καὶ
331 2201 489 2237 ἀνθρώποις
517 2201 548 2228 τὸ
574 2201 659 2228 αὑτοῦ
675 2200 771 2235 δνομα.
808 2201 880 2235 Ἐγὼ
893 2201 921 2228 δὲ

976 957 1073 984 passus
1096 958 1175 982 sum,
1191 959 1223 979 ac
1244 952 1406 987 plerumque
1426 960 1478 980 non
1507 955 1656 982 secundum
1684 955 1768 984 lacul-

977 1001 1073 1030 talem,
1089 997 1234 1032 sed,juxta
1251 999 1352 1026 dictum
1368 999 1557 1035 apostolicum,
1572 1001 1597 1028 in
1613 1010 1765 1031 excessum.

978 1042 1009 1070 Et
1025 1043 1061 1070 ita
1091 1043 1200 1079 quidem
1227 1045 1346 1073 concedo
1369 1047 1575 1083 compntiorquc
1594 1057 1601 1076 :
1631 1054 1660 1077 ut
1676 1056 1766 1079 autem

978 1090 1028 1117 has
1045 1097 1126 1118 voces
1149 1092 1329 1126 opportunius
1356 1093 1514 1126 dilucidam.
1535 1102 1670 1123 concurro
1691 1105 1767 1124 com-

977 1135 1119 1171 patiorque
1135 1137 1310 1165 currentibus
1335 1138 1435 1174 ubique
1455 1140 1676 1177 patientibusquc
1698 1144 1769 1171 sicut

986 1186 1109 1215 oportet;
1135 1182 1214 1210 aliter
1235 1191 1300 1211 vero
1320 1185 1470 1212 concedere
1484 1194 1516 1213 ac
1532 1188 1661 1222 compati,
1688 1190 1721 1216 ad
1736 1199 1766 1217 ea

977 1234 1038 1262 quae
1055 1228 1178 1264 plerique
1195 1229 1300 1263 volunt,
1325 1230 1425 1258 abnuo.
1443 1231 1501 1259 Non
1520 1233 1592 1260 enim
1613 1235 1677 1262 mihi
1693 1237 1768 1263 acci-

977 1275 1033 1306 dat,
1047 1281 1075 1302 ut
1090 1276 1181 1310 patiar
1200 1283 1260 1303 cum
1286 1277 1355 1310 isris,
1385 1282 1490 1306 etcum
1517 1279 1578 1308 istis
1600 1282 1704 1315 cedam,
1733 1284 1767 1311 ad

981 1321 1067 1348 multa
1085 1329 1144 1356 quae
1159 1329 1212 1350 non
1230 1323 1413 1352 conveniuntl
1443 1324 1507 1353 Mihi
1531 1331 1621 1354 autem
1637 1336 1652 1355 e
1672 1334 1767 1357 (ontra

976 1368 1084 1395 eveniat
1097 1374 1124 1396 et
1135 1369 1203 1396 bene
1221 1370 1287 1404 pati,
1301 1375 1327 1397 el
1343 1371 1441 1399 cedere
1459 1372 1538 1407 juxta
1562 1374 1610 1401 Dei
1636 1375 1718 1409 viam,
1739 1382 1767 1404 ct

978 1419 1031 1438 non
1042 1414 1196 1440 consentire
1211 1414 1300 1447 matis,
1333 1423 1383 1443 nec
1414 1419 1534 1452 compati
1552 1427 1613 1446 cum
1638 1420 1692 1448 illis
1714 1422 1767 1449 ini-

978 1458 1056 1493 quis;
1071 1459 1140 1486 inter
1155 1467 1216 1494 quau
1231 1466 1391 1488 numeratur
1404 1463 1506 1499 absque
1516 1472 1597 1493 causa
1610 1467 1768 1496 incumbere

978 1506 1078 1540 quibus
1094 1514 1146 1539 non
1173 1507 1250 1540 licet,
1276 1509 1457 1544 meditariqne
1476 1511 1590 1539 vinculis
1606 1519 1726 1548 nectere,
1744 1516 1767 1542 si

978 1552 1040 1586 quis
1056 1551 1126 1580 forte
1142 1553 1177 1580 sit
1202 1553 1302 1588 justus,
1325 1555 1388 1590 quia
1406 1556 1474 1584 male
1486 1558 1671 1594 dirigentibus
1688 1566 1766 1590 actus

977 1597 1151 1632 importunus
1167 1604 1219 1627 est.

1011 1647 1056 1675 54.
1077 1647 1175 1683 Agite,
1203 1649 1229 1677 iu
1258 1650 1345 1684 ipsius
1369 1651 1415 1679 Dei
1442 1652 1551 1680 nomine
1581 1654 1684 1689 dicite,
1714 1657 1765 1684 nisi

979 1693 1088 1720 virtutis
1102 1701 1210 1728 amans,
1226 1694 1339 1730 ipsaque
1352 1695 1443 1724 divina
1473 1697 1526 1730 lex,
1541 1697 1712 1732 ltominator,
1733 1702 1766 1727 ad

976 1746 1025 1766 nos
1039 1739 1194 1767 humaniter
1205 1741 1402 1775 descendisset,
1419 1747 1445 1770 et
1461 1743 1523 1777 hoc,
1540 1739 1604 1780 quin
1620 1746 1674 1773 ullo
1687 1748 1765 1774 modo

976 1785 1123 1814 fuissemus
1136 1786 1290 1821 justilicati,
1314 1795 1348 1814 ne
1378 1793 1533 1824 promptum
1551 1797 1564 1816 a
1591 1790 1646 1818 Deo
1663 1792 1768 1819 minue-

977 1839 1068 1860 remus
1086 1832 1230 1866 auxilium.
1260 1841 1309 1869 per
1323 1841 1356 1861 ea
1377 1842 1437 1869 quae
1453 1842 1502 1870 pro
1517 1836 1595 1863 nobis
1609 1837 1674 1872 ipsis
1692 1838 1765 1872 loqui

975 1882 1132 1913 poteramus
1161 1879 1346 1913 (murmurare
1374 1888 1493 1915 namque
1514 1882 1662 1917 quidquam
1694 1885 1764 1919 apud

975 1924 1063 1958 ipsum
1078 1925 1103 1951 iu
1118 1926 1303 1963 adversarios,
1319 1927 1346 1954 in
1362 1928 1417 1954 oris
1431 1927 1665 1962 inquinamentum
1688 1931 1740 1958 nob
1753 1939 1766 1957 s

975 1977 1129 2006 reputat-im
1147 1972 1211 2007 est),
1225 1973 1336 2000 ubinam
1350 1981 1474 2002 essemus
1488 1974 1588 2002 hodie?
1604 1976 1632 2003 ln
1646 1984 1699 2011 quo
1708 1976 1764 2003 l‘or-

976 2022 1047 2045 tuna;
1064 2023 1135 2045 statu
1153 2026 1223 2046 nunc
1244 2026 1295 2046 nos
1314 2019 1436 2047 viderent
1453 2021 1596 2049 homines?
1613 2021 1672 2049 Non
1691 2024 1764 2051 enim

974 2065 1046 2099 quod
1063 2065 1174 2092 numine
1194 2065 1301 2093 afﬂatus
1323 2066 1482 2101 imperator,
1500 2066 1554 2095 Duo
1569 2068 1602 2095 ad
1618 2076 1666 2096 cor
1679 2069 1764 2104 ipsius

975 2109 1065 2136 loculo
1093 2117 1142 2136 nos
1166 2110 1282 2145 benigne
1310 2112 1444 2145 respexit,
1474 2114 1525 2140 hoc
1551 2120 1600 2140 nos
1618 2113 1762 2148 justiticat.

973 2153 1099 2181 Attamen
1118 2155 1163 2182 ille
1182 2156 1291 2190 quidem
1309 2162 1419 2192 propter
1433 2165 1482 2185 nos
1497 2158 1656 2187 exaltandus
1671 2165 1723 2193 est,
1737 2167 1765 2188 et

974 2199 1058 2235 ipsius
1071 2208 1168 2228 nomen
1181 2201 1234 2228 Deo
1245 2201 1454 2238 hominibusque
1469 2204 1696 2233 benedicendum.
1709 2206 1765 2242 Ego

133 2248 251 2282 ἀγαπῶν
264 2248 387 2282 ἀγάπην,
398 2247 447 2283 τὴν
458 2247 622 2282 ἀναγκαίαν,
633 2247 683 2283 τὴν
696 2247 847 2283 πάνδημον,
859 2247 920 2274 οὗτε

978 2253 1041 2273 tero
1054 2247 1169 2281 diligens
1180 2248 1352 2281 charitatem,
1366 2252 1561 2284 necessariam,
1577 2259 1763 2286 communem,

132 2296 205 2322 κατὰ
221 2295 322 2321 κακίαν
338 2295 403 2329 ὑμῖν
433 2294 502 2326 ὅλως
534 2294 744 2329 προσενὲξομαι,
775 2294 837 2321 οὐδὲ
868 2295 922 2329 μὴν

130 2341 240 2376 ἀφελῶς
256 2341 346 2376 πάντῃ
367 2340 438 2367 κατὰ.
452 2340 544 2367 πίστιν
560 2341 727 2375 ἁςιύλακτον,
744 2340 821 2367 οὐδέν
839 2349 865 2366 τι
878 2340 922 2367 λό-

131 2397 181 2423 χου
208 2388 399 2422 ὑφορωμένην,
420 2387 488 2413 ἀλλὰ
506 2387 577 2422 μετὰ
595 2388 731 2419 συνέσεως
746 2386 922 2422 ἐμϐριθεστέ-

132 2443 182 2469 pa..-
208 2433 245 2465 ὡς
257 2431 313 2460 οἷον
328 2442 369 2465 τε,
385 2433 432 2459 καὶ
446 2433 491 2459 οῖα
502 2434 557 2465 τοίς
576 2433 765 2461 πολυπαθέσιν
781 2434 847 2468 ἡμῖν
863 2434 922 2459 ἐπι-

130 2480 235 2516 πρέπει
252 2479 321 2516 πρὺς
333 2479 396 2511 τοὺς
409 2480 479 2514 ἄγαν
497 2479 686 2514 ἐστυμμένους
702 2481 749 2506 καὶ
766 2480 922 2514 αὐστηροὺς

131 2527 180 2552 καὶ
197 2527 393 2561 ὲντρεπτικοὺς
418 2527 468 2561 τῆς
493 2525 584 2561 ἡμῶν,
613 2526 657 2552 ὅτε
676 2525 786 2552 καλέσει
814 2527 919 2561 καιρὸς,

129 2573 259 2608 ἀφελείας
268 2581 298 2599 τε
307 2573 355 2599 καὶ
367 2572 528 2607 ἁπλότητος·
542 2571 575 2607 ἢν
590 2573 647 2603 τοῖς
657 2571 769 2606 ἀληθέσι
782 2572 921 2607 (plicata)

129 2627 144 2653 γ
151 2619 185 2654 ἀρ
195 2619 280 2653 δήπου
289 2618 400 2648 καὶτοῖς
411 2618 547 2652 τυχοῦσιν)
559 2617 745 2652 ὲμφανίζομεν
755 2618 921 2651 προάγοντες

129 2665 321 2700 εὐηθέστερον,
337 2663 593 2699 ἀνακεκαλυμμένῳ
607 2662 746 2698 προσώπῳ
769 2663 860 2695 αὐτοῖς
871 2663 921 2698 ἒμ-

130 2711 287 2743 6λέποντες,
298 2711 328 2737 οὐ
338 2709 513 2745 νεφελοῦντες
529 2710 586 2744 φῶς
598 2709 696 2744 ὂψεως,
711 2710 741 2736 οὺ
754 2709 923 2742 τοξοποιοῦν-

129 2765 174 2789 τες
191 2756 288 2792 ὀφρῦς,
302 2756 332 2783 οὐ
344 2756 651 2791 σεμνοπροσωποὼτες,
666 2755 684 2782 ἃ
694 2756 725 2790 δὴ
738 2757 792 2787 tot,
809 2755 921 2790 περιέρ-

127 2811 188 2837 γοις
198 2803 320 2834 πολίταις
336 2803 519 2838 φαντάζομεν.
532 2803 562 2828 Εἰ
575 2802 602 2828 δὲ
616 2804 662 2829 καί
673 2802 728 2828 δέει
738 2801 826 2837 φίλοις
838 2801 922 2837 λαλῆ-

128 2858 192 2881 σαι,
219 2849 269 2876 οὐκ
301 2849 515 2884 ἀποτορεύοντες
539 2848 637 2882 λέξεις,
663 2848 723 2875 οὐδὲ
744 2847 921 2883 σμιλεύοντες

129 2895 234 2929 ἔννοιαί
256 2895 314 2923 οὐδὲ
345 2895 588 2932 βυσσοδομξύοντες
610 2896 644 2923 τὰ
667 2896 706 2928 εἰς
727 2895 835 2931 φράσιν,
860 2895 919 2922 ἀλλ’

976 2299 1026 2319 ncc
1041 2300 1088 2327 per
1103 2293 1231 2320 malitiam
1249 2294 1328 2322 vobis
1342 2303 1455 2330 prorsus
1468 2297 1617 2331 iultaarebo,
1634 2307 1684 2327 nec
1699 2300 1765 2327 sim-

973 2339 1081 2375 pliciter
1096 2339 1194 2374 ubique
1207 2347 1257 2375 per
1271 2339 1350 2368 ﬁdem
1366 2342 1505 2370 incautam
1518 2344 1663 2381 nullasque
1674 2348 1764 2382 suspi-

974 2391 1080 2412 enutt‘tlt
1110 2386 1233 2418 insidias,
1255 2387 1302 2413 sed
1331 2394 1391 2415 cum
1410 2389 1536 2422 graviore
1562 2394 1681 2426 quadam
1697 2401 1764 2428 pru-

974 2431 1076 2462 (lentia,
1094 2431 1183 2466 qualis
1199 2432 1281 2459 multa
1296 2440 1377 2468 passo
1395 2435 1460 2462 tnihi
1486 2438 1617 2464 convenit
1629 2445 1693 2473 erga
1723 2440 1764 2468 ni-

974 2477 1024 2502 mis
1039 2477 1151 2504 accrbos
1168 2482 1194 2504 et
1208 2483 1333 2506 austeros
1348 2486 1562 2517 avocatoresque
1579 2489 1680 2512 nostra:
1697 2485 1763 2513 sitn-

974 2522 1101 2555 plicitatis
1114 2523 1356 2559 iugenuitatisque,
1367 2527 1518 2554 secundum
1528 2531 1762 2564 opportunitatem

975 2569 1073 2595 habita:
1095 2577 1176 2604 quarti
1196 2578 1257 2597 cum
1276 2572 1348 2599 veris
1364 2574 1459 2602 amicis
1483 2575 1547 2610 (nan
1565 2584 1626 2604 cum
1648 2579 1762 2612 quibus-

975 2616 1093 2650 t‘uuque)
1116 2616 1321 2644 tnanifcstamus
1341 2619 1501 2654 simpliciter
1512 2624 1702 2657 procedentes,
1714 2632 1762 2652 eos

976 2662 1093 2688 revelata
1105 2662 1173 2690 facie
1185 2669 1355 2698 contuentes,
1370 2674 1422 2693 non
1437 2667 1525 2695 vultus
1541 2669 1632 2696 lumen
1645 2671 1762 2697 obnubi-

975 2708 1071 2742 lautos,
1088 2717 1140 2736 non
1158 2711 1334 2745 supercilium
1356 2719 1510 2747 arcumtes,
1527 2721 1555 2742 ut
1570 2715 1596 2742 in
1612 2715 1763 2748 negoﬁosis

973 2755 1079 2782 ciwbns
1106 2756 1237 2784 videmus.
1269 2757 1296 2785 Si
1323 2766 1386 2786 vero
1400 2767 1507 2796 quoque
1527 2769 1587 2789 cum
1615 2761 1710 2788 amicis
1727 2762 1764 2789 sit

975 2801 1149 2836 loquendum,
1161 2811 1215 2830 non
1228 2805 1362 2838 polientes
1377 2807 1554 2838 locutionem,
1570 2815 1621 2833 non
1633 2807 1764 2836 calantes

974 2850 1178 2884 cogitationem,
1191 2859 1242 2879 non
1260 2853 1379 2886 phrasim
1392 2854 1559 2885 exultantes,
1576 2848 1621 2879 sed
1635 2854 1765 2883 rusticius

976 2902 1149 2932 apparentes,
1173 2902 1198 2925 ct
1215 2899 1355 2934 scapham,
1385 2905 1413 2926 ut
1429 2899 1538 2934 dicitur,
1564 2897 1695 2931 scapham
1724 2901 1766 2929 di-
