1956 3086
721 87 743 95 λγ

148 157 200 188 ιγι

628 154 778 186 CONTRA
798 153 1046 184 lNJURlARUM
1068 151 1287 182 MEHORIAM.

1715 151 1775 184 (38'

147 210 239 242 ἄλλον,
257 209 372 242 Αἴαντα,
389 209 566 244 διερμηνεύει
585 209 652 244 πρὸς
666 209 729 240 τοὺς
752 215 932 242 παρεστωτας

987 205 1062 232 vobis
1084 204 1235 231 astantibus
1251 203 1443 238 interpretatur
1461 211 1513 232 non
1537 205 1594 232 haec
1619 212 1680 233 (IS‘
1694 214 1768 239 vera,

148 256 221 290 ὑμᾶς
234 255 347 291 δηλαδὴ,
366 255 404 290 μὴ
422 254 509 290 ἀληθῆ
525 254 605 282 ταῦτ’
638 253 719 286 εἶναι,
746 254 812 281 ἀλλὰ
829 253 931 288 σκηνῆς

148 301 294 336 ποιητικῆς
311 301 434 335 παίγνια,
449 301 466 336 ἢ
492 302 572 331 σκιὰς
587 301 729 336 ἀληθείας,
756 301 843 326 εἰπεῖν
864 307 932 333 σεμ-

147 347 258 382 νότερον
272 355 279 362 ·
299 347 349 373 καὶ
363 347 409 373 τὸν
426 347 476 381 μὲν
503 349 725 382 προφαινόμενον
741 346 865 381 Πρίαμον
885 345 932 372 dv-

149 392 259 426 θρωπον
275 392 451 419 ἀποδεικνύει
477 392 593 427 δυσγενῆ
613 393 708 423 ποθεν,
725 391 772 418 καί
801 399 853 417 που
886 390 933 416 καὶ

147 438 251 471 δοῦλον,
264 438 326 470 τοὺς
338 438 368 470 ἐξ
389 438 507 474 ’Δτρέως
533 439 561 466 δὲ
577 438 798 474 ταριχεμπόρους
815 436 875 471 μὲν,
889 436 933 462 δε-

149 485 223 517 ξιοίις
242 485 269 511 δὲ
285 485 457 519 λογολεσχείν
472 485 519 512 ἐπὶ
535 485 651 519 θεάτρου
681 483 934 519 μεγαλορρημόνως

149 532 196 558 καὶ
214 532 354 564 εὐσταλῶς
374 531 473 564 οὕτως,
502 531 540 562 ὡς
567 530 780 566 παρεμφαίνειν*
806 528 934 564 βασιλικὰ

149 577 301 612 πρόσωπα·
318 579 364 604 τὸν
380 578 407 605 δέ
427 587 487 604 τινα
507 577 539 604 ἐκ
564 585 616 604 που
651 575 833 612 ματρυλλείου
851 575 935 610 ἐξωρ-

150 624 285 658 μημένον,
301 623 350 649 καὶ
365 622 394 649 εὖ
408 622 499 648 εἰδότα
514 621 574 648 κατ’
590 622 695 656 ἀγορὰν
715 620 933 656 στωμύλλεσθαι,

149 669 197 695 καὶ
210 669 252 700 εις
269 667 548 703 ῥωποπερπερήθραν
562 666 736 693 σκώπτεσθαι
751 666 935 702 παραφαίνειν

149 714 341 750 ὑποκριτικῶς
359 714 404 741 τὸν
419 713 509 748 λόγιον
531 713 664 739 Ὀδυσσέα
680 720 686 727 ·
703 713 806 739 Αἴαντα
830 712 869 745 δὲ,
890 713 935 739 τὸν

149 759 371 795 προφαινόμενον
386 754 488 794 μέγαν,
513 759 561 785 καὶ
578 758 651 785 καθὰ
665 766 705 789 τις
723 758 775 793 ἔφη
789 757 934 793 πελώριον,

150 803 222 832 εἶναι
237 805 286 840 μὲν
301 805 388 836 ἄλλως
401 804 491 838 ὀλίγον
522 805 568 830 καὶ
583 804 734 837 οὺτιδανὸν,
761 803 935 838 ὲμὸεὗηκότα

149 851 178 878 δὲ
191 851 309 886 ὑψηλαῖς
323 850 452 885 ὲμῦἀσιν,
478 850 494 885 ἢ
516 850 562 876 καὶ
577 849 665 880 ἄλλως
682 849 866 884 ξυλοϐἁμονα,
895 849 935 883 τῷ

985 251 1031 278 sed
1043 250 1155 285 poetica:
1169 257 1257 278 scenae
1268 250 1382 283 ludicra,
1397 250 1448 283 vel,
1461 255 1489 278 ut
1498 251 1639 280 honestius
1652 252 1768 286 dicatur,

985 297 1108 324 veritatis
1126 297 1254 330 umbras;
1273 302 1300 324 et
1323 297 1399 324 illurn
1425 297 1532 332 quidem
1554 297 1769 327 illustrissimum

984 344 1122 372 Priamum
1139 343 1276 371 hominem
1289 344 1409 371 ostendit
1422 344 1565 378 ignobilem
1584 349 1611 372 et
1627 345 1697 374 forte
1712 354 1771 374 ser—

985 396 1065 423 vum;
1078 389 1150 417 ﬁlios
1170 394 1259 417 autent
1284 389 1378 421 Atrei.
1400 390 1632 424 salsamentarios,
1652 394 1700 420 sed
1721 394 1770 421 ha-

986 435 1055 463 biles
1070 436 1097 462 in
1114 443 1198 464 scena
1214 436 1254 463 sic
1269 443 1329 463 cuin
1342 436 1473 471 jactantia
1486 436 1669 473 facilitateque
1685 439 1771 474 loqui-

986 485 1110 514 tare,ut
1144 481 1232 515 regias
1265 481 1381 517 ﬁgurant
1410 490 1554 517 personas;
1581 483 1652 512 hunc
1680 490 1770 513 autem

985 527 1130 561 quemdam
1170 534 1186 555 e
1218 527 1341 562 lupanari
1377 527 1503 556 fortassis
1533 535 1667 564 exortum,
1703 533 1771 560 bene

986 572 1117 600 scientem
1146 573 1173 600 in
1204 572 1263 601 foro
1294 574 1398 609 gari-ire
1417 574 1629 611 joculariterque
1655 579 1770 612 nugari.

987 616 1082 644 diserti
1112 624 1256 652 personam
1291 618 1399 654 Ulyssis
1420 627 1632 655 repraesentare;
1661 623 1771 658 Ajacem

986 669 1060 694 vero,
1071 663 1299 698 praeminentem,
1314 672 1449 700 magnum,
1471 671 1498 693 et
1523 667 1593 694 sicut
1610 668 1709 703 aliquis
1730 670 1773 697 (ιε.

987 708 1070 739 xerit.
1095 707 1251 742 ingentem,
1276 716 1336 736 esse
1353 710 1459 744 quidem
1484 711 1591 739 aliunde
1608 721 1720 748 parvum
1744 720 1772 742 ct

987 751 1113 784 debilem,
1137 754 1194 787 sed,
1218 753 1360 783 altissimis
1382 755 1535 791 ingressum
1559 759 1710 792 cothurnis,
1730 762 1772 788 vel

988 797 1056 825 alias
1077 798 1151 834 ligno
1166 799 1348 834 gradientem,
1371 801 1411 829 sic
1437 803 1552 830 exaltari
1578 811 1659 839 super
1683 806 1770 834 solum

988 843 1152 878 sublimem,
1176 850 1202 872 et
1229 845 1297 873 adeo
1320 846 1482 881 jac-latorem
1500 849 1678 881 obumbrare:
1707 854 1772 886 quid

149 899 219 927 τέως
249 896 315 923 διτα
342 896 495 931 ὑπεξῆρθαι
519 895 567 922 τοῦ
583 895 699 922 δαπέδου
726 896 876 930 μετέωρον,
887 896 934 921 καὶ

987 891 1052 925 ergo
1071 891 1134 918 talia
1152 893 1302 927 ntordentia
1320 900 1367 921 vos
1386 895 1567 923 contristant?
1583 895 1667 925 Porro
1685 907 1772 925 riuum:

149 942 221 969 οὕτω
235 943 360 974 σκιάζειν
385 943 430 968 τὸν
442 942 580 977 βουγὰῐον·
598 941 625 968 τί
637 941 702 976 γοῦν
719 942 791 976 ὑμᾶς
808 942 935 976 παραλυ-

150 989 198 1014 πεῖ
212 988 246 1014 τὰ
262 987 375 1014 τοιαῦτα
391 980 526 1014 δᾶκνοντα
539 996 546 1019 ;
561 985 600 1014 Ἦ
612 988 666 1023 γὰρ
679 987 710 1013 οὺ
730 987 850 1019 τοιοῦτος
868 988 933 1021 ἑγὼ,

149 1033 297 1068 διελέγχων
313 1033 521 1068 ἐρμηνευτικῶς
549 1031 620 1066 λόγῳ
643 1032 686 1059 διὰ
704 1032 831 1066 γνώσεως
856 1033 935 1068 ἀκρι-

149 1080 214 1111 ϐοῦς
231 1081 266 1107 τὰ
285 1081 313 1106 ὲν
332 1081 400 1115 ἡμῖν
415 1078 613 1114 σμικροπρεπῆ
628 1079 757 1114 σκηνικὰ,
774 1080 821 1105 καὶ
833 1079 936 1114 διαφω-

149 1126 232 1157 τίξων
245 1125 280 1152 τὰ
302 1125 480 1160 μεγαλοφανῆ
504 1125 554 1159 μὲν
570 1124 631 1151 κατ’
647 1125 720 1159 ὄψιν,
737 1126 808 1152 πάνυ
824 1125 852 1151 δὲ
873 1134 936 1160 σμι-

150 1171 316 1208 κροπρεπῶ;
333 1171 420 1202 ἄλλως
434 1171 607 1206 ἑςῳντα,”καὶ
623 1171 790 1206 διεκφαίνων
806 1171 855 1205 τὴν
871 1171 937 1198 ὑπό-

151 1227 255 1255 κρισιν,
271 1219 318 1246 καὶ
329 1218 379 1250 τὰς
394 1217 545 1251 φαντασίας
561 1216 708 1252 διαρθρῶν,
722 1217 760 1249 ὼς
775 1217 808 1244 ἂν
822 1218 937 1249 ἕκαστος

149 1265 218 1300 πρὸς
242 1264 372 1300 ἀλήθειαν
400 1262 592 1297 διεκφςιίνοιτο,
619 1263 666 1289 καὶ
682 1262 844 1296 γινώσκοιτο
869 1262 936 1297 πρὸς

149 1310 305 1346 ἀκρίὸειαν,
322 1309 369 1336 καὶ
386 1308 424 1343 μὴ
444 1308 536 1344 γελῴη
551 1308 613 1339 τοὺς
630 1307 790 1342 βλέποντας,
804 1308 840 1339 ὡς
857 1308 936 1341 ἄλλος

151 1357 199 1392 μὲν
215 1356 262 1388 ὢν,
280 1357 397 1390 ἑτεροῖος
409 1355 437 1381 δὲ
451 1356 506 1385 τοῖς
517 1354 620 1387 πολλοῖς
640 1354 843 1389 φανταζόμενος
857 1363 865 1387 ;

186 1401 234 1435 λζ’.
249 1400 287 1429 Ἦ
304 1402 359 1436 γὰρ
369 1401 430 1437 δίχα
454 1401 508 1428 τῶν
525 1400 612 1427 ἄλλων
643 1400 872 1434 σκηνοὸατήσεων
887 1401 937 1436 οὐχ

149 1450 173 1476 οἱ
187 1449 310 1479 πλείονες
324 1449 493 1482 προσωπείῳ
504 1446 597 1481 φιλίας
609 1446 738 1481 ἄχθονται
764 1447 813 1480 μὲν
833 1446 896 1479 ἔξω,
912 1447 939 1473 εῐ

151 1504 212 1522 τινα
225 1494 396 1528 λυπούμενον
411 1494 502 1525 ἴδοιεν,
518 1493 550 1519 τὰ
569 1493 591 1519 δ’
606 1492 682 1524 ἐντὸς
697 1493 836 1527 κροτοῦσι,
858 1501 937 1527 σκιρ-

150 1541 244 1574 τῶσιν,
273 1540 416 1576 ὀρχοῦνται
434 1540 481 1566 καὶ
494 1539 679 1575 προσποίητον
697 1539 771 1588 ἔλεον
789 1539 935 1588 παραυγα-
951 1557 974 1588 c

151 1586 243 1618 ζοντες
258 1585 422 1621 βαρύνονται
437 1586 484 1612 ἐπὶ
495 1586 551 1616 τοῖς
566 1585 596 1612 ὲν
610 1585 722 1618 λύπαις,
734 1585 783 1621 οὐχ
798 1585 839 1612 ὅτι
850 1586 939 1612 τοιοῦ-

150 1643 203 1664 τοι,
214 1634 271 1661 ἀλλ’
286 1634 328 1660 ὁτι
345 1633 431 1666 ζῶσιν
446 1633 497 1666 ἔτι,
522 1633 569 1659 καὶ
585 1634 636 1659 οὐκ
663 1632 850 1668 ἀπαγχονται;
876 1634 938 1661 Οὐκ

150 1679 338 1712 ἑκόανεῑζουσι
355 1679 405 1714 μὲν
421 1679 468 1705 ἐπὶ
479 1678 621 1713 ἀνεγέρσει
641 1678 789 1713 πτώματος
805 1680 853 1706 τοῦ
867 1679 938 1706 κατὰ

151 1727 300 1762 πτωχείαν,
317 1725 399 1752 τόκου
427 1725 455 1752 δὲ
469 1724 516 1751 τοῦ
536 1724 661 1751 ἐντεῦθεν
678 1724 747 1760 βαρὺ
765 1733 792 1751 τι
805 1726 938 1761 καταρρι-

150 1773 260 1805 πτοῦσι,
273 1770 374 1807 μικροῦ
386 1771 444 1797 δέον
457 1770 507 1797 καὶ
518 1771 559 1801 εις
572 1770 602 1796 τὸ
616 1769 688 1805 λιμῷ
700 1770 791 1797 θανεῖν
801 1772 934 1799 οἴκτιστα.

151 1820 207 1846 Καὶ
222 1819 293 1845 οὕτω
320 1818 442 1853 σχήματι
471 1816 547 1843 ἐλέου
571 1817 610 1847 εἰς
625 1816 740 1848 ἑαυτοὺς
754 1816 784 1843 τὸ
800 1818 936 1852 πτωχικὸν

150 1867 325 1900 ἐπαγόμενοι,
343 1863 389 1890 καὶ
416 1861 666 1898 περιπτυσσᾶμενοι
685 1862 723 1894 ὡς
749 1864 789 1895 εἰς
813 1864 934 1898 ἀγάπην,

150 1909 210 1938 εἶτα
225 1910 295 1937 κατὰ
306 1909 414 1944 ἀπάτην
430 1908 594 1944 σφάττουσιν
610 1908 741 1943 ἀνηλεῶς,
760 1908 791 1935 οὺ
812 1918 935 1944 προσκυ-

149 1956 259 1988 νοῦντες
274 1956 321 1982 καὶ
336 1954 510 1989 εὐλογοῦντες
534 1954 597 1986 τοὺς
621 1954 836 1989 ἐντυγχάνοντας
850 1964 856 1970 ·
876 1954 936 1983 εἶτα

151 2003 249 2038 μικρόν
259 2011 285 2028 τι
300 2001 495 2037 προσελθόντες
509 2001 557 2028 καὶ
570 2002 603 2028 ὲκ
620 2000 766 2035 προσώπου
781 2001 933 2037 γενόμενοι,

148 2048 183 2076 τὰ
205 2048 329 2084 χείριστα
352 2047 552 2082 κακολογοῦσι¹,
579 2047 763 2082 μορφάξοντες
785 2048 834 2082 μὲν
857 2048 934 2083 φίλον

147 2095 303 2130 ἄνθρωπον,
326 2095 383 2125 τοῖς
399 2093 427 2120 δὲ
454 2093 545 2129 ἔργοις
559 2093 735 2129 λυσσητῆρας
756 2094 841 2126 κύνας
866 2095 934 2122 ὑπο-

147 2142 312 2176 γράφοντες,
338 2139 371 2166 Τί
388 2139 425 2175 μὴ
449 2139 520 2173 λέγω
543 2139 574 2165 τὸ
589 2139 758 2174 βαρύτερον;
774 2140 811 2166 Οὐ
826 2141 933 2167 τιθέασι

146 2189 196 2219 τὰς
209 2187 336 2222 γλώσσας
347 2187 388 2218 εἰς
401 2186 526 2222 οὐρανὸν,
540 2186 606 2212 Θεὸν
617 2186 662 2212 τὸν
676 2186 802 2221 οὐράνιον
815 2187 933 2221 ἐπομνύ-

987 936 1050 963 talis
1067 944 1119 972 ego
1132 945 1204 970 sum,
1221 938 1447 972 interpretatione
1467 949 1514 976 per
1530 948 1685 971 accuratam
1702 947 1772 972 noti-

989 982 1052 1009 tiam
1068 983 1224 1018 dijudicans
1239 992 1269 1011 ea
1283 993 1343 1020 qua:
1363 987 1504 1014 nobiscum
1521 993 1586 1016 sunt
1601 991 1697 1024 pusilla
1713 998 1772 1020 scc-

988 1028 1059 1062 nica,
1074 1030 1250 1065 revelansque
1261 1031 1305 1059 illa
1319 1039 1377 1067 quae
1390 1040 1486 1068 magna
1499 1035 1607 1069 quidem
1620 1043 1685 1067 sunt
1699 1039 1770 1071 visu,

987 1075 1033 1102 sed
1049 1075 1158 1103 aliunde
1170 1078 1283 1111 parvula
1298 1078 1387 1111 valde,
1403 1079 1581 1110 manifestans
1594 1083 1770 1119 ltypocrisitn,

987 1125 1014 1148 et
1030 1122 1136 1156 species
1150 1123 1300 1158 explicans,
1313 1129 1341 1151 ut
1360 1127 1545 1162 unusquisque
1559 1131 1709 1158 secundum
1726 1140 1772 1159 ve-

988 1167 1095 1195 ritatem
1125 1174 1254 1203 appareat
1289 1171 1463 1206 perfecteque
1499 1180 1639 1210 noscatur,
1665 1182 1694 1206 et
1716 1187 1769 1206 nou

987 1214 1149 1248 aspicientes
1178 1216 1299 1249 irrideat,
1328 1218 1418 1252 quasi,
1448 1227 1509 1247 cum
1532 1221 1602 1250 alius
1633 1223 1678 1258 sit,
1701 1224 1771 1253 alius

989 1260 1154 1288 multitudini
1171 1268 1390 1297 repraesentetur.

1024 1395 1068 1422 37.
1091 1395 1219 1432 Nunquid
1236 1398 1310 1425 enim
1325 1405 1423 1434 praeter
1440 1401 1508 1428 alias
1531 1410 1627 1430 scenas
1645 1412 1697 1431 non
1713 1413 1771 1440 p.c-

989 1442 1066 1476 rique
1085 1444 1136 1471 sub
1150 1445 1275 1473 amicitiai
1288 1453 1402 1480 persona
1416 1449 1529 1476 moleste
1549 1449 1641 1477 ferunt
1663 1458 1772 1480 extror-

989 1495 1049 1515 sum
1067 1488 1187 1523 quidem,
1199 1490 1220 1518 si
1236 1493 1378 1526 quemdam
1397 1493 1503 1521 vidcaut
1520 1495 1657 1526 alllictum.
1675 1498 1771 1526 intror-

989 1543 1050 1563 sum
1074 1542 1163 1564 autem
1191 1539 1333 1573 plaudunt,
1365 1543 1522 1576 exsultant,
1554 1545 1714 1580 tripudiant,
1746 1553 1772 1576 et

993 1580 1082 1608 ﬁctam
1117 1583 1318 1612 miserationem
1345 1593 1588 1622 praemonstrantes
1626 1599 1771 1626 gravantur

992 1634 1073 1660 super
1088 1629 1129 1656 eis
1144 1630 1190 1663 qui
1215 1636 1342 1665 niterent,
1369 1640 1421 1660 non
1447 1635 1511 1669 quia
1537 1636 1605 1664 tales
1626 1643 1700 1670 sunt,
1726 1642 1772 1668 sed

991 1672 1054 1706 quia
1063 1673 1156 1700 vivunt
1163 1674 1282 1704 adhucet
1292 1684 1344 1704 tton
1353 1679 1575 1714 strangulantur?
1585 1680 1642 1709 Non
1652 1691 1772 1713 commo-

991 1721 1176 1756 dantquidem
1186 1723 1218 1749 ad
1229 1724 1401 1753 relevandum
1413 1727 1441 1755 in
1453 1735 1641 1764 paupertatem
1656 1732 1773 1769 lapsum|

991 1766 1038 1792 sed
1054 1765 1156 1794 tenoris
1171 1768 1235 1796 inde
1260 1769 1315 1797 nati
1332 1771 1438 1805 pondus
1457 1773 1482 1800 in
1497 1781 1558 1801 eum
1573 1765 1728 1812 projiciunt,
1745 1765 1771 1807 ul

990 1811 1063 1840 fame
1091 1813 1190 1842 misere
1214 1815 1355 1843 moriatur.
1375 1817 1408 1844 Et
1436 1818 1471 1845 ita
1506 1821 1556 1848 sub
1591 1811 1772 1854 miserationis

990 1858 1080 1892 specie
1097 1859 1130 1886 ad
1153 1867 1183 1887 se
1200 1861 1340 1889 trahentes
1356 1862 1428 1897 quod
1449 1870 1563 1898 egenum
1588 1874 1629 1894 εει
1653 1873 1680 1895 et
1695 1872 1771 1904 quasi

990 1905 1125 1932 charitate
1150 1908 1374 1941 complcctenles,
1395 1909 1493 1937 deinde
1519 1918 1567 1944 per
1585 1912 1771 1949 deceptionem

991 1951 1139 1979 crudeliter
1149 1952 1284 1988 jugulant,
1304 1961 1356 1982 non
1378 1955 1523 1984 adorantes
1539 1965 1589 1986 nec
1612 1959 1773 1990 benedicetr

990 2002 1031 2025 tes
1046 1999 1270 2033 occurrentibus;
1288 2005 1383 2036 postea
1397 2003 1534 2036 paululum
1550 2008 1685 2041 progressi
1699 2013 1726 2036 et
1737 2017 1769 2037 ex

990 2046 1048 2073 visu
1062 2046 1159 2081 elapsi,
1176 2046 1292 2081 pessime
1302 2048 1477 2082 maledicunt,
1493 2051 1652 2080 simulantes
1662 2055 1770 2088 quidem

988 2092 1261 2126 aniieutnhontinem,
1273 2093 1320 2121 sed
1336 2095 1467 2129 operibus
1481 2096 1540 2124 stris
1558 2098 1668 2127 rabidos
1688 2108 1771 2129 canes

989 2139 1177 2174 depingentes.
1192 2140 1261 2173 Quid
1277 2148 1329 2167 non
1345 2141 1455 2176 gravius
1469 2142 1552 2171 dico?
1566 2143 1660 2173 Nonne
1673 2147 1773 2174 tollunt

987 2185 1096 2219 linguas
1106 2185 1131 2211 in
1140 2184 1249 2218 malum,
1261 2185 1344 2213 Deum
1365 2187 1505 2215 caelestem
1517 2195 1713 2226 contestantes,
1727 2193 1776 2221 id-

148 2243 236 2269 μενοι,
251 2234 298 2260 καὶ
313 2233 378 2260 αὐτὸ
389 2233 439 2259 ούκ
453 2233 499 2259 ὲπὶ
519 2231 650 2266 ἀληθείας
669 2232 791 2265 ἐνδείξει,
811 2232 869 2259 ἀλλ’
887 2233 932 2260 ἐπὶ

987 2238 1039 2265 quc
1059 2239 1110 2258 non
1131 2232 1164 2258 ad
1185 2233 1306 2260 veritatis
1323 2233 1593 2269 demonstrationem,
1614 2240 1661 2265 sed
1672 2240 1704 2267 ad
1721 2241 1772 2268 alt-

147 2282 259 2318 κρύψει,
283 2277 322 2308 ὧν
348 2279 476 2315 πονηρῶς
497 2278 694 2314 βουλεύοντας
720 2279 865 2311 Τοιούτους
878 2280 933 2313 ἐγὼ

147 2329 248 2359 κακοὺς
265 2325 416 2362 ὑποκριτὰς
442 2325 618 2361 ἐξευρίσκων,
650 2325 698 2352 καὶ
715 2325 758 2352 ἐπ’
780 2325 933 2361 αὐτοφώρῳ

147 2375 267 2405 κλέπτας
285 2372 333 2399 τοῦ
363 2371 480 2406 ἀληθοῦς
509 2371 673 2406 ἐξελέγχων,
699 2372 745 2398 καὶ
761 2371 825 2398 ἄλλο
842 2371 934 2406 μέντοι

148 2420 329 2456 φαινομένους
341 2417 514 2450 ἀποδεικνὺς,
531 2417 655 2448 ἀλλοίους
671 2417 700 2444 δὲ
711 2417 745 2443 τὰ
765 2417 819 2444 ἔσω
834 2418 935 2445 διακει-

150 2468 260 2501 μένους,
275 2465 321 2491 και
337 2463 416 2491 τοῦτο
430 2463 481 2490 οὐκ
493 2462 621 2495 εἰσάπαξ,
643 2462 712 2490 ἀλλὰ
740 2464 788 2489 καὶ
813 2464 933 2499 σήμερον

147 2513 196 2539 καὶ
213 2511 307 2546 αὔριον
324 2510 371 2537 καὶ
388 2511 417 2542 ἐς
432 2509 483 2545 τὴν
508 2508 591 2542 ἀλλην
619 2508 666 2535 καὶ
685 2508 732 2535 ἐπὶ
747 2510 808 2539 ταῖς
822 2510 931 2545 ἑφεξῆς,

149 2559 249 2594 μικροῦ
266 2558 294 2585 δὲ
321 2557 452 2591 λείπομαι
481 2556 586 2586 εἰπεῖν,
614 2555 699 2587 ἐσαεὶ,
717 2556 762 2581 καὶ
777 2555 862 2586 οὓτως
878 2557 932 2583 αἰεὶ

147 2607 193 2632 καὶ
207 2605 288 2636 αὐτὸς
305 2603 475 2638 μεμνημένος
502 2601 549 2628 τοῦ
565 2602 667 2633 κακοὺς
681 2599 752 2628 εἷναί
763 2610 850 2634 τινας,
867 2612 932 2629 συν-

147 2652 257 2686 τίθεμαι
287 2649 459 2684 ἀφιλοσόφως
487 2649 525 2680 είς
549 2647 634 2674 τύπον
664 2649 842 2682 μνησίκακον.
877 2649 932 2676 Καὶ

147 2699 197 2725 οὐκ
217 2695 293 2724 εἷπον
319 2696 354 2723 τὰ
369 2695 523 2730 σοφώτερα,
551 2694 594 2729 ἐφ’
609 2691 648 2726 οἷς
666 2694 691 2720 οἱ
707 2694 799 2721 πολλοὶ
811 2694 928 2730 ἄροτρον

148 2745 197 2778 μὲν
208 2743 316 2777 ἀγαθῆς
329 2741 460 2776 ἐργασίας
477 2741 654 2776 χαρίζονται,
683 2741 877 2775 στρεόλοῦντες
902 2741 930 2768 δὲ

145 2790 221 2822 αὐτὸ,
236 2788 342 2823 φαύλας
361 2796 391 2813 τε
404 2786 744 2822 ἀνασχίζουσιν.αὕλακας,
761 2788 808 2814 καὶ
828 2788 931 2822 σπόρον

145 2838 194 2862 οὐκ
207 2834 401 2868 εὐλογούμενον
415 2832 641 2864 καταϐάλλοντες,
658 2833 691 2858 τὰ
709 2833 795 2858 πλείω
814 2832 863 2867 μὲν
880 2842 932 2859 πα-

147 2880 348 2912 ραθεωροῦνται
362 2879 407 2906 ὑπ’
421 2876 500 2914 ἐμοῦ,
514 2877 572 2904 ἐστι
588 2877 609 2904 δ’
622 2877 666 2903 ὅτε
679 2878 726 2904 καὶ
739 2876 930 2904 ἀναδιδάσκον-

986 2277 1141 2304 scondenda
1158 2285 1189 2305 ea
1203 2286 1263 2313 qua:
1288 2287 1414 2313 perverse
1428 2281 1610 2311 meditantur?
1625 2284 1703 2313 Tales
1720 2295 1771 2322 ego

986 2323 1072 2351 malos
1090 2324 1244 2358 hypocritas
1269 2326 1462 2359 adinveniens,
1486 2333 1513 2354 et
1537 2329 1563 2356 in
1583 2329 1710 2366 ﬂagranti
1737 2333 1771 2360 de

985 2369 1108 2396 veritatis
1126 2369 1197 2397 furto
1213 2371 1388 2404 convincens,
1409 2378 1437 2400 et
1453 2376 1599 2403 ostemlens
1616 2376 1696 2404 aliter
1711 2378 1771 2411 qui-

985 2415 1046 2442 dem
1069 2423 1174 2450 parerc,
1201 2416 1279 2444 aliter
1293 2422 1384 2444 autem
1412 2419 1485 2447 intus
1508 2421 1652 2455 exsistere,
1688 2423 1771 2459 ldque

985 2468 1038 2488 non
1062 2462 1159 2494 semel,
1185 2462 1231 2488 sed
1252 2463 1331 2490 hodie
1349 2469 1376 2490 et
1394 2472 1454 2491 cras
1469 2469 1495 2492 et
1511 2472 1616 2499 postera
1636 2469 1691 2502 die,
1712 2470 1770 2497 die-

985 2507 1091 2541 busque
1106 2509 1292 2542 sequentibus,
1305 2509 1361 2536 fere
1377 2510 1506 2545 dicerem,
1524 2519 1667 2548 perpetuo,
1686 2519 1712 2543 et
1730 2517 1770 2544 sic

985 2560 1092 2587 semper
1108 2554 1166 2585 ipse
1181 2555 1336 2582 menioi‘iter
1356 2549 1451 2583 tenens
1474 2557 1579 2592 aliquos
1592 2567 1652 2587 esse
1670 2561 1767 2592 malos.

985 2599 1180 2626 irrationaliter
1195 2601 1317 2627 ascribor
1339 2601 1364 2628 in
1389 2602 1498 2637 injuriae
1518 2606 1648 2634 memoris
1664 2611 1765 2642 typum.

983 2645 1077 2681 Neque
1086 2646 1139 2672 dixi
1148 2647 1323 2682 sapientiora,
1334 2649 1432 2683 quibus
1442 2651 1563 2686 plerique
1572 2653 1647 2680 bonae
1657 2654 1764 2688 quidem

983 2692 1155 2727 operationis
1170 2698 1262 2720 aratro
1284 2701 1393 2721 manum
1415 2696 1601 2731 admoventes,
1624 2700 1671 2726 sed
1693 2700 1764 2727 istud

984 2738 1191 2771 detorqucntes,
1221 2732 1318 2773 pravos
1344 2741 1479 2769 lttliltdunt
1504 2745 1604 2775 sulcos,
1622 2750 1649 2772 et
1673 2752 1766 2772 semen

984 2792 1035 2811 non
1045 2785 1395 2821 benetlicturnspergentes,
1417 2789 1575 2824 plerumque
1585 2790 1691 2825 quidem
1704 2799 1768 2817 ante

984 2831 1182 2866 despiciunt-ur,
1210 2832 1357 2867 aliquando
1382 2842 1445 2861 vero
1464 2836 1557 2869 gracili
1580 2843 1646 2863 voce
1674 2838 1769 2863 admo-

985 2884 1091 2910 nentur,
1106 2879 1172 2912 quid
1189 2885 1277 2914 agant.
1303 2879 1334 2908 Et
1345 2881 1438 2908 statim
1458 2889 1507 2915 ego
1521 2882 1622 2909 docens
1644 2890 1696 2909 non
1721 2890 1768 2910 so-
