1956 3086
207 160 264 194 443
562 159 773 192 ΕυδΤΑΤΗΙΙ
792 154 1012 187 TBESSALON

1068 148 1458 183 ENSISMETROPOLii‘E
1777 144 1833 174 Ut

210 222 254 245 tus
265 224 497 252 surpervacaneus
506 224 539 244 es
548 216 666 250 quodam
679 215 705 242 in
723 221 765 241 me
780 213 850 240 mala
864 211 989 239 molienti
1006 221 1012 239 Α

1068 219 1087 237 ;ν
1105 209 1222 243 ἀφελῶς,
1253 207 1269 241 ἢ
1297 206 1408 240 βλέμμα
1429 201 1642 239 περιεργασθὲν,
1661 201 1729 236 πρός
1756 209 1831 232 τινος

210 264 318 298 n'egotia
344 263 411 290 mihi
425 270 531 290 rursum
555 261 684 288 facessat.
707 261 743 288 De
767 259 808 286 his
833 263 993 297 autem‘non

1068 257 1098 284 ὒν
1114 256 1156 283 ἐπ’
1169 255 1231 289 ἐμοὶ
1245 252 1413 288 ῥᾳδιουργῶν
1433 249 1584 285 πράγματὰ
1598 257 1643 282 μοι
1655 247 1736 274 πάλιν
1754 255 1828 279 πιρ-

211 317 260 344 ego
274 317 333 337 sum
345 309 524 340 accusandus,
539 307 585 334 sed
600 314 657 336 vos.
671 314 719 341 per
731 312 800 340 quos
815 312 864 339 ego
880 311 940 332 sum
957 304 993 329 ita

1068 313 1107 336 μετ.
1123 303 1184 328 Ἐπὶ
1197 302 1224 328 δὲ
1232 300 1338 330 τούτοις
1347 299 1396 324 οὐκ
1408 297 1488 328 αὐτδς
1502 295 1651 326 αῑτιατέος,
1663 293 1720 320 ἀλλ’
1734 293 1828 325 ὑμεῖς,

1294 346 1310 347 η
1364 344 1374 347 μ
1466 344 1472 347 .
1499 343 1511 347 _
1540 342 1547 347 .
1557 342 1563 347 .
1637 341 1642 347 .
1662 339 1673 347 .
1777 346 1782 347 γ
1813 336 1827 347 ,

209 356 432 388 εἰι-ευιηερειιιιε,
457 359 484 380 et
510 353 632 381 timidus.
650 356 674 379 el
702 352 839 386 suspicax,
862 350 903 377 vel
931 350 992 376 ntali

1068 351 1074 360 ’
1089 349 1136 381 οὓς
1148 347 1203 382 ἐγὼ
1218 346 1334 381 εὐλαϐὴς
1348 344 1419 371 οὕτω
1431 344 1477 371 καὶ
1497 342 1585 373 δειλὸς
1601 339 1794 390 καὶ-ὕποπτος,
1813 336 1830 370 ἢ

209 401 391 435 suspiriosus,
409 404 535 434 tanquam
552 400 586 426 ab
609 398 769 425 ardentibus
784 397 848 424 solis
867 394 1004 431 irruptio-'

1068 394 1234 429 ιχυπόπτης,
1248 391 1460 423 δυσωπούμενος
1476 388 1542 414 ὡσεὶ
1557 387 1605 413 καὶ
1616 384 1692 420 ἡλίου
1705 390 1827 416 καυστη-

211 431 290 474 nibus
303 455 317 472 ιι
333 431 479 473 multorum
494 445 647 480 fulguribus
659 444 751 471 oculos
764 443 920 474 deﬂectens.

1068 441 1094 472 ὶς
1111 439 1228 474 ὲμὸολὰς
1240 438 1289 469 τὰς
1307 437 1340 463 ὲκ
1353 436 1408 462 τῶν
1421 433 1525 461 πολλῶν
1541 431 1696 480 ἀστραπαί.

244 493 290 518 Η.
329 492 413 519 Porro
437 491 498 518 dico
518 498 577 519 esse
604 490 668 517 mali
693 490 852 516 memoriam
872 488 996 522 impassi—

1081 485 1134 521 μβ¹.
1154 485 1214 511 Ἔτι
1240 482 1323 517 φημὶ,
1349 481 1387 512 ὡς
1404 480 1462 506 ἐστι
1479 480 1575 514 μνήμη
1602 474 1690 504 κακοῦ
1706 474 1832 510 ἀπαθὴς,

210 539 302 571 bilem,
316 538 452 572 vel,quod
476 538 547 564 idem
564 542 605 563 est
623 535 778 567 dicendum,
800 537 927 562 nimroris
949 541 996 561 ex-

1068 533 1143 560 ιὺτδν
1157 531 1179 559 δ’
1193 532 1291 562 εἰπεῖν,
1308 529 1424 559 ἄλυπος·
1442 528 1466 554 εί
1478 527 1507 553 δὲ
1523 526 1613 556 τοῦτο,
1632 523 1680 550 καὶ
1695 523 1832 552 ἀνοίκειος

210 591 313 621 penem
330 594 337 613 :
355 587 378 612 si
395 592 459 611 vero
473 585 524 611 hoc
537 589 589 615 est,
608 584 652 610 illa
663 590 770 618 quoque
784 582 846 609 mali
860 581 996 608 memoriae

1068 580 1087 614 ῷ
1116 579 1167 613 τῆς
1195 575 1379 612 μνησικακίας
1410 574 1492 607 λόγῳ,
1519 572 1616 605 εἰπερό
1654 572 1836 605 μνησικακῶν

212 633 310 659 rationi
327 637 456 658 estranea
471 635 523 662 est,
540 630 561 658 si
579 629 687 664 quidem
701 629 762 656 mali
774 635 877 655 memor
887 635 940 655 non
956 632 997 655 est

1068 627 1095 653 ix
1105 627 1178 652 ἐστιν
1191 624 1243 656 ἔξω
1256 623 1355 657 λύπης,
1372 621 1416 648 ὅτε
1427 619 1528 672 κακίας
1545 627 1586 650 τις
1598 617 1629 644 ἐκ
1641 625 1711 648 τινος
1725 616 1836 650 μέμνη-

211 684 288 706 utra
313 678 428 709 luctum,
443 685 504 704 cum
529 676 680 711 iniquitatis
697 683 728 703 ex
747 675 838 710 aliquo
863 675 997 702 meminit.

1068 681 1103 699 ιι.
1119 671 1151 698 Et
1167 671 1199 706 δή
1214 678 1255 701 τις
1267 669 1318 695 οὑκ
1334 666 1467 702 ἐμπαθῶς
1484 666 1652 700 μνημονεύει
1669 666 1836 694 κακώσεως,

213 727 297 751 Porro
324 724 347 750 si
364 723 426 758 quis
449 709 625 757 impassibilis
642 721 767 749 meminit
789 709 906 755 injuriae,
931 727 1001 755 quo—

1068 719 1111 751 πῶς
1121 718 1155 746 ἂν
1182 718 1225 752 εἵη
1248 715 1392 746 ότοιοῦτος
1419 713 1605 750 μνησίκακος;
1621 709 1703 737 ιυῖδα
1733 709 1839 758 sto-liti;

212 770 293 798 modo
306 755 457 796 talis-esset
469 755 531 795 ιιιαιὶ
544 767 666 795 memor?
682 767 779 794 Multas
794 774 843 801 ego
861 767 918 794 scio
936 765 999 793 mali

1068 765 1104 800 γὼ
1116 765 1227 800 μνήμας
1240 762 1336 795 κακοῦ,
1346 760 1390 794 αἶς
1403 763 1450 789 καὶ
1462 759 1549 795 γέλως
1564 759 1696 793 ὲφέπεται
1707 763 1713 772 ·
1724 756 1774 783 καὶ
1784 755 1838 782 οὐκ

214 816 370 847 memorias,
387 823 455 850 quas
480 815 563 842 ctiam
589 814 733 842 comitatur
756 814 851 841 risus:
878 818 906 840 et
931 813 999 839 tales

1070 822 1084 840 ν
1113 812 1174 839 οὐδὲ
1205 812 1233 838 αι
1261 809 1385 838 τοιαῦται
1411 809 1554 842 ἀνάγοιντο
1579 807 1620 837 είς
1656 804 1838 840 μνησίκακον,

214 869 324 898 quoque
341 869 394 889 noti
410 864 598 895 reputarentur
613 860 638 887 in
651 860 713 887 ntali
730 859 900 892 memoriam,
916 859 1000 886 veluti

1068 857 1095 885 ἴα
1106 858 1152 885 τὸν
1165 858 1303 892 πάσχοντα
1320 856 1496 891 ίλαρυνουσαι
1512 855 1559 880 καὶ
1582 852 1751 887 διαχέουσαι,
1768 850 1838 877 κάν-

215 909 260 942 qui
277 896 372 942 passim
392 910 435 933 est
455 906 567 933 hilarent
582 905 713 932 facientes
725 909 753 932 et
766 904 896 938 alacrem,
910 904 1001 940 ibique

1069 904 1139 932 αὖθι
1157 903 1238 940 μόνον
1253 903 1408 938 ὲστηκυίαι,
1419 902 1467 928 καὶ
1490 901 1542 928 οὐκ
1560 897 1781 927 ἀποτελευτῶσαι
1799 896 1840 926 είς

215 958 322 980 tantum
340 955 443 979 stantes
455 958 553 986 neque.
571 951 597 977 in
610 951 738 977 ultionem
748 950 913 978 desinentes.

252 999 298 1026 45.
312 998 439 1024 Adducor
454 997 537 1024 etiam
552 997 579 1024 in
594 997 745 1032 propositis
760 996 850 1024 fabula
869 997 917 1024 uti.
932 996 1002 1024 Can-

218 1053 264 1072 cer
278 1044 386 1078 oblique
402 1050 510 1078 semper
527 1050 633 1076 versus,
648 1043 727 1070 modo
740 1043 924 1074 dextrorsum.
942 1051 999 1070 mo-

1052 950 1167 986 ἄμυναν,

1090 1001 1147 1032 μγ’.
1160 998 1319 1032 Προάγομαι
1346 1001 1393 1022 και
1407 993 1483 1030 μύθῳ
1495 992 1568 1021 κατὰ
1580 992 1633 1020 τῶν
1650 988 1842 1026 προκειμένων

1053 1044 1221 1081 χρήσασθαι.
1239 1042 1378 1078 Καρκίνος
1392 1041 1512 1075 πλαγίαν
1526 1039 1571 1066 ἀεὶ
1585 1037 1764 1074 τρεπόμενος,
1787 1035 1839 1070 τήν

219 1092 254 1117 do
272 1091 471 1123 sinistrorsum,
489 1089 643 1123 progeniem
661 1094 737 1116 exse
752 1093 842 1116 natam
856 1088 951 1116 videns
965 1090 1005 1116 sic

1068 1100 1084 1118 ι
1101 1092 1130 1123 ξς
1143 1090 1217 1124 δεξιὰ
1229 1090 1276 1117 καὶ
1286 1089 1336 1124 την
1350 1089 1390 1120 είς
1402 1089 1433 1114 τὸ
1445 1087 1578 1123 ἔμπαλιν,
1593 1087 1641 1113 καὶ
1654 1085 1703 1120 τὴν
1714 1084 1743 1116 ea
1753 1082 1839 1110 αὑτοῦ

220 1137 356 1171 obliquam
370 1141 461 1163 tenere
472 1136 552 1166 viam.
566 1126 724 1163 t‘erribiliter
737 1135 833 1170 agebat
847 1135 991 1170 indignans

220 1183 331 1216 suisque
348 1181 419 1208 natis
436 1181 616 1215 exprobrans,
635 1180 708 1215 quod
720 1180 761 1208 sic
776 1179 887 1214 oblique
904 1180 994 1207 ferren

222 1233 267 1255 tur
287 1235 319 1255 ac
337 1235 473 1262 nunquam
489 1227 587 1254 scirent
600 1227 708 1254 obvium
727 1227 788 1254 iter.
810 1227 875 1259 Quze
895 1226 1005 1261 quidem

222 1273 313 1301 fabula
345 1273 427 1305 ridet,
457 1273 480 1299 si
499 1273 560 1307 quis
578 1273 646 1300 alios
660 1272 784 1300 hortatur
799 1275 832 1300 ad
848 1273 1008 1308 corrigenda

221 1327 266 1354 ea,
283 1320 309 1347 in
326 1320 426 1355 quibus
445 1319 503 1354 ipse
521 1326 630 1354 semper
661 1324 787 1354 pecvator
814 1323 866 1347 est.
893 1319 926 1346 Et
957 1319 1009 1346 iste

224 1366 296 1393 risus
310 1366 344 1402 ad
365 1369 457 1393 nostra
472 1365 600 1400 pertinet.
612 1365 797 1398 Quorumdam
811 1366 883 1392 enim
895 1365 1010 1400 injuria-

223 1419 286 1439 rum
312 1412 470 1439 memoriam
498 1416 643 1438 causantes
660 1411 687 1438 hi
713 1411 759 1446 qui
774 1418 824 1438 nos
842 1412 1008 1445 vituperant,

222 1463 252 1486 et
271 1459 322 1485 hoc
345 1464 454 1492 semper
468 1457 648 1489 disserentes,
663 1462 691 1484 et
706 1457 733 1484 in
755 1457 841 1492 ipsam
865 1457 928 1484 mali
951 1465 1009 1484 me-

225 1504 340 1531 moriam
356 1503 501 1530 manifeste
516 1503 646 1538 prolapsi,
671 1509 765 1538 postea
784 1503 862 1530 nobis
883 1504 944 1531 hoc
959 1511 1008 1530 au-

1056 1138 1138 1172 γονὴν
1152 1136 1224 1164 οὕτω
1239 1136 1423 1172 ραιϐουμένην
1446 1134 1553 1170 βλέπων
1583 1133 1617 1169 τὰ
1642 1133 1682 1164 είς
1711 1131 1841 1167 πορείαν,

1056 1183 1133 1211 δεινὰ
1146 1183 1231 1210 ὲποίει
1246 1182 1421 1216 ἀγανακτῶν,
1434 1181 1482 1208 καὶ
1496 1181 1553 1212 τοῖς
1570 1178 1694 1213 ἐκγόνοις
1705 1177 1843 1212 ἐπιτιμῶν

1057 1230 1188 1262 ινέκειτο,
1202 1230 1226 1256 εἰ
1239 1228 1310 1255 οὕτω
1326 1228 1434 1263 δόχμιοι
1449 1228 1589 1262 φέρονται,
1607 1225 1655 1252 καὶ
1670 1224 1703 1251 οὗ
1714 1232 1779 1251 ποτε
1793 1223 1845 1258 τὴν

1058 1277 1098 1307 είς
1119 1275 1151 1303 τό
1175 1274 1295 1310 πρόσθεν
1315 1274 1403 1301 οῐδασι
1426 1272 1530 1308 τρίϐον.
1561 1273 1609 1303 ’ος
1627 1271 1659 1306 δὴ
1672 1269 1755 1306 μῦθος
1767 1266 1847 1299 οὗτος

1058 1323 1136 1358 γελᾷ,
1151 1323 1175 1349 εί
1191 1321 1321 1356 παραινεῖ
1332 1329 1373 1352 τις
1390 1320 1506 1354 ἑτέροις,
1521 1317 1673 1353 κατορθοῦν
1683 1317 1788 1346 ἐκεῖνα.
1799 1314 1845 1350 ἐφ’

1059 1367 1100 1401 οἷς
1116 1368 1199 1399 αὐτὸς
1222 1367 1332 1402 ἀλιτρίας
1346 1366 1468 1393 ἐκϐαίνει
1482 1365 1533 1392 ἀεί.
1562 1364 1619 1392 Καὶ
1631 1365 1646 1391 ὁ
1667 1363 1754 1397 γέλως
1767 1359 1848 1393 οὗτος

1060 1415 1194 1442 διαϐαίνει
1223 1414 1252 1445 ἐς
1280 1413 1314 1439 τὰ
1330 1412 1392 1439 καθ’
1415 1412 1499 1447 ἡμᾶς.
1519 1410 1678 1437 Κακώσεων
1692 1409 1747 1444 γάρ
1763 1417 1847 1436 τινων

1062 1460 1255 1495 προϊσχόμενοι
1280 1459 1392 1494 μνήμην
1412 1458 1438 1484 οί
1449 1458 1498 1493 τῆς
1515 1457 1575 1484 καθ’
1592 1455 1671 1492 ἡμῶν
1684 1455 1760 1487 ὄντες
1777 1455 1847 1490 μέμ-

1061 1506 1144 1540 ψεως,
1161 1506 1210 1532 καὶ
1229 1505 1272 1533 ἀεὶ
1287 1504 1366 1531 τοῦτο
1392 1504 1549 1536 λαλοῦντες,
1566 1504 1613 1530 καὶ
1630 1502 1847 1537 κατακεχωσμέ-

222 1552 290 1579 deut
301 1551 430 1579 scribere.
446 1551 515 1584 Quid
536 1552 652 1579 blateras
666 1572 673 1584 ,
689 1553 768 1579 homo
784 1552 795 1579 τ
823 1551 966 1586 Vulneras,
981 1559 1008 1580 et

1068 1561 1099 1579 μοι
1131 1553 1160 1584 ὲς
1194 1552 1258 1578 αὐτὸ
1282 1551 1312 1578 τὸ
1326 1551 1507 1586 Εμνησίκακον
1538 1550 1705 1585 προφανῶς,
1729 1547 1790 1576 εἶτα
1815 1548 1850 1583 δὴ

223 1605 306 1625 cruor
321 1605 336 1624 e
350 1597 461 1624 vulnere
483 1597 602 1632 profluit,
618 1598 802 1632 profundaque
819 1599 895 1638 plaga
919 1600 1013 1627 subi-st.

225 1644 380 1675 vulnerato;
398 1647 424 1669 et
447 1643 491 1670 ille
507 1644 697 1682 tantummodo
710 1645 820 1676 clamat,
839 1648 935 1672 etnon
961 1645 1012 1672 mi-

226 1690 294 1716 raris
311 1689 384 1716 illum
404 1697 456 1723 qua
473 1694 563 1723 posset
588 1690 620 1716 ad
648 1689 792 1718 vindictam
817 1698 870 1718 non
908 1689 1014 1718 inﬂatu-

226 1735 305 1767 mati;
320 1735 367 1762 sed
392 1736 578 1769 conquereris.
597 1739 622 1762 et
648 1736 710 1762 ntali
746 1743 892 1763 memorem
920 1744 1012 1768 vocas,

226 1782 302 1815 quasi
328 1781 393 1809 velis
418 1788 533 1816 arguere
561 1787 695 1814 naturam,
711 1781 821 1816 sijuxta
836 1789 914 1809 suam
928 1782 1013 1817 legem

229 1832 320 1854 movet
333 1827 468 1854 dolentem
486 1827 518 1854 ad
535 1828 726 1862 plangendum;
740 1828 762 1854 si
780 1835 846 1855 vero
860 1827 922 1855 talis
950 1828 1011 1854 vul-

225 1879 291 1899 nere
322 1879 467 1906 percussus
492 1872 587 1899 exinde
607 1877 632 1900 te
649 1872 765 1900 declinet
778 1880 810 1900 ac
836 1869 931 1907 fugiat,
951 1873 1016 1908 quid

227 1917 255 1943 in
276 1917 327 1944 hoc
341 1916 523 1944 norum?Nec
537 1918 629 1945 asinus
642 1918 684 1945 bis
705 1918 730 1945 in
759 1918 828 1945 idem
857 1918 1015 1947 oﬂ'enderet.

226 1963 319 1991 Multis
342 1968 433 1990 autent
470 1963 611 1990 brulorum
643 1963 705 1990 aliis
734 1963 805 1990 istud
843 1965 1015 1998 proverbium

227 2009 368 2044 competit,
382 2008 595 2043 suspicantibus,
607 2016 638 2036 ac
647 2009 744 2038 deinde
755 2009 936 2037 devitantibus
948 2017 1017 2044 prte-

226 2056 327 2082 cedens
355 2054 467 2081 malum.
494 2054 634 2086 Quomodo
659 2054 740 2088 igitur
764 2054 855 2086 homo,
881 2055 1016 2082 rationem

230 2101 344 2132 habens,
356 2104 433 2126 extra
449 2099 514 2126 illud
527 2100 871 2134 versaretur,aliquomodo
889 2107 1015 2134 vexatus,

229 2150 256 2172 et.
276 2152 328 2172 non
344 2144 438 2174 semel.
451 2146 498 2171 sed
516 2144 666 2171 multoties.
678 2143 747 2171 Puto
757 2152 807 2180 ego
821 2145 892 2179 quod
908 2153 961 2173 non
973 2154 1018 2173 re-

1062 1598 1199 1633 τολμῶσιν
1213 1597 1278 1624 αὐτὸ
1289 1598 1453 1632 ἐπιγράφειν
1467 1598 1544 1632 ἡμῖν.
1564 1598 1596 1624 Τί
1619 1598 1719 1631 λαλεῖς,
1743 1599 1850 1634 ἀνθρω-

1062 1653 1096 1670 πε
1109 1652 1116 1675 ;
1134 1643 1350 1679 Τραυματίζεις,
1360 1638 1421 1670 Χκαὶ
1435 1644 1581 1679 καταρῥέει
1604 1642 1673 1680 αἷμα
1688 1644 1736 1672 τοῦ
1762 1646 1848 1681 τραύ-

1065 1698 1159 1725 ματος,
1176 1689 1259 1724 καὶή
1286 1688 1379 1724 πληγὴ
1408 1688 1503 1724 βαθεῖα
1534 1689 1573 1724 τῷ
1601 1690 1770 1722 πεπονθότι,
1800 1692 1849 1717 καὶ

1064 1735 1185 1769 κέκραγε
1204 1734 1284 1769 μόνον
1299 1734 1415 1765 ἐκεῖνος,
1432 1734 1478 1761 καὶ
1491 1733 1521 1760 οὐ
1549 1733 1712 1769 θαυμάζεις,
1737 1735 1780 1762 ὅτι
1811 1736 1851 1770 μὴ

1065 1779 1267 1814 ἀντιπέπληξαι
1290 1779 1359 1813 πρὸς
1379 1779 1497 1813 ἄμυναν,
1513 1779 1587 1811 ὅπως
1616 1780 1650 1806 ἂν
1671 1781 1719 1807 καὶ
1741 1780 1854 1808 δύναιτο

1066 1827 1189 1857 ἐκεῖνος·
1217 1825 1286 1852 ἀλλὰ
1315 1825 1504 1860 καταμέμφῃ,
1529 1825 1577 1852 καὶ
1605 1825 1775 1861 μνησίκακον
1788 1828 1853 1853 ἑπι-

1066 1871 1169 1903 καλεῖς,
1181 1867 1225 1897 οἷα
1239 1869 1288 1904 τὴν
1320 1869 1403 1904 φύσιν
1426 1870 1548 1905 ἐλέγχειν
1569 1870 1692 1909 ἐθέλων,
1719 1872 1745 1899 εί
1778 1873 1853 1899 κατὰ

1065 1917 1111 1943 τὸν
1123 1916 1208 1951 αὐτῆς
1222 1916 1304 1950 νόμον
1320 1916 1444 1943 ὑποκινεῖ
1453 1916 1499 1943 τὸν
1511 1916 1646 1951 ἀλγοῦντα
1658 1918 1853 1946 παθαίνεσθαι.

1067 1964 1098 1990 Εἰ
1113 1963 1141 1989 δὲ
1153 1963 1199 1989 καὶ
1211 1962 1328 1998 πληγεὶς
1342 1963 1383 1995 είς
1399 1962 1511 1998 τραῦμα
1530 1964 1544 1990 ὁ
1562 1963 1683 1995 τοιοῦτος
1698 1963 1855 1991 ὑποκλεπε-

1067 2009 1114 2036 ταί
1125 2017 1154 2035 σε
1169 2009 1209 2039 είς
1226 2008 1256 2034 τὺ
1271 2008 1382 2043 ἑφεξῆς,
1399 2009 1447 2034 καὶ
1462 2009 1636 2045 ἐκτρέπεται,
1656 2009 1683 2036 τί
1701 2009 1782 2037 τοῦτο
1795 2020 1857 2038 και-

1067 2055 1130 2086 νόνς
1161 2055 1218 2081 Οὐκ
1230 2054 1334 2081 ᾶνοίιδὶ
1347 2054 1407 2086 ovo:
1419 2054 1460 2086 είς
1483 2054 1514 2081 τὸ
1541 2055 1606 2082 αὐτὸ
1635 2055 1675 2088 δὶς
1696 2057 1854 2093 προσκόψῃ,

1070 2100 1179 2132 Πολλοῖς
1190 2101 1218 2127 δὲ
1234 2101 1280 2127 καὶ
1294 2100 1400 2136 ἑτέροις
1411 2100 1466 2126 τῶν
1481 2099 1587 2134 ἀλόγων
1602 2101 1616 2136 ἡ
1632 2101 1744 2137 τοιαύτη
1759 2111 1858 2138 παροι-

1072 2145 1121 2180 μία
1139 2144 1333 2180 ὲπιμερίζεται
1359 2145 1584 2181 φανταζομένοις,
1604 2147 1651 2174 καὶ
1665 2145 1737 2174 οὕτω
1751 2148 1856 2182 φυλατ-

231 2195 282 2218 etae
304 2190 417 2217 rationis
432 2193 514 2221 esset,
527 2190 666 2217 abundans
685 2190 710 2216 in
724 2191 817 2218 cadent
831 2190 966 2224 passione.
980 2192 1012 2219 int

1074 2193 1197 2227 τομένοις
1213 2192 1244 2218 τὸ
1257 2192 1362 2227 φθάσαν
1378 2192 1473 2219 κακόν.
1489 2191 1551 2224 Πῶς
1567 2192 1600 2219 ἂν
1612 2192 1659 2219 οὖν
1674 2193 1833 2228 ἄνθρωπος,
1844 2196 1858 2220 ὁ

231 2235 394 2269 sensilisque
421 2235 454 2262 ad
470 2242 549 2262 omne
568 2242 728 2269 permanens
748 2243 779 2263 ac
798 2244 906 2271 semper
928 2236 1013 2265 oifen-

231 2282 297 2309 dere
318 2285 440 2316 paratus.
469 2280 498 2308 Si
527 2286 616 2308 tamen
644 2281 708 2309 ntali
742 2289 823 2309 causa
849 2281 1016 2315 oﬂendiculi.

232 2332 330 2361 puteus
357 2331 402 2354 aut
418 2327 495 2362 lapis,
513 2327 663 2359 recederet,
687 2327 731 2354 hic
750 2328 859 2362 quidem
884 2328 911 2356 in
935 2329 1019 2356 semiv

233 2373 349 2402 uelatus
370 2378 529 2408 segregatur
545 2378 592 2400 aut
639 2373 705 2400 alias
725 2374 858 2407 sublatus,
880 2375 931 2402 iste
955 2383 1018 2403 vero

234 2420 350 2454 repletus
382 2424 408 2447 et
431 2420 583 2447 cumulatus
606 2425 633 2448 et
658 2421 694 2448 ita
729 2422 926 2456 complanatus,
961 2427 1017 2449 tum

234 2473 300 2492 sane
315 2473 365 2492 nec
382 2465 438 2499 jam
456 2466 547 2498 homo,
563 2473 612 2493 nec
628 2466 701 2493 aliud
715 2466 815 2493 animal
833 2467 1018 2502 prolapsionis

234 2510 323 2538 locum
348 2511 563 2546 pertimesceret,
580 2511 626 2539 sed
643 2512 732 2539 itineri
751 2513 871 2548 seipsum
890 2521 951 2541 cum
967 2520 1010 2541 se-

233 2557 352 2584 curitate
370 2558 564 2585 rommitteret.

1069 2239 1123 2266 ἔσω
1135 2239 1226 2272 λόγου,
1237 2238 1288 2271 ἔξω
1296 2238 1398 2273 ταύτης
1408 2239 1544 2272 πεσεῖται,
1559 2239 1758 2275 κακοποιηθεὶς
1769 2240 1859 2267 όπωσ⁴

1070 2284 1128 2316 οὖν,
1139 2285 1189 2311 καὶ
1208 2283 1269 2310 οὐδὲ
1285 2284 1414 2317 είσάπαξ,
1437 2283 1494 2311 ἀλλ’
1511 2285 1558 2312 ἐπὶ
1575 2284 1688 2317 πλεῖον;
1715 2283 1802 2320 Οἶμαί
1817 2294 1860 2320 γε,

1070 2329 1107 2360 ὠς
1121 2330 1170 2356 οὐκ
1183 2329 1216 2356 ἂν
1230 2330 1332 2361 ἐκεῖνος
1348 2329 1431 2365 ὀρθοῦ
1447 2329 1537 2365 ἔχοιτο
1552 2330 1645 2363 λόγου,
1662 2330 1822 2363 πλεονάζων
1834 2334 1862 2359 ὲν

1072 2376 1109 2410 τῷ
1123 2375 1222 2410 ὁμοίως
1236 2376 1363 2411 πάσχειν,
1376 2377 1423 2402 καὶ
1438 2376 1528 2411 μένων
1544 2377 1572 2408 ἐς
1586 2376 1616 2402 τὸ
1627 2377 1682 2403 πᾶν
1694 2378 1861 2412 ἀνάλγητος,

1072 2421 1120 2448 καὶ
1135 2421 1318 2455 προσκόπτειν
1336 2421 1414 2447 ἐσαεὶ
1427 2421 1602 2456 ἀνεχόμενος.
1618 2421 1650 2448 El
1667 2422 1761 2455 μέντοι
1775 2423 1862 2450 τὸτοῦ

1072 2467 1160 2494 κακοῦ
1173 2467 1390 2503 προσκόμματος
1402 2468 1489 2493 αίειον
1506 2469 1519 2493 ό
1533 2467 1628 2503 βόθρος
1639 2468 1722 2503 τυχὸν
1734 2469 1751 2502 ἢ
1763 2469 1778 2495 ὁ
1791 2469 1863 2498 λίθος

1072 2511 1196 2545 ἁπέλθοι,
1210 2512 1224 2538 ό
1237 2512 1287 2546 μὲν
1302 2513 1342 2543 είς
1355 2512 1470 2545 πλάγιον
1486 2511 1537 2546 τῆς
1552 2512 1646 2547 τρίϐου
1659 2512 1861 2548 ἀφορισθεὶς,ἦ

1071 2559 1118 2585 καὶ
1134 2558 1222 2590 ἄλλως
1249 2567 1300 2585 που
1325 2559 1430 2594 ἀρθεὶς,
1456 2559 1469 2585 ό
1482 2558 1504 2584 δ’
1519 2559 1660 2591 ἀνάπλεως
1677 2560 1803 2593 γεγονὼς
1819 2562 1861 2589 καὶ

236 2604 335 2638 μεστὸς
357 2605 403 2631 καὶ
431 2604 503 2631 οὕτω
530 2606 636 2638 ναστὸς,
656 2606 717 2632 τότε
740 2606 772 2642 δὴ
789 2607 839 2634 οὐκ
865 2606 898 2633 ἂν
911 2608 949 2634 ἔτι
964 2606 1020 2634 οὔτ’
1040 2607 1195 2642 ἄνθρωπος,
1220 2606 1282 2634 οὔτε
1307 2607 1360 2642 μὴν
1374 2607 1444 2639 ζῶον
1462 2607 1567 2635 ἀλλοῖον
1600 2608 1788 2636 ὺποκλέποιτο
1820 2610 1859 2638 τὸν

237 2651 281 2678 toﬁ
294 2653 508 2688 προσκόμματος
521 2654 614 2688 τόπον,
631 2654 690 2681 ἀλλ’
704 2654 806 2681 ὲκδοῐεν
819 2655 853 2681 ἂν
872 2656 957 2683 ἑαυτὰ
982 2657 1015 2691 τῇ
1035 2655 1088 2691 ὁδῷ
1101 2656 1141 2687 είς
1155 2655 1301 2690 διατριϐὴν
1321 2656 1351 2682 οὑ
1368 2656 1557 2691 καχύποπτον.

270 2700 317 2727 ιι.
337 2701 402 2728 Date
419 2701 485 2728 mihi
505 2709 569 2737 ergo
600 2707 628 2730 et
644 2710 692 2730 vos
709 2702 816 2729 facilem
833 2704 866 2730 ad
882 2704 1023 2731 ambulan-

237 2749 302 2774 dum
321 2747 428 2781 locum;
451 2753 588 2775 removete
611 2748 734 2782 laqueos.
765 2749 885 2776 extollite
915 2750 1026 2777 ollendi-

238 2794 297 2821 cuia
310 2814 317 2827 ,
333 2793 426 2822 foveas
439 2795 578 2829 explentes
601 2794 704 2822 reddite
717 2794 834 2828 solidas;
845 2799 872 2822 et
883 2795 922 2822 sic
931 2802 978 2822 vos
993 2803 1025 2822 ex

237 2839 291 2866 Deo
307 2839 438 2874 judicium
457 2839 574 2872 deseret,
589 2845 616 2866 et
637 2847 680 2867 me
697 2840 776 2866 timor
807 2848 839 2867 ac
871 2845 960 2867 metus
992 2842 1024 2868 de

237 2888 307 2913 slaxu
333 2885 446 2914 itineris.
465 2885 545 2914 Novit
573 2884 653 2919 Deus,
669 2885 713 2921 qui
737 2891 835 2914 cuncta
861 2887 1019 2922 peruoscit,

1114 2703 1165 2738 με’.
1179 2703 1242 2730 Δότε
1259 2703 1291 2739 δὴ
1306 2703 1352 2731 οὖν
1369 2713 1414 2739 μοι
1427 2705 1475 2731 καὶ
1491 2705 1571 2739 ὑμεῖς
1586 2704 1743 2739 περίπατον
1757 2706 1859 2735 εὔοδον.

1079 2749 1223 2781 ὑπεξέλετε
1250 2750 1284 2776 τὰ
1306 2750 1501 2784 παγιδώματα,
1524 2750 1641 2786 σχάσατε
1658 2751 1692 2777 τὰ
1715 2753 1860 2783 σκάνδαλα,

1083 2795 1251 2831 στερεώσατε
1266 2795 1492 2831 ἀναπληροῦντες
1504 2797 1538 2823 τὰ
1555 2796 1791 2832 ὑποσοθρεύματα
1805 2797 1862 2826 ’καὶ

1078 2840 1166 2873 οὕτως
1190 2841 1262 2876 ὑμᾶς
1275 2850 1304 2868 τε
1315 2842 1345 2868 τὺ
1362 2842 1394 2868 ὲκ
1409 2842 1477 2869 Θεοῦ
1492 2843 1578 2878 κρῖμα
1593 2842 1742 2877 ἐπιλείψει,
1761 2845 1810 2871 καὶ
1822 2844 1863 2878 ἐμὲ

1078 2887 1106 2914 τὸ
1130 2887 1245 2914 δεδιέναι
1266 2887 1312 2914 καὶ
1345 2888 1497 2922 ὑφορᾶσθαι
1528 2889 1561 2915 τὰ
1582 2888 1633 2924 τῆς
1657 2888 1733 2916 ὁδοῦ.
1769 2888 1864 2918 Οἶδεν)
