1956 3086
124 153 174 184 445

621 156 772 189 CONTRA
794 160 1040 193 INJURIARUM
1056 162 1277 195 MEMORIAM.

1699 165 1754 198 4L6

123 212 197 245 Θιδς,
217 214 231 241 ό
241 214 277 242 τὰ
292 215 383 244 πάντα
398 216 638 254 έξακριόούμενος,
653 221 739 248 οἴδασι
757 221 785 248 δὲ
801 221 849 248 καὶ
876 222 900 248 οἱ

964 225 1141 256 toveruntque
1179 221 1212 249 de
1228 224 1308 250 rebus
1341 224 1442 252 nostris
1467 223 1576 257 imbuti,
1592 225 1665 259 quod
1696 226 1755 252 nui-

124 259 176 285 τῶν
203 260 265 286 καθ’
290 262 366 296 ἡμᾶς
384 263 577 299 ἐπιστήμονες,
603 266 640 298 ὡς
670 267 746 294 οὐδὲν
773 268 802 301 ἐξ
827 269 907 303 ἡμῶν

125 307 241 334 εἰσπαίει
256 309 342 336 κακὸν
352 310 392 342 είς
407 311 512 339 οὖδένα.
528 313 584 339 Οὐκ
599 313 632 340 ἂν
643 314 672 340 δὲ
694 312 771 349 οἶμαι
799 315 859 342 οὐδὲ
884 316 909 342 cl

125 354 317 388 καταλέγοντες
330 357 408 391 ἡμῶν
425 357 511 392 ἔχοιεν
525 358 557 385 ἂν
569 361 744 394 προενεγκεῖν
758 370 784 387 τι
793 363 909 396 πρᾶγμα

86 414 96 417 -
125 400 163 430 εἰς
179 400 300 435 ἔλεγχον.
318 403 347 428 Εἰ
364 402 393 428 δὲ
410 403 456 430 καὶ
469 403 560 431 θετέον
577 406 625 432 ἐπὶ
642 408 836 441 προῦπάρξασι
862 408 907 434 θε-

129 447 228 481 μελίοις
240 449 295 479 τοῖς
311 448 340 482 ἐξ
361 450 450 485 ἡμῶν,
464 452 562 486 δροφον
578 453 655 479 αὐτοὶ
668 455 817 486 κακώσεως
833 455 908 482 ἕθεν·

125 501 154 519 το
182 497 363 528 μνησικακίας
394 497 498 529 οἰκείας
535 498 663 532 λόγῳ.Τὶ
681 499 713 534 δὴ
736 500 910 535 ὰφιλοσόφως

126 538 264 564 αἰτιῶνται
279 539 335 572 νῦν,
359 543 537 576 μνησικακεῖν
548 543 630 576 ἡμᾶς,
652 545 853 579 μεμνημένους.
867 545 908 572 ὅτι

128 584 306 617 μνησικάκοις
335 586 489 620 ἀνθρώποις
515 590 714 622 περιπεπτώκα
732 599 798 624 μεν,
814 591 843 618 τὸ
870 593 910 618 ol-

126 630 195 654 κεῖον
214 630 298 656 κακὸν
315 631 391 657 αὐτοὶ
403 632 566 664 έπικλῶντες
581 634 647 669 ἡμῖν
660 643 668 668 ;

161 673 212 706 με’.
230 675 289 701 Ἔτι
308 676 495 711 ἀποφαίνομαι
515 677 597 705 ¹ῑιάλιν
629 680 752 716 θιιρῤῶν,
773 681 804 708 οὐ
821 682 907 710 ταύτὰ

125 718 194 744 νοεῖν
214 719 324 754 μνήμην
347 721 432 748 κακοῦ
454 723 501 749 καὶ
523 726 713 760 μνησικακεῖν,
735 726 795 753 ἀλλ’
819 727 908 755 ἐκεῖνο

127 763 175 796 μὲν
197 763 302 797 φύσεως
314 765 414 801 ἀρετὴν
431 766 501 795 εἶναι
515 769 562 796 καὶ
587 771 755 806 τελειότητα,
788 781 908 808 περισω-

126 807 224 844 ζούσης
239 812 271 845 τῇ
283 811 357 846 ψυχῇ
370 812 401 839 τὸ
412 812 467 840 τῶν
482 815 667 850 παθημάτων,
678 818 728 844 εἰτ’
742 815 788 844 οὖν
804 807 908 853 νοημά-

125 863 177 880 των
195 856 320 890 μόνιμον,
332 857 393 884 ὅθεν
407 859 454 886 καὶ
471 861 503 894 τῇ
518 861 570 895 μνή
577 870 613 897 μη
629 862 660 888 τὸ
667 863 716 897 τῆς
730 863 830 896 λέξεως
844 864 905 891 Eru-

962 266 1016 293 lum
1033 274 1067 294 ex
1084 267 1161 294 nobis
1177 267 1276 294 malum
1289 269 1316 296 in
1331 277 1494 304 quemquam
1512 270 1685 298 redundavit.
1698 269 1755 298 Nec

961 315 1066 344 autem,
1093 318 1168 347 puto,
1187 319 1281 341 contra
1300 323 1348 341 nos
1372 315 1568 343 maledicentes
1583 315 1692 351 aliquod
1717 317 1757 343 fa—

963 363 1038 385 ctum
1058 359 1082 385 in
1099 364 1288 394 argumentum
1299 361 1417 396 allegare
1430 367 1557 396 possent;
1569 363 1590 389 si
1609 369 1673 389 vero
1688 370 1755 397 quo-

961 409 1014 437 que
1035 411 1116 438 super
1131 405 1304 432 fundamenta
1321 413 1335 432 a
1354 407 1431 433 nobis
1453 407 1596 441 praeposita
1619 407 1755 434 aediﬁcan-

961 449 1035 482 dum,
1052 450 1159 478 culmen
1176 451 1225 485 ipsi
1247 451 1357 479 malitiae
1387 457 1542 487 posuerunt
1559 453 1676 487 propria:
1693 453 1754 480 mali

961 496 1097 522 memoriae
1110 496 1225 524 ratione.
1248 496 1318 530 Quid
1334 505 1398 532 ergo
1414 506 1467 525 non
1481 498 1668 533 philosophice
1684 507 1754 526 nunc

959 547 1110 568 causantur
1150 550 1198 569 nos
1233 550 1292 569 esse
1325 544 1387 570 mali
1408 552 1551 575 memores.
1580 553 1640 571 cum
1666 553 1757 572 recor-

959 585 1065 617 damur,
1083 587 1154 621 quod
1186 587 1338 614 hominibus
1362 589 1426 615 mali
1444 579 1610 616 memorihus
1632 590 1756 617 incideri-

960 639 1029 664 musl
1047 633 1182 667 proprium
1199 634 1296 661 malmn
1314 634 1364 668 ipsi
1378 635 1455 662 nobis
1475 637 1651 669 imputantcs.

995 678 1040 705 45.
1057 678 1097 705 Ad
1119 679 1176 705 luec
1191 687 1300 706 rursum
1315 680 1422 714 explico
1434 681 1573 707 conﬁdens
1587 688 1640 707 non
1662 681 1755 708 eadem

958 723 1110 758 signiﬁcare
1125 724 1187 751 mali
1204 725 1429 756 recordationem.
1454 730 1482 753 et
1497 727 1559 753 mali
1575 727 1754 760 memoriam;

959 770 1006 795 sed
1035 769 1108 797 illam
1125 771 1234 804 quidem
1253 778 1315 798 esse
1333 775 1437 798 natura:
1462 771 1590 799 virtutem
1617 777 1643 799 et
1668 772 1756 807 perie-

958 815 1091 847 ctionem,
1110 817 1298 845 conservantis
1313 817 1340 844 in
1350 818 1440 844 anima
1453 818 1525 852 quod
1537 818 1570 845 de
1584 818 1755 852 passionibus

958 861 1000 887 vel
1014 862 1222 895 cogitationibus
1249 868 1381 893 moratur,
1421 864 1490 890 unde
1528 863 1601 890 venit
1617 864 1755 890 tnemorite

128 909 186 934 μον.
201 901 236 927 ΤΡ,
253 901 280 928 δέ
306 911 337 936 γε
370 908 550 938 μνησικακεῖν
571 906 660 942 ψυχῆς
683 909 840 945 φαυλότητα
870 912 910 938 τί-

964 907 1039 934 vocis
1064 912 1185 942 etytnou;
1218 908 1282 934 mali
1310 908 1468 936 meminisse
1494 915 1558 935 vero
1590 909 1750 943 pravitatem

127 946 207 980 Θεμαι
236 949 357 983 μαχίμου
381 950 430 976 καὶ
454 951 662 988 ὀλοθρευτικῆς.
684 955 739 981 Καὶ
755 956 846 982 τοίνυν
862 957 910 991 μέ-

129 1001 228 1027 μνηται
241 994 390 1026 κακωθεὶς,
409 996 423 1022 ὅ
437 996 464 1022 τί
480 1004 533 1032 περ
558 994 628 1029 οἴδα,
648 999 696 1025 καὶ
718 999 910 1036 εὐεργετηθείς

127 1047 203 1066 ποτε.
221 1040 408 1074 Μνησικακεῖν
437 1042 465 1069 δὲ
495 1042 557 1070 οὔτε
591 1041 652 1071 οἶδα
675 1045 705 1072 ὃν
735 1047 818 1082 ἔργον
830 1047 907 1083 ἐμὸν,

125 1085 184 1112 οὐδὲ
200 1086 253 1122 μὴν
269 1087 365 1121 ἐθέλω,
375 1088 502 1124 καθάπερ
518 1090 578 1118 οὐδὲ
595 1093 758 1126 φιλονεικεῖν
778 1093 908 1128 μάχιμον,

126 1131 170 1158 οἵα
184 1133 230 1160 καὶ
247 1133 383 1166 συνειδὼς,
401 1136 470 1170 ποίῳ
487 1136 641 1173 διδασκάλῳ
665 1139 800 1174 μαθητὴς,
822 1141 846 1166 εί
863 1141 910 1167 καὶ

125 1179 454 1216 άιρυὴς,ὲπιγέγριιμμαι.
471 1183 512 1209 ὅτι
525 1183 626 1218 δηλαδὴ
649 1185 687 1219 τῷ
703 1185 835 1220 εἰρηνικῷ
864 1186 911 1213 καὶ

126 1225 206 1259 πράῳ
218 1226 263 1252 καὶ
276 1226 475 1262 καθηγουμένῳ
492 1229 546 1255 τῶν
559 1230 728 1263 βουλομένων
746 1232 786 1262 εἰς
801 1233 832 1259 τὸ
851 1232 911 1267 φιλ-

126 1270 280 1305 άνθρωπον.
293 1271 323 1298 El
337 1271 364 1297 δέ
380 1281 421 1301 τις
435 1273 588 1308 ἑτεροιότης
601 1274 629 1300 έν
645 1275 706 1307 ἐμοὶ
722 1274 832 1309 ἀγάπης
843 1276 910 1310 πρὸς

125 1315 199 1342 τόνδε
213 1316 288 1342 τοῦδέ
306 1325 388 1348 τινος,
407 1318 454 1344 καὶ
481 1318 576 1352 ἐτέρου
590 1318 657 1354 πρὸς
675 1319 826 1351 ἄλλον,“καὶ
844 1321 909 1347 πολε

124 1361 179 1388 λῶν
202 1363 269 1396 πρὸς
285 1363 408 1394 πολλοὺς,
428 1363 525 1391 οὔκουν
540 1365 614 1391 ἐστιν
626 1385 633 1397 ,
657 1365 706 1392 οὐκ
728 1366 803 1393 ἔστιν
822 1367 909 1399 ἄλλως

126 1408 256 1445 εὑρέσθαι
272 1409 337 1445 παρ’
353 1410 407 1436 οὐδ’
424 1410 537 1445 ᾠτινοῦν
549 1411 609 1446 ἔχον
624 1411 655 1438 τὸ
667 1413 794 1447 πρᾶγμα.

129 1509 136 1514 -
163 1504 222 1536 με’.
237 1500 370 1527 Κοινωνοῦ
376 1509 425 1536 μεν
434 1501 561 1536 ἀλλήλοις
575 1501 715 1537 ἄνθρωποι
732 1503 842 1530 πάντων
856 1505 910 1531 τῶν

127 1548 165 1578 είς
182 1548 280 1583 χρῆσιν
297 1547 365 1582 βίον,
382 1547 430 1574 καὶ
443 1548 518 1583 ὅμως
531 1549 561 1575 οὐ
578 1549 623 1575 τὸν
637 1549 719 1576 αὑτὸν
736 1551 837 1586 τρόπον
866 1551 909 1586 ἐφ’

960 953 1057 980 animae
1066 953 1195 988 pugnacis
1203 958 1229 980 et
1241 953 1388 981 mortiferae
1398 954 1529 981 arbitror.
1540 953 1661 981 Meminit
1671 955 1754 989 igitur

959 999 1003 1032 qui
1023 999 1120 1026 malum
1143 1006 1238 1033 passus
1252 1005 1305 1032 est,
1322 1000 1393 1034 quod
1423 1000 1549 1034 equidem
1571 1000 1646 1032 novi,
1666 1005 1693 1028 et
1707 1001 1753 1035 qui

959 1045 1106 1079 aliquando
1127 1045 1285 1073 beneﬁcium
1314 1047 1424 1081 recepit.
1439 1046 1500 1074 Mali
1515 1047 1667 1074 mentinisle
1684 1054 1748 1074 vero

960 1094 1087 1126 tanquam
1099 1099 1166 1125 opus
1177 1099 1265 1119 meum
1282 1099 1330 1119 ucc
1345 1099 1471 1127 agnosco,
1482 1099 1532 1119 nec
1544 1093 1614 1124 volo.
1624 1093 1694 1120 sicut
1704 1100 1754 1120 nec

959 1138 1080 1164 aemulari
1098 1145 1258 1172 pugnacem,
1276 1143 1368 1172 utpote
1388 1139 1435 1173 qui
1456 1139 1522 1165 mihi
1537 1139 1663 1166 conscius
1679 1146 1753 1171 sum,

959 1183 1031 1218 quali
1050 1184 1179 1218 magistro
1193 1184 1350 1218 discipulus,
1366 1184 1428 1211 licet
1467 1184 1583 1218 ineptus.
1621 1185 1755 1218 ascriptus

959 1228 1023 1261 sim,
1055 1229 1166 1262 paciﬁco
1203 1230 1306 1256 scilicet
1331 1234 1358 1256 et
1383 1229 1451 1261 miti,
1468 1229 1754 1262 prtl‘tnouslratorique

961 1275 1156 1302 desideriorum
1167 1276 1199 1302 ad
1215 1276 1409 1302 humanitatem
1423 1275 1634 1309 respicientium.
1645 1275 1673 1302 Si
1683 1276 1755 1310 quod

961 1325 1055 1346 autem
1072 1319 1099 1347 in
1118 1327 1160 1347 me
1185 1320 1331 1348 discrimcn
1354 1321 1507 1348 dilectionis
1534 1321 1603 1348 inter
1628 1321 1701 1348 hunc
1721 1326 1750 1348 et

960 1365 1053 1400 istum,
1069 1366 1139 1394 inter
1154 1367 1236 1394 alium
1251 1372 1277 1394 et
1290 1367 1343 1393 aliti
1356 1376 1382 1398 ιι,
1398 1366 1468 1393 inter
1481 1366 1581 1393 multos
1597 1371 1623 1393 et
1637 1360 1747 1399 multos,

961 1420 1014 1440 non
1038 1418 1076 1440 est
1092 1413 1170 1440 aliter
1191 1418 1277 1444 certe,
1288 1420 1341 1439 non
1358 1412 1415 1439 ﬁeri
1432 1417 1519 1446 potest
1531 1416 1559 1439 ut
1574 1411 1646 1447 apud
1660 1420 1754 1446 quem-

961 1466 1102 1494 quam,res
1116 1460 1282 1486 inveniatur.

998 1502 1042 1529 46.
1060 1502 1298 1530 Communicamus
1329 1503 1443 1530 invicem
1471 1503 1595 1530 homines
1629 1511 1758 1538 quaecun-

963 1556 1016 1584 que
1031 1554 1095 1576 sunt
1109 1549 1141 1575 ad
1161 1557 1238 1576 usum
1262 1550 1335 1582 vitm,
1354 1557 1404 1576 nec
1431 1554 1520 1576 tamen
1547 1551 1580 1576 ad
1595 1557 1689 1577 omnes
1710 1558 1756 1577 eo-

126 1581 250 1623 ἆπασιν·
282 1581 350 1621 ἀλλὰ
379 1594 446 1629 ξένῳ
460 1581 465 1583 1
479 1594 529 1629 μὲν
551 1595 663 1630 ἀρκέσει
691 1581 759 1623 ὁδοῦ¹
776 1581 910 1633 ὀρθότητα

964 1595 1021 1623 dem
1040 1595 1269 1622 mo.lo.Extraneo
1281 1595 1389 1630 quidem
1403 1601 1505 1622 rootum
1518 1596 1570 1623 iter
1580 1597 1754 1631 interroganti

127 1642 274 1676 πυθομένῳ
298 1640 492 1674 καθυποδεῖξαι
508 1641 643 1676 δακτύλῳ,
671 1643 785 1678 γνωστῷ
811 1644 838 1670 δέ
858 1653 910 1671 τινι

126 1687 343 1723 προσεπιοήτειν
360 1687 413 1722 χρὴ
430 1687 476 1713 καὶ
496 1686 592 1714 λαλιὰν
609 1688 715 1722 ἱλαρὰν,
734 1689 782 1715 καί
807 1697 834 1715 τι
862 1689 909 1716 καὶ

125 1733 243 1768 προόδου
258 1732 486 1767 φιλο-τιμήσεσθαι
497 1753 504 1765 ,
521 1733 568 1759 καὶ
583 1733 686 1768 τρύφος
697 1733 726 1760 δὲ
741 1734 824 1769 ἄρτου
841 1735 910 1761 ἀπο-

126 1779 264 1813 ταμέσθαι
280 1780 328 1805 καὶ
347 1778 450 1810 δοῦναι,
473 1779 530 1813 είγε
551 1779 695 1815 πάρεστιν.
720 1780 749 1806 El
765 1780 792 1807 δέ
810 1789 849 1811 τις
864 1781 910 1808 ἐπὶ

126 1826 222 1852 πλεῖον
250 1825 424 1860 γνωρίζοιτο.
454 1826 653 1860 ἐπιταθήσεται
667 1827 680 1852 ὸ
696 1826 784 1860 φίλιος
802 1827 849 1853 καὶ
870 1827 910 1859 είς

127 1871 291 1906 κοινωνικὴν
306 1870 457 1906 τράπεζαν.
480 1871 508 1897 '0
522 1871 616 1904 μέντοι
633 1871 706 1906 λόγῳ
722 1871 812 1905 φιλίας
827 1873 910 1906 έγγυ-

125 1917 200 1943 τάτω
218 1916 400 1950 κολλώμενος,
418 1915 537 1951 ὕπερθεν
552 1917 606 1943 τῶν
635 1917 764 1944 τοιούτων
783 1918 910 1945 ἁπάντων

126 1960 283 1995 ἑστήξεται,
298 1960 330 1986 οὐ
347 1960 427 1994 μόνον
445 1960 530 1987 τᾶλλα
543 1960 582 1996 τῷ
597 1961 754 1996 φιλουμένῳ
770 1964 913 1997 κοινούμε-

126 2015 183 2039 νος,
210 2006 279 2034 ἀλλὰ
302 2007 349 2032 καὶ
377 2007 537 2042 μυστηρίων
563 2008 720 2042 ἐπιστήμην
750 2008 820 2043 ἔχων
856 2009 911 2036 τῶν

125 2052 175 2080 τοῦ
203 2052 294 2087 φίλου.
323 2052 378 2079 Καὶ
403 2052 462 2087 βίου
491 2053 626 2088 μερισμὸν
658 2053 707 2088 μὲν
736 2054 836 2087 εἰπεῖν,
863 2055 911 2082 οὖ-

126 2108 172 2126 πω
187 2099 258 2134 μέγα
271 2119 278 2131 ,
293 2099 355 2125 ὅλου
391 2099 419 2125 δὲ
436 2098 521 2125 αὑτοῦ
553 2099 699 2133 μετουσίαν
719 2100 767 2126 καὶ
792 2101 912 2136 εἰσποίη-

127 2154 182 2172 σιν.
203 2145 258 2172 Καὶ
274 2144 369 2172 καινὸν
385 2145 462 2171 οὐδὲν
479 2144 575 2176 ταῦτα,
602 2145 627 2171 εί
654 2145 702 2172 καὶ
718 2145 811 2181 πατὴρ
826 2146 912 2183 ἀγέλῃ

126 2190 233 2216 παίδων
259 2189 543 2224 περιεστοιχισμένος,
572 2189 602 2216 οὐ
635 2189 684 2221 τὰς
695 2190 780 2222 αὑτὰς
808 2189 911 2218 ἅπασιν

127 2235 298 2262 ἀναπτύσσει
313 2234 496 2268 πλάστιγγος,
518 2235 598 2270 ῥέπει
615 2234 644 2261 δὲ
660 2234 748 2266 οὕτως
777 2235 793 2271 ἢ
813 2235 910 2270 οὕτως,

126 2281 165 2312 ὼς
177 2281 208 2307 τὸ
221 2281 270 2315 τῆς
284 2280 375 2316 ψυχῆς
391 2280 491 2307 ποθοῦν
508 2280 648 2313 καθέλκει,
672 2281 719 2307 καὶ
734 2280 773 2315 τῷ
788 2281 913 2309 δοκοῦντι

125 2326 178 2361 τῆς
191 2326 284 2359 ὁλκῆς,
299 2327 317 2353 ἁ
328 2326 432 2362 [γάπης
456 2325 562 2362 μέτρῙῳ
578 2326 629 2362 (l),
647 2327 741 2362 μετρεῖ
753 2327 784 2354 τὸ
799 2327 913 2362 φυσικὸν

128 2373 288 2409 ἰσόρροπον.

166 2415 221 2452 μζ’.
241 2417 274 2444 Τί
297 2416 329 2452 δὴ
351 2415 399 2444 οὖν
418 2417 464 2444 τὸν
484 2417 534 2451 μὲν
549 2411 725 2453 ὶκπυροῢντα
749 2418 840 2453 φλόγα
865 2420 912 2446 ἐπὶ

127 2463 288 2498 ἑμπρησμῷ
316 2463 427 2499 [ol'xoo],
455 2463 494 2494 είς
521 2463 685 2499 δραστήριον
705 2463 790 2499 ἄνδρα
817 2465 912 2492 καλλι-

127 2510 274 2544 γραφεϊτε,
301 2509 347 2535 τδν
370 2509 398 2536 δὲ
424 2509 618 2536 ὐπανάπτοντα
650 2509 759 2544 λύχνον,
789 2511 914 2546 φυλακῆς

127 2556 222 2590 χάριν,
250 2555 291 2586 είς
307 2554 462 2590 κακοῦργον
478 2554 636 2590 ἐγγράφετε
649 2562 657 2586 ;
671 2555 704 2581 Τί
722 2555 767 2582 τὸν
782 2556 862 2591 ὀρθὸν
877 2557 915 2583 δι-

127 2601 264 2629 δάσκαλον
289 2602 378 2632 ἄλλως
406 2601 630 2634 ἀντιδιδάσκετες
648 2601 681 2628 Τί
708 2601 759 2637 τὴν
787 2602 914 2637 στάθμην

127 2647 289 2682 παράγετες
306 2647 338 2673 Τί
351 2648 400 2683 τὴν
416 2647 556 2683 σταφυλὴν
574 2648 736 2683 ἀχρειοῦτε;
755 2648 787 2674 Τί
800 2648 846 2675 τὸν
863 2657 916 2676 κα-

127 2693 197 2720 νόνα
212 2693 396 2727 στρεϐλοῦτες
417 2693 451 2719 Τί
478 2694 548 2720 κατὰ
565 2693 616 2726 τῆς
641 2694 756 2720 καθέτου
775 2696 913 2729 χωρεῖτε;

129 2738 165 2765 Τί
179 2738 226 2764 τὸν
241 2737 398 2764 δικαιοῦντα
415 2737 496 2771 ζυγὸν
513 2739 675 2774 μέμφεσθε;
701 2739 734 2765 Τί
749 2738 777 2765 δὲ
799 2739 849 2774 ἐμὲ
868 2740 917 2766 καὶ

117 2783 214 2822 ¹μόνον
226 2785 255 2811 ὲν
271 2783 425 2819 ἀνθρώποις
448 2785 563 2817 ἕκαστος
579 2785 686 2812 ἐθέλετε
704 2786 825 2821 μετρεῖν,
851 2786 919 2822 πρὸς

962 1641 1343 1676 ευίῐὶιλῐειίἀἱιιιιίοςιτειίὶείιο;
1358 1642 1462 1668 homini
1476 1647 1566 1668 autem
1583 1642 1754 1677 notojucun-

962 1685 1022 1712 dam
1034 1691 1140 1720 oportet
1152 1686 1250 1713 addere
1263 1687 1437 1719 locutionem,
1446 1681 1642 1721 aliquantulum
1658 1687 1755 1715 blande

962 1732 1094 1763 contittri.
1107 1732 1220 1759 frustum
1233 1733 1314 1759 etiam
1334 1734 1422 1768 panis,
1451 1733 1473 1759 si
1503 1733 1578 1764 licet.
1596 1734 1756 1761 abscindere

961 1785 992 1805 ac
1007 1779 1138 1814 przehere.
1155 1779 1183 1807 Si
1198 1780 1258 1812 quis
1273 1785 1359 1806 autem
1377 1780 1462 1814 magis
1475 1780 1558 1807 etiam
1577 1785 1647 1807 esset
1663 1785 1752 1811 notus.

962 1829 1048 1857 usque
1065 1823 1099 1850 ad
1115 1831 1234 1850 mensam
1257 1831 1428 1851 COlllllllllltIm
1451 1825 1642 1851 extenderetur
1673 1833 1754 1852 com~

961 1871 1102 1898 mercium.
1119 1871 1169 1903 Qui
1187 1875 1276 1898 tamen
1294 1871 1421 1898 amicitize
1434 1871 1539 1898 ratione
1552 1871 1673 1905 proxime
1689 1879 1755 1899 con-

959 1917 1070 1952 junctus
1084 1922 1136 1949 est,
1161 1924 1242 1951 super
1267 1916 1323 1943 haec
1337 1917 1426 1943 Omnia
1444 1917 1586 1950 eminebit,
1601 1925 1653 1944 non
1668 1918 1755 1944 solum

961 1970 1058 1992 caetera
1083 1963 1189 1997 propria
1207 1962 1305 1990 dilecto
1321 1963 1407 1989 amico
1423 1963 1597 1997 participans,
1616 1963 1662 1990 sed
1673 1963 1754 1989 etiam

961 2009 1152 2043 mysteriorum
1183 2009 1263 2035 amici
1295 2009 1476 2042 cognitionem
1504 2009 1617 2036 habens.
1645 2009 1679 2036 Et
1695 2009 1756 2044 qui-

963 2052 1023 2080 dem
1041 2053 1127 2080 victus
1148 2053 1321 2087 partitionem
1354 2053 1444 2080 dicere
1462 2060 1556 2086 parum
1572 2057 1624 2085 est;
1643 2061 1756 2088 prorsus

963 2102 1051 2126 autem
1066 2104 1106 2126 est
1121 2098 1206 2132 ipsius
1223 2098 1359 2125 consortio
1372 2103 1400 2125 et
1411 2098 1530 2132 adoptio.
1544 2097 1601 2125 Nec
1613 2099 1678 2132 quid
1694 2098 1755 2125 novi

963 2149 1024 2172 sunt
1052 2145 1119 2177 haec,
1153 2144 1176 2171 si
1205 2148 1323 2179 quoque;
1337 2149 1424 2178 pater,
1452 2144 1567 2171 ﬁliorum
1594 2151 1674 2179 grege
1697 2144 1753 2170 cir-

963 2190 1114 2222 cumdatus,
1133 2197 1187 2217 non
1206 2189 1315 2216 easdem
1340 2189 1465 2216 omnibus
1486 2189 1627 2223 suspendit
1652 2189 1754 2219 lances,

966 2236 1011 2263 sed
1030 2235 1140 2262 inclinat
1157 2236 1197 2262 sic
1216 2235 1256 2261 vel
1280 2235 1330 2266 sic,
1358 2240 1385 2261 ut
1407 2235 1503 2261 anima:
1520 2234 1683 2261 desiderium
1708 2234 1756 2260 ἰηι-

968 2283 1055 2317 pellit,
1074 2286 1144 2315 et,ut
1157 2282 1207 2309 sibi
1223 2282 1339 2313 videtur,
1354 2281 1530 2315 pouderantis
1542 2287 1668 2308 mensura
1689 2280 1755 2307 cha-

973 2328 1072 2361 ritatis,
1090 2327 1211 2355 naturale
1227 2331 1365 2354 meusurat
1380 2326 1574 2361 aequilibrium.

998 2421 1043 2449 4⁵1.
1064 2420 1132 2454 Quid
1150 2420 1230 2455 igitur
1246 2419 1321 2447 illum
1335 2418 1379 2454 qui
1401 2418 1535 2445 ﬂammam
1553 2417 1586 2445 ad
1602 2417 1756 2445 incendium

964 2467 1060 2494 domus
1075 2467 1208 2498 accendit,
1228 2466 1301 2493 velut
1318 2465 1456 2493 hominem
1479 2468 1618 2491 strenuum
1645 2464 1755 2498 puli-hri:

965 2513 1077 2548 pingitis
1093 2517 1120 2540 et
1135 2513 1208 2539 illum
1222 2513 1267 2546 qui
1288 2511 1427 2539 succendit
1454 2510 1591 2537 lucernam
1626 2510 1755 2537 custoduc

968 2559 1054 2594 gratia
1079 2563 1205 2593 tanquam
1234 2557 1384 2584 utalellcum
1415 2556 1582 2584 describitis?
1614 2553 1756 2589 Quid'rc‘

977 2610 1049 2631 ctum
1079 2604 1211 2630 adversus
1233 2603 1394 2637 magistrum
1427 2601 1505 2629 aliter
1538 2601 1756 2634 docetileuid

969 2649 1097 2676 amussim
1115 2647 1291 2681 pervertitis?
1311 2646 1380 2680 Quid
1397 2646 1619 2681 perpendiculum
1650 2645 1754 2672 distura

969 2694 1065 2722 hatis?
1081 2694 1149 2727 Quid
1173 2693 1290 2727 regulam
1307 2692 1483 2727 depraVntis?
1503 2691 1571 2725 Quid
1585 2694 1678 2717 contra
1699 2697 1754 2716 uie—

969 2744 1025 2767 tam
1043 2739 1149 2768 eritis?
1170 2739 1239 2772 Quid
1259 2739 1359 2774 justum
1377 2737 1536 2772 vituperatis
1558 2735 1665 2770 jugulo?
1686 2733 1755 2766 Quid

972 2791 1062 2813 autem
1086 2793 1128 2812 mc
1143 2805 1150 2818 ,
1166 2785 1306 2820 solumque
1323 2784 1394 2812 inter
1416 2783 1550 2814 homines,
1569 2780 1757 2813 unusquisque

167 2873 205 2910 (ι)
221 2885 230 2901 ἰ
243 2874 313 2904 Huic
327 2882 392 2903 mere
403 2874 453 2904 loci
473 2875 558 2903 mutili
572 2875 752 2904 emendationi
766 2875 821 2911 jam
841 2875 928 2903 minus
943 2876 1060 2910 conﬁdo,
1079 2885 1088 2902 ι
1117 2876 1154 2904 ait
1170 2876 1257 2905 editor
1270 2875 1296 2904 in
1312 2874 1439 2904 Mentissa
1454 2869 1693 2902 Observationum-
