1956 3086
221 155 272 188 451

228 213 356 241 trationis
372 222 465 242 sumus
484 213 612 246 demersi,
631 221 679 240 nec
693 222 742 241 vos
753 215 785 240 ad
803 214 882 241 talem
897 213 1008 241 dillicul-
1022 220 1045 249 Α

227 262 309 286 tatem
325 259 581 286 tradieoncedimus
592 267 599 291 ;
611 260 703 294 jaceat
719 265 808 286 autent
825 267 879 291 res,
890 264 919 287 ut
931 259 1010 286 ambo

224 305 430 340 neritnus,ego,
453 305 574 339 inquam,
593 310 621 332 et
650 313 706 336 vos,
723 306 762 333 vel
787 311 817 332 ιιι
844 305 1010 332 arbitramur

227 351 280 384 Ego
309 359 373 378 vero
396 359 558 387 comparans
581 358 642 378 eum
671 350 771 378 vestris
788 359 834 378 eas
860 358 921 386 quae
946 356 1010 378 sunt

226 405 312 430 usque
331 404 404 423 nunc
431 404 463 424 ex
481 404 523 424 me
540 397 748 429 retributiones,
765 397 929 431 interrogo:
945 397 1010 431 quid

225 449 275 476 ego
287 443 355 469 meis
365 443 515 476 a-qualibus
531 443 617 470 cedo?
626 443 720 470 Nonne
737 443 874 471 circuiens
885 443 1009 478 amplexu

227 488 298 514 velut
327 488 352 514 in
372 489 471 516 servile
487 489 625 516 vinculum
646 497 742 516 manus
769 497 852 523 super
868 496 917 515 vos
943 496 1009 515 eou-

223 532 328 566 jungo?
348 533 443 560 Nonne
463 540 547 568 caput
559 539 586 561 et
599 535 735 561 cet'vicmn
751 534 901 560 submitte?
915 533 1012 560 Nonne

226 578 342 606 dulciter
359 580 505 614 alloquor?
521 579 615 607 Nonne
629 580 712 607 rectis
727 579 854 612 precibus
874 586 949 605 meos
965 579 1011 605 ob-

225 624 304 658 siguo
326 626 486 653 sermones?
503 626 572 659 Quid
595 627 676 660 igitur
709 630 815 660 oportet
838 626 954 659 amplius
978 632 1011 651 ex

226 677 268 696 me
285 673 317 698 ad
334 673 559 700 retributionem?
574 672 601 700 Si
619 680 694 704 vero,
714 673 842 707 quoniam
859 679 912 698 non
928 672 1012 706 lpnm-

226 719 323 752 paticis
338 719 490 752 gaudemus
510 718 698 748 comitatibus.
717 717 897 752 triumphales
914 724 1010 751 grava-

227 771 298 795 mus,
319 764 383 790 mibi
399 769 553 797 opportune
568 763 725 795 dicendum,
739 764 810 797 quod
825 770 840 789 a
856 766 929 789 tanto
945 766 1012 789 tem-

228 817 293 843 pore
311 817 371 836 sum
396 809 466 844 apud
485 817 542 843 vos,
559 814 586 836 et
614 810 734 836 nondum
763 817 805 836 tne
833 809 1010 843 cognoscitis.

233 855 287 882 ‘ion
310 856 492 882 recordamini
511 856 650 890 quomodo
669 855 775 882 centies
793 855 926 882 adversus
945 855 1011 881 istos

229 901 380 928 honoribus
400 902 571 928 insanientes
589 901 811 928 declamaverim.
828 899 887 926 Non
903 896 1007 933 recogi-
1024 896 1047 926 Β

229 947 293 973 tatis
322 954 490 981 quaecunque
516 953 587 980 saepe
602 947 755 973 collocutus
773 947 823 972 sim
852 945 885 972 ad
903 945 1014 972 audito-

230 992 318 1024 rium;
335 992 361 1018 in
377 993 477 1026 quibus
493 992 586 1023 etiam,
603 991 675 1026 quod
692 990 792 1017 frustra
811 989 911 1023 gaudet
933 997 1012 1024 pom-

230 1038 326 1071 paticis
367 1037 561 1072 progressibus
594 1037 638 1064 ille
671 1037 715 1070 qui
751 1041 859 1070 reputat
891 1036 1012 1063 ultimam

229 1084 456 1118 propositionem,
484 1083 510 1110 in
536 1091 601 1118 quo.
627 1083 650 1111 si
674 1082 744 1110 forte
767 1082 913 1118 contigerit
940 1090 1012 1114 eam,

228 1137 312 1163 super
334 1129 428 1156 lethall
446 1129 546 1156 feretro
563 1129 834 1161 sublimiselevatus,
852 1136 906 1155 non
931 1128 1014 1155 sentit

227 1177 329 1210 quibus
350 1176 500 1207 exaltatnr,
524 1180 551 1202 ct
575 1175 647 1202 forte
669 1175 841 1210 immergitur
860 1175 911 1201 sub
930 1174 1015 1207 pluri-

229 1230 335 1250 morum
354 1222 473 1257 injuriis,
488 1222 588 1256 quibus
602 1222 674 1253 licet,
686 1221 719 1248 ad
735 1221 897 1248 mortnaletu
913 1221 1013 1247 lectum

230 1268 524 1303 appropinqttautilnts,
553 1267 579 1294 in
598 1267 735 1294 maxillam
747 1267 1013 1301 eaderejacentem,

230 1321 379 1349 nasumque
395 1313 488 1348 digitis
505 1313 640 1348 injuriose
661 1313 773 1340 turbare
792 1321 824 1339 ac
849 1313 939 1339 forsan
955 1319 1013 1338 ma-

229 1359 320 1386 litiose
343 1360 524 1393 proculcare:
540 1357 631 1393 qualia
659 1358 741 1384 multa
769 1357 894 1384 norimus
910 1357 942 1383 de
960 1364 1015 1383 sce-

230 1405 316 1438 lestis,
335 1398 395 1440 qui,
411 1404 452 1432 vel
485 1409 546 1438 post
571 1409 699 1435 mortem,
731 1410 840 1437 gravent
862 1402 1014 1429 nutrientrs

232 1451 465 1484 inveteratamque
482 1450 560 1480 iram,
587 1458 638 1476 non
668 1449 832 1476 erubescunt
856 1455 956 1474 vanum
976 1447 1013 1473 la-

231 1503 339 1523 cessere
355 1495 504 1529 pulverem.

266 1541 310 1568 5‘2.
327 1541 377 1574 Qul
394 1541 461 1567 tales
478 1540 558 1574 igitur
570 1539 746 1574 cogitationes
773 1539 798 1566 itt
819 1543 909 1566 mente
923 1538 1013 1566 revol-

230 1587 270 1614 vit
298 1585 421 1622 (revolvit
438 1590 527 1612 aulem
555 1593 620 1612 sane
647 1586 692 1620 qui
723 1585 840 1619 seipsum
875 1569 1050 1611 mortalemC

232 1633 363 1666 agnoscit,
380 1639 468 1666 neque
500 1631 569 1658 ultra
589 1631 725 1658 hominem
743 1629 842 1656 sentire
855 1629 1015 1664 prazsumit),

232 1682 336 1712 quanto
347 1686 407 1705 cum
421 1677 520 1712 gaudio
530 1677 667 1711 acciperet
684 1675 849 1702 ltonoriﬂcos
866 1675 1017 1708 triumphos

232 1725 378 1760 gloriaeque
405 1725 504 1757 larvas,
520 1724 552 1750 ad
581 1723 717 1750 modicum
741 1725 845 1757 tempus
872 1722 899 1749 itt
917 1722 1017 1749 idolum

231 1771 347 1804 erectas,
359 1776 385 1806 et
394 1778 499 1798 rursum
513 1769 626 1798 solutas.
643 1775 672 1796 ut
686 1777 720 1796 ne
734 1768 828 1795 umbra
839 1768 949 1801 quidem
959 1768 1018 1795 sine

233 1817 382 1844 substantia
409 1815 567 1844 remaneat?
607 1815 662 1849 Ego
691 1822 753 1842 vero
781 1822 896 1849 prorsus
919 1813 1015 1847 hujus-

236 1862 308 1889 n:odi
326 1861 493 1889 turbulentas
510 1862 629 1888 detestor
642 1859 848 1891 ostentationes,
868 1859 940 1886 aeris
954 1859 1016 1893 qui-

233 1908 293 1935 dem
309 1907 452 1934 serenitate
466 1910 723 1942 regnante,propter
737 1905 849 1939 multum
866 1905 1016 1939 pulverem,

233 1961 312 1989 quem
331 1958 401 1980 terra
415 1953 551 1986 minuens,
576 1959 637 1980 cum
658 1959 673 1978 a
701 1951 793 1978 multis
810 1951 928 1985 agitatur
944 1949 1016 1984 pedi,-

235 2001 296 2032 bus,
316 1999 418 2026 excitat
431 1999 457 2026 In
475 1998 564 2033 ipsum
588 1998 692 2025 vultum
703 2002 730 2024 et
746 1997 771 2024 in
788 1997 873 2031 ipsius
889 1995 1017 2030 insignia,

233 2053 294 2079 quae
307 2053 358 2081 ego
372 2053 440 2081 pura
459 2051 567 2072 manere
583 2049 610 2072 et
623 2044 724 2078 absque
735 2043 799 2071 odio
817 2049 877 2071 esse
892 2041 1016 2077 praefero.

235 2091 348 2124 Quattth
372 2095 461 2117 autem
478 2090 596 2123 pulveris
617 2090 700 2116 nubes
714 2090 741 2116 in
756 2095 876 2122 caenum,
891 2093 919 2115 et
931 2087 1018 2122 ipsum

233 2143 376 2171 aquosam,
400 2136 539 2168 miscetur,
555 2140 591 2162 tta
621 2141 721 2162 utnon
751 2134 837 2162 solum
867 2138 957 2168 caput,
970 2134 1019 2162 sed

234 2183 316 2209 etiam
329 2186 416 2209 totum
445 2189 545 2215 corpus
560 2182 789 2209 circumventatur
821 2181 939 2215 insidiis,
955 2186 1019 2208 tunc

578 157 787 187 EUSTATIIU
803 157 1176 187 THESSALONICENSIS
1197 157 1477 187 ME'l‘llOPOLITt‘E

1061 213 1282 247 ὲκχυὸιστῶμεν,
1309 212 1371 239 οὔτε
1403 213 1478 248 ὑμᾶς
1503 212 1533 243 ἐς
1552 209 1683 243 τοιαύτην
1715 208 1840 244 ὲργωὸῐαν

1062 261 1180 296 ἀφίεμεν
1193 260 1359 288 ἀποδύεσθαι
1371 267 1378 275 ·
1405 259 1507 286 κείσθω
1523 258 1552 284 δὲ
1573 257 1604 283 τὺ
1620 256 1748 290 πρᾶγμα,
1775 254 1790 289 ἢ
1807 253 1842 285 ὡς

1061 307 1174 342 οἴδαμεν
1195 307 1289 341 ἄμφω,
1319 305 1374 338 ἑγὼ
1389 313 1419 331 τε
1436 304 1537 339 δηλαδὴ
1555 302 1603 330 καὶ
1633 302 1723 336 ὑμεῖς,
1741 300 1794 327 εῐτε
1807 299 1842 331 ὡς

1062 352 1222 387 νομίζομεν.
1256 350 1326 384 Ἐγὼ
1345 350 1374 377 δὲ
1404 348 1597 383 ἀντισταθμῶν
1620 347 1682 378 ταῖς
1699 345 1842 380 ὑμετέραις

1063 399 1114 429 τὰς
1129 398 1157 429 ἐξ
1173 397 1240 431 ἐμοῦ
1255 397 1324 430 πρός
1339 405 1370 429 γε
1399 395 1429 422 τδ
1444 394 1532 430 παρὸν
1543 393 1731 427 ἀντιχάριτας,
1747 390 1843 417 πυνθά-

1064 452 1144 478 νομαι
1157 452 1163 458 ·
1177 443 1210 469 Τι
1237 442 1264 468 δὲ
1282 441 1336 475 ἐγὼ
1360 439 1509 476 μειονεκτῶ
1534 439 1588 465 τῶν
1607 437 1667 464 καθ’
1682 437 1755 471 ἡμᾶς
1769 443 1775 468 ;
1791 434 1844 462 Οὐκ

1064 490 1225 516 ὲπαλλάττω
1252 487 1391 522 περιάγων
1419 487 1468 516 τὰς
1496 486 1590 520 χεῖρας
1612 483 1735 517 πλέγδην
1749 482 1784 513 ὡς
1807 481 1844 512 εἰς

1064 537 1163 570 δεσμὸν
1175 535 1334 561 δουλόσυνον
1361 532 1404 567 ἐφ’
1421 533 1505 567 ὑμῖν;
1525 531 1554 558 οὐ
1581 529 1740 557 κατακλίνω
1764 536 1843 560 κεφα-

1064 582 1112 615 λὴν
1136 581 1183 607 καὶ
1210 580 1366 614 τράχηλον,
1397 578 1427 604 οὐ
1442 577 1589 612 προσλαλῶ
1616 574 1844 610 γλαφυρῶτερονς

1041 620 1043 630 τ
1064 629 1113 652 ὡκ
1124 625 1319 660 ὲπισφραγίζω
1335 624 1398 656 τοὺς
1412 624 1507 658 λόγους
1530 622 1625 658 ὀρθαῖς
1641 621 1757 655 ιὺχαῖςς
1771 619 1802 645 Τί
1815 619 1846 653 δὴ

1064 672 1110 697 οὖν
1125 671 1221 705 χρέους
1241 670 1395 704 ὑπέρπλεον
1421 670 1485 703 ἐμοὶ
1501 669 1571 703 πρὸς
1588 667 1716 694 ἀπότισιν
1730 674 1737 698 ;
1764 665 1794 691 Et
1813 663 1845 696 δ’,

1065 718 1104 744 ἔτι
1116 718 1297 752 προπομπαῖς
1309 716 1340 742 οὺ
1351 716 1497 751 χαίρομεν,
1513 714 1666 749 βαρύνομεν
1679 712 1740 742 τοὺς
1754 710 1848 746 θριαμ-

1064 764 1167 796 ϐικοὺς,
1189 764 1245 790 ἔστι
1263 772 1307 798 μοι
1321 762 1428 797 καίριον
1439 762 1537 793 εἰπεῖν,
1557 761 1594 791 ὡς
1607 758 1735 786 τοσοῦτον
1754 757 1848 792 χρόνον

1065 811 1122 844 εἰμὶ
1141 809 1199 844 μεθ’
1215 809 1302 843 ὑμῶν,
1319 809 1368 835 καὶ
1382 807 1459 834 οὔπω
1471 815 1504 841 με
1521 806 1623 833 οἴδατε.
1640 806 1678 832 Οὐ
1700 802 1846 839 μέμνησθε,

1065 858 1138 887 ὅπως
1150 856 1205 890 ἐγὼ
1222 855 1465 890 κατερρητόρευσα
1481 853 1615 889 μυριάκις
1630 851 1684 878 τῶν
1693 849 1765 877 οὕτω
1778 848 1849 881 δοξο-

1063 902 1230 937 μανοηύντων.
1248 901 1305 928 Οὐκ
1329 900 1490 928 ἀναπολεῖτε
1504 900 1544 929 είς
1559 897 1633 929 νοῦν,
1648 894 1693 924 οἷα
1722 895 1849 926 πολλάκις

1065 948 1195 982 ὡμίλησα
1209 948 1248 978 εἰς
1265 948 1383 981 ὲπήκοον
1418 947 1448 972 ὲν
1463 942 1505 976 οἷς
1519 945 1576 975 καὶ,
1591 944 1633 970 ὅτι
1661 942 1749 977 μάτην
1762 941 1850 976 χαίρει

1065 995 1223 1030 πολυόχλοις
1235 994 1358 1029 προόδοιε
1368 995 1381 1020 ὀ
1395 993 1444 1028 τὴν
1459 992 1620 1019 τελευταίαν
1633 990 1763 1025 πρόθεσιν
1777 989 1852 1016 ἐνθυ-

1066 1040 1212 1076 μούμενος,
1224 1040 1285 1068 καθ’
1301 1041 1346 1076 ἦν,
1364 1040 1453 1066 εἵπου
1480 1039 1528 1065 καὶ
1541 1037 1618 1073 τύγοι
1638 1037 1733 1070 αὐτῆς.
1749 1036 1777 1062 ὲν
1788 1036 1853 1070 φέρ-

1064 1094 1120 1121 τρῳ
1139 1086 1258 1120 νεκρικῷ
1273 1086 1412 1121 μετέωρος
1427 1085 1587 1120 αἰρόμενος,
1604 1083 1666 1110 οὔτε
1679 1082 1851 1113 αἰσθάνεται,

1066 1129 1104 1159 ὦν
1130 1133 1289 1166 ἐκτιμᾱται,
1319 1132 1366 1158 καί
1393 1140 1444 1158 που
1470 1131 1517 1158 καὶ
1545 1130 1598 1156 ὑπὸ
1610 1129 1743 1155 πλειόνων
1758 1128 1844 1163 ὕδρεσ

1065 1175 1258 1207 “caloris-mi,
1275 1173 1315 1207 οἷς
1343 1175 1443 1207 ἔξεστι,
1473 1176 1521 1202 καὶ
1544 1175 1582 1210 τῷ
1599 1174 1760 1208 νεκροφόρῳ
1774 1173 1854 1207 σκίμ-

1065 1222 1126 1248 ποδι
1138 1221 1288 1252 πελάζουσι
1304 1221 1377 1246 κατὰ
1392 1220 1497 1255 κόρρης
1510 1228 1542 1255 τε.
1555 1219 1668 1246 τύπτειν
1683 1218 1729 1244 τὸν
1742 1217 1854 1251 προκεῖ-

1066 1276 1160 1302 μενον,
1179 1268 1226 1293 καὶ
1241 1267 1290 1301 τὴν
1305 1268 1366 1301 ῥῖνα
1385 1266 1476 1300 ὀχλεῖν
1489 1264 1635 1296 δακτύλοις
1657 1265 1686 1295 ἐς
1699 1263 1789 1298 ὕϐριν,
1806 1262 1854 1290 καί

1065 1323 1116 1340 που
1131 1313 1178 1340 καὶ
1193 1312 1354 1339 ἐναλλεσθαι
1381 1312 1620 1346 κακοπραγμόνως
1632 1318 1638 1325 ·
1668 1311 1750 1336 ὁποῖα
1769 1308 1855 1335 πολλὰ

1065 1361 1177 1395 οἴδαμεν
1190 1361 1236 1386 ἐπὶ
1249 1359 1409 1394 ἀλιτηρίων,
1425 1359 1449 1385 οἶ
1462 1359 1509 1386 καὶ
1531 1359 1602 1393 μετὰ
1630 1358 1747 1384 θάνατον
1770 1356 1856 1391 βαρὺν

1065 1406 1143 1432 κότον
1157 1407 1306 1442 τρέφοντες
1322 1406 1372 1432 οὐκ
1388 1404 1508 1438 ὀκνοῦσι,
1525 1404 1621 1439 κωφὴν
1646 1405 1726 1438 γαῖαν
1752 1402 1857 1433 αἰκίζε-

1066 1452 1128 1479 σθαι

1100 1539 1149 1576 νβ’.
1171 1540 1200 1568 '0
1216 1540 1305 1572 τοίνυν
1332 1540 1444 1567 τοιαῦτα
1475 1540 1599 1575 νοήματα
1613 1540 1654 1570 εἰς
1668 1539 1718 1574 τὴν
1733 1538 1854 1573 καρδίαν

1067 1587 1175 1621 ἀνάγων
1192 1586 1298 1622 (ἀνάγει
1313 1587 1341 1613 δὲ
1362 1587 1470 1618 πάντως
1486 1587 1500 1613 ό
1516 1586 1611 1621 θνητὸν
1629 1585 1724 1612 ἑαυτὸν
1741 1593 1857 1618 γνωμα-

1067 1634 1165 1665 τεὺων,
1179 1635 1224 1660 καὶ
1237 1634 1274 1669 μὴ
1285 1633 1434 1669 τυραννῶν,
1448 1633 1557 1668 φρονεῖν
1569 1632 1603 1658 τὰ
1616 1632 1686 1666 ὑπὲρ
1698 1629 1858 1665 ἄνθρωπον)

1068 1681 1131 1719 πῶς
1142 1681 1175 1707 ἂν
1190 1680 1349 1715 ἀποδέχοιτο
1366 1679 1520 1715 θριάμσους
1533 1678 1699 1713 τιμητικοὺς
1715 1678 1765 1704 καὶ
1780 1685 1859 1702 σκιν-

1067 1727 1186 1762 δαλμοὺς
1214 1726 1303 1760 δόξης,
1319 1726 1358 1757 εις
1382 1724 1469 1760 βραχύ
1484 1733 1510 1751 τι
1533 1724 1608 1760 ὥρας
1621 1722 1859 1756 εἰδωλοποιουμέ-

1068 1782 1140 1805 νους,
1155 1773 1201 1799 καὶ
1219 1771 1297 1803 αὖθις
1318 1772 1478 1806 λυομένους,
1495 1770 1532 1802 ὡς
1548 1770 1602 1797 οὐδ’
1616 1769 1650 1797 ἂν
1672 1768 1738 1796 σκιά
1753 1777 1796 1799 τις
1816 1767 1859 1799 εἰς

1068 1819 1274 1851 ἀνυπόστατον;
1294 1817 1365 1851 Ἐγὼ
1383 1817 1412 1844 δὲ
1430 1817 1477 1844 καὶ
1501 1817 1588 1848 ἄλλως
1613 1815 1789 1851 μυσάττομαι
1807 1815 1860 1845 τὰς

1068 1865 1195 1896 τοιαύτας
1220 1864 1383 1898 ὀχλοκόπους
1400 1862 1542 1898 προόδους,
1567 1861 1658 1892 εὐδίας
1673 1861 1724 1896 μὲν
1747 1860 1861 1894 clepta-

1069 1910 1178 1946 ζούσης,
1192 1910 1236 1936 διὰ
1250 1909 1281 1936 τὸ
1296 1908 1364 1935 πολὺ
1390 1908 1439 1942 τῆς
1465 1908 1577 1940 κόνεως,
1589 1907 1622 1942 ἢν
1643 1907 1659 1942 ἠ
1675 1906 1711 1941 γῆ
1727 1906 1863 1932 λεπτοτο-

1070 1957 1169 1992 μοῦσα,
1185 1957 1229 1982 ὅτε
1243 1955 1353 1986 πολλοῖς
1374 1954 1493 1990 ὀχλεῖται
1513 1953 1606 1987 ποσὶν,
1622 1954 1781 1986 ἀναπέμπει
1810 1952 1864 1979 καὶ

1069 2002 1231 2029 κατ”αὑτοῦ
1261 2000 1409 2037 προσώπου
1437 2000 1485 2028 καὶ
1513 2000 1568 2027 τῶν
1585 2000 1614 2027 ὲν
1642 1999 1716 2033 αὑτῷ
1742 1998 1863 2033 τιμίων,

1069 2047 1141 2082 ἅπερ
1164 2046 1219 2081 ἐγὼ
1242 2047 1395 2081 καθαρείως
1412 2045 1567 2072 διακεῖσθαι
1585 2045 1633 2072 καὶ
1660 2044 1865 2072 ἀνεπιϐουλεύ-

1069 2101 1122 2124 τως
1145 2092 1217 2127 ἔχειν
1234 2090 1440 2127 φιλοτιμοῦμαι.
1453 2090 1519 2117 Ὅτε
1533 2090 1562 2117 δέ
1586 2098 1651 2117 ποτε
1677 2091 1691 2116 ὁ
1715 2089 1866 2121 κονίσαλος

1072 2139 1121 2173 μὲν
1147 2139 1188 2170 είς
1213 2138 1298 2173 πηλὸν
1318 2137 1437 2172 φυρᾶται
1465 2137 1512 2164 καὶ
1537 2135 1617 2163 αὐτὸν
1645 2135 1799 2170 κάθυγρον,
1817 2136 1867 2161 καὶ

1070 2182 1126 2211 οἷον
1142 2184 1264 2219 κεφαλῆς
1279 2183 1329 2219 μὲν
1344 2183 1442 2210 οὔκουν
1458 2182 1553 2217 μόνης,
1566 2181 1612 2208 τοῦ
1633 2181 1734 2213 παντὸς
1746 2182 1773 2208 δὲ
1797 2190 1868 2208 κατ-

235 2237 284 2256 uec
302 2228 335 2255 ab
357 2228 529 2255 amicissimis
548 2229 575 2255 in
605 2227 802 2255 incomntodum
819 2227 880 2255 volo
893 2227 953 2262 cogi
972 2235 1014 2254 co.

1071 2229 1254 2257 επισουλεύειν
1273 2229 1408 2264 σώματος,
1426 2228 1486 2255 οὐδὲ
1501 2228 1562 2254 τότε
1576 2227 1630 2255 οὐδ’
1651 2227 1703 2254 ὑπὸ
1721 2227 1777 2253 τῶν
1801 2237 1852 2260 φιν(

236 2275 370 2301 ntitatum.
412 2272 555 2300 Sulliciunt
577 2272 648 2299 enim
675 2280 744 2307 quos
766 2272 836 2300 Deus
865 2272 1018 2300 necessario

236 2318 368 2353 disposuit
386 2319 418 2344 ad
435 2317 641 2352 praecedendum
662 2317 705 2345 vel
737 2319 769 2344 ad
786 2317 1018 2352 consequendum.

234 2363 303 2396 Quid
329 2363 412 2398 igitur
428 2369 510 2398 grave
526 2362 652 2393 ntultunt,
669 2362 691 2388 si
707 2369 793 2389 meam
810 2363 879 2389 banc
895 2361 1020 2388 volunta-

236 2415 288 2437 tem
303 2409 431 2442 obﬁrmo,
460 2409 595 2436 reluctans
631 2409 694 2436 buic
710 2416 769 2442 qua
799 2416 850 2435 non
873 2414 914 2434 est
939 2407 1019 2434 mea?

235 2455 313 2489 Quod
333 2460 420 2482 autem
436 2455 663 2489 profundissimas
684 2455 857 2481 adorationes
872 2454 912 2481 sic
929 2453 1019 2481 bumi-

235 2505 330 2536 dorum
346 2502 448 2536 absque
463 2501 516 2528 ulla
547 2500 604 2529 ﬁeri
635 2501 739 2528 ratione
760 2501 862 2536 judico,
890 2500 1020 2528 conﬁteor

236 2550 286 2576 boc
301 2554 327 2576 et
342 2549 438 2583 probo.
454 2548 534 2576 Ratio
552 2555 617 2575 vero
642 2555 694 2575 nou
710 2547 807 2581 solum,
829 2547 901 2581 quod
927 2546 1019 2574 divina

234 2596 273 2622 sic
307 2595 461 2622 hominibus
509 2594 586 2621 multi
644 2598 816 2625 consecrant,
865 2593 909 2620 ubi
965 2601 1017 2619 non

235 2643 352 2673 oportet,
370 2639 417 2666 sed
435 2644 460 2665 et
476 2639 603 2673 quoniam
621 2638 771 2671 bujusmodi
793 2637 875 2664 multa
891 2637 917 2663 in
929 2636 1019 2663 homi-

236 2687 315 2714 nibus
350 2685 450 2713 lusorie
480 2685 664 2718 l'allaciterque
692 2685 762 2711 facta
793 2691 852 2710 sum
877 2688 1017 2718 expertus.

235 2733 304 2760 Ante
328 2740 392 2759 vero
407 2731 603 2767 experientiam
619 2733 730 2759 edoctus
759 2738 833 2757 eram
850 2738 913 2765 erga
940 2730 1020 2758 Chri-

234 2783 305 2805 stum
335 2778 502 2804 Salvatorem
524 2784 640 2810 genuum
669 2777 742 2803 illam
765 2776 906 2802 ﬂexionem
929 2776 961 2803 ad
978 2776 1019 2802 lu-

234 2822 349 2855 dicrum,
366 2827 473 2857 propter
488 2821 558 2856 quod
577 2823 696 2856 perversi
711 2821 750 2848 illi
773 2821 929 2849 adoratores
944 2821 1019 2848 dam-

235 2872 342 2894 nantur.

1070 2277 1159 2304 ’κάτων
1187 2276 1271 2302 ἐθέλω
1301 2274 1494 2311 τυραννεῖσθαι
1519 2275 1560 2305 εις
1591 2273 1761 2309 προπομπὴν
1777 2274 1865 2308 ὀχὶην

1071 2322 1133 2358 ράν.
1156 2321 1284 2356 Ἀρκοῦσι
1309 2322 1364 2356 γὰρ
1385 2321 1431 2348 καὶ
1443 2320 1490 2352 οὓς
1504 2320 1596 2351 ὀΘεδς
1615 2321 1775 2353 ἀναγκαίως
1805 2321 1869 2347 ἐτίὲ-
1898 2351 1901 2352 ν

1069 2367 1182 2403 ταξενῆ
1200 2367 1394 2402 προηγεῖσθαι,
1409 2367 1425 2402 ἦ
1454 2366 1668 2401 συνεφέπεσθαι.
1691 2366 1724 2392 Τί
1747 2366 1782 2401 δὴ
1797 2365 1871 2400 γοῦν

1071 2413 1142 2447 βαρὺ
1159 2414 1187 2443 ὲς
1214 2412 1292 2444 πολὺ,
1309 2412 1356 2438 ὲάν
1371 2411 1470 2446 τούμὸν
1491 2411 1571 2438 τοῦτο
1597 2411 1704 2445 Θέλημα
1730 2412 1872 2439 συνιστῶ,

1071 2459 1266 2485 ἀποδυσπετὼν
1284 2459 1324 2489 εἰς
1339 2458 1369 2484 τὸ
1389 2457 1426 2493 μὴ
1450 2458 1516 2492 ἐμόν
1531 2466 1539 2490 ;
1559 2458 1620 2484 Ὅτι
1636 2458 1663 2484 δὲ
1680 2458 1728 2484 καὶ
1748 2460 1803 2489 τὰς
1823 2458 1861 2492 β).

1071 2505 1190 2535 Gtt-rita;
1213 2506 1415 2539 προσκυνήσεις
1437 2504 1492 2531 τῶν
1517 2503 1603 2535 οὕτως
1620 2504 1714 2538 ὑγρῶν
1737 2505 1874 2531 κατακύ-

1072 2559 1150 2577 πτειν
1165 2551 1193 2577 ἐν
1209 2551 1297 2577 οὐδενὶ
1318 2550 1390 2585 λόγῳ
1405 2550 1526 2585 τίθεμαι,
1549 2550 1617 2576 ἀλλά
1634 2551 1680 2576 καὶ
1696 2551 1874 2585 ἀπολοῖίζο-

1072 2605 1132 2631 μαι,
1146 2596 1382 2631 ἀνθεμολογοῦμαι
1398 2598 1447 2623 καὶ
1460 2597 1537 2623 αὑτό.
1556 2597 1594 2623 Τὸ
1609 2596 1636 2623 δὲ
1662 2597 1753 2623 αἴτιον
1770 2598 1804 2624 οὐ
1826 2598 1875 2632 μό-

1071 2649 1127 2673 νον,
1139 2641 1179 2667 ὄτι
1197 2640 1231 2667 τὰ
1258 2640 1305 2666 τοῦ
1319 2641 1387 2667 Θεοῦ
1402 2640 1557 2676 ἀνθρώποις
1573 2641 1597 2667 οι
1613 2641 1708 2667 πολλοὶ
1724 2643 1876 2668 barro-an

1070 2687 1165 2717 οὕτως,
1179 2687 1222 2720 ἐφ’
1238 2684 1279 2718 οἷς
1293 2686 1324 2713 οὗ
1344 2687 1444 2721 χρεὼν,
1456 2686 1524 2713 ἀλλὰ
1546 2688 1592 2714 καὶ
1615 2687 1657 2712 ὅτι
1685 2689 1876 2722 πεπείραμαι

1070 2732 1156 2758 πολλὰ
1168 2732 1280 2757 τοιαῦτα
1294 2732 1341 2759 καὶ
1356 2732 1510 2762 παικτικῶς
1524 2732 1553 2757 ὲν
1564 2730 1724 2766 ἀνθρώποις
1736 2733 1876 2768 ῥᾳδιουρ-

1069 2777 1202 2810 γούμενα.
1217 2777 1272 2811 Πρὸ
1288 2777 1316 2803 δέ
1334 2785 1366 2811 γε
1393 2777 1444 2812 τῆς
1465 2777 1561 2812 πεῖρας
1590 2776 1644 2811 ἔχω
1660 2777 1810 2812 διδαχθεὶς
1827 2778 1876 2804 καὶ

1069 2823 1120 2857 τὴν
1134 2823 1180 2847 ἐπὶ
1195 2822 1233 2857 τῷ
1258 2823 1359 2857 σωτῆρι
1377 2823 1488 2858 Χριστῷ
1504 2823 1594 2849 κλίσιν
1608 2823 1736 2856 γονάτων
1751 2825 1877 2858 ἐκείνην

1069 2867 1118 2903 τὴν
1134 2869 1163 2894 ὲν
1186 2865 1422 2903 μυκτηρισμῷ,οὗ
1452 2869 1546 2896 ἕνεκεν
1573 2869 1599 2895 οί
1628 2868 1732 2902 φαῦλοι
1764 2871 1878 2897 ἐκεῖνοι

1074 2915 1262 2950 προσκυνηταὶ
1278 2915 1484 2948 καταλέγοντειι.

1931 1791 1935 1920 φ

1930 2059 1935 2219 ί

1930 2301 1935 2630 i
