1956 3086
134 165 184 198 453

618 167 770 220 ςΟΝΤΒᾹ
790 168 1038 201 INJURIARUM
1059 172 1280 222 biEMORIAM.

1700 174 1752 205 με

163 227 214 256 νγ’.
229 225 308 256 Ἴσως
322 226 350 252 as
369 226 417 253 οὐκ
440 226 554 261 ἀπᾷδον,
578 227 626 253 καὶ
651 227 732 261 λόγον
747 227 812 262 ὖμῖν
828 228 907 263 ὲρεῖν,

1000 229 1043 256 55.
1059 228 1139 257 Forte
1156 230 1238 257 etiant
1252 238 1304 258 non
1316 230 1368 257 erit
1382 231 1512 259 absonum
1527 232 1658 259 rationem
1676 230 1752 257 vobis

131 271 157 304 ἐξ
174 267 204 297 οὗ
223 272 332 307 πρώτου
355 273 400 300 τὸν
420 274 542 300 τοιοῦτον
571 274 634 301 νοῦν
658 275 804 311 ἔχέρδανα,
829 276 914 312 πείρᾳ

130 317 271 349 διαλαϐὼν,
284 318 317 353 ἢν
329 320 491 354 συγγραφῆς
503 321 612 357 ἁπάσης
625 321 778 357 πρόδρομον
789 321 912 356 οἴδαμεν.

130 362 285 391 Διδασκάλω
301 365 368 401 ἧτην
384 366 470 400 σοφὼ,
483 367 530 394 καὶ
548 367 630 402 ἄμφω
645 368 735 403 ἄνδρε,
747 369 761 396 ὁ
777 368 827 404 μὲν
851 360 919 403 ἐμοί

131 410 296 444 τεταγμένος
309 412 348 443 si;
369 412 491 447 ἀγωγὴν,
507 415 521 440 ὁ
537 414 565 441 δὲ
582 415 674 450 ἕτερος
704 415 822 451 χρηστὸς
837 415 913 450 αὑτῷ
934 449 940 453 V

130 456 199 482 κατὰ
214 457 369 492 συνήθειαν.
386 460 440 486 Καὶ
464 458 498 495 ἦν
523 462 624 496 ἀμφοῖν
644 461 718 492 ἆπαν
737 463 856 498 πρᾶγμα
870 463 914 496 φίο

130 502 193 533 ὶιον,
210 503 244 529 τὰ
262 504 343 536 οἴκοι,
359 507 392 532 τὰ
407 506 519 542 θύραζε,
535 508 583 534 καὶ
598 509 667 539 ὅλως
681 510 779 539 εἰπεῖν,
792 509 838 535 τοῦ
853 508 911 544 βίου

130 548 157 573 το
175 551 238 576 πᾶν.
254 547 325 577 Ἦκε
343 552 375 584 δὴ
389 553 483 588 καιρὸς
502 554 650 589 τρυ·γητοῦ,
670 555 716 581 καὶ
729 555 766 586 ὡς
782 556 913 590 ἑκάτερος

131 593 266 621 κάνταῦθα
284 596 395 630 εῐοιστο,
427 600 620 634 συμπροῆλθον
636 601 686 635 τῆς
712 600 844 637 μεγίστης
858 601 913 628 τῶν

130 638 231 666 πόλεων
246 641 285 673 εἷς
295 651 355 668 τινα
365 644 464 678 χωρία,
477 645 507 670 οὺ
523 646 593 672 πάνυ
607 645 667 680 μὲν,
682 647 912 682 ἀνακεχωρηκότα

130 682 156 727 es
183 686 303 720 μετρίως
325 687 374 720 τῆς
391 689 610 722 Μεγαλοπόλεως
627 694 798 725 προαστείων
814 693 892 727 δίκην
903 702 909 709 -

127 725 163 755 ὧν
173 730 203 756 τὸ
219 731 269 766 μὲν
288 732 327 768 τῷ
340 735 508 770 γεραιοτέρῳ
523 737 660 770 πατρόθεν
675 738 824 773 ἀφώριστο,
840 725 876 765 τό
890 739 911 766 δ’

127 775 219 812 ἕτερον
232 778 484 816 ἀντεπαρεκάθητο,
504 783 666 816 συγγενείας
681 784 753 820 λόγῳ
772 786 912 820 προσῆκον

126 822 165 856 τῷ
180 822 233 858 ’μῷ
244 824 400 862 καθηγητῇ.
417 828 474 854 Καὶ
488 828 505 863 ἡ
519 829 594 861 θέσις
610 830 751 865 ἑκατέρων
768 832 913 867 ἀντιπρόσ-

126 876 210 901 ωπος,
223 868 270 896 τοῦ
306 870 356 905 μὲν
371 873 486 905 ἐκεῖθεν,
500 873 545 899 τοῦ
570 874 593 900 δ’
616 874 692 902 ἐνθεν
714 878 840 911 κειμένου
862 877 912 913 τῆς

125 914 167 941 διὰ
186 915 269 943 λίθων
288 918 443 953 μαρμάρων
472 921 597 955 οτρωτῆς
620 916 691 954 ὀδοῦ,
717 919 750 957 ἦς
776 923 908 959 ἐπιπολῆς

126 961 198 997 ῑερὺς
214 963 280 994 νεὼς
291 964 330 999 τῷ
347 965 537 1000 μεγαλωνύμῳ
550 967 669 1002 μάρτυρι
683 968 812 1004 Γεωργίῳ
827 969 908 1004 μέχρι

125 1009 172 1035 καὶ
189 1009 236 1036 νῦν
256 1011 373 1045 ἵδρυται.
392 1009 437 1039 0⁷6-
463 1013 605 1047 προεστὼς
632 1015 662 1046 ἐξ
688 1013 827 1041 ἀνατολῶν
841 1014 908 1042 κίων

127 1055 272 1091 μάρμαρος
288 1058 319 1083 ὲκ
338 1057 435 1084 λευκοῦ
464 1059 615 1094 ἀνεστήλου
639 1060 709 1088 κατὰ
727 1060 849 1094 κεφαλῆς
870 1060 908 1092 ὡς

125 1098 167 1127 οἷα
183 1103 229 1128 καὶ
253 1104 428 1138 κιονόκρανον
448 1103 606 1140 μαρμάςιιον
629 1107 742 1138 πίνακα,
766 1107 908 1133 στίλϐοντα

125 1147 247 1180 ἡλιῶδες,
263 1146 419 1185 σταυροῦ
432 1151 518 1182 τύπος
533 1151 623 1186 τίμιος
640 1153 837 1188 ἐγκεχάρακτο.
853 1153 908 1180 Καὶ

124 1191 157 1227 ἦν
171 1194 202 1220 ἐκ
217 1194 292 1221 τοῦδε
306 1196 361 1226 τοῖς
377 1197 438 1223 ἐκεῖ
449 1197 544 1230 κλῆσις
554 1197 718 1232 παρώνυμος
732 1199 839 1225 πίνακι.
854 1199 910 1225 Καὶ

124 1241 137 1266 ό
152 1239 218 1266 κίων
231 1240 282 1274 μὲν
294 1241 397 1274 ἐκεῖνος
416 1243 503 1278 χρόνῳ
517 1243 614 1278 μακρῷ
631 1244 754 1274 πεισθεὶς
770 1244 909 1272 κελεύοντι

125 1285 274 1320 τρομαλέος
292 1287 402 1316 ὁθενοῦν
415 1288 529 1322 γίνεται,
543 1290 590 1316 καὶ
603 1291 697 1316 πίπτει
713 1291 819 1326 (χρόνος
832 1288 910 1324 οὗτος

123 1334 154 1359 οὐ
173 1334 300 1368 μακρὸς),
320 1334 366 1361 καὶ
377 1335 522 1371 Θραυσοεὶς
547 1337 639 1363 οὐκέτι
668 1338 820 1364 ἀνίσταται.
845 1338 910 1365 Συν-

125 1380 228 1414 απῆλϐε
244 1381 272 1407 δὲ
300 1381 375 1416 αὐτῷ
389 1382 435 1409 καὶ
448 1383 461 1408 ὁ
474 1383 613 1418 κιονικτης
629 1384 746 1422 ρ’ταυρός
757 1392 763 1400 ·
777 1384 823 1411 καὶ
835 1384 910 1419 ὅμως

124 1426 244 1462 τοῦνομα
258 1426 297 1461 τῷ
313 1428 388 1463 τόπῳ
400 1428 505 1455 ἐκεῖθεν
519 1429 635 1461 σώζεται
662 1430 708 1456 καὶ
723 1429 847 1457 καλεῖται
862 1431 911 1457 Πι-

125 1473 254 1501 νακῖδιον.
270 1475 378 1509 Ὀνομα
402 1475 482 1502 τοῦτο
506 1476 583 1502 κενὸν
602 1477 776 1511 πράγματος,
789 1478 910 1510 ἐγκατα-

123 1519 275 1553 χωσθέντος
300 1520 347 1547 τοῦ
366 1521 448 1556 ἔργου
475 1521 587 1557 ὀλέθρῳ,
607 1519 651 1549 οἶα
676 1523 723 1550 καί
748 1532 801 1549 τινι
817 1524 907 1558 τάφῳ.

964 283 1111 311 exponere,
1125 285 1157 304 ex
1176 285 1230 312 quo
1250 277 1337 312 primo
1350 277 1430 304 taletn
1446 279 1556 311 concepi
1570 281 1754 309 mentem,ex~

964 323 1095 358 perientia
1108 323 1246 358 colligens,
1261 331 1340 358 qttant
1352 323 1439 350 omnis
1451 323 1543 357 scripti
1559 323 1751 358 prteambulum

966 370 1100 397 novimus.
1129 370 1213 397 Erant
1236 369 1359 404 magistri
1390 369 1597 403 dttosapicntes.
1621 373 1646 395 et
1673 369 1753 395 ambo

965 416 1027 450 viri,
1046 425 1114 444 tmtts
1131 417 1240 451 quidem
1263 416 1329 442 ntihi
1345 416 1504 451 pra‘posittts
1518 415 1550 441 ad
1569 414 1752 448 disciplinam,

964 469 992 491 et
1004 464 1071 491 alter
1086 464 1161 491 utilis
1181 469 1289 498 propter
1308 463 1541 491 consuetudinem.
1558 462 1590 488 Et
1610 462 1751 488 amborum

964 514 1023 536 erat
1040 511 1218 544 quodcunque
1238 510 1381 541 dilectum,
1408 509 1464 535 sive
1488 507 1561 541 quod
1594 507 1676 539 domi,
1696 507 1752 533 sive

964 556 1035 590 quod
1048 557 1259 595 extradomtttn,
1281 563 1332 582 uno
1352 556 1446 587 verbo,
1480 559 1566 581 totum
1592 554 1654 579 vitae
1680 561 1753 579 cont-

965 603 1106 629 mercitttn.
1126 602 1203 629 Venit
1216 610 1298 636 porro
1323 602 1465 628 vindemiae
1480 606 1595 634 tempus,
1614 605 1640 627 et
1655 607 1752 627 set-nn-

964 649 1026 676 dttm
1040 649 1178 683 utrittsquc
1199 655 1313 681 morem,
1328 655 1342 674 ο
1379 649 1495 674 maxima
1508 647 1646 674 civitatum
1684 653 1751 672 cou-

965 699 1098 722 venerunt
1113 696 1138 722 in
1154 695 1265 729 prmtlia,
1283 702 1335 721 non
1354 694 1469 721 multum
1487 693 1607 727 quidem,
1626 693 1672 719 sed
1691 699 1750 718 mo-

964 741 1066 774 dicttm,
1080 741 1271 768 suburbiorum
1289 741 1386 769 instar.
1401 747 1414 766 a
1434 738 1594 773 Megalopoli
1609 737 1748 764 distantia.

964 786 1086 819 Quorum
1101 794 1184 812 ttnum
1206 790 1264 812 erat
1280 784 1379 812 seniori
1395 792 1454 812 sors
1470 783 1595 811 devoluta
1617 788 1726 817 paterna
1741 790 1749 814 ;

964 831 1079 858 alterum
1110 835 1200 857 autem
1229 830 1335 857 ratione
1381 829 1589 864 propinquitatis
1617 829 1751 861 obtigerat

964 882 1026 902 meo
1063 875 1233 909 prteeeptori.
1273 874 1420 909 Utriusque
1458 874 1526 901 situs
1561 881 1594 900 ex
1632 873 1750 900 adverso

962 926 1032 955 erat,
1048 922 1111 948 hinc
1125 925 1153 948 et
1170 920 1231 948 inde
1246 920 1321 955 juxta
1334 920 1405 947 viam
1426 919 1562 954 lapidibus
1587 920 1750 947 marm0reis

959 971 1084 996 stratam.
1104 974 1186 1001 super
1203 973 1284 1000 quam
1301 966 1372 993 aedes
1391 972 1470 993 sacra
1497 964 1647 992 fortissimo
1674 972 1749 990 mar-

960 1014 1011 1049 tyri
1030 1013 1147 1048 Georgio
1161 1020 1247 1047 usque
1263 1020 1334 1040 nunc
1349 1012 1476 1046 assurgit.
1489 1012 1569 1044 Ante,
1585 1011 1618 1039 ab
1632 1012 1748 1044 oriente,

960 1066 1112 1086 marmorea
1128 1058 1254 1086 columna
1268 1058 1370 1086 coloris
1395 1058 1461 1090 albi,
1485 1058 1576 1092 capite
1592 1058 1674 1092 cippi,
1691 1063 1750 1084 tan-

959 1111 1040 1139 quam
1065 1110 1247 1130 marmoreum
1284 1103 1438 1138 capitellum
1461 1103 1584 1137 pittacem
1605 1102 1747 1130 oﬂerebat.

959 1149 1024 1177 solis
1040 1148 1146 1184 fulgore
1160 1149 1323 1182 radiantem,
1342 1148 1385 1176 etti
1411 1148 1578 1176 venerabilis
1595 1154 1674 1183 typus
1687 1155 1750 1175 cru-

959 1197 1000 1223 cis
1015 1201 1074 1223 erat
1090 1196 1252 1231 insculptas.
1279 1195 1313 1222 Et
1340 1199 1398 1222 erat
1413 1195 1510 1222 exinde
1526 1195 1577 1221 loci
1597 1201 1749 1228 cognomen

960 1243 1052 1271 Pittaci
1070 1249 1203 1271 mututtnt.
1221 1240 1389 1271 Et-colttntna
1415 1241 1524 1276 quidem
1549 1241 1628 1276 longo
1652 1241 1749 1268 cedens

961 1289 1078 1325 tentpori
1099 1289 1218 1324 undique
1236 1289 1350 1316 tremula
1368 1288 1439 1316 facta
1455 1293 1508 1319 est,
1523 1291 1552 1315 et
1566 1287 1666 1315 cecidit
1682 1287 1748 1322 (non

961 1335 1057 1370 procul
1072 1336 1151 1362 abest
1162 1334 1278 1370 tempus)
1290 1343 1297 1367 ;
1307 1340 1333 1362 et
1348 1334 1564 1361 fracta'nontlutn
1577 1337 1666 1360 erecta
1678 1338 1747 1359 stat:

961 1381 1051 1416 lapsus
1079 1386 1121 1409 est
1137 1385 1227 1407 autem
1242 1388 1303 1407 cunt
1321 1380 1364 1407 illa
1380 1380 1469 1407 crucis
1483 1379 1641 1413 eapitttlaris
1658 1384 1747 1413 typus,

961 1432 987 1455 et
1004 1432 1093 1454 tamen
1107 1426 1167 1454 1000
1182 1434 1279 1454 nomen
1302 1426 1400 1454 exhinc
1448 1431 1585 1453 servatum
1603 1430 1643 1452 est
1659 1429 1685 1451 οι
1701 1432 1749 1451 νο-

961 1476 1038 1500 catur
1062 1472 1245 1499 Pinaeidium.
1281 1472 1383 1500 Nomen
1408 1477 1450 1499 est
1477 1480 1507 1499 re
1535 1479 1659 1504 vacuum,
1689 1479 1749 1504 qua)

961 1518 1036 1552 operi
1062 1518 1089 1545 in
1108 1518 1213 1545 ruinam
1230 1522 1367 1553 aggerata,
1383 1517 1462 1545 sicuti
1490 1518 1595 1546 cuidam
1631 1516 1746 1547 tumulo.

124 1565 170 1590 καὶ
185 1564 270 1591 τύπον
288 1563 344 1592 οἷον
361 1567 488 1600 κενηρίου
517 1566 728 1601 πιρισώζοντος.
744 1568 791 1599 Εἰς
816 1568 848 1603 δὴ
866 1568 907 1594 τό-

961 1564 1037 1598 quasi
1056 1568 1147 1599 typum
1166 1564 1321 1599 ceuotapltii
1352 1568 1504 1592 conservat.
1524 1564 1552 1591 ltt
1567 1564 1637 1591 hunc
1658 1564 1746 1590 locum

123 1619 174 1637 πον
190 1611 284 1637 τοῦτον
300 1612 504 1647 παρεγενέσθην
521 1612 605 1647 ἄμφω
624 1614 649 1640 οἱ
668 1615 755 1648 σοφοὶ,
770 1615 816 1640 καὶ
832 1614 909 1640 καθι-

123 1657 256 1692 ζὴσαντες
284 1658 331 1685 ἐπὶ
346 1658 397 1693 τὴν
424 1658 607 1695 λιθόστρωτον
629 1659 677 1686 ἐπὶ
700 1660 858 1695 καχλήκων,
883 1660 908 1688 οἱ

123 1703 244 1738 σωρηδὸν
255 1704 313 1729 ἐκεῖ
323 1704 511 1731 ὲστοιὸάδοιται
522 1713 529 1720 ·
541 1706 589 1731 καὶ
601 1705 654 1732 ὑπὸ
668 1706 737 1741 συκῇ
754 1706 906 1739 γεγονότες,

122 1745 156 1783 ἧς
174 1749 329 1775 ἀπετελεῐτο
345 1749 408 1776 σκιά
430 1758 471 1779 τις
488 1751 647 1786 ἀμφιλαφὴς
663 1752 709 1779 καὶ.
738 1752 780 1778 οἵα
796 1752 907 1778 σκέπειν

121 1795 231 1826 ἀλύπως
240 1795 301 1827 τοὺς
312 1795 355 1821 ἐπ’
363 1796 432 1831 αὐτῇ
443 1796 590 1828 ὲνδοιάζοντ
596 1806 637 1829 ας,
648 1797 767 1832 ὡμίλουν
781 1797 906 1833 ἀλλήλοις

120 1842 156 1867 τὰ
171 1841 255 1867 πλείω
273 1841 321 1876 μὲν
338 1842 503 1876 καταμόνας,
527 1842 592 1878 ὼςῆ
609 1844 763 1878 φιλοσοφεῖν
777 1845 907 1879 αὺτοσχέ-

121 1888 176 1918 δια,
192 1887 207 1921 ἢ
225 1887 282 1922 βίου
304 1887 414 1922 τρίϐους
443 1891 643 1924 πεμηγεῖσθαι.
659 1889 757 1916 Ἤθελε
769 1891 796 1917 δὲ
812 1891 905 1923 αὐτοῖς

119 1933 136 1967 ὴ
156 1932 298 1965 φιλόσοφος
312 1932 455 1966 ἀττειότης
471 1934 516 1962 και
529 1942 555 1960 τι
572 1935 639 1969 πρὸς
654 1936 734 1971 χάριν
749 1936 832 1972 ᾄδειν,
856 1945 906 1963 κα-

119 1977 344 2011 ταμωκωμένους
359 1978 413 2005 τῶν
427 1979 486 2006 ὅσοι
499 1980 569 2006 κατὰ
584 1982 634 2012 τὰς
644 1981 721 2012 ὀδοὺς
737 1983 906 2018 προφοροῦν-

118 2028 166 2048 ται
184 2018 235 2048 ὦδε
249 2022 296 2048 καὶ
311 2019 373 2053 ὦδε,
398 2023 590 2056 πλανύττοντες
619 2025 648 2051 ὲν
674 2026 828 2061 πράγμασι,
857 2028 905 2054 καὶ

120 2067 180 2101 βίου
194 2067 274 2093 τοῦτο
291 2067 393 2102 δίασμα
405 2069 646 2104 περιστρέφοντες,
660 2071 729 2098 ὥστε
744 2074 903 2108 τρέφεσθαι.

119 2112 182 2138 Τῶν
195 2112 222 2138 δὲ
238 2112 373 2146 άγελαὶων
388 2114 500 2140 ἐκείνων
513 2115 608 2143 ὃδιτῶν
620 2117 746 2150 ἀστείους
762 2120 906 2154 μυκτῆρας

118 2158 303 2191 ἀκροωμένων
319 2158 343 2184 οι
365 2158 414 2192 μὲν
443 2159 598 2194 σεμνότεροι
615 2162 663 2188 καὶ
689 2164 789 2195 εἰδότες
806 2164 844 2190 τὼ
859 2165 906 2192 λα-

118 2203 213 2228 λοῦντε
233 2203 325 2238 ἄνδρε,
342 2203 467 2231 ἐσιώπων
484 2205 531 2231 καὶ
548 2208 744 2241 προσεκύνουν,
759 2210 806 2236 καὶ
831 2210 903 2237 οὕτω

115 2248 253 2282 τιμῶντες
271 2249 473 2284 ἀπηλλάττοντο
483 2257 491 2265 ·
506 2251 529 2277 οῐ
545 2252 572 2278 δὲ
586 2254 654 2279 κατὰ
670 2255 783 2289 νεότητα
807 2255 903 2290 θερμοὶ

116 2294 290 2328 ἀντεφώνουν
302 2296 404 2330 ἡρέμα,
421 2295 468 2322 καὶ
516 2296 562 2323 τοῦ
578 2297 657 2330 λόγου
674 2299 752 2334 χάρις
767 2300 903 2334 ἀπεγέννα.

114 2340 194 2369 τινὰς
215 2341 244 2366 ὲν
259 2340 373 2371 ἐκεινοις
401 2341 525 2376 χάριτας,
542 2343 638 2377 ἱλαρὰς
667 2344 727 2379 μὲν,
742 2346 792 2372 οὐκ
809 2347 861 2379 ἔξω
874 2347 903 2374 δέ

119 2392 190 2415 τινος
204 2383 358 2418 ἀγροικίας.
372 2386 474 2415 ὁποίαν,
486 2387 500 2412 ὁ
522 2388 673 2423 γεωργικὸς
688 2389 822 2426 ἀκόρητος
846 2391 902 2426 βίος

113 2426 171 2454 οἶδε
186 2429 324 2462 τημελεῖν.
343 2429 437 2456 Πολλοὶ
449 2430 478 2457 δὲ
498 2431 544 2458 καὶ
570 2433 610 2463 εἰς
634 2433 663 2459 τὸ
681 2435 840 2471 συνάμωρον
854 2437 901 2463 ὲκ-

113 2474 253 2505 κλίνοντες
270 2475 463 2510 ἐϐλασφήμουν
488 2477 536 2503 καὶ
553 2478 629 2504 αὐτοὶ
646 2480 813 2516 ἀδιαφόρως.
827 2482 865 2513 ὡς
884 2483 900 2517 ἠ

111 2519 183 2554 τρὺξ
195 2520 323 2546 ὑπελάλει
336 2520 410 2548 ἔνδον
424 2521 522 2553 ζέουσοι
532 2530 538 2538 ·
555 2524 600 2549 καὶ
612 2521 646 2558 ἦν
659 2526 714 2556 τοῖς
727 2528 817 2560 σοφοῖς
831 2528 903 2554 ἐκεῖ-

111 2565 161 2591 θεν
178 2565 264 2599 γέλως
284 2567 461 2602 μειδιάματος
477 2569 526 2603 μὲν
547 2570 735 2605 σφοδρότερος,
763 2572 858 2607 μῶμον
873 2574 900 2600 δὲ

109 2611 164 2636 οὐκ
184 2611 390 2646 ἐπισυρόμενος,
404 2614 560 2649 Παρίστατο
575 2615 623 2641 ἐπὶ
646 2616 750 2649 τούτοις
766 2618 813 2644 καὶ
836 2627 898 2645 νεα-

110 2657 175 2688 νίας
190 2656 240 2683 οὐκ
256 2657 382 2694 ἀγεννὴς,
395 2660 566 2694 γραμμάτων
582 2661 637 2687 τῶν
657 2662 706 2696 μὲν
723 2663 773 2698 ἤδη
801 2672 900 2698 γεγευ-

111 2702 208 2737 μένος,
227 2702 283 2730 τῶν
311 2703 339 2730 δὲ
370 2705 486 2739 μέλλων,
504 2708 549 2732 καὶ
574 2707 677 2743 δολιχὸν
693 2709 792 2745 εὐτυχῆ
808 2711 901 2737 τοῦτον

108 2748 214 2775 ἁνύσαι
242 2751 490 2786 καραδοκούμινος.
513 2753 665 2790 Ἐϐάρῤηςε
698 2755 729 2791 δὴ
761 2757 806 2783 καὶ
829 2757 902 2784 ἐκεῖ·

108 2803 171 2827 νος,
190 2796 260 2829 ἐπεὶ,
278 2797 339 2823 καθ’
355 2796 481 2834 ’Όμηρον
511 2800 609 2835 εἰπεῖν,
631 2802 703 2837 νεοίη
738 2803 784 2830 καὶ
799 2803 901 2831 ἐκεῖνον

152 2887 191 2914 tl)
209 2887 293 2914 Αὐτοῦ

917 2238 943 2268 D

960 1612 1126 1639 devenerunt
1141 1612 1220 1639 ambo
1237 1613 1385 1646 sapientes,
1413 1617 1440 1639 et
1456 1613 1482 1639 in
1503 1612 1655 1639 litImstroto
1669 1611 1748 1639 sede-

959 1661 1024 1683 runt
1055 1664 1137 1690 super
1169 1657 1285 1690 lapillos,
1315 1658 1360 1692 qui
1393 1657 1540 1692 aggeratim
1559 1657 1594 1684 ibi
1627 1656 1747 1692 congesti

959 1707 1041 1734 sunt;
1058 1707 1085 1729 et
1115 1703 1165 1729 sub
1194 1702 1244 1730 ﬁcu
1277 1703 1354 1730 strati
1382 1703 1459 1738 cujus
1477 1702 1570 1730 umbra
1587 1703 1748 1737 producitur

958 1749 1047 1784 ampla
1064 1749 1187 1784 talisque,
1206 1754 1235 1775 ttt
1251 1749 1391 1777 commode
1417 1754 1484 1783 tegat
1501 1756 1547 1776 eos
1564 1750 1609 1782 qui
1625 1748 1675 1776 sub
1689 1749 1745 1782 ipsa

958 1795 1105 1827 disserunt,
1122 1800 1215 1822 mutuo
1232 1795 1487 1827 confabttlabantttr,
1505 1794 1664 1829 plerumque
1682 1795 1746 1826 soli,

958 1846 987 1868 ut
1006 1841 1046 1868 vel
1073 1841 1156 1869 libere
1185 1841 1451 1876 philosopharentur,
1476 1840 1517 1867 vel
1545 1841 1606 1868 vita;
1637 1841 1747 1868 semitas

957 1887 1134 1922 explicarent.
1160 1886 1274 1914 Volebat
1288 1891 1377 1914 autent
1402 1887 1475 1921 ipsos
1491 1887 1676 1921 philosophica
1695 1894 1742 1912 nr-

959 1934 1067 1961 battitas
1084 1933 1185 1968 aliquid
1210 1940 1309 1960 canere
1336 1933 1496 1968 gratiosum,
1526 1933 1644 1960 ridentes
1675 1932 1745 1964 illos,

957 1980 1110 2015 quicunque
1132 1986 1181 2014 per
1197 1979 1253 2005 vias
1268 1979 1332 2005 illnc
1348 1978 1482 2011 feruntur,
1501 1978 1617 2011 negotiis
1641 1985 1745 2005 vacan-

958 2031 1008 2058 tes,
1024 2031 1051 2054 et
1077 2027 1128 2054 hoc
1143 2026 1205 2053 vita:
1226 2026 1328 2058 licium,
1356 2030 1385 2052 ttt
1398 2025 1559 2057 educentur,
1590 2025 1745 2052 circumdu-

957 2076 1035 2100 cunt.
1067 2070 1158 2099 Turba
1186 2071 1321 2098 viatorutn
1351 2070 1459 2098 illorum
1488 2071 1606 2097 urbanas
1634 2069 1745 2097 facetias

956 2117 1124 2145 audientium
1143 2116 1314 2144 honestiores
1328 2116 1438 2151 quidem
1455 2116 1523 2143 duos
1537 2115 1659 2142 videntes
1675 2115 1745 2140 viros

956 2164 1152 2198 colloquentes,
1163 2163 1279 2190 silebant
1294 2167 1320 2189 et
1331 2162 1496 2195 salutabant,
1512 2166 1538 2189 et
1551 2162 1590 2189 sic
1611 2162 1744 2189 honoran-

959 2215 998 2238 tes
1015 2209 1188 2245 prteteribant
1200 2217 1207 2241 ς
1218 2208 1263 2243 qtti
1293 2215 1356 2235 vero
1367 2207 1508 2242 jttventute
1530 2207 1678 2239 fervebant,
1694 2207 1744 2234 levi

957 2261 1069 2281 susurro
1093 2253 1300 2287 respondebant,
1316 2259 1343 2280 et
1357 2254 1490 2280 serntonis
1508 2253 1594 2288 gratia
1612 2254 1743 2287 quasdam

957 2301 984 2329 in
1001 2302 1066 2336 ipsis
1079 2301 1179 2335 gratias
1203 2301 1379 2335 producebat.
1407 2299 1516 2335 jocosas
1545 2299 1665 2334 quidem,
1697 2300 1745 2325 sed

956 2355 1009 2374 nott
1026 2352 1102 2375 extra
1118 2348 1260 2382 quamdam
1285 2346 1475 2378 rusticitatem,
1499 2347 1605 2381 qualem
1631 2346 1744 2381 agrestis

955 2398 983 2420 et
999 2401 1051 2420 non
1065 2392 1184 2427 expolita
1200 2393 1253 2419 vita
1271 2392 1420 2427 producere
1433 2391 1511 2419 solet.
1531 2391 1604 2418 Multi
1622 2399 1684 2418 vero
1697 2392 1744 2418 tle-

955 2440 1087 2467 clinantes
1103 2440 1135 2466 ad
1157 2440 1346 2473 praedatorem,
1369 2439 1593 2474 blasphemabant
1610 2439 1673 2474 ipsi,
1688 2446 1742 2466 non

955 2493 1034 2513 secus
1049 2492 1079 2512 ac
1094 2485 1144 2511 iter
1168 2489 1318 2511 murmurat
1347 2484 1420 2511 intus
1445 2489 1578 2518 a’stttans;
1594 2489 1621 2512 et
1644 2485 1743 2512 exinde

955 2531 1125 2565 Sapientibus
1139 2535 1198 2557 erat
1213 2530 1292 2560 risus,
1309 2529 1397 2556 medio
1421 2530 1528 2564 quidem
1560 2530 1615 2557 risu
1632 2529 1739 2561 fortior,

955 2578 1002 2604 sed
1017 2584 1068 2603 ttott
1092 2579 1153 2609 post
1173 2582 1201 2602 se
1217 2575 1444 2610 vituperationem
1467 2576 1590 2603 trahens.
1608 2575 1740 2610 Superve-

954 2623 992 2650 nit
1021 2626 1111 2649 autem
1128 2626 1154 2649 et
1167 2621 1274 2656 juvenis
1301 2629 1354 2649 non
1386 2622 1522 2656 ignobilis,
1545 2620 1644 2650 litteris
1672 2629 1739 2657 pau-

955 2671 1023 2696 culis
1049 2669 1158 2704 quidem
1183 2668 1238 2702 jam
1266 2668 1411 2700 delibutus,
1429 2669 1490 2696 aliis
1514 2673 1602 2695 autem
1630 2667 1739 2694 studere

956 2722 1077 2750 paratus,
1096 2720 1123 2743 et
1138 2715 1188 2742 hoc
1212 2715 1274 2742 ielix
1293 2715 1458 2743 curriculum
1489 2715 1618 2750 perlicere
1632 2712 1738 2740 fortiter

955 2761 1092 2787 :tunitcns.
1110 2759 1199 2786 Ausus
1212 2764 1355 2787 autemest
1389 2759 1445 2790 ille.
1473 2759 1616 2792 siquidem,
1644 2760 1672 2782 ut
1701 2755 1738 2781 ait

957 2805 1099 2837 llonterus,
1125 2804 1198 2831 illum
1219 2803 1330 2838 juventa
1363 2804 1462 2831 devicit
1491 2802 1620 2829 advertas
1647 2798 1739 2826 senio-
