1952 3076
92 122 142 155 457

586 120 737 151 CONTRA
761 120 1011 157 lNJURIARUM
1028 123 1248 155 MEMORIAM.

1667 122 1720 163 4.53

91 182 147 212 σθε,
164 179 241 211 ὅλους
262 178 302 210 είς
317 177 370 212 γῆν
387 177 561 213 καταῤῥὲειν,
585 179 632 204 καὶ
659 178 731 204 οὕτω
746 178 877 212 κατάγειν

940 183 1000 217 sitis,
1018 190 1088 213 totos
1117 186 1142 212 in
1166 189 1264 213 terram
1294 189 1342 209 vos
1355 185 1536 217 prosternere,
1553 181 1646 215 sicque
1678 182 1717 208 di-

91 226 194 253 ἄνωθεν
211 225 256 251 τὸν
279 224 350 250 οεῐον
365 223 440 249 ἔλεον
450 230 457 238 ·
472 224 546 257 ἡμᾶς
566 223 594 250 δὲ
609 223 692 256 ἄφετε
714 224 876 259 ἀνθρώπους

91 269 168 301 εἶναι,
186 269 233 296 καὶ
246 268 380 304 τιμᾶσθαι
395 267 589 303 ἀνθρωπικῶς,
606 269 633 295 εἴ
644 277 695 295 που
710 269 757 295 καὶ
773 268 875 304 χρεών.

91 319 120 344 Εἰ
136 316 164 344 δὲ
180 317 226 343 καὶ
241 315 328 341 ταῦτα
345 314 430 341 εἰπὼν
447 315 511 349 περὶ
535 315 586 349 τῆς
613 315 810 351 ἀναμαρτήτου
821 315 876 341 τῶν

91 363 180 390 κακῶν
209 362 329 397 μνήμης,
342 360 464 391 ὕποπτος
487 360 527 386 ἔτι
542 361 570 391 ἐς
590 362 775 396 μνησικακίαν
806 361 874 396 sitsi,

91 412 136 437 ἐπε
150 410 182 444 δὴ
201 408 385 444 μεμνημένος,
412 407 449 441 μὴ
476 408 542 440 πᾶν,
563 408 577 434 ὅ
595 416 622 434 τι
652 407 794 440 βούλεσθε,
812 408 877 442 tiva

91 455 197 490 εφίημι,
212 455 268 481 ἀλλ’
282 453 337 488 ἐγὼ
352 452 398 479 τοῦ
414 451 503 479 ταῦτα
530 452 653 485 δοξάζειν
682 454 732 480 οὐκ
758 453 878 489 ἀποστή-

91 510 183 537 σομαι.

123 550 170 574 π’.
187 547 265 581 Λέγω
280 547 308 574 δὲ
327 547 408 574 πάλιν
429 545 584 578 ἀναλαϐὼν,
603 546 642 577 ὡς
655 547 705 572 οὐκ
720 546 764 579 ἂν,
780 545 841 572 οὐδὲ
854 546 878 571 εἰ

91 594 176 628 μυρία
190 593 266 620 δεινά
282 593 364 620 ποθεν
391 592 557 628 ἀκούσομαι,
573 591 746 627 ἀνασχοίμην
762 591 879 619 καταθέ-

91 639 163 669 σθαι.
180 638 278 665 ταύτὸν
304 637 377 665 εἶναι
402 638 612 674 (συνῃρημένως
639 637 741 672 λέγειν)
778 645 877 672 μνησι-

90 686 197 718 κακείν,
224 686 271 712 καὶ
290 685 324 711 αὖ
350 685 433 712 πάλιν
452 685 481 710 ὲν
499 683 623 711 διαλύσει
645 683 803 719 μεμνῆσθαι
829 692 880 710 κα-

90 730 152 758 κοῦ.
185 730 256 756 Ἀλλ’
270 731 357 757 ἐκεῖνο
383 730 433 759 μὲν
460 730 584 764 καμήλου
612 729 725 764 τίθεμαι
753 729 802 756 καὶ
823 729 880 756 τῶν

90 779 140 805 ὅσα
153 777 280 808 τοιαῦτα,
290 777 338 803 καὶ
351 776 496 812 ἀνθρώπου
511 775 539 802 δὲ
552 775 721 810 ψευδομένου
742 774 790 811 τὴν
803 774 880 802 θείαν

91 823 204 854 πλάσιν,
222 822 285 849 καθ’
301 823 334 858 ἢν
351 822 391 853 εις
408 822 591 856 ἀγαθοποιϊαν
617 821 761 856 εἴργασται
775 828 782 835 '
797 820 879 852 αὐτὸς

90 869 118 896 δὲ
133 869 276 903 μέμνημαι
292 868 448 904 ἀπονήρως,
464 868 490 894 el
504 868 529 894 τί
544 876 596 894 που
613 866 698 894 κακὸν
713 866 729 902 ἢ
747 866 882 901 σύμϐαμα

91 916 108 951 ἢ
126 914 339 949 παρασύμϐαμα
353 913 459 949 προέϐη
475 913 519 940 ἐπ’
533 912 606 947 ἐμοί.
622 911 676 939 Καί
691 920 749 942 πως
761 911 802 942 είς
815 919 882 945 φαν-

91 962 189 988 τασίαν
206 961 310 996 ζωῖκὴν
337 960 399 995 ὲμοὶ
415 960 449 986 τὰ
472 959 522 994 τῆς
541 958 669 992 τοιαύτης
688 957 798 992 μνήμης
819 957 883 985 ἀπο.

91 1006 216 1041 τελευτᾷ,
245 1004 490 1040 συναποληγούσης
520 1004 602 1035 εὐθὺς
628 1001 667 1037 τῷ
696 1001 882 1037 φαντάσματι,

91 1049 159 1078 Οἶδα
173 1051 227 1085 γὰρ
245 1050 274 1077 εὖ
295 1050 379 1085 μάλα,
405 1049 444 1082 ὼς
460 1049 578 1084 δαιμονᾷ
603 1048 711 1078 ἕκεῖνος
726 1046 882 1080 ἄνθρωπος,
904 1070 907 1072 ,

92 1098 140 1124 καὶ
154 1097 184 1123 ὲν
198 1095 288 1131 ἑαυτῷ
303 1095 382 1131 φέρει
392 1095 440 1122 τὸν
455 1094 565 1122 αἰώνιον
580 1093 678 1125 κακὸν,
693 1093 739 1120 τὸν
754 1092 884 1119 οὐδέποτε

92 1142 269 1178 ἀγαθοποιὸν,
284 1141 329 1168 τὸν
343 1141 387 1169 ἀεὶ
403 1140 534 1176 πολέμιον
547 1148 554 1155 ·
570 1140 611 1172 ὃς,
627 1139 654 1166 sl
666 1138 693 1166 τί
710 1147 762 1165 που
776 1137 884 1170 ὲσάπαξ

92 1189 177 1216 πάθοι
205 1187 367 1224 ἀϐούλητον,
384 1187 471 1222 λαϐὴν
494 1187 598 1221 ταύτην
623 1185 695 1222 ἔχων
709 1183 824 1212 κακύνιι
839 1183 884 1210 διὰ

93 1235 155 1271 βίου
167 1235 214 1262 τὸν
228 1234 317 1271 βραχὺ
334 1233 436 1275 βλάψαι
453 1233 607 1268 φθάσαντα,

130 1371 308 1405 νς¹.οὗκοῦν
342 1369 522 1406 μνησικακεῖν
542 1366 612 1395 εῖναι
647 1365 706 1394 οἶδα
734 1366 766 1393 τὺ
792 1365 887 1393 ἀποδι-

93 1419 173 1448 δόναι
189 1418 260 1454 μετὰ
274 1418 398 1446 κάκωσιν
421 1415 608 1450 ἀνταπόδομα,
631 1414 645 1441 ὃ
670 1414 703 1450 δὴ
716 1414 771 1440 τῶν
785 1413 888 1448 ἀμυνο-

97 1466 190 1502 μένων
204 1464 274 1496 ἐστὶ,
289 1464 336 1490 καὶ
353 1463 442 1494 ἄλλως
457 1462 497 1496 δὲ,
510 1462 547 1493 ὡς
564 1461 578 1488 6
594 1460 703 1496 μελικὸς
719 1459 797 1494 ἅγιος
810 1457 887 1493 βασι-

927 230 1016 257 vittam
1044 230 1258 260 misericordiam
1293 228 1397 263 coalitus
1420 227 1570 264 invocare;
1589 233 1637 254 nos
1660 233 1722 253 vero

927 275 1008 303 sinite
1030 276 1154 303 homines
1176 281 1236 302 esse
1258 274 1441 306 humanequc,
1458 272 1479 299 si
1498 276 1616 309 oportet,
1633 270 1722 298 hono-

928 322 994 349 rari.
1014 321 1090 354 Quod
1105 322 1127 349 si
1147 321 1211 351 talia
1225 321 1318 351 dicens
1342 325 1424 351 super
1450 317 1605 351 inculpabili
1635 317 1722 345 malo-

929 375 988 394 rum
1007 367 1134 394 memoria
1151 375 1210 394 sum
1228 365 1316 393 adhuc
1343 365 1375 391 de
1393 362 1454 390 mali
1473 363 1602 389 memoria
1627 370 1724 396 suspe-

927 419 1000 447 ctus,
1017 421 1050 441 eo
1065 414 1136 451 quod
1149 420 1265 445 menter,
1282 418 1334 438 non
1353 417 1431 437 omne
1447 408 1518 444 quod
1537 408 1629 440 vultis,
1646 409 1723 442 vobis

929 461 1068 495 permitto,
1085 467 1135 494 ego
1148 463 1238 485 tamen
1257 465 1271 484 a
1290 456 1335 484 tali
1365 456 1492 490 opinione
1506 462 1558 481 non
1585 455 1721 482 recedam.

963 549 1008 577 55.
1026 549 1090 576 Dico
1108 556 1173 576 vero
1187 548 1284 575 iterum
1307 553 1459 577 resumens,
1473 545 1545 580 quod
1573 551 1722 580 nunquam,

928 595 1033 623 etiamsi
1047 593 1129 621 millia
1165 592 1234 620 mala
1265 592 1364 619 exinde
1398 591 1532 622 audirem,
1554 589 1638 623 veluti
1664 596 1722 616 rem

929 641 1089 676 acquisitam
1102 641 1252 672 admittam,
1269 640 1339 666 idem
1372 646 1433 666 esse
1454 638 1616 672 coniunctim
1631 637 1724 664 dicere

931 687 994 715 mali
1014 686 1188 719 meminisse,
1211 684 1411 720 separatimque
1435 691 1540 711 rursum
1569 683 1725 710 meminisse

930 733 1002 760 mali.
1020 731 1088 759 Illud
1102 731 1209 767 quidem
1234 737 1295 758 esse
1312 730 1408 757 cameli
1441 731 1659 763 cunctarumque
1690 728 1726 755 si-

930 778 1045 810 milium,
1057 777 1227 815 hominisque
1243 775 1394 807 mendacis.
1407 774 1453 809 qui
1466 774 1582 805 divinam
1597 773 1726 800 mentitur

934 823 1203 858 creationem,‘juxta
1219 829 1298 856 quam
1318 822 1351 848 ad
1379 820 1605 848 benefaciendum
1625 818 1726 846 forma-

934 875 978 898 tus
997 874 1048 901 est,
1063 876 1150 903 pono;
1167 868 1290 903 equidem
1311 874 1374 895 vero
1387 866 1548 901 simpliciter
1565 865 1688 898 memini,
1703 864 1726 892 si

934 915 1081 951 quodpiam
1106 915 1218 947 malum,
1248 907 1442 944 vel‘aceideus,
1469 912 1512 945 vel
1543 919 1724 946 consequens,

935 961 1046 988 irruerit
1068 961 1095 988 in
1111 968 1165 988 me.
1194 960 1228 987 Et
1241 959 1331 994 aliquo
1357 957 1437 986 modo
1457 958 1490 985 ad
1504 957 1724 992 imaginationem

934 1008 1076 1036 animalem
1092 1006 1269 1035 terminantur
1299 1005 1364 1032 mihi
1387 1012 1447 1039 quae
1480 1008 1543 1038 sunt
1564 996 1723 1045 (huiusmodi

935 1056 1084 1087 memorim,
1102 1055 1231 1082 continuo
1251 1061 1312 1081 cttm
1331 1053 1433 1081 visione
1446 1060 1498 1079 una
1514 1052 1640 1086 ﬁnieptis.
1657 1051 1728 1078 Bene

941 1109 1060 1136 namque
1074 1101 1130 1129 scio
1152 1101 1222 1134 quod
1255 1100 1406 1136 daemonem
1421 1100 1485 1139 agit,
1503 1103 1530 1125 et
1541 1099 1569 1125 in
1582 1098 1728 1137 semetipso

935 1149 988 1176 l'ert
1011 1147 1084 1175 illum
1111 1148 1156 1182 qui
1179 1154 1287 1181 semper
1314 1151 1353 1174 est
1387 1146 1484 1176 malus,
1517 1145 1562 1177 qui
1588 1151 1727 1183 nunquam

941 1194 1091 1226 beneﬁcus,
1108 1193 1151 1228 qui
1176 1200 1282 1227 semper
1312 1191 1437 1227 inimicus
1465 1200 1472 1224 ;
1495 1191 1575 1218 homo
1618 1190 1727 1229 illequi,

935 1241 957 1268 si
979 1241 1064 1268 semel
1092 1239 1192 1274 aliquid
1218 1239 1359 1274 molestum
1386 1237 1467 1265 fuerit
1487 1244 1592 1272 passus,
1619 1236 1727 1274 oecasl-

935 1292 988 1313 one
1017 1285 1091 1317 data,
1117 1290 1165 1319 per
1196 1281 1279 1309 vitam
1308 1288 1380 1314 eum,
1399 1281 1443 1322 qui
1470 1280 1604 1308 modicum
1629 1286 1728 1315 nocere

938 1330 1069 1366 potuerit,
1091 1329 1178 1358 laedit.

970 1375 1015 1404 56.
1034 1368 1136 1410 ltaque‘
1148 1375 1212 1402 mali
1237 1373 1396 1402 meminisse
1418 1381 1478 1402 esse
1510 1372 1578 1406 scio,
1605 1377 1665 1409 post
1688 1374 1730 1409 in-

934 1422 1034 1457 iuriam
1067 1422 1180 1450 reddere
1207 1421 1424 1452 retributionem.
1441 1421 1513 1455 quod
1539 1420 1729 1447 ulciscentium

937 1475 990 1502 est,
1020 1473 1047 1496 et
1063 1469 1142 1501 alias,
1154 1472 1183 1500 ul
1196 1468 1282 1496 dulcis
1298 1472 1462 1504 sanctusque
1488 1474 1533 1494 rex
1559 1467 1651 1498 dicere
1665 1473 1730 1507 sug-

95 1512 161 1544 λεὺς
175 1511 324 1538 ὑποϐάλλει
340 1510 431 1543 λέγειν
457 1508 489 1535 τὸ
505 1506 713 1535 ἀνταποδιδόναι
729 1506 785 1538 τοῖς
802 1505 886 1532 ἀντα-

940 1513 1020 1550 gerit,
1044 1514 1197 1542 retribuere
1215 1513 1427 1541 retribuentibus
1451 1513 1532 1545 mala;
1564 1504 1727 1545 simpliciter

97 1559 238 1586 ποδιδοῦσι
259 1557 335 1585 κακά
349 1565 356 1572 ·
373 1557 405 1583 τὺ
418 1556 446 1583 δέ
462 1563 494 1591 γε
511 1554 604 1586 άπλῶς
622 1552 778 1590 μεμνῆσθαι
798 1552 889 1579 κακώ-

96 1614 169 1638 σεως
187 1605 240 1641 τήν
256 1613 285 1631 τε
300 1604 382 1639 φύσιν
402 1603 459 1638 ἔχει
494 1602 652 1637 συνήγορον,
667 1600 722 1627 εἴτε
738 1597 889 1634 συνέριθον,

97 1650 147 1677 καὶ
159 1649 284 1685 φρενήρη
299 1647 499 1684 χαρακτηρίζει
524 1646 629 1682 ψυχήν.
652 1643 788 1678 Ἑϐλάϐην
801 1652 808 1659 ο
824 1643 892 1678 μνή-

98 1697 183 1732 σομαι
198 1704 275 1722 ποτε.
289 1696 375 1722 Τοῦτο
399 1693 544 1729 φιλοτιμία
563 1692 683 1727 φύσεως.
707 1691 891 1726 Μησάμενος

98 1744 129 1770 οὐ
148 1742 243 1778 βλάψω
255 1750 262 1757 ·
279 1741 358 1768 τοῦτο
385 1739 507 1771 ἐπιεικὲς
534 1739 582 1766 καὶ
603 1737 737 1772 θεοφιλές.
754 1737 785 1763 Εἰ
798 1736 827 1763 δὲ
844 1737 892 1764 καὶ

98 1790 130 1816 τὸ
148 1789 255 1824 βλάψαν
284 1786 484 1822 ὑποϐλέψομαι,
498 1785 544 1812 ὅτι
561 1784 698 1819 προπέσοι
713 1783 764 1818 τῆς
789 1781 890 1818 ὂψεως,

99 1835 159 1862 ἀλλ’
175 1835 242 1861 αὐτὸ
264 1832 379 1864 εὐλαϐὲς
395 1831 443 1859 καὶ
462 1830 641 1865 φυλακτικὸν,
655 1829 703 1856 καὶ
718 1829 779 1856 οὐδὲ
796 1829 892 1864 πόρρω

100 1881 248 1913 συνέσεως.
265 1881 295 1907 Ei
312 1880 366 1915 γὰρ
391 1878 443 1905 ὑπὸ
459 1876 541 1904 παντὶ
563 1876 630 1910 λίθῳ
653 1874 888 1909 κατακοιμᾶσθαιι

99 1929 176 1959 δοκεῖ
212 1926 342 1961 σκορπίος
370 1923 448 1960 παρά
477 1931 509 1958 γε
540 1923 597 1953 τοῖς
618 1921 733 1953 ἑαυτοὺς
756 1920 892 1956 φυλασσο-

102 1975 196 2010 μένοις
216 1973 257 2009 (οὐ
272 1971 408 2008 δήπουθεν
434 1971 491 2005 γὰρ
517 1969 611 2000 ἁπλῶς
631 1967 730 2004 ἀληθὲς
747 1968 776 1994 τὸ
802 1967 893 1994 πάντα

100 2023 178 2050 now
198 2018 399 2055 σκορπιοφόρον
415 2015 512 2052 εἶναι),
536 2016 577 2051 τῷ
597 2015 680 2042 παντὶ
698 2013 800 2049 μᾶλλον
825 2013 894 2039 ὑπο-

101 2066 224 2095 ϐλέποιτ*
243 2066 276 2093 ἄν
291 2073 334 2096 τις
351 2064 436 2095 λίθον,
450 2062 513 2090 ὅθεν
541 2061 670 2096 σκορπίοι
684 2060 759 2090 τινὲς
778 2059 795 2094 ἢ
813 2058 894 2094 προέ-

102 2113 202 2148 ϐησαν,
215 2111 232 2147 ἢ
247 2108 408 2146 προικυψαν
421 2116 428 2123 ·
451 2107 520 2142 πρὸς
536 2104 576 2138 οἷς
593 2105 626 2141 δὴ
652 2105 738 2136 λίθοις
754 2103 815 2130 οὔτε
829 2102 894 2130 ποσὶ

101 2160 219 2194 γυμνοῖς
234 2156 341 2191 ἐγγίσει
355 2163 409 2187 τις,
424 2153 487 2181 οὔτε
512 2151 762 2187 κατακοιμήσεται,
775 2149 826 2177 κᾶν
839 2150 894 2176 ὁτι-

939 1565 1031 1588 autem
1049 1559 1114 1588 mali
1145 1559 1285 1589 recordari
1309 1563 1434 1586 naturam
1459 1559 1542 1586 habet
1575 1563 1731 1594 patronam,

940 1607 998 1635 sive
1011 1606 1180 1638 consociam,
1195 1610 1222 1633 et
1237 1609 1374 1633 sensatam
1391 1605 1481 1640 signat
1495 1598 1623 1641 annuam.
1639 1603 1732 1641 Laesus

940 1660 1001 1681 sum
1013 1662 1019 1680 :
1033 1652 1196 1679 recordabar
1207 1651 1283 1679 oiim.
1294 1650 1350 1678 Hoc
1364 1655 1468 1678 natura:
1482 1649 1615 1677 studium.
1632 1640 1733 1675 Recon-

942 1700 1020 1730 datus
1047 1706 1100 1726 non
1117 1698 1211 1725 lardum
1226 1707 1231 1724 :
1251 1697 1302 1725 hoc
1317 1697 1481 1725 conveniens
1500 1701 1525 1723 et
1541 1695 1596 1723 Deo
1612 1695 1731 1730 placeqs.

941 1745 971 1772 Si
992 1751 1055 1771 vero
1077 1743 1216 1776 nocivum,
1231 1751 1292 1770 cum
1310 1748 1375 1769 ante
1391 1743 1484 1769 oculos
1501 1742 1584 1774 cadit,
1599 1741 1731 1775 suspicor,

942 1790 995 1818 hoc
1014 1791 1047 1817 ad
1063 1790 1235 1825 prudentiam
1255 1788 1462 1821 custodiamque
1487 1778 1616 1822 pertinet,
1633 1791 1659 1823 et
1685 1794 1734 1812 ex-

942 1842 983 1864 tra
996 1844 1107 1865 sensum
1119 1843 1171 1863 non
1189 1840 1238 1864 est.
1263 1835 1290 1863 Si
1304 1835 1376 1863 enim
1390 1835 1439 1863 sub
1462 1828 1536 1860 omni
1552 1832 1639 1868 lapide
1655 1840 1733 1867 scor-

943 1883 986 1918 pio
1007 1883 1125 1910 dormire
1154 1881 1258 1909 videtur
1274 1881 1483 1916 trepidantibus,
1504 1884 1569 1913 (non
1591 1878 1662 1905 enim
1681 1877 1732 1904 uti-

942 1936 995 1963 que
1021 1935 1112 1956 verum
1141 1932 1183 1954 est
1199 1934 1305 1954 onmem
1324 1926 1438 1961 lapidem
1448 1925 1537 1953 celare
1551 1922 1733 1961 scorpionem)

944 1970 1060 2002 maxime
1075 1973 1262 2007 suspicaretur
1289 1971 1388 2008 aliquis
1415 1971 1544 2005 lapidem,
1579 1969 1650 1997 unde
1670 1968 1732 2003 qui-

942 2021 1005 2048 dam
1020 2019 1176 2055 scorpiones
1215 2018 1343 2050 exierunt
1375 2017 1417 2044 vel
1439 2016 1596 2046 extulerunt
1632 2019 1731 2052 caput;

944 2069 977 2096 ad
997 2075 1065 2109 quos
1080 2072 1154 2095 certe
1181 2066 1285 2104 lapides
1307 2073 1360 2093 non
1388 2065 1468 2092 nudis
1496 2063 1610 2100 pedibus
1635 2069 1734 2105 appro-

944 2114 1090 2149 pinquaret
1108 2120 1157 2140 nec
1173 2112 1305 2139 dormiret
1320 2111 1428 2146 aliquis,
1452 2110 1502 2138 etsi
1531 2109 1664 2144 sapientia
1688 2115 1734 2146 ra-

944 2165 1035 2188 rentes
1055 2159 1120 2186 mali
1147 2158 1306 2186 memoriam
1325 2157 1393 2186 istos
1407 2156 1539 2191 attingere
1558 2154 1663 2188 lapides
1675 2154 1736 2192 opi-

103 2206 226 2242 μάλιστα
251 2203 277 2230 οἱ
299 2203 350 2237 τὴν
385 2201 482 2236 σοφίαν
511 2199 595 2228 ἁπλοῖ
625 2196 857 2234 μνησικακεϊσθαι
880 2204 886 2221 l

946 2210 1087 2234 narentur.
1111 2203 1169 2232 Non
1185 2203 1272 2232 solum
1289 2203 1370 2238 igitur
1391 2209 1444 2229 non
1468 2207 1511 2228 me
1539 2201 1622 2239 pudet
1644 2199 1735 2236 dicere

101 2239 151 2286 καὶ
165 2251 232 2282 τοὺς
245 2248 387 2280 τοιούτους
401 2247 493 2278 λίθους
509 2244 692 2281 φιλοσοφοῖεν.
706 2242 744 2270 οὺ
759 2241 850 2268 τοίνυν
864 2239 894 2267 ού

103 2298 187 2333 μόνον
201 2296 253 2323 οὐκ
267 2294 395 2329 αἰδοῦμαι
412 2293 511 2326 λέγων,
533 2289 692 2326 μεμνῆσθαι
704 2287 801 2320 κακὸν,
818 2286 846 2333 εί
870 2287 896 2313 τι

102 2332 156 2371 που
185 2341 265 2368 πάθω
279 2349 286 2357 ·
314 2340 372 2367 ἀλλ’
387 2339 417 2365 ὲν
441 2337 550 2368 πολλοῖς
567 2335 616 2363 καὶ
638 2333 756 2369 ιῦχομαι
774 2332 896 2364 τοιοῦτος

103 2388 189 2422 sint,
199 2389 244 2415 ἵνα
260 2387 298 2423 μὴ
325 2385 442 2413 κατὰτὸ
466 2383 547 2411 πάλιν
562 2382 610 2410 καὶ
642 2380 724 2408 πάλιν
750 2379 896 2414 ἀφύλακτα

102 2433 289 2468 κακούμενος,
303 2431 397 2457 οὐκέτι
419 2428 450 2455 οὺ
477 2429 514 2463 μὴ
532 2426 659 2461 ὑπάρξω,
674 2424 734 2451 ἀλλ⁴
748 2424 896 2459 οἰχήσομαι

102 2480 153 2516 καὶ
170 2475 414 2510 καταγελώμενος,
432 2471 477 2500 οἷα
499 2474 527 2504 ἂς
544 2472 575 2499 τὸ
588 2472 643 2498 πᾶν
660 2469 843 2505 ἀπροόρατος.

142 2526 192 2558 νζι.
208 2523 241 2550 Τί
264 2532 297 2558 με
320 2522 466 2553 διδάσκεις,
489 2516 511 2547 ὦ
528 2518 616 2553 ’γαοὶ,
648 2516 665 2544 ἃ
690 2515 727 2551 μὴ
749 2515 896 2550 μανθάνειν

104 2574 216 2607 πέφυκα
229 2579 236 2601 ς
255 2569 287 2597 Τί
300 2568 328 2595 δι
343 2568 421 2602 ἄγειν
441 2566 555 2598 ἐθέλεις,
569 2565 632 2592 ὅποι
645 2563 748 2598 μὴέστι
761 2561 895 2596 προϐῆναι

106 2620 142 2645 ’l‘i
161 2626 196 2652 με
223 2616 269 2643 τὸν
291 2615 371 2649 ὀρθὸν
398 2612 628 2647 κατακάμπτεις;
660 2609 693 2637 Τί
726 2610 772 2635 τὸν
797 2609 897 2635 ἀνακε-

107 2663 292 2699 καλυμμένως
309 2661 419 2696 βιοῦντα
435 2658 610 2692 διαστρέφεις
626 2658 666 2688 είς
681 2655 798 2683 ὓπουλον
812 2663 819 2687 ;
839 2654 897 2681 Οὐκ

106 2710 161 2745 Εκω
181 2705 363 2738 καταθέσθαι,
380 2705 419 2736 ὼς
441 2705 577 2740 ἀμνήμων
594 2703 691 2737 ἔσομαι
707 2702 746 2732 εἰς
767 2701 798 2727 τὸ
821 2700 876 2726 πᾶν
887 2707 895 2715 ι

104 2755 175 2782 ἀλλὰ
196 2753 245 2780 καὶ
269 2752 410 2787 μέμφομαι
427 2751 473 2778 τὸν
500 2750 566 2776 αὐτὸ
585 2749 727 2782 ἀξιοῦντα.
755 2748 811 2774 Καὶ
836 2746 896 2772 ἔστι

104 2801 178 2829 κατά
191 2808 224 2834 γε
240 2800 286 2825 τὸν
299 2799 364 2833 ὲμὺν
380 2799 459 2833 λόγον
482 2797 568 2828 δεινὸς
585 2796 726 2830 πολέμιος,
752 2794 781 2826 ὃς
794 2794 841 2820 καὶ
853 2794 895 2819 λο-

107 2848 195 2886 χήσας
222 2844 354 2876 πολλάκις
377 2843 563 2880 μνημονικῶς,
592 2842 640 2869 καὶ
667 2842 706 2874 είς
730 2839 851 2876 φανερὰν
866 2839 894 2866 δὲ

229 2896 364 2927 mmor“
385 2892 441 2922 Gn.
457 2891 559 2923 CXXX
565 2890 584 2920 ι’
592 2890 615 2919 1.

946 2251 1018 2287 quod
1035 2251 1164 2279 recordor
1200 2249 1314 2282 malum,
1339 2248 1362 2276 si
1387 2248 1524 2284 quoddam
1548 2245 1658 2281 pertuli,
1686 2245 1734 2282 sed

946 2299 973 2326 in
995 2298 1086 2326 multis
1113 2297 1203 2325 taliter
1226 2303 1288 2324 esse
1303 2295 1439 2327 desidero.
1466 2301 1499 2321 ne
1524 2293 1616 2321 forsan
1631 2293 1732 2331 iterum

947 2344 1057 2371 incaute
1079 2346 1204 2374 vexatus,
1226 2341 1282 2377 jam
1320 2347 1373 2368 non
1407 2339 1580 2375 praevaleam,
1608 2337 1654 2365 sed
1675 2342 1733 2364 tan-

946 2397 1028 2425 quam
1051 2389 1084 2417 ad
1108 2395 1189 2426 omne
1208 2386 1392 2425 improvidus,
1406 2386 1558 2420 dispeream
1578 2385 1687 2415 irrisus.

983 2522 1027 2549 5'].
1039 2521 1108 2554 Quid
1137 2529 1179 2548 me
1195 2521 1287 2554 doces,
1305 2519 1418 2554 optime,
1444 2517 1508 2553 quid
1534 2516 1657 2544 ediscere
1691 2523 1738 2544 ue-

947 2567 1035 2601 queo'.’
1064 2567 1134 2601 Quid
1157 2575 1200 2595 me
1220 2567 1320 2594 ducere
1347 2566 1399 2599 vis,
1412 2572 1466 2600 quo
1478 2571 1531 2592 non
1547 2567 1589 2592 est
1609 2562 1738 2598 possibile

948 2613 1094 2647 progredi?
1113 2612 1182 2645 Quid
1202 2619 1245 2639 me
1268 2616 1370 2639 rectum
1396 2609 1533 2638 inilectis‘l
1550 2609 1621 2642 Quid
1644 2612 1737 2643 aperte

947 2659 1089 2693 degentem
1113 2659 1146 2686 ad
1161 2658 1405 2686 dissimulationem
1427 2653 1597 2691 distorques?
1611 2654 1670 2681 Non
1688 2653 1738 2680 ad-

948 2705 1057 2731 mittere
1090 2711 1200 2744 possum
1227 2703 1261 2731 ad
1291 2711 1371 2734 omne
1397 2702 1559 2731 obliviosum
1585 2707 1666 2732 esse;
1683 2699 1738 2726 imo

948 2755 1012 2776 vero
1030 2748 1075 2782 qui
1091 2742 1190 2775 'taliter
1213 2748 1340 2782 opinatur
1362 2754 1423 2775 eum
1453 2745 1640 2780 vitupero;ct
1661 2742 1737 2771 itum

949 2801 1036 2821 meum
1053 2794 1199 2829 judicium,
1217 2793 1348 2822 terribilis
1368 2798 1396 2821 et
1417 2795 1521 2819 astutus
1539 2795 1581 2818 est
1603 2787 1739 2814 inimicus.

947 2840 992 2881 (ιυῖ
1011 2847 1083 2874 ξίνρθ
1099 2841 1193 2875 positis
1212 2847 1314 2868 memor
1333 2838 1457 2870 insidiis,
1473 2837 1499 2864 in
1517 2838 1635 2870 aperturi]
1649 2837 1737 2858 aulem

1525 2880 1560 2912 15
