1952 3076
122 136 174 169 473

598 136 751 166 CONTRA
774 126 1017 166 lNJURlARUM
1033 132 1247 168 lliEilORl/tltl.

1697 137 1749 170 474

125 193 298 228 τακροτῆςαι
316 194 346 219 τὺ
370 193 435 227 ὲμδν
452 192 531 219 τοῦτο
558 194 628 220 κατᾶ
647 194 745 224 κακίαις
774 193 859 228 ξίφος.
883 194 911 219 '0

966 201 1092 222 resonare
1109 202 1198 221 meutn
1213 195 1283 222 hunc
1303 200 1396 222 contra
1423 196 1551 224 malitiam
1568 186 1670 225 ensem.
1685 198 1750 226 Bilis

126 239 215 274 χόλος,
232 239 283 264 εἶτ’
298 237 346 266 οὖν
365 239 448 273 ουμδς
465 239 500 274 (εί
515 239 544 265 δέ
563 248 604 271 τις
620 240 707 265 εἰπεῖν
716 239 848 275 βούλοιτο,
865 240 913 266 καὶ

123 285 276 321 ὀργὴ)οῦτε
288 286 318 312 ὲν
330 285 436 320 κινήσει
461 285 604 319 τυγχάνων
644 285 684 312 ἐτι
710 286 756 312 καὶ
787 285 912 320 βρασμῷ,

125 333 166 364 είς
178 331 316 366 ἀκραιφνῆ
326 331 462 366 ἁμαρτίαν
471 332 653 366 ἐγγράφεται,
668 330 728 357 οὔτε
741 331 795 367 μὴν
806 331 913 359 παυσά-

126 386 208 413 μενος
227 377 278 412 μὲν
297 378 444 412 κινήσεως,
465 377 501 410 μὴ
516 376 632 412 ὲλλοχὼν
645 377 734 403 δὲκαὶ
762 377 913 411 ἐνεδρευτι-

124 424 181 455 κῶς
207 422 407 458 ἐγκαθήμενος.
439 422 509 448 Ἀλλ’
538 423 582 449 ὅτε
604 423 638 449 ἂν
657 423 704 449 καὶ
730 423 758 454 ἐς
786 422 913 449 τοσοῦτον

123 468 287 503 ἀλλοιωθείη
301 468 503 502 καταπεφοεὶς,
518 468 556 500 ὡς
575 469 613 503 μὴ
641 468 715 502 ἔχειν
730 468 834 495 θλίϐειν
846 463 913 499 ὅλως

125 515 171 540 τὺν
177 515 229 549 ήδη
240 514 402 548 χολωθέντα,
415 515 485 549 μήτε
497 514 550 549 μὴν
564 513 713 549 ταράσσειν
724 515 771 541 καὶ
783 510 913 549 ἐνοχλεῖν,

123 559 195 586 ὥστε
207 561 254 586 καὶ
270 560 357 586 θέλειν
381 557 555 595 ὲξεμείσθαιῖ
570 561 629 587 τότε
656 554 687 595 δὴ
705 554 759 587 οὒδ³
774 560 807 587 ἂν
837 561 915 596 χόλος

124 605 166 632 ἔτι
183 606 300 640 λέγοιτο.
314 606 353 640 τῷ
367 607 451 632 παντὶ
467 607 494 633 δὲ
512 607 592 633 πλέον
603 606 663 633 οὔτε
687 607 796 642 μήνιδος
805 607 914 642 κληρώ-

124 660 200 678 σεται
219 652 327 685 κλῆσιν,
345 652 443 678 ἀλλὀὐ
471 653 561 679 κότου.
579 652 633 679 Ποῦ
659 652 714 687 γὰρ
740 653 830 686 μῆνις,
862 651 914 678 ποῦ

124 698 152 724 δὲ
169 699 259 730 κότος,
274 698 288 724 ὃ
302 698 372 732 μήτε
395 699 562 733 παραμένει,
591 699 660 733 μήτε
689 699 830 731 ἐγκειταις
861 696 915 724 Καὶ

123 744 141 771 ἄ
157 743 212 775 λιιις
237 744 265 770 δὲ
289 744 452 779 γοργότερον
470 745 500 771 τδ
522 745 587 771 αὐτὸ
600 745 823 779 σφυρηλατῆδαν
846 753 914 779 μνη-

124 791 251 816 σικακεῖν
271 790 370 824 λέγοιτ’
390 791 423 817 ἂν
449 791 479 817 τὸ
499 791 658 824 καταπέψαι
679 791 728 825 μὲν
744 791 842 818 αὐτίκα
869 791 916 817 τὸν

123 836 212 870 χόλον,
227 837 374 870 μετόπισθε
386 836 414 862 δὲ
425 836 628 871 κατακρύπτειν
641 837 721 863 αὑτὸν
733 837 812 862 κότου
824 836 912 872 δίκην,

113 882 175 913 ἔως
190 882 223 909 ἂν
242 882 373 918 βρασοείη
407 883 521 915 ὲκζὲειας
535 884 604 918 πρὶς
622 883 806 918 ἀποτέλεσμα.

156 949 211 982 ος’.
231 950 285 977 Καὶ
296 951 366 977 οὕτω
384 951 434 986 μὲν
459 951 654 986 ὲφαντὲσαντο
673 952 720 978 καὶ
737 952 760 978 οι
781 952 814 977 τὰ
827 952 855 983 ἐς
869 951 914 978 πί-

121 1003 181 1022 στιν
195 997 301 1030 τυφλοὶ,
318 997 344 1028 ὅ,
361 1005 387 1023 τι
401 997 501 1031 δήποτε
514 998 530 1033 ὴ
543 998 592 1033 τῆς
608 1007 617 1024 t
631 998 829 1033 μνησικακίας»
847 1008 915 1033 φαυ-

125 1041 208 1076 λότης
226 1042 362 1076 βούλεται.
382 1043 413 1068 υί
427 1042 455 1069 δὲ
482 1044 664 1077 τρανέστερον
686 1045 726 1075 εις
745 1044 835 1079 τὸτῆς
850 1044 911 1079 ἁλη-

124 1087 201 1118 Θείας
216 1088 275 1122 φῶς
299 1088 514 1122 ἅναῦλέψαντες,
550 1090 597 1115 καὶ
624 1082 698 1124 ἡμᾶς
726 1091 814 1116 ποιεῖν
843 1090 914 1117 οὓτω

119 1133 290 1167 διδάξαντες,
305 1131 346 1166 οἷς
372 1135 496 1168 ualeat-
520 1135 550 1161 Εἰ
570 1136 746 1162 ἀνταπέόωκα
764 1137 820 1167 τοῖς
833 1137 914 1162 ἀντα-

122 1179 262 1206 ποδιδοῦσί
285 1189 330 1214 μοι
355 1181 436 1206 κακά·
459 1181 595 1217 ὁρίζονται
624 1182 781 1217 προφανῶς,
803 1183 915 1218 (μνησί-

124 1233 225 1252 κακον)
245 1224 325 1258 εἶναι,
341 1226 372 1258 ὃς
382 1227 415 1254 ἂν
426 1227 590 1261 ὰνταποδοίη
606 1228 754 1259 κακώσεως
778 1229 912 1256 κάκωσιν.

124 1272 182 1299 Καὶ
196 1272 276 1306 τοῦτο
292 1273 343 1307 μὲν
358 1272 489 1300 τοιοῦτον.
513 1273 595 1300 Ἀλλὰ
624 1275 842 1308 πιροσεπιδοτικοί
869 1284 914 1309 μοι

123 1317 171 1343 καὶ
188 1318 285 1352 ὑμεῖς,
296 1314 321 1344 ὦ
337 1320 533 1354 πατριαρχικοὶ
547 1319 652 1350 παῖδες.
677 1320 701 1345 oi
716 1319 764 1346 τοῦ
792 1319 911 1354 μεγάλου

122 1364 227 1398 πατρὸς
247 1364 353 1395 Ἰσαὰκ,
370 1365 457 1390 εἰπεῖν
482 1373 509 1391 τι
524 1365 571 1391 καὶ
598 1365 743 1400 ὑμέτερον,
772 1366 801 1398 ἐξ
829 1363 914 1402 οὗπερ

121 1408 275 1435 ἁνακύπτει
292 1409 437 1444 φιλόσοφος
462 1410 551 1444 λόγςο,
569 1410 668 1445 ὁρίζων
695 1410 726 1437 τὸ
747 1412 916 1447 μνησικάκη-

121 1462 172 1489 μα.
201 1454 271 1481 Φατὲ
302 1455 356 1490 γὰρ
385 1455 465 1482 οὕτω·
494 1456 606 1491 Μήποτε
626 1459 829 1492 μνησικακήσω
849 1459 915 1493 ἡμῖν

130 1501 244 1536 Ἰωσὴφ.
259 1503 305 1528 καὶ
319 1502 463 1537 ἁνταποδῷ
477 1503 542 1538 ἡμῖν
557 1503 733 1537 ἀνταπόδομα
758 1504 847 1531 “nd/11
879 1505 913 1532 τὰ

123 1549 210 1579 κακὰ,
228 1547 246 1574 ἃ
260 1547 454 1582 ἐνεδειξάμεθα
464 1548 548 1583 αὐτῷ.
568 1548 662 1575 Ταῦτὲι
679 1558 706 1575 τε
719 1548 765 1576 οὖν
778 1550 913 1585 ἀριδήλως

125 1594 170 1619 τὸν
185 1593 236 1627 τῆς
255 1593 440 1628 μνησικακίας
456 1594 520 1628 ὅρον
535 1594 685 1628 διεκφαίνει
695 1594 814 1622 τοιοῦτον
831 1593 913 1629 εἶναι,

124 1640 218 1665 ὁποῖον
233 1639 331 1674 μικρόν
358 1649 383 1666 τι
400 1640 498 1667 ἁνὸπιν
514 1640 734 1676 ὑπεκρουόμεθα.
764 1643 818 1669 Καὶ
847 1643 913 1670 αὐτὸ

126 1686 153 1711 δὲ
167 1685 197 1711 τὸ
215 1685 268 1719 «μὴ
289 1687 413 1722 μνησυῇς
425 1687 547 1720 ἀνομιῶν
563 1687 643 1722 ἡμῶν
658 1689 807 1724 ἀρχαίων.»
825 1689 914 1717 τοιοῦ-

124 1731 171 1757 τόν
185 1739 212 1758 τι
230 1732 416 1766 παρεμφαίνει
444 1732 501 1762 τοῖς
528 1732 712 1767 ὲμὸαθύνουσι
738 1734 810 1760 κατὰ
839 1733 913 1761 νοῦν.

126 1777 207 1804 Ἐστι
221 1778 275 1813 γὰρ
287 1778 389 1804 ἐκεῖθεν
403 1778 598 1813 ὲρανισάμενον
613 1779 705 1812 φάναι,
713 1779 831 1811 mam;
842 1780 856 1805 ὁ
867 1779 915 1815 ζη-

126 1823 180 1849 τῶν
195 1823 233 1859 μὴ
250 1824 498 1859 μνησικακηθῆναι,
518 1823 605 1855 οὕτως
622 1824 655 1851 ἂν
672 1825 849 1860 ποτνιάσηται
867 1826 912 1852 τὸν

127 1870 332 1904 συνάνορωπον·
352 1870 389 1905 μὴ
404 1869 538 1905 μνησθῇς,
554 1867 576 1897 ὦ
587 1870 688 1905 ἑταῖρε,
702 1871 911 1906 ἁμαρτημάτων

85 1931 89 1933 -
129 1916 304 1952 παλαιτέρων
330 1918 369 1948 εἰς
393 1916 574 1943 ἀνταπόδοσιν
587 1916 698 1952 δηλαδὴ,
715 1917 751 1948 ὡς
771 1914 814 1944 οἵα
844 1925 914 1953 μνη-

125 1963 250 1993 σίκακος.
276 1963 329 1989 Καὶ
344 1963 387 1998 είη
414 1963 447 1989 ἂν
461 1963 508 1989 καὶ
530 1962 603 1989 οὕτω
629 1964 797 1998 μνησικακία
815 1964 914 1999 μνήμη

130 2008 255 2035 παλαιῶν
272 2008 479 2044 ἁμαρτημάτων
494 2009 540 2035 ἐπὶ
559 2009 736 2035 ἀνταποδόσει
751 2009 842 2046 ὁμοῖα.

162 2072 212 2106 6;".
235 2074 411 2102 ’Ᾱνολεκτέον
428 2073 456 2102 δὲ
475 2074 560 2102 εἰσέτι
585 2076 617 2102 ὲκ
648 2075 702 2102 τῶν
728 2075 780 2109 ἔξω
805 2077 851 2104 καὶ
877 2077 915 2114 μὴ

127 2119 275 2156 καθ’ήμᾶς
301 2121 427 2148 ἀκανθῶν
445 2122 484 2152 εἷς
501 2121 637 2156 ροδόεντα,
659 2121 696 2153 ὡς
717 2122 749 2148 ἂν
774 2122 845 2149 εἴποι
861 2131 913 2156 τις,

125 2167 205 2200 λόγον
233 2167 279 2193 καὶ
300 2167 350 2192 τό·
370 2167 417 2203 Μὴ
445 2166 662 2203 μνησικακήσῃς,
690 2169 713 2194 εί
740 2167 772 2194 σὺ
790 2168 913 2204 φυλακὴν

125 2211 287 2243 κατέλαϐες.
317 2211 401 2243 ’Δξωί
412 2201 416 2203 Ἴ
429 2201 544 2246 γὰρκαὶ
562 2201 640 2243 οὗτος
650 2211 738 2246 λόγος,
754 2201 801 2238 τὸν
817 2201 912 2245 κακοίς
929 2201 952 2229 υ

127 2258 308 2294 περιτυχόντα
325 2258 362 2294 μὴ
384 2257 554 2293 μεμνῆσθαι,
571 2257 584 2284 ὃ
601 2257 694 2291 πάθοι,
715 2258 781 2293 πρὸς
794 2258 911 2289 ἁμυναν.

126 2304 181 2331 Καὶ
194 2305 265 2331 οὕτω
280 2305 328 2339 μὲν
344 2306 391 2331 καὶ
403 2304 493 2332 τοῦτο.
512 2303 608 2335 ’Δλλος
626 2305 654 2330 δέ
668 2312 699 2338 γε
713 2303 824 2339 Θυρατος
838 2304 911 2338 νοῦς,

124 2351 159 2376 δι’
183 2347 214 2377 οὗ
241 2349 463 2386 παραγγέλλεται
499 2358 560 2384 τις,
587 2350 625 2385 μὴ
659 2349 838 2385 μνησικακεῖν
864 2351 914 2386 τὴν

125 2397 247 2433 ἠλικίαν,
264 2397 309 2432 ὑφ’
334 2395 367 2433 ἦς
383 2397 616 2434 ἐνεοττοτροφήοη
637 2398 764 2432 ἐμφαίνει
775 2399 821 2424 καὶ
833 2397 914 2429 αὐτὸς

129 2444 346 2478 ιμνησικακίὰςι
385 2443 559 2479 ὑπογραφὴν,
586 2443 623 2470 Τὸ
651 2443 679 2470 δὲ
709 2443 835 2470 ἐντεῦθεν
860 2443 915 2478 ἐγὼ

126 2490 291 2526 θερμότερόν
307 2499 334 2517 τι
344 2490 443 2523 λαλῶν,
459 2491 541 2526 φαίην
558 2489 602 2523 ἂν,
617 2490 656 2522 ὡς
667 2490 727 2517 οὐδὲ
742 2490 773 2517 τὸ
806 2489 914 2525 μεμνῆ-

127 2538 190 2564 σθαί
209 2546 280 2568 τινος
291 2537 389 2569 κακοῦ,
406 2536 443 2572 μὴ
458 2537 562 2569 ἁπλῶς,
583 2537 650 2564 ἀλλὰ
667 2537 714 2564 καὶ
739 2537 914 2572 πικρότερον,

126 2583 310 2618 προσκρούειν
322 2583 355 2610 ἂν
369 2582 397 2616 ἐξ
408 2583 531 2618 ἀνάγκης
556 2583 613 2617 ἔχοι
624 2584 660 2617 ’τῇ
683 2581 821 2616 ὀρθότητιο
844 2581 869 2608 εἴ
881 2589 914 2615 γε

124 2629 175 2654 'xa".
187 2628 270 2654 Δαυῖδ
283 2627 354 2655 οὕτω
362 2628 489 2663 μνησθεὶς
499 2628 645 2662 πολυπραγ
650 2628 736 2663 μονετ,
747 2625 913 2660 λογιστεύων

125 2677 173 2701 τὸν
195 2674 308 2708 Κύριον,
330 2675 355 2700 τί
386 2673 596 2709 ἐπληθύνοησαν
625 2674 650 2700 οἱ
668 2673 748 2700 αὐτὸν
765 2672 914 2704 ολίῆοντεςο

126 2722 174 2748 καὶ
182 2720 292 2756 εὖχεται
308 2721 346 2752 δὲ,
358 2721 411 2747 τῶν
422 2720 549 2748 τοιούτων
564 2720 677 2755 ὲξὰντης
691 2719 830 2753 γενέσθαι·
852 2719 915 2745 πο)-

124 2768 167 2794 λοὶ
181 2767 211 2794 δὲ
224 2767 272 2793 καὶ
291 2767 380 2802 ἕτεροι
395 2767 444 2792 σὺν
460 2765 543 2802 αὐτῷ,
557 2766 647 2802 ψυχὰς
678 2765 842 2800 atati-quid;
867 2765 912 2790 εὐ-

160 2859 185 2874 “
207 2856 277 2885 l‘sztl.
292 2864 339 2889 vn,
353 2857 370 2884 5

965 239 1020 266 sive
1046 240 1152 268 animus
1168 241 1236 276 (aut.
1252 241 1272 267 si
1290 242 1349 275 quis
1371 241 1406 269 ita
1422 242 1512 270 dicere
1529 242 1604 275 velit,
1635 243 1687 278 ira)
1704 244 1750 278 qui

965 293 1018 311 non
1038 286 1063 312 in
1081 291 1152 313 lllOlll
1166 286 1290 314 consistit
1302 286 1390 313 adhuc
1401 292 1427 314 et
1443 288 1468 314 itt
1492 288 1609 321 fervore,
1637 289 1677 316 vel
1701 289 1748 323 qui

965 337 1037 358 ntottt
1061 339 1113 358 non
1139 333 1289 366 composito
1315 333 1433 368 quidem,
1459 342 1510 361 non
1533 339 1621 362 tamen
1639 336 1750 370 laqueus

965 378 1041 410 ponit
1063 382 1089 404 et
1104 379 1136 405 ad
1164 379 1275 406 insidias
1302 379 1388 412 sedet,
1411 379 1438 406 ιιι
1466 387 1562 414 purum
1586 381 1750 409 iuscribetur

964 429 1116 457 peccatum.
1143 422 1240 451 Verum
1258 433 1319 452 cutn
1336 429 1403 453 adeo
1419 428 1538 454 mutatus
1562 426 1642 454 fuerit
1668 429 1749 454 deco-

964 473 1034 501 ctus,
1046 473 1074 495 ul
1088 477 1256 504 nequaquam
1270 471 1352 504 pdssit
1366 479 1462 498 vexare
1471 474 1531 498 eum
1547 471 1653 506 quijaut
1667 473 1750 500 iratus

965 519 1016 547 est,
1031 522 1080 541 nec
1095 516 1197 550 agitare
1212 516 1376 549 turbareque
1392 517 1479 548 illum,
1499 518 1534 544 ita
1551 523 1580 544 ut
1596 518 1677 545 etiam
1696 518 1750 545 vel-

964 560 1010 587 loL
1019 561 1125 591 evomi;
1143 565 1205 587 tunc
1222 569 1310 595 neque
1326 562 1387 589 bilis
1404 563 1520 595 amplius
1537 564 1682 594 dit-eretur,
1700 567 1749 590 nec

965 614 978 632 a
997 606 1101 634 fortiori
1115 614 1214 634 nomen
1229 608 1373 635 iracundiae
1389 609 1430 635 vel
1445 610 1545 635 veteris
1575 610 1620 636 ine
1639 610 1751 636 sortiri"-

967 655 1018 677 tur.
1035 650 1085 678 Ubi
1101 651 1172 678 enim
1188 651 1338 683 iracundia,
1361 652 1404 678 ubi
1422 656 1497 679 vetus
1515 652 1564 683 ira,
1583 653 1750 686 quodni-que

966 701 1068 729 manet,
1089 704 1175 730 neque
1187 697 1330 730 subjacet?
1355 697 1428 724 Alias
1439 703 1527 723 autent
1545 697 1630 731 magis
1643 703 1751 732 slltpt‘tt-

966 741 1028 768 dum
1045 742 1095 768 ltoc
1109 742 1178 769 idem
1196 742 1351 770 malleatum
1366 751 1374 770 :
1399 743 1461 770 mali
1475 743 1631 770 meminisse
1646 743 1750 769 αἰειγε-

967 791 1010 813 tur
1022 795 1138 822 coquere
1150 787 1258 821 quidem
1276 788 1365 815 subito
1381 787 1473 820 bilem,
1494 792 1641 815 retrOrsum
1659 792 1748 825 autem

966 831 1040 860 illam
1057 833 1137 860 veluti
1158 838 1275 862 veterem
1304 833 1372 861 iram
1396 835 1572 868 abscondere,
1589 841 1673 869 usque
1687 835 1750 862 dum

967 878 1098 907 ebulliens
1112 880 1138 906 tu
1154 879 1277 908 eﬂ‘ectum
1291 882 1425 916 erumpat.

1002 947 1045 976 76.
1069 947 1102 975 Et
1115 948 1150 975 ita
1163 948 1271 984 quidem
1287 948 1503 982 imaginaverunt
1514 949 1561 983 qui
1580 949 1606 976 in
1618 949 1698 976 rebus
1717 949 1750 976 li-

965 994 1007 1021 dei
1022 994 1086 1021 creci
1101 999 1181 1021 erant
1203 994 1266 1028 quid
1281 995 1389 1021 tandem
1403 994 1467 1021 mali
1483 995 1618 1022 memorias
1632 995 1751 1029 pravitas

965 1041 1039 1068 velit.
1066 1040 1115 1073 Qui
1130 1048 1194 1068 vero
1217 1040 1386 1067 manifestius
1404 1041 1430 1067 in
1450 1040 1538 1067 lumen
1566 1041 1687 1068 veritatis
1708 1041 1751 1067 itt-

965 1092 1110 1122 spexerunt
1123 1091 1151 1114 et
1166 1094 1215 1114 nos
1228 1087 1264 1114 ita
1275 1086 1366 1113 facere
1378 1086 1537 1119 docuerunt,
1551 1091 1579 1113 ut
1595 1087 1620 1113 in
1636 1087 1749 1120 psalmis

966 1134 1083 1160 habetur
1109 1141 1116 1161 ι
1144 1132 1174 1160 Si
1200 1133 1304 1160 reddidi
1332 1132 1546 1171 retribuentibus
1562 1132 1748 1166 miltimala”;

965 1180 1104 1206 evidenter
1113 1179 1245 1207 deiiniunt
1256 1179 1318 1206 mali
1332 1185 1478 1206 memorem
1494 1186 1565 1211 esse,
1586 1178 1631 1214 qui
1649 1179 1748 1206 malum

965 1234 1014 1262 pro
1041 1226 1111 1253 malo
1131 1226 1228 1253 reddit.
1255 1225 1289 1252 Et
1317 1229 1368 1253 hoc
1382 1226 1491 1260 quidem
1508 1231 1550 1253 est
1566 1225 1619 1259 ita;
1635 1227 1680 1253 sed
1700 1229 1750 1254 ad-

966 1272 1047 1299 dititii
1065 1272 1130 1299 milii
1144 1277 1171 1299 et
1185 1279 1243 1304 vos,
1268 1272 1441 1307 patriarcltici
1458 1272 1545 1306 pueri,
1567 1272 1653 1306 magni
1666 1273 1750 1306 putris

966 1317 1041 1346 Isaac
1055 1318 1112 1351 lilii,
1137 1318 1229 1346 dicitis
1249 1318 1350 1353 aliquid
1366 1321 1393 1345 et
1409 1322 1540 1349 vestrum,
1555 1325 1586 1344 ex
1601 1326 1654 1352 quo
1664 1318 1752 1353 surgit

966 1364 1167 1398 pbilosopbicus
1201 1371 1292 1392 sermo
1323 1363 1385 1390 ntali
1417 1364 1574 1391 memoriam
1607 1365 1748 1392 deﬁniens.

966 1409 1061 1437 Dicitis
1083 1410 1155 1437 enini
1176 1409 1237 1437 sic:
1266 1419 1276 1435 ι
1295 1408 1444 1443 Nequaudo
1467 1409 1531 1436 mali
1553 1410 1706 1438 meminerit.
1721 1410 1749 1437 in

967 1464 1015 1484 nos
1032 1455 1143 1490 Ioseph,
1169 1462 1193 1483 et
1212 1456 1389 1483 retributione
1407 1455 1538 1482 retribuat
1561 1456 1639 1483 nobis
1658 1457 1749 1483 omnia

968 1501 1049 1533 mala,
1074 1509 1134 1536 quae
1162 1501 1277 1529 fecimus
1306 1502 1345 1528 illi
1356 1502 1388 1528 ".
1419 1501 1481 1528 llatc
1508 1501 1590 1537 igitur
1610 1503 1752 1530 manifeste

965 1549 1153 1576 demoustrant
1170 1548 1233 1575 tttali
1250 1548 1388 1575 memoriae
1402 1547 1586 1575 dciiuitioncm
1608 1555 1674 1576 .esse
1686 1556 1752 1581 qua-

965 1593 1017 1621 lem
1029 1593 1107 1628 paulo
1123 1593 1247 1627 superius
1260 1593 1449 1619 indicavimus.
1466 1592 1554 1626 Ipsum
1568 1596 1657 1619 autem
1677 1592 1728 1619 hoc
1742 1601 1749 1619 :

964 1639 1006 1667 Ne
1036 1638 1192 1666 memineris
1229 1638 1400 1672 iniquitatum
1439 1643 1589 1665 nostrarum
1625 1638 1749 1673 anliqua-

965 1684 1063 1716 runt",
1091 1683 1190 1718 aliquid
1215 1683 1302 1710 simile
1320 1682 1442 1718 perbibet
1460 1682 1513 1710 illis
1542 1683 1587 1718 qtti
1615 1683 1748 1718 profunda

965 1735 1029 1758 sunt
1047 1735 1148 1757 tuente.
1163 1728 1221 1756 Dici
1245 1735 1361 1763 namque
1377 1733 1466 1762 potest
1484 1728 1582 1755 exinde
1595 1729 1747 1762 collectum,

965 1776 1037 1811 quod
1061 1774 1149 1803 omttis
1165 1775 1210 1809 qui
1236 1774 1298 1801 mali
1327 1773 1486 1800 memoriam
1511 1781 1564 1800 non
1583 1779 1683 1801 sentire
1701 1781 1748 1807 po-

966 1822 1029 1854 scit,
1047 1821 1087 1849 sic
1104 1821 1129 1847 in
1144 1819 1311 1847 humanitate
1331 1820 1434 1846 socium
1448 1819 1606 1854 suppliciter
1621 1820 1749 1854 depreca~

965 1873 1051 1896 retur.
1070 1866 1109 1894 Ne
1124 1866 1291 1897 memineris,
1313 1865 1404 1896 sodes,
1428 1870 1546 1892 veterum
1561 1871 1747 1899 peccatorum,
1773 1889 1780 1895 ,

965 1915 998 1941 ad
1017 1912 1223 1941 retributionem
1245 1911 1360 1944 scilicet,
1381 1910 1458 1945 quasi
1483 1910 1544 1937 mali
1573 1918 1686 1938 memor.
1715 1909 1750 1937 Et

965 1965 1038 1988 esset
1063 1959 1145 1986 etiam
1160 1958 1206 1988 sic
1229 1956 1292 1984 ntali
1313 1957 1455 1990 memeria,
1480 1961 1599 1984 veterum
1617 1956 1748 1984 memoria

965 2011 1138 2042 peccatorum
1154 2004 1187 2031 ad
1198 2003 1314 2031 similem
1332 2003 1551 2031 retributionem.

1001 2072 1044 2101 77.
1059 2073 1246 2107 Colligendum
1265 2076 1353 2098 autem
1371 2076 1412 2098 est
1435 2071 1523 2098 adhuc
1546 2078 1578 2098 ex
1596 2072 1705 2100 caneris
1720 2078 1748 2100 et

966 2127 1018 2147 noa
1034 2120 1109 2155 juxta
1125 2127 1175 2147 uos
1191 2117 1276 2149 spinis
1294 2118 1320 2144 ιιι
1338 2124 1456 2149 roseunt,
1476 2122 1504 2144 ιιι
1519 2117 1616 2151 aliquis
1634 2118 1744 2152 dixerit,

966 2172 1130 2197 sermoucnt,
1148 2164 1229 2192 etiam
1246 2163 1298 2190 hoc
1316 2171 1323 2190 :
1350 2161 1388 2189 Ne
1411 2162 1471 2188 mali
1490 2163 1656 2196 memineris,
1678 2164 1700 2190 si
1719 2168 1747 2191 tu

967 2211 1118 2239 custodiam
1149 2207 1360 2245 apprehendisti.
1386 2207 1487 2234 Iudicat
1501 2208 1572 2235 enim
1588 2209 1641 2236 iste
1658 2216 1748 2237 sermo

965 2258 1045 2285 malis
1070 2257 1176 2285 obviam
1198 2256 1298 2283 factum
1315 2263 1368 2282 non
1394 2255 1494 2282 debere
1516 2257 1587 2289 quod
1601 2262 1697 2288 passus
1713 2255 1748 2282 sit

966 2306 1000 2333 'ad
1014 2304 1160 2332 vindictam
1172 2302 1339 2330 meminisse.
1368 2300 1449 2328 Etita
1477 2301 1584 2335 quidem
1601 2305 1642 2328 est
1666 2301 1749 2327 istud.

966 2352 1025 2380 Alia
1040 2358 1103 2378 vero
1118 2349 1152 2377 de
1183 2349 1265 2384 janua
1283 2347 1431 2380 sententia,
1449 2353 1500 2382 qua
1530 2346 1688 2385 prohibetur
1715 2354 1749 2373 ne

967 2398 1028 2432 quis
1042 2397 1068 2423 itt
1088 2396 1158 2423 hanc
1175 2399 1292 2426 aetatem,
1307 2400 1321 2420 a
1335 2400 1387 2427 qua
1410 2393 1539 2419 educatus
1549 2396 1599 2423 est,
1614 2391 1678 2418 mali
1694 2399 1749 2418 tuc-

966 2441 1096 2474 miuerit,
1132 2439 1288 2468 manifestat
1314 2444 1340 2466 et
1365 2439 1422 2472 ipsa
1438 2437 1500 2464 ntali
1521 2436 1657 2464 memoria:
1682 2436 1750 2463 deli-

966 2485 1130 2514 neatiouem.
1155 2483 1211 2519 Ego
1229 2487 1293 2510 ve‘ro
1308 2482 1378 2517 quod
1398 2480 1496 2508 exinde
1509 2486 1552 2507 est
1572 2480 1688 2508 vividius
1703 2487 1750 2507 ex-

966 2533 1098 2568 primens,
1115 2531 1246 2562 dicerem,
1261 2529 1332 2564 quod
1351 2535 1438 2562 neque
1450 2527 1590 2562 cujusdam
1608 2527 1682 2558 ntali,
1695 2534 1748 2553 non

966 2577 1137 2612 simpliciter,
1151 2576 1198 2603 sed
1212 2575 1295 2602 etiam
1313 2581 1404 2600 amare
1421 2572 1577 2599 meminisse
1596 2572 1750 2599 necessario

967 2623 1155 2653 rectitudinem
1173 2621 1303 2654 ull’eudit;
1326 2621 1347 2649 si
1375 2617 1484 2655 quidem
1512 2619 1569 2654 ipse
1602 2619 1684 2646 David
1711 2620 1750 2646 sic

965 2670 1112 2698 recordans
1124 2668 1298 2700 sollicitatur,
1312 2675 1325 2694 a
1339 2666 1452 2693 Domino
1470 2664 1602 2692 rationem
1619 2664 1748 2698 petens",

965 2716 1030 2751 quid
1048 2714 1215 2749 multiplicati
1229 2714 1282 2741 sint
1297 2713 1342 2747 qui
1359 2711 1489 2739 tribulaut
1505 2710 1610 2744 ipsum;
1637 2715 1666 2736 et
1686 2716 1750 2742 pre-

966 2766 1044 2790 catur
1056 2765 1083 2788 ut
1095 2760 1128 2787 ab
1146 2759 1199 2787 iiiis
1216 2758 1342 2786 immunis
1359 2761 1386 2785 et
1401 2764 1483 2785 sanus
1494 2755 1544 2783 ﬁat
1570 2755 1652 2790 (sicut
1666 2759 1694 2782 et
1705 2754 1748 2780 ali'

437 2855 461 2872 ’¹⁷
479 2855 533 2882 Ceu
560 2862 589 2882 ιη
604 2856 646 2883 l5.
684 2856 707 2871 ¹¹
727 2854 796 2882 l‘sal.
814 2861 928 2889 tnvttt,
946 2854 973 2881 8.
1011 2853 1032 2869 "
1047 2851 1117 2879 Psal.
1134 2858 1174 2883 ιιι,
1187 2849 1215 2876 9..
