1952 3076
242 133 295 166 487

603 131 813 164 EUSTATHII
828 131 1208 164 THESSALONICENSIS
1227 134 1509 165 METROl’OLiT/E

1811 134 1865 166 488

279 196 325 224 98.
356 194 453 222 Audire
469 193 599 221 debemus
623 193 781 221 dicentem:
811 202 820 218 ι
843 193 916 220 Beati
945 192 1024 225 estis,

1113 193 1167 227 κη’.
1188 194 1344 221 Ἀκουστὲοι
1369 194 1414 221 τοῦ
1437 194 1578 224 εἰπόντος·
1603 202 1614 219 ‹
1628 193 1765 228 Μακάριοι
1786 195 1864 228 ἐστε,

243 250 305 270 cum
319 241 542 276 cxprobraverint
560 247 608 267 vos
643 246 674 267 ac
700 239 836 274 persecuti
861 238 997 268 fuerint",
1015 247 1024 263 ι

242 294 269 316 et
287 288 436 320 reliquum;
465 287 490 313 in
505 293 560 320 quo
583 286 694 321 ponitur
718 285 799 312 etiam
815 293 896 312 omne
911 284 1025 311 verbum

243 334 438 360 calumniosum
453 339 486 359 ac
497 331 592 358 falsum
619 335 730 365 propter
744 330 950 357 Denmillatum.
974 330 1029 356 An-

245 388 296 407 non
312 386 393 414 porro
411 379 467 405 haec
482 381 573 405 omnia
587 377 716 412 pluerunt
731 382 826 404 contra
844 383 902 408 nos.
928 377 1026 402 nebula

247 433 331 460 super
347 432 394 451 nos
407 424 589 458 impendente,
615 431 697 458 quam
725 429 841 458 vapores
857 421 960 449 humidi
983 429 1028 455 pa-

251 470 350 497 triotici
365 470 452 497 victus
468 473 496 496 et
519 469 572 496 odii
589 469 724 500 extranei,
756 467 931 496 elevaveruut
956 471 984 494 et
1000 467 1026 493 in

244 517 358 543 densum
371 515 587 543 contraxerunt?
600 514 729 542 Convicia
741 513 813 548 passi
828 520 934 544 sumus,
949 516 1028 547 quol-

243 566 309 595 quot
327 560 504 596 opprobrium
523 560 624 587 inferre
654 565 780 594 possunt.
808 559 1027 588 Persaeutionetn

243 607 430 639 sustinuimus.
448 614 508 641 qua
529 606 630 640 pendet
649 606 682 633 ab
699 605 835 636 osoribus.
853 605 950 640 quibus
961 611 1030 639 prm-

242 653 330 680 seutia
344 653 400 680 loca
413 660 466 680 non
477 659 536 679 esse
550 652 660 686 capacia
674 651 861 686 reperiuntur.
874 651 950 684 quasi
962 657 1029 677 sane

244 699 322 725 nobis
341 703 425 724 totum
443 698 621 732 replentibus.
641 701 668 724 et
684 697 757 724 hunc
773 696 932 723 universum
947 701 1028 723 caete-

244 744 282 770 ris
303 751 354 770 non
384 743 559 771 habitabilem
587 743 761 770 facientibus.
786 742 819 768 Et
847 747 936 769 tamen
960 742 1028 770 nihil

245 789 332 824 magis
345 797 426 824 quam
444 797 493 817 nos
513 789 760 823 circumscriptum.
776 789 941 822 Quantulum
954 789 1027 816 enim

244 835 388 869 OCCIIpubil
402 836 501 865 locum.
515 835 594 869 pulex
611 842 692 866 unus,
712 838 739 862 et
753 834 796 861 ctti
817 842 929 869 magnus
944 833 1027 861 David

244 882 418 915 semetipsum
433 881 615 909 assimilavit?
641 881 851 908 Pronuntiatnm
880 885 921 907 est
946 880 1027 907 etiam
1043 866 1066 894 θ

244 930 338 952 contra
355 933 404 954 nos
430 926 554 958 verbum,
579 933 631 952 non
660 925 713 953 hac
728 925 829 961 aliquid
855 925 1029 959 simpliciter.

244 971 291 997 sed
301 978 389 998 omne.
408 971 474 998 Nam
487 971 570 1000 eheu!
595 971 684 1006 qualia
699 972 875 999 audivimus!
903 971 1030 1006 pleraque

245 1016 337 1048 placer
364 1022 501 1051 nequeunt
515 1017 612 1052 linguze
625 1025 686 1052 qua:
701 1017 795 1044 didicit
809 1017 922 1044 honesta
945 1016 1029 1051 loqui.

244 1059 284 1088 An
301 1069 364 1088 vero
379 1069 431 1088 non
452 1061 586 1089 fallaciter
602 1062 660 1089 hazc
684 1061 756 1089 dicta
772 1062 838 1094 sint,
853 1062 900 1089 sed
914 1069 946 1088 ex
958 1060 1031 1087 veri-

246 1111 312 1139 tate,
338 1107 456 1135 nondum
479 1108 588 1142 quidem
614 1108 788 1135 criminosam
798 1107 904 1142 percepi
921 1107 1032 1134 demon-

245 1155 403 1181 strationem
421 1162 428 1180 ι
457 1161 521 1182 ecce
538 1161 602 1181 vero
617 1153 774 1181 certaminis
789 1153 884 1184 statio.
902 1157 927 1179 et
943 1152 965 1181 si
983 1159 1031 1179 co-

245 1207 340 1226 ronam
358 1199 489 1226 meruerit
501 1199 644 1226 adversum
657 1206 706 1226 nos
719 1199 763 1233 qui
777 1198 924 1233 procedere
935 1201 1030 1224 contra

245 1244 329 1272 fuerit
355 1252 449 1276 ausus,
475 1251 600 1272 corruam
617 1248 645 1272 et
664 1252 678 1271 a
702 1245 791 1272 divina
821 1244 990 1273 beatitudine
1004 1246 1032 1270 et

245 1291 326 1318 etiam
340 1298 354 1316 ιι
373 1290 438 1317 vita.
453 1290 506 1317 Sed
522 1295 549 1317 et
571 1291 593 1317 si
609 1290 720 1318 verbum
742 1299 752 1316 ι
774 1293 885 1325 propter
898 1297 941 1316 me
960 1297 969 1316 ›
987 1288 1030 1314 hic

245 1335 372 1362 convenit
393 1335 513 1370 (propter
544 1336 628 1364 Deum
653 1336 725 1363 enim
755 1335 821 1364 mihi
839 1339 901 1362 sunt
935 1334 1030 1368 hujus-

247 1379 317 1411 modi
333 1381 485 1414 passiones.
510 1385 537 1408 et
560 1385 671 1416 propter
694 1381 831 1416 justitiam
847 1385 875 1407 et
888 1380 1030 1408 veritatem

245 1425 336 1459 ejus);
362 1434 413 1455 non
439 1425 554 1459 amplius
579 1426 724 1453 decertare
750 1425 824 1459 volo,
855 1432 888 1452 ne
907 1424 1032 1451 revelans

248 1469 372 1502 molesta,
386 1474 497 1504 propter
514 1477 573 1504 quae
591 1470 654 1498 steti
670 1469 846 1497 adversarius
863 1472 890 1496 et
909 1468 951 1495 hic
967 1475 1032 1496 con-

248 1519 290 1542 tra
317 1523 361 1542 me
385 1515 513 1543 succendi
539 1515 708 1546 incendium.
739 1513 808 1542 forte
821 1515 927 1546 audiam
943 1523 952 1540 (
968 1521 1031 1541 ecce

248 1562 294 1596 qui
326 1561 388 1589 mali
413 1561 571 1589 meminisse
594 1565 676 1596 negat
701 1565 813 1588 coactus
827 1560 954 1594 passione
967 1567 1032 1589 con-

247 1609 376 1639 vincitur,
394 1617 404 1634 )
429 1607 501 1634 hunc
516 1613 669 1634 sermonem
695 1609 867 1638 extraneum,
890 1611 939 1631 nec
956 1605 1032 1633 nobi-

246 1655 298 1682 lem
311 1662 361 1682 nec
375 1659 527 1686 strenuum,
550 1652 734 1680 resouantiam
769 1651 868 1685 lingua!
889 1651 1031 1678 inhonesta

247 1701 380 1733 canentis,
399 1705 425 1728 et
439 1700 500 1727 talis
517 1707 576 1734 qnze
589 1699 724 1727 balbutire
737 1704 822 1733 nugas
845 1702 872 1724 et
893 1695 960 1724 nihil
984 1703 1033 1732 op-

246 1752 394 1782 portunum
413 1746 485 1781 loqui
498 1746 577 1774 sciat.

283 1792 328 1829 99.
360 1791 405 1819 Sic
421 1799 470 1826 ego
492 1799 545 1819 non
562 1791 657 1819 ulcisci
675 1790 824 1823 machinor,
841 1790 888 1818 sed
902 1795 930 1817 et
942 1789 1032 1824 cujus.

245 1839 315 1866 libet
336 1837 490 1873 huiusmodi
519 1844 643 1872 personae
660 1837 815 1872 negmiique
843 1836 1033 1871 importunita-

244 1890 300 1912 tem
316 1889 343 1911 et
369 1884 536 1919 imperitiam
550 1888 578 1911 et
587 1890 666 1910 mane
683 1883 803 1910 studium
817 1883 945 1914 observo,
959 1881 1032 1915 judi-

245 1939 311 1958 cans
323 1936 350 1959 et
366 1931 417 1959 hoc
429 1937 462 1957 ex
475 1937 527 1963 me,
546 1930 616 1964 quod
634 1929 674 1956 illi
697 1928 743 1963 qui
760 1928 927 1956 maledicunt
938 1935 1032 1963 quent-

247 1977 308 2003 dam
326 1984 379 2004 non
393 1983 506 2011 prorsus
520 1975 554 2002 ab
570 1982 621 2002 usu
633 1974 737 2002 dicendi
753 1974 881 2005 alienum,
896 1974 922 2001 In
941 1979 1032 2007 repre-

251 2019 414 2047 hendeutem
443 2019 528 2046 aciem
556 2018 628 2046 inire
655 2018 793 2044 videntur.
816 2016 912 2044 Omnis
939 2023 1030 2044 auzem

247 2065 310 2092 talis
334 2065 449 2092 dilectus
475 2068 548 2091 esset
569 2064 700 2091 rationem
724 2063 833 2093 habenti
851 2083 859 2096 ,
883 2063 1029 2090 secundum

247 2111 317 2138 istud
337 2119 345 2138 :
365 2119 374 2137 t
392 2110 567 2145 Reprehende
589 2110 752 2144 sapientem,
771 2115 797 2136 et
811 2109 902 2143 diliget
931 2113 956 2135 te
965 2108 999 2135 “.
1018 2116 1028 2134 ι

251 2156 329 2184 Addo
344 2160 433 2183 tamen
459 2156 510 2183 hoc
526 2163 576 2190 pro
589 2156 714 2189 veritate,
737 2155 822 2190 quod,
851 2155 896 2182 ubi
920 2154 1028 2189 quidem

1079 239 1143 265 ὅταν
1160 240 1326 266 ὀνειδίσωσιν
1342 240 1414 274 ὑμᾶς
1435 240 1482 266 καὶ
1501 239 1637 271 διώξωσι,
1659 248 1668 265 ι
1689 239 1735 266 καὶ
1752 240 1783 266 τὸ
1803 241 1866 274 ἑξῆς

1078 285 1149 316 ὅλον,
1167 285 1196 311 ὲν
1212 283 1233 318 ᾧ
1255 288 1343 312 κεῖται
1365 286 1411 312 καὶ
1431 286 1486 312 πᾶν
1505 286 1578 320 ῥῆμα
1599 286 1754 320 κατήγορον
1769 285 1867 320 ψευδές

1077 339 1107 356 τε
1121 331 1166 357 καὶ
1181 331 1350 364 ἐπαγόμενον
1362 331 1456 358 ἕνεκεν
1465 331 1512 358 τοῦ
1526 331 1607 359 Θεοῦ,
1616 329 1655 358 Ἥ
1669 331 1723 365 γὰρ
1734 332 1764 357 οὐ
1779 332 1866 358 ταύτὰ

1079 375 1168 402 πάντα
1180 375 1241 402 καθ’
1254 376 1332 411 ἡμῶν
1345 376 1501 411 βέϐρεκται,
1515 376 1611 410 νέφους
1625 375 1866 409 ὑπερκρεμασθέν-

1078 429 1124 452 τος
1146 421 1237 455 ἡμῶν,
1260 423 1328 457 ὅπερ
1349 422 1462 455 ἀτμίδες
1481 422 1529 448 καὶ
1549 421 1633 457 ὑγροῦ
1657 421 1704 456 μὲν
1725 420 1864 456 ἡμεδαποῦ

1079 467 1148 502 βίου.
1166 468 1213 494 καὶ
1230 469 1325 503 μίσους
1339 468 1368 494 δὲ
1382 468 1535 503 ἀλλοτρίου,
1550 468 1661 502 ὕψωσαν
1675 467 1720 494 καὶ
1737 467 1867 502 συνέστησ

1080 521 1129 539 σαν
1144 514 1183 544 είς
1198 513 1353 552 πύκνωμα;
1371 513 1590 552 Ὠνειδίσθημεν,
1606 514 1655 540 ὅσα
1672 513 1718 539 καὶ
1733 521 1866 547 προενεγ-

1078 559 1137 584 κεῐν
1150 559 1283 594 αἰσχύνην
1297 559 1364 594 ἔχει.
1382 559 1567 595 Ἐὂιώχοημεν
1581 559 1611 585 τό
1626 567 1658 592 γε
1672 555 1738 594 ἧκον
1751 559 1790 590 εις
1803 559 1866 590 τοὺς

1080 605 1248 638 μισήσαντας
1260 613 1269 621 ο
1285 605 1326 636 οἷς
1341 607 1392 633 οὐκ
1409 604 1480 632 εἶναι
1495 606 1529 632 τὰ
1546 605 1662 632 ἐνταῦθα
1679 605 1791 640 χωρητὰ
1808 605 1864 632 ἐνέ-

1080 658 1186 683 ararat,
1202 651 1239 682 ὡς
1255 652 1333 686 ἡμῶν
1345 652 1425 686 δῆθεν
1438 653 1468 678 rb
1484 652 1538 679 πᾶν
1553 651 1740 686 πληρούντων,
1754 651 1801 677 καὶ
1815 651 1864 685 τὴν

1078 694 1196 722 ἐνταῦθα
1215 696 1380 732 οἰκουμένην
1399 697 1568 731 ποιουμένων
1587 697 1714 731 ἀοίκητον
1733 697 1789 727 τοῖς
1810 696 1865 722 λοι-

1078 741 1149 772 ποῖς.
1167 741 1221 767 Καὶ
1240 742 1293 776 μὴν
1310 742 1385 769 οὐδὲν
1402 743 1481 777 ἡμῶν
1497 742 1791 776 εὐπεριγραπτότερον.
1811 741 1866 774 Πη-

1077 785 1152 812 λίκον
1172 786 1226 822 γὰρ
1247 787 1357 820 καθέξει
1381 787 1462 814 τόπον
1483 788 1582 823 ψύλλος
1606 786 1657 821 εἷς,
1677 788 1761 822 ὁποίῳ
1783 787 1830 814 καὶ
1852 789 1865 814 6

1081 831 1167 865 μέγας
1179 832 1261 865 Δαυῖδ
1275 833 1386 860 εἴκασεν
1399 834 1511 867 ἐαυτόνς
1527 834 1642 869 Ἐρρέθη
1656 835 1703 862 καὶ
1715 834 1777 861 καθ’
1788 833 1866 869 ἡμῶν

1082 877 1156 911 ῥῆμα
1167 897 1174 908 .
1190 878 1220 907 οὺ
1236 879 1294 905 τόδε
1309 888 1335 905 τι
1353 879 1445 911 ἁπλῶς
1456 900 1463 910 ,
1480 880 1548 907 ἀλλὰ
1563 881 1628 907 πᾶν.
1645 879 1726 914 Οἵμοι
1743 880 1812 914 γὰρ,
1829 876 1867 906 ὦν

1081 923 1257 958 ἠκούσαμεν,
1275 921 1312 951 ὧν
1328 925 1362 951 τὰ
1381 925 1468 952 πολλὰ
1483 925 1544 953 οὐδὲ
1560 926 1681 961 ὀχεῖσθαι
1697 925 1808 952 δύναται
1825 926 1865 956 εἰς

1081 967 1207 1002 γλῶσσαν
1232 969 1320 1004 σεμνὰ
1345 971 1459 1005 φράζειν
1485 972 1690 1006 μεμαθηκυῖαν.
1716 971 1747 998 Εἰ
1772 971 1801 1004 δὲ
1829 971 1865 1006 μὴ

1080 1013 1186 1048 ψευδῶς
1203 1015 1294 1042 ικείνα
1308 1015 1476 1051 memmi,
1491 1016 1560 1043 ἀλλὰ
1577 1016 1644 1051 πρὸς
1659 1016 1799 1051 ἀλήθειαν,
1817 1016 1867 1045 οὐκ

1082 1059 1136 1094 ἔχω
1162 1060 1211 1094 μὲν
1234 1061 1421 1097 κατηγορικὴν
1445 1062 1582 1096 ἀπόδειξιν
1607 1061 1647 1088 ἔτι
1676 1061 1843 1097 μεμαθηκώς
1858 1069 1865 1076 ·

1083 1105 1138 1132 ἰδοὺ
1153 1106 1182 1133 δὲ
1198 1106 1274 1142 βῆμα
1292 1107 1398 1142 πάλης·
1416 1107 1463 1135 καὶ
1482 1109 1506 1134 εἰ
1524 1108 1710 1143 στεφανωθείη
1727 1108 1788 1134 κατ’
1799 1107 1866 1142 ἐμοῦ

1082 1153 1096 1179 6
1117 1152 1251 1187 προϐῆναι
1273 1153 1450 1189 τεθαρρηκὼς
1471 1155 1512 1185 εις
1532 1154 1697 1185 ἀντίπαλον,
1722 1155 1868 1190 ἐκπέσοιμι

1082 1197 1130 1224 καὶ
1144 1197 1190 1224 τοῦ
1206 1197 1298 1224 οεόοεν
1315 1199 1491 1235 μακαρισμοῦ
1501 1220 1509 1232 ,
1526 1199 1574 1226 καὶ
1588 1198 1634 1226 τοῦ
1649 1199 1721 1235 ἔχειν
1737 1199 1820 1235 ζωήν.
1836 1202 1866 1229 Ei

1082 1243 1111 1270 δὲ
1131 1245 1178 1271 καὶ
1194 1243 1224 1270 τὺ
1245 1253 1253 1269 ι
1275 1244 1367 1271 ἕνεκεν
1384 1243 1451 1279 ἐμοῦ
1472 1253 1482 1270 ι
1501 1244 1632 1278 ἁρμόττει
1652 1244 1770 1271 ἐνταῦθα
1788 1245 1867 1279 (Θεοῦ

1082 1289 1137 1325 γάρ
1154 1298 1198 1324 μοι
1213 1289 1306 1317 ἐνεκεν
1322 1291 1350 1317 αι
1364 1291 1487 1318 τοιαῦται
1502 1290 1588 1318 πάθαι
1603 1291 1651 1326 καὶ
1665 1293 1713 1327 τῆς
1728 1291 1788 1318 κατ’
1799 1293 1868 1318 ἐκεῖ-

1082 1343 1127 1362 νον
1140 1335 1188 1362 καὶ
1201 1336 1278 1370 δίκης
1290 1336 1338 1362 καὶ
1351 1336 1501 1371 ἀληθείας),
1516 1337 1566 1364 οὐκ
1578 1337 1663 1363 ἐθέλω
1676 1337 1744 1368 τέως
1758 1338 1868 1371 ἐπαγω-

1083 1380 1208 1407 νίσασθαι
1219 1401 1226 1413 ,
1245 1381 1282 1416 μὴ
1301 1381 1348 1408 καὶ
1365 1381 1525 1414 ἀποδεικνὺς
1540 1383 1574 1410 τὰ
1591 1383 1708 1417 φορτικὶι
1719 1402 1727 1414 ,
1743 1383 1814 1418 ὑπὲρ
1831 1379 1867 1410 ὧν

1083 1425 1214 1460 ἑνστάτης
1242 1427 1383 1462 προεστὼς
1405 1427 1541 1460 ὲξέκαυσα
1569 1428 1702 1462 ἐγχώριον
1726 1427 1785 1454 κατ’
1800 1428 1867 1462 ἐμοῦ

1084 1472 1231 1506 πυρκαϊὰν,
1254 1471 1365 1499 ἀκούσω
1388 1472 1480 1503 ποθὲν.
1505 1473 1542 1505 ὡς
1569 1473 1624 1499 ιδλιὺ
1649 1474 1663 1499 6
1686 1473 1797 1508 ἔξαρνος
1821 1474 1867 1502 τοῦ

1085 1525 1094 1543 ‹
1120 1518 1298 1551 μνησικακεῖν
1323 1527 1332 1544 ι
1355 1517 1528 1552 ἐνισχόμενος
1549 1518 1588 1552 τῷ
1610 1518 1691 1544 πάθει
1716 1518 1868 1552 ἁλίσκεται,

1086 1562 1262 1598 παράμουσον
1277 1562 1372 1590 τοῦτον
1387 1563 1476 1598 λόγον,
1490 1565 1537 1591 καὶ
1552 1564 1602 1591 οὐκ
1616 1564 1716 1599 εὐγενῆ
1731 1564 1792 1596 οὐδὲ
1806 1565 1869 1599 δρας

1085 1608 1186 1641 στικὸν,
1208 1609 1344 1644 ἀπήχημα
1364 1608 1489 1644 γλώσσης
1510 1609 1625 1645 ᾀδούσης
1645 1610 1804 1645 ἀνάρμοστα
1824 1610 1870 1636 καὶ

1084 1652 1142 1685 oh;
1159 1652 1330 1690 βατταρίζειν
1346 1654 1464 1689 ειδέναι,
1482 1654 1530 1682 καὶ
1546 1655 1630 1691 μηδὲν
1644 1655 1736 1683 λαλεῖν
1751 1654 1869 1690 καίριον.

1119 1786 1172 1819 l‘O'.
1192 1786 1287 1819 Οὕτως
1311 1787 1368 1822 ἐγὼ
1390 1787 1452 1814 οὔτε
1469 1787 1625 1822 ἀμύνασθαι
1642 1787 1798 1822 ⁵τεχνῶμιιι,
1823 1789 1871 1815 καὶ

1084 1832 1185 1864 παντὸς
1206 1833 1235 1859 δὲ
1251 1832 1354 1860 τοιοῦδε
1374 1833 1520 1868 προσώπου
1542 1833 1590 1860 καὶ
1609 1833 1773 1868 πράγματος
1792 1834 1871 1862 exat.—

1085 1878 1146 1914 ρίαν
1160 1878 1326 1913 καταφράζω
1343 1878 1390 1906 καὶ
1406 1879 1555 1913 σκαιότητα
1571 1879 1618 1907 καὶ
1634 1878 1753 1914 σπουδὴν
1769 1879 1871 1906 ὑπόκε-

1083 1933 1143 1957 νον.
1160 1925 1255 1959 κρίνας
1270 1924 1316 1951 καὶ
1331 1925 1419 1951 έκεῖνο
1433 1925 1501 1960 πρὸς
1516 1926 1651 1960 ἐμαυτοῦ,
1667 1926 1705 1958 ὡς
1719 1927 1743 1953 oi
1760 1928 1874 1954 κακολο-

1083 1969 1194 2004 γοῦντες
1218 1978 1278 1996 τινα
1306 1970 1343 2005 μὴ
1367 1970 1438 1997 πάνυ
1464 1971 1646 2006 ἐστερημένον
1670 1973 1721 2006 τῆς
1745 1974 1774 1998 ὲν
1799 1973 1874 2007 λόγῳ

1083 2016 1231 2051 διαγωγῆς,
1250 2016 1290 2048 εις
1311 2016 1458 2051 ἑλέγχοντα
1477 2017 1586 2044 δοκοῦσι
1604 2018 1745 2053 τετάχθαι.
1766 2019 1824 2051 Πᾶς
1843 2019 1874 2047 δὲ

1087 2062 1208 2093 τοιοῦτος
1226 2063 1366 2097 ἀγαπητὸς
1383 2063 1417 2089 ἂν
1433 2062 1477 2097 εἴη
1493 2063 1532 2098 τῷ
1550 2063 1628 2097 λόγον
1645 2063 1733 2099 ἔχοντι
1750 2065 1823 2091 κατὰ
1842 2065 1875 2091 τὺ

1086 2117 1096 2134 ι
1115 2108 1228 2143 Ἔλεγχε
1245 2109 1341 2142 στφδν,
1365 2109 1413 2136 καὶ
1436 2109 1574 2145 ἀγαπήσει
1599 2118 1640 2136 σε.
1667 2119 1677 2136 ι
1701 2110 1876 2146 Προστίθημε

1085 2154 1176 2188 μέντοι
1194 2155 1303 2182 κάκεῖνο
1319 2154 1388 2190 πρὸς
1404 2155 1560 2188 ἀκρίϐειαν.
1578 2156 1625 2187 ὡς.
1645 2156 1709 2182 ἔνθα
1727 2157 1778 2191 μὶν
1796 2157 1877 2190 φίλος

250 2201 355 2231 amicus
368 2201 552 2236 reprehendit,
566 2201 604 2228 ibi
620 2209 732 2236 prorsus
745 2206 786 2228 est
802 2201 921 2236 jucunda
937 2207 1030 2233 repre—

1082 2199 1203 2234 ὲλέγχει,
1220 2201 1277 2227 εκεῖ
1293 2201 1403 2232 πάντως
1418 2201 1466 2227 καὶ
1483 2201 1546 2236 ἡδὺς
1563 2202 1577 2228 6
1594 2201 1719 2236 ἐλεγχος,
1736 2203 1785 2233 καὶ
1800 2202 1878 2230 διδα-

243 2247 352 2280 hensio,
365 2251 393 2274 et
406 2247 533 2275 erudiens
549 2253 577 2275 et
596 2248 636 2275 sic
656 2248 814 2282 corrigens;
835 2246 880 2274 ubi
895 2253 960 2273 vero
975 2246 1026 2272 ini-

245 2291 332 2320 micus
348 2297 390 2321 est
410 2293 456 2327 qui
487 2293 709 2327 reprehensionis
730 2292 836 2331 acerbas
860 2292 943 2318 verba
969 2298 1031 2325 pro-

246 2338 309 2371 fert,
339 2338 377 2365 ibi
400 2338 597 2373 iucunditatem
623 2338 801 2372 reprehensio
814 2344 907 2367 secum
922 2343 974 2363 non
991 2335 1031 2363 af-

243 2380 308 2414 fert,
326 2388 359 2408 eo
376 2382 446 2416 quod
463 2389 495 2410 ex
520 2389 568 2410 ore
582 2389 635 2410 non
652 2382 752 2413 amico.
768 2388 820 2409 nec
845 2379 1032 2412 melliiiuente,

243 2428 291 2459 sed
317 2431 460 2457 eructantc
484 2433 652 2462 qumcunqne
681 2426 796 2460 loquens
812 2425 929 2452 audienti
956 2428 1037 2459 putat»

243 2480 303 2504 esse
317 2473 398 2505 mala,
415 2473 483 2500 exit.
503 2473 562 2500 Non
579 2479 644 2503 vero
661 2476 750 2499 tamen
771 2471 928 2506 huiusmodi
943 2478 1035 2505 repre-

242 2518 339 2547 hensio
367 2523 467 2551 cessat,
499 2519 562 2552 quin
604 2518 677 2547 utilis
716 2518 762 2547 sit.
804 2517 1034 2551 Quemadmodum

255 2564 326 2591 enim
340 2564 385 2598 qui
399 2570 497 2597 corpus
507 2571 602 2595 sanum
630 2563 698 2596 vult,
728 2563 819 2594 etiam.
831 2563 971 2598 plusquam
992 2563 1035 2597 ip-

246 2616 306 2638 sum
323 2609 385 2642 mel,
399 2617 520 2639 amarum
534 2609 700 2638 absinthium
712 2610 855 2637 aestimabit
867 2618 874 2642 ;
891 2610 930 2636 sic
942 2613 969 2637 et
985 2609 1031 2643 qui

247 2655 305 2682 vult
321 2655 410 2681 anima
427 2661 508 2686 sanus
523 2661 595 2688 esse,
616 2655 687 2689 quod
703 2655 768 2682 utile
780 2661 822 2683 est
837 2655 1030 2690 emcndicabit,

246 2700 319 2728 sicut
330 2700 363 2727 ab
378 2700 463 2726 amica
479 2699 630 2733 locutione;
660 2701 699 2731 sic
716 2701 798 2729 etiam
825 2702 860 2729 ab
881 2701 927 2729 illo
938 2702 986 2737 qui
1002 2706 1031 2729 ut

247 2746 377 2775 inimicus
403 2744 532 2780 loquitur.
561 2745 665 2781 itaque.
692 2747 763 2776 sicut
789 2747 892 2778 invenit
911 2748 981 2783 quod
998 2748 1030 2776 ad

287 2834 311 2854 ³⁸
324 2834 417 2863 Matth.
434 2843 458 2870 v,
478 2835 518 2863 il.
564 2836 586 2852 “
604 2835 684 2871 Prov.
704 2844 763 2870 xu,
781 2837 830 2865 25.

1079 2245 1208 2276 σκαλικὸς
1219 2265 1226 2277 ,
1241 2246 1288 2272 καὶ
1301 2245 1388 2277 οὕτως
1402 2247 1614 2280 ὲπιστρεπτικός
1625 2254 1632 2261 ·
1647 2247 1714 2277 ὅπου
1729 2247 1758 2274 δὲ
1774 2248 1878 2283 ἐχθρὸς

1078 2291 1092 2317 6
1111 2291 1307 2326 ἀνα-ταράττων
1328 2292 1362 2319 τὰ
1381 2292 1421 2324 εις
1443 2292 1542 2327 δριμὺν
1563 2292 1688 2327 ἔλεγχον,
1709 2293 1768 2320 ἀλλ’
1782 2295 1877 2321 ἐκεῖσε

1079 2336 1175 2372 ἡδονὴν
1192 2337 1242 2371 μὲν
1256 2338 1270 2364 6
1285 2337 1393 2373 ἔλεγχος
1409 2338 1459 2365 οὐκ
1476 2338 1638 2374 ἐπισύρεται
1651 2358 1658 2369 .
1675 2339 1737 2366 ἐπεὶ
1753 2339 1786 2374 δὴ
1805 2340 1880 2374 μηδὲ

1081 2382 1190 2416 φιλικοῦ
1208 2383 1314 2418 πρόεισι
1331 2384 1483 2418 στόματος,
1502 2384 1565 2419 μέλι
1583 2385 1768 2420 ἀπορρέοντος
1779 2405 1788 2417 .
1805 2386 1881 2414 ἀλλὰ

1083 2427 1308 2464 ὲξερευγομένου,
1321 2429 1392 2464 ἅπερ
1403 2430 1417 2456 6
1427 2429 1515 2461 λαλῶν
1525 2430 1611 2457 οῐεται
1623 2430 1691 2465 πρὸς
1703 2431 1791 2457 κακοῦ
1803 2430 1880 2458 εἶναι

1082 2473 1121 2509 τῷ
1137 2475 1274 2503 ἀκούοντι.
1289 2475 1346 2502 Οὐκ
1362 2475 1507 2510 ἐστέρηται
1522 2475 1550 2501 δὲ
1566 2475 1642 2510 ὅμως
1657 2476 1711 2502 οὐδ’
1723 2477 1736 2501 6
1752 2477 1880 2509 τοιοῦτος

1083 2519 1193 2554 ἔλεγχος
1204 2520 1251 2548 τοῦ
1265 2520 1393 2555 προσιτὸς
1407 2519 1488 2547 εἶναι.
1501 2520 1544 2552 Ὠς
1557 2521 1612 2556 γὰρ
1623 2522 1637 2547 6
1652 2521 1772 2556 μελετῶν
1787 2522 1882 2556 ὑγιαί-

1082 2574 1140 2592 νειν
1154 2566 1182 2597 ἐς
1197 2566 1276 2601 σῶμα
1287 2586 1295 2598 ,
1310 2566 1458 2600 τιμήσεται
1473 2575 1539 2593 ποτε
1553 2567 1602 2602 καὶ,
1616 2567 1684 2602 πρὸς
1699 2567 1783 2600 αὑτοῦ
1800 2568 1881 2602 μέλι-

1083 2620 1128 2642 τος
1139 2612 1170 2641 τὸ
1185 2611 1282 2646 πικρὸν
1295 2611 1419 2645 ἁψίνθιον
1428 2631 1436 2643 ,
1449 2611 1521 2638 οὕτω
1534 2612 1581 2645 καὶ
1595 2613 1634 2643 εἰς
1649 2612 1738 2647 ψυχὴν
1752 2613 1879 2641 εὐεκτείν

1084 2656 1194 2688 ἐθέλων,
1213 2657 1365 2692 ὲρανίσεται
1381 2657 1411 2683 τὸ
1426 2656 1559 2691 ὠφελοῦν,
1576 2657 1671 2692 ὥσπερ
1689 2658 1743 2683 ἀπδι
1762 2658 1878 2692 φιλικῆς

1084 2703 1190 2736 λαλιᾶς,
1203 2702 1275 2729 οὕτω
1286 2703 1314 2729 δὲ
1327 2703 1374 2729 καὶ
1387 2703 1440 2729 ἀπὸ
1452 2702 1498 2729 τοῦ
1512 2703 1581 2738 πρὸς
1593 2703 1705 2738 ἐχθρίαν
1717 2703 1875 2734 λαλοῦντος.

1084 2748 1189 2780 Οὐκοῦν
1200 2749 1247 2777 καὶ
1258 2748 1352 2784 ὥσπερ
1365 2749 1396 2775 ὲκ
1408 2748 1485 2784 φίλου
1498 2749 1621 2784 εὑρίσκει
1632 2749 1660 2775 τὸ
1673 2749 1874 2786 κατορθοῦσθαι
