1952 3076
149 131 202 165 501
529 130 568 159 ΙΝ
591 127 759 161 ΗΥΜΝΗΜ
783 124 920 156 ΡΕΝΤΕ(

1006 121 1108 152 ΑΒΕΜ
1128 121 1231 151 ΙΜΜΑ
1263 120 1363 149 i'fi‘i'l.
1723 114 1777 147 F0”)

596 291 1338 404 EUSTATHII

330 472 1028 535 TIIESSALONICENSIS
1069 466 1603 528 METROPOLIT/E

813 585 1125 619 INTERPRETATIO

411 676 610 722 HYMNI
651 673 1133 721 PENTECOSTALIS
1171 670 1529 716 DAMASCENI.

159 207 297 214 w—

960 197 1202 204 ._._—.—————

158 205 1244 223 ww

856 845 1089 878 MONI'I'UM.

670 929 743 961 (Aeg.
756 928 812 958 Mal.
823 925 941 959 Spicilea.
956 925 1036 956 Rom,
1052 929 1110 952 tom.
1123 925 1152 955 V,
1166 931 1190 956 p.
1204 925 1281 956 xxiv.)

201 1084 338 1110 Hactenus
353 1080 489 1108 Eustathii
513 1079 712 1114 archiepiscopi
727 1076 981 1106 Thessalonicensis
993 1084 1093 1105 nomen
1110 1077 1246 1104 claruerat
1259 1079 1371 1111 propter
1383 1077 1500 1105 eximios
1512 1078 1547 1105 ad
1559 1081 1707 1112 utrumque
1728 1077 1784 1105 Hu-

167 1127 235 1153 meri
248 1132 343 1161 poema
357 1123 571 1151 commentarios
585 1130 594 1157 ;
611 1130 683 1149 nunc
693 1122 804 1151 demum
816 1122 888 1150 sacri
901 1129 1011 1157 quoque
1024 1122 1159 1156 poematis
1170 1122 1307 1155 interpres
1330 1121 1464 1156 procedit,
1479 1125 1508 1149 et
1522 1121 1631 1156 quidem
1663 1123 1690 1149 in
1712 1123 1784 1150 alma

170 1169 244 1198 Urbe
260 1168 377 1204 primum
396 1167 556 1202 impressus,
572 1166 616 1194 ubi
634 1165 785 1193 Homericae
807 1174 916 1202 quoque
941 1166 1062 1202 ejusdem
1081 1166 1287 1194 lucubrationes
1303 1166 1420 1194 natalem
1434 1166 1522 1194 lucem
1538 1174 1610 1194 anno
1627 1167 1696 1195 i550
1719 1167 1786 1194 hau-

168 1217 277 1242 serunt.
294 1212 367 1239 Inter
379 1211 494 1247 hymnos
508 1211 554 1246 qni
568 1210 658 1238 sancti
673 1209 786 1238 Joannis
798 1210 958 1239 Damasceni
972 1218 1070 1238 nomen
1089 1216 1188 1246 gerunt
1202 1210 1301 1238 nobilis
1315 1214 1358 1238 est
1381 1214 1440 1237 tum
1467 1210 1503 1237 ob
1520 1210 1664 1243 theologis
1690 1211 1786 1238 altitu-

168 1257 272 1290 dinem,
288 1260 343 1283 tum
358 1255 394 1282 ob
407 1255 484 1282 metri
499 1253 578 1282 etiam
595 1253 768 1286 suavitatem,
786 1253 811 1282 is
824 1255 871 1290 qui
891 1255 1013 1282 divinum
1035 1254 1167 1288 Spiritum
1183 1254 1314 1287 celebrat,
1327 1259 1353 1281 et
1367 1261 1382 1281 a
1415 1253 1515 1283 Graecis
1528 1256 1704 1290 pentecostali
1717 1260 1787 1283 tem-

171 1308 237 1336 pore
249 1300 369 1328 canilur.
382 1299 458 1326 Mitto
472 1305 545 1325 nunc
559 1298 772 1325 controversiam
789 1303 879 1325 utrum
895 1298 941 1326 hic
951 1298 1069 1334 hymnus
1085 1306 1180 1333 reapse
1194 1303 1335 1333 parentem
1348 1298 1446 1326 haheat
1461 1298 1489 1327 S.
1505 1297 1640 1327 Joannem
1675 1299 1790 1327 Damas-

170 1351 269 1372 cenum
286 1343 331 1370 τὸν
346 1344 428 1375 πάνυ,
444 1349 478 1369 an
492 1341 684 1377 homonymum
700 1341 796 1375 alium,
806 1349 858 1377 qua
875 1349 956 1377 super
970 1349 999 1369 re
1012 1341 1171 1370 Eustathius
1186 1342 1243 1377 ipse
1259 1341 1286 1369 in
1299 1341 1437 1369 Pi-ommio
1451 1342 1532 1374 verba
1543 1342 1620 1377 facit,
1635 1348 1693 1372 tum
1705 1344 1789 1371 etiam

171 1388 201 1415 in
214 1395 318 1422 nupera
329 1386 529 1414 Pentecostarii
546 1385 632 1414 Graeci
646 1385 766 1413 editione
782 1385 881 1414 Veneta
895 1386 959 1414 anni
975 1386 1046 1421 is“
1062 1387 1141 1415 docte
1167 1387 1322 1416 disseritur.
1351 1386 1446 1423 Neque
1470 1389 1543 1416 enim
1567 1396 1618 1417 nos
1641 1389 1675 1417 de
1699 1387 1791 1426 hymni

174 1437 290 1459 auctore
304 1439 378 1459 nunc
391 1430 551 1466 qumrimus,
565 1430 613 1458 sed
621 1430 681 1465 ejus
696 1430 871 1466 interpretem
885 1431 1074 1459 doetisumnm
1085 1435 1113 1459 et
1128 1431 1349 1467 copiosissimum
1362 1432 1390 1460 in
1405 1433 1557 1461 litterarum
1573 1442 1631 1462 rem
1655 1435 1792 1470 publicam

175 1476 230 1504 laeti
240 1476 412 1503 deducimus.
426 1474 525 1509 Scripti
538 1474 620 1509 hujus
636 1474 694 1502 duo
709 1475 805 1505 saltem
823 1475 989 1510 exemplaria
1005 1476 1193 1509 innatuerunt,
1207 1475 1323 1504 alterum
1336 1475 1559 1509 Vindobonense.
1586 1478 1659 1513 quod
1668 1483 1793 1507 accurate

175 1519 308 1547 describit
319 1518 484 1546 Lambecius
497 1519 524 1546 in
542 1518 575 1547 B.
593 1518 709 1546 Vindob.
723 1519 769 1546 ed.
791 1526 855 1547 nov.
872 1524 892 1547 ι.
913 1519 944 1547 ν.
961 1527 990 1555 p.
1007 1520 1071 1552 556,
1100 1527 1115 1549 ιι
1145 1527 1200 1555 quo
1231 1525 1322 1551 tamen
1344 1521 1502 1550 dilaudatus
1524 1521 1633 1556 quidem
1661 1526 1715 1555 est,
1741 1530 1794 1550 non

177 1567 267 1590 tamen
285 1562 356 1598 typis
367 1562 575 1590 commendatus
591 1562 728 1596 ;alterum
742 1562 904 1592 Vaticanum
930 1563 1011 1599 “09,
1026 1565 1231 1601 bombycinum,
1245 1566 1346 1594 litteris
1370 1565 1562 1597 minutissimis
1591 1566 1791 1602 innumerisqu'

181 1606 259 1641 siglis
271 1605 455 1641 conscriptum
471 1613 480 1640 ;
504 1606 575 1641 quod
592 1613 653 1634 cum
667 1607 771 1642 jamdiu
787 1607 1039 1643 deprehendissem,
1052 1614 1079 1637 et
1091 1609 1219 1639 claustris
1233 1610 1337 1638 tamdiu
1351 1610 1508 1643 obseratum
1519 1610 1652 1645 dolerem,
1666 1612 1796 1641 constitui

178 1650 296 1685 denique
310 1651 336 1676 in
352 1650 434 1684 hujus
448 1649 593 1678 voluminis
607 1654 745 1685 postrema
758 1655 837 1685 parte
849 1651 994 1681 collocare.
1013 1653 1050 1682 De
1075 1661 1131 1688 quo
1160 1661 1226 1682 sane
1250 1654 1353 1689 scripto
1377 1653 1563 1688 Lambecium,
1591 1658 1618 1682 et
1646 1655 1795 1690 prasertini

176 1693 305 1720 Allatium
317 1693 345 1721 in
360 1693 564 1728 Prolegomenis
580 1694 788 1728 Damascenicis,
804 1703 865 1731 cap.
881 1696 975 1730 θὶς-70,
987 1697 1058 1732 apud
1074 1697 1246 1734 Lequinium,
1261 1699 1372 1734 copiose
1397 1698 1535 1734 disputare
1545 1693 1648 1731 decuit,
1662 1703 1690 1727 ut
1715 1699 1796 1728 inco-

177 1737 283 1772 gnitum
297 1737 427 1772 scriptum
436 1737 584 1766 lectoribus
601 1737 748 1767 revelarent
764 1747 773 1773 ;
788 1740 854 1767 mihi
869 1747 932 1768 vero
949 1741 996 1776 qui
1011 1746 1109 1775 totum,
1129 1742 1219 1778 qualis
1247 1747 1421 1779 quantusque
1432 1748 1483 1776 cst,
1499 1743 1642 1778 legendum
1657 1744 1717 1772 orbi
1737 1748 1797 1776 ter-

177 1789 271 1808 rarum
286 1781 340 1814 jam
356 1782 481 1815 exhibeo,
502 1782 553 1822 diu
564 1782 639 1818 loqui
655 1791 709 1810 non
721 1788 763 1811 est
777 1792 890 1814 necesse
906 1794 914 1813 :
931 1787 974 1814 sui
988 1787 1060 1813 enim
1077 1785 1177 1822 cuique
1191 1786 1273 1820 oculi,
1289 1786 1311 1815 si
1327 1786 1408 1814 modo
1427 1787 1531 1815 Graecis
1557 1788 1655 1815 litteris
1680 1788 1717 1816 sit
1745 1788 1797 1816 im-

181 1826 274 1858 butus,
294 1824 465 1852 Eustathium
482 1825 555 1853 hunc
579 1834 628 1860 pro
644 1826 775 1862 dignitate
790 1836 822 1856 ac
838 1830 934 1858 merito
949 1832 1189 1860 commendabunt.
1206 1831 1301 1860 Graeca
1316 1835 1390 1859 certe
1413 1831 1534 1861 Ecclesia
1550 1837 1611 1868 post
1622 1833 1683 1860 illos
1696 1833 1798 1868 primo-

179 1877 241 1896 rum
254 1870 414 1897 saacnlorum
427 1868 531 1903 Patres,
541 1878 632 1905 parem
647 1871 796 1907 Eustathio,
812 1873 986 1909 interpretem
999 1876 1044 1903 vix
1056 1875 1140 1902 ullum
1152 1875 1242 1909 habet,
1258 1876 1303 1911 qui
1316 1880 1420 1903 tantam
1432 1876 1569 1908 sermonis
1588 1876 1675 1904 Graeci
1689 1878 1794 1912 copiam

180 1917 209 1940 et
222 1912 381 1949 theologica:
399 1913 535 1942 lacullatis
550 1921 697 1952 rerumque
709 1917 845 1946 variarum
857 1918 982 1954 peritiam
996 1927 1051 1947 ora:
1062 1926 1093 1946 se
1104 1918 1184 1946 lerat.
