1952 3076
247 143 298 175 Ξυῖ

618 139 831 171 ΕυεΤΑΤΗιι
849 139 994 169 THESSA
1000 139 1026 169 ιι

1081 138 1226 169 lCENSlS
1251 136 1470 168 METROPOL.
1480 136 1533 166 {AI

1804 137 1850 170 5M

246 208 311 229 vero
327 199 424 227 dixerit
437 199 510 225 illum
530 198 556 225 in
576 197 608 224 iis
630 205 701 231 quos
719 197 896 224 concinnavit
922 198 1021 225 ianiliis

1078 204 1130 228 νος,
1144 196 1193 231 τὴν
1210 195 1240 221 έν
1260 194 1365 221 ἅπασιν
1392 190 1434 225 οἷς
1457 193 1560 228 γράφει
1575 200 1583 226 ;
1601 191 1729 228 τοιαύτης
1747 193 1772 219 δὲ
1786 195 1849 227 ίδέιις

247 247 387 282 prop-inm
414 246 574 272 immutasse
596 244 799 274 characterem,
821 243 914 271 audiet
937 245 1025 279 primo

244 292 370 320 eumdem
399 291 425 317 in
443 290 567 317 Omnibus
585 289 713 316 incedere
736 290 848 316 doctum
870 290 1025 324 rhetorem,

245 343 271 365 et
284 337 374 364 forsan
391 336 517 366 inritum,
531 335 688 362 dominante
701 335 727 362 in
742 336 788 363 illo
801 336 912 371 propria
923 337 949 363 in
959 337 1027 365 scri-

245 383 333 410 bt-ndo
349 388 444 408 natura
461 389 468 406 τ
487 381 618 415 illumque
634 381 753 408 maxime
766 381 792 408 in
808 382 935 410 versibus
947 383 1026 410 talem

243 428 373 455 exsistere
394 434 427 453 eo
449 427 522 460 quod
554 427 684 460 majorem
708 427 875 462 voluptatem
910 433 1028 456 venatur

244 474 347 507 poesis.
371 478 399 500 et
422 473 462 499 sic
484 472 626 500 illecebras
653 472 771 499 maxime
797 474 1028 509 praetendat;ju-

242 519 363 545 cundum
389 517 460 544 enim
486 517 558 552 quod
589 518 764 552 perspicuum
791 522 844 551 est,
864 526 917 545 non
934 523 1026 546 autem

242 563 315 598 quod
333 565 490 590 obscuru'n.
512 563 589 589 Plato
608 563 718 598 quidem
744 571 806 590 cum
834 564 941 598 poetice
957 564 1027 591 scri-

242 609 292 642 bit,
307 609 457 636 dilueidior
474 614 518 636 est
534 614 561 636 ct
578 609 700 636 suavior.
720 609 819 635 Audiet
842 614 935 644 postea
953 610 1025 644 quod

243 655 462 681 manifestaverit
475 662 590 688 magnus
601 653 647 680 ille
657 654 698 680 vir
709 654 774 689 quid
787 654 813 681 in
822 654 895 689 poesi
906 655 1023 687 valeret;

242 708 297 728 non
317 701 390 728 enim
412 707 514 735 paucas
539 704 646 727 tantum
674 707 802 727 versuum
830 700 942 734 paginas
964 700 1026 727 reli-

243 748 312 780 quit,
331 747 377 774 sed
395 750 423 774 et
443 754 514 781 opus
539 746 721 773 dramaticum
748 747 871 780 scripsit,
902 752 932 774 ut
949 748 1027 774 nobis

243 793 409 827 experientia
436 793 562 827 probavit
594 792 640 827 qni
662 792 755 819 drania
777 793 891 827 legimus
914 800 1026 827 eotnpo-

243 840 326 867 situm
342 839 368 866 in
385 839 468 866 beata:
479 842 506 866 et
524 843 605 866 castae
620 840 757 865 Snzannze
774 839 932 870 historiam.
963 846 1024 873 per-

243 893 335 920 peram
351 886 509 912 adnotatum
524 889 555 912 ut.
574 893 669 920 poema
691 884 805 912 Joannis
822 884 952 918 Mansur;
967 890 1024 912 erat
1042 871 1062 900 Β

243 938 333 958 autem
351 931 462 959 Mansur
478 938 630 964 cognomen
652 939 707 966 quo
737 930 900 958 maledictus
919 930 1025 965 Copro-

243 985 343 1011 nyinus
367 976 484 1012 maligne
514 977 677 1012 loquebatur
706 976 825 1003 irridens
853 983 915 1004 eum
946 975 1026 1010 quasi

243 1022 323 1058 Syrio
337 1027 426 1049 ortum
444 1030 559 1058 genere;
585 1026 612 1049 et
625 1021 776 1049 adornabat
798 1021 1025 1056 compositionem

243 1067 357 1102 hujusce
373 1067 505 1094 tit-amatis
531 1067 616 1101 stylus
642 1066 721 1101 plane
746 1065 940 1100 Euripidicus;
964 1073 1026 1099 pro-

242 1120 329 1147 priam
342 1113 414 1139 enim
434 1113 620 1147 genealogiam
635 1112 745 1139 texebat
760 1110 900 1142 Snzanna.
916 1115 944 1138 et
956 1111 1027 1138 doleo

242 1158 287 1184 bat
310 1157 332 1184 si
351 1161 427 1184 tanto
451 1156 522 1183 tnalo
547 1157 743 1184 succumberet
767 1157 794 1183 in
811 1156 900 1188 horto.
925 1161 953 1184 et
972 1157 1024 1183 vim

241 1207 394 1238 pateretur;
416 1208 480 1229 tunc
499 1202 626 1236 paradiso
648 1202 738 1229 locum
755 1203 925 1234 aSslutilans,
955 1203 1026 1230 rele—

241 1249 318 1276 rebat
348 1248 483 1282 quomodo
513 1248 601 1275 malus
625 1247 734 1275 dtemon
762 1256 872 1275 rursum
901 1248 1026 1283 decipere

242 1300 360 1323 tentaret
383 1294 466 1321 Evam
486 1301 544 1326 me;
572 1294 613 1321 sic
641 1295 732 1329 poesis
761 1295 864 1329 absque
887 1294 1025 1329 grandilo-

241 1343 363 1377 queutia,
382 1346 409 1368 et
431 1341 491 1368 luce
512 1340 716 1375 perspicuitatis
742 1341 858 1374 pollens,
886 1348 936 1368 nec
962 1340 1024 1368 rudi

242 1388 335 1423 phrasi
347 1388 462 1414 obscura
481 1387 507 1413 in
521 1387 617 1413 illustri
636 1386 817 1414 Damasceno.

1078 243 1102 269 οἱ
1120 241 1261 277 εἰρημένοι.
1278 241 1391 272 κανόνες
1408 239 1481 266 πάνυ
1498 240 1608 274 μακράν
1623 240 1702 266 εἰσιν.
1720 233 1752 266 Ei
1772 240 1798 266 δέ
1814 249 1850 271 τις

1078 289 1150 316 ετποι
1179 289 1284 315 ἐκεῖνον
1312 287 1440 321 ἐπίτηδες
1453 286 1567 319 ἀλλάξαι
1592 285 1638 312 τὸν
1649 277 1749 312 οἰκεῖον
1771 294 1852 320 χειρα-

1080 333 1172 370 κτῆρα
1182 333 1211 360 έν
1224 331 1265 365 οἷς
1285 333 1408 368 ἴαμσισε,
1421 332 1518 366 πρῶτα
1533 332 1584 366 μὲν
1598 331 1743 358 ἀκούσεται
1755 332 1793 358 ὅτι
1809 340 1852 358 σα-

1078 380 1130 416 φὴς
1146 379 1238 416 ῥήτωρ
1266 377 1405 414 πανταχοῦ
1423 377 1545 409 τοιοῦτος
1566 377 1700 408 ἐκϐαίνει,
1724 377 1814 413 σχεδόν
1827 386 1852 404 τι

1078 425 1126 452 καὶ
1153 425 1239 457 ἄκων,
1257 424 1445 460 τυραννοὺσης
1465 422 1547 450 αὐτὸν
1559 422 1611 458 τῆς
1634 423 1674 454 ei:
1692 423 1721 450 τὸ
1747 422 1854 457 γράφειν

1079 472 1199 508 φύσεως,
1213 472 1261 499 καὶ
1279 470 1381 507 μᾶλλον
1397 472 1427 497 ὲν
1452 471 1510 502 τοῖς
1539 469 1618 496 ἔπεσι
1646 468 1766 499 τοιοῦτός
1785 469 1854 495 ἑστιν

1078 519 1192 551 ἐκεῖνος,
1206 517 1250 544 διὰ
1264 516 1294 544 τὸ
1310 516 1359 552 τὴν
1372 516 1521 552 ποιητικὴν
1536 515 1634 551 ἡδονῆς
1661 514 1744 541 πλέον
1765 515 1855 550 στοχά-

1078 563 1184 596 ζεσθαι,
1197 563 1244 591 καὶ
1255 563 1342 594 οὕτως
1354 562 1449 597 αὐχεῖν
1464 562 1584 596 μάλιστα
1601 561 1632 588 τὸ
1642 561 1757 595 ἓφοκλόν
1771 569 1779 578 ·
1807 561 1852 594 ἡδὺ

1077 610 1104 637 ἃ
1118 610 1148 637 τὸ
1163 610 1264 645 σαφὲς,
1282 609 1313 636 οὐ
1329 608 1360 635 τδ
1378 608 1417 644 μὴ
1427 608 1523 643 σαφές.
1545 607 1576 634 '0
1591 601 1658 642 γοῦν
1674 606 1786 634 Πλάτων
1814 607 1855 633 δτι

1077 656 1145 692 πρὸς
1163 656 1263 692 μέτρον
1278 663 1390 691 γραφη.
1409 653 1578 690 σαφέστερός
1595 654 1671 680 ἐστιν
1691 653 1788 679 ἑαυτοῦ
1812 653 1856 679 καὶ

1077 703 1245 738 γλυκύτερος
1260 709 1268 718 ο
1293 700 1353 729 εἶτα
1372 701 1642 737 προσεπακούσεται,
1673 700 1716 727 ὅτι
1733 700 1747 725 6
1774 699 1854 734 μέγας

1076 749 1181 780 ἐκεῖνος
1193 749 1224 775 οὗ
1238 747 1354 783 λέληθεν
1369 747 1430 774 οὐδὲ
1444 747 1537 779 ὁποῖος
1549 744 1586 783 ἦν
1608 747 1659 781 τὴν
1687 745 1828 772 tato-notum
1846 751 1853 760 ’

1076 795 1107 821 οὐ
1121 795 1175 829 γὰρ
1191 793 1284 825 ἁπλῶς
1297 792 1438 829 μετρητὰς
1455 793 1546 828 ἀφῆκε
1565 792 1673 824 σελίδας
1697 791 1781 822 ἐπῶν,
1794 790 1856 817 ἀλλὰ

1078 841 1125 867 καὶ
1143 839 1404 874 ὲδραματούργησιν
1419 846 1428 855 ”
1442 839 1481 871 ὡς
1496 839 1545 866 καὶ
1563 839 1638 873 ἡμᾶς
1663 838 1682 874 ὴ
1698 839 1779 872 πείρα
1808 836 1858 863 ὲδί·

1079 885 1142 917 δαξε
1156 885 1410 920 περιτετυχυκότας
1424 885 1544 920 δράματι
1560 884 1680 917 ἐκείνου,
1709 881 1855 917 πεποιημέ·

1079 938 1117 964 νῳ
1136 930 1186 964 μὲν
1202 930 1241 960 είς
1257 931 1289 956 τὰ
1307 928 1378 955 κατὰ
1388 929 1438 964 τὴν
1457 929 1598 964 μακαρίαν
1615 929 1745 963 σώφρονα
1759 926 1860 955 Σωσάν-

1080 985 1139 1009 ναν,
1151 975 1448 1011 παρασεσημειωμένῳ
1464 974 1494 1001 δὲ
1509 974 1541 1001 ἔκ
1565 974 1693 1008 πλαγίων
1707 974 1811 1008 ποίημα
1824 970 1860 999 εί-

1079 1031 1124 1049 ναι
1143 1023 1268 1050 Ἰωάννου
1285 1021 1415 1057 Μανσούρ
1430 1022 1467 1057 (1)
1485 1029 1492 1036 ·
1505 1019 1541 1058 ἦν
1551 1021 1580 1048 δὲ
1593 1023 1607 1048 6
1620 1022 1752 1056 Μανσσὺρ
1764 1020 1861 1047 ἐπώνυ-

1082 1077 1143 1104 μον,
1174 1065 1196 1102 ᾦ
1214 1069 1246 1104 δὴ
1271 1070 1285 1096 6
1316 1069 1455 1104 ἐπάρατος
1487 1068 1682 1104 Κοπρώνυμος
1707 1068 1862 1101 ὲκακολόγει

1078 1116 1213 1142 σκώπτων
1234 1115 1340 1142 ἐκεῖνον
1355 1113 1400 1142 οἶα
1414 1115 1508 1149 γένους
1525 1114 1698 1150 ὡρμημένον
1724 1111 1861 1148 συριακοῦ,

1077 1161 1125 1187 καὶ
1140 1161 1289 1197 ὲσκευώρει
1320 1161 1370 1197 τὴν
1401 1161 1523 1188 διάθεσιν
1540 1161 1646 1188 ἐκείνου
1664 1161 1711 1188 τοῦ
1732 1160 1862 1195 δράματος

1077 1207 1244 1242 εὑριπὶδειος
1256 1207 1420 1243 αὐτόχρημα
1437 1207 1548 1243 μέθοδος
1560 1215 1568 1223 ·
1583 1206 1757 1241 ἐγενεαλόγει
1773 1214 1801 1232 τε
1812 1205 1862 1240 γὰρ

1075 1253 1179 1289 ἑαυτὴν
1195 1255 1211 1289 ὴ
1234 1254 1368 1282 Σωσάννα
1382 1254 1429 1281 καὶ
1439 1253 1604 1280 ἀπεκλαίετο
1618 1254 1645 1280 ει
1660 1253 1806 1289 περιπέσοι
1817 1259 1864 1278 κα-

1078 1299 1119 1334 κῷ
1128 1299 1281 1334 τηλικούτῳ
1296 1300 1373 1334 ἐντὸς
1393 1300 1486 1335 κήπου
1504 1299 1553 1326 καὶ
1566 1299 1694 1335 βιασθείη
1713 1307 1721 1315 ·
1744 1298 1808 1325 ἔνθα
1821 1296 1864 1323 καὶ

1077 1346 1236 1381 παραδείσῳ
1255 1346 1301 1374 τὸν
1312 1346 1395 1373 τόπον
1412 1346 1560 1378 είκάσασα,
1583 1347 1613 1372 ὲν
1626 1342 1649 1379 ᾧ
1670 1346 1689 1381 ή
1713 1344 1863 1378 reponi;pr

1076 1391 1129 1418 ὑπὸ
1139 1392 1186 1418 τοῦ
1198 1392 1325 1426 δαίμονος
1345 1391 1514 1427 ἀπατηθείη,
1530 1391 1630 1426 φράζει
1656 1391 1783 1426 γλυκέως
1803 1389 1839 1421 ὡς
1851 1387 1865 1414 6

241 1434 394 1469 ἁρχέκακος
406 1433 515 1467 δράκων
531 1432 613 1458 πάλιν
629 1432 734 1467 πλινᾷν
746 1432 860 1459 ἐσπευῖε
878 1433 928 1468 τὴν
945 1433 1015 1461 Εὕαν
1034 1435 1085 1471 ἐμέ
1102 1444 1111 1454 ο
1124 1436 1210 1468 οὕτως
1221 1433 1415 1472 ἀστόμφαστος
1425 1438 1474 1465 καὶ
1484 1439 1503 1473 ὴ
1514 1438 1644 1464 ἑποποιΐι
1665 1438 1715 1465 καὶ
1732 1438 1802 1473 φωτὶ
1820 1445 1865 1463 σα·

242 1481 355 1517 φηνείας
369 1481 509 1512 διάλευκος
532 1480 578 1506 καὶ
591 1479 805 1514 ἀνεπισκότητος
828 1481 927 1515 φράσει
943 1482 1051 1518 σκληρᾷ
1066 1484 1105 1519 τῷ
1121 1484 1242 1520 λαμπρῷ
1262 1484 1446 1521 Δαμασκηνῷ.

278 1529 363 1563 Hujus
386 1528 418 1554 ad
442 1527 620 1554 imitationem
643 1527 668 1553 in
692 1534 788 1561 magna
815 1528 1021 1561 Thessalonice,

1114 1527 1152 1558 Ot'a
1174 1532 1245 1566 πρός
1257 1540 1320 1559 τινα
1337 1533 1488 1568 ὁμοιότητα
1502 1534 1531 1560 έν
1550 1534 1583 1568 τῇ
1608 1534 1719 1570 μεγάλῃ
1736 1535 1867 1561 Caucala-

242 1575 350 1602 iambos
361 1574 426 1600 olim
446 1577 594 1599 texuerunt
611 1572 731 1604 diaconi,
744 1579 815 1600 unus
828 1573 938 1607 quidem
956 1575 1027 1601 indi-

242 1629 322 1655 gena,
348 1618 457 1646 nomine
473 1618 619 1649 Snmancs.
645 1617 809 1644 scriniorum
831 1618 975 1652 praefectus
995 1626 1028 1646 ex

242 1667 426 1695 ecclesiastica
449 1665 595 1699 dignitate;
609 1663 677 1691 alter
688 1664 798 1698 sapiens
813 1663 1026 1699 Megalopolites,

243 1712 323 1740 IeVita
343 1718 484 1739 sat-rarum
502 1711 601 1737 artium
620 1710 760 1745 magister,
776 1710 890 1738 Michael
919 1717 1027 1746 protec-

243 1760 329 1790 dims,
347 1758 393 1792 qui
425 1756 532 1784 tandem
550 1756 694 1783 vexatione
716 1756 816 1784 diaboli
834 1756 985 1790 laboravit;
1001 1761 1029 1785 et.

244 1805 325 1830 ambo
340 1810 449 1838 propter
472 1804 601 1836 hymnum
619 1811 667 1838 pro
681 1803 857 1830 sanctissimo
872 1804 947 1830 urbis
962 1811 1029 1838 pra:-

243 1850 327 1883 l'ecto,
354 1850 386 1877 tle
421 1849 591 1877 suaveolenti
624 1857 723 1884 magno
751 1854 872 1884 martyre
911 1849 1025 1885 gloriam

243 1896 330 1932 adepti
343 1901 417 1927 sunt,
436 1903 498 1923 cum
515 1903 568 1923 non
595 1895 657 1922 vilia
680 1896 824 1928 dixissent,
839 1900 866 1923 et
882 1896 1028 1923 luciditate

243 1943 388 1979 fulget-ent.
406 1942 479 1970 Ante
496 1949 543 1969 eos
565 1946 666 1973 autem,
681 1941 777 1969 eodem
797 1946 925 1976 suscepto
944 1950 1028 1977 opere

242 1989 275 2015 «le
295 1988 494 2023 augustissimo
520 1986 677 2015 Nativitatis
694 1987 795 2015 Christi
822 1987 892 2016 festo
906 1988 1027 2016 Joannes

243 2034 403 2062 Geometres
417 2033 528 2068 gloriari
555 2035 644 2068 potuit
664 2038 690 2061 et
703 2035 762 2068 ipse
772 2035 845 2070 quod
865 2035 947 2062 simili
967 2035 1028 2063 luce

242 2080 395 2114 gravitatis,
414 2083 441 2105 et
463 2079 595 2105 claritatis
618 2083 644 2105 et
672 2080 816 2107 suavitatis
841 2080 1026 2116 prtelulgeret,

245 2125 321 2151 nitet
339 2125 395 2158 ipse
410 2131 535 2158 asperum
554 2124 669 2151 habens.
685 2124 712 2151 Si
733 2126 796 2160 quis
808 2132 899 2153 autem
914 2131 1028 2154 conten-

244 2169 312 2196 dens
342 2169 432 2196 direre
451 2168 527 2194 malit
549 2169 720 2203 spiritualem
747 2171 946 2198 modulatorern
972 2172 1026 2199 alta

1078 1577 1141 1612 νίκῃ
1157 1577 1309 1612 ιςθάσαντές
1328 1586 1393 1604 ποτε
1409 1578 1537 1614 ίιμϐίσαι
1562 1579 1700 1612 διάκινοι,
1716 1580 1730 1606 6
1752 1581 1802 1615 μέν
1830 1587 1868 1610 τις

1079 1622 1224 1658 ἐγχώριος,
1241 1624 1362 1660 ἐπίκλην
1388 1625 1542 1661 Σουμάνης,
1564 1626 1746 1662 χαρτοφύλαξ
1772 1627 1802 1652 τὸ
1826 1627 1869 1652 ικ-

1078 1669 1276 1704 κλησιαστικδν
1289 1671 1408 1706 ἀξίωμα,
1423 1672 1518 1707 ἕτερος
1533 1672 1561 1699 δὲ
1586 1673 1672 1707 σοίδς
1694 1671 1871 1708 μεγαλοπολί-

1077 1723 1137 1750 της.
1164 1715 1273 1750 λευῖτης
1300 1717 1486 1752 ἀγιοσοφίτης,
1510 1719 1621 1754 Μιχαὴλ
1645 1718 1870 1755 πρ‹οτέκδικης,ό

1078 1761 1106 1787 έν
1121 1762 1227 1797 ὑστέρῳ
1241 1762 1432 1798 δυσκληρὴσας
1450 1765 1569 1800 ἐπηρείᾳ
1588 1764 1734 1799 δαῐμονος.
1752 1765 1800 1791 καὶ
1820 1764 1870 1798 ἀμ-

1078 1807 1187 1842 φότεροι
1205 1808 1272 1841 πρὸς
1286 1808 1371 1844 ὕμνον
1389 1808 1434 1836 τοῦ
1450 1810 1608 1843 ἁγιωτάτου
1627 1811 1780 1846 πολιούχου
1801 1809 1870 1836 κατὰ

1077 1853 1121 1880 τὸν
1135 1853 1307 1889 μυροὸλύτην
1329 1855 1565 1891 μεγαλσμάρτυρα
1582 1856 1782 1893 εὐδοκίμησαν,
1810 1856 1870 1884 οὔτε

1077 1899 1196 1926 ταπεινὰ
1222 1900 1377 1934 φράσαντες
1403 1901 1450 1927 καὶ
1472 1901 1610 1937 σαφηνείᾳ
1640 1903 1871 1938 ὲλλαμψάμεκοι·

1078 1944 1132 1979 πρὸ
1145 1944 1173 1971 δὲ
1191 1945 1282 1971 αὐτῶν
1297 1946 1337 1975 εις
1353 1946 1445 1980 ὅμοιον
1469 1947 1549 1982 ἔργον
1565 1948 1766 1982 πονησάμενος
1788 1949 1802 1975 6
1829 1957 1872 1974 σο-

1077 1991 1202 2024 φώτατος
1216 1991 1345 2026 Ἰωάννης
1359 1993 1372 2018 ὸ
1387 1993 1553 2028 Γεωμέτρης
1583 1994 1632 2020 ἐπὶ
1663 1996 1697 2030 τῇ
1727 1994 1874 2028 πανσέπτῳ

1076 2038 1126 2073 τῆς
1137 2037 1183 2064 τοῦ
1199 2037 1317 2078 Χριστοῦ
1331 2039 1486 2075 γεννήσεως
1515 2039 1610 2075 ἑορτῇ,
1636 2040 1722 2076 ἔσχεν
1752 2042 1874 2076 αὐχῆσαι

1078 2084 1124 2109 καὶ
1140 2077 1317 2119 αὐτὸςῦμοίῳ
1330 2085 1400 2119 φωτὶ
1416 2085 1463 2111 καὶ
1476 2086 1645 2121 σεμνότητος
1656 2088 1706 2114 καὶ
1724 2087 1876 2122 σαφηνείας

1079 2129 1125 2156 καὶ
1138 2127 1307 2163 γλυκύτητος
1323 2129 1550 2165 λαμπρύνασθαι,
1567 2131 1651 2158 οὐδέν
1668 2141 1698 2159 τι
1721 2132 1876 2167 σκληρυνὰ-

1081 2181 1161 2208 μενος
1183 2173 1239 2200 οὐδ’
1255 2173 1337 2205 αὑτό(
1354 2182 1363 2192 ο
1381 2174 1406 2201 εί
1422 2174 1450 2201 δέ
1464 2183 1506 2207 τις
1520 2175 1621 2211 ἐρίζων
1643 2177 1761 2205 ἑλέσθαι
1791 2178 1877 2204 είπεῖν

243 2215 406 2250 sapientem,
423 2213 464 2240 vel
475 2214 554 2241 aliter
568 2214 771 2250 dithyrambieo
789 2215 851 2250 igne
863 2224 1026 2244 succensum

1080 2220 1127 2247 τὸν
1141 2221 1330 2251 πνιυματιιιδν
1349 2221 1470 2257 μελῳδὸν
1481 2222 1665 2258 λυκοφρόνως
1682 2225 1699 2261 ἢ
1717 2225 1809 2256 ἄλλως
1841 2225 1877 2251 δι-

243 2260 401 2295 seripsisse,
414 2258 486 2295 quod
515 2260 637 2288 urbanus
652 2264 679 2288 et
696 2260 793 2289 doctus
816 2261 981 2291 Theocritus
999 2263 1026 2290 in

244 2305 403 2333 methodum
423 2305 548 2340 redigere
569 2306 676 2338 statuit,
695 2306 737 2333 vel
756 2313 785 2334 ut
802 2306 909 2334 laudent
934 2313 1026 2342 capta-

243 2355 295 2383 ret,
307 2350 350 2377 vel
366 2355 396 2378 ut
414 2354 534 2386 tequaret
545 2351 612 2378 alios
628 2351 676 2378 tali
691 2352 766 2387 poesi
784 2352 954 2385 nobilitatos.
975 2354 1026 2382 etsi

242 2396 366 2431 quaedam
384 2403 437 2423 non
459 2395 572 2431 probata
595 2395 678 2429 dicat,
696 2400 723 2424 et
754 2397 905 2431 probabilia
921 2402 1025 2425 tantum

243 2442 315 2469 edat.
332 2441 397 2468 Esto
410 2445 511 2474 tamen,
526 2441 668 2469 veritatem
698 2442 815 2476 dixerit;
831 2446 859 2469 ut
884 2443 957 2471 enim
972 2452 1026 2471 non

242 2497 391 2524 arguantur
407 2489 477 2524 quod
495 2490 531 2516 ita
552 2489 712 2518 altirmative
731 2490 814 2518 locuti
828 2491 917 2520 simus
933 2492 965 2520 de
986 2492 1028 2520 Itis

241 2542 305 2571 quae
321 2542 372 2562 non
400 2535 555 2571 oportebat,
572 2536 668 2564 demus
685 2540 715 2563 ut
733 2537 878 2565 mutaverit
904 2538 1027 2566 musicus

241 2585 354 2609 sanctus
382 2580 568 2608 Datnaseenus
592 2582 730 2617 propriam
762 2583 911 2618 loquelam,
946 2586 1025 2619 quasi

241 2627 317 2655 vocis
335 2627 534 2660 dissimulator,
552 2635 598 2662 per
614 2627 794 2657 imitationem
811 2638 862 2657 non
883 2639 944 2665 qua:
960 2632 1026 2659 sim-

247 2674 355 2710 pliciter
381 2681 396 2701 a
413 2673 506 2701 multis
531 2678 674 2701 exercetur
702 2676 810 2709 quando
832 2678 1025 2711 opportunitas

242 2720 368 2753 voluerit,
384 2727 437 2746 non
455 2727 509 2754 qua
521 2719 622 2754 insigni
636 2721 716 2747 modo
726 2727 854 2749 narratur
867 2722 902 2750 de
915 2722 1025 2751 heroica

241 2764 359 2801 quadam
372 2771 498 2799 persona,
518 2763 567 2792 sed
585 2764 735 2792 secundum
755 2767 935 2801 apostolicam
949 2768 1022 2796 illam

1081 2264 1264 2300 OupathxtTJc
1276 2265 1398 2300 ποιῆσαι,
1415 2266 1429 2292 ὃ
1445 2267 1493 2294 καὶ
1505 2268 1520 2294 6
1538 2268 1651 2301 ἀστεῖος
1674 2270 1738 2304 ἅμα
1756 2271 1804 2297 καὶ
1834 2279 1878 2296 σο-

1079 2310 1131 2345 φὸς
1162 2310 1307 2346 Θεόκριτος
1331 2313 1462 2348 ἐπέκρινέ
1487 2322 1541 2341 που
1574 2315 1749 2348 μεθοδεῦσαι
1766 2316 1877 2352 χάρινῆ

1080 2356 1377 2393 φιλοτιμίαςῆἁπλῶς
1403 2359 1560 2392 ὲξισώσεως
1585 2361 1639 2395 τῆς
1666 2364 1739 2397 πρὸς
1769 2364 1878 2397 ἑτέρους

1079 2402 1293 2436 ἀγλαῖζομένους
1315 2405 1445 2440 ὲποποιΐᾳ
1477 2406 1611 2442 τοιαύτῃ,
1648 2408 1803 2444 ἀμάρτυρα
1831 2409 1879 2444 μὲν

1078 2446 1156 2474 λαλεῖ
1172 2449 1231 2482 καὶ,
1258 2449 1296 2480 ὡς
1315 2450 1413 2483 εἰπεῖν,
1441 2451 1616 2485 είκοτολογεῖ.
1644 2455 1744 2481 Ἐστιι)
1761 2455 1790 2481 δὲ
1806 2455 1879 2489 ὅμως

1079 2494 1229 2530 ἀληθεύων.
1242 2495 1301 2522 Ἵνα
1315 2496 1370 2531 γὰρ
1390 2496 1429 2532 μὴ
1442 2497 1595 2533 πεισμονὴν
1613 2500 1767 2534 περιέπειν
1780 2500 1879 2534 ἐγκλη-

1077 2541 1174 2576 θὼμεν
1192 2542 1236 2576 ἐφ’
1251 2540 1295 2575 οἷς
1313 2543 1364 2570 οὐκ
1377 2544 1471 2579 ἐχρῆν,
1487 2544 1617 2579 διδόαμεν
1634 2546 1758 2581 ἀλλάξαι
1772 2547 1818 2574 καὶ
1835 2546 1879 2572 τὸν

1078 2587 1157 2620 ἅγιον
1171 2587 1355 2624 Δαμασκηνὸν
1388 2589 1522 2625 μελῳδὸν,
1547 2591 1594 2617 τὸν
1622 2593 1733 2620 οἰκεῖον
1763 2593 1878 2628 φθόγγον

1077 2630 1121 2659 οἷα
1136 2633 1186 2660 καί
1201 2642 1264 2661 τινα
1278 2635 1439 2671 φωνόμιμον
1454 2637 1522 2672 πρὸς
1530 2637 1657 2673 μίμησιν
1671 2639 1706 2667 οὐ
1722 2640 1773 2676 τὴν
1789 2638 1878 2669 ἁπλῶς

1079 2679 1156 2713 παρὰ
1176 2681 1233 2712 τοῖς
1246 2681 1356 2713 πολλοῖς
1373 2682 1579 2718 μελετωμένην,
1598 2684 1648 2711 ὅτι
1671 2688 1786 2723 καιρὸς,
1817 2685 1876 2712 οὐδὲ

1081 2725 1153 2752 κατὰ
1169 2725 1200 2751 τὸ
1216 2725 1364 2762 ἐξαιρέτως
1381 2728 1564 2765 ἱστορημόνην
1579 2730 1652 2765 περι
1668 2741 1746 2764 τινος
1760 2728 1876 2769 ἡρωϊκοῦ

1080 2771 1239 2805 προσώπου,
1257 2773 1325 2800 ἀλλὰ
1342 2775 1413 2801 κατὰ
1427 2774 1478 2810 τὴν
1490 2775 1537 2802 ὑπ’
1550 2775 1640 2803 αὑτοῦ
1669 2778 1875 2815 μεμελισμένην

278 2851 316 2886 (l)
332 2850 369 2879 De
378 2852 521 2887 agnomine
535 2850 658 2884 Μαιιειιν.
677 2852 797 2888 itemque
813 2853 847 2882 de
872 2855 926 2884 alio
951 2856 1023 2885 intra
1041 2859 1166 2893 tegendo.
1183 2860 1278 2894 Aula.
1292 2861 1409 2892 Allatius
1427 2863 1487 2892 loco
1506 2863 1654 2896 praedicto.
