1952 3076
143 131 187 163 5‘25

539 132 579 163 ΙΝ
599 133 769 164 HYMNUM
788 132 1116 164 PENTECUSTALEM
1133 132 1357 163 DAMASCEXI.

1699 128 1752 159 5.6

140 188 205 215 δοκῑῖ
226 187 372 222 ὡρμῆσθαι
386 188 403 222 ἠ
422 187 493 220 λέξις
516 188 547 214 ἐκ
563 188 617 214 τῶν
633 190 788 224 ουρατικῶν
812 190 916 224 καλυμ-

986 190 1088 217 uaxime
1116 198 1176 224 qua:
1202 189 1303 217 similia
1325 190 1365 217 sic
1392 188 1494 215 t'ocatis
1520 187 1636 219 nebulis,
1656 188 1756 214 retium

143 234 237 268 μάτων,
255 234 302 260 καὶ
319 234 421 268 μᾶλλον
441 234 495 261 τῶν
510 235 580 261 κατὰ
594 236 643 267 τὰς
658 236 730 262 οὓτω
747 234 918 271 δία).ουμένας

140 277 245 311 νεφέλας
261 297 268 310 ,
293 278 392 304 ὁπόσαι
424 279 591 312 πλεκόμενοι
619 280 774 313 δικτυωδῶς
798 290 920 308 καταπε-

141 324 277 351 τάννυνται
290 325 434 357 πετεινῶν,
450 327 497 352 καὶ
521 327 726 362 περιειληφυϊαι
743 328 837 363 κύκλῳ
850 329 919 355 αὐτὰ

142 369 296 403 κατέχουσιν
312 370 377 402 ἔσω,
393 370 440 396 καὶ
452 370 501 396 οὐκ
524 371 638 404 ἀφιᾶσιν
658 372 871 399 ἐκδιδύσκεσοαι
890 373 921 399 τὸ

143 414 350 450 ἀμφίϐληστρον.
377 415 455 441 Οὕτω
483 416 537 451 γάρ
554 425 622 449 πως,
645 417 860 452 κυριολεκτικῶς
885 419 922 444 el-

142 461 207 492 πεῖν,
225 461 340 494 κάτοχος
358 460 397 496 τῷ
413 460 473 495 Θεῷ
486 463 632 496 γενόμενος
647 463 659 487 6
673 462 824 496 καλυφθεὶς
840 463 923 489 Μωῠ-

144 506 197 540 qi“,
211 506 270 537 ὅλος
292 505 326 541 ἦν
345 507 465 539 ἐκείνου,
481 508 528 533 καὶ
545 508 612 542 πρὸς
630 509 729 543 ἐκείνῳ
746 509 794 534 καὶ
808 508 842 534 δι’
853 509 925 534 ἑκεί-

143 561 182 579 νου
203 553 314 588 ἐνήργει
330 553 363 579 τὰ
388 553 573 588 κελευόμενα*
595 555 717 581 τοιούτου
743 555 771 581 δὲ
787 555 923 590 νοήματος

143 599 253 634 ἢρτηται
268 600 315 625 καὶ
330 599 359 625 τὸ
374 599 543 633 κεκαλύφοαι
559 601 608 635 μὲν
620 600 670 634 τὴν
687 600 822 635 Ἐρυθρὰν
835 600 924 634 ὕδατι,

144 643 361 678 ἀνακαλυφθῆναι
383 645 411 670 δὲ
425 644 459 670 τὰ
474 645 582 679 ἐκείνης
599 644 713 679 θεμέλια
733 646 761 671 ἐν
780 646 812 680 τῇ
829 644 924 671 διαϐά-

145 698 181 715 σει
202 690 248 716 τοῦ
268 690 387 725 ’ῐτραήλ
410 689 489 717 Οὕτω
505 691 552 717 καὶ
567 691 665 722 1πιόντος
686 692 791 722 ἐκεῖνος
806 691 852 717 τὸν
866 691 921 717 Φα-

973 236 1059 263 instar
1074 236 1220 270 implicata,
1239 236 1336 263 avibus
1351 235 1556 270 expenduntur,
1571 239 1599 261 et
1615 234 1641 260 iu
1659 241 1756 268 gyrum
1806 236 1808 238 '

974 280 1141 308 circumacta
1178 289 1225 308 eus
1249 281 1323 308 intus
1336 281 1468 312 detinent,
1483 288 1533 307 nec
1546 279 1617 306 elabi
1635 279 1728 306 sinunt
1744 286 1759 305 e

975 326 1098 354 reticulo.
1116 327 1161 353 Sic
1177 333 1251 361 ergo,
1274 331 1304 352 ut
1322 326 1431 359 proprie
1448 325 1548 356 dicam,
1573 332 1586 350 ιι
1603 324 1658 351 Ι)θο
1675 331 1760 351 occu-

975 377 1055 408 patus
1071 376 1159 400 tectus
1175 372 1290 408 Moyses,
1305 377 1378 400 totus
1397 378 1455 398 erat
1470 372 1539 405 ejus,
1562 376 1587 398 et
1609 379 1659 405 pro
1683 378 1715 397 eo
1733 374 1762 397 ct

976 425 1022 452 per
1036 425 1098 444 eum
1109 418 1185 453 jnssa
1202 418 1360 452 perﬁciebat
1373 417 1430 452 (tali
1441 418 1524 444 menti
1539 417 1617 443 ulline
1633 421 1672 443 est
1689 417 1762 450 quod

976 470 1052 490 mare
1077 462 1200 489 Rubrum
1219 465 1292 490 unda
1317 468 1475 498 coopertum
1503 467 1553 496 est,
1573 467 1599 489 et
1627 462 1761 496 profunda

976 507 1036 542 ejus
1047 508 1157 535 detecta
1174 513 1237 535 sunt
1256 508 1283 534 in
1307 509 1425 536 transitu
1450 509 1569 535 ﬁliorum
1600 507 1700 539 Israel;
1722 507 1763 534 sic

976 557 1002 581 et
1019 562 1094 581 mare
1107 554 1173 581 illud
1188 553 1360 582 Pharaonem
1376 562 1437 582 cum
1456 554 1604 582 comitibus
1623 555 1681 581 suis
1695 561 1762 580 roo-

979 600 1099 634 peruit),
1119 604 1147 627 et
1161 601 1277 628 revelata
1306 601 1375 628 facie
1395 601 1441 627 tali
1456 601 1683 636 contemplatione
1699 607 1763 634 pro-

978 645 1077 679 spicit;
1092 649 1118 672 et
1132 645 1236 673 detecti
1259 646 1338 680 planc
1358 646 1442 680 oculi,
1464 647 1511 674 tali
1528 647 1660 674 velamine
1676 646 1763 677 exuti,

977 691 1062 725 aperti
1079 696 1142 718 sunt
1158 697 1186 718 ιιι
1202 692 1255 719 late
1276 693 1410 720 riderent.

146 737 197 771 ραὼ
213 737 261 763 σὺν
274 738 330 768 τοῖς
342 737 411 771 ἀμφ’
425 736 506 763 αὐτὸν
521 737 640 772 ἐκάλυψε
650 746 656 753 “
675 737 765 765 καὶτὸ
790 737 1053 772 ἀνακεκαλυμμένον
1066 737 1094 764 δὲ
1126 739 1284 773 πρόσωπον,
1314 740 1441 775 τοιαύτης
1476 739 1592 774 θεωρίας
1622 740 1766 766 ἐχκύπτεε-

146 783 189 810 καὶ
212 783 235 808 οἱ
268 782 530 817 ἀποκεκαλυμμένοι
562 782 709 814 δαυιτικῶς
744 782 893 818 ὀφθαλμοὶ,
930 782 1058 818 τοιαύτην
1084 784 1272 818 κατακάλυψιν
1299 785 1437 817 ἐκδύντες,
1462 786 1615 822 ἀνεῴγασιν
1658 786 1768 820 βλέπειν

146 828 239 855 πλατύ.

178 875 206 903 ε’.
225 875 297 910 Ὅρα
312 875 339 902 δὲ
356 875 394 906 ὡς
410 875 503 910 γνόφῳ
516 874 666 908 καλυφθεὶς
683 875 697 901 ὀ
710 875 843 910 Μωῦσης,
856 876 932 910 ὅμως

1021 875 1047 901 5.
1066 873 1132 902 Vide
1148 882 1230 909 porro
1246 876 1385 909 quomodo
1401 877 1473 903 nubc
1487 881 1577 904 tectus
1594 878 1699 914 Moyses
1714 887 1766 906 nun

146 923 191 950 οὐκ
206 923 356 950 ἐσκότωται
381 922 517 956 ζοφωυεῖς
540 922 643 956 ὁμοίως
669 922 708 957 τῷ
731 923 932 949 καταπεπλασ-Γ

147 970 216 1004 μένῳ
232 969 285 995 ἰλύῖ
297 968 327 995 τὺ
344 968 460 995 ὁπτικὸν
470 969 519 1002 τῆς
539 968 641 1004 ψυχῆς,
654 969 692 1000 ὡς
713 969 727 994 6
744 969 862 1003 μελῳδὸς
877 978 929 1004 φη-

147 1024 195 1048 σιν,
209 1014 266 1041 ἀλλ’
281 1015 322 1047 εἰς
346 1014 425 1041 τοῦτο
450 1015 496 1040 καὶ
515 1014 598 1048 μόνον
618 1014 766 1049 περιεχύοη
790 1014 875 1046 ἔνδον,
893 1014 930 1046 ὡς

146 1062 277 1096 κρυϐῆναι
301 1060 346 1087 τὸν
362 1061 466 1095 κόσμον
483 1060 530 1087 καὶ
554 1060 694 1095 θεωρῆσαι
722 1060 783 1086 καθ’
810 1060 929 1095 ἡσυχίαν

147 1108 189 1134 τὸν
203 1107 281 1140 Θεὸν,
294 1108 342 1133 καὶ
356 1106 526 1140 ὲξαστράψαι
540 1105 611 1140 λόγῳ
622 1114 651 1131 τε
667 1107 714 1131 καὶ
730 1105 840 1140 πράξει,
851 1106 931 1137 ἐκδὺς

147 1156 190 1181 τὸν
205 1154 306 1187 γνὸφον
324 1152 535 1188 ἁστραπηϐόλος
553 1152 600 1178 καὶ
614 1151 824 1186 ἀπηλλαγμένος
835 1150 930 1183 αὐτοῦ,

147 1200 216 1227 καθὰ
240 1201 287 1226 καὶ
303 1199 416 1233 οὐρανὸς
431 1198 575 1232 amem;
599 1198 648 1230 τῆς
667 1198 698 1223 ὲκ
727 1197 825 1231 νεφῶν.
842 1197 932 1228 Ὅλως

147 1246 197 1281 γὰρ
214 1245 331 1280 αῐνιγμα
344 1243 378 1281 ἦν
392 1246 405 1271 ὁ
419 1246 517 1279 γνόφος
533 1243 580 1270 τοῦ
595 1245 641 1270 κιὶ
654 1243 751 1278 σχολῆς
765 1243 870 1269 δεῖσθαι
885 1243 932 1269 τὸν

147 1294 299 1328 προφήτηνΙ
314 1292 357 1318 ἵνα
375 1291 446 1318 οὕτω
457 1290 514 1325 γνῷ
527 1289 686 1321 δαυιτικῶς,
705 1289 753 1315 καὶ
770 1288 817 1316 τοῦ
829 1289 933 1324 ἀστρά-

147 1338 208 1373 ψειν
224 1338 328 1365 ἐκεῖθεν
355 1337 551 1372 πνευματικῶς
562 1344 569 1351 ·
583 1336 601 1362 ἃ.
620 1336 652 1369 δὴ
680 1335 810 1370 σύστοιχα
827 1336 859 1370 τῇ
886 1335 932 1361 νῦν

145 1384 266 1420 ἀγομένη
294 1384 384 1419 ἑορτῇ,
405 1384 434 1410 ὲν
501 1383 631 1417 φώτισμα
655 1381 732 1416 ἁγὶου
760 1381 931 1416 Πνεύματος,

146 1432 192 1456 καὶ
208 1429 380 1465 φωτοχυσίας
402 1428 468 1463 φλὲλξ
481 1428 527 1454 καὶ
541 1428 690 1462 ὑγρότητος
707 1427 869 1461 ἁγιαστικῆς
883 1427 933 1461 τῆς

146 1477 217 1502 κατὰ
233 1475 278 1502 τὸν
293 1476 369 1509 ἆγιον
383 1473 461 1509 Ὶωὴλ
474 1473 633 1509 χορηγείται
644 1481 653 1488 ·
670 1473 702 1508 ἢν
717 1473 854 1508 ὑγρότητα
872 1481 934 1499 σκο-

148 1521 234 1547 τεινὸν
259 1521 308 1555 μὲν
335 1519 408 1555 ὕδωρ
431 1519 519 1550 ἄλλως
546 1519 574 1545 ἐν
594 1517 719 1552 νεφέλαις
733 1520 933 1553 πνευματικαῖς

148 1567 295 1602 κατενόησε
310 1567 354 1594 διὰ
368 1566 399 1593 τὸ
418 1565 500 1600 βάθος
512 1564 558 1592 τοῦ
575 1564 726 1599 μυστηρίου
742 1564 756 1590 ό
769 1564 851 1591 Δαϐιδ
863 1573 870 1580 ’
885 1565 934 1592 οὐκ

146 1614 179 1640 ἂν
198 1613 227 1640 δὲ
247 1613 284 1648 μὴ
302 1612 466 1640 κατελάϐετο
489 1611 536 1639 καὶ
551 1611 705 1645 πάμφωτον
719 1607 789 1636 εἶναι
812 1610 842 1636 τὸ
858 1610 934 1642 αὐτὸ,

147 1659 192 1685 διὰ
206 1659 238 1684 τὺ
255 1659 334 1692 ἅγιον
358 1657 502 1692 βάπτισμα
516 1656 563 1683 καὶ
578 1655 626 1691 τὴν
651 1654 739 1685 οὕτως
766 1655 869 1682 ἔνδυσιν
889 1655 935 1681 τοῦ

145 1704 274 1738 ἀληθιυοῦ
286 1703 373 1737 φωτὸς
388 1702 476 1738 Ἰησοῦ
495 1701 627 1736 Χριστοῦ.

183 1749 221 1782 ς’.
243 1751 271 1777 ’0
290 1749 319 1776 δὲ
335 1748 545 1784 βραδύγλωσσος
561 1748 717 1774 ἀντίκειται
731 1747 781 1782 μὲν
801 1746 840 1782 τῷ
855 1755 936 1781 ταχυ-

146 1796 273 1830 γλώσοῳ,
289 1795 319 1821 οὐ
331 1795 401 1822 πάνυ
413 1794 442 1820 δὲ
453 1793 538 1820 πλείω
549 1793 634 1827 ψόγον
649 1792 727 1824 οὗτος
747 1792 853 1819 ἐκείνου
867 1792 934 1826 ἔχει.

151 1843 182 1870 '0
193 1842 242 1878 μὲν
257 1843 310 1876 γὰρ
323 1840 528 1875 βραδύγλωσσος
540 1839 596 1874 ἔχοι
607 1839 640 1866 ἂν
653 1838 752 1873 ἀγαθόν
766 1847 792 1865 τι
808 1838 883 1870 ποτὲ,
897 1835 936 1868 οἷς

146 1888 296 1924 διατρίὃων
320 1887 370 1922 τὴν
393 1887 493 1922 φράσιν
514 1886 560 1912 καὶ
582 1885 669 1917 οὕτως
686 1885 760 1911 ἔστιν
775 1885 788 1910 ὅ
802 1893 831 1911 τε
849 1884 936 1911 ἀναδι-

147 1935 226 1962 πλῶν
241 1934 326 1969 αὐτὴν
352 1934 400 1960 καὶ
421 1930 478 1959 οἷον
503 1932 696 1966 ἐπαναφέρων,
715 1929 855 1965 ὲγκαθίζει
877 1931 937 1960 ταῖς

146 1982 203 2008 τῶν
221 1979 360 2015 ἀκροατῶν
376 1979 474 2014 ψυχαῖς
489 1980 528 2009 εἰς
545 1977 749 2012 ἀκρισεστέραν
766 1978 878 2011 μνήμην
890 1975 938 2001 καὶ

146 2027 251 2061 γνῶσιν
273 2027 304 2052 τὸ
330 2026 486 2060 λεγόμενον,
510 2023 592 2059 βάδην
614 2023 652 2057 τῷ
668 2022 739 2056 λόγῳ
765 2021 868 2057 προῖὼν
890 2020 937 2046 καὶ

147 2071 452 2108 παρακολουθούμενος.
480 2069 510 2096 '0
529 2069 558 2095 δὲ
586 2067 738 2103 ταχυλάλος
768 2067 815 2092 καὶ
844 2065 938 2100 φύρων

146 2120 224 2146 οὓτω
248 2119 310 2150 τοὺς
327 2118 422 2152 λόγους
440 2116 479 2147 εἰς
505 2114 702 2149 ἀδιάρθρωτον,
727 2109 771 2138 οἶα
793 2112 938 2145 ἐπίτροχον

146 2165 276 2198 γλῶσσαν
294 2165 349 2195 τοῖς
365 2164 456 2196 λόγοις
481 2160 581 2196 ἰφιεὶς,
609 2159 658 2186 καὶ
678 2157 938 2192 δυσπαρακολούθη-

982 925 1071 947 tamen
1088 921 1266 955 teuebrescit,
1284 922 1402 957 caligine
1415 923 1601 952 circumfusus
1619 927 1699 960 quasi
1714 925 1768 952 illi-

982 967 1015 993 tis
1031 966 1096 993 limo
1109 968 1198 995 oculis
1219 969 1326 1001 mentis,
1345 973 1374 995 ut
1389 970 1427 996 ait
1442 975 1539 1004 poeta;
1553 971 1600 998 scd
1618 973 1644 999 in
1660 978 1766 1000 tantum

981 1015 1007 1038 et
1019 1011 1194 1039 solummodo
1211 1012 1237 1039 in
1264 1012 1389 1040 interiori
1410 1013 1514 1042 eil‘usus
1534 1020 1587 1048 est,
1608 1023 1638 1043 ut
1653 1019 1770 1044 abscon-

981 1057 1093 1084 deretur
1106 1058 1236 1091 mundus,
1253 1058 1314 1085 etin
1333 1066 1399 1093 pace
1414 1060 1515 1087 videret
1532 1061 1628 1094 Deum,
1644 1067 1670 1089 et
1688 1063 1770 1090 verbo

981 1101 1098 1137 fulgeret
1123 1107 1148 1130 et
1174 1107 1247 1137 actu,
1267 1105 1340 1132 nube
1358 1110 1459 1133 exutus
1476 1105 1583 1142 fulgura
1604 1115 1766 1141 coruscans.

982 1153 1009 1174 et
1025 1148 1180 1182 expeditus,
1195 1149 1268 1176 sicut
1284 1150 1385 1177 coelum
1404 1151 1508 1186 absque
1527 1153 1662 1180 velamine
1679 1154 1768 1181 nebu-

981 1193 1084 1226 larum;
1100 1195 1212 1222 omnino
1227 1196 1300 1224 enim
1320 1198 1481 1231 mysterium
1497 1202 1556 1225 erat
1570 1198 1669 1227 nebula
1685 1204 1711 1226 ct
1733 1201 1770 1228 si-

982 1239 1127 1275 gniﬁcabat
1157 1241 1214 1268 otio
1244 1242 1366 1277 indigere
1382 1243 1551 1278 prophetam,
1577 1249 1605 1271 ut
1623 1245 1662 1273 sic
1675 1252 1770 1280 aperte

982 1291 1168 1321 cognosceret,
1198 1291 1226 1314 et
1259 1287 1322 1315 inde
1345 1289 1524 1323 spiritualiter
1549 1290 1768 1320 illuminnturum

982 1339 1058 1365 esse;
1083 1340 1143 1367 qua:
1170 1334 1295 1367 prmsenti
1326 1340 1481 1369 congruunt
1515 1336 1582 1364 festo
1608 1338 1635 1365 in
1656 1346 1710 1373 quo
1736 1339 1772 1366 il-

983 1377 1127 1406 lttminatio
1153 1379 1271 1414 Spiritus
1293 1382 1381 1409 sancti
1407 1387 1435 1410 et
1455 1383 1565 1411 flamma
1593 1392 1654 1412 cum
1672 1386 1772 1414 tliﬂ'uso

984 1423 1086 1452 lumine
1114 1430 1141 1452 et
1178 1427 1269 1461 pluvia
1301 1428 1489 1457 sanctificante
1518 1430 1744 1459 subministratur
1761 1454 1769 1466 ,

981 1470 1057 1504 juxta
1080 1476 1204 1499 sanctum
1223 1471 1301 1506 Jocl;
1319 1481 1399 1509 quant
1430 1475 1549 1510 pluviam
1568 1477 1648 1504 aliter
1674 1478 1707 1505 ad
1721 1487 1771 1506 un-

985 1516 1047 1543 dam
1063 1518 1233 1545 tenebrosam
1245 1519 1270 1546 in
1289 1520 1409 1548 nubibus
1421 1522 1610 1556 spiritualibus
1637 1524 1773 1553 intellexit

987 1560 1156 1594 David;non
1174 1567 1264 1590 autem
1286 1563 1464 1593 intellexisset
1481 1566 1682 1595 lucidissimum
1711 1577 1772 1597 esse

988 1606 1039 1633 hoc
1068 1614 1115 1641 per
1136 1612 1261 1636 sanctum
1281 1609 1426 1645 baptisma,
1439 1611 1465 1638 in
1490 1620 1544 1647 quo
1571 1614 1609 1641 sie
1625 1622 1715 1642 veram
1730 1616 1774 1643 in-

987 1651 1095 1680 duimus
1111 1653 1210 1687 lucem,
1224 1653 1317 1682 Iesum
1337 1655 1487 1684 Christum.

1023 1745 1050 1771 ti.
1069 1743 1252 1781 Tarditinguia
1277 1748 1425 1782 opponitur
1438 1749 1564 1778 celeriter
1576 1751 1708 1788 loquenti,
1723 1761 1774 1782 nec

987 1790 1050 1825 plus
1062 1799 1144 1826 quam
1157 1792 1209 1819 istc
1221 1793 1422 1828 vituperandus
1434 1800 1486 1822 est.
1497 1795 1682 1831 Tardiloquus
1699 1800 1773 1826 enim

988 1837 1039 1864 hoc
1063 1837 1128 1864 boni
1152 1838 1234 1866 liabet
1253 1839 1325 1873 quod
1353 1840 1472 1873 phrasin]
1494 1843 1656 1876 protrahens
1682 1849 1709 1871 ct
1732 1845 1774 1872 sic

987 1883 1167 1918 locupletatis,
1181 1891 1210 1911 ιιι·
1220 1885 1298 1919 quasi
1314 1890 1452 1920 repetens,
1478 1888 1649 1916 audientium
1675 1891 1774 1918 animis

989 1929 1016 1955 in
1046 1929 1255 1965 diligentissima
1276 1932 1407 1959 memoria
1436 1937 1464 1959 et
1496 1934 1654 1968 cognitione
1678 1936 1774 1964 inserit

989 1975 1072 2009 dicta,
1091 1976 1154 2003 dum
1185 1984 1312 2004 sermone
1342 1979 1384 2006 vir
1403 1980 1570 2013 pedetentim
1601 1981 1724 2015 graditur
1748 1990 1774 2010 ct

988 2021 1154 2054 comitatur;
1178 2022 1225 2056 qui
1244 2026 1334 2056 autem
1366 2023 1495 2051 celeriter
1515 2024 1636 2059 loquitur
1657 2030 1684 2053 et
1701 2027 1774 2055 dicta

989 2066 1030 2093 sic
1053 2067 1246 2094 inarticulatim
1267 2068 1375 2101 miscet,
1406 2069 1518 2096 citatam
1539 2070 1659 2105 linguam
1685 2073 1774 2100 verbis

990 2112 1142 2147 impellens,
1157 2118 1236 2149 captu
1256 2113 1374 2141 dillicilis
1386 2119 1438 2147 est,
1460 2119 1486 2142 et
1503 2116 1596 2143 acrius
1613 2118 1639 2144 in
1659 2117 1775 2145 dicendo

990 2166 1104 2186 currens
1131 2164 1160 2186 ut
1191 2165 1300 2188 torrens
1324 2161 1350 2188 in
1381 2169 1504 2197 praeceps
1526 2169 1632 2198 raptus,
1650 2165 1704 2192 cito
1724 2174 1775 2204 au-

145 2220 193 2242 τος
207 2211 341 2245 ἐντρέχων
354 2206 395 2240 οἷς
405 2208 480 2242 λέγει
493 2206 658 2242 γοργότερον
671 2206 708 2236 ὡς
723 2205 747 2230 ει
759 2203 806 2230 καὶ
819 2203 932 2238 ῥεύματι

991 2205 1097 2233 dientes
1113 2206 1270 2240 prmreniet,
1288 2207 1377 2234 inutili
1392 2207 1464 2235 facto
1476 2209 1602 2243 strepitu,
1617 2214 1643 2237 et
1655 2203 1774 2245 peetore.

146 2256 221 2283 κατὰ
248 2255 368 2291 πρανοῦς
395 2254 497 2289 ὲχέετο,
524 2253 596 2288 τάχα
621 2252 654 2279 ἂν
672 2250 850 2286 παραδράμοι
873 2249 937 2280 τοὺς

147 2302 356 2337 ἀκροωμένους,
376 2300 441 2326 κενὰ
462 2299 600 2333 ψοφήσας,
619 2297 668 2324 καὶ
687 2296 859 2331 πνευμόνων,
876 2294 889 2320 ὃ
905 2294 938 2329 δὴ

146 2349 262 2383 λέγεται
278 2347 359 2374 πόνον
376 2344 471 2372 παθών
484 2347 490 2354 ⁸
504 2344 613 2374 ὁποίους
631 2341 746 2373 πολλοὺς
761 2341 874 2376 οἴδαμεν
891 2348 939 2366 πε-

147 2394 314 2430 πειραμένοι
334 2391 545 2425 ὼκυγλώσσους,
561 2389 644 2424 χύδην
657 2389 719 2420 τοὺς
740 2388 835 2422 λόγους
860 2386 939 2420 ὶκφέ-

148 2446 273 2475 ροντας·
300 2438 351 2473 ἐμὲ
378 2437 444 2472 γοῦν
469 2435 627 2467 διδάσκαλος
654 2435 732 2469 λάχοι
756 2434 865 2468 πλήρης
888 2433 939 2467 τὴν

146 2485 280 2520 γλῶσσαν
292 2484 361 2510 κατὰ
377 2485 421 2510 τὸν
436 2482 567 2516 Μωῦσῆν,
579 2481 626 2508 καὶ
644 2480 682 2515 μὴ
694 2480 860 2514 πτερόεντας
871 2486 940 2513 προ-

148 2532 247 2567 φέρων
269 2531 376 2564 λόγους,
391 2529 439 2556 καὶ
462 2527 534 2554 οὕτω
562 2527 750 2560 κενόγλωσσος
762 2533 768 2540 ·
785 2525 811 2551 εἰ
836 2523 886 2567 μέν
899 2532 940 2550 τοι

146 2577 279 2612 γλῶσσαν
294 2578 307 2603 ὁ
319 2575 438 2607 τοιοῦτος
453 2574 564 2601 πλουτεί
577 2573 770 2607 ἔντρέχουσαν,
786 2569 823 2601 ὡς
836 2566 940 2601 οἷαζκαὶ

145 2625 244 2652 αὐτόν.

186 2673 223 2706 ζ’.
244 2671 375 2699 Ἐνταῦθα
404 2670 433 2696 δὲ
465 2668 642 2704 σημειωτέον,
671 2668 708 2698 ὡς
733 2667 758 2693 εἰ
783 2667 840 2698 καὶ,
866 2665 939 2693 καθὰ

145 2719 294 2754 ιστορήθη,
306 2717 335 2749 ἐξ
344 2716 518 2746 ὲπικαύσεως
534 2714 635 2749 suam;
650 2713 689 2747 τῷ
706 2713 816 2748 μεγάλῳ
833 2712 936 2747 Μωῦσῇ

144 2767 181 2793 τδ
196 2764 419 2801 βραδύγλωσσον,
443 2762 500 2789 ἀλλ’
520 2761 569 2796 οὺχ
593 2760 665 2787 οὕτω
690 2760 736 2786 καὶ
759 2760 791 2785 τὸ
809 2759 937 2794 δύςηχον,

145 2812 222 2845 ὅπερ
238 2811 252 2836 6
267 2809 419 2844 ἁγιώτατος
444 2808 558 2843 ποιητὴς
586 2806 698 2840 Κοσμᾶς
727 2805 848 2838 ὶπιλέγει
864 2804 937 2845 αὑτῷ

146 2858 178 2884 ὲν
195 2856 245 2891 τῷ,
262 2855 300 2888 τῷ
313 2854 543 2888 βραδυγλώσσῳ
560 2853 609 2880 καὶ
626 2852 751 2886 δυσιὶχῳ
767 2850 878 2878 Μωσεῖ.
893 2850 937 2885 Τῷ

992 2255 1021 2278 ut
1035 2251 1123 2284 aiunt,
1137 2250 1250 2283 dolens;
1269 2257 1299 2278 ut
1313 2252 1404 2287 plures
1417 2254 1542 2281 novimus
1555 2254 1776 2290 brcviloquentes

991 2297 1038 2331 qui
1052 2297 1167 2324 confuse
1179 2297 1258 2324 verba
1274 2298 1434 2332 proferunt;
1454 2299 1520 2326 mihi
1535 2304 1626 2327 autent
1647 2302 1777 2337 magister

992 2343 1119 2370 obveniat
1141 2343 1232 2379 lingua
1251 2343 1392 2378 perfectus
1418 2346 1490 2372 sicut
1507 2345 1623 2380 Moyses,
1651 2355 1705 2374 non
1730 2349 1776 2382 qui

993 2389 1079 2416 alatas
1104 2388 1226 2423 proferat
1258 2397 1352 2422 rores,
1380 2394 1407 2418 et
1422 2389 1462 2417 sic
1479 2391 1570 2418 inania
1588 2392 1732 2427 loquatur;
1754 2395 1777 2421 si

993 2439 1083 2462 autem
1103 2435 1239 2469 pernicem
1255 2435 1317 2462 talis
1329 2435 1648 2472 locupleteturlinguam,
1668 2440 1776 2467 beatum

995 2480 1070 2508 illum
1084 2481 1155 2513 dico,
1180 2482 1253 2508 sicut
1267 2486 1295 2508 et
1316 2481 1450 2508 calamum
1479 2483 1576 2510 scriba:
1597 2484 1687 2512 divina
1706 2486 1778 2512 velo-

995 2525 1063 2552 citer
1080 2525 1237 2553 scribentis.

959 2570 1082 2604 κάλαμον
1097 2571 1286 2606 γραμματέως
1302 2571 1458 2607 ὸξυγράιρου
1491 2573 1525 2599 τὰ
1540 2574 1598 2600 οετα
1632 2575 1777 2610 μακαρίζω

1030 2665 1054 2692 7.
1077 2663 1230 2691 Notandum
1246 2663 1288 2690 hic
1305 2663 1377 2698 quod
1396 2663 1430 2695 si,
1454 2669 1484 2690 ut
1508 2670 1649 2691 narratum
1674 2669 1725 2698 est,
1742 2673 1777 2693 ex

992 2711 1135 2738 adustione
1150 2709 1281 2737 acciderit
1295 2708 1380 2744 Moysi
1392 2709 1617 2744 lardiloqucmia,
1631 2717 1682 2736 non
1698 2718 1776 2744 teque

992 2758 1115 2792 ingratus
1134 2756 1209 2783 vocis
1226 2763 1311 2783 sonus
1331 2763 1413 2790 quem
1442 2756 1494 2790 ipsi
1513 2756 1638 2782 attribuit
1653 2757 1773 2783 sanctis-

991 2803 1078 2831 simus
1091 2803 1203 2830 Cosmas
1217 2806 1294 2837 poeta
1311 2802 1404 2828 dicens
1425 2809 1432 2831 :
1452 2801 1613 2836 Tardiloquo
1632 2806 1655 2826 et
1668 2801 1776 2829 dissono

992 2849 1092 2884 Moysi;
1115 2849 1141 2876 in
1170 2856 1216 2876 orc
1240 2848 1310 2877 enim
1332 2848 1453 2898 restricta
1473 2847 1573 2881 lingua.
1593 2854 1687 2875 eorum
1717 2851 1775 2874 tau-
