1952 3076
241 121 292 155 ιιι

595 121 803 153 EUSTATIIII
817 123 1027 154 THESSALO!

1084 123 1197 155 ENSIS
1213 124 1496 156 ΜΕΤΒΟΡΟΙᾸΤΑΞ

1820 125 1873 158 552

242 177 395 212 arbitror;
427 177 574 206 videndum
611 185 675 211 est,
701 183 791 207 utrum
821 185 882 215 apte
912 185 939 208 et
965 188 1027 208 con-

1085 179 1295 215 παρσὸυσοῆναι
1312 180 1372 207 οὐδὲ
1387 179 1607 215 ἐνθυμηοὴσεται
1623 185 1677 212 τιι,
1693 177 1782 215 οἶμαι,
1804 180 1872 206 θεω-

241 232 307 259 grue
319 224 452 252 Salvatori
467 230 558 252 nostro
573 223 638 252 Jesn
655 224 765 253 Christo
786 225 1026 253 accommodentur

242 269 268 296 hi
285 275 404 304 quatuor
416 277 524 297 sensus.
550 270 583 296 Et
602 270 713 305 quidem
743 271 861 306 primunt
889 272 1028 299 examine-

242 322 302 342 mus
316 320 342 342 et
359 315 482 342 dicamus
498 315 658 348 terminum,
676 316 748 343 sicut
769 320 797 344 et
809 315 931 344 Verbum
949 317 1025 351 inge-

242 361 291 387 niti
304 361 393 388 Patris
425 360 523 388 Fdium
536 361 589 388 diei
615 362 776 396 Iheologice,
793 367 822 389 ut
837 362 1026 390 terminantem

240 414 313 438 eum,
327 411 354 433 et
370 408 574 439 ostendentem,
594 412 621 435 ct
642 411 736 434 notutn
762 416 810 442 per
825 416 854 435 se
870 408 1024 436 facientem.

241 453 318 480 Sient
336 454 406 480 enim
422 457 552 480 constans
573 453 599 480 iu
626 459 697 481 terra
723 455 868 486 terminus,
885 455 908 482 si
931 463 1025 482 vocem

241 499 362 531 haberet,
372 499 477 526 diceret
488 501 600 534 quidem
611 501 642 527 ad
656 501 809 528 auditore-tt
822 509 889 536 quae:
899 502 1026 529 itantem:

240 544 291 577 Qui
302 554 344 572 me
360 546 432 573 videt
447 546 497 573 scit
511 547 576 581 quid
593 554 606 573 a
623 555 667 574 me
683 548 814 575 limitetur
827 556 833 580 ;
844 549 883 575 sic
898 553 924 575 et
942 548 1028 576 Filius

240 590 298 618 ait:
314 590 365 623 Qui
379 591 451 618 videt
466 599 520 623 me,
532 591 608 619 videt
619 597 644 619 et
657 592 763 620 Patrem
781 601 790 627 ;
809 597 845 626 et,
858 593 914 629 Ego
933 593 960 620 in
976 594 1028 621 Pa-

240 640 292 668 tre,
304 641 330 664 et
348 636 426 664 Pater
440 637 466 664 in
478 645 520 664 me
535 641 586 665 est.
604 636 650 665 Sic
664 638 748 673 igitur
763 640 895 666 terminus
907 639 1027 667 existens

242 682 378 709 maximus
392 687 419 709 et
435 681 521 710 Filius
544 687 571 710 et
593 683 677 715 Deus,
707 684 789 711 habet
821 686 977 713 necessario
994 693 1027 713 ex

241 728 455 762 transpositione
468 735 560 755 rerum
588 729 658 757 bene
686 729 861 757 l'undatarum
879 730 921 757 vel
937 730 1029 758 [ιι-ηια-

241 780 301 799 runt
319 773 426 800 tinuum
443 782 515 806 esse,
533 774 558 801 id
575 779 616 802 est
631 776 766 808 stabiletn,
788 775 968 808 immobilem,
986 777 1027 803 in-

241 825 418 851 concussum,
453 819 685 853 innecessibiiem,
723 821 770 848 uni
801 821 854 848 soli
891 822 1026 856 pervium,

1082 227 1177 261 ρητέον
1194 227 1222 252 ἐν
1239 226 1391 258 ἐπελεύσει,
1409 226 1447 258 ὡς
1464 223 1520 252 οἶόν
1534 235 1574 259 τε,
1589 225 1613 252 εἰ
1635 226 1726 258 καλῶς
1750 226 1799 253 καὶ
1823 226 1875 252 οὐκ

1081 271 1248 306 ἀπροςφνῶς
1279 272 1431 306 ἁρμὸσουσι
1459 271 1497 306 τῷ
1529 271 1609 306 ήμῶν
1638 272 1745 307 Σωτῆρι
1783 271 1873 306 Ὶησοῆ

1081 316 1192 351 Χριστῷ
1219 316 1265 343 καὶ
1292 317 1316 343 οἱ
1342 317 1486 352 τέσσαρες.
1516 317 1570 344 Καὶ
1587 317 1696 352 πρῶτον
1712 316 1874 348 ἑπιὸλητέον

1081 362 1120 397 τῷ
1135 362 1235 398 πρώτῳ
1245 371 1252 379 '
1270 365 1316 390 καὶ
1334 363 1431 398 ῥητέον
1447 363 1488 390 ὅτι
1504 363 1566 398 ὅρος
1581 363 1653 390 καθὰ
1671 363 1717 389 καὶ
1726 362 1812 395 Λόγος
1826 361 1873 387 τοῦ

1081 409 1231 445 ἀγεννήτου
1245 410 1352 445 Πατρὸς
1367 411 1381 436 6
1400 410 1462 441 Υἱὸς
1487 409 1597 444 λέγεται
1624 408 1803 442 θεολογικῶς,
1830 405 1874 434 οἷα

1081 455 1179 490 ὁρίζων
1192 457 1295 483 ἐκεῖνον
1315 458 1362 484 καὶ
1379 457 1497 490 δεικνὺς,
1528 457 1577 483 καὶ
1604 455 1748 490 γνωρίζων
1763 454 1796 481 δι’
1811 454 1876 480 ὲιιυ⁸

1081 500 1140 528 τοῦ.
1159 501 1207 532 Ὠς
1221 501 1276 536 γὰρ
1289 502 1303 528 6
1319 502 1384 537 περὶ
1397 502 1448 536 γῆν
1468 502 1593 537 βεϐηκὼς
1606 501 1668 537 ὅρος
1682 500 1762 535 εἴπερ
1778 499 1874 526 ἀνελά-

1082 546 1144 573 ϐετο
1156 548 1257 582 φωνὴν,
1272 546 1347 574 εἶπεν
1358 549 1390 574 ἄν
1405 557 1471 575 ποτε
1487 548 1554 583 πρὸς
1565 547 1702 583 ἀκροατὴν
1715 545 1873 580 ζητητικδν,

1081 591 1158 619 ὅτιύ
1168 592 1216 626 ἐμὲ
1226 592 1332 627 βλέπων
1345 591 1399 620 οἶδε
1415 595 1460 620 καὶ
1474 594 1504 620 το
1519 594 1737 629 περιωρισμένον
1750 592 1783 619 δι’
1794 590 1873 626 ἐμοῦ,

1081 637 1154 664 οὕτω
1167 639 1214 664 καὶ
1228 639 1242 665 6
1262 639 1324 671 Υἱὸς
1339 639 1412 673 λέγει
1433 640 1468 671 ὡς
1491 639 1519 666 '0
1541 639 1671 675 ἑωρακὼς
1689 639 1748 673 ἐμὲ,
1767 638 1876 673 ἑώρακε

1081 683 1126 710 τὸν
1141 684 1248 718 Πατέρα
1258 692 1265 699 ·
1283 686 1340 718 καὶ,
1357 685 1429 720 Ἐγὼ
1443 688 1470 713 ὲν
1490 686 1529 722 τῷ
1543 687 1630 721 [la-.91
1643 687 1690 713 καὶ
1703 687 1716 712 6
1732 685 1828 720 Πατὴρ
1845 686 1874 711 ἐν

1080 729 1155 765 ἐμοί,
1181 731 1293 758 Τοιοῦτο
1307 732 1336 758 δὲ
1355 732 1393 759 ὢν
1413 733 1476 768 ὅρος
1489 734 1503 760 6
1518 734 1669 768 πάμμεγας
1685 733 1731 759 καὶ
1748 732 1813 763 Υῐδς
1826 731 1874 758 καὶ

1082 777 1159 810 Θεὸς,
1179 777 1235 813 ἔχει
1250 779 1409 814 ἀναγκαίως
1423 780 1460 812 ὡς
1479 781 1510 806 ὲκ
1523 780 1682 815 μεταφορᾶς
1697 779 1752 806 τῶν
1767 778 1796 806 εὖ
1813 778 1873 805 δια-

1083 822 1249 858 ϐεϐηκότων,
1277 825 1292 859 ἢ
1322 824 1489 860 βεὸηκότων,
1517 826 1564 853 καὶ
1594 825 1624 852 τὸ
1654 825 1763 860 βέϐαιος
1790 821 1873 856 εἶναι,

241 869 424 896 constantem,
441 865 570 898 solidum,
587 866 799 895 immutabilem.
815 867 843 894 Si
871 868 945 894 enim
971 873 1026 894 ter~

1082 866 1164 901 ἧγουν
1175 867 1316 903 σταθερὸς,
1331 869 1542 905 ἀμετακίνητος,
1558 869 1795 904 ἀπαρασάλευτος,
1812 870 1874 896 ἀνε-

241 911 333 937 ntinus
358 911 433 938 utilts
449 912 485 938 sit
521 919 603 947 quem
619 920 697 940 nemo
709 914 947 949 przetcrgredietur
958 914 1031 940 evel-

240 955 299 983 lens
318 962 343 984 et
361 957 522 989 immutans,
541 959 636 992 quales
667 960 797 987 novimus
823 967 870 987 eos
893 961 939 995 qui
960 960 1029 988 anti~

241 1009 310 1036 quas
330 1007 417 1030 metas
446 998 613 1036 transiliunt,
634 1007 771 1040 quomodo
786 1014 839 1034 non
855 1013 926 1034 esset
939 1007 1030 1035 termi-

241 1053 294 1073 nus
308 1050 444 1081 perlectus
458 1049 504 1083 qui
519 1051 672 1078 secundum
699 1051 807 1079 Patrem
837 1053 1027 1087 immutabilis,

240 1096 268 1119 et
284 1093 433 1119 secundum
452 1099 577 1122 naturam
593 1096 765 1123 tirmissimus
776 1105 880 1124 summe
895 1101 922 1125 et
936 1098 1031 1124 immo-

241 1136 304 1165 bilis
318 1138 420 1166 estiEt
438 1140 495 1167 haec
509 1141 594 1175 prima
611 1142 720 1169 termini
736 1143 930 1170 commentatio
959 1143 1030 1178 rapi-

241 1182 285 1215 da,
299 1191 329 1210 ex
345 1188 418 1210 terra
430 1185 545 1219 sumpti,
559 1188 586 1212 et
606 1186 755 1219 notissimi,
776 1192 802 1215 et
819 1188 994 1222 apertissimi.

276 1317 322 1346 56.
339 1317 516 1353 Adjungenda
532 1319 606 1347 venit
625 1318 760 1348 Salvatori
777 1326 871 1350 nostro
888 1330 967 1352 mens
984 1324 1031 1351 de-

242 1363 357 1396 ﬁnitiva,
369 1364 445 1398 juxta
466 1365 684 1400 philosophieutn
705 1367 866 1400 terminum,
879 1368 963 1404 idque
972 1369 1030 1404 pari

242 1409 382 1436 celeritate
397 1413 424 1436 et
438 1409 613 1438 rectitudine.
630 1410 658 1437 Si
673 1411 746 1438 enim
765 1413 900 1440 terminus
913 1417 955 1441 est
971 1421 1030 1441 ver-

241 1455 307 1482 bum
322 1458 413 1482 notam
429 1455 542 1488 faciens,
570 1461 616 1483 aut
632 1457 781 1485 Ostendens
809 1459 957 1486 essentiam
985 1460 1028 1487 vel

241 1508 376 1535 personae,
395 1502 436 1529 vel
451 1502 615 1536 qualemvis,
629 1508 700 1530 esset
712 1507 739 1530 et
750 1503 849 1538 Filius,
861 1504 953 1533 Patris
962 1505 1030 1533 Ver-

242 1547 317 1580 bum,
338 1548 471 1574 terminus
486 1548 545 1583 ejus
558 1553 693 1582 quatenus
710 1549 894 1578 manii'estavit
910 1551 953 1579 his
981 1553 1026 1587 qui

241 1597 319 1619 erant
335 1592 362 1619 in
374 1592 477 1619 mundo
492 1598 519 1620 et
531 1594 613 1620 etiam
641 1601 715 1621 nunc
743 1595 901 1623 manifestat
928 1604 1027 1624 nomen

241 1637 311 1672 ejus,
333 1638 555 1665 substantialitcr
583 1639 725 1672 nimirum,
747 1646 881 1674 quatenus
900 1642 1028 1670 divinita-

242 1686 296 1710 tem
315 1683 395 1710 habet
409 1683 501 1710 Pater.
518 1683 636 1712 Omnino
653 1685 725 1712 enim
751 1686 823 1714 inter
848 1688 1028 1724 philosophas

242 1729 379 1763 perfectus
392 1730 537 1762 terlninus,
557 1731 632 1758 tirma
647 1735 674 1759 et
700 1733 818 1765 stabilis,
833 1738 859 1761 et
873 1736 1027 1762 essentiali-

243 1777 284 1800 ter
296 1781 358 1800 vera
376 1773 509 1807 deﬁnitio,
526 1779 569 1802 est
586 1776 707 1804 nominis
720 1777 893 1813 subiacentis
908 1780 941 1807 ad
958 1781 1029 1808 noti-

241 1819 307 1846 tiam
326 1819 498 1854 praebendam
512 1821 701 1850 substantialis
712 1824 850 1859 cognitio;
869 1831 979 1854 etcerto
989 1829 1028 1855 vi-

240 1865 320 1893 detur
338 1871 434 1894 auctor
448 1867 511 1895 huic
525 1870 670 1897 sententia:
686 1872 943 1907 maximehzesisse;
957 1875 1030 1903 unde

240 1912 317 1947 quasi
345 1913 408 1940 hinc
434 1915 660 1950 comminiscens,
687 1916 792 1944 inducit
825 1919 1030 1954 interpretative

241 1957 285 1984 uel
304 1960 500 1987 eommulative
518 1961 679 1989 verissimum
698 1962 820 1999 Verbum,
836 1966 863 1992 in
877 1975 961 1994 unqu
988 1975 1030 1995 re-

240 2007 336 2042 dige-ns
348 2008 435 2034 Patris
453 2012 479 2035 et
491 2007 608 2036 Verbum
624 2015 650 2037 et
665 2012 811 2040 terminum
826 2022 834 2046 ;
848 2021 966 2048 quorum
979 2015 1029 2042 uni

239 2053 349 2087 quidem
374 2054 534 2089 adjuugitur
549 2056 692 2090 perfectus,
706 2058 783 2086 alteri
811 2065 902 2087 autem
926 2062 1031 2089 uerissi-

240 2107 322 2125 mum.
334 2098 516 2127 Existitnatur
530 2107 604 2129 certe
618 2104 818 2136 terminus,Dei
834 2105 924 2134 Patris
935 2107 1030 2142 Filius,

239 2144 390 2170 secundum
408 2145 516 2171 tertiam
539 2147 650 2173 termini
668 2148 899 2182 signiﬁcationem
916 2152 942 2178 in
966 2160 1031 2187 pro-

240 2189 387 2223 positione,
405 2190 428 2216 si
441 2190 502 2224 quis
516 2191 556 2218 sie
569 2191 665 2218 sedulo
683 2199 802 2221 mentem
816 2196 875 2230 ejus
887 2198 1027 2231 exquirat:

1083 2200 1145 2227 νοῦν
1161 2202 1267 2228 ἐκείνου
1295 2203 1402 2238 ἰσχνῶς.

240 2233 308 2268 Ego,
325 2234 373 2268 ait,
389 2236 415 2261 in
432 2235 513 2262 Patre
541 2241 568 2264 et
592 2236 675 2265 Pater
700 2238 726 2265 in
748 2247 791 2266 me
815 2246 856 2267 est
873 2249 880 2274 ;
898 2244 1030 2271 terminus

240 2280 322 2314 igitur
333 2281 417 2308 oblati
450 2282 530 2316 quasi
561 2282 690 2311 dualistni
707 2283 789 2320 hujus
809 2288 977 2316 sanctissimi
1004 2293 1031 2316 et

240 2333 348 2360 semper
365 2329 553 2357 commansuri
567 2330 594 2356 in
611 2330 725 2363 unitate,
741 2337 782 2359 est
797 2331 881 2360 Filius
897 2335 1030 2370 simplici—

240 2376 282 2397 ter
297 2372 433 2401 exsistrns
451 2380 477 2400 et
494 2375 641 2410 cogitatus.
659 2381 778 2405 mentem
795 2378 898 2407 habens
916 2382 1031 2416 comple-

240 2421 294 2443 tam
310 2417 378 2444 etin
395 2420 487 2454 διείρεο
507 2420 676 2455 perfectam;
701 2422 749 2450 sed
784 2423 835 2451 etsi
860 2426 1030 2460 excogitetur

239 2469 301 2490 cum
315 2463 395 2491 Patre
408 2466 591 2499 coexsistens,
607 2474 668 2494 cum
680 2475 712 2495 eo
725 2469 827 2502 unitus,
838 2471 918 2498 simul
931 2480 1026 2507 agens,

239 2513 267 2535 et
281 2509 435 2538 certissime
444 2512 505 2539 etin
519 2513 642 2540 absoluta
655 2515 769 2543 veritate
781 2517 867 2551 ;quod
888 2518 966 2546 aliter
981 2519 1029 2547 de-

240 2555 414 2590 terminatur,
429 2556 455 2584 ei
483 2559 530 2592 qui
556 2559 607 2586 scit
638 2561 779 2596 inquirere
807 2571 856 2598 per
881 2564 932 2592 hoc
956 2566 1028 2600 quod

239 2601 374 2629 mediator
385 2603 421 2629 sit
433 2607 462 2629 ut.
475 2604 502 2630 in
516 2605 620 2632 unitate
629 2607 734 2641 redigat
748 2607 782 2635 de
795 2616 847 2644 qua
862 2610 942 2644 paulo
953 2617 1027 2645 ante,

240 2652 270 2674 ut
286 2647 362 2675 licuit
376 2648 571 2678 disseruimus.
594 2650 641 2679 Sic
666 2657 694 2680 et
718 2654 770 2681 hoc
783 2655 900 2683 breviter
910 2662 936 2684 et
948 2659 1028 2693 quasi

240 2699 353 2721 summa:
367 2694 405 2721 rei
417 2699 444 2722 et
457 2697 598 2723 sentcntiae
613 2698 720 2732 signum
735 2699 883 2735 attigerim.

272 2841 318 2870 57.
336 2842 394 2871 Non
411 2843 528 2872 multum
545 2848 635 2872 autem
655 2844 790 2873 laborabit
805 2846 878 2880 quis,
893 2850 922 2875 ut
936 2855 1019 2882 quar-

1082 913 1252 948 πιχείρητος,
1267 914 1309 950 ἐφ’
1324 916 1382 948 ἐνὸς
1396 916 1524 951 βάσιμος,
1539 916 1637 948 ἑστὼς,
1652 916 1787 951 ἀσφαλὴς,
1806 916 1875 949 ἁμε-

1082 959 1204 992 τάθετος.
1233 960 1264 987 Et
1293 961 1345 995 γὰρ
1376 962 1450 996 ὅριον
1481 962 1630 998 εὔχρηστον
1658 963 1718 988 ἐστι
1745 962 1759 988 ὃ
1784 961 1874 993 οὐδεὶς

1083 1005 1283 1039 παρελεύσεται
1303 1007 1469 1041 παρασπῶν,
1493 1009 1543 1034 καὶ
1567 1007 1738 1043 ὁρογλυφῶν,
1762 1006 1873 1038 ὁποίους

1082 1051 1196 1086 οἴδαμεν
1210 1052 1274 1083 τοὺς
1287 1053 1388 1088 ἀρχαῖα
1401 1053 1464 1088 ὅρια
1484 1055 1697 1090 ὑπερηδῶντας
1718 1054 1767 1080 καὶ
1790 1054 1873 1087 ὑπερ-

1081 1096 1234 1130 ϐαίνοντας,
1252 1098 1309 1130 πῶς
1335 1099 1385 1125 οὐκ
1406 1099 1439 1126 ἂν
1462 1100 1506 1135 εἴη
1522 1100 1584 1136 ὄρος
1608 1099 1745 1135 βεσηκὼς,
1771 1100 1785 1125 6
1801 1099 1874 1126 κατὰ

1081 1142 1127 1168 τὸν
1143 1143 1255 1178 Πατέρα
1282 1143 1474 1176 ἁναλλοῖωτος,
1496 1145 1543 1171 καὶ
1565 1145 1614 1180 τὴν
1630 1145 1724 1171 οὐσίαν
1744 1143 1874 1170 εὐσταθέ-

1082 1196 1180 1220 στατος
1195 1189 1223 1220 ἐς
1237 1189 1322 1224 ἄκρον
1350 1190 1398 1216 καὶ
1416 1191 1637 1225 ductumin-59;;
1663 1191 1711 1217 xui.
1727 1189 1798 1225 αὕτη
1823 1190 1873 1224 μὲν

1081 1233 1196 1269 ὲπιὸολὴ
1216 1235 1311 1270 πρώτη
1328 1235 1392 1271 ὅρου
1408 1236 1564 1272 ἑπίτροχος,
1581 1237 1629 1264 τοῦ
1647 1237 1730 1272 γῆθεν
1750 1237 1873 1271 δηλονότι

1081 1279 1128 1306 καὶ
1142 1282 1358 1315 γνωριμωτάτου
1377 1281 1474 1314 κοινῶς
1488 1282 1535 1309 καὶ
1552 1283 1734 1317 σαφεστάτου.

1116 1324 1174 1355 λς’,
1192 1326 1271 1353 Ἔστι
1288 1327 1316 1354 δὲ
1333 1327 1519 1364 προσὸιὸάσῃ
1537 1329 1576 1364 τῷ
1591 1329 1669 1364 ἡμῶν
1687 1329 1794 1364 Σωτῆρι
1810 1328 1873 1356 νοῦν

1083 1371 1176 1406 ὁρικὸν
1194 1373 1242 1400 καὶ
1255 1374 1325 1400 κατὰ
1341 1374 1572 1410 φιλοσοφούμενον
1583 1375 1697 1411 ὁρισμὸν
1714 1376 1795 1412 ὁμοίᾳ
1808 1384 1874 1411 γορ-

1081 1418 1175 1453 γότητι
1190 1419 1238 1444 καὶ
1253 1419 1390 1455 ὀρθότητι.
1402 1420 1433 1446 Et
1445 1422 1500 1456 γὰρ
1515 1422 1576 1456 εἶρος
1589 1422 1672 1456 ἤγουν
1686 1423 1800 1457 ὁρισμός
1815 1423 1873 1450 ἐστι

1080 1463 1157 1497 λόγος
1179 1465 1330 1499 γνωρὶζων,
1348 1465 1408 1501 ἦτοι
1425 1466 1515 1501 δηλῶν
1542 1467 1636 1494 οὐσίαν
1654 1468 1671 1504 ἢ
1690 1468 1837 1504 προσώπου
1855 1469 1871 1504 ἦ

1079 1509 1171 1542 ἅπλῶς
1186 1511 1300 1544 clavo-3v,
1311 1511 1352 1546 εἴη
1365 1512 1397 1539 ἂν
1406 1513 1475 1540 καὶὸ
1486 1513 1535 1540 Υιδ
1552 1534 1561 1548 ,
1573 1515 1585 1540 6
1598 1514 1645 1541 τοῦ
1660 1515 1765 1551 Πατρῖς
1773 1516 1870 1550 Λόγος,

1080 1556 1141 1590 ὅρος
1159 1557 1275 1588 ἐκείνου,
1290 1558 1385 1585 καθότι
1397 1559 1445 1585 καὶ
1457 1560 1589 1596 ἐγνώρισε
1601 1562 1658 1592 τοῖς
1672 1561 1701 1588 ὲν
1714 1563 1809 1598 κόσμῳ
1825 1563 1873 1589 καὶ

1080 1602 1165 1628 εἰσέτι
1180 1603 1207 1629 δὲ
1223 1603 1350 1639 γνωρῖζει
1368 1604 1398 1630 τὺ
1414 1605 1519 1632 ἐκείνου
1533 1607 1629 1641 δνομαο
1652 1608 1792 1640 οὺσιωδῶς
1820 1608 1869 1644 δη-

1080 1648 1147 1684 λαδὴ
1162 1649 1207 1675 καὶ
1221 1650 1258 1681 ὡς
1271 1650 1326 1685 ἔχει
1341 1650 1467 1686 θεότητος
1481 1653 1495 1679 ὸ
1509 1653 1613 1688 Πατήρ.
1628 1654 1741 1686 Πάντως
1754 1655 1808 1690 γὰρ
1824 1656 1872 1683 καὶ

1081 1695 1095 1720 6
1109 1695 1186 1730 παρὰ
1197 1696 1254 1727 τοῖς
1272 1697 1429 1731 φιλοσόφοις
1444 1697 1569 1734 βεδηχὼς
1581 1701 1655 1734 ὄρος,
1683 1701 1811 1737 ἀσφαλὴς
1825 1703 1872 1728 καὶ

1082 1740 1191 1774 βέσαιος
1207 1741 1321 1776 ὁρισμὸς
1337 1742 1382 1769 καὶ
1406 1743 1491 1776 ὅντως
1513 1745 1627 1781 ἀληθὴς,
1650 1746 1781 1781 ὀνόματός
1796 1749 1873 1775 ἐστιν

1081 1786 1264 1820 ὑποκειμένου
1280 1789 1319 1820 εἰς
1334 1789 1522 1824 διδασκαλίαν,
1546 1793 1680 1829 οὐσιώδης
1701 1797 1870 1829 γνωρισμός·

1081 1831 1128 1858 καὶ
1142 1832 1213 1864 δόξοι
1227 1832 1260 1859 ἂν
1275 1834 1289 1859 6
1303 1834 1424 1870 μελῳδὸς
1445 1837 1697 1867 ὲπαναπαύσασοαι
1721 1842 1823 1876 μᾶλλον
1838 1845 1872 1880 τῇ

1080 1878 1193 1914 τοιαύτῃ
1202 1879 1302 1915 ὲννῖιᾳ.
1311 1881 1357 1907 Δ.ὺ
1368 1882 1414 1908 τδιὶ
1424 1882 1461 1914 ὡς
1474 1882 1530 1911 οἷον
1542 1886 1722 1920 πορισάμενος
1733 1889 1872 1924 ἐντεῦθεν,

1081 1923 1178 1956 ἐπάγει
1196 1927 1432 1960 παραφραστικῶς
1457 1928 1473 1963 ἢ
1501 1933 1724 1966 μεταποιητικῶς
1740 1935 1770 1960 τὸ
1788 1923 1873 1970 (lips;

1081 1969 1229 2003 κέστατος
1243 1972 1349 2006 Λόγος⁵
1363 1973 1437 2006 ἄγων
1454 1972 1508 2002 οἷον
1522 1977 1562 2008 εἰς
1578 1977 1606 2004 ἓν
1628 1979 1673 2006 τὸν
1693 1979 1741 2006 τοῦ
1765 1981 1874 2018 [ἰατρὸς

1082 2017 1144 2050 ὅρον
1160 2025 1189 2043 τε
1204 2019 1250 2044 καὶ
1263 2018 1360 2053 Λόγον·
1374 2016 1411 2047 ὧν
1419 2021 1457 2057 τῷ
1468 2023 1517 2057 μὲν
1529 2024 1696 2053 ἐπιτέθειται
1706 2028 1719 2054 ὀ
1734 2016 1872 2064 βεϐηκὼς.

1081 2061 1120 2096 τῷ
1135 2062 1163 2088 δὲ
1178 2064 1191 2089 ὁ
1207 2064 1337 2100 ἀτρεκής·
1358 2069 1446 2093 νοοῖτο
1460 2067 1488 2095 δὲ
1503 2068 1537 2095 ἂν
1555 2070 1702 2104 ὰσφάλτως
1719 2061 1782 2108 ὃρος
1823 2075 1873 2102 τοῦ

1081 2108 1150 2156 Θεοῦ
1168 2110 1273 2145 Πατρὺς
1287 2111 1362 2145 Υἱὸς,
1374 2114 1420 2140 καὶ
1434 2115 1505 2142 κατὰ
1517 2116 1548 2142 τὸ
1561 2117 1653 2150 τρίτον
1669 2121 1874 2156 σημαινόμενον

1082 2153 1128 2179 τοῦ
1145 2156 1216 2182 κατὰ
1233 2158 1367 2191 πρότασιν
1389 2159 1464 2195 ὅρου,
1482 2161 1509 2188 εῐ
1523 2171 1564 2194 τις
1581 2163 1652 2192 οὓτω
1676 2166 1803 2200 μετέλθοι
1826 2169 1873 2195 τὸν

1437 2206 1520 2242 Ἐγὼ,
1539 2209 1633 2244 φησιν,
1662 2212 1691 2239 ὲν
1706 2211 1745 2247 τῷ
1770 2213 1873 2249 "arpi,

1082 2247 1129 2272 καὶ
1143 2248 1156 2273 ὁ
1174 2248 1268 2283 Πατὴρ
1286 2250 1314 2276 ἐν
1329 2250 1401 2284 ἐμοί.
1419 2251 1503 2288 Ὅρος
1517 2252 1574 2287 οὖν,
1590 2253 1647 2283 οἷον
1666 2247 1874 2294 προτεταμένου

1081 2293 1203 2328 δυασμοΰ
1220 2295 1317 2321 τούτου
1341 2297 1387 2324 τοῦ
1405 2298 1558 2332 ἀγιωτάτου
1574 2302 1620 2330 καὶ
1634 2303 1678 2329 ἀεὶ
1704 2304 1876 2340 ξυμὸιὸαζο-

1083 2338 1164 2372 μένου
1180 2340 1220 2371 si;
1237 2341 1362 2377 ἑνότητα,
1382 2344 1396 2370 6
1414 2344 1478 2377 Υἱὸς
1498 2346 1592 2379 ἅπλῶς
1609 2349 1655 2375 καὶ
1678 2349 1716 2376 ὢν
1733 2338 1780 2378 θέαι
1795 2338 1875 2379 νοού-

1082 2392 1174 2418 μενος,
1191 2386 1255 2413 νοῦν
1276 2387 1346 2423 ἔχων
1363 2390 1475 2427 ὁλοτελῆ
1490 2394 1537 2419 καὶ
1551 2395 1710 2421 παντέλειον
1728 2396 1790 2423 καθ’
1808 2398 1876 2425 ἑαυ-

1080 2427 1137 2453 τόν·
1149 2428 1217 2454 ἀλλὰ
1232 2431 1280 2457 καὶ
1292 2433 1487 2469 συννοούμενος
1503 2437 1541 2471 τῷ
1558 2438 1646 2473 [largi
1660 2440 1707 2466 καὶ
1718 2441 1806 2468 συνὼν
1823 2443 1876 2471 καὶ

1082 2475 1369 2526 συμπροξαλλόμενος,
1400 2481 1447 2508 καὶ
1477 2486 1683 2519 συμπροτείνων
1708 2487 1741 2514 τὰ
1755 2489 1874 2526 ἐνεργή-

1082 2529 1165 2554 ματα,
1186 2521 1341 2558 βεϐηκότως
1355 2527 1403 2553 καὶ
1419 2528 1486 2563 πρὸς
1500 2530 1630 2566 ἀλήθειαν
1643 2533 1764 2568 ἀσφαλῆ,

1079 2574 1114 2614 τε
1129 2572 1349 2607 περατουμένην,
1379 2573 1416 2606 ὡς
1429 2576 1534 2608 ἐκεῖνος
1555 2575 1610 2604 οἶδε
1638 2579 1806 2614 μεθοδεύειν,
1821 2583 1873 2609 καὶ

1079 2612 1123 2640 διὰ
1147 2615 1194 2642 τοῦ
1227 2619 1382 2651 μεσιτεύειν
1402 2620 1431 2647 δὲ
1457 2621 1494 2654 ὡς
1521 2622 1574 2649 ὑπὸ
1597 2612 1711 2660 ἑνότητα
1739 2612 1872 2662 συνάγειν

1079 2661 1165 2711 sese
1183 2662 1280 2711 ὁποίαν
1299 2666 1400 2700 ὁρικῶς
1424 2668 1478 2704 πρὸ
1494 2669 1629 2705 βραχέων,
1645 2671 1684 2704 ὡς
1705 2673 1769 2708 ἐξῆν
1792 2661 1873 2711 δεδη-

1079 2705 1225 2754 λιίικοιμενξ
1239 2710 1287 2736 καὶ
1309 2711 1381 2739 οὕτω
1398 2713 1449 2746 μὲν
1463 2715 1509 2742 καὶ
1537 2717 1617 2743 τοῦτο
1644 2705 1869 2754 βραχυίογικῶς,

1079 2752 1126 2778 καὶ
1140 2752 1178 2784 ὡς
1193 2751 1248 2780 οἷον
1271 2755 1429 2790 ἐφάψασθαι
1446 2761 1519 2788 κατά
1545 2769 1572 2788 τι
1589 2751 1716 2798 σημεῖον⁷
1735 2751 1870 2800 μεγίστου

1079 2798 1244 2832 πράγματος
1257 2801 1304 2827 καὶ
1320 2802 1466 2836 νοήματος.

1117 2843 1167 2876 λζ’.
1183 2844 1235 2872 Τὸν
1247 2845 1274 2873 δὲ
1289 2847 1418 2883 τέταρτον
1429 2850 1491 2886 ὅρον
1502 2852 1540 2888 τῷ
1557 2853 1730 2890 Παμὸαειλεῖ
1744 2864 1870 2893 προσαρ‹
