1952 3076
228 117 279 151 ιω

583 117 790 148 EUSTATHII
804 116 1185 148 THESSALONICENSIS
1200 117 1484 148 METROPOLITJZ

1807 117 1860 149 552

229 173 383 208 arbitror;
415 173 561 202 videndum
599 180 662 206 est,
688 178 778 202 utrum
809 179 869 209 apte
899 178 926 202 et
952 181 1018 201 con-

1073 173 1282 208 παρσᾱυσθῆναι
1299 173 1359 199 οὐδὲ
1374 171 1594 207 ὲνθυμηθὴσεται
1611 177 1664 204 τι·,
1680 169 1769 207 οἶμαι,
1792 172 1859 198 θεω-

229 228 295 255 grue
307 220 440 248 Salvatori
454 226 546 247 nostro
561 218 625 247 Jesu
642 219 752 248 Christo
773 219 1014 247 accommodentur

230 266 256 293 bi
273 272 392 300 quatuor
403 273 512 293 sensus.
537 265 570 292 Et
589 265 701 299 quidem
730 265 848 300 primum
876 265 1015 292 examine-

230 319 291 339 mus
304 316 330 338 et
347 311 470 338 dicamus
486 311 645 343 terminum,
664 310 735 338 sicut
757 315 785 338 et
796 309 919 338 Verbum
936 311 1013 344 inge-

229 357 279 384 iiiti
292 357 380 384 Pull'iS
413 356 511 383 Filium
524 356 577 383 dici
602 356 763 392 theologica,
781 361 810 383 nt
825 356 1014 383 terminantem

228 411 300 434 eum,
315 407 342 429 et
358 403 562 434 ostendentem,
582 407 609 430 et
630 406 724 429 notum
749 410 797 437 per
813 410 842 429 se
858 402 1013 429 facientem.

229 450 306 476 Sicut
323 450 394 475 enim
410 453 540 476 constans
560 449 587 475 in
614 454 685 476 terra
711 449 856 480 terminus,
874 449 896 476 si
919 456 1013 476 vocem

229 495 350 527 haberet,
360 495 465 522 diceret
476 495 588 530 quidem
599 495 630 522 ad
644 496 797 523 auditorem
810 503 877 530 quae:
886 496 1014 523 itantem:

228 540 278 573 Qui
290 550 332 568 me
348 542 420 568 videt
434 542 485 568 scit
500 542 564 576 quid
581 549 595 568 a
611 550 655 569 me
671 543 802 570 Iimitetur
815 551 821 575 ;
833 543 871 569 sic
886 547 912 570 et
931 541 1016 570 Filius

228 586 286 613 ait:
302 586 354 619 Qui
367 587 440 614 videt
455 595 508 618 me,
521 586 596 614 videt
607 592 633 614 et
644 587 751 615 Patrem
769 595 780 621 ;
797 592 834 620 et,
846 587 902 623 Ego
922 588 948 614 in
965 587 1016 615 Pa-

229 636 280 664 tre,
293 637 319 659 et
336 632 414 659 Pater
428 633 455 659 in
467 640 508 659 me
523 637 574 660 est.
593 632 638 660 Sic
652 633 736 668 igitur
752 634 884 660 terminus
896 633 1016 661 existens

230 678 366 705 maximus
381 683 408 704 et
423 677 509 705 Filius
533 682 560 705 et
582 679 666 709 Deus.
695 678 778 706 habet
809 680 966 707 necessario
983 687 1016 706 ex

230 723 443 757 transpositione
457 731 549 751 rerum
577 725 646 752 bene
675 723 850 751 l'undatarum
867 724 909 751 vel
926 724 1017 751 ﬁrma-

231 776 290 795 rum
308 769 415 796 ﬁrmum
432 777 504 801 esse,
521 769 547 796 id
563 774 606 797 est
620 770 755 802 stabilem,
778 770 957 802 immobilem,
975 771 1016 797 in-

231 821 407 846 concussum,
442 815 674 848 inaccessibilem,
712 815 759 842 ltiti
790 815 844 843 soli
880 815 1015 850 pervium,

1069 220 1164 254 ρητέον
1181 220 1210 246 ὲν
1227 218 1379 250 ἐπελεύσει,
1397 219 1434 250 ὡς
1452 216 1508 245 οἷόν
1521 226 1562 252 τε,
1577 217 1601 244 si
1623 218 1714 249 καλῶς
1737 217 1786 245 καὶ
1810 217 1862 244 οὐκ

1069 264 1235 299 ἀπροσφυῶς
1266 264 1419 298 ἁρμόσουσι
1447 263 1485 299 τῷ
1517 264 1597 299 ήμῶν
1625 263 1733 298 Σωτῆρι
1771 262 1860 297 Ἰησοῦ

1068 309 1180 345 Χριστῷ
1207 309 1253 336 καὶ
1280 310 1305 336 οι
1330 309 1474 344 τέσσαρες,
1504 310 1559 336 Καὶ
1575 308 1684 344 πρῶτον
1700 307 1862 340 ἑπιὸλητέον

1069 355 1108 390 τῷ
1123 355 1240 391 πρώτῳ”
1257 357 1304 382 καὶ
1322 355 1419 390 ῥητέον
1435 356 1476 382 ὅτι
1492 355 1554 390 ὅρος
1569 354 1641 382 καθᾶ
1660 354 1705 381 καὶ
1714 354 1800 388 Λόγος
1813 352 1861 379 τοῦ

1069 403 1219 438 ἀγεννήτου
1233 402 1340 437 Πατρός
1355 404 1370 429 6
1388 402 1450 434 Υἱὸς
1476 402 1586 436 λέγεται
1612 400 1791 434 θεολογικῶς,
1817 397 1862 425 οἷα

1069 448 1168 484 ὁρίζων
1180 450 1284 476 ἐκεῖνον
1303 450 1351 476 καὶ
1367 449 1486 482 δεικνὺς,
1516 449 1565 476 κιαι
1592 447 1737 482 γνωρίζων
1751 446 1784 472 δι’
1799 447 1863 472 ἐαυ-

1069 494 1128 521 τοῦ.
1147 494 1195 526 Ὠς
1210 495 1264 530 γὰρ
1278 495 1292 520 6
1308 494 1372 530 περὶ
1385 495 1436 529 γῆν
1456 494 1582 530 βεϐηκὼς
1594 494 1657 529 ὅρος
1671 492 1750 527 εἴπερ
1766 491 1862 517 ἀνελά-

1071 540 1133 566 ϐετο
1144 540 1246 575 φωνὴν,
1260 539 1336 567 εἶπεν
1347 541 1379 567 ἄν
1394 548 1459 567 ποτε
1476 540 1543 576 πρὸς
1553 539 1691 575 ἀκροατὴν
1704 537 1861 573 ζητητικῆν,

1070 584 1147 612 ὄτιὍ
1156 585 1204 620 ἐμὲ
1214 585 1320 620 βλέπων
1333 584 1387 612 οἶδε
1403 587 1449 613 καὶ
1463 586 1493 612 τι
1507 586 1726 621 περιωρισμένον
1739 584 1772 611 δι’
1783 583 1862 617 ἐμοῦ,

1070 630 1142 657 οὕτω
1156 631 1202 657 καὶ
1217 632 1230 658 6
1251 631 1313 663 Υἱὸς
1328 632 1401 666 λέγει
1421 632 1457 663 ὡς
1479 632 1508 658 '0
1530 631 1660 667 ἑωρακὼς
1677 631 1738 665 ἐμὲ.
1756 630 1864 666 ἑώρακε

1070 677 1115 704 τὸν
1129 677 1237 711 Πατέρα
1247 685 1254 693 ·
1272 679 1329 711 καὶ,
1346 678 1418 712 Ἐγὼ
1432 680 1459 705 ὲν
1479 678 1518 715 τῷ
1532 680 1619 714 Πατρὶ
1633 678 1679 704 καὶ
1692 679 1705 704 6
1720 677 1817 712 Πατὴρ
1833 678 1863 703 ἐν

1069 723 1143 758 ἐμοί.
1170 724 1282 751 Τοιοῦτο
1296 725 1325 751 δὲ
1345 725 1382 752 ὢν
1402 726 1465 761 ὅρος
1478 726 1492 752 6
1507 726 1658 760 πάμμεγας
1674 724 1721 751 καὶ
1737 724 1801 754 Υἱὸς
1815 723 1863 750 καὶ

1071 771 1148 803 Θεὸς,
1168 771 1224 806 ἔχει
1240 772 1398 806 ἀναγκαίως
1412 773 1449 804 ὡς
1468 773 1499 799 ὲκ
1513 772 1672 807 μεταφορᾶς
1687 771 1741 798 τῶν
1756 770 1785 797 εὖ
1802 770 1862 796 σια-

1072 816 1238 852 6ε6ηκότων,
1266 818 1282 852 ἢ
1311 817 1479 853 βεὸηκότων,
1507 818 1554 845 καὶ
1583 818 1614 844 τδ
1644 817 1753 852 βέόαιος
1779 813 1862 848 εἶναι,

231 864 413 891 constantem,
430 859 559 894 solidum,
576 861 788 888 imtntttabiletn.
804 861 832 888 Si
860 862 933 888 enim
961 866 1016 888 ter-

1073 860 1153 895 ήγουν
1164 861 1305 896 σταθερὸς,
1320 862 1532 897 ἀμετακίνητος,
1548 861 1785 896 ἁπαρασάλευτος,
1801 861 1863 887 ἀνε-

231 906 322 933 miuus
348 906 423 933 utilis
438 907 474 933 sit
511 914 592 942 quem
608 915 686 934 uerno
699 908 937 943 prmtcrgredietur
948 907 1021 935 evel-

230 951 289 978 lens
308 957 332 979 el
351 952 512 984 immutatis,
531 953 625 987 quales
656 954 786 981 novintus
812 962 860 982 eos
883 955 929 989 qui
950 954 1019 981 anti~

230 1004 300 1032 quas
320 1003 407 1025 metas
435 999 603 1031 transiliunt,
623 1001 761 1035 quomodo
775 1008 828 1028 non
845 1007 916 1028 esset
929 1001 1020 1028 termi-

231 1049 284 1068 nus
298 1045 434 1077 perlectus
448 1044 494 1078 qni
509 1045 661 1073 secundum
689 1045 797 1073 Patrem
827 1047 1017 1081 immutabilis,

230 1091 258 1115 et
273 1088 423 1115 secundum
442 1095 567 1117 naturam
583 1091 755 1118 ﬁrmissimus
766 1099 870 1118 summe
885 1095 912 1119 et
926 1092 1021 1118 inuno-

231 1132 294 1161 bilis
309 1134 410 1161 cstiEt
428 1135 485 1162 haec
499 1136 584 1170 prima
601 1136 710 1163 termini
726 1137 921 1164 commentatio
949 1137 1021 1172 rapi-

232 1178 276 1211 da,
289 1186 320 1206 ex
335 1183 408 1206 terra
420 1180 535 1214 sumpti,
549 1183 576 1207 et
596 1181 745 1213 notissimi,
766 1186 792 1209 et
809 1182 984 1217 apertissimi.

266 1313 313 1342 ‘56.
329 1313 507 1349 Adjuugenda
522 1313 597 1342 venit
615 1313 751 1343 Salvatori
767 1320 861 1344 nostro
878 1324 958 1345 mens
975 1318 1022 1345 de-

233 1359 436 1394 ﬁnitiva,juxta
457 1359 675 1395 philosophicum
696 1361 856 1394 terminum,
870 1362 1020 1398 idquépari

233 1404 373 1432 celeritate
388 1408 415 1431 et
429 1405 604 1432 rectitudine.
621 1404 649 1432 Si
664 1406 737 1432 enim
756 1407 891 1434 terminus
904 1411 946 1435 est
961 1415 1021 1435 ver-

231 1451 298 1478 bum
313 1454 404 1477 notant
420 1451 533 1484 faciens,
561 1456 607 1478 aut
623 1451 772 1480 ostendens
800 1453 948 1481 essentiam
977 1454 1019 1481 vel

233 1504 367 1532 personat,
386 1497 428 1524 vel
442 1497 606 1532 qualentvis,
620 1502 692 1525 esset
703 1502 730 1525 et
742 1497 840 1532 Filius,
853 1498 945 1527 Patris
954 1499 1020 1527 Ver-

233 1543 309 1576 bum,
329 1543 462 1570 terminus
477 1543 536 1578 ejus
549 1548 685 1578 quatenus
701 1543 885 1572 manil’estavit
901 1546 945 1573 bis
972 1547 1017 1581 qui

232 1592 311 1615 erant
326 1587 468 1614 inmundo
483 1593 510 1615 et
522 1589 605 1615 etiam
633 1595 706 1615 nunc
734 1589 892 1618 manifestat
920 1598 1019 1618 nomen

233 1633 303 1668 ejus,
325 1633 547 1660 substantialiler
575 1634 716 1666 nimirum,
738 1641 872 1669 quatenus
891 1637 1018 1664 divinita-

233 1682 288 1706 tem
306 1679 386 1706 hubet
402 1678 493 1706 Pater.
510 1678 628 1706 Omnino
645 1679 717 1707 enim
743 1680 815 1708 inter
840 1682 1019 1718 philosophos

233 1724 371 1758 perfectus
384 1726 529 1758 terminus,
549 1726 624 1752 lirtna
639 1730 666 1753 et
692 1727 810 1760 stabilis,
825 1732 851 1755 et
865 1730 1019 1756 essentiall-

235 1773 277 1795 ter
287 1777 350 1796 vera
367 1768 501 1802 deﬁnitio,
518 1774 561 1797 est
578 1771 699 1798 nominis
712 1771 884 1807 subjacentis
900 1774 933 1801 ad
950 1775 1021 1802 noti-

234 1815 299 1841 tiam
319 1815 490 1849 prazbendant
504 1816 693 1845 substantialis
705 1819 842 1853 cognitio;
861 1825 888 1847 et
896 1825 971 1848 certo
981 1822 1020 1848 vi-

233 1860 312 1888 detur
331 1866 426 1888 auctor
440 1862 503 1890 huic
517 1865 662 1891 sententia:
678 1865 916 1894 tnaximelimsisse
928 1876 936 1901 ;
949 1869 1022 1896 unde

178 1927 180 1930 .
232 1908 310 1942 quasi
338 1908 401 1934 hinc
426 1909 652 1944 conuuiniscens,
679 1911 784 1938 inducit
817 1913 1022 1948 interpretative

234 1953 278 1980 vel
296 1955 492 1982 commutative
510 1956 671 1984 verissimum
690 1956 812 1992 Verbum,
829 1960 855 1986 in
869 1968 953 1987 unum
980 1969 1023 1989 re-

233 2002 330 2036 digens
341 2003 428 2029 Patris
445 2007 472 2030 et
483 2002 601 2031 Verbum
616 2009 643 2031 et
657 2006 803 2034 terminum
819 2015 826 2040 ;
841 2014 958 2042 quorum
972 2009 1022 2036 uui

233 2048 342 2082 quidem
367 2048 527 2085 adjungitur
542 2051 684 2085 perfectus,
699 2052 776 2080 alteri
804 2059 894 2081 autem
918 2055 1024 2082 verissi-

233 2102 315 2120 mum.
327 2093 509 2123 Existimatur
522 2102 597 2124 certe
610 2099 756 2131 terminus,
765 2099 810 2126 Dei
826 2099 917 2128 Patris
927 2101 1022 2136 Filius,

233 2140 383 2166 secundum
401 2141 509 2167 tertiam
531 2142 642 2169 termini
661 2143 891 2178 signiﬁcationem
909 2146 935 2172 in
959 2154 1024 2182 pro—

1071 906 1242 942 πιχείρητος,
1257 907 1299 942 ἐφ’
1313 908 1372 940 ἑνὸς
1386 908 1514 944 βάσιμος,
1529 908 1627 940 ἑστὼς,
1642 908 1777 943 ἀσφαλὴς,
1795 907 1864 941 ἀμε-

1071 953 1193 985 τάθετος.
1223 953 1253 981 Et
1283 954 1335 988 γὰρ
1366 955 1440 989 ὄριον
1471 954 1619 990 εὖχᾩςστόν
1648 955 1708 980 ἔστι
1735 953 1749 980 6
1774 952 1863 984 οὐδεὶς

1072 999 1273 1032 παρελεύσεται
1292 999 1459 1034 παρασπῶν,
1483 1001 1533 1027 καὶ
1557 999 1728 1035 ὁρογλυφῶν,
1752 998 1863 1029 ὁποίους

1071 1044 1186 1079 οἴδαμεν
1199 1045 1264 1076 τοὺς
1277 1046 1378 1081 ἀρχαῖα
1391 1046 1454 1081 ὅρια
1474 1046 1687 1082 ὑπερπηδῶντας
1709 1045 1757 1072 καὶ
1780 1046 1863 1079 Omp-

1071 1090 1224 1123 ὄαίνοντεις,
1242 1091 1299 1123 πῶς
1325 1092 1375 1118 οὐκ
1397 1092 1430 1119 ἂν
1453 1093 1496 1127 εἴη
1513 1092 1574 1128 ὄρος
1598 1091 1735 1127 βεϐηκὼς,
1761 1091 1775 1117 6
1790 1090 1864 1117 κατὰ

1071 1135 1117 1162 τὸν
1133 1136 1246 1171 Πατέρα
1272 1136 1464 1168 ἀναλλοῖωτος,
1486 1137 1533 1164 καὶ
1556 1137 1605 1172 τὴν
1620 1136 1715 1164 οὐσίαν
1734 1135 1865 1162 εὐσταθέ-

1073 1189 1170 1213 στατος
1185 1183 1213 1214 ἐς
1228 1182 1312 1217 ἄκρον
1340 1183 1388 1209 καὶ
1407 1183 1628 1218 annumin-ron
1653 1182 1702 1209 καὶ
1718 1181 1788 1217 αὓτη
1812 1181 1864 1215 μὲν

1072 1227 1187 1262 ἐπιϐολὴ
1207 1227 1302 1262 πρώτη
1318 1228 1382 1264 ὅρου
1398 1229 1555 1264 ἐπίτροχος,
1572 1229 1620 1256 τοῦ
1638 1228 1721 1264 γῆθεν
1741 1228 1864 1263 δηλονότι

1072 1273 1119 1299 καὶ
1133 1274 1349 1308 γνωριμωτάτου
1368 1275 1465 1306 κοινῶς
1478 1275 1526 1301 καὶ
1542 1275 1724 1309 σαςεστάτου.

1107 1317 1164 1349 λς’.
1183 1319 1262 1346 Ἐστι
1279 1320 1307 1346 δὲ
1324 1320 1510 1357 προσϐισάσαι
1528 1321 1567 1356 τῷ
1581 1321 1661 1356 ἡμῶν
1678 1321 1785 1356 Σωτῆρι
1800 1320 1864 1347 νοῦν

1073 1364 1167 1399 ὁρικὸν
1185 1366 1233 1392 καὶ
1246 1367 1316 1393 κατᾶ
1332 1367 1564 1402 φιλοσοφούμενον
1574 1367 1688 1403 ὁρισμὸν
1705 1367 1786 1404 ὁμοίᾳ
1799 1375 1866 1403 γορ-

1072 1411 1166 1446 γόῖητι
1181 1412 1229 1438 καὶ
1244 1412 1381 1448 ὀρθότητι.
1393 1413 1424 1439 Εἰ
1436 1414 1492 1448 γὰρ
1505 1414 1567 1448 ὅρος
1580 1414 1664 1448 ήγουν
1677 1414 1791 1449 ὁρισμός
1806 1414 1866 1441 ἐστι

1071 1456 1148 1491 λόγος
1170 1458 1322 1493 γνωρίζων,
1339 1459 1399 1494 ἦτοι
1417 1459 1506 1494 δηλῶν
1534 1459 1627 1486 οὐσίαν
1645 1460 1662 1496 ἢ
1682 1459 1829 1495 προσώπου
1846 1460 1863 1495 ἢ

1071 1502 1163 1536 ἁπλῶς
1177 1504 1292 1538 οἱανοῦν,
1302 1505 1344 1539 εἴη
1356 1505 1389 1532 ἂν
1397 1506 1443 1532 καὶ
1453 1507 1467 1532 ὁ
1478 1505 1526 1533 Υῐδ
1544 1526 1553 1540 ,
1564 1507 1577 1533 6
1589 1507 1636 1533 τοῦ
1652 1507 1862 1542 ΠατρὶςΔόγο;,

1072 1549 1132 1584 ὄρος
1150 1550 1266 1582 ἐκείνου,
1282 1551 1377 1578 καθότι
1388 1552 1436 1578 καὶ
1449 1552 1581 1588 ὲγνώριςε
1592 1554 1649 1585 τοῖς
1664 1554 1693 1580 ἐν
1706 1555 1800 1589 κόσμῳ
1816 1555 1866 1581 καὶ

1072 1595 1156 1622 εἰσέτι
1171 1596 1199 1622 δὲ
1215 1597 1342 1632 γνωρίζει
1359 1597 1389 1624 τὺ
1405 1597 1511 1624 ἐκείνου
1525 1599 1621 1633 δνομα⁴
1644 1599 1784 1631 οὐσιωδῶς
1811 1600 1861 1635 δη-

1072 1642 1139 1678 λαδὴ
1153 1643 1199 1669 καὶ
1213 1643 1250 1675 ὡς
1262 1644 1318 1678 ἔχει
1333 1643 1459 1679 θεότητος
1472 1646 1486 1671 6
1500 1645 1605 1681 Πατήρ.
1620 1646 1733 1678 Πάντως
1745 1647 1800 1682 γὰρ
1816 1647 1865 1674 καὶ

1073 1689 1086 1714 6
1101 1688 1178 1723 παρὰ
1189 1689 1245 1720 τοῖς
1264 1689 1421 1724 φιλοσόφοις
1436 1690 1561 1726 βεδηκὼς
1574 1693 1647 1726 ὅρος,
1674 1693 1802 1728 ἀσφαλὴς
1817 1695 1865 1720 καὶ

1074 1733 1183 1768 βέῦαιος
1199 1734 1313 1769 ὁρισμὸς
1329 1735 1374 1761 καὶ
1398 1736 1483 1768 ὅντως
1505 1737 1619 1773 ἀληθὴς,
1642 1738 1773 1773 ὀνόματός
1787 1741 1865 1767 ἐστιν

1073 1780 1256 1813 ὑποκειμένου
1271 1782 1311 1812 εἰς
1326 1781 1514 1816 διδασκαλίαν,
1538 1785 1672 1821 οὺσιὼδης
1693 1788 1863 1822 γνωρισμός·

1073 1825 1120 1851 καὶ
1133 1825 1205 1858 δόξοι
1219 1826 1252 1852 ἂν
1268 1827 1281 1852 6
1296 1828 1416 1862 μελῳδὸς
1438 1829 1690 1859 ὲπαναπαὺσασθαι
1713 1834 1815 1868 μᾶλλον
1830 1837 1864 1872 τῇ

1072 1871 1185 1908 τοιαύτῃ
1194 1872 1294 1908 ὲννῑια.
1304 1873 1349 1900 Δ.δ
1361 1876 1406 1900 ml
1416 1875 1453 1907 ὼς
1466 1874 1522 1903 οἷον
1534 1878 1715 1913 πορισάμενος
1726 1871 1864 1916 ἐντεῦθεν)

1073 1916 1170 1949 ἐπάγει
1188 1919 1424 1953 παραφραστικῶς
1449 1921 1466 1956 ἢ
1494 1925 1716 1958 μεταποιητικῶς
1733 1926 1762 1952 τὸ
1780 1926 1866 1961 ἀτρε-

1074 1962 1222 1996 κέστατος
1236 1965 1341 1999 Λόγος·
1355 1966 1430 1999 ἄγων
1446 1965 1500 1995 οἷον
1515 1969 1555 2000 εἰς
1570 1969 1599 1996 ἐν
1620 1971 1666 1998 τὸν
1686 1971 1733 1998 τοῦ
1757 1973 1867 2009 Harpe;

1074 2010 1137 2043 ὅρον
1152 2019 1181 2036 τε
1196 2013 1243 2037 καὶ
1256 2012 1352 2046 Λόγον*
1367 2009 1403 2040 ὧν
1412 2014 1450 2049 τῷ
1461 2015 1510 2050 μὲν
1522 2016 1689 2045 ἐπιτέθειται
1699 2020 1712 2046 6
1727 2019 1866 2055 βεϐηκὼς.

1073 2055 1113 2090 τῷ
1127 2055 1155 2081 δὲ
1171 2057 1184 2082 6
1200 2057 1330 2093 ἀτρεκής
1350 2061 1438 2086 νοοῖτο
1453 2060 1481 2087 δὲ
1496 2061 1530 2088 ἂν
1549 2062 1695 2097 ὰσφάλτω;
1713 2066 1775 2100 ὅρος
1789 2067 1803 2092 ὁ
1816 2067 1866 2094 toﬁ

1075 2101 1143 2128 Θεοῦ
1161 2103 1266 2138 Πατρὺς
1280 2104 1355 2138 Υἱὸς,
1367 2107 1414 2132 καὶ
1427 2107 1498 2135 κατὰ
1510 2108 1541 2134 τὸ
1554 2110 1646 2143 τρίτον
1662 2113 1867 2147 σημαινόμενον

1075 2147 1120 2173 τοῦ
1137 2148 1209 2175 κατὰ
1226 2151 1359 2184 πρότασιν
1382 2152 1457 2187 ὅρου,
1475 2154 1502 2181 εἴ
1517 2163 1557 2186 τις
1574 2155 1645 2183 οὕτω
1669 2158 1795 2192 μετέλθοι
1818 2160 1867 2186 τὸν

233 2185 380 2220 positione,
398 2186 420 2214 si
433 2187 494 2221 quis
508 2188 549 2215 sic
562 2188 658 2215 scdulo
676 2194 795 2216 mentem
809 2191 868 2225 ejus
880 2193 1018 2226 exquirat:

234 2230 288 2240 πα
336 2232 352 2240 .,
381 2233 387 2237 .
427 2232 444 2240 τ.
464 2238 470 2240 .
552 2237 557 2240 .
588 2233 606 2240 η
694 2235 698 2239 .
963 2238 967 2240 .

1076 2193 1138 2220 νοῦν
1154 2195 1260 2221 ἐκείνου
1287 2185 1405 2231 ἰσχνῶς..
1431 2199 1513 2234 Ἐγὼ,
1532 2185 1626 2236 φησὶν,
1655 2185 1684 2231 ἐν
1699 2203 1738 2239 τῷ
1763 2185 1866 2240 "arpi.

233 2230 300 2265 Ego,
318 2232 365 2264 ait,
381 2233 408 2258 in
425 2232 506 2260 Patre
533 2237 561 2260 et
586 2233 668 2261 Pater
693 2235 719 2261 in
741 2242 784 2262 me
807 2241 849 2262 cst
866 2243 873 2268 ;
891 2238 1023 2265 terminus

234 2277 411 2311 igituroblati
443 2279 523 2313 quasi
554 2279 682 2307 dualismi
700 2280 782 2315 hujus
802 2283 970 2310 sanctissimi
998 2287 1024 2310 et

233 2330 341 2358 semper
359 2325 547 2353 couimausuri
561 2326 587 2352 in
604 2326 718 2358 unitate,
734 2332 775 2354 est
791 2326 875 2355 Filius
890 2328 1023 2363 simplici-

233 2373 275 2395 ter
290 2369 427 2397 exsistrns
445 2375 471 2396 et
488 2371 635 2405 cogitatus,
653 2376 771 2399 mentem
789 2373 891 2401 habens
909 2375 1024 2409 comple-

234 2419 288 2441 tam
304 2414 371 2441 etin
389 2415 482 2450 seipso
501 2415 669 2451 perfectam;
694 2416 743 2444 sed
777 2417 828 2445 etsi
853 2420 1024 2454 excogitetur

232 2467 295 2487 cum
309 2460 389 2488 Patre
402 2462 585 2493 coexsislens,
601 2469 662 2488 cum
673 2469 706 2489 eo
719 2463 821 2496 unitos,
832 2464 911 2492 situul
925 2473 1020 2501 agens,

233 2510 261 2533 et
275 2506 429 2534 certissime
439 2507 500 2534 etin
513 2507 637 2535 absoluta
650 2508 763 2537 veritate
774 2511 861 2545 ;quod
881 2512 960 2540 aliter
975 2513 1023 2541 de-

234 2553 408 2586 terminatur,
424 2552 449 2579 ei
477 2554 524 2587 qui
550 2554 602 2581 scit
633 2555 774 2590 inquirere
801 2564 850 2592 per
875 2558 926 2586 ltoc
950 2560 1022 2594 quod

233 2597 368 2625 mediator
379 2599 415 2624 sit
427 2602 457 2625 ut
470 2599 496 2626 in
510 2600 614 2627 unitate
624 2601 728 2636 redigat
742 2601 776 2630 de
789 2610 841 2637 qua
857 2603 936 2638 paulo
947 2610 1022 2639 ante,

235 2648 264 2670 ut
280 2643 356 2670 licuit
371 2644 565 2674 disseruimus.
589 2645 635 2674 Sic
660 2652 688 2676 et
713 2648 765 2676 hoc
777 2649 894 2678 breviter
905 2656 931 2678 et
942 2652 1022 2687 quasi

234 2695 348 2716 summa:
361 2690 399 2717 rei
411 2695 438 2718 et
451 2693 592 2720 sententia:
607 2693 714 2729 signum
730 2694 877 2730 attigerim.

267 2837 313 2866 57.
330 2838 388 2867 Non
405 2839 522 2869 multum
539 2845 629 2870 autem
650 2840 784 2869 laborabit
800 2841 873 2875 quis,
888 2845 917 2869 ut
930 2849 1014 2876 quar-

1075 2241 1122 2266 καὶ
1136 2241 1149 2267 6
1167 2241 1261 2277 Πατὴρ
1279 2243 1308 2269 ἐν
1323 2243 1394 2278 ἐμοί.
1413 2244 1496 2281 Ὄρος
1511 2244 1567 2279 οὖν⁷
1583 2246 1640 2275 οἷον
1660 2251 1868 2285 προτεταμένου

1074 2286 1196 2321 δυασμοῡ
1213 2288 1310 2315 τούτου
1335 2290 1381 2317 τοῦ
1398 2291 1552 2325 ἀγιωτάτου
1567 2295 1614 2322 καὶ
1627 2295 1671 2321 ἀεὶ
1698 2296 1869 2331 ξυμόιϐαζο-

1076 2332 1158 2366 μένου
1174 2333 1213 2365 εἰς
1230 2334 1355 2370 ἑνότητα,
1376 2337 1390 2363 ὁ
1408 2337 1472 2370 Hoc
1492 2339 1586 2372 ἅπλῶς
1603 2341 1649 2367 καὶ
1671 2341 1709 2368 ὢν
1727 2343 1774 2370 καὶ
1787 2344 1868 2370 νοού-

1076 2386 1168 2412 μενος,
1185 2379 1248 2407 νοῦν
1270 2381 1340 2416 ἔχων
1357 2383 1469 2419 ὁλοτελῆ
1484 2386 1531 2412 καὶ
1545 2387 1704 2413 παντέλειαν
1721 2388 1783 2415 καθ’
1802 2389 1870 2416 ἑαυ-

1074 2420 1130 2447 τόν·
1143 2421 1210 2448 ἀλλὰ
1226 2424 1273 2450 καὶ
1285 2426 1481 2462 συννοούμενος
1496 2429 1535 2464 τῷ
1551 2430 1640 2466 Πατρὶ
1654 2432 1701 2458 καὶ
1712 2433 1800 2460 συνὼν
1816 2435 1870 2462 καὶ

1075 2469 1363 2517 συμπροοαλλόμενος,
1393 2475 1441 2501 καὶ
1471 2478 1677 2512 συμπροτείνων
1702 2479 1736 2506 τὰ
1748 2481 1868 2517 ἐνεργή-

1076 2522 1159 2548 ματα,
1181 2515 1336 2551 βεῦηκότως
1349 2520 1397 2546 καὶ
1412 2521 1480 2556 πρὸς
1495 2523 1624 2558 ἀλήθειαν
1637 2525 1758 2560 ἀσφαλῆ,
1773 2515 1868 2559 ἄλλως

1073 2568 1103 2586 τε
1123 2565 1344 2600 περατουμένην,
1373 2567 1410 2599 ὡς
1423 2569 1528 2600 ἐκεῖνος
1549 2568 1604 2596 οἶδε
1632 2571 1800 2606 μεθοδεύειν,
1815 2574 1867 2600 καὶ

1074 2606 1117 2634 διὰ
1141 2608 1188 2635 τοῦ
1222 2611 1376 2644 μεσιτεύειν
1397 2613 1426 2639 δὲ
1451 2614 1489 2646 ὤς
1515 2615 1568 2642 ὑπὸ
1591 2617 1705 2653 ἑνότητα
1733 2619 1866 2654 συνάγειν

1074 2655 1159 2703 apag,
1178 2655 1274 2684 ὁποίαν
1293 2659 1395 2694 ὁρικῶς
1419 2661 1472 2696 πρὸ
1489 2661 1624 2698 βραχέων,
1640 2663 1678 2696 ὡς
1699 2665 1763 2700 ἐξῆν
1786 2666 1867 2703 δεδη-

1074 2699 1219 2746 λώκαμεν]
1233 2703 1282 2730 καὶ
1303 2703 1375 2731 οὕτω
1393 2706 1443 2739 μὲν
1457 2708 1504 2734 καὶ
1532 2710 1611 2736 τοῦτο
1639 2699 1864 2746 βραχυλογικῶξ,

1074 2745 1121 2772 καὶ
1135 2746 1173 2778 ὡς
1187 2744 1243 2773 οἷον
1266 2749 1424 2783 ἐφάψασθαι
1441 2754 1515 2780 κατά
1540 2762 1567 2780 τι
1584 2744 1699 2790 σημεῖον
1730 2744 1865 2791 μεγίστοιν

1074 2791 1239 2826 πράγματος
1253 2795 1299 2820 καὶ
1315 2795 1461 2829 νοήματος.

1112 2837 1162 2870 λζ’.
1179 2837 1230 2866 Τδν
1242 2838 1269 2867 δὲ
1285 2840 1413 2876 τέταρτον
1424 2843 1486 2878 ὅρον
1497 2844 1536 2881 τῷ
1551 2846 1725 2882 Παμὸασιλεῖ
1738 2856 1866 2885 προσαρ-
