1956 3086
203 166 258 198 555

562 164 772 196 EUS’I‘ATllII
793 162 1175 194 THESSALONIPENSIS
1188 163 1470 193 METROPOLlT/E

1778 159 1825 189 53f)

203 223 250 255 di;
268 222 358 251 sciens
373 227 463 250 autem
481 229 533 250 non
558 225 737 256 opportunam
769 227 824 247 rem
843 227 914 251 esse.
932 226 991 246 ver-

1054 219 1092 246 ιῦκ
1107 218 1246 254 εὔκαιρον,
1263 219 1391 254 μετρήσω
1400 219 1449 253 τὴν
1464 218 1559 245 λαλιὰν
1574 217 1613 248 εἰς
1631 218 1693 243 ὅσον
1705 217 1742 251 μὴ
1765 215 1830 242 πάνυ

203 268 238 296 ba
253 269 289 296 ita
307 269 463 303 ponderabo
482 271 513 294 ut
543 274 632 302 neque
658 268 700 294 his
733 265 986 299 reprehendendum

205 323 249 342 me
265 315 412 349 praebeam,
428 322 517 349 neque
528 313 589 340 aliis
604 320 688 348 penes
703 320 772 346 quos
785 317 827 339 est
843 311 988 347 judicium.

207 360 239 389 Et
255 366 317 389 ante
331 361 434 392 omnia,
448 360 481 387 ad
501 360 548 387 ira:
574 364 675 386 nostra
707 360 840 390 levamen,
868 365 989 385 mensam

205 407 274 441 ipsis
286 406 461 437 instructam,
474 405 581 440 qualem
597 405 752 439 hospitibus
781 404 913 439 praebent,
928 411 991 438 pm-

206 459 380 488 ponam,per
405 457 487 487 quam
517 450 660 482 oblectati.
691 455 719 477 ιιι
753 450 882 482 arbitror,
912 450 992 476 mites

205 498 537 534 eﬂicientur;apponetur
556 502 647 525 autem
660 497 703 524 his
727 496 836 532 quidem
863 496 934 529 ovis,
950 496 992 524 his

207 547 310 576 autem,
331 543 474 578 probabile
488 544 560 570 enim
579 547 621 570 est
639 543 770 578 quosdam
787 541 843 567 Deo
869 545 992 569 sacratos

208 591 308 624 praesto
316 588 434 622 futnros,
444 588 529 623 piscis
537 587 651 623 λάσραξ;
670 592 697 614 et
712 587 734 615 si
751 592 862 622 quidem
872 586 898 613 in
918 593 992 613 men-

209 643 269 664 sam
293 635 351 662 hinc
365 635 454 663 aﬂ‘crri
477 636 592 669 eligant.
608 635 643 661 ita
656 638 687 662 ut
700 642 776 661 ovem
797 634 861 662 dum
890 633 995 660 viveret

210 681 341 710 devorent
352 688 414 708 cum
425 681 537 713 vellere,
547 688 609 707 cum
621 680 699 714 pelle,
712 679 841 706 carnibus
849 683 874 706 et
886 678 993 713 ungulis

207 731 234 754 et
253 726 415 758 visceribus.
433 730 461 754 et
487 726 589 761 piscem
616 733 677 753 cum
708 725 831 760 squamis
845 728 872 752 et
890 725 994 759 reliquo

208 773 333 808 corporis
350 772 444 800 habitu
472 781 480 799 :
507 772 610 800 cavebo
627 772 719 799 statim
747 779 781 799 ne
816 771 994 806 respondeam

208 820 258 851 eis.
276 827 330 847 non
341 823 434 846 mente
449 818 606 850 considens,
629 817 678 846 sed
711 817 876 850 admiratus,
895 825 937 845 me
956 817 995 844 vi-

208 864 285 892 disse
321 864 446 891 homines
474 871 606 891 voraces.
636 863 665 890 Si
702 868 792 890 autem
822 862 996 890 confecerint

209 910 262 938 rite
273 914 300 937 et
312 917 367 937 non
384 908 504 937 ferarum
523 915 610 940 more.
635 913 662 936 et
691 908 822 944 eligentes
854 908 993 943 exquisita
1011 891 1031 921 Β

209 960 236 982 ct
248 954 407 982 communia
438 953 619 985 comederint.
643 954 714 980 sicut
739 958 860 987 oportet,
889 952 994 986 reliqua

209 1004 301 1028 autem
314 999 423 1027 sicutet
448 1003 546 1026 caetera
571 999 689 1031 inutilia,
712 1003 739 1026 et
751 998 828 1033 quasi
856 997 994 1033 superﬂua

210 1046 373 1081 ahjecerint,
387 1049 453 1072 tunc
466 1043 620 1077 conlidens,
638 1044 824 1071 conversabor
852 1051 916 1072 cum
943 1045 995 1077 eis,

210 1096 238 1120 et
253 1095 397 1127 postquam
419 1091 495 1125 ipsos
525 1090 723 1124 superaverint,
751 1090 887 1125 gloriabor
901 1090 996 1119 dicens

212 1145 255 1166 me
268 1138 409 1166 victoriam
425 1136 564 1165 retulisse.

245 1229 290 1257 40.
310 1227 344 1255 Ει
356 1226 524 1262 exprobrans
537 1225 623 1260 primo
640 1224 848 1254 defraudatores
863 1233 923 1255 esse
948 1233 997 1254 su-

213 1284 263 1313 pra
278 1283 360 1311 quam
378 1278 486 1308 oportet
499 1280 563 1309 erga
583 1273 683 1306 Deum,
699 1273 826 1301 homines
847 1273 880 1301 de
899 1273 998 1309 quibus

213 1328 333 1357 praesens
343 1320 518 1352 mihisermo.
531 1318 691 1354 suppliciter
702 1318 854 1353 eiliagitabo
861 1322 891 1346 ut
900 1319 1000 1346 dentur

213 1368 279 1395 mihi
298 1367 345 1402 qui
373 1366 504 1401 colligant
533 1365 644 1392 nomina
675 1373 723 1400 per
752 1372 812 1400 quae
841 1365 999 1399 designatur

213 1414 295 1447 Deus,
306 1414 341 1441 ob
351 1413 469 1447 aliquam
479 1412 539 1447 ejus
548 1412 695 1445 actionem,
708 1411 743 1438 ad
751 1411 876 1438 aemulam
885 1412 1001 1446 diligen-

213 1461 289 1493 tiam,
305 1463 333 1488 et
346 1460 482 1495 propriam
494 1459 545 1493 ipsi
560 1458 722 1493 veritatem};
737 1460 792 1485 etsl
807 1458 876 1485 bene
886 1458 1000 1486 cesserit

213 1505 302 1533 oratio
318 1513 389 1538 mea,
421 1503 523 1539 gratias
546 1510 623 1539 agam
640 1502 680 1530 eis
698 1502 810 1535 multas,
826 1510 875 1530 nec
887 1510 938 1537 ego
954 1510 1000 1530 so-

1042 265 1119 300 ψόγῳ
1129 265 1249 302 ἐμαυτὸν
1262 267 1391 299 ὑποσχεῖν
1406 265 1475 300 μήτε
1487 264 1679 299 παρ’ἐκεινοις
1689 264 1758 298 μήτε
1771 260 1830 296 παρ’

1042 307 1144 341 ἄλλοις,
1153 305 1192 339 οἷς
1205 308 1263 334 ἔστι
1275 308 1422 343 διάκρισις·
1439 308 1486 335 καὶ
1501 309 1553 343 πρό
1563 317 1594 341 γε
1607 308 1663 333 τῶν
1680 308 1765 334 ἄλλων
1778 307 1832 341 μεί-

1042 354 1129 389 λιγμα
1146 354 1224 388 χόλου
1239 354 1285 381 τοῦ
1300 355 1360 381 καθ’
1376 354 1456 390 ἡμῶν
1469 355 1608 390 τράπεζαν
1620 355 1713 385 αὐτοῖς
1725 355 1775 380 ὅσα
1789 353 1833 379 καὶ

1043 399 1234 435 παραδαλοῢσι
1252 399 1338 432 ξένοις
1359 400 1517 435 ἑξαρτίσας,
1537 400 1722 435 ὑποθήσομαι,
1735 399 1769 425 δι’
1790 396 1833 434 ἦς,

1043 442 1132 481 οἶμαι,
1149 446 1311 481 θελξάμενοι
1327 447 1550 482 πραῡνϐήσονται
1565 455 1572 463 ·
1584 447 1659 473 ἐσται
1675 447 1704 473 δὲ
1724 447 1754 472 τὸ
1769 446 1834 481 πρό-

1043 491 1125 526 θεμα,
1142 493 1199 523 τοῖς
1215 492 1265 527 μὲν
1283 493 1430 527 πρόϐατον,
1455 493 1560 527 ἑτέροις
1574 493 1613 526 δὲ,
1628 493 1701 524 εὶκδς
1719 493 1774 527 γὰρ
1789 497 1834 521 καὶ

1044 536 1232 572 Ναζιραῖκούς
1243 547 1320 570 τινας
1336 540 1517 573 παρατυχεῖν,
1536 538 1612 572 ἰχθὺς
1624 538 1728 572 λάϐραξ
1744 538 1834 572 ἁδρᾶς·
1847 566 1850 568 γ

1044 583 1091 609 καὶ
1107 584 1131 609 εἱ
1148 584 1198 618 μὲν
1211 584 1309 610 ἐκεῖνοι
1322 584 1438 610 ἕλωνται
1455 584 1692 619 προσενέγκασθαι
1709 585 1749 614 εἰς
1769 592 1834 618 τρι·
1867 613 1870 615 λ

1044 628 1163 663 πέζωμα
1179 629 1213 656 τὰ
1238 629 1363 662 τοιαῦτα,
1383 630 1421 660 ὡς
1437 629 1467 655 τὸ
1491 629 1541 664 μὲν
1567 629 1694 664 βόσκημα
1708 629 1819 655 καταθοι
1850 633 1855 637 ”

1045 675 1179 710 νήσασθαι
1196 675 1284 707 οὕτως
1299 675 1337 707 ὡς
1360 676 1416 711 ἔχει
1434 675 1518 709 ζωῆς,
1534 675 1609 710 αὺτῷ
1637 676 1743 710 μαλλῷ,
1762 675 1834 710 αὐτῷ

1045 720 1174 756 δέρματι,
1189 722 1305 757 κέρασιν
1317 722 1408 754 αὐτοῖς
1423 722 1470 749 καὶ
1481 721 1566 754 δνυξι,
1578 723 1625 748 καὶ
1635 723 1668 756 τῇ
1683 721 1737 748 τῶν
1753 723 1834 756 ὲγκά-

1045 775 1100 793 των
1117 767 1247 801 διαθέσει,
1261 768 1291 794 τὸ
1304 768 1331 794 δὲ
1348 767 1462 803 ὀψάριον
1492 768 1588 799 αὑταῖς
1610 767 1701 794 λεπίσι
1730 769 1777 795 καὶ
1801 769 1833 803 τῇ

1045 812 1126 848 λοιπῇ
1144 813 1215 839 κατὰ
1233 813 1313 848 σῶμα
1327 813 1445 849 διαρτίᾳ,
1469 814 1606 848 στήσομαι
1619 814 1689 848 τάχα
1706 813 1753 840 τοῦ
1772 814 1834 840 ἅντε

1047 859 1135 889 ειπεῖν
1159 859 1260 892 αὐτοῖς,
1282 860 1332 886 οὐκ
1352 859 1534 895 ὲξαπορηθεὶς
1560 861 1681 892 πάντως,
1706 861 1774 888 ἀλλὰ
1789 870 1834 887 τε-

1047 903 1223 939 θαμϐημένος
1246 903 1287 937 οἷς
1318 905 1480 941 ἀνθρώπους
1491 904 1561 933 εἶδον
1585 906 1729 942 ὠμηστάς.
1757 907 1787 933 Εἰ
1807 907 1834 933 δὲ

1046 951 1265 986 κατεργάσωνται
1286 953 1438 988 φρονίμως,
1455 954 1485 980 οὔ
1501 954 1555 988 μὴν
1584 953 1726 989 θηριωδῶς
1752 953 1832 980 αὑτά·

1046 997 1093 1024 καὶ
1109 998 1307 1034 ἀπολεξάμενοι
1322 999 1356 1026 τὰ
1378 1000 1427 1035 μὲν
1444 999 1572 1026 πολιτικὰ
1587 1000 1634 1026 καὶ
1653 999 1731 1026 κοινὰ
1745 1006 1830 1034 προσ-

1047 1043 1176 1076 οίσονται,
1202 1045 1273 1072 καθὰ
1291 1045 1354 1080 χρὴ,
1380 1046 1414 1072 τὰ
1425 1046 1453 1072 δὲ
1469 1045 1551 1073 λοιπὰ
1565 1045 1603 1076 ὡς
1615 1046 1662 1072 καὶ
1685 1044 1772 1077 ἄλλως
1784 1053 1836 1070 πε-

1049 1089 1188 1128 ριττὰικαὶ
1200 1090 1238 1122 ὠς
1251 1091 1448 1126 περιττώματα
1471 1092 1499 1118 δὲ
1525 1091 1814 1127 ἀποπροσποιήσονται
1826 1100 1834 1108 ·

1047 1135 1108 1161 τότε
1124 1135 1157 1162 ἂν
1170 1136 1347 1173 τεθαρρηκὼς
1369 1138 1538 1172 ὲμπλέξομαι
1559 1137 1660 1172 αὐτοῖς,
1683 1138 1729 1164 καὶ
1753 1146 1836 1164 κατε-

1048 1182 1153 1216 νεγκὼν
1169 1183 1280 1218 αὐχήσω
1293 1185 1381 1211 είπεῖν
1391 1185 1428 1216 ὡς
1439 1184 1579 1219 νενίκηκα.

1085 1233 1123 1266 μ’.
1136 1231 1190 1257 Καὶ
1204 1230 1301 1265 πρῶτα
1324 1231 1393 1261 τέως
1413 1231 1651 1266 άποστερητικοὺς
1671 1230 1836 1264 ὲξονειδίσας

1049 1273 1118 1303 εἶναι
1136 1276 1212 1311 παρὰ
1232 1276 1262 1302 τδ
1275 1276 1335 1303 δέον
1359 1277 1406 1303 ἐπὶ
1432 1277 1470 1311 τῷ
1494 1276 1554 1311 Θεῷ
1584 1277 1647 1309 τοὺς
1663 1277 1838 1312 ἀνθρώπους,

1050 1322 1114 1356 περὶ
1126 1318 1164 1348 ὧν
1176 1323 1189 1348 6
1206 1322 1301 1357 παρὼν
1316 1322 1378 1356 ἐμοὶ
1393 1321 1484 1355 λόγος,
1508 1321 1661 1356 ποτνιῶμαι
1682 1330 1838 1357 προσκυνη-

1049 1367 1134 1399 τικῶς
1145 1367 1316 1403 παραδοῦναί
1330 1377 1375 1403 μοι
1389 1369 1590 1400 άπανῡίσοντας
1610 1369 1730 1403 ὀνόματα
1746 1368 1781 1396 δι’
1799 1366 1838 1396 ὧν

1050 1414 1284 1450 χαρακτηρίζεται
1303 1415 1317 1441 6
1328 1415 1394 1446 Θεὸς
1405 1414 1448 1449 ἐφ’
1471 1414 1617 1442 ὁποιανοῦν
1633 1415 1775 1450 ἐνέργειαν
1790 1415 1839 1442 αὑ-

1051 1459 1098 1486 τοῦ
1114 1459 1182 1494 πρὸς
1197 1460 1305 1496 ἐμφερῆ
1323 1460 1479 1495 ἀκρίϐειαν,
1506 1461 1553 1488 καὶ
1573 1461 1743 1496 οἰκειοτάτην
1763 1461 1840 1496 αὺτῷ

1052 1504 1195 1540 ἀλήθειαν,
1210 1506 1260 1533 καὶ
1274 1506 1384 1538 πάντως
1411 1506 1491 1542 ειπερ
1516 1506 1674 1542 εὑστοχήσω
1693 1507 1744 1542 τῆς
1762 1508 1841 1542 σιτή-

213 1552 268 1586 lus,
288 1551 337 1579 sed
351 1555 378 1578 et
391 1557 487 1578 omnes
503 1549 663 1584 quicunque
674 1549 801 1576 tractatui
817 1549 855 1576 illi
869 1548 1000 1576 interfue-

1054 1559 1135 1582 σεως,
1153 1550 1267 1586 ὀφλήσω
1289 1551 1371 1586 χάριν
1400 1552 1492 1583 αὐτοῖς
1507 1552 1619 1587 πολλὴν,
1638 1553 1685 1579 καὶ
1703 1553 1753 1579 οὐκ
1784 1551 1841 1586 ἐγὼ

214 1597 280 1625 rint.
291 1596 358 1630 Sed,
373 1600 517 1631 antequam
533 1594 672 1623 emiserim
685 1601 733 1622 eos
749 1599 779 1622 ut
795 1594 925 1630 colligant
945 1602 1005 1629 quae

212 1650 265 1679 ego
280 1643 387 1671 discere
401 1642 501 1677 cupio,
517 1641 561 1668 aio
586 1640 640 1671 dici
669 1640 768 1668 Filium
787 1640 833 1668 Dei
858 1640 1004 1668 terminum

215 1688 377 1724 perfectum,
399 1694 432 1714 ex
448 1685 573 1714 terrestri
598 1685 697 1717 limite,
732 1692 785 1713 non
816 1685 889 1719 quod
907 1685 1008 1713 circui-

216 1739 273 1761 tum
301 1732 429 1767 patiatur,
450 1735 477 1760 et
491 1731 694 1766 circumagatur
713 1731 760 1766 qui
779 1730 895 1758 includit
909 1739 1005 1766 gyrum

215 1784 304 1811 terrae,
318 1779 363 1813 qui
389 1777 562 1813 omnipotens
584 1781 635 1810 est,
657 1781 684 1805 et
709 1777 1005 1812 incomprehensibilis,

217 1831 244 1853 et
260 1825 399 1857 inﬁnitus;
421 1831 470 1851 nec
485 1823 559 1859 quod
576 1823 704 1851 manibus
719 1827 845 1858 tangatur
860 1824 906 1858 qui
925 1824 1008 1851 intra-

217 1874 309 1898 ctatus
325 1873 382 1902 est;
397 1876 446 1897 nec
459 1868 531 1904 quod
547 1868 654 1896 Patrem
669 1868 877 1897 circumscribat
893 1874 920 1897 et
931 1877 1008 1897 coar-

217 1921 272 1944 ctet
291 1917 368 1951 quasi
395 1916 421 1944 in
436 1915 564 1948 circuitu,
585 1923 636 1942 nec
655 1915 728 1943 aliud
744 1915 808 1950 quid
828 1915 910 1943 faciat
930 1917 1008 1950 quasi

217 1963 244 1990 ln
257 1964 405 1998 patientem
421 1961 529 1990 Patrem
543 1970 551 1995 ;
565 1963 611 1989 sed
629 1962 699 1989 inter
714 1962 782 1990 tales
794 1969 890 1990 omnes
919 1964 1008 1992 actio-

217 2016 267 2039 nes
282 2013 310 2035 et
326 2015 405 2035 voces
431 2007 519 2034 electo
549 2007 674 2034 terrestri
704 2007 822 2034 termino
837 2026 845 2040 ,
872 2008 1008 2036 terminus

217 2054 355 2091 perfectus
370 2054 492 2082 omnium
510 2052 598 2081 Patris
615 2051 733 2080 Verbum
750 2053 810 2087 ejus
828 2056 882 2091 est,
906 2062 1007 2082 secun-

219 2089 284 2129 dum
309 2100 466 2136 praedictam
488 2106 637 2133 congruam
656 2099 812 2133 rationem;
836 2089 942 2127 et.hoc
957 2107 1007 2135 pro

221 2147 299 2174 nobis
315 2150 343 2174 et
358 2153 406 2180 per
424 2152 475 2173 nos
490 2144 536 2179 qui
552 2144 656 2172 discere
678 2150 749 2178 opus
780 2142 925 2176 habemus,
956 2153 1007 2173 nec

216 2191 300 2219 aliter
316 2191 422 2218 discere
445 2195 603 2223 possumus.
619 2195 700 2223 quam
719 2196 766 2222 per
784 2188 859 2217 solas
874 2189 947 2216 vires
961 2189 1005 2216 in-

1060 1598 1152 1632 μόνος,
1168 1597 1236 1624 ἀλλὰ
1247 1599 1295 1625 καὶ
1306 1598 1407 1629 πάντες
1421 1599 1514 1625 ὀπόσοι
1537 1600 1569 1634 τῇ
1586 1598 1697 1634 τοιαύτῃ
1719 1599 1841 1633 παραδό-

1059 1650 1099 1669 σει
1113 1643 1172 1677 μεθ’
1188 1644 1261 1678 ἡμᾶς
1287 1644 1446 1679 ἐπιτύχωσι.
1474 1644 1530 1670 Καὶ
1551 1644 1640 1671 τοίνυν
1663 1645 1728 1678 πρὶν
1748 1645 1764 1679 ἢ
1782 1645 1843 1670 ἐπι-

1058 1687 1151 1713 σαλεῖν
1167 1687 1266 1719 αὐτοὺς
1284 1688 1485 1720 ἁπανθίζεσθαι
1505 1688 1577 1724 ἆπερ
1591 1689 1646 1723 ἐγὼ
1668 1689 1763 1724 μαθεῖν
1781 1690 1844 1715 ἐπι-

1058 1733 1144 1766 ποθῶ,
1166 1733 1238 1768 λέγω
1270 1734 1384 1769 ῥηθῆναι
1400 1735 1448 1761 τὸν
1472 1735 1536 1761 Υιδν
1552 1734 1599 1762 τοῦ
1615 1735 1684 1761 Θεοῦ
1705 1734 1846 1770 βεῦηκότα

1058 1779 1120 1814 ὅρον
1132 1778 1169 1810 ὡς
1185 1780 1217 1805 ὲκ
1233 1779 1280 1805 τοῦ
1296 1779 1366 1806 κατὰ
1383 1779 1435 1814 γῆν
1452 1780 1526 1816 ὅρου,
1544 1781 1593 1815 οὐχ
1608 1781 1649 1806 ὅτι
1670 1780 1847 1815 περιέλευσιν

1059 1825 1156 1860 πάσχει
1170 1825 1217 1851 καὶ
1234 1825 1466 1860 περιλαμϐάνεται
1481 1827 1494 1852 6
1506 1826 1628 1860 κατέχων
1643 1826 1689 1852 τὸν
1701 1825 1784 1861 γῦρον
1795 1826 1848 1860 τῆς

1059 1871 1110 1906 γῆς
1133 1870 1181 1897 καὶ
1201 1870 1419 1906 ἀπειροδύναμος
1437 1871 1484 1899 καὶ
1493 1871 1677 1906 ἀπερίληπτος
1689 1872 1736 1898 καὶ
1746 1871 1849 1906 ἀπερί-

1058 1925 1189 1952 γραπτος·
1198 1917 1251 1943 οὐδ’
1258 1918 1298 1943 ὅτι
1308 1918 1386 1952 χερσι
1396 1917 1511 1952 ψαύεται
1526 1918 1539 1944 ὁ
1551 1918 1667 1952 ἀναφὴς,
1678 1917 1732 1943 οὐδ’
1743 1918 1783 1943 ὅτι
1798 1925 1850 1943 πε-

1059 1963 1171 1998 ριορίζει
1182 1963 1226 1989 τὸν
1238 1963 1345 1997 Πατέρα
1355 1963 1401 1990 καὶ
1415 1964 1620 1998 στενοχωρεϊὼς
1634 1965 1662 1990 έν
1673 1964 1851 1998 περιγραφῇ,

1058 2008 1112 2035 οὐδ’
1127 2008 1190 2035 ἄλλο
1205 2016 1232 2034 τι
1252 2010 1325 2035 ποιεῖ
1335 2009 1372 2040 ὡς
1398 2009 1443 2035 ἐπὶ
1459 2009 1588 2044 πάσχοντι
1603 2009 1642 2044 τῷ
1668 2009 1766 2042 “arpi,
1779 2009 1853 2036 ἀλλὰ

1058 2052 1111 2079 τῶν
1127 2052 1256 2079 τοιούτων
1278 2053 1387 2080 πάντων
1403 2053 1598 2088 ἐνεργημάτων
1618 2054 1666 2080 καὶ
1691 2053 1854 2087 ἰδιωμάτων

1057 2098 1104 2124 τοῦ
1121 2098 1213 2133 γητνου
1238 2099 1301 2133 ὅρου
1321 2098 1565 2134 ὑπεξαιρουμένου,
1578 2099 1640 2133 ὄρος
1653 2098 1779 2133 βεὸηκὼς
1799 2100 1854 2125 τοῦ

1058 2144 1165 2171 πάντων
1176 2144 1281 2179 Πατρὺς
1291 2144 1305 2170 6
1320 2144 1387 2180 πρὸς
1395 2144 1497 2170 ἐκεῖνον
1509 2145 1588 2178 λόγος
1603 2143 1673 2176 ἐστὶ,
1687 2145 1757 2170 κατὰ
1768 2145 1855 2179 μόνον

1057 2189 1087 2216 τδ
1102 2189 1139 2221 ὡς
1153 2189 1253 2226 ὲρρέθη
1264 2191 1368 2226 πρέπον
1378 2190 1533 2226 γνώρισμα·
1543 2191 1589 2217 καὶ
1600 2190 1665 2218 αὐτὸ
1679 2190 1746 2224 πρὸς
1762 2191 1856 2225 ἡμᾶς,

220 2236 291 2264 ditas
302 2235 397 2267 nobis.
418 2234 446 2262 in
462 2234 563 2269 quibus
579 2233 652 2261 Deus
678 2233 831 2261 inhabitare
855 2233 1001 2269 diceretur,

1058 2236 1105 2262 καὶ
1114 2235 1148 2262 δι’
1165 2237 1240 2270 ἡμᾶς
1256 2236 1320 2266 τοὺς
1335 2235 1479 2270 δεομένους
1495 2235 1653 2270 μανθάνειν,
1667 2235 1718 2261 οὐκ
1734 2235 1856 2269 ἔχοντας

222 2290 273 2310 nec
286 2290 335 2317 per
352 2281 404 2308 hoc
436 2280 525 2308 solum
550 2279 623 2314 quod
651 2279 698 2306 Dei
724 2279 868 2314 qualitates
881 2280 908 2307 in
929 2280 1007 2309 nobis

221 2333 248 2355 et
264 2328 291 2355 in
306 2325 552 2354 circumstantibus
567 2325 650 2352 rebus
668 2326 726 2352 sitae
751 2329 814 2352 sunt
832 2329 859 2353 et
889 2333 937 2360 per
952 2334 1009 2354 me-

223 2374 297 2401 dium
321 2380 415 2400 earum
446 2372 482 2399 sit
504 2372 531 2398 in
557 2372 637 2399 nobis
659 2371 739 2400 Deus.
770 2370 798 2398 Si
822 2376 915 2399 autem
934 2377 1008 2401 recte

224 2420 374 2454 sapiamus.
391 2425 438 2453 per
452 2419 510 2445 haec
528 2425 624 2446 sumus
650 2423 676 2445 et
689 2425 739 2446 nos
754 2419 781 2445 in
796 2425 839 2451 eo,
861 2418 912 2454 ipsi
927 2419 1010 2447 attri-

224 2466 295 2498 buxi;
311 2469 338 2492 ct
364 2464 438 2492 velut
452 2464 553 2491 sinceri
583 2464 771 2498 unguentarii,
797 2464 934 2492 odorifera
952 2465 1009 2492 hzec

224 2515 346 2538 aromata
374 2515 523 2545 praeparata
538 2510 613 2537 velut
628 2517 660 2537 ex
676 2509 810 2537 odorante
826 2511 940 2538 materia
964 2518 1012 2538 ve-

222 2555 408 2583 nerandorum
434 2563 448 2582 a
467 2555 545 2582 nobis
562 2555 703 2582 nominum
735 2555 876 2583 offerimus
889 2575 897 2589 ,
915 2555 951 2582 ita
979 2560 1009 2584 ut

226 2603 355 2629 odoretur
378 2601 509 2629 Dominus
539 2601 651 2628 odorem
676 2601 837 2634 suavitatis,
866 2607 893 2629 et
921 2603 1010 2637 ipsum

221 2647 418 2682 acccptalrilem
430 2667 438 2680 ,
456 2647 514 2674 sive
531 2653 545 2673 e
568 2650 640 2674 terra
658 2648 800 2680 ascendat,
823 2648 879 2675 sive
898 2647 1009 2676 aliunde

221 2694 340 2721 oriatur.

261 2827 293 2854 Η
301 2846 308 2854 .
318 2826 347 2854 Si
357 2830 446 2854 autem
455 2830 665 2853 commentatam
675 2826 833 2858 terminum,
844 2834 860 2854 ο
870 2827 1010 2862 negotiose

223 2877 254 2899 et
267 2872 406 2900 industriae
419 2872 605 2904 tenacissime,
615 2871 729 2907 abjicias
743 2879 778 2901 eo
793 2874 865 2908 quod
895 2874 1008 2902 verbum

1010 2934 1044 2943 ι.

1058 2280 1088 2307 δὲ
1101 2280 1188 2312 ἄλλως
1203 2281 1298 2314 μαθεῖν
1311 2281 1352 2307 ὅτι
1365 2281 1404 2316 μὴ
1419 2281 1463 2307 διὰ
1479 2281 1568 2315 μόνων
1581 2281 1636 2307 τῶν
1649 2280 1709 2307 καθ’
1726 2281 1802 2315 ἡμᾶς
1811 2279 1858 2312 οἷς

1059 2327 1175 2353 ἐνοικεῖν
1190 2327 1204 2352 6
1217 2326 1285 2358 Θεὸς
1298 2327 1404 2361 λέγοιτο
1417 2327 1451 2353 ἂν
1472 2327 1518 2352 καὶ
1535 2325 1595 2352 κατ’
1611 2325 1677 2352 αὐτὸ
1701 2326 1798 2359 τοῦτο,
1811 2326 1859 2353 ὅτι

1059 2371 1162 2408 δηλαδὴ
1176 2373 1210 2399 τὰ
1221 2372 1268 2399 τοῦ
1288 2372 1356 2399 Θεοῦ
1383 2372 1622 2409 χαρακτηριστικὰ
1643 2372 1710 2407 ἡμῖν
1726 2373 1774 2398 καὶ
1796 2374 1861 2402 τοῖς

1060 2419 1125 2453 περὶ
1138 2419 1211 2453 ἡμᾶς
1233 2417 1368 2452 ἔγκειται,
1393 2418 1439 2444 καὶ
1456 2419 1500 2444 διὰ
1516 2418 1608 2453 μέσων
1629 2418 1718 2445 αὐτῶν
1732 2418 1811 2444 ἔστιν
1829 2420 1862 2444 ἐν

1061 2463 1130 2498 ἡμῖν
1143 2464 1156 2489 6
1169 2463 1247 2494 Θεός.
1268 2463 1298 2489 Ei
1311 2463 1340 2489 δὲ
1358 2464 1512 2498 φρονοῦμεν
1528 2463 1606 2498 ὀρθὰ,
1624 2463 1710 2498 ἐσμὲν
1729 2463 1774 2489 διὰ
1800 2463 1862 2488 τῶν

1063 2509 1192 2536 τοιούτων
1210 2510 1257 2535 καὶ
1280 2510 1361 2544 ἡμεῖς
1386 2510 1415 2535 ὲν
1429 2509 1514 2544 αὐτῷ,
1546 2508 1716 2544 λογιζόμενοι
1742 2509 1860 2544 ἐκείνῳ,

1063 2555 1112 2582 καὶ
1125 2555 1162 2586 ὼς
1174 2555 1214 2586 εἰς
1230 2549 1393 2589 καθαρείους
1411 2555 1550 2590 μυρεψοὺς
1575 2554 1662 2590 εὐώδη
1688 2554 1865 2589 ϐυμιάματα

1063 2600 1150 2627 ταῦτα
1166 2600 1303 2626 σκευαστὰ
1314 2600 1351 2631 ὡς
1366 2600 1396 2632 ἐξ
1417 2600 1532 2635 εὐόδμου
1554 2600 1621 2635 ὕλης
1647 2600 1701 2626 τῶν
1726 2601 1756 2626 ὲν
1790 2601 1865 2634 ἡμῖν

1063 2646 1162 2681 τιμίων
1187 2647 1327 2681 ὀνομάτων
1351 2646 1582 2682 ἀναπέμποντας·
1600 2647 1637 2678 ὡς
1654 2647 1866 2681 ὀσφραίνεσθαι

1064 2692 1111 2718 τὸν
1119 2691 1220 2725 Κύριον
1231 2692 1318 2727 ὀσμὴν
1329 2692 1454 2724 εὐωδίας,
1469 2692 1516 2718 καὶ
1523 2691 1625 2726 ταύτην
1639 2693 1866 2727 εὐπρόσδεκτον,

1065 2739 1120 2764 εῐτε
1137 2738 1221 2773 γῆθεν
1253 2739 1449 2774 ἀναδιδομένην
1479 2739 1633 2774 εὐκόσμως,
1660 2739 1716 2765 εἴτε
1742 2740 1867 2766 ἄλλοθεν

1065 2784 1184 2811 ὁθενοῦν.

1097 2829 1154 2866 μα’.
1166 2831 1197 2857 El
1211 2831 1238 2858 δὲ
1256 2832 1301 2858 τὸν
1320 2832 1513 2867 διειλημμένον
1533 2833 1606 2867 ὅρον,
1643 2829 1667 2859 ὧ
1689 2833 1870 2869 πολυπρᾶγ-

1066 2884 1116 2911 μον
1139 2878 1184 2903 καὶ
1210 2877 1390 2912 γλισχρότατε
1417 2879 1467 2912 τὴν
1493 2878 1648 2914 ἀκρίϐειαν,
1676 2879 1869 2916 ἀποστρέφῃ,

1929 386 1932 455 l

1929 768 1932 839 l

1929 1013 1932 1119 ξ
