1956 3086
133 155 185 187 557

526 153 567 184 ΙΝ
582 153 750 184 HYMNUM
776 150 1102 183 PENTECOSTALEM
1125 143 1355 180 DAMASCENI.

1711 142 1761 178 55-3

131 214 174 240 διὰ
189 214 219 240 τὸ
241 214 289 248 τῆς
309 212 409 246 λέξεως
435 212 575 247 χθαμαλὸν
597 211 645 238 καὶ
671 212 747 245 παχὺ
770 210 817 237 καὶ
834 210 917 244 βαρὺ,

972 217 1007 244 sit
1022 216 1084 248 vile,
1099 223 1234 248 crassum,
1245 215 1357 250 pingue,
1368 216 1395 241 et
1409 220 1521 241 sensum
1537 212 1597 246 ejus
1612 213 1762 240 contendas
1775 247 1781 258 ι

130 260 178 286 καὶ
190 259 221 285 τὸ
236 259 296 285 κατ’
311 258 396 294 αὐτὴν
412 259 503 293 νόημα
518 257 696 291 δογματίζεις
715 257 753 291 μὴ
777 256 811 283 ἂν
835 255 916 282 δύνα-

132 306 194 333 σθαι
209 305 276 340 ὑψοῦ
295 305 491 340 ὲλαφρισθῆναι
516 305 554 336 ὡς
579 304 728 339 ἁρμόττειν
751 302 791 337 τῷ
814 302 919 337 ἀπαχεῑ

132 353 180 378 καὶ
195 352 296 387 ἀϐαρεῖ
317 352 366 379 καὶ
393 352 586 387 ὐπερουρανιῳ
611 351 671 384 Θεῷ
683 370 691 382 ,
707 348 796 382 ἔξεστι
815 356 856 374 σοι
870 346 917 373 τοῦ

133 397 226 424 λοιποῦ
243 399 406 433 ἀποστερεῖν
422 398 458 432 μὴ
475 398 555 432 μόνον
570 397 615 423 τὸν
630 397 694 422 nev
707 396 756 422 καὶ
771 394 860 428 Λόγον
871 393 918 420 τοῦ

133 444 201 471 Θεοῦ
214 445 314 478 λέξεως
334 445 443 478 ἀπάσης
465 444 623 478 ὲγκοσμίου,
646 442 714 469 ἀλλὰ
728 442 775 469 καὶ
792 441 837 468 τὸν
852 447 919 476 προ-

133 491 244 518 αιώνιον
263 492 381 525 Πατέρα,
404 492 450 518 καὶ
467 490 497 517 τὺ
527 491 694 525 συνάναρχον
708 489 838 523 Πνεῦμα·
854 489 919 515 οὑκ-

132 537 179 563 οὖν
194 537 368 572 άπορῤάπιζε
387 537 422 562 τὰ
447 538 477 563 ὲν
500 538 556 568 τοῖς
580 536 642 563 καθ’
661 536 733 570 ἡμᾶς
749 535 839 561 πάντα
858 534 918 560 6νὸ-

134 591 217 617 ματα,
233 583 270 614 ὡς
295 583 364 617 μηδὲ
387 582 416 608 ἓν
441 582 531 609 αὐτῶν
546 581 666 608 οἰκειοῦν
683 581 721 616 τῷ
744 580 918 615 ἀκατονομά-

134 637 188 663 στῳ
211 629 270 664 Θεῷ
284 650 291 662 ,
316 629 363 655 καὶ
383 629 483 664 μᾶλλον
511 628 545 655 τὰ
575 629 605 655 ἐν
627 629 693 663 ἡμῖν
719 628 918 661 ταπεινότατα,

131 672 187 702 οἷον
202 676 248 702 τὸν
263 675 431 710 δημιουργὸν
451 674 481 702 ὃν
506 675 685 710 χειροτέχνην
705 675 816 709 οἴδαμεν
832 675 919 710 ἑρμη-

132 722 269 753 νεύεσθαι,
287 723 351 757 περὶ
367 719 398 749 οὗ
413 722 461 748 καὶ
485 722 514 748 ἐν
539 723 596 753 τοῖς
613 721 684 756 μετὰ
698 721 786 755 ταῦτα
812 721 920 755 εἰρήσε-

131 776 186 794 ται·
201 767 247 794 τὸν
263 767 388 803 τεχνίτην
402 767 431 799 ὃς
449 767 504 794 οὐδ’
521 768 602 798 αὐτὸς
619 766 759 801 ὑπεροχὴν
776 767 833 800 ἔχει
854 766 919 792 πολ-

132 815 191 849 λὴν·
208 815 254 842 τὸν
279 816 463 851 παντουργὺν,
483 815 513 841 ὃν
528 814 590 841 οὐδὲ
614 816 642 841 ὲν
660 813 778 850 εὐφήμῴ
794 815 919 850 σημασῐᾳ

132 863 277 888 τάττουσιν
294 862 318 887 οἱ
334 861 384 895 τὴν
401 861 488 896 ἀρχὴν
507 860 588 887 αὐτὸν
611 860 798 895 ὀνομάσαντες
811 869 818 876 ·
836 860 877 886 ἔτι
891 859 919 886 δὲ
937 880 956 908 Β

132 908 179 934 καὶ
193 907 238 934 τὸν
250 907 364 941 ποιητὴν
378 907 423 933 τὸν
439 907 479 938 εις
495 908 592 933 ταυτὸν
607 906 711 942 ἥκοντα
727 907 768 941 τῷ
788 906 919 942 δημιουρ-

133 953 184 989 γῷ,
204 954 252 980 καὶ⁸
266 953 312 979 τὸν
330 953 512 988 κυϐερνήτην,
526 953 677 988 ὲμπορικόν
695 961 727 986 τε
747 952 831 979 αὐτὴν
852 952 918 979 ὅντα

131 999 178 1026 καὶ
201 999 273 1025 οὕτω
300 998 447 1033 κερδαλέον
460 1018 467 1030 ,
484 998 522 1030 ὼς
538 998 573 1024 τὰ
592 999 681 1025 πολλὰ
706 999 753 1025 καὶ
771 999 816 1033 ἐφ’
831 995 873 1030 οἷς
886 998 916 1024 οὺ

132 1045 194 1079 χρή·
207 1045 253 1071 τδν
268 1045 465 1079 ἀκρογωνιαϊον
482 1044 556 1070 λίθον
568 1044 616 1070 τὸν
632 1044 702 1079 τάχα
716 1044 776 1070 οὐδὲ
792 1044 918 1079 μναῖαῖον

131 1090 162 1116 τὸ
175 1091 294 1125 τίμημα.
310 1090 342 1116 Τί
356 1089 386 1116 δέ
407 1099 451 1123 μοι
464 1089 520 1116 τῶν
531 1086 662 1116 τοιούτων
674 1090 773 1122 λέξεων
791 1090 839 1116 καὶ
855 1089 918 1116 ὅσαι

131 1136 160 1162 δὲ
185 1135 264 1163 ἄλλαι
285 1135 346 1162 κατ’
361 1136 446 1168 αὐτὰς
468 1135 671 1171 ἀπαξιούμεναι
694 1136 866 1163 οἰκειοῦσθαι
880 1135 919 1170 τῷ

131 1180 201 1215 Θεῷ,
218 1182 475 1217 κατεπιχειροῦνται
504 1181 556 1208 ὑπὸ
584 1182 635 1216 τῆς
664 1183 693 1208 ὲν
721 1182 763 1208 σοὶ
786 1181 918 1216 λεκτικῆς

131 1227 293 1261 δυνάμεως;
314 1228 429 1254 Δέδοικα
445 1229 482 1264 μὴ
497 1228 550 1263 ὁδῷ
562 1228 666 1264 προῖὼν
683 1229 733 1255 οὐκ
754 1228 848 1263 εὺόδῳ,
869 1237 919 1263 με-

132 1274 249 1309 λετήσῃς
264 1274 411 1308 ἀφελέσθαι
428 1275 478 1310 τῆς
493 1274 573 1309 ἁγίας
588 1274 715 1309 Τριάδος,
729 1274 776 1302 καὶ
790 1275 859 1301 αὐτά
884 1275 918 1302 τὰ

134 1318 268 1346 ἰδιαίτατα
291 1320 540 1355 χαρακτηριστικὰ.
567 1320 636 1347 Οὔτε
653 1321 708 1355 γὰρ
735 1321 833 1356 Πατὴρ
851 1321 918 1356 κλη-

133 1364 247 1399 θήσεται
264 1366 334 1392 κατά
349 1374 380 1399 γε
405 1365 501 1401 κριτὴν
522 1366 568 1393 τὸν
595 1366 666 1393 κατὰ
692 1366 733 1393 σέ.
750 1367 846 1402 Πατὴρ
868 1368 918 1402 μὲν

131 1411 187 1446 γὰρ
211 1411 283 1443 ἄπας
301 1414 330 1438 ἐν
353 1413 409 1443 τοῖς
429 1412 492 1440 καθ’
508 1413 584 1447 ἡμᾶς
609 1412 749 1448 ἐμπαθὴς,
767 1413 823 1440 εἴτε
840 1414 917 1449 παρὰ

131 1457 162 1484 τὸ
180 1458 302 1492 σπείρειν
326 1458 394 1485 κατά
411 1458 501 1493 σάρκα
525 1457 597 1484 οὕτω
614 1458 749 1490 καλεῖται,
765 1458 821 1485 εἴτε
836 1458 917 1486 ἄλλο·

132 1504 179 1531 θεν
193 1504 304 1531 ὁθενοῦν
317 1513 324 1520 ·
347 1505 394 1531 καὶ
409 1505 466 1535 υἱὸς
482 1504 511 1531 δὲ
541 1505 573 1531 ὲκ
598 1505 644 1531 τοῦ
659 1504 733 1532 κατὰ
747 1505 868 1540 φυσικὴν
884 1506 916 1532 οὐ

970 270 1023 290 non
1039 269 1119 296 posse
1131 262 1158 288 in
1172 259 1360 293 altumlevari,
1376 260 1412 286 ita
1425 259 1517 286 utDeo
1530 265 1584 286 nou
1593 264 1699 290 crasso,
1712 264 1763 284 nec

970 309 1044 342 gravi
1057 314 1083 335 et
1109 306 1299 342 supercmiesti
1326 310 1443 339 aptetur,
1457 305 1520 332 licet
1534 304 1582 332 tibi
1595 305 1762 338 caeteroquin

971 365 1025 384 non
1039 357 1127 385 solutn
1140 354 1238 384 Filium
1253 359 1279 383 et
1296 354 1412 382 Verbum
1428 354 1472 381 Dei
1498 353 1582 380 verbo
1597 352 1669 379 omni
1682 358 1763 379 muns

971 405 1041 431 dauo
1069 399 1207 434 dirimere,
1223 400 1269 429 sed
1295 405 1322 428 et
1345 403 1478 426 aeternum
1495 397 1603 425 Patrem
1629 401 1762 424 etcorre-

971 455 1097 485 gnantem
1123 447 1266 481 Spiritum.
1295 445 1373 472 Tolle
1405 443 1488 479 igitur
1517 443 1607 470 omnia
1624 442 1695 469 inter
1712 448 1763 469 nos

971 497 1072 523 usitata
1096 491 1309 527 uomiua,quasi
1329 498 1416 525 neque
1431 496 1516 516 unum
1543 494 1575 516 ex
1608 488 1669 514 istis
1698 494 1764 522 pro-

971 541 1060 574 prium
1076 539 1112 567 sit
1130 537 1278 565 inelTabilis
1301 536 1359 568 Dci,
1379 534 1427 562 sed
1449 534 1540 569 potius
1557 532 1650 559 omnia
1666 536 1759 558 nostra

971 585 1094 617 humilia,
1112 583 1184 611 sicut
1195 587 1222 610 et
1236 580 1330 609 mundi
1343 583 1496 607 creatorem
1515 586 1597 613 quem
1615 577 1762 605 fabricato-

970 639 1027 659 rem
1045 631 1171 658 novimus
1187 627 1297 663 exponi,
1309 627 1342 654 de
1358 633 1412 661 quo
1433 625 1461 652 in
1478 623 1659 659 sequentibus
1671 630 1763 650 sermo

970 678 1035 710 erit;
1050 676 1251 708 fabricatorem,
1269 673 1342 708 quod
1355 679 1444 708 neque
1460 671 1519 706 ipse
1535 677 1662 706 magnam
1672 670 1764 697 excel-

969 723 1085 751 lentiam
1109 721 1226 754 habeat;
1255 720 1378 748 omnium
1394 718 1538 750 factorem,
1565 724 1646 752 quem
1673 723 1762 750 neque

971 776 1093 804 congrua
1117 767 1317 803 significatione
1343 765 1490 800 designant
1516 764 1563 799 qui
1595 762 1761 798 principium

970 815 1060 850 ipsum
1077 818 1196 846 vocant;
1212 813 1302 840 adhuc
1313 816 1339 839 et
1354 816 1507 839 creatorem
1520 809 1593 845 quod
1608 813 1651 837 cst
1666 807 1760 836 mundi

971 866 1078 889 creator
1091 868 1098 894 ;
1111 865 1138 887 et
1153 860 1376 895 gubernatorem,
1390 857 1584 885 mercatorium
1597 863 1628 883 ac
1647 854 1762 890 proinde

971 911 1216 941 qumstuosum,ut
1239 906 1400 941 plerumque
1425 905 1497 931 circa
1525 910 1568 931 res
1595 903 1762 937 incongruus

971 958 1107 986 versetur;
1129 952 1248 987 lapidem
1275 951 1444 986 angularem,
1470 956 1531 984 quin
1545 948 1690 976 aestimatio
1706 954 1762 974 non

970 999 1200 1034 satisiponderosa
1212 1003 1252 1025 est
1265 1006 1272 1031 ;
1286 996 1384 1032 etquid
1395 995 1458 1024 talia
1474 1002 1686 1023 commemorem
1701 1001 1764 1029 quas

970 1046 1060 1073 omnia
1080 1053 1134 1072 non
1143 1044 1303 1080 iudicantur
1318 1042 1373 1070 Deo
1389 1049 1548 1076 congruere,
1560 1045 1587 1068 et
1599 1045 1643 1068 tua
1654 1040 1764 1068 convel-

972 1091 1066 1118 luntur
1079 1090 1218 1125 eloquenti
1242 1088 1382 1124 potentia?
1395 1086 1511 1119 Vereor,
1524 1094 1557 1113 ne
1572 1087 1615 1113 via
1633 1086 1763 1113 incedens

972 1138 1056 1173 invia,
1073 1139 1134 1165 illas
1152 1146 1166 1165 a
1180 1141 1275 1165 sancta
1288 1135 1425 1163 Trinitate
1446 1134 1558 1163 auferre
1577 1134 1682 1169 cogites
1704 1140 1765 1168 qua:

970 1185 1021 1220 ipsi
1034 1185 1152 1220 propriae
1164 1188 1228 1212 sunt
1241 1187 1334 1215 notas;
1349 1190 1401 1210 non
1417 1182 1488 1210 enim
1511 1181 1592 1209 Pater
1609 1181 1764 1211 Vocabitur.

967 1230 1172 1266 juxtajud‘teem
1192 1230 1231 1257 tui
1248 1229 1380 1260 similem;
1399 1227 1479 1255 Pater
1500 1229 1572 1254 eu'm
1585 1228 1677 1255 omnis
1689 1235 1764 1254 cont-

970 1277 1093 1304 munium
1109 1276 1253 1304 aifectuum
1272 1274 1420 1309 particeps,
1431 1274 1509 1301 sivea
1520 1273 1653 1308 pariendo
1663 1280 1747 1300 secuit
1755 1287 1764 1292 -

970 1323 1035 1351 dum
1059 1330 1171 1350 carnem
1185 1321 1225 1349 sic
1248 1325 1375 1352 vocatur,
1387 1314 1446 1347 sive
1455 1319 1583 1352 aliunde;
1595 1318 1651 1351 υιδς
1664 1322 1765 1350 autem,

969 1376 1003 1397 ex
1018 1368 1100 1396 verbo
1116 1369 1143 1395 in
1159 1375 1189 1394 se
1201 1375 1255 1394 non
1269 1366 1471 1401 supernaturali
1484 1365 1629 1393 deducitur
1650 1364 1767 1400 φύεσθαι

971 1413 1076 1451 (gigni),
1093 1415 1156 1441 vela
1164 1412 1247 1440 verbo
1255 1411 1432 1445 iisdemjuxta
1441 1410 1547 1444 doctos;
1556 1409 1663 1445 πνεῦμα
1674 1413 1765 1437 autem

970 1468 1004 1488 ex
1019 1459 1103 1487 verbo
1122 1458 1264 1485 ὲπιπνέειν
1281 1456 1459 1493 (exsuﬂlare),
1478 1462 1505 1484 et
1526 1456 1676 1492 ἑμπνέειν;
1699 1456 1767 1485 ﬂare

970 1510 1059 1533 autem
1073 1504 1219 1540 quamdam
1247 1503 1325 1533 habet
1344 1494 1565 1530 inconstantiam.
1589 1501 1635 1530 Sic
1650 1508 1675 1529 et
1686 1509 1768 1529 omne

134 1550 188 1585 μὴν
216 1551 346 1586 ὑπερφυῆ
378 1550 513 1577 ἀκόλουθα
540 1550 667 1586 φύεσθαι,
702 1551 790 1578 εῐτουν
809 1551 917 1585 beo-Dat,

972 1552 1086 1580 verbum
1100 1550 1305 1578 multiformiter
1324 1556 1374 1576 nec
1386 1549 1437 1576 sub
1454 1556 1507 1575 uno
1523 1552 1627 1575 tantum
1639 1552 1765 1588 respectu

132 1596 204 1638 κατὰ
218 1597 281 1628 ’τοὺς
298 1597 408 1630 σοφούς·
429 1598 474 1624 καὶ
493 1596 604 1631 πνεῦμα
619 1596 647 1623 δὲ
663 1598 695 1623 ὲκ
708 1596 756 1623 τοῦ
775 1597 915 1624 ὲπιπνέειν

977 1602 1113 1628 movetur,
1122 1596 1163 1624 vel
1181 1603 1214 1623 ex
1230 1594 1344 1622 adversa
1357 1599 1434 1629 parte
1449 1599 1613 1621 removetur.

137 1646 185 1672 καὶ
209 1645 339 1678 ὲμπνέειν
364 1644 447 1678 ἡμῖν·
475 1643 507 1670 τὸ
533 1643 562 1669 δε
592 1643 696 1675 πνέειν,
711 1644 844 1670 ἀστασεαν
855 1645 915 1671 τινὰ
934 1644 1001 1680 ἔχει.
1020 1643 1113 1674 Οὕτως
1138 1642 1167 1669 δὲ
1185 1642 1232 1668 καὶ
1254 1641 1354 1674 ἄλλως,
1385 1642 1434 1669 καὶ
1452 1640 1481 1667 τὸ
1500 1641 1554 1667 πᾶν
1583 1642 1688 1675 εἰπεῖν,
1718 1648 1766 1670 πο-

131 1692 245 1723 λυειδῶς
260 1692 307 1718 καὶ
321 1691 352 1717 οὐ
368 1691 439 1717 κατά
456 1699 517 1717 τινα.
534 1691 724 1725 μονομέρειαν,
743 1691 902 1726 κινούμενον
921 1692 937 1728 ἢ
955 1692 1002 1720 καὶ
1025 1690 1259 1725 ἀντικινούμενον.

169 1738 223 1774 μβ¹.
241 1737 272 1763 El
284 1737 311 1763 δὲ
324 1737 396 1763 οὕτω
414 1738 604 1772 ἐπιχειρήσεις
619 1737 688 1772 πρὸς
705 1737 827 1768 διάλεξιν
841 1746 918 1772 σοφι-

134 1783 239 1819 στικὴν,
257 1783 391 1814 ὲψίλωσας
410 1782 455 1809 τὸν
476 1781 544 1809 Θεὺν
561 1782 680 1815 ἅπαντος
696 1783 744 1810 τοῦ
768 1783 799 1816 ἐξ
812 1784 919 1820 ἀνθρώ-

131 1838 191 1857 πων
209 1829 387 1864 σεμνώματος
400 1847 408 1860 ,
436 1827 484 1854 καὶ
501 1827 610 1863 ἀφῆκας
627 1827 677 1863 μὲν
692 1828 798 1855 ἐκεῖνον
816 1828 920 1856 ἀνώνυ-

133 1884 195 1911 μον,
208 1875 361 1910 ἐστέρησας
374 1874 403 1899 δὲ
418 1874 468 1900 καὶ
488 1873 564 1909 ἡμᾶς
580 1873 630 1908 τῆς
645 1874 714 1908 πρὸς
730 1874 836 1901 ἐκεῖνον
860 1876 919 1901 stot-

130 1921 230 1953 νωνίας
246 1921 293 1947 καὶ
308 1920 470 1955 ὲγγύτητος,
483 1919 529 1946 καὶ
544 1918 604 1945 οὐδὲ
616 1919 656 1952 τὺ,
673 1920 772 1954 Κύριε,
790 1919 916 1955 ἐλέησον,

130 1967 334 1998 καταλελοιπὼς
351 1967 417 2000 ἡμῖν
431 1966 471 1996 εἰς
492 1965 714 2000 ἀνεπιχείρητον,
731 1965 777 1992 διὰ
800 1965 831 1991 τὸ
846 1966 920 1992 κατὰ

129 2014 174 2040 τὸν
187 2013 261 2040 ἔλεον
273 2012 434 2047 περιπαθὲς,
444 2012 491 2038 καὶ
502 2010 589 2042 οὕτως
601 2011 736 2046 ἐμπαθὲς,
754 2011 837 2046 μόνην
854 2012 921 2047 ἡμῖν

130 2059 241 2095 ἀφῆκας
256 2059 305 2094 τὴν
325 2059 364 2089 εἰς
381 2058 514 2094 οὐρανοὺς
526 2058 659 2084 ἀνάτασιν
681 2057 737 2083 τῶν
750 2058 862 2093 χειρῶν,
874 2059 922 2086 καὶ

129 2107 179 2141 τὴν
195 2107 248 2132 τῶν
260 2104 407 2140 ὀφθαλμῶν
423 2105 503 2140 ἄρσιν
516 2105 555 2134 εις
569 2104 602 2132 τὰ
614 2104 676 2139 ὅρη,
692 2103 753 2130 ὅθεν
772 2105 838 2140 ἡμῖν
861 2105 922 2139 ἡξει

130 2153 148 2187 ἡ
165 2152 290 2186 βοήθεια·
306 2152 356 2186 ήδη
372 2150 462 2177 δέ’που
475 2151 523 2177 καὶ
539 2151 603 2181 τοὺς
615 2150 787 2185 στεναγμοὺς
802 2150 850 2178 καὶ
864 2149 920 2178 οἷον

130 2197 275 2232 ὼρυθμοὺς
289 2197 356 2232 πρὸς
377 2196 508 2231 ὁμοίωσιν
534 2197 663 2230 σκύμνων
683 2196 737 2222 τῶν
753 2195 920 2231 ὠρυομένων

132 2244 178 2269 καὶ
204 2242 357 2276 ζητούντων
390 2241 466 2277 παρὰ
481 2241 521 2276 τῷ
537 2240 596 2275 Θεῷ
612 2241 714 2276 βρῶσιν
733 2242 858 2273 ἑαυτοῖς·
873 2242 922 2268 καὶ

132 2290 196 2325 μὴν,
207 2290 345 2323 ἄνθρωπε,
361 2288 432 2315 καθὰ
448 2289 480 2314 σὺ
496 2288 577 2320 αὑτὺς
590 2288 665 2314 οὐδὲν
688 2287 763 2321 βοτίιν
782 2289 918 2323 χερσαῖον,

1008 1736 1052 1764 42.
1082 1736 1111 1764 Si
1133 1741 1223 1764 autem
1239 1735 1411 1763 dialecticam
1429 1733 1614 1768 sophistarum
1640 1734 1668 1761 in
1690 1735 1765 1762 auxi-

974 1783 1039 1811 lium
1054 1791 1146 1818 vocas,
1160 1783 1246 1810 Deum
1272 1782 1345 1810 omni
1363 1790 1416 1818 qua
1434 1783 1506 1818 apud
1523 1783 1648 1812 homines
1660 1784 1763 1812 {ruitur

974 1831 1137 1857 auctoritate
1159 1830 1269 1864 privas;
1285 1834 1365 1864 quem
1382 1829 1428 1857 ubi
1447 1830 1557 1857 nomine
1572 1830 1764 1865 spoliasti,nos

973 1877 1048 1911 ipsos
1064 1883 1079 1903 a
1109 1876 1309 1903 communitate
1335 1883 1367 1903 ac
1403 1875 1602 1910 familiaritate,
1629 1885 1689 1912 qua:
1715 1885 1766 1906 nes

972 1921 1044 1949 inter
1061 1926 1088 1950 et
1102 1922 1186 1949 Deum
1202 1917 1357 1956 intercedit,
1370 1921 1458 1955 ejicis.
1473 1922 1543 1956 Quia
1560 1924 1633 1950 enim
1648 1931 1684 1952 ne
1697 1924 1764 1952 illud

971 1967 1092 2003 quidem,
1109 1967 1248 2001 Miserere,
1268 1968 1349 2002 Deus,
1368 1969 1446 1997 nobis
1459 1969 1604 2004 reliquisti,
1622 1978 1675 1998 uou
1711 1972 1765 1999 nisi

973 2021 1105 2043 manuum
1137 2018 1164 2042 et
1193 2015 1337 2042 oculorum
1371 2015 1406 2042 ad
1441 2020 1549 2045 montes
1586 2018 1765 2046 elevationem

973 2061 1124 2096 permittis,
1142 2060 1216 2088 unde
1227 2061 1308 2089 nobis
1332 2061 1465 2089 auxilium
1487 2063 1598 2095 veniet;
1620 2063 1676 2098 jam
1702 2072 1765 2092 vero

974 2107 1057 2135 etiam
1096 2107 1207 2134 leonum
1233 2113 1320 2140 more,
1350 2106 1400 2141 qui
1428 2107 1632 2136 circumeuntes
1655 2110 1766 2144 rugiunt

974 2157 1002 2181 et
1016 2154 1144 2181 alimenta
1156 2161 1170 2181 a
1184 2153 1240 2181 Deo
1256 2149 1414 2189 efflagitant,
1424 2161 1533 2189 gemere
1548 2154 1627 2182 nobis
1646 2162 1678 2182 ac
1690 2156 1764 2191 rugi-

975 2206 1004 2226 re
1024 2199 1128 2227 licebit.
1159 2199 1237 2228 Sicut
1264 2205 1354 2229 autem
1370 2206 1409 2236 tu,
1429 2201 1521 2235 homo,
1539 2202 1643 2229 nullum
1663 2204 1765 2230 animal

976 2247 1116 2278 terrestre,
1130 2251 1178 2273 aut
1191 2247 1308 2280 aerium,
1330 2251 1378 2274 aut
1402 2248 1549 2281 marinum,
1566 2248 1626 2275 dvis
1642 2251 1690 2274 aut
1704 2244 1763 2283 lupi

975 2291 1074 2318 marini
1106 2291 1211 2325 instar,
1230 2291 1324 2327 oll'ers,
1347 2294 1419 2321 inter
1447 2295 1474 2322 id
1508 2293 1580 2328 quod
1594 2293 1764 2321 offerendum

129 2336 191 2363 οὐδὲ
223 2336 317 2370 ἀέριον
337 2334 407 2366 ζῶον
424 2355 431 2368 ,
451 2334 513 2361 οὐδὲ
544 2334 690 2362 θαλάττιον
713 2334 808 2367 ἁπλῶς
846 2334 917 2361 οὕτω

972 2341 1023 2367 est,
1036 2342 1064 2363 et
1082 2337 1108 2364 id
1126 2338 1198 2372 quod
1215 2346 1268 2365 non
1285 2339 1542 2374 est,distinguendo
1553 2343 1580 2367 et
1595 2339 1764 2376 rejiciendo;

131 2382 278 2417 προσφέρῃ
288 2381 316 2412 ἐς
332 2380 468 2416 ἀποδοχὴν
480 2381 552 2408 καθὰ
568 2381 613 2408 διὰ
629 2381 678 2408 τοῦ
700 2381 850 2417 προϐάτου,
870 2382 918 2408 καὶ

972 2382 1012 2409 sic
1026 2385 1053 2409 et
1063 2390 1122 2416 nos,
1136 2383 1288 2411 secundum
1300 2384 1412 2412 Patrum
1425 2388 1583 2412 sanctorum
1595 2387 1761 2422 exemplum,

129 2426 178 2455 τοῦ
201 2427 338 2461 λάϐρακος
363 2425 619 2460 προῦπῃνιξάμεθα,
638 2428 676 2461 μὴ
697 2425 835 2461 ἀφορίζων
854 2425 916 2461 μὲν,

973 2428 1185 2464 unumquodque
1209 2430 1362 2463 nominum,
1379 2438 1441 2466 quae
1459 2439 1508 2466 pro
1525 2431 1681 2460 humilitate
1715 2441 1765 2460 no-

131 2476 193 2501 ὅσον
213 2472 295 2499 αὑτοῦ
323 2472 405 2497 καλὸν
430 2471 471 2502 εις
500 2471 672 2506 προσφορὰν,
696 2471 918 2506 ἁπεκλεγόμενος

973 2478 1030 2500 stra
1048 2474 1103 2501 Deo
1133 2474 1278 2504 oli‘erimus
1303 2481 1355 2504 aut
1384 2477 1476 2512 potius
1494 2478 1708 2513 sanctiﬁcamus,
1736 2484 1764 2506 et

130 2521 160 2546 δὲ
187 2519 217 2546 τὸ
238 2519 275 2553 μὴ
300 2517 475 2553 πρόσφορον·
501 2517 573 2544 οὕτω
598 2518 670 2544 κατά
693 2517 742 2551 τὴν
761 2517 815 2544 τῶν
831 2518 918 2552 ἁγίων

972 2520 1082 2555 rejectis
1107 2520 1141 2548 iis
1161 2528 1221 2555 quae
1235 2522 1287 2549 Deo
1299 2521 1410 2557 indigna
1433 2527 1507 2558 sunt,
1520 2524 1545 2551 ci
1562 2524 1762 2552 sacriﬁcaturus.

131 2566 263 2600 Πατέρων
280 2565 403 2592 τύπωσιν
428 2565 475 2591 καὶ
490 2565 571 2600 ἡμεῖς
590 2564 632 2598 ἐφ’
650 2564 768 2590 ἑκάστου
786 2564 841 2590 τῶν
859 2565 1010 2600 ὀνομάτων,
1029 2566 1101 2602 άπερ
1135 2568 1164 2601 ἐξ
1201 2569 1281 2603 ήμῶν
1307 2568 1435 2601 λαὸόντες
1468 2569 1523 2597 τῶν
1558 2571 1761 2598 ταπεινοτάτων

130 2614 313 2648 ἀνατιθέαμεν
326 2612 365 2646 τῷ
379 2612 450 2647 Θεῷ,
477 2612 579 2647 μᾶλλον
601 2611 630 2637 δὲ
645 2611 774 2645 ὀσιοῠμεν
787 2611 862 2646 αὑτῷ
878 2612 913 2638 τὰ
933 2614 1049 2645 ἐκείνου,
1070 2612 1301 2650 ὲξαφαιρούμενοι
1318 2616 1367 2643 καὶ
1400 2617 1468 2652 μηδὲ
1493 2617 1534 2649 εἰς
1558 2617 1621 2644 νοῦν
1655 2618 1763 2653 λαμΰᾱ-

129 2670 222 2692 νοντες
241 2661 271 2687 τὸ
290 2661 423 2687 ἀνοίκειον
442 2659 480 2694 τῷ
501 2659 570 2693 θεῷ,
594 2658 683 2691 ὀρθῶς
703 2658 779 2692 αὐτῷ
814 2659 1016 2695 προσφέρομεν·
1043 2661 1138 2697 ὅμοιον
1172 2662 1210 2694 ὡς
1236 2663 1260 2689 ιι
1286 2663 1334 2690 καὶ
1368 2664 1468 2697 ἱερεῖον
1499 2665 1691 2700 ἀποδείραντες
1714 2664 1763 2691 καὶ

128 2714 170 2744 ei;
184 2711 331 2746 καθάρειον
346 2709 561 2740 ἀποπλύναντες,
577 2708 678 2741 θύομεν
698 2707 769 2734 κατὰ
785 2707 816 2733 τὸ
831 2708 916 2737 ὅσιον,

170 2758 226 2794 μγ’.
243 2758 416 2793 Δημιουργὸν
435 2756 503 2790 γοῦν
518 2757 622 2782 ἐκεῖνον
639 2756 778 2790 καλοῦμεν
792 2756 841 2782 καὶ
855 2764 917 2791 τεχ-

1006 2757 1050 2783 45.
1071 2756 1202 2791 Opiﬁcem
1220 2757 1303 2792 igitur
1323 2765 1386 2786 eum
1403 2762 1430 2785 et
1446 2757 1576 2784 artiﬁcem
1606 2760 1633 2782 et
1654 2755 1760 2782 rubrum

127 2804 206 2839 νίῖην
232 2804 279 2830 καὶ
298 2803 470 2838 παντοοργὺν
487 2801 535 2828 καὶ
552 2801 669 2836 ποιητὴν
684 2801 746 2827 κατ’
761 2801 836 2828 οὐδὲν
852 2801 916 2828 ἄλλο

972 2807 998 2830 et
1013 2803 1187 2830 conditorem
1204 2805 1377 2839 appellamus
1389 2804 1424 2831 ob
1438 2804 1463 2830 id
1479 2807 1582 2829 tantum
1601 2801 1761 2836 quod,sicut

129 2851 145 2884 ἦ
175 2850 254 2884 μόνον
277 2851 318 2876 ὃτι
342 2849 462 2884 παράγει
485 2848 580 2883 ὥσπερ
598 2849 698 2874 ἐκεῖνοι
723 2847 862 2882 ἐπιμελῶς
883 2848 916 2874 τὰ

973 2850 1022 2880 illi.
1043 2857 1126 2884 opera
1145 2857 1193 2876 sua
1212 2851 1264 2877 rite
1278 2849 1446 2883 exsequitur.
1473 2847 1513 2874 Re
1535 2853 1597 2874 vera
1614 2847 1685 2874 enim
1704 2852 1758 2872 non

137 2896 209 2923 κατὰ
235 2897 304 2931 σφᾶς
324 2896 421 2928 αὐτοὺς
448 2895 526 2931 ἔργα,
544 2894 615 2922 οὓτω
639 2895 686 2921 καὶ
712 2895 803 2928 αὐτος,
827 2894 858 2920 οὐ
872 2894 918 2928 δη-

972 2897 1061 2924 solum
1077 2900 1152 2924 creat
1169 2900 1196 2925 et
1213 2904 1320 2924 summa
1345 2900 1404 2922 arte
1423 2894 1514 2921 omnia
1535 2893 1609 2927 facit,
1634 2892 1682 2921 sed
1698 2898 1760 2928 qua
