1956 3086
108 184 151 215 561

496 185 538 215 ΙΝ
560 187 731 218 HYMNUM
751 187 1074 220 PENTECOSTALEM
1097 191 1327 223 DAMASCENI.

1680 195 1734 227 562

105 242 147 267 κον
161 240 211 274 τῆς
227 241 289 267 καθ’
304 241 378 276 ἡμᾶς
403 241 474 269 εἶναι
497 243 581 278 ζωῆς,
608 245 655 271 καὶ
676 246 761 281 πνοῆς
781 245 891 280 ἀπάσης

961 253 971 274 ι
996 248 1156 282 spirationis
1184 249 1334 277 secundum
1355 250 1463 278 modum
1491 252 1642 280 humanum
1657 254 1736 288 origo

104 288 195 318 αίτιον,
221 287 268 314 καὶ
295 287 363 314 Θεὸν
379 288 434 315 τῶν
450 290 616 324 πνευμάτων
636 291 810 327 ἀναψύχοντα
825 291 889 322 τοὺς

105 335 131 360 ὲν
146 334 211 367 ἡμῖν
227 333 403 367 ἐκλείποντας
420 334 472 362 ὑπὸ
485 337 648 373 κακότητος,
671 338 846 372 ἐπανάγοντα
860 337 889 370 ἐξ

104 379 289 414 ὀλιγοψυχίας.
306 381 353 407 καὶ
367 382 397 408 τὺ
415 382 468 408 πᾶν
486 382 586 415 εἰπεῖν,
605 383 738 417 ζωογόνον
758 385 805 410 καὶ
821 386 889 418 ζωο-

106 426 181 452 πσιὺν
209 425 258 452 καὶ
285 426 418 462 ζωοδότην
442 427 645 462 ἀληθέστατον·
677 430 708 456 ού
729 431 810 465 μόνον
835 434 890 468 γὰρ

105 470 174 505 φυτὰ
199 473 314 499 παντοῖα
339 473 461 507 προάγον
485 475 616 508 συντηρΞῖ
630 475 667 506 ὡς
685 475 725 510 τῷ
742 476 828 512 Πατρὶ
844 479 890 504 καὶ¹

105 517 141 553 τῷ
156 517 214 552 Υἱῷ
242 517 460 553 συνδημιουργδν
487 521 531 546 καῖ
565 521 823 556 συμπρονοούμενον
843 523 891 550 καὶ

108 565 293 599 συμπεριέπον
305 566 352 591 κάι
369 565 516 598 συνιστῶν,
535 566 603 593 ἀλλά
614 568 661 593 καὶ
676 567 745 600 ζῶον
761 568 834 596 ἅπαν
852 569 891 604 τῷ

107 609 196 637 θεόθεν
213 611 422 637 συνουσιωθέντι
439 612 510 638 κατὰ
528 612 609 645 φύσιν
630 615 767 648 πνεύματι
781 615 891 648 θάλπει,

106 656 150 681 καὶ
166 657 205 687 είς
226 656 312 692 αὔξην
328 657 456 692 προάγει,
478 659 525 684 καὶ
550 659 590 690 είς
607 659 637 685 τὸ
652 658 701 695 ζῇν
718 662 869 696 συγκρατεῖ
883 670 890 677 ·

107 701 165 727 ὅθεν
188 702 235 728 καὶ
250 703 266 737 ὴ
283 702 364 736 φύσις
383 711 421 730 πα
429 704 616 739 ρωνόμασται,
636 705 707 732 κατά
722 714 782 732 τινα
807 707 889 741 σοφὴν

107 747 230 781 παλαιὸν,
245 747 283 780 ὡς
307 746 364 775 οἷον
389 749 508 785 φύσησις
536 750 607 777 κατὰ
631 751 662 777 τὸ
679 751 826 787 ἀρχέγονον
843 753 894 787 τῆς

109 794 279 829 παραγωγῆς
293 802 301 809 ·
329 795 404 831 φυσᾷ
431 796 485 830 γὰρ
504 795 599 832 ὥσπερ
615 797 686 833 αὐτὴ
703 798 748 824 καὶ
768 798 839 825 οὕτω
856 799 896 825 δι-

108 841 178 876 ιστᾷ,
203 843 251 867 καὶ.
271 841 382 875 ἐξογκεί
405 842 500 877 τρόπῳ
524 842 656 878 οίδήσεως
670 863 678 875 ,
704 844 752 870 καὶ
774 842 851 876 αὔξει
866 843 895 871 τὸ

107 885 206 918 ζωῖκὺν
221 886 311 922 σῶμα,
332 887 400 914 ὡσεὶ
416 887 501 915 ἀσκόν
516 897 576 914 τινα
591 887 792 924 ὲμψυσώμενον
806 898 812 906 ·
830 890 896 917 κάν-

108 932 202 958 τεῦθεν
226 920 275 965 τάξ
304 934 475 969 προσφύσεις
501 920 660 968 διαστάσεις
680 920 785 972 ἔχειτὰ
801 937 833 963 ὲκ
847 937 899 972 γῆς
914 920 935 947 Β

106 980 266 1014 γεννώμενα
290 980 337 1008 καὶ
355 981 525 1015 τρεφόμενα,
542 981 589 1008 καὶ
604 981 742 1016 αὐξόμενα
754 991 761 998 ·
786 991 897 1012 συνεπι-

109 1027 319 1062 λαμϐανομένου
334 1027 392 1059 τοῖς
411 1028 440 1054 ἐν
460 1028 557 1062 κόσμῳ
573 1028 619 1055 τοῦ
640 1029 719 1062 ἁγίου
736 1029 897 1063 Πνεύματος

110 1073 210 1105 παντὸς
224 1073 341 1108 ἀγαθοῦ,
361 1074 408 1102 καὶ
420 1075 450 1102 οὐ
474 1074 555 1109 μόνον
571 1074 618 1102 τοῦ
631 1076 702 1102 κατὰ
718 1075 810 1110 φύσιν,
827 1076 896 1103 ἀλλὰ

109 1121 154 1147 καὶ
168 1119 215 1146 τοῦ
231 1120 381 1155 ὑπερφυῶς
393 1130 401 1136 ·
419 1122 466 1148 καὶ
483 1122 587 1157 ζωγρεῖ
599 1122 626 1149 δὲ
646 1122 736 1157 ψυχὴν
758 1122 895 1150 ἀπιοῦσαν

109 1166 139 1193 τὸ
155 1166 232 1201 ἅγιον
261 1166 385 1201 Πνεῦμα,
413 1169 443 1193 οὐ
465 1169 535 1195 κατά
551 1168 581 1195 τὸ
606 1168 719 1204 ἀέριον,
743 1168 801 1195 ἀλλ’
825 1168 896 1204 ὑπὲρ

110 1215 190 1248 λόγον
202 1224 208 1231 ·
225 1216 273 1242 καὶ
295 1214 383 1247 οὕτως
399 1215 534 1250 ἀναψύχει
550 1216 661 1250 ἐκείνην
677 1216 717 1247 είς
735 1216 894 1250 σωτηρίανζ,

941 298 994 325 est,
1018 298 1044 321 ct
1055 294 1127 329 quod
1142 293 1212 321 Deus
1226 298 1269 322 est
1282 294 1440 329 spirituum,
1457 296 1506 331 qui
1521 304 1569 324 eos
1585 298 1632 332 qui
1648 298 1733 326 animi
1762 301 1767 307 '

942 340 1123 375 perversitate
1151 340 1178 367 in
1203 346 1315 376 peccata
1342 341 1412 376 lapsi
1432 346 1495 368 sunt
1509 343 1677 378 redintegrat
1710 351 1738 371 et

945 386 990 422 qui
1007 386 1200 421 pusillanimes
1221 387 1399 422 consolatur;
1414 393 1443 415 ut
1462 396 1517 416 uno
1537 389 1620 416 vcrbo
1638 390 1737 422 dicam,

943 433 988 468 qui
1013 433 1103 467 reipsa
1118 433 1179 461 vita:
1194 433 1313 469 genitor,
1329 435 1454 462 conditor
1469 435 1602 469 datorquc
1614 436 1736 463 exsistit.

914 512 917 515 ,
944 480 1004 507 Non
1021 480 1108 507 solum
1122 480 1193 508 enim
1206 480 1312 515 plantas
1325 482 1416 509 varias
1432 481 1588 516 producens
1609 489 1671 508 cum
1687 483 1741 508 Pa-

944 530 986 553 tre
1006 533 1037 553 ac
1053 525 1123 553 Filio
1133 527 1480 561 conservat,ampleetitur,
1491 532 1570 554 curat
1582 535 1589 557 ;
1603 527 1649 555 scd
1662 534 1743 553 omne

944 571 1074 598 animans
1098 571 1182 598 halitu
1209 572 1257 606 qui
1285 571 1418 600 divinitus
1440 572 1532 604 datur,
1550 571 1633 605 f0vcl,
1648 576 1741 607 auget,

944 617 1065 645 viviﬁcat
1079 625 1088 651 ς
1104 617 1177 645 unde
1206 618 1289 645 etiam
1310 622 1411 646 natura
1438 620 1509 653 apud
1524 619 1666 654 antiquum
1689 619 1741 646 ali-

947 670 1026 697 quem
1054 662 1247 698 philosophum
1264 662 1383 691 suﬂlatio
1400 664 1476 691 audit
1491 664 1642 691 secundum
1659 665 1742 700 origi-

945 715 1007 735 nem
1036 709 1234 742 productionis.
1253 708 1349 737 Sumat
1366 710 1438 738 enim
1454 717 1486 737 ac
1505 714 1614 744 separat
1641 715 1669 738 et
1686 709 1743 738 suf-

946 754 1037 782 ﬂando
1065 754 1197 783 distendit
1218 758 1246 783 et
1263 759 1363 790 corpus
1376 755 1497 783 vividum
1509 756 1580 784 sicut
1596 760 1684 783 utrem
1702 756 1744 783 in-

947 799 1085 827 sumatum
1108 800 1268 835 ampliticat,
1294 804 1322 827 et
1346 801 1419 835 inde,
1436 809 1499 836 quae
1527 809 1542 828 a
1566 806 1637 829 terra
1653 801 1743 837 genita

947 847 1061 873 aluntur
1077 851 1106 874 et
1130 848 1277 881 augentur.
1295 847 1480 875 eohaesionum
1495 854 1526 876 ac
1539 847 1742 876 connexionum

949 891 1011 919 loco
1027 891 1120 924 habet,
1135 899 1167 919 ea
1181 893 1237 928 lege
1254 895 1284 919 ut
1302 891 1420 926 Spiritus
1433 897 1544 920 sanctus
1562 892 1643 919 rebus
1658 899 1742 919 mun-

952 937 1033 965 dauis
1045 938 1192 972 adjiciatur
1219 946 1275 965 non
1300 942 1405 965 tantum
1433 939 1585 966 secundum
1605 943 1742 971 naturam,

952 984 1000 1011 sed
1025 984 1283 1020 Supranaturaliter,
1302 989 1329 1011 et
1349 983 1470 1019 Spiritus
1485 983 1594 1019 quidem
1620 989 1741 1011 sanctus

951 1030 1069 1058 animam
1084 1030 1228 1058 abeuntem
1241 1030 1376 1064 captivam
1395 1029 1460 1058 facit
1477 1030 1744 1065 suprarationaliter,

949 1081 977 1104 et
997 1075 1124 1104 siciliam
1140 1076 1173 1103 ad
1199 1075 1314 1103 salutem
1343 1075 1456 1107 animat,
1483 1079 1511 1102 et
1537 1075 1591 1110 igni
1609 1074 1747 1110 spirituali

948 1123 973 1151 el
989 1122 1036 1158 qui
1049 1122 1140 1150 debita
1157 1125 1270 1156 praestat
1283 1121 1380 1154 ollicia,
1397 1121 1520 1156 angelico
1533 1128 1608 1149 more
1627 1120 1749 1149 incendit

951 1171 978 1196 et
1007 1167 1041 1195 iis
1068 1167 1114 1202 qui
1138 1174 1200 1194 cum
1221 1165 1325 1201 Spiritu
1356 1166 1498 1202 navigant,
1544 1166 1747 1202 navigationem

951 1213 1100 1241 secundam
1123 1213 1248 1247 largitur.

111 1260 159 1286 καὶ
174 1260 242 1296 πυρὶ
259 1260 287 1287 δὲ
304 1260 414 1297 ψυχικῷ
439 1261 561 1288 συντελεῖ
578 1261 737 1296 ὲνεργοῦντι
754 1261 788 1288 τὰ
802 1261 961 1296 καθήκοντα
985 1257 1140 1292 ὲξανάπτον
1156 1259 1223 1287 αὐτο
1255 1260 1295 1291 εις
1330 1259 1469 1294 φλόγωσιν
1498 1257 1648 1294 ἀγγελικὴν
1659 1278 1668 1292 ,
1702 1260 1750 1287 καὶ

112 1310 169 1341 τοῖς
186 1310 381 1345 πνευματικῶς
397 1311 511 1337 πλέουσι
534 1311 579 1337 τὸν
603 1311 712 1346 πρῶτον
729 1311 901 1346 πλησιστίοις
921 1309 1066 1346 χαρίζεται
1080 1308 1177 1336 πλοῦν.

150 1355 205 1391 μξ.
224 1355 330 1384 Οὐκοῦν
355 1356 468 1393 οὐδεμία
491 1357 546 1384 τῶν
568 1357 644 1384 κάτω
671 1357 718 1384 καὶ
740 1357 804 1392 περὶ
830 1358 904 1393 ἡμᾶς

111 1403 212 1435 λέξεων
230 1403 298 1441 ὑψοῦ
315 1403 382 1438 πρὸς
401 1403 468 1430 Θεὸν
486 1404 544 1438 ἔχει
560 1403 699 1439 αἴρεσθαι,
721 1403 759 1438 μὴ
774 1404 904 1434 ἐπιεικῶς

112 1451 188 1485 αὑτῷ
214 1450 436 1486 προσδεχθεϊσα,
464 1451 493 1477 ἐν
521 1452 560 1486 τῷ
588 1451 836 1487 συγκαταρατικῶς
855 1451 902 1477 καὶ

113 1497 275 1531 ἀναγκαίως
290 1498 328 1529 είς
343 1498 406 1524 ὅσον
419 1497 479 1530 ὲξδν
499 1498 617 1532 προσιτὴ
635 1498 814 1533 διακριτικῶς
830 1497 902 1524 ὲκεί-

114 1554 152 1580 νῳ
168 1545 297 1579 γενέσθαι
311 1544 359 1571 κατ.
378 1545 611 1580 συγγνωμονικῶς
638 1545 716 1580 παρὰ
732 1545 762 1571 τὺ
781 1545 817 1579 μὴ
831 1544 904 1579 ἔχειν

115 1591 204 1622 ἄλλως
220 1591 285 1617 αὐτὸ
305 1591 443 1626 γενέσθαι·
462 1593 509 1618 καὶ
525 1591 667 1625 ὁμοιοῦται
687 1591 746 1617 τόδε
762 1590 793 1616 τὸ
812 1592 903 1623 πρᾶγ-

117 1647 155 1673 μα
171 1638 208 1669 ὡς
224 1638 248 1664 εἰ
273 1639 321 1665 καὶ
346 1639 474 1673 βασιλεὺς
493 1638 639 1672 ύπερτίμῳ
657 1637 766 1672 πλούτῳ
782 1636 904 1670 πλήθων,

116 1685 166 1712 καὶ
182 1685 377 1720 πολυταλάντῳ
398 1685 590 1719 καλλωπισμῶ
605 1684 825 1719 ὲλλαμπόμενος,
843 1683 906 1709 ἀνέ-

116 1732 195 1768 χεται
221 1741 287 1758 ποτε
313 1732 418 1767 ἄμφιον
445 1731 619 1766 περικεῖσθαι
634 1731 689 1757 τῶν
705 1730 909 1765 εὐτελεστέρων

115 1779 190 1806 κατά
215 1787 278 1806 τινα
297 1778 397 1814 χρείαν
411 1799 419 1810 ,
446 1777 509 1804 οὐτε
538 1777 843 1812 ἀποπροσποιούμενος,
861 1776 909 1803 καλ

116 1824 278 1859 ἐπικοσμῶν
292 1824 321 1850 δὲ
335 1824 366 1850 τὺ
379 1823 410 1850 οὐ
422 1823 571 1854 πολυτελὲς
585 1823 757 1858 περίῦλημα,
767 1820 809 1854 οἷς
823 1823 910 1848 ἐπιει-

117 1871 288 1906 κευσάμενος
306 1869 372 1896 αὐτὸ
393 1869 547 1904 περιέθετο.
563 1869 596 1895 Τί
613 1869 641 1896 δὲ
655 1869 684 1895 οὐ
701 1869 809 1904 ταχύνω
820 1869 910 1902 λέγειν

118 1918 159 1949 ὡς
177 1918 268 1952 χαίρει
283 1918 330 1943 καὶ
346 1916 451 1952 ποιμὴν
468 1916 618 1951 λεγόμενος
635 1916 649 1942 ὁ
662 1916 729 1947 Θεός
745 1924 752 1950 ;
768 1916 815 1943 καὶ
829 1916 911 1946 αὐτδς

120 1965 183 1999 οὐχὶ
198 1963 285 1990 ὀκνῶν
304 1962 377 1989 πάνυ
405 1961 590 1997 σμικρολόγος
608 1959 689 1994 εῖναι,
703 1963 795 1992 ὁποῖος
811 1963 824 1988 ό
839 1961 911 1988 κατὰ

118 2012 151 2038 τὸ
179 2011 256 2045 ἆγιον
285 2010 454 2044 Εὐαγγέλιον
473 2009 507 2035 τὰ
531 2009 710 2043 ἐννενήκοντα
736 2009 814 2035 ἐννέα
842 2008 911 2042 πρός

120 2059 193 2085 6:13
218 2056 364 2092 βόσκεσθαι
391 2056 470 2090 ἀφεὶς
499 2055 537 2086 ὡς
564 2055 588 2080 εί
615 2054 663 2080 καί
692 2063 734 2085 τις
752 2054 825 2090 ψυχῇ
842 2054 913 2080 αὐτὰ

120 2103 244 2138 ἐνέμετο,
259 2102 307 2128 καὶ
323 2101 449 2135 πονηθεὶς
465 2100 531 2134 περὶ
546 2099 595 2134 τὴν
610 2099 659 2126 τοῦ
674 2100 733 2131 ὲνὺς
747 2099 801 2126 τῶν
814 2099 915 2125 ὲκατδν

120 2148 364 2183 ἀποπλανηθέντος
388 2146 601 2182 ἀναψηλάφησιν
613 2154 620 2162 ·
635 2146 677 2172 ἐτι
696 2145 724 2172 δὲ
742 2147 788 2172 καὶ
812 2145 915 2172 οἰκοδό-

123 2206 185 2231 μος,
198 2196 269 2223 κατὰ
285 2195 315 2222 τὸ
327 2216 334 2228 ,
356 2194 420 2221 Ἐὰν
441 2194 478 2229 μὴ
493 2193 596 2227 Κύριος
606 2193 773 2230 οἰκοδομήσῃ
792 2191 865 2219 οἷκον
879 2201 885 2208 ·
901 2192 914 2218 ὀ

119 2244 170 2271 καὶ
196 2242 345 2273 παιδεύσας
372 2240 419 2266 ἐπὶ
446 2239 586 2274 ἀσφαλοῦς
609 2238 713 2274 καὶμὴ
738 2239 785 2265 ἐπὶ
799 2239 915 2273 ψάμμου

997 1354 1044 1383 47.
1064 1355 1148 1391 lgitur
1164 1354 1238 1382 nulla
1253 1362 1349 1383 vocum
1362 1355 1530 1390 pedestrium
1559 1360 1640 1391 atque
1653 1356 1751 1383 huma-

960 1409 1057 1429 narum
1083 1401 1116 1428 ad
1129 1400 1214 1428 Deum
1245 1399 1302 1429 tolli
1315 1401 1425 1437 poterit,
1442 1402 1506 1435 nisi,
1530 1407 1662 1436 quantum
1690 1400 1749 1428 ﬁeri

959 1450 1057 1482 potest,
1084 1447 1156 1475 inter
1180 1453 1244 1475 eum
1273 1451 1301 1475 et
1323 1454 1372 1475 nos
1389 1451 1575 1484 congruenter
1589 1451 1747 1475 astruatur.

958 1493 1021 1522 Haec
1043 1500 1108 1520 vero
1133 1500 1177 1521 res
1192 1497 1368 1528 comparatur
1380 1494 1436 1529 regi
1458 1494 1517 1529 qui,
1540 1493 1644 1522 divitiis
1662 1493 1751 1521 abun-

959 1539 1026 1567 dans
1045 1543 1071 1566 et
1085 1539 1150 1566 luxu
1174 1539 1367 1575 resplendens,
1388 1544 1491 1567 vestem
1507 1539 1595 1567 induit
1619 1539 1746 1574 exiguam

958 1585 990 1613 ad
1009 1590 1113 1613 certum
1130 1585 1222 1612 ﬁnem.
1239 1585 1293 1613 Sed
1310 1593 1360 1613 cur
1386 1593 1441 1613 non
1454 1585 1542 1614 dicam
1560 1585 1644 1614 Deum
1668 1585 1750 1613 ctiam

959 1636 1094 1667 pastorem
1124 1631 1198 1660 dici?
1231 1636 1259 1659 et
1292 1632 1365 1667 quod
1390 1632 1481 1666 parvis
1513 1631 1596 1659 rebus
1629 1632 1751 1659 animum

960 1677 1136 1712 applicuerit,
1161 1678 1232 1706 sicut
1256 1678 1279 1705 is
1296 1678 1343 1713 qui
1373 1678 1399 1705 in
1424 1677 1585 1713 Evangelia,
1604 1678 1752 1712 nonaginta

959 1731 1057 1752 novem
1093 1724 1191 1752 ovibus
1225 1724 1327 1752 relictis
1346 1743 1354 1757 ,
1382 1724 1461 1758 quasi
1497 1724 1676 1759 spiritualiter
1706 1730 1753 1750 cas

961 1774 1095 1805 pasceret.
1127 1770 1160 1798 ad
1188 1778 1248 1798 eam
1275 1770 1461 1805 reperiendam
1476 1777 1537 1805 quae
1558 1770 1659 1797 amissa
1683 1773 1752 1801 erat,

960 1823 990 1844 se
1005 1817 1195 1851 aceinxit;ant
1215 1817 1286 1845 sicut
1302 1817 1482 1851 architectus,
1496 1816 1647 1844 secundum
1670 1815 1752 1842 illud:

963 1862 1019 1890 Nisi
1054 1863 1185 1890 Dominus
1211 1863 1387 1891 aediﬁcaverit
1418 1863 1551 1896 domum;
1579 1867 1609 1889 ut
1645 1862 1755 1890 doceret

963 1908 990 1935 in
1017 1909 1076 1936 solo
1095 1909 1184 1942 firmo,
1206 1917 1294 1944 nequc
1306 1917 1370 1937 vero
1391 1909 1420 1938 in
1449 1917 1545 1943 arena,
1563 1909 1754 1938 aedificandum

963 1963 1035 1989 esse;
1052 1959 1099 1983 aut
1119 1960 1213 1983 custos
1238 1956 1314 1984 urbis
1334 1964 1395 1991 quae
1421 1957 1481 1984 sine
1504 1957 1563 1991 ipso
1576 1957 1646 1984 male
1662 1960 1757 1984 emto-

963 2001 1080 2035 diretur;
1104 2006 1150 2028 aut
1173 2001 1275 2028 vinitor
1297 2006 1325 2028 ut
1347 2002 1374 2029 in
1391 2001 1530 2037 Scriptura
1542 2009 1619 2029 sacra
1630 2001 1756 2037 legimus;

965 2053 1011 2075 aut
1045 2048 1117 2075 sicut
1148 2048 1365 2083 paterfamilias,
1400 2053 1429 2076 ut
1465 2048 1577 2076 ibidem.
1608 2047 1635 2075 Si
1665 2053 1756 2075 autem

968 2101 1022 2122 non
1039 2101 1137 2129 reapse
1160 2095 1290 2129 piscator,
1315 2094 1362 2122 sed
1385 2094 1432 2130 qui
1448 2094 1538 2129 pisces
1563 2094 1696 2129 capiendo
1711 2093 1758 2120 de-

965 2141 1082 2169 lectatur
1095 2145 1206 2175 propter
1220 2141 1367 2175 discipulos
1388 2140 1434 2175 qui
1450 2140 1529 2167 istam
1545 2145 1629 2168 artem
1647 2145 1759 2167 strenue

966 2191 1170 2220 exercuerunt;
1188 2193 1238 2213 nec
1255 2185 1353 2213 mirum
1372 2186 1394 2214 si
1407 2186 1475 2213 alios
1489 2194 1587 2213 munus
1599 2187 1657 2221 ejus
1672 2186 1759 2212 hono«

968 2241 1030 2261 rare
1046 2234 1151 2266 docuit,
1171 2234 1229 2260 sive
1247 2232 1300 2265 leo,
1315 2233 1373 2260 sive
1386 2233 1477 2268 aquila
1495 2233 1656 2268 appelletur,
1669 2240 1684 2259 e
1700 2232 1760 2267 qui-

119 2287 275 2321 οἰκοδομεῖν
289 2295 295 2302 ·
316 2286 363 2312 καὶ
377 2285 465 2320 φύλαξ
482 2285 509 2311 δὲ
527 2284 641 2317 πόλεως,
659 2284 692 2319 ἦν
708 2283 789 2310 αὐτοῦ
810 2285 848 2318 μὴ
864 2293 898 2317 φυ

969 2279 1020 2307 bus
1037 2279 1083 2306 ille
1103 2279 1212 2314 quidem
1237 2278 1339 2305 animal
1364 2283 1494 2306 terrestre
1509 2278 1624 2305 rationis
1649 2286 1757 2311 expers,

121 2334 270 2364 λάσσοντος
282 2353 290 2366 ,
307 2333 346 2363 είς
364 2332 452 2367 μάτην
470 2330 658 2365 ἀγρυπνοῦσιν
685 2332 710 2357 οἱ
728 2330 814 2364 αὐτῆς
829 2330 916 2364 φύλα-

123 2389 184 2412 κες·
201 2380 249 2407 καὶ
265 2378 456 2414 ἀμπελουργὺς
476 2377 515 2410 δὲ,
532 2378 604 2404 κατὰ
622 2377 672 2412 τὴν
688 2377 732 2404 ἐπ’
745 2377 821 2412 αὐτῷ
835 2376 916 2410 ἁγίαν

125 2427 254 2462 θεωρίαν*
270 2424 456 2458 εὐαγγελικῶς
469 2424 496 2449 δὲ
511 2424 559 2450 καὶ
570 2424 774 2458 οἰκοδεσπότης.
790 2425 819 2451 Ei
833 2424 860 2450 δὲ
878 2424 916 2459 μὴ

122 2473 173 2500 καὶ
192 2472 284 2503 ἁλιεὺς
302 2471 476 2506 αὐτόχρημα,
491 2469 549 2496 ἀλλ’
561 2467 608 2496 οὖν
625 2469 781 2504 φιλοαλιεύς
796 2469 840 2496 διὰ
853 2470 916 2500 τοὺς

125 2518 252 2554 μαθητὰς
265 2519 291 2545 οἳ
306 2518 353 2553 τὴν
368 2518 496 2551 τοιαύτην
507 2516 605 2551 τέχνην
621 2514 651 2542 εὖ
665 2516 737 2551 μάλα
747 2516 916 2550 ὴσκήσαντο·

127 2566 226 2594 καινὸν
237 2564 264 2591 δὲ
283 2564 360 2590 οὐδὲν
373 2562 556 2598 φιλιώσασθαι
568 2562 648 2589 αὐτὸν
664 2563 720 2593 τοῖς
734 2561 795 2588 κατ’
813 2561 918 2595 ἅνθρω-

122 2619 179 2638 nov
196 2610 226 2636 τὸ
243 2609 415 2644 φιλοτίμημα
440 2607 495 2634 τῶν
513 2607 595 2633 αὐτοῦ
610 2606 722 2642 χειρῶν,
744 2607 768 2632 εί
785 2607 831 2632 καὶ
848 2606 918 2632 λέων

124 2656 177 2683 καὶ
197 2655 275 2686 ἀετὸς
288 2654 404 2688 ἐκλήθη,
420 2653 451 2680 τὸ
470 2652 519 2688 μὲν
537 2654 568 2678 ἐκ
597 2651 652 2678 τῶν
667 2651 737 2678 κατά
754 2651 806 2686 γῆν
823 2651 853 2677 οὐ
872 2651 918 2678 λο-

122 2702 228 2737 γικῶν,
245 2701 276 2726 τὸ
299 2700 328 2726 δὲ
356 2701 388 2726 ἐκ
406 2699 460 2725 τῶν
488 2698 589 2733 ἀερίων
605 2697 818 2732 δεξιωσάμενος.
841 2697 873 2723 Τί
888 2698 918 2724 δὲ

125 2756 176 2784 μοι
191 2748 239 2774 καὶ
253 2746 350 2778 ταῦτα,
367 2746 392 2771 εί
408 2746 456 2771 καὶ
476 2744 586 2777 σκώληξ
601 2744 676 2778 αὐτῴ
696 2743 736 2774 εἰς
756 2743 854 2778 κλῆσιν
870 2743 919 2768 οὐκ

123 2792 305 2828 ἀπηξίωται;
323 2790 452 2825 γινώσκει
474 2790 501 2816 δὲ
517 2790 531 2816 ό
547 2790 640 2822 αὐτὸς,
658 2790 706 2816 καὶ
719 2789 800 2825 νηδὺν
818 2788 921 2824 [11905-

121 2848 175 2866 νου
191 2838 303 2874 Μητρδς
327 2837 440 2869 ὑποδὺς,
466 2837 513 2862 καὶ
531 2836 630 2872 βρέφος
646 2835 750 2862 ἐκεῖθεν
765 2835 858 2867 ἐκδὺς,
874 2836 922 2861 καὶ

973 2328 1030 2354 lucc
1057 2325 1242 2353 evolatilibus
1271 2331 1378 2360 sumpta
1401 2330 1470 2353 erat.
1495 2324 1565 2357 Quid
1595 2330 1698 2357 autem,
1737 2324 1760 2351 si

969 2378 1088 2397 vermetn
1108 2370 1258 2403 elegisset?
1275 2369 1332 2396 ΙΙοο
1347 2375 1437 2397 autent
1466 2370 1525 2404 ipse
1564 2369 1662 2402 novit;
1698 2377 1759 2395 cum

971 2418 1046 2444 cnim
1067 2417 1093 2443 in
1128 2415 1223 2444 Matris
1250 2415 1370 2451 Virginis
1399 2420 1506 2442 uterum
1542 2415 1676 2448 intraret,
1698 2422 1761 2442 eum

969 2467 1047 2497 partu
1062 2462 1124 2489 inde
1133 2462 1258 2489 edcrctur
1270 2466 1297 2489 et
1313 2462 1339 2488 in
1357 2461 1470 2496 praescpi
1487 2465 1679 2496 reponeretur,
1703 2461 1761 2488 haec

969 2509 1060 2536 omnia
1073 2509 1221 2536 secundum
1234 2515 1343 2535 carnem
1366 2507 1488 2542 quidem,
1502 2507 1548 2535 sed
1567 2515 1645 2535 more
1668 2508 1762 2535 divino

969 2560 996 2581 et
1017 2555 1081 2582 fecit
1097 2559 1123 2581 et
1137 2554 1209 2581 tulit.
1230 2554 1263 2581 Et
1289 2553 1362 2580 sicut
1384 2559 1511 2580 naturam
1539 2553 1687 2580 humanam
1713 2561 1761 2588 pro

969 2604 1074 2630 viribus
1089 2608 1120 2628 ac
1134 2601 1267 2636 dignitate
1284 2600 1401 2632 ornavit,
1429 2608 1462 2628 eo
1508 2608 1607 2635 nempe
1631 2601 1763 2635 temporis

970 2652 1108 2675 momento
1137 2655 1190 2682 quo
1217 2645 1379 2675 incarnatus
1403 2650 1455 2678 est,
1482 2646 1522 2674 sic
1537 2646 1668 2673 humanis
1696 2653 1764 2679 quo-

971 2702 1024 2730 que
1042 2693 1200 2721 nominibus
1219 2699 1250 2719 ac
1277 2691 1390 2720 vocibus
1408 2691 1560 2727 appellatus
1604 2695 1655 2718 est.
1688 2691 1763 2723 Αὼιι)

975 2741 1049 2767 enim
1077 2747 1125 2774 pro
1152 2739 1230 2766 nobis
1260 2738 1420 2766 humiliatus
1443 2743 1484 2766 est
1513 2738 1545 2765 ad
1574 2737 1688 2765 salutem
1713 2743 1762 2762 no-

977 2795 1076 2822 stram,
1093 2793 1123 2815 ut
1140 2792 1201 2822 post
1224 2787 1440 2814 incarnationem
1473 2789 1613 2818 peccatum
1630 2787 1656 2809 (ιι
1681 2783 1764 2808 malc-

979 2834 1062 2862 dictio
1078 2833 1195 2860 audiret.

121 2889 157 2914 ἐν
183 2886 271 2920 φάτνῃ
288 2884 448 2917 ἀνατεθεὶς,
465 2883 511 2910 καὶ
534 2883 670 2910 ἀκόλουθα
694 2885 726 2918 τῇ
743 2883 814 2909 κατὰ
832 2883 921 2917 σάρκα
941 2881 1032 2916 φύσει,
1058 2881 1091 2907 τὰ
1118 2880 1168 2916 μὲν
1184 2880 1299 2915 ποιήσα;
1317 2877 1487 2913 Θεοπρεπῶς,
1525 2875 1559 2902 τὰ
1581 2875 1608 2901 δὲ
1634 2875 1680 2900 καὶ
1711 2881 1765 2898 πει-

121 2933 195 2966 Οὼν,
213 2934 259 2959 καλ
275 2932 318 2959 διὰ
334 2932 444 2959 πάντων
459 2931 507 2966 τὴν
523 2930 696 2966 ἀνθρωπείαν
718 2930 800 2965 φύσιν
816 2930 958 2965 κοσμήσας
973 2949 981 2962 ,
999 2928 1093 2962 ὥσπερ
1118 2928 1146 2953 ὲν
1174 2926 1211 2960 τῷ
1248 2924 1410 2960 προσλαϐεῖν
1443 2921 1524 2948 αὑτὸν
1556 2921 1602 2946 τον
1637 2920 1763 2954 ἀναμάρ-
