1952 3076
102 146 154 177 5G5

498 151 538 183 lN
562 152 731 183 HYMNUM
746 152 1076 186 PENTECOSTALEM
1093 154 1326 186 DAMASCENI.

1683 154 1735 187 56.6

102 206 316 242 ὲπαναστήμασι
337 207 481 243 γηλόφων,
498 210 546 236 καὶ
558 210 690 245 δένδροις,
706 211 722 247 ἢ
736 211 862 246 θάμνοις,
879 212 895 248 ἢ

955 214 1302 248 importuneﬁequlescere
1330 219 1373 240 me
1393 212 1465 245 sine,
1489 219 1524 240 ne
1536 211 1627 240 denuo
1648 216 1673 239 te
1687 219 1736 239 ex-

101 251 248 284 ἀκάνθαις,
266 255 314 279 καὶ
332 254 434 290 ἑτέρως
448 255 476 282 δὲ
494 255 645 288 πολυειδῶς
667 258 828 290 ἀνέσταται,
845 259 895 286 καὶ

101 296 188 329 οὕτως
215 299 377 334 ἐπιτηδείως
407 301 520 336 βέϐηκε.
551 302 649 330 Πολλοὶ
675 304 730 338 γὰρ
746 303 805 339 ὅροι
821 304 894 331 καθὰ

102 343 149 369 καὶ
178 343 319 380 μιλιασμοὶ
341 346 388 373 καὶ
405 346 490 378 λίθοις
506 349 764 384 παρασημειοῦνται
777 349 894 381 εἰκαίοις

102 390 277 424 ἀνεστηκόσι,
301 391 349 418 καὶ
366 393 454 421 κίοσιν
471 393 501 421 εὖ
526 395 725 430 ἀπεξεσμένοις
747 396 794 423 καὶ
813 396 894 432 βεϐη-

102 435 179 462 κόσιν
205 437 249 463 ἐπ’
270 438 427 473 ἀσφαλοῦς,
456 440 502 467 καὶ
531 441 683 477 πλατύτητι
709 442 833 470 ἁϐακίων
859 443 892 470 ὶκ

104 483 271 518 μαρμάρων,
287 481 328 516 οἷς
350 486 397 512 καὶ
412 486 568 522 γράμματα
590 487 791 516 ἑντετύπωται.
804 488 887 522 Ἀλλ’,

103 526 125 555 ὧ
143 530 244 564 ἀδελφὲ
272 530 372 567 ὀχληρὲ
386 553 394 564 ,
418 533 486 567 ἄφες
509 542 543 568 με
567 535 705 570 ήσυχάσαι
722 535 768 562 τοῦ
785 535 893 569 λοιποῦ,

105 576 142 610 μὴ
159 576 207 603 καὶ
220 577 388 613 ἁνακὰμψας
403 579 444 611 εἰς
459 579 541 607 πλέον
557 581 680 616 ὲντρέψω
701 590 741 614 σε,
761 582 892 618 φαινόμε-

104 630 149 648 νον
169 623 304 655 ἀπαξιοῦν
324 624 362 659 μὴ
389 625 430 652 ὅτι
455 634 487 659 γε
503 627 550 653 τὸν
570 627 709 662 βεϐηκότα
731 628 794 663 ὅρον
809 636 894 663 προσο

104 668 252 702 αρμόττειν
270 669 310 704 τῷ
328 671 436 706 Σωτῆρι
461 672 585 708 Χριστῷ,
600 673 670 700 ἀλλὰ
695 673 732 709 μὴ
749 674 798 711 καὶ
812 673 896 709 ἄλλην

947 259 1040 291 citem,
1054 259 1100 294 qui
1117 259 1264 286 terminum
1280 258 1393 286 Christo
1420 257 1556 286 Salvatori
1593 257 1738 292 lnjungere

948 311 1003 332 non
1017 305 1060 332 vis
1090 310 1117 332 et
1140 312 1294 332 sermonem
1318 304 1462 332 sublimem
1477 308 1505 332 et
1531 310 1657 332 severum
1674 309 1737 338 pro-

948 350 1097 384 nuntiare;
1114 357 1130 379 o
1157 351 1258 386 quibus
1284 358 1357 379 unus
1375 355 1418 379 est
1438 351 1551 379 verbum
1566 350 1639 385 quod
1677 349 1737 384 ipse

947 404 1027 424 suum
1042 396 1117 429 fecit,
1134 397 1202 425 alter
1218 396 1315 425 Filius.
1329 397 1395 430 Quae
1409 397 1521 427 nomina
1535 397 1569 424 ab
1581 396 1737 424 hominibus

946 443 973 470 in
994 442 1040 471 Dei
1067 442 1167 471 Filium
1194 443 1291 471 collata
1305 444 1327 471 si
1349 448 1376 471 tu
1393 443 1556 479 exprobras,
1576 450 1631 470 non
1646 442 1734 470 solum

946 489 1019 517 Deus
1040 492 1067 518 te
1079 489 1255 528 demeutavit,
1273 490 1320 517 sed
1344 490 1480 518 daemones
1492 496 1611 525 quoque.
1621 489 1668 523 qui
1687 488 1738 516 sub

948 534 1002 564 illis
1017 535 1286 564 denominationibus
1302 535 1358 563 Deo
1372 535 1509 564 serviliter
1523 535 1640 571 subjecti
1654 539 1729 567 sunt,

948 586 1047 609 contra
1058 586 1084 609 te
1099 582 1242 618 insurgent
1251 591 1260 617 ;
1277 587 1304 610 et
1316 583 1356 611 sie
1383 582 1522 611 terminus
1550 582 1619 610 tlxus
1647 581 1738 609 Patris

950 627 1036 655 Filius
1056 635 1072 655 a
1107 629 1226 656 termino
1259 633 1339 657 terrae
1367 628 1452 657 inﬁxo
1473 628 1608 656 dicendus
1637 626 1738 655 erit.E

948 678 1022 702 terra
1038 675 1110 702 enim
1125 683 1170 703 res
1185 675 1335 703 et'nomina
1353 675 1472 711 plurima
1500 674 1667 703 oﬂ‘eruntur.

105 715 134 748 ἐξ
159 717 307 753 ἀνθρώπου
335 719 410 753 λέξιν
425 719 493 756 ὕψος
517 721 635 757 ἔχουσαν
659 723 706 750 καὶ
725 723 897 758 σεμνότηται
918 720 956 750 ὦν
981 723 1029 759 μία
1057 725 1107 759 μὲν
1133 725 1147 751 6
1173 724 1272 760 λόγος,
1287 725 1321 752 δν
1337 725 1405 762 ὑπὲρ
1437 726 1502 758 τοὺς
1528 723 1625 755 ἄλλους
1658 722 1740 753 αὺτδς

105 765 273 801 ᾠκειώσατο,
287 768 369 804 ἑτέρα
384 770 399 795 6
414 769 488 801 Υἱός·
511 769 529 797 ἃ
549 771 582 806 δὴ
603 770 724 807 ὀνόματα
738 772 768 804 ἐξ
782 772 934 806 ἀνθρώπων
948 773 995 800 ἐπὶ
1018 772 1063 800 τὸν
1075 773 1139 800 Υιὸν
1152 773 1200 801 τοῦ
1234 774 1302 800 Θεοῦ
1336 774 1493 811 ὡρμημένα
1528 775 1608 811 εἴπερ
1637 773 1740 805 ἐθέλεις

107 812 281 846 μέμψασθαι,
299 815 329 841 οὑ
356 816 438 850 μόνον
458 817 577 850 ὲξώλεσέ
604 826 646 844 σοι
669 819 773 853 φρένας
788 819 869 851 αὐτὸς
899 821 913 847 6
932 820 1010 854 Θεὸς,
1048 821 1117 848 ἀλλὰ
1147 823 1381 858 καταγενήσονταί
1407 832 1454 851 σου
1484 823 1532 850 καὶ
1560 823 1585 850 οῐ
1614 822 1740 857 δαίμονες

104 858 237 910 τοιούτοις
253 860 369 910 ὀνόμασι
393 862 570 910 σεμνύνοντες
585 863 716 893 δουλικῶς
728 863 775 910 τδν
793 865 871 892 Θεόν·
891 866 939 893 καὶ
952 866 1024 893 οὕτω
1044 868 1094 902 μὲν
1111 868 1174 903 ὅρος
1190 868 1316 903 βεϐηκὼς
1330 869 1377 896 τοῦ
1392 869 1498 905 Πατρὺς
1508 871 1522 897 ὁ
1538 870 1603 903 Υῑδς
1627 870 1657 904 ἐξ
1675 871 1740 906 ὅρου

105 907 154 931 τοῦ
171 907 235 942 περὶ
251 907 303 942 γῆν
321 908 471 943 βεϐηκότος
499 909 606 945 λέγοιτο
625 910 674 938 ἄν·
691 911 720 944 ἐξ
733 907 767 948 ἧς
780 911 832 947 γῆς
848 912 896 939 καὶ
912 911 980 940 ἄλλα
997 913 1047 940 οὐκ
1062 913 1141 948 ὀλίγα
1175 913 1214 950 τῷ
1255 914 1315 950 Θεῷ
1335 915 1509 943 ἀνατίθενται
1533 916 1628 952 ὥσπερ
1650 918 1739 952 πράγ-

108 961 192 989 ματα,
203 953 275 980 οὕτω
291 954 337 981 καὶ
355 955 488 990 ὀνόματα.

142 1006 195 1030 ναν.
218 1003 252 1029 'H
273 1003 301 1030 δὲ
327 1004 539 1040 γαληνόμορφος
569 996 679 1041 καρδία,
710 1007 744 1041 ἣν
767 1006 781 1033 6
805 1006 900 1042 Σωτὴρ

991 1007 1036 1036 51.
1052 1006 1108 1035 Cor
1119 1015 1249 1036 serenum
1267 1009 1341 1044 quod
1356 1009 1488 1037 Salvator.
1497 1012 1586 1037 tentat
1600 1013 1628 1038 et
1642 1017 1742 1037 terum-

107 1049 250 1083 εὐφραίνει
265 1051 439 1086 τεταγμένην
453 1051 509 1077 εἴτε
525 1052 683 1086 πεφυκυῖαν
693 1051 782 1085 ἄλλως
797 1053 827 1080 ἐν
842 1053 900 1085 τοῖς

106 1096 206 1128 δεινοῖς
220 1097 417 1132 ταράσσεσθαι,
441 1097 595 1125 κάντεῦθεν
622 1098 660 1134 μὴ
685 1099 822 1134 γαληνῶν,
850 1099 900 1127 οὑκ

108 1142 184 1169 ἐστιν
203 1143 285 1169 ἄλλου
310 1143 383 1175 τινὸς
404 1143 486 1179 ἢτοῦ
514 1144 659 1180 θεοφιλοῦς
686 1144 845 1180 ἀνθρώπου·
871 1146 900 1178 ὃς

107 1189 324 1224 εὐφραινόμενος
336 1189 387 1224 τὴν
404 1189 534 1225 καρδίαν,
549 1190 637 1224 γλυκὺ
653 1190 734 1222 Θάλος
749 1192 900 1226 προσώπου

108 1237 181 1264 κατὰ
197 1238 242 1264 τὸν
270 1238 478 1273 παροιμιαστὴν
503 1238 709 1274 προϐέϐληται⁹
737 1240 847 1272 πάντως
873 1240 902 1268 δὲ

108 1283 215 1319 γαλήνη
231 1284 349 1319 καρδίας
373 1284 522 1320 ἀπαλλαγὴ
551 1285 649 1312 πασῶν
674 1286 825 1320 φροντίδων
854 1286 902 1314 καὶ

110 1329 256 1365 μεριμνῶν
274 1330 391 1357 ἀλλοίων
407 1339 437 1357 τε
459 1331 507 1358 καὶ
522 1332 625 1364 ὁπόσας
639 1332 668 1364 ἐξ
690 1331 830 1368 ὲπηρειῶν
848 1332 903 1359 τῶν

109 1376 274 1411 ὁθενδήποτε
304 1376 448 1412 πάσχομεν
473 1377 624 1412 ἄνθρωποι·
651 1377 680 1411 ἐξ
703 1374 741 1404 ὧν
764 1376 903 1413 κορυφοΰι-

111 1431 183 1458 μενα
199 1422 312 1457 κύματα
329 1423 358 1449 ὲν
375 1423 441 1458 ἡμῖν
458 1422 505 1450 καῖ
529 1424 703 1458 ταράσσοντα
718 1423 791 1450 κατὰ
810 1423 853 1455 τὺ,
872 1423 904 1449 τι

109 1469 313 1504 τεταραγμένοι
342 1469 404 1495 ἐστὲ
425 1468 612 1504 διαλογισμῶν
629 1469 774 1502 ἀναϐάσει,
791 1469 841 1496 ὅσα
857 1469 904 1496 καὶ

109 1515 243 1549 κυμάτων
267 1514 420 1548 ἀνατάσει,
446 1515 697 1551 καταστορέννυται
719 1516 760 1547 εἰς
788 1516 905 1551 πραεῖαν

111 1561 247 1595 γαλήνην,
262 1560 331 1587 Θεοῦ
354 1561 514 1592 κελεύοντος
540 1562 588 1588 καὶ
609 1561 696 1593 οὕτως
712 1561 905 1597 εὖφραίνοντος

110 1607 140 1633 ὲν
153 1606 193 1640 τῷ
207 1606 278 1642 ὑπὲρ
292 1606 370 1641 ἡμῶν
389 1606 537 1642 μεριμνᾷν.
557 1605 644 1641 Δῆλον
657 1606 687 1633 δὲ
703 1606 742 1638 ὡς
758 1606 787 1633 οὐ
808 1607 906 1642 ψευδο-

111 1653 233 1688 γαλήνην
255 1652 372 1679 ἐνταῦθα
396 1653 472 1687 δηλοῖ
487 1654 504 1688 ἡ
522 1653 747 1688 γαληνὸμορφος,
772 1654 840 1681 καθὸ
859 1654 906 1688 δη-

111 1699 181 1734 λαδὴ
202 1699 383 1734 μορφᾶζουσα
402 1699 522 1735 ἠρεμίαν
538 1700 589 1726 οὐκ
608 1699 666 1726 ἐστι
691 1699 830 1734 γαλήνιος.
848 1700 904 1728 ἀλλ’

112 1745 150 1776 ὡς
167 1744 240 1772 οὕτω
265 1745 350 1780 φάναι
378 1744 577 1781 γαληνοειδής·
596 1744 656 1772 ἀλλ’
672 1745 766 1780 ἐπειδὴ
789 1745 906 1779 μάλιστα

112 1791 168 1818 τῶν
189 1791 277 1818 ἄλλων
299 1791 390 1828 μερῶν
416 1791 464 1818 τοῦ
482 1791 609 1826 σώματος
624 1793 641 1827 ἡ
659 1791 721 1818 κατ’
734 1791 795 1826 ΰψιν
813 1791 907 1827 μορφὴ

114 1838 252 1866 Θάλλουσα
275 1839 451 1874 καταμηνύει
476 1838 583 1873 χαίρειν
609 1838 654 1864 τὸν
682 1838 837 1873 ἄνθρωπον,
858 1838 907 1864 καὶ

113 1885 205 1920 ψυχῆς
221 1885 372 1921 χαιρούσης
390 1885 522 1920 ἓνοπτρον
535 1884 567 1911 τὸ
580 1884 718 1919 γαληνιῶν
738 1885 888 1920 πρόσωπον
898 1905 905 1916 ,

113 1930 158 1957 διὰ
182 1930 262 1958 τοῦτο
287 1930 501 1965 γαληνόμορφον
532 1929 584 1965 ἔφη
609 1929 660 1964 τὴν
689 1929 816 1964 καρδίαν,
835 1926 870 1965 ἦς
891 1929 907 1963 ἡ

115 1977 190 2013 χαρὰ
217 1976 265 2003 τοῦ
293 1976 444 2012 προσώπου
469 1975 607 2011 ὲξανίσχει
634 1975 804 2010 λάμπουσα,
821 1976 909 2009 χυμὸν

115 2023 345 2060 προϐαλλομένης
363 2023 452 2058 φίλιον
479 2023 527 2050 καὶ
555 2021 784 2057 παραφαινούσης
810 2021 911 2057 ἑαυτὴν

116 2072 156 2103 ῶς
175 2071 216 2102 εἰς
231 2070 329 2102 κάλλος
344 2070 462 2105 πρωΐνὺν
481 2068 678 2104 ῥοδοδάκτυλον
689 2077 696 2084 ι
715 2068 762 2094 καὶ
781 2067 869 2099 ἄλλως
882 2067 911 2094 δὲ

112 2119 166 2152 τῆς
194 2117 302 2153 μορφῆς
339 2119 378 2149 εἰς
409 2117 493 2151 φύσιν
531 2115 816 2150 μεταλαμϐανομένης
852 2114 908 2144 τοῖς

113 2164 281 2198 ἁγιωτάτοις
310 2163 460 2198 Πατράσιν·
495 2163 582 2188 εἰπεῖν
609 2161 637 2188 δὲ
664 2161 725 2187 κατ’
750 2161 849 2192 αὐτοὺς
871 2161 910 2192 είς

113 2212 166 2246 τὴν
180 2211 314 2245 ἀλήθειαν
331 2211 374 2245 εἴη
400 2210 433 2237 ἂν
450 2209 550 2244 καρδία
566 2209 779 2247 γαληνὸμορφος
795 2209 811 2243 ἡ
830 2208 911 2243 φύσει

114 2258 164 2284 καὶ
190 2257 299 2293 ἀληθῶς
318 2256 480 2292 γαληνιῶσα
499 2256 546 2283 διὰ
570 2256 600 2281 τὸ
617 2256 657 2287 είς
681 2255 763 2282 αὐτον
787 2255 832 2281 τὸν
845 2255 911 2282 Θεὸν

114 2304 295 2339 εὖφροσύνως
313 2302 538 2338 ἐλλιμενίσασθαι
551 2310 557 2318 ·
575 2299 604 2328 οὗ
623 2302 639 2336 ἡ
659 2302 722 2327 κατ’
740 2301 912 2337 εὐφροσύνην

952 1054 994 1082 nis
1026 1053 1121 1090 objicit
1147 1054 1184 1082 ita
1212 1058 1242 1082 ut
1259 1055 1286 1082 in
1305 1055 1517 1089 trepidationem
1544 1055 1635 1089 abeat,
1655 1063 1742 1091 penes

951 1101 1027 1136 pium
1043 1105 1150 1129 tantum
1165 1101 1327 1136 invenitur;
1345 1101 1389 1129 hic
1412 1103 1487 1130 enim
1513 1101 1655 1130 ltetiticans
1682 1102 1743 1130 ani-

952 1154 1040 1179 mum,
1069 1147 1222 1175 secundent
1256 1147 1455 1182 Ecclesiasten,
1477 1147 1583 1175 vultum
1615 1154 1742 1176 serenum

953 1197 1099 1222 monstrat.
1118 1193 1199 1222 Certe
1216 1194 1353 1223 serenitas
1381 1193 1474 1222 cordis
1499 1201 1630 1222 curarum
1647 1197 1673 1221 et
1689 1193 1744 1221 sol-

953 1236 1127 1265 licitudinum
1145 1237 1297 1266 absentiam
1325 1238 1428 1273 quibus
1453 1239 1585 1267 mortales
1608 1243 1744 1267 vexantur

954 1288 1099 1312 monstrat.
1115 1283 1201 1312 Undae
1214 1283 1286 1312 enim
1301 1291 1362 1319 quae
1374 1284 1457 1312 corda
1473 1289 1565 1313 vestra
1580 1284 1745 1319 perturbant

953 1334 980 1358 et
994 1334 1112 1358 mentem
1132 1330 1265 1366 trepidam
1283 1330 1399 1363 faciunt,
1416 1335 1480 1366 post
1505 1335 1695 1366 tempestatem
1711 1331 1743 1358 ad

954 1376 1178 1411 tranquillitatem
1194 1377 1329 1411 redeunt;
1351 1376 1423 1405 Deus
1444 1377 1516 1405 enim
1528 1377 1607 1412 jubet
1621 1381 1648 1405 et
1663 1384 1745 1405 curas

954 1427 1062 1450 vestras
1081 1429 1115 1450 ex
1137 1422 1238 1450 animis
1264 1422 1364 1450 vestris
1380 1422 1472 1458 eripit.
1503 1422 1676 1450 Manifestum
1705 1426 1747 1450 est

956 1473 1047 1496 autent
1063 1468 1136 1503 quod
1156 1468 1342 1503 tranquillitas
1360 1475 1415 1496 non
1434 1467 1644 1504 tranquillitatis
1658 1467 1744 1496 suun-

956 1515 1060 1542 lacrum
1077 1514 1189 1543 exhibet
1204 1523 1212 1549 ;
1233 1514 1324 1542 diﬂ'ert
1339 1515 1410 1543 enim
1424 1514 1496 1543 inter
1511 1515 1631 1550 speciem
1646 1518 1674 1542 et
1686 1521 1746 1541 rea-

957 1561 1072 1589 litatem.
1083 1560 1318 1595 Quemadmodum
1329 1561 1401 1588 enim
1416 1561 1488 1588 inter
1511 1565 1609 1588 caetera
1620 1559 1747 1595 corporis

958 1608 1078 1636 membra
1093 1607 1184 1635 vultus
1202 1615 1316 1636 serenus
1338 1607 1458 1635 hominis
1471 1607 1593 1635 laetitiam
1612 1606 1744 1636 ostendit.

958 1657 985 1681 et
997 1652 1226 1688 quemadmodum
1242 1651 1327 1680 facies
1347 1652 1504 1680 serenitatis
1521 1652 1667 1687 speculum
1692 1655 1746 1682 est,

958 1699 997 1728 sic
1013 1707 1060 1726 eor
1076 1699 1145 1727 dixit
1160 1706 1287 1726 serenum
1303 1698 1379 1734 cujus
1405 1698 1534 1734 gaudium
1551 1698 1578 1726 in
1595 1698 1671 1726 vultu
1703 1706 1748 1725 re-

958 1746 1100 1781 splendet;
1118 1753 1214 1773 roseus
1236 1746 1310 1773 enim
1332 1746 1356 1773 ei
1369 1745 1444 1773 color
1465 1745 1585 1778 insidet;
1602 1752 1663 1780 quas
1685 1744 1762 1779 quia

960 1794 1022 1820 dem
1041 1796 1199 1820 sanctorum
1222 1799 1331 1826 quoque
1354 1791 1464 1818 Patrum
1495 1791 1588 1826 opinio
1608 1791 1668 1823 fuit,
1683 1798 1750 1825 quo-

959 1845 1021 1864 rum
1039 1837 1181 1864 voracitati
1199 1843 1252 1863 non
1265 1836 1374 1864 resistet
1388 1836 1434 1870 qui
1449 1843 1497 1864 cor
1513 1843 1640 1864 serenum
1656 1835 1749 1867 habet,

960 1888 988 1911 et
1004 1883 1076 1918 quod
1103 1883 1130 1910 in
1155 1883 1211 1911 Deo
1240 1887 1268 1909 ut
1286 1886 1346 1910 tuto
1366 1886 1446 1917 portu
1475 1882 1609 1917 refugium
1641 1881 1751 1916 quaerit.

958 1931 995 1958 Ea
1012 1931 1084 1958 enim
1097 1938 1159 1958 vera
1176 1931 1311 1958 serenitas
1329 1937 1383 1957 non
1409 1930 1560 1964 interrupta
1576 1933 1676 1957 aeterna
1688 1929 1750 1956 erit.

959 1977 1013 2004 Cor
1028 1976 1100 2004 enim
1115 1975 1204 2004 laetum
1221 1983 1275 2003 non
1292 1983 1361 2011 opus
1384 1975 1466 2003 habet
1490 1981 1518 2003 ut
1534 1975 1624 2002 hetqu
1637 1975 1752 2007 sistatur

960 2029 987 2051 et
1002 2023 1197 2050 inﬂammatur.
1218 2021 1290 2050 Vera
1305 2023 1377 2050 enim
1406 2021 1593 2057 tranquillitas
1605 2029 1620 2049 e
1635 2021 1753 2048 termino

960 2070 1069 2098 Christo
1087 2074 1114 2097 et
1133 2069 1253 2105 genuino
1271 2068 1360 2097 Verbo
1379 2068 1469 2104 prodit
1483 2068 1556 2102 quod
1587 2068 1629 2096 vel
1650 2074 1754 2103 tempe-

966 2117 1029 2145 stati
1059 2117 1178 2151 imperat
1200 2121 1227 2144 et
1241 2115 1328 2143 undas
1355 2115 1466 2150 subigit.
1497 2114 1644 2143 Terminus
1671 2114 1754 2150 igitur

966 2163 1047 2196 tixus,
1065 2163 1178 2191 verbum
1194 2167 1282 2190 tutum
1296 2161 1373 2190 cordi
1391 2160 1616 2196 tranquillitatem
1627 2159 1754 2194 largitur.

966 2209 1033 2236 Illud
1050 2208 1124 2237 enim
1149 2208 1326 2236 serenitatem
1345 2207 1457 2240 stabilit,
1473 2211 1500 2235 et
1512 2207 1551 2235 sic
1563 2214 1659 2235 omnes
1675 2206 1756 2234 undas

967 2255 1125 2282 immobiles
1154 2254 1327 2288 redduntur;
1347 2253 1421 2281 venti
1445 2253 1523 2281 Enim
1553 2260 1586 2280 ac
1618 2260 1693 2281 mare
1708 2252 1756 2280 Dei

966 2301 1089 2336 iubentis
1107 2301 1179 2328 dicto
1205 2299 1346 2327 obedittnt.

114 2351 273 2386 γαληνότης
303 2350 511 2381 ἁκατάκλυστος
541 2349 590 2376 καὶ
627 2348 738 2384 ἀδιεχὴς
773 2349 811 2379 ὡς
842 2348 913 2384 ὑπὲρ
933 2349 1025 2375 πᾶσαν
1050 2347 1195 2382 συνέχειαν
1211 2346 1256 2373 διά
1277 2354 1307 2372 τε
1325 2347 1373 2373 καὶ
1389 2345 1499 2372 αῑώνιον
1528 2345 1612 2378 αὐτῆς
1630 2345 1676 2372 καὶ
1709 2344 1759 2371 οὗ-

114 2409 172 2432 τως
187 2398 403 2426 ἀκατάπαυστον
416 2405 424 2413 ⁸
445 2396 483 2428 ὡς
507 2395 578 2424 εἶναι
605 2395 816 2431 γαληνόμορφον
840 2395 955 2431 καρδίαν
971 2396 1001 2422 οὐ
1013 2394 1064 2430 τὴν
1080 2393 1297 2430 μορφαζομένην
1331 2393 1369 2424 ὠς
1398 2392 1439 2424 εἰς
1471 2392 1603 2427 γαλήνην,
1640 2391 1712 2419 κατὰ
1728 2387 1773 2420 τὸ,

115 2447 148 2473 ὲν
163 2446 220 2477 τοῖς
248 2445 312 2480 ἑξῆς
328 2443 555 2480 πυρσομορφοῦν,
573 2442 642 2470 ἀλλὰ
669 2442 721 2477 τὴν
738 2442 846 2477 ἀληθῶς
867 2443 1019 2477 εὐγά).ηνον
1052 2441 1097 2468 διὰ
1122 2441 1153 2468 τὸ
1188 2438 1250 2468 κατ’
1268 2436 1353 2475 αὐτὴν
1376 2438 1498 2475 βέϐαιον,
1532 2438 1600 2473 ὅπερ
1620 2437 1683 2473 ἔσχε
1714 2437 1760 2469 διὰ

115 2493 166 2520 τοῦ
184 2492 333 2528 βεϐηκότος
349 2492 414 2527 ὅρου
430 2489 552 2525 Χριστοῦ
576 2488 624 2516 τοῦ
641 2488 690 2515 καὶ
706 2488 911 2523 ἀτρεκεστάτου
931 2488 1023 2521 λόγου,
1041 2488 1090 2514 τοῦ
1116 2487 1165 2514 καὶ
1186 2485 1381 2517 ἐπιτάσσοντος
1411 2485 1444 2520 τῇ
1484 2484 1623 2518 καταιγίδι
1663 2484 1760 2519 στῆνιι1

117 2542 158 2572 εἱς
175 2537 275 2574 αὔραν,
293 2539 340 2565 καὶ
353 2537 548 2569 ταπεινοῦντος
562 2537 595 2563 τὰ
609 2536 723 2570 κύματα
735 2544 742 2552 ο
755 2535 826 2562 ὥστε
849 2535 948 2570 συνοχὴ
967 2535 1015 2570 τῆς
1049 2533 1127 2560 κατὰ,
1154 2532 1366 2568 γαληνόμορφον
1385 2531 1501 2566 καρδίαν
1526 2531 1641 2564 ἑννοίας,
1678 2532 1692 2557 6
1725 2533 1762 2557 ει-

119 2589 240 2626 ρημὲνος
254 2587 380 2623 βεϐηκὼς
395 2588 468 2621 ὅρος,
482 2587 496 2612 ὁ
512 2585 633 2621 ἀτρεκὴς
650 2586 739 2619 λόγος,
757 2585 771 2611 6
789 2584 837 2611 καὶ
853 2584 987 2617 ἐπιτάξας
1001 2583 1072 2620 προς
1084 2582 1215 2618 ἀλήθειαν
1245 2581 1293 2609 καὶ
1321 2580 1422 2608 αὐτίκα
1458 2581 1574 2616 ποιήσας
1612 2580 1762 2616 βεϐηκυῖαν

117 2634 244 2669 γαλήνην
260 2633 350 2660 εῐτουν
366 2632 514 2668 σταθερὰν,
533 2633 566 2659 δι’
587 2629 618 2659 οὗ
634 2630 830 2667 ἀτρεμίζονται
847 2631 963 2657 παντοῖα
990 2630 1119 2664 κύματα,
1141 2629 1179 2661 ὡς
1202 2629 1250 2656 καὶ
1265 2629 1319 2655 τῶν
1354 2628 1464 2663 ἀνέμων
1497 2627 1545 2654 καὶ
1577 2627 1628 2662 τῆς
1665 2625 1764 2653 θαλάσ-

120 2691 174 2715 σης
189 2681 300 2713 ὁποίους
325 2681 359 2708 ἂν
388 2681 436 2707 καὶ
461 2680 561 2712 αὐτοὺς
585 2680 633 2707 καὶ
649 2679 758 2714 εκείνην
773 2678 917 2705 ὲκλάϐοιτό
929 2676 1196 2713 τις,”ὐπακουόντων
1209 2677 1312 2705 αὐτῶν.

157 2729 209 2763 νβ’.
227 2728 264 2754 Τὸ
290 2728 318 2754 δὲ
337 2728 444 2754 ὲκτελεῖ
469 2727 518 2762 οὐχ
543 2727 636 2758 ἁπλῶς
665 2728 754 2754 κεῖται
784 2727 846 2753 ἀντὶ
870 2735 902 2753 το

955 2735 958 2753 ι
1008 2726 1053 2754 52.
1071 2725 1138 2754 Illud
1154 2725 1260 2753 ὲκτελεῐ
1275 2733 1357 2761 porro
1375 2733 1425 2761 pro
1442 2726 1516 2752 ποιεῖ
1533 2724 1653 2760 legitur;
1670 2726 1764 2758 poeta-

123 2776 208 2808 ποιεῖ,
225 2775 287 2802 ὅθεν
302 2774 393 2801 λαϐών
409 2783 451 2805 τις
481 2773 700 2808 ποιητικώτερον
728 2772 806 2800 εἷπεν
830 2773 863 2799 ἂν
887 2781 900 2799 ε

975 2780 1035 2800 rum
1061 2773 1133 2801 enim
1157 2780 1231 2801 more
1255 2780 1337 2800 sensa
1363 2772 1519 2808 exprimere
1544 2771 1639 2798 volens
1665 2768 1764 2796 melius

125 2823 210 2854 ποιεῖ,
226 2821 242 2857 ἦ
261 2822 309 2847 καὶ
333 2821 421 2852 ἄλλως
437 2821 523 2847 οὖσιοϊ
536 2819 553 2855 ἦ
567 2820 647 2855 apro!
659 2827 665 2835 '
684 2820 753 2846 ἀλλὰ
778 2819 859 2854 δῆλον
877 2820 902 2845 ὅτ

974 2821 1063 2848 οὺσιοῖ
1082 2826 1130 2848 aut
1145 2820 1224 2856 ἀρτοϊ
1242 2819 1371 2848 dixisset.
1388 2818 1441 2846 Sed
1456 2819 1516 2846 sine
1541 2817 1626 2846 dubio
1643 2823 1692 2843 eor
1721 2821 1764 2842 se:

124 2869 200 2895 ποιεῖ
229 2867 281 2902 μὲν
305 2867 421 2902 καρδίαν
436 2866 656 2901 γαληνΰμορφον,
677 2865 745 2900 πλὴν
765 2865 814 2892 οὐκ
830 2865 902 2891 ἄλλω

975 2875 1070 2895 renum
1088 2867 1186 2899 reddit,
1204 2868 1250 2895 sed
1280 2873 1342 2893 eum
1372 2864 1514 2893 sanctione
1543 2870 1604 2899 quae
1639 2860 1766 2890 homines

127 2916 197 2943 ἀλλὰ
214 2914 418 2949 τελεταρχικῶς
440 2914 487 2940 καὶ
519 2913 589 2940 κατὰ
615 2922 676 2940 τινα
704 2914 814 2949 τελετὴν
839 2913 902 2947 ἁγία

975 2913 1153 2948 perfectiores
1184 2912 1284 2941 reddit.
1317 2911 1368 2939 Ubi
1396 2910 1468 2939 enim
1501 2909 1562 2944 quis
1590 2907 1772 2941 serenitatem.
