1965 3115
251 152 300 184 571

602 152 815 182 EUSTATHII
838 151 1215 182 TIIESSALONICENSIS
1237 150 1518 182 METROPOLITrE

1825 144 1878 182 572

247 208 347 242 ignitus
372 208 398 235 in
415 208 553 244 angelicas
581 209 804 236 transformantlo
829 217 891 244 qua;
907 210 1034 237 humanis

1095 211 1138 236 ιὲν
1162 210 1293 245 σοφιστὰς
1310 210 1365 236 τῶν
1381 211 1482 243 γηΐνων
1497 229 1503 240 ,
1529 207 1567 236 ὧν
1591 207 1607 244 ἡ
1639 208 1750 242 γλῶσσα
1773 209 1879 243 διῆλθε,

247 254 349 288 linguis
373 255 528 287 superiores
556 259 669 286 essent,
702 255 802 290 quippe
827 263 887 289 qure
917 255 1035 290 Spiritus

248 300 353 335 dactylo
363 304 440 326 tactze
450 304 553 331 essent,
567 305 593 326 et
606 307 666 334 qua:
679 301 782 327 mundo
797 301 928 328 salutaria
943 305 1037 328 essent

248 345 389 378 psallemlo
418 350 588 374 resouarent.
619 351 649 372 nt
672 346 754 372 etiam
776 347 793 372 ii
825 347 903 380 quia
932 346 1036 373 sanctis

247 391 390 425 discipulis
405 391 504 418 initiati
519 397 613 418 essent
628 391 705 418 novis
732 392 835 426 linguis
860 394 1036 427 loquerentur

248 437 348 462 mirutn
369 437 396 463 in
421 437 533 464 modum
559 437 710 464 secundum
738 438 832 470 David,
859 439 957 473 linguis
975 439 1036 466 dico

246 489 314 516 quas
341 489 480 515 nunquam
508 483 674 510 didicerunt.
701 483 748 510 His
760 483 832 510 enim
852 484 952 518 linguis
967 491 1036 518 opus

245 531 305 554 erat
336 527 410 562 loqui
433 534 527 555 contra
562 536 646 556 vanos
663 549 670 561 ,
700 534 727 556 et
758 530 799 556 sic
827 529 874 556 Dei
900 529 1034 564 Spiritum

247 574 339 600 testari
361 579 388 600 et
411 574 533 602 ctelestia
556 576 736 602 annuutiare.
761 575 789 602 Si
815 577 889 603 enim
914 576 1003 603 atlteis
1019 583 1033 603 ιι

246 619 345 654 linguis
366 621 442 647 labor
463 621 645 648 etdillicultas
675 623 811 654 nascitur,
842 623 894 656 piis
912 627 1033 650 econtra

246 665 363 692 dulcedo
380 670 407 693 ιιι
421 666 472 692 mel
488 666 603 698 accedit,
619 671 649 692 ut
671 666 770 700 lingua:
794 667 970 699 antiquorum
989 673 1035 701 po-

245 711 384 744 pulorum,
405 711 503 746 quibus
522 711 566 738 lux
585 712 717 738 immensa
740 719 854 740 accensa
871 717 954 739 estet
976 720 1036 746 qua:

246 757 272 782 in
287 764 378 784 aerem
397 757 532 789 ascendit,
547 757 657 792 pessimi
679 757 750 792 regis
767 758 792 784 in
809 758 953 789 auxilium.
971 762 1037 786 sunt

248 803 398 830 liumiliatze
424 804 451 830 in
477 804 603 832 miserias
633 804 695 831 vitae
720 804 858 832 humanae.
891 803 1036 832 Prmsentis

246 856 337 876 autem
353 850 415 877 festi
435 850 532 885 linguae
553 855 580 878 et
603 850 649 885 qui
675 851 709 878 iis
732 851 876 878 illuminati
894 856 959 878 sunt
980 851 1035 879 Deo

247 903 340 930 regunt
357 894 423 930 Regi
439 903 469 923 se
482 896 659 923 addixerunt.
684 895 828 924 Trinitatis
845 897 917 924 enim
945 897 1035 933 ignem

245 941 398 973 continent.
429 942 475 976 qui
510 949 553 969 res
583 947 692 970 exteras
719 950 773 969 non
799 943 946 970 comburit.
965 943 1034 976 Quia

246 988 319 1014 enim
334 995 395 1014 cum
411 992 491 1015 vvnto
517 988 635 1016 violento
649 988 765 1023 desuper
788 989 872 1021 venit,
895 997 948 1017 non
967 990 1038 1018 sicut

247 1034 349 1061 tonitru
366 1040 393 1062 et
410 1039 505 1061 centra
522 1035 606 1070 legem
622 1035 773 1062 naturalem
792 1035 818 1062 in
836 1036 943 1071 linguas
957 1035 1033 1062 llam-

248 1088 323 1108 meas
343 1080 456 1114 incidit;
474 1081 520 1108 sed
546 1081 682 1108 illuminat
705 1086 731 1109 et
755 1082 862 1116 perficit
888 1082 986 1108 mirum
1010 1084 1036 1109 in

248 1127 358 1154 modum
383 1134 431 1154 cos
457 1127 503 1161 qui
523 1127 562 1154 sic
587 1127 632 1154 illa
659 1128 720 1154 luce
741 1128 846 1162 praediti
870 1128 992 1161 fuerunt,
1010 1134 1038 1156 et

248 1179 378 1208 tanquam
395 1178 477 1200 vento
490 1173 610 1200 violento
627 1174 674 1208 qui
694 1173 814 1207 Spiritus
833 1175 919 1201 sancti
942 1175 1036 1201 virtuti

248 1219 328 1250 inest.
348 1220 380 1246 ad
395 1219 502 1247 Patrem
522 1219 655 1246 luminum
673 1220 809 1254 perducit.

1090 257 1238 291 προσφυῶς
1262 257 1359 287 εἰπεῖν,
1379 256 1423 282 ἐπὶ
1447 255 1499 289 τῆς
1525 254 1576 289 γῆς
1603 255 1742 289 ἀπήγαγε·
1758 255 1822 286 τοὺς
1834 255 1881 280 οὖ-

1089 301 1262 336 ρανομὺστας
1277 302 1306 328 δὲ
1320 302 1366 328 xui
1379 301 1563 336 θεορῤήτορας
1577 300 1782 334 ἀντεισαγαγὼν
1792 302 1881 336 Exuri-

1090 348 1208 382 ρησίασε
1226 347 1418 380 γλωσσόκομον
1437 367 1443 377 ,
1471 344 1529 374 οἷον
1554 347 1646 378 αὐτοῖς
1669 347 1832 381 παραφήνας
1850 346 1881 372 τὸ

1089 392 1261 427 πυρίμορφον
1291 392 1394 418 ἐκεῖνον
1431 391 1533 426 νέφος,
1564 393 1613 417 xui.
1640 391 1881 425 ﬂventauto;6_00t;

1088 439 1225 472 γλώσσαις
1252 439 1290 470 ὡς
1311 435 1367 465 οἷον
1391 438 1420 464 ἐν
1445 438 1513 474 πυρὶ
1531 438 1581 469 τὰς
1596 438 1710 464 ἐκείνων
1734 437 1880 471 στομώσας

1090 484 1137 511 καὶ
1166 485 1344 519 ἐμπυρεύσας
1366 484 1456 518 ἁγνῶς
1485 485 1525 515 είς
1551 483 1711 517 ἁγγιλικὰς,
1732 483 1769 514 ὡς
1792 483 1880 515 ὑπερ-

1091 529 1193 562 δάντας
1209 530 1335 564 γλῶσσαν
1351 531 1462 558 ἃπασαν
1479 530 1529 564 τὴν
1545 529 1606 556 κατ’
1624 529 1778 564 ἄνθρωπον,
1794 528 1880 562 ἀγγέε

1090 577 1143 602 λων
1159 575 1296 610 γλώσσαις
1309 576 1411 608 λαλεῖν,
1426 575 1644 610 ψηλαφωμέναις
1657 574 1780 608 δακτύλῳ
1792 574 1881 600 [lycti-

1092 631 1187 658 ματος,
1198 623 1244 648 xui.
1260 622 1427 657 ψαλλούσαις
1442 623 1489 649 καὶ
1497 622 1669 657 ἀπηχοὺσαις
1683 622 1717 648 τὰ
1732 621 1770 656 τῷ
1783 621 1880 655 κόσμῳ

1090 669 1224 704 σωτήρια·
1242 668 1286 695 ῐνα
1297 668 1344 694 καὶ
1360 669 1384 694 οί
1399 667 1442 694 διὰ
1457 668 1511 694 τῶν
1526 667 1612 701 ἁγίων
1628 666 1756 702 μαθητῶν
1775 675 1879 700 μυστα-

1089 714 1260 748 γωγούμενοι
1285 714 1438 740 λαλούντων
1472 713 1610 748 γλώσσαις
1629 714 1749 744 καιναῖς,
1772 713 1881 745 λέγοιεν

1091 761 1159 796 μετὰ
1175 760 1314 794 Θαύματος
1332 761 1364 786 ἐκ
1379 760 1434 786 τῶν
1449 759 1497 787 τοῦ
1518 759 1600 786 Δαόὶδ
1618 758 1742 793 γλώσσας
1763 757 1880 784 ἀκοῦσαι

1089 806 1122 838 ἃς
1139 806 1224 839 ἔγνων
1237 805 1365 832 οὐδέποτε
1378 814 1384 821 ·
1399 806 1447 832 xui
1466 806 1505 837 ὼς
1521 806 1605 840 ἐχρῆν
1629 805 1699 832 κατὰ
1717 804 1771 830 τῶν
1786 804 1879 838 λήρων

1089 852 1285 886 γλωσσαλγιῶν
1310 851 1437 886 γλώσσας
1459 851 1560 881 ταύτας
1583 850 1691 882 ἐνθέους
1719 849 1882 884 πεμφθῆναι

1088 899 1118 925 οὐ
1153 897 1365 932 δυσπραγοὺσας
1394 897 1499 930 ἀλγεῖν,
1528 896 1598 923 ἀλλὰ.
1633 894 1882 929 τεθεραπευμένους

1089 945 1226 978 λαχούσας
1254 943 1364 970 λαλεῖνθ
1387 944 1435 969 xui.
1457 943 1494 974 ὡς
1514 943 1569 974 τοῖς
1591 941 1640 976 μὲν
1673 941 1764 972 ἀθέοις
1789 941 1876 970 κόπος

1089 992 1139 1018 καὶ
1156 990 1236 1019 πόνος
1253 989 1305 1016 ὑπὸ
1318 990 1377 1020 ταῖς
1389 988 1538 1022 γλώσσαις,
1551 989 1608 1018 τοῖς
1620 987 1648 1014 δὲ
1660 986 1761 1016 ἐνθέοις
1771 985 1884 1020 ἥδυσμα

1090 1037 1160 1071 ὑπὲρ
1178 1036 1260 1071 μέλι,
1291 1037 1337 1061 καὶ
1363 1035 1401 1066 ὡς
1427 1034 1456 1061 αἱ
1479 1034 1528 1068 μὲν
1560 1032 1697 1067 σύμφυλοι
1726 1033 1782 1062 τοῖς
1798 1031 1884 1057 παλαι

1090 1083 1177 1114 λαοῖς,
1206 1082 1253 1108 καὶ
1273 1082 1333 1112 ταῖς
1353 1080 1413 1107 τότε
1440 1080 1538 1114 φυλαῖς
1565 1079 1710 1113 γλῶσσαι,
1730 1077 1775 1103 ὅτε
1803 1077 1884 1111 καὶὴ

1090 1129 1190 1164 μικροῦ
1215 1128 1314 1154 δέουσα
1343 1127 1606 1161 πεντηκοντάπηχυς
1631 1125 1768 1158 ὲξανῆπτο
1796 1123 1884 1156 φλὸξ,

1088 1177 1137 1202 καὶ
1156 1176 1196 1206 εἰς
1228 1174 1326 1209 αἰθέρα
1352 1173 1518 1208 ἐφιλονείκει
1544 1172 1690 1206 ἀναϐῆναι,
1706 1171 1838 1205 βασιλέως
1855 1179 1885 1196 τε

1087 1219 1159 1256 ἦσαν
1173 1220 1318 1253 κακίστου,
1338 1220 1386 1246 καὶ
1409 1219 1486 1246 κάτω
1511 1218 1661 1253 συρόμεναι
1678 1217 1724 1244 xui.
1740 1217 1884 1257 ταττειναὶ⁹

249 1267 296 1293 xui
312 1267 378 1302 χοῦν
391 1266 526 1300 συρφετοῦ
543 1265 670 1300 βιωτικοῠ
693 1266 868 1301 κατέχουσαι·
886 1266 934 1302 τῆς
947 1267 975 1294 δὲ
989 1266 1036 1293 νῦν
1053 1267 1150 1301 ἑορτῆς
1167 1267 1194 1292 αἱ
1208 1267 1330 1299 γλῶσσαι
1346 1266 1393 1292 xui.
1408 1265 1465 1292 ὅσοι
1480 1265 1509 1291 δὲ
1545 1264 1701 1298 σοφίζονται
1723 1263 1757 1290 δι’
1792 1263 1884 1290 αὐτῶν

248 1313 296 1339 τοῦ
321 1313 394 1341 πάνυ
420 1316 523 1349 ἀγαθοῦ
549 1317 748 1351 παμϐασιλέως
765 1316 833 1343 Θεοῦ
852 1318 1006 1350 πεφύκασιν
1021 1324 1028 1332 ·
1048 1316 1073 1343 οἳ
1111 1317 1158 1343 καὶ
1183 1316 1247 1351 περὶ
1271 1315 1326 1349 πῦρ
1359 1314 1451 1350 ἔχουσι
1465 1313 1546 1340 τοῦτο
1568 1312 1749 1348 στρεφόμενοι
1768 1312 1883 1348 Τριαόι-

248 1361 307 1392 κὸν,
325 1361 386 1388 οὗτε
403 1364 467 1394 τοὺς
484 1364 558 1395 ἐντὸς
578 1365 662 1391 αὐτοῦ
687 1365 786 1398 φλέγον
801 1365 864 1392 οὔτε
884 1365 1034 1397 πλαγιάζον
1055 1366 1102 1391 xui.
1127 1365 1258 1399 ἐκτρέχον
1274 1365 1313 1395 εἰς
1329 1362 1496 1398 ἐμπρησμὸν
1509 1361 1563 1388 τῶν
1578 1361 1669 1395 πέριξ,
1691 1358 1722 1387 οὗ
1753 1360 1784 1387 τὸ
1819 1369 1883 1387 και-

250 1408 362 1434 νῆτατον
389 1410 435 1435 καὶ
460 1409 500 1436 ὅτι
527 1410 630 1437 ἄνωθεν
650 1410 845 1445 κατασχῆπτόν
862 1411 931 1444 μετὰ
950 1410 1040 1445 βιαίας
1060 1410 1157 1445 πνοῆς,
1177 1410 1208 1437 οὺ
1235 1410 1380 1444 κεραύνιον
1396 1408 1526 1442 ἐμπίπτει
1562 1407 1720 1434 ἀποπάλλον
1754 1406 1883 1442 μερισμῴ

253 1454 398 1490 παραδόξῳ
415 1454 541 1488 γλώσσας
556 1456 685 1490 φλογέας,
699 1456 768 1482 ἀλλὰ
781 1455 895 1490 φωτίζει
910 1456 958 1482 καὶ
972 1456 1100 1483 ἀποτελεῖ
1120 1455 1276 1489 θαυμάσιον
1299 1455 1329 1481 τὸ
1355 1455 1417 1486 τοὺς
1452 1454 1525 1480 οὕτω
1555 1453 1742 1488 φωτισθέντας
1776 1453 1811 1479 δ.’
1834 1453 1881 1479 uia-

249 1500 297 1527 τοῦ
323 1501 542 1536 ἁναρπάζεσθαι,
560 1502 597 1534 ὡς
623 1501 667 1529 διὰ
693 1502 850 1538 πνεύματος
876 1501 965 1537 βιαίου
992 1502 1041 1537 τῆς
1061 1502 1131 1528 κατὰ
1147 1502 1177 1528 τὸ
1195 1501 1273 1537 ἅγιον
1302 1500 1415 1536 Πνεῦμα
1429 1499 1582 1535 δυνάμεως,
1599 1500 1640 1530 εἰς
1655 1500 1739 1526 αὑτὸν
1773 1499 1806 1535 δὴ
1837 1500 1885 1526 τὸν

253 1549 364 1585 Πατέρα
382 1549 438 1576 τῶν
452 1551 561 1584 φώτων.

290 1594 331 1622 57.
353 1594 447 1623 Restat
465 1595 518 1623 illis
536 1594 671 1630 nobisque
686 1596 777 1624 dicere
796 1597 935 1631 quomodo
955 1595 1037 1623 dictio
1052 1599 1074 1628 α

250 1640 412 1675 symbolice,
430 1640 513 1667 Deum
530 1648 591 1667 esse
606 1636 697 1675 ignem
711 1661 717 1673 ,
733 1649 785 1667 non
805 1649 818 1667 a
832 1641 902 1668 mala
917 1641 1041 1676 plicenicc

251 1686 438 1720 dcsntnptnm,
457 1693 510 1713 non
524 1694 557 1713 eo
577 1694 664 1721 usque
697 1686 842 1714 Dominum
876 1687 1040 1713 omniscinm

251 1732 424 1770 perduxisse.
453 1737 483 1760 ut
501 1733 595 1760 missis
613 1733 714 1767 linguis
741 1734 829 1767 igneis
856 1741 938 1768 super
962 1733 1040 1759 disci-

255 1778 334 1812 pulos
347 1785 412 1804 suos
429 1777 565 1804 viviﬁcam
580 1776 698 1811 Spiritus
714 1779 800 1805 sancti
816 1778 944 1805 virtutem
962 1784 1042 1812 opere

252 1823 356 1851 visibili
376 1828 402 1850 et
423 1823 495 1857 quod
519 1827 637 1850 utentem
664 1824 903 1857 superuaturalem
920 1824 1041 1856 denotet,

253 1870 395 1897 iudicaret.
421 1868 498 1896 Unde
531 1869 726 1903 cognoscimus
751 1877 907 1897 sermonem
934 1877 1043 1904 quoque

253 1916 431 1950 apostolicum
450 1915 559 1949 igneum
580 1915 711 1946 evasisse,
729 1920 757 1941 et
781 1915 854 1948 quod
875 1915 982 1949 fulgura
1002 1923 1043 1942 ra-

254 1963 329 1989 tione
354 1961 488 1996 spiritnali
520 1961 653 1994 apostolis
678 1961 787 1988 conlitus
812 1961 937 1989 immissa
969 1966 1042 1994 sunt,

253 2015 315 2042 quae
341 2008 423 2041 impie
449 2007 591 2034 audientes
615 2014 668 2033 non
687 2007 719 2033 ad
738 2011 847 2034 cantum
871 2008 1038 2034 excitarunt.

254 2053 306 2080 Per
323 2052 431 2086 fulgura
454 2055 543 2078 autem
569 2058 623 2077 non
651 2050 816 2085 simpliciter
833 2052 949 2078 tonitru.
963 2059 1044 2079 voces

255 2099 451 2126 subaudiendw
470 2101 570 2128 erunt,
593 2097 688 2131 quales
710 2096 823 2123 aliunde
844 2097 1023 2131 cognovimus
1036 2116 1043 2129 ,

256 2145 302 2172 sed
332 2143 434 2170 tonitru
462 2143 520 2169 lilii.
540 2142 656 2168 Tonitru
676 2143 749 2168 enim
772 2143 928 2176 impellente
949 2148 976 2169 et
994 2143 1045 2177 ipsi

255 2194 284 2217 et
305 2194 367 2225 post
389 2190 463 2224 ipsos
490 2187 613 2222 magistri
634 2188 718 2214 locuti
743 2192 827 2220 sunt;
855 2197 909 2222 quo
934 2189 1044 2223 quidem

256 2244 337 2265 sensu
350 2240 377 2263 et
393 2234 512 2262 Joannes
528 2234 630 2260 tonitru
649 2234 733 2265 ﬁlius,
758 2235 830 2261 sicut
844 2239 871 2261 et
896 2234 987 2268 fulgur
1005 2235 1045 2262 di-

255 2283 348 2309 vinum
370 2282 452 2308 istius
474 2281 576 2307 tonitru
603 2280 715 2308 eﬁ‘ectus
739 2285 792 2313 est,
813 2281 875 2315 quia
892 2289 946 2307 non
964 2282 1044 2308 modo

257 2329 310 2355 vita
326 2327 379 2355 Deo
395 2327 476 2363 digna
493 2334 540 2362 per
557 2326 742 2360 virginitatem
761 2326 873 2360 elfulsit,
898 2326 945 2354 sed
960 2327 1042 2354 etiam

257 2374 410 2408 tlteoIOgico
442 2380 537 2400 sensu.
572 2372 600 2400 Si
639 2377 729 2399 autem
760 2372 861 2406 lingua
891 2372 1043 2399 secundum

258 2425 352 2456 gentes
383 2420 482 2455 linguis
508 2423 709 2454 opponuntur,
741 2419 900 2453 apostolica:
935 2426 1046 2453 quoque

257 2462 322 2500 non,
348 2467 420 2494 sicut
440 2467 542 2493 dictum
568 2470 622 2497 est,
651 2464 790 2492 ebrietatis
816 2464 930 2491 eﬂectus
957 2465 1044 2496 fuere,

257 2514 358 2547 quippe
370 2516 425 2546 quo
439 2512 617 2546 spiritualiter
633 2516 658 2539 et
673 2511 835 2538 barmoutce
853 2510 925 2538 inter
938 2519 967 2538 se
982 2518 1048 2538 con-

257 2559 373 2593 spirant.
399 2558 488 2591 Quare
509 2565 571 2592 quze
590 2557 710 2592 desuper
735 2562 801 2584 sum
829 2557 938 2592 lingua},
965 2559 1049 2591 igneae

258 2604 390 2631 habendae
402 2608 478 2631 sunt.

1125 1594 1173 1627 νζ,
1192 1595 1269 1621 Ἔστι
1293 1593 1322 1620 δὲ
1348 1594 1396 1620 καὶ
1420 1593 1535 1624 ἐκείνοις
1562 1593 1610 1620 καὶ
1629 1593 1695 1629 ἡμῖν
1714 1592 1817 1627 λέγειν,
1834 1594 1884 1620 καὶ

1094 1641 1132 1672 ὡς
1149 1641 1181 1667 τὸ
1199 1639 1372 1674 συμϐολικῶς
1390 1639 1439 1673 μὲν
1464 1639 1656 1674 γεγραμμένον
1682 1638 1738 1673 πῦρ
1753 1636 1825 1665 εἶναι
1840 1639 1886 1665 τὸν

1093 1687 1170 1718 Θεὸν,
1185 1686 1215 1712 ού
1232 1686 1324 1717 καλῶς
1339 1686 1368 1712 δὲ
1383 1685 1519 1720 ἐκληφθὲν
1543 1685 1581 1719 τῷ
1602 1685 1748 1718 κακοσόφῳ
1770 1685 1886 1718 φοίνικι,

1093 1734 1124 1765 ἐς
1134 1732 1264 1760 τοσοῦτον
1277 1733 1325 1759 οὐκ
1340 1732 1469 1767 ἐνέτρεψε
1492 1733 1538 1758 τὶν
1561 1731 1701 1766 πάνσοφον
1719 1731 1835 1766 Κύριον,
1850 1732 1888 1762 ὡς

1095 1780 1149 1806 ίδοὺ
1174 1780 1220 1806 xui.
1237 1779 1372 1813 γλώσσαις
1399 1779 1527 1813 πυρίναις
1551 1778 1664 1809 ταύταις
1690 1778 1890 1812 ὲπιπεμπομί-

1094 1834 1155 1856 ναις
1172 1826 1227 1855 τοῖς
1245 1824 1329 1851 αὐτοῦ
1349 1824 1494 1858 μαθηταῖς,
1510 1824 1559 1858 τὴν
1576 1823 1707 1856 ζωοποιὺν
1731 1823 1779 1850 τοῦ
1806 1824 1888 1857 ἁγίου

1096 1871 1254 1905 Πνεύματος
1277 1870 1451 1906 παραδηλοῦν
1474 1869 1592 1904 δύναμιν
1617 1869 1664 1896 καὶ
1684 1869 1830 1904 ἐνέργειαν
1847 1871 1891 1896 αἰ-

1096 1917 1188 1951 σθητῷ
1205 1916 1298 1951 σεμνῷ
1314 1917 1458 1951 πράγματι
1474 1915 1678 1950 παραδηλοῦντι
1693 1916 1784 1949 νόημα
1801 1916 1891 1948 ὑπερ-

1095 1962 1161 1996 φυές
1173 1969 1179 1976 ·
1198 1962 1232 1988 δι’
1250 1959 1280 1989 οὗ
1300 1961 1563 1996 καταλαμϐάνομεν,
1579 1963 1627 1988 xui.
1641 1962 1679 1993 ὡς
1695 1959 1742 1988 οἷα
1767 1962 1892 1996 πυρίνην

1095 2008 1191 2034 λαλιὰν
1207 2008 1377 2042 γενήσεσθαι
1386 2008 1436 2042 τὴν
1452 2008 1648 2042 ἁποστολικήν*
1665 2007 1713 2034 xu“.
1730 2008 1768 2038 ὡς
1783 2007 1892 2043 ἀστρα-

1097 2055 1146 2080 παὶ
1162 2053 1265 2088 νοητῶς
1288 2053 1526 2088 πληθυνθήσονται
1542 2053 1634 2080 θεόθεν
1646 2053 1704 2085 τοῖς
1721 2053 1806 2088 ἱεροῖς
1822 2054 1892 2080 ἀπιο-

1097 2100 1220 2132 στὸλοις,
1239 2099 1429 2134 ταράσσουσαι
1455 2097 1602 2132 ψαλμικῶς
1629 2099 1693 2130 τοὺς
1725 2098 1764 2133 μὴ
1787 2098 1891 2129 ὲνθέως

1096 2145 1291 2179 ἀκρωομένους
1302 2152 1309 2159 ο
1325 2144 1354 2171 ut
1367 2144 1400 2176 δὴ
1416 2144 1558 2179 ἀστραπαὶ
1568 2144 1690 2177 λέγοιντο
1705 2143 1738 2171 ἂν
1753 2143 1785 2170 οὐ
1802 2145 1893 2178 φωναὶ

1097 2190 1190 2221 ἁπλῶς
1207 2189 1335 2224 βροντῆς,
1351 2189 1450 2215 ὁποίαν
1466 2189 1558 2216 ἄλλοθι
1578 2189 1713 2223 ἔγνωμεν,
1727 2189 1800 2215 ἀλλὰ
1812 2189 1895 2224 βρον-

1097 2235 1147 2269 τῆς
1166 2235 1288 2269 ἐκγονοι’
1307 2234 1481 2269 βροντολάλοι
1495 2236 1549 2269 γὰρ
1567 2235 1614 2261 καὶ
1631 2235 1710 2261 αὺτοὶ
1723 2235 1773 2262 xui.
1788 2236 1814 2261 οἱ
1833 2235 1893 2270 μετ’

1097 2281 1200 2312 αὐτοὺς
1216 2281 1390 2307 διδάσκαλοι⁸
1410 2282 1494 2316 ὁποίῳ
1522 2281 1594 2316 λόγῳ
1617 2283 1664 2307 καὶ
1687 2281 1702 2307 ὁ
1729 2281 1896 2316 θεολογικῶ-

1099 2335 1182 2359 τατος
1205 2326 1331 2361 Ἰωάννης
1357 2326 1470 2362 βροντῆς
1498 2327 1571 2359 υἱὸς,
1600 2327 1696 2354 καθότι
1725 2328 1774 2354 καὶ
1803 2329 1895 2359 ἔνθεος

1102 2373 1231 2407 ἀστραπὴ
1246 2372 1374 2406 τοιαύτης
1392 2372 1505 2407 βροντῆς
1519 2373 1642 2407 ἔκγονος,
1657 2372 1701 2400 διὰ
1714 2373 1744 2400 τὺ
1758 2373 1896 2409 ἐξαστρὰ-

1099 2419 1149 2452 ψαι
1166 2418 1197 2444 οὺ
1223 2419 1302 2453 μόνον
1329 2419 1476 2453 θεοπρεπεῖ
1500 2419 1632 2454 φανότητι
1651 2419 1710 2453 βίου
1730 2419 1776 2446 διὰ
1794 2421 1900 2456 παρθε-

1101 2465 1171 2498 νίας,
1197 2465 1266 2492 ἀλλὰ
1296 2465 1344 2492 καὶ
1371 2465 1531 2498 θεολογικῶς
1546 2473 1552 2479 “
1571 2467 1595 2492 εί
1618 2466 1646 2492 δὲ
1664 2465 1789 2500 γλῶσσαι
1808 2468 1901 2501 γλώσ-

1101 2519 1162 2542 σαις
1179 2512 1205 2537 αι
1223 2511 1294 2537 κατὰ
1305 2511 1368 2545 ἔθνη
1384 2511 1561 2542 ἁντίκεινται,
1577 2512 1644 2538 ἀλλὰ
1658 2512 1686 2538 αἱ
1702 2512 1900 2546 ἀποστολικαὶ,

1103 2558 1127 2584 εἰ
1151 2557 1199 2584 xui.
1216 2557 1288 2583 κατὰ
1305 2557 1351 2584 τὸν
1367 2557 1454 2590 οὕτως
1475 2558 1588 2584 εἰπόντα
1606 2558 1670 2592 δίχα
1694 2558 1850 2592 φρονέουσι
1866 2561 1901 2593 τῷ

1062 2269 1082 2296 D

1102 2602 1175 2629 κατὰ
1201 2603 1312 2638 δόκησιν
1341 2603 1426 2638 uti.qu
1456 2604 1682 2639 παρακούσματι,
1710 2604 1806 2636 ἄλλως
1836 2605 1901 2639 γοῦν

260 2650 457 2686 συμφωνοῦσιν
479 2651 581 2677 ἐκεῖναι
606 2651 812 2686 πνευματικῶς,
830 2651 878 2677 καὶ
895 2651 933 2682 εἰς
955 2651 984 2677 ἓν
1017 2651 1153 2686 ἁρμονίας
1180 2651 1327 2686 ἕρχονται⁹
1353 2653 1398 2678 ὅτε
1422 2651 1470 2678 καὶ
1492 2649 1527 2687 ἦν
1551 2660 1627 2683 τινας
1662 2651 1769 2687 λεγειν,
1805 2652 1849 2685 ὡς
1876 2655 1900 2681 αἱ

262 2698 313 2734 μὲν
329 2697 434 2724 ἄνωθεν
456 2696 589 2730 γλῶσσαι,
603 2697 726 2731 γλῶσσαι
742 2695 854 2730 πυρός.’

296 2741 341 2770 58.
363 2741 442 2775 Quod
466 2748 530 2768 vero
556 2741 622 2775 ipsa:
636 2747 798 2775 operantur,
825 2747 878 2767 non
895 2740 977 2775 ignis,
994 2748 1049 2768 non

262 2788 380 2824 fulgoris
397 2791 444 2815 aut
460 2795 552 2815 rerum
567 2788 594 2815 in
610 2787 714 2814 mundo
731 2787 871 2822 igncarum
889 2794 957 2821 opus
973 2791 1049 2819 sunt,

264 2835 312 2863 sed
330 2835 399 2863 lucis
417 2835 549 2870 spiritalis
573 2841 650 2862 more
668 2834 781 2868 angelos
795 2833 944 2867 symbolice
962 2838 1050 2860 trans-

266 2881 366 2915 ﬁgurat
379 2891 387 2915 ;
401 2889 483 2915 quam
495 2881 541 2916 qui
556 2880 648 2914 habet,
663 2888 717 2908 non
739 2880 830 2907 lumen
846 2883 888 2907 cst
903 2878 1047 2913 singulari-

1141 2743 1192 2775 vr,’.
1211 2741 1244 2767 Ὀ
1260 2740 1288 2767 δὲ
1311 2741 1392 2768 αὑταὶ
1411 2741 1551 2773 ποιοῦσιν,
1563 2741 1593 2768 οὺ
1616 2741 1704 2775 πυρὸς
1728 2742 1828 2776 ἔργον,
1845 2743 1900 2770 oili:

1107 2787 1264 2822 ἀστραπῆς,
1281 2787 1336 2813 οὐδ’
1355 2788 1443 2814 ἄλλων
1478 2787 1565 2814 ὁπόσα
1599 2788 1676 2822 πυρά
1701 2789 1776 2816 εἰσιν
1805 2791 1838 2816 ὲν
1867 2789 1900 2823 τῷ

1107 2832 1214 2866 κόσμῳ,
1233 2832 1330 2866 φλογὸς
1347 2832 1374 2859 δὲ
1390 2833 1496 2867 νοερᾶς,
1520 2833 1599 2859 ὁποία
1615 2833 1662 2859 καὶ
1678 2833 1744 2865 τοὺς
1767 2835 1902 2868 ἀγγέλους

1106 2878 1204 2904 οὕκίιυν
1232 2879 1367 2911 εἰδοποιεῖ,
1387 2878 1454 2906 ἀλλὰ
1476 2878 1699 2912 συμϐολογραφεῖ
1712 2897 1720 2911 ,
1736 2878 1772 2911 ἣν
1802 2881 1816 2906 ὁ
1835 2880 1902 2911 ἑγων
