1965 3115
139 183 191 214 573

531 187 574 217 IN
592 187 765 218 llYMNUM
786 188 1112 220 PENTECOSTALEM
1137 191 1365 221 DAMASCENI.

1709 192 1762 226 574

135 240 196 267 οὕτε
217 241 274 274 φῶς
289 243 345 269 ἐστι
363 245 532 279 καταμόνας,
548 246 610 273 οὗτε
626 247 688 279 νοῦς
702 248 716 274 ό
737 247 837 283 τυχὼν,
855 248 923 275 ἀλλὰ

981 253 1029 282 ter,
1051 258 1138 284 neque
1163 251 1330 282 intcllcctus,
1355 250 1400 278 sed
1422 257 1499 277 mens
1518 249 1629 277 lucifera
1648 258 1663 278 e
1682 251 1761 278 Patre

137 288 281 323 φωσφόρος
296 289 357 321 νοῦς
380 290 426 317 τοῦ
446 291 501 317 τῶν
526 292 623 326 φώτων
645 293 751 327 Πατρδς
768 295 923 321 ἀποπαλλό-

138 343 228 368 μενος,
243 336 291 361 καὶ
318 337 351 371 τῇ
372 336 434 364 κατ’
452 337 597 373 ἄνθρωπον
619 341 793 375 φωτοφανεὶᾳ
810 340 923 375 ἑνούμε-

136 389 191 411 νος,
207 381 254 408 καὶ
268 383 467 417 προσεπαύξων
481 385 531 420 τὴν
544 385 605 412 κατ’
619 386 699 413 αὐτὸν
711 388 861 422 ἐνέργειαν,
877 389 924 414 καὶ

136 426 166 458 ἐξ
182 427 357 464 ἀνθρωπίνης
376 431 534 465 μεταποιῶν
561 433 613 464 εἰς·
624 432 701 459 θείαν
716 433 763 460 καὶ
781 434 924 460 ἀποστολι-

136 473 198 507 κὴν,
221 473 268 499 καὶ
292 474 352 501 οἵαν
376 476 413 510 μὴ
442 476 635 513 φαντάζειν,ἢ
657 480 720 510 τοὺς
740 479 834 514 ἁγίους
859 481 926 506 ἀπο-

138 518 258 550 στόλους,
277 520 293 550 ἢ
309 521 373 552 τοὺς
390 521 590 555 ἀποστολικοὺς
604 524 644 556 εἰς
668 524 766 560 ὲρμᾶς,
790 524 858 553 ἀλλὰ
878 526 925 553 καὶ

137 565 176 595 είς
191 566 271 600 φύσιν
285 567 353 594 Θεοῦ
368 568 546 605 θερμότερον,
563 570 608 597 ἵνα
623 571 690 603 Θεὺς
702 571 770 598 θεῶν
783 571 854 599 οὕτω
870 572 925 599 τῶν

138 611 296 638 ἀποστόλων
321 614 335 639 ὁ
350 614 450 649 Κύριος
476 616 593 650 λέγοιτο,
612 618 625 643 ὁ
649 617 698 644 σὺν
722 617 761 651 τῷ
778 613 925 652 πληθύνειν

138 657 246 690 ὁράσεις
274 659 337 686 ποτὲ
369 661 475 694 σεμνῶς
501 663 675 696 πυροέσσας,
701 664 854 698 ἐμφανίσας
877 665 924 692 νῦν

139 704 183 727 καὶ
213 703 340 736 γλώσσας
356 707 472 739 πυρίνας
500 709 540 738 εἰς
571 709 723 744 μυστήριον
737 730 744 743 ,
760 710 925 745 ἐκπλήττειν

139 748 197 783 ἅμα
214 750 261 775 καὶ
288 751 409 784 σοφίζειν
434 754 498 785 τοὺς
517 753 681 789 ξητητικοὺς
707 754 856 788 δυνάμενος
869 765 875 772 ·
894 754 925 784 οὗ

140 795 168 821 τι
193 796 359 829 ἁξιάγαστον
377 799 502 826 ἐπελθεῖν
529 800 747 835 βραχυλογικῶς,
770 802 842 829 οὕτω
858 812 925 837 συμ-

140 841 365 876 6οὶογραφεῖται,
381 845 453 871 καθὰ
473 845 568 880 ψάλλει
590 847 603 872 ὁ
617 847 744 881 μελῳδός·
765 849 924 883 Πνεῦματος

141 887 190 921 μὲν
206 887 252 914 τοῦ
279 889 432 922 ἁγιιιιτάτου
453 890 587 924 σύμεολον
612 893 628 927 ἡ
653 893 744 928 πνοή·
761 894 790 919 τὸ
809 894 836 920 δὲ
864 895 924 921 κατ’

139 934 223 968 αὐτὴν
246 935 345 969 βίαιον,
364 936 413 971 τὴν
440 937 545 964 ἐκείνου
570 938 682 972 δύναμιν
709 939 862 974 ὑπογράφει
886 941 923 971 ὡς

137 979 205 1006 Θεοῦ
230 981 285 1006 τῶν
313 981 474 1016 δυνάμεων·
491 983 521 1008 τὸ
546 983 575 1010 δὲ
592 983 650 1018 πῦρ
673 982 703 1010 τὸ
728 985 773 1010 καὶ
794 985 923 1020 φλογερὸν

138 1025 196 1059 ἅμα
217 1026 264 1051 καὶ
280 1027 443 1061 φωτιστικὸν
458 1028 506 1061 τῆς
525 1028 651 1063 θεότητος
664 1037 671 1044 ·
694 1026 731 1056 ὧν
745 1031 761 1065 ἠ
785 1031 923 1065 προχεὶρι-

139 1078 180 1101 at;
204 1071 272 1106 πρὸς
300 1072 334 1098 τὰ
361 1072 551 1106 ὑποκείμενα,
573 1074 599 1099 αι
626 1074 652 1100 δὲ
678 1074 800 1108 γλῶσσαι
828 1076 923 1109 σοφίας

979 296 1114 323 lttmitttttn
1140 297 1319 332 progrediens
1341 301 1368 323 et.
1396 296 1587 324 illtttuinatiOui
1610 297 1759 324 secundum

981 342 1121 369 hominem
1151 343 1241 369 addita
1265 348 1291 369 et
1315 343 1458 369 facultates
1483 343 1629 377 adaugens,
1649 351 1716 377 quas
1727 350 1759 369 ex

980 388 1107 415 humanis
1124 389 1149 415 in
1169 389 1274 415 divinas
1293 393 1319 415 et
1334 389 1509 423 apostolicas,
1521 386 1576 414 into
1591 389 1617 414 itt
1633 393 1756 415 ttatnrant

983 434 1030 461 Dei
1047 434 1208 462 caltdiorcm
1231 435 1420 466 transformat,
1446 439 1475 461 ut
1497 434 1566 461 Deus
1590 434 1703 461 dcoruttt
1720 434 1759 461 sic

977 481 1164 515 apostolorum
1196 480 1326 508 Dominus
1359 485 1518 513 vocaretur,
1558 480 1603 515 qui
1641 480 1759 506 visiones

977 527 1068 561 igneas
1090 527 1281 561 multiplicare,
1294 531 1321 553 et
1337 534 1407 553 nunc
1421 526 1527 560 linguas
1547 527 1644 560 ignitus
1658 526 1685 552 itt
1702 533 1759 559 my-

975 572 1068 600 steriis
1085 572 1273 604 manifestare,
1284 579 1330 599 eos
1343 578 1432 599 autent
1445 572 1493 607 qui
1509 572 1582 599 circa
1597 571 1761 606 quaestiones

977 622 1121 645 versantur
1137 625 1294 652 permovere
1310 622 1337 645 et
1349 618 1382 645 ad
1402 622 1521 644 tnetttem
1534 617 1664 644 reducem
1676 616 1760 647 valet;

977 663 1056 699 cujus
1082 663 1225 695 miracula,
1243 668 1272 690 ut
1289 663 1407 690 breviter
1423 663 1525 694 dicam,
1550 662 1698 698 symbolice
1721 669 1762 689 re-

977 713 1187 744 prmsentantur,
1206 714 1234 736 ut
1250 714 1326 743 poeta
1336 713 1443 736 cantat:
1457 707 1574 742 Spiritus
1591 707 1675 734 sancti
1691 714 1764 740 synt-

977 756 1068 783 bolum
1083 760 1195 787 ventus;
1211 755 1289 788 cujus
1309 761 1390 788 porro
1408 754 1463 780 vim
1482 753 1552 780 sicut
1565 753 1611 779 Dei
1628 753 1758 779 virtutum

976 801 1114 836 exprimit,
1126 802 1213 833 ignem
1225 805 1316 827 autem
1331 799 1519 826 fulminantem
1537 803 1564 825 et
1579 788 1759 825 illustraittem

977 847 1128 875 divinitatis
1147 854 1216 880 opus
1239 845 1359 878 exhibet,
1384 845 1463 880 cujus
1489 847 1630 879 praesentia
1666 844 1698 870 ad
1719 851 1762 871 res

979 897 1126 928 praesentes
1142 898 1260 927 spectat,
1276 897 1301 918 et
1313 899 1366 926 qua
1385 891 1411 917 in
1439 898 1467 916 re
1482 891 1581 925 linguae
1597 890 1759 924 sapientiam

979 940 1098 966 indicant
1114 947 1121 971 ;
1150 938 1228 972 cuius
1242 938 1323 964 etiam
1351 937 1441 972 abyssi
1463 936 1533 970 apud
1552 936 1634 963 Deum
1649 935 1760 962 ﬂumina

978 985 1013 1013 iis
1038 984 1122 1011 llttnttt
1154 984 1199 1019 qui
1213 983 1275 1010 inde
1301 983 1393 1010 bibere
1414 987 1440 1009 et
1472 983 1523 1009 ista
1539 982 1571 1008 ad
1587 988 1758 1008 communem

979 1030 1122 1057 utilitatem
1147 1028 1290 1057 exantlarc
1318 1028 1392 1064 digni
1422 1032 1496 1055 sunt.
1525 1027 1578 1054 Sed
1611 1027 1668 1054 haec
1697 1026 1763 1053 hac-

979 1080 1068 1103 tenus.

138 1116 259 1149 ἔνδειξις
277 1115 310 1152 ἦς
329 1118 449 1145 ἀὸύσσου
468 1120 543 1154 παρὰ
556 1120 596 1155 τῷ
611 1121 670 1155 Θεῴ
687 1121 915 1156 ὑπερκεχυμένης
936 1124 1054 1157 ποταμσὶ
1082 1121 1271 1155 ἐξερεύγονται
1298 1121 1354 1152 τοῖς
1378 1121 1426 1148 καὶ
1461 1120 1549 1147 πίνειν
1580 1119 1682 1153 ἀξίοις,
1713 1123 1761 1149 καὶ

137 1163 223 1195 ἄλλως
243 1163 270 1189 δὲ
285 1162 421 1195 ἐξαντλεῖν
436 1165 476 1195 είς
493 1166 584 1199 κοινὴν
603 1166 749 1200 ὠφέλειαν.
769 1167 850 1194 Ἀλλὰ
864 1168 951 1195 ταῦτα
967 1168 1015 1203 μὲν
1030 1168 1070 1199 εἰς
1090 1167 1216 1194 τοσοῦτον
1245 1167 1290 1194 καὶ
1313 1168 1359 1201 ὑφ’
1371 1167 1450 1201 ἡμῶν
1476 1166 1689 1201 περιειργάσϐω.

174 1212 223 1239 νβ’.
243 1212 275 1238 Ἥ
294 1212 323 1238 δὲ
341 1211 414 1246 βιαία
430 1213 499 1247 πνοὴ
518 1213 586 1247 πρὸς
615 1213 760 1247 διαστολὴν
779 1213 829 1247 μὲν
849 1214 924 1248 εῐρη-

138 1267 183 1284 ται
202 1259 238 1292 μὴ
253 1258 383 1292 τοιαύτης
401 1259 495 1293 πνοῆς,
511 1258 591 1284 ὁποία
607 1267 649 1290 τις
666 1259 714 1285 καὶ
730 1260 746 1293 ἠ
764 1260 924 1294 καθωμιλη-

140 1305 208 1338 μὲνη
224 1302 295 1338 αὖρα
312 1306 424 1339 πραεῖα,
449 1305 497 1331 καὶ
523 1305 552 1331 τὸ
569 1305 725 1339 διασυρίζον
747 1306 858 1340 πνεῦμα
875 1307 924 1338 τῆς

138 1351 245 1385 δρόσου,
259 1350 336 1376 ΙἘστι
353 1351 380 1377 δὲ
395 1351 443 1385 οὐχ
457 1350 529 1377 οὕτω
548 1351 635 1386 βιαία,
652 1352 690 1382 ὼς
705 1352 722 1385 ἡ
751 1351 798 1378 τοῦ
813 1351 890 1378 νότου
906 1353 922 1388 ἡ

138 1398 187 1432 τὴν
206 1397 342 1432 Ἐρυθρὰν
355 1397 493 1424 Θάλασσαν
508 1398 702 1433 κατατεμοῦσα
712 1399 752 1430 είς
764 1399 924 1434 διαιρέσεις,

139 1443 217 1477 καὶὴ
245 1444 301 1473 τοῖς
316 1444 420 1475 τέκνοις
443 1443 490 1470 τοῦ
520 1445 740 1479 μακαριωτάτου
771 1445 833 1472 Ἰὼῦ
850 1444 926 1472 οἷκον

139 1490 373 1516 ἐπικατασείσασα
391 1489 430 1520 εἰς
457 1489 608 1516 ἀπώλειαν.
632 1490 678 1516 Διὸ
696 1491 755 1517 οὐδὲ
774 1499 928 1525 καταφορι-

140 1535 195 1566 κῶς
206 1534 253 1561 νῦν
267 1534 297 1561 τὺ
311 1535 378 1570 πνοὴ
393 1535 468 1570 βιαία.
489 1536 610 1571 εἴρηται,
629 1536 686 1562 ἀλλ’
715 1537 762 1563 ἐπὶ
779 1537 926 1572 σεμνότητι

141 1581 256 1614 μᾶλλον·
274 1581 348 1616 βιαία
362 1582 415 1617 γὰρ
429 1583 446 1616 ἡ
465 1582 565 1617 ἰσχυρὰ
580 1583 627 1609 καὶ
639 1583 800 1618 ὲνδύναμος,
818 1584 867 1610 καὶ
880 1584 925 1611 λέ-

139 1636 218 1662 γεται
230 1628 300 1654 οὕτω
315 1629 390 1662 παρὰ
404 1627 454 1663 τὴν
467 1627 538 1662 βίαν,
553 1629 614 1663 ἥτις
632 1627 665 1664 ἦν
682 1629 796 1664 δύναμις
820 1630 850 1656 ὲν
870 1631 926 1661 τοῖς

1012 1214 1056 1241 59.
1079 1214 1219 1241 Violentus
1259 1221 1338 1248 porro
1358 1217 1453 1240 ventus
1475 1213 1509 1239 ab
1531 1220 1564 1239 eo
1586 1212 1763 1246 distinguitur

977 1261 1022 1296 qui
1039 1259 1111 1288 dulei
1128 1268 1192 1287 aura
1210 1260 1286 1287 adest
1311 1265 1338 1287 et
1361 1259 1406 1293 qui
1424 1266 1518 1286 vocem
1540 1259 1633 1293 agitat.
1649 1259 1706 1285 Non
1721 1263 1763 1286 est

977 1314 1067 1336 tamen
1083 1308 1212 1336 violentia
1228 1307 1301 1334 venti
1325 1306 1371 1340 qui
1392 1313 1467 1332 mare
1490 1304 1611 1332 Rubrum
1629 1305 1654 1331 itt
1672 1309 1763 1338 partes

977 1355 1077 1385 divisit,
1110 1359 1137 1381 et
1169 1354 1215 1388 qui
1250 1352 1400 1379 beatissimi
1427 1351 1476 1378 Job
1496 1351 1565 1378 lilios
1581 1351 1688 1378 :cdilicii
1711 1351 1762 1378 sub

977 1400 1056 1427 ruina
1074 1398 1261 1433 consepe!ivit.
1281 1398 1372 1431 Quare
1386 1397 1467 1423 etiam
1486 1404 1558 1423 nttttc
1582 1397 1688 1430 quidem
1709 1405 1762 1422 non

977 1446 1012 1474 ob
1041 1445 1210 1476 violentiam,
1239 1444 1285 1471 sed
1305 1448 1414 1477 propter
1436 1443 1636 1470 solemnitatem
1666 1447 1763 1469 ventus

979 1491 1156 1526 praedicatur.
1177 1490 1311 1517 Violentia
1327 1489 1399 1516 enim
1422 1488 1498 1516 fortis
1514 1493 1555 1516 est
1567 1493 1595 1515 et
1618 1496 1631 1515 a
1649 1489 1674 1514 vi
1693 1488 1755 1515 deri-

979 1542 1071 1569 vatur,
1097 1544 1157 1572 qua:
1183 1536 1255 1571 apud
1277 1535 1405 1570 antiquos
1421 1534 1508 1561 virtus
1529 1538 1609 1561 sonat
1624 1534 1696 1561 etde
1709 1541 1764 1569 quo

980 1584 1080 1610 ntultus
1091 1590 1182 1610 sermo
1197 1587 1249 1609 est.
1261 1581 1331 1609 Hine
1350 1581 1423 1609 enim
1437 1581 1490 1608 vita
1507 1588 1616 1616 qttoque
1631 1580 1764 1615 originem

980 1629 1066 1656 ducit.
1086 1628 1137 1661 Qui
1160 1629 1232 1655 ettint
1253 1629 1368 1655 multum
1391 1627 1452 1655 vita:
1482 1627 1607 1654 humana:
1634 1627 1723 1658 habet,
1743 1627 1766 1654 is

140 1674 235 1707 πάλαι,
248 1674 295 1700 καὶ
307 1673 416 1700 ἔπαινον
430 1671 486 1709 εϊχε
497 1673 582 1701 πολύν
594 1681 601 1689 ⁶
616 1674 656 1701 διὸ
669 1675 716 1701 καὶ
727 1675 771 1701 τὸν
783 1675 841 1710 βίον
855 1675 924 1711 αὑτὴ

981 1683 1085 1710 quoque
1111 1675 1213 1702 virtute
1241 1681 1339 1709 magna
1358 1674 1451 1709 pollet.
1481 1673 1547 1706 Qum
1585 1678 1675 1700 autent
1695 1673 1766 1707 apud

139 1719 271 1754 παράγει.
288 1720 318 1746 '0
334 1719 388 1753 γὰρ
407 1719 469 1750 ἅλις
485 1719 556 1754 ἔχων
579 1719 625 1746 τοῦ
643 1721 715 1747 κατὰ
731 1721 835 1756 κόσμον
851 1720 922 1756 βίον,

141 1766 242 1795 ἐκεῖνος
259 1764 305 1791 καὶ
317 1764 432 1798 δύναμιν
455 1764 566 1791 πλουτεῖ
584 1764 709 1799 πολυειδῆ
724 1774 730 1780 ’
751 1765 798 1799 τὴν
827 1766 927 1798 μέντοι

142 1810 218 1845 παρὰ
236 1811 291 1840 τοῖς
320 1809 382 1844 ἄρτι
401 1809 562 1845 λεγομένην,
582 1810 644 1845 βίαν
663 1810 712 1845 τὴν
738 1810 925 1846 ἀπάνθρωπον

142 1857 189 1883 καὶ
202 1855 378 1891 τυραννικὴν,
394 1856 442 1883 καὶ
458 1856 491 1883 δι’
508 1857 592 1891 αὐτὴν
608 1856 795 1892 κολαζομένην
809 1858 872 1883 κατ’
884 1858 930 1884 ὲκ-

141 1903 259 1936 δίκησιν,
275 1902 405 1936 ὑπέρϐιον
420 1902 500 1937 ὓϐριν
516 1902 541 1928 nl.
565 1903 642 1937 σοφοὶ
656 1902 750 1936 ἔλεγον
764 1910 772 1918 °
790 1903 877 1930 οῐδασι
899 1903 927 1929 δὲ

142 1948 190 1973 καὶ
203 1948 226 1973 οἱ
238 1947 379 1981 πεζολόγοι
393 1948 508 1983 ῥήτορες
526 1948 573 1974 ἐπὶ
599 1949 728 1984 ἐναρέτου
745 1949 886 1983 σημασίας
899 1949 929 1975 τὸ

143 1993 231 2028 βίαιον
244 1992 414 2028 ὲπιχείρησίν
427 2001 488 2019 τινα
501 1994 628 2027 γενναίαν
638 1994 752 2028 λυτικὴν
765 1994 930 2027 ἀντιθέσεως

142 2039 182 2072 τῷ
199 2039 245 2064 τοῦ
263 2039 350 2073 βιαίου
367 2038 513 2068 καλοῦντες
530 2040 660 2074 ὀνόματι·
682 2040 731 2074 τὴν
750 2040 779 2066 δὲ
795 2040 867 2072 λέξιν
882 2039 929 2067 τοῦ

143 2084 340 2119 γλωττὴματος
355 2085 417 2112 ὅθεν
434 2086 547 2119 εἴληφεν
572 2086 585 2112 ὁ
605 2085 724 2120 μελῳδὸς
739 2086 789 2112 οὐκ
802 2084 869 2112 οῖδα.
886 2086 930 2112 El-

143 2131 189 2162 κὸς
200 2131 228 2157 δὲ
251 2131 280 2157 ὲν
295 2131 333 2166 τῷ
349 2133 438 2167 μυρίῳ
462 2133 510 2158 καὶ
524 2132 727 2167 ἀπεριελεύστῳ
744 2132 863 2167 λεκτικῷ
881 2132 929 2167 χύ-

145 2186 221 2212 ματι,
237 2177 318 2211 ψιάδα
337 2178 562 2213 παρεγκεχύσθαι
581 2187 633 2204 που
647 2179 712 2212 ἡμῖν
729 2179 885 2214 ἀθεώρητον
900 2180 931 2206 τὸ

142 2224 255 2258 γλωττῶ
266 2225 431 2259 γλωττήσω·
453 2225 482 2257 EE,
498 2222 528 2251 ιῦ
553 2225 600 2251 καὶ
624 2226 641 2260 ἡ
656 2225 841 2260 γραμματικὴ
859 2225 930 2258 λέξις

142 2270 173 2296 τὸ
185 2270 422 2306 γλωσσηματικόν.
444 2270 684 2305 Καταγλώττισμιι
707 2271 800 2305 μέντοι
816 2272 929 2306 οἴδαμεν

143 2318 176 2343 ἐκ
188 2317 236 2344 τοῦ
250 2316 459 2351 καταγλωττίζω
478 2317 611 2351 ῥήματος,
624 2316 672 2342 καὶ
687 2316 754 2343 ἄλλα
771 2316 799 2342 δὲ
816 2317 932 2344 τοιαῦτά

979 1724 1114 1748 nostrates
1128 1721 1168 1747 vis
1182 1721 1322 1755 tyrannica
1340 1725 1365 1746 et
1387 1719 1535 1746 inhumana
1550 1727 1583 1746 au
1597 1720 1635 1749 Iit.
1651 1726 1765 1753 qumque

980 1773 994 1792 a
1023 1765 1224 1801 lcgislatoribus
1252 1772 1361 1800 poenam
1388 1765 1446 1797 dat,
1466 1772 1525 1791 eam
1545 1765 1696 1799 philosophi
1724 1763 1767 1790 ni-

980 1812 1061 1838 miam
1079 1812 1251 1839 insolentiam
1282 1811 1448 1839 vocitarunt.
1475 1810 1527 1837 Sed
1548 1811 1687 1845 pedestres
1701 1818 1767 1844 quo-

980 1866 1033 1891 que
1061 1859 1207 1892 scriptorcs
1226 1865 1287 1884 cttm
1320 1865 1385 1884 voce
1416 1857 1504 1892 βίαιον
1531 1856 1676 1883 antithesin
1703 1863 1768 1883 con-

978 1903 1096 1938 jungunt
1132 1908 1159 1930 et
1196 1904 1246 1930 hoc
1278 1910 1361 1930 sensu
1401 1902 1540 1929 adhibent.

982 1949 1181 1984 γλωττήματος
1192 1956 1285 1976 vocem
1307 1945 1384 1982 poeta
1402 1949 1549 1983 sumpserit
1564 1948 1668 1983 ignoro.
1685 1946 1766 1974 Forte

981 2001 1071 2022 autent
1090 1995 1116 2022 itt
1133 1995 1329 2022 vocabulorum
1357 1996 1433 2022 tttrha
1456 1995 1559 2029 guttula
1587 2003 1636 2029 per
1655 1994 1766 2028 γλωττῶ

981 2043 1127 2077 γλωττήσω
1147 2043 1299 2075 distillavit,
1328 2043 1401 2070 unde
1425 2044 1506 2070 etiam
1533 2043 1602 2077 apud
1630 2049 1770 2077 gramma-

982 2090 1050 2116 ticos
1081 2089 1322 2124 γλωσσηματικὸν.
1355 2089 1593 2123 Καταγλώττισμα
1614 2089 1721 2123 quidem
1754 2096 1768 2113 a

983 2136 1064 2162 verbo
1083 2135 1295 2168 καταγλωττίζω
1307 2135 1459 2161 derivatum
1475 2133 1614 2166 novimus,
1634 2138 1663 2159 ιιι
1679 2140 1704 2159 et
1715 2133 1768 2160 alla

982 2181 1103 2213 similia,
1133 2185 1163 2208 ut
1197 2180 1480 2215 κατεγλιιιττισμένος.
1514 2180 1590 2213 Quod
1623 2179 1644 2206 si
1670 2179 1767 2206 alicubi

983 2234 1053 2260 aqua
1067 2227 1180 2261 loquens
1197 2226 1307 2261 legitur.
1333 2231 1443 2253 ventum
1469 2232 1580 2260 quoque
1616 2225 1768 2258 loquentem

983 2273 1115 2300 divinitus
1131 2276 1159 2300 et
1183 2273 1300 2299 mediate
1326 2271 1436 2302 dixerit,
1463 2272 1497 2298 ob
1514 2270 1771 2306 καταγλωττήματα
1792 2274 1796 2278 ‘

986 2325 1077 2344 vocem
1093 2325 1153 2343 cum
1170 2322 1249 2344 vento
1264 2317 1360 2343 diviso.

1586 1901 1662 1928 Unde
1702 1910 1766 1928 vero

141 2371 212 2397 τινα,
229 2364 259 2390 ὲν
274 2360 314 2394 οἷς
333 2363 380 2389 καὶ
405 2363 418 2388 ὁ
440 2361 718 2397 κατεγλωττισμένος.
745 2362 777 2388 Εἰ
794 2363 821 2389 δὲ
835 2362 916 2388 λόιλον
938 2363 1011 2398 ὕδωρ
1025 2363 1126 2398 ὲρρέοη
1148 2371 1198 2389 που
1214 2363 1318 2396 δεξιῶς,
1337 2363 1411 2389 εἴποι
1421 2362 1453 2389 ἄν
1465 2370 1506 2393 τις
1521 2362 1568 2388 καὶ
1596 2362 1677 2388 λάλον
1707 2363 1773 2394 ταὺ,

143 2419 194 2444 την
204 2410 253 2444 τὴν
269 2408 352 2444 πνοὴν
368 2409 470 2440 ἐνθέως
490 2417 520 2435 τε
535 2410 582 2435 καὶ
600 2409 660 2435 οὐδὲ
687 2409 864 2444 ἀπροσφυῶς,
884 2410 927 2436 διὰ
948 2410 982 2435 τὰ
996 2410 1131 2445 εἰρημένα
1147 2410 1402 2444 καταγλωττήματα
1440 2410 1510 2444 μετὰ
1530 2410 1577 2443 τῆς
1610 2408 1771 2444 διειλημμέ-

143 2464 192 2490 νης
208 2455 302 2488 πνοῆς.

179 2501 211 2535 ξ’.
227 2502 263 2528 Τὸ
278 2502 316 2534 δὲ,
335 2502 432 2536 νείμας
447 2501 477 2527 τὸ
494 2501 620 2536 Πνεῦμα,
632 2503 729 2529 ταύτόν
741 2504 799 2530 ἐστι
813 2503 851 2538 τῷ
868 2503 925 2529 διαι

1018 2500 1062 2527 60.
1074 2499 1151 2532 Quod
1167 2497 1508 2533 deindevetpac‘Spiritum
1520 2498 1629 2530 dicitur,
1646 2498 1715 2526 idem
1730 2504 1772 2526 est

144 2549 259 2584 μερίσας
271 2556 278 2563 ·
296 2548 436 2584 μερίζεται
449 2548 477 2574 δὲ
495 2548 559 2574 αὐτὸ
575 2549 626 2575 οὐκ
650 2548 739 2581 ἄλλως
751 2549 810 2575 ἀλλ’
829 2550 845 2584 ἦ
860 2550 931 2576 κατά

141 2595 193 2630 τὴν
209 2595 317 2629 ἑκάστῳ
333 2594 380 2621 καὶ
403 2594 464 2621 τότε
484 2594 631 2629 δεδομένην
658 2595 705 2621 καὶ
732 2595 813 2630 μέχρι
825 2595 873 2622 νῦν
890 2596 930 2622 δι-

141 2641 259 2675 δομένην
282 2640 360 2675 χάριν
383 2641 415 2666 ὲκ
427 2639 474 2665 τοῦ
489 2639 569 2671 Θεοῦ,
588 2639 617 2670 ὃς
630 2640 721 2671 ἄλλοις
738 2639 806 2666 ἄλλα
823 2640 932 2667 δίδωσιν

141 2688 182 2718 ὡς
204 2688 306 2718 ἐκεῖνος
322 2687 467 2721 ἑπικρίνει,
489 2686 534 2712 καὶ
556 2685 612 2712 οὐδ’
626 2685 659 2712 ἂν
677 2685 815 2720 παύσηται
845 2687 933 2713 ποιῶν

141 2728 223 2759 τοῦτο
242 2732 399 2764 διαπαντός.
413 2733 444 2758 Εί
464 2733 493 2760 δέ
517 2741 559 2764 τις
577 2733 654 2758 ἄλλον
670 2734 729 2759 τινὰ
746 2733 852 2767 βλέπων
870 2733 933 2759 πλε·

142 2778 309 2805 ονεκτοῦντα
324 2779 476 2813 χαρίσμασι
493 2777 616 2813 βιάζεται
637 2778 667 2804 τὸ
682 2780 713 2804 ἐκ
725 2773 868 2813 περισσοῦξ
885 2780 934 2807 οὐκ

142 2823 178 2850 ἂν
192 2823 296 2857 ὁκνήσῃ
309 2823 323 2848 ὁ
348 2823 523 2857 χαριτοδότης
537 2822 604 2853 Θεὸς
618 2823 705 2848 εἰπεῖν
717 2823 762 2848 καὶ
781 2822 849 2855 πρὸς
860 2824 930 2849 ὲκεί-

143 2878 200 2902 νον,
212 2868 248 2900 ὡς
263 2869 357 2903 Ἀρκεῖ
366 2877 407 2895 σοι
422 2869 438 2903 ἡ
451 2868 530 2903 χάρις
545 2876 594 2902 μου
605 2875 611 2882 ·
624 2868 792 2902 προθέμενος
807 2869 872 2899 ἴσως
884 2870 932 2895 καὶ

146 2916 189 2947 τὸ,
212 2915 243 2942 Ἡ
259 2915 372 2947 δύναμίς
394 2923 444 2947 μου
463 2915 491 2940 ἐν
509 2913 636 2947 ἀσθενείᾳ
652 2914 813 2942 τελειοῦται.
829 2915 859 2945 El
879 2915 933 2947 γὰρ

985 2554 1017 2574 ac
1046 2545 1219 2580 διαμερίσας.
1245 2544 1420 2571 Distribuitur
1448 2548 1537 2571 autem
1568 2552 1622 2571 non
1648 2544 1726 2571 aliter
1741 2552 1772 2571 ac

985 2592 1134 2620 secundum
1143 2591 1257 2626 gratiam
1279 2598 1338 2625 qua:
1354 2591 1452 2625 cuique
1469 2591 1529 2617 data
1547 2596 1590 2618 est
1606 2599 1620 2617 ιι
1638 2591 1702 2621 Deo,
1724 2590 1771 2624 qui

987 2639 1048 2666 aliis
1075 2639 1126 2664 alia
1141 2636 1291 2669 distribuit,
1321 2637 1390 2664 sicut
1421 2636 1465 2663 ille
1482 2636 1716 2671 quidemjudicat,
1745 2640 1771 2662 et

987 2685 1057 2720 qttod
1073 2684 1161 2710 facere
1174 2690 1314 2717 nuttquam
1322 2683 1450 2709 cessabit.
1470 2681 1497 2709 Si
1511 2683 1573 2716 quis
1586 2687 1674 2709 autem
1688 2681 1770 2708 alium

987 2729 1074 2764 gratia
1103 2728 1370 2762 superahttodantem
1387 2727 1484 2755 videtts
1502 2728 1555 2754 vim
1580 2727 1641 2753 inde
1660 2725 1770 2760 patitur,

975 2777 1059 2803 ‘Dcus
1083 2775 1280 2802 charismatum
1302 2775 1385 2801 dator
1407 2774 1500 2801 dicere
1529 2773 1628 2806 poterit
1642 2772 1674 2798 ad
1690 2778 1769 2798 eum:

988 2830 997 2846 ι
1019 2819 1276 2854 Suilicittibigratia
1307 2827 1384 2852 mea;
1399 2829 1408 2845 ι
1429 2819 1531 2845 addens
1546 2818 1610 2844 illud
1643 2823 1767 2851 quoque:

989 2878 998 2893 ι
1015 2867 1105 2894 Virtus
1118 2875 1176 2894 mea
1190 2867 1362 2894 indebilitate
1383 2865 1595 2900 permittunt-4
1614 2863 1681 2888 Situ
1696 2861 1769 2888 enim

989 2915 1085 2942 debilis
1100 2923 1140 2948 es,
1160 2914 1232 2941 nulla
1246 2922 1279 2941 ex
1295 2921 1337 2940 ttte
1353 2915 1460 2943 sumpta
1474 2909 1570 2942 gratia,
1586 2916 1645 2939 ego.
1668 2907 1765 2938 inqutt.
