1965 3115
140 188 192 219 δτι

531 183 573 214 1N
593 184 765 214 HYMNUM
781 181 1106 213 PENTECOSTALEM
1126 181 1356 212 DAMASCENI.

1711 182 1763 213 57R

138 245 215 271 τοῦτο
227 242 400 278 προφήτιδος,
430 241 463 267 ὲκ
491 240 540 274 τῆς
571 240 640 266 κατὰ
657 239 706 274 τὴν
724 238 852 266 ἀτεκνίαν
867 238 918 265 οὐκ

978 237 1105 265 nifestam
1133 237 1311 272 peccatlicetn
1338 240 1365 264 et
1395 236 1456 264 ideo
1473 236 1593 265 fructum
1625 238 1727 266 ventris
1747 247 1761 266 a

138 290 265 325 εὐτέκνου
282 287 459 321 αἰτιολογίας,
478 286 515 317 ὼς
529 287 553 312 εἰ
574 286 622 312 καὶ
637 285 765 320 ἔγκλημα
781 282 816 320 ἦν
831 284 861 316 ἐξ
876 285 926 310 αὺ-

137 335 186 369 τῆς
212 334 393 368 ἐπαγόμενον,
409 331 519 366 ἐκείνην
545 331 743 363 ἐκακολόγουν,
758 327 802 355 οἷα
822 329 924 363 δηλαδὴ

139 379 302 415 ἁμαρτωλὸν
321 377 417 410 οὖσαν,
438 377 486 405 καὶ
510 376 543 403 δι’
559 378 626 404 αὐτὸ
642 377 750 411 καρπὸν
769 375 876 407 κοιλίας
893 376 925 402 ἐκ

138 425 205 452 Θεοῦ
228 425 265 460 μὴ
283 424 475 459 λαμϐάνουσαν
487 432 495 440 ·
513 423 711 458 λυπησομένην
738 423 788 456 μὲν
815 422 926 453 πάντως

137 472 185 498 καὶ
200 472 285 506 αὐτὴν
306 472 334 497 ὲν
348 470 388 505 τῷ
403 471 520 502 τίκτειν,
539 470 724 505 χαιρήσουσαν
739 469 768 495 δὲ
796 468 866 503 μετὰ
881 467 926 494 τό-

138 526 195 550 κον,
212 517 253 544 ὃτι
278 516 411 552 ἐγεννήθη
437 516 470 543 δι’
489 516 573 550 αὐτῆς
588 516 734 550 ἄνθρωπος
752 516 793 546 εις
807 514 854 541 τὸν
879 515 925 541 κό-

105 558 108 561 ’
139 571 217 596 σμον,
233 563 282 588 καὶ
299 562 343 589 διὰ
366 562 446 588 τοῦτο
478 562 514 598 μὴ
546 561 803 596 παραχωρουμένην
831 560 926 587 θεόθεν

139 606 320 633 συλλαὸέοθαι
345 608 393 633 καὶ
413 608 520 638 τεκεῖν,
544 606 586 632 ἵνα
605 606 642 641 μὴ
664 606 771 640 χαίρειν
795 605 864 640 αὐτῇ
881 605 927 637 γέ-

138 652 209 678 νοιτό
222 659 298 678 ποτε’
314 652 419 688 ἐρράγη
436 652 475 683 δὲ,
485 653 578 687 φησὶν,
593 653 606 678 ὁ
621 652 672 686 τῆς
685 651 814 682 ἀτεκνίας
828 651 927 686 δεσμὸς

137 698 169 732 τῇ
191 697 258 731 ἁγίᾳ
280 699 374 733 ἐκείνῃ
392 699 488 734 Ἀννῃ,
514 697 637 733 τεκούσῃ
652 698 682 723 οὐ
709 697 837 729 πολλοὺς,
859 696 927 723 ἀλλὰ

137 743 184 770 ἕνα
201 744 300 778 μέγαν,
316 745 361 770 τὸν
377 744 547 778 φερωνύμως
572 743 714 778 θεαίτητον
736 744 866 777 Σαμουὴλ
881 742 925 769 διὰ

137 791 303 825 προσευχῆς,
320 791 350 816 οὗ
367 790 417 824 τῆς
435 789 524 824 ἁπλῆς
537 789 585 816 καὶ
601 789 638 820 ὡς
649 789 754 824 ἔτυχεν,
769 788 803 824 ἣν
822 789 846 814 ol
862 788 928 815 πολ⁴

137 836 176 862 λοὶ
199 835 295 871 ἄκροις
312 835 402 870 μόνοις
419 835 574 869 ὲκπνέομεν
589 834 720 870 χείλεσιν,
735 834 927 868 ἐξοσιούμενοι

125 771 130 787 ι

977 284 1033 311 Deo
1064 291 1116 310 non
1136 283 1331 317 suspieientem
1350 291 1357 310 :
1378 283 1517 310 tristitiam
1544 284 1616 311 enim
1645 292 1759 318 prorsus

978 329 1061 356 etiam
1097 329 1123 356 in
1155 328 1286 363 pariendo
1312 329 1469 361 habuisset;
1486 329 1533 355 sed
1558 333 1618 363 post
1644 333 1763 364 partum,

979 375 1110 408 laetitiam,
1125 375 1197 409 quod
1214 383 1246 402 ex
1264 375 1322 409 ipsa
1337 375 1418 402 homo
1432 376 1542 409 genitus
1558 380 1632 402 esset
1644 375 1671 402 in
1686 383 1766 402 mun-

979 421 1061 454 dum;
1076 425 1103 448 et
1120 421 1223 448 ideirco
1240 429 1294 447 non
1306 421 1462 448 obtinuerat
1478 428 1492 448 a
1507 421 1565 448 Deo
1581 422 1724 454 concipere.
1739 426 1767 448 et

979 475 1086 502 parere,
1112 468 1258 500 nequando
1284 466 1403 499 gaudere
1422 467 1474 501 ipsi
1489 467 1614 494 daretur.
1644 466 1764 501 Ruptum

979 518 1020 542 est
1039 519 1142 546 autem,
1156 513 1257 547 inquit,
1273 513 1428 540 sterilitatis
1444 514 1586 540 vinculum
1610 514 1648 541 illi
1663 519 1766 543 sancta:

978 560 1076 591 Annae,
1093 567 1153 593 quae
1167 559 1271 593 peperit
1282 565 1335 585 non
1347 559 1457 591 multos,
1467 559 1515 586 sed
1528 567 1611 586 unum
1624 567 1765 594 magnum,

982 605 1146 639 cognomine
1163 605 1276 638 petitum
1292 612 1306 630 ει
1324 603 1389 636 Deo,
1406 604 1448 631 vel
1465 603 1584 635 Samuel,
1602 612 1649 638 per
1664 606 1768 631 oratio—

978 659 1053 682 nem,
1065 658 1118 677 non
1130 650 1298 684 simplicem,
1311 657 1391 683 quam
1405 650 1527 685 plerique
1537 651 1650 677 summis
1660 654 1764 678 tantum

979 697 1058 724 labiis
1085 695 1218 727 eluamus.
1253 696 1390 729 respirare
1418 696 1498 723 simul
1519 701 1546 723 et
1570 704 1652 723 orare
1670 701 1768 724 sancte

983 742 1135 774 studentes,
1151 742 1198 768 sed
1229 749 1309 774 quam
1338 741 1509 776 efﬂagitabat,
1529 742 1687 777 supplicans
1705 750 1766 769 cum

982 788 1148 816 contritione
1163 788 1255 814 cordis
1273 787 1368 819 Deutn,
1384 788 1429 822 qui
1448 792 1545 815 cuncta
1561 793 1649 823 potest
1660 793 1686 815 et
1703 787 1766 816 scit.

981 833 1056 860 Talis
1072 834 1153 868 igitur
1167 833 1250 860 totius
1274 840 1362 860 nexus
1378 833 1524 861 sententia.

137 883 268 910 ἀναπνεῖν
284 882 342 917 ἅμα
357 883 404 909 καὶ
430 881 571 917 εὔχεσθαι,
595 883 664 909 ἀλλὰ
677 883 710 918 ῆν
723 881 831 915 εὔξατο,
849 881 1033 917 προσάγουσα
1062 880 1157 913 δέησιν
1193 881 1264 915 μετὰ
1290 881 1437 916 συν-τριϐῆς
1467 880 1557 916 ψυχῆς
1578 880 1619 915 τῷ
1653 879 1713 916 Θεῷ
1729 881 1769 916 τῷ

138 929 226 957 πάντα
242 930 290 956 καὶ
311 929 452 964 δυναμένῳ
475 929 522 956 καὶ
536 929 708 963 γινώσκοντι.
732 930 788 957 Καὶ
802 928 917 963 τοιαύτη
941 929 990 964 μὲν
1004 929 1021 962 ἡ
1037 929 1128 955 ἔννοια
1144 928 1191 955 τοῦ
1204 929 1265 955 ὅλου
1283 928 1392 963 εῑρμοῦ.
1404 958 1411 967 ι

173 977 224 1010 ξγ’.
245 976 276 1003 '0
291 976 319 1003 δὲ
332 974 372 1008 εἷς
388 976 449 1009 νοῦς
466 978 480 1003 ὁ
499 976 547 1003 ἐπὶ
562 977 650 1012 βραχὺ
666 977 715 1012 τῆς
731 976 924 1012 πανηγυριζο-

1017 976 1062 1003 6'5.
1078 975 1157 1004 Unus
1170 981 1261 1003 autem
1278 977 1323 1004 ille
1346 984 1455 1008 sensus,
1475 981 1504 1003 ut
1523 976 1653 1010 diximus,
1670 985 1684 1003 a
1710 977 1765 1006 dici

139 1022 234 1057 μένης,
250 1022 288 1054 ὡς
304 1022 421 1058 ἔφαμεν,
435 1022 533 1057 ἑορτῆς
552 1023 692 1058 ἐχόμενος,
717 1024 748 1050 τὸ
761 1031 926 1058 συντετριμ-

139 1068 219 1102 μένον
235 1068 294 1094 ὲστὶ
308 1068 417 1102 πνεῦμα
431 1068 482 1102 τῆς
496 1069 608 1103 ’Λννης,
621 1069 636 1095 ὂ
658 1070 706 1096 καὶ
721 1069 787 1096 αὐτὸ
802 1069 927 1104 χάρισμά

137 1115 194 1140 ἐστι
218 1113 297 1147 ἅγιον
314 1115 369 1145 τοῖς
395 1110 509 1147 ἀγαθοῖς
528 1113 685 1148 ἀνθρώποις
708 1114 812 1148 θεόθεν,
841 1115 926 1150 ἡγουν

136 1158 232 1194 ὥσπερ
243 1160 276 1186 ὲκ
296 1159 345 1186 τοῦ
366 1159 473 1195 Πατρὺς
493 1160 540 1187 καὶ
554 1159 603 1187 τοῦ
629 1160 696 1187 Υῑοῦ
706 1180 714 1193 ,
728 1160 801 1187 οὕτω
817 1161 865 1187 καὶ
879 1161 926 1187 τοῦ

137 1206 338 1241 έορταζομένου
368 1207 524 1240 ἁγιωτάτον
555 1207 726 1242 Πνεύματος.
755 1208 841 1234 Οὐδὲν
871 1208 926 1243 γάρ

137 1252 211 1278 ἔστιν
228 1253 257 1278 ὲν
276 1253 344 1287 ἡμῖν
360 1252 475 1287 ἀγαθὸν,
487 1252 501 1278 ὃ
519 1253 556 1288 μὴ
572 1253 708 1287 κατῆλθεν
731 1253 836 1280 ἄνωθεν
847 1262 854 1269 ·
873 1254 926 1280 τῶν

136 1298 166 1324 δὲ
183 1299 211 1324 ὲν
225 1298 264 1333 τῷ
280 1298 368 1333 εἱρμῷ
388 1299 488 1331 λέξεων
505 1299 535 1326 τδ
553 1299 603 1333 μὲν
616 1299 715 1335 ἑῤῥηξε
731 1297 764 1334 ἦν
782 1300 926 1335 γραφῆναι

138 1344 185 1370 καὶ
206 1343 305 1370 ἔλυσε·
332 1344 442 1371 λύονται
467 1345 521 1379 γὰρ
541 1344 637 1379 ὥσπερ
655 1345 754 1379 δεσμὰ,
778 1345 851 1372 οὕτω
877 1345 926 1371 καλ¹

138 1389 218 1416 πέδαι
230 1397 238 1405 ο
256 1389 326 1416 κατὰ
337 1389 489 1422 τδ,Λῦσον
502 1390 535 1416 τὸ
549 1391 691 1424 ὑπόδημα
701 1392 735 1417 ἐκ
748 1390 808 1417 τῶν
822 1391 925 1417 ποδῶν

137 1443 196 1462 σου
207 1444 214 1452 '
232 1437 365 1472 ὑποδῆσαί
385 1446 414 1463 τε
427 1437 482 1471 γὰρ
498 1438 545 1463 καὶ
558 1438 695 1472 δεσμῆσαι
712 1437 844 1473 σύστοιχα
861 1439 924 1470 εἰσι,

138 1483 186 1509 καὶ
203 1483 220 1515 ἠ
236 1483 302 1518 πέδη
319 1483 419 1518 δεσμός
441 1492 482 1515 τις
496 1484 575 1516 οὖσα,
598 1483 660 1509 ποδὶ
683 1484 903 1518 παρωνόμασται
917 1491 924 1498 ·

137 1528 177 1554 διὸ
193 1529 293 1555 ταυτόν
307 1538 333 1555 τι
357 1529 441 1560 πέδας
456 1529 547 1562 λῦσαι,
574 1531 622 1556 καὶ
644 1531 675 1556 ὲκ
693 1529 781 1556 ποδῶν
797 1530 925 1565 ὑπόδημα

138 1574 231 1602 λῦσαι.
252 1575 385 1611 Ἔκδηλον
401 1576 431 1602 δὲ
444 1576 560 1610 μάλιστα
576 1577 605 1602 τὶ
621 1576 704 1611 ῥηθὲν
716 1576 745 1608 ἐξ
763 1577 859 1611 ἐτέρας
878 1585 926 1611 με-

138 1621 247 1656 λῳδίας,
265 1623 294 1648 ὲν
340 1622 449 1656 λέγεται
463 1623 476 1648 ὁ
491 1622 557 1654 Θεὸς
570 1622 661 1654 λῦσαι,
684 1622 783 1648 ταυτὸν
800 1622 822 1648 δ’
838 1623 926 1649 εἰπεῖν

139 1666 220 1700 ῥῆξαι
235 1666 268 1693 τὰ
282 1667 367 1694 ἄλυτα
392 1669 441 1701 τῆς
460 1668 588 1699 ἀτεκνίας
612 1668 700 1702 δεσμὰ
719 1669 752 1702 τῇ
771 1668 858 1703 μητρὶ
876 1668 925 1703 τῆς
941 1658 962 1686 c

139 1712 321 1748 Θεομήτορος.
344 1713 464 1749 Τοιούτῳ
489 1714 516 1740 δὲ
535 1715 606 1750 λόγῳ
632 1715 777 1750 ὲπάὺτῆς
792 1715 886 1750 ἐλύθη,
913 1716 927 1742 ὅ

138 1757 212 1784 ἐστιν
226 1758 342 1793 ἐρράγη,
357 1759 407 1785 ὅσα
433 1760 481 1786 καὶ
499 1760 613 1795 στερρός
636 1769 677 1792 τις
700 1761 801 1796 δεσμὸς
815 1761 863 1787 καὶ
878 1762 928 1797 ἄῤ-

139 1806 239 1839 ρηκτος
254 1805 271 1840 ἠ
287 1806 342 1840 ἀρὰ
364 1806 410 1832 τοῦ
433 1807 461 1832 έν
479 1806 580 1838 λύπαις
592 1807 709 1833 ’τίκτειν
724 1807 772 1840 τὰς
790 1808 860 1842 μετὰ
876 1810 926 1843 τὴν

138 1849 210 1876 Εὕαν
220 1857 227 1865 ·
244 1851 406 1885 ἑκφαίνεται
421 1852 449 1878 δὲ
463 1853 479 1886 ἡ
506 1852 621 1887 ῥηθεῑσα
638 1854 799 1889 ἱσοὸυναμία
813 1854 860 1881 τοῦ
879 1855 928 1890 ῥῆ-

138 1896 183 1928 ξαι
200 1897 248 1924 καὶ
262 1897 343 1925 λῦσαι
361 1899 390 1925 ἐν
401 1899 452 1934 τῷ,
465 1899 505 1926 Τὰ
526 1900 614 1934 δεσμὰ
623 1901 774 1936 διαρρήξας
788 1903 836 1928 τοῦ
851 1901 925 1937 ᾅδου,

138 1942 219 1969 ἔλυσε
233 1943 281 1969 τοῦ
294 1943 410 1970 θανάτου
426 1944 456 1970 τὸ
470 1945 632 1980 κατάκριμα
641 1953 648 1960 ·
667 1945 713 1972 καὶ
728 1946 798 1973 οὓτω
807 1947 857 1981 μὲν
869 1945 926 1982 εἶχε

137 1989 243 2023 γράψαι
259 1990 273 2016 ὁ
288 1990 418 2024 μελῳδὸς,
435 1991 496 2017 ἀντὶ
510 1991 558 2017 τοῦ
571 1991 721 2026 ἔῤῥηξε,τὸ
735 1993 813 2020 ἔλυσε
825 2002 832 2009 ·
846 2003 928 2029 προε-

137 2037 218 2073 κρίθη
235 2038 263 2064 δὲ
279 2038 396 2066 ἐνταῦθα
422 2040 452 2066 τὺ
467 2040 548 2075 ῥῆξαι
570 2040 620 2067 τοῦ
646 2041 737 2074 λῦσαι,
756 2041 805 2067 καὶ
833 2041 877 2067 διὰ
895 2041 926 2067 τὺ

139 2084 240 2118 σεμνὸν
254 2085 303 2120 μὲν
317 2085 382 2118 ἴσως
395 2086 447 2120 τῆς
459 2087 598 2122 φράσεως,
610 2087 659 2114 καὶ
676 2087 747 2113 οὕτω
761 2088 856 2122 φάναι,
870 2089 926 2123 ῥοι-

138 2131 270 2166 ζητικόν·
297 2132 415 2166 μάλιστα
431 2133 461 2160 δὲ
479 2134 548 2169 πρὸς
577 2134 698 2168 ἔμφασιν
727 2134 773 2160 καὶ
801 2134 852 2168 τῆς
876 2134 924 2161 τοῦ

137 2177 238 2212 δεσμοῦ
255 2179 448 2214 στερρότητος,
471 2180 576 2215 καὶτῆς
600 2179 755 2214 ταχυτάτης
770 2180 906 2211 ὲκλύσεως
916 2189 923 2196 ·

136 2223 291 2255 ἀκολούθως
306 2225 361 2259 γὰρ
374 2224 414 2260 τῷ
427 2226 530 2252 εἰπόντι
547 2227 663 2260 δεσμοὺς
678 2227 845 2261 ἀρρήκτους,
861 2227 926 2253 ἀλύ-

92 2288 97 2291 ς
136 2278 200 2300 τους
210 2277 216 2283 ·
238 2271 386 2305 ῥήγνυνται
403 2271 452 2306 μὲν
465 2272 490 2298 ol
509 2272 615 2307 σιδηροῖ
628 2274 676 2299 καὶ
688 2273 745 2299 ὅσοι
761 2272 833 2299 οὕτω
844 2273 925 2307 σκλη-

136 2315 179 2349 ροὶ
193 2316 293 2350 ὁμοίως
309 2317 400 2348 αὐτοῖς
412 2324 419 2332 ⁸
447 2319 541 2350 ὁποῖος
565 2320 634 2346 καὶὸ
651 2321 680 2346 ἐν
713 2320 817 2354 Ἐφέσῳ
837 2320 923 2354 ἁργύ-
937 2327 962 2356 ι)

137 2369 208 2395 ρεος,
224 2361 253 2387 ὃν
268 2361 282 2387 ὁ
298 2363 385 2397 μέγας
404 2363 685 2400 ’Λλέξανδροςὲρῤηξε
700 2365 821 2400 κρούσας
838 2365 922 2400 ξίφει*

134 2406 243 2433 λύονται
262 2408 290 2433 δὲ
303 2409 360 2434 ὅσοι
375 2409 621 2444 ἁναγνάμπτεσθαι
636 2411 765 2437 δύνανται
779 2419 785 2426 ·
808 2411 882 2446 δηλοῖ
894 2411 923 2437 δὲ

133 2452 165 2479 τὸ
183 2452 282 2486 σεμνὸν
306 2453 355 2487 τῆς
369 2454 469 2486 λέξεως
486 2455 532 2481 καὶ
558 2457 573 2490 ἡ
591 2458 746 2491 παραγωγὴ
763 2457 848 2491 αὐτῆς
862 2465 869 2472 .
890 2458 924 2483 ἐκ

134 2498 183 2525 τοῦ
200 2499 239 2533 ῥῶ
255 2499 310 2533 γὰρ
321 2500 352 2526 τὺ
362 2500 480 2534 δύναμαι
505 2502 577 2528 καθά
597 2503 612 2536 ἡ
629 2502 723 2537 ῥῶσις,
740 2502 813 2529 οὕτω
831 2503 878 2530 καὶ
895 2504 924 2530 τὸ

134 2546 249 2580 ρήσσειν
268 2547 434 2580 παράγεται.

172 2637 218 2670 ξδ’.
229 2636 265 2662 Τὸ
280 2637 307 2662 δὲ
322 2638 439 2673 γαστρὸς
457 2638 550 2671 πέδας,
563 2638 688 2673 διαστολή
704 2636 777 2665 ἐστιν
791 2640 922 2675 ἐτεροίων

133 2682 283 2709 πολυειδῶν
300 2683 420 2718 δεσμῶν.
434 2684 490 2710 Οὐκ
503 2684 599 2718 ἄδηλον
617 2685 644 2710 δὲ
660 2685 698 2716 ὡς
715 2685 760 2710 ἐπὶ
771 2685 858 2711 ποδῶν
875 2695 923 2711 κυ-

139 2730 207 2764 ρίως
229 2731 245 2763 ἠ
263 2729 341 2764 πέδη,
365 2730 426 2756 ὅθεν
448 2731 494 2756 καὶ
515 2730 656 2764 παρῆχοαι
671 2731 812 2764 φαίνεται’
829 2731 922 2766 δεσμοὶ

133 2777 163 2803 δὲ
180 2776 287 2808 πάντως
316 2776 435 2811 γαστρὸς
465 2776 568 2807 πολλοὶ,
595 2777 656 2803 ὅθεν
683 2777 825 2812 διαστολῆς
840 2778 921 2812 χάριν

131 2823 224 2848 κεῖται
248 2823 278 2847 τὸ
294 2822 502 2857 ἡτεκνωμένης·
530 2823 602 2849 δοκεῖ
617 2823 669 2858 γὰρ
687 2823 855 2858 πεπεδῆσθαι
871 2825 918 2850 καὶ

129 2868 214 2902 νηδὺς
231 2869 344 2900 ἄτεκνος
358 2868 434 2903 παρᾶ
449 2869 479 2895 τὸ
501 2868 538 2904 μὴ
561 2869 705 2905 εὐδρομεῖν
723 2869 855 2896 δύνασθαι
879 2871 918 2900 εἰς

128 2915 164 2940 τὸ
182 2914 215 2941 τὰ
228 2914 325 2949 ἑαυτῆς
337 2914 469 2950 ἐνεργεῖν.
486 2914 517 2942 El
532 2914 560 2941 δὲ
577 2914 669 2950 ζητεῖν
686 2915 773 2943 ἐθέλει
788 2924 831 2947 τις
846 2916 872 2942 τί
888 2917 919 2943 τὸ

981 1023 1154 1050 solemnitate
1172 1023 1307 1057 pendens,
1324 1022 1460 1050 contritus
1485 1028 1526 1050 est
1541 1024 1628 1050 Annae
1641 1024 1764 1058 spiritus.

979 1068 1025 1103 qui
1041 1073 1068 1094 et
1088 1069 1145 1102 ipse
1159 1072 1285 1095 sanetum
1301 1073 1344 1096 est
1358 1069 1495 1096 charisma
1513 1070 1591 1096 bonis
1608 1070 1767 1097 hominibus

979 1114 1092 1141 veniens
1116 1121 1130 1140 a
1147 1113 1215 1145 Deo,
1229 1122 1289 1147 seu,
1308 1115 1540 1149 quemadmodum
1558 1123 1572 1141 a
1587 1115 1664 1142 Patre
1683 1115 1768 1142 Filio-

978 1169 1041 1195 que,
1063 1161 1103 1188 sic
1123 1166 1150 1188 et
1175 1169 1189 1187 a
1219 1161 1394 1188 sanctissimo
1429 1162 1530 1195 Spiritu
1556 1161 1634 1196 cujus
1668 1161 1767 1189 festum

980 1207 1094 1241 agimus.
1113 1207 1183 1233 Nihil
1199 1209 1270 1233 enim
1288 1209 1314 1234 in
1338 1208 1416 1234 nobis
1451 1212 1492 1235 est
1518 1208 1592 1239 boni,
1622 1208 1693 1243 quod
1710 1216 1765 1236 non

979 1250 1126 1280 descendat
1138 1252 1173 1280 ab
1187 1253 1252 1279 alto.
1273 1253 1309 1279 Ex
1322 1253 1435 1280 vocibus
1453 1259 1542 1280 autem
1559 1255 1690 1288 sequelae,
1708 1262 1769 1281 ver-

979 1298 1043 1325 bum
1059 1299 1129 1333 rupit
1159 1299 1359 1333 poteratetiam
1370 1299 1451 1326 scribi
1481 1300 1569 1326 solvit.
1596 1300 1673 1328 Sicut
1695 1300 1768 1328 enim

978 1345 1124 1371 solvuntur
1141 1344 1260 1374 vincula.
1287 1345 1328 1372 sie
1355 1349 1382 1371 et
1401 1345 1557 1379 compedes,
1580 1345 1656 1380 juxta
1679 1346 1766 1374 illud:

978 1389 1054 1417 Solve
1089 1390 1295 1417 calceamentum
1330 1397 1362 1417 ea:
1390 1391 1497 1424 pedibus
1531 1393 1595 1418 luis.
1623 1393 1768 1427 Subligare

978 1438 1049 1464 enim
1079 1438 1237 1472 vincireque
1270 1438 1393 1472 ejusdem
1426 1443 1488 1465 sunt
1510 1438 1626 1469 ordinis,
1652 1444 1679 1465 et
1705 1446 1767 1465 cum

979 1483 1117 1510 vinculum
1148 1483 1284 1518 quoddam
1310 1488 1351 1510 est
1381 1490 1502 1518 eompes,
1531 1491 1546 1510 a
1573 1483 1640 1518 pede
1660 1491 1768 1519 cogno-

980 1530 1110 1556 minatur.
1135 1529 1197 1556 Ideo
1221 1529 1292 1556 idem
1311 1534 1353 1555 est
1367 1529 1473 1555 solvere
1502 1529 1656 1564 compedes,
1679 1534 1707 1557 et
1733 1537 1768 1557 ex

977 1575 1091 1610 pedibus
1114 1575 1325 1602 caleeamentutn
1340 1575 1456 1601 solvue.
1466 1574 1583 1602 Maxime
1605 1583 1669 1602 vero
1693 1576 1767 1610 quod

978 1622 1097 1649 dicimus
1113 1621 1287 1648 manifestum
1304 1626 1390 1648 estex
1405 1622 1457 1648 alia
1467 1621 1594 1654 melodia,
1619 1629 1673 1656 qua
1701 1622 1767 1657 legi-

980 1673 1022 1694 tur
1040 1667 1111 1695 Deus
1125 1667 1253 1698 solvisse,
1270 1667 1324 1699 vel,
1337 1667 1410 1701 quod
1428 1667 1500 1694 idem
1527 1673 1579 1701 est,
1593 1668 1700 1702 rupisse
1726 1668 1766 1694 in-

978 1714 1107 1741 solubilis
1123 1714 1280 1741 sterilitatis
1290 1715 1396 1742 vincula
1412 1715 1508 1742 matris
1525 1715 1657 1750 Deiparm.
1675 1715 1764 1743 Simili

979 1759 1084 1786 ratione
1101 1764 1214 1793 propter
1226 1759 1311 1794 ipsam
1330 1760 1418 1786 soluta
1436 1761 1476 1786 vel
1492 1765 1570 1794 rupta
1600 1765 1654 1793 est,
1685 1762 1766 1796 quasi

978 1805 1096 1832 solidutn
1107 1805 1242 1840 quoddam
1256 1810 1283 1832 et
1295 1805 1483 1833 ﬁrmissimum
1492 1806 1640 1838 vinculum,
1651 1807 1767 1835 maledi-

978 1852 1031 1878 ctio
1047 1859 1100 1886 qua
1117 1853 1143 1879 in
1160 1860 1276 1880 mturare
1300 1854 1408 1887 pariunt
1437 1857 1498 1887 post
1522 1853 1604 1880 Evam
1624 1855 1766 1882 mulieres.

978 1897 1267 1932 Manilestaturﬁautcm
1277 1899 1347 1926 dicta
1362 1905 1480 1934 potestas
1495 1901 1607 1934 mqualis
1621 1901 1764 1928 vei-borum

978 1945 1081 1978 rupisse
1104 1949 1130 1972 et
1146 1945 1262 1976 solvisse,
1279 1946 1306 1972 in
1325 1947 1394 1973 hoc:
1414 1946 1510 1980 Ruptis
1526 1946 1624 1973 inferni
1638 1947 1765 1978 vinculis,

978 1991 1075 2018 mortis
1084 1991 1341 2019 solvitsententiam.
1351 1991 1384 2018 Et
1397 1992 1431 2019 ita
1442 1993 1551 2027 quidem
1562 1994 1681 2021 scribere
1692 1999 1765 2028 pote-

977 2041 1021 2063 rat
1038 2043 1134 2064 cantor
1149 2045 1199 2072 pro
1208 2038 1291 2064 verbo
1306 2039 1374 2071 rupit
1388 2039 1498 2065 verbum
1512 2040 1599 2065 solvit.
1614 2038 1664 2066 Hic
1675 2044 1764 2067 autem

976 2083 1090 2110 verbum
1106 2084 1187 2119 ῥῆξαι
1201 2085 1283 2111 verbo
1294 2085 1372 2110 λῦσαι
1406 2084 1456 2112 fuit
1482 2087 1676 2120 antepositutn,
1700 2088 1764 2122 quia

978 2128 1064 2156 dictio
1079 2137 1156 2163 mque
1174 2130 1292 2157 honesta
1307 2136 1358 2161 est,
1379 2136 1416 2160 et.
1431 2135 1460 2157 nt
1473 2130 1508 2157 ita
1524 2131 1623 2164 dicam,
1642 2139 1763 2166 sonora;

978 2177 1024 2203 sed
1042 2177 1194 2209 praesertim
1209 2176 1242 2202 ad
1255 2177 1451 2204 ostendendam
1476 2177 1576 2204 vinculi
1599 2178 1725 2204 duritiem
1738 2183 1765 2205 et

977 2222 1122 2251 solutionis
1154 2223 1332 2250 celeritatem.
1362 2223 1549 2257 Congruentcr
1578 2225 1649 2251 enim
1675 2224 1763 2252 dixit:

975 2270 1081 2296 vincula
1097 2269 1231 2303 infragilia
1247 2274 1274 2296 et
1300 2269 1455 2295 insolubilia
1475 2278 1483 2303 ;
1513 2276 1676 2304 rumpuntur
1705 2271 1766 2305 qui-

976 2316 1035 2342 dem
1049 2316 1137 2343 ferrea
1154 2322 1180 2342 et
1202 2324 1262 2350 qius:
1287 2315 1339 2343 alia
1371 2323 1434 2343 sunt
1448 2317 1576 2344 similiter
1604 2318 1657 2345 illis
1680 2318 1761 2351 dura,

975 2362 1055 2395 quale
1075 2368 1133 2389 erat
1148 2367 1306 2396 argenteum
1326 2362 1435 2397 Ephesi,
1451 2364 1522 2398 qund
1541 2364 1694 2391 Alexander
1708 2365 1764 2391 Ma-

975 2415 1045 2442 gnus
1080 2415 1146 2435 ense
1163 2409 1454 2443 disrupit;solrnntur
1475 2413 1564 2437 autent
1594 2417 1764 2445 qnarcunque

975 2458 1091 2488 possunt
1104 2455 1228 2481 enodari.
1251 2455 1377 2483 Ostendit
1403 2461 1494 2482 autem
1518 2456 1599 2483 etiam
1635 2457 1764 2485 dictionis

977 2500 1205 2534 magniﬁcentiam
1223 2500 1282 2534 ejus
1315 2502 1478 2528 derivatio:
1503 2510 1536 2528 ex
1567 2502 1606 2536 ῥῶ
1646 2510 1762 2537 namque

977 2552 1072 2580 potens
1102 2554 1162 2573 sunt
1182 2565 1190 2578 ,
1225 2548 1296 2573 sicut
1328 2547 1412 2581 ρῶσις
1432 2567 1440 2579 .
1471 2547 1511 2575 sic
1541 2549 1622 2575 etiam
1650 2550 1763 2584 ρήσσειν

977 2592 1128 2618 derivatur.

1012 2638 1057 2664 6ft.
1071 2638 1187 2673 Compes
1202 2642 1293 2666 autem
1315 2640 1417 2668 ventris
1439 2644 1482 2668 est
1514 2641 1657 2668 distinctio
1684 2646 1762 2668 caete—

977 2692 1069 2711 rorum
1081 2685 1252 2712 vinculorum
1269 2694 1328 2721 qua?
1345 2688 1522 2715 multiformia
1537 2695 1612 2716 sunt.
1637 2688 1695 2715 Non
1715 2688 1763 2714 ob-

974 2740 1085 2758 scurum
1102 2737 1143 2759 est
1156 2741 1204 2768 pro
1234 2734 1347 2767 pedibus
1372 2742 1432 2762 esse
1456 2735 1564 2769 proprie
1594 2733 1761 2768 compedcm,

978 2778 1049 2804 unde.
1085 2787 1193 2813 qunque
1222 2780 1341 2807 derivari
1372 2781 1498 2808 videtur.
1532 2780 1638 2807 Ventris
1672 2784 1760 2805 autem

978 2825 1086 2851 vincula
1103 2833 1164 2852 cum
1179 2826 1291 2853 omnino
1308 2827 1390 2853 multa
1406 2832 1480 2858 sunt,
1505 2825 1689 2852 distinctionis
1701 2832 1760 2859 gra-

975 2871 1012 2897 tia
1029 2871 1138 2904 ponitur
1158 2871 1210 2898 hoc
1232 2880 1239 2898 :
1265 2872 1414 2898 infecundi.
1437 2872 1546 2898 Videtur
1562 2870 1634 2896 enim
1649 2876 1760 2904 compe-

975 2917 1053 2946 dibus
1063 2917 1144 2952 ligari
1161 2918 1264 2946 sterilis
1279 2923 1382 2949 uterus,
1399 2924 1431 2944 eo
1443 2916 1582 2951 quodnon
1611 2922 1761 2943 excurrere
