1965 3115
249 133 304 166 5'19

606 133 779 164 EUSTATII
786 134 798 163 Ι
805 133 815 163 Ιη
837 132 1037 164 THESSALO

1093 131 1219 162 IENSIS
1239 131 1522 162 ΜΕΤΒΟΡΟΙΛΤΕ
1816 132 1862 163 580

248 190 318 218 valet
329 191 361 218 ad
378 197 471 218 eorum
485 198 545 226 quae
559 190 611 217 sibi
633 191 741 224 propria
753 194 816 217 sunt
832 189 992 218 efﬁcaciam.
1011 189 1038 216 Si

1093 189 1219 217 άτεκνοῦν
1235 191 1285 224 τὴν
1309 190 1444 224 προφῆτιν
1457 198 1463 205 ’
1481 190 1589 221 πάντως
1604 189 1658 224 γὰρ
1672 190 1743 217 καθὰ
1758 191 1787 217 τὸ
1807 192 1861 218 ἁτε-

248 237 310 271 qnis
327 241 417 264 autem
431 244 551 271 quaerere
565 237 620 263 vult
635 236 699 271 quid
712 237 910 271 prophetissam
924 236 1034 264 orbat-et

248 284 344 318 prole;
364 283 436 310 sicut
446 284 519 309 enim
537 284 649 310 omnino
665 282 796 309 sterilitas
808 281 938 309 feminam
952 282 1036 309 steri-

249 329 300 356 lem
318 328 413 360 reddit,
433 333 462 355 ιιι
479 328 591 360 scimus,
609 336 643 355 ex
673 328 834 355 humoribus
863 328 1034 356 sterilitatem

249 374 454 409 getterantibus,
473 374 513 401 sic
532 374 614 401 etiam
632 375 703 408 quod
721 378 762 401 est
777 374 870 402 sterile
887 382 901 401 a
915 374 1034 409 quodam

248 419 401 446 sterilitatis
411 421 623 447 auctoresterile
637 420 738 447 factum
751 424 812 452 est;
827 420 916 447 discet
930 425 1035 447 natura:

247 464 356 497 quidem
378 465 508 500 paralysi,
537 473 589 499 qua
614 466 705 494 multa:
720 465 879 492 afficiuntur
896 466 1034 496 matrices,

248 514 306 535 eam
323 508 408 536 fuisse
424 510 545 537 sterilem
567 510 679 542 factam,
696 510 742 537 sed
757 518 771 537 a
791 510 843 537 Deo
869 515 964 537 sanata
990 517 1037 544 per

247 554 369 582 sobolem
387 555 536 583 convaluit.

282 602 327 628 65.
345 601 542 628 lntolerandam
559 605 651 628 autent
665 602 804 636 injuriam,
826 601 973 634 violetttas,
1007 605 1038 628 ut

247 648 349 674 dictum
362 652 422 682 est,
435 648 469 674 de
481 648 602 674 carentia
616 648 701 681 prolis
728 648 967 682 exprobrationes,
998 647 1038 674 in-

249 693 422 727 telligendum
434 697 476 720 est
487 703 492 720 :
503 694 609 727 injuriae
626 694 758 728 siquidem
773 694 824 720 illae
838 699 903 721 sunt
917 693 1035 728 species,

249 740 366 766 maxime
380 747 441 766 cum
461 740 486 766 in
500 744 561 766 cute
573 740 696 766 mordent
715 740 870 772 audientes,
883 740 909 766 in
926 739 1038 774 profun-

249 785 312 811 dum
331 785 427 812 anitnse
442 789 602 819 penetrant;
617 789 643 812 et
656 790 720 813 tunc
746 786 935 813 intolerabiles
954 791 1036 818 sunt;

251 837 312 856 nam
329 830 436 858 diflicile
448 835 489 857 est
507 835 535 858 et
549 831 790 866 exprobrationem
806 839 898 866 passo,
914 832 1036 859 dolorem

250 875 548 910 continenliquasique
563 876 724 910 decoquenti
752 884 806 904 non
834 877 925 912 aliquo
956 878 1038 905 modo
1055 869 1074 898 Β

250 923 371 950 vicissim
383 925 553 951 contristari.
579 924 654 951 Alias
664 929 754 951 autent
773 924 835 951 talis
859 924 956 959 injuria
981 925 1035 952 dici

251 973 340 1003 potest
360 969 504 1001 infrenata,
524 978 576 996 non
602 970 733 1003 audienti,
749 970 795 997 sed
813 971 954 1005 loquenti:
971 971 1035 1005 qttia

249 1015 340 1042 cuncti
352 1015 458 1050 quidem
474 1023 614 1042 sermones
625 1015 689 1042 alati
705 1021 782 1048 sunt,
805 1021 832 1042 et
846 1016 893 1043 citi
915 1017 1038 1044 veloces-

249 1069 303 1095 que
334 1068 367 1088 ει
382 1061 524 1087 hominum
539 1068 586 1088 ore
600 1061 691 1088 volant
701 1081 709 1094 ,
721 1066 747 1088 et
763 1061 807 1088 hic
817 1062 898 1088 etiam
926 1069 1037 1088 manum

249 1107 375 1134 admovet
388 1112 415 1134 et
428 1107 556 1134 convolat
571 1107 706 1138 diabolus,
719 1107 849 1142 gaudenti
858 1109 1035 1142 congaudens

249 1153 457 1181 contumelioso.
474 1153 550 1180 Sicut
563 1154 635 1179 enim
661 1153 684 1179 ei
705 1160 749 1187 qut
770 1154 897 1180 irascitur
922 1159 950 1181 et
978 1162 1038 1181 ver-

249 1199 314 1226 bera
329 1199 465 1233 impingit,
480 1200 520 1226 ira
533 1199 612 1226 melle
627 1199 732 1226 dulcior
744 1199 856 1226 distillat
871 1200 896 1226 in
916 1205 1036 1234 pectore,

250 1245 286 1272 ita
301 1246 382 1272 etiam
403 1245 427 1272 ei
442 1246 487 1280 qui
504 1253 565 1272 cutn
582 1245 620 1272 ira
637 1245 817 1278 insultat;ita
833 1250 861 1272 ut
872 1253 932 1272 cum
950 1246 1036 1273 Hero-

249 1294 313 1322 doto
325 1293 415 1320 dicere
429 1293 566 1326 possimus
578 1292 661 1326 quod,
675 1292 748 1319 sicut
764 1292 809 1319 ubi
831 1293 924 1319 vinum
937 1293 1039 1320 bibitur

249 1341 330 1367 verba
343 1340 529 1374 proferuntur,
544 1339 593 1370 ita,
605 1339 716 1372 quando
733 1338 771 1365 ira
788 1338 868 1366 melle
882 1339 989 1366 dulcior
1005 1340 1032 1366 in

249 1386 310 1419 ejus
324 1386 406 1412 corde
431 1385 545 1419 liqnelit,
560 1384 751 1411 insultationes
767 1390 956 1418 prorumpunt.
972 1385 1039 1413 ‘iota

249 1434 339 1458 autem
352 1429 424 1464 quod
442 1434 520 1463 poeta
534 1428 698 1455 calumniam
715 1427 879 1455 infrenatam
909 1429 1038 1464 rhythmo

249 1475 370 1509 subiicit,
388 1474 460 1508 quod
471 1473 581 1509 quidem
598 1481 613 1500 e
629 1474 749 1500 secundo
769 1481 848 1500 versu
867 1479 952 1507 patet,
965 1474 1040 1502 l’ost—

249 1529 330 1556 quam
343 1521 415 1548 enim
429 1521 455 1546 in
471 1520 558 1554 primo
571 1520 697 1552 dixisset,
714 1520 816 1546 ventris
827 1520 966 1547 vinculum
986 1528 1036 1547 ru-

1086 235 1166 263 κνοῦν
1185 236 1295 263 άτεκνοῖ
1317 245 1378 262 τινα
1392 255 1399 266 .
1416 237 1453 267 ὡς
1470 235 1593 271 οἴδαμεν,
1611 237 1642 263 ὲκ
1657 236 1711 263 τῶν
1726 237 1862 264 ἀτεκνοὺν-

1085 291 1140 309 των
1156 282 1273 313 ὑδάτων,
1290 282 1362 308 οὕτω
1381 283 1429 309 καὶ
1455 283 1485 308 τὺ
1502 282 1702 318 ἀτεκνούμενον
1717 283 1770 310 ὑπό
1795 293 1862 316 τινος

1086 328 1262 360 ἀτικνοῦντος
1288 329 1473 355 ἀτεκνοῦταμ
1506 328 1660 364 μαθήσεται
1689 329 1728 362 ὥς
1746 330 1863 365 πήρωσις

1089 376 1138 409 μὲν
1154 375 1259 409 φύσεως
1279 374 1434 410 ἡτέκνωσεν
1463 375 1582 410 ἐκείνην,
1606 375 1703 407 ¹Ξτιοῐας
1724 376 1821 408 πολλὰς
1836 378 1862 403 αἱ

1089 422 1190 456 μῆτραι
1204 421 1354 456 πάσχουσιν
1365 429 1371 436 ·
1387 423 1401 448 ὁ
1414 420 1442 447 δὲ
1460 421 1527 454 Θεὸς
1539 422 1660 456 ὑγιὼσας
1675 423 1714 454 εις
1728 422 1861 450 εὐτεκνίαν

1087 467 1256 501 ὲπέῤῥωσεν.

1124 603 1170 636 Es'.
1183 604 1281 638 ’Ὑϐριν
1305 604 1332 630 δὲ
1346 604 1531 630 δυσκάθεκτον
1554 605 1617 636 τοὺς
1633 605 1680 632 ὲπὶ
1696 607 1728 640 τῇ
1746 606 1865 639 ἀτεκνίᾳ,

1089 650 1126 681 ὼς
1155 650 1267 685 season.
1299 650 1504 684 καταφορικοὺς
1538 651 1711 685 ὀνειδισμοὺς
1745 652 1866 685 νοητέον·

1089 695 1195 730 ὕϐρεως
1207 694 1261 728 γάρ
1274 703 1300 720 τι
1316 695 1364 721 καὶ
1388 695 1467 721 αὐτοὶ
1490 693 1570 727 εἶδος,
1584 696 1632 722 καὶ
1649 696 1757 730 μάλισθ’
1769 698 1830 723 ὅταν
1840 698 1868 724 ἐν

1089 741 1146 776 χρῷ
1159 741 1287 768 δάκνουσι
1304 740 1367 771 τοὺς
1395 740 1556 773 ἀκούοντας,
1571 741 1600 772 ἐς
1615 741 1716 775 βάθους
1731 742 1866 777 παραδυό-

1091 795 1167 822 μενοι
1188 786 1295 820 ψυχῆς·
1313 786 1360 812 ὅτε
1386 786 1433 812 καὶ
1448 785 1594 812 ἀκάθεκτοί
1613 788 1681 813 εἰσιν
1693 795 1700 802 ·
1719 787 1757 818 ὼς
1778 787 1870 822 δυσχε-

1092 833 1136 868 pe;
1150 832 1180 858 ὃν
1194 831 1233 866 τῷ
1254 831 1443 865 ὀνειδιζομένη)
1462 832 1626 866 κατασχόντι
1646 832 1694 866 τὴν
1708 832 1806 866 λύπην,
1826 834 1872 860 καὶ

1088 879 1126 909 ὡς
1149 875 1204 904 οἷον
1233 877 1433 911 καταπέψαντι,
1461 877 1498 912 μὴ
1521 877 1707 912 ἀντιλυπῆσαι
1735 878 1867 905 ὁπωσοῦν.

1091 924 1206 950 Ἐστιδὲ
1219 924 1265 950 καὶ
1275 923 1363 954 ἄλλως
1381 923 1567 950 δυσκάθεκτον
1588 923 1667 959 ὓϐριν
1683 924 1731 958 τὴν
1747 925 1872 959 τοιαύτην

1088 970 1186 1002 εἰπεῖν,
1203 970 1232 995 οὐ
1256 968 1295 1004 τῷ
1319 969 1458 1000 ἀκούοντι,
1472 969 1541 995 ἀλλὰ
1554 969 1592 1003 τῷ
1608 969 1732 996 λαλοῦντι
1746 978 1752 985 ’
1774 970 1812 996 διὸ
1827 971 1874 996 καὶ

1090 1017 1193 1047 πάντας
1219 1016 1268 1050 μὲν
1284 1015 1379 1048 λόγους
1396 1015 1561 1050 πτερόεντας
1575 1012 1656 1047 εἶναι,
1675 1015 1722 1042 καὶ
1739 1015 1809 1047 ὀξεῖς
1827 1016 1874 1042 καὶ

1089 1061 1179 1096 ταχεῖς
1191 1060 1353 1087 ὲκπέτεσθαι
1372 1059 1419 1086 τοῦ
1444 1060 1504 1086 κατ’
1519 1060 1664 1095 ἄνθρωπον
1678 1061 1734 1087 τῶν
1758 1061 1875 1088 ὀδόντων

1089 1107 1204 1142 ἕρκους·
1223 1106 1485 1141 ἐπιλαμϐανομένου
1510 1115 1536 1133 τι
1553 1106 1694 1134 κάνταῦθα
1708 1108 1754 1134 καὶ
1766 1116 1873 1142 συμπε-

1088 1153 1203 1188 τομένου
1229 1153 1276 1180 τοῦ
1294 1153 1444 1188 ,δαίμονος,
1472 1153 1519 1180 καὶ
1541 1154 1667 1188 χαίροντι
1690 1154 1729 1188 τῷ
1759 1154 1874 1190 ὑϐριστῇ

1089 1198 1285 1233 συγχαῑροντος
1295 1206 1303 1214 ·
1320 1198 1375 1231 ἵνα,
1384 1198 1479 1233 ὥσπερ
1492 1198 1532 1233 τῷ
1546 1198 1715 1234 ὀργιζομένῳ
1729 1199 1775 1226 καὶ
1792 1199 1877 1234 πλήτ-

1088 1252 1160 1269 τοντι
1170 1243 1290 1277 γλυκίων
1310 1244 1416 1278 μέλιτος
1430 1245 1444 1270 ὀ
1460 1245 1544 1279 θυμὸς
1569 1246 1599 1271 ὲν
1618 1245 1729 1279 στήθεσι
1747 1246 1878 1272 καταλεξ-

1090 1291 1177 1322 ϐεται,
1192 1291 1262 1316 οὕτω
1278 1291 1325 1317 καὶ
1350 1291 1389 1325 τῷ
1408 1291 1478 1326 μετὰ
1493 1291 1578 1325 θυμοῦ
1595 1291 1752 1327 ὑϐρίζοντι·
1769 1292 1818 1318 καὶ
1830 1293 1878 1326 γέ-

1089 1344 1167 1369 νηται
1181 1335 1284 1368 λέγειν,
1298 1335 1393 1368 ὥσπερ
1411 1336 1473 1362 καθ’
1496 1336 1650 1370 Ἡρόδοτον,
1673 1336 1746 1363 οἴνου
1769 1338 1878 1364 κατιόν-

1088 1390 1135 1412 τος
1149 1381 1305 1408 ἀναπλὼειν
1320 1382 1400 1412 ἔπεα,
1415 1382 1486 1408 οὕτω
1512 1382 1560 1408 καὶ
1587 1382 1635 1409 ἐπὶ
1653 1383 1699 1409 τοῦ
1717 1383 1877 1415 ὲνδιαθέτως

1090 1427 1257 1462 ὑϐρίζοντος,
1274 1428 1316 1454 ὅτι
1337 1427 1450 1461 γλύκιον
1465 1428 1537 1463 ἥπερ
1562 1428 1625 1462 μέλι
1638 1429 1874 1464 καταλαϐομένου

1090 1473 1164 1508 αὐτῷ
1180 1473 1267 1508 θυμοῦ
1283 1475 1311 1500 ὲν
1326 1474 1434 1509 καρδίᾳ,
1448 1474 1545 1509 ὕϐρεις
1559 1475 1735 1502 ἀναπλέουσι.
1752 1477 1877 1510 Σημείω⁴

1091 1527 1137 1545 σαι
1157 1518 1186 1545 δὲ
1204 1519 1244 1545 ὅτι
1268 1519 1363 1554 δεσμῷ
1389 1528 1442 1545 τινι
1463 1521 1476 1546 ό
1506 1520 1624 1555 μελῳδὸς
1641 1520 1742 1554 ὑπάγει
1766 1522 1815 1548 καὶ
1830 1522 1879 1556 τὴν

1891 677 1898 698 l

249 1567 298 1601 pit,
318 1571 373 1593 tum
390 1566 566 1601 opprobrium
585 1566 756 1594 intolerabile
767 1566 889 1601 subjicit,
910 1573 937 1594 et
950 1567 1037 1594 insul-

1093 1564 1240 1592 ἀκάθεκτον
1254 1564 1333 1600 ὓϐριν
1346 1573 1353 1580 ·
1371 1566 1418 1591 καὶ
1432 1565 1512 1599 δῆλον
1528 1565 1595 1593 αὐτὸ
1612 1566 1644 1592 ὲκ
1658 1567 1709 1600 τῆς
1724 1567 1881 1599 συντάξεως

251 1612 346 1639 tationi
378 1619 472 1639 vocem
500 1612 570 1646 rupit
587 1612 672 1645 addit,
690 1616 717 1639 et
733 1619 780 1640 nos
810 1612 957 1640 subaudire
982 1613 1038 1640 vnlt

250 1658 321 1692 quod
337 1658 407 1684 sicut
421 1658 494 1692 quod
511 1658 588 1692 prius
599 1662 710 1692 ruptum
723 1664 775 1687 est.
787 1663 881 1685 catena
914 1658 975 1690 fuit,
999 1659 1035 1686 ita

251 1705 331 1729 etiam
344 1703 414 1738 quod
432 1708 524 1737 postea
547 1709 656 1738 ruptum
688 1704 748 1735 fuit,
777 1704 900 1731 eumdettt
927 1711 1038 1732 sensum

253 1750 343 1778 habet.
355 1753 380 1775 et
399 1749 470 1784 quod
486 1749 545 1776 sine
562 1749 644 1776 dubio
670 1757 772 1777 maeror
803 1757 874 1783 saepe
898 1749 1038 1777 hominem

252 1796 357 1830 pungit,
374 1795 453 1829 idque
466 1802 537 1830 smpe
549 1796 635 1830 magis
648 1803 729 1830 quam
747 1795 860 1822 ferrum.

1091 1610 1139 1636 τοῦ
1153 1610 1279 1645 δευτέρου
1297 1611 1399 1646 στίχου.
1414 1611 1505 1638 Εἰπὼν
1517 1612 1570 1647 γὰρ
1584 1612 1612 1639 ἐν
1630 1612 1669 1646 τῷ
1683 1613 1797 1647 πρώτῳ,
1814 1613 1881 1648 Ἔρ-

1093 1655 1158 1691 ρηξε
1173 1656 1292 1691 γαστρὸς
1302 1657 1396 1689 πέδας,
1411 1653 1472 1683 εἶτα
1484 1657 1633 1691 ἐπαγαγὼν
1649 1658 1728 1693 ὓϐριν
1739 1667 1768 1684 τε
1779 1658 1884 1685 δυσκά-

1094 1702 1200 1736 θεκτον,
1220 1703 1268 1729 καὶ
1286 1703 1484 1738 προσαρμόσας
1510 1703 1601 1730 κοινοῦ
1621 1705 1669 1730 καὶ
1701 1705 1734 1738 τῇ
1761 1704 1885 1739 τοιαύτῃ

1094 1748 1173 1783 ὕϐρει
1187 1749 1218 1775 τὸ
1233 1748 1359 1784 ἔρρηξεν,
1375 1749 1482 1783 ἀφῆκεν
1504 1749 1580 1784 ἡμᾶς
1597 1750 1667 1776 νοεῖν
1678 1750 1720 1776 ὅτι
1742 1749 1843 1785 ὥσπερ
1858 1751 1887 1776 τὺ

1094 1795 1176 1830 ῥαγὲν
1200 1795 1330 1830 ἀνωτέρω
1345 1795 1443 1830 δεσμὸς
1463 1793 1497 1830 ἦν
1509 1815 1516 1827 ,
1532 1794 1602 1821 οὕτω
1617 1795 1664 1821 καὶ
1686 1796 1716 1822 τὸ
1731 1796 1888 1830 κατωτέρω

253 1842 424 1877 ἐρρηγμένων
439 1842 532 1876 ὅμοιον
554 1841 611 1876 ἔχει
630 1841 710 1875 λόγον
723 1850 729 1857 ·
750 1841 797 1868 καὶ
814 1842 864 1869 οὑκ
881 1842 956 1870 ἐστιν
968 1843 1113 1870 ἀντειπεῖν
1128 1841 1165 1873 ὡς
1177 1842 1207 1868 οὐ
1224 1841 1309 1868 θλίϐει
1325 1841 1455 1873 πολλάκις
1487 1842 1520 1869 τά
1551 1841 1664 1878 λυπηρά
1695 1842 1741 1868 τὸν
1776 1842 1890 1876 ἄνθρω-

253 1896 313 1918 πον,
328 1888 375 1913 καὶ
389 1887 480 1922 χεῖρον
494 1885 606 1920 δεσμοῦ.

288 1934 331 1961 66.
346 1933 403 1960 Vox
415 1937 505 1959 autem
521 1933 593 1966 prole
612 1934 696 1968 felicis
727 1934 923 1962 convenienter
948 1934 1038 1970 specie

253 1980 394 2015 distinguit
410 1979 548 2013 injuriam,
566 1984 595 2006 ιιι
607 1987 658 2006 non
692 1986 819 2014 putemus
849 1981 956 2008 Annam
973 1981 1038 2008 sim-

256 2027 364 2060 μιίρὶιιτ
380 2026 504 2053 alicunde
519 2025 711 2054 contumeliam
741 2028 806 2061 pati,
826 2028 872 2054 sed
887 2028 1038 2062 praesertim

255 2081 269 2099 a
286 2072 446 2099 mulieribus
464 2071 538 2106 prole
556 2071 692 2100 felicibus.
708 2073 834 2100 Attamen
850 2073 917 2107 ipsis
952 2073 1042 2100 fuerat

256 2117 430 2152 cogitandum
444 2118 592 2145 secundam
608 2118 747 2146 fortunam
767 2127 820 2145 non
838 2126 898 2146 esse
914 2126 1041 2146 necessan

256 2163 297 2189 rio
313 2162 737 2196 bonorumtantum'hontinum,
766 2162 812 2190 sed
841 2162 991 2196 aliquando
1016 2167 1043 2190 et

257 2205 453 2241 improborum,
472 2212 502 2234 ut
516 2207 635 2234 ostendit
646 2207 712 2234 illud
727 2216 734 2234 ι
752 2216 760 2233 ι
775 2207 922 2242 Accepisti,
952 2207 1041 2240 dives,

258 2254 327 2280 bona
346 2257 391 2279 tua
408 2253 472 2280 dum
490 2253 607 2284 viveres,
622 2257 649 2279 et
661 2253 779 2281 Lazarus
790 2253 917 2281 similiter
935 2253 1015 2280 mala.
1029 2262 1039 2279 ι

258 2298 312 2326 Vos
329 2299 421 2333 igitur,
437 2299 550 2326 muliere
564 2303 643 2334 partu
658 2297 761 2331 felices,
794 2305 897 2333 vosque
910 2318 917 2330 ,
949 2304 1042 2333 patres

258 2343 332 2378 prole
352 2343 511 2378 gaudentes,
525 2351 558 2370 ne
570 2343 609 2370 sic
623 2343 731 2370 incaute
755 2343 919 2369 invehamini
947 2347 1044 2370 contra

258 2397 305 2417 eos
317 2390 361 2424 qui
378 2389 488 2423 quidem
501 2389 564 2415 boni
585 2393 661 2421 sunt,
680 2388 728 2415 sed
740 2388 857 2416 orbitate
871 2389 1042 2424 afﬂiguntur,

258 2443 302 2466 ne,
322 2439 466 2468 postquam
488 2434 620 2468 Spiritum
654 2438 777 2461 sanctum
805 2434 1043 2467 contristaveritis,

258 2480 434 2506 mutationem
451 2479 477 2504 in
497 2479 538 2505 his
552 2486 611 2513 quae
628 2482 692 2506 sunt
705 2479 738 2505 ad
754 2486 801 2506 vos
811 2479 949 2512 sentiatis,
965 2485 1046 2513 prout

257 2524 389 2558 iudicabit
406 2523 490 2555 Deus,
513 2524 558 2558 qui
577 2524 677 2558 prolem
691 2524 737 2551 dat
751 2528 778 2551 et
794 2524 891 2552 aufert.
912 2524 1045 2551 Memento

258 2575 348 2596 autem
378 2569 449 2603 quod
478 2577 530 2596 non
563 2570 674 2597 omnino
704 2570 786 2597 unius
815 2570 893 2597 bonae
924 2570 1047 2596 mulieris

258 2615 357 2648 injuria
375 2614 554 2642 contristabat
567 2616 672 2642 Annam
689 2624 697 2644 :
713 2616 813 2644 etenim
835 2616 910 2642 illinc
936 2615 1048 2642 demon-

258 2665 378 2687 strantur
392 2661 462 2693 alite,
480 2669 528 2688 ttec
542 2669 588 2695 per
599 2662 678 2689 istam
690 2662 777 2689 solutn
791 2661 931 2688 molestari
945 2661 1047 2688 dicitur

259 2707 449 2742 prophetissa,
479 2706 612 2742 siquidem
638 2707 729 2734 multa:
765 2707 790 2734 ei
820 2707 1044 2742 exprobrabant,

260 2750 412 2779 [’benennte
431 2751 635 2785 fecunditatem,
649 2751 772 2779 dicentes
787 2756 903 2779 matrem
917 2756 944 2780 et
957 2753 1043 2788 ipsam

260 2796 378 2826 futuram
390 2797 484 2832 fuisse,
501 2798 523 2826 si
535 2797 582 2826 Dei
597 2802 723 2830 serva,ut
737 2797 799 2830 ista,
813 2797 920 2827 fuisset.

1128 1933 1181 1965 εςν.
1195 1933 1232 1959 Τδ
1243 1932 1271 1959 δὲ
1284 1931 1522 1966 εὐτεκνουμένης
1539 1931 1649 1958 ῐδικεύει
1662 1931 1711 1966 τὴν
1726 1931 1810 1968 ὓϐριν
1827 1934 1894 1959 ἐπί-

1092 1979 1190 2013 τηδες.
1212 1978 1255 2004 ἵνα
1274 1978 1311 2012 μὴ
1328 1978 1423 2008 ἁπλῶς
1444 1977 1605 2012 ὑϐρίζεσθαι
1623 1978 1730 2012 νοῶμεν
1745 1979 1798 2012 τὴν
1822 1979 1894 2006 Ἀν-

1094 2034 1142 2052 ναν
1161 2025 1216 2052 ἀπὸ
1230 2024 1284 2050 τῶν
1297 2023 1443 2058 τυχόντων,
1457 2023 1526 2050 ἀλλὰ
1547 2023 1594 2050 καὶ
1614 2023 1732 2058 μάλιστα
1757 2024 1816 2050 ὑπὸ
1833 2025 1893 2051 τῶν

1091 2068 1315 2103 εὐτεκνουμένων
1343 2068 1502 2103 γυναικῶν
1530 2070 1576 2096 καὶ
1594 2069 1648 2105 μὴν
1670 2069 1754 2106 ἐχρῆν
1775 2071 1895 2102 ὲκείνας

1095 2117 1268 2152 ἐνθυμεῖσθαι
1292 2116 1330 2147 ὡς
1344 2116 1394 2142 οὐκ
1421 2115 1452 2147 ἐξ
1473 2115 1596 2150 ἀνάγκης
1618 2116 1646 2142 αἱ
1662 2116 1818 2149 εὖπραγίαι
1837 2116 1897 2143 τῶν

1096 2163 1230 2197 ὲναρέτων
1243 2161 1323 2196 μόνον
1339 2161 1495 2197 προσώπων
1508 2161 1588 2194 εἰσὶν,
1601 2161 1669 2188 ἀλλά
1684 2169 1750 2187 ποτε
1766 2162 1821 2187 καὶ
1839 2163 1898 2188 τῶν

1098 2208 1135 2242 μὴ
1143 2207 1282 2241 τοιούτων,
1294 2206 1330 2239 ὡς
1340 2207 1414 2242 δηλοῖ
1424 2207 1471 2234 καὶ
1481 2206 1521 2239 τὸ,
1536 2206 1709 2237 ι’Δπέλαϐες,
1728 2203 1750 2233 ὧ
1760 2207 1838 2234 πλού
1844 2216 1898 2239 sic,

1096 2252 1130 2278 τὰ
1143 2251 1233 2285 ἀγαθά
1245 2260 1292 2278 σου
1308 2253 1337 2278 ὲν
1363 2253 1395 2286 τῇ
1410 2251 1466 2286 ζωῇ
1484 2259 1542 2285 σου,
1571 2252 1617 2277 καὶ
1642 2251 1769 2286 Λάζαρος
1788 2254 1899 2286 ὁμοίως

1098 2296 1180 2323 κακά.
1196 2306 1205 2322 ι
1224 2293 1261 2321 Ὠ
1277 2294 1343 2329 γοῦν
1359 2296 1487 2330 γυναῖκες
1499 2295 1719 2330 εὐτεκνούμεναι,
1733 2296 1785 2322 καὶ
1803 2294 1828 2323 ὦ
1849 2307 1902 2323 :1-

1096 2341 1172 2376 τέρες
1187 2340 1321 2373 εὔτεκνοι,
1337 2341 1374 2376 μὴ
1391 2341 1592 2376 κατεπαίρεσθε
1607 2342 1802 2376 ἀπραγμόνως
1822 2341 1901 2369 οὕτω

1094 2387 1147 2414 τῶν
1174 2388 1300 2422 φανερῶς
1325 2388 1374 2422 μὲν
1399 2387 1519 2422 ἀγαθῶν,
1537 2387 1770 2422 δυσπραγούντων
1786 2388 1820 2415 δὲ
1837 2390 1904 2415 ἁτε-

1095 2433 1182 2465 κνίαν,
1193 2433 1236 2459 ἵνα
1246 2433 1293 2468 μὴ,
1304 2434 1334 2459 τὸ
1349 2434 1460 2468 Πνεῦμα
1474 2433 1504 2460 τὸ
1517 2433 1594 2468 ἂγιον
1609 2434 1681 2469 λυπή
1688 2442 1800 2467 πάντες,
1814 2444 1906 2469 μετα-

1097 2478 1229 2513 στρέψητε
1244 2479 1278 2505 τὰ
1300 2478 1360 2505 καθ’
1379 2479 1460 2512 ὑμᾶς,
1479 2478 1516 2510 ὡς
1533 2478 1623 2509 ὁθεδς
1647 2479 1802 2513 διακρινεῖ,
1822 2480 1839 2506 ὁ
1853 2480 1906 2506 καὶ

1096 2524 1184 2555 διδοὺς
1205 2525 1305 2556 παῖδας
1320 2524 1367 2551 καὶ
1383 2524 1595 2560 ἀφαιρούμενος.
1628 2525 1726 2550 Ἰστέον
1741 2525 1771 2551 δὲ
1789 2526 1848 2551 καὶ
1866 2526 1905 2555 ὡς

1098 2570 1148 2595 οὐκ
1168 2569 1317 2601 ὲξάπαντος
1333 2571 1398 2604 μιᾶς
1419 2570 1526 2604 ἀγαθῆς
1548 2570 1677 2604 γυναικὸς
1695 2570 1778 2604 ὖερις
1797 2571 1907 2597 ἐλύπει

1096 2615 1146 2649 τὴν
1163 2616 1273 2649 Ἀνναν,
1287 2615 1353 2642 ἀλλά
1367 2616 1382 2651 ἢ
1401 2617 1433 2642 ὲκ
1446 2616 1546 2651 μέρους
1560 2617 1666 2651 ἐκείνης
1689 2617 1740 2643 καὶ
1756 2617 1839 2644 ἄλλοι
1859 2619 1909 2650 δη-

1097 2659 1206 2687 λοῦνται
1221 2661 1365 2696 πρόσωπα,
1384 2661 1448 2695 ἣδι¹
1471 2662 1577 2696 ἐκείνην
1590 2662 1639 2697 τὴν
1656 2661 1724 2697 μίαν
1741 2662 1875 2698 λέγεται
1891 2664 1907 2696 ἡ

1100 2708 1232 2742 προφῆτις
1248 2707 1431 2742 βαρύνεσθαι,
1443 2708 1482 2738 ὡς
1498 2708 1603 2735 πολλῶν
1619 2710 1835 2743 προφερόντων
1867 2710 1907 2738 εἰς

1097 2752 1248 2787 ὀνειδισμὸν
1263 2753 1331 2788 αὐτῇ
1356 2753 1386 2780 τὸ
1405 2755 1455 2788 τῆς
1467 2754 1602 2788 Φενάννης
1625 2752 1773 2789 εὔτεκνον,
1791 2757 1853 2783 καὶ
1866 2756 1908 2781 λε-

1098 2798 1202 2832 γόντων
1219 2799 1326 2833 μητέρα
1343 2800 1392 2825 καὶ
1417 2800 1502 2834 αὐτὴν
1524 2799 1652 2834 γενέσθαι
1683 2800 1720 2827 ἂν
1733 2820 1742 2834 ,
1762 2800 1861 2838 εἴπερ
1875 2799 1909 2836 ἦν

1099 2843 1253 2878 θεράπαινα
1264 2844 1330 2871 Θεοῦ
1348 2845 1408 2872 κατ’
1420 2845 1535 2880 ἐκείνην.

1947 2061 1950 2175 ⁴

1946 2337 1950 2477 l

1947 2487 1950 2594 ι
