1965 3115
130 182 177 211 581

524 182 565 212 lN
582 180 752 212 IIYMNUM
775 178 1101 210 PENTECOSTALEM
1118 178 1350 211 DAMASCENI.

1671 213 1678 219 ,
1710 175 1764 208 582

157 239 205 272 ᾆξ’⁸
219 238 255 265 Τὸ
265 239 292 266 δὲ
308 241 376 274 μόνη
390 239 597 279 προσευχὴιτῆς
617 239 783 274 προφήτιδος
802 237 914 270 ὑπεξαι-

1004 237 1050 265 67.
1068 236 1124 264 Hoe
1139 242 1230 264 autem
1247 237 1305 264 sola
1341 235 1520 271 prophetissae
1552 235 1685 271 precatio,
1721 244 1766 263 se-

126 293 164 320 ριι
176 285 229 312 τῶν
250 286 337 313 ἄλλων
355 286 434 313 θείων
447 286 612 322 προσφορῶν
624 286 674 322 τὴν
689 286 812 320 καθαρὰν
828 293 915 320 προσ-

124 330 212 365 ευχὴν,
227 331 260 365 ἢν
278 332 324 358 καὶ
340 331 406 358 αὐτὸ
422 336 549 366 σεμνύνει
575 332 606 358 τὸ
626 331 686 358 κατ’
700 330 785 365 αὐτὴν
808 331 895 364 ὄνομα
906 337 914 345 ·

125 377 188 412 εὐχὴ
203 377 258 413 γὰρ
269 377 427 412 ὠνόμασται
443 379 519 413 παρὰ
536 379 565 404 τδ
580 378 626 404 τοῦ
639 375 685 410 εὖ,
696 378 781 413 ἧγουν
794 376 842 403 τοῦ
855 377 915 411 ἀρί-

127 431 196 456 στου,
209 423 341 457 ἔχεσθαι.
370 421 406 450 Εὖ
425 423 453 450 δὲ
468 424 514 450 καὶ
532 423 642 459 ἄριστον
658 424 707 449 καὶ
721 422 752 449 τὸ
763 421 914 449 τελικώτα-

126 478 168 496 τον
180 470 208 495 ὲν
222 471 280 501 ταῖς
294 470 416 504 ἀρεταῖς,
430 470 547 505 μάλιστα
557 471 584 497 δὲ
595 471 609 496 ὁ
623 470 687 501 Θεός
699 477 706 484 ·
717 469 783 505 πρὸς
834 469 912 502 γενό-

128 524 204 550 μενος
219 517 233 543 ὀ
247 516 372 552 θευφιλὴς
387 516 532 552 ἅνθρωπος
555 516 603 543 τοῦ
620 517 791 552 κυριωτάτου
808 513 838 542 εὖ
856 515 916 550 ἕχε-

125 571 178 594 ται,
211 562 271 598 ἢτοι
307 562 354 589 τοῦ
380 562 449 590 Θεοῦ
476 564 660 598 προσιεμένου
698 562 748 597 τὴν
782 561 914 596 τοιαύτην

125 609 290 644 προσευχήν.
313 609 414 635 ’ἰστέον
443 609 472 636 δὲ
499 609 588 636 ὅτιού
615 610 732 636 πάντοτε
753 609 793 639 είς
814 608 914 634 ταυτὸν

125 654 262 689 σημασίας
277 655 391 690 ἥκουσιν
406 655 473 691 εὐχὴ
488 656 532 682 καὶ
550 655 705 690 προσευχή-
723 654 790 680 ἀλλὰ
802 654 847 680 ὅτε
866 654 916 689 μὲν

124 700 210 726 δέεται
224 709 266 732 τις
280 700 327 727 τοῦ
343 701 425 733 Θεοῦ,
442 701 593 728 ἀνατείνων
608 702 658 736 τὴν
682 701 772 737 ψυχὴν
786 702 826 731 είς
842 702 916 728 ὲκεῖ-

125 755 167 772 νον
183 747 229 774 καὶ
244 747 344 783 τρόπον
373 749 438 775 τινὰ
462 749 668 784 παριστάμενος
683 769 690 781 ,
712 748 801 784 νῆγονν
832 749 917 782 ἐγγὺς

127 793 280 828 ἱστάμενος,
308 795 448 830 προσευχή
469 796 526 822 ἐστι
550 795 581 822 τὸ
594 795 730 828 τοιοῦτον,
760 795 862 822 αὐτίκα
889 795 917 820 δὲ

125 840 171 867 καὶ
193 841 259 876 εὐχή
273 849 281 857 ·
310 841 354 868 ὅτε
375 841 404 868 δὲ
421 842 598 876 ἀναπολήσας
622 842 713 876 ἀγαθὰ
732 842 767 869 τὰ
794 843 826 868 ὲκ
848 841 915 868 Θεοῦ

126 887 295 921 ὑπισχνεῖται
309 887 381 923 ἅπερ
396 888 534 923 ὲναρέτως
550 888 638 915 ὲϐέλει
656 888 697 920 ὡς
712 889 751 920 εἰς
767 889 915 922 ἀντίδοσιν,

969 286 1064 318 gregat
1084 283 1118 309 ab
1133 282 1195 310 aliis
1208 281 1310 308 divinis
1326 281 1513 309 oblationibus
1543 289 1639 315 puram
1669 288 1764 315 preca—

970 327 1084 359 tionem,
1100 335 1182 361 quam
1210 327 1299 361 ipsum
1326 326 1385 361 eius
1414 334 1511 354 immeo
1540 331 1665 353 exornat.
1692 326 1766 360 Εὑκὴ

969 378 1089 406 namque
1123 376 1165 399 est
1192 376 1287 398 vocata
1319 371 1353 397 ab
1381 370 1410 396 εὖ
1437 370 1558 405 ἔχεσθαι.
1582 369 1637 397 Hoc
1672 374 1764 396 autem

968 423 1010 446 est
1042 419 1111 445 bene
1142 423 1169 446 et
1196 418 1330 452 optimum
1360 417 1387 444 in
1416 417 1575 448 virtutibus.
1595 421 1622 443 et
1646 417 1764 444 maxime

969 464 1040 492 Deus
1061 473 1068 492 :
1084 464 1156 499 apud
1170 472 1251 499 quem
1261 464 1351 491 fartus
1368 464 1451 491 homo
1467 463 1540 498 pius,
1558 463 1628 490 bene
1647 463 1767 490 adha-ret

968 511 1209 545 praastantissimo,
1224 511 1282 538 sive
1294 510 1361 543 Deo,
1379 510 1424 544 qui
1459 509 1538 537 talem
1568 509 1688 537 admittit
1706 517 1767 543 pre-

968 556 1117 584 cationem.
1133 556 1281 583 Sciendum
1301 561 1343 583 est
1358 560 1449 582 autem
1473 563 1528 582 non
1562 563 1674 589 prorsus
1694 555 1765 582 idem

969 602 1123 637 significare
1151 602 1218 638 εὐχὴ
1240 608 1266 630 ct
1296 601 1530 638 προσευχή.ιὶυπι
1557 602 1658 636 aliquis
1684 601 1768 627 Deum

968 648 1127 683 suppliciter
1141 654 1228 683 rogat,
1243 648 1362 676 animam
1379 649 1411 675 ad
1424 648 1502 675 illum
1522 648 1619 674 tollens
1633 651 1660 674 et
1675 647 1769 681 aliquo

969 696 1049 722 modo
1064 699 1127 722 ante
1145 694 1242 723 faciem
1266 695 1353 730 ipsius
1371 700 1459 726 stans,
1477 695 1529 722 hoc
1553 699 1595 721 est
1617 694 1770 728 προσευχὴ,

969 739 1016 766 sed
1033 739 1115 767 simul
1131 740 1214 767 etiam
1230 740 1311 775 εὐχή.
1327 740 1396 767 Cum
1414 744 1506 767 autem
1532 739 1624 766 divina
1659 739 1766 774 recogi-

970 791 1031 814 tans
1048 787 1119 814 bona
1138 787 1282 821 pollicetur
1300 795 1330 814 ca
1344 795 1406 822 quae
1430 787 1482 814 sibi
1500 786 1627 821 proponit
1642 786 1669 813 iu
1684 786 1767 812 retri—

969 832 1120 866 butionem,
1137 837 1202 860 tunc
1216 838 1308 859 votum
1322 832 1427 868 (εὐχὴν)
1444 832 1527 866 facit;
1540 833 1715 867 jamquenon
1726 835 1769 858 est

969 878 1085 913 simplex
1101 879 1255 914 προσευχὴ,
1271 879 1319 906 sed
1337 879 1382 906 illa
1399 887 1460 914 qua:
1486 881 1669 906 communiter
1700 878 1768 905 diei-

126 933 185 959 τότε
202 932 311 968 εὔχεται
330 933 379 967 μὲν
395 933 442 960 καὶ
459 934 543 969 εὐχὴν
561 935 689 966 ποιεῖται,
706 935 736 960 οὐ
751 935 805 969 μὴν
822 933 915 966 ἁπλῶς

975 930 1013 952 tur
1027 926 1187 960 promissio,
1210 934 1272 953 sese
1290 927 1493 961 quodammodo
1524 926 1645 961 jungens
1671 933 1768 961 preca-

128 979 293 1014 προσευχὴν,
318 979 386 1006 ἀλλὰ
401 980 451 1016 τὴν
467 979 538 1006 οὕτω
555 979 654 1011 κοινῶς
680 980 836 1015 λεγομένην
851 980 916 1006 ὑπό-

127 1032 228 1059 σχεσιν,
246 1025 408 1059 ὲγγίζουσάν
428 1035 486 1058 πως
518 1028 565 1053 καὶ
590 1027 678 1061 αὐτὴν
705 1028 738 1061 τῇ
759 1028 913 1062 προσευχῇ,

127 1071 172 1097 καὶ
191 1071 236 1098 διὰ
249 1072 328 1099 τοῦτο
352 1073 504 1108 λεγομένην
530 1073 623 1109 εὐχήν.
644 1073 698 1100 Καὶ
716 1074 805 1104 ἄλλως
823 1073 852 1100 δὲ
878 1074 917 1100 ει-

128 1118 206 1148 πεῖν,
235 1118 251 1153 ἠ
277 1119 418 1154 προσευχὴ
445 1119 620 1146 πλεονεκτεῖν
646 1120 721 1146 δοκεῖ
745 1120 794 1155 τὴν
822 1120 917 1154 εὐχήν.

129 1162 204 1197 Ἔχει
223 1163 273 1197 μὲν
287 1163 341 1199 γὰρ
361 1164 406 1190 καὶ
423 1164 453 1190 τὸ
480 1164 587 1198 ἐκείνης
613 1164 643 1191 τὸ
675 1165 764 1191 ’ἁπαν
786 1165 919 1191 ἐπέκεινα

127 1208 154 1234 δὲ
166 1208 294 1244 εὐκληρεί
309 1210 358 1236 καὶ
370 1209 399 1236 τὸ
415 1209 514 1244 δηλοῦν
528 1210 670 1244 ἐγγύτητα
684 1209 728 1236 διὰ
747 1210 917 1245 προθέσεως,

127 1254 160 1280 δι’
173 1252 207 1290 ἦς
222 1255 350 1290 ἐμφαίνει
366 1255 402 1286 ὡς
425 1255 494 1289 πρὸς
508 1255 547 1290 τῷ
567 1255 627 1290 Θεῷ
645 1256 793 1290 ἱστάμενος
811 1257 825 1283 ὁ
840 1257 917 1291 εὐχό-

129 1306 211 1333 μενος
233 1300 279 1325 καὶ
296 1299 416 1334 θαρρῶν,
432 1300 470 1331 ὡς
483 1296 527 1326 οἶα
543 1300 591 1326 καὶ
621 1301 667 1327 ἐπὶ
690 1301 770 1335 φίλῳ,
787 1302 919 1335 ἀναφέρει

128 1345 226 1380 ἐκείνῳ
240 1345 274 1371 τὰ
290 1344 407 1381 βουλητά
420 1354 427 1361 ·
448 1346 476 1371 ὲν
492 1342 532 1376 οἷς
548 1345 678 1378 πολλάκις
698 1347 744 1373 καὶ¹
764 1347 919 1382 δωρεατική

128 1399 170 1422 τις
193 1390 338 1427 βούλησις*
355 1392 400 1418 Διδ
422 1391 538 1427 αὐχήσοι
564 1393 597 1419 ἂν
623 1392 769 1424 ὁτοιοῦτος
786 1393 920 1420 εἰσελθεῖν

128 1436 159 1462 τδ
181 1436 289 1471 ἀξίωμα
314 1437 397 1464 αὑτοῦ
416 1437 533 1464 ἐνώπιον
557 1437 604 1464 τοῦ
632 1437 712 1470 Θεοῦ,
744 1439 791 1465 καὶ
812 1438 922 1473 ὲγγίσαι

130 1482 180 1517 τὴν
196 1482 278 1509 αὑτοῦ
295 1483 388 1515 δέησιν
413 1484 530 1511 ἐνώπιον
548 1484 667 1510 ἐκείνου.
681 1484 718 1510 Τὸ
733 1484 762 1511 δὲ
783 1484 851 1520 μόνη
872 1485 921 1520 οὐχ

130 1530 223 1561 ἁπλῶς
236 1529 353 1557 ἐνταῦθα
367 1531 491 1558 τέθεικεν
506 1533 519 1558 ὁ
539 1532 657 1567 μελῳδὸς
680 1531 752 1567 λόγῳ
773 1533 857 1567 κοινῷ
874 1533 922 1560 καὶ

129 1576 234 1611 ἀφελεῖ,
250 1576 317 1604 ἀλλὰ
343 1577 564 1612 φιλοσοφωτάτῳ.
588 1578 659 1612 Πρὸς
678 1578 770 1612 νόησιν
788 1578 841 1614 γὰρ
857 1579 922 1605 αὐτὸ

130 1621 182 1656 ἔφη
198 1621 261 1654 τῶν,
281 1621 318 1653 ὡς
335 1623 417 1656 φασίν
434 1623 457 1649 οί
475 1624 563 1657 σοφοὶ,
580 1623 769 1658 συζυγούντων
785 1625 819 1658 τῇ
838 1632 922 1658 προσ-

131 1667 217 1702 ευΧῗΓ
237 1668 384 1702 συζυγοῦσι
406 1668 434 1694 δὲ
451 1669 518 1704 αὐτῇ
553 1670 726 1704 ουμιάματα,
740 1670 864 1701 σπονδαὶ,
879 1670 926 1696 ου.

130 1712 199 1745 σίαι,
215 1713 377 1748 ἀναθήματα.
392 1715 532 1750 πολυειδῆ.
548 1715 628 1750 Λέγει
639 1713 685 1742 οὖν
700 1716 741 1742 ὅτι
756 1716 923 1752 έτερατοῦρ-

130 1767 200 1794 γησε
221 1759 266 1786 διὰ
279 1759 327 1785 τοῦ
342 1759 410 1786 Θεοῦ
430 1760 446 1795 ἠ
463 1760 511 1795 τῆς
535 1761 701 1796 προφήτιδας
719 1761 871 1796 προσευχὴ,
890 1761 921 1787 οὐ

133 1805 205 1840 μετά
220 1813 292 1836 τινος
311 1803 429 1838 συζύγου
445 1805 491 1831 καὶ
510 1805 653 1840 συστοίχου
670 1806 750 1841 αὐτῇ,
768 1805 835 1832 ἀλλὰ
851 1806 918 1840 μόνη

971 971 1050 1004 tioni,
1062 977 1089 999 et
1103 971 1164 999 ideo
1177 972 1247 1000 dicta
1265 973 1344 1008 εὐχή.
1357 973 1426 1000 Aliis
1441 977 1532 1000 autem
1554 973 1656 1006 verbis,
1676 981 1769 1007 preca-

970 1018 1007 1045 tio
1025 1018 1132 1046 videtur
1149 1024 1279 1053 praestare
1307 1025 1392 1047 voto:
1424 1020 1506 1046 habet
1532 1019 1604 1046 enim
1630 1019 1766 1054 quidquid

970 1062 1003 1090 ad
1025 1063 1077 1090 hoc
1095 1064 1234 1098 pertinet;
1265 1064 1314 1092 sed
1341 1065 1453 1099 insuper
1477 1064 1591 1099 gloriam
1625 1064 1766 1091 indicandi

971 1109 1204 1143 propinquitatem
1227 1117 1275 1144 per
1306 1110 1531 1144 praepositionem
1558 1117 1612 1144 qua
1644 1110 1767 1137 declarat

970 1156 1040 1189 apud
1059 1155 1144 1182 Deum
1157 1156 1267 1183 adstare
1295 1156 1372 1183 iilum
1390 1156 1435 1191 qui
1461 1160 1602 1190 precatur.
1618 1161 1645 1183 et
1678 1157 1767 1183 conli-

971 1203 1079 1230 tlcntem
1098 1207 1228 1237 tanquam
1241 1203 1342 1234 amico.
1368 1203 1419 1237 ipsi
1438 1202 1578 1230 desideria
1612 1203 1767 1229 communi-

971 1257 1044 1277 care.
1057 1250 1086 1277 ln
1105 1250 1147 1276 his
1163 1250 1246 1276 etiam
1265 1257 1339 1284 smpe
1357 1250 1481 1284 quaedam
1496 1254 1537 1276 est
1555 1249 1763 1276 munerabunda

972 1296 1117 1329 voluntas;
1136 1296 1252 1332 ideoque
1264 1297 1325 1324 talis
1342 1297 1450 1331 gloriari
1467 1301 1559 1331 posset
1587 1297 1661 1332 quod
1686 1304 1767 1324 suum

971 1345 1064 1368 votum
1082 1349 1174 1369 coram
1188 1341 1244 1369 Deo
1257 1343 1343 1375 venit,
1361 1350 1411 1370 sua
1429 1342 1586 1377 deprecatio
1598 1343 1624 1370 in
1652 1350 1770 1376 conspe-

972 1394 1044 1416 ctum
1058 1388 1123 1422 'ejus
1138 1389 1313 1423 propinquat.
1331 1388 1432 1416 Vocem
1452 1394 1542 1416 autem
1568 1388 1627 1416 ευια
1650 1397 1704 1416 non
1727 1389 1771 1416 hic

972 1435 1135 1469 simpliciter
1147 1435 1289 1462 communi
1310 1435 1452 1470 tenuique.
1481 1435 1530 1462 sed
1561 1436 1768 1470 sapientissima

973 1481 1080 1509 ratione
1097 1481 1196 1508 artifex
1217 1482 1310 1516 posuit
1327 1491 1334 1508 :
1357 1482 1392 1508 ob
1407 1482 1576 1510 intellectum
1610 1482 1684 1509 enim
1719 1483 1771 1510 hoc

973 1527 1042 1555 dixit
1056 1536 1151 1556 eorum
1163 1536 1234 1563 quae,
1246 1529 1316 1556 sicut
1329 1529 1406 1556 aiunt
1423 1528 1587 1564 philosophi,
1599 1528 1771 1564 subiungun-

977 1579 1020 1601 tur
1030 1575 1191 1608 precationi.
1207 1575 1419 1610 Subjunguutur
1431 1580 1522 1602 autem
1542 1576 1593 1611 ipsi
1607 1576 1723 1609 suil‘ttus,
1741 1577 1773 1603 li-

981 1621 1102 1653 bamina,
1113 1621 1241 1652 victimae.
1254 1621 1367 1648 donaria
1382 1622 1499 1650 diversa.
1513 1622 1582 1650 Dicit
1599 1623 1680 1658 igitur
1697 1623 1771 1658 quod

980 1676 1027 1702 per
1041 1667 1124 1694 Deum
1139 1668 1260 1702 prodigia
1281 1667 1344 1695 fecit
1360 1668 1541 1702 prophetissa:
1560 1670 1693 1702 precatio,
1716 1677 1770 1696 non

977 1722 1039 1741 cum
1057 1714 1148 1749 aliquo
1160 1715 1308 1750 subjuncto
1322 1715 1363 1743 vel
1384 1716 1467 1748 allini,
1494 1717 1540 1744 sed
1557 1716 1614 1751 ipsa
1640 1717 1699 1743 sola
1725 1724 1774 1750 per

976 1762 1061 1794 ipsam
1074 1768 1143 1795 ;qua
1151 1761 1231 1795 digne
1241 1769 1352 1796 prorsus
1368 1762 1470 1794 oblata,
1481 1763 1601 1790 sali-ator
1612 1763 1704 1795 homo,
1713 1763 1760 1790 nul
1771 1777 1775 1780 ~

976 1799 1031 1834 lam
1049 1806 1152 1833 habens
1168 1806 1309 1834 inmundo
1330 1802 1506 1834 etnincntiain
1519 1812 1566 1834 aut
1577 1809 1771 1842 prmstantiam.

130 1853 202 1889 αὑτὴ
215 1852 276 1880 κατ’
287 1854 382 1890 αὐτὴν,
400 1853 434 1881 δι’
447 1851 480 1890 ἧς
497 1853 608 1885 δικαίως
626 1855 735 1886 πάντως
767 1855 985 1890 ἀναφερομένης,
1024 1855 1141 1886 σώζεται
1167 1856 1321 1890 ἄνθρωπος,
1348 1856 1483 1892 μηδεμίαν
1511 1857 1580 1892 ἔχων
1614 1858 1642 1883 ὲν
1676 1857 1772 1892 κόσμῳ

130 1901 288 1937 περιϐολὴν,
304 1901 392 1928 είτουν
409 1902 590 1938 περιττότητα
607 1903 752 1938 βιωτικήν,

168 1950 217 1985 Et".
226 1950 263 1976 Τὸ
276 1950 304 1977 δὲ
329 1949 385 1984 τῆς
417 1951 601 1985 προφήτιὸος
617 1950 731 1985 Ἀννης
753 1952 803 1986 τὴν
832 1952 863 1977 ὲκ
878 1951 924 1978 τοῦ

130 1995 201 2022 Θεοῦ
217 1996 271 2021 τῶν
298 1995 434 2030 γνώσεων,
454 1997 482 2023 ὲν
503 1998 534 2032 τῇ
561 1996 634 2032 ψυχῇ
650 1998 699 2032 τῆς
726 1997 806 2031 ἁγίας
823 1997 924 2031 γνῶσιν

131 2044 194 2077 ἦτοι
208 2042 361 2078 πρόγνωσιν
382 2043 466 2077 δηλοῖ,
481 2043 529 2069 καὶ
541 2044 571 2070 τὸ
582 2043 685 2070 ἐκεῖθεν
703 2043 808 2070 εὕε).πι.
823 2044 859 2070 Εὖ
871 2045 924 2078 γὰρ

134 2087 221 2114 εεδυῖα
233 2088 275 2115 ὅτι
290 2089 341 2116 κᾶν
354 2085 521 2115 ἄλυτοιῶσιν
537 2089 625 2121 ἄλλως
638 2090 662 2116 οἱ
676 2089 771 2124 δεσμοὶ
786 2091 836 2125 τῆς
851 2099 924 2116 στει-

135 2136 258 2169 ρώσεως,
284 2134 358 2169 ὅμως
375 2134 533 2162 λελὺτονται
554 2135 635 2170 αὐτῇ,
659 2135 735 2162 οὐδὲν
753 2133 834 2171 ἧττον
849 2137 923 2171 ἥπερ

131 2182 167 2215 τῇ
184 2180 306 2215 μλκαρίᾳ
323 2181 428 2216 Σάρρᾳ,
445 2181 470 2207 εί
487 2181 556 2215 μετὰ
582 2181 818 2216 συντετριμμένον
840 2182 922 2208 πνεύ-

134 2235 219 2260 ματος
234 2225 340 2258 εὔξεται
356 2226 395 2260 τῷ
405 2226 476 2260 θεῷ,
489 2227 638 2262 πεποίηκεν
651 2227 723 2254 οὕτω
734 2236 741 2243 ⁸
759 2229 805 2255 καὶ
817 2226 880 2262 εὗρε
894 2229 924 2260 τὺ

1016 1951 1060 1979 68.
1072 1951 1128 1978 Vox
1155 1951 1322 1986 prophetiam
1337 1951 1428 1983 Anna',
1446 1950 1517 1978 illam
1532 1950 1708 1978 scientiarum
1725 1952 1771 1978 Dei

979 1998 1123 2024 scientiam
1136 1999 1192 2024 sive
1206 1997 1408 2031 praescientiam
1422 2002 1448 2024 et
1459 1997 1562 2024 exinde
1581 1998 1678 2024 bonam
1694 2005 1769 2032 spem

980 2043 1006 2070 iu
1024 2043 1117 2070 anima
1136 2048 1237 2069 sancta:
1266 2043 1407 2070 ostendit:
1438 2043 1506 2069 belle
1535 2051 1653 2078 namque
1680 2043 1770 2071 sciens

977 2088 1130 2115 sterilitatis
1143 2087 1260 2120 vincula,
1275 2087 1515 2121 licetinsolubilia,
1533 2093 1623 2115 tamen
1643 2088 1700 2116 fore
1716 2089 1771 2116 sol--

978 2135 1063 2161 venda
1079 2134 1142 2164 sibi,
1160 2141 1212 2159 non
1228 2133 1320 2160 minus
1333 2141 1416 2167 quam
1434 2133 1519 2161 beata:
1535 2133 1620 2166 Sam,
1652 2135 1674 2162 si
1705 2142 1766 2162 eum

979 2181 1077 2215 spiritu
1092 2180 1210 2206 contrito
1238 2184 1395 2213 precaretur
1426 2179 1511 2206 Deum
1528 2199 1536 2211 ,
1569 2181 1604 2207 ita
1646 2181 1720 2212 fecit,
1744 2186 1772 2208 et

980 2229 1052 2262 quod
1070 2227 1242 2254 desiderabat
1253 2228 1320 2253 citra
1347 2234 1421 2261 spem
1444 2232 1554 2262 experta
1583 2233 1634 2255 est.
1672 2227 1738 2255 Illud
1761 2237 1768 2255 :

135 2271 230 2306 ἐφετὸν
243 2271 392 2307 ἑκϐεΰηκὺς
410 2273 479 2308 αὐτῇ
492 2273 553 2300 κατ’
569 2273 676 2300 ἐλπίδα.
690 2273 727 2299 Τὸ
744 2273 771 2300 δὲ
786 2274 920 2308 φερούσης

979 2274 1090 2302 ferentis
1102 2273 1135 2300 ad
1155 2272 1238 2300 Deum
1255 2273 1387 2307 spiritum
1404 2274 1564 2306 contritum,
1585 2274 1676 2301 ionico
1692 2282 1768 2302 more

137 2318 246 2351 πνεῦμα
266 2319 495 2353 συντετριμμένον
511 2319 579 2353 πρὸς
593 2319 639 2346 τὸν
650 2320 727 2352 Θεὸν,
740 2319 863 2347 διάλυσιν
876 2321 924 2346 πέ-

135 2364 236 2391 πονθεν
255 2365 303 2399 τῆς
329 2365 490 2400 προσφορᾶς
518 2365 717 2401 ίωνικωτέρως.
753 2366 798 2397 Ὠς
817 2366 870 2401 γὰρ
895 2366 926 2392 τὸ

132 2409 191 2440 ζῶα
211 2409 336 2444 γράφειν
349 2410 546 2445 διαλελυμένως
559 2410 652 2445 ῥηθὲν,
676 2411 771 2437 ταυτὸν
787 2412 845 2438 ἐστι
863 2420 927 2437 συν-

134 2457 206 2490 οέτῳ
218 2456 255 2491 τῷ
273 2455 434 2491 ζωγραφεῖν
445 2475 452 2488 ,
468 2456 539 2482 οὕτω
560 2458 608 2483 καὶ
628 2457 658 2483 τὸ
675 2457 770 2491 φέρειν
796 2457 865 2492 πρὸς
881 2457 927 2484 τὸν

132 2503 220 2535 δεῖνα,
249 2504 289 2534 εἰς
317 2504 373 2529 ἴσον
396 2503 505 2538 ἔρχεται
528 2502 566 2537 τῷ
597 2503 764 2538 προσφέρειν
782 2503 821 2537 τῷ
847 2504 925 2531 δεῖνι.

133 2548 250 2582 Πνεῦμα
263 2549 291 2575 δὲ
305 2549 539 2583 συντετριμμένον
552 2546 629 2575 εἶπεν
641 2549 670 2574 οὐ
688 2550 758 2575 κατὰ
775 2550 805 2576 τὸ
824 2558 926 2584 σημαι-

132 2594 253 2627 νόμενον
270 2593 316 2619 τοῦ
333 2595 567 2629 συντετριμμένον
596 2594 741 2628 γραφικῶς
760 2595 895 2628 καλάμου,
911 2595 927 2630 ἦ

132 2640 191 2667 τῶν
204 2639 329 2674 ψυχικῶν
343 2640 440 2671 ὀστῶν,
461 2639 479 2666 ὃ.
505 2640 683 2674 συντριϐῆναι
699 2640 846 2674 omum:
875 2642 928 2668 ὑπὸ

136 2687 239 2721 βάρους
263 2685 380 2721 ἡδονῶν,
407 2686 475 2713 ἀλλὰ
504 2686 553 2721 τὴν
568 2687 809 2722 τεταπεινωμένην
840 2687 929 2723 ψυχὴν

135 2733 211 2760 κατὰ
223 2733 324 2768 ἀρετάς
334 2740 341 2748 ·
356 2733 400 2760 ὅτε
412 2732 512 2767 δηλαδὴ
528 2733 618 2766 ἀγαθὰ
631 2733 760 2767 πράττων
773 2733 926 2767 ἅνθρωπος,

134 2779 169 2805 τὸ
184 2777 268 2814 μηδὲν
279 2777 375 2804 ἑαυτὸν
391 2776 460 2804 εἶναι
476 2777 632 2812 λογίζεται-
647 2778 765 2812 ὁπηνίκα
783 2778 829 2805 καὶ
855 2779 929 2805 κάτω

134 2824 228 2852 νεύειν
246 2825 293 2851 καὶ
307 2824 555 2858 κατακάμπτεσθαι
585 2825 676 2851 κλοιοῦ
693 2825 771 2860 δίην
789 2825 898 2859 λέγεται
911 2827 928 2859 ἡ

134 2871 224 2907 ψυχὴ,
236 2872 282 2899 καὶ
297 2872 510 2906 συγκεκυφέναι,
527 2872 564 2904 ὡς
582 2874 630 2899 καὶ
645 2873 742 2904 ἄλλους
766 2873 930 2908 ἑξανορϐοῦν

125 2918 333 2964 λσωτηριωδῶς,
363 2918 394 2946 οὐ
429 2918 484 2954 μὴν
515 2919 628 2955 πάσχειν
657 2919 716 2946 κατ’
749 2921 856 2955 ἐκείνην
879 2920 929 2955 τὴν

978 2319 1177 2353 seiunctiouem
1189 2319 1339 2346 oblationis
1357 2319 1453 2346 subiit.
1471 2319 1548 2347 Sicut
1566 2321 1650 2352 enim.
1667 2321 1771 2348 dictum

979 2365 1137 2400 sejunctim,
1169 2364 1226 2396 ζῶα
1241 2365 1360 2400 γράφειν
1380 2365 1461 2392 rident
1482 2370 1525 2393 est
1542 2373 1573 2393 ac
1587 2367 1769 2401 compositum

978 2411 1144 2446 ζωγραφεῖν,
1155 2410 1195 2437 sic
1203 2411 1286 2438 ctiam
1296 2410 1367 2439 ferre
1392 2412 1423 2438 ad
1431 2411 1549 2446 aliquem
1566 2412 1636 2439 idem
1658 2419 1699 2440 est
1708 2421 1740 2441 ac
1748 2414 1773 2441 ci

980 2458 1090 2486 offerre.
1109 2457 1245 2492 Spiritum
1259 2461 1352 2484 autent
1370 2458 1522 2484 contritum
1538 2459 1608 2486 dixit
1625 2467 1678 2486 non
1696 2459 1774 2494 juxta

979 2511 1088 2531 sensum
1104 2504 1201 2531 calami
1220 2503 1369 2538 Scriptura:
1384 2503 1526 2537 confracti,
1543 2505 1583 2532 vel
1591 2506 1773 2540 spiritualium

979 2551 1093 2582 ossium,
1109 2558 1169 2585 quae
1185 2550 1290 2577 conteri
1308 2550 1478 2583 voluptatum
1497 2552 1618 2586 pondere
1645 2554 1771 2587 psallun-

980 2601 1035 2627 tur,
1049 2595 1096 2622 sed
1113 2594 1288 2621 humiliatam
1302 2595 1454 2623 secundum
1486 2597 1615 2625 virtutem
1650 2599 1771 2626 animam

980 2640 1163 2675 signiﬁcavit;
1182 2642 1255 2675 quod
1269 2641 1308 2674 (it,
1324 2649 1386 2669 cum
1406 2644 1473 2670 bene
1490 2651 1574 2679 agens
1594 2644 1689 2677 homo,
1706 2645 1774 2672 nihil

980 2688 1155 2722 semetipsum
1167 2695 1228 2716 esse
1239 2693 1326 2723 putat.
1347 2697 1453 2717 necnon
1467 2691 1687 2726 quotiescunque
1697 2692 1775 2718 deor-

980 2742 1040 2762 sum
1058 2734 1193 2761 incurvari
1211 2739 1341 2770 tanquam
1358 2736 1459 2764 collare
1493 2741 1522 2764 et
1537 2737 1663 2764 inclinari
1680 2738 1770 2764 anima

980 2780 1089 2812 dicitur,
1102 2785 1132 2807 ut
1149 2780 1216 2808 alios
1232 2781 1391 2810 salutariter
1417 2783 1513 2818 erigat,
1542 2790 1596 2810 non
1627 2787 1718 2809 tamen
1743 2788 1774 2810 ut

981 2827 1112 2855 afﬁciatur
1129 2827 1199 2855 sicut
1217 2828 1262 2855 illa
1274 2829 1448 2863 quaemisere
1464 2828 1583 2860 corruitt;
1613 2832 1695 2862 atque
1722 2828 1773 2855 hu-

978 2874 1023 2908 jus
1048 2875 1084 2900 rei
1100 2874 1286 2902 manifestatio
1307 2881 1373 2902 sunt
1399 2874 1594 2909 prostrationes
1606 2877 1635 2899 et
1648 2872 1770 2906 genuﬂe~

982 2920 1087 2954 xiones,
1105 2921 1268 2950 humiliante
1284 2928 1314 2949 se
1329 2927 1392 2950 cum
1407 2919 1497 2947 anima
1515 2924 1640 2950 corpore.
1671 2916 1774 2946 Trans-
