1965 3115
117 157 179 218 585'

495 189 536 219 ΙΝ
557 189 725 220 IIYMNUM
746 189 1077 223 PENTECOSTALEM
1096 193 1327 225 DAMASCENI.

1670 192 1722 225 586

115 244 185 276 ἄλλως
201 245 231 271 τὸ
258 245 391 280 πανάγιον
416 247 529 283 Πνεῦμα
545 248 585 280 εἰς
611 248 657 275 τὸν
678 248 724 276 σδν
740 245 815 276 οἷκον
829 249 879 283 τὴν

946 251 1120 279 anetissiuius
1137 251 1256 287 Spiritus
1287 251 1315 279 in
1331 251 1443 280 domum
1461 255 1548 285 tuam,
1567 251 1594 279 id
1606 255 1649 279 est
1663 259 1722 284 cor,

116 290 209 325 καρδίαν
224 292 416 321 εἰσελεύσεται.
425 292 510 320 Τοῦτό
524 302 566 320 σοι
579 294 763 329 κερδήσαντες
776 294 805 327 ἐξ
822 296 882 320 ἑπι-

115 337 285 372 στημονάρχου
300 337 347 364 τοῦ
365 339 486 372 μεγάλου
500 339 582 366 Δαυτδ
607 339 662 365 εδοίι
689 340 882 374 παραδεδώκα-

115 389 156 416 μεν
168 382 203 414 είς
218 382 364 416 ὠφέλειαν.
379 383 408 415 ὃς
420 384 516 416 εἰπὼν,
532 384 664 418 Καρδίαν
674 385 807 418 καθαρὰν
820 386 881 412 κτί-

114 428 202 454 σονέν
215 428 292 462 ἐμοὶ,
309 429 325 456 ὀ
346 430 428 463 Θεὸς,
451 430 488 462 ὡς
512 432 540 462 ἐξ
556 431 681 466 (map/57;;
699 431 769 465 βίον
783 431 883 467 δηλαδὴ

113 473 205 508 ἐπάγει,
233 475 291 507 καὶ,
316 477 437 511 Πνεῦμα
450 478 538 510 εὺοές
568 478 744 512 ἐγκαίνισον
760 479 795 505 ἐν
822 478 884 510 τοῖς

111 519 233 554 ὲγκάτοις
247 530 317 556 μου.
332 522 391 549 Ἵνα
404 523 430 549 τί
448 523 532 556 mni);
546 523 605 550 Ἵνα
621 523 707 554 οὕτως
719 524 885 559 ἐστηριγμέ-

113 573 151 590 νου
165 574 206 599 μοι
219 566 264 593 τοῦ
280 566 354 602 tepet?
369 567 443 594 οῐκου
459 569 506 594 καὶ
529 568 663 600 ἀϐλαϐοῦς
681 569 806 604 μένοντος
818 569 883 595 ἀνέ-

114 619 163 645 μων
176 620 204 638 τε
220 614 388 645 καταπνοαῖς
406 613 455 640 καὶ
469 615 600 648 ποταμῶν
612 616 754 650 ἐπιρροαῖς
767 616 814 641 καὶ
830 623 885 640 σει-

113 657 178 692 σμῶν
192 659 343 693 τιναγμοτς,
360 659 520 694 ἡγεμονεύω
543 661 613 687 κατὰ
638 661 743 692 παθῶν,
767 661 815 687 καὶ
847 661 884 696 μὴ

111 701 228 735 δουλικῶς
249 703 295 730 ὑπ’
310 705 400 736 αὺτοῖς
415 705 545 741 γίνωμαι,
573 706 730 741 ἡγεμονικῷ
747 707 885 743 πνερματι

112 748 294 783 στηριζόμενος
310 749 353 777 διὰ
369 750 428 778 σοῦ.
447 752 700 786 Κεφαλαιώσασθαι
712 751 759 780 οὖν
776 753 807 780 τὸ
833 754 886 780 πᾶν

111 794 136 819 ὲν
148 793 249 829 βραχεῖ,
261 796 409 831 συντριὸἦς
420 797 475 832 πρὸ
490 797 599 824 πάντων
612 798 701 833 χρεία,
712 799 748 831 ὡς
761 799 869 834 εἴρηται
878 806 886 815 ⁸

111 837 163 867 εἶτα
186 842 338 877 οἰκοδομῆς,
368 842 428 877 μεθ’
448 844 482 878 ἣν
513 843 621 879 πνεῦμα
643 844 722 875 εὺθὲς
739 845 794 876 τοῖς
810 844 888 879 ἡμῶν

935 296 1060 325 intrabit.
1086 296 1141 325 lloc
1158 297 1206 325 tibi
1224 297 1322 325 lucrati
1336 305 1368 325 ex
1393 297 1526 331 magistro
1544 296 1723 324 scientiarum

935 350 1034 377 magno
1043 342 1311 374 David,tradidimus
1324 343 1355 369 ad
1370 342 1512 369 utilitatem
1525 351 1533 375 ;
1548 341 1593 377 qui
1608 341 1722 370 dicens:

934 387 987 414 Cor
1003 388 1128 414 mundum
1145 396 1205 415 area
1220 388 1247 414 in
1261 396 1312 421 me,
1329 387 1408 420 Deus,
1421 391 1549 421 tanquam
1558 394 1591 414 ex
1601 386 1725 414 vitaaini-

935 432 974 459 tio
988 433 1102 467 rr-petit;
1118 438 1155 466 ct,
1169 433 1297 465 Spiritum
1314 423 1414 460 rectum
1437 433 1532 460 ἰηηουα
1543 433 1570 458 in
1584 432 1723 459 uisceribus

935 476 1019 503 meis:
1038 481 1066 504 ut
1097 477 1161 512 quid
1192 477 1307 504 faciam?
1321 477 1353 504 Ut
1365 477 1404 504 sic
1423 476 1490 503 mihi
1509 475 1627 503 stabilita
1643 481 1722 502 sacra

935 522 1025 555 domo,
1037 523 1206 557 immunique
1218 528 1344 550 manente
1360 531 1375 550 a
1392 527 1535 549 ventorum
1545 522 1655 549 ﬂatibus
1669 527 1696 549 et
1709 529 1723 548 a

936 568 1079 595 ﬂuminum
1088 569 1207 601 ﬂuentis,
1228 574 1253 596 et
1268 577 1283 596 a
1302 574 1381 596 terra:
1398 573 1519 596 motuum
1532 566 1668 602 procellis,
1676 573 1726 602 ego

936 615 990 642 dux
999 614 1050 641 sim
1059 615 1189 642 adversus
1199 616 1351 649 passiones,
1360 619 1387 642 et
1396 622 1447 641 non
1457 613 1511 641 illis
1519 613 1654 640 serviliter
1663 613 1728 640 sub-

935 660 1026 695 jiciar,
1043 660 1140 695 spiritu
1157 661 1297 696 principali
1320 668 1366 695 per
1379 665 1406 687 te
1419 660 1575 688 roboratus.
1595 658 1628 687 Ut
1643 658 1727 693 igitur

938 706 1055 734 breviter
1069 710 1155 734 totum
1171 707 1328 734 summatim
1344 710 1475 741 repetam,
1489 705 1654 733 contritione
1664 708 1727 731 ante

939 753 1032 780 omnia
1056 760 1125 789 opus
1143 758 1196 786 est.
1217 756 1246 780 ut
1272 752 1411 786 diximus;
1444 751 1542 780 deinde
1566 755 1629 787 apta
1663 758 1728 779 con-

940 801 1102 832 structione,
1119 803 1272 834 postquam
1301 798 1414 834 spiritus
1449 803 1542 825 rectus
1561 797 1588 825 in
1613 796 1727 824 visceri-

941 845 993 872 bus
1019 846 1120 872 nostris
1149 844 1320 872 iuliabitabit.
1346 843 1395 870 Est
1419 843 1501 878 igitur
1531 841 1725 871 desiderabilis

111 887 226 920 ἑγκάτοις
241 888 490 924 ἑγκαινισθὴσεται.
501 891 611 924 Alpeth
622 890 669 917 οὖν
683 891 782 925 ἐπίσης
793 892 888 926 ὥσπερ

944 891 1013 918 sicut
1027 891 1138 926 spiritus
1151 890 1296 923 contritus,
1312 890 1352 918 sic
1365 894 1392 917 et
1411 893 1514 917 rectus.

111 933 139 960 τὸ
152 935 376 969 συντετριμμένον
395 935 517 970 πνεῦμα,
539 936 610 963 οὕτω
627 937 674 964 καὶ
689 937 719 964 τὸ
735 937 822 969 ιύϐἐς.

142 983 188 1007 σοι’.
210 980 362 1016 Συντριδὴν
386 981 414 1008 δὲ
442 983 490 1008 καὶ
502 982 584 1009 πάλιν
607 983 678 1018 φημὶ
695 983 745 1020 τὴν
761 984 888 1018 ἐνάρετον

111 1026 315 1058 καθ’ὲχοὺσιον,
342 1027 439 1054 ὁποίαν
468 1028 612 1063 μακαρίως
640 1023 777 1065 πάσχουσι
796 1030 844 1056 καὶ
861 1031 886 1057 οι

110 1070 229 1105 λέγοντες
255 1071 359 1106 πρῶτοι
391 1071 440 1103 τὰς
466 1073 605 1107 ἁμαρτίας
631 1074 721 1101 αὐτῶν
750 1075 797 1102 καὶ
817 1075 888 1109 σφᾶς

109 1116 200 1148 αὐτοὺς
217 1118 436 1152 κατακρίνοντες.
456 1119 490 1146 Οἱ
507 1120 561 1154 γὰρ
573 1119 660 1152 ἄλλως
670 1119 804 1154 ἑτέρωθεν
819 1129 882 1147 συν-

109 1162 259 1197 τριϐόμενοι
287 1164 334 1191 καὶ
363 1166 636 1200 κατακαμτιτόμενοι,
674 1165 706 1193 οὐ
742 1168 886 1202 μακαρίως

107 1208 205 1243 ἔχουσι.
221 1209 253 1237 Ti
267 1210 322 1244 γὰρ
336 1210 418 1237 καλὸν
440 1211 518 1238 ἔσται
541 1211 653 1247 πονηρῷ
678 1212 815 1248 ἀνθρώπῳ
841 1214 888 1240 καὶ

107 1254 260 1290 ἁμαρτωλῷ
283 1256 451 1289 συντριϐέντι
479 1257 526 1284 τὸν
550 1257 681 1293 βραχίονα
699 1259 887 1295 ψαλμικῶς,ἢ

106 1299 145 1334 τῷ
156 1299 294 1335 ὲναχθέντι
313 1302 342 1332 ἐς
355 1302 466 1336 παγίδα,
479 1304 526 1330 καὶ
539 1304 764 1340 κατακσιμφθέντι
776 1306 824 1341 τὴν
836 1306 888 1340 ψυ-

106 1347 173 1381 χήν;
194 1345 355 1383 Ἑπιστῆσαι
372 1348 401 1375 δὲ
424 1349 476 1385 χρὴ
497 1349 535 1381 ὡς
564 1351 612 1377 καὶ
628 1351 645 1386 ὴ
659 1352 770 1387 τοιαύτη
790 1353 888 1387 εὐαγε-

107 1393 189 1428 στάτη
209 1394 340 1429 συντρισὴ
352 1394 396 1421 διὰ
415 1395 462 1422 τοῦ
479 1395 547 1423 Θεσῦ
562 1397 668 1431 γίνεται
684 1398 730 1424 τοῦ
742 1399 890 1433 προσιεμέ-

106 1448 162 1472 νου,
175 1439 222 1466 xci.
238 1439 276 1474 μὴ
292 1441 494 1473 ἑξουδενοῦντος
517 1442 548 1469 τὸ
562 1445 794 1479 συντετριμμένον
810 1445 884 1472 πνεῦη

106 1494 157 1521 μα,
171 1486 208 1518 ὠς
223 1487 297 1519 ἄξιον
311 1488 478 1516 οἰκειοῦσθαι
495 1490 578 1525 αὐτῷ.
595 1491 649 1517 Καὶ
657 1491 699 1525 εἴη
711 1491 743 1517 ἂν
759 1492 890 1526 συντριϐῇ

103 1531 175 1566 αὕτη
192 1532 325 1568 λεγομένη
342 1532 387 1560 διὰ
410 1533 442 1560 τὸ
467 1535 515 1561 σὺν
531 1535 617 1570 ἑτέρῳ
631 1536 681 1571 τὴν
702 1537 790 1572 ψυχὴν
805 1546 891 1564 κατα-

103 1576 208 1612 τρίϐειν
227 1577 327 1612 ἑαυτὴν
343 1578 532 1614 καὶ-συνθλᾷν,
549 1579 597 1606 καὶ
614 1581 760 1616 ὲπισχνοῦν
784 1582 814 1607 τὸ
831 1583 891 1608 κατ’
905 1589 928 1620 C

103 1623 191 1658 αὐτὴν
210 1623 328 1658 σκληρὸν
338 1625 386 1651 καὶ
396 1624 594 1652 ἀπολεπτύνειν
606 1626 646 1658 εις
661 1626 772 1662 πνεῦμα
784 1627 892 1662 σώματι

103 1668 299 1696 ἁσυνδύαστον.
320 1670 399 1702 Uolo;
416 1670 445 1696 δὲ
461 1671 565 1702 ἐκεῖνος
589 1671 703 1706 ἓτερος;
728 1673 757 1699 '0
772 1673 849 1705 Θεὸς,
862 1672 891 1699 οὗ

105 1714 411 1750 συναπιλαμὸανομένου
436 1716 475 1751 τῷ
499 1716 558 1752 ἰδίῳ
583 1716 736 1752 πλάσματι,
753 1718 790 1748 ὡς
803 1718 893 1754 ψυχὴν

104 1761 194 1794 μόνην
206 1759 239 1786 δι’
253 1760 335 1788 αὺτοῦ
351 1762 540 1790 ἅπατελιῖσθαι
552 1763 598 1790 τὸν
609 1764 736 1792 σύνθετον
746 1764 893 1800 ἄνθρωπον

102 1805 134 1837 ὃς
149 1805 236 1833 ἐθέλει
251 1807 443 1842 συντρίϐεσθαι
464 1809 504 1840 είς
515 1808 605 1844 εὐαφῆ
623 1809 788 1836 ταπείνωσιν
801 1810 850 1846 τὴν
864 1812 893 1837 ὲν

101 1851 176 1886 Θεῷ,
187 1851 328 1885 ὲξανύεται
338 1853 402 1888 ῥᾷον
413 1852 442 1879 τὸ
455 1853 505 1888 τῆς
521 1854 667 1889 συντριδῆς
678 1853 791 1888 ἀγαθόν.
813 1854 893 1881 Ἀλλὰ

100 1894 193 1923 ταῦτα
215 1896 265 1930 μὲν
286 1897 448 1932 πεπόρισται
464 1898 655 1933 μεταφορικῶς
670 1899 726 1925 ἀπὺ
747 1899 894 1934 συπριδῆς

99 1940 164 1977 ἅμα
193 1943 240 1968 καὶ
264 1943 468 1978 κατακάμψεως
486 1945 624 1979 φυτικῆςο
652 1945 739 1976 ἄλλως
763 1945 792 1972 δὲ
815 1946 893 1981 καὶὴ

100 1985 266 2020 καταμόνας
278 1986 395 2022 τροπικὴ
416 1987 558 2024 συπριὸὴ,
581 1988 652 2021 ὅπερ
666 1990 725 2016 ἐστὶ
741 1989 892 2027 σύντριψις,

99 2031 232 2066 χρησίμη
253 2031 377 2065 φαίνεται
399 2031 469 2060 εἶναι
493 2035 533 2065 ei;
548 2035 580 2061 τὸ
596 2035 646 2070 τὴν
658 2037 894 2074 συντετριμμένην

97 2076 177 2103 κατὰ
193 2075 260 2103 Θεὸν
275 2076 375 2112 ψυχὴν,
389 2079 436 2105 καὶ
447 2077 534 2110 οὕτως
546 2079 716 2115 ἀτράχυντον
727 2083 775 2108 καὶ
790 2081 895 2117 ὰσκλή-

97 2130 216 2156 ρυντον,
245 2123 294 2149 καὶ
316 2123 377 2150 οὐδὲ
407 2124 576 2161 ἐπηρμένην,
606 2127 798 2154 κατανοεῖσθαι
814 2128 895 2163 φίλην

95 2165 176 2194 εἶναι
205 2166 245 2201 τῷ
269 2167 340 2203 Θεῷ.
355 2168 482 2196 Βούλεται
495 2170 524 2197 δὲ
536 2171 582 2197 καὶ
603 2171 690 2203 ἄλλως
711 2173 727 2207 ἠ
750 2173 821 2200 κατὰ
845 2174 895 2209 τὴν

96 2211 256 2247 συντριϐὴν
268 2213 366 2248 τροπὴ,
385 2213 400 2240 ὃ
412 2214 471 2241 ἑστι
487 2216 641 2252 μεταφορὰ,
663 2217 763 2252 δηλοῦν
776 2218 894 2245 ἐνταῦθα

976 978 1021 1006 Ἡ.
1036 970 1235 1006 Contritionem
1253 986 1363 1006 rursum
1380 978 1442 1006 dico
1458 978 1620 1006 laudabilem
1633 986 1666 1006 ac
1680 985 1728 1006 vo-

940 1024 1100 1057 luntariam,
1118 1032 1199 1060 quam
1238 1024 1353 1053 feliciter
1372 1025 1548 1059 experiuntur
1572 1024 1618 1060 qui
1647 1024 1727 1060 primi

940 1078 1005 1099 suas
1021 1071 1115 1106 culpas
1134 1071 1263 1100 dicuntet
1280 1070 1726 1106 semetipsosjudicant.Quieuim

940 1119 1008 1147 alias
1031 1123 1059 1147 et
1085 1118 1195 1147 aliunde
1216 1123 1395 1147 conteruntur
1418 1123 1445 1145 et
1469 1118 1659 1151 humiliantur,
1673 1126 1727 1145 non

940 1165 1055 1192 feliciter
1082 1164 1243 1193 adiciuntur.
1275 1164 1346 1198 Quid
1366 1165 1439 1192 cnim
1451 1165 1503 1192 erit
1536 1164 1598 1191 boni
1622 1163 1728 1191 homini

940 1218 1058 1246 nequam
1072 1215 1100 1238 et
1129 1210 1264 1246 peccatori
1277 1211 1354 1246 juxta
1371 1210 1490 1246 psalmos
1523 1210 1635 1238 brachio
1661 1217 1728 1237 con-

941 1257 1002 1290 teri,
1014 1257 1055 1285 vel
1071 1257 1109 1284 illi
1123 1257 1169 1292 qui
1195 1257 1321 1284 inductus
1337 1262 1378 1284 est
1392 1257 1418 1284 in
1444 1256 1583 1291 laqueum.
1596 1260 1623 1283 ιιι
1638 1255 1728 1282 anima

940 1303 1100 1331 humiliatus
1109 1309 1150 1330 est
1162 1303 1174 1329 Ἰ
1186 1301 1341 1330 Meminisse
1359 1309 1424 1329 vero
1449 1306 1555 1338 oportet
1572 1302 1645 1328 illam
1664 1309 1728 1330 san-

941 1349 1091 1377 ctissimam
1107 1348 1298 1376 contritionem
1314 1355 1362 1383 per
1377 1347 1462 1374 Deum
1489 1346 1545 1374 tieri
1563 1346 1608 1382 qui
1632 1347 1729 1381 probat

941 1401 1030 1429 neque
1055 1393 1143 1429 rejicit
1170 1393 1294 1428 spiritum
1313 1393 1471 1426 contritum,
1497 1397 1527 1419 ut
1541 1391 1651 1426 dignum
1681 1392 1728 1427 qui

942 1440 993 1468 sibi
1018 1440 1217 1475 conjungatur;
1233 1443 1260 1467 ct
1275 1439 1326 1466 ista
1342 1439 1469 1466 contritio
1498 1439 1537 1467 sic
1550 1438 1649 1466 dicitur
1665 1439 1730 1473 quia

943 1492 1005 1513 cum
1019 1485 1106 1512 altero
1133 1485 1224 1512 anima
1249 1484 1422 1519 semetipsam
1449 1485 1539 1512 attcrlt
1571 1488 1599 1512 ct
1617 1484 1727 1519 frangit,

943 1535 971 1557 et
990 1531 1063 1564 quod
1088 1530 1115 1556 in
1141 1537 1171 1557 se
1190 1531 1287 1557 durum
1308 1536 1360 1562 est,
1386 1534 1521 1562 attenuat,
1541 1536 1568 1557 et
1593 1530 1728 1557 minuitin

944 1576 1069 1611 spiritum
1097 1576 1206 1608 corpori
1235 1576 1424 1604 dissociatum.
1439 1575 1556 1610 Quinam
1570 1581 1659 1603 autem
1687 1582 1731 1604 est

944 1622 989 1649 ille
1008 1622 1096 1649 alter?
1118 1622 1200 1654 Deus,
1226 1631 1280 1657 quo
1298 1623 1436 1658 propriam
1472 1628 1627 1651 creaturam
1652 1624 1716 1657 adju

943 1672 1033 1702 vantc,
1044 1668 1081 1695 ita
1096 1673 1126 1696 ut
1141 1669 1230 1696 anima
1246 1669 1303 1696 sola
1320 1677 1366 1704 per
1381 1669 1469 1703 ipsum
1482 1669 1640 1704 perﬁciatur
1652 1676 1729 1696 com-

944 1715 1051 1749 positus
1068 1715 1150 1742 homo
1161 1715 1207 1750 qui
1224 1715 1280 1742 vult
1305 1714 1331 1742 in
1360 1715 1475 1742 docilem
1499 1715 1727 1748 ltumiliationem,

944 1760 1018 1788 illam
1034 1761 1129 1796 quaain
1144 1761 1198 1788 Deo
1218 1766 1270 1792 est,
1281 1761 1397 1794 conteri,
1407 1761 1557 1795 completur
1567 1760 1646 1789 facile
1661 1769 1730 1789 con-

944 1806 1065 1834 tritionis
1092 1807 1202 1834 bonum.
1224 1806 1286 1834 llaec
1297 1811 1388 1834 autem
1415 1806 1600 1842 metaphorice
1618 1807 1730 1842 quidem

945 1851 1060 1880 deducta
1077 1858 1139 1881 sunt
1157 1861 1171 1880 a
1187 1853 1351 1880 contritione
1361 1857 1388 1880 et
1411 1852 1599 1880 inclinatione
1624 1853 1732 1888 planta-

946 1905 1029 1925 rum:
1049 1897 1096 1925 sed
1118 1897 1197 1924 aliter
1224 1898 1338 1925 seorsim
1356 1897 1458 1932 tropica
1486 1896 1630 1933 συντριϐῇ,
1658 1898 1730 1933 quod

946 1947 987 1970 est
999 1942 1140 1978 σύντριψις
1150 1943 1323 1971 contribuere
1338 1943 1455 1977 videtur,
1473 1949 1503 1971 ut
1525 1944 1616 1971 anima
1630 1951 1731 1971 secun-

946 1987 1010 2014 dum
1032 1986 1115 2014 Deum
1132 1989 1298 2019 contrita,et
1329 1987 1364 2014 ita
1391 1994 1441 2015 nec
1457 1994 1553 2022 aspera
1575 1995 1626 2015 nec
1648 1987 1730 2022 dura,

946 2041 996 2060 nec
1008 2034 1134 2067 superba,
1150 2038 1293 2061 censeatur
1307 2041 1368 2062 esse
1377 2033 1431 2061 Deo
1439 2034 1532 2062 chara.
1547 2033 1633 2062 Aliter
1641 2037 1730 2062 autem

947 2079 1241 2114 contritionisﬂropus,
1258 2079 1283 2106 id
1295 2083 1336 2107 est
1350 2080 1520 2114 metaphora,
1535 2079 1579 2106 hic
1588 2079 1732 2107 ostendere

945 2125 1084 2161 vultquod
1105 2125 1132 2153 in
1149 2129 1235 2153 totum
1248 2129 1290 2153 est
1303 2126 1415 2159 tritum;
1439 2125 1474 2153 ita
1490 2129 1519 2152 ut
1537 2125 1650 2160 spiritus
1663 2132 1730 2152 con-

946 2172 1092 2200 tribulutus
1104 2172 1186 2199 etiam
1218 2176 1384 2204 conteratur,
1400 2171 1478 2207 quasi
1499 2179 1546 2206 per
1564 2171 1731 2199 humiliatio-

946 2226 1008 2246 nem
1028 2219 1107 2253 plane
1118 2217 1239 2252 fractus;
1263 2217 1327 2247 aliis
1349 2225 1440 2246 autem
1455 2218 1555 2250 verbis,
1579 2217 1731 2245 conteritur

93 2258 132 2285 τὸ
145 2258 210 2286 καθ’
224 2259 339 2295 ὸλότητα
354 2260 557 2296 συλληπτικῶς,
571 2263 608 2294 ὼς
621 2265 723 2297 eluet»,
736 2264 839 2300 τριδὲν⁸
851 2266 890 2293 ἕνα

949 2265 1020 2300 quod
1033 2265 1125 2293 multis
1146 2265 1246 2297 modis,
1262 2264 1306 2292 vel
1323 2272 1377 2292 uno
1391 2264 1483 2299 aliquo
1497 2264 1592 2300 majori
1607 2264 1642 2291 ab
1656 2263 1729 2290 omni

91 2303 131 2330 τὸ
149 2304 294 2333 συνϐλιϐὲν
305 2305 414 2341 πνεῦμα
424 2307 511 2334 {statvo
526 2309 572 2335 καὶ
583 2310 771 2345 συντριδηται,
786 2311 824 2342 ὡς
836 2308 892 2338 οἷον

945 2315 1023 2347 parte
1052 2312 1157 2340 teritur.

91 2349 245 2385 Θραυσθὲν
260 2351 304 2378 διὰ
322 2353 514 2385 ταπεινώσεως
529 2355 568 2384 εις
582 2356 713 2387 παντελές
726 2364 734 2372 θ
749 2356 797 2383 καὶ
808 2356 894 2389 ἄλλως
912 2357 940 2385 δὲ
958 2357 1074 2393 φράσαι,
1096 2357 1270 2393 συντρίϐεται
1303 2356 1333 2384 τὸ
1351 2356 1470 2389 συνόλως
1501 2357 1595 2393 τρισὲν
1619 2358 1732 2393 τρόποις

87 2398 216 2432 πολλοῖς
231 2400 246 2436 ἢ
263 2400 308 2428 και
323 2409 378 2428 τινι
391 2402 524 2438 ἀξιολόγῳ
539 2403 590 2431 ἑνί.

135 2449 193 2483 οβ’.
209 2448 349 2484 Δυνάστην
367 2448 397 2474 δὲ
418 2449 562 2484 γραφικῶς
577 2450 651 2484 λέγει
668 2451 713 2478 τὸν
728 2453 895 2480 παντοδύνα-
938 2446 940 2448 ⁷

87 2502 156 2531 μον
169 2493 240 2520 Θεὸν
250 2494 265 2520 ό
279 2493 406 2528 μελῳδὸς,
417 2492 434 2528 ἢ
448 2493 484 2524 ὡς
495 2493 587 2525 ἁπλῶς
599 2495 729 2530 ἄρχοντα,
746 2495 762 2530 ἢ
776 2497 836 2522 ἀντὶ
847 2497 895 2523 τοῦ

86 2539 259 2575 ἑνδύναμον
278 2539 326 2567 καὶ
341 2539 459 2575 ἰσχυρὸν,
479 2536 523 2566 οἶα
537 2540 586 2575 τῆς
601 2540 700 2573 λέξεως
717 2540 766 2567 τοῦ
779 2541 896 2568 δυνατοῦ

83 2584 179 2620 μήτε
207 2583 276 2611 κατὰ
303 2583 412 2619 μέτρον,
440 2585 509 2619 μήτε
537 2586 608 2611 κατὰ
630 2585 720 2619 μέλος,
745 2586 896 2622 εὐχρήστου

79 2628 227 2657 ἐνταῦθα
240 2629 279 2664 τῷ
294 2631 394 2665 ποιητῇ
404 2629 489 2661 liv-cog.
501 2630 558 2657 οὐκ
570 2631 613 2658 ἀεὶ
622 2631 652 2658 δὲ
668 2631 684 2666 ἡ
698 2631 809 2667 τοιαύτη
824 2632 896 2665 λέξις

77 2676 222 2703 ἔπαινον
241 2674 298 2710 εχει
309 2677 386 2711 παρα
404 2676 460 2707 τοῖς
477 2675 678 2712 παλαιοτέροις,
691 2677 747 2703 ἀλλ’
759 2677 812 2703 εἰσί
826 2686 897 2709 τινες

77 2721 120 2749 οι
143 2720 240 2756 βίαιόν
255 2728 314 2748 τινα
328 2721 374 2748 τὸν
387 2721 524 2756 δυνάστην
540 2723 633 2756 φασὶν,
650 2723 680 2749 οὐ
691 2723 898 2758 κυριολεκτοῦν-

983 2451 1029 2479 7‘2.
1046 2451 1192 2486 Dynasmm
1204 2455 1293 2478 autem
1310 2450 1437 2486 graphice
1464 2450 1547 2479 Deum
1562 2451 1735 2488 omnipoten—

950 2504 1005 2527 tem
1019 2497 1217 2531 dicitscriptor,
1232 2497 1272 2524 vel
1282 2501 1308 2524 ut
1323 2497 1482 2532 simpliciter
1489 2497 1684 2533 dominantem,
1694 2500 1735 2528 vel

951 2547 1089 2580 potentem
1103 2550 1136 2570 ac
1157 2542 1267 2575 fortem.
1281 2547 1414 2577 quatenus
1421 2550 1471 2570 vox
1483 2547 1585 2578 potens,
1600 2553 1648 2573 nec
1658 2546 1736 2581 juxta

951 2596 1080 2622 metrum,
1091 2596 1140 2617 nec
1153 2588 1303 2617 secundum
1311 2588 1455 2616 melodiam
1470 2590 1513 2617 hic
1523 2591 1630 2625 expedit
1639 2597 1736 2627 poetae.

952 2635 1009 2663 Non
1026 2639 1116 2663 autem
1130 2641 1236 2670 semper
1245 2634 1500 2669 hujusmodi,dictio
1514 2635 1619 2664 laudem
1634 2638 1738 2664 invenit

953 2682 1022 2717 apud
1032 2679 1229 2716 antiquos,sed
1239 2679 1321 2714 aliqui
1343 2681 1464 2716 suntqui
1486 2682 1574 2709 virum
1589 2682 1737 2710 violentum

952 2728 1095 2763 dynastam
1115 2731 1225 2759 vocant,
1246 2734 1298 2754 non
1311 2734 1392 2754 sensu
1405 2729 1514 2764 proprio
1528 2729 1680 2763 loquentes.
1690 2729 1737 2755 sed

73 2775 147 2799 τες
170 2767 262 2800 αὐτοὶ,
290 2767 357 2794 ἀλλὰ
385 2767 472 2803 μέσην
497 2767 581 2802 λέξιν,
609 2769 724 2796 καὶτὸν
750 2769 896 2805 δυνάστην,

73 2813 182 2840 καθὰ
203 2813 251 2840 καὶ
267 2812 313 2840 τὸν
326 2813 450 2847 δυνατὴν,
466 2814 616 2849 τιθέμενοι.
635 2815 759 2851 Εὗρηται
773 2817 826 2852 γὰρ
851 2817 899 2844 καὶ

60 2861 95 2889 ,ὁ
118 2859 248 2891 δυνατὸς
264 2861 293 2886 ἑν
308 2861 341 2895 τῇ
361 2859 488 2897 Θειοτάτῃ
503 2860 598 2897 Γραφῇ
618 2862 648 2889 οὐ
661 2863 743 2898 μόνον
771 2861 890 2890 ἐπαινού-

952 2867 1056 2891 tantum
1071 2871 1131 2890 cum
1142 2862 1223 2891 laude
1232 2862 1331 2897 dictus,
1339 2867 1368 2891 ιιι
1377 2871 1383 2890 :
1396 2863 1522 2890 Dominus
1532 2862 1611 2896 fortis
1617 2865 1641 2886 et
1649 2865 1739 2894 potem

74 2914 191 2942 μενος
211 2905 281 2933 κατὰ
299 2906 340 2940 se,
359 2908 464 2942 Κύριος
487 2909 628 2942 κραταιὸς
645 2909 694 2937 καὶ
722 2909 850 2944 δυνατὸς
865 2909 890 2937 ἐι

954 2909 981 2937 in
992 2909 1105 2945 praelia;
1122 2913 1159 2944 ct,
1176 2909 1317 2944 Aecingere
1334 2907 1452 2944 gladium
1469 2911 1542 2934 tuum
1560 2913 1637 2940 super
1652 2906 1740 2940 femur

253 2955 389 2986 ΡΑτιιυι..
414 2956 473 2988 Ga.
494 2953 603 2989 CXXX
612 2957 660 2990 Vl.

1538 2952 1573 2980 I9

953 2774 1069 2801 mediam
1087 2773 1235 2801 dictionem
1255 2777 1282 2800 et
1297 2772 1436 2808 dynastam
1463 2778 1600 2808 potentem
1629 2780 1739 2807 ponen—

953 2821 1003 2845 tes.
1014 2817 1152 2844 Invenitur
1162 2817 1233 2844 enim
1244 2822 1272 2844 et
1280 2823 1375 2852 potens
1386 2818 1413 2845 in
1426 2818 1515 2845 divina
1529 2816 1667 2851 Scriptura
1683 2823 1737 2843 non
