1965 3115
105 157 150 190 ιοι

508 155 550 186 IN
571 155 746 187 HYMNUM
761 153 1088 186 PENTECOS’I‘ALEM
1108 152 1340 185 DAMASCENI.

1675 149 1729 183 602

105 213 235 249 priuatim.
249 212 288 239 Οὐ
307 212 387 247 μόνον
400 212 456 247 γὰρ
471 211 521 246 τῆς
538 211 610 238 κατὰ
636 210 739 246 ψυχὴν,
756 210 825 237 ἀλλὰ
841 209 889 237 καὶ

948 209 1012 236 ritus
1026 208 1212 243 fulguralioni,
1225 215 1275 243 per
1287 214 1369 242 quam
1383 214 1400 234 e
1411 211 1492 234 nocte
1506 205 1653 234 multifarie
1665 214 1727 241 pro-

104 260 151 294 ιιῆς
165 259 231 294 περὶ
261 258 329 294 βίον,
356 258 386 287 ὃς
413 257 514 293 μικροῦ
531 258 580 285 καὶ
604 256 798 292 ἀκατάληπτός
814 257 889 283 ἐστιν

106 305 153 332 ὅσα
167 305 216 332 καὶ
227 305 329 336 ὁποίοις
342 305 483 339 νυκτέροις
501 304 613 337 πλάνοις
629 305 783 340 μετρεῖται.

192 437 356 472 Thom/imor
366 438 510 472 δεύτερον
523 439 578 473 τῆς
592 439 694 472 τρίτης
706 438 795 474 ᾠδῆς.

140 482 246 511 VL'HV
264 485 431 519 έκπορευτδν
445 485 474 518 ιε
493 485 643 519 ἀγεννήτου
661 485 750 520 φάους

191 531 229 558 Τὸ
248 531 543 566 πανσθενουργόφωτον
558 532 670 566 ἄφθιτον
690 532 781 564 σέλας,

189 577 228 605 οὔ
240 577 300 613 τὴν,
316 578 349 605 δι’
367 577 433 604 Υἱοῦ
450 578 588 612 πατρικῆς
602 577 738 612 ἐξουσίας,

191 624 250 651 Νῦν
262 624 409 659 ἐμφανίζει
425 624 537 659 συμφυῆ
556 625 732 660 φρυκτωρίαν

191 671 324 706 Πυρώδης
338 669 406 706 ἦχος
420 672 449 697 ἐν
465 671 534 697 Σιὼν
547 672 604 703 τοῖς
617 671 736 698 ἔθνεσιν.

138 716 194 749 κζ’.
208 713 339 751 Θεολογία
365 717 426 745 ὔλον
448 718 479 744 τι
503 718 592 752 παρὸν
616 717 770 752 τροπάριον
795 718 888 751 κοινὴν

105 763 171 795 ὅλως
182 763 289 791 ἔννοιαν
299 764 350 790 οὐκ
363 764 562 799 ὲπισυρόμενον
571 772 578 780 ·
595 765 778 800 ἑορταπικῶς
794 764 822 790 δὲ
837 764 889 798 ἆρ-

105 818 182 845 χιται
202 811 217 836 ὁ
242 810 359 845 μελῳδὸς
374 810 429 836 ἀπὸ
442 811 491 845 τῆς
505 811 552 837 τοῦ
568 810 645 844 ἁγίου
663 811 823 845 Πνεύματος
841 811 887 837 ὲκ-

106 855 263 890 πορεόσεως
290 857 322 882 hc
339 855 386 883 τοῦ
407 856 529 890 Πατρός·
555 858 664 892 γοργῶς
686 857 756 892 ᾅδων
775 857 823 884 καὶ
844 866 888 883 σε-

108 886 180 935 μνιῖκ
193 901 231 933 ὥς
248 886 372 936 aspect-71x:
387 901 427 936 τῷ
562 886 628 938 ipsi
642 886 713 938 ἀρχὴ
730 902 804 936 αὐτῷ
818 902 888 929 κατὰ
903 886 927 914 Β

104 946 154 982 τὴν
169 947 217 974 τοῦ
236 947 346 982 πρώτου
370 948 504 982 Θεολόγου
529 947 724 982 εὐαγγελιστοῦ
740 950 890 984 ἐσχημάτι-

106 1001 167 1020 σται
184 993 321 1027 ιίπὸντος,
343 995 388 1020 Ἐν
402 995 474 1029 ἀρχῇ
489 991 525 1029 ἢν
543 995 557 1022 ὁ
570 994 675 1028 Λόγος”
692 995 760 1029 φησὶ
775 995 841 1029 γὰρ,
855 992 891 1031 ἦν

105 1039 283 1075 ἑκποριυτὸν,
308 1041 355 1068 καὶ
381 1041 466 1076 ἑξῆς·
493 1041 611 1070 ἐνταῦθα
635 1042 664 1069 δὲ
687 1042 891 1077 ἑπισημαντέσν

105 1086 263 1119 ἀναγκαίως
277 1086 330 1121 πρὸ
344 1087 394 1122 τῆς
405 1087 567 1123 ιρμηνείας,
582 1087 622 1115 ὅτι
640 1088 710 1122 μετὰ
722 1088 786 1119 τοὺς
800 1089 829 1115 ὲν
839 1087 890 1123 ἁρ-

105 1132 140 1167 χῇ
165 1131 213 1158 δύο
238 1132 386 1168 διστίχους,
412 1134 438 1160 οι
455 1134 651 1169 ἐπιφερόμενοι
668 1134 820 1169 γράφονται
843 1134 892 1161 καὶ

106 1179 214 1211 οὕτως’
231 1194 267 1201 ε·-
286 1179 316 1206 οὖ
332 1179 383 1215 τὴν
399 1180 434 1207 δι’
455 1180 520 1207 Υίοῦ
546 1181 686 1216 πατρικὴν
710 1180 836 1213 ἐξουσίαν
856 1196 892 1202 -

106 1225 155 1252 νῦν
172 1226 317 1260 ιμφανίζει
333 1227 454 1261 συμφυεῖ
466 1227 630 1262 φρυκτωρία
641 1243 675 1248 -
690 1228 815 1262 πυρῶδες
825 1226 892 1265 ἦχος

106 1272 136 1298 ἐν
152 1271 236 1298 Σιών·
254 1287 290 1292 —
307 1273 362 1300 Καὶ
384 1273 449 1308 περὶ
465 1273 514 1308 μὲν
536 1273 587 1308 τῆς
604 1274 713 1309 γραφῆς
737 1274 839 1308 ταύτης
854 1274 892 1305 ὡς

107 1319 156 1345 καὶ
175 1318 239 1352 περὶ
255 1319 308 1353 πρὸ
323 1318 420 1353 αὐτῆς,
437 1320 578 1354 εἰρήσεται
591 1320 622 1346 ab
635 1320 694 1346 δέον
705 1328 713 1335 ·
728 1321 767 1354 τῷ
782 1321 849 1352 τέως
864 1320 893 1347 δὲ

108 1363 268 1399 ἑπιῆλητέον
284 1366 318 1400 τῇ
335 1365 425 1400 ἐννοίᾳ
448 1365 495 1391 τοῦ
521 1366 671 1401 τροπαρίου
693 1366 786 1402 τοιᾷδε
804 1366 871 1402 οὔσῃ
884 1374 893 1383 ·

107 1407 172 1441 Ἦν,
195 1410 233 1441 ὼς
260 1409 370 1445 ἐρρέθη,
389 1410 554 1446 ὲκπορευτδν
566 1411 599 1438 ὲκ
614 1412 702 1445 φωτὸς
732 1412 893 1447 ἀγεννὴτου,

107 1457 194 1493 ῆγουν
207 1458 239 1483 ὲκ
258 1456 305 1483 τοῦ
324 1457 378 1483 τῶν
394 1457 491 1491 φώτων
511 1457 626 1492 [ἰατρὸς.
643 1458 674 1484 τὸ
690 1458 737 1485 καὶ
751 1457 892 1494 ἄφθαρτον

108 1503 200 1537 σέλας,
213 1503 298 1539 ἧγουν
314 1503 393 1536 ἅγιον
410 1503 534 1536 Πνεῦμα,
559 1503 618 1537 φῶς
636 1505 667 1530 ὲκ
683 1505 773 1538 φωτὸς
791 1505 894 1540 προελ-

942 255 1022 283 funda
1039 255 1224 281 extrahimur:
1241 261 1293 281 non
1309 253 1398 280 solum
1410 260 1444 280 ex
1456 252 1556 279 anima:
1573 256 1664 286 nocte,
1680 252 1726 280 sed

939 301 1020 328 etiam
1037 308 1071 328 ex
1087 304 1165 328 nocte
1179 299 1276 331 victus.
1295 298 1342 333 qui
1355 298 1410 325 fere
1437 305 1549 332 quoque
1572 298 1729 332 incompre-

941 346 1084 374 hensibilis
1097 354 1150 377 est.
1170 349 1236 380 quot
1250 350 1276 372 et
1287 344 1414 379 qualibus
1430 343 1572 371 nocturnis
1587 344 1728 372 erroribus

940 399 1099 419 mensuram
1119 391 1216 418 habeat
1234 391 1374 418 refertam.

1084 437 1243 471 Traparium
1255 436 1397 464 secundum
1410 436 1493 463 tertiae
1501 435 1571 463 odit.

1012 494 1076 521 Erat
1090 494 1236 529 procedens
1253 501 1284 520 ex
1305 492 1423 528 ingenita
1440 492 1500 520 luce

979 540 1188 576 Omnipotenter
1203 539 1328 567 luciﬁcus
1345 538 1574 573 incorruptnsque
1587 537 1726 572 splendor,

976 587 1061 621 Cujus
1076 594 1123 622 per
1138 585 1199 613 Filii
1217 589 1357 620 paternam
1375 585 1557 612 substantiam

973 632 1053 660 Nunc
1066 631 1223 659 manifestat
1240 635 1382 666 cognatam
1403 630 1489 658 facem

975 678 1059 713 lgnita
1073 685 1124 704 vox
1141 677 1168 703 in
1186 676 1249 704 Sion
1264 676 1403 711 gentibus.

973 724 1017 752 87.
1035 723 1182 758 Thcologla
1201 727 1288 750 totum
1302 727 1345 750 est
1363 729 1483 756 praesens
1494 723 1658 756 troparlum,
1674 729 1728 749 non

938 769 1051 796 numino
1078 769 1214 804 vulgarem
1233 768 1352 803 aliquam
1370 772 1430 802 post
1444 775 1473 795 se
1492 768 1604 795 trahens
1620 772 1731 795 senten-

939 815 1015 842 tiam.
1025 814 1121 850 Incipit
1134 822 1199 841 vero
1211 813 1370 842 festivaliter
1381 817 1460 848 poeta
1477 821 1491 840 ιι
1506 813 1593 840 sancti
1611 812 1729 848 Spiritus

940 868 972 888 ex
989 859 1069 887 Patre
1079 860 1264 894 processione,
1275 859 1365 886 vivide
1380 858 1577 894 magniﬁeeque
1587 866 1689 886 canens
1701 865 1731 887 ut
1745 858 1747 861 ’

941 909 1030 934 metro
1046 905 1182 933 convenit.
1197 905 1305 932 initium
1319 909 1409 932 autem
1423 905 1494 939 apud
1507 904 1596 939 ipsum
1608 905 1732 939 contigu-

942 951 1075 980 rationem
1083 951 1165 978 habet
1174 958 1234 979 cum
1243 951 1321 978 initio
1329 950 1409 985 primi
1419 950 1550 986 Theologi
1558 949 1731 985 evangelista:

941 998 1079 1026 dicentis:
1096 997 1125 1024 ln
1146 997 1281 1032 principio
1302 1001 1362 1024 erat
1389 996 1518 1025 Verbum.
1541 996 1612 1024 Dicit
1631 997 1705 1024 enim
1721 1006 1729 1025 :

943 1045 1007 1072 Erat
1027 1044 1188 1079 procedens,
1203 1048 1231 1071 et
1245 1043 1397 1078 sequentia.
1416 1043 1466 1071 Hic
1478 1048 1568 1070 autem
1596 1049 1659 1072 ante
1690 1043 1731 1070 in-

943 1091 1165 1125 terpretationem
1192 1090 1348 1117 necessario
1387 1090 1537 1117 notandum
1578 1094 1619 1116 est
1647 1090 1731 1124 quod.

942 1141 1003 1172 post
1017 1137 1071 1164 duo
1087 1136 1173 1172 prima
1197 1136 1324 1170 disticha,
1354 1136 1547 1170 subsequentia
1579 1135 1619 1163 sic
1648 1136 1731 1163 etiam

942 1181 1128 1210 scribuntur:
1159 1177 1189 1207 οὗ
1211 1180 1260 1215 τὴν
1284 1180 1319 1207 δι’
1340 1180 1406 1208 Υίοῢ
1427 1180 1568 1216 Πατρικὴν
1594 1180 1731 1213 ἐξουσίαν,

945 1229 993 1255 νῦν
1010 1227 1155 1263 ἐμφανίζει
1186 1228 1309 1262 συμφυεῖ
1334 1228 1496 1264 φρυκτωρία
1524 1227 1648 1262 πυρῶδες
1666 1224 1733 1263 ἦχος

946 1277 974 1303 ἐν
987 1275 1065 1302 Σιών.
1077 1276 1121 1302 -De
1145 1275 1284 1309 Scriptura
1300 1275 1409 1310 quidem
1435 1276 1472 1302 ita
1487 1275 1560 1303 sicut
1576 1275 1609 1302 de
1626 1283 1655 1302 ea
1671 1282 1733 1310 qua:

946 1323 1085 1358 pra‘cedil,
1112 1322 1218 1349 dicetur
1256 1322 1329 1356 quod
1365 1322 1550 1349 necessarium
1576 1325 1628 1349 est.
1655 1321 1734 1349 Nunc

945 1373 1034 1397 autem
1055 1367 1241 1395 inhzcrendttm
1259 1371 1300 1394 est
1324 1367 1434 1400 lroparii
1452 1367 1603 1398 sententiae.
1621 1375 1681 1402 quae
1694 1368 1734 1395 sic

945 1421 974 1441 se
990 1414 1069 1441 habet
1089 1423 1095 1441 :
1127 1413 1200 1445 Erat,
1220 1418 1249 1439 ut
1269 1414 1372 1439 dictum
1396 1419 1448 1445 est,
1465 1415 1616 1447 procedens
1640 1421 1672 1441 ex
1690 1414 1731 1441 in-

947 1459 1038 1492 genito
1054 1458 1167 1489 lumine,
1188 1458 1244 1485 sive
1262 1465 1292 1485 ex
1310 1457 1388 1484 Patre
1409 1458 1555 1491 luminum,
1587 1458 1730 1492 incorrup-

947 1503 1020 1531 Iibile
1039 1504 1142 1537 lumen,
1156 1505 1213 1532 sive
1236 1508 1350 1531 sanctus
1366 1503 1495 1539 Spiritus,
1513 1505 1603 1532 lumen
1618 1513 1634 1532 e
1647 1505 1730 1532 lumi-

109 1549 156 1576 θον
173 1550 220 1576 καὶ
247 1549 453 1583 παντοδύναμον
472 1550 560 1581 ἄλλως
583 1559 612 1576 τε
639 1550 828 1585 πολυτρόπως,
847 1551 894 1578 καὶ

948 1558 980 1577 ne
996 1550 1170 1585 proveniens,
1186 1551 1276 1577 omnia
1291 1550 1436 1577 multifarie
1453 1550 1543 1578 facere
1561 1552 1666 1584 valcns,
1685 1551 1732 1578 sed

107 1596 139 1622 ιν
153 1595 193 1630 τῷ
208 1595 297 1630 φωτὸς
315 1593 384 1621 εἷναι
400 1596 569 1630 παρεκτικὺν
593 1597 641 1623 καὶ
663 1596 730 1624 αὑτό
740 1604 748 1612 ·
766 1594 796 1624 οὗ
811 1598 895 1633 ἤγουν

107 1641 157 1668 τοῦ
180 1641 327 1677 εἰρημένου
353 1640 432 1674 ἁγίου
461 1641 620 1676 Πνεύματος
643 1642 693 1676 τὴν
717 1643 896 1678 φρυκτωρίαν

107 1687 199 1714 εἴτουν
224 1686 373 1722 φανότητα,
397 1687 448 1722 τὴν
477 1687 552 1722 αὑτῷ
578 1688 690 1722 συμφυῆ
718 1688 757 1720 ὡς
785 1690 896 1724 μεγάλῳ

109 1733 193 1766 φωτὶ,
207 1733 258 1769 τὴν
280 1734 433 1768 γενομένην
457 1733 501 1760 διὰ
525 1734 575 1768 τῆς
599 1734 738 1769 πατρόθεν
760 1735 808 1762 τοῦ
832 1735 896 1762 Υἱοῦ

109 1779 236 1812 ἐξουσίας
259 1781 308 1814 τῆς
325 1780 418 1814 κοινῆς
438 1782 471 1815 τῇ
489 1781 555 1816 ἁγίᾳ
569 1781 678 1816 Τριάδι,
698 1783 754 1813 τοῖς
776 1791 899 1817 παρατυ-

108 1825 206 1859 χοῦσιν
220 1824 326 1851 ἔθνεσιν
341 1824 486 1859 ἐμφανίζει
501 1825 550 1852 νῦν
566 1826 687 1861 σήμερον
702 1826 838 1862 αἰσθητῶς
852 1828 898 1854 καὶ

110 1870 199 1902 οὕτως
215 1870 344 1905 ἐμφανῶς
360 1872 430 1898 κατὰ
443 1871 493 1906 τὴν
516 1871 586 1898 Σιὼν
599 1873 629 1898 ὲν
643 1873 676 1907 τῇ
694 1872 745 1907 τῆς
762 1873 899 1908 Πεντηκο-

112 1917 182 1951 στῆς
198 1918 278 1952 ἑορτῇ
293 1917 325 1943 τὸ
339 1918 463 1952 πυρῶδες
477 1918 630 1953 ἀπήχημασ
646 1918 731 1953 ἤγουν
744 1919 761 1954 ἡ
775 1920 804 1946 ὲν
819 1919 899 1954 πυρί-

109 1972 182 1994 ναις,
199 1963 236 1994 ὡς
253 1963 407 1998 προερῤέθη
421 1963 569 1997 γλώσσαις,
585 1964 661 1999 βιαία
674 1964 744 1999 πνοὴ
760 1965 897 2000 φερομένη

109 2008 216 2037 ἀνωθεν
238 2009 378 2043 ὴχητικῶς
397 2011 445 2035 καὶ
469 2009 577 2041 ζωοῦσα
594 2011 658 2041 τοὺς
680 2010 742 2036 τότε
767 2011 897 2041 πιστούς·

109 2056 148 2083 δι’
163 2055 254 2082 αὐτῶν
280 2056 308 2082 δὲ
333 2055 380 2082 καὶ
405 2055 468 2086 τοὺς
483 2056 685 2090 ἀκουσομένους
708 2056 737 2089 ἐξ
753 2057 843 2083 αὐτῶν
868 2057 898 2084 τὺ

111 2104 246 2138 κύρυγμα
262 2102 308 2129 καὶ
320 2103 370 2135 τὴν
388 2101 577 2137 ἀληθεστάτην
594 2102 714 2137 ἱστορίαν
727 2101 773 2129 τοῦ
793 2102 898 2138 θαύμα-

109 2158 170 2181 τος.

148 2197 206 2229 σπη’.
223 2193 379 2228 Σημιίωσαι
396 2192 425 2219 δὲ
440 2193 478 2224 ὡς
503 2193 533 2219 ὲν
552 2192 592 2227 τῷ
609 2191 710 2228 πρώτῳ
726 2191 786 2218 ἕπει
804 2200 898 2227 μυστι-

947 1596 1096 1630 pnescrtim
1117 1596 1143 1623 in
1163 1604 1195 1624 eo
1211 1596 1283 1630 quod
1305 1596 1393 1630 ipsum
1423 1595 1534 1623 luminis
1557 1597 1732 1624 emissionem

950 1643 1030 1669 habet
1051 1643 1200 1677 propriam.
1219 1643 1303 1676 (injus
1325 1649 1390 1677 ergo
1407 1642 1470 1669 dicti
1500 1642 1618 1676 Spiritus
1646 1643 1733 1670 sancti

948 1688 1062 1722 phorum
1077 1696 1124 1715 seu
1151 1688 1295 1723 fulgorem,
1313 1688 1362 1722 ipsi
1381 1692 1512 1722 tanquam
1531 1697 1630 1724 magno
1654 1689 1734 1716 lumi-

948 1735 973 1760 ni
991 1735 1140 1768 proprium,
1161 1738 1270 1761 enatum
1297 1741 1347 1768 per
1369 1733 1428 1761 Filii
1443 1741 1458 1761 ο
1477 1734 1556 1761 Patre
1571 1739 1732 1769 potestatem

948 1787 1006 1813 quo:
1023 1784 1124 1806 sancta:
1141 1778 1268 1806 Trinitati
1282 1780 1436 1806 communis
1452 1783 1505 1813 est,
1521 1780 1734 1807 occurrentibus

949 1825 1074 1859 gentibus
1085 1825 1241 1852 manifestat
1253 1826 1332 1853 hodie
1342 1826 1508 1853 sensibiliter
1520 1831 1547 1853 et
1558 1827 1594 1853 ita
1608 1830 1733 1860 patenter

950 1871 976 1897 in
1001 1871 1066 1899 Sion
1096 1872 1122 1899 in
1152 1872 1221 1900 festo
1255 1872 1430 1901 Pentecostes
1457 1873 1539 1907 ignita
1565 1873 1732 1904 resonantia,

950 1918 1006 1945 sive
1030 1917 1075 1945 ille
1092 1918 1118 1944 in
1130 1918 1228 1952 igneis,
1244 1918 1387 1946 utdiclum
1415 1924 1466 1951 est,
1493 1918 1592 1952 linguis
1617 1917 1734 1952 spiritus

949 1964 1095 1990 vehemens
1124 1963 1241 1997 chuper
1254 1970 1316 1990 cum
1351 1964 1443 1990 sonitu
1477 1964 1601 1996 veniens,
1616 1967 1643 1990 et
1670 1967 1736 1989 tunc

951 2009 1082 2043 temporis
1098 2008 1190 2037 ﬁdeles
1207 2009 1368 2043 viviﬁcans;
1388 2017 1435 2044 per
1446 2010 1518 2044 ipsos
1531 2014 1619 2037 autem
1646 2009 1734 2036 viviti-

950 2063 1016 2083 cans
1042 2059 1068 2082 et
1083 2054 1144 2082 illos
1157 2055 1210 2090 ‘qui
1224 2063 1257 2083 ex
1271 2055 1337 2090 ipsis
1354 2055 1520 2090 praeconium
1537 2056 1734 2092 historiamque

951 2100 1067 2137 prodigii
1087 2101 1258 2129 verissimam
1277 2101 1398 2128 audituri
1414 2105 1489 2129 sunt.

987 2190 1032 2218 88.
1054 2189 1207 2218 Notandum
1223 2195 1263 2218 est
1290 2196 1381 2218 autem
1406 2190 1490 2226 quod,
1509 2197 1572 2218 cum
1595 2189 1623 2218 in
1646 2189 1735 2225 primo

108 2240 180 2273 κῶς,
199 2241 247 2267 καὶ
263 2240 298 2267 δι’
314 2239 380 2266 αὐτὸ
394 2240 425 2266 οὐ
440 2239 512 2266 πάνυ
535 2239 638 2273 σαφῶς,
652 2239 799 2273 ἀγέννητον
813 2238 895 2272 φῶςὸ

951 2245 1028 2273 versu
1046 2238 1157 2273 mystice
1172 2238 1338 2272 proinleque
1351 2245 1404 2264 non
1420 2238 1530 2264 omnino
1539 2238 1613 2264 clare
1631 2237 1736 2272 ingeni—

108 2288 225 2321 ὑψίνους
244 2285 362 2321 μελῳδὸς
374 2285 420 2311 τὸν
438 2285 549 2320 Πατέρα
565 2286 652 2311 είπὼν
672 2285 741 2320 πρὸς
755 2284 899 2319 διαστολὴν

107 2333 160 2360 τοῦ
187 2332 317 2367 γεννητοῦ
343 2331 431 2365 φωτὸς
457 2330 503 2358 τοῦ
531 2331 596 2357 Υἱοῦ
611 2338 619 2346 ·
647 2332 678 2357 ὲν
702 2331 730 2358 δὲ
756 2331 795 2366 τῷ
813 2332 899 2366 τρίτῳ

107 2379 198 2414 στίχῳ
223 2379 273 2413 τὴν
299 2378 382 2412 ἁγίαν
404 2377 509 2410 Τριάδα
528 2377 595 2407 θεὶς,
623 2376 654 2403 τὺ
682 2377 731 2411 μὲν
754 2377 801 2403 τοῦ
819 2377 898 2410 ἁγίου

106 2425 271 2459 Πνεύματος
300 2424 398 2457 ὃνομα,
426 2422 460 2449 δι’
489 2423 666 2457 ἀντωνυμίαν
700 2423 898 2456 μονοσυλλὰσου

103 2472 264 2507 ἐδήλωσεν·
287 2471 333 2497 τὸν
349 2470 378 2497 δὲ
405 2469 515 2504 Πατέρα
537 2468 585 2495 καὶ
608 2469 652 2495 τὸν
674 2468 739 2494 Υίδν
763 2468 898 2503 ἀριδήλως

103 2518 283 2552 ἑξωνόμασεν
294 2525 301 2531 ·
320 2514 360 2547 οἷς
377 2515 477 2542 αὐτίκα
493 2515 677 2541 συνεννοεῖται
693 2514 739 2540 καὶ
756 2515 786 2539 τὺ
803 2522 899 2548 μυστι-

103 2563 161 2590 κὸν
177 2561 268 2592 σέλας,
286 2561 316 2586 τὸ
330 2561 377 2586 καὶ
391 2560 425 2586 δι’
441 2559 614 2592 ἀντωνυμίαν
624 2559 809 2594 δεδηλωμένον
820 2558 899 2593 ἆγιον

104 2608 237 2642 Πνεῦμα.
252 2605 431 2641 Θαυμαπέον
441 2605 470 2631 δὲ
485 2605 533 2631 τοῦ
547 2605 736 2640 θεωρουμένου
748 2604 898 2639 τροπαρὶου

101 2653 159 2681 καὶ
187 2653 228 2678 ὃτι
252 2652 388 2685 ὀλόφωτον
412 2650 478 2678 αὐτὸ
498 2650 630 2685 ἐξέφανεν
655 2652 669 2677 ὁ
694 2650 832 2686 μελῳδός·
851 2649 898 2676 καὶ

101 2699 200 2730 οὕτως
218 2698 316 2729 εἰπεῖν,
335 2697 447 2731 λυχνίαν
467 2696 534 2723 αὐτὸ
549 2697 636 2732 ἀνῆψε
662 2697 798 2730 μυστικὴν
815 2696 898 2723 ἑπτά-

101 2753 219 2780 φωτον·
236 2744 266 2770 τὺ
287 2744 337 2778 μὲν
351 2744 498 2777 ἀγέννητον
522 2744 591 2777 φάος
614 2744 659 2769 τὸν
678 2742 789 2776 Πατέρα
810 2743 898 2776 ἐκφω-

101 2793 209 2826 νήσας,
240 2790 270 2816 τὸ
298 2789 326 2816 δὲ
358 2789 489 2823 γεννητὸν
518 2789 565 2816 τὸν
590 2789 654 2816 Υίὸν
681 2789 898 2816 συνεπινοεῖσθαι

102 2836 192 2872 ἀφείς
203 2844 211 2852 ο
228 2832 259 2862 οὗ
275 2835 445 2861 ’διαστέλλων
461 2836 570 2867 πάντως
586 2836 734 2870 ἀγέννητον
758 2835 817 2870 φῶς
837 2833 897 2861 εἷπε

101 2885 158 2911 τὸν
174 2882 285 2917 Πατέρα
297 2889 303 2896 ·
321 2881 361 2917 τῷ
376 2881 495 2918 δευτέρῳ
509 2882 593 2918 στίχῳ
609 2882 666 2917 φῶς
687 2882 774 2914 ἐνθεὶς
792 2882 838 2909 καὶ
853 2882 897 2910 σέ-

950 2289 1005 2310 tum
1029 2284 1119 2311 lumen
1145 2283 1250 2311 excelsa
1268 2283 1396 2318 praeditus
1415 2288 1504 2310 mente
1521 2288 1598 2317 poeta
1607 2282 1674 2310 dixit
1687 2282 1736 2309 Pa-

951 2335 1029 2362 trem,
1043 2329 1074 2355 ad
1087 2329 1307 2364 distinguendum
1320 2337 1382 2356 cum
1397 2328 1498 2360 nFilio,
1512 2329 1607 2364 genito
1619 2329 1736 2362 lumine,

951 2375 976 2401 in
1012 2374 1091 2401 tertio
1117 2380 1208 2401 autem
1247 2381 1326 2401 rcrsu
1352 2374 1552 2401 sanctissimam
1577 2374 1735 2401 Trinitatem

953 2420 1063 2455 posuit;
1081 2421 1168 2448 sancti
1185 2420 1294 2455 quidem
1323 2420 1441 2455 Spiritus
1457 2429 1555 2448 nomen
1570 2429 1617 2456 per
1636 2429 1737 2456 prono-

954 2475 1015 2494 nem
1039 2466 1252 2502 monosyllabum
1269 2467 1406 2500 ostendit;
1420 2467 1524 2494 Patrem
1543 2475 1606 2494 vero
1621 2466 1737 2494 Filium-

949 2520 1002 2547 que
1017 2512 1160 2540 manifeste
1177 2513 1344 2545 nominavit;
1359 2513 1523 2547 quibuscum
1550 2513 1678 2548 prolinus
1707 2517 1736 2540 et

951 2560 1110 2594 intelligitur
1124 2559 1256 2594 mysticus
1268 2558 1370 2593 fulgor;
1385 2559 1430 2594 qui
1447 2567 1557 2594 quoque
1572 2567 1620 2594 per
1635 2567 1736 2593 prono-

950 2613 1011 2633 nem
1041 2605 1195 2632 declaratur
1222 2603 1341 2638 Spiritus
1363 2610 1484 2633 sanctus.
1521 2605 1670 2632 Mirandum
1687 2613 1736 2631 au-

951 2656 1003 2678 tem
1030 2655 1072 2678 est
1089 2650 1154 2678 illud
1174 2651 1286 2686 spectati
1317 2651 1437 2685 troparii,
1458 2651 1530 2685 quod
1549 2650 1613 2677 illud
1644 2650 1736 2676 omni—

951 2696 1056 2729 fulgcns
1088 2697 1214 2730 exposuit
1241 2702 1336 2731 pocla,
1364 2701 1391 2724 et
1423 2701 1452 2724 ut
1478 2697 1512 2723 ita
1539 2696 1640 2727 dicam,
1671 2694 1734 2721 illud

951 2743 1092 2777 mysticam
1114 2749 1215 2777 septem
1242 2743 1388 2770 lmninibus
1415 2743 1553 2770 lucernam
1581 2740 1730 2767 accendit:

949 2789 1168 2823 quandoquidem
1184 2790 1333 2825 ingenitum
1365 2789 1456 2816 lumen
1485 2785 1670 2821 pronuntiavit
1683 2784 1733 2810 Pa-

951 2840 1017 2861 trem
1034 2843 1040 2868 ;
1058 2835 1178 2869 genitum
1198 2843 1260 2863 vero
1272 2835 1346 2862 dedit
1362 2834 1442 2861 simul
1461 2831 1572 2864 intelligi
1590 2829 1699 2856 Filium.
1717 2836 1731 2854 a

949 2889 1003 2918 quo
1019 2889 1131 2916 prorsus
1151 2888 1308 2914 secernens,
1327 2879 1476 2914 ingenitum
1493 2876 1583 2903 lumen
1599 2873 1666 2901 dixit
1679 2871 1733 2899 l’a-
