1965 3115
112 137 169 171 613

525 135 567 168 ΙΝ
586 136 759 169 HYMNUM
781 137 1110 169 PEN’TECOSTALEM
1122 137 1357 170 DAMA’SCENI.

1695 138 1753 173 614

111 198 237 232 νοήματα
250 205 259 213 ’
271 197 295 224 el
313 197 359 224 καὶ
374 197 462 227 ἑκεῖνο
476 196 526 232 μὲν
544 196 576 222 ἐκ
591 197 638 223 τοῦ
663 197 770 234 Harpe;
787 198 892 233 ἀρξάμε

958 203 1003 225 tur
1034 198 1122 225 amba:
1148 198 1300 229 sententia.
1314 197 1378 225 licet
1410 197 1465 225 luet:
1486 206 1500 225 a
1522 197 1602 225 Patre
1616 197 1751 234 incipiens

112 252 157 269 νον
169 242 207 274 ὡς
229 242 309 278 μόνου
325 242 554 278 μονογεννήτορος
570 243 610 273 εις
624 241 671 269 τδν
695 242 830 277 μονογενῆ
853 251 900 268 κα-

112 289 222 324 τέληξεν
250 289 324 316 Υίόν.
354 288 439 315 Τοῦτο
469 289 496 315 δὲ
525 288 681 316 ἀνάπαλιν·
712 288 842 323 διάφορον
871 288 900 314 δὲ

112 336 225 370 ἀμφοῖν,
241 335 282 361 ὅτι
294 335 353 361 ἐκεῖ
368 335 418 370 μὲν
434 335 583 370 ἐξήρκεσεν
597 335 726 370 ἀσφαλῶς
745 334 900 370 τριπλωοὲν

113 384 143 408 τὸ
168 382 267 417 μόνος,
297 381 413 407 ἐνταῦθα
431 381 458 407 δὲ
486 380 561 413 ἅπαξ
581 381 647 407 αὐτὸ
673 381 774 417 ἐρρέθη
800 381 836 412 ὠς
853 380 900 406 τοῦ

114 425 168 458 οἷος
183 427 216 461 τῇ
235 425 364 452 διπλώσει
381 426 427 452 τὸν
449 426 554 452 ἐκείνου
579 427 663 452 τόπον
684 426 899 461 ἀναπληρώσαν·

114 482 158 504 τος
170 480 177 487 ·
191 472 233 498 ὅτι
250 471 277 498 δὲ
295 471 420 506 ψιλοῦται
437 471 528 503 καλῶς
550 472 581 498 τὺ
595 470 650 504 οῐος
667 473 681 499 ὁ
701 473 790 506 μόνος,
807 481 899 507 παρα-

112 519 230 546 διδόασιν
248 519 273 544 οι
290 518 401 545 παλαιοὶ
423 518 548 552 λέγοντες
562 518 600 550 ὡς
615 520 647 545 ὲκ
670 519 717 545 ¹τοῦ
733 519 772 551 τος
787 519 897 554 ἀρσενι-

113 567 160 592 κὶν
174 566 224 600 μὲν
235 567 315 600 γένος
333 566 363 592 οὐ
378 566 569 601 παρελάϐομεν
582 574 589 582 ⁸
603 565 720 601 θηλυκὸν
733 567 763 593 δὲ
780 565 896 602 εὓρηται

113 612 139 638 fa
160 613 176 647 ἠ
193 614 241 647 μία
257 620 264 628 ⁶
285 612 410 646 φαίνεται
436 612 464 638 δὲ
479 612 527 638 καὶ
551 612 694 647 οὐδέτερον
722 612 805 640 αὑτοῦ
826 612 898 640 εἶναι

112 658 151 685 ἴον
168 659 197 684 τὺ
216 659 255 690 ἒν,
271 659 342 685 κατὰ
357 659 402 685 τὸν
426 659 538 684 εἰπόντα
556 659 647 685 θανεῖν
663 667 739 690 τινας
760 659 792 693 ίῷ
810 659 897 695 ἤματι

110 706 127 740 ἢ
144 705 180 735 ὡς
197 704 255 731 ἑνί·
280 704 293 731 δ
318 703 527 739 περισπώμενον
551 705 763 739 καταφευξεῖται
786 707 826 737 εἰς
846 705 896 740 τὴν

110 752 258 785 ἀναλογίαν
274 751 321 778 τοῦ
344 751 474 786 θηλυκοῦ.
492 751 596 787 Ὠσπερ
612 753 667 786 γὰρ
690 751 718 778 τα
746 752 796 786 μὲν
815 751 898 786 βαρυ-

109 799 204 830 τόνως,
221 799 238 833 ἡ
254 798 282 825 δὲ
295 798 391 833 γενικὴ
409 798 451 829 lii;
467 799 687 833 περισπωμένως
702 799 740 830 ὡς
757 799 806 834 μία
820 799 896 833 μιᾶς,

109 844 181 871 οὕτω
207 845 255 871 καὶ
275 845 315 871 ίον
333 845 382 879 μὲν
400 845 430 871 τὸ
455 844 486 871 ἓν
511 844 583 871 κατὰ
598 845 791 881 βαρυτόνησιν,
814 845 855 873 ιοῦ
869 846 897 873 δὲ

110 892 156 917 καὶ
173 891 206 926 ίῷ
224 890 294 926 μετά
307 891 535 926 περισπωμένης,
552 891 581 917 αι
601 891 723 926 πλάγιοι.

145 979 197 1013 ιιοι.
222 979 355 1007 Ἀναίτιον
367 978 395 1006 δὲ
410 979 519 1015 Πατέρα
531 978 578 1006 τὸν
594 980 744 1016 ἀγέννητον
761 981 845 1016 λέγει,
859 982 897 1014 ὡς

110 1027 148 1062 μὴ
166 1025 311 1060 γενόμενον
335 1026 383 1052 καὶ
398 1026 479 1052 αὑτὸν
504 1026 626 1053 αίτιατδν
652 1027 680 1053 ὲν
697 1027 735 1062 τῷ
754 1029 829 1062 σχεῖν
845 1037 898 1056 πα-

108 1073 175 1107 τέρα
191 1072 277 1098 αἴτιον
303 1072 353 1106 τῆς
372 1071 455 1098 αὑτοῦ
473 1072 608 1105 γενέσεως
631 1072 702 1099 κατά
724 1072 786 1105 τοὺς
806 1075 834 1100 ὲν
859 1073 898 1108 τῷ

108 1119 216 1152 κόσμῳ.
234 1118 279 1144 Διὸ
300 1118 380 1149 αὐτὸς
397 1117 447 1152 μὲν
461 1118 547 1149 αίτιὸς
569 1119 645 1145 ἐστιν
662 1119 700 1150 ὡς
719 1120 814 1155 Πατὴρ
831 1120 896 1147 Υιοῡ

108 1163 230 1191 αἰτιατοῦ
253 1166 323 1192 κατὰ
348 1165 428 1199 μόνον
445 1165 475 1192 τὸ
493 1165 672 1200 γεννηθῆναι.
687 1166 783 1198 ’Δλλος
807 1166 836 1192 δέ
854 1175 898 1198 τις

107 1211 158 1235 οὐκ
171 1209 244 1236 ἔστιν
258 1209 339 1237 αὐτοῦ
359 1210 391 1245 δὴ
403 1210 449 1237 τοῦ
464 1211 572 1246 Harpe:
584 1211 687 1243 αἴτιος·
704 1212 803 1238 οὐκοῦν
817 1212 895 1239 ἀναί-

108 1264 165 1287 τιος
184 1257 197 1282 ὁ
226 1255 320 1291 Πατὴρ
336 1256 446 1290 λέγεται
475 1258 551 1292 παρὰ
575 1257 606 1283 τδ
627 1258 666 1292 μὴ
685 1257 760 1293 ἔχειν
785 1258 895 1294 Πατέρα

108 1302 196 1327 αἴτιον
220 1300 267 1327 τοῦ
288 1299 359 1328 εῖναι
376 1301 481 1329 τοῦτον.
497 1301 558 1328 Ὅτι
578 1301 606 1336 ᾂὲ
632 1303 664 1329 τὸ
681 1303 731 1337 μὲν
755 1303 844 1330 αἴτιον
858 1303 896 1339 τῷ

109 1348 196 1382 Ιιατρὶ
223 1349 438 1383 προσαρμόττει,
459 1350 489 1375 τὸ
510 1349 538 1375 δὲ
558 1349 681 1377 αιτιατδν
700 1349 739 1384 τῷ
762 1349 830 1385 Υίῷ,
847 1358 897 1376 πα-

109 1395 252 1430 ραδέδοται
268 1396 315 1422 καὶ
338 1394 501 1429 θεολογικῶς
514 1403 522 1410 ”
538 1396 692 1430 σημείωσαι
709 1395 737 1422 δὲ
762 1396 803 1423 ὅτι
819 1395 895 1430 ὁμώ-

107 1449 192 1475 νυμος
217 1441 289 1474 λέξις
305 1442 318 1468 ὁ
335 1441 468 1474 ἀναίτιος,
482 1442 496 1467 ὁ
511 1442 547 1476 μὴ
563 1441 633 1476 ἔχων
655 1441 756 1475 αἰτίαν,
771 1441 786 1476 ἢ
803 1441 841 1473 ὡς
855 1441 894 1476 μὴ

105 1487 285 1522 ὑποκείμενος
304 1487 460 1521 αἰτιάματι,
481 1487 495 1514 ὅ
518 1488 576 1513 ἐστι
593 1488 687 1523 μομφῇ
707 1496 772 1520 τινι,
791 1488 820 1520 ὂς
847 1488 894 1515 καὶ

105 1533 155 1559 οὑκ
180 1533 265 1565 αἴτιος
287 1532 406 1566 λέγεται,
424 1534 463 1564 ὼς
475 1532 516 1565 τὸ,
535 1533 604 1560 οὔτι
618 1542 669 1567 μοι
693 1534 773 1568 αἰτίη
798 1534 893 1560 ἐσσί·
907 1556 930 1588 C

104 1579 121 1613 ἦ
138 1579 175 1608 ὡς
189 1579 238 1613 οὐχ
262 1578 395 1614 ὑπάρχεις
414 1586 459 1612 μοι
486 1579 625 1613 μεμπτέα,
650 1578 711 1605 οὐδὲ
731 1580 785 1614 ἔχω
802 1580 893 1606 αἰτιά-

106 1624 205 1650 σασθαί
230 1632 260 1650 σε
275 1632 281 1639 ·
311 1624 358 1650 καὶ
386 1623 465 1650 τοῦτο
494 1623 544 1658 μὲν
567 1624 597 1650 ἓν
615 1624 817 1659 σημαινόμενον
845 1625 892 1652 τοῦ
916 1631 919 1633 ’

105 1671 246 1701 ἀναίτιος·
278 1670 367 1701 ἄλλως
390 1670 418 1696 δὲ
443 1669 598 1704 φιλοσόφως
626 1671 749 1701 ἀναίτιος
774 1671 892 1698 ἐνταῦθα

106 1715 212 1750 Πατὴρ,
235 1717 249 1742 ὁ
266 1717 303 1752 μὴ
331 1716 401 1751 ἔχων
427 1716 514 1743 αἴτιον
531 1717 685 1752 γεννήσεως
709 1718 758 1750 τῆς
782 1717 891 1749 ἑαυτοῦ,

105 1761 163 1788 ἀλλ’
179 1761 260 1793 αὐτὸς
271 1761 372 1796 δηλαδὴ
385 1762 471 1793 αἴτιος
481 1763 635 1797 γεννήσεως
648 1762 695 1789 τοῦ
711 1762 786 1795 Υἱοῦ,
803 1765 892 1790 aletu-

104 1807 152 1834 τοῦ
167 1807 268 1843 δηλαδὴ
295 1808 379 1834 αὑτοῦ
407 1808 499 1839 ὄντος·
521 1809 552 1835 τὸ
579 1809 633 1844 γὰρ
657 1809 744 1836 αἴτιον
760 1810 803 1836 ἀεὶ
823 1810 891 1845 πρὸς

106 1854 227 1880 αίτιατὸν
241 1853 360 1887 λέγεται,
380 1854 418 1886 ὡς
432 1855 479 1881 καὶ
494 1855 617 1881 αἱτιατὺν
640 1855 708 1890 πρὸς
721 1855 808 1882 αῐτιον
822 1863 830 1871 ”
844 1856 890 1883 καὶ

104 1900 148 1926 ἀεὶ
162 1900 247 1931 αἴτιος
267 1900 316 1934 μὲν
333 1900 347 1926 ό
360 1901 455 1936 Πατὴρ
469 1902 537 1936 πρὸς
561 1902 638 1934 Υἱὸν,
654 1901 775 1933 αιτιατδς
797 1902 826 1929 δὲ
841 1904 889 1929 αὑ-

102 1946 148 1977 τὸς
163 1946 231 1980 πρὸς
253 1947 361 1981 Πατέρα
374 1955 382 1962 ·
399 1948 447 1974 καὶ
470 1947 543 1975 οὕτω
567 1949 617 1982 μὲν
636 1950 790 1984 σεμνότατα
804 1951 818 1976 ὁ
835 1951 889 1976 Πα-

101 1992 155 2026 τὴρ
170 1992 233 2022 Θεὸς
247 1992 367 2024 ἀναίτιος
380 1992 489 2027 λέγεται
502 2001 508 2010 ⁸
524 1994 613 2026 ἄλλως
629 1995 658 2021 δὲ
674 1996 745 2022 κατὰ
759 1995 809 2031 τὴν
829 2005 889 2023 κοι-

103 2036 153 2070 νὴν
182 2037 321 2071 σημασίαν
347 2039 434 2065 είπεῖν
466 2039 548 2066 αὐτὸν
580 2040 702 2066 ἀναίτιον
733 2040 888 2073 Ιδιωτικῶς,

101 2082 201 2118 ἀληθὲς
215 2083 266 2116 μέν
282 2083 368 2116 ἐστιν,
387 2084 418 2111 οὐ
435 2085 504 2112 πάνυ
526 2085 554 2112 δὲ
572 2085 682 2120 σεμνόν.
699 2087 732 2113 Τί
750 2087 805 2122 γάρ
822 2087 889 2123 ὑψη-

101 2129 148 2155 λὸν
163 2130 283 2156 ἀναίτιον
302 2130 387 2165 ἤγουν
401 2131 503 2166 ἀψογον
515 2133 562 2157 καὶ
575 2132 724 2166 ἄμεμπτον
740 2134 830 2160 εἰπεῖν
843 2134 888 2160 τὸν

102 2175 180 2208 Θεὸν,
195 2176 243 2202 καὶ
253 2177 299 2203 ἐπὶ
312 2175 376 2212 ποίᾳ
396 2178 532 2210 αἰτιάσει;
551 2178 621 2213 ὅπερ
635 2178 697 2205 οὐδὲ
719 2178 823 2212 ἔνδοξος
840 2179 889 2207 ἄν·

102 2221 211 2256 θρωτυος
222 2222 343 2254 ἀκούσας
354 2223 425 2258 ὑπὲρ
436 2223 545 2258 ἑαυτοῦ,
559 2224 722 2257 ἀποδέξαιτο
731 2226 765 2253 ἀν
774 2227 803 2258 ἐς
815 2226 886 2253 λίαν.
903 2229 926 2257 ι)

137 2355 171 2391 ρ’.
193 2355 292 2383 Ὶστέον
306 2355 335 2383 δὲ
352 2356 394 2383 ὅτι
416 2364 446 2383 τε
461 2357 491 2383 οὐ
512 2358 611 2385 ταυτὸν
636 2359 757 2391 αἱτιατὸς
776 2360 823 2386 καὶ
846 2361 888 2388 αι-

96 2401 218 2434 τιατὲος,
234 2401 302 2428 ἀλλά
317 2402 332 2428 ό
349 2401 399 2436 μὲν
422 2402 544 2434 αἱτιατὺς
558 2398 649 2439 ἀγαυὴ
674 2404 757 2438 λέξις,
770 2405 785 2431 6
796 2405 825 2432 δὲ
842 2406 887 2433 αί·

97 2449 206 2480 τιατέος
240 2448 372 2482 ἐπίψογος
386 2456 394 2464 ο
414 2449 462 2475 καὶ
487 2449 530 2476 ὅτι
547 2450 573 2476 εί
592 2450 716 2482 ἀναίτιος
738 2453 857 2478 ἐνταῦθα
871 2453 886 2479 ὁ

98 2495 203 2529 Πατὴρ,
219 2495 291 2522 καθὰ
303 2495 422 2530 είρηται,
439 2495 507 2522 ἀλλὰ
519 2496 620 2532 τρόπον
636 2496 716 2525 ἄλλον
727 2498 814 2530 αἴτιός
828 2499 886 2526 ἑστι

98 2542 208 2568 πάντων
236 2541 291 2568 τῶν
307 2541 404 2573 ὄντων,
424 2542 472 2568 καὶ
497 2543 578 2568 αὑτὸν
605 2543 757 2578 αἰτιώμεθα
784 2546 886 2577 παντὸς

97 2587 194 2619 καλοῦ,
212 2587 271 2622 ἦτοι
293 2588 380 2614 αίτιον
397 2588 528 2623 κρίνομεν
553 2589 663 2615 πάντων
682 2590 736 2616 τῶν
758 2590 882 2624 ἀγαθῶν.

94 2634 199 2668 Μηδεὶς
216 2633 244 2660 δὲ
265 2634 372 2666 παίζων
383 2634 489 2669 λεγέτω
503 2634 551 2661 καὶ
569 2636 598 2661 τὸ
619 2635 657 2671 μὴ
673 2635 704 2662 ὃν
717 2637 765 2663 καὶ
784 2637 814 2663 τὺ
834 2645 884 2672 μη-

93 2680 139 2706 δὲν
152 2672 262 2707 ἀναίτια
289 2678 370 2712 εἶναι,
384 2680 420 2711 ὡς
439 2681 476 2715 μὴ
501 2681 576 2713 ὕντος
593 2681 664 2713 τινὸς
678 2683 766 2709 αἰτίου
779 2682 881 2711 αὐτῶν.

94 2726 132 2752 Τὸ
156 2725 273 2760 μὲνγὰρ
301 2726 388 2752 αίτιον
412 2726 487 2757 ὄντος
511 2727 583 2758 τινὸς
607 2728 704 2761 αἴτιον,
730 2729 786 2755 εἴτε
803 2729 882 2756 οὐσία

93 2772 182 2797 ἐκεῖνο
203 2771 231 2797 τὸ
246 2771 276 2797 ὂν
295 2771 350 2798 εἴτε
368 2771 541 2806 συμϐεὗηκός
555 2780 561 2787 ·
577 2772 608 2799 τὸ
628 2773 656 2799 δὲ
677 2774 715 2808 μή
733 2773 774 2805 ὃν,
792 2774 881 2801 καὶτὸ

94 2817 189 2851 μηδὲν,
207 2818 286 2852 οὐσία
303 2817 340 2852 μὴ
365 2818 441 2849 ὄντα,
457 2818 551 2853 ὥσπερ
576 2813 606 2845 οὗ
626 2820 656 2845 τὸ
671 2819 770 2853 αἴτιον,
794 2820 880 2852 οὕτως

93 2863 153 2889 οὐδὲ
169 2863 197 2889 τὸ
216 2864 334 2891 ἀναίτιον
351 2863 442 2897 ἕξουσι
461 2864 699 2901 κατηγορούμενον
715 2866 819 2893 ἑαυτῶν
830 2874 836 2882 ν
854 2868 878 2892 εὶ

957 249 1087 278 tanquam
1118 244 1177 271 solo
1197 244 1370 277 ttuigenitore
1393 245 1425 271 ad
1451 244 1548 271 Filium
1578 245 1748 279 unigenitum

956 290 1074 321 desinat,
1087 290 1131 316 illa
1148 297 1211 317 vero
1223 298 1237 316 ε·
1254 290 1403 317 contrario.
1416 291 1556 317 Ambobus
1579 295 1670 318 autem
1689 291 1749 318 dis-

957 336 1108 370 crepantia,
1132 337 1204 369 quod
1231 337 1274 363 hic
1291 337 1400 364 suffecit
1424 336 1556 371 triplicata
1571 345 1623 364 vox
1651 339 1749 372 μόνος,

958 382 1015 409 illic
1045 390 1111 409 vero
1138 383 1222 409 semel
1253 383 1326 409 dicta
1347 382 1409 413 fuit,
1442 388 1572 417 tanqum
1599 391 1665 410 \‘Oce
1692 382 1748 414 οἶος

959 428 1096 463 duplicata
1112 429 1200 456 locum
1216 429 1296 462 hujus
1319 429 1458 463 implente.
1473 429 1549 462 Quod
1579 434 1671 456 allletn
1702 438 1744 457 re-

956 480 999 502 cte
1015 475 1111 509 spiritu
1127 475 1199 501 tetuli
1219 480 1329 502 notetur
1339 473 1394 505 oio;
1410 475 1507 509 (salus)
1538 475 1652 502 tradunt
1680 476 1750 502 anti-

959 521 1017 555 qui,
1030 521 1151 548 dicentes
1169 529 1218 548 nos
1235 529 1265 548 ex
1285 522 1331 553 ῑος
1358 528 1445 556 genus
1474 521 1586 554 quidem
1620 522 1749 549 masculi-

957 574 1022 593 num
1048 574 1102 593 non
1127 567 1276 602 accepisse,
1301 567 1346 594 sed
1375 567 1537 594 femininum
1566 567 1684 595 inveniri
1716 567 1748 595 ια

956 613 1048 647 (sola).
1068 611 1181 640 Videtur
1205 617 1294 640 autent
1315 614 1395 640 etiam
1428 613 1516 648 ipsius
1535 618 1660 641 neutrutn
1688 621 1748 642 esse

957 658 1006 685 ιον
1022 659 1140 694 (unum),
1176 660 1327 687 secundum
1360 661 1495 687 dicentetu
1525 659 1659 695 quosdam
1685 667 1748 688 esse

957 709 1079 732 mortuos
1105 705 1135 739 ἰῷ
1151 705 1204 732 telo
1227 713 1274 732 seu
1294 711 1424 740 tanquam
1440 713 1511 737 uno;
1526 706 1597 740 quod
1625 705 1745 733 circum-

954 749 1054 777 ﬂexum
1085 750 1209 785 aufugiet
1238 751 1270 778 ad
1304 751 1458 786 analogiam
1485 751 1608 779 feminini
1636 760 1644 780 :
1674 752 1743 780 sicut

955 797 1028 824 enim
1055 798 1083 824 ία
1098 797 1208 832 quidem
1237 798 1311 832 gravi
1339 804 1404 825 tono
1421 803 1473 831 est,
1491 799 1628 833 genitivus
1653 803 1743 826 autem

954 842 1143 875 circumﬂexo,
1162 849 1290 879 tanquam
1313 844 1362 880 μία
1374 845 1460 879 ptis;
1479 846 1517 872 sic
1528 845 1610 872 etiam
1627 845 1744 880 τον-ιιιιί-

951 888 1013 916 dem
1042 889 1162 924 (unum),
1190 890 1243 917 erit
1261 898 1323 918 cum
1340 891 1415 926 gravi
1447 896 1522 923 tono,
1540 898 1623 919 casus
1651 895 1741 919 autem

951 935 1055 970 obliqui
1071 935 1110 962 ῐοῦ
1128 940 1157 963 et.
1174 936 1206 971 ίῷ
1220 944 1282 964 cum
1296 937 1483 965 circumﬂexo.

985 982 1030 1008 99.
1046 981 1180 1009 ’Δναίτιον
1203 990 1266 1009 vero
1294 982 1400 1010 Patrem
1427 983 1578 1018 ingenitum
1595 983 1672 1015 dicit,
1687 993 1740 1011 non

950 1033 1060 1054 causam
1077 1027 1165 1063 ipsum
1181 1032 1372 1063 agnoscentem
1393 1028 1419 1055 itt
1439 1029 1563 1056 habendo
1593 1035 1669 1064 patre
1684 1038 1741 1058 sua:

951 1073 1136 1107 generationis
1149 1080 1244 1107 causa,
1262 1074 1412 1102 secundum
1427 1081 1476 1102 eos
1490 1075 1536 1109 qui
1552 1081 1615 1102 sunt
1626 1076 1653 1102 itt
1664 1083 1741 1102 mun-

950 1118 994 1145 tio.
1015 1117 1078 1146 Ideo
1091 1119 1149 1153 ipse
1164 1119 1273 1154 quidem
1293 1125 1428 1148 estcausa
1450 1120 1570 1148 ulPater
1585 1121 1647 1148 Filii
1675 1129 1741 1149 cau-

949 1172 1007 1192 sam
1024 1165 1148 1192 habentis
1166 1165 1192 1192 in
1215 1165 1274 1193 solo
1301 1166 1486 1200 generationis
1514 1171 1637 1201 puncto;
1670 1167 1741 1194 alius

950 1216 1040 1238 autent
1058 1211 1119 1244 quis
1141 1219 1194 1238 non
1223 1217 1266 1240 est
1280 1211 1370 1239 Patris
1386 1213 1560 1247 principium.
1581 1213 1673 1248 Itaque
1688 1213 1740 1241 Pa—

949 1261 990 1284 ter
1009 1258 1070 1285 ideo
1085 1258 1186 1285 dicitur
1197 1259 1328 1291 ἀναίτιος,
1345 1264 1481 1294 quatenus
1508 1260 1566 1294 ipse
1580 1268 1632 1287 non
1658 1261 1740 1288 habet

947 1308 1052 1338 patrem
1065 1310 1121 1330 sua:
1134 1304 1284 1331 exis-tentia:
1299 1312 1422 1332 causata.
1435 1304 1513 1338 Quod
1544 1310 1632 1332 autent
1648 1314 1731 1333 causa

949 1346 1021 1376 Patri
1033 1348 1188 1380 conveniat,
1218 1353 1362 1375 causatum
1392 1357 1454 1376 vero
1481 1349 1560 1380 Filio,
1587 1350 1737 1386 theologice

948 1394 1076 1420 traditum
1088 1399 1140 1421 est.
1156 1393 1309 1421 Notandum
1325 1400 1368 1422 est
1383 1400 1472 1422 autem
1487 1395 1635 1423 dictionem
1652 1397 1738 1424 ἀναι-

947 1446 1010 1470 τιος
1024 1438 1081 1473 (qui
1111 1447 1166 1466 non
1183 1439 1264 1466 habet
1289 1440 1424 1475 causam),
1441 1448 1502 1467 esse
1533 1440 1736 1476 homonytnam,

948 1483 1006 1509 sive
1018 1484 1088 1517 quod
1107 1484 1158 1511 iste
1179 1493 1230 1511 non
1247 1484 1390 1518 subiaceat
1400 1493 1501 1518 causae,
1517 1486 1544 1513 id
1556 1491 1607 1520 est,
1624 1487 1732 1515 cuidam

947 1529 1143 1563 criminationi,
1158 1535 1184 1557 ct
1196 1531 1296 1558 dicitur
1309 1532 1359 1558 οὐκ
1385 1531 1480 1564 αἴτιος,
1508 1538 1537 1560 ιιι
1554 1533 1625 1561 istud
1644 1542 1651 1560 ι
1669 1534 1736 1561 nihil

947 1575 1010 1601 milii
1024 1584 1106 1602 causa
1117 1581 1155 1603 est
1166 1596 1173 1608 ,
1204 1577 1261 1604 sive
1276 1578 1348 1611 quod
1362 1577 1486 1605 dicatur:
1502 1578 1543 1605 'l‘u
1556 1580 1622 1606 tuilti
1637 1580 1695 1607 CILI
1709 1582 1733 1607 ιη

945 1622 1033 1648 nanda
1045 1629 1098 1648 non
1127 1630 1168 1653 es,
1197 1630 1247 1649 nec
1271 1630 1321 1657 ego
1356 1627 1381 1650 te
1411 1631 1541 1651 accusare
1564 1625 1680 1652 habeo:
1708 1631 1735 1652 et

946 1667 998 1694 hoc
1021 1668 1130 1702 quidem
1148 1672 1189 1695 est.
1207 1676 1292 1695 ttntttn
1310 1669 1385 1697 vocis
1399 1670 1518 1701 ἀναίτιος
1537 1671 1732 1705 signiﬁcatum;

944 1714 1022 1741 aliter
1035 1719 1125 1741 autem
1138 1715 1181 1742 hic
1193 1715 1381 1750 philosophice
1393 1716 1495 1743 dicitur
1505 1718 1628 1749 ἀναίτιος
1641 1718 1732 1752 Pater,

944 1760 989 1794 qui
1002 1766 1055 1786 non
1072 1760 1152 1787 habet
1166 1768 1222 1788 sua:
1247 1761 1434 1795 generationis
1458 1769 1582 1795 causam,
1598 1763 1645 1791 sed
1673 1764 1732 1799 ipse

945 1812 1012 1833 sane
1028 1812 1110 1833 causa
1139 1811 1182 1834 est
1209 1808 1394 1841 generationis
1415 1807 1490 1838 Filii.
1502 1816 1612 1836 causam
1641 1810 1729 1844 πείρετε

942 1850 1078 1878 habentis.
1102 1851 1203 1878 Αιτιον
1221 1855 1294 1879 enim
1309 1860 1417 1887 semper
1435 1853 1468 1880 ad
1489 1855 1622 1881 αιτιατὸν
1637 1856 1727 1883 refcr-

943 1900 998 1929 tur.
1015 1896 1087 1923 velut
1107 1897 1223 1924 all'cctus
1251 1897 1283 1924 ad
1307 1904 1439 1932 causam;
1469 1904 1494 1926 et
1522 1907 1630 1935 semper
1645 1908 1728 1930 causa

941 1941 1022 1969 Pater
1034 1948 1078 1970 est
1091 1943 1180 1977 quoad
1198 1942 1306 1976 Filium,
1323 1947 1453 1972 causatus
1463 1950 1555 1973 autem
1569 1946 1614 1974 hic
1635 1950 1725 1982 quoad

940 1988 1061 2017 Patrem.
1077 1988 1110 2016 Et
1128 1990 1165 2016 ita
1179 1990 1289 2024 quidem
1305 1990 1455 2019 honorifice
1471 1991 1542 2020 Deus
1559 1992 1638 2021 Pater
1650 1994 1728 2022 ἀναί-

939 2044 996 2067 τιος
1011 2035 1122 2062 dicitur.
1138 2035 1214 2063 Alias
1231 2041 1332 2069 autem,
1345 2037 1424 2072 juxta
1439 2045 1613 2067 communem
1642 2040 1728 2076 signi-

940 2081 1105 2114 ﬁcationem,
1121 2082 1209 2117 ipsum
1225 2083 1351 2118 privatim
1365 2083 1503 2112 ἀναίτιον
1512 2085 1614 2119 dicere,
1629 2094 1724 2116 verum

939 2128 1050 2161 quidem
1065 2133 1117 2160 est,
1139 2135 1191 2155 non
1202 2134 1293 2156 autem
1310 2130 1425 2158 multum
1453 2131 1627 2162 honorablle.
1653 2134 1725 2168 Quzd

939 2172 1011 2200 enim
1026 2173 1143 2201 sublime
1154 2175 1286 2207 ἀναίτιον,
1302 2176 1360 2204 sive
1371 2176 1518 2210 insontem,
1534 2179 1592 2206 sive
1609 2181 1722 2215 irrepre-

939 2219 1065 2252 hensum,
1083 2221 1173 2248 dicere
1192 2220 1288 2255 Dettm,
1304 2226 1332 2250 et
1343 2229 1429 2258 super
1445 2231 1528 2260 quam
1552 2225 1725 2254 criminatum

941 2273 1002 2293 nem
1015 2266 1026 2293 τ
1037 2265 1115 2300 Quod
1131 2274 1182 2295 nec
1196 2267 1310 2296 illustris
1323 2269 1405 2297 homo
1418 2270 1451 2298 de
1462 2278 1492 2298 se
1505 2271 1595 2299 taliter
1609 2273 1724 2301 audiens

941 2312 968 2338 in
985 2319 1111 2347 magnum
1127 2319 1272 2349 acetperet.

975 2357 1036 2385 100.
1051 2359 1121 2386 Nota
1136 2364 1225 2387 autem
1244 2361 1314 2388 idem
1341 2368 1394 2389 non
1421 2370 1485 2390 esse
1499 2363 1623 2397 αἰτιατὸς
1636 2369 1664 2393 et
1680 2367 1723 2393 αἰ-

938 2404 1057 2436 τιατέος,
1078 2405 1127 2432 sed
1146 2406 1281 2440 αἱτιατὸς
1297 2413 1393 2434 bonam
1410 2416 1473 2436 esse
1489 2409 1664 2446 locutionem,
1678 2414 1724 2440 at-

937 2450 1055 2484 τιατὲος
1079 2452 1295 2487 vituperabilem.
1313 2453 1430 2489 Insuper
1457 2457 1480 2483 si
1508 2457 1590 2485 Pater
1615 2458 1659 2487 hic
1680 2465 1721 2488 est

937 2496 1102 2530 eminet-mi
1119 2497 1169 2524 fuit
1185 2498 1298 2532 dictum,
1313 2504 1341 2527 at
1357 2500 1412 2528 alio
1424 2504 1503 2529 modo
1518 2502 1651 2532 bonorum
1664 2514 1722 2532 out-

937 2543 1013 2570 nium
1030 2547 1073 2570 est
1099 2543 1186 2576 aluo;
1202 2551 1252 2571 seu
1269 2551 1364 2578 causa,
1397 2546 1542 2583 ipsumque
1577 2550 1721 2585 cujuslibet

938 2589 1001 2616 boni
1020 2588 1138 2617 facimus
1155 2594 1309 2624 auctorem,
1327 2592 1384 2619 sive
1407 2600 1519 2621 causam
1535 2597 1657 2623 omnium
1671 2598 1720 2624 lm-

935 2643 1033 2662 norutn
1047 2635 1214 2670 iudicamus.
1230 2635 1316 2664 Nemo
1327 2645 1392 2666 vero
1406 2639 1502 2668 ludens
1517 2640 1591 2669 dicat
1607 2643 1632 2669 id
1648 2647 1720 2678 quod

935 2689 989 2710 non
1008 2687 1049 2710 est
1065 2687 1092 2710 et
1110 2683 1137 2710 id
1151 2683 1226 2718 quod
1256 2689 1299 2712 est
1330 2686 1409 2719 nihil,
1433 2687 1542 2715 ἀναίτια
1563 2696 1633 2721 esse,
1651 2698 1719 2724 qua-

935 2733 1012 2756 tenus
1024 2728 1147 2763 ipsorum
1159 2737 1212 2757 non
1225 2734 1266 2758 est
1274 2731 1374 2767 aliquis
1385 2737 1496 2766 auctor;
1509 2734 1584 2768 quod
1596 2735 1668 2762 enitn
1678 2741 1720 2763 est

933 2775 1032 2807 αἴτιον,
1052 2782 1114 2803 cum
1130 2776 1167 2803 sit
1186 2777 1305 2812 alicujus
1320 2779 1393 2805 entia
1422 2787 1517 2812 causa,
1530 2779 1557 2806 id
1582 2778 1640 2806 sive
1654 2781 1719 2808 sub-

932 2821 1032 2848 stantia
1046 2821 1104 2848 sive
1117 2822 1244 2850 accidens
1257 2830 1316 2856 est;
1333 2825 1406 2858 quod
1435 2829 1523 2851 autent
1542 2830 1595 2850 non
1622 2827 1664 2850 est
1691 2829 1718 2852 et

932 2867 1002 2903 quod
1015 2872 1055 2895 est
1071 2868 1148 2895 nihil.
1166 2876 1228 2895 cum
1242 2869 1402 2897 substantia:
1421 2877 1474 2895 nou
1494 2868 1561 2900 sint,
1576 2868 1646 2894 sicut
1661 2876 1714 2895 ιιυη
