1965 3115
239 207 402 243 Τροπάριον
418 207 536 241 πρῶτον
548 207 603 241 τῆς
615 207 759 240 τετάρτης
771 203 861 237 ᾠδῆς.

191 254 263 289 ἮΙΙ.
281 254 400 289 Λουτρδν
419 254 449 280 τὸ
462 253 533 280 θεῖον
546 254 596 288 τῆς
611 250 820 286 παλιγγενεσίας

279 301 361 334 Λογῳ
376 300 510 334 κεραννὺς
529 298 724 333 συντεθειμὲνῃ
748 296 839 330 φύσει.

287 345 501 381 Ὀμῆροὸλυτεῖς
521 353 567 380 μοι
585 344 692 380 ῥεῖθρον
710 345 739 375 ἐξ
753 343 894 378 ἀκηράτου

282 392 464 427 Νενυγμένης
481 400 529 418 σου
542 392 674 426 πλευρᾶς,
690 387 712 417 ὦ
728 390 796 416 Θεοῦ
814 389 895 422 Δόγε,

288 437 513 473 Ἐπισφραγίζων
527 438 560 473 τῇ
579 436 654 469 ζέσει
677 435 725 462 τοῦ
742 434 912 470 Πνεύματος.

194 485 247 522 ρβ¹.
265 485 394 520 Χορεύων
409 482 646 519 ὲκκλησιαστικῶς
663 482 676 508 ὁ
691 482 764 517 ἱερὸς
777 478 856 511 οὗτος
871 488 951 506 πνευ-

160 532 294 568 ματῳδδς,
313 532 360 558 καὶ
374 529 542 558 δαιταλεύων
564 528 709 564 φιλοτήσια
731 527 779 554 καὶ
800 535 951 562 πνευματι-

159 578 213 610 κῶς
237 577 371 613 τρυφερὰ,
399 576 447 603 καὶ
474 574 611 610 ἁγλαῖξων
636 574 685 610 τὴν
715 572 813 612 ἑορτὴν
841 572 951 600 ἐννοιῶν

159 624 319 656 ποικιλίαις,
334 624 372 655 ὡς
394 622 511 656 ἔξεστιν,
526 621 648 657 ὀχετεύει
671 621 698 652 ἐς
715 620 765 655 τὴν
780 619 844 655 ἄρτι
867 628 949 646 πνευ-

132 672 136 678 “
161 671 278 705 ματικὴν
292 670 460 704 πανήγυριν,
471 670 518 695 καὶ
531 666 670 694 θειοτάτου
685 666 799 700 λουτροῦ
813 666 950 702 κέρασμα⁷

159 716 189 743 οὗ
209 716 249 751 τῷ
268 716 338 751 ἁγίῳ
359 716 501 751 Πνεύματι
520 715 644 750 μέτεστι,
660 713 692 740 τδ
710 713 740 740 δέ
753 713 813 740 ἐστι
835 714 867 739 τὸ
883 712 954 738 κατὰ.

158 762 189 789 τὸ
204 762 292 796 ἆγιονκ
301 762 454 796 βάπτισμα,
476 761 523 787 καὶ
542 759 694 787 διατίθεται
709 760 759 794 τὴν
782 758 889 786 ἔννοιαν
903 758 950 785 τοῦ

159 809 309 843 τροπαρῐου
324 808 448 843 γλυκέως
470 807 508 838 ὼς
525 806 593 842 προς
619 804 782 833 ἀκολουθίαν
802 804 954 840 λουτρῶνος

159 855 270 886 ὁποίους
287 854 312 881 ol
337 854 546 889 καθαρειότεροι
573 851 759 884 σκευάζουσι·
787 851 955 886 κεράννυται

166 902 214 936 γὰρ
238 900 302 936 παρ’
328 900 444 931 ἐκείνοις
462 899 492 926 τὸ
520 898 618 934 λοῦμα,
646 897 769 933 θυμῆρες
794 896 861 923 αὐτὸ
881 896 952 923 κατὰ

161 948 260 982 κράτος
288 955 316 972 τε
341 945 388 972 καὶ
413 944 496 979 ὤμων
522 944 736 979 κερασαμένοις,
763 943 811 969 καὶ
839 942 945 978 ῥεῖθρον

162 995 253 1022 ἐκεῖσε
267 995 425 1029 χορηγεῐται
442 992 533 1027 ἱλαρὸν
547 992 639 1019 ὁποῖόν
654 999 681 1018 τι
698 992 743 1018 καὶ
757 990 789 1017 τὸ
812 990 928 1025 ὄμϐριον
941 999 948 1005 ·

161 1029 369 1075 φιλοτιμοῦνται
390 1039 421 1065 δὲ
434 1038 510 1070 ζέσιν
537 1037 636 1064 ἐκεῖνοι
660 1036 860 1071 ἁγαθύνουσαν.
880 1036 952 1071 Πρὸς

162 1087 228 1121 γοῦν
254 1086 384 1120 τοιαύτην
403 1084 476 1111 ίδέαν
501 1084 590 1111 ἕλκων
602 1084 616 1110 ὁ
631 1082 750 1119 μελῳδὸς
771 1082 821 1117 τὴν
833 1082 952 1109 διάθεσιν

162 1132 210 1159 τοῦ
238 1130 415 1167 ὲορταστικοῦ
432 1129 510 1157 τοῦδε
530 1129 692 1164 τροπαρίου,
719 1128 824 1155 ἔννοιαν
850 1128 951 1162 γράφει

162 1179 267 1206 τοιάνδε
278 1187 285 1194 ·
298 1177 334 1204 Ὦ
360 1177 429 1204 Θεοῦ
446 1178 528 1210 Λόγι,
544 1176 574 1203 τὸ
590 1175 662 1203 θετον
683 1175 795 1211 λουτρὸν
817 1175 867 1209 τῆς
884 1174 951 1209 Χρι-

164 1223 306 1259 στιανικῆς
318 1223 530 1257 παλιγγενεσίας
555 1221 691 1257 κεραννὺς
709 1223 743 1256 τῇ
760 1222 822 1248 κατ’
845 1221 952 1257 ἂνθρω-

163 1279 214 1297 πον
223 1270 272 1306 οὐχ
283 1270 367 1305 ἁπλῇ,
380 1269 449 1296 ἀλλὰ
459 1268 654 1303 συντεθειμινῃ
668 1268 759 1303 φύσει,
772 1269 804 1303 τῇ
818 1269 851 1295 ὲκ
863 1268 953 1303 ψυχῆς

163 1316 265 1352 δηλαδὴ
290 1316 426 1343 ἀθανάτου
454 1315 501 1342 καὶ
527 1315 650 1350 φθαρτοῦ
678 1314 822 1349 σώματος·
850 1313 909 1345 πῶς
925 1313 953 1339 δὲ

164 1363 231 1400 αύτὸ
258 1362 466 1397 συγκεραννύςς
497 1361 569 1396 λόγῳ
598 1360 700 1395 δηλαδὴ
731 1359 788 1394 σῷ,
814 1359 954 1386 τουτέστιν

165 1409 267 1444 ἔλλόγῳ
282 1409 406 1435 κελεύσει
433 1408 481 1435 καὶ
504 1406 638 1442 ἀναλογίᾳ
665 1406 810 1441 πρεπούσῃ
836 1406 870 1440 τῇ
894 1404 955 1431 κατ’

166 1455 310 1490 ἄνθρωπον
334 1453 498 1490 θεοπλαστίᾳ
510 1462 517 1468 ·
532 1453 549 1488 ἢ
567 1453 614 1479 καὶ
635 1451 734 1484 ἄλλως,
750 1451 829 1487 Λόγῳ
844 1451 883 1486 τῷ
904 1450 949 1477 διὰ

165 1501 220 1527 τῶν
240 1500 401 1535 ἁγιωτάτων
417 1498 656 1535 ὲκκλησιαστικῶν
679 1497 780 1533 εὐχῶν,
800 1496 954 1532 ὀμϐροδλυ-

166 1546 223 1577 τεῖς
244 1553 289 1580 μοι
304 1545 435 1571 ἐπέκεινα
454 1544 504 1579 τῆς
517 1543 614 1578 λοιπῆς
629 1542 828 1578 ἱεροτελεστίας
848 1543 896 1576 τῆς
911 1542 993 1584 καλε

169 1592 331 1626 σωματικῆς
346 1591 526 1626 φαινομένης,
540 1590 589 1617 καὶ
605 1589 693 1621 ἄλλως
709 1589 738 1616 δὲ
754 1587 959 1623 θεωρητικώτε-

170 1647 216 1673 ρον
230 1638 392 1673 νοουμένης,
411 1638 459 1664 καὶ
482 1637 512 1664 τὺ
527 1637 560 1664 ἐκ
585 1635 635 1671 τῆς
650 1635 795 1671 ἀκηράτου
810 1643 857 1662 σου
874 1634 957 1661 πλευ-

170 1685 220 1719 ρᾶς
245 1684 354 1720 ῥεῖθρον
381 1684 450 1718 τῆς,
474 1682 620 1718 γραφικῶς
650 1682 760 1714 εἰπεῖν,
789 1680 958 1715 νενυγμὲνης

169 1730 255 1766 λόγχῃ
276 1731 473 1765 στρατιωτικῇ,
499 1730 546 1756 καὶ
564 1728 604 1763 τῷ
629 1727 744 1763 τοιούτῳ
762 1727 827 1762 θείῳ
853 1726 960 1761 λουτρῷ

170 1775 402 1811 προσεπιϐάλλεις
417 1774 625 1810 φιλοτιμότερον
644 1773 695 1809 τὴν
710 1772 803 1800 ἔνθεον
823 1772 898 1804 ζέσιν
912 1773 960 1799 τοῦ

172 1822 343 1857 Πνεύματος,
363 1822 411 1857 τὴν
430 1821 680 1856 διαθερμαίνουσαν
692 1818 755 1851 τοὺς
768 1819 807 1853 τῷ
819 1817 960 1852 Πνεύματι

171 1869 292 1901 ζέοντας,
320 1866 354 1905 ἧς
380 1868 506 1903 προφανῆ
519 1866 643 1901 σύμϐολα
666 1866 714 1892 καὶ
735 1867 769 1891 τὰ
784 1866 815 1891 ὲκ
833 1865 961 1899 Πατέρων

171 1915 258 1950 ἁγίων
282 1915 370 1941 τύπου
397 1915 487 1950 θερμὰ
511 1914 596 1941 ὕδατα
609 1920 617 1928 ⁸
636 1914 678 1939 ὅτι
698 1912 727 1939 δὲ
744 1912 760 1948 ἠ
783 1911 895 1946 τοιαύτη
915 1911 962 1937 τοῦ

171 1961 251 1996 ἁγίου
275 1961 433 1997 Πνεύματος
451 1961 536 1994 ζέσις,
553 1961 570 1995 ἡ
597 1958 710 1995 ζωτικὴ,
740 1959 757 1994 ὴ
780 1957 926 1992 ζωογὸνος.
946 1958 963 1992 ἡ

172 2008 244 2034 θεῖον
269 2006 350 2042 ζῆλον
374 2006 525 2041 ἐντήκουσα
547 2007 582 2041 τῇ
609 2005 694 2040 ψυχῇ,
720 2004 751 2030 τὸ
776 2001 962 2039 τελικώτατόν

172 2054 247 2079 ἐστιν
270 2052 356 2079 αἴτιον
379 2051 427 2077 καὶ
452 2050 664 2085 σκοπιμώτατον
688 2047 737 2075 τοῦ
761 2048 843 2082 ἁγίου
866 2047 964 2082 βαπτί-

174 2106 286 2133 σματος,
301 2097 377 2132 δηλοῖ
399 2098 413 2123 ό
436 2095 579 2131 μελοποιὸς
605 2093 691 2121 εἰπὼν
716 2092 964 2129 ἑπισφραγίζεσθαι

139 2173 142 2178 ,
173 2144 222 2179 τὴν
237 2143 366 2179 τοιαύτην
387 2144 453 2178 ὃλην
468 2140 667 2177 ίεροτελιστίαν
678 2142 712 2176 τῇ
728 2139 803 2173 ζέσει
815 2139 862 2166 τοῦ
879 2139 962 2166 Πνεύ·

175 2198 269 2225 ματος.
291 2190 335 2221 Ὠς
350 2190 406 2224 γὰρ
430 2187 620 2219 ὲπιὸουλευτὸς
636 2186 774 2222 θησαυρὸς
789 2187 803 2213 ὁ
826 2185 966 2220 ἀσφράγιι-

556 152 597 183 l'N
613 151 781 183 HYMNUM
798 142 1128 181 PENTECOSTALEM
1148 140 1381 173 DAMASCENI.

1195 195 1354 230 Troparium
1370 194 1379 220 l
1400 197 1503 229 quarta
1519 192 1588 221 σάω.

1106 255 1239 282 Balneum
1256 252 1378 281 divinum
1397 251 1610 287 regenerationis

1107 302 1197 330 Verbo
1208 300 1333 331 miscens
1352 298 1512 334 compositae
1524 303 1639 331 natura,

1107 348 1272 383 Suppeditas
1289 346 1356 373 mihi
1375 352 1473 380 aquam
1491 352 1524 372 ex
1538 344 1696 379 incorrupto

1108 396 1257 422 Vulnerato
1268 397 1317 420 tuo
1329 392 1425 423 latere,
1440 398 1457 418 ο
1475 390 1523 418 Dei
1541 389 1672 423 Verbum,

1109 440 1239 474 Sigillans
1253 438 1359 466 fervore
1373 436 1503 471 Spiritus.
1559 434 1561 436 ’

1040 487 1099 514 102.
1115 487 1222 514 Choros
1236 485 1338 512 ducens
1352 482 1556 511 ecclesiasticos
1569 490 1647 511 sacer
1663 482 1708 511 ille
1732 482 1795 518 Spiv

1011 534 1063 560 ritu
1076 532 1185 567 plenus,
1201 535 1228 558 et
1245 530 1367 558 invitatis
1380 529 1414 556 ad
1430 528 1587 563 spirituales
1604 529 1794 565 nmabilesque

1003 578 1128 611 delicias,
1141 582 1222 613 atque
1253 577 1453 605 sententiarum
1480 575 1670 610 varietatibus,
1701 580 1732 604 ut
1751 576 1794 610 fit,

1004 623 1180 651 festivitatem
1205 629 1355 656 exornans,
1370 621 1475 650 diducit
1490 622 1518 649 in
1543 626 1707 657 praesentem
1740 621 1796 656 spi-

1005 670 1131 697 ritualem
1147 673 1249 702 ctetum
1279 669 1361 697 etiam
1388 668 1554 697 divinissimi
1586 668 1675 696 balnei
1688 668 1796 697 mistio-

1006 725 1080 749 nem,
1095 716 1169 750 quod
1182 723 1245 744 cum
1267 721 1364 744 sancto
1379 715 1484 751 Spiritu
1496 718 1602 750 partem
1619 715 1702 743 habet
1729 714 1795 751 (hoc

1005 770 1058 795 est,
1076 763 1165 790 sancti
1188 763 1360 798 baptismatis
1380 763 1530 796 lavacrum)
1553 781 1561 795 ,
1577 765 1605 790 et
1618 761 1719 789 eximie
1733 768 1797 789 sen-

1008 809 1120 836 tentiam
1136 809 1255 843 stropha:
1270 808 1401 843 disponit,
1420 812 1549 843 tanquam
1563 807 1597 835 ad
1615 807 1704 835 balnei
1729 814 1797 835 con—

1008 855 1134 886 sectaria,
1148 855 1239 889 qualia
1256 854 1428 882 balneatores
1450 859 1558 889 parant.
1571 854 1700 882 Miscetur
1722 855 1797 882 enim

1008 901 1116 928 abistis
1137 901 1286 933 lavacrum,
1300 901 1328 928 in
1346 907 1427 936 caput
1443 905 1470 929 et
1481 901 1612 929 humeros
1639 900 1705 928 illud
1731 907 1796 936 gra-

997 950 1064 977 _tum
1077 946 1292 980 infundentibus,
1305 946 1424 982 huicque
1440 946 1514 974 velut
1525 946 1613 974 imber
1626 946 1706 974 dulce
1717 945 1798 975 didu-

1005 992 1078 1020 citur
1092 992 1234 1020 lluentum.
1250 992 1357 1020 Curant
1370 997 1462 1021 autem
1478 992 1521 1020 isti
1536 992 1673 1020 fervorem
1683 992 1796 1024 bonum.

1006 1037 1088 1065 Juxta
1101 1038 1180 1065 talem
1208 1038 1290 1073 igitur
1306 1038 1388 1073 hujus
1410 1039 1530 1073 strophas
1546 1037 1697 1073 disponens
1724 1037 1798 1065 ordi-

1007 1091 1069 1111 nem
1088 1083 1223 1116 melodus.
1237 1084 1342 1112 hancce
1364 1084 1462 1112 scribit
1491 1083 1653 1112 sententiam
1670 1091 1677 1110 :
1694 1081 1718 1111 ο
1729 1083 1800 1111 Deus

1010 1128 1127 1156 Verbum
1141 1129 1186 1164 qui
1195 1130 1357 1157 Christiana;
1366 1129 1581 1164 regenerationis
1590 1128 1712 1157 divinum
1723 1129 1799 1156 lavav

1007 1182 1084 1202 crum
1102 1175 1233 1203 miscuisti
1252 1179 1357 1202 naturae
1372 1175 1510 1208 humanae,
1527 1183 1582 1202 non
1599 1173 1727 1207 simplici,
1752 1173 1802 1201 sed

1007 1221 1177 1255 compositae,
1186 1228 1219 1249 ex
1226 1221 1316 1248 anima
1323 1221 1426 1249 scilicet
1436 1220 1584 1249 immortali
1593 1226 1620 1248 et
1626 1219 1799 1255 corruptibili

1007 1274 1131 1302 corpore.
1144 1267 1285 1300 Quomodo
1293 1272 1383 1295 autem
1398 1268 1463 1295 illud
1478 1266 1695 1296 commiscuisti?
1709 1265 1799 1295 Verbo

1009 1316 1068 1344 tuo,
1081 1312 1107 1340 id
1116 1317 1170 1345 est,
1178 1313 1304 1339 rationali
1319 1313 1495 1340 ordinatione
1505 1316 1531 1339 et
1542 1311 1669 1347 analogia
1678 1311 1713 1339 ad
1731 1311 1802 1339 divi-

1009 1366 1072 1386 nam
1091 1358 1211 1386 hominis
1242 1358 1487 1386 conformationem
1523 1355 1706 1385 convenienti.
1733 1356 1803 1383 Aliis

1009 1406 1111 1438 verbis,
1127 1406 1211 1433 verbo
1222 1410 1268 1433 tuo
1279 1413 1328 1440 per
1347 1405 1535 1433 sanctissimas
1554 1403 1682 1432 Ecclesiae
1695 1410 1802 1438 preces.

1011 1451 1091 1484 mihi,
1119 1451 1191 1479 ultra
1210 1457 1334 1479 caeteram
1351 1452 1529 1479 imitationem
1543 1458 1603 1486 qua:
1624 1450 1802 1486 corporaﬁter

1010 1501 1131 1531 apparet,
1157 1502 1184 1524 et
1211 1498 1319 1524 aliunde
1334 1497 1484 1524 theoretice
1502 1500 1653 1531 reputatur,
1672 1500 1803 1531 tanquam

1010 1543 1124 1571 imbrem
1146 1543 1267 1570 infundis
1283 1543 1414 1570 fluentum
1427 1551 1457 1570 cx
1473 1542 1620 1577 purissimo
1632 1546 1680 1570 tuo
1706 1541 1802 1573 latere.

1010 1589 1094 1624 quod,
1113 1595 1142 1616 ut
1165 1596 1294 1625 expresse
1312 1590 1420 1625 loquar,
1439 1590 1533 1617 lances
1563 1588 1660 1617 militis
1674 1592 1716 1616 est
1740 1594 1803 1623 per-

1011 1644 1122 1664 cussum
1145 1643 1154 1670 ;
1170 1635 1271 1671 talique
1285 1636 1379 1663 divino
1395 1635 1503 1663 lavacro
1516 1635 1666 1670 pretiosum
1683 1633 1804 1669 Spiritus

1012 1685 1145 1712 fervorem
1166 1683 1298 1711 divinitus
1325 1682 1496 1717 superaddis,
1511 1683 1558 1716 qui
1571 1682 1669 1717 spiritu
1682 1682 1805 1710 viventes

1012 1730 1147 1764 calefacit,
1191 1731 1326 1766 cujusque
1353 1728 1497 1758 manifesta
1524 1734 1590 1757 sunt
1617 1729 1742 1766 symbola
1769 1737 1803 1758 ex

1011 1782 1168 1806 sant-torum
1190 1778 1301 1805 Patrum
1330 1781 1404 1813 typo,
1429 1776 1539 1805 fervidae
1550 1784 1639 1812 aquae.
1657 1776 1734 1810 Quod
1756 1784 1805 1804 su-

1014 1831 1066 1852 tem
1081 1824 1142 1853 talis
1162 1824 1280 1859 Spiritus
1292 1823 1380 1851 sancti
1400 1822 1501 1855 fervor,
1518 1823 1618 1856 vitalis,
1651 1823 1802 1856 vivificaris,

1013 1872 1134 1898 divinum
1162 1869 1249 1897 zelum
1272 1870 1370 1896 animat
1394 1868 1612 1901 communicans,
1646 1868 1741 1896 ultima
1769 1869 1806 1897 sit

1014 1918 1084 1944 ratio
1107 1924 1261 1952 scopusque
1289 1919 1443 1951 praeclpuus
1475 1916 1545 1944 sacri
1559 1915 1742 1951 baptismatis,
1758 1922 1805 1943 os-

1015 1962 1101 1990 tendit
1121 1968 1198 1998 pueta
1213 1963 1308 1991 dicens
1322 1967 1403 1990 totam
1420 1962 1490 1989 hanc
1503 1968 1610 1990 sacram
1624 1961 1804 1989 initiatiouem

1016 2009 1136 2044 Spiritus
1163 2008 1271 2036 fervore
1296 2009 1445 2043 obsignarl.
1462 2008 1538 2036 Sicut
1548 2007 1622 2035 enim
1646 2015 1699 2036 non
1713 2008 1806 2044 signa-

1016 2061 1059 2083 tus
1076 2057 1222 2084 thesaurus
1237 2056 1342 2083 insidiis
1356 2055 1496 2090 objicitur,
1509 2055 1549 2083 sic
1560 2055 1697 2091 impurum
1718 2056 1806 2092 bapti-

1016 2110 1086 2136 sma,
1115 2101 1188 2137 quod
1212 2109 1265 2129 non
1277 2106 1320 2129 est
1339 2108 1386 2135 per
1412 2102 1503 2136 ipsum
1520 2101 1653 2136 Spiritum
1668 2105 1805 2135 sanetum,

1016 2149 1186 2177 daanuonibus
1212 2147 1404 2176 insidiantibus
1428 2147 1508 2176 facile
1528 2148 1672 2176 lacessitur
1692 2149 1807 2184 :qualia

1017 2201 1080 2222 sunt
1111 2199 1272 2222 caeterorum
1304 2194 1493 2222 hereticorum
1511 2194 1673 2229 baptismate
1700 2202 1807 2222 necnon

176 2242 248 2269 στος,
263 2233 351 2265 οὕτως
373 2233 529 2270 ἀκάθαρτον
544 2233 698 2268 βάπτισμα,
722 2232 770 2259 καὶ
783 2233 839 2263 τοῖς
855 2231 958 2258 ὲπιὸού·

1014 2240 1252 2275 .anabaptis‘tarum
1282 2239 1405 2274 quotidie
1428 2239 1638 2275 baptizantium,
1665 2248 1681 2268 ι
1706 2241 1808 2277 quibus

174 2280 229 2313 λοις
253 2280 378 2315 δαίμοςιν
402 2279 637 2314 εὐπεριφρόνητον
661 2278 692 2305 τὸ
708 2278 746 2313 μὴ
762 2277 796 2305 δι’
816 2277 899 2304 αὐτοῦ
915 2276 962 2312 τοῦ

173 2327 253 2360 ἁγίου
270 2326 428 2361 Πνεύματος
440 2334 448 2342 ·
464 2326 545 2352 ὁποῖα
559 2326 594 2353 τά
616 2333 646 2352 τε
668 2324 757 2352 ἄλλων
771 2324 963 2359 αἰρετιζόντων

175 2373 270 2399 καὶτὰ
290 2373 345 2398 τῶν
372 2370 614 2403 ἁναϐαπτιζόντων
639 2370 900 2406 ήμεροὸαπτιστῶν,
927 2367 964 2397 ὦν

175 2418 274 2449 ἄπεστι
298 2417 328 2443 τὸ
351 2416 430 2451 ἆγιον
454 2410 579 2451 [lui-ﬁta,
594 2415 631 2447 ὡς
658 2415 696 2450 μὴ
710 2415 780 2446 εῑδὺς
802 2415 923 2447 ἐκείνους
939 2415 965 2441 εἰ

176 2464 224 2491 καὶ
254 2462 454 2493 ἐπικαλοῦντας
478 2461 555 2488 αὑτό.
582 2460 767 2495 Ἐνθυμητέον
797 2460 819 2486 δ’
848 2461 966 2487 ἐνταῦθα

177 2510 291 2545 λουτρὸν
306 2508 378 2535 εἶναι
394 2508 465 2535 θεῖον
490 2507 538 2534 καὶ
553 2507 582 2534 τδ
595 2507 640 2534 διὰ
655 2508 711 2533 τῶν
732 2506 858 2541 δακρύων
874 2507 921 2533 καὶ
935 2507 967 2533 τὸ

179 2556 326 2590 μοναχικύν
337 2563 344 2570 ·
362 2552 402 2585 οἷς
416 2554 465 2581 καὶ.
486 2554 578 2584 αὐτοῖς
595 2552 753 2588 Πνεύματος
767 2552 966 2587 ἁνθρακεύεται

178 2602 226 2628 καὶ
240 2601 396 2636 ἀναλάμπει
422 2601 496 2633 ζέσις
511 2600 587 2634 παρὰ
612 2600 667 2631 τοῖς
684 2599 793 2635 θερμῶς
819 2600 977 2633 προσιεμέτ

177 2657 233 2680 νοις
258 2648 339 2674 αὐτά.
368 2646 608 2682 Προσενθυμητέον
627 2645 656 2672 δὲ
679 2645 727 2672 καὶ
751 2646 792 2671 ὅτι
819 2645 891 2672 καθὰ.
917 2645 966 2680 τὴν

176 2694 327 2729 εἰρημένην
350 2694 427 2725 ζέσιν
450 2692 597 2726 ἐπικοσμεί
611 2691 640 2717 ea
666 2690 777 2725 Πνεῦμα
794 2699 967 2725 συνικφωνη-

176 2739 233 2771 θὲν,
258 2738 330 2765 οὕτω
355 2739 400 2764 καὶ
425 2738 455 2764 τὸ
481 2739 553 2764 θεῖον
578 2736 816 2772 προστεθειμένον,
834 2737 967 2771 σέμνωμὰ

175 2780 241 2810 ἐστι’
262 2784 309 2810 τοῦ
326 2783 439 2819 λουτροῦ
451 2792 458 2798 ·
476 2784 524 2809 καὶ
550 2785 564 2810 ὁ
579 2783 657 2817 λόγος
682 2783 710 2809 δὲ
725 2783 739 2809 ὁ
767 2784 814 2809 τοῦ
839 2783 967 2818 δευτέρου

179 2831 270 2866 στίχου
295 2830 474 2865 προκείμενος
498 2830 630 2864 κόσμημα
654 2831 710 2856 ἐστι
739 2829 787 2864 τῆς
802 2831 917 2864 ἐννοίας,
932 2830 969 2862 ὠς

181 2878 225 2904 ιιαὶ
238 2877 346 2911 εἴρηται
360 2877 407 2903 καὶ
422 2875 496 2907 αὔοι,
510 2877 661 2910 εἰρήσεται.

341 2925 476 2952 ΡΑτιιυι..
501 2925 558 2952 (in.
583 2922 751 2952 CXXXVI.

1018 2286 1095 2313 abest
1129 2285 1248 2321 Spiritus
1262 2290 1383 2317 sanctus,
1403 2290 1432 2313 ut
1459 2286 1586 2313 nesciens
1601 2285 1673 2317 illos,
1699 2287 1808 2314 tametsi

1019 2334 1107 2367 ipsum
1129 2331 1267 2359 invocent.
1304 2331 1356 2359 Hic
1370 2335 1460 2359 autem
1477 2332 1681 2367 recogitandum
1705 2338 1748 2360 est
1766 2333 1807 2360 Ia-

1019 2384 1129 2404 vocrqu
1173 2384 1234 2404 esse
1260 2383 1370 2411 quoque
1394 2376 1529 2410 divinum,
1548 2376 1615 2404 illud
1630 2378 1702 2412 quod
1719 2377 1748 2405 fit
1761 2386 1809 2413 per

1019 2423 1163 2458 lacrymas,
1198 2426 1227 2451 et
1253 2422 1319 2450 illud
1349 2422 1421 2458 quod
1444 2423 1632 2451 monachicum
1653 2427 1711 2450 est:
1727 2423 1771 2451 his
1784 2428 1811 2451 et

1021 2468 1088 2502 ipsis
1106 2466 1224 2502 Spiritus
1242 2467 1332 2494 fervor
1354 2468 1512 2496 accenditur
1539 2473 1566 2496 et
1599 2468 1677 2507 ardet
1704 2469 1731 2496 in
1758 2470 1813 2496 illis

1020 2514 1066 2548 qui
1092 2514 1194 2541 fervide
1210 2514 1363 2549 suseipiunt
1400 2522 1442 2542 ca.
1470 2515 1498 2542 In
1513 2520 1603 2544 mente
1634 2523 1699 2543 vero
1729 2516 1812 2543 simul

1022 2560 1189 2587 habendum
1206 2565 1258 2592 est,
1284 2560 1358 2595 quod
1390 2562 1463 2588 sicut
1486 2562 1587 2589 dictum
1612 2559 1745 2590 fervorem
1767 2570 1814 2590 et-

1019 2611 1102 2633 ornat
1133 2606 1253 2641 Spiritus
1268 2607 1350 2634 simul
1381 2609 1552 2640 enuntiatus,
1580 2609 1620 2636 sic
1635 2609 1718 2636 etiam
1739 2609 1811 2636 divi-

1023 2661 1088 2680 num
1100 2653 1304 2688 superadditum
1323 2657 1366 2681 est
1382 2654 1481 2682 laVacri
1494 2654 1729 2683 decoramentum.
1744 2654 1811 2682 Ver-

1023 2701 1085 2728 bum
1098 2705 1188 2728 autem
1202 2700 1291 2735 λόγος,
1309 2702 1355 2737 qui
1371 2702 1522 2730 secundum
1535 2710 1642 2730 versum
1656 2702 1811 2736 antegredi-

1024 2752 1078 2779 tur,
1103 2753 1295 2775 ornamentum
1307 2753 1350 2775 est
1363 2749 1516 2780 sententiae,
1528 2748 1599 2775 sicut
1611 2747 1715 2774 dictum
1726 2752 1767 2774 est
1783 2754 1810 2774 et

1024 2795 1121 2822 iterum
1146 2794 1263 2822 dict-tur.

1565 2912 1603 2941 20
