1965 3115
181 217 234 249 69F-

572 214 614 251 ΙΝ
647 219 817 251 HYMNUM
849 221 1173 253 PENTECOSTALEM
1195 223 1424 256 DAMASCENL

1758 227 1810 258 6‘36

181 277 303 311 τίσθητε,
323 278 369 305 ῐνα
383 279 505 313 δηλονότι
520 280 598 307 καλοὶ
617 281 734 315 γένησθε
747 290 754 297 ·
772 282 819 309 καὶ
835 282 972 310 ἀνακεκα-

1036 283 1230 318 lluminamini,
1261 289 1290 312 ut
1319 293 1418 319 nempe
1443 284 1507 312 boni
1533 285 1603 316 sitis.
1634 289 1662 312 et
1690 285 1809 313 revelata

181 322 312 359 λυμμένῳ
337 327 476 368 προσώπῳ
506 327 650 362 βλέποντες
678 328 745 355 Θεὸν
776 328 969 362 ἀγγελοειδῶς,

185 371 268 405 μηδὲν
283 372 391 399 σκοτίου
416 373 528 407 αίσχους
544 374 731 408 προκάλυμμα
757 375 905 408 προσώπου
923 375 971 410 φέ-

185 427 286 453 ροντες.
300 419 346 446 Διὸ
362 420 409 446 καὶ
424 420 520 454 ὲπάγει
535 422 549 447 ὁ
568 421 650 448 Δαὸὶδ
668 421 737 456 μετὰ
752 422 794 453 τὸ,
805 423 970 457 Φωτίσθητε,

184 464 224 496 τδ,
240 465 295 491 Καὶ
307 465 341 492 τὰ
357 465 490 499 πρόσωπα
506 467 583 500 ὑμῶν
593 469 625 494 οὖ
641 468 679 501 μὴ
693 468 887 503 καταισχυνθῇ.
900 468 972 495 ’Λλλ“

185 510 261 537 οὔπω
281 512 329 543 μὲν
354 512 500 545 ἀπρόσιτος
523 514 538 547 ἠ
569 514 632 546 ἁγία
664 513 759 548 Τριὰς,
783 515 797 541 ὁ
819 512 860 545 εἷς
886 514 972 546 Θεός’

186 557 299 591 ἅχρονος
325 559 363 592 δὲ,
381 559 421 586 ὅτι
437 560 519 591 adeo;
534 560 571 595 μὴ
594 560 635 587 ὃτι
662 569 693 594 γε
709 561 822 595 χρόνους
840 561 887 588 καὶ
913 570 974 588 και-

188 604 260 636 ροὺς,
277 604 343 630 ἀλλὰ
371 606 416 631 καὶ
441 607 503 636 τοὺς
528 607 628 639 αξῶνας
646 607 770 642 ἐποίησε.
794 609 842 634 Διὸ
865 608 923 635 οὐδὲ
939 606 974 643 ἦν

188 649 277 685 χρόνῳ
292 650 443 686 ὑπέχεσθαι
455 652 500 679 τὸν
511 653 610 684 παντὸς
621 654 719 689 χρόνου
734 653 852 688 ποιητὴν
865 653 913 680 καὶ
926 654 973 680 κύ-

189 703 255 726 ριον.
275 696 311 722 Τὸ
327 697 366 730 δὲ,
383 697 506 731 κάμπτει
523 699 599 732 γόνυ,
615 700 629 726 ὅ
647 701 704 727 ἐστι
720 701 870 735 προσκυνεῖ
884 700 912 726 ὲν
937 699 975 734 τῷ

188 743 356 774 γονυπετεῖν,
380 744 465 777 ἤγουν
490 744 536 773 ἐπὶ
553 745 616 779 γόνυ
645 747 755 773 πίπτειν
776 746 824 773 καὶ
849 746 976 780 γονυκλι-

187 790 254 821 τεῒν,
271 789 406 824 μετῆκτςιι
424 791 478 818 ἀπὸ
499 792 619 819 τετανῶν
635 793 780 826 σωμάτων,
795 792 814 820 ἃ
833 793 977 820 ταπεινού-

190 843 260 868 gutta.
276 837 449 869 κάμπτονται
460 846 467 854 ·
481 838 574 866 ὁποῖόν
588 848 616 866 τι
633 840 680 867 καὶ
702 839 813 866 τεταναὶ
826 839 976 873 λεγόμεναι

189 881 299 914 τρίχες·
316 881 375 908 ἐστι
392 882 421 909 δὲ
447 883 463 917 ἢ
489 883 615 915 ἐπίτασις
640 883 752 910 τετανοῦ
775 883 805 910 τὸ
828 883 922 914 ἀτενὲς
939 884 977 914 ὡς

190 926 249 952 λίαν
265 927 413 962 τεταμένον
428 928 467 956 είς
484 928 587 963 δρϐιον,
601 929 617 964 ἢ
635 929 764 965 στέρησις
778 929 816 959 ὡς
829 929 866 964 μὴ
883 929 978 963 δεόμε-

191 980 236 997 νον
261 973 364 1004 τάσεως
392 973 523 1005 πλείονος,
551 974 614 1009 ἥνὸ
640 974 776 1006 ἀπολέσας
803 975 975 1009 κέκαμπται.

192 1017 311 1044 Τοιαῦτα
324 1018 352 1044 δὲ
372 1019 405 1045 τὰ
424 1019 461 1053 μὴ
487 1019 566 1054 ὄρθια
583 1020 671 1047 πάντα
699 1019 825 1054 σώματα,
842 1021 871 1046 ἐν
894 1018 934 1050 οἷς
952 1020 977 1046 αί

192 1062 267 1089 οὖλαι
296 1064 400 1099 τρίχες,
426 1064 474 1091 καὶ
494 1065 527 1091 τὰ
550 1066 682 1100 γναμπτὰ
706 1066 844 1101 ἄγκιστρα
873 1067 920 1092 καὶ
945 1066 979 1093 τὰ

192 1108 406 1142 ἁγκιστροειδῶς
429 1110 615 1145 περιηγμένα,
633 1111 683 1145 οὐχ
707 1111 809 1146 ἥκιστα
832 1110 860 1137 δὲ
885 1110 930 1137 καὶ
946 1111 980 1137 τὰ

193 1155 289 1188 κυρτὰ,
315 1152 353 1182 ὧν
368 1156 534 1191 παρωνυμίαι
546 1156 572 1182 οἱ
594 1156 743 1184 ἁλιευτικοὶ
768 1156 874 1191 κύρτοι.
895 1156 979 1182 Ύπο-

192 1201 277 1233 ταγῆς
292 1201 320 1227 δὲ
346 1201 480 1235 σύμϐολον
501 1200 590 1235 ἄκρας
607 1201 637 1228 τὺ
664 1201 801 1236 κάμπτειν
827 1199 913 1235 γόνυ·
940 1198 980 1226 διὸ

193 1247 241 1274 uti.
256 1249 312 1278 τοῖς
336 1248 477 1281 κραταιοῖε
494 1248 650 1283 βασιλεῦσιν
673 1248 718 1274 ὅτε
743 1256 793 1274 που
811 1247 886 1278 ἔθνος
915 1246 980 1272 ὑπο-

194 1293 279 1327 ταγῇ,
294 1292 432 1327 κάμπτειν
448 1293 522 1326 αὐτῷ
538 1294 602 1326 γόνυ
617 1293 728 1327 λέγεται
742 1301 750 1308 ο
765 1293 796 1320 τὸ
818 1292 847 1319 δὲ
864 1292 979 1328 μελῳδι-

196 1338 252 1368 κῶς
267 1338 298 1364 τὰ
313 1338 410 1365 πάντα
432 1339 527 1366 είπεῖν.
543 1339 558 1373 ἢ
582 1339 612 1364 τὺ
629 1338 691 1367 πᾶν
717 1339 915 1372 ἀποστολικῶς,
931 1340 980 1374 τῆς

196 1383 282 1417 αὐτῆς
299 1383 403 1416 ἐννοίας
425 1385 478 1411 εἰσὶ
497 1384 544 1411 ἐπὶ
566 1385 623 1416 τοῖς
649 1386 741 1420 σοφοῖς
755 1393 764 1401 ⁶
790 1385 912 1421 κοσμικὴ
926 1385 982 1421 γὰρ

195 1428 288 1465 ὀλότης
304 1429 337 1456 δι’
351 1430 490 1466 ἑκατέρων
507 1431 682 1464 σημαίνεται.

233 1475 277 1510 ρι’.
295 1476 473 1510 Παράκλητον
486 1477 514 1502 δὲ
526 1477 572 1503 τὸν
589 1477 652 1504 Υἱδν
666 1477 735 1512 πρδς
754 1479 799 1504 τὸν
814 1478 925 1513 Πατέρα
937 1478 981 1506 λέ-

196 1530 292 1555 γομεν,
310 1522 382 1549 καθὰ
400 1523 446 1549 καὶ
461 1523 491 1549 τὸ
514 1523 642 1557 Πνεῦμα·
660 1523 710 1550 οὐκ
730 1524 767 1550 ’ἂν
783 1525 843 1551 οὐδὲ
858 1524 905 1551 τοῦ
924 1526 980 1552 [ἰα-

195 1568 259 1602 τρὸς
283 1568 463 1600 ἀπαξιοῦντος
478 1569 507 1594 τὸ
531 1570 649 1604 πρᾶγμα
672 1570 686 1603 ἢ
705 1569 791 1602 ἄλλως
816 1570 982 1605 ἀποστερου-

1022 328 1092 356 facie
1121 329 1206 357 Deum
1234 330 1355 365 angelice
1380 334 1496 359 tuentes.
1523 330 1646 367 nihilque
1670 330 1809 365 opprobrii

1023 375 1160 403 tenebrosi
1197 376 1321 404 velamen
1348 377 1426 404 faciei
1462 376 1593 404 ferentes.
1616 376 1711 412 itaque
1726 381 1810 411 post:

1022 421 1230 453 llluminamini,
1260 422 1342 449 David
1367 422 1481 456 adjicit:
1499 426 1526 449 et
1548 422 1631 449 facies
1643 428 1741 450 vestrm
1757 430 1812 449 non

1024 467 1238 495 confundantur.
1267 467 1326 495 Non
1362 468 1450 496 solum
1479 472 1569 496 autem
1600 468 1739 495 inadibilis
1768 473 1813 496 cst

1023 519 1117 542 sancta
1144 513 1276 548 Trinitas,
1299 521 1372 542 unus
1392 514 1464 542 Deus
1491 518 1556 542 :est
1575 514 1656 541 etiam
1686 518 1812 545 internus,

1023 560 1097 594 quod
1113 561 1170 595 ipse
1191 567 1245 587 non
1271 558 1375 587 tantum
1405 563 1512 593 tempus
1535 565 1563 587 et
1587 559 1698 591 saecula,
1719 559 1810 586 sedet

1024 605 1193 633 teternitates
1209 604 1282 632 fecit.
1303 605 1367 632 Ideo
1385 605 1500 640 tempori
1516 613 1568 632 non
1583 609 1642 632 erat
1659 604 1810 637 subjicien-

1025 652 1086 683 dus,
1102 651 1146 686 qui
1163 651 1310 686 cujuslibet
1319 652 1450 685 temporis
1465 656 1506 679 est
1521 655 1617 679 auctor
1630 656 1656 678 et
1669 651 1811 678 Dominus.

1026 698 1084 725 Hoc
1113 701 1204 724 autent
1221 706 1229 725 :
1245 697 1369 732 κάμπτει
1397 697 1473 731 γόνυ,
1493 698 1566 732 quod
1594 700 1637 724 εει
1660 698 1756 724 adorat
1785 696 1811 723 in

1025 744 1064 779 τῷ
1085 745 1256 778 γονυπετεῖν,
1276 744 1334 772 sive
1358 745 1385 772 in
1415 744 1613 779 prosterncndo
1638 751 1668 772 se
1691 749 1717 772 et
1742 752 1811 778 genu

1027 788 1168 822 ﬂectendo,
1194 789 1355 818 translatum
1377 795 1419 818 est
1444 790 1479 818 ab
1496 791 1615 818 extentis
1639 790 1814 825 corporibus,

1026 843 1087 871 qua:
1112 836 1229 864 demissa
1269 835 1434 870 ﬂectuntur,
1459 836 1576 870 qualiter
1605 838 1687 863 etiam
1714 837 1817 864 extenti

1027 882 1092 910 dicti
1107 882 1207 909 crines.
1229 881 1277 910 Est
1300 886 1389 909 autem
1409 882 1543 910 tensionis
1552 889 1695 914 excessus,
1713 881 1819 909 inflexi-

1029 928 1091 958 bile.
1107 932 1135 954 ut
1149 927 1232 955 nimis
1247 932 1354 955 tensum
1371 928 1396 954 in
1414 932 1530 960 rectum,
1546 927 1586 955 vel
1602 928 1729 962 privatio,
1745 928 1818 955 sicut

1031 982 1082 1002 non
1105 982 1190 1009 egens
1219 975 1323 1008 majore
1346 975 1487 1007 tensione;
1512 982 1593 1009 quam
1626 975 1672 1010 qui
1700 974 1818 1010 perdidit

1030 1020 1201 1048 incurvatur.
1218 1019 1294 1048 Talia
1309 1025 1374 1048 sunt
1387 1024 1479 1048 autem
1494 1021 1586 1048 omnia
1599 1028 1653 1048 non
1669 1025 1743 1048 recta
1755 1022 1818 1047 cor-

1030 1073 1107 1100 pora,
1127 1066 1154 1093 in
1170 1065 1271 1100 quibus
1288 1066 1372 1101 crispi
1386 1070 1452 1094 sunt
1466 1066 1568 1098 crines.
1584 1071 1611 1094 et
1627 1065 1702 1093 curvi
1728 1066 1814 1097 hami,

1031 1115 1057 1138 et
1073 1111 1098 1138 iu
1112 1111 1185 1138 banti
1205 1110 1291 1138 forma
1315 1116 1393 1140 torta
1418 1119 1475 1143 res,
1488 1112 1535 1139 sed
1552 1116 1580 1139 et
1595 1112 1712 1138 maxime
1729 1119 1819 1138 curvae.

1031 1156 1143 1191 (κυρτὰ)
1172 1165 1287 1192 quorum
1321 1161 1364 1185 est
1378 1156 1513 1184 derivatio
1540 1156 1688 1192 piscatoria
1722 1164 1814 1185 nassa.

1032 1203 1153 1230 Summae
1171 1211 1235 1231 vero
1259 1203 1440 1238 subiectionis
1458 1203 1614 1238 symbolum
1639 1206 1680 1230 est
1702 1210 1819 1230 curvare

1031 1256 1125 1283 genu:
1144 1249 1261 1283 ideoque
1276 1257 1339 1276 cum
1358 1249 1515 1284 potentibus
1534 1249 1645 1283 regibus
1669 1255 1736 1282 gens
1752 1248 1818 1276 sub-

1031 1295 1134 1334 jicitur,
1167 1295 1217 1329 ipsi
1244 1302 1361 1322 curvare
1392 1302 1462 1329 genu
1494 1295 1606 1322 dicitur.
1633 1294 1729 1322 Dicere
1758 1302 1820 1322 vero

1033 1348 1094 1368 eutn
1120 1344 1198 1374 poeta
1227 1341 1329 1373 omnia,
1360 1340 1402 1368 vel
1420 1348 1482 1368 ettm
1502 1340 1626 1374 apostolo
1657 1348 1742 1371 omne,
1771 1347 1821 1374 pro

1033 1386 1203 1420 sapientibus
1228 1386 1352 1422 ejusdem
1377 1391 1420 1414 est
1443 1386 1608 1415 sententiae:
1634 1386 1669 1414 ab
1697 1391 1814 1420 utroque

1034 1433 1106 1459 enim
1127 1432 1293 1460 universitas
1308 1433 1402 1460 mundi
1415 1432 1594 1467 significatur.
1732 1451 1749 1460 .›

1073 1479 1135 1506 110.
1173 1479 1343 1507 Paracletnm
1367 1483 1457 1507 autem
1481 1479 1553 1514 apud
1587 1477 1695 1506 Patrem
1723 1477 1820 1506 Filiqu

1036 1524 1163 1557 dicimus,
1184 1525 1254 1552 sicut
1269 1529 1296 1552 et
1315 1524 1467 1560 Spiritum;
1491 1532 1554 1552 cum
1567 1532 1597 1552 re
1618 1532 1673 1551 non
1693 1524 1823 1558 indignus

1036 1575 1109 1597 esset
1125 1570 1183 1604 ipse
1199 1570 1288 1603 Pater,
1305 1576 1356 1598 nec
1371 1569 1483 1597 aliunde
1508 1569 1634 1597 frustrari
1653 1574 1743 1604 potest
1770 1569 1823 1596 bu—

199 1613 278 1646 μένου
292 1613 338 1639 τοῦ
368 1613 509 1640 καλεῖσθαι
524 1613 594 1640 οὕτω
608 1623 614 1629 ·
632 1616 662 1640 οὺ
690 1615 770 1649 μὸνον
794 1616 834 1642 ὅτι
854 1625 980 1651 παρακα-

1036 1613 1152 1650 iusmodi
1170 1615 1291 1642 nomine.
1310 1615 1372 1651 Ipse
1385 1615 1487 1650 quippe
1500 1614 1532 1641 ad
1550 1622 1594 1643 res
1607 1620 1717 1642 nostras
1742 1614 1822 1641 adva-

196 1659 283 1685 λεῖται
301 1660 348 1686 καὶ
365 1659 446 1691 αὐτὸς
460 1660 512 1686 ὑπὸ
526 1661 576 1694 τῆς
591 1660 695 1693 οίκείας
718 1661 923 1696 φιλανθρωπίας
941 1662 981 1694 είς

197 1706 231 1731 τὰ
248 1705 318 1740 ὑπὲρ
332 1706 422 1740 ἡμῶν,
441 1706 480 1733 ἔτι
495 1707 522 1733 δὲ
536 1707 581 1733 καὶ
597 1707 641 1741 ὑφ’
656 1708 736 1743 ἡμῶν
752 1708 982 1743 προκαλουμένων

198 1752 247 1785 τὴν
261 1752 366 1778 ἐκεῖθεν
383 1752 522 1787 βοήθειαν,
540 1753 607 1781 ἀλλὰ
623 1754 669 1780 καὶ
683 1755 723 1780 ὅτι
739 1755 897 1790 παρακαλεῖ
908 1756 984 1790 ἡμᾶς

197 1799 234 1831 ὡς
251 1799 275 1825 εί
301 1799 348 1826 καὶ
371 1799 487 1834 κατέψα,
512 1800 559 1826 καὶ
583 1800 735 1833 ποππύζων
760 1801 919 1835 ἐκολάκευε,
936 1803 984 1830 καὶ

199 1844 289 1871 πάντα
307 1844 408 1879 τρόπον
433 1845 552 1880 ἐπήγετο
566 1846 606 1877 εἰς
628 1846 658 1872 τὸ
672 1846 720 1873 καὶ
734 1847 809 1878 υἱοὺς
825 1847 871 1874 καὶ
887 1847 984 1884 κληρο-

199 1891 297 1926 νόμους
312 1891 474 1918 ἀποτελέσαι
488 1891 584 1919 αὑτοῦ.
600 1892 630 1918 Ei
645 1891 699 1926 γὰρ
714 1892 751 1927 μὴ
763 1894 776 1919 ὁ
790 1893 885 1929 Πατὴρ
899 1894 985 1921 ἐθέλει

201 1937 248 1963 καὶ
263 1937 375 1964 δύναται
395 1938 567 1972 παρακαλεῖν
581 1938 656 1973 ἡμᾶς
671 1939 711 1969 είς
725 1939 758 1966 τὰ
774 1940 901 1974 κρείττω,
914 1941 986 1975 τάχα

200 1983 232 2009 ἂν
249 1983 308 2010 οὐδὲ
323 1984 337 2010 ό
360 1983 435 2016 Υἱὸς,
451 1984 511 2010 οὐδὲ
525 1983 554 2010 τὸ
571 1984 682 2018 Πνεῦμα
706 1984 796 2017 ἕξουσι
821 1986 850 2013 τὸ
864 1985 986 2014 τοιοῦτον

203 2030 335 2064 σέμνωμα
346 2036 354 2045 ·
370 2030 419 2056 καὶ
440 2029 528 2061 ἄλλως
543 2030 572 2056 δὲ
594 2031 643 2056 τοῦ
669 2031 748 2064 ἁγίου
764 2025 922 2065 Πνεύματος
938 2033 987 2060 σὺν

202 2075 240 2108 τῷ
258 2075 346 2110 Πατρὶ
359 2075 405 2102 καὶ
421 2075 460 2110 τῷ
484 2075 541 2110 Υἱῷ
566 2078 877 2112 συμπροσκυνουμένου,
900 2079 945 2105 ναὶ
959 2079 987 2105 δὲ

203 2121 251 2148 καὶ
275 2121 503 2156 συνδοξαξομένου
531 2121 574 2154 ἐφ’
602 2119 642 2154 οἷς
671 2125 860 2158 τερατουργετ,
887 2125 987 2153 ἄτοπόν

204 2168 278 2194 ἐστιν
291 2167 452 2202 ἀποστερεῖν
468 2167 550 2194 αὐτοῦ
564 2167 614 2202 τὴν
629 2168 709 2202 ἡμῶν
722 2169 904 2204 παράκλησιν.

240 2213 302 2248 ρια¹.
318 2213 378 2248 Χρὴ
403 2213 457 2247 γὰρ
483 2212 580 2240 εἰδέναι
595 2213 632 2244 ὡς
650 2213 704 2248 πρὸ
727 2215 837 2242 πάντων
856 2215 910 2242 τῶν
927 2216 988 2244 κατ’

204 2259 362 2294 ἀνθρώπους
379 2259 552 2294 θεομιμήτως
569 2259 616 2286 καὶ
629 2259 828 2291 διδασκαλικῶς
843 2262 923 2288 οἱονεὶ
938 2270 989 2289 πα-

1034 1667 1122 1694 catur,
1145 1668 1200 1689 non
1220 1661 1307 1688 solum
1330 1668 1345 1688 a
1366 1668 1414 1688 sua
1431 1660 1600 1696 benignitate
1626 1664 1736 1695 propter
1760 1668 1820 1692 nos.

1034 1707 1080 1735 sed
1096 1707 1178 1735 etiam
1193 1714 1207 1734 a
1226 1707 1305 1734 nobis
1317 1706 1406 1742 ipsius
1419 1706 1552 1734 auxilium
1571 1706 1603 1734 ad
1618 1714 1668 1734 nos
1689 1707 1822 1734 advocan—

1035 1754 1116 1781 tibus.
1132 1753 1245 1788 Insuper
1260 1753 1374 1781 advocat
1395 1759 1462 1786 nos,
1484 1752 1565 1787 quasi
1587 1760 1639 1780 nos
1655 1757 1823 1785 attrectaret,

1035 1798 1226 1834 sibilandoque
1261 1799 1371 1832 leniret,
1385 1803 1412 1826 et
1429 1799 1504 1826 omni
1522 1798 1604 1825 modo
1620 1806 1672 1826 nos
1685 1798 1781 1830 allicit,
1795 1803 1823 1825 ut

1036 1845 1106 1873 filios
1120 1849 1147 1872 et
1169 1844 1291 1873 ltaeredcs
1317 1852 1381 1873 suos
1408 1852 1459 1873 nos
1476 1844 1584 1872 efﬁciat.
1604 1845 1662 1872 lmo
1677 1844 1727 1872 nisi
1744 1843 1822 1871 Pater

1036 1892 1100 1920 velit
1124 1895 1151 1920 et.
1173 1892 1262 1926 possit
1288 1899 1339 1920 nos
1364 1891 1398 1920 ad
1423 1891 1534 1919 meliora
1556 1899 1664 1925 vocare,
1692 1890 1824 1918 continuo

1037 1946 1126 1973 neque
1150 1937 1236 1966 Filius
1253 1945 1341 1973 neque
1366 1937 1485 1973 Spiritus
1508 1938 1562 1965 hoc
1586 1937 1671 1965 decus
1701 1936 1823 1963 haberet.

1039 1984 1156 2012 Aliunde
1179 1992 1244 2012 vero
1268 1985 1315 2012 ubi
1341 1988 1453 2012 sanctus
1482 1983 1602 2018 Spiritus
1623 1990 1684 2010 eum
1701 1982 1780 2010 Patre
1798 1987 1826 2009 et

1039 2029 1109 2057 Filio
1134 2030 1213 2057 simul
1237 2031 1367 2058 adoratur
1389 2033 1416 2057 et
1439 2029 1658 2065 eonglorificatur
1674 2035 1723 2063 pro
1744 2028 1826 2055 mira-

1038 2076 1108 2103 culis
1122 2083 1184 2110 qure
1209 2080 1308 2114 [.atrat,
1328 2075 1478 2103 absurdum
1504 2079 1578 2103 esset
1600 2073 1750 2102 advocandi
1775 2081 1837 2100 nos.

1039 2120 1114 2150 illum
1130 2121 1233 2149 honore
1247 2121 1365 2156 privare.

1077 2211 1138 2239 Hi.
1161 2211 1238 2239 Scire
1253 2211 1324 2238 enim
1342 2215 1450 2245 oportet
1468 2210 1552 2246 quod,
1568 2217 1624 2245 prae
1637 2208 1767 2237 omnibus
1779 2209 1827 2243 qui

1040 2258 1113 2286 inter
1130 2257 1255 2285 homines
1268 2257 1302 2284 ad
1318 2256 1364 2284 Dei
1382 2258 1631 2292 magistrorumque
1657 2255 1745 2283 instar
1761 2258 1826 2282 sunt

206 2307 358 2342 ρακλήτων,
373 2307 386 2332 ὁ
411 2305 513 2340 κυρίως
532 2304 710 2340 Πειράκλητος
725 2305 820 2341 Πατὴρ
840 2307 889 2333 καὶ
903 2307 983 2340 Λόγος

1042 2304 1123 2338 quasi
1154 2303 1301 2336 paraeleti,
1324 2302 1368 2330 ille
1393 2303 1439 2337 qui
1471 2302 1580 2337 proprie
1602 2301 1759 2328 Paracletus
1785 2305 1827 2326 est

205 2354 251 2379 καὶ
267 2352 377 2386 Πνεῦμα
394 2351 440 2378 ἐπὶ
455 2352 517 2382 τοὺς
535 2350 761 2386 μακαριωτάτους
773 2348 839 2386 ἦλθε
855 2351 990 2387 μαθητὰς,

186 2410 189 2413 ·
206 2399 254 2424 καὶ
272 2397 330 2432 μετ’
343 2396 465 2430 ἐκείνους
483 2396 530 2422 ἐπὶ
546 2396 609 2428 τοὺς
624 2395 659 2422 δι’
674 2396 787 2422 ἐκείνων
802 2396 992 2431 ὲπεγνωκότας

206 2442 250 2468 τὸν
263 2441 328 2467 Θεὸν
345 2449 351 2456 ·
365 2441 394 2472 ὃς
410 2440 441 2467 οὐ
457 2440 537 2475 μόνον
555 2439 709 2467 λαλούντων
723 2440 777 2467 τῶν
799 2440 883 2467 αὑτοῦ
900 2441 992 2475 δεομέ-

206 2496 270 2518 νων,
288 2487 354 2513 ἀλλὰ
370 2487 417 2513 καὶ
446 2487 529 2521 μήπω
545 2485 613 2521 μηδὲ
637 2486 823 2522 λαλησάντων,
839 2487 973 2522 πάρεστιν
985 2495 992 2503 ⁶

206 2533 220 2559 ὃ
235 2532 266 2567 δὴ
289 2532 459 2567 παρακαλεῖν
484 2531 708 2566 ὁμολογουμένως
735 2532 805 2559 ἐστί.
835 2532 995 2568 Παρακαλεί

207 2577 246 2609 δὲ,
272 2577 411 2603 τουτέστιν
436 2576 519 2610 ἐγγὺς
546 2575 627 2603 αὐτοῦ
649 2576 737 2609 καλεῖ,
761 2577 830 2612 πρὸς
857 2577 995 2613 σωτηρίαν

209 2623 271 2654 τοὺς
299 2623 342 2649 τὸν
369 2622 498 2657 λογισμὸν
513 2622 624 2658 ἔχοντας
647 2622 713 2655 πρὸς
740 2623 816 2657 αὐτῷ
839 2623 993 2658 μυριαχῶς,

208 2666 263 2696 οἷον
272 2668 315 2695 διὰ
322 2668 376 2695 τῶν
390 2669 549 2704 κτισμάτων
559 2668 702 2702 καλλονῆς,
715 2668 733 2696 ἂ
744 2668 778 2695 δι’
789 2670 863 2704 ἡμᾶς
871 2670 994 2705 ἐποίησε,

209 2716 256 2743 καὶ
266 2717 315 2751 τῆς
327 2715 433 2743 ἐκεῖθεν
448 2716 623 2751 παντοδαπῆς
637 2715 759 2750 ἀμόχθου
770 2716 839 2751 ἡμῖν
850 2715 994 2751 ὠφελείας,

208 2764 254 2789 καὶ
274 2762 318 2789 διὰ
344 2763 391 2788 τοῦ
411 2762 501 2796 ἀγιοὰ
530 2762 580 2796 μὲν
605 2763 661 2794 τοῖς
683 2762 795 2796 ἀγαυοῖς
824 2763 994 2797 ὲπιμετρεῑν,

208 2810 263 2839 τοῖς
279 2808 308 2834 δὲ
330 2806 426 2840 κακοῖς
455 2807 542 2839 ἄλλως
566 2808 790 2843 προσφέρεσθαι·
817 2808 864 2834 και)⁸
889 2807 933 2835 διὰ
947 2807 995 2835 τοῦ

209 2854 490 2889 ἐπιφιλοτιμήσασοαι
506 2854 569 2880 νοῦν
594 2855 640 2880 καὶ
662 2854 781 2881 διάνοιαν
806 2854 996 2888 ἐπιγνώμονας

208 2898 314 2933 ἀγαθοῦ
332 2908 361 2925 τε
379 2901 422 2926 καὶ
440 2899 527 2926 κακοῦ
542 2908 547 2913 ·
566 2900 603 2930 ὡς
615 2899 645 2925 τὸ
662 2900 712 2934 μὲν
725 2899 863 2934 ἐγκρίνειν
877 2900 925 2926 καὶ
937 2901 996 2926 ἐπι-

210 2946 345 2981 λέγεσθαι,
365 2948 394 2973 τὸ
405 2946 432 2972 δὲ
450 2945 610 2981 ἀποκρίνειν
621 2945 669 2972 καὶ
683 2945 794 2978 ἐξωθεῖν
807 2942 850 2973 οἷα
864 2945 910 2972 τοῦ
927 2947 997 2974 κατίι

1043 2348 1134 2382 Pater,
1166 2348 1283 2376 Veritum
1304 2353 1332 2375 et
1359 2346 1480 2383 Spiritus
1509 2347 1542 2374 ad
1558 2346 1733 2375 beatissimos
1757 2346 1830 2372 venit

1043 2394 1204 2429 discipulus,
1220 2399 1247 2421 et
1262 2398 1323 2429 post
1337 2393 1398 2421 illos
1412 2393 1444 2420 ad
1461 2400 1509 2420 eos
1524 2393 1571 2428 qui
1589 2400 1636 2427 per
1653 2392 1727 2427 ipsos
1744 2390 1828 2419 Deum

1043 2444 1248 2476 cognoverunt;
1264 2445 1346 2474 atque
1359 2447 1412 2466 non
1437 2439 1524 2466 solum
1551 2438 1739 2473 loquentibus,
1771 2437 1831 2472 ipso

1044 2486 1199 2522 egentibus,
1217 2485 1264 2514 sed
1288 2486 1371 2514 etiam
1396 2485 1517 2513 nondum
1535 2485 1647 2517 loculis,
1668 2484 1763 2517 adest;
1779 2484 1833 2511 hoc

1044 2538 1086 2561 est
1111 2536 1212 2565 autem,
1229 2532 1269 2559 uti
1288 2536 1407 2564 constat,
1427 2531 1599 2567 παρακαλεῖν
1618 2540 1625 2559 :
1647 2530 1763 2559 advocat
1779 2539 1830 2558 au-

1046 2583 1112 2612 tem,
1137 2578 1163 2606 id
1183 2582 1235 2609 est,
1263 2577 1297 2605 ad
1324 2585 1354 2605 se
1384 2578 1496 2613 propius
1513 2581 1592 2606 vocat
1605 2577 1638 2605 ad
1652 2577 1768 2606 salutent
1784 2585 1831 2605 eos

1046 2624 1091 2659 qui
1110 2631 1203 2652 secum
1220 2627 1334 2650 utuntur
1350 2622 1456 2650 ratione
1478 2623 1573 2650 mttltis
1597 2623 1696 2655 modis,
1714 2622 1831 2658 qualiter

1046 2678 1093 2705 per
1106 2674 1293 2697 creaturarum
1311 2668 1555 2704 pulchritudinem,
1571 2677 1639 2704 quas
1656 2673 1766 2704 propter
1781 2675 1832 2695 nos

1047 2715 1123 2750 fecit,
1138 2721 1165 2743 et
1181 2715 1377 2742 multiformem
1401 2715 1501 2743 exinde
1529 2715 1608 2743 nobis
1621 2714 1724 2749 absque
1740 2713 1832 2741 labore

1048 2761 1201 2796 utilitatem,
1230 2767 1258 2789 et
1288 2768 1337 2796 per
1366 2761 1513 2789 bonitatem
1542 2768 1596 2796 qua
1623 2760 1692 2787 bona
1721 2758 1832 2793 quidem

1047 2807 1156 2835 aliunde
1171 2807 1284 2843 largitur
1300 2807 1390 2840 bonis,
1405 2807 1483 2834 malis
1498 2812 1588 2834 autem
1602 2805 1669 2832 alias
1681 2805 1831 2835 succurrit.

1047 2861 1153 2881 necnon
1183 2861 1231 2889 per
1257 2853 1431 2881 dilectionem
1451 2860 1503 2888 qua
1522 2850 1697 2887 prosequitur
1715 2855 1834 2878 mentem

1047 2904 1074 2927 et
1087 2908 1135 2927 cor
1154 2907 1214 2935 quae
1234 2899 1334 2926 bonum
1348 2903 1375 2927 et.
1392 2899 1492 2925 malum
1508 2898 1684 2930 discernunt;
1706 2895 1832 2923 utuntu'u

1050 2946 1157 2981 quidem
1187 2945 1333 2975 admittant
1358 2948 1385 2972 et
1409 2943 1520 2977 eligant,
1546 2942 1659 2969 alterum
1685 2947 1774 2969 autem
1791 2949 1833 2968 re-
