1965 3115
184 210 238 243 627

544 212 754 244 EUSTATHH
774 212 1162 245 THESSALONICENSIS
1182 211 1463 244 METROPOLlT/E

1763 207 1815 241 628

183 271 301 306 probem
326 276 354 299 et
378 272 501 307 ejiciant,
533 277 662 306 tanquam
694 273 806 300 homine
825 274 971 300 secundum

1027 274 1094 302 Θεδν
1111 274 1255 310 ἀνθρώπου
1273 272 1394 306 ἀνάξιον.
1413 273 1444 299 El
1459 271 1486 299 δδ
1502 271 1549 299 καὶ
1567 270 1666 298 θλίϐων
1682 270 1755 305 ἡμᾶς
1772 272 1816 298 καὶ

183 317 268 346 Deum
282 319 385 354 aliquid
400 318 642 353 indigqu.Quod
657 318 679 345 si
696 326 745 346 nos
759 319 928 352 afﬂigens,”
945 319 972 346 in

183 366 346 393 memoriam
357 365 506 398 subiiciens
519 372 569 393 nos
578 365 664 400 ipsius
673 372 733 393 esse
745 373 851 398 servos,
861 366 893 392 ad
905 366 974 393 bene

182 411 317 445 agendum
330 419 380 439 nos
393 410 510 444 inducit,
524 411 636 439 omnino
655 412 694 439 sic
705 412 787 439 etiam
799 412 832 439 ad
844 412 974 440 salutaria

182 464 234 484 nos
259 458 384 490 advocat,
398 461 526 492 tanquam
548 458 973 492 mortiﬁcando,etviviﬂcando,

181 510 327 538 puunemm
360 503 486 531 faciendo
520 504 690 540 divitemque
725 506 882 537 reddendo,
920 506 974 533 hu-

184 548 314 576 tuiliando
329 554 357 578 et
366 550 510 584 elevando,
521 540 684 586 ceterisque
698 552 857 586 huiusmodi
873 552 971 580 modis.

220 594 281 622 ΗΞ.
298 595 375 628 Ουοά
398 601 488 624 autem
505 605 537 624 ex
553 598 682 626 omnibus
698 598 724 625 in
743 603 869 634 promptu
885 598 974 626 maxi-

183 647 228 666 me
240 644 280 667 est
296 648 329 669 ac
353 642 524 674 facillimum,
542 648 580 676 et,
611 644 648 671 uti
679 643 741 679 quis
759 650 831 672 recte
859 643 971 675 diceret.

184 686 271 720 magis
286 686 396 714 ohvim’n
424 694 457 715 ac
476 688 617 723 populare,
636 697 754 723 vereque
769 690 877 717 cunctis
889 697 972 716 com-

183 740 276 765 mune,
304 733 420 762 advocat
434 735 516 762 etiam
535 742 582 770 per
599 741 665 763 suos
679 735 832 770 discipulos
847 739 874 763 et
890 737 972 763 tlocu-

184 784 274 806 menta
289 779 499 815 quibuscunque
524 781 694 816 temporibus
717 787 887 816 opportuna;
905 788 972 818 quo-

183 832 244 852 rum
272 826 325 853 alia
366 826 476 860 quidem
507 827 771 856 rircumscribuntur
795 828 972 856 sanctissimo

183 872 313 899 conclusa
342 872 500 909 Evangelio,
532 874 584 901 alia
603 881 666 902 vero
693 882 778 909 prope
791 875 817 902 in
834 874 971 903 inﬁnitum

183 918 306 953 antiquis
333 917 569 947 circumferuntur
605 920 809 950 traditionibus.
837 920 969 950 Paracleti

184 970 314 998 namque,
333 965 501 994 conﬁdenter
519 966 593 998 dico,
610 972 671 1001 post
690 965 786 999 Deum,
803 967 891 1001 primo
907 967 970 1002 qui~
988 955 1009 985 Β

180 1009 244 1037 dem
261 1009 289 1037 in
304 1010 416 1046 antiqua
438 1011 496 1046 iege
509 1011 648 1046 propheta:
665 1011 816 1046 salutisque
830 1011 968 1046 magistri.

182 1055 281 1083 deinde
308 1061 464 1092 quotquot,
487 1061 550 1085 ante
576 1057 742 1085 celebratam
766 1057 849 1085 hodie
881 1057 969 1085 sancti

183 1101 305 1137 Spiritus
318 1103 344 1130 iu
360 1102 442 1131 nobis
457 1102 695 1134 inhubitationem.
715 1103 826 1131 fuerunt
839 1103 968 1138 apostoli.

183 1155 232 1182 per
249 1153 451 1183 argumentum,
469 1153 498 1176 ut
523 1148 694 1184 plerumque,
723 1156 826 1184 pet-qua
841 1149 971 1184 objurga-

183 1194 284 1222 tionem
318 1194 484 1223 advocantes
518 1193 706 1222 reformabant
735 1195 866 1230 populos,
892 1195 970 1230 juxta

185 1241 252 1269 illud
273 1250 279 1268 :
300 1240 400 1276 Argue,
433 1241 555 1277 increpa,
580 1242 736 1270 exbortare.
765 1242 874 1269 Illorum
905 1250 970 1270 vero

184 1294 359 1316 successores
392 1288 536 1323 apostolici
567 1288 631 1320 viri,
659 1295 776 1324 quorum
795 1289 883 1323 gratia
910 1296 970 1324 quae

183 1334 333 1362 secundum
354 1333 486 1367 Spiritum
511 1339 636 1362 sanctum
665 1339 719 1368 est,
746 1335 779 1362 ad
808 1340 968 1370 praesentem

184 1387 272 1415 usque
295 1381 496 1415 generationem
515 1381 651 1416 pervenit,
674 1381 799 1409 similiter
819 1381 967 1409 exhortan-

182 1430 227 1452 tur
241 1430 268 1453 et
283 1425 332 1460 ipsi
356 1425 390 1454 ad
405 1425 532 1454 virtutem
555 1426 705 1459 auditores,
730 1427 902 1462 maximeque
931 1427 970 1454 illi

181 1472 228 1507 qui
259 1477 323 1499 sunt
351 1472 525 1505 sacerdotes,
560 1473 659 1508 quibus
693 1480 822 1507 expresse
854 1472 970 1508 populos

182 1518 320 1545 exhortari
336 1518 524 1553 praescriptum
541 1523 594 1547 est.
808 1539 816 1548 .

219 1563 281 1590 HS.
299 1563 328 1590 In
347 1563 389 1591 his
407 1569 497 1591 autem
515 1564 715 1593 observandum
738 1565 822 1600 quod,
840 1566 862 1593 si
880 1574 969 1602 παρα-

182 1610 277 1645 κλήσει
289 1609 383 1638 eadem
396 1610 467 1638 serie
478 1610 644 1645 respondere
657 1611 762 1639 scimus
778 1610 968 1646 Παράκλητον,

183 1661 266 1691 atque
280 1656 398 1685 dicimus
413 1657 631 1686 consolationem
648 1664 662 1684 a
680 1656 761 1685 nobis
785 1657 887 1685 remitti
903 1664 970 1685 con-

182 1703 313 1735 aolatori,
341 1710 423 1731 nemo
438 1707 527 1731 tanton
551 1710 584 1731 ex
602 1703 681 1731 nobis
699 1703 852 1738 paracletus
879 1703 970 1732 vocari

182 1751 290 1781 posset.
309 1747 356 1775 sed
372 1747 422 1775 soli
449 1747 505 1775 Deo
522 1748 574 1776 tale
601 1755 701 1776 nomen
731 1749 896 1776 attributum
917 1753 969 1779 est.

182 1793 229 1827 qui
243 1792 352 1827 quidem
377 1793 452 1820 venit
471 1793 505 1820 ad
536 1800 587 1821 nos
618 1798 691 1821 recte
713 1793 888 1827 advocantes,
908 1802 971 1828 pro-

183 1839 299 1874 pinquat
312 1840 467 1875 egentibus.
480 1846 507 1868 et
520 1840 601 1868 nobis
616 1840 752 1869 inhabitat
764 1847 828 1868 cum
843 1841 971 1868 decenter

182 1885 348 1919 advocatur;
364 1886 472 1914 aliunde
481 1894 546 1914 vero
558 1886 670 1922 dignum
685 1891 780 1914 censet
800 1886 952 1914 honorabili
962 1902 970 1907 -

182 1937 224 1959 ter
236 1931 263 1960 in
282 1932 381 1960 throno
392 1932 486 1968 gloriae
497 1932 572 1968 regni
594 1932 636 1960 sui
651 1939 773 1966 manere,
790 1939 823 1960 ne
837 1933 972 1968 pertingat

181 1979 271 2012 ipsum
296 1979 398 2014 aliquid
425 1987 478 2006 non
500 1980 676 2008 conveniens.
708 1979 851 2007 Rationem
879 1985 970 2007 autem

184 2026 265 2055 habet
281 2025 468 2054 advocationis
491 2033 523 2054 ex
536 2026 617 2054 nobis
630 2025 664 2054 ad
683 2025 855 2058 altissimum,
874 2030 902 2053 et
921 2026 971 2053 ite-

182 2080 243 2100 rum
261 2073 447 2101 advocationis
475 2073 576 2100 exhinc
601 2079 664 2107 erga
683 2079 732 2100 nos
748 2080 781 2100 ex
800 2072 900 2100 nostris
920 2072 972 2099 du-

184 2119 313 2155 plicatio:
337 2127 524 2155 supponamus
553 2127 626 2147 enim
655 2119 775 2154 aliquem
800 2119 826 2146 in
854 2118 972 2147 didiciiis

183 2167 274 2195 exitus
291 2165 380 2193 locum
400 2166 486 2193 fuisse
502 2165 607 2199 lapsum
634 2165 761 2200 scireque
783 2169 899 2192 stantem
925 2172 971 2192 su-

183 2219 231 2248 per
245 2213 317 2240 hunc
332 2217 442 2246 puteum
470 2211 607 2238 hominem
628 2218 790 2245 generosum
808 2217 836 2239 et
848 2211 969 2239 amicum

182 2266 263 2293 quem
280 2259 407 2286 advocari
422 2257 557 2293 supplicat
569 2257 602 2285 ad
618 2258 832 2293 susceptionem.
844 2256 872 2284 Si
886 2265 971 2292 porro

183 2310 266 2340 caput
282 2305 417 2332 inclinans
433 2305 502 2336 iste,
518 2303 662 2339 amicoque
688 2311 735 2338 per
751 2308 850 2331 nomen
868 2303 970 2330 immit-
986 2316 1009 2346 υ

184 2357 244 2380 tens
254 2350 474 2387 oppeﬂationem,
487 2350 691 2385 exhortansque
704 2349 738 2377 ab
752 2349 808 2376 imo
825 2349 972 2377 extendere

183 2406 306 2431 manum,
320 2402 348 2426 et
357 2397 467 2424 auditus
478 2396 607 2432 corripiat
617 2403 725 2424 manum
735 2396 852 2423 amicam
861 2399 887 2423 ct
900 2395 932 2423 ad
944 2403 973 2423 sc

184 2443 296 2472 trahens
307 2447 385 2470 terra:
395 2442 476 2470 matri
488 2441 614 2470 restituat
626 2441 776 2473 hominem,
785 2444 815 2468 ut
827 2445 973 2475 reponatur

184 2488 231 2516 ubi
247 2489 336 2517 stabnt
351 2493 414 2517 ante
429 2496 536 2521 casum,
550 2496 582 2515 en
597 2488 745 2516 advocatus
757 2487 802 2515 ille
817 2487 849 2515 ad
865 2487 973 2515 salvan-

183 2535 247 2562 dum
263 2535 501 2567 hominem,illum
515 2534 635 2563 vicissim
646 2534 789 2562 advocavit
799 2539 826 2562 et
836 2533 951 2562 salvavit
965 2541 972 2562 :

183 2582 224 2608 sic
248 2581 331 2609 etiam
357 2581 510 2616 paraclelus
542 2581 683 2614 Dominus,
700 2581 839 2609 hominem
855 2580 973 2616 diligens

184 2627 284 2656 salvari
304 2628 495 2661 advocantem,
521 2627 597 2656 illum
616 2628 732 2656 advocat
745 2628 835 2656 taliter
851 2626 930 2660 allici,
946 2631 973 2654 et

184 2681 249 2702 ecce
273 2673 311 2701 ibi
339 2681 448 2708 quoque
480 2673 580 2709 duplex
598 2673 753 2708 advocatio,
775 2681 829 2702 una
861 2673 972 2708 quidem

984 1637 1005 1668 C

185 2719 335 2749 Sulvatoris
343 2720 486 2756 paracicli,
497 2720 672 2755 provocantis
689 2724 827 2754 egentem,
842 2719 893 2746 alia
909 2726 973 2746 vero

183 2767 267 2801 illius,
280 2767 324 2802 qui
341 2766 393 2795 dici
410 2772 502 2802 posset
515 2767 713 2802 παρακλήτωρ.
724 2766 788 2794 ideo
802 2765 914 2801 pulchre
927 2773 974 2793 ca-

184 2814 224 2840 nit
238 2813 285 2848 qui
298 2805 338 2841 sic
349 2812 467 2847 aliquem
479 2820 494 2840 e
510 2812 555 2840 Dei
570 2811 673 2840 sanctis
687 2810 822 2846 supplicnt
839 2819 846 2838 ε
863 2810 973 2838 Advoco

184 2863 210 2889 te
225 2859 356 2887 advocare
372 2866 424 2887 me.

1028 320 1158 355 ἐνθύμιον
1177 319 1338 348 ΰποϐἅλλων
1363 318 1412 345 τοῦ
1428 315 1497 344 εἶναι
1520 316 1631 348 δούλους
1655 316 1750 350 αὐτοῦ,
1778 316 1816 348 είς

1029 366 1239 402 ἀγαθοπραξῐαν
1253 366 1327 402 ἡμᾶς
1347 366 1456 399 ἀνάγει,
1476 363 1634 399 παρακαλεῖ
1649 364 1760 394 πάντως
1772 364 1816 390 καὶ

1027 413 1116 444 οὕτως
1130 414 1171 444 εἰς
1190 413 1224 440 τά
1237 413 1360 448 σωτήρια
1380 412 1476 446 ὥσπερ
1489 412 1535 439 καὶ
1555 410 1599 438 διὰ
1612 409 1658 437 τοῦ
1673 409 1814 439 θανατοῦν,

1029 459 1074 486 καὶ
1091 459 1247 494 ζωογονεῖν.
1266 457 1314 486 καὶ
1338 458 1498 494 πτωχίζειν,
1514 457 1563 485 καὶ
1588 455 1754 487 πλουτίζειν,
1769 456 1814 483 καὶ

1028 505 1184 539 ταπεινοῦν,
1198 507 1248 533 καὶ
1260 506 1390 542 ἀνυψοῦν,
1406 505 1454 532 καὶ
1469 504 1578 531 πάντων
1592 503 1646 530 τῶν
1662 503 1750 534 ἀλλων
1767 503 1815 530 ὅσα

1027 553 1153 581 τοιαῦτα.

1064 598 1126 635 ριβ⁹.
1135 599 1172 626 Th
1186 599 1214 627 δὲ
1230 599 1341 626 πάντων
1353 597 1566 634 προχειρότατον
1580 597 1629 623 καὶ
1642 596 1814 631 εὐπόριστον,

1027 648 1075 672 καὶ
1101 645 1139 677 ὡς
1167 645 1199 673 ἀν
1229 653 1270 677 τις
1300 643 1388 679 ὀρθῶς
1418 644 1489 672 εῐποι
1518 642 1742 678 λεωφορούμενον
1768 642 1815 669 καὶ

1025 691 1275 727 δημοκοπούμενον,
1292 691 1340 719 καὶ
1355 691 1463 726 ἀληθῶς
1484 690 1644 724 πάγκοινον,
1662 689 1815 724 παρακαλεῖ

1026 739 1073 765 καὶ
1086 739 1131 766 διὰ
1155 738 1210 765 τῶν
1226 737 1308 766 αὑτοῦ
1323 737 1453 774 μαθητῶν
1473 745 1504 764 τε
1525 736 1572 764 καὶ
1591 735 1747 771 μαθητειῶν
1761 734 1814 761 τῶν

1026 783 1063 815 ὡς
1088 784 1218 811 ἑκάστοτε
1241 783 1338 819 καιροῦ
1352 791 1359 800 ⁸
1382 779 1420 810 ὦν
1445 782 1473 810 αἶ
1500 782 1550 817 μὲν
1576 781 1762 817 μεμέτρηνται
1776 779 1814 814 τῷ

1026 829 1204 865 εὐαγεστάτῳ
1226 829 1388 864 Εὐαγγελίῳ
1403 827 1646 864 περιειλημμέναι,
1668 826 1696 853 αἱ
1720 827 1749 853 δὲ
1771 835 1814 857 μι-

1025 875 1092 911 κροῦ
1107 878 1153 903 καὶ
1169 877 1209 909 είς
1226 876 1354 910 ἀπειρίαν
1375 875 1502 910 κέχυνται
1522 875 1583 906 ταῖς
1605 872 1738 900 ἀνέκαθεν
1758 872 1814 898 δια-

1024 923 1126 958 δοχαῖς.
1144 922 1319 957 ῐιαράκλητοι
1345 922 1411 957 γὰρ,
1441 920 1614 956 θαρρούντως
1637 920 1718 954 φημί,
1745 919 1812 953 μετᾶ

1024 970 1069 996 τὸν
1091 969 1158 996 Θεὸν
1182 968 1279 1004 πρῶτα
1305 968 1356 1003 μὲν
1383 968 1408 994 oi
1433 968 1462 994 ἑν
1487 967 1526 1002 τῷ
1557 966 1715 1000 παλαιτάτῳ
1739 966 1812 1000 νόμῳ

1023 1016 1162 1050 προφῆται
1188 1015 1236 1041 καὶ
1259 1014 1416 1042 διδάσκαλοι
1432 1013 1480 1040 τοῦ
1508 1012 1655 1044 σώζεσθαι,
1676 1009 1735 1038 εἶτα
1749 1012 1811 1038 ὁπό-

1023 1070 1076 1093 σοι,
1096 1061 1150 1096 πρὸ
1166 1060 1217 1095 τῆς
1234 1059 1434 1095 ἑορταζομένης
1454 1059 1516 1093 ἀρτι
1535 1059 1563 1085 ὲν
1588 1059 1650 1093 ἡμῖν
1667 1057 1714 1083 τοῦ
1731 1056 1810 1090 ἁγίου

1021 1107 1181 1140 Πνεύματος
1207 1106 1348 1140 ὲνδημίας,
1374 1105 1520 1133 ἀπόστολοι
1544 1105 1613 1140 μετά
1640 1104 1812 1139 ἔλεγχον,ὡς

1021 1154 1055 1180 τὰ
1082 1153 1176 1184 πολλὰ,
1210 1153 1256 1179 καὶ
1281 1151 1443 1186 ἐπιτίμησιν
1475 1150 1701 1186 παρακαλοῦντες
1728 1150 1810 1184 διωρ-

1022 1198 1117 1225 θοῦντο
1129 1198 1192 1230 τοὺς
1209 1198 1302 1229 λαοὺς.
1318 1197 1388 1224 κα.τά
1413 1196 1453 1228 τὺ,
1472 1196 1615 1230 Ἐλεγξον,
1636 1195 1808 1229 ἐπιτίμησον,

1023 1245 1235 1280 παρακάλεσον·
1263 1243 1311 1275 οὓς
1339 1243 1365 1270 ei
1394 1243 1456 1278 μετ’
1481 1243 1603 1274 ἐκείνους
1634 1241 1810 1269 ἀποστολικοὶ

1021 1289 1118 1326 ἄνδρες
1140 1289 1340 1325 διαδεξάμενοι.
1359 1285 1397 1316 ὧν
1419 1289 1435 1323 ὴ
1456 1288 1528 1316 κατά
1546 1288 1575 1315 τὸ
1592 1287 1671 1322 ἅγιον
1696 1287 1809 1321 Πνεῦμα

1019 1336 1100 1372 χάρις
1121 1336 1202 1372 μέχρι
1218 1336 1264 1363 καὶ
1279 1337 1320 1368 είς
1333 1335 1384 1370 τὴν
1397 1335 1447 1362 νῦν
1461 1334 1559 1369 γενεὰν
1577 1334 1703 1369 καθήκει,
1721 1342 1810 1367 παρα-

1021 1382 1151 1409 καλοῦσιν
1171 1381 1272 1416 ὁμοίως
1288 1382 1335 1408 καὶ
1352 1381 1430 1408 αὐτοὶ
1448 1381 1517 1415 πρὸς
1544 1381 1645 1416 ἀρετὴν
1660 1380 1724 1411 τοὺς
1742 1380 1810 1406 ἑπα-

1020 1427 1161 1460 κοὺοντας,
1184 1427 1230 1454 καὶ
1259 1427 1376 1462 μάλιστα
1407 1428 1432 1454 oi
1464 1427 1566 1462 ἱερεῖς’
1595 1423 1637 1458 οἷς
1664 1426 1811 1461 γραφικῶς

1020 1473 1177 1502 ἐντέταλται
1197 1473 1365 1508 παρακαλεῖν
1377 1474 1423 1501 τὺν
1435 1474 1508 1501 λαόν.

1058 1567 1121 1599 ριγν.
1145 1563 1191 1590 Ἐν
1218 1564 1324 1595 τούτοις
1350 1563 1377 1590 δὲ
1409 1563 1561 1599 σημείωσαι
1585 1563 1623 1595 ὥς
1650 1563 1674 1590 εἰ
1703 1562 1752 1590 καὶ
1775 1564 1809 1598 τῇ

1023 1610 1195 1645 παρακλήσει
1210 1611 1403 1645 συστοιχοῦντα
1418 1611 1530 1644 οἴδαμεν
1554 1611 1600 1638 τδν
1616 1610 1809 1645 Παράκλητον,

1022 1656 1137 1691 λέγομεν
1154 1657 1180 1683 δὲ
1194 1657 1241 1683 καὶ
1263 1657 1438 1691 παράκλησιν
1452 1657 1485 1684 δι’
1503 1656 1582 1692 ἡμῶν
1597 1656 1811 1690 ἀναπέμπεσθαι

1021 1703 1059 1738 τῷ
1083 1703 1267 1739 Παρακλήτῳ,
1284 1703 1341 1729 ἀλλ’
1368 1701 1415 1730 οὖν
1430 1703 1519 1734 οὐδεὶς
1540 1703 1618 1737 ἡμῶν
1634 1702 1811 1737 Παράκλητος

1022 1749 1175 1782 ἐπιλέγοιτο
1198 1748 1250 1776 ἀν·
1276 1748 1344 1775 ἀλλὰ
1369 1748 1443 1783 μόνῳ
1467 1747 1506 1783 τῷ
1528 1747 1588 1782 Θεῷ
1615 1747 1765 1782 νενέμηται
1781 1746 1813 1773 τδ

1021 1795 1141 1822 τοιοῦτον
1165 1794 1250 1830 δνομα
1276 1795 1316 1825 είς
1339 1793 1488 1829 ἐξαίρετον,
1517 1794 1657 1828 ἐρχομένῳ
1685 1793 1734 1827 μὲν
1767 1792 1811 1826 ἐφ’

1022 1840 1096 1875 ἡμᾶς
1115 1839 1342 1875 παρακαλοῦντας
1364 1839 1463 1874 ὀρθῶς,
1484 1839 1531 1866 καὶ
1555 1839 1693 1873 ἐγγίζοντι
1716 1838 1812 1873 δεομέ-

1022 1895 1087 1919 νοις,
1101 1886 1147 1913 καὶ
1173 1887 1240 1921 ἡμῖν
1257 1885 1433 1920 ὲνσκηνοῦντι
1455 1886 1484 1911 ἐν
1511 1884 1551 1919 τῷ
1573 1885 1734 1920 πρεπόντως
1758 1893 1811 1910 πα-

1024 1931 1256 1968 ρακλητεύεσθαι·
1275 1931 1363 1963 ἄλλως
1382 1931 1411 1958 δὲ
1426 1930 1546 1964 ἀξιοῦντι
1564 1931 1670 1966 σεμνῶς
1687 1931 1732 1957 ἐπὶ
1750 1930 1814 1964 θρό-

1021 1987 1069 2006 νου
1085 1977 1164 2013 δόξης
1180 1979 1228 2012 τῆς
1248 1977 1388 2013 βασιλείας
1401 1977 1486 2004 αὐτοῦ
1504 1978 1596 2012 μένειν
1612 1977 1650 2008 ὡς
1670 1977 1706 2013 μὴ
1724 1986 1815 2012 παρα-

1021 2025 1120 2060 ψαύιιν
1136 2023 1218 2051 αὑτοῦ
1234 2024 1268 2052 τά
1286 2024 1323 2060 μὴ
1337 2023 1489 2060 πρέποντα.
1510 2024 1587 2059 Ἔχει
1608 2023 1636 2050 δὲ
1655 2022 1685 2050 τὸ
1700 2023 1815 2056 εὔλογον

1021 2073 1039 2108 ἠ
1056 2072 1152 2107 διπλόη
1169 2073 1218 2106 τῆς
1233 2071 1263 2105 ἐξ
1289 2071 1368 2107 ήμῶν
1393 2070 1596 2106 παρακλήσεως
1610 2070 1650 2102 είς
1668 2069 1714 2096 τὸν
1731 2068 1816 2104 ’Υψιε

1023 2127 1085 2146 στον
1107 2119 1155 2147 καὶ
1180 2118 1231 2154 τῆς
1254 2118 1360 2145 ἐκεῖθεν
1383 2114 1462 2149 αὖθις
1484 2117 1527 2151 ἐφ’
1543 2117 1609 2151 ἡμῑν
1632 2116 1664 2142 ὲκ
1677 2115 1731 2141 τῶν
1749 2114 1816 2141 καθ’

1021 2165 1107 2199 ἡμᾶς.
1124 2164 1286 2192 Ύποθετέον
1305 2164 1359 2199 γὰρ
1377 2163 1570 2191 καταπεσόντα
1583 2161 1644 2189 τινὰ
1657 2162 1697 2193 είς
1711 2161 1813 2193 δυσεξ-

1024 2211 1115 2246 ίτητον
1138 2210 1238 2238 λάκκον
1264 2210 1310 2236 καὶ
1342 2209 1432 2237 εἰδότα
1463 2208 1626 2243 ἐφίστασθαι
1649 2208 1689 2242 τῷ
1708 2207 1816 2243 βοθύνῳ

1023 2257 1121 2293 ἐκείνῳ
1132 2257 1254 2292 γενναῖον
1271 2256 1356 2291 ἀνδρα
1370 2255 1448 2291 φίλον
1464 2255 1679 2283 κατακαλεῖσθαι
1697 2253 1816 2280 ποτνιώ-

1024 2313 1104 2339 μενον
1118 2305 1158 2336 είς
1170 2303 1316 2339 ἀνάληψιν.
1336 2303 1368 2330 Et
1381 2302 1412 2338 δὴ
1427 2302 1531 2333 ἐκεῖνος
1554 2300 1693 2335 ἐπικύψας
1709 2300 1757 2326 καὶ
1773 2299 1816 2334 τῷ

1025 2351 1093 2388 φίλῳ
1106 2351 1203 2386 κλῆσιν
1221 2349 1381 2386 ἐπιπέμψας
1396 2349 1464 2384 πρὸς
1479 2348 1566 2381 ὄνομα
1585 2347 1634 2374 καὶ
1656 2345 1781 2381 παρακαλ
1788 2346 1818 2372 ἐ-

1025 2405 1073 2429 σας
1091 2396 1228 2425 ἀνατεῖναι
1250 2396 1328 2431 χεῖρα
1351 2394 1475 2422 κάτωθεν
1493 2393 1539 2420 καὶ
1555 2392 1703 2422 ἀκουσοεὶς
1716 2390 1816 2426 δρεὶξε-

1023 2450 1068 2469 ται
1082 2441 1132 2476 τῆς
1157 2441 1237 2475 φίλης
1260 2439 1362 2475 χειρδς,
1380 2439 1427 2467 καὶ
1443 2438 1597 2468 ἀνελκύσας
1624 2436 1763 2463 ἀποδώσει
1778 2436 1814 2471 τῇ

1026 2487 1110 2523 μητρὶ
1131 2487 1165 2522 γῇ
1191 2487 1236 2513 τὶν
1255 2485 1412 2521 ἄνθρωπον,
1429 2485 1468 2516 ὡς
1485 2482 1651 2511 καθεστάναι
1677 2482 1737 2508 ὅποι
1764 2480 1816 2507 καὶ

1025 2532 1080 2568 πρὸ
1107 2533 1155 2558 τοῦ
1183 2532 1343 2566 πεὼματος.
1373 2530 1427 2557 ἰδοὺ
1457 2527 1679 2564 παρακαλισθεὶς
1708 2527 1816 2556 ἐκεῖνος

1025 2578 1069 2613 ἐφ’
1093 2574 1116 2612 ᾦ
1141 2576 1348 2611 περιπώσασθαι
1377 2575 1540 2610 ἄνθρωπον,
1564 2571 1818 2606 ἀντιπαρεκάλεσεν

1024 2624 1128 2651 ικεῑνον
1157 2623 1204 2649 καὶ
1218 2624 1357 2649 σέσωκεν·
1380 2620 1452 2648 οὕτω
1475 2620 1507 2655 δὴ
1529 2620 1576 2646 καὶ
1601 2620 1615 2645 ό
1637 2617 1819 2653 [Ιαρὰκλητος

1024 2668 1120 2703 κύριος
1152 2667 1296 2702 ἄνθρωπον
1324 2665 1410 2701 φιλῶν
1435 2663 1650 2699 παρακαλοῦντα
1681 2662 1818 2697 σωθῆναι,

1025 2714 1181 2749 παρακαλεῖ
1205 2712 1302 2740 παθεῖν
1332 2712 1434 2739 ἐκεῖνον
1460 2710 1543 2740 οὕτω,
1569 2710 1618 2736 καὶ
1645 2708 1702 2735 ἰδοὺ
1729 2707 1819 2743 διπλῆ

1025 2758 1163 2787 κάνταῦθα
1186 2757 1370 2793 παράκλησις,
1395 2756 1410 2790 ἡ
1440 2755 1489 2791 μὲν
1513 2754 1560 2781 τοῦ
1585 2753 1712 2788 Σωτῆρος
1727 2760 1823 2786 παρα-

1025 2804 1123 2840 κλήτου
1147 2802 1372 2840 προκαλουμένου
1397 2802 1445 2829 τὸν
1460 2801 1599 2835 δεόμενον,
1615 2800 1632 2835 ἡ
1649 2798 1677 2825 δὲ
1702 2798 1761 2830 τοῦ,
1778 2798 1823 2831 ὡς

1024 2851 1110 2883 οὕτως
1135 2851 1279 2885 ὀνομάσαι.
1300 2849 1519 2885 παρακλήτορος.
1537 2847 1583 2873 Διδ
1607 2845 1700 2876 καλῶς
1716 2845 1823 2879 ψάλλει

1025 2898 1040 2924 ὁ
1054 2898 1219 2931 δυτωπήσας
1231 2897 1286 2924 τῶν
1302 2905 1361 2924 τινα
1377 2892 1444 2923 Geo;
1458 2894 1545 2929 ἁγίων
1560 2893 1598 2925 ὡς
1610 2892 1771 2927 Παρακαλῶ
1784 2900 1822 2919 σε

1027 2943 1215 2979 παρακαλέσαι
1237 2952 1281 2978 με.
