  <div class='ocr_page' id='page_1' title='image "/cluster/home/n/w/nwhite01/storage/ocr_20150623/136/njp.32101010942827/346.png"; bbox 0 0 1965 3115; ppageno 0'>
   <div class='ocr_carea' id='block_1_1' title="bbox 132 215 185 246">
    <p class='ocr_par' dir='ltr' id='par_1_1' title="bbox 132 215 185 246">
     <span class='ocr_line' id='line_1_1' title="bbox 132 215 185 246; baseline -0.038 0"><span class='ocrx_word' id='word_1_1' title='bbox 132 215 185 246; x_wconf 76' lang='lat'><strong>633</strong></span> 
     </span>
    </p>
   </div>
   <div class='ocr_carea' id='block_1_2' title="bbox 526 200 1360 250">
    <p class='ocr_par' dir='ltr' id='par_1_2' title="bbox 526 200 1360 250">
     <span class='ocr_line' id='line_1_2' title="bbox 526 200 1360 250; baseline 0.001 -4"><span class='ocrx_word' id='word_1_2' title='bbox 526 216 571 246; x_wconf 85' lang='lat' dir='ltr'><strong>1N</strong></span> <span class='ocrx_word' id='word_1_3' title='bbox 590 215 759 248; x_wconf 79' lang='lat' dir='ltr'><strong>HYMNUM</strong></span> <span class='ocrx_word' id='word_1_4' title='bbox 776 207 1109 248; x_wconf 73' lang='lat' dir='ltr'><strong>l’ENTECOSTAl.EM</strong></span> <span class='ocrx_word' id='word_1_5' title='bbox 1128 200 1360 250; x_wconf 75' lang='lat' dir='ltr'><strong>DAMASCENl.</strong></span> 
     </span>
    </p>
   </div>
   <div class='ocr_carea' id='block_1_3' title="bbox 1714 214 1766 246">
    <p class='ocr_par' dir='ltr' id='par_1_3' title="bbox 1714 214 1766 246">
     <span class='ocr_line' id='line_1_3' title="bbox 1714 214 1766 246; baseline -0.038 0"><span class='ocrx_word' id='word_1_6' title='bbox 1714 214 1766 246; x_wconf 60' lang='lat'><strong>6&#39;”</strong></span> 
     </span>
    </p>
   </div>
   <div class='ocr_carea' id='block_1_4' title="bbox 133 262 931 308">
    <p class='ocr_par' dir='ltr' id='par_1_4' title="bbox 133 269 920 308">
     <span class='ocr_line' id='line_1_4' title="bbox 133 269 920 308; baseline 0.005 -12"><span class='ocrx_word' id='word_1_7' title='bbox 133 269 205 304; x_wconf 73' lang='grc' dir='ltr'>ἔχειν</span> <span class='ocrx_word' id='word_1_8' title='bbox 229 270 414 306; x_wconf 75' lang='grc' dir='ltr'>πληροφορεῖν</span> <span class='ocrx_word' id='word_1_9' title='bbox 439 270 586 306; x_wconf 74' lang='grc' dir='ltr'>ἄνθρωπον</span> <span class='ocrx_word' id='word_1_10' title='bbox 612 273 834 308; x_wconf 73' lang='grc' dir='ltr'><strong>πολυπράγμονα</strong></span> <span class='ocrx_word' id='word_1_11' title='bbox 852 272 920 307; x_wconf 69' lang='grc' dir='ltr'>πρὸς</span> 
     </span>
    </p>
   </div>
   <div class='ocr_carea' id='block_1_5' title="bbox 985 262 1768 308">
    <p class='ocr_par' dir='ltr' id='par_1_5' title="bbox 985 262 1768 308">
     <span class='ocr_line' id='line_1_5' title="bbox 985 262 1768 308; baseline 0.001 -7"><span class='ocrx_word' id='word_1_12' title='bbox 985 273 1140 301; x_wconf 80' lang='lat' dir='ltr'><strong>:onvincere</strong></span> <span class='ocrx_word' id='word_1_13' title='bbox 1155 277 1295 308; x_wconf 84' lang='lat' dir='ltr'><strong>nequeant</strong></span> <span class='ocrx_word' id='word_1_14' title='bbox 1308 272 1448 300; x_wconf 86' lang='lat' dir='ltr'><strong>hominem</strong></span> <span class='ocrx_word' id='word_1_15' title='bbox 1462 262 1676 301; x_wconf 82' lang='lat' dir='ltr'><strong>deinscrntabili</strong></span> <span class='ocrx_word' id='word_1_16' title='bbox 1691 280 1768 302; x_wconf 87' lang='lat' dir='ltr'><strong>com-</strong></span> 
     </span>
    </p>
   </div>
   <div class='ocr_carea' id='block_1_6' title="bbox 111 315 909 359">
    <p class='ocr_par' dir='ltr' id='par_1_6' title="bbox 111 315 909 359">
     <span class='ocr_line' id='line_1_6' title="bbox 111 315 909 359; baseline 0.004 -17"><span class='ocrx_word' id='word_1_17' title='bbox 111 357 113 359; x_wconf 28' lang='lat'>.</span> <span class='ocrx_word' id='word_1_18' title='bbox 133 315 303 352; x_wconf 77' lang='grc' dir='ltr'>ὰσυζήτητον</span> <span class='ocrx_word' id='word_1_19' title='bbox 321 316 489 352; x_wconf 75' lang='grc' dir='ltr'>κατάληψιν,</span> <span class='ocrx_word' id='word_1_20' title='bbox 505 318 529 344; x_wconf 82' lang='grc' dir='ltr'>εί</span> <span class='ocrx_word' id='word_1_21' title='bbox 548 318 586 352; x_wconf 84' lang='grc' dir='ltr'>μὴ</span> <span class='ocrx_word' id='word_1_22' title='bbox 603 319 685 350; x_wconf 80' lang='grc' dir='ltr'>αὐτὸς</span> <span class='ocrx_word' id='word_1_23' title='bbox 704 320 718 346; x_wconf 82' lang='grc' dir='ltr'><strong>ό</strong></span> <span class='ocrx_word' id='word_1_24' title='bbox 731 319 798 350; x_wconf 82' lang='grc' dir='ltr'>Θεὸς</span> <span class='ocrx_word' id='word_1_25' title='bbox 815 320 909 345; x_wconf 81' lang='grc' dir='ltr'>ἁποκα</span> 
     </span>
    </p>
   </div>
   <div class='ocr_carea' id='block_1_7' title="bbox 133 362 922 401">
    <p class='ocr_par' dir='ltr' id='par_1_7' title="bbox 133 362 922 401">
     <span class='ocr_line' id='line_1_7' title="bbox 133 362 922 401; baseline 0.004 -12"><span class='ocrx_word' id='word_1_26' title='bbox 133 362 219 396; x_wconf 75' lang='grc' dir='ltr'>λύψας</span> <span class='ocrx_word' id='word_1_27' title='bbox 245 364 308 396; x_wconf 70' lang='grc' dir='ltr'>τοὺς</span> <span class='ocrx_word' id='word_1_28' title='bbox 340 363 499 398; x_wconf 77' lang='grc' dir='ltr'>ὀφθαλμοὺς</span> <span class='ocrx_word' id='word_1_29' title='bbox 525 365 582 391; x_wconf 85' lang='grc' dir='ltr'><strong>τῶν</strong></span> <span class='ocrx_word' id='word_1_30' title='bbox 607 365 624 400; x_wconf 78' lang='grc' dir='ltr'>ἦ</span> <span class='ocrx_word' id='word_1_31' title='bbox 647 365 889 400; x_wconf 77' lang='grc' dir='ltr'>ἀμϐλυωπούντων</span> <span class='ocrx_word' id='word_1_32' title='bbox 905 366 922 401; x_wconf 78' lang='grc' dir='ltr'><strong>ἢ</strong></span> 
     </span>
    </p>
   </div>
   <div class='ocr_carea' id='block_1_8' title="bbox 133 405 924 446">
    <p class='ocr_par' dir='ltr' id='par_1_8' title="bbox 133 405 924 446">
     <span class='ocr_line' id='line_1_8' title="bbox 133 405 924 446; baseline 0.001 -11"><span class='ocrx_word' id='word_1_33' title='bbox 133 408 221 440; x_wconf 72' lang='grc' dir='ltr'>ἄλλως</span> <span class='ocrx_word' id='word_1_34' title='bbox 247 409 466 444; x_wconf 74' lang='grc' dir='ltr'><strong>δυσωπουμένων</strong></span> <span class='ocrx_word' id='word_1_35' title='bbox 481 410 530 445; x_wconf 82' lang='grc' dir='ltr'>τὴν</span> <span class='ocrx_word' id='word_1_36' title='bbox 555 411 625 446; x_wconf 87' lang='grc' dir='ltr'>πρδς</span> <span class='ocrx_word' id='word_1_37' title='bbox 641 410 688 437; x_wconf 77' lang='grc' dir='ltr'>τὸν</span> <span class='ocrx_word' id='word_1_38' title='bbox 700 405 777 446; x_wconf 76' lang='grc' dir='ltr'>ἥλιον</span> <span class='ocrx_word' id='word_1_39' title='bbox 791 411 841 444; x_wconf 84' lang='grc' dir='ltr'>τῆς</span> <span class='ocrx_word' id='word_1_40' title='bbox 856 410 924 444; x_wconf 81' lang='grc' dir='ltr'><strong>ἀλη-</strong></span> 
     </span>
    </p>
   </div>
   <div class='ocr_carea' id='block_1_9' title="bbox 135 454 925 492">
    <p class='ocr_par' dir='ltr' id='par_1_9' title="bbox 135 454 925 492">
     <span class='ocr_line' id='line_1_9' title="bbox 135 454 925 492; baseline 0.004 -11"><span class='ocrx_word' id='word_1_41' title='bbox 135 454 211 487; x_wconf 82' lang='grc' dir='ltr'>θείας</span> <span class='ocrx_word' id='word_1_42' title='bbox 233 456 392 490; x_wconf 75' lang='grc' dir='ltr'>ἀνάϐλεψιν,</span> <span class='ocrx_word' id='word_1_43' title='bbox 415 457 513 484; x_wconf 75' lang='grc' dir='ltr'>ἑαυτὸν</span> <span class='ocrx_word' id='word_1_44' title='bbox 529 457 676 492; x_wconf 74' lang='grc' dir='ltr'>ὲμφανίσει</span> <span class='ocrx_word' id='word_1_45' title='bbox 693 458 742 484; x_wconf 74' lang='grc' dir='ltr'><strong>καὶ</strong></span> <span class='ocrx_word' id='word_1_46' title='bbox 766 457 867 489; x_wconf 81' lang='grc' dir='ltr'><strong>διδάξει</strong></span> <span class='ocrx_word' id='word_1_47' title='bbox 889 457 925 484; x_wconf 85' lang='grc' dir='ltr'><strong>τά</strong></span> 
     </span>
    </p>
   </div>
   <div class='ocr_carea' id='block_1_10' title="bbox 135 501 924 539">
    <p class='ocr_par' dir='ltr' id='par_1_10' title="bbox 135 501 924 539">
     <span class='ocr_line' id='line_1_10' title="bbox 135 501 924 539; baseline 0.004 -12"><span class='ocrx_word' id='word_1_48' title='bbox 135 501 204 536; x_wconf 76' lang='grc' dir='ltr'>ὑπὲρ</span> <span class='ocrx_word' id='word_1_49' title='bbox 219 501 397 538; x_wconf 78' lang='grc' dir='ltr'>άνθρωπικὴν</span> <span class='ocrx_word' id='word_1_50' title='bbox 410 503 587 539; x_wconf 75' lang='grc' dir='ltr'>κατανόησιν.</span> <span class='ocrx_word' id='word_1_51' title='bbox 604 503 710 531; x_wconf 81' lang='grc' dir='ltr'><strong>οὐκοῦν</strong></span> <span class='ocrx_word' id='word_1_52' title='bbox 727 503 769 530; x_wconf 76' lang='grc' dir='ltr'><strong>ἵνα</strong></span> <span class='ocrx_word' id='word_1_53' title='bbox 785 504 823 539; x_wconf 84' lang='grc' dir='ltr'>μὴ</span> <span class='ocrx_word' id='word_1_54' title='bbox 838 504 924 538; x_wconf 76' lang='grc' dir='ltr'><strong>ἀναγ-</strong></span> 
     </span>
    </p>
   </div>
   <div class='ocr_carea' id='block_1_11' title="bbox 106 548 925 585">
    <p class='ocr_par' dir='ltr' id='par_1_11' title="bbox 106 548 925 585">
     <span class='ocr_line' id='line_1_11' title="bbox 106 548 925 585; baseline 0.002 -11"><span class='ocrx_word' id='word_1_55' title='bbox 106 551 109 554; x_wconf 78' lang='grc'><em>’</em></span> <span class='ocrx_word' id='word_1_56' title='bbox 135 548 283 583; x_wconf 77' lang='grc' dir='ltr'>κασθῶμεν</span> <span class='ocrx_word' id='word_1_57' title='bbox 295 549 457 585; x_wconf 74' lang='grc' dir='ltr'>αὐτόχρημα</span> <span class='ocrx_word' id='word_1_58' title='bbox 475 550 699 584; x_wconf 77' lang='grc' dir='ltr'>μεταλαμϐάνειν</span> <span class='ocrx_word' id='word_1_59' title='bbox 716 550 751 577; x_wconf 79' lang='grc' dir='ltr'>τὰ</span> <span class='ocrx_word' id='word_1_60' title='bbox 766 550 821 577; x_wconf 84' lang='grc' dir='ltr'>τῶν</span> <span class='ocrx_word' id='word_1_61' title='bbox 838 549 925 584; x_wconf 81' lang='grc' dir='ltr'><strong>ἁγίων</strong></span> 
     </span>
    </p>
   </div>
   <div class='ocr_carea' id='block_1_12' title="bbox 137 594 927 631">
    <p class='ocr_par' dir='ltr' id='par_1_12' title="bbox 137 594 927 631">
     <span class='ocr_line' id='line_1_12' title="bbox 137 594 927 631; baseline 0.003 -11"><span class='ocrx_word' id='word_1_62' title='bbox 137 594 269 629; x_wconf 81' lang='grc' dir='ltr'>Πατὲρων</span> <span class='ocrx_word' id='word_1_63' title='bbox 285 594 315 627; x_wconf 74' lang='grc' dir='ltr'>ἐξ</span> <span class='ocrx_word' id='word_1_64' title='bbox 331 595 510 630; x_wconf 75' lang='grc' dir='ltr'><strong>ἀντιγράφων</strong></span> <span class='ocrx_word' id='word_1_65' title='bbox 530 596 720 631; x_wconf 69' lang='grc' dir='ltr'>ιρανιζόμενοι</span> <span class='ocrx_word' id='word_1_66' title='bbox 735 598 771 622; x_wconf 82' lang='grc' dir='ltr'>τὰ</span> <span class='ocrx_word' id='word_1_67' title='bbox 786 596 834 623; x_wconf 79' lang='grc' dir='ltr'><strong>καὶ</strong></span> <span class='ocrx_word' id='word_1_68' title='bbox 847 595 927 630; x_wconf 82' lang='grc' dir='ltr'>ἡμῶν</span> 
     </span>
    </p>
   </div>
   <div class='ocr_carea' id='block_1_13' title="bbox 135 640 927 678">
    <p class='ocr_par' dir='ltr' id='par_1_13' title="bbox 135 640 927 678">
     <span class='ocr_line' id='line_1_13' title="bbox 135 640 927 678; baseline 0.003 -11"><span class='ocrx_word' id='word_1_69' title='bbox 135 640 196 675; x_wconf 83' lang='grc' dir='ltr'>δίχα</span> <span class='ocrx_word' id='word_1_70' title='bbox 215 641 315 677; x_wconf 73' lang='grc' dir='ltr'>ἔκδηλα</span> <span class='ocrx_word' id='word_1_71' title='bbox 328 642 369 674; x_wconf 81' lang='grc' dir='ltr'><strong>είς</strong></span> <span class='ocrx_word' id='word_1_72' title='bbox 392 641 506 674; x_wconf 65' lang='grc' dir='ltr'>ἐνδειξιν</span> <span class='ocrx_word' id='word_1_73' title='bbox 520 642 646 677; x_wconf 78' lang='grc' dir='ltr'>φανεράν</span> <span class='ocrx_word' id='word_1_74' title='bbox 660 642 708 669; x_wconf 78' lang='grc' dir='ltr'><strong>τοῦ</strong></span> <span class='ocrx_word' id='word_1_75' title='bbox 728 642 794 678; x_wconf 85' lang='grc' dir='ltr'>μίαν</span> <span class='ocrx_word' id='word_1_76' title='bbox 809 643 838 669; x_wconf 80' lang='grc' dir='ltr'><strong>ἰν</strong></span> <span class='ocrx_word' id='word_1_77' title='bbox 852 643 927 678; x_wconf 83' lang='grc' dir='ltr'>τρισὶ</span> 
     </span>
    </p>
   </div>
   <div class='ocr_carea' id='block_1_14' title="bbox 136 686 927 725">
    <p class='ocr_par' dir='ltr' id='par_1_14' title="bbox 136 686 927 725">
     <span class='ocr_line' id='line_1_14' title="bbox 136 686 927 725; baseline 0.004 -12"><span class='ocrx_word' id='word_1_78' title='bbox 136 687 294 722; x_wconf 81' lang='grc' dir='ltr'><strong>προσώποις</strong></span> <span class='ocrx_word' id='word_1_79' title='bbox 314 686 385 715; x_wconf 75' lang='grc' dir='ltr'>εἶναι</span> <span class='ocrx_word' id='word_1_80' title='bbox 409 689 460 723; x_wconf 82' lang='grc' dir='ltr'>τὴν</span> <span class='ocrx_word' id='word_1_81' title='bbox 484 689 642 725; x_wconf 79' lang='grc' dir='ltr'>ἀγιωτάτην</span> <span class='ocrx_word' id='word_1_82' title='bbox 655 689 784 725; x_wconf 82' lang='grc' dir='ltr'>θεότητα,</span> <span class='ocrx_word' id='word_1_83' title='bbox 801 689 851 717; x_wconf 77' lang='grc' dir='ltr'><strong>καὶ</strong></span> <span class='ocrx_word' id='word_1_84' title='bbox 864 689 927 724; x_wconf 79' lang='grc' dir='ltr'><strong>εἰκῆ</strong></span> 
     </span>
    </p>
   </div>
   <div class='ocr_carea' id='block_1_15' title="bbox 136 734 928 771">
    <p class='ocr_par' dir='ltr' id='par_1_15' title="bbox 136 734 928 771">
     <span class='ocr_line' id='line_1_15' title="bbox 136 734 928 771; baseline 0.004 -12"><span class='ocrx_word' id='word_1_85' title='bbox 136 734 279 768; x_wconf 75' lang='grc' dir='ltr'>φανεῖσθαι</span> <span class='ocrx_word' id='word_1_86' title='bbox 304 735 368 770; x_wconf 81' lang='grc' dir='ltr'>περὶ</span> <span class='ocrx_word' id='word_1_87' title='bbox 393 735 428 762; x_wconf 79' lang='grc' dir='ltr'><strong>τὰ</strong></span> <span class='ocrx_word' id='word_1_88' title='bbox 450 736 535 763; x_wconf 80' lang='grc' dir='ltr'>πᾶσιν</span> <span class='ocrx_word' id='word_1_89' title='bbox 560 736 723 771; x_wconf 78' lang='grc' dir='ltr'><strong>εὐπόριστα,</strong></span> <span class='ocrx_word' id='word_1_90' title='bbox 750 735 928 770; x_wconf 77' lang='grc' dir='ltr'>περιωρίσθω</span> 
     </span>
    </p>
   </div>
   <div class='ocr_carea' id='block_1_16' title="bbox 136 776 928 816">
    <p class='ocr_par' dir='ltr' id='par_1_16' title="bbox 136 776 928 816">
     <span class='ocr_line' id='line_1_16' title="bbox 136 776 928 816; baseline 0.003 -12"><span class='ocrx_word' id='word_1_91' title='bbox 136 779 203 812; x_wconf 74' lang='grc' dir='ltr'>ἡμῖν</span> <span class='ocrx_word' id='word_1_92' title='bbox 215 778 268 810; x_wconf 73' lang='grc' dir='ltr'>Ξως</span> <span class='ocrx_word' id='word_1_93' title='bbox 281 776 334 806; x_wconf 78' lang='grc' dir='ltr'><strong>ὦδε</strong></span> <span class='ocrx_word' id='word_1_94' title='bbox 348 779 395 806; x_wconf 78' lang='grc' dir='ltr'><strong>καὶ</strong></span> <span class='ocrx_word' id='word_1_95' title='bbox 405 780 419 807; x_wconf 81' lang='grc' dir='ltr'>ὁ</span> <span class='ocrx_word' id='word_1_96' title='bbox 429 780 551 810; x_wconf 82' lang='grc' dir='ltr'>τοιοῦτος</span> <span class='ocrx_word' id='word_1_97' title='bbox 564 780 641 812; x_wconf 87' lang='grc' dir='ltr'>νοῦς·</span> <span class='ocrx_word' id='word_1_98' title='bbox 653 781 684 808; x_wconf 83' lang='grc' dir='ltr'>τδ</span> <span class='ocrx_word' id='word_1_99' title='bbox 694 780 734 812; x_wconf 79' lang='grc' dir='ltr'><strong>δὲ,</strong></span> <span class='ocrx_word' id='word_1_100' title='bbox 750 780 857 816; x_wconf 78' lang='grc' dir='ltr'><strong>ἔλαμψε</strong></span> <span class='ocrx_word' id='word_1_101' title='bbox 870 780 928 814; x_wconf 85' lang='grc' dir='ltr'><strong>φῶς</strong></span> 
     </span>
    </p>
   </div>
   <div class='ocr_carea' id='block_1_17' title="bbox 137 824 928 863">
    <p class='ocr_par' dir='ltr' id='par_1_17' title="bbox 137 824 928 863">
     <span class='ocr_line' id='line_1_17' title="bbox 137 824 928 863; baseline 0.003 -13"><span class='ocrx_word' id='word_1_102' title='bbox 137 824 153 858; x_wconf 81' lang='grc' dir='ltr'><strong>ἠ</strong></span> <span class='ocrx_word' id='word_1_103' title='bbox 168 824 249 859; x_wconf 85' lang='grc' dir='ltr'>χάρις</span> <span class='ocrx_word' id='word_1_104' title='bbox 276 825 323 851; x_wconf 72' lang='grc' dir='ltr'><strong>τοῦ</strong></span> <span class='ocrx_word' id='word_1_105' title='bbox 339 825 509 860; x_wconf 78' lang='grc' dir='ltr'>Πνεύματος,</span> <span class='ocrx_word' id='word_1_106' title='bbox 523 826 606 861; x_wconf 81' lang='grc' dir='ltr'>διχῶς</span> <span class='ocrx_word' id='word_1_107' title='bbox 628 826 754 862; x_wconf 77' lang='grc' dir='ltr'>νοητέον·</span> <span class='ocrx_word' id='word_1_108' title='bbox 770 827 787 863; x_wconf 78' lang='grc' dir='ltr'><strong>ἢ</strong></span> <span class='ocrx_word' id='word_1_109' title='bbox 810 826 865 862; x_wconf 81' lang='grc' dir='ltr'>γὰρ</span> <span class='ocrx_word' id='word_1_110' title='bbox 888 827 928 854; x_wconf 78' lang='grc' dir='ltr'>ὅτι</span> 
     </span>
    </p>
   </div>
   <div class='ocr_carea' id='block_1_18' title="bbox 138 869 927 907">
    <p class='ocr_par' dir='ltr' id='par_1_18' title="bbox 138 869 927 907">
     <span class='ocr_line' id='line_1_18' title="bbox 138 869 927 907; baseline 0.004 -13"><span class='ocrx_word' id='word_1_111' title='bbox 138 869 287 896; x_wconf 76' lang='grc' dir='ltr'><strong>ἀπετέλεσε</strong></span> <span class='ocrx_word' id='word_1_112' title='bbox 311 870 415 904; x_wconf 76' lang='grc' dir='ltr'>λάμψιν</span> <span class='ocrx_word' id='word_1_113' title='bbox 439 871 613 906; x_wconf 78' lang='grc' dir='ltr'><strong>φωτίζουσαν</strong></span> <span class='ocrx_word' id='word_1_114' title='bbox 635 871 725 906; x_wconf 80' lang='grc' dir='ltr'>ψυχὰς</span> <span class='ocrx_word' id='word_1_115' title='bbox 749 871 765 906; x_wconf 84' lang='grc' dir='ltr'><strong>ἡ</strong></span> <span class='ocrx_word' id='word_1_116' title='bbox 786 871 866 907; x_wconf 90' lang='grc' dir='ltr'>χάρις</span> <span class='ocrx_word' id='word_1_117' title='bbox 881 871 927 898; x_wconf 72' lang='grc' dir='ltr'>τοῦ</span> 
     </span>
    </p>
   </div>
   <div class='ocr_carea' id='block_1_19' title="bbox 976 318 1767 355">
    <p class='ocr_par' dir='ltr' id='par_1_19' title="bbox 976 318 1767 355">
     <span class='ocr_line' id='line_1_19' title="bbox 976 318 1767 355; baseline 0.001 -9"><span class='ocrx_word' id='word_1_118' title='bbox 976 319 1160 355; x_wconf 84' lang='lat' dir='ltr'><strong>prehensione</strong></span> <span class='ocrx_word' id='word_1_119' title='bbox 1174 320 1328 351; x_wconf 79' lang='lat' dir='ltr'><strong>curiosum,</strong></span> <span class='ocrx_word' id='word_1_120' title='bbox 1347 319 1400 346; x_wconf 89' lang='lat' dir='ltr'><strong>nisi</strong></span> <span class='ocrx_word' id='word_1_121' title='bbox 1411 318 1481 347; x_wconf 87' lang='lat' dir='ltr'><strong>Deus</strong></span> <span class='ocrx_word' id='word_1_122' title='bbox 1493 319 1550 353; x_wconf 83' lang='lat' dir='ltr'><strong>ipse</strong></span> <span class='ocrx_word' id='word_1_123' title='bbox 1564 319 1689 347; x_wconf 88' lang='lat' dir='ltr'><strong>revelans</strong></span> <span class='ocrx_word' id='word_1_124' title='bbox 1699 327 1767 347; x_wconf 88' lang='lat' dir='ltr'><strong>ocu-</strong></span> 
     </span>
    </p>
   </div>
   <div class='ocr_carea' id='block_1_20' title="bbox 975 364 1768 400">
    <p class='ocr_par' dir='ltr' id='par_1_20' title="bbox 975 364 1768 400">
     <span class='ocr_line' id='line_1_20' title="bbox 975 364 1768 400; baseline -0.003 -6"><span class='ocrx_word' id='word_1_125' title='bbox 975 366 1016 394; x_wconf 85' lang='lat' dir='ltr'><strong>los</strong></span> <span class='ocrx_word' id='word_1_126' title='bbox 1033 366 1162 394; x_wconf 85' lang='lat' dir='ltr'><strong>debilium</strong></span> <span class='ocrx_word' id='word_1_127' title='bbox 1177 370 1204 393; x_wconf 86' lang='lat' dir='ltr'><strong>et</strong></span> <span class='ocrx_word' id='word_1_128' title='bbox 1221 373 1316 393; x_wconf 84' lang='lat' dir='ltr'><strong>eorum</strong></span> <span class='ocrx_word' id='word_1_129' title='bbox 1335 365 1383 400; x_wconf 90' lang='lat' dir='ltr'><strong>qui</strong></span> <span class='ocrx_word' id='word_1_130' title='bbox 1399 365 1467 392; x_wconf 89' lang='lat' dir='ltr'><strong>alias</strong></span> <span class='ocrx_word' id='word_1_131' title='bbox 1496 364 1606 393; x_wconf 79' lang='lat' dir='ltr'><strong>diflicile</strong></span> <span class='ocrx_word' id='word_1_132' title='bbox 1631 365 1768 393; x_wconf 71' lang='lat' dir='ltr'><strong>sustinent</strong></span> 
     </span>
    </p>
   </div>
   <div class='ocr_carea' id='block_1_21' title="bbox 975 411 1768 445">
    <p class='ocr_par' dir='ltr' id='par_1_21' title="bbox 975 411 1768 445">
     <span class='ocr_line' id='line_1_21' title="bbox 975 411 1768 445; baseline -0.003 -3"><span class='ocrx_word' id='word_1_133' title='bbox 975 413 1043 442; x_wconf 82' lang='lat' dir='ltr'><strong>solis</strong></span> <span class='ocrx_word' id='word_1_134' title='bbox 1058 413 1182 441; x_wconf 87' lang='lat' dir='ltr'><strong>veritatis</strong></span> <span class='ocrx_word' id='word_1_135' title='bbox 1198 413 1384 445; x_wconf 89' lang='lat' dir='ltr'><strong>intuitionem,</strong></span> <span class='ocrx_word' id='word_1_136' title='bbox 1398 411 1579 445; x_wconf 90' lang='lat' dir='ltr'><strong>semetipsum</strong></span> <span class='ocrx_word' id='word_1_137' title='bbox 1613 411 1768 440; x_wconf 77' lang='lat' dir='ltr'><strong>manifestct</strong></span> 
     </span>
    </p>
   </div>
   <div class='ocr_carea' id='block_1_22' title="bbox 976 457 1764 494">
    <p class='ocr_par' dir='ltr' id='par_1_22' title="bbox 976 457 1764 494">
     <span class='ocr_line' id='line_1_22' title="bbox 976 457 1764 494; baseline -0.001 -7"><span class='ocrx_word' id='word_1_138' title='bbox 976 468 1002 488; x_wconf 82' lang='lat' dir='ltr'><strong>et</strong></span> <span class='ocrx_word' id='word_1_139' title='bbox 1014 468 1044 487; x_wconf 88' lang='lat' dir='ltr'><strong>ea</strong></span> <span class='ocrx_word' id='word_1_140' title='bbox 1058 467 1118 494; x_wconf 69' lang='lat' dir='ltr'><strong>quae</strong></span> <span class='ocrx_word' id='word_1_141' title='bbox 1131 460 1278 487; x_wconf 79' lang='lat' dir='ltr'><strong>humanam</strong></span> <span class='ocrx_word' id='word_1_142' title='bbox 1292 457 1643 493; x_wconf 78' lang='lat' dir='ltr'><strong>snperantintelligentiam</strong></span> <span class='ocrx_word' id='word_1_143' title='bbox 1657 458 1764 486; x_wconf 82' lang='lat' dir='ltr'><strong>doceat.</strong></span> 
     </span>
    </p>
   </div>
   <div class='ocr_carea' id='block_1_23' title="bbox 978 503 1769 542">
    <p class='ocr_par' dir='ltr' id='par_1_23' title="bbox 978 503 1769 542">
     <span class='ocr_line' id='line_1_23' title="bbox 978 503 1769 542; baseline -0.001 -8"><span class='ocrx_word' id='word_1_144' title='bbox 978 507 1075 542; x_wconf 77' lang='lat' dir='ltr'><strong>Itaque</strong></span> <span class='ocrx_word' id='word_1_145' title='bbox 1088 514 1123 534; x_wconf 87' lang='lat' dir='ltr'><strong>ne</strong></span> <span class='ocrx_word' id='word_1_146' title='bbox 1140 506 1229 541; x_wconf 87' lang='lat' dir='ltr'><strong>reipsa</strong></span> <span class='ocrx_word' id='word_1_147' title='bbox 1243 513 1375 541; x_wconf 77' lang='lat' dir='ltr'><strong>cogamur</strong></span> <span class='ocrx_word' id='word_1_148' title='bbox 1405 512 1438 532; x_wconf 79' lang='lat' dir='ltr'><strong>ex</strong></span> <span class='ocrx_word' id='word_1_149' title='bbox 1470 503 1612 539; x_wconf 75' lang='lat' dir='ltr'><strong>rescriptis</strong></span> <span class='ocrx_word' id='word_1_150' title='bbox 1640 509 1769 533; x_wconf 85' lang='lat' dir='ltr'><strong>eruentes</strong></span> 
     </span>
    </p>
   </div>
   <div class='ocr_carea' id='block_1_24' title="bbox 977 550 1769 589">
    <p class='ocr_par' dir='ltr' id='par_1_24' title="bbox 977 550 1769 589">
     <span class='ocr_line' id='line_1_24' title="bbox 977 550 1769 589; baseline -0.004 -8"><span class='ocrx_word' id='word_1_151' title='bbox 977 554 1114 589; x_wconf 64' lang='lat' dir='ltr'><strong>explicare</strong></span> <span class='ocrx_word' id='word_1_152' title='bbox 1124 553 1195 580; x_wconf 88' lang='lat' dir='ltr'><strong>dicta</strong></span> <span class='ocrx_word' id='word_1_153' title='bbox 1213 556 1369 579; x_wconf 86' lang='lat' dir='ltr'><strong>sanctorum</strong></span> <span class='ocrx_word' id='word_1_154' title='bbox 1384 551 1508 582; x_wconf 85' lang='lat' dir='ltr'><strong>Patrum.</strong></span> <span class='ocrx_word' id='word_1_155' title='bbox 1525 558 1588 586; x_wconf 66' lang='lat' dir='ltr'><strong>quae</strong></span> <span class='ocrx_word' id='word_1_156' title='bbox 1599 551 1660 578; x_wconf 85' lang='lat' dir='ltr'><strong>sine</strong></span> <span class='ocrx_word' id='word_1_157' title='bbox 1690 550 1769 579; x_wconf 77' lang='lat' dir='ltr'><strong>nobis</strong></span> 
     </span>
    </p>
   </div>
   <div class='ocr_carea' id='block_1_25' title="bbox 977 596 1768 632">
    <p class='ocr_par' dir='ltr' id='par_1_25' title="bbox 977 596 1768 632">
     <span class='ocr_line' id='line_1_25' title="bbox 977 596 1768 632; baseline -0.005 -5"><span class='ocrx_word' id='word_1_158' title='bbox 977 600 1009 628; x_wconf 85' lang='lat' dir='ltr'><strong>ad</strong></span> <span class='ocrx_word' id='word_1_159' title='bbox 1026 598 1349 626; x_wconf 85' lang='lat' dir='ltr'><strong>claredemonstrandnm</strong></span> <span class='ocrx_word' id='word_1_160' title='bbox 1367 597 1394 624; x_wconf 91' lang='lat' dir='ltr'><strong>in</strong></span> <span class='ocrx_word' id='word_1_161' title='bbox 1421 597 1509 624; x_wconf 82' lang='lat' dir='ltr'><strong>tribus</strong></span> <span class='ocrx_word' id='word_1_162' title='bbox 1533 596 1661 632; x_wconf 85' lang='lat' dir='ltr'><strong>personis</strong></span> <span class='ocrx_word' id='word_1_163' title='bbox 1685 604 1768 624; x_wconf 89' lang='lat' dir='ltr'><strong>unam</strong></span> 
     </span>
    </p>
   </div>
   <div class='ocr_carea' id='block_1_26' title="bbox 977 641 1768 674">
    <p class='ocr_par' dir='ltr' id='par_1_26' title="bbox 977 641 1768 674">
     <span class='ocr_line' id='line_1_26' title="bbox 977 641 1768 674; baseline -0.008 -1"><span class='ocrx_word' id='word_1_164' title='bbox 977 653 1040 673; x_wconf 88' lang='lat' dir='ltr'><strong>esse</strong></span> <span class='ocrx_word' id='word_1_165' title='bbox 1050 643 1252 672; x_wconf 79' lang='lat' dir='ltr'><strong>sanctissimam</strong></span> <span class='ocrx_word' id='word_1_166' title='bbox 1272 642 1405 670; x_wconf 81' lang='lat' dir='ltr'><strong>Deitatem</strong></span> <span class='ocrx_word' id='word_1_167' title='bbox 1417 641 1566 669; x_wconf 80' lang='lat' dir='ltr'><strong>manifesta</strong></span> <span class='ocrx_word' id='word_1_168' title='bbox 1585 645 1661 674; x_wconf 82' lang='lat' dir='ltr'><strong>sunt,</strong></span> <span class='ocrx_word' id='word_1_169' title='bbox 1687 641 1768 669; x_wconf 89' lang='lat' dir='ltr'><strong>vani-</strong></span> 
     </span>
    </p>
   </div>
   <div class='ocr_carea' id='block_1_27' title="bbox 979 687 1771 727">
    <p class='ocr_par' dir='ltr' id='par_1_27' title="bbox 979 687 1771 727">
     <span class='ocr_line' id='line_1_27' title="bbox 979 687 1771 727; baseline -0.005 -8"><span class='ocrx_word' id='word_1_170' title='bbox 979 700 1033 727; x_wconf 79' lang='lat' dir='ltr'><strong>que</strong></span> <span class='ocrx_word' id='word_1_171' title='bbox 1048 691 1192 719; x_wconf 82' lang='lat' dir='ltr'><strong>videamur</strong></span> <span class='ocrx_word' id='word_1_172' title='bbox 1209 690 1282 717; x_wconf 87' lang='lat' dir='ltr'><strong>circa</strong></span> <span class='ocrx_word' id='word_1_173' title='bbox 1295 697 1340 717; x_wconf 85' lang='lat' dir='ltr'><strong>res</strong></span> <span class='ocrx_word' id='word_1_174' title='bbox 1357 688 1488 716; x_wconf 88' lang='lat' dir='ltr'><strong>omnibus</strong></span> <span class='ocrx_word' id='word_1_175' title='bbox 1503 688 1609 720; x_wconf 84' lang='lat' dir='ltr'><strong>obvias.</strong></span> <span class='ocrx_word' id='word_1_176' title='bbox 1625 687 1771 723; x_wconf 82' lang='lat' dir='ltr'><strong>hucusque</strong></span> 
     </span>
    </p>
   </div>
   <div class='ocr_carea' id='block_1_28' title="bbox 979 734 1771 767">
    <p class='ocr_par' dir='ltr' id='par_1_28' title="bbox 979 734 1771 767">
     <span class='ocr_line' id='line_1_28' title="bbox 979 734 1771 767; baseline -0.006 -1"><span class='ocrx_word' id='word_1_177' title='bbox 979 737 1223 767; x_wconf 82' lang='lat' dir='ltr'><strong>circumscribatur</strong></span> <span class='ocrx_word' id='word_1_178' title='bbox 1243 736 1322 764; x_wconf 92' lang='lat' dir='ltr'><strong>nobis</strong></span> <span class='ocrx_word' id='word_1_179' title='bbox 1354 736 1412 763; x_wconf 77' lang='lat' dir='ltr'><strong>hrec</strong></span> <span class='ocrx_word' id='word_1_180' title='bbox 1438 735 1503 762; x_wconf 90' lang='lat' dir='ltr'><strong>talis</strong></span> <span class='ocrx_word' id='word_1_181' title='bbox 1537 735 1686 763; x_wconf 77' lang='lat' dir='ltr'><strong>sententia.</strong></span> <span class='ocrx_word' id='word_1_182' title='bbox 1714 734 1771 761; x_wconf 86' lang='lat' dir='ltr'><strong>Hoc</strong></span> 
     </span>
    </p>
   </div>
   <div class='ocr_carea' id='block_1_29' title="bbox 979 780 1770 818">
    <p class='ocr_par' dir='ltr' id='par_1_29' title="bbox 979 780 1770 818">
     <span class='ocr_line' id='line_1_29' title="bbox 979 780 1770 818; baseline -0.006 -6"><span class='ocrx_word' id='word_1_183' title='bbox 979 789 1069 812; x_wconf 74' lang='lat' dir='ltr'><strong>autem</strong></span> <span class='ocrx_word' id='word_1_184' title='bbox 1084 793 1091 811; x_wconf 89' lang='lat'>:</span> <span class='ocrx_word' id='word_1_185' title='bbox 1108 783 1214 818; x_wconf 76' lang='grc' dir='ltr'>ἔλαμψε</span> <span class='ocrx_word' id='word_1_186' title='bbox 1226 783 1284 817; x_wconf 83' lang='grc' dir='ltr'><strong>φῶς</strong></span> <span class='ocrx_word' id='word_1_187' title='bbox 1303 782 1319 818; x_wconf 84' lang='grc' dir='ltr'>ή</span> <span class='ocrx_word' id='word_1_188' title='bbox 1335 782 1415 817; x_wconf 85' lang='grc' dir='ltr'>χάρις</span> <span class='ocrx_word' id='word_1_189' title='bbox 1425 781 1472 808; x_wconf 77' lang='grc' dir='ltr'>τοῦ</span> <span class='ocrx_word' id='word_1_190' title='bbox 1489 781 1663 816; x_wconf 83' lang='grc' dir='ltr'>Πνεύματος,</span> <span class='ocrx_word' id='word_1_191' title='bbox 1677 780 1770 814; x_wconf 87' lang='lat' dir='ltr'><strong>dupli-</strong></span> 
     </span>
    </p>
   </div>
   <div class='ocr_carea' id='block_1_30' title="bbox 980 821 1768 865">
    <p class='ocr_par' dir='ltr' id='par_1_30' title="bbox 980 821 1768 865">
     <span class='ocr_line' id='line_1_30' title="bbox 980 821 1768 865; baseline -0.009 -6"><span class='ocrx_word' id='word_1_192' title='bbox 980 830 1297 865; x_wconf 79' lang='lat' dir='ltr'><strong>citerintelligendntn:</strong></span> <span class='ocrx_word' id='word_1_193' title='bbox 1329 821 1375 856; x_wconf 84' lang='lat' dir='ltr'><strong>aut</strong></span> <span class='ocrx_word' id='word_1_194' title='bbox 1398 829 1483 860; x_wconf 81' lang='lat' dir='ltr'><strong>enim,</strong></span> <span class='ocrx_word' id='word_1_195' title='bbox 1513 828 1584 862; x_wconf 83' lang='lat' dir='ltr'><strong>quod</strong></span> <span class='ocrx_word' id='word_1_196' title='bbox 1615 827 1768 854; x_wconf 77' lang='lat' dir='ltr'><strong>claritatem</strong></span> 
     </span>
    </p>
   </div>
   <div class='ocr_carea' id='block_1_31' title="bbox 981 874 1771 911">
    <p class='ocr_par' dir='ltr' id='par_1_31' title="bbox 981 874 1771 911">
     <span class='ocr_line' id='line_1_31' title="bbox 981 874 1771 911; baseline -0.009 -5"><span class='ocrx_word' id='word_1_197' title='bbox 981 879 1087 906; x_wconf 86' lang='lat' dir='ltr'><strong>animas</strong></span> <span class='ocrx_word' id='word_1_198' title='bbox 1098 878 1295 905; x_wconf 85' lang='lat' dir='ltr'><strong>illuminantem</strong></span> <span class='ocrx_word' id='word_1_199' title='bbox 1304 876 1418 911; x_wconf 82' lang='lat' dir='ltr'><strong>perfecit</strong></span> <span class='ocrx_word' id='word_1_200' title='bbox 1431 876 1559 903; x_wconf 86' lang='lat' dir='ltr'><strong>celebrati</strong></span> <span class='ocrx_word' id='word_1_201' title='bbox 1576 874 1696 909; x_wconf 88' lang='lat' dir='ltr'><strong>Spiritus</strong></span> <span class='ocrx_word' id='word_1_202' title='bbox 1710 881 1771 909; x_wconf 81' lang='lat' dir='ltr'><strong>gra-</strong></span> 
     </span>
    </p>
   </div>
   <div class='ocr_carea' id='block_1_32' title="bbox 138 915 931 968">
    <p class='ocr_par' dir='ltr' id='par_1_32' title="bbox 138 915 929 968">
     <span class='ocr_line' id='line_1_32' title="bbox 138 915 929 968; baseline 0.006 -28"><span class='ocrx_word' id='word_1_203' title='bbox 138 915 337 968; x_wconf 58' lang='grc' dir='ltr'>εορταξομένου</span> <span class='ocrx_word' id='word_1_204' title='bbox 352 917 522 952; x_wconf 78' lang='grc' dir='ltr'>Πνεύματος,</span> <span class='ocrx_word' id='word_1_205' title='bbox 538 917 555 952; x_wconf 79' lang='grc' dir='ltr'>ἢ</span> <span class='ocrx_word' id='word_1_206' title='bbox 571 918 613 944; x_wconf 79' lang='grc' dir='ltr'>ὅτι</span> <span class='ocrx_word' id='word_1_207' title='bbox 631 918 753 952; x_wconf 83' lang='grc' dir='ltr'><strong>σήμερον</strong></span> <span class='ocrx_word' id='word_1_208' title='bbox 776 917 929 952; x_wconf 65' lang='grc' dir='ltr'>ἐξέλαμψεν</span> 
     </span>
    </p>
   </div>
   <div class='ocr_carea' id='block_1_33' title="bbox 985 915 1769 968">
    <p class='ocr_par' dir='ltr' id='par_1_33' title="bbox 985 921 1769 958">
     <span class='ocr_line' id='line_1_33' title="bbox 985 921 1769 958; baseline -0.009 -6"><span class='ocrx_word' id='word_1_209' title='bbox 985 925 1030 956; x_wconf 88' lang='lat' dir='ltr'><strong>lia,</strong></span> <span class='ocrx_word' id='word_1_210' title='bbox 1043 924 1084 951; x_wconf 90' lang='lat' dir='ltr'><strong>vel</strong></span> <span class='ocrx_word' id='word_1_211' title='bbox 1102 924 1174 958; x_wconf 91' lang='lat' dir='ltr'><strong>quod</strong></span> <span class='ocrx_word' id='word_1_212' title='bbox 1193 922 1275 950; x_wconf 83' lang='lat' dir='ltr'><strong>hodie</strong></span> <span class='ocrx_word' id='word_1_213' title='bbox 1288 922 1357 949; x_wconf 76' lang='lat' dir='ltr'><strong>luxit</strong></span> <span class='ocrx_word' id='word_1_214' title='bbox 1372 922 1501 949; x_wconf 81' lang='lat' dir='ltr'><strong>exoriens</strong></span> <span class='ocrx_word' id='word_1_215' title='bbox 1513 921 1606 948; x_wconf 83' lang='lat' dir='ltr'><strong>lumen</strong></span> <span class='ocrx_word' id='word_1_216' title='bbox 1639 927 1692 946; x_wconf 83' lang='lat' dir='ltr'><strong>non</strong></span> <span class='ocrx_word' id='word_1_217' title='bbox 1725 926 1769 945; x_wconf 89' lang='lat' dir='ltr'><strong>as-</strong></span> 
     </span>
    </p>
   </div>
   <div class='ocr_carea' id='block_1_34' title="bbox 138 960 927 999">
    <p class='ocr_par' dir='ltr' id='par_1_34' title="bbox 138 960 927 999">
     <span class='ocr_line' id='line_1_34' title="bbox 138 960 927 999; baseline 0.004 -12"><span class='ocrx_word' id='word_1_218' title='bbox 138 960 281 989; x_wconf 75' lang='grc' dir='ltr'>ὰνατεΐλαν</span> <span class='ocrx_word' id='word_1_219' title='bbox 302 963 360 997; x_wconf 77' lang='grc' dir='ltr'><strong>φῶς</strong></span> <span class='ocrx_word' id='word_1_220' title='bbox 384 963 415 990; x_wconf 85' lang='grc' dir='ltr'>οὺ</span> <span class='ocrx_word' id='word_1_221' title='bbox 432 963 462 990; x_wconf 73' lang='grc' dir='ltr'><strong>τὺ</strong></span> <span class='ocrx_word' id='word_1_222' title='bbox 481 963 608 999; x_wconf 77' lang='grc' dir='ltr'>σύνηθες,</span> <span class='ocrx_word' id='word_1_223' title='bbox 624 964 671 991; x_wconf 78' lang='grc' dir='ltr'>καὶ</span> <span class='ocrx_word' id='word_1_224' title='bbox 690 964 760 999; x_wconf 80' lang='grc' dir='ltr'>πρὸς</span> <span class='ocrx_word' id='word_1_225' title='bbox 783 963 927 999; x_wconf 76' lang='grc' dir='ltr'>αἴσθησιν,</span> 
     </span>
    </p>
   </div>
   <div class='ocr_carea' id='block_1_35' title="bbox 139 1007 929 1046">
    <p class='ocr_par' dir='ltr' id='par_1_35' title="bbox 139 1007 929 1046">
     <span class='ocr_line' id='line_1_35' title="bbox 139 1007 929 1046; baseline 0.004 -13"><span class='ocrx_word' id='word_1_226' title='bbox 139 1007 207 1034; x_wconf 79' lang='grc' dir='ltr'><strong>ἀλλὰ</strong></span> <span class='ocrx_word' id='word_1_227' title='bbox 224 1009 240 1044; x_wconf 81' lang='grc' dir='ltr'><strong>ἡ</strong></span> <span class='ocrx_word' id='word_1_228' title='bbox 256 1008 338 1044; x_wconf 88' lang='grc' dir='ltr'>χάρις</span> <span class='ocrx_word' id='word_1_229' title='bbox 349 1009 396 1036; x_wconf 82' lang='grc' dir='ltr'>τοῦ</span> <span class='ocrx_word' id='word_1_230' title='bbox 418 1009 497 1044; x_wconf 83' lang='grc' dir='ltr'>ἁγίου</span> <span class='ocrx_word' id='word_1_231' title='bbox 519 1010 692 1045; x_wconf 83' lang='grc' dir='ltr'>Πνεύματος,</span> <span class='ocrx_word' id='word_1_232' title='bbox 705 1011 750 1037; x_wconf 75' lang='grc' dir='ltr'><strong>ἵνα</strong></span> <span class='ocrx_word' id='word_1_233' title='bbox 767 1010 867 1038; x_wconf 75' lang='grc' dir='ltr'>ταυτὸν</span> <span class='ocrx_word' id='word_1_234' title='bbox 885 1011 929 1046; x_wconf 74' lang='grc' dir='ltr'>εἴη</span> 
     </span>
    </p>
   </div>
   <div class='ocr_carea' id='block_1_36' title="bbox 141 1053 931 1093">
    <p class='ocr_par' dir='ltr' id='par_1_36' title="bbox 141 1053 931 1093">
     <span class='ocr_line' id='line_1_36' title="bbox 141 1053 931 1093; baseline 0.005 -13"><span class='ocrx_word' id='word_1_235' title='bbox 141 1054 198 1088; x_wconf 86' lang='grc' dir='ltr'>φῶς</span> <span class='ocrx_word' id='word_1_236' title='bbox 219 1053 335 1081; x_wconf 75' lang='grc' dir='ltr'>ἐνταῦθα</span> <span class='ocrx_word' id='word_1_237' title='bbox 358 1056 459 1089; x_wconf 73' lang='grc' dir='ltr'>εἰπεῖν,</span> <span class='ocrx_word' id='word_1_238' title='bbox 485 1057 534 1083; x_wconf 79' lang='grc' dir='ltr'><strong>καὶ</strong></span> <span class='ocrx_word' id='word_1_239' title='bbox 555 1058 636 1093; x_wconf 81' lang='grc' dir='ltr'>χάριν</span> <span class='ocrx_word' id='word_1_240' title='bbox 661 1057 709 1084; x_wconf 79' lang='grc' dir='ltr'><strong>τοῦ</strong></span> <span class='ocrx_word' id='word_1_241' title='bbox 739 1056 819 1091; x_wconf 85' lang='grc' dir='ltr'>άγίου</span> <span class='ocrx_word' id='word_1_242' title='bbox 843 1058 931 1085; x_wconf 79' lang='grc' dir='ltr'><strong>Πνεῦ-</strong></span> 
     </span>
    </p>
   </div>
   <div class='ocr_carea' id='block_1_37' title="bbox 142 1108 238 1135">
    <p class='ocr_par' dir='ltr' id='par_1_37' title="bbox 142 1108 238 1135">
     <span class='ocr_line' id='line_1_37' title="bbox 142 1108 238 1135; baseline 0.01 -8"><span class='ocrx_word' id='word_1_243' title='bbox 142 1108 238 1135; x_wconf 84' lang='grc' dir='ltr'>ματος.</span> 
     </span>
    </p>
   </div>
   <div class='ocr_carea' id='block_1_38' title="bbox 289 1148 780 1185">
    <p class='ocr_par' dir='ltr' id='par_1_38' title="bbox 289 1148 780 1185">
     <span class='ocr_line' id='line_1_38' title="bbox 289 1148 780 1185; baseline 0.006 -11"><span class='ocrx_word' id='word_1_244' title='bbox 289 1148 452 1183; x_wconf 61' lang='grc' dir='ltr'>Ἰῂοπάριον</span> <span class='ocrx_word' id='word_1_245' title='bbox 463 1149 568 1184; x_wconf 78' lang='grc' dir='ltr'>τριτον</span> <span class='ocrx_word' id='word_1_246' title='bbox 581 1149 637 1185; x_wconf 83' lang='grc' dir='ltr'>τῆς</span> <span class='ocrx_word' id='word_1_247' title='bbox 648 1150 673 1177; x_wconf 82' lang='grc' dir='ltr'><strong>δ’</strong></span> <span class='ocrx_word' id='word_1_248' title='bbox 687 1149 780 1185; x_wconf 78' lang='grc' dir='ltr'><strong>ᾠδῆς.</strong></span> 
     </span>
    </p>
   </div>
   <div class='ocr_carea' id='block_1_39' title="bbox 177 1192 752 1234">
    <p class='ocr_par' dir='ltr' id='par_1_39' title="bbox 177 1192 752 1234">
     <span class='ocr_line' id='line_1_39' title="bbox 177 1192 752 1234; baseline 0.009 -14"><span class='ocrx_word' id='word_1_249' title='bbox 177 1192 210 1222; x_wconf 78' lang='grc' dir='ltr'><strong>Χ.</strong></span> <span class='ocrx_word' id='word_1_250' title='bbox 226 1194 355 1222; x_wconf 81' lang='grc' dir='ltr'><strong>Τελεῖσθε</strong></span> <span class='ocrx_word' id='word_1_251' title='bbox 373 1196 473 1228; x_wconf 85' lang='grc' dir='ltr'>πάντες</span> <span class='ocrx_word' id='word_1_252' title='bbox 489 1198 523 1232; x_wconf 80' lang='grc' dir='ltr'>τῇ</span> <span class='ocrx_word' id='word_1_253' title='bbox 539 1197 752 1234; x_wconf 72' lang='grc' dir='ltr'>θεαρχικατάτῃ</span> 
     </span>
    </p>
   </div>
   <div class='ocr_carea' id='block_1_40' title="bbox 231 1240 842 1278">
    <p class='ocr_par' dir='ltr' id='par_1_40' title="bbox 231 1240 842 1278">
     <span class='ocr_line' id='line_1_40' title="bbox 231 1240 842 1278; baseline 0.007 -11"><span class='ocrx_word' id='word_1_254' title='bbox 231 1241 310 1268; x_wconf 86' lang='grc' dir='ltr'>Ὅσοι</span> <span class='ocrx_word' id='word_1_255' title='bbox 322 1240 470 1276; x_wconf 72' lang='grc' dir='ltr'>λατρευταὶ</span> <span class='ocrx_word' id='word_1_256' title='bbox 484 1243 534 1277; x_wconf 84' lang='grc' dir='ltr'>τῆς</span> <span class='ocrx_word' id='word_1_257' title='bbox 547 1243 716 1278; x_wconf 81' lang='grc' dir='ltr'>τριφεγγοῦς</span> <span class='ocrx_word' id='word_1_258' title='bbox 727 1243 824 1276; x_wconf 75' lang='grc' dir='ltr'>οὐσίας</span> <span class='ocrx_word' id='word_1_259' title='bbox 835 1252 842 1261; x_wconf 76' lang='grc' dir='ltr'><strong><em>ο</em></strong></span> 
     </span>
    </p>
   </div>
   <div class='ocr_carea' id='block_1_41' title="bbox 235 1287 791 1325">
    <p class='ocr_par' dir='ltr' id='par_1_41' title="bbox 235 1287 791 1325">
     <span class='ocr_line' id='line_1_41' title="bbox 235 1287 791 1325; baseline 0.007 -12"><span class='ocrx_word' id='word_1_260' title='bbox 235 1287 400 1322; x_wconf 80' lang='grc' dir='ltr'>’Υπερφυῶς</span> <span class='ocrx_word' id='word_1_261' title='bbox 414 1287 489 1315; x_wconf 81' lang='grc' dir='ltr'>τελεῖ</span> <span class='ocrx_word' id='word_1_262' title='bbox 504 1289 559 1324; x_wconf 86' lang='grc' dir='ltr'>γὰρ</span> <span class='ocrx_word' id='word_1_263' title='bbox 578 1289 618 1321; x_wconf 81' lang='grc' dir='ltr'>ὡς</span> <span class='ocrx_word' id='word_1_264' title='bbox 630 1289 791 1325; x_wconf 76' lang='grc' dir='ltr'><strong>εὐεργέτης,</strong></span> 
     </span>
    </p>
   </div>
   <div class='ocr_carea' id='block_1_42' title="bbox 229 1332 827 1371">
    <p class='ocr_par' dir='ltr' id='par_1_42' title="bbox 229 1332 827 1371">
     <span class='ocr_line' id='line_1_42' title="bbox 229 1332 827 1371; baseline 0.005 -11"><span class='ocrx_word' id='word_1_265' title='bbox 229 1332 286 1360; x_wconf 77' lang='grc' dir='ltr'><strong>Καὶ</strong></span> <span class='ocrx_word' id='word_1_266' title='bbox 302 1336 494 1370; x_wconf 83' lang='grc' dir='ltr'>πυρσομορφοϊ</span> <span class='ocrx_word' id='word_1_267' title='bbox 503 1335 620 1370; x_wconf 79' lang='grc' dir='ltr'>Χριστὸς</span> <span class='ocrx_word' id='word_1_268' title='bbox 630 1337 671 1367; x_wconf 81' lang='grc' dir='ltr'><strong>είς</strong></span> <span class='ocrx_word' id='word_1_269' title='bbox 688 1336 827 1371; x_wconf 83' lang='grc' dir='ltr'>σωτηρίαν</span> 
     </span>
    </p>
   </div>
   <div class='ocr_carea' id='block_1_43' title="bbox 231 1378 841 1416">
    <p class='ocr_par' dir='ltr' id='par_1_43' title="bbox 231 1378 841 1416">
     <span class='ocr_line' id='line_1_43' title="bbox 231 1378 841 1416; baseline 0.005 -11"><span class='ocrx_word' id='word_1_270' title='bbox 231 1378 317 1414; x_wconf 85' lang='grc' dir='ltr'><strong>Ὅλην</strong></span> <span class='ocrx_word' id='word_1_271' title='bbox 327 1387 375 1413; x_wconf 60' lang='grc' dir='ltr'><strong>ποι</strong></span> <span class='ocrx_word' id='word_1_272' title='bbox 382 1379 446 1412; x_wconf 74' lang='grc' dir='ltr'>ίξων</span> <span class='ocrx_word' id='word_1_273' title='bbox 456 1380 506 1414; x_wconf 76' lang='grc' dir='ltr'><strong>τὴν</strong></span> <span class='ocrx_word' id='word_1_274' title='bbox 516 1380 597 1416; x_wconf 84' lang='grc' dir='ltr'>χάριν</span> <span class='ocrx_word' id='word_1_275' title='bbox 610 1381 656 1408; x_wconf 85' lang='grc' dir='ltr'><strong>τοῦ</strong></span> <span class='ocrx_word' id='word_1_276' title='bbox 670 1381 841 1416; x_wconf 83' lang='grc' dir='ltr'>Πνεύματος.</span> 
     </span>
    </p>
   </div>
   <div class='ocr_carea' id='block_1_44' title="bbox 179 1425 934 1463">
    <p class='ocr_par' dir='ltr' id='par_1_44' title="bbox 179 1425 934 1463">
     <span class='ocr_line' id='line_1_44' title="bbox 179 1425 934 1463; baseline 0.004 -12"><span class='ocrx_word' id='word_1_277' title='bbox 179 1425 243 1460; x_wconf 80' lang='grc' dir='ltr'>ριη’.</span> <span class='ocrx_word' id='word_1_278' title='bbox 263 1425 436 1453; x_wconf 78' lang='grc' dir='ltr'>Ἦθικεύεται</span> <span class='ocrx_word' id='word_1_279' title='bbox 452 1427 467 1453; x_wconf 79' lang='grc' dir='ltr'><strong>ὁ</strong></span> <span class='ocrx_word' id='word_1_280' title='bbox 494 1427 615 1463; x_wconf 74' lang='grc' dir='ltr'>μελῳδὸς</span> <span class='ocrx_word' id='word_1_281' title='bbox 645 1427 704 1462; x_wconf 69' lang='grc' dir='ltr'>ἅμα</span> <span class='ocrx_word' id='word_1_282' title='bbox 727 1428 844 1463; x_wconf 83' lang='grc' dir='ltr'>παρόντι</span> <span class='ocrx_word' id='word_1_283' title='bbox 868 1436 934 1463; x_wconf 88' lang='grc' dir='ltr'>τρο-</span> 
     </span>
    </p>
   </div>
   <div class='ocr_carea' id='block_1_45' title="bbox 142 1470 934 1510">
    <p class='ocr_par' dir='ltr' id='par_1_45' title="bbox 142 1470 934 1510">
     <span class='ocr_line' id='line_1_45' title="bbox 142 1470 934 1510; baseline 0.004 -12"><span class='ocrx_word' id='word_1_284' title='bbox 142 1470 245 1506; x_wconf 75' lang='grc' dir='ltr'>παρίῳ,</span> <span class='ocrx_word' id='word_1_285' title='bbox 261 1473 309 1499; x_wconf 75' lang='grc' dir='ltr'><strong>καὶ</strong></span> <span class='ocrx_word' id='word_1_286' title='bbox 335 1473 371 1500; x_wconf 82' lang='grc' dir='ltr'><strong>τὰ</strong></span> <span class='ocrx_word' id='word_1_287' title='bbox 395 1473 445 1509; x_wconf 86' lang='grc' dir='ltr'>τῆς</span> <span class='ocrx_word' id='word_1_288' title='bbox 471 1474 569 1510; x_wconf 80' lang='grc' dir='ltr'>ἑορτῆς</span> <span class='ocrx_word' id='word_1_289' title='bbox 593 1473 745 1508; x_wconf 77' lang='grc' dir='ltr'>φιλοσοφεῖ.</span> <span class='ocrx_word' id='word_1_290' title='bbox 771 1474 825 1502; x_wconf 73' lang='grc' dir='ltr'><strong>Καὶ</strong></span> <span class='ocrx_word' id='word_1_291' title='bbox 845 1474 862 1510; x_wconf 85' lang='grc' dir='ltr'>ἡ</span> <span class='ocrx_word' id='word_1_292' title='bbox 884 1474 934 1509; x_wconf 66' lang='grc' dir='ltr'><strong>μὲν</strong></span> 
     </span>
    </p>
   </div>
   <div class='ocr_carea' id='block_1_46' title="bbox 142 1516 934 1555">
    <p class='ocr_par' dir='ltr' id='par_1_46' title="bbox 142 1516 934 1555">
     <span class='ocr_line' id='line_1_46' title="bbox 142 1516 934 1555; baseline 0.003 -10"><span class='ocrx_word' id='word_1_293' title='bbox 142 1519 212 1553; x_wconf 71' lang='grc' dir='ltr'>πρὸς</span> <span class='ocrx_word' id='word_1_294' title='bbox 233 1516 300 1555; x_wconf 76' lang='grc' dir='ltr'>ἦθος</span> <span class='ocrx_word' id='word_1_295' title='bbox 331 1519 473 1553; x_wconf 81' lang='grc' dir='ltr'>παίδευσις</span> <span class='ocrx_word' id='word_1_296' title='bbox 495 1520 583 1555; x_wconf 78' lang='grc' dir='ltr'>λέγει,</span> <span class='ocrx_word' id='word_1_297' title='bbox 598 1521 640 1548; x_wconf 81' lang='grc' dir='ltr'>ὅτι</span> <span class='ocrx_word' id='word_1_298' title='bbox 657 1521 762 1552; x_wconf 83' lang='grc' dir='ltr'>Πάντες</span> <span class='ocrx_word' id='word_1_299' title='bbox 785 1521 843 1548; x_wconf 83' lang='grc' dir='ltr'>ὅσοι</span> <span class='ocrx_word' id='word_1_300' title='bbox 870 1521 934 1548; x_wconf 75' lang='grc' dir='ltr'>ἐστὲ</span> 
     </span>
    </p>
   </div>
   <div class='ocr_carea' id='block_1_47' title="bbox 142 1565 934 1601">
    <p class='ocr_par' dir='ltr' id='par_1_47' title="bbox 142 1565 934 1601">
     <span class='ocr_line' id='line_1_47' title="bbox 142 1565 934 1601; baseline 0.003 -9"><span class='ocrx_word' id='word_1_301' title='bbox 142 1565 290 1601; x_wconf 73' lang='grc' dir='ltr'>λατρευταὶ</span> <span class='ocrx_word' id='word_1_302' title='bbox 303 1566 353 1601; x_wconf 82' lang='grc' dir='ltr'>τῆς</span> <span class='ocrx_word' id='word_1_303' title='bbox 367 1566 532 1601; x_wconf 76' lang='grc' dir='ltr'>τριφεγγοῦς</span> <span class='ocrx_word' id='word_1_304' title='bbox 546 1566 643 1598; x_wconf 79' lang='grc' dir='ltr'>οὐσίας</span> <span class='ocrx_word' id='word_1_305' title='bbox 659 1565 793 1600; x_wconf 74' lang='grc' dir='ltr'>τελεῖσθε,</span> <span class='ocrx_word' id='word_1_306' title='bbox 809 1566 934 1594; x_wconf 66' lang='grc' dir='ltr'>τουτέστι</span> 
     </span>
    </p>
   </div>
   <div class='ocr_carea' id='block_1_48' title="bbox 145 1607 970 1650">
    <p class='ocr_par' dir='ltr' id='par_1_48' title="bbox 145 1607 970 1650">
     <span class='ocr_line' id='line_1_48' title="bbox 145 1607 970 1650; baseline 0.001 -12"><span class='ocrx_word' id='word_1_307' title='bbox 145 1612 247 1645; x_wconf 84' lang='grc' dir='ltr'>μύσται</span> <span class='ocrx_word' id='word_1_308' title='bbox 275 1612 396 1647; x_wconf 79' lang='grc' dir='ltr'><strong>γίνεσθε,</strong></span> <span class='ocrx_word' id='word_1_309' title='bbox 411 1613 523 1650; x_wconf 80' lang='grc' dir='ltr'>τελετὴν</span> <span class='ocrx_word' id='word_1_310' title='bbox 556 1613 748 1649; x_wconf 75' lang='grc' dir='ltr'>ἑορτάζοντες,</span> <span class='ocrx_word' id='word_1_311' title='bbox 782 1613 829 1640; x_wconf 79' lang='grc' dir='ltr'><strong>καὶ</strong></span> <span class='ocrx_word' id='word_1_312' title='bbox 861 1607 970 1640; x_wconf 71' lang='lat' dir='ltr'><strong>olith</strong></span> 
     </span>
    </p>
   </div>
   <div class='ocr_carea' id='block_1_49' title="bbox 144 1659 933 1696">
    <p class='ocr_par' dir='ltr' id='par_1_49' title="bbox 144 1659 933 1696">
     <span class='ocr_line' id='line_1_49' title="bbox 144 1659 933 1696; baseline 0 -10"><span class='ocrx_word' id='word_1_313' title='bbox 144 1659 296 1686; x_wconf 76' lang='grc' dir='ltr'><strong>τιλειοῦσθε</strong></span> <span class='ocrx_word' id='word_1_314' title='bbox 318 1661 351 1695; x_wconf 87' lang='grc' dir='ltr'><strong>τῇ</strong></span> <span class='ocrx_word' id='word_1_315' title='bbox 376 1659 492 1696; x_wconf 85' lang='grc' dir='ltr'>τοιαύτῃ</span> <span class='ocrx_word' id='word_1_316' title='bbox 517 1659 726 1696; x_wconf 77' lang='grc' dir='ltr'>θεαρχικωτάτῃ</span> <span class='ocrx_word' id='word_1_317' title='bbox 752 1659 850 1695; x_wconf 73' lang='grc' dir='ltr'>οὐσίᾳ·</span> <span class='ocrx_word' id='word_1_318' title='bbox 865 1661 883 1695; x_wconf 79' lang='grc' dir='ltr'>ἡ</span> <span class='ocrx_word' id='word_1_319' title='bbox 904 1659 933 1686; x_wconf 67' lang='grc' dir='ltr'><strong>δὲ</strong></span> 
     </span>
    </p>
   </div>
   <div class='ocr_carea' id='block_1_50' title="bbox 144 1705 934 1742">
    <p class='ocr_par' dir='ltr' id='par_1_50' title="bbox 144 1705 934 1742">
     <span class='ocr_line' id='line_1_50' title="bbox 144 1705 934 1742; baseline -0.001 -9"><span class='ocrx_word' id='word_1_320' title='bbox 144 1707 289 1740; x_wconf 81' lang='grc' dir='ltr'>φιλόσοφος</span> <span class='ocrx_word' id='word_1_321' title='bbox 313 1706 415 1742; x_wconf 77' lang='grc' dir='ltr'>Θεωρίς</span> <span class='ocrx_word' id='word_1_322' title='bbox 442 1706 613 1742; x_wconf 78' lang='grc' dir='ltr'>πληροφορετ</span> <span class='ocrx_word' id='word_1_323' title='bbox 632 1706 675 1733; x_wconf 76' lang='grc' dir='ltr'>ὅτι</span> <span class='ocrx_word' id='word_1_324' title='bbox 693 1706 711 1741; x_wconf 86' lang='grc' dir='ltr'><strong>ὴ</strong></span> <span class='ocrx_word' id='word_1_325' title='bbox 726 1705 839 1741; x_wconf 80' lang='grc' dir='ltr'>τοιαύτη</span> <span class='ocrx_word' id='word_1_326' title='bbox 853 1705 934 1732; x_wconf 85' lang='grc' dir='ltr'>οὐσία</span> 
     </span>
    </p>
   </div>
   <div class='ocr_carea' id='block_1_51' title="bbox 144 1751 934 1787">
    <p class='ocr_par' dir='ltr' id='par_1_51' title="bbox 144 1751 934 1787">
     <span class='ocr_line' id='line_1_51' title="bbox 144 1751 934 1787; baseline -0.003 -8"><span class='ocrx_word' id='word_1_327' title='bbox 144 1752 189 1779; x_wconf 81' lang='grc' dir='ltr'><strong>διὰ</strong></span> <span class='ocrx_word' id='word_1_328' title='bbox 204 1751 251 1779; x_wconf 83' lang='grc' dir='ltr'><strong>τοῦ</strong></span> <span class='ocrx_word' id='word_1_329' title='bbox 268 1751 398 1785; x_wconf 82' lang='grc' dir='ltr'>Χριστοῦ,</span> <span class='ocrx_word' id='word_1_330' title='bbox 413 1751 442 1783; x_wconf 78' lang='grc' dir='ltr'>ὃς</span> <span class='ocrx_word' id='word_1_331' title='bbox 465 1751 615 1787; x_wconf 71' lang='grc' dir='ltr'>εὐεργέτης</span> <span class='ocrx_word' id='word_1_332' title='bbox 635 1752 721 1784; x_wconf 75' lang='grc' dir='ltr'>ὃντως</span> <span class='ocrx_word' id='word_1_333' title='bbox 740 1752 827 1784; x_wconf 69' lang='grc' dir='ltr'>ιστὶν,</span> <span class='ocrx_word' id='word_1_334' title='bbox 849 1751 934 1786; x_wconf 66' lang='lat' dir='ltr'><strong>61mp-</strong></span> 
     </span>
    </p>
   </div>
   <div class='ocr_carea' id='block_1_52' title="bbox 145 1794 933 1834">
    <p class='ocr_par' dir='ltr' id='par_1_52' title="bbox 145 1794 933 1834">
     <span class='ocr_line' id='line_1_52' title="bbox 145 1794 933 1834; baseline -0.001 -9"><span class='ocrx_word' id='word_1_335' title='bbox 145 1798 222 1833; x_wconf 67' lang='grc' dir='ltr'>φυῶς</span> <span class='ocrx_word' id='word_1_336' title='bbox 232 1806 263 1825; x_wconf 83' lang='grc' dir='ltr'>τε</span> <span class='ocrx_word' id='word_1_337' title='bbox 277 1797 349 1824; x_wconf 82' lang='grc' dir='ltr'>τελεῖ</span> <span class='ocrx_word' id='word_1_338' title='bbox 363 1794 447 1833; x_wconf 71' lang='grc' dir='ltr'><strong>ῆγόυν</strong></span> <span class='ocrx_word' id='word_1_339' title='bbox 469 1799 544 1833; x_wconf 79' lang='grc' dir='ltr'>μυεῖ,</span> <span class='ocrx_word' id='word_1_340' title='bbox 564 1798 689 1826; x_wconf 81' lang='grc' dir='ltr'>τουτέστι</span> <span class='ocrx_word' id='word_1_341' title='bbox 704 1799 880 1834; x_wconf 84' lang='grc' dir='ltr'>μυσταγωγεῖ</span> <span class='ocrx_word' id='word_1_342' title='bbox 893 1797 933 1824; x_wconf 91' lang='grc' dir='ltr'><strong>δι-</strong></span> 
     </span>
    </p>
   </div>
   <div class='ocr_carea' id='block_1_53' title="bbox 145 1844 934 1881">
    <p class='ocr_par' dir='ltr' id='par_1_53' title="bbox 145 1844 934 1881">
     <span class='ocr_line' id='line_1_53' title="bbox 145 1844 934 1881; baseline -0.003 -9"><span class='ocrx_word' id='word_1_343' title='bbox 145 1844 263 1878; x_wconf 83' lang='grc' dir='ltr'>δάσκων,</span> <span class='ocrx_word' id='word_1_344' title='bbox 281 1845 330 1871; x_wconf 75' lang='grc' dir='ltr'><strong>καὶ</strong></span> <span class='ocrx_word' id='word_1_345' title='bbox 357 1844 495 1872; x_wconf 77' lang='grc' dir='ltr'><strong>παιδεύων</strong></span> <span class='ocrx_word' id='word_1_346' title='bbox 521 1845 569 1871; x_wconf 77' lang='grc' dir='ltr'><strong>καὶ</strong></span> <span class='ocrx_word' id='word_1_347' title='bbox 589 1846 786 1881; x_wconf 78' lang='grc' dir='ltr'>πυρσομορφοϊ</span> <span class='ocrx_word' id='word_1_348' title='bbox 807 1845 839 1871; x_wconf 84' lang='grc' dir='ltr'>οὐ</span> <span class='ocrx_word' id='word_1_349' title='bbox 865 1844 934 1880; x_wconf 79' lang='grc' dir='ltr'>πρδς</span> 
     </span>
    </p>
   </div>
   <div class='ocr_carea' id='block_1_54' title="bbox 145 1890 933 1927">
    <p class='ocr_par' dir='ltr' id='par_1_54' title="bbox 145 1890 933 1927">
     <span class='ocr_line' id='line_1_54' title="bbox 145 1890 933 1927; baseline 0.001 -11"><span class='ocrx_word' id='word_1_350' title='bbox 145 1891 272 1926; x_wconf 73' lang='grc' dir='ltr'>ιρύθημα</span> <span class='ocrx_word' id='word_1_351' title='bbox 287 1890 380 1923; x_wconf 81' lang='grc' dir='ltr'>αἰδοῦς</span> <span class='ocrx_word' id='word_1_352' title='bbox 398 1891 454 1918; x_wconf 73' lang='grc' dir='ltr'>εἴτε</span> <span class='ocrx_word' id='word_1_353' title='bbox 479 1890 606 1924; x_wconf 80' lang='grc' dir='ltr'>κάλλους,</span> <span class='ocrx_word' id='word_1_354' title='bbox 622 1890 693 1918; x_wconf 81' lang='grc' dir='ltr'>ἀλλά</span> <span class='ocrx_word' id='word_1_355' title='bbox 718 1892 759 1923; x_wconf 80' lang='grc' dir='ltr'><strong>είς</strong></span> <span class='ocrx_word' id='word_1_356' title='bbox 780 1891 933 1927; x_wconf 86' lang='grc' dir='ltr'>σωτηρίαν,</span> 
     </span>
    </p>
   </div>
   <div class='ocr_carea' id='block_1_55' title="bbox 146 1935 934 1972">
    <p class='ocr_par' dir='ltr' id='par_1_55' title="bbox 146 1935 934 1972">
     <span class='ocr_line' id='line_1_55' title="bbox 146 1935 934 1972; baseline 0 -9"><span class='ocrx_word' id='word_1_357' title='bbox 146 1937 266 1971; x_wconf 78' lang='grc' dir='ltr'>πορίζων</span> <span class='ocrx_word' id='word_1_358' title='bbox 293 1937 351 1966; x_wconf 79' lang='grc' dir='ltr'>τοῖς</span> <span class='ocrx_word' id='word_1_359' title='bbox 368 1936 486 1970; x_wconf 85' lang='grc' dir='ltr'>μύσταις</span> <span class='ocrx_word' id='word_1_360' title='bbox 515 1936 601 1964; x_wconf 81' lang='grc' dir='ltr'>αὐτοῦ</span> <span class='ocrx_word' id='word_1_361' title='bbox 621 1936 687 1972; x_wconf 86' lang='grc' dir='ltr'>ὃλην</span> <span class='ocrx_word' id='word_1_362' title='bbox 706 1935 757 1972; x_wconf 82' lang='grc' dir='ltr'><strong>τὴν</strong></span> <span class='ocrx_word' id='word_1_363' title='bbox 780 1937 863 1972; x_wconf 82' lang='grc' dir='ltr'>χάριν</span> <span class='ocrx_word' id='word_1_364' title='bbox 885 1936 934 1963; x_wconf 79' lang='grc' dir='ltr'>τοῦ</span> 
     </span>
    </p>
   </div>
   <div class='ocr_carea' id='block_1_56' title="bbox 147 1974 934 2018">
    <p class='ocr_par' dir='ltr' id='par_1_56' title="bbox 147 1974 934 2018">
     <span class='ocr_line' id='line_1_56' title="bbox 147 1974 934 2018; baseline 0 -9"><span class='ocrx_word' id='word_1_365' title='bbox 147 1983 317 2017; x_wconf 83' lang='grc' dir='ltr'>Πνεύματος.</span> <span class='ocrx_word' id='word_1_366' title='bbox 332 1983 370 2009; x_wconf 86' lang='grc' dir='ltr'>οὑ</span> <span class='ocrx_word' id='word_1_367' title='bbox 391 1983 446 2018; x_wconf 86' lang='grc' dir='ltr'><strong>γὰρ</strong></span> <span class='ocrx_word' id='word_1_368' title='bbox 466 1982 566 2014; x_wconf 79' lang='grc' dir='ltr'>ἀτελὴς</span> <span class='ocrx_word' id='word_1_369' title='bbox 585 1983 600 2009; x_wconf 80' lang='grc' dir='ltr'><strong>ὀ</strong></span> <span class='ocrx_word' id='word_1_370' title='bbox 623 1982 701 2015; x_wconf 76' lang='grc' dir='ltr'>Θεὸς,</span> <span class='ocrx_word' id='word_1_371' title='bbox 716 1982 812 2018; x_wconf 80' lang='grc' dir='ltr'>ὥσπερ</span> <span class='ocrx_word' id='word_1_372' title='bbox 828 1974 859 2009; x_wconf 80' lang='grc' dir='ltr'>οὔ</span> <span class='ocrx_word' id='word_1_373' title='bbox 883 1982 934 2018; x_wconf 87' lang='grc' dir='ltr'>τὴν</span> 
     </span>
    </p>
   </div>
   <div class='ocr_carea' id='block_1_57' title="bbox 145 2021 934 2063">
    <p class='ocr_par' dir='ltr' id='par_1_57' title="bbox 145 2021 934 2063">
     <span class='ocr_line' id='line_1_57' title="bbox 145 2021 934 2063; baseline 0.001 -9"><span class='ocrx_word' id='word_1_374' title='bbox 145 2027 340 2063; x_wconf 78' lang='grc' dir='ltr'>πληρεστάτην</span> <span class='ocrx_word' id='word_1_375' title='bbox 368 2027 449 2062; x_wconf 84' lang='grc' dir='ltr'>φύσιν</span> <span class='ocrx_word' id='word_1_376' title='bbox 465 2026 549 2054; x_wconf 79' lang='grc' dir='ltr'>αὐτοῦ</span> <span class='ocrx_word' id='word_1_377' title='bbox 570 2027 586 2063; x_wconf 83' lang='grc' dir='ltr'>ἢ</span> <span class='ocrx_word' id='word_1_378' title='bbox 610 2021 675 2054; x_wconf 64' lang='grc' dir='ltr'>ἄλλο</span> <span class='ocrx_word' id='word_1_379' title='bbox 692 2036 719 2054; x_wconf 81' lang='grc' dir='ltr'><strong>τι</strong></span> <span class='ocrx_word' id='word_1_380' title='bbox 735 2028 790 2055; x_wconf 81' lang='grc' dir='ltr'><strong>τῶν</strong></span> <span class='ocrx_word' id='word_1_381' title='bbox 806 2027 869 2055; x_wconf 78' lang='grc' dir='ltr'>κατ’</span> <span class='ocrx_word' id='word_1_382' title='bbox 882 2029 934 2056; x_wconf 83' lang='grc' dir='ltr'><strong>αὺ-</strong></span> 
     </span>
    </p>
   </div>
   <div class='ocr_carea' id='block_1_58' title="bbox 145 2072 935 2109">
    <p class='ocr_par' dir='ltr' id='par_1_58' title="bbox 145 2072 935 2109">
     <span class='ocr_line' id='line_1_58' title="bbox 145 2072 935 2109; baseline 0 -9"><span class='ocrx_word' id='word_1_383' title='bbox 145 2073 203 2105; x_wconf 76' lang='grc' dir='ltr'>τὸν,</span> <span class='ocrx_word' id='word_1_384' title='bbox 218 2074 265 2100; x_wconf 79' lang='grc' dir='ltr'><strong>καὶ</strong></span> <span class='ocrx_word' id='word_1_385' title='bbox 278 2073 343 2109; x_wconf 78' lang='grc' dir='ltr'>περὶ</span> <span class='ocrx_word' id='word_1_386' title='bbox 355 2073 448 2107; x_wconf 79' lang='grc' dir='ltr'>αὑτὸν,</span> <span class='ocrx_word' id='word_1_387' title='bbox 465 2072 552 2105; x_wconf 77' lang='grc' dir='ltr'>οὕτως</span> <span class='ocrx_word' id='word_1_388' title='bbox 565 2072 627 2099; x_wconf 72' lang='grc' dir='ltr'><strong>οὐδὲ</strong></span> <span class='ocrx_word' id='word_1_389' title='bbox 638 2072 689 2108; x_wconf 84' lang='grc' dir='ltr'><strong>τὴν</strong></span> <span class='ocrx_word' id='word_1_390' title='bbox 705 2073 867 2108; x_wconf 79' lang='grc' dir='ltr'>εὐεργεσίαν</span> <span class='ocrx_word' id='word_1_391' title='bbox 885 2073 935 2101; x_wconf 76' lang='grc' dir='ltr'>καὶ</span> 
     </span>
    </p>
   </div>
   <div class='ocr_carea' id='block_1_59' title="bbox 145 2118 934 2156">
    <p class='ocr_par' dir='ltr' id='par_1_59' title="bbox 145 2118 934 2156">
     <span class='ocr_line' id='line_1_59' title="bbox 145 2118 934 2156; baseline 0 -10"><span class='ocrx_word' id='word_1_392' title='bbox 145 2119 198 2156; x_wconf 78' lang='grc' dir='ltr'><strong>τὴν</strong></span> <span class='ocrx_word' id='word_1_393' title='bbox 214 2120 295 2154; x_wconf 83' lang='grc' dir='ltr'>χάριν</span> <span class='ocrx_word' id='word_1_394' title='bbox 322 2119 372 2154; x_wconf 81' lang='grc' dir='ltr'><strong>τὴν</strong></span> <span class='ocrx_word' id='word_1_395' title='bbox 394 2118 424 2152; x_wconf 74' lang='grc' dir='ltr'><strong>ἐξ</strong></span> <span class='ocrx_word' id='word_1_396' title='bbox 439 2118 522 2146; x_wconf 82' lang='grc' dir='ltr'>αὐτοῦ</span> <span class='ocrx_word' id='word_1_397' title='bbox 548 2119 619 2155; x_wconf 81' lang='grc' dir='ltr'>πρὸς</span> <span class='ocrx_word' id='word_1_398' title='bbox 645 2119 693 2146; x_wconf 85' lang='grc' dir='ltr'><strong>τοῦ</strong></span> <span class='ocrx_word' id='word_1_399' title='bbox 718 2119 814 2147; x_wconf 81' lang='grc' dir='ltr'>αὐτοῦ.</span> <span class='ocrx_word' id='word_1_400' title='bbox 832 2120 863 2146; x_wconf 79' lang='lat' dir='ltr'><strong>El</strong></span> <span class='ocrx_word' id='word_1_401' title='bbox 880 2120 934 2156; x_wconf 75' lang='grc' dir='ltr'>γὰρ</span> 
     </span>
    </p>
   </div>
   <div class='ocr_carea' id='block_1_60' title="bbox 147 2163 934 2200">
    <p class='ocr_par' dir='ltr' id='par_1_60' title="bbox 147 2163 934 2200">
     <span class='ocr_line' id='line_1_60' title="bbox 147 2163 934 2200; baseline 0 -9"><span class='ocrx_word' id='word_1_402' title='bbox 147 2165 196 2191; x_wconf 40' lang='lat' dir='ltr'><strong>xtl.</strong></span> <span class='ocrx_word' id='word_1_403' title='bbox 220 2165 291 2191; x_wconf 82' lang='grc' dir='ltr'>πάνυ</span> <span class='ocrx_word' id='word_1_404' title='bbox 319 2164 404 2200; x_wconf 88' lang='grc' dir='ltr'>μικρά</span> <span class='ocrx_word' id='word_1_405' title='bbox 432 2164 581 2198; x_wconf 83' lang='grc' dir='ltr'>λαμὸάνων</span> <span class='ocrx_word' id='word_1_406' title='bbox 607 2164 751 2200; x_wconf 75' lang='grc' dir='ltr'>προσίεται</span> <span class='ocrx_word' id='word_1_407' title='bbox 775 2163 805 2196; x_wconf 79' lang='grc' dir='ltr'>ὃς</span> <span class='ocrx_word' id='word_1_408' title='bbox 829 2172 861 2199; x_wconf 82' lang='grc' dir='ltr'>γε</span> <span class='ocrx_word' id='word_1_409' title='bbox 886 2165 934 2192; x_wconf 78' lang='grc' dir='ltr'><strong>καὶ</strong></span> 
     </span>
    </p>
   </div>
   <div class='ocr_carea' id='block_1_61' title="bbox 147 2208 935 2246">
    <p class='ocr_par' dir='ltr' id='par_1_61' title="bbox 147 2208 935 2246">
     <span class='ocr_line' id='line_1_61' title="bbox 147 2208 935 2246; baseline 0 -10"><span class='ocrx_word' id='word_1_410' title='bbox 147 2210 330 2245; x_wconf 67' lang='grc' dir='ltr'>προσκυνήσει</span> <span class='ocrx_word' id='word_1_411' title='bbox 352 2210 443 2245; x_wconf 80' lang='grc' dir='ltr'>χαίρει</span> <span class='ocrx_word' id='word_1_412' title='bbox 465 2211 499 2245; x_wconf 75' lang='grc' dir='ltr'><strong>τῇ</strong></span> <span class='ocrx_word' id='word_1_413' title='bbox 523 2209 585 2236; x_wconf 79' lang='grc' dir='ltr'>κατ’</span> <span class='ocrx_word' id='word_1_414' title='bbox 606 2209 743 2246; x_wconf 78' lang='grc' dir='ltr'>ὀρθότητα</span> <span class='ocrx_word' id='word_1_415' title='bbox 757 2208 806 2236; x_wconf 74' lang='grc' dir='ltr'>καὶ</span> <span class='ocrx_word' id='word_1_416' title='bbox 823 2209 935 2246; x_wconf 80' lang='grc' dir='ltr'>εὐλογίᾳ</span> 
     </span>
    </p>
   </div>
   <div class='ocr_carea' id='block_1_62' title="bbox 147 2255 934 2292">
    <p class='ocr_par' dir='ltr' id='par_1_62' title="bbox 147 2255 934 2292">
     <span class='ocr_line' id='line_1_62' title="bbox 147 2255 934 2292; baseline -0.001 -9"><span class='ocrx_word' id='word_1_417' title='bbox 147 2256 299 2292; x_wconf 71' lang='grc' dir='ltr'>εὐγνώμονι</span> <span class='ocrx_word' id='word_1_418' title='bbox 325 2256 363 2288; x_wconf 79' lang='grc' dir='ltr'><strong>ὡς</strong></span> <span class='ocrx_word' id='word_1_419' title='bbox 388 2256 436 2283; x_wconf 75' lang='grc' dir='ltr'><strong>καὶ</strong></span> <span class='ocrx_word' id='word_1_420' title='bbox 470 2256 557 2288; x_wconf 73' lang='grc' dir='ltr'>ὅντως</span> <span class='ocrx_word' id='word_1_421' title='bbox 581 2256 740 2291; x_wconf 68' lang='grc' dir='ltr'>εὐλογητὸς,</span> <span class='ocrx_word' id='word_1_422' title='bbox 770 2255 827 2283; x_wconf 74' lang='grc' dir='ltr'><strong>ἀλλ’</strong></span> <span class='ocrx_word' id='word_1_423' title='bbox 852 2256 934 2288; x_wconf 79' lang='grc' dir='ltr'>αὐτὸς</span> 
     </span>
    </p>
   </div>
   <div class='ocr_carea' id='block_1_63' title="bbox 147 2303 934 2339">
    <p class='ocr_par' dir='ltr' id='par_1_63' title="bbox 147 2303 934 2339">
     <span class='ocr_line' id='line_1_63' title="bbox 147 2303 934 2339; baseline 0 -9"><span class='ocrx_word' id='word_1_424' title='bbox 147 2303 338 2339; x_wconf 83' lang='grc' dir='ltr'>μεγαλόδωρός</span> <span class='ocrx_word' id='word_1_425' title='bbox 355 2303 441 2336; x_wconf 66' lang='grc' dir='ltr'>ἔστιν,</span> <span class='ocrx_word' id='word_1_426' title='bbox 455 2303 496 2330; x_wconf 80' lang='grc' dir='ltr'>ὅτι</span> <span class='ocrx_word' id='word_1_427' title='bbox 510 2304 558 2331; x_wconf 75' lang='grc' dir='ltr'><strong>καὶ</strong></span> <span class='ocrx_word' id='word_1_428' title='bbox 576 2303 799 2339; x_wconf 75' lang='grc' dir='ltr'>ιλευθεριότητος</span> <span class='ocrx_word' id='word_1_429' title='bbox 812 2303 934 2338; x_wconf 80' lang='grc' dir='ltr'>ἁπάσης,</span> 
     </span>
    </p>
   </div>
   <div class='ocr_carea' id='block_1_64' title="bbox 146 2348 934 2385">
    <p class='ocr_par' dir='ltr' id='par_1_64' title="bbox 146 2348 934 2385">
     <span class='ocr_line' id='line_1_64' title="bbox 146 2348 934 2385; baseline -0.001 -8"><span class='ocrx_word' id='word_1_430' title='bbox 146 2351 193 2377; x_wconf 77' lang='grc' dir='ltr'><strong>καὶ</strong></span> <span class='ocrx_word' id='word_1_431' title='bbox 212 2349 450 2384; x_wconf 75' lang='grc' dir='ltr'>μεγαλοπρεπείας</span> <span class='ocrx_word' id='word_1_432' title='bbox 464 2349 600 2384; x_wconf 78' lang='grc' dir='ltr'>δεσπότης</span> <span class='ocrx_word' id='word_1_433' title='bbox 620 2348 679 2385; x_wconf 70' lang='grc' dir='ltr'>ἅμα</span> <span class='ocrx_word' id='word_1_434' title='bbox 695 2350 742 2376; x_wconf 75' lang='grc' dir='ltr'><strong>καὶ</strong></span> <span class='ocrx_word' id='word_1_435' title='bbox 757 2349 934 2384; x_wconf 82' lang='grc' dir='ltr'>παραδότης⁶</span> 
     </span>
    </p>
   </div>
   <div class='ocr_carea' id='block_1_65' title="bbox 146 2395 937 2431">
    <p class='ocr_par' dir='ltr' id='par_1_65' title="bbox 146 2395 937 2431">
     <span class='ocr_line' id='line_1_65' title="bbox 146 2395 937 2431; baseline 0.001 -9"><span class='ocrx_word' id='word_1_436' title='bbox 146 2396 194 2423; x_wconf 75' lang='grc' dir='ltr'><strong>καὶ</strong></span> <span class='ocrx_word' id='word_1_437' title='bbox 204 2396 219 2422; x_wconf 83' lang='grc' dir='ltr'>ὀ</span> <span class='ocrx_word' id='word_1_438' title='bbox 232 2395 278 2422; x_wconf 79' lang='grc' dir='ltr'>τὸν</span> <span class='ocrx_word' id='word_1_439' title='bbox 290 2395 484 2430; x_wconf 82' lang='grc' dir='ltr'>ἀναμάρτητον</span> <span class='ocrx_word' id='word_1_440' title='bbox 495 2395 640 2430; x_wconf 81' lang='grc' dir='ltr'>άνθρωπον</span> <span class='ocrx_word' id='word_1_441' title='bbox 652 2396 713 2422; x_wconf 80' lang='grc' dir='ltr'>ὅλον</span> <span class='ocrx_word' id='word_1_442' title='bbox 725 2396 822 2422; x_wconf 76' lang='grc' dir='ltr'>ἑαυτὸν</span> <span class='ocrx_word' id='word_1_443' title='bbox 837 2396 937 2431; x_wconf 64' lang='grc' dir='ltr'>ὲκείνῳ</span> 
     </span>
    </p>
   </div>
   <div class='ocr_carea' id='block_1_66' title="bbox 145 2441 760 2478">
    <p class='ocr_par' dir='ltr' id='par_1_66' title="bbox 145 2441 760 2478">
     <span class='ocr_line' id='line_1_66' title="bbox 145 2441 760 2478; baseline 0 -9"><span class='ocrx_word' id='word_1_444' title='bbox 145 2442 315 2469; x_wconf 81' lang='grc' dir='ltr'>άντιδίδωσιν</span> <span class='ocrx_word' id='word_1_445' title='bbox 333 2442 413 2478; x_wconf 74' lang='grc' dir='ltr'>εἰπερ</span> <span class='ocrx_word' id='word_1_446' title='bbox 428 2441 503 2474; x_wconf 82' lang='grc' dir='ltr'>άξιος</span> <span class='ocrx_word' id='word_1_447' title='bbox 520 2441 617 2468; x_wconf 86' lang='grc' dir='ltr'>τούτου</span> <span class='ocrx_word' id='word_1_448' title='bbox 634 2441 760 2477; x_wconf 80' lang='grc' dir='ltr'>γένηται.</span> 
     </span>
    </p>
   </div>
   <div class='ocr_carea' id='block_1_67' title="bbox 183 2487 937 2522">
    <p class='ocr_par' dir='ltr' id='par_1_67' title="bbox 183 2487 937 2522">
     <span class='ocr_line' id='line_1_67' title="bbox 183 2487 937 2522; baseline 0.003 -9"><span class='ocrx_word' id='word_1_449' title='bbox 183 2488 244 2522; x_wconf 63' lang='grc' dir='ltr'>ριν.</span> <span class='ocrx_word' id='word_1_450' title='bbox 268 2487 367 2515; x_wconf 75' lang='grc' dir='ltr'>Ἰστέον</span> <span class='ocrx_word' id='word_1_451' title='bbox 383 2487 412 2514; x_wconf 64' lang='grc' dir='ltr'><strong>δὲ</strong></span> <span class='ocrx_word' id='word_1_452' title='bbox 433 2487 474 2514; x_wconf 78' lang='grc' dir='ltr'><strong>ὅτι</strong></span> <span class='ocrx_word' id='word_1_453' title='bbox 501 2488 707 2522; x_wconf 83' lang='grc' dir='ltr'>προστακτικῆς</span> <span class='ocrx_word' id='word_1_454' title='bbox 724 2495 755 2514; x_wconf 79' lang='grc' dir='ltr'>τε</span> <span class='ocrx_word' id='word_1_455' title='bbox 784 2487 937 2522; x_wconf 79' lang='grc' dir='ltr'>ἐγκλίσεως</span> 
     </span>
    </p>
   </div>
   <div class='ocr_carea' id='block_1_68' title="bbox 144 2532 935 2569">
    <p class='ocr_par' dir='ltr' id='par_1_68' title="bbox 144 2532 935 2569">
     <span class='ocr_line' id='line_1_68' title="bbox 144 2532 935 2569; baseline 0 -9"><span class='ocrx_word' id='word_1_456' title='bbox 144 2533 176 2560; x_wconf 72' lang='grc' dir='ltr'><strong>τὸ</strong></span> <span class='ocrx_word' id='word_1_457' title='bbox 189 2534 322 2566; x_wconf 78' lang='grc' dir='ltr'>τελεῖσθε,</span> <span class='ocrx_word' id='word_1_458' title='bbox 337 2533 385 2561; x_wconf 74' lang='grc' dir='ltr'><strong>καὶ</strong></span> <span class='ocrx_word' id='word_1_459' title='bbox 398 2534 441 2560; x_wconf 79' lang='grc' dir='ltr'>ὅτι</span> <span class='ocrx_word' id='word_1_460' title='bbox 459 2532 601 2568; x_wconf 82' lang='grc' dir='ltr'>μυστικῶς</span> <span class='ocrx_word' id='word_1_461' title='bbox 621 2533 687 2567; x_wconf 87' lang='grc' dir='ltr'>ἁγία</span> <span class='ocrx_word' id='word_1_462' title='bbox 701 2533 716 2568; x_wconf 76' lang='grc' dir='ltr'>ἡ</span> <span class='ocrx_word' id='word_1_463' title='bbox 730 2533 843 2569; x_wconf 82' lang='grc' dir='ltr'>τοιαύτη</span> <span class='ocrx_word' id='word_1_464' title='bbox 862 2534 935 2567; x_wconf 84' lang='grc' dir='ltr'>λέξις</span> 
     </span>
    </p>
   </div>
   <div class='ocr_carea' id='block_1_69' title="bbox 146 2578 935 2615">
    <p class='ocr_par' dir='ltr' id='par_1_69' title="bbox 146 2578 935 2615">
     <span class='ocr_line' id='line_1_69' title="bbox 146 2578 935 2615; baseline 0.001 -9"><span class='ocrx_word' id='word_1_465' title='bbox 146 2579 288 2614; x_wconf 82' lang='grc' dir='ltr'>σύστοιχος</span> <span class='ocrx_word' id='word_1_466' title='bbox 306 2580 340 2614; x_wconf 79' lang='grc' dir='ltr'>τῇ</span> <span class='ocrx_word' id='word_1_467' title='bbox 364 2579 469 2614; x_wconf 84' lang='grc' dir='ltr'>τελετῇ,</span> <span class='ocrx_word' id='word_1_468' title='bbox 492 2578 539 2605; x_wconf 79' lang='grc' dir='ltr'>καὶ</span> <span class='ocrx_word' id='word_1_469' title='bbox 562 2580 595 2614; x_wconf 83' lang='grc' dir='ltr'><strong>τῇ</strong></span> <span class='ocrx_word' id='word_1_470' title='bbox 618 2579 792 2615; x_wconf 68' lang='grc' dir='ltr'>τελεταρχίᾳ,</span> <span class='ocrx_word' id='word_1_471' title='bbox 809 2579 856 2607; x_wconf 75' lang='grc' dir='ltr'><strong>καὶ</strong></span> <span class='ocrx_word' id='word_1_472' title='bbox 878 2582 935 2612; x_wconf 84' lang='grc' dir='ltr'>τοῖς</span> 
     </span>
    </p>
   </div>
   <div class='ocr_carea' id='block_1_70' title="bbox 144 2624 935 2660">
    <p class='ocr_par' dir='ltr' id='par_1_70' title="bbox 144 2624 935 2660">
     <span class='ocr_line' id='line_1_70' title="bbox 144 2624 935 2660; baseline 0.001 -9"><span class='ocrx_word' id='word_1_473' title='bbox 144 2625 286 2657; x_wconf 77' lang='grc' dir='ltr'>τελισταῖς</span> <span class='ocrx_word' id='word_1_474' title='bbox 305 2624 361 2651; x_wconf 84' lang='grc' dir='ltr'>τῶν</span> <span class='ocrx_word' id='word_1_475' title='bbox 378 2625 538 2660; x_wconf 86' lang='grc' dir='ltr'>μυστηρίων</span> <span class='ocrx_word' id='word_1_476' title='bbox 561 2624 728 2659; x_wconf 70' lang='grc' dir='ltr'>ῐκφάντορσι</span> <span class='ocrx_word' id='word_1_477' title='bbox 742 2632 750 2640; x_wconf 82' lang='grc'><strong><em>“</em></strong></span> <span class='ocrx_word' id='word_1_478' title='bbox 769 2624 891 2652; x_wconf 82' lang='grc' dir='ltr'>τοιοῦτον</span> <span class='ocrx_word' id='word_1_479' title='bbox 907 2625 935 2652; x_wconf 78' lang='grc' dir='ltr'><strong>δὲ</strong></span> 
     </span>
    </p>
   </div>
   <div class='ocr_carea' id='block_1_71' title="bbox 145 2670 938 2707">
    <p class='ocr_par' dir='ltr' id='par_1_71' title="bbox 145 2670 938 2707">
     <span class='ocr_line' id='line_1_71' title="bbox 145 2670 938 2707; baseline 0.001 -9"><span class='ocrx_word' id='word_1_480' title='bbox 145 2673 195 2699; x_wconf 73' lang='grc' dir='ltr'><strong>καὶ</strong></span> <span class='ocrx_word' id='word_1_481' title='bbox 208 2672 239 2698; x_wconf 83' lang='grc' dir='ltr'><strong>τὺ</strong></span> <span class='ocrx_word' id='word_1_482' title='bbox 251 2671 333 2704; x_wconf 80' lang='grc' dir='ltr'>τελεῖ,</span> <span class='ocrx_word' id='word_1_483' title='bbox 349 2671 420 2706; x_wconf 85' lang='grc' dir='ltr'>ὅπερ</span> <span class='ocrx_word' id='word_1_484' title='bbox 430 2671 560 2705; x_wconf 75' lang='grc' dir='ltr'>ἀνωτέρω</span> <span class='ocrx_word' id='word_1_485' title='bbox 575 2671 678 2698; x_wconf 79' lang='grc' dir='ltr'><strong>κεῖται.</strong></span> <span class='ocrx_word' id='word_1_486' title='bbox 697 2670 938 2707; x_wconf 81' lang='grc' dir='ltr'>’Δποκαρανοῦται</span> 
     </span>
    </p>
   </div>
   <div class='ocr_carea' id='block_1_72' title="bbox 145 2714 938 2753">
    <p class='ocr_par' dir='ltr' id='par_1_72' title="bbox 145 2714 938 2753">
     <span class='ocr_line' id='line_1_72' title="bbox 145 2714 938 2753; baseline -0.001 -8"><span class='ocrx_word' id='word_1_487' title='bbox 145 2718 186 2751; x_wconf 74' lang='grc' dir='ltr'><strong>δὲ,</strong></span> <span class='ocrx_word' id='word_1_488' title='bbox 203 2718 217 2745; x_wconf 81' lang='grc' dir='ltr'><strong>δ</strong></span> <span class='ocrx_word' id='word_1_489' title='bbox 233 2718 265 2753; x_wconf 83' lang='grc' dir='ltr'><strong>δή</strong></span> <span class='ocrx_word' id='word_1_490' title='bbox 289 2726 331 2749; x_wconf 82' lang='grc' dir='ltr'><strong>τις</strong></span> <span class='ocrx_word' id='word_1_491' title='bbox 356 2717 420 2753; x_wconf 71' lang='grc' dir='ltr'>ἔφη,</span> <span class='ocrx_word' id='word_1_492' title='bbox 437 2718 525 2745; x_wconf 81' lang='grc' dir='ltr'>ταῦτα</span> <span class='ocrx_word' id='word_1_493' title='bbox 549 2719 597 2745; x_wconf 81' lang='grc' dir='ltr'><strong>καὶ</strong></span> <span class='ocrx_word' id='word_1_494' title='bbox 621 2718 672 2744; x_wconf 83' lang='grc' dir='ltr'><strong>ὅσα</strong></span> <span class='ocrx_word' id='word_1_495' title='bbox 697 2717 822 2750; x_wconf 84' lang='grc' dir='ltr'>τοιαῦτα,</span> <span class='ocrx_word' id='word_1_496' title='bbox 835 2714 874 2745; x_wconf 83' lang='grc' dir='ltr'><strong>ὧν</strong></span> <span class='ocrx_word' id='word_1_497' title='bbox 891 2718 938 2745; x_wconf 76' lang='grc' dir='ltr'><strong>καὶ</strong></span> 
     </span>
    </p>
   </div>
   <div class='ocr_carea' id='block_1_73' title="bbox 147 2764 938 2800">
    <p class='ocr_par' dir='ltr' id='par_1_73' title="bbox 147 2764 938 2800">
     <span class='ocr_line' id='line_1_73' title="bbox 147 2764 938 2800; baseline 0 -10"><span class='ocrx_word' id='word_1_498' title='bbox 147 2764 400 2800; x_wconf 72' lang='grc' dir='ltr'><strong>προεμνήσθημεν⁸</strong></span> <span class='ocrx_word' id='word_1_499' title='bbox 429 2764 522 2799; x_wconf 82' lang='grc' dir='ltr'>σαφῶς</span> <span class='ocrx_word' id='word_1_500' title='bbox 556 2764 584 2790; x_wconf 78' lang='grc' dir='ltr'><strong>δὲ</strong></span> <span class='ocrx_word' id='word_1_501' title='bbox 615 2764 704 2790; x_wconf 83' lang='grc' dir='ltr'>είπεΐν</span> <span class='ocrx_word' id='word_1_502' title='bbox 737 2764 938 2798; x_wconf 81' lang='grc' dir='ltr'>κεφαλαιοῦται</span> 
     </span>
    </p>
   </div>
   <div class='ocr_carea' id='block_1_74' title="bbox 147 2810 938 2847">
    <p class='ocr_par' dir='ltr' id='par_1_74' title="bbox 147 2810 938 2847">
     <span class='ocr_line' id='line_1_74' title="bbox 147 2810 938 2847; baseline -0.001 -8"><span class='ocrx_word' id='word_1_503' title='bbox 147 2811 198 2839; x_wconf 78' lang='grc' dir='ltr'><strong>καὶ</strong></span> <span class='ocrx_word' id='word_1_504' title='bbox 225 2811 317 2847; x_wconf 79' lang='grc' dir='ltr'>ἀφορᾷ</span> <span class='ocrx_word' id='word_1_505' title='bbox 342 2811 382 2842; x_wconf 86' lang='grc' dir='ltr'><strong>είς</strong></span> <span class='ocrx_word' id='word_1_506' title='bbox 405 2810 456 2845; x_wconf 80' lang='grc' dir='ltr'><strong>τὴν</strong></span> <span class='ocrx_word' id='word_1_507' title='bbox 482 2811 543 2838; x_wconf 82' lang='grc' dir='ltr'><strong>κατ’</strong></span> <span class='ocrx_word' id='word_1_508' title='bbox 563 2811 709 2846; x_wconf 77' lang='grc' dir='ltr'>ἄνθρωπον</span> <span class='ocrx_word' id='word_1_509' title='bbox 733 2811 887 2844; x_wconf 85' lang='grc' dir='ltr'>τελείωσιν,</span> <span class='ocrx_word' id='word_1_510' title='bbox 903 2812 938 2847; x_wconf 79' lang='grc' dir='ltr'><strong>ῆν</strong></span> 
     </span>
    </p>
   </div>
   <div class='ocr_carea' id='block_1_75' title="bbox 145 2856 936 2893">
    <p class='ocr_par' dir='ltr' id='par_1_75' title="bbox 145 2856 936 2893">
     <span class='ocr_line' id='line_1_75' title="bbox 145 2856 936 2893; baseline 0.001 -9"><span class='ocrx_word' id='word_1_511' title='bbox 145 2857 335 2893; x_wconf 79' lang='grc' dir='ltr'>εὺπραγοῦσιν</span> <span class='ocrx_word' id='word_1_512' title='bbox 357 2857 382 2883; x_wconf 76' lang='lat' dir='ltr'><strong>oi</strong></span> <span class='ocrx_word' id='word_1_513' title='bbox 395 2856 462 2890; x_wconf 75' lang='grc' dir='ltr'>πρὸς</span> <span class='ocrx_word' id='word_1_514' title='bbox 471 2856 557 2892; x_wconf 81' lang='grc' dir='ltr'>ὀρθὴν</span> <span class='ocrx_word' id='word_1_515' title='bbox 575 2857 707 2892; x_wconf 74' lang='grc' dir='ltr'><strong>ἀλήθειαν</strong></span> <span class='ocrx_word' id='word_1_516' title='bbox 723 2857 770 2884; x_wconf 77' lang='grc' dir='ltr'><strong>καὶ</strong></span> <span class='ocrx_word' id='word_1_517' title='bbox 786 2857 936 2893; x_wconf 82' lang='grc' dir='ltr'>ὀρθότητα,</span> 
     </span>
    </p>
   </div>
   <div class='ocr_carea' id='block_1_76' title="bbox 147 2903 936 2938">
    <p class='ocr_par' dir='ltr' id='par_1_76' title="bbox 147 2903 936 2938">
     <span class='ocr_line' id='line_1_76' title="bbox 147 2903 936 2938; baseline 0 -8"><span class='ocrx_word' id='word_1_518' title='bbox 147 2904 179 2930; x_wconf 82' lang='grc' dir='ltr'>οὺ</span> <span class='ocrx_word' id='word_1_519' title='bbox 195 2903 250 2938; x_wconf 73' lang='grc' dir='ltr'>μὴν</span> <span class='ocrx_word' id='word_1_520' title='bbox 270 2904 310 2934; x_wconf 82' lang='grc' dir='ltr'><strong>εις</strong></span> <span class='ocrx_word' id='word_1_521' title='bbox 333 2903 422 2938; x_wconf 63' lang='grc' dir='ltr'>ιιρίμαῖ</span> <span class='ocrx_word' id='word_1_522' title='bbox 433 2903 450 2938; x_wconf 82' lang='grc' dir='ltr'><strong>ἢ</strong></span> <span class='ocrx_word' id='word_1_523' title='bbox 468 2903 507 2934; x_wconf 79' lang='grc' dir='ltr'><strong>εἷς</strong></span> <span class='ocrx_word' id='word_1_524' title='bbox 518 2903 688 2937; x_wconf 79' lang='grc' dir='ltr'>κατάκριμα,</span> <span class='ocrx_word' id='word_1_525' title='bbox 708 2903 742 2929; x_wconf 83' lang='grc' dir='ltr'><strong>τά</strong></span> <span class='ocrx_word' id='word_1_526' title='bbox 759 2904 819 2930; x_wconf 74' lang='grc' dir='ltr'><strong>θεῖα</strong></span> <span class='ocrx_word' id='word_1_527' title='bbox 835 2904 936 2938; x_wconf 78' lang='grc' dir='ltr'>μιμού-</span> 
     </span>
    </p>
   </div>
   <div class='ocr_carea' id='block_1_77' title="bbox 148 2947 932 2985">
    <p class='ocr_par' dir='ltr' id='par_1_77' title="bbox 148 2947 932 2985">
     <span class='ocr_line' id='line_1_77' title="bbox 148 2947 932 2985; baseline 0.001 -10"><span class='ocrx_word' id='word_1_528' title='bbox 148 2956 244 2984; x_wconf 78' lang='grc' dir='ltr'>μενοι·</span> <span class='ocrx_word' id='word_1_529' title='bbox 262 2949 332 2983; x_wconf 80' lang='grc' dir='ltr'>τάχα</span> <span class='ocrx_word' id='word_1_530' title='bbox 363 2948 390 2975; x_wconf 68' lang='grc' dir='ltr'><strong>δὲ</strong></span> <span class='ocrx_word' id='word_1_531' title='bbox 418 2948 531 2985; x_wconf 78' lang='grc' dir='ltr'>τοιαύτη</span> <span class='ocrx_word' id='word_1_532' title='bbox 557 2957 597 2980; x_wconf 91' lang='grc' dir='ltr'><strong>τις</strong></span> <span class='ocrx_word' id='word_1_533' title='bbox 625 2947 714 2976; x_wconf 78' lang='grc' dir='ltr'>ἔννοια</span> <span class='ocrx_word' id='word_1_534' title='bbox 740 2949 787 2976; x_wconf 70' lang='grc' dir='ltr'>καὶ</span> <span class='ocrx_word' id='word_1_535' title='bbox 812 2949 876 2981; x_wconf 74' lang='grc' dir='ltr'>τοὺς</span> <span class='ocrx_word' id='word_1_536' title='bbox 903 2949 932 2976; x_wconf 80' lang='grc' dir='ltr'><strong>ἐν</strong></span> 
     </span>
    </p>
   </div>
   <div class='ocr_carea' id='block_1_78' title="bbox 980 965 1770 1003">
    <p class='ocr_par' dir='ltr' id='par_1_78' title="bbox 980 965 1770 1003">
     <span class='ocr_line' id='line_1_78' title="bbox 980 965 1770 1003; baseline -0.009 -4"><span class='ocrx_word' id='word_1_537' title='bbox 980 976 1100 1002; x_wconf 80' lang='lat' dir='ltr'><strong>suetum,</strong></span> <span class='ocrx_word' id='word_1_538' title='bbox 1114 973 1141 997; x_wconf 91' lang='lat' dir='ltr'><strong>et</strong></span> <span class='ocrx_word' id='word_1_539' title='bbox 1155 968 1295 999; x_wconf 80' lang='lat' dir='ltr'><strong>sensibile,</strong></span> <span class='ocrx_word' id='word_1_540' title='bbox 1307 968 1378 1003; x_wconf 83' lang='lat' dir='ltr'><strong>quod</strong></span> <span class='ocrx_word' id='word_1_541' title='bbox 1391 972 1480 995; x_wconf 90' lang='lat' dir='ltr'><strong>tamen</strong></span> <span class='ocrx_word' id='word_1_542' title='bbox 1499 971 1540 994; x_wconf 86' lang='lat' dir='ltr'><strong>est</strong></span> <span class='ocrx_word' id='word_1_543' title='bbox 1568 967 1654 1002; x_wconf 76' lang='lat' dir='ltr'><strong>gratia</strong></span> <span class='ocrx_word' id='word_1_544' title='bbox 1684 965 1770 992; x_wconf 84' lang='lat' dir='ltr'><strong>sancti</strong></span> 
     </span>
    </p>
   </div>
   <div class='ocr_carea' id='block_1_79' title="bbox 981 1012 1772 1051">
    <p class='ocr_par' dir='ltr' id='par_1_79' title="bbox 981 1012 1772 1051">
     <span class='ocr_line' id='line_1_79' title="bbox 981 1012 1772 1051; baseline -0.006 -7"><span class='ocrx_word' id='word_1_545' title='bbox 981 1016 1112 1051; x_wconf 85' lang='lat' dir='ltr'><strong>Spiritus,</strong></span> <span class='ocrx_word' id='word_1_546' title='bbox 1130 1020 1160 1043; x_wconf 93' lang='lat' dir='ltr'><strong>ut</strong></span> <span class='ocrx_word' id='word_1_547' title='bbox 1186 1015 1259 1043; x_wconf 88' lang='lat' dir='ltr'><strong>idem</strong></span> <span class='ocrx_word' id='word_1_548' title='bbox 1276 1015 1312 1043; x_wconf 86' lang='lat' dir='ltr'><strong>sit</strong></span> <span class='ocrx_word' id='word_1_549' title='bbox 1327 1014 1420 1042; x_wconf 88' lang='lat' dir='ltr'><strong>lumen</strong></span> <span class='ocrx_word' id='word_1_550' title='bbox 1433 1013 1582 1049; x_wconf 45' lang='lat' dir='ltr'><strong>hicidicere</strong></span> <span class='ocrx_word' id='word_1_551' title='bbox 1598 1012 1772 1047; x_wconf 81' lang='lat' dir='ltr'><strong>Spiritusque</strong></span> 
     </span>
    </p>
   </div>
   <div class='ocr_carea' id='block_1_80' title="bbox 980 1062 1211 1098">
    <p class='ocr_par' dir='ltr' id='par_1_80' title="bbox 980 1062 1211 1098">
     <span class='ocr_line' id='line_1_80' title="bbox 980 1062 1211 1098; baseline 0 -7"><span class='ocrx_word' id='word_1_552' title='bbox 980 1064 1068 1091; x_wconf 79' lang='lat' dir='ltr'><strong>sancti</strong></span> <span class='ocrx_word' id='word_1_553' title='bbox 1082 1062 1211 1098; x_wconf 76' lang='lat' dir='ltr'><strong>gratiam.</strong></span> 
     </span>
    </p>
   </div>
   <div class='ocr_carea' id='block_1_81' title="bbox 1166 1149 1568 1185">
    <p class='ocr_par' dir='ltr' id='par_1_81' title="bbox 1166 1149 1568 1185">
     <span class='ocr_line' id='line_1_81' title="bbox 1166 1149 1568 1185; baseline -0.012 -6"><span class='ocrx_word' id='word_1_554' title='bbox 1166 1150 1324 1185; x_wconf 77' lang='lat' dir='ltr'><strong>Tropurium</strong></span> <span class='ocrx_word' id='word_1_555' title='bbox 1338 1149 1356 1177; x_wconf 80' lang='grc'><strong>5</strong></span> <span class='ocrx_word' id='word_1_556' title='bbox 1376 1149 1434 1176; x_wconf 81' lang='lat' dir='ltr'><strong>odaz</strong></span> <span class='ocrx_word' id='word_1_557' title='bbox 1454 1153 1568 1182; x_wconf 63' lang='lat' dir='ltr'><strong>quat-tat.</strong></span> 
     </span>
    </p>
   </div>
   <div class='ocr_carea' id='block_1_82' title="bbox 1055 1192 1661 1229">
    <p class='ocr_par' dir='ltr' id='par_1_82' title="bbox 1055 1192 1661 1229">
     <span class='ocr_line' id='line_1_82' title="bbox 1055 1192 1661 1229; baseline -0.017 -1"><span class='ocrx_word' id='word_1_558' title='bbox 1055 1199 1170 1228; x_wconf 80' lang='lat' dir='ltr'><strong>Servilis</strong></span> <span class='ocrx_word' id='word_1_559' title='bbox 1183 1205 1280 1225; x_wconf 85' lang='lat' dir='ltr'><strong>omnes</strong></span> <span class='ocrx_word' id='word_1_560' title='bbox 1298 1196 1470 1223; x_wconf 87' lang='lat' dir='ltr'><strong>divinissimo</strong></span> <span class='ocrx_word' id='word_1_561' title='bbox 1484 1192 1661 1229; x_wconf 84' lang='lat' dir='ltr'><strong>priucipatui,</strong></span> 
     </span>
    </p>
   </div>
   <div class='ocr_carea' id='block_1_83' title="bbox 1017 1239 1608 1281">
    <p class='ocr_par' dir='ltr' id='par_1_83' title="bbox 1017 1239 1608 1281">
     <span class='ocr_line' id='line_1_83' title="bbox 1017 1239 1608 1281; baseline -0.015 -6"><span class='ocrx_word' id='word_1_562' title='bbox 1017 1247 1091 1281; x_wconf 84' lang='lat' dir='ltr'><strong>Quot</strong></span> <span class='ocrx_word' id='word_1_563' title='bbox 1106 1245 1178 1274; x_wconf 86' lang='lat' dir='ltr'><strong>servi</strong></span> <span class='ocrx_word' id='word_1_564' title='bbox 1195 1239 1261 1272; x_wconf 81' lang='lat' dir='ltr'><strong>estis</strong></span> <span class='ocrx_word' id='word_1_565' title='bbox 1278 1242 1425 1270; x_wconf 85' lang='lat' dir='ltr'><strong>trilnminis</strong></span> <span class='ocrx_word' id='word_1_566' title='bbox 1440 1240 1608 1269; x_wconf 62' lang='lat' dir='ltr'><strong>substantive.</strong></span> 
     </span>
    </p>
   </div>
   <div class='ocr_carea' id='block_1_84' title="bbox 1020 1286 1702 1328">
    <p class='ocr_par' dir='ltr' id='par_1_84' title="bbox 1020 1286 1702 1328">
     <span class='ocr_line' id='line_1_84' title="bbox 1020 1286 1702 1328; baseline -0.013 -7"><span class='ocrx_word' id='word_1_567' title='bbox 1020 1291 1270 1328; x_wconf 73' lang='lat' dir='ltr'><strong>Supernaturaliter</strong></span> <span class='ocrx_word' id='word_1_568' title='bbox 1282 1289 1354 1317; x_wconf 87' lang='lat' dir='ltr'><strong>enim</strong></span> <span class='ocrx_word' id='word_1_569' title='bbox 1374 1288 1479 1322; x_wconf 81' lang='lat' dir='ltr'><strong>perﬁcit</strong></span> <span class='ocrx_word' id='word_1_570' title='bbox 1495 1293 1523 1317; x_wconf 86' lang='lat' dir='ltr'><strong>ut</strong></span> <span class='ocrx_word' id='word_1_571' title='bbox 1535 1286 1702 1318; x_wconf 76' lang='lat' dir='ltr'><strong>hcnel‘aclor,</strong></span> 
     </span>
    </p>
   </div>
   <div class='ocr_carea' id='block_1_85' title="bbox 1019 1333 1692 1374">
    <p class='ocr_par' dir='ltr' id='par_1_85' title="bbox 1019 1333 1692 1374">
     <span class='ocr_line' id='line_1_85' title="bbox 1019 1333 1692 1374; baseline -0.01 -8"><span class='ocrx_word' id='word_1_572' title='bbox 1019 1339 1053 1367; x_wconf 89' lang='lat' dir='ltr'><strong>Et</strong></span> <span class='ocrx_word' id='word_1_573' title='bbox 1071 1339 1178 1374; x_wconf 73' lang='lat' dir='ltr'><strong>igneam</strong></span> <span class='ocrx_word' id='word_1_574' title='bbox 1193 1336 1307 1363; x_wconf 82' lang='lat' dir='ltr'><strong>formam</strong></span> <span class='ocrx_word' id='word_1_575' title='bbox 1322 1334 1449 1362; x_wconf 90' lang='lat' dir='ltr'><strong>Christus</strong></span> <span class='ocrx_word' id='word_1_576' title='bbox 1460 1334 1507 1361; x_wconf 84' lang='lat' dir='ltr'><strong>dat</strong></span> <span class='ocrx_word' id='word_1_577' title='bbox 1524 1333 1550 1360; x_wconf 94' lang='lat' dir='ltr'><strong>in</strong></span> <span class='ocrx_word' id='word_1_578' title='bbox 1565 1333 1692 1366; x_wconf 77' lang='lat' dir='ltr'><strong>salutem,</strong></span> 
     </span>
    </p>
   </div>
   <div class='ocr_carea' id='block_1_86' title="bbox 1018 1379 1541 1418">
    <p class='ocr_par' dir='ltr' id='par_1_86' title="bbox 1018 1379 1541 1418">
     <span class='ocr_line' id='line_1_86' title="bbox 1018 1379 1541 1418; baseline -0.013 -6"><span class='ocrx_word' id='word_1_579' title='bbox 1018 1384 1113 1412; x_wconf 84' lang='lat' dir='ltr'><strong>Totam</strong></span> <span class='ocrx_word' id='word_1_580' title='bbox 1129 1382 1271 1418; x_wconf 79' lang='lat' dir='ltr'><strong>parrigens</strong></span> <span class='ocrx_word' id='word_1_581' title='bbox 1284 1381 1399 1416; x_wconf 72' lang='lat' dir='ltr'><strong>gratiam</strong></span> <span class='ocrx_word' id='word_1_582' title='bbox 1413 1379 1541 1415; x_wconf 88' lang='lat' dir='ltr'><strong>Spiritus.</strong></span> 
     </span>
    </p>
   </div>
   <div class='ocr_carea' id='block_1_87' title="bbox 1020 1423 1775 1464">
    <p class='ocr_par' dir='ltr' id='par_1_87' title="bbox 1020 1423 1775 1464">
     <span class='ocr_line' id='line_1_87' title="bbox 1020 1423 1775 1464; baseline -0.011 -6"><span class='ocrx_word' id='word_1_583' title='bbox 1020 1429 1082 1458; x_wconf 81' lang='lat'><strong>“8.</strong></span> <span class='ocrx_word' id='word_1_584' title='bbox 1099 1429 1126 1456; x_wconf 95' lang='lat' dir='ltr'><strong>ln</strong></span> <span class='ocrx_word' id='word_1_585' title='bbox 1141 1427 1267 1464; x_wconf 65' lang='lat' dir='ltr'><strong>praesenti</strong></span> <span class='ocrx_word' id='word_1_586' title='bbox 1288 1426 1398 1460; x_wconf 84' lang='lat' dir='ltr'><strong>quidem</strong></span> <span class='ocrx_word' id='word_1_587' title='bbox 1416 1425 1528 1459; x_wconf 87' lang='lat' dir='ltr'><strong>stropha</strong></span> <span class='ocrx_word' id='word_1_588' title='bbox 1543 1429 1620 1459; x_wconf 83' lang='lat' dir='ltr'><strong>poeta</strong></span> <span class='ocrx_word' id='word_1_589' title='bbox 1634 1423 1775 1452; x_wconf 84' lang='lat' dir='ltr'><strong>moraliter</strong></span> 
     </span>
    </p>
   </div>
   <div class='ocr_carea' id='block_1_88' title="bbox 984 1470 1776 1511">
    <p class='ocr_par' dir='ltr' id='par_1_88' title="bbox 984 1470 1776 1511">
     <span class='ocr_line' id='line_1_88' title="bbox 984 1470 1776 1511; baseline -0.01 -7"><span class='ocrx_word' id='word_1_590' title='bbox 984 1485 1017 1504; x_wconf 88' lang='lat' dir='ltr'><strong>ac</strong></span> <span class='ocrx_word' id='word_1_591' title='bbox 1027 1475 1217 1511; x_wconf 85' lang='lat' dir='ltr'><strong>philosophice</strong></span> <span class='ocrx_word' id='word_1_592' title='bbox 1226 1480 1286 1509; x_wconf 65' lang='lat' dir='ltr'><strong>quae</strong></span> <span class='ocrx_word' id='word_1_593' title='bbox 1302 1478 1363 1500; x_wconf 89' lang='lat' dir='ltr'><strong>sunt</strong></span> <span class='ocrx_word' id='word_1_594' title='bbox 1379 1471 1536 1500; x_wconf 68' lang='lat' dir='ltr'><strong>festivitatis</strong></span> <span class='ocrx_word' id='word_1_595' title='bbox 1547 1474 1657 1498; x_wconf 84' lang='lat' dir='ltr'><strong>tractat.</strong></span> <span class='ocrx_word' id='word_1_596' title='bbox 1669 1470 1703 1497; x_wconf 88' lang='lat' dir='ltr'><strong>Et</strong></span> <span class='ocrx_word' id='word_1_597' title='bbox 1714 1470 1776 1504; x_wconf 91' lang='lat' dir='ltr'><strong>qui-</strong></span> 
     </span>
    </p>
   </div>
   <div class='ocr_carea' id='block_1_89' title="bbox 984 1517 1774 1552">
    <p class='ocr_par' dir='ltr' id='par_1_89' title="bbox 984 1517 1774 1552">
     <span class='ocr_line' id='line_1_89' title="bbox 984 1517 1774 1552; baseline -0.011 -1"><span class='ocrx_word' id='word_1_598' title='bbox 984 1524 1045 1551; x_wconf 85' lang='lat' dir='ltr'><strong>dem</strong></span> <span class='ocrx_word' id='word_1_599' title='bbox 1061 1521 1171 1550; x_wconf 86' lang='lat' dir='ltr'><strong>moralis</strong></span> <span class='ocrx_word' id='word_1_600' title='bbox 1186 1520 1330 1549; x_wconf 84' lang='lat' dir='ltr'><strong>instructio</strong></span> <span class='ocrx_word' id='word_1_601' title='bbox 1353 1519 1419 1547; x_wconf 87' lang='lat' dir='ltr'><strong>dicit</strong></span> <span class='ocrx_word' id='word_1_602' title='bbox 1438 1517 1621 1552; x_wconf 86' lang='lat' dir='ltr'><strong>:Quicunquc</strong></span> <span class='ocrx_word' id='word_1_603' title='bbox 1643 1517 1774 1544; x_wconf 83' lang='lat' dir='ltr'><strong>substan-</strong></span> 
     </span>
    </p>
   </div>
   <div class='ocr_carea' id='block_1_90' title="bbox 985 1564 1774 1598">
    <p class='ocr_par' dir='ltr' id='par_1_90' title="bbox 985 1564 1774 1598">
     <span class='ocr_line' id='line_1_90' title="bbox 985 1564 1774 1598; baseline -0.01 -1"><span class='ocrx_word' id='word_1_604' title='bbox 985 1571 1030 1598; x_wconf 67' lang='lat' dir='ltr'><strong>tiae</strong></span> <span class='ocrx_word' id='word_1_605' title='bbox 1044 1575 1084 1597; x_wconf 90' lang='lat' dir='ltr'><strong>ter</strong></span> <span class='ocrx_word' id='word_1_606' title='bbox 1099 1568 1213 1596; x_wconf 85' lang='lat' dir='ltr'><strong>lucentis</strong></span> <span class='ocrx_word' id='word_1_607' title='bbox 1231 1567 1297 1594; x_wconf 85' lang='lat' dir='ltr'><strong>estis</strong></span> <span class='ocrx_word' id='word_1_608' title='bbox 1313 1566 1480 1594; x_wconf 81' lang='lat' dir='ltr'><strong>adoratores.</strong></span> <span class='ocrx_word' id='word_1_609' title='bbox 1498 1564 1655 1597; x_wconf 87' lang='lat' dir='ltr'><strong>initiamini,</strong></span> <span class='ocrx_word' id='word_1_610' title='bbox 1671 1564 1698 1589; x_wconf 90' lang='lat' dir='ltr'><strong>id</strong></span> <span class='ocrx_word' id='word_1_611' title='bbox 1721 1566 1774 1596; x_wconf 85' lang='lat' dir='ltr'><strong>est,</strong></span> 
     </span>
    </p>
   </div>
   <div class='ocr_carea' id='block_1_91' title="bbox 986 1609 1776 1651">
    <p class='ocr_par' dir='ltr' id='par_1_91' title="bbox 986 1609 1776 1651">
     <span class='ocr_line' id='line_1_91' title="bbox 986 1609 1776 1651; baseline -0.011 -7"><span class='ocrx_word' id='word_1_612' title='bbox 986 1620 1080 1651; x_wconf 68' lang='lat' dir='ltr'><strong>mystae</strong></span> <span class='ocrx_word' id='word_1_613' title='bbox 1102 1615 1164 1643; x_wconf 85' lang='lat' dir='ltr'><strong>sitis</strong></span> <span class='ocrx_word' id='word_1_614' title='bbox 1183 1613 1313 1649; x_wconf 85' lang='lat' dir='ltr'><strong>mysteria</strong></span> <span class='ocrx_word' id='word_1_615' title='bbox 1329 1612 1511 1642; x_wconf 82' lang='lat' dir='ltr'><strong>celebrantes.</strong></span> <span class='ocrx_word' id='word_1_616' title='bbox 1529 1616 1556 1638; x_wconf 88' lang='lat' dir='ltr'><strong>et</strong></span> <span class='ocrx_word' id='word_1_617' title='bbox 1570 1611 1606 1637; x_wconf 87' lang='lat' dir='ltr'><strong>ita</strong></span> <span class='ocrx_word' id='word_1_618' title='bbox 1627 1609 1672 1637; x_wconf 82' lang='lat' dir='ltr'><strong>tali</strong></span> <span class='ocrx_word' id='word_1_619' title='bbox 1687 1609 1776 1636; x_wconf 86' lang='lat' dir='ltr'><strong>omni-</strong></span> 
     </span>
    </p>
   </div>
   <div class='ocr_carea' id='block_1_92' title="bbox 984 1656 1775 1697">
    <p class='ocr_par' dir='ltr' id='par_1_92' title="bbox 984 1656 1775 1697">
     <span class='ocr_line' id='line_1_92' title="bbox 984 1656 1775 1697; baseline -0.01 -8"><span class='ocrx_word' id='word_1_620' title='bbox 984 1661 1088 1697; x_wconf 82' lang='lat' dir='ltr'><strong>potenti</strong></span> <span class='ocrx_word' id='word_1_621' title='bbox 1098 1660 1256 1688; x_wconf 69' lang='lat' dir='ltr'><strong>substantia:</strong></span> <span class='ocrx_word' id='word_1_622' title='bbox 1268 1657 1483 1687; x_wconf 85' lang='lat' dir='ltr'><strong>consecramini.</strong></span> <span class='ocrx_word' id='word_1_623' title='bbox 1497 1656 1692 1690; x_wconf 82' lang='lat' dir='ltr'><strong>Philosopltica</strong></span> <span class='ocrx_word' id='word_1_624' title='bbox 1710 1662 1775 1683; x_wconf 84' lang='lat' dir='ltr'><strong>vero</strong></span> 
     </span>
    </p>
   </div>
   <div class='ocr_carea' id='block_1_93' title="bbox 984 1702 1774 1742">
    <p class='ocr_par' dir='ltr' id='par_1_93' title="bbox 984 1702 1774 1742">
     <span class='ocr_line' id='line_1_93' title="bbox 984 1702 1774 1742; baseline -0.01 -6"><span class='ocrx_word' id='word_1_625' title='bbox 984 1708 1089 1736; x_wconf 80' lang='lat' dir='ltr'><strong>tlteoria</strong></span> <span class='ocrx_word' id='word_1_626' title='bbox 1105 1707 1216 1742; x_wconf 89' lang='lat' dir='ltr'><strong>plenam</strong></span> <span class='ocrx_word' id='word_1_627' title='bbox 1237 1706 1302 1733; x_wconf 81' lang='lat' dir='ltr'><strong>facit</strong></span> <span class='ocrx_word' id='word_1_628' title='bbox 1323 1705 1403 1732; x_wconf 76' lang='lat' dir='ltr'><strong>(idem</strong></span> <span class='ocrx_word' id='word_1_629' title='bbox 1421 1705 1495 1740; x_wconf 91' lang='lat' dir='ltr'><strong>quod</strong></span> <span class='ocrx_word' id='word_1_630' title='bbox 1533 1703 1595 1731; x_wconf 90' lang='lat' dir='ltr'><strong>talis</strong></span> <span class='ocrx_word' id='word_1_631' title='bbox 1619 1702 1774 1730; x_wconf 88' lang='lat' dir='ltr'><strong>substantia</strong></span> 
     </span>
    </p>
   </div>
   <div class='ocr_carea' id='block_1_94' title="bbox 985 1748 1776 1789">
    <p class='ocr_par' dir='ltr' id='par_1_94' title="bbox 985 1748 1776 1789">
     <span class='ocr_line' id='line_1_94' title="bbox 985 1748 1776 1789; baseline -0.009 -8"><span class='ocrx_word' id='word_1_632' title='bbox 985 1762 1033 1789; x_wconf 85' lang='lat' dir='ltr'><strong>per</strong></span> <span class='ocrx_word' id='word_1_633' title='bbox 1047 1753 1199 1785; x_wconf 80' lang='lat' dir='ltr'><strong>Christum,</strong></span> <span class='ocrx_word' id='word_1_634' title='bbox 1224 1753 1269 1787; x_wconf 87' lang='lat' dir='ltr'><strong>qui</strong></span> <span class='ocrx_word' id='word_1_635' title='bbox 1301 1759 1366 1779; x_wconf 81' lang='lat' dir='ltr'><strong>vere</strong></span> <span class='ocrx_word' id='word_1_636' title='bbox 1393 1750 1533 1778; x_wconf 77' lang='lat' dir='ltr'><strong>beneﬁcus</strong></span> <span class='ocrx_word' id='word_1_637' title='bbox 1562 1753 1614 1782; x_wconf 86' lang='lat' dir='ltr'><strong>est,</strong></span> <span class='ocrx_word' id='word_1_638' title='bbox 1647 1748 1776 1782; x_wconf 86' lang='lat' dir='ltr'><strong>superius</strong></span> 
     </span>
    </p>
   </div>
   <div class='ocr_carea' id='block_1_95' title="bbox 984 1794 1777 1836">
    <p class='ocr_par' dir='ltr' id='par_1_95' title="bbox 984 1794 1777 1836">
     <span class='ocr_line' id='line_1_95' title="bbox 984 1794 1777 1836; baseline -0.009 -8"><span class='ocrx_word' id='word_1_639' title='bbox 984 1799 1139 1836; x_wconf 84' lang='lat' dir='ltr'><strong>perlicit,id</strong></span> <span class='ocrx_word' id='word_1_640' title='bbox 1154 1803 1206 1830; x_wconf 83' lang='lat' dir='ltr'><strong>est.</strong></span> <span class='ocrx_word' id='word_1_641' title='bbox 1221 1797 1312 1826; x_wconf 87' lang='lat' dir='ltr'><strong>initiat</strong></span> <span class='ocrx_word' id='word_1_642' title='bbox 1332 1801 1360 1825; x_wconf 90' lang='lat' dir='ltr'><strong>et</strong></span> <span class='ocrx_word' id='word_1_643' title='bbox 1383 1796 1471 1824; x_wconf 83' lang='lat' dir='ltr'><strong>sacris</strong></span> <span class='ocrx_word' id='word_1_644' title='bbox 1497 1799 1650 1828; x_wconf 83' lang='lat' dir='ltr'><strong>consecrat,</strong></span> <span class='ocrx_word' id='word_1_645' title='bbox 1675 1794 1777 1821; x_wconf 85' lang='lat' dir='ltr'><strong>docens</strong></span> 
     </span>
    </p>
   </div>
   <div class='ocr_carea' id='block_1_96' title="bbox 984 1839 1775 1880">
    <p class='ocr_par' dir='ltr' id='par_1_96' title="bbox 984 1839 1775 1880">
     <span class='ocr_line' id='line_1_96' title="bbox 984 1839 1775 1880; baseline -0.01 -5"><span class='ocrx_word' id='word_1_646' title='bbox 984 1851 1011 1874; x_wconf 90' lang='lat' dir='ltr'><strong>et</strong></span> <span class='ocrx_word' id='word_1_647' title='bbox 1022 1846 1163 1878; x_wconf 84' lang='lat' dir='ltr'><strong>erudiens,</strong></span> <span class='ocrx_word' id='word_1_648' title='bbox 1177 1850 1204 1873; x_wconf 89' lang='lat' dir='ltr'><strong>et</strong></span> <span class='ocrx_word' id='word_1_649' title='bbox 1216 1844 1287 1880; x_wconf 77' lang='lat' dir='ltr'><strong>ignis</strong></span> <span class='ocrx_word' id='word_1_650' title='bbox 1314 1843 1433 1871; x_wconf 79' lang='lat' dir='ltr'><strong>formam</strong></span> <span class='ocrx_word' id='word_1_651' title='bbox 1469 1841 1584 1877; x_wconf 73' lang='lat' dir='ltr'><strong>ingerit,</strong></span> <span class='ocrx_word' id='word_1_652' title='bbox 1616 1848 1673 1868; x_wconf 91' lang='lat' dir='ltr'><strong>non</strong></span> <span class='ocrx_word' id='word_1_653' title='bbox 1696 1839 1775 1875; x_wconf 83' lang='lat' dir='ltr'><strong>juxta</strong></span> 
     </span>
    </p>
   </div>
   <div class='ocr_carea' id='block_1_97' title="bbox 984 1886 1776 1927">
    <p class='ocr_par' dir='ltr' id='par_1_97' title="bbox 984 1886 1776 1927">
     <span class='ocr_line' id='line_1_97' title="bbox 984 1886 1776 1927; baseline -0.011 -6"><span class='ocrx_word' id='word_1_654' title='bbox 984 1893 1114 1921; x_wconf 84' lang='lat' dir='ltr'><strong>ruborem</strong></span> <span class='ocrx_word' id='word_1_655' title='bbox 1130 1891 1243 1927; x_wconf 88' lang='lat' dir='ltr'><strong>pudoris</strong></span> <span class='ocrx_word' id='word_1_656' title='bbox 1262 1890 1305 1918; x_wconf 85' lang='lat' dir='ltr'><strong>vel</strong></span> <span class='ocrx_word' id='word_1_657' title='bbox 1321 1887 1546 1926; x_wconf 83' lang='lat' dir='ltr'><strong>pulchritudinis.</strong></span> <span class='ocrx_word' id='word_1_658' title='bbox 1563 1887 1611 1915; x_wconf 84' lang='lat' dir='ltr'><strong>sed</strong></span> <span class='ocrx_word' id='word_1_659' title='bbox 1643 1886 1677 1914; x_wconf 90' lang='lat' dir='ltr'><strong>ad</strong></span> <span class='ocrx_word' id='word_1_660' title='bbox 1702 1886 1776 1913; x_wconf 86' lang='lat' dir='ltr'><strong>salu-</strong></span> 
     </span>
    </p>
   </div>
   <div class='ocr_carea' id='block_1_98' title="bbox 986 1932 1773 1973">
    <p class='ocr_par' dir='ltr' id='par_1_98' title="bbox 986 1932 1773 1973">
     <span class='ocr_line' id='line_1_98' title="bbox 986 1932 1773 1973; baseline -0.011 -6"><span class='ocrx_word' id='word_1_661' title='bbox 986 1943 1050 1972; x_wconf 90' lang='lat' dir='ltr'><strong>tem,</strong></span> <span class='ocrx_word' id='word_1_662' title='bbox 1067 1938 1126 1967; x_wconf 86' lang='lat' dir='ltr'><strong>suis</strong></span> <span class='ocrx_word' id='word_1_663' title='bbox 1139 1937 1238 1973; x_wconf 81' lang='lat' dir='ltr'><strong>mystis</strong></span> <span class='ocrx_word' id='word_1_664' title='bbox 1250 1943 1359 1964; x_wconf 88' lang='lat' dir='ltr'><strong>omnem</strong></span> <span class='ocrx_word' id='word_1_665' title='bbox 1374 1935 1492 1970; x_wconf 80' lang='lat' dir='ltr'><strong>Spiritus</strong></span> <span class='ocrx_word' id='word_1_666' title='bbox 1504 1933 1619 1970; x_wconf 72' lang='lat' dir='ltr'><strong>gratiam</strong></span> <span class='ocrx_word' id='word_1_667' title='bbox 1635 1932 1773 1968; x_wconf 62' lang='lat' dir='ltr'><strong>praebens.</strong></span> 
     </span>
    </p>
   </div>
   <div class='ocr_carea' id='block_1_99' title="bbox 984 1979 1774 2018">
    <p class='ocr_par' dir='ltr' id='par_1_99' title="bbox 984 1979 1774 2018">
     <span class='ocr_line' id='line_1_99' title="bbox 984 1979 1774 2018; baseline -0.01 -5"><span class='ocrx_word' id='word_1_668' title='bbox 984 1985 1044 2014; x_wconf 77' lang='lat' dir='ltr'><strong>Non</strong></span> <span class='ocrx_word' id='word_1_669' title='bbox 1056 1990 1099 2013; x_wconf 89' lang='lat' dir='ltr'><strong>est</strong></span> <span class='ocrx_word' id='word_1_670' title='bbox 1113 1984 1186 2012; x_wconf 89' lang='lat' dir='ltr'><strong>enim</strong></span> <span class='ocrx_word' id='word_1_671' title='bbox 1201 1983 1380 2018; x_wconf 79' lang='lat' dir='ltr'><strong>imperfectus</strong></span> <span class='ocrx_word' id='word_1_672' title='bbox 1406 1981 1490 2012; x_wconf 84' lang='lat' dir='ltr'><strong>Deus,</strong></span> <span class='ocrx_word' id='word_1_673' title='bbox 1524 1980 1597 2008; x_wconf 86' lang='lat' dir='ltr'><strong>sicut</strong></span> <span class='ocrx_word' id='word_1_674' title='bbox 1623 1987 1674 2007; x_wconf 81' lang='lat' dir='ltr'><strong>nec</strong></span> <span class='ocrx_word' id='word_1_675' title='bbox 1700 1979 1774 2005; x_wconf 89' lang='lat' dir='ltr'><strong>circa</strong></span> 
     </span>
    </p>
   </div>
   <div class='ocr_carea' id='block_1_100' title="bbox 985 2023 1774 2066">
    <p class='ocr_par' dir='ltr' id='par_1_100' title="bbox 985 2023 1774 2066">
     <span class='ocr_line' id='line_1_100' title="bbox 985 2023 1774 2066; baseline -0.011 -8"><span class='ocrx_word' id='word_1_676' title='bbox 985 2029 1214 2066; x_wconf 83' lang='lat' dir='ltr'><strong>perfectissimam</strong></span> <span class='ocrx_word' id='word_1_677' title='bbox 1230 2028 1291 2063; x_wconf 81' lang='lat' dir='ltr'><strong>ejus</strong></span> <span class='ocrx_word' id='word_1_678' title='bbox 1307 2032 1445 2060; x_wconf 86' lang='lat' dir='ltr'><strong>naturam,</strong></span> <span class='ocrx_word' id='word_1_679' title='bbox 1459 2025 1501 2053; x_wconf 89' lang='lat' dir='ltr'><strong>vel</strong></span> <span class='ocrx_word' id='word_1_680' title='bbox 1512 2025 1585 2052; x_wconf 82' lang='lat' dir='ltr'><strong>aliud</strong></span> <span class='ocrx_word' id='word_1_681' title='bbox 1597 2023 1662 2060; x_wconf 92' lang='lat' dir='ltr'><strong>quid</strong></span> <span class='ocrx_word' id='word_1_682' title='bbox 1679 2031 1774 2053; x_wconf 86' lang='lat' dir='ltr'><strong>eorum</strong></span> 
     </span>
    </p>
   </div>
   <div class='ocr_carea' id='block_1_101' title="bbox 985 2069 1776 2111">
    <p class='ocr_par' dir='ltr' id='par_1_101' title="bbox 985 2069 1776 2111">
     <span class='ocr_line' id='line_1_101' title="bbox 985 2069 1776 2111; baseline -0.01 -7"><span class='ocrx_word' id='word_1_683' title='bbox 985 2077 1018 2105; x_wconf 86' lang='lat' dir='ltr'><strong>ad</strong></span> <span class='ocrx_word' id='word_1_684' title='bbox 1031 2077 1121 2111; x_wconf 84' lang='lat' dir='ltr'><strong>ipsum</strong></span> <span class='ocrx_word' id='word_1_685' title='bbox 1137 2074 1359 2110; x_wconf 84' lang='lat' dir='ltr'><strong>respicientium,</strong></span> <span class='ocrx_word' id='word_1_686' title='bbox 1377 2072 1419 2100; x_wconf 88' lang='lat' dir='ltr'><strong>sic</strong></span> <span class='ocrx_word' id='word_1_687' title='bbox 1430 2079 1519 2107; x_wconf 90' lang='lat' dir='ltr'><strong>neque</strong></span> <span class='ocrx_word' id='word_1_688' title='bbox 1535 2071 1608 2099; x_wconf 91' lang='lat' dir='ltr'><strong>circa</strong></span> <span class='ocrx_word' id='word_1_689' title='bbox 1623 2069 1776 2098; x_wconf 78' lang='lat' dir='ltr'><strong>beneﬁcen-</strong></span> 
     </span>
    </p>
   </div>
   <div class='ocr_carea' id='block_1_102' title="bbox 985 2112 1775 2156">
    <p class='ocr_par' dir='ltr' id='par_1_102' title="bbox 985 2112 1775 2156">
     <span class='ocr_line' id='line_1_102' title="bbox 985 2112 1775 2156; baseline -0.011 -6"><span class='ocrx_word' id='word_1_690' title='bbox 985 2123 1052 2150; x_wconf 88' lang='lat' dir='ltr'><strong>tiam</strong></span> <span class='ocrx_word' id='word_1_691' title='bbox 1071 2126 1098 2149; x_wconf 90' lang='lat' dir='ltr'><strong>et</strong></span> <span class='ocrx_word' id='word_1_692' title='bbox 1115 2121 1233 2156; x_wconf 74' lang='lat' dir='ltr'><strong>gratiam</strong></span> <span class='ocrx_word' id='word_1_693' title='bbox 1257 2127 1318 2155; x_wconf 67' lang='lat' dir='ltr'><strong>quae</strong></span> <span class='ocrx_word' id='word_1_694' title='bbox 1334 2126 1368 2146; x_wconf 77' lang='lat' dir='ltr'><strong>ex</strong></span> <span class='ocrx_word' id='word_1_695' title='bbox 1398 2112 1466 2153; x_wconf 83' lang='lat' dir='ltr'><strong>ipso</strong></span> <span class='ocrx_word' id='word_1_696' title='bbox 1479 2120 1507 2145; x_wconf 84' lang='lat' dir='ltr'><strong>et</strong></span> <span class='ocrx_word' id='word_1_697' title='bbox 1531 2124 1581 2152; x_wconf 89' lang='lat' dir='ltr'><strong>per</strong></span> <span class='ocrx_word' id='word_1_698' title='bbox 1606 2116 1695 2151; x_wconf 86' lang='lat' dir='ltr'><strong>ipsum</strong></span> <span class='ocrx_word' id='word_1_699' title='bbox 1722 2119 1775 2142; x_wconf 88' lang='lat' dir='ltr'><strong>est.</strong></span> 
     </span>
    </p>
   </div>
   <div class='ocr_carea' id='block_1_103' title="bbox 986 2161 1780 2200">
    <p class='ocr_par' dir='ltr' id='par_1_103' title="bbox 986 2161 1780 2200">
     <span class='ocr_line' id='line_1_103' title="bbox 986 2161 1780 2200; baseline -0.01 -4"><span class='ocrx_word' id='word_1_700' title='bbox 986 2168 1043 2196; x_wconf 85' lang='lat' dir='ltr'><strong>Etsi</strong></span> <span class='ocrx_word' id='word_1_701' title='bbox 1055 2167 1127 2196; x_wconf 86' lang='lat' dir='ltr'><strong>enim</strong></span> <span class='ocrx_word' id='word_1_702' title='bbox 1140 2166 1221 2194; x_wconf 86' lang='lat' dir='ltr'><strong>valde</strong></span> <span class='ocrx_word' id='word_1_703' title='bbox 1238 2172 1321 2200; x_wconf 84' lang='lat' dir='ltr'><strong>parva</strong></span> <span class='ocrx_word' id='word_1_704' title='bbox 1336 2164 1490 2197; x_wconf 84' lang='lat' dir='ltr'><strong>suscipiens</strong></span> <span class='ocrx_word' id='word_1_705' title='bbox 1518 2162 1701 2197; x_wconf 85' lang='lat' dir='ltr'><strong>concipiatur,</strong></span> <span class='ocrx_word' id='word_1_706' title='bbox 1728 2161 1780 2196; x_wconf 79' lang='lat' dir='ltr'><strong>qni‘</strong></span> 
     </span>
    </p>
   </div>
   <div class='ocr_carea' id='block_1_104' title="bbox 985 2209 1777 2244">
    <p class='ocr_par' dir='ltr' id='par_1_104' title="bbox 985 2209 1777 2244">
     <span class='ocr_line' id='line_1_104' title="bbox 985 2209 1777 2244; baseline -0.009 -2"><span class='ocrx_word' id='word_1_707' title='bbox 985 2214 1056 2243; x_wconf 81' lang='lat' dir='ltr'><strong>facta</strong></span> <span class='ocrx_word' id='word_1_708' title='bbox 1091 2212 1243 2242; x_wconf 82' lang='lat' dir='ltr'><strong>secundum</strong></span> <span class='ocrx_word' id='word_1_709' title='bbox 1273 2211 1464 2239; x_wconf 87' lang='lat' dir='ltr'><strong>rectitudinem</strong></span> <span class='ocrx_word' id='word_1_710' title='bbox 1495 2210 1653 2237; x_wconf 90' lang='lat' dir='ltr'><strong>adoratione</strong></span> <span class='ocrx_word' id='word_1_711' title='bbox 1677 2209 1777 2244; x_wconf 75' lang='lat' dir='ltr'><strong>gaudet</strong></span> 
     </span>
    </p>
   </div>
   <div class='ocr_carea' id='block_1_105' title="bbox 987 2252 1782 2293">
    <p class='ocr_par' dir='ltr' id='par_1_105' title="bbox 987 2252 1782 2293">
     <span class='ocr_line' id='line_1_105' title="bbox 987 2252 1782 2293; baseline -0.008 -5"><span class='ocrx_word' id='word_1_712' title='bbox 987 2267 1094 2289; x_wconf 85' lang='lat' dir='ltr'><strong>necnon</strong></span> <span class='ocrx_word' id='word_1_713' title='bbox 1114 2259 1246 2287; x_wconf 87' lang='lat' dir='ltr'><strong>benevola</strong></span> <span class='ocrx_word' id='word_1_714' title='bbox 1263 2258 1353 2290; x_wconf 87' lang='lat' dir='ltr'><strong>laude.</strong></span> <span class='ocrx_word' id='word_1_715' title='bbox 1363 2258 1442 2293; x_wconf 86' lang='lat' dir='ltr'><strong>quasi</strong></span> <span class='ocrx_word' id='word_1_716' title='bbox 1457 2263 1550 2285; x_wconf 87' lang='lat' dir='ltr'><strong>revera</strong></span> <span class='ocrx_word' id='word_1_717' title='bbox 1562 2256 1701 2286; x_wconf 83' lang='lat' dir='ltr'><strong>laudatus.</strong></span> <span class='ocrx_word' id='word_1_718' title='bbox 1718 2252 1782 2289; x_wconf 74' lang='lat' dir='ltr'><strong>ipse</strong></span> 
     </span>
    </p>
   </div>
   <div class='ocr_carea' id='block_1_106' title="bbox 988 2303 1777 2341">
    <p class='ocr_par' dir='ltr' id='par_1_106' title="bbox 988 2303 1777 2341">
     <span class='ocr_line' id='line_1_106' title="bbox 988 2303 1777 2341; baseline -0.009 -6"><span class='ocrx_word' id='word_1_719' title='bbox 988 2311 1078 2335; x_wconf 88' lang='lat' dir='ltr'><strong>tamen</strong></span> <span class='ocrx_word' id='word_1_720' title='bbox 1096 2306 1124 2334; x_wconf 90' lang='lat' dir='ltr'><strong>in</strong></span> <span class='ocrx_word' id='word_1_721' title='bbox 1139 2305 1219 2334; x_wconf 90' lang='lat' dir='ltr'><strong>donis</strong></span> <span class='ocrx_word' id='word_1_722' title='bbox 1236 2304 1399 2341; x_wconf 74' lang='lat' dir='ltr'><strong>magniﬁcus</strong></span> <span class='ocrx_word' id='word_1_723' title='bbox 1423 2308 1478 2336; x_wconf 84' lang='lat' dir='ltr'><strong>est,</strong></span> <span class='ocrx_word' id='word_1_724' title='bbox 1494 2307 1589 2338; x_wconf 85' lang='lat' dir='ltr'><strong>utpote</strong></span> <span class='ocrx_word' id='word_1_725' title='bbox 1606 2303 1652 2338; x_wconf 90' lang='lat' dir='ltr'><strong>qui</strong></span> <span class='ocrx_word' id='word_1_726' title='bbox 1670 2307 1777 2330; x_wconf 70' lang='lat' dir='ltr'><strong>cunctm</strong></span> 
     </span>
    </p>
   </div>
   <div class='ocr_carea' id='block_1_107' title="bbox 987 2348 1775 2385">
    <p class='ocr_par' dir='ltr' id='par_1_107' title="bbox 987 2348 1775 2385">
     <span class='ocr_line' id='line_1_107' title="bbox 987 2348 1775 2385; baseline -0.008 -5"><span class='ocrx_word' id='word_1_727' title='bbox 987 2352 1159 2380; x_wconf 86' lang='lat' dir='ltr'><strong>liberalitatis</strong></span> <span class='ocrx_word' id='word_1_728' title='bbox 1176 2355 1203 2378; x_wconf 89' lang='lat' dir='ltr'><strong>et</strong></span> <span class='ocrx_word' id='word_1_729' title='bbox 1218 2349 1413 2385; x_wconf 77' lang='lat' dir='ltr'><strong>magnitudinis</strong></span> <span class='ocrx_word' id='word_1_730' title='bbox 1425 2353 1469 2377; x_wconf 86' lang='lat' dir='ltr'><strong>est</strong></span> <span class='ocrx_word' id='word_1_731' title='bbox 1489 2349 1616 2377; x_wconf 87' lang='lat' dir='ltr'><strong>dominus</strong></span> <span class='ocrx_word' id='word_1_732' title='bbox 1632 2353 1658 2376; x_wconf 87' lang='lat' dir='ltr'><strong>et</strong></span> <span class='ocrx_word' id='word_1_733' title='bbox 1682 2348 1775 2379; x_wconf 89' lang='lat' dir='ltr'><strong>dator,</strong></span> 
     </span>
    </p>
   </div>
   <div class='ocr_carea' id='block_1_108' title="bbox 988 2395 1777 2434">
    <p class='ocr_par' dir='ltr' id='par_1_108' title="bbox 988 2395 1777 2434">
     <span class='ocr_line' id='line_1_108' title="bbox 988 2395 1777 2434; baseline -0.004 -8"><span class='ocrx_word' id='word_1_734' title='bbox 988 2399 1090 2434; x_wconf 88' lang='lat' dir='ltr'><strong>quique</strong></span> <span class='ocrx_word' id='word_1_735' title='bbox 1106 2398 1277 2426; x_wconf 83' lang='lat' dir='ltr'><strong>innocentem</strong></span> <span class='ocrx_word' id='word_1_736' title='bbox 1310 2396 1449 2424; x_wconf 91' lang='lat' dir='ltr'><strong>hominem</strong></span> <span class='ocrx_word' id='word_1_737' title='bbox 1474 2400 1560 2423; x_wconf 90' lang='lat' dir='ltr'><strong>totum</strong></span> <span class='ocrx_word' id='word_1_738' title='bbox 1593 2396 1714 2430; x_wconf 88' lang='lat' dir='ltr'><strong>seipsum</strong></span> <span class='ocrx_word' id='word_1_739' title='bbox 1739 2395 1777 2423; x_wconf 91' lang='lat' dir='ltr'><strong>illi</strong></span> 
     </span>
    </p>
   </div>
   <div class='ocr_carea' id='block_1_109' title="bbox 987 2441 1600 2472">
    <p class='ocr_par' dir='ltr' id='par_1_109' title="bbox 987 2441 1600 2472">
     <span class='ocr_line' id='line_1_109' title="bbox 987 2441 1600 2472; baseline -0.003 -1"><span class='ocrx_word' id='word_1_740' title='bbox 987 2443 1046 2471; x_wconf 87' lang='lat' dir='ltr'><strong>vice</strong></span> <span class='ocrx_word' id='word_1_741' title='bbox 1056 2450 1104 2471; x_wconf 86' lang='lat' dir='ltr'><strong>sua</strong></span> <span class='ocrx_word' id='word_1_742' title='bbox 1122 2443 1204 2470; x_wconf 79' lang='lat' dir='ltr'><strong>tradit</strong></span> <span class='ocrx_word' id='word_1_743' title='bbox 1219 2442 1284 2470; x_wconf 92' lang='lat' dir='ltr'><strong>dum</strong></span> <span class='ocrx_word' id='word_1_744' title='bbox 1299 2442 1342 2470; x_wconf 91' lang='lat' dir='ltr'><strong>ille</strong></span> <span class='ocrx_word' id='word_1_745' title='bbox 1359 2442 1458 2472; x_wconf 72' lang='lat' dir='ltr'><strong>dignus</strong></span> <span class='ocrx_word' id='word_1_746' title='bbox 1476 2442 1527 2469; x_wconf 92' lang='lat' dir='ltr'><strong>hoc</strong></span> <span class='ocrx_word' id='word_1_747' title='bbox 1544 2441 1600 2470; x_wconf 86' lang='lat' dir='ltr'><strong>liat.</strong></span> 
     </span>
    </p>
   </div>
   <div class='ocr_carea' id='block_1_110' title="bbox 1025 2487 1778 2521">
    <p class='ocr_par' dir='ltr' id='par_1_110' title="bbox 1025 2487 1778 2521">
     <span class='ocr_line' id='line_1_110' title="bbox 1025 2487 1778 2521; baseline -0.003 -4"><span class='ocrx_word' id='word_1_748' title='bbox 1025 2489 1088 2517; x_wconf 82' lang='lat' dir='ltr'><strong>H9.</strong></span> <span class='ocrx_word' id='word_1_749' title='bbox 1103 2488 1250 2516; x_wconf 82' lang='lat' dir='ltr'><strong>Sciendum</strong></span> <span class='ocrx_word' id='word_1_750' title='bbox 1267 2493 1308 2515; x_wconf 87' lang='lat' dir='ltr'><strong>est</strong></span> <span class='ocrx_word' id='word_1_751' title='bbox 1323 2493 1417 2516; x_wconf 88' lang='lat' dir='ltr'><strong>autem</strong></span> <span class='ocrx_word' id='word_1_752' title='bbox 1447 2487 1598 2521; x_wconf 80' lang='lat' dir='ltr'><strong>imperativi</strong></span> <span class='ocrx_word' id='word_1_753' title='bbox 1615 2487 1689 2514; x_wconf 92' lang='lat' dir='ltr'><strong>modi</strong></span> <span class='ocrx_word' id='word_1_754' title='bbox 1716 2494 1778 2515; x_wconf 81' lang='lat' dir='ltr'><strong>esse</strong></span> 
     </span>
    </p>
   </div>
   <div class='ocr_carea' id='block_1_111' title="bbox 987 2533 1779 2568">
    <p class='ocr_par' dir='ltr' id='par_1_111' title="bbox 987 2533 1779 2568">
     <span class='ocr_line' id='line_1_111' title="bbox 987 2533 1779 2568; baseline -0.003 -6"><span class='ocrx_word' id='word_1_755' title='bbox 987 2542 1083 2562; x_wconf 89' lang='lat' dir='ltr'><strong>vocem</strong></span> <span class='ocrx_word' id='word_1_756' title='bbox 1103 2533 1245 2566; x_wconf 75' lang='grc' dir='ltr'>τελεῖσθε;</span> <span class='ocrx_word' id='word_1_757' title='bbox 1276 2533 1447 2568; x_wconf 88' lang='lat' dir='ltr'><strong>mysticeque</strong></span> <span class='ocrx_word' id='word_1_758' title='bbox 1473 2538 1597 2560; x_wconf 83' lang='lat' dir='ltr'><strong>sanctam</strong></span> <span class='ocrx_word' id='word_1_759' title='bbox 1618 2541 1680 2561; x_wconf 87' lang='lat' dir='ltr'><strong>esse</strong></span> <span class='ocrx_word' id='word_1_760' title='bbox 1709 2534 1779 2560; x_wconf 86' lang='lat' dir='ltr'><strong>hanc</strong></span> 
     </span>
    </p>
   </div>
   <div class='ocr_carea' id='block_1_112' title="bbox 988 2579 1780 2616">
    <p class='ocr_par' dir='ltr' id='par_1_112' title="bbox 988 2579 1780 2616">
     <span class='ocr_line' id='line_1_112' title="bbox 988 2579 1780 2616; baseline -0.003 -8"><span class='ocrx_word' id='word_1_761' title='bbox 988 2580 1156 2608; x_wconf 89' lang='lat' dir='ltr'><strong>locutionem</strong></span> <span class='ocrx_word' id='word_1_762' title='bbox 1172 2586 1233 2615; x_wconf 61' lang='lat' dir='ltr'><strong>quaeI</strong></span> <span class='ocrx_word' id='word_1_763' title='bbox 1248 2579 1368 2615; x_wconf 84' lang='lat' dir='ltr'><strong>ejusdem</strong></span> <span class='ocrx_word' id='word_1_764' title='bbox 1387 2582 1429 2606; x_wconf 88' lang='lat' dir='ltr'><strong>est</strong></span> <span class='ocrx_word' id='word_1_765' title='bbox 1442 2579 1551 2614; x_wconf 76' lang='lat' dir='ltr'><strong>generis</strong></span> <span class='ocrx_word' id='word_1_766' title='bbox 1574 2586 1606 2606; x_wconf 88' lang='lat' dir='ltr'><strong>ac</strong></span> <span class='ocrx_word' id='word_1_767' title='bbox 1620 2579 1742 2616; x_wconf 78' lang='grc' dir='ltr'>ὴτε).ετή</span> <span class='ocrx_word' id='word_1_768' title='bbox 1753 2582 1780 2606; x_wconf 89' lang='lat' dir='ltr'><strong>et</strong></span> 
     </span>
    </p>
   </div>
   <div class='ocr_carea' id='block_1_113' title="bbox 988 2625 1778 2662">
    <p class='ocr_par' dir='ltr' id='par_1_113' title="bbox 988 2625 1778 2662">
     <span class='ocr_line' id='line_1_113' title="bbox 988 2625 1778 2662; baseline 0 -10"><span class='ocrx_word' id='word_1_769' title='bbox 988 2625 1190 2662; x_wconf 79' lang='grc' dir='ltr'>ήτελεταρχία,</span> <span class='ocrx_word' id='word_1_770' title='bbox 1204 2630 1231 2653; x_wconf 88' lang='lat' dir='ltr'><strong>et</strong></span> <span class='ocrx_word' id='word_1_771' title='bbox 1250 2625 1275 2652; x_wconf 86' lang='grc' dir='ltr'>οἱ</span> <span class='ocrx_word' id='word_1_772' title='bbox 1291 2625 1411 2657; x_wconf 79' lang='grc' dir='ltr'>τελεταί,</span> <span class='ocrx_word' id='word_1_773' title='bbox 1430 2625 1477 2660; x_wconf 91' lang='lat' dir='ltr'><strong>qui</strong></span> <span class='ocrx_word' id='word_1_774' title='bbox 1494 2629 1558 2653; x_wconf 89' lang='lat' dir='ltr'><strong>sunt</strong></span> <span class='ocrx_word' id='word_1_775' title='bbox 1583 2625 1778 2662; x_wconf 85' lang='lat' dir='ltr'><strong>mysteriorum</strong></span> 
     </span>
    </p>
   </div>
   <div class='ocr_carea' id='block_1_114' title="bbox 989 2671 1775 2707">
    <p class='ocr_par' dir='ltr' id='par_1_114' title="bbox 989 2671 1775 2707">
     <span class='ocr_line' id='line_1_114' title="bbox 989 2671 1775 2707; baseline 0 -8"><span class='ocrx_word' id='word_1_776' title='bbox 989 2673 1163 2707; x_wconf 88' lang='lat' dir='ltr'><strong>interpretes.</strong></span> <span class='ocrx_word' id='word_1_777' title='bbox 1180 2671 1245 2700; x_wconf 83' lang='lat' dir='ltr'><strong>Tale</strong></span> <span class='ocrx_word' id='word_1_778' title='bbox 1260 2677 1302 2699; x_wconf 86' lang='lat' dir='ltr'><strong>est</strong></span> <span class='ocrx_word' id='word_1_779' title='bbox 1316 2679 1424 2707; x_wconf 89' lang='lat' dir='ltr'><strong>quoque</strong></span> <span class='ocrx_word' id='word_1_780' title='bbox 1456 2673 1569 2700; x_wconf 91' lang='lat' dir='ltr'><strong>verbum</strong></span> <span class='ocrx_word' id='word_1_781' title='bbox 1593 2673 1678 2705; x_wconf 82' lang='grc' dir='ltr'>τελεῖ,</span> <span class='ocrx_word' id='word_1_782' title='bbox 1704 2671 1775 2706; x_wconf 85' lang='lat' dir='ltr'><strong>quod</strong></span> 
     </span>
    </p>
   </div>
   <div class='ocr_carea' id='block_1_115' title="bbox 993 2717 1782 2754">
    <p class='ocr_par' dir='ltr' id='par_1_115' title="bbox 993 2717 1782 2754">
     <span class='ocr_line' id='line_1_115' title="bbox 993 2717 1782 2754; baseline 0.001 -9"><span class='ocrx_word' id='word_1_783' title='bbox 993 2718 1122 2753; x_wconf 88' lang='lat' dir='ltr'><strong>superius</strong></span> <span class='ocrx_word' id='word_1_784' title='bbox 1138 2717 1519 2754; x_wconf 71' lang='lat' dir='ltr'><strong>habemus’Amxapavoﬁmt</strong></span> <span class='ocrx_word' id='word_1_785' title='bbox 1533 2717 1782 2752; x_wconf 73' lang='lat' dir='ltr'><strong>autem,utaliquis</strong></span> 
     </span>
    </p>
   </div>
   <div class='ocr_carea' id='block_1_116' title="bbox 989 2763 1777 2800">
    <p class='ocr_par' dir='ltr' id='par_1_116' title="bbox 989 2763 1777 2800">
     <span class='ocr_line' id='line_1_116' title="bbox 989 2763 1777 2800; baseline -0.003 -9"><span class='ocrx_word' id='word_1_786' title='bbox 989 2764 1068 2796; x_wconf 75' lang='lat' dir='ltr'><strong>dixit,</strong></span> <span class='ocrx_word' id='word_1_787' title='bbox 1089 2764 1146 2792; x_wconf 66' lang='lat' dir='ltr'><strong>haec</strong></span> <span class='ocrx_word' id='word_1_788' title='bbox 1162 2764 1269 2799; x_wconf 84' lang='lat' dir='ltr'><strong>aliaque</strong></span> <span class='ocrx_word' id='word_1_789' title='bbox 1282 2764 1395 2797; x_wconf 86' lang='lat' dir='ltr'><strong>similia,</strong></span> <span class='ocrx_word' id='word_1_790' title='bbox 1410 2772 1526 2800; x_wconf 91' lang='lat' dir='ltr'><strong>quorum</strong></span> <span class='ocrx_word' id='word_1_791' title='bbox 1557 2763 1715 2791; x_wconf 88' lang='lat' dir='ltr'><strong>memoriam</strong></span> <span class='ocrx_word' id='word_1_792' title='bbox 1739 2763 1777 2790; x_wconf 83' lang='lat' dir='ltr'><strong>fe-</strong></span> 
     </span>
    </p>
   </div>
   <div class='ocr_carea' id='block_1_117' title="bbox 989 2800 1781 2844">
    <p class='ocr_par' dir='ltr' id='par_1_117' title="bbox 989 2800 1781 2844">
     <span class='ocr_line' id='line_1_117' title="bbox 989 2800 1781 2844; baseline -0.001 -7"><span class='ocrx_word' id='word_1_793' title='bbox 989 2810 1096 2837; x_wconf 88' lang='lat' dir='ltr'><strong>cimus:</strong></span> <span class='ocrx_word' id='word_1_794' title='bbox 1115 2810 1167 2843; x_wconf 82' lang='lat' dir='ltr'><strong>vel,</strong></span> <span class='ocrx_word' id='word_1_795' title='bbox 1183 2814 1214 2837; x_wconf 94' lang='lat' dir='ltr'><strong>ut</strong></span> <span class='ocrx_word' id='word_1_796' title='bbox 1232 2810 1332 2838; x_wconf 84' lang='lat' dir='ltr'><strong>clarius</strong></span> <span class='ocrx_word' id='word_1_797' title='bbox 1349 2814 1455 2844; x_wconf 87' lang='lat' dir='ltr'><strong>loquar,</strong></span> <span class='ocrx_word' id='word_1_798' title='bbox 1472 2809 1627 2837; x_wconf 82' lang='lat' dir='ltr'><strong>summatim</strong></span> <span class='ocrx_word' id='word_1_799' title='bbox 1651 2800 1781 2836; x_wconf 84' lang='lat' dir='ltr'><strong>dicuntur</strong></span> 
     </span>
    </p>
   </div>
   <div class='ocr_carea' id='block_1_118' title="bbox 989 2853 1781 2892">
    <p class='ocr_par' dir='ltr' id='par_1_118' title="bbox 989 2853 1781 2892">
     <span class='ocr_line' id='line_1_118' title="bbox 989 2853 1781 2892; baseline -0.003 -8"><span class='ocrx_word' id='word_1_800' title='bbox 989 2862 1015 2885; x_wconf 90' lang='lat' dir='ltr'><strong>et</strong></span> <span class='ocrx_word' id='word_1_801' title='bbox 1029 2861 1154 2892; x_wconf 83' lang='lat' dir='ltr'><strong>spectant</strong></span> <span class='ocrx_word' id='word_1_802' title='bbox 1165 2856 1198 2884; x_wconf 90' lang='lat' dir='ltr'><strong>ad</strong></span> <span class='ocrx_word' id='word_1_803' title='bbox 1212 2857 1330 2883; x_wconf 84' lang='lat' dir='ltr'><strong>hominis</strong></span> <span class='ocrx_word' id='word_1_804' title='bbox 1344 2856 1484 2883; x_wconf 77' lang='grc' dir='ltr'>τελείωσιν</span> <span class='ocrx_word' id='word_1_805' title='bbox 1499 2862 1579 2889; x_wconf 80' lang='lat' dir='ltr'><strong>quam</strong></span> <span class='ocrx_word' id='word_1_806' title='bbox 1591 2858 1661 2881; x_wconf 84' lang='lat' dir='ltr'><strong>recte</strong></span> <span class='ocrx_word' id='word_1_807' title='bbox 1677 2853 1781 2892; x_wconf 79' lang='lat' dir='ltr'><strong>faciunt</strong></span> 
     </span>
    </p>
   </div>
   <div class='ocr_carea' id='block_1_119' title="bbox 990 2890 1779 2937">
    <p class='ocr_par' dir='ltr' id='par_1_119' title="bbox 990 2890 1779 2937">
     <span class='ocr_line' id='line_1_119' title="bbox 990 2890 1779 2937; baseline -0.005 -7"><span class='ocrx_word' id='word_1_808' title='bbox 990 2903 1035 2937; x_wconf 86' lang='lat' dir='ltr'><strong>qui</strong></span> <span class='ocrx_word' id='word_1_809' title='bbox 1048 2903 1125 2937; x_wconf 70' lang='lat' dir='ltr'><strong>juxta</strong></span> <span class='ocrx_word' id='word_1_810' title='bbox 1149 2907 1251 2930; x_wconf 85' lang='lat' dir='ltr'><strong>rectam</strong></span> <span class='ocrx_word' id='word_1_811' title='bbox 1271 2902 1412 2929; x_wconf 85' lang='lat' dir='ltr'><strong>veritatem</strong></span> <span class='ocrx_word' id='word_1_812' title='bbox 1431 2904 1458 2927; x_wconf 85' lang='lat' dir='ltr'><strong>et</strong></span> <span class='ocrx_word' id='word_1_813' title='bbox 1481 2899 1660 2927; x_wconf 83' lang='lat' dir='ltr'><strong>orthodoxam</strong></span> <span class='ocrx_word' id='word_1_814' title='bbox 1687 2890 1779 2936; x_wconf 71' lang='lat' dir='ltr'><strong>ﬁdemI</strong></span> 
     </span>
    </p>
   </div>
   <div class='ocr_carea' id='block_1_120' title="bbox 989 2942 1777 2982">
    <p class='ocr_par' dir='ltr' id='par_1_120' title="bbox 989 2942 1777 2982">
     <span class='ocr_line' id='line_1_120' title="bbox 989 2942 1777 2982; baseline -0.006 -8"><span class='ocrx_word' id='word_1_815' title='bbox 989 2955 1041 2975; x_wconf 89' lang='lat' dir='ltr'><strong>non</strong></span> <span class='ocrx_word' id='word_1_816' title='bbox 1058 2948 1084 2974; x_wconf 92' lang='lat' dir='ltr'><strong>in</strong></span> <span class='ocrx_word' id='word_1_817' title='bbox 1096 2946 1227 2982; x_wconf 84' lang='lat' dir='ltr'><strong>judicium</strong></span> <span class='ocrx_word' id='word_1_818' title='bbox 1242 2950 1269 2974; x_wconf 91' lang='lat' dir='ltr'><strong>et</strong></span> <span class='ocrx_word' id='word_1_819' title='bbox 1282 2944 1548 2975; x_wconf 83' lang='lat' dir='ltr'><strong>condcmnationcm,</strong></span> <span class='ocrx_word' id='word_1_820' title='bbox 1564 2942 1655 2970; x_wconf 86' lang='lat' dir='ltr'><strong>divina</strong></span> <span class='ocrx_word' id='word_1_821' title='bbox 1666 2942 1777 2969; x_wconf 84' lang='lat' dir='ltr'><strong>imitan-</strong></span> 
     </span>
    </p>
   </div>
  </div>
