1965 3115
91 152 132 182 641
475 153 514 181 1N
535 153 705 184 HYMNUM
729 153 1060 186 PENTECOSTALEM
1079 155 1311 187 DAMASCENL

1670 158 1722 189 642

91 207 199 239 δικαίου.
214 207 250 239 ὡς
271 205 326 235 οἷον
341 208 471 244 στέρησιν
487 210 622 246 δηλούσης
646 211 696 246 τῆς
718 212 751 239 ἐκ
777 213 876 248 προθέ-

928 214 1001 249 quod
1032 219 1108 241 extra
1140 215 1305 242 conveniens
1337 222 1368 241 ac
1397 214 1531 250 justitiam
1555 219 1608 247 est,
1636 215 1722 249 signi-

93 257 153 285 tetu‘;
164 262 172 269 ·
191 255 268 289 παρὰ
282 254 310 281 δὲ
325 256 380 286 τοῖς
404 255 519 291 ὕστερον
533 257 652 289 ἐξαίσιον
667 256 729 284 κατ’
743 257 872 284 ἐπίτασιν

91 300 133 326 καὶ
143 300 247 326 ἔκδικον
262 301 293 326 τὸ
309 301 380 335 λίαν,
405 302 475 329 πάνυ
491 303 578 329 αἴσιον
592 304 639 330 καὶ
654 303 758 330 δίκαιον
771 311 779 320 ⁸
801 303 873 330 οὕτω

92 347 133 372 καὶ
152 346 307 380 ἐκπορίζειν
321 345 356 381 ἦν
384 349 434 383 μὲν
461 350 504 376 ὅτε
533 349 564 376 τὸ
586 350 624 386 μὴ
647 350 785 385 πορίζειν,
804 350 874 377 ἀλλὰ

92 392 219 426 ἁπάγειν·
238 393 262 419 οί
282 393 309 420 δὲ
331 393 520 430 ὑστερογενεῖς
542 397 656 432 ῥήτορες
672 398 713 428 είς
728 396 827 424 ταυτὸν
843 397 873 423 τὸ

92 435 208 472 πορίζειν
223 436 321 469 ἄγουσι
334 438 420 465 καὶτὸ
435 440 604 474 ἐκπορίζειν,
624 442 663 473 ὼς
676 442 754 477 δηλοῖ
767 443 815 469 καὶ
829 442 872 476 τὸ,

91 481 261 518 παρασκευὴν
283 484 387 520 τροφῆς
413 485 566 522 ἐκπορίζει,
581 487 595 513 ὃ
610 487 669 514 ἐστι
691 488 810 523 δαψιλῶς
825 498 872 523 χο-

91 531 174 563 ρηγεί.

319 638 322 639 ν
355 622 444 657 ’ῼδῆς
459 621 481 649 ε’
497 624 610 657 εἱρμίῖς.

92 665 132 694 ΧΙ.
153 667 304 703 Λουτήριον
319 669 455 704 κάθαρσιν
472 669 706 704 ἀμπλακημάτων

155 714 308 748 Πυρίπνοον
322 715 435 747 δέξασθε
454 715 617 749 Πνεῦματος
634 716 740 748 δρόσον,

155 758 190 787 *Ω
203 761 285 788 τέκνα
300 761 470 797 φωτόμορφα
484 762 533 796 τῆς
546 761 712 797 Ἐκκλησίας
724 771 731 777 ·

154 806 212 833 Νῦν
224 808 256 834 ὲκ
270 807 339 833 Σιὼν
350 807 404 843 γὰρ
420 807 564 843 ἐξελήλυθε
580 809 671 842 νόμος,

161 853 192 879 Ἦ
214 853 518 889 γλωσσοπυρσόμορφος
542 854 701 889 Πνεῦματος
713 854 804 889 χάρις.

927 260 999 294 ﬁcat,
1015 260 1194 295 privationem
1212 261 1373 288 ostendente
1386 262 1571 296 propositione
1586 269 1618 288 ea:
1629 270 1638 294 ;
1650 262 1721 296 apud

926 307 1094 333 recentiores
1109 312 1198 334 autem
1214 306 1334 339 ἐξαίσιον
1346 311 1388 334 est
1414 314 1476 334 cum
1509 307 1664 334 intcusioue
1694 312 1722 335 et

925 350 1032 377 ἔκδικον
1048 358 1108 377 cum
1122 351 1312 385 amplitudine,
1331 351 1403 385 quod
1421 351 1536 378 omnino
1547 353 1718 379 conveniens

925 400 952 423 et
966 396 1072 432 justum
1081 401 1123 424 est
1139 405 1146 423 :
1161 397 1197 423 ita
1207 397 1290 424 etiam
1305 397 1464 432 ἐκπορίζειν
1483 400 1542 424 erat
1560 397 1625 424 olim
1660 405 1714 425 non

926 449 1067 478 praestare,
1082 444 1128 470 sed
1149 444 1306 476 abducere;
1329 443 1375 470 scd
1396 443 1562 477 posteriores
1595 443 1720 471 rhetores

926 489 954 516 in
967 497 1051 516 unum
1089 490 1218 523 redigunt
1234 488 1356 524 πορίζειν
1375 495 1400 515 ct
1428 488 1594 522 ἐκπορίζειν,
1610 493 1640 515 ιιι
1655 488 1720 515 illttd

926 535 1068 562 ostendit:
1088 536 1312 570 praeparationem
1326 536 1379 564 cibi
1391 535 1546 571 ἐκπορίζει,
1573 535 1646 570 quod
1675 539 1717 562 cst

927 580 1000 608 laute
1013 581 1154 616 proponit.

1212 626 1323 654 Ilirmus
1336 627 1392 653 odw
1406 626 1433 654 5.

1018 672 1166 700 Snlubilem
1183 674 1369 708 purgationem
1384 672 1542 705 criminum,

1017 718 1062 753 lgn
1077 722 1134 744 tum
1152 719 1265 753 accipite
1280 718 1398 753 Spiritus
1412 726 1514 752 rorem,

1015 763 1037 791 Ο
1056 763 1102 790 ﬁlii
1121 764 1278 790 lucifer-mes
1295 764 1443 792 Ecclesiae:

1012 809 1089 837 Nunc
1102 810 1174 837 enim
1191 817 1225 837 ex
1242 809 1307 837 Sion
1322 810 1407 837 exivit
1421 810 1475 843 lex,

1012 855 1100 891 Ignea:
1112 856 1212 891 lingure
1227 855 1325 888 forma,
1341 855 1459 891 Spiritus
1470 857 1567 892 gratia.

123 899 190 933 ρκζ’.
211 899 269 934 Πρὸ
299 900 424 935 βραχέων
448 899 565 934 λουτροῦ
594 900 668 927 θείου
699 901 830 936 μνησθεὶς
860 901 874 927 6

963 899 1025 927 l"27.
1043 899 1128 927 Paulo
1151 905 1214 927 ante
1229 900 1315 928 divini
1347 901 1447 928 lavacri
1475 903 1614 930 mentione
1646 902 1717 931 facta
1739 902 1745 903 ί

89 945 166 976 καλὸς
189 945 266 977 οὗτος
284 946 412 982 μελῳδὸς,
430 947 478 972 καὶ
499 946 589 980 ὀλίγον
612 947 735 978 ἀποστὰς
754 948 874 978 ἐκείνου,

47 1015 51 1018 ,
89 992 279 1027 επανέκαμψεν
305 992 343 1024 ὡς
370 991 416 1019 οἷά
443 1001 485 1025 τις
516 992 691 1028 φιλόλουτρος
717 993 799 1020 πάλιν
830 993 876 1020 ἐπ’

89 1038 166 1064 αὐτό·
186 1040 231 1065 καὶ
250 1038 280 1064 οὐ
304 1038 494 1066 διαπετάννυσι
515 1039 565 1074 μὲν
589 1038 654 1074 ὅλην
668 1039 807 1074 τροπικῶς
824 1041 874 1076 τὴν

88 1083 199 1117 εἴσοδον,
208 1084 246 1116 ὡς
257 1085 315 1110 ἐκεῖ
327 1084 497 1117 ὲνεὸἀθυνεν,
507 1084 592 1112 εἰπὼν
604 1086 647 1119 τὺ,
661 1084 876 1120 Ὀμὸροὸλυτεῖς

89 1138 132 1164 μοι
149 1130 267 1164 ῥεῖθρον,
282 1132 328 1156 καὶ
342 1130 418 1165 ἑξῆς.
440 1131 585 1166 ΙΙροκύψας
599 1131 627 1158 δὲ
649 1131 738 1162 ἄλλως
754 1132 795 1163 είς
814 1133 876 1159 ὅσον

88 1176 178 1211 ἠρέμα
192 1176 331 1203 κάνταῦθα
345 1177 540 1211 προσάψασθαι
555 1177 602 1204 τοῦ
619 1177 735 1212 ἀγαθοῦ,
748 1179 876 1212 ἐπιστρέ-

88 1230 166 1256 φεται
180 1223 219 1253 είς
234 1222 269 1248 τὰ
284 1221 500 1258 ἐκκλησιαστικὰ
513 1223 608 1256 τέκνα,
629 1225 677 1250 καὶ
692 1224 874 1259 προκαλεῖται

87 1267 156 1294 αὐτὸ.
168 1267 352 1304 καθήρασθαι,
370 1268 522 1304 λελουμένα
537 1270 587 1305 μὲν
600 1269 650 1306 ήδη
664 1270 729 1298 ὄντα
741 1271 789 1297 καὶ
802 1270 875 1298 οὕτω

87 1314 266 1350 φωτόμορφι,
284 1314 400 1349 δεόμενα
419 1315 447 1342 δὲ
465 1315 541 1350 ὅμως
554 1316 604 1342 καὶ
620 1316 707 1343 είσαεὶ
722 1317 772 1351 τῆς
787 1317 874 1350 αὐτῆς

87 1362 208 1396 χάριτος,
223 1362 256 1397 ἥν
272 1362 400 1389 οὐδέποτε
418 1363 534 1399 ὀκνήσει
548 1364 563 1390 ὁ
586 1364 730 1399 φιλότιμος
746 1365 876 1400 Χριστια-

88 1409 133 1440 νὸς
151 1409 333 1436 ἐπιτείνεσθαι
348 1409 440 1445 ζητεῖν
455 1411 486 1437 ὲκ
501 1410 579 1438 Θεοῦ.
610 1412 696 1446 Φησὶν
719 1410 766 1438 οὖν
781 1413 876 1439 τοιαῦ-

87 1453 187 1481 11"”
209 1456 291 1482 τέκν-ι.
320 1456 488 1491 φωτόμοριρα
512 1457 738 1492 ὲκκλησιαστικὰ,
763 1457 876 1491 δέξασοε

88 1500 221 1535 γάθαρσιν
243 1501 474 1537 ἀμπλακημάτων
501 1502 661 1538 λουτήριον,
690 1503 775 1538 ἤγουν
808 1504 876 1529 απο-

87 1547 218 1573 λούουσαν
233 1547 271 1578 ὡς
292 1545 348 1574 οἷον
365 1547 450 1583 ῥύπον
473 1548 558 1574 πολὺν
583 1549 631 1575 καὶ
643 1549 714 1576 οὕτω
730 1550 826 1584 βαρὺν,
842 1549 876 1576 τὰ
888 1568 910 1597 c

87 1594 117 1619 ἐν
132 1594 196 1628 ἡμῖν
221 1593 411 1629 ἁμαρτήματα
422 1602 429 1609 ·
497 1595 529 1630 δὴ
546 1596 680 1630 καθάρσει
697 1596 875 1632 πλυνάμενοι,

87 1640 134 1665 καὶ
150 1639 215 1665 ὡσεὶ
238 1639 311 1674 ἔριον
326 1639 554 1675 λευκανθήσεσθε,
578 1643 611 1677 τῇ
628 1641 675 1668 τοῦ
701 1641 769 1669 Θεοῦ
789 1644 876 1678 σκηνῇ

87 1686 313 1720 χρησιμεύοντες,
330 1686 378 1712 καὶ
400 1686 471 1722 ὑπὲρ
497 1687 575 1722 χιόνα
600 1685 634 1723 ἧς
662 1687 730 1714 πολύ
751 1697 777 1715 τι
795 1689 877 1715 καλὸν

87 1732 145 1762 τοῖς
168 1733 214 1758 ἐπὶ
238 1733 290 1767 γῆς
319 1732 349 1758 τὸ
378 1733 553 1768 ἀποτέλεσμα
577 1734 606 1760 ὲν
632 1734 733 1769 καιρῷ.
751 1735 834 1762 Ποίαν
848 1735 877 1762 δὲ

87 1778 161 1812 λέγω
175 1779 328 1813 κὰθαρσιν;
341 1778 396 1813 Τὴν
405 1779 451 1806 τοῦ
466 1780 545 1814 ἁγίου
559 1780 717 1814 Πνεύμαιτος
729 1781 877 1815 πυρίπνοον

87 1825 204 1860 δρόσον·
218 1825 251 1861 ἢν
268 1825 367 1852 αὐτίκα
386 1825 516 1860 Σιωνίτην
537 1826 619 1860 νόμον
645 1826 820 1862 ἑρμηνεύσει,
840 1827 878 1853 εί.-

87 1870 167 1897 πών“
188 1870 245 1897 Νῦν
271 1871 325 1905 γὰρ
339 1871 371 1898 ὲκ
395 1871 444 1906 τῆς
473 1872 638 1906 περικλὺτου
656 1871 737 1905 Σιὼν,
753 1869 787 1908 ἦς
804 1872 877 1898 πλεῖ-

85 1925 151 1947 στος
164 1917 244 1951 λόγος
256 1918 393 1952 πανταχοῦ
405 1919 454 1953 τῆς
466 1918 530 1953 γῆς,
539 1918 682 1954 ἐξελήλυθε
696 1919 789 1953 νόμος.
798 1919 878 1949 ﬂcio;

84 1963 192 1993 ἐκεῖνος
208 1963 287 1996 νόμος
299 1970 307 1995 5
325 1963 358 1989 'H
367 1964 446 1998 χάρις
461 1963 508 1990 τοῦ
521 1963 599 1998 ἁγίου
618 1963 787 1998 Πνεύματος,
799 1964 828 1998 ή,
840 1963 878 1995 ὡς

83 2016 209 2042 ειρηται,
220 2008 537 2044 γλωσσοπυρσόμορφος.

127 2052 199 2090 ρκη’.
219 2054 318 2081 Ἰστέον
327 2055 363 2081 ’δὲ
388 2057 435 2081 καὶ
461 2056 504 2082 ὅτι
524 2056 570 2082 τοῦ
596 2056 713 2083 ἐνταῦθα
732 2055 877 2092 λουτηρίου

84 2102 269 2137 παράφρασις
296 2098 366 2127 εἶναι
395 2101 468 2128 δοκεῖ
495 2101 542 2128 τοῦ
566 2103 596 2129 ὲν
619 2103 652 2138 τῇ
680 2102 796 2138 τετάρτῃ
821 2101 876 2138 ᾠδῇ

85 2149 164 2177 Gaiae
192 2148 317 2183 λουτροῦ,
346 2149 400 2175 Καὶ
425 2148 516 2175 τοίνυν
544 2147 576 2175 τὸ
603 2149 653 2184 μὲν
683 2149 753 2175 θεῖον
784 2150 800 2183 ὴ
824 2149 878 2175 τῶν

84 2195 320 2230 ἀμπλακημάτων
354 2193 489 2228 κάθαρσις
527 2192 753 2228 περιφραστικῶς
791 2193 879 2227 ἑρμη-

928 946 1125 981 paululumque
1138 948 1272 981 praete-rita
1287 947 1377 975 bonus
1390 953 1466 982 poeta
1486 953 1578 976 noster
1594 955 1623 977 ut
1635 950 1719 977 homo

928 992 1018 1019 balnci
1040 992 1163 1027 cupidus,
1183 992 1215 1019 ad
1233 992 1298 1020 illud
1312 993 1410 1020 ilerutn
1426 994 1506 1022 redit.
1522 993 1580 1021 Non
1602 995 1733 1029 explicnt‘

927 1038 1315 1074 qnideuttropologicetotum
1330 1039 1445 1072 aditum,
1476 1040 1547 1068 sicut
1577 1041 1632 1068 illic
1656 1049 1718 1076 pro-

928 1082 1010 1110 funde
1029 1087 1179 1118 penetravit
1191 1084 1285 1112 dicens
1306 1092 1314 1111 :
1334 1083 1477 1120 Tanquam
1501 1085 1615 1113 imbrem
1651 1086 1718 1113 mihi

927 1129 1054 1157 ﬁuentcm
1069 1129 1202 1162 immittis,
1217 1134 1243 1158 ct
1255 1130 1375 1166 reliqua;
1396 1131 1442 1158 sed
1455 1131 1524 1159 alias
1539 1132 1717 1160 inclinatione

928 1176 999 1203 laeta
1020 1181 1148 1210 tanquam
1169 1176 1202 1203 ad
1218 1176 1355 1211 paululum
1374 1177 1455 1213 hujus
1476 1178 1539 1205 boui
1574 1179 1616 1206 hic
1634 1179 1716 1206 etiam

927 1222 1102 1250 delibandum
1122 1225 1268 1250 revertitur
1291 1224 1324 1251 ad
1342 1223 1471 1252 Ecclesiae
1492 1225 1572 1257 ﬁlios,
1597 1229 1623 1252 et
1657 1225 1733 1252 illns'

928 1268 1053 1296 hortatur
1066 1274 1095 1296 ut
1110 1277 1140 1296 se
1154 1269 1308 1303 puriticcnt,
1324 1270 1380 1305 jam
1397 1270 1477 1297 lavati
1501 1276 1529 1297 et
1556 1271 1714 1304 illuminati,

927 1314 974 1341 sed
987 1319 1077 1341 tatnen
1093 1315 1182 1342 adhuc
1197 1315 1224 1341 in
1242 1321 1402 1350 perpetuum
1418 1317 1511 1343 eadem
1530 1321 1640 1352 egentes
1655 1324 1717 1351 gra-

927 1359 973 1391 tia,
990 1368 1070 1394 quam
1089 1361 1196 1388 fervens
1208 1360 1381 1397 Christianus
1397 1370 1411 1388 a
1429 1365 1481 1390 er
1496 1364 1634 1398 postulare
1648 1373 1718 1391 nuu-

926 1411 1008 1437 quam
1018 1405 1094 1438 pigre
1105 1405 1222 1432 curabit.
1248 1405 1312 1434 Haec
1326 1406 1481 1441 igiturdicit
1496 1416 1502 1434 :
1521 1410 1541 1434 υ
1572 1409 1718 1437 illumiuati

927 1447 1055 1476 Ecclesia:
1073 1449 1130 1483 lilii,
1151 1451 1368 1485 puriﬁcationem
1385 1457 1558 1486 peccatorum
1586 1455 1713 1489 accipite,

928 1495 1081 1523 abluentem
1109 1496 1190 1523 veluti
1219 1497 1327 1524 sordem
1348 1498 1461 1526 multam
1488 1504 1516 1526 et
1540 1499 1717 1535 profundam,

929 1549 989 1576 qua:
1017 1547 1082 1569 sunt
1115 1542 1141 1569 in
1173 1543 1253 1570 nobis
1287 1549 1396 1578 peccata
1415 1554 1422 1572 :
1441 1545 1492 1573 bac
1525 1547 1718 1581 puriﬁcatione

929 1587 1020 1618 lavali,
1035 1587 1105 1614 sicut
1121 1588 1182 1615 lana
1201 1588 1376 1622 dealbaiuiui,
1391 1590 1436 1617 Dei
1452 1591 1626 1620 tabernacuh
1658 1601 1718 1620 srr-

929 1634 1042 1666 vientes,
1055 1638 1082 1660 et
1098 1641 1181 1668 super
1196 1635 1296 1667 nivem,
1311 1636 1390 1671 cujus
1417 1637 1445 1664 iu
1471 1642 1593 1673 tempore
1618 1647 1718 1674 oppor-

929 1683 993 1706 tunu
1008 1680 1133 1707 eﬁectuni
1146 1685 1188 1708 est
1203 1682 1304 1717 aliquid
1318 1683 1394 1711 valde
1409 1683 1510 1711 bouum
1521 1685 1562 1711 liis
1576 1693 1637 1721 qua:
1654 1690 1718 1713 sunt

928 1734 1011 1760 super
1028 1732 1138 1754 terram.
1161 1726 1272 1760 Qualem
1288 1733 1378 1756 autem
1390 1730 1451 1757 dico
1477 1730 1693 1765 puriﬁcationem
1708 1733 1720 1759 Τ

928 1772 1076 1805 ln-nil'erutn
1110 1775 1197 1801 sancti
1215 1774 1332 1810 Spiritus
1362 1783 1474 1810 rorem;
1489 1785 1568 1812 quem
1585 1779 1718 1806 continuo

929 1818 1090 1847 Sioniticam
1126 1820 1213 1856 legem
1247 1822 1482 1856 iuterpretabitur,
1501 1824 1616 1851 dicens:
1635 1824 1714 1853 Nunc

928 1867 1045 1893 eniniex
1062 1866 1160 1902 inclyta
1178 1867 1256 1900 Sion,
1283 1867 1361 1903 cujus
1389 1869 1521 1903 plurituus
1550 1871 1718 1906 eat_ubique

929 1918 1064 1940 terrarum
1082 1921 1184 1946 sermo,
1198 1915 1271 1942 venit
1284 1915 1338 1942 lex.
1355 1915 1484 1948 Quaenam
1502 1918 1553 1944 ista
1566 1918 1630 1944 lex?
1648 1918 1718 1945 Gra-

929 1959 964 1985 tia
980 1959 1066 1986 sancti
1084 1958 1214 1994 Spiritus,
1234 1968 1305 1995 quae,
1324 1962 1397 1988 sicut
1413 1962 1515 1989 dictum
1529 1967 1582 1996 est,
1601 1963 1671 1998 ignis
1689 1967 1718 1991 et

930 2004 1029 2039 linguae
1045 2005 1160 2039 ﬁguram
1178 2006 1257 2040 gerit.

965 2051 1026 2078 128.
1048 2051 1194 2079 Sciendum
1212 2056 1302 2079 autem
1320 2053 1401 2080 etiam
1418 2059 1460 2081 est
1475 2054 1546 2088 quod
1564 2054 1599 2082 ibi
1621 2054 1720 2090 λουτη-

930 2097 988 2133 ρίου
1013 2097 1188 2132 parapbrasis
1206 2105 1266 2125 esse
1305 2098 1412 2126 videtur
1444 2100 1529 2127 divini
1564 2101 1664 2128 lavacri
1689 2101 1718 2129 in

929 2148 1028 2178 quarto
1044 2144 1166 2171 carmine
1184 2146 1403 2173 commemorati.
1419 2147 1516 2181 Itaque
1545 2148 1656 2174 verbum
1676 2147 1721 2175 di-

929 2190 1020 2216 vinum
1033 2195 1210 2225 peccatorum
1230 2191 1384 2226 puriﬁcatio
1408 2192 1652 2232 circumlocutione
1675 2195 1718 2221 in-

83 2241 182 2269 νεύει·
199 2240 270 2267 θεῖον
293 2240 321 2266 δὲ
336 2239 405 2274 αὐτὴ
421 2239 530 2270 πάντως
551 2237 617 2265 οὖσα
634 2238 764 2272 λουτρόν·
782 2239 833 2273 τὴν
848 2239 875 2264 δὲ

930 2241 1102 2270 terpretatur,
1121 2243 1185 2262 cum
1209 2236 1269 2271 ipsa
1300 2237 1335 2265 sit
1366 2238 1479 2264 omnino
1496 2238 1616 2265 divinum
1643 2239 1719 2267 lava—

82 2289 148 2314 ἐκεῖ
171 2287 245 2319 ζέσιν
272 2286 320 2313 τοῦ
348 2285 549 2320 [1νεύματος,ἡ
576 2285 605 2312 ὲν
629 2284 667 2319 τῷ
684 2284 772 2320 είρμῷ
791 2284 878 2319 τούτῳ

81 2333 162 2365 λέξις
175 2334 301 2367 ιμφαίνει
315 2331 363 2357 τοῦ
378 2330 528 2365 πυρίπνοον
540 2338 549 2346 ο
566 2331 582 2365 ἡ
598 2330 626 2356 δὲ
641 2330 738 2364 δρόσος
759 2330 806 2356 τὸν
821 2329 879 2356 ἐκεί

80 2381 192 2416 ὄμϐρον
207 2378 255 2405 καὶ
266 2377 296 2405 τδ
317 2377 426 2414 ῥεῖθρον
438 2385 445 2392 ·
459 2377 490 2403 οὐ
509 2376 564 2413 γὰρ
583 2376 729 2411 ἑτερογενῆ
744 2376 758 2402 ὁ
772 2375 878 2410 δμδρυς

81 2426 136 2453 καὶ
152 2425 169 2460 ἡ
185 2425 290 2460 δρόσος,
306 2423 378 2450 καθὰ
403 2423 464 2449 οὐδὲ
486 2422 517 2449 τὺ
539 2423 659 2458 ῥεῖθρον,
675 2422 712 2448 Τὸ
727 2421 755 2448 δὲ
778 2421 878 2456 ἑφεξῆς

80 2472 147 2506 φῶς
167 2471 214 2497 καὶ
239 2471 253 2497 ὁ
280 2471 384 2505 πυρσὸς
408 2469 443 2496 τὰ
467 2470 497 2496 ὲν
523 2468 563 2503 τῷ
588 2468 673 2504 τρίτῳ
691 2468 739 2494 καὶ
759 2468 878 2502 πέμπτῳ

79 2518 173 2553 στίχῳ
190 2517 344 2552 λάμποντα,
368 2515 550 2551 σεμνύνουσιν
567 2514 639 2550 ὑπὲρ
655 2513 705 2549 τὴν
722 2513 794 2549 ᾠδὴν
806 2513 877 2540 tuat-

77 2572 148 2600 νην,
167 2563 216 2600 τὴν
239 2563 373 2599 φωτεινὴν
403 2563 474 2590 κατὰ
497 2562 609 2596 Πνεῦμα
630 2560 775 2595 κάθαρσιν,
790 2560 878 2586 εῑτουν

76 2611 237 2638 ἀπόλαυσιν
250 2609 304 2636 τῶν
318 2607 556 2644 ὲκκλησιαστικῶν
569 2607 674 2634 τέκνων
683 2614 690 2621 ·
707 2607 765 2641 ἅμα
785 2605 815 2632 δὲ
828 2606 878 2641 τὴν

77 2658 238 2692 εἰρημένην
257 2655 353 2692 δρόσον
376 2655 424 2682 τοῦ
450 2654 609 2689 ιινεύματος
628 2652 698 2687 ῐαμα
721 2649 805 2679 οὖσαν
821 2652 878 2683 τοῖς

75 2705 195 2734 τέκνοις
211 2704 258 2738 τῆς
275 2702 450 2737 Ἐκκλησίας,
466 2701 513 2728 τοῦ
532 2700 707 2736 χαρακτῆρος
732 2700 782 2733 τῆς
808 2699 878 2733 πέμ-

78 2758 161 2785 πτης
183 2751 254 2776 κατὰ
280 2749 325 2776 τὸν
355 2748 469 2775 Ἡσαΐαν
499 2747 570 2782 ᾠδῆς
597 2746 763 2781 ἐνθυμητέον
786 2742 876 2771 εἶναι·

77 2799 163 2824 καθα
188 2798 234 2822 καὶ
248 2796 278 2821 τὸ
307 2796 363 2830 φῶς
387 2794 401 2820 ὃ
430 2795 586 2829 προλὰμπει
611 2793 665 2819 τῶν
694 2792 804 2818 είόότων
827 2791 878 2817 ὅσα

79 2842 257 2878 προστάσσει
282 2842 296 2867 ὁ
313 2841 392 2873 Θεός·
422 2840 451 2867 οὗ
479 2840 535 2875 φῶς
553 2841 588 2865 τὰ
612 2839 814 2874 προστάγματα
831 2837 877 2863 ἐπὶ

78 2890 138 2924 τῆς
155 2889 216 2923 γῆς.
236 2888 265 2914 ’0
278 2888 307 2914 δὲ
331 2887 434 2923 πυρσὸς
452 2888 465 2913 ό
484 2886 628 2922 εἰρημένος
657 2886 686 2912 ὲν
710 2885 749 2919 τῷ
772 2884 876 2919 πυρσό-

929 2288 1015 2309 crum.
1034 2280 1177 2309 Fet-vorem
1207 2289 1296 2309 autetn
1315 2282 1371 2310 illic
1387 2283 1518 2318 Spiritus,
1539 2286 1622 2313 dictio
1638 2286 1718 2321 πυρί-

929 2335 1011 2354 πνουν
1029 2328 1054 2354 in
1067 2328 1120 2354 hoc
1135 2336 1204 2355 nexu
1217 2329 1396 2357 demonstrat.
1411 2329 1460 2357 Hic
1474 2337 1519 2358 ros
1533 2330 1647 2359 imbrem
1661 2332 1719 2360 illic

928 2380 955 2401 et
971 2374 1100 2402 ﬂuentum
1124 2375 1237 2403 denotat
1250 2383 1258 2402 :
1274 2383 1329 2403 non
1345 2375 1418 2403 enim
1431 2376 1512 2404 alieni
1525 2378 1633 2412 generis
1654 2383 1719 2406 sunt

928 2421 1015 2448 imber
1028 2426 1056 2448 et
1072 2428 1126 2454 ros,
1144 2421 1215 2449 sicut
1225 2426 1251 2449 et
1267 2421 1410 2449 ﬁucntum.
1427 2421 1531 2449 Lumen
1544 2426 1570 2449 et
1585 2422 1631 2450 {ax
1658 2431 1720 2459 quae

930 2473 1024 2501 postea
1042 2467 1124 2494 tertio
1137 2468 1291 2503 quintoque
1306 2476 1388 2496 versu
1407 2468 1509 2503 lucent,
1526 2469 1554 2496 in
1581 2469 1631 2497 illo
1655 2478 1719 2498 car-

929 2513 1001 2540 ntiuc
1015 2513 1233 2548 puriﬁcationem
1246 2514 1397 2542 secundum
1418 2514 1552 2550 Spiritum
1585 2515 1716 2550 lucidam,

930 2561 988 2588 sive
1011 2560 1131 2586 ﬁliorum
1146 2560 1397 2588 ecclesiasticarum
1424 2561 1614 2596 purgationem
1637 2570 1718 2590 exor-

928 2611 986 2634 n.-t.
1002 2606 1088 2634 Simul
1105 2611 1195 2634 autent
1213 2611 1319 2642 oportet
1336 2612 1366 2635 ut
1382 2608 1546 2636 meditemur
1560 2609 1720 2643 praedictum

930 2652 1048 2689 Spiritus
1061 2659 1161 2686 rorem,
1176 2653 1224 2688 qui
1244 2654 1308 2682 ﬁliis
1335 2653 1463 2683 Ecclesia
1486 2655 1635 2683 remedium
1666 2659 1718 2686 est.

928 2705 1088 2728 cnaractere
1103 2699 1189 2734 quinti
1207 2701 1357 2728 secundum
1375 2701 1471 2729 Isaiam
1485 2702 1613 2729 carminis
1642 2707 1720 2734 esse;

929 2747 999 2773 sicut
1018 2751 1045 2773 et
1062 2746 1164 2778 lumen,
1182 2747 1255 2781 quod
1267 2747 1398 2781 praelucet
1415 2746 1571 2773 videntibus
1586 2749 1719 2780 quantum

929 2793 1049 2828 praecipit
1066 2793 1147 2825 Deus.
1163 2794 1241 2828 cujus
1256 2794 1347 2820 lumen
1381 2798 1446 2820 sunt
1475 2796 1607 2827 praecepta
1639 2797 1721 2823 super

929 2844 1041 2867 terrain.
1062 2839 1136 2866 Dicta
1157 2847 1221 2866 vero
1237 2838 1281 2866 fax
1301 2839 1416 2874 πυρσὸς.
1436 2838 1462 2864 in
1481 2844 1546 2863 voce
1559 2837 1719 2871 πυρσόμορ-

930 2894 979 2921 φος
1013 2890 1151 2920 coutenta,
1184 2893 1237 2913 non
1264 2887 1368 2920 absque
1397 2881 1634 2911 verisimilitudine
1666 2881 1720 2910 dici
