1965 3115
131 235 176 266 6l9

530 231 571 262 IN
592 231 760 261 llYMNUM
779 227 1098 259 PENTECOSTALEM
1124 226 1349 257 DAMASCENI.

1688 225 1741 256 650

131 290 206 325 φάρον
221 289 267 314 καὶ
279 286 460 321 ἀληθέστατον
477 285 642 321 προφορικὺν
658 285 747 317 λόγον,
763 285 792 311 ὃν
807 286 820 311 ὀ
845 284 904 311 Σω-

971 290 1010 309 ne
1036 281 1171 309 vcrbalem
1209 288 1375 316 sermonem,
1411 288 1491 315 quem
1520 280 1590 308 dixit
1616 281 1743 309 Salvator

131 335 174 369 τὴρ
191 332 309 368 Χριστιρς
323 332 387 366 ἐφη,
400 333 413 358 6
426 331 473 357 καὶ
486 331 673 366 πατροσθενὴς
692 330 855 365 ξύμμορφος
869 330 908 364 τῷ

131 380 211 414 Πατρὶ
224 379 334 413 δηλαδή.
354 378 462 404 Τούτων
478 378 506 404 δὲ
519 377 591 404 οὕτω
603 377 907 412 προσεπιὸεσλημένων,

133 426 184 451 Επεὶ
198 424 280 451 καλόν
291 425 348 450 ἐστι
359 424 406 450 καὶ
423 424 456 450 τὰ
466 423 536 450 κατὰ
552 423 634 458 μέρος
649 423 846 457 ἐπισκέψασθαι
861 423 908 448 τοῦ

130 471 274 506 τροπιρίου
292 470 426 506 σηνήθως,
443 470 530 496 ἰστέον
548 471 588 496 ὅτι
616 469 646 496 τὸ
677 469 769 501 καθώς
797 478 861 503 περ,
884 469 908 495 εἰ

132 518 174 544 καὶ
189 517 226 552 μὴ
244 517 315 543 πάνυ
331 518 473 551 τέτριπται
488 517 543 548 τοῖς
571 516 654 543 πάλαι
676 516 815 551 ῥήτορσιν,
842 515 910 542 ἀλλὰ

131 564 292 598 προτιμᾶται
304 562 384 590 αὑτοῦ
399 563 430 589 τὸ
441 562 577 597 καθάπερ,
591 561 686 596 ῶσπερ
701 562 747 588 καὶ
760 559 807 587 τοῦ
819 560 910 592 καθὼς

131 610 157 635 τὺ
169 608 249 641 καθὰ,
270 609 344 642 ὅμως
359 609 374 635 6
393 608 512 644 μελῳδὸς
543 608 587 635 διὰ
607 608 637 634 τὸ
664 607 762 643 μέτρον
786 607 833 633 καὶ
861 607 910 641 τὴν

132 654 277 688 πάγκοινον
290 654 391 689 χρῆσιν
406 654 453 680 καὶ
463 650 596 688 ἁγίαν,ἧς
606 652 636 679 τὸ
650 652 740 683 καθὼς
755 651 910 679 ἀπέσταλκέ

131 707 162 734 με
193 700 207 726 ὁ
225 699 330 734 Πατὴρ,
355 700 499 733 προέκρινε
525 699 556 725 τὸ
579 698 670 729 καθώς
688 706 751 733 περ.

162 743 231 779 ρλς’.
247 745 284 772 Τὸ
299 745 327 771 δὲ
347 744 492 779 εὐδόκησεν
506 744 567 771 λίαν
583 744 691 778 σεμνῶς
700 741 778 770 εἶπεν
796 751 803 768 τ
822 743 911 778 ὑψηλὴ

130 790 181 825 γὰρ
189 790 261 822 λέξις
273 790 303 817 τδ
317 790 447 822 εὐδοκείν,
463 790 509 817 καὶ
526 790 586 825 Θεῷ
614 791 661 817 καὶ
683 789 765 822 Deiot;
785 789 913 823 ἀνδράσιν

130 835 392 871 ἀποκεκληρωμένη,
408 837 496 863 ὁποῖοι
512 836 627 871 μάλιστα
642 835 666 862 oi
682 833 814 870 βασιλεῖς.
835 834 913 870 Ἔχει

129 881 155 908 δὲ
171 881 201 908 τὸ
226 881 324 916 σεμνὸν
341 882 386 908 διὰ
410 880 442 908 τὸ
465 881 527 909 κατ’
543 881 681 916 ἐπίκρισιν
695 880 887 915 ἀποφαντικῶς
903 888 911 896 ·

130 927 157 954 οὐ
171 927 226 962 γὰρ
239 926 367 962 ἐδόκησεν
380 927 482 962 φαμὲν,
497 926 559 953 οὐδὲ
587 927 662 954 δοκεῖ
680 927 726 953 ἐπὶ
749 926 805 954 τῶν
825 926 913 953 τοιού-

958 326 1097 359 Christus,
1115 326 1161 360 qui
1190 333 1256 353 sane
1277 334 1338 353 cum
1369 325 1447 353 Patre
1474 326 1573 354 virtute
1602 327 1744 362 formaque

960 371 1110 399 consimilis
1125 375 1175 398 est.
1192 369 1341 405 Hisitaque
1357 371 1396 398 sic
1407 370 1529 404 adjectis,
1545 372 1673 406 quoniam
1697 372 1745 399 bo-

961 425 1025 444 num
1039 410 1141 452 est'per
1166 421 1267 451 partes,
1282 423 1315 444 ex
1339 423 1426 449 more,
1442 417 1561 451 stropha
1586 418 1745 452 perspicere

961 464 1093 495 membra,
1105 463 1244 490 sciendum
1261 466 1302 489 est
1317 461 1389 497 quod
1423 469 1475 489 vox
1491 461 1582 492 καθώς
1597 470 1663 497 περ,
1694 463 1746 490 etsi

962 517 1014 536 non
1028 509 1141 536 multum
1154 508 1236 535 fuerit
1251 508 1323 542 apud
1350 508 1481 542 antiquos
1498 506 1622 535 rhetores
1635 507 1745 541 usitata,

962 553 1068 589 ipsique
1082 553 1224 588 praefertur
1239 553 1269 579 τὸ
1282 552 1420 588 καθάπερ,
1439 557 1468 579 ιιι
1479 553 1563 580 verbo
1579 552 1669 584 καθὼς
1687 560 1748 580 ver-

962 600 1027 626 bum
1048 599 1131 632 καθὰ,
1150 603 1228 634 poeta
1257 601 1347 625 tamen
1370 597 1405 625 ob
1434 603 1552 625 metrum
1577 602 1604 624 et
1626 597 1745 625 similem

961 651 1141 680 sanctumque
1153 653 1242 678 usum,
1260 645 1305 680 qui
1321 644 1422 672 dicitur
1437 653 1445 672 :
1474 644 1565 677 καθὼς
1593 645 1748 671 ἀπέσταλκὲ

964 699 998 726 με
1008 692 1023 718 ὁ
1035 691 1138 726 Πατὴρ,
1153 691 1271 725 praetulit
1285 690 1440 726 κσθὼςπερ.

999 737 1062 764 156.
1079 737 1196 764 Verbum
1209 740 1299 764 autem
1313 737 1460 772 εὺδὸκησεν
1484 736 1562 764 valde
1583 737 1750 765 convenien-

964 788 1004 810 ter
1019 782 1151 810 adhibuit.
1168 783 1284 810 Excelsa
1300 789 1418 817 namque
1435 786 1478 810 est
1504 782 1586 810 dictio
1611 783 1749 815 εὑδοκεϊν,

963 832 991 855 ct
1005 827 1059 856 Deo
1072 828 1226 863 divinisque
1238 828 1304 856 viris
1322 834 1395 856 sorte
1424 829 1538 862 tributa,
1564 829 1660 864 quales
1686 835 1750 857 sunt

965 874 1114 909 praesertim
1132 881 1220 908 reges.
1243 873 1329 902 Habet
1339 879 1428 902 autem
1444 875 1613 911 majestatem
1644 876 1680 904 ob
1694 876 1751 903 ele-

965 919 1064 946 ctionis
1085 919 1198 947 liberam
1228 919 1474 948 manifestationem
1490 928 1498 948 :
1515 928 1569 949 non
1584 921 1656 949 enim
1682 921 1751 949 dici-

130 958 193 1006 των,
207 958 275 1000 ἀλλὰ
293 958 428 1008 εύδόκησε
440 958 488 999 καλ
497 973 603 1000 εὐδοκεῖ
615 980 622 988 ·
639 971 812 1005 αὕτεξούσιος
823 972 852 999 δὲ
863 981 913 998 κυ-

971 970 1026 991 nus
1053 963 1197 998 ἐδόκησεν,
1213 972 1264 991 nec
1272 964 1355 998 δοκεῖ,
1381 972 1444 1000 erga
1457 973 1503 993 eos
1516 966 1594 998 tales,
1610 966 1658 994 sed
1673 966 1751 994 εὐδό-

132 1019 194 1054 ρίως
211 1016 287 1053 ᾧτινι
312 1018 388 1054 αὐτῷ
402 1018 547 1054 κρατοῦντι
573 1017 681 1050 ἑαυτοῦ,
709 1017 771 1053 δίχα
798 1016 912 1051 ἐπιτάγ-

132 1074 215 1099 ματος
229 1065 317 1097 ἔξεστι
343 1066 432 1092 ποιεῖν
457 1065 525 1099 ὅπερ
554 1065 663 1091 ἐθέλει·
695 1064 742 1091 καὶ
765 1064 873 1098 λέγεται
900 1066 914 1091 6

131 1111 249 1142 τοιοῦτος
260 1111 443 1143 αὐτεξουσίως
457 1111 545 1137 ποιεῖν
554 1111 623 1145 ὅπερ
647 1111 680 1137 ἂν
694 1111 768 1145 ποιῇ,
790 1110 828 1141 ὡς
855 1110 914 1142 ὲξδν

131 1156 161 1182 ὃν
174 1156 259 1190 αὐτῷ.
283 1156 445 1183 Ἀδὲσττοτον
458 1156 485 1182 δὲ
498 1155 548 1182 νῦν
564 1155 613 1190 μὲν
635 1155 667 1182 τὸ
687 1155 723 1190 μὴ
749 1155 915 1189 τεταγμένον

132 1202 182 1228 ὑπό
197 1211 250 1229 τινι
264 1203 391 1238 δεσπότῃ.
407 1202 439 1229 Ol
454 1201 483 1228 δὲ
497 1201 607 1228 παλαιοὶ
622 1203 737 1237 ῥήτορες
752 1201 798 1228 καὶ
814 1201 916 1236 βιϐλίον

131 1248 278 1275 ἀδέσποτον
290 1249 356 1282 φασὶ
367 1249 397 1274 τὸ
409 1248 562 1283 ἀνώνυμον,
577 1244 608 1275 οὗ
625 1247 662 1283 μὴ
677 1247 793 1283 φανερὲς
809 1249 823 1274 6
839 1256 916 1282 ποιη-

132 1295 180 1327 τὴς
193 1294 209 1328 ἦ
225 1294 379 1328 ὁδεσπότης
399 1301 407 1308 ·
428 1293 500 1320 οὕτω
513 1294 542 1320 δὲ
555 1293 602 1320 καὶ
617 1286 732 1328 ζήτησιν
756 1293 914 1327 ἀδέσποτον,

132 1339 183 1373 τὴν
196 1339 400 1374 ἀνεπιγραπτον
414 1339 463 1366 καὶ
487 1338 574 1370 οὕτως
586 1338 684 1373 ἄδηλον
699 1345 706 1352 ·
725 1338 773 1364 καὶ
785 1338 880 1373 φήμην
888 1337 916 1364 δὲ

133 1385 278 1412 ἀδέσποτον
289 1385 338 1419 τὴν
347 1385 518 1420 ἀμάρτυρον,
533 1380 567 1419 ἧς
577 1385 627 1410 οὐκ
637 1384 748 1419 οἴδαμεν
759 1384 803 1410 τὸν
816 1384 917 1418 κατάρ-

133 1426 226 1463 ξαντα.
242 1430 272 1456 Εἰ
287 1430 316 1457 δὲ
333 1429 467 1465 πατρόθεν
496 1429 527 1456 τὸ
555 1429 666 1464 Πνεῦμα
693 1430 826 1461 κάτεισιν,
849 1429 918 1456 ἀλλὰ

133 1478 183 1503 καὶ
197 1478 211 1502 6
225 1476 289 1507 Υἱὸς
305 1476 428 1511 επεμψεν
443 1475 509 1502 αὐτό
524 1483 532 1492 ·
549 1475 597 1503 καὶ
613 1475 678 1502 αὐτὸ
692 1475 722 1502 δὲ
738 1474 918 1507 αὐτεξουσίως

134 1521 270 1555 κατῆλθεν
284 1521 442 1548 ἀδέσποτον.
463 1520 574 1552 Πάντως
595 1520 624 1546 δὲ
641 1521 673 1546 οὐ
696 1520 918 1556 περιγέγραπται

134 1568 209 1602 τόπῳ
225 1567 431 1601 καταφοιτῆσαν
446 1566 476 1593 τὸ
490 1565 568 1600 ἅγιον
586 1566 709 1600 Πνεῦμα,
730 1566 802 1592 καθὰ
824 1566 884 1592 οὐδὲ
906 1567 919 1592 ὁ

134 1612 199 1643 Υἱὸς
208 1611 270 1638 οὕτε
280 1610 538 1646 συγκαταὸεσηκὼς,
545 1610 607 1638 οὕτε
615 1611 787 1646 ἀνεληλυθώς
795 1619 804 1626 ·
817 1619 918 1637 παντιο
934 1625 955 1652 C

134 1658 184 1694 χοῦ
196 1659 250 1694 γὰρ
270 1658 314 1685 ἀεὶ
326 1658 458 1693 πάρεστιν
471 1658 489 1692 ἡ
498 1657 565 1692 ἁγία
579 1657 675 1692 Τριάς.

173 1794 239 1830 ρλζ’.
256 1794 381 1829 Σοφίζειν
390 1794 419 1820 δὲ
431 1795 479 1820 καὶ
491 1793 609 1820 ἐνταῦθα
632 1794 663 1819 τὸ
696 1793 794 1827 σοφοὺς
825 1794 921 1825 ποιεῖν,

133 1842 167 1869 οὐ
181 1842 267 1876 δήπου
291 1841 346 1876 γὰρ
373 1840 404 1866 τὸ
432 1839 590 1874 ἑξαπατᾷν·
617 1839 647 1865 τὸ
664 1839 694 1866 δὲ
724 1839 753 1866 ἐν
775 1839 921 1872 γλώσσαις,

133 1889 291 1923 γλώσσῃσιν
305 1885 382 1914 εἶπεν
397 1886 554 1920 ἀναγκαίως
581 1886 823 1922 ποιητικευόμενος
836 1893 843 1902 ·
875 1886 923 1912 καὶ

134 1934 210 1961 ἔστιν
225 1935 241 1970 ἡ
252 1933 323 1967 λέξις
340 1933 447 1964 Ἰώνων,
458 1932 483 1959 οἳ
495 1933 543 1960 καὶ
554 1933 586 1960 τὸ
597 1933 711 1966 μούσαις
723 1933 770 1960 καὶ
781 1933 921 1968 σφαίραις,

135 1980 254 2016 μούσῃσι
272 1980 340 2014 φασὶ
364 1980 412 2006 καὶ
428 1979 575 2013 σφαίρῃσιν
593 1987 601 1995 ο
616 1979 666 2006 οὐκ
688 1978 724 2006 av
747 1979 776 2006 δὲ
797 1978 923 2013 γλώσσας

132 2026 252 2054 ἐνταῦθα
269 2027 353 2061 μόνας
375 2027 482 2060 νοοῖμεν
497 2026 530 2052 ἂν
548 2026 597 2056 τὰς
622 2026 651 2053 ἑν
668 2026 732 2052 εῖδει
755 2026 841 2061 πυρὸς
872 2027 922 2060 ὲμ-

133 2071 312 2107 φανισθείσας
329 2070 406 2101 ποτὲ,
421 2070 490 2096 ἀλλὰ
505 2071 553 2096 καὶ
568 2071 668 2105 μᾶλλον
683 2071 731 2102 τὰς
744 2070 798 2097 τῶν
813 2071 922 2105 ἀλλογε-

132 2117 200 2148 νῶν,
218 2114 261 2148 αἷς
276 2116 314 2147 ὡς
330 2116 488 2151 μελῳδεῖται
504 2116 748 2150 καινουργηθέντες
776 2116 922 2151 ισοφίσθη-

132 2172 186 2190 σαν
198 2164 222 2190 οἱ
252 2162 382 2198 μαθηται.
408 2162 440 2188 El
461 2162 490 2189 δὲ
519 2163 533 2189 6
560 2162 623 2194 Υἱὸς
652 2162 770 2198 σφραγὶς
797 2163 922 2194 ίσότυπος

130 2210 243 2244 λέγεται
265 2208 313 2236 τοῦ
329 2209 447 2243 Πατρδς,
465 2209 496 2235 ού
516 2211 655 2244 μεμπτέον
671 2209 716 2235 τὸν
741 2209 860 2248 μελῳδὸν
884 2210 922 2235 εί-

130 2257 220 2282 πόντα
237 2256 284 2282 καὶ
299 2256 341 2282 ὅτι
356 2255 502 2290 σφραγίζει
517 2256 546 2281 τὸ
561 2255 639 2288 ἅγιον
661 2255 783 2290 Πνεῦμα,
803 2256 849 2281 τὸν
873 2256 919 2282 τοῦ

965 1018 1049 1046 κησεν
1062 1015 1091 1038 et
1102 1010 1218 1044 εὐδοκεῖ,
1251 1011 1427 1044 αὺτεξούσιος
1457 1015 1548 1040 autem
1579 1014 1688 1049 proprie
1712 1020 1752 1042 est

965 1056 1039 1083 illius
1052 1057 1106 1089 cui,
1123 1057 1166 1084 sui
1179 1057 1304 1090 domino,
1321 1058 1426 1091 absque
1438 1058 1563 1093 jussione
1577 1059 1639 1087 licet
1662 1060 1752 1088 facere

964 1103 1036 1137 quod
1053 1103 1119 1130 rult.
1135 1103 1167 1130 Et
1179 1103 1280 1131 dicitur
1296 1103 1358 1132 talis
1372 1105 1554 1138 αὐτεξουσίως
1570 1106 1659 1135 facere
1674 1109 1748 1142 quod

966 1148 1033 1175 facit
1049 1154 1176 1184 tanquam
1191 1149 1242 1184 ipsi
1255 1149 1532 1178 licitum.'A8éanotov
1546 1160 1612 1180 vero
1627 1155 1752 1188 estquod

967 1195 1018 1222 sub
1034 1194 1126 1230 aliquo
1152 1195 1264 1223 domino
1291 1203 1345 1223 non
1370 1201 1410 1224 est
1437 1197 1626 1225 constitutum.
1640 1198 1754 1226 Veteres

967 1245 1058 1268 autem
1080 1241 1203 1269 rhetores
1229 1241 1377 1269 ἀδέσποτον
1406 1250 1516 1278 quoque
1539 1249 1636 1272 vocant
1655 1245 1754 1273 librum

968 1294 1144 1322 anonymum.
1161 1288 1240 1322 cujus
1255 1293 1351 1316 auctor
1366 1293 1413 1316 aut
1425 1289 1553 1318 dominus
1564 1298 1617 1318 non
1630 1298 1742 1326 apparot

968 1333 1008 1360 sic
1034 1333 1116 1361 etiam
1143 1333 1364 1368 disquisitionem
1395 1335 1566 1370 ἀδέσποτον,
1593 1337 1666 1365 illam
1694 1346 1754 1374 qua:

968 1379 1047 1407 titulo
1067 1383 1141 1406 caret
1157 1385 1248 1408 etnon
1269 1385 1311 1408 est
1336 1381 1497 1415 manifesta;
1513 1382 1663 1410 ἀδέσποτον
1688 1391 1755 1419 quo-

968 1432 1020 1459 que
1031 1424 1148 1453 dicimus
1159 1425 1229 1454 hanc
1244 1433 1305 1461 quae
1319 1434 1372 1454 non
1389 1427 1469 1455 habet
1488 1432 1585 1456 testem
1619 1429 1755 1465 cujusque

969 1470 1106 1498 nescimus
1116 1475 1266 1499 auctorem.
1282 1471 1311 1498 Si
1322 1479 1386 1499 vero
1399 1471 1519 1508 Spiritus
1528 1480 1543 1500 a
1554 1473 1633 1502 Patre
1645 1475 1755 1503 descen-

970 1515 1020 1547 dit,
1034 1520 1062 1543 at
1072 1514 1157 1544 Filius
1170 1516 1248 1544 illum
1277 1518 1360 1545 etiam
1376 1519 1462 1546 misit.
1484 1518 1545 1553 ipse
1563 1527 1628 1548 vero
1647 1528 1757 1557 quoque

971 1566 1068 1594 sponte
1083 1567 1134 1588 sua
1145 1560 1286 1596 libereque
1298 1562 1451 1590 descendit.
1467 1563 1527 1591 Non
1543 1570 1635 1593 autem
1647 1567 1757 1595 omnino

971 1607 1204 1640 circumscribitur
1217 1607 1277 1635 loco
1299 1608 1467 1637 descendens
1491 1609 1611 1645 Spiritus
1635 1619 1756 1646 sanctusI

974 1652 1045 1680 sicut
1057 1660 1144 1687 neque
1159 1651 1254 1686 Filius,
1272 1661 1334 1681 cum
1360 1654 1418 1689 ipse
1431 1655 1571 1683 descendit
1593 1663 1640 1685 aut
1663 1667 1757 1688 ascen-

974 1699 1013 1726 dit
1031 1707 1038 1726 :
1056 1698 1156 1734 ubique
1168 1700 1240 1726 cnim
1265 1708 1374 1735 semper
1386 1701 1462 1729 adest
1481 1704 1654 1732 sanctissima
1670 1704 1755 1734 Trini-

975 1749 1027 1772 tas.

1010 1791 1071 1818 157.
1084 1791 1209 1826 Σῡφίξειν
1233 1793 1277 1819 hic
1299 1793 1379 1819 etiam
1408 1795 1546 1829 sapientes
1575 1797 1674 1831 facere,
1703 1807 1757 1826 non

975 1844 1040 1864 sane
1057 1837 1184 1872 decipere
1201 1837 1349 1873 signiﬁcat;
1366 1837 1423 1867 Hoc
1447 1848 1527 1868 vero:
1552 1842 1582 1868 ὲν
1612 1845 1758 1877 γλώσσαις,

975 1883 1062 1918 magis
1074 1885 1179 1918 poetice
1205 1886 1360 1913 necessario
1380 1886 1450 1914 dixit
1474 1887 1639 1924 γλώσσῃσιν.
1673 1889 1759 1918 Dictio

974 1933 1016 1957 est
1032 1929 1120 1957 lonica
1150 1938 1204 1966 qua
1227 1937 1276 1965 pro
1303 1931 1416 1966 μούσαις
1438 1938 1464 1960 et
1497 1935 1637 1969 σφαίραις,
1663 1935 1758 1964 dicunt

977 1975 1092 2010 μούσῃσι
1108 1980 1135 2003 et
1147 1976 1304 2012 σφαίρῃσιν.
1319 1977 1369 2005 Hic
1381 1982 1472 2005 autem
1487 1979 1520 2007 dc
1532 1980 1631 2015 linguis
1655 1983 1760 2017 cogita-

976 2027 1003 2047 re
1013 2020 1157 2053 debemus.
1183 2028 1239 2048 non
1253 2022 1314 2049 istis
1330 2023 1405 2056 solis,
1430 2031 1492 2059 qua:
1505 2026 1555 2052 sub
1573 2025 1643 2060 ignis
1667 2030 1760 2062 specie

975 2073 1169 2102 apparuerunt,
1199 2067 1246 2095 sed
1282 2070 1432 2103 praesertim
1470 2071 1503 2098 de
1545 2072 1758 2107 alienigenarum

975 2114 1085 2148 linguis.
1118 2114 1227 2148 quibus,
1259 2118 1289 2141 ut
1322 2118 1408 2149 poeta:
1436 2117 1554 2145 carmine
1595 2119 1758 2151 celebratur.

975 2160 1098 2187 renovati
1112 2160 1251 2195 sapientes
1266 2161 1332 2190 facti
1349 2166 1413 2189 sunt
1426 2163 1563 2198 discipuli.
1578 2163 1607 2191 Si
1623 2172 1688 2192 vero
1715 2165 1760 2192 Fi-

974 2208 1026 2234 lius
1036 2215 1142 2241 :cquum
1160 2206 1247 2235 Patris
1258 2207 1359 2236 dicitur
1375 2209 1506 2243 sigillum,
1536 2218 1588 2238 non
1603 2212 1758 2246 arguendus

973 2259 1014 2281 est
1033 2260 1110 2289 poeta
1125 2255 1219 2282 dicens
1242 2255 1374 2290 Spiritum
1403 2261 1526 2283 sanctum
1552 2257 1662 2292 signare
1696 2258 1758 2286 Filii

130 2302 199 2328 Υἱοῡ
209 2302 287 2335 λόγον
305 2309 312 2316 ·
328 2301 405 2327 οὐδὲν
418 2303 471 2335 γάρ
483 2310 511 2327 τι
529 2301 630 2328 κωλύει
655 2301 858 2336 προσαρμόζειν
886 2303 917 2337 τῇ

975 2302 1094 2328 verbum.
1107 2301 1188 2328 'Nihil
1204 2301 1276 2328 enim
1296 2301 1409 2336 impedit
1422 2302 1486 2337 quin
1507 2303 1644 2331 tribuatur
1654 2310 1756 2333 sancta:

130 2347 200 2382 ἁγίᾳ
214 2347 310 2382 Τριάδι
324 2347 408 2373 καὶτὸ
425 2347 496 2373 κατὰ
517 2347 566 2382 τὴν
584 2347 719 2382 σφραγῖδα
748 2347 855 2382 σεμνόν.
874 2348 923 2374 Φε-

130 2392 241 2428 ρέσϐιος
254 2392 283 2418 δὲ
295 2392 372 2427 λόγος
388 2393 489 2427 κυρίως
513 2393 561 2419 καὶ
575 2393 700 2428 πρώτως,
718 2394 732 2420 6
750 2393 787 2428 μὴ
805 2394 865 2420 κατ’
877 2394 922 2421 ἅν-

128 2439 242 2472 θρωπον
255 2438 300 2465 τὸν
311 2438 416 2470 ἁπλῶς,
434 2438 501 2465 ἀλλὰ
517 2439 531 2464 6
544 2438 592 2465 τοῦ
609 2439 675 2465 Υἱοῦ
701 2439 749 2465 τοῦ
770 2438 849 2472 Θεοῦ,
875 2440 921 2466 τοῦ

127 2485 181 2511 καὶ
190 2484 278 2516 ἀλλως
295 2484 346 2519 μὲν
359 2484 559 2519 σεμνυνομένου
573 2485 607 2519 τῇ
620 2485 731 2521 τοιαύτῃ
758 2485 829 2518 λέξει
857 2487 922 2512 πολ-

126 2530 234 2564 λαχῶς,
248 2529 366 2564 μάλιστα
375 2529 404 2556 δὲ
415 2529 456 2555 ὅτι
469 2528 551 2559 αὐτὸς
580 2528 658 2562 λόγος
685 2529 744 2564 ἦτοι
766 2530 840 2556 αἰτία
863 2530 922 2555 ἐστὶ

126 2576 243 2602 πάντων
251 2575 305 2602 τῶν
319 2575 415 2608 ὀντων,
430 2576 476 2602 καὶ
489 2575 535 2602 διὰ
558 2575 638 2601 τοῦτο
650 2576 698 2602 καὶ
714 2576 847 2609 ζωογόνος
873 2576 922 2602 καὶ

127 2621 290 2656 φερὲσὸιος,
307 2621 366 2656 ἢτοι
387 2621 477 2656 φέρων
491 2621 557 2655 ἡμῖν
587 2621 655 2655 βίον,
677 2621 747 2654 ὅπερ
775 2621 832 2647 ἐστὶ
850 2620 922 2656 ζωὴν

126 2665 243 2701 διπλῆν,
261 2667 311 2702 τὴν
325 2667 396 2693 κατὰ
410 2667 500 2701 ψυχὴν
517 2666 584 2701 ὁμοῦ
597 2667 647 2693 καὶ
674 2666 774 2702 σάρκα,
801 2667 849 2694 καὶ
871 2667 921 2701 τὴν

125 2714 205 2740 κατὰ
219 2712 287 2748 βίον,
299 2713 330 2740 ὃν
343 2713 392 2739 καὶ
403 2713 486 2738 αὐτὸν
500 2712 574 2748 ζωὴν
591 2711 667 2739 καλεί
681 2714 694 2739 ό
709 2713 851 2747 σεμνύνων
875 2713 922 2740 τὸν

132 2759 290 2793 Ἰθακήσιον
300 2759 378 2793 ἥρωα
402 2759 443 2784 ὃτι
465 2758 521 2790 ζωὴ
550 2758 625 2793 αὐτῷ
653 2756 687 2794 ἧν
710 2758 816 2793 πολλή·
850 2759 921 2794 ζωὴν

125 2806 235 2836 ἐκεῖνος
248 2805 333 2838 λέγων
345 2805 395 2838 τήν
405 2812 434 2830 τε
450 2803 535 2838 ἀλλην
564 2805 593 2831 ἐν
609 2804 659 2839 βίῳ
679 2804 777 2839 κτῆσιν
797 2805 844 2831 καὶ
872 2806 921 2840 τὴν

125 2851 213 2885 ζώοις
230 2851 423 2881 παντοδαποῖς.
441 2849 489 2876 Ἐκ
502 2850 550 2876 τοῦ
572 2851 647 2885 φέρω
669 2851 697 2877 δὲ
723 2851 859 2886 φερέθιος,
884 2852 922 2882 ὡς

126 2898 417 2933 ἄρχωάρχέπλουτος,
438 2898 485 2922 καὶ
505 2897 543 2929 ὡς
566 2898 642 2931 φέρω
656 2899 807 2933 φερέοικος.
829 2899 878 2925 Διὰ
892 2898 921 2925 δὲ

129 2947 164 2973 τὰ
182 2946 268 2981 συχνὰ
284 2945 389 2980 βραχέα
404 2945 548 2979 φωνήεντα
564 2945 611 2970 καὶ
621 2944 672 2979 τὴν
692 2945 809 2973 ἐνταῦθα
838 2954 920 2972 7.417.0-

318 2992 458 3024 PATROL.
479 2994 538 3025 Gn.
563 2991 724 3023 CXXXVI.

976 2346 1100 2374 Trinitati
1119 2348 1189 2382 quod
1205 2347 1231 2374 in
1241 2347 1330 2382 sigillo
1342 2349 1525 2376 venerandum
1541 2354 1593 2376 cst.
1616 2349 1758 2378 Viviﬁcum

975 2398 1064 2420 autem
1076 2394 1188 2420 verbum
1205 2394 1316 2428 proprie
1331 2394 1504 2429 primumque
1530 2403 1583 2422 non
1613 2402 1655 2424 est
1672 2397 1759 2425 homi-

976 2437 1148 2472 uisvulgaris
1161 2439 1285 2471 verbum,
1315 2439 1361 2466 sed
1390 2438 1508 2467 Verbum
1542 2439 1604 2469 Filii
1628 2442 1686 2475 Dei,
1711 2444 1758 2478 qui

975 2484 1098 2519 προιοιὶ
1111 2484 1230 2512 dictione
1247 2485 1411 2518 celebratur,
1449 2486 1496 2513 sed
1528 2487 1588 2514 idco
1605 2494 1758 2523 prtesertun

977 2530 1049 2564 quod
1064 2530 1122 2565 ipsc
1136 2530 1207 2557 ratio
1231 2530 1266 2557 sit
1286 2530 1386 2566 (λόγος)
1414 2530 1471 2558 sive
1495 2539 1577 2560 causa
1597 2540 1759 2562 cunctorum

978 2576 1081 2602 cntium
1097 2583 1105 2608 ;
1121 2579 1147 2602 et
1162 2574 1264 2602 idcirco
1279 2575 1379 2603 dicitur
1404 2576 1527 2604 viviticus
1539 2581 1566 2604 et
1581 2578 1682 2611 vitalis,
1711 2587 1758 2607 seu

976 2621 1057 2648 nobis
1071 2621 1164 2648 ferens
1178 2621 1270 2654 vitam,
1296 2620 1323 2648 id
1340 2626 1392 2655 est,
1418 2622 1553 2657 duplicem
1580 2623 1675 2658 vitam,
1698 2633 1757 2653 eam

976 2672 1036 2700 quae
1048 2666 1130 2693 simul
1146 2666 1179 2692 ad
1190 2666 1311 2693 animum
1324 2670 1350 2694 et
1364 2674 1472 2695 carnem
1491 2669 1613 2704 respicit,
1642 2675 1671 2698 et
1684 2671 1758 2698 illam

974 2720 1035 2747 qua:
1051 2712 1127 2747 juxta
1142 2711 1241 2739 rictum
1256 2713 1458 2748 consideratur,
1478 2722 1559 2750 quem
1573 2716 1655 2743 etiam
1678 2717 1758 2743 vitam

975 2758 1093 2793 appellat
1111 2758 1163 2786 iste
1182 2758 1323 2786 celebrans
1338 2759 1510 2788 lthacensem
1543 2761 1664 2794 heroem,
1687 2763 1760 2796 quod

974 2804 1025 2839 ipsi
1046 2805 1132 2831 multa
1150 2804 1203 2832 vita
1213 2804 1290 2840 (ζωὴ)
1303 2810 1373 2838 erat,
1388 2806 1471 2833 vitam
1499 2814 1600 2834 vocans
1623 2807 1757 2842 reliquam

974 2850 1063 2877 victus
1075 2850 1282 2884 posseSsioncm'
1300 2855 1327 2878 et
1353 2851 1504 2886 praesertim
1530 2859 1590 2879 eam
1621 2852 1647 2878 in
1676 2852 1759 2879 variis

972 2897 1137 2924 animalibus
1151 2900 1279 2924 stantem.
1291 2895 1400 2924 Evcrbo
1409 2902 1498 2924 autem
1511 2898 1586 2932 φέρω
1596 2898 1666 2924 venit
1679 2900 1760 2932 φερέ-

973 2945 1042 2977 σιος,
1073 2944 1144 2972 sicut
1157 2942 1233 2978 ἄρχω
1247 2942 1431 2977 ἀρχέπλουτος
1460 2947 1488 2969 et
1512 2943 1587 2976 φέρω
1604 2944 1756 2978 (prpe-110;.

1522 2988 1557 3017 21
