1965 3115
236 191 287 222 651
575 185 787 218 EUSTATHII
812 184 1187 216 THESSALUNICENSIS
1205 186 1484 217 ΜΕΤιιΟιιΟιιΤΑι
1805 188 1862 220 632

235 249 349 284 Propter
362 247 461 275 multas
475 252 537 273 vero
549 246 644 272 breves
659 243 768 271 vocales
786 247 813 270 et
833 244 932 270 falsam
944 244 1021 271 exin-

1077 246 1200 279 μετρίαν,
1220 245 1361 272 ὲτιενθέσει
1375 246 1421 273 τοῦ
1438 255 1453 272 σ
1479 247 1576 280 γέγονε
1599 246 1743 281 φερέσϐιος

237 295 270 321 de
280 299 448 324 mensuram,
465 291 602 318 additione
615 290 712 316 littera:
737 298 753 315 σ
781 288 882 316 factum
903 293 945 316 est
960 296 1021 316 τοι-η

239 340 303 366 bum
334 337 486 372 φερέσῦιος.
507 335 553 362 Sic
583 342 692 369 quoque
720 334 843 365 θεόδοτος
871 334 900 361 in
932 339 1022 362 metro

239 383 377 413 056.56ro;
393 381 541 408 diceretur.
571 379 676 406 Similis
705 386 770 406 vero
800 378 870 405 ratio
897 378 989 405 littera
1006 387 1022 404 σ

236 429 349 458 donavit
364 427 444 455 etiam
462 425 617 458 θεσπέσιον,
633 429 660 452 et
677 432 710 452 ex
742 424 887 459 θεοεικέλῳ
899 423 1020 457 θέκελον,

234 482 328 511 postea
344 473 481 501 θέσκελον.

372 519 531 552 Truparium
544 519 686 545 secundant
698 518 756 545 σάω
766 518 878 552 quinm.

271 567 390 596 Curabat
406 569 512 594 mentes
525 565 633 600 quidem
651 572 665 591 a
681 569 791 599 peccato

235 613 268 640 Et
283 613 334 641 sibi
350 612 499 647 apparabat
513 610 711 646 apostolorum,

235 660 305 687 Deus
318 657 449 690 Verbum,
462 657 584 684 omnium
596 656 736 691 princeps,
747 655 920 684 immaculata
928 655 1021 690 domo;

235 704 386 740 Equahilis
399 703 507 732 roboris
525 710 615 730 autem
630 707 656 730 et
671 702 929 734 cousubstantialis,

235 750 311 778 Nunc
324 749 488 778 informatur
503 748 623 783 Spiritus
634 748 737 776 lumen.

270 796 331 823 158.
349 796 457 823 Gratias
471 795 571 823 debere
585 801 684 829 magno
697 794 803 821 doctori
828 793 938 822 Christo
956 801 1019 822 sau-

237 847 298 869 etos
314 842 450 877 apostolos
465 841 650 876 philosophice
663 841 741 868 docet
757 846 848 875 poeta,
863 848 916 868 non
935 841 1022 868 mino-

235 896 278 916 res
303 887 400 915 deinde
426 886 540 922 Spiritui
568 891 692 920 sancto;
722 894 828 914 necnon
855 886 906 920 ipsi
934 885 1020 914 Patri.

1764 254 1771 261 “
1791 247 1857 273 οὕτο

1076 292 1122 319 καὶ
1134 293 1148 318 6
1159 293 1277 324 Θεόδοτος
1293 293 1431 324 Θεόσδοτος
1446 293 1475 319 ὲν
1490 293 1582 328 μέτρῳ
1596 293 1705 328 λεχθείη
1718 293 1750 319 ἄν
1764 301 1771 308 ·
1785 294 1862 326 ὅμοι-

1075 347 1102 370 ος
1117 337 1146 364 δὲ
1162 338 1240 372 λόγος
1255 340 1417 373 ὶσιγμάτισι
1440 340 1488 366 καὶ
1499 339 1528 366 τὸ
1549 339 1705 373 Θεσπέσιον,
1720 341 1768 366 καὶ
1785 341 1820 367 τὸ
1831 341 1864 366 ἐκ

1075 383 1227 411 θεοεικέλου
1243 385 1362 418 θέκελον,
1377 383 1435 412 εἶτα
1451 386 1592 418 θέσκελον,

1149 516 1312 550 Τροπὰριον
1327 517 1468 551 δεύτερον
1484 517 1538 550 τῆς
1555 517 1694 552 πέμπτης
1709 519 1799 553 ᾠδῆς.

1075 561 1145 590 XIII.
1169 562 1239 596 Ίῆτο
1254 563 1305 593 τὰς
1322 564 1424 598 φρένας
1441 564 1491 597 μὲν
1509 563 1538 596 ἐξ
1552 564 1701 598 ἁμαρτίας,

1163 609 1196 634 X‘
1211 608 1286 643 αὐτῷ
1304 609 1489 641 κατεσκεύαζε
1505 610 1560 636 τῶν
1585 611 1755 641 ἀποστόλων,

1162 654 1228 685 Θεὸς
1243 654 1329 688 Λόγος
1340 655 1496 690 πάνταρχος
1511 656 1645 691 ἄχραντον
1655 656 1735 691 δόμον
1749 664 1756 671 ·

1168 699 1350 734 ὀμοσθσνοῦς
1364 700 1403 734 δὲ,
1423 702 1470 727 καὶ
1502 702 1720 736 συνουσιωμένου

1162 745 1220 772 Νῦν
1232 746 1447 780 ὲγκατοικίζοιτο
1470 747 1627 782 ηνεύματος
1643 750 1720 782 φάος.

1111 791 1182 826 ρλη’.
1201 792 1324 826 Χάριτας
1339 792 1494 826 ὲποψείλειν
1509 794 1548 829 τῷ
1569 795 1681 829 μεγάλῳ
1712 795 1866 832 διδασκάλῳ

1075 837 1185 872 Χριστῷ
1198 839 1262 869 τοὺς
1280 838 1375 872 ἁγίους
1390 839 1558 870 ἀποστόλους
1578 840 1719 874 φιλοσοφετ
1733 842 1747 867 6
1772 841 1866 876 μελῳ-

1074 882 1120 914 δός
1137 891 1143 898 ·
1159 883 1203 910 ναὶ
1214 882 1246 918 δὴ
1258 884 1354 919 καὶτῷ
1379 884 1449 919 ἁγίῳ
1469 885 1609 920 Πνεύματι
1632 886 1780 918 ἔξάπαντος
1792 895 1799 901 ·
1816 888 1865 922 δῆ-

236 933 385 968 Supremus
396 932 467 960 enim
497 932 656 959 Dominator
681 931 778 963 Filius,
790 935 927 966 quatenus
951 932 1021 958 ratio

1077 927 1119 954 λον
1133 928 1162 954 δὲ
1172 930 1281 960 πάντως
1296 929 1334 960 ὼς
1349 929 1449 956 αὐτίκα
1463 931 1512 957 καὶ
1524 931 1563 965 τῷ
1579 932 1668 965 Πατρί
1678 940 1684 947 ·
1704 932 1718 958 ό
1729 933 1783 967 γὰρ
1795 933 1865 960 πάν-

236 983 393 1013 cunctaeque
410 982 570 1013 persecutor
583 978 719 1010 amentiae,
735 977 794 1012 ἰῆτο
806 977 846 1005 vel
855 978 913 1004 ίᾱτο
924 985 1021 1012 pecca-

236 1029 262 1050 to
279 1027 342 1050 ante
355 1021 556 1054 ascensionem,
572 1026 601 1049 et
613 1021 728 1049 curabat
763 1022 870 1049 animos
885 1022 1023 1056 apostolo-

236 1076 312 1101 rum;
328 1072 401 1096 recte
416 1074 481 1095 vero
505 1068 557 1095 sub
574 1067 726 1103 imperfecti
751 1068 838 1095 forma
861 1068 935 1095 verbi
953 1069 1021 1101 ίᾶτο,

235 1112 450 1148 subintelligeres
463 1121 470 1145 ;
489 1113 583 1148 ίήσατο
595 1113 679 1144 αὑτὰς
693 1113 812 1148 sivejam
830 1118 896 1141 tunc
905 1114 1021 1141 curavit.

235 1158 326 1186 Ethoc
334 1165 417 1193 agens
434 1158 611 1192 etperﬁcicns
623 1159 802 1193 parabatsivc
823 1159 928 1194 pararit
936 1159 1021 1194 αὐτῷ,

235 1205 291 1232 sive
305 1204 404 1239 ἑαυτῷ,
417 1212 478 1232 cum
495 1211 591 1240 aspero
606 1204 714 1239 spiritu,
730 1212 825 1240 puram
841 1205 1021 1238 domum,seu

235 1254 356 1278 sanctam
373 1250 580 1284 habitationem,
610 1257 830 1285 unumquemque
856 1250 1020 1286 apostolum.

235 1295 266 1323 Et
282 1295 335 1324 hoc
361 1296 471 1330 quidem
500 1295 721 1331 sapientissimus
746 1301 908 1324 (economus
936 1295 1022 1323 Filius

235 1341 284 1369 Dei
299 1341 355 1376 jam
369 1345 431 1368 ante
446 1341 517 1369 diem
538 1342 700 1369 hodiernam
719 1342 746 1369 in
778 1347 890 1369 sanctos
915 1345 1024 1376 aposto-

236 1387 276 1415 los
289 1387 451 1422 perfecerat,
468 1394 515 1415 eos
529 1387 581 1414 sibi
599 1387 696 1415 domos
712 1387 815 1415 allabre
842 1387 937 1415 divina
955 1395 1022 1416 cura

235 1438 400 1460 construens
422 1442 429 1461 ι
458 1433 582 1468 quaedam
604 1433 677 1460 enim
704 1433 852 1460 artiﬁciosa
872 1433 954 1460 dictio
981 1437 1024 1461 est

236 1479 452 1511 κατασκευάζειν
463 1487 472 1512 ;
492 1483 550 1511 aut,
564 1484 594 1506 ιιι
604 1479 675 1507 idem
685 1479 786 1512 dicam,
798 1480 1022 1508 architectonica:

237 1525 310 1552 unde
319 1525 478 1551 nominatur
498 1524 569 1559 apud
581 1525 719 1559 sapientes
736 1525 875 1560 ἀνασκιυὴ
891 1529 920 1553 et
937 1534 1021 1553 κατα-

238 1571 333 1604 σκευή.
351 1569 428 1597 Nunc
451 1575 540 1597 autem
565 1569 684 1604 Spiritus
711 1575 835 1603 sanctus,
862 1576 891 1598 ut
916 1578 1023 1606 semper

1073 981 1173 1008 ταρχος
1190 975 1253 1006 Υἱὸς
1272 975 1340 1001 καθὸ
1353 976 1439 1009 Λόγος
1452 976 1498 1003 καὶ
1509 977 1599 1011 πάσης
1612 977 1724 1011 ἀλογίας
1733 978 1867 1013 διώκτης,

1075 1019 1144 1054 ίῆτο,
1157 1019 1240 1054 ἤγουν
1255 1020 1313 1047 ἰᾶτο
1327 1020 1356 1053 ἐξ
1371 1021 1506 1056 ἁμαρτίας
1521 1021 1568 1047 καὶ
1585 1022 1734 1057 ἐθεράπευε
1747 1024 1800 1057 πρὸ
1812 1024 1865 1058 τῆς

1073 1065 1234 1100 ἀναλήψεως
1248 1066 1299 1098 τὰς
1313 1066 1417 1101 φρένας
1431 1067 1486 1093 τῶν
1517 1068 1676 1095 ἀποστόλων
1690 1077 1697 1084 ·
1723 1069 1813 1104 ὀρθῶς
1833 1070 1866 1096 δὲ

1073 1109 1106 1137 ἂν
1120 1110 1160 1144 τῷ
1188 1111 1261 1138 κατὰ
1292 1113 1480 1146 παρατατικὺν
1508 1114 1694 1149 σχηματισμῷ
1717 1115 1763 1141 τοῦ
1791 1115 1869 1148 ἰᾶτο,

1074 1157 1298 1192 συνεπινοήσοιτό
1309 1166 1352 1190 τις
1369 1158 1416 1185 καὶ
1430 1159 1460 1185 τὸ
1477 1159 1571 1194 ἰήσατο
1587 1160 1683 1192 αὐτὰς,
1699 1161 1784 1196 ἤγουν
1800 1161 1864 1187 ἑθε-

1075 1203 1213 1238 ράπευσεν
1226 1203 1331 1230 ἔκτοτε.
1347 1203 1402 1230 Καὶ
1414 1204 1491 1230 τοῦτο
1505 1204 1627 1237 ἐξανύων
1646 1206 1693 1232 καὶ
1718 1206 1867 1239 ἐξανύσας,

1073 1247 1276 1279 κατεσκεύαζεν
1294 1249 1354 1284 ἤτοι
1378 1250 1583 1276 κατεσκεύασεν
1596 1250 1683 1284 αὐτῷ,
1700 1251 1784 1286 ἤγουν
1800 1251 1867 1278 δαυ-

1073 1295 1123 1330 τῷ,
1151 1295 1223 1322 κατὰ
1254 1294 1363 1329 πνεῦμα
1386 1295 1466 1329 δασὺ,
1497 1296 1579 1331 δόμον
1604 1297 1748 1332 ἄχραντον,
1777 1297 1866 1333 ἤγουν

1074 1341 1151 1375 αγιον
1165 1338 1240 1368 οἶκον
1252 1341 1368 1368 ἑκαστον
1383 1341 1533 1369 ἀπόστολον
1550 1350 1557 1358 ·
1586 1344 1634 1370 καὶ
1660 1342 1740 1370 τοῦτο
1767 1344 1817 1378 μὲν
1848 1345 1866 1370 6

1074 1387 1230 1422 σοφώτατος
1240 1387 1383 1422 οἰκοδόμος
1399 1388 1413 1414 ό
1438 1388 1503 1419 Υιδς
1524 1387 1573 1415 τοῦ
1597 1388 1664 1415 Θεοῦ
1692 1389 1790 1424 ἤνυσεν
1810 1390 1867 1426 ἤδη

1074 1434 1182 1473 φθάσας
1198 1434 1251 1469 πρὸ
1264 1433 1313 1469 τῆς
1329 1435 1451 1470 σήμερον
1465 1435 1512 1461 ἐπὶ
1524 1435 1582 1467 τοῖς
1608 1435 1698 1470 ἁγίοις
1714 1436 1866 1471 μαθηταίς,

1074 1480 1164 1511 οἴκους
1179 1479 1301 1511 ἑκείνους
1316 1479 1407 1515 ἑαυτῷ
1423 1481 1630 1516 συστησάμενος
1659 1482 1867 1517 ἐπιστημονορ-

1073 1525 1158 1560 χικῶς
1173 1525 1258 1560 ινθέῳ
1270 1526 1409 1562 σκευωρία
1421 1533 1428 1541 ·
1444 1527 1588 1562 τεκτονικὴ
1602 1529 1659 1563 γάρ
1677 1537 1718 1560 τις
1732 1529 1808 1562 λέξις
1833 1530 1867 1556 τδ

1075 1572 1292 1603 κατασκευάζειν
1310 1581 1316 1588 '
1336 1572 1435 1599 ταυτὸν
1446 1572 1469 1599 δ’
1485 1574 1571 1600 ειπιῐν
1602 1576 1650 1601 καὶ
1678 1575 1839 1610 οἰκοδομικῆ
1857 1585 1865 1591 -

238 1618 348 1654 dignam
368 1624 494 1652 quaerens
514 1617 742 1644 iuhabitationt-m
757 1624 789 1644 ac
804 1617 1023 1652 permansionem

1077 1618 1136 1646 ὅθεν
1155 1619 1314 1654 ὠνόμασται
1326 1619 1402 1655 καὶή
1427 1620 1504 1656 παρὰ
1530 1621 1586 1653 τοῖς
1611 1623 1703 1656 σοφοῖς
1723 1623 1867 1658 ἀνασκευὴ

237 1663 303 1696 sibi,
328 1663 446 1690 inventis
467 1667 624 1690 sanctorum
655 1663 840 1697 apostolorum
870 1663 980 1696 animis,
997 1663 1024 1690 id

238 1714 290 1743 est,
306 1709 533 1737 intellectualibus
557 1708 694 1742 domibus,
727 1709 817 1743 scopis
842 1709 979 1736 mundatis
998 1714 1026 1737 et

238 1756 442 1792 pulchritudine
463 1755 679 1790 splendentibus,
709 1760 862 1782 aromatum
885 1755 983 1790 plenis,
997 1760 1025 1783 et

237 1803 273 1830 ad
299 1801 375 1829 illum
404 1800 581 1829 alliciendum
610 1800 688 1827 valde
719 1800 835 1832 idoneis,
862 1800 1024 1828 inbabitavit

239 1846 397 1882 huiusmodi
411 1845 547 1879 domibus,
567 1849 661 1879 utpote
685 1844 731 1879 qui
751 1851 813 1872 cum
832 1845 878 1872 illo
904 1845 1025 1879 ejusdem

238 1897 281 1921 est
309 1893 419 1920 virtutis
444 1896 471 1919 et
500 1889 754 1918 consubstantialis.
784 1889 833 1918 Hic
861 1891 943 1918 etiam
972 1891 1024 1926 ipsi

237 1939 350 1969 liberas
360 1939 439 1974 plena
459 1945 509 1966 nec
528 1937 583 1964 ulla
615 1937 848 1964 senatusconsulti
864 1938 1024 1970 necessitas,

239 1985 284 2012 ubi
299 1991 348 2013 nec
363 1983 465 2011 invidia
483 1989 532 2009 nec
546 1981 686 2009 contentio
707 1980 857 2015 reperitur.
885 1979 960 2008 Ilanc
976 1981 1026 2015 igi—

239 2035 284 2058 tur
295 2030 375 2058 Vcrbi
385 2029 508 2061 domum,
521 2036 580 2063 qua:
592 2027 674 2055 simul
687 2031 729 2054 est
739 2025 840 2059 Patris,
852 2027 930 2054 hodie
943 2026 1013 2061 Spiri
1022 2039 1031 2047 -

241 2081 284 2104 tus
310 2081 421 2104 sanctus
435 2074 611 2110 ingredietur,
624 2073 676 2105 vel,
695 2078 723 2100 ut
749 2072 899 2107 simplicius
927 2073 1026 2105 dicam,

242 2122 356 2150 habitat.

1076 1666 1124 1692 καὶ
1138 1666 1307 1701 κατασκευή.
1324 1665 1382 1693 Νῦν
1394 1666 1422 1692 δὲ
1436 1666 1467 1693 τὸ
1489 1666 1602 1702 Πνεῦμα
1612 1668 1642 1694 τὸ
1659 1667 1736 1702 αγιον
1759 1669 1798 1700 ὡς
1819 1670 1867 1695 ἀεὶ

1075 1712 1174 1747 ζητοῦν
1187 1712 1264 1745 ἀξίαν
1276 1713 1412 1748 ἐνοίκησιν
1434 1713 1483 1740 καὶ
1494 1714 1657 1748 παραμονὴν
1681 1714 1788 1748 ἑαυτοῦ,
1817 1716 1869 1741 εὑ-

1078 1760 1124 1795 ρδν
1136 1759 1185 1790 τὰς
1198 1759 1253 1785 τῶν
1271 1759 1357 1793 ἁγίων
1372 1759 1534 1786 ἀποστόλων
1543 1759 1645 1794 ψυχὰς,
1673 1760 1687 1786 δ
1714 1762 1773 1787 ἐστι
1799 1762 1868 1793 τοὺς

1076 1806 1213 1837 τοιούτους
1228 1805 1338 1840 νοητοὺς
1353 1805 1444 1837 οἴκους
1470 1805 1571 1839 αὐτῶν,
1595 1807 1788 1841 σεσαρωμένας
1819 1809 1869 1834 καὶ

1077 1855 1115 1884 sl;
1133 1853 1230 1884 κάλλος
1247 1852 1437 1887 λαμπομένας,
1452 1853 1500 1879 καὶ
1515 1853 1661 1888 ἀποφορᾶς
1680 1854 1799 1886 εὐώδους
1815 1864 1870 1881 πε-

1078 1900 1247 1935 πλησμένας,
1262 1900 1310 1926 καὶ
1323 1899 1391 1926 πολὺ
1408 1900 1439 1926 τὸ
1464 1899 1579 1934 ὲφολκδν
1600 1900 1684 1927 αὑτοῦ
1711 1901 1874 1935 εὐπραγού-

1079 1944 1268 1980 σας,ὲνῲκησε
1280 1946 1336 1976 τοῖς
1357 1945 1489 1976 τοιούτοις
1512 1945 1599 1976 οἴκοις
1625 1946 1672 1972 τοῦ
1699 1947 1874 1981 όμιοσθενοῦς

1079 1989 1153 2025 αὐτῷ
1167 1990 1214 2016 καὶ
1229 1991 1447 2025 συνουσιωμένου
1463 1991 1542 2024 ἁγίου
1571 1990 1730 2026 Πνεύματος
1750 2001 1758 2008 -
1772 1993 1875 2023 αὐτεξ-

1079 2035 1171 2062 ούσιον
1195 2036 1333 2063 κάνταῦθα
1362 2037 1410 2063 καὶ
1436 2036 1674 2071 προϐουλεύματος
1698 2037 1729 2062 οὺ
1773 2037 1875 2071 δεόμε-

1079 2091 1136 2115 νον,
1150 2081 1213 2108 ἔνθα
1226 2081 1287 2108 οὔτε
1300 2081 1408 2116 φθόνος,
1426 2081 1488 2108 οὔτε
1501 2081 1596 2112 στάσις
1621 2081 1733 2116 ἡτισοῦν
1749 2090 1874 2117 παρεισ-

1080 2129 1213 2163 κρίνεται.
1232 2128 1277 2162 Τῷ
1290 2128 1356 2162 γοῦν
1373 2127 1439 2163 οἴκῳ
1456 2128 1503 2155 τοῦ
1518 2128 1616 2161 Λόγου,
1632 2128 1732 2154 αὐτίκα
1765 2128 1795 2154 δὲ
1823 2131 1874 2154 καὶ

1080 2175 1125 2202 τοῦ
1140 2175 1255 2210 Πατρός,
1274 2175 1321 2201 καὶ
1338 2175 1367 2201 τὸ
1385 2174 1463 2207 ἅγιον
1480 2174 1591 2209 Πνεῦμα
1607 2175 1726 2210 σήμερον
1741 2175 1877 2208 ἐγκατοι-

1081 2213 1197 2255 κίζοιτο,
1211 2221 1294 2256 ἤγουν
1308 2221 1444 2250 ἁπλοϊκῶς
1459 2222 1555 2253 εἰπεῖν,
1572 2222 1682 2247 ὲνοικεῑ.

280 2271 342 2299 1'59.
359 2270 477 2299 Verbum
507 2268 565 2304 ἰῆτο
592 2271 701 2303 poterat
725 2267 808 2295 etiam
838 2267 930 2294 dicere
959 2267 1024 2298 tiro,

1118 2269 1184 2304 ρλϐ’.
1199 2268 1236 2295 Τὸ
1267 2267 1296 2294 δὲ
1327 2268 1385 2302 ίῆτο
1403 2265 1459 2302 εἶχε
1483 2268 1533 2302 μὲν
1561 2268 1607 2294 καὶ
1622 2268 1679 2294 ἰᾶτο
1701 2269 1792 2295 εἰπεῖν
1815 2279 1875 2296 κοι-

242 2317 416 2347 communius
431 2322 479 2350 per
491 2314 608 2341 litteram
619 2322 646 2340 α.
657 2314 781 2348 Sequens
789 2317 890 2345 autem,
901 2316 1028 2346 tanquam

242 2369 400 2396 extraneus,
413 2363 497 2394 istud,
516 2360 607 2396 ίητρος
619 2364 647 2387 et
661 2360 790 2395 ίητρεῖον,
807 2358 895 2386 ionice
905 2359 1005 2386 dictum
1019 2366 1027 2392 ;

243 2417 270 2440 et
289 2411 340 2438 hoc
357 2419 364 2438 :
379 2416 432 2436 non
445 2408 558 2435 oculum
575 2407 690 2441 ἰήσεται,
706 2405 851 2440 nequidcm
867 2405 1027 2439 Neptunus;

242 2456 339 2485 scribit
353 2461 380 2483 et
394 2456 451 2490 ipse
466 2454 526 2489 ιῆτο
551 2460 601 2487 pro
616 2452 735 2487 ιάτρευε.
753 2451 865 2479 Pectora
879 2459 941 2478 vero
951 2450 1028 2478 Chri-

244 2509 314 2532 stum
344 2509 442 2530 sanare
471 2499 546 2532 dicit,
574 2506 628 2527 non
659 2498 775 2529 viscera,
806 2497 849 2524 vel
877 2496 1028 2531 corporalia

243 2554 365 2584 pectora,
383 2553 499 2581 quorum
513 2544 649 2572 derivatio
666 2550 707 2572 est
726 2543 858 2578 φρενῖτις,
883 2543 932 2570 sed
946 2543 1028 2577 spiri-

243 2594 338 2626 tualia,
351 2592 502 2620 secundum
518 2598 578 2625 quae
594 2589 696 2618 sensati
709 2588 877 2623 (φρενήρεις)
901 2593 1028 2622 parentes

243 2648 315 2673 esse,
331 2643 358 2667 ct
371 2646 424 2666 non
439 2637 625 2665 seductionem
641 2642 729 2670 neque
749 2634 913 2663 dementiam
924 2633 1027 2664 subire.

244 2691 372 2722 putamus
404 2683 449 2710 illa
478 2682 627 2718 quidquam
656 2681 738 2708 etiam
759 2680 844 2708 fuisse
871 2683 1027 2713 cooperata.

244 2731 318 2761 Istud
332 2730 405 2758 enim
428 2728 576 2764 aliquando
603 2727 684 2754 faciet
717 2726 850 2758 medicus,
876 2724 975 2752 timens
996 2732 1028 2751 ne

247 2776 452 2813 bypochondria
466 2778 577 2802 curatus
591 2773 678 2800 morbi
692 2772 869 2808 perversitate
899 2771 1027 2806 patiatur.

244 2822 363 2850 Medicus
379 2826 469 2848 autem
487 2820 651 2850 animarum,
673 2817 721 2845 Dei
736 2817 833 2849 Filius.
858 2818 884 2844 in
916 2822 1028 2852 aposto-

243 2870 277 2896 lis
304 2867 488 2896 habitaculum
506 2865 570 2898 sibi,
585 2868 700 2892 mentem
713 2868 801 2897 curat,
813 2871 873 2898 quae
887 2871 983 2897 sapere
999 2864 1027 2891 in

244 2914 399 2942 boutinibus
414 2917 466 2945 est.
492 2919 540 2941 seu
568 2910 694 2946 φρονοῦν,
727 2910 801 2946 quod
825 2910 927 2946 φρένας
959 2910 1027 2938 diait

1081 2315 1188 2349 νότερον
1199 2314 1244 2340 διὰ
1261 2313 1309 2340 τοῦ
1323 2321 1364 2340 α·”
1382 2313 1538 2340 ἀκολουθῶν
1553 2312 1581 2338 δὲ
1596 2312 1633 2344 ὡς
1645 2309 1689 2338 οἷα
1704 2312 1875 2348 ὲξωτερικῇς

1079 2360 1117 2395 τῷ
1130 2360 1221 2395 ἰητρὸς
1232 2361 1278 2386 καὶ
1294 2360 1411 2394 ίητρεῖον
1430 2359 1555 2391 ίωνικῶς,
1567 2359 1614 2384 καὶ
1626 2359 1686 2392 τῷ-
1699 2359 1752 2385 οὐκ
1769 2360 1875 2394 ὀφθαλ-

1081 2407 1130 2440 μὸν
1158 2406 1276 2440 ἰήσεται,
1306 2405 1361 2431 οὐδ’
1384 2404 1546 2439 Ἐνοσίχθων
1560 2418 1572 2424 -
1588 2403 1687 2438 γράφει
1710 2405 1758 2430 καὶ
1788 2406 1874 2436 αὐτὸς

1079 2451 1274 2486 ὲνταῦθαίῆτο
1302 2451 1364 2477 ἀντὶ
1396 2450 1444 2476 τοῦ
1480 2450 1587 2484 ἱάτρευε
1604 2457 1612 2463 “
1643 2450 1747 2484 φρένας
1774 2450 1803 2476 δε
1826 2452 1874 2476 τὸν

1079 2496 1196 2531 Χριστὸν
1207 2497 1297 2523 ἰᾶσθαι
1313 2497 1406 2531 φησὶν,
1419 2496 1449 2522 οὐ
1467 2495 1499 2522 τὸ
1514 2495 1678 2530 σπλάγχνον,
1706 2495 1758 2526 τὰς
1774 2503 1873 2531 σωμα-

1079 2543 1157 2572 τικὰς
1177 2541 1288 2577 δηλαδὴ,
1303 2539 1340 2568 ὦν
1357 2541 1522 2575 παρώνυμος
1538 2542 1554 2575 ἡ
1574 2542 1707 2575 φρενῖτις,
1723 2542 1794 2567 ἀλλὰ
1822 2543 1872 2574 τὰς

1079 2588 1210 2623 ψυχικὰς,
1225 2587 1287 2614 καθ’
1306 2587 1340 2618 ἃς
1354 2588 1501 2622 φρενήρεις
1531 2587 1689 2621 φαινόμενοι
1718 2586 1801 2620 εῖναι,
1827 2590 1874 2616 καὶ

1080 2633 1143 2660 οὔτε
1173 2633 1352 2668 φρεναπάτην
1387 2633 1515 2667 πάσχειν,
1550 2632 1611 2658 οὔτε
1644 2634 1872 2667 φρενοϐλάϐειαν.

1081 2679 1233 2714 φρονοῦμεν
1251 2678 1430 2712 συντελούσας
1445 2687 1472 2704 τι
1487 2679 1534 2704 καὶ
1561 2678 1657 2709 αὑτάς.
1692 2679 1798 2707 Ἐκεῖνο
1825 2681 1873 2715 μὲν

1080 2727 1134 2761 γὰρ
1150 2727 1240 2760 ἰατρός
1261 2733 1323 2751 ποτε
1337 2725 1456 2759 ποιήσει,
1470 2724 1566 2755 δεδιὼς
1581 2724 1617 2758 μὴ
1632 2726 1679 2750 καὶ
1705 2726 1736 2751 τὸ
1757 2727 1873 2762 ὑποχόν-

1080 2773 1152 2808 δριον
1162 2773 1176 2798 6
1195 2771 1384 2806 ἰατρευόμενος
1401 2770 1563 2806 δυσπαθήσῃ
1579 2771 1754 2806 κακοτροπίᾳ.
1767 2773 1847 2798 νόσου
1860 2781 1872 2789 -

1080 2819 1094 2845 ὁ
1106 2819 1134 2845 δὲ
1149 2817 1203 2844 τῶν
1219 2817 1313 2852 ψυχῶν
1331 2816 1434 2851 ἰατρὸς,
1452 2816 1465 2842 ὁ
1481 2815 1529 2841 τοῦ
1558 2816 1625 2842 Θεοῦ
1659 2816 1735 2846 Υὲὸς,
1765 2819 1794 2844 ἐν
1818 2818 1876 2849 τοῖς

1080 2863 1240 2895 ἀποστόλοις
1251 2863 1281 2888 τὸ
1296 2862 1371 2897 αὑτῷ
1385 2862 1479 2895 οίκεῖν,
1497 2861 1542 2888 τὸν
1565 2862 1627 2887 νοῦν
1650 2862 1813 2897 θεραπεύει,
1842 2865 1877 2893 6;

1080 2913 1137 2939 ἐστι
1153 2910 1183 2937 τὸ
1199 2911 1227 2938 ὲν
1239 2908 1393 2944 ἀνθρώποις
1409 2907 1538 2943 φρονοῦν,
1552 2907 1567 2934 ὃ
1583 2908 1684 2943 φρένας
1696 2906 1779 2936 εἷπεν
1791 2911 1807 2936 ὀ
1821 2918 1881 2944 με-
