1965 3115
164 209 218 241 653

573 209 615 239 IN
634 208 804 238 HYMNUM
826 202 1152 237 PENTECOS’I‘ALEM
1171 201 1398 236 DAMASCENL

1731 202 1783 238 654

165 265 248 298 λῳδός
258 273 264 280 ”
283 266 311 292 τὸ
325 265 354 292 δὲ
367 265 397 298 ἐξ
409 267 547 301 ἁμαρτίας
577 267 646 301 πρὸς
673 267 817 301 ἁκρίὸειαν
844 266 949 297 ἑννοίας

1007 268 1092 298 poeta.
1109 262 1166 290 Hoc
1183 267 1272 290 autem
1289 272 1296 290 :
1312 262 1341 295 ἐξ
1357 264 1505 299 ἁμαρτίας,
1521 265 1555 292 ad
1580 265 1721 293 sententiae
1737 272 1783 292 ac-

165 311 254 339 κεϊται
267 317 276 326 '
293 311 400 344 φρενῶν
414 311 468 346 γὰρ
481 311 604 347 ψυχικῶν
623 312 728 346 ἰατρεία
740 311 778 343 ὡς
803 311 851 338 καὶ
879 319 946 346 καρ-

164 355 232 388 δίας,
244 357 261 390 ἡ
276 357 323 391 τῆς
335 358 471 393 ἁμαρτίας
484 358 629 394 ἐξαίρεσις.

201 404 257 435 ρμ¹.
273 401 327 428 Καὶ
343 403 498 437 σημείωσαι
512 404 541 430 τὺ
558 404 628 437 ίῆτο,
644 404 729 439 ἧγουν
750 399 859 438 ίάτρέυε
883 404 948 438 φρέ-

165 455 212 477 νας
228 447 257 480 ἐξ
273 447 409 482 ἁμαρτίας
425 457 433 464 ·
450 449 485 475 δι’
499 450 528 475 οὗ
558 449 684 485 δηλοῦται
705 450 745 477 ὅτι
777 450 849 476 καθὰ
875 449 948 477 νόσοι

165 493 300 526 σωμάτων
315 494 344 520 at
357 494 417 520 κατ’
441 495 530 522 έκεῖνο
554 495 687 531 καχεξίαι,
717 496 789 523 οὕτω
812 496 860 523 καὶ
883 505 947 532 φρε-

164 538 218 563 νῶν
231 538 259 566 αι
274 538 408 574 ἁμαρτίαι
422 548 429 555 ·
446 541 492 566 καὶ
505 541 545 566 δτι
559 540 618 575 ἅμα
633 541 746 567 ἐκείνων
761 542 831 573 tam;
848 543 947 568 ἀποτε-

164 584 263 615 λεῖται,
276 585 323 611 καὶ
333 585 433 612 αὐτίκα
444 585 525 619 δόμος
539 586 607 612 Θεοῦ
632 587 736 620 γίνεται
752 588 766 613 ό
786 585 948 622 τεθεραπευ-

167 628 247 663 μένος
267 637 274 643 ·
292 629 329 661 ὡς
342 630 370 656 δὲ
383 630 508 663 σώματος
525 631 721 658 καθικνοῦνται
745 632 817 659 νόσοι
844 634 890 659 καὶ
913 633 948 659 δι’

163 675 312 710 ἁμαρτίας,
328 675 413 710 ἔμαθε
432 677 480 703 καὶ
490 678 504 703 ὁ
516 677 635 708 ἀκούσας
648 677 688 708 τὸ,
705 678 758 705 Ἴδε
771 678 849 713 ὑγιὴς
872 679 949 713 γέγο-

163 730 214 752 νας
225 730 233 736 -
249 723 350 756 μηκέτι
366 722 508 757 ἁμάρτανε
523 732 530 738 ·
546 724 594 751 καὶ
606 724 663 758 ἔχει
677 724 795 758 εὐλόγως
812 724 859 751 καὶ
873 727 948 751 τουτὶ

163 769 194 794 τὸ
211 769 338 804 πρᾶγμα.
355 769 386 795 Et
401 770 454 804 γὰρ
465 769 496 796 τὸ
506 770 566 797 κατ’
580 771 724 805 ἄνθρωπον
738 771 883 806 ὀργανικὸν
896 772 947 798 σῶ-

165 822 204 848 μα
230 814 347 848 βλάπτει
371 815 462 850 ψυχὴν
489 816 562 842 καθὰ
586 817 633 842 καὶ
656 817 782 852 τεχνίτην
805 817 948 851 ἄνθρωπον

164 860 212 886 καὶ
225 860 393 895 ἐπιστήμονα
420 862 549 893 πολλάκις
572 862 754 897 τραυματίζει
783 863 831 889 καὶ¹
861 862 948 895 ἄλλως

164 905 193 931 δὲ
206 905 286 931 λυπεῖ
298 906 328 932 τὸ
345 906 408 933 κατ’
421 907 504 933 αὑτὸν
518 907 644 943 ὄργανον,
662 908 717 934 οὐδ’
731 910 820 935 ἐκεῖνο
843 909 948 941 ἀπαθὲς

1001 308 1170 335 curationem
1190 307 1324 342 ponitur:
1344 313 1484 342 pectorum
1512 310 1585 337 enim
1602 309 1784 345 spiritualium

1001 354 1107 382 sicutet
1118 353 1209 381 cordis
1222 355 1339 385 curatio,
1355 358 1399 382 est
1411 354 1496 389 culpa:
1511 356 1626 383 avulsio.

1036 400 1098 427 “0.
1110 399 1263 427 Notandum
1277 405 1319 427 est
1336 401 1386 427 hoc
1397 400 1459 428 loco
1475 409 1482 428 :
1501 400 1570 435 ιῆτο,
1603 401 1661 429 sive
1688 402 1785 429 libera-

1003 446 1048 473 bat
1068 446 1185 480 peccatis
1198 451 1306 480 pectora
1319 454 1326 472 :
1339 446 1402 473 hinc
1411 446 1613 473 demonstratur
1628 448 1700 482 quod
1712 447 1786 474 sicut

1002 492 1091 520 morbi
1106 492 1264 526 corporales
1281 493 1344 519 sunt
1360 492 1437 519 malm
1453 493 1578 527 corporis
1597 490 1783 525 habitudines,

1002 539 1042 566 sic
1054 543 1080 566 ct
1093 543 1234 572 pectorum
1256 538 1364 573 culpat;
1393 539 1531 573 quodque,
1556 539 1649 566 statim
1669 541 1699 566 ut
1726 540 1788 567 illo-

1001 592 1062 611 rum
1083 585 1190 612 sanatio
1221 584 1384 619 completur,
1405 585 1536 612 continuo
1560 585 1658 612 domus
1684 585 1730 612 Dei
1758 585 1787 612 fit

1001 635 1108 658 sanata.
1122 630 1200 664 Quod
1217 635 1306 658 autem
1322 631 1354 658 ad
1370 638 1469 665 corpus
1484 631 1619 666 attingant
1645 632 1732 659 morbi
1745 632 1786 659 vel

1001 683 1049 711 per
1057 678 1161 712 culpas,
1176 677 1221 704 ille
1230 677 1324 704 didicit
1339 677 1384 709 qui
1402 677 1443 704 sic
1458 677 1561 704 audivit
1578 686 1586 705 ;
1601 677 1680 710 Vide,
1699 685 1784 705 sanus

1002 722 1091 749 factus
1103 729 1132 748 es
1145 730 1152 755 ;
1166 722 1221 755 jam
1235 722 1289 749 noli
1306 729 1427 756 peccare.
1440 721 1473 748 Et
1488 722 1540 750 hoc
1569 730 1678 758 quoque
1700 723 1787 750 ratio-

1002 768 1092 796 nabile
1103 772 1156 795 est.
1167 768 1196 796 Si
1211 769 1282 795 enim
1295 769 1452 803 organicum
1470 768 1588 796 hominis
1609 777 1708 804 corpus
1725 769 1784 797 ani-‘

1002 821 1074 841 mam
1089 814 1160 841 hedit
1177 814 1408 849 quemadmodum
1425 815 1604 842 artiliciosum
1621 819 1648 842 et
1665 816 1784 850 peritum

1003 859 1139 886 hominem
1157 866 1228 894 saepe
1256 859 1362 887 sauciat
1389 859 1509 894 aliasque
1540 860 1720 888 contristatur
1745 861 1786 895 ip-

1002 904 1060 931 sius
1075 904 1296 936 instrumentum,
1310 903 1382 938 quod
1399 911 1452 931 non
1472 909 1515 932 est
1537 912 1643 939 semper
1659 905 1785 940 impassi-

165 952 208 977 ἀεὶ
217 951 256 984 ὃν,
266 951 356 982 καλῶς
367 961 432 979 ποτε
448 954 497 980 καὶ
511 953 578 980 αὐτὸ
590 954 691 988 πάσχει
719 955 748 981 ὲν
767 955 857 990 καιρῷ
880 955 950 982 κατά

1007 950 1064 983 uile,
1079 950 1148 977 bene
1161 950 1308 985 aliquando
1322 950 1404 977 etiam
1433 950 1523 985 ipsum
1545 958 1607 978 cum
1622 951 1783 986 opportuni-

165 1005 191 1024 τι
205 997 394 1024 ἁντιπάθειαν.
413 999 510 1025 ἰστέον
523 999 552 1026 δὲ
567 999 608 1026 ὅτι
635 1008 666 1026 τε
682 1001 697 1026 ὁ
730 1001 779 1034 μὲν
802 1001 949 1035 σύνδεσμος

167 1042 286 1069 ἐνταῦθα
301 1044 351 1070 οὐκ
364 1043 525 1071 ἀποδέδοται
540 1045 676 1080 συνήθως,
692 1046 761 1072 ἀλλὰ
788 1046 864 1073 δοκεῖ
885 1047 949 1073 ἀνα-

168 1089 278 1121 πόδοτος
293 1087 363 1117 εἶναι
376 1091 509 1125 μερισμὸς
528 1092 619 1123 όποτος
632 1092 679 1119 καὶ
703 1092 732 1118 ἐν
763 1093 796 1127 τῇ
825 1094 950 1128 καταρχῇ

169 1137 257 1162 κεῖται
286 1135 334 1162 τοῦ
362 1136 512 1171 σεϐασμίου
533 1136 636 1171 βιϐλίου
663 1137 717 1164 τῶν
737 1137 867 1172 Πράξεων
898 1137 952 1164 τῶν

168 1182 337 1209 ἀποστόλων.
361 1183 393 1209 Εἰ
409 1184 446 1218 μή
463 1192 505 1214 τις
519 1185 574 1218 ἄρα
593 1184 689 1216 δεξιῶς
714 1185 797 1211 αὺτὸν
827 1185 951 1220 συνδήσει

168 1230 197 1254 ὲν
213 1228 253 1263 τῷ
266 1228 428 1263 ὁμοσθενοῦς
445 1229 474 1256 δὲ
496 1231 542 1256 καὶ
558 1231 776 1265 συνουσιωμὲνου
793 1240 800 1247 ο
816 1231 859 1257 ἵνα
886 1232 954 1269 λέγῃ

169 1273 205 1304 ὡς
221 1274 255 1300 τὰ
271 1273 320 1308 μὲν
331 1273 384 1309 πρὸ
396 1274 491 1301 τούτου
507 1275 588 1310 δόμον
608 1275 744 1310 ἄχραντον
755 1278 769 1303 ὁ
787 1277 853 1309 θεὸς
867 1278 954 1310 Λόγος

169 1317 354 1350 κατεσκεύαζε
370 1327 378 1334 ·
399 1319 446 1346 νῦν
456 1319 485 1346 δὲ
498 1320 537 1354 τῷ
557 1321 671 1356 τοιούτῳ
683 1321 751 1356 οἴκῳ
764 1321 841 1355 ἅγιον
871 1322 954 1349 Πνεῦ-

172 1364 452 1400 μαὲγκατοικίζεται.
469 1365 576 1401 Mai-upon
587 1367 616 1393 δὲ
633 1369 744 1403 πιεσμῷ
771 1369 954 1404 σφιγγόμενος

170 1412 184 1437 ὁ
195 1410 313 1446 μελῳδὸς
327 1411 357 1437 τὸ
374 1413 422 1438 καὶ
438 1411 524 1447 ἑαυτῷ
537 1413 722 1446 κατεσκεύαζε
748 1415 840 1450 δόμον,
855 1416 880 1449 χ’
910 1416 954 1442 αδ.

169 1457 209 1492 τῷ
223 1458 307 1490 λέγει,
323 1458 487 1493 ἀφελόμενος
503 1460 552 1494 μὲν
565 1461 595 1487 τὸ
611 1461 670 1487 κατ’
685 1461 772 1497 ἀρχὴν
784 1462 853 1496 ετῆς
867 1463 954 1490 ἀντω-

171 1503 269 1537 νυμίας
289 1503 339 1538 τῆς
357 1505 402 1531 καὶ
414 1504 498 1536 οὕτως
516 1505 596 1532 πάλιν
609 1506 800 1543 δασυνομένης⁸
816 1509 917 1544 τρέψας
927 1510 955 1536 δὲ

172 1550 202 1576 τὸ
215 1558 231 1576 κ
246 1550 292 1577 τοῦ
318 1551 366 1577 καὶ
382 1551 531 1586 συνδέσμου
547 1554 587 1584 εἰς
597 1554 765 1590 ἀντίστοιχον
790 1555 858 1582 δασὺ
873 1556 903 1583 τὸ
925 1566 952 1592 χ,

174 1595 242 1628 μετὰ
257 1595 306 1648 την
318 1595 389 1630 λόγῳ
405 1597 566 1648 συναλοιφή-ς
584 1598 708 1634 ἔκθλιψιν
725 1599 775 1635 τῆς
803 1609 833 1627 αι
846 1601 954 1635 διφθόγ-
968 1620 990 1648 c

171 1649 239 1675 γουο
273 1642 335 1677 ἥτις
357 1643 500 1677 δίφθογγος
530 1643 615 1677 οὕτως
645 1645 749 1680 ὑπῆλθε
776 1648 955 1682 κουφισθεῖσα

173 1688 220 1714 καὶ
237 1689 266 1714 ἐν
277 1689 316 1723 τῷ
331 1698 345 1708 ι-
362 1688 479 1724 Ἐρχομ’
503 1689 571 1725 ἔχων
583 1691 629 1717 ἐπὶ
645 1691 711 1726 νῆας
726 1701 734 1707 -
748 1707 760 1713 -
774 1692 829 1727 ἔχει
855 1694 884 1720 δὲ
909 1695 957 1721 καὶ

173 1735 341 1769 ἀρχετυπῐαν
362 1737 486 1772 χρήσεως
501 1738 669 1773 παλαιτάτης
681 1738 695 1764 ὁ
710 1739 830 1774 μελῳδὸς
849 1741 881 1766 ἐκ
910 1741 957 1767 τοῦ

173 1780 306 1815 τυράννου
323 1782 460 1813 Οἰδίποδος
471 1783 524 1809 τὸ·
539 1783 563 1818 χ’
577 1784 659 1810 αὑτοῦ
677 1798 690 1805 -
703 1784 763 1819 ἦτοι
784 1786 831 1812 καὶ
848 1787 955 1814 ἑαυτοῦ.

209 1825 284 1861 ρμα’.
298 1827 334 1852 Τὸ
350 1826 378 1853 δὲ
389 1828 544 1863 πάνταρχος
559 1829 616 1855 ίσον
631 1829 689 1855 ἐστὶ
700 1830 740 1864 τῷ
756 1830 956 1864 παμϐασιλεὺς,

175 1873 221 1898 καὶ
255 1872 404 1906 παντάναξ,
436 1875 483 1900 καὶ
504 1875 571 1907 ἄναξ
597 1875 732 1910 ἀνάκτων,
760 1876 807 1903 καὶ
831 1876 956 1911 βασιλεὺς

175 1918 317 1954 βασιλέων,
335 1920 381 1946 καὶ¹
410 1920 505 1955 κύριος
537 1922 726 1956 κυριευόντων,
758 1923 788 1950 τὸ
810 1924 838 1950 δὲ
867 1924 957 1958 μεῖζον

175 1965 222 1991 καὶ
236 1964 302 1995 Θεὸς
317 1965 397 1994 Θεῶν.
409 1966 575 2002 Σεμνότερον
589 1967 617 1994 δὲ
634 1968 789 2004 πάνταρχος
805 1971 896 2003 λέγειν
914 1972 958 1998 διὰ

174 2009 222 2036 τοῦ
237 2019 262 2043 τ,
279 2010 373 2045 ὥσπερ
385 2012 432 2038 καὶ
447 2012 596 2045 παντάναξ.
628 2014 700 2049 ἤπερ
714 2014 758 2041 δια
773 2016 853 2049 μόνου
867 2016 914 2043 τοῦ
931 2027 955 2051 ν,

176 2056 223 2083 καὶ
235 2057 251 2091 ἡ
262 2057 336 2083 αἰτία
349 2057 416 2092 δήλη
434 2066 441 2074 ·
459 2058 499 2085 διὸ
513 2058 560 2085 καὶ
571 2060 586 2085 ὀ
608 2061 779 2095 παντουργὸς
808 2063 957 2098 προεκρίθη

176 2102 347 2136 ἐπιλέγεσθαι
361 2103 402 2138 τῷ
416 2103 487 2138 Θεῷ,
505 2104 553 2130 τοῦ
585 2105 741 2140 πανούργου
765 2108 958 2144 ἀφορισθέντος

171 2148 375 2184 ὼςὲπιρῥήτου
396 2149 431 2176 τὰ
459 2150 563 2176 πλείω·
589 2153 613 2178 si
643 2153 690 2178 καὶ
712 2153 726 2179 ό
755 2155 957 2190 παροιμιαστὴς

176 2193 279 2229 ἀγαθὴν
292 2194 397 2222 ιννοιαν
416 2197 605 2230 παρεισκρίνει
631 2198 717 2233 αὐτῷ,
748 2199 813 2227 ἔνθα
839 2201 957 2227 ὲπαινῶν

172 2241 332 2276 ἑκφαίνεται
344 2241 389 2268 τὸν
404 2242 567 2277 πανοῦργον.
579 2243 658 2278 Λόγῳ
674 2243 702 2270 δὲ
715 2245 801 2280 ὁμοίῳ
815 2246 862 2272 καὶ
873 2254 956 2273 παντ-

1002 1000 1057 1023 tate
1072 995 1271 1031 quodammodo
1284 996 1384 1030 patitur
1402 995 1590 1030 antipathiam.
1605 996 1680 1024 Scito
1696 1001 1785 1024 autem

1002 1041 1074 1077 quod
1092 1041 1250 1074 coniunctio
1267 1042 1316 1075 μὲν
1333 1041 1377 1069 hic
1389 1049 1441 1068 non
1458 1048 1490 1068 ex
1521 1049 1595 1070 more
1612 1043 1784 1077 producitur,

1003 1088 1049 1116 sed
1065 1087 1173 1114 videtur
1187 1093 1248 1115 esse
1259 1088 1319 1115 sine
1333 1088 1513 1123 respondente
1531 1088 1673 1123 particula,
1691 1088 1781 1123 qualis

1004 1135 1030 1160 in
1045 1133 1122 1160 initio
1136 1133 1280 1161 venerandi
1298 1134 1412 1162 Actuum
1427 1134 1611 1169 apostolorum
1643 1134 1704 1162 libri
1721 1134 1788 1169 legi-i

1002 1185 1067 1214 tur;
1083 1180 1134 1208 nisi
1145 1179 1207 1214 quis
1218 1187 1277 1207 eam
1295 1180 1443 1216 coniungat
1454 1184 1515 1209 cum
1531 1180 1604 1208 isto:
1622 1179 1787 1215 δμοσθενοῢς

1004 1227 1031 1253 δὲ
1048 1227 1096 1254 καὶ
1107 1227 1343 1261 συνουσιωμένου;
1359 1227 1469 1254 utdicat
1485 1227 1575 1262 :quod
1590 1230 1670 1254 antea
1681 1226 1786 1262 quidem

1005 1280 1101 1308 puram
1113 1273 1225 1300 domum
1242 1272 1312 1300 Deus
1325 1272 1443 1300 Verbum
1457 1273 1588 1308 parabat;
1606 1281 1678 1300 nunc
1692 1278 1782 1300 autem

1006 1320 1032 1346 in
1060 1319 1113 1347 ista
1136 1319 1218 1346 domo
1248 1318 1364 1354 Spiritus
1397 1322 1510 1347 sanctus
1543 1318 1689 1347 inhabitat.
1709 1319 1789 1347 Metrl

1005 1371 1071 1392 vero
1086 1364 1280 1392 eonstrictione
1293 1372 1404 1399 pressus
1416 1369 1506 1399 poeta,
1522 1364 1574 1392 hoc
1590 1365 1679 1400 ἑαυτῷ
1705 1373 1788 1391 κατε-

1007 1409 1125 1442 σκεύαζε
1153 1409 1308 1445 δόμον,-χ“
1325 1409 1400 1444 αὐτῷ
1433 1409 1510 1443 dicit,
1539 1409 1653 1438 dimissa
1679 1409 1790 1446 quidem

1007 1455 1104 1483 initiari
1126 1455 1238 1482 litteras
1257 1455 1440 1490 pronominis,
1460 1454 1532 1489 quod
1553 1455 1593 1483 sic
1607 1454 1690 1482 etiam
1711 1462 1790 1488 aspea

1007 1510 1039 1529 ro
1060 1501 1156 1536 spiritu
1170 1505 1295 1534 notatur;
1313 1508 1445 1528 conversa
1471 1505 1561 1528 autem
1587 1501 1790 1536 coniunctionis

1009 1547 1096 1575 littera
1112 1555 1130 1573 κ
1143 1546 1169 1574 in
1184 1553 1307 1581 asperam
1319 1546 1441 1581 ejusdem
1457 1546 1561 1574 ordinis
1574 1555 1600 1582 χ,
1612 1551 1675 1581 post
1697 1547 1791 1574 elisioa

1008 1600 1131 1628 nem,pcr
1143 1593 1340 1627 synaloapham,
1351 1592 1511 1629 diphthongi
1521 1601 1547 1619 αι
1558 1600 1636 1628 ;quae
1645 1593 1792 1628 diphthou-v

1008 1645 1059 1674 gus
1084 1638 1125 1665 sic
1141 1638 1297 1665 insinuatur
1311 1637 1377 1664 elisa
1400 1638 1427 1665 in
1440 1638 1512 1665 hoc:
1537 1638 1634 1674 ἔρχομ’
1653 1639 1723 1675 ἔχων
1744 1640 1790 1667 ἐπὶ

1008 1685 1084 1719 νῆας.
1107 1683 1194 1711 Habet
1205 1689 1293 1711 autem
1307 1684 1459 1718 exemplum
1473 1684 1692 1719 antiquissimum
1709 1691 1790 1721 poem

1008 1738 1041 1757 ex
1058 1730 1163 1764 (Εύὶρο
1177 1736 1239 1764 rege
1260 1729 1426 1758 locutionem
1444 1730 1469 1766 χ’
1480 1731 1573 1764 αὑτοῦ,
1588 1731 1645 1758 sive
1667 1733 1712 1758 καὶ
1729 1733 1791 1760 ἑαυ-

1007 1776 1065 1804 τοῦ.

1044 1822 1106 1850 Ml.
1123 1822 1179 1850 Vox
1193 1823 1346 1858 πάνταρχος
1359 1824 1502 1858 mquivalet
1518 1825 1577 1852 voci
1592 1826 1791 1861 παμϐασιλεὺς,

1009 1876 1114 1897 necnon
1130 1870 1242 1897 vocibus
1258 1870 1410 1903 παντάναξ,
1430 1871 1500 1903 ἄναξ
1519 1871 1655 1906 ἀνάκτων,
1666 1873 1792 1908 βασιλεὺς

1008 1914 1151 1950 βασιλέων,
1171 1915 1265 1951 κύριος
1277 1917 1473 1951 κυριευόντων;
1493 1923 1531 1950 et,
1561 1920 1632 1953 quod
1659 1920 1721 1954 pius
1737 1926 1790 1956 est,

1008 1961 1072 1993 Θεὸς
1089 1961 1170 1989 Θεῶν.
1187 1961 1279 1990 Satius
1296 1968 1387 1990 autem
1405 1964 1496 1992 dicere
1523 1966 1679 2001 πᾶνταρχος
1705 1975 1755 2002 per
1777 1977 1792 1994 τ

1009 2008 1080 2035 sicut
1092 2009 1241 2042 παντάναξ,
1257 2014 1337 2044 quam
1355 2016 1402 2045 per
1418 2010 1540 2039 solomv.
1552 2010 1630 2039 Ratio
1648 2012 1792 2042 manifesta

1008 2060 1057 2088 est,
1073 2055 1212 2090 ideoqueb
1225 2056 1396 2091 παντουργδς
1411 2056 1501 2085 dicere
1524 2057 1557 2085 de
1587 2058 1642 2086 Deo
1671 2064 1792 2093 praestat,

1009 2109 1090 2137 quam
1116 2101 1316 2136 όπανοῦργος,
1333 2102 1380 2137 qui
1394 2103 1556 2138 plerumque
1581 2103 1653 2132 malo
1676 2105 1794 2134 sumitur

1009 2155 1105 2176 sensu.
1133 2147 1161 2175 Si
1186 2147 1395 2176 Proverbiorum
1421 2154 1515 2177 auctor
1546 2150 1646 2178 bonam
1660 2151 1684 2179 ei
1700 2152 1795 2180 tribuit

1009 2194 1245 2230 signiﬁcationem,
1261 2194 1306 2222 hic
1324 2195 1468 2223 manifeste
1480 2196 1585 2224 videtur
1615 2197 1727 2225 laudare
1745 2199 1794 2226 τὸν

1008 2240 1175 2276 πανοῦργον.
1194 2241 1281 2268 Simili
1295 2241 1401 2269 ratioae
1417 2244 1563 2270 πανταιτῑα
1575 2243 1675 2272 dicitur
1686 2247 1794 2282 sapien-

174 2287 249 2314 σιτία
267 2287 347 2321 σοφία
361 2287 468 2321 λέγεται
485 2289 501 2322 ὴ
532 2288 577 2314 τοῦ
595 2288 663 2315 Θεοῦ
680 2289 756 2324 παρὰ
769 2290 870 2324 ἑταίρῳ
885 2291 954 2326 ἁγίῳ

1008 2288 1043 2315 tia
1055 2287 1101 2315 Dei
1113 2288 1183 2322 apud
1199 2287 1303 2315 socium
1332 2293 1456 2316 sanctum
1472 2286 1619 2324 melodum,
1644 2299 1699 2320 non
1727 2300 1795 2320 cou-

175 2332 296 2368 μελῳδῷ,
308 2333 338 2360 οὺ
354 2333 422 2368 πρὸς
435 2334 597 2361 ἀκολουθίαν.
618 2335 664 2361 τοῦ
691 2336 835 2368 Παναίτιος
863 2337 957 2371 κυρίου

173 2378 306 2411 ὀνόματος
318 2386 325 2394 ·
342 2379 383 2405 ὅτι
402 2379 431 2405 δὲ
444 2380 491 2406 καὶ
505 2380 567 2415 δίχα
583 2381 629 2407 τοῦ
644 2390 659 2407 τ
676 2382 705 2408 ὲν
727 2384 782 2413 τοῖς
797 2383 926 2414 τοιούτοις
940 2384 958 2418 ἡ

175 2424 246 2459 αὑτὴ
256 2425 345 2452 ἔννοια.
362 2424 476 2457 σώζεται
490 2426 571 2452 ὁποία
583 2424 617 2462 ἦν
632 2426 665 2453 ἂν
685 2429 731 2454 καὶ
760 2429 829 2463 μετὰ
862 2430 909 2455 τοῦ
931 2439 956 2463 τ,

175 2471 254 2505 δῆλον
267 2471 328 2506 δίχα
342 2470 448 2497 πολλῶν
467 2470 554 2498 ἄλλων
570 2473 617 2498 καὶ
641 2474 673 2499 ἐκ
701 2474 748 2501 τοῦ
775 2475 956 2511 πανωλεθρίᾳ,

176 2516 283 2543 καὶτοῦ
299 2516 438 2551 πανόπτην
454 2515 555 2542 κύκλον
585 2517 661 2552 ᾐλίου
690 2518 765 2545 καλῶ
779 2528 787 2536 ο
811 2521 908 2547 ταυτὸν
936 2520 959 2546 δ’

177 2562 265 2588 εἰπεῖν
278 2561 323 2588 τὸν
338 2562 414 2588 πάντ’
429 2561 582 2596 ὲφορῶντα,
598 2563 644 2589 καὶ
659 2563 695 2593 ὡς
709 2564 742 2590 ἂν
754 2565 819 2600 φαίη
835 2574 878 2597 τις
895 2575 959 2592 παν-

177 2608 315 2641 τεπόπτην
329 2616 336 2623 ⁸
351 2607 483 2642 ἄχραντος
498 2607 526 2634 δὲ
540 2608 622 2642 δόμος
636 2610 650 2634 ὀ
663 2609 733 2644 ὑπὲρ
765 2611 820 2636 ’πᾶν
847 2612 960 2646 ἀρχικὸν

179 2653 313 2688 ὑπερῷον,
333 2654 348 2679 ὀ
368 2651 481 2688 πρέπων
509 2652 616 2684 πάντως
642 2652 711 2687 Θεῷ.
743 2654 868 2687 Τοιοῦτος
889 2656 917 2682 δὲ
946 2657 961 2682 ὀ

176 2699 239 2729 ναὸς
252 2698 319 2725 Θεοῦ
332 2698 381 2732 ὢν,
393 2700 496 2730 ἐκεῖνος
511 2697 585 2730 οἶκος
598 2707 605 2714 ·
621 2698 690 2726 ὥστε
702 2701 772 2726 κατὰ
792 2700 840 2735 τὴν
857 2691 970 2728 deum:

175 2746 227 2780 κὴν
244 2745 373 2777 ἱκετείαν,
388 2742 422 2781 ἧς
438 2746 676 2780 προεμνήσθημεν,
689 2745 723 2772 τὰ
750 2746 866 2773 ἐνταῦθα
888 2748 962 2781 γίνε-

176 2799 222 2817 ται
237 2799 244 2806 ·
260 2790 462 2823 κατασκευάζει
481 2791 531 2825 μὲν
548 2791 601 2826 γὰρ
617 2793 631 2818 ὁ
648 2791 711 2823 Υἱὸς
726 2792 773 2818 καὶ
788 2792 852 2824 Θεὸς
879 2793 961 2828 δόμου

175 2837 312 2872 ἁχράντου
322 2838 386 2868 τοὺς
399 2837 575 2868 ἀποστόλους,
591 2837 705 2871 καρδίαν
719 2837 841 2872 καθαρὰν
863 2840 962 2872 κτίζων

175 2885 205 2910 ἐν
221 2883 312 2914 αὐτοῖς
327 2891 334 2898 ·
351 2882 568 2916 ὲτκατοικίζεται
579 2882 606 2908 δὲ
627 2883 697 2909 κατὰ
716 2883 761 2909 τὸν
775 2883 892 2918 μελῳδὸν
915 2884 962 2910 αὑ⁴

171 2928 236 2964 τόθι
250 2929 359 2964 πνεῦμα
375 2929 463 2963 εὒθὲς,
474 2928 654 2964 ὲγκαινισμοῦ
668 2928 751 2963 λόγῳ.

1009 2338 1136 2368 gruenler
1146 2334 1178 2360 ad
1186 2341 1284 2361 nomen
1295 2335 1433 2368 proprium
1446 2336 1600 2369 Παναίτιος.
1615 2337 1693 2371 Quod
1702 2345 1792 2368 autem

1010 2378 1092 2405 etiam
1108 2379 1134 2406 in
1150 2379 1284 2407 similibus
1295 2381 1398 2415 absque
1409 2390 1425 2408 τ
1440 2389 1564 2409 servetur
1580 2384 1674 2411 eadem
1686 2391 1795 2414 senten-

1010 2424 1047 2451 tia
1059 2425 1147 2459 qualis
1158 2430 1231 2453 esset
1244 2434 1306 2454 cum
1319 2427 1370 2454 hac
1383 2428 1482 2460 littera,
1499 2433 1582 2463 patet,
1601 2436 1700 2464 praeter
1716 2437 1796 2460 cete-

1011 2478 1053 2501 ra,
1069 2478 1101 2497 ex
1118 2471 1306 2506 πανωλεθρίᾳζ
1324 2477 1351 2500 ει
1365 2473 1507 2509 πανόπτην
1521 2475 1614 2503 orbem
1625 2476 1690 2505 solis
1709 2485 1793 2513 voco;

1011 2514 1036 2541 id
1054 2521 1105 2548 cst,
1115 2522 1212 2544 cuncta
1228 2519 1413 2552 speculantem
1429 2527 1437 2553 ;
1453 2524 1491 2553 et.
1506 2523 1584 2555 quasi
1594 2522 1679 2555 dicas,
1695 2532 1796 2551 παντε-

1011 2560 1120 2595 πόπτην
1150 2561 1302 2598 Ἀχραντος
1314 2564 1412 2592 deinde
1427 2570 1469 2593 est
1484 2566 1565 2601 δόμος
1582 2575 1698 2603 surgens
1714 2578 1796 2604 super

1012 2612 1120 2633 omnem
1135 2608 1293 2641 primarium
1306 2610 1445 2644 ordinem,
1459 2617 1485 2639 et
1497 2611 1551 2640 Deo
1563 2621 1676 2648 prorsus
1688 2623 1796 2651 coutpc-

1012 2656 1083 2680 tens.
1098 2653 1171 2681 Talis
1187 2662 1263 2687 vero.
1277 2663 1338 2689 qua:
1352 2657 1482 2692 templum
1494 2657 1541 2686 Dei
1555 2664 1607 2692 est,
1620 2660 1665 2688 illa
1677 2661 1775 2689 domus
1787 2669 1795 2694 ;

1012 2699 1128 2733 utjuxta
1143 2699 1298 2728 Davidicam
1325 2702 1563 2738 supplicationem,
1592 2706 1626 2733 de
1640 2714 1693 2740 qua
1720 2714 1810 2738 tueng
1845 2704 1851 2709 ’

1013 2746 1113 2773 tionem
1132 2747 1256 2781 iecimus,
1268 2757 1312 2776 res
1342 2750 1379 2777 ibi
1403 2751 1479 2780 sint:
1504 2756 1580 2786 parat
1596 2753 1667 2779 enim
1683 2753 1795 2786 quidem

1012 2789 1098 2818 Filius
1111 2799 1142 2819 ac
1160 2793 1240 2826 Deus,
1255 2795 1281 2822 in
1293 2795 1404 2823 domum
1420 2797 1634 2828 immaculatam.
1647 2798 1796 2831 apostolos,

1012 2845 1061 2864 cor
1075 2839 1206 2867 mundum
1221 2848 1317 2869 creans
1333 2842 1359 2869 in
1387 2843 1442 2876 eis;
1460 2844 1592 2870 inhabitat
1605 2848 1695 2869 autem
1717 2843 1797 2879 juxta

1013 2889 1119 2921 poetam
1132 2886 1232 2914 ibidem
1249 2888 1361 2922 spiritus
1373 2893 1473 2921 rectus,
1498 2887 1690 2916 dcdicatioais.
