1965 3115
132 171 180 203 661

537 176 580 206 ιΝ
594 177 760 208 IlYMNUM
783 176 1108 208 ΡΕΝΤΕΟΟΞΤΑΙΕΜ
1133 177 1362 208 DAMASCENI.

1702 179 1755 208 062

133 238 177 256 ναι
192 226 269 255 εἶπεν
283 229 449 261 ἀναστάντος
469 229 527 263 τοῦ,
539 230 576 262 ὡς
589 232 603 257 ὁ
627 232 720 263 Ἰωνᾶς
734 232 921 267 προδιετὺπω-

982 231 1058 258 'uisse
1080 230 1159 263 dixit,
1190 237 1359 266 resurgente,
1379 230 1438 266 qui,
1467 230 1540 258 sicut
1564 229 1649 258 Jonas
1668 229 1755 264 prmti‘

135 285 174 308 σε,
191 276 321 307 παθόντος
334 277 382 303 καὶ
399 278 470 311 ταφῇ
484 277 607 310 δοθέντος
621 279 670 305 καὶ
681 280 710 305 ὲν
723 281 756 314 τῇ
771 279 859 313 κοιλίᾳ
872 279 920 312 τῆς

133 323 184 357 γῆς
198 323 344 357 γενομένου
358 324 476 357 Χριστοῦ
493 333 500 339 ·
514 326 530 359 ὴ
550 325 577 351 δὲ
594 325 719 360 παροῦσα
733 326 788 361 ᾠδὴ
801 325 920 358 σωθῆναί

134 378 217 404 φησιν
230 370 429 404 ἁφαρπαγέντα
453 371 556 405 φθορᾶς
570 372 616 397 τδν
635 372 721 406 ’Δδὰμ
745 372 918 404 πεπτωκότα,

135 416 254 450 Χριστοῦ
268 416 426 451 λάμψαντος
448 418 480 444 ὲκ
494 419 544 452 τῆς
562 418 755 452 Ἀειπαρθένου
768 426 774 432 ·
795 417 922 449 δεξιώτα-

135 470 169 488 τα
179 461 228 496 τῆς
245 462 377 497 μελῳδίας
389 463 562 497 ἀνατιθεεσης
577 463 607 490 τὺ
621 463 687 490 αὐτὸ
702 463 784 490 καλὸν
801 463 858 489 ἐκεῖ
872 462 922 497 μὲν

135 510 167 543 τῇ
179 509 311 544 θεοσώμῳ
324 511 396 544 ταφῇ
419 510 466 536 τοῦ
482 510 600 545 Χριστοῦ
627 511 660 544 τῇ
688 510 920 545 ὲπισφραγιστικῇ

135 553 185 587 τῆς
200 555 279 588 ἡμῶν
303 556 440 590 σωτηρίας
455 561 463 569 ·
490 555 607 582 ἐνταῦθα
640 555 668 582 δὲ
693 556 726 590 τῇ
750 556 921 590 καταρκτικῇ

137 599 183 626 τοῦ
196 601 317 636 σωθῆναι
330 601 360 627 τὸ
371 602 515 634 ἁδαμιαῖον
533 601 649 636 φύραμα
665 602 791 636 γεννήσει
804 602 920 628 ἐκείνου·

89 671 93 680 ι
136 646 165 671 ὲν
176 644 216 677 οἷς
229 647 328 673 ταυτόν
343 647 415 673 ἐστιν
429 646 461 673 ἐκ
476 647 538 682 χοὸς
561 648 650 674 είπεϊν
672 647 922 682 ἀνοικοδομηοῆναι

136 692 186 726 τὴν
202 693 262 718 κατ’
275 692 417 727 ἄνθρωπον
431 692 536 724 οὐσίαν,
549 693 562 719 ὂ
589 694 650 719 ἐστι
675 693 756 726 φύσιν
781 691 851 719 κατὰ
878 691 922 718 τδν

137 736 328 772 Δαμασκηνὸν,
341 739 389 764 καὶ
404 739 437 764 ἐκ
466 738 570 772 φθορᾶς
597 739 754 773 ἁρπαγῆναι
784 737 829 764 τὸν
863 737 924 764 ελον

144 781 228 816 Ἀδάμ
239 790 245 796 “
266 782 476 817 συμὸιόάζοντος
489 783 536 810 τοῦ
553 783 649 819 εἱρμοῦ
666 784 713 810 καὶ
736 783 767 810 τὸ
782 783 852 811 κατὰ
878 783 923 810 τὸν

145 828 248 860 Ἰωνᾶν,
259 829 299 858 εῐς
317 837 378 855 τινα
395 830 491 863 ὁμοίαν
511 831 608 865 ἐκείνῳ
621 830 738 860 ἔννοιαν.
759 830 796 860 ὡς
813 829 924 856 δύναται

138 875 316 903 διασκευάσαι
333 877 347 903 ὁ
363 877 397 904 τὰ
411 876 470 904 θεία
485 877 578 910 σοφός.
594 877 674 903 Δοκεῖ
692 877 720 902 δὲ
742 878 758 912 ἡ
788 876 838 911 μὲν
866 877 924 903 ἐκεῖ

141 921 210 955 μετὰ
229 923 332 949 πτῶσιν
345 923 588 958 ἀνοικοδομηθεῖσα
622 924 683 950 θεία
711 923 800 957 οὐσία,
825 924 926 957 πτῶμα

139 968 230 1003 χοῖκδν
244 968 343 1004 δηλοῦν
357 970 388 996 τὸ
402 970 440 1001 εἰς
458 970 540 997 αὑτὸν
556 971 602 997 τὸν
617 970 683 1006 ᾅδην
696 977 703 985 ·
719 970 734 997 δ
756 969 784 997 δὲ
800 970 837 1002 ὡς
850 969 927 1004 εἴρη-

139 1021 184 1039 ται
201 1014 352 1045 πεπτωκὼς
374 1014 471 1050 Ἀδὰμ,
489 1015 630 1049 ἔμπτωσιν
656 1013 694 1046 ὡς
729 1014 770 1047 είς
790 1014 856 1050 ᾅδην
879 1014 928 1046 τὴν

140 1059 244 1086 κοιλίαν
254 1059 301 1086 τοῦ
317 1060 418 1096 κήτους
435 1069 442 1076 ·
461 1062 501 1088 εἰς
521 1061 547 1087 δὲ
563 1061 593 1087 τ’)
611 1061 738 1096 παγγενῆ
766 1060 929 1096 χρησιμεύει

139 1105 211 1132 κατά
222 1114 252 1132 τε
265 1107 376 1142 γραφὴν
393 1107 439 1133 καὶ
453 1107 514 1134 κατ’
530 1107 634 1134 ἔννοιαν
646 1109 662 1144 ὴ
679 1107 836 1143 ψαλλομένη
857 1115 928 1141 παγ-

140 1152 220 1186 γενὴς
239 1153 346 1189 κατάρα
358 1154 407 1188 τῆς
423 1154 607 1190 προμήτορος.
701 1188 709 1195 ι

248 1199 412 1234 Τροπάριον
424 1199 541 1234 πρῶτον
555 1200 609 1234 τῆς
626 1201 715 1234 ἕκτης
729 1200 822 1235 ᾠδῆς.

141 1244 200 1273 XV.
218 1244 340 1281 Ίμερτδν
355 1247 421 1281 ἡμῖν
435 1247 512 1278 εὺθὲς
530 1248 558 1273 ὲν
574 1249 630 1279 τοῖς
645 1247 772 1282 ὲγκᾶτοις

211 1291 331 1323 Αἰωνίως
346 1291 436 1325 ἕξουσι
451 1292 561 1327 πνεῦμα
574 1294 716 1327 καινίσοις,

213 1337 468 1373 Πατροπροὸλήτως
493 1338 609 1365 πάντοτε
640 1338 822 1374 ξυνημμένον,

213 1384 299 1419 ’Υλης
316 1384 450 1419 ἀπεχθοῦς
464 1385 612 1416 καυστικὸς
633 1380 824 1419 μολῦσμάτων,

219 1432 320 1459 Ῥὺπου
336 1441 365 1459 τε
384 1433 484 1463 παντδς
497 1433 627 1467 ῥυπτικὸν
641 1433 842 1467 παντοκράτορ,

179 1477 252 1512 ρμθ’.
272 1477 408 1512 Καθαρῶς
422 1478 451 1504 τὸ
470 1478 556 1512 παρὶν
573 1478 722 1513 τροπάριον
735 1480 784 1514 τὴν
810 1479 859 1513 τῆς
886 1480 930 1504 ὲν-

143 1524 216 1556 νοίας
228 1524 355 1559 ἀφορμὴν
367 1524 399 1551 ὲκ
414 1523 460 1550 τοῦ
473 1525 612 1558 πανσὸφου
627 1524 682 1559 ἔχει
693 1524 787 1556 Δαΰὶδ,
812 1524 843 1550 οὖ
871 1524 929 1550 θεο-

971 278 1090 310 guravit,
1111 285 1208 312 passus
1228 283 1269 306 est
1284 283 1310 305 et
1326 278 1428 305 tumulo
1445 278 1565 305 creditus
1579 281 1606 305 et
1620 276 1647 304 in
1660 280 1754 304 ventre

971 328 1050 351 terra
1081 324 1196 359 positus,
1217 324 1347 352 Christo:
1376 331 1495 358 praesens
1520 330 1611 351 autem
1641 330 1751 350 carmen

972 369 1077 403 lapsum
1104 369 1201 402 Adam,
1226 377 1242 395 e
1261 370 1435 404 corruptione
1465 373 1585 403 raptum.
1609 369 1647 395 ait
1668 368 1755 395 fuisse

972 416 1120 447 salvatum,
1144 423 1205 443 cum
1231 415 1358 443 Christus
1373 423 1388 442 e
1412 422 1519 449 semper
1535 414 1647 449 Virgine
1672 415 1753 447 ltuit,

973 462 1087 489 melodia
1106 462 1174 490 idem
1192 461 1292 490 bonutn
1308 462 1449 490 commode
1470 461 1606 488 tribuente
1625 460 1680 488 illic
1695 461 1756 495 qui-

972 507 1033 535 dem
1051 508 1206 535 venerando
1231 508 1333 536 Christi
1379 507 1505 543 sepulcro
1533 506 1631 535 salutis
1658 511 1758 534 nostra:

972 554 1077 589 sigillo;
1092 554 1136 582 hic
1160 560 1249 582 atttem
1266 554 1407 589 incipienti
1428 561 1544 581 massam
1572 553 1751 580 Adamiticain

973 601 1087 632 salvare,
1114 600 1247 627 nativitati
1273 599 1333 635 ejus
1357 607 1363 626 :
1383 599 1409 626 in
1436 599 1535 634 quibus
1553 599 1624 626 idetu
1651 603 1692 626 est
1721 606 1753 625 ex

974 647 1058 674 ltumo
1072 651 1252 674 restauratam
1266 646 1349 673 fuisse
1363 646 1543 673 substantiam
1561 645 1692 676 hominis.
1707 647 1757 672 hoc

973 698 1025 723 est,
1055 697 1191 724 naturam,
1214 692 1291 726 juxta
1313 693 1522 722 Damasceuum,
1551 695 1578 718 et
1602 699 1635 718 ex
1663 699 1759 719 (ξονι-ιν

974 739 1065 774 ptione
1092 738 1176 766 fuisse
1198 742 1304 773 raptum
1330 742 1417 765 totum
1433 738 1517 764 Adam
1540 737 1617 771 juxta
1648 746 1759 769 nexum,

974 784 1020 818 qui
1037 783 1109 818 quod
1132 783 1165 810 ad
1177 782 1273 810 Jonam
1303 783 1418 815 attinet,
1449 783 1570 810 concinit
1595 783 1702 810 cuidam
1722 783 1759 810 illi

974 829 1057 858 simili
1082 829 1235 862 sementim,
1264 833 1294 856 ut
1319 830 1464 864 concipere
1484 834 1575 864 potest
1603 830 1630 856 in
1660 829 1762 856 divinis

977 878 1098 912 sapiens.
1116 876 1231 905 Videtur
1256 883 1347 904 autem
1377 877 1434 904 illic
1455 882 1516 912 post
1538 884 1631 904 casum
1657 880 1762 904 restau-

981 929 1039 951 rata
1052 923 1144 951 divina
1160 924 1327 958 substantia,
1346 928 1504 951 terrestrem
1521 931 1616 951 casum
1633 923 1660 950 in
1674 923 1763 958 ipsum

979 969 1116 997 infernum
1132 969 1252 998 indicare
1266 969 1370 1004 lapsum
1384 977 1390 996 :
1407 969 1499 1003 lapsus
1507 973 1609 1002 autem,
1623 968 1763 996 utdictum

981 1020 1033 1049 est,
1049 1015 1148 1047 Adam.
1166 1016 1284 1050 lapsum,
1300 1021 1429 1050 tanquam
1442 1015 1469 1042 in
1493 1015 1641 1045 infernum.
1666 1015 1692 1040 iu
1712 1015 1763 1041 ceti

979 1068 1116 1090 ventrem.
1144 1061 1213 1090 Huic
1238 1066 1330 1089 autent
1353 1070 1360 1088 :
1385 1061 1522 1095 παγγενῆ,
1545 1061 1648 1088 servire
1676 1065 1762 1095 potest

980 1110 1069 1144 quoad
1084 1108 1215 1144 scriptum
1226 1108 1351 1142 etquoad
1363 1114 1486 1139 sensum,
1502 1106 1614 1142 psalmis
1630 1106 1763 1134 celebrata

983 1155 1125 1191 παγγενὴς
1142 1155 1210 1182 aviae
1226 1153 1394 1182 maledictio.

1142 1201 1299 1235 Troparium
1315 1202 1429 1236 primunt
1444 1201 1500 1228 adre
1514 1204 1604 1228 κακίω.

1070 1249 1254 1276 Desideratum
1271 1248 1349 1275 nobis
1361 1254 1463 1276 rectum
1480 1247 1507 1274 in
1524 1246 1702 1287 interioribus

1034 1295 1145 1323 Eterue
1156 1295 1290 1323 habituris
1308 1294 1438 1326 Spiritum
1454 1295 1576 1325 innovcs,

1034 1341 1055 1368 A
1072 1341 1150 1368 Patre
1164 1341 1356 1376 procedentem
1373 1340 1494 1375 undique
1508 1340 1677 1374 copulatum.

1035 1385 1151 1415 Materia:
1170 1386 1287 1414 inimicae
1299 1386 1487 1414 combustilem
1506 1385 1731 1419 inquinationem,

1036 1431 1186 1468 Sardisque
1197 1433 1286 1460 omnis
1301 1433 1483 1468 purgativum,
1499 1439 1516 1459 ο
1531 1432 1713 1465 omrtipoteus.

1018 1479 1080 1506 4-59.
1091 1479 1190 1506 Puram
1212 1479 1294 1514 hujus
1321 1479 1464 1506 sentcntiae
1483 1478 1618 1513 originem
1645 1485 1766 1512 pnesens

982 1525 1094 1559 strophe
1120 1529 1192 1552 tenet
1209 1532 1224 1551 e
1241 1525 1445 1560 sapientissimo
1463 1524 1557 1558 David,
1585 1531 1678 1558 queui,
1702 1530 1763 1550 cum

143 1569 330 1604 κλυτήσαντος
346 1569 460 1604 καρδίαν
476 1570 550 1604 αὐτῷ
567 1569 689 1604 καθαρὰν
710 1569 864 1604 κτισθῆναι,
882 1571 929 1598 καὶ

982 1570 1125 1605 petivisset
1163 1577 1178 1597 a
1199 1571 1252 1597 Deo
1276 1570 1330 1597 sibi
1356 1578 1402 1598 cor
1418 1571 1546 1598 mundum
1568 1570 1666 1602 creari,
1683 1569 1765 1604 spiri-

143 1614 254 1650 πνεῦμα
272 1614 350 1646 sset;
365 1615 571 1651 ὲγκαινισθῆναι
590 1615 646 1647 τοῖς
677 1615 804 1649 ἐγκάτοις
835 1615 930 1647 αὐτοῦ,

143 1661 215 1688 καθὰ
241 1661 288 1688 καὶ
320 1661 548 1696 προεγράψαμεν,
579 1661 763 1696 παραφράσας
783 1663 796 1687 ὁ
812 1662 930 1697 μελῳδὸς

144 1704 326 1739 ὑπερεύχεται
341 1706 381 1735 είς
396 1704 495 1736 κοινὸν,
511 1704 583 1731 οῦτω
596 1705 665 1740 πρὸς
684 1706 846 1733 ἀκολουθίαν
872 1707 931 1741 ἐορ-

143 1751 277 1786 ταστικὴν
295 1751 473 1786 παραμιγνὺς
490 1752 538 1778 καὶ
553 1751 695 1784 θεολογίαν
708 1759 715 1767 ·
731 1749 765 1778 Ὦ
778 1753 932 1788 παντοκρά-

143 1804 192 1830 τορ
208 1795 290 1829 Δὸγε,
303 1796 438 1826 καινίσοις
453 1796 509 1822 εἴθε
529 1797 585 1826 τοῖς
615 1796 742 1830 ὲγκάτοις
768 1797 845 1831 ἡμῶν
878 1798 932 1823 τῶν

143 1841 308 1876 χριστιανῶν
322 1841 431 1876 πνεῦμα
445 1842 554 1876 ἱμερτὸν
579 1842 626 1868 καὶ
641 1841 728 1874 εὺθὲς,
756 1843 770 1868 ὃ
798 1843 845 1870 καὶ
865 1843 932 1870 alm-

143 1888 208 1919 νίως
222 1888 330 1923 ἓξοιμεν
343 1897 350 1903 ·
369 1888 412 1914 ἵνα
426 1888 463 1919 ὡς
477 1889 507 1914 τὺ
526 1888 604 1922 ἅγιον
619 1888 731 1924 Πνεῦμα
746 1889 880 1923 συνῆπταί
891 1898 932 1916 σοι

143 1935 200 1967 ἀεὶ,
219 1935 305 1966 οὕτως
323 1936 339 1970 ἡ
357 1935 437 1970 χάρις
452 1944 498 1962 σου
514 1936 582 1971 μένῃ
596 1936 741 1968 διαπαντὸς
771 1936 830 1971 μεθ’
855 1936 933 1971 ἡμῶν

144 1977 198 2008 ἕως
213 1979 369 2009 συντελείας
387 1979 497 2011 αίὼνος,
528 1980 559 2005 οὐ
593 1981 818 2014 μεταμελομένου
847 1981 871 2007 εί
895 1981 932 2015 μὴ

147 2023 303 2057 φθάσαντες
319 2025 400 2058 ἡμεῖς
417 2026 582 2060 πταίσομεν,
602 2027 664 2052 οὐδὲ
678 2026 794 2058 διδόντος
810 2035 931 2062 πνευμα·

144 2069 230 2101 τικῶς
245 2071 412 2105 πρᾶσκαιρα.
429 2068 495 2098 Εῐτι
522 2072 677 2106 φιλοσοφῶν
699 2073 873 2107 θεολογικῶς,
890 2073 934 2100 λέ-

144 2123 188 2149 γει
205 2115 321 2142 πάντοτε
341 2115 371 2142 τὸ
397 2116 475 2150 ἅγιον
506 2116 618 2151 Πνεῦμα
645 2117 779 2152 ξυνῆφοαι
803 2118 842 2152 τῷ
878 2119 933 2153 Υίῷ

144 2161 194 2187 καὶ
204 2159 285 2196 Λόγῳ
305 2160 352 2188 τοῦ
375 2161 442 2188 Θεοῦ
463 2162 728 2198 πατροπροὸλήτως,
743 2164 772 2190 ἐν
789 2164 827 2196 τῷ
839 2165 871 2191 ὲκ
885 2165 932 2191 τοῦ

147 2207 255 2242 Πατρὺς
267 2207 368 2244 δηλαδὴ
396 2208 602 2243 προϐεϐλῆσθαι
636 2210 683 2236 καὶ
713 2209 931 2246 ἐκπορεύεσθαι’

144 2253 182 2284 ὡς
196 2252 267 2287 λόγῳ
280 2254 455 2287 συνωνυμίας
476 2255 611 2289 μυστικῆς
639 2255 803 2291 ἀμφοτέρων
828 2256 932 2283 τούτων

145 2299 347 2334 ταυτιζομὲνων
367 2300 420 2327 τῶν
434 2301 543 2334 λέξεων.

182 2348 230 2379 ρν¹.
247 2346 383 2381 Πρόδηλον
407 2347 434 2373 δὲ
461 2348 502 2374 ὅτι
536 2349 674 2383 συνῆπται
695 2350 738 2376 ἀεὶ
758 2351 788 2376 τὸ
820 2350 934 2386 Πνεῦμα

145 2390 242 2426 καὶτῷ
256 2391 325 2427 Υίῷ,
356 2393 402 2419 καὶ
415 2392 452 2424 ὡς
467 2394 584 2420 πάντοτε
595 2395 608 2420 ὁ
628 2395 722 2430 Πατὴρ
742 2397 771 2422 ἐν
788 2396 873 2431 αὐτῷ,
889 2396 934 2423 οὖ-

144 2445 186 2463 τω
202 2437 250 2463 καὶ
267 2439 296 2464 τὸ
310 2438 389 2472 ἅγιον
405 2439 520 2474 Πνεῦμα
533 2448 540 2454 ·
558 2439 616 2467 εἶτα
633 2442 679 2467 καὶ
694 2441 744 2476 τὴν
774 2443 839 2477 ἡμῖν
859 2443 934 2478 ἐνέρ-

145 2491 224 2518 γειαν
242 2485 289 2510 τοῦ
309 2483 389 2518 ἁγίου
407 2485 563 2520 Πνεῦματος
581 2487 610 2512 ἐν
640 2487 768 2523 ὀλιγίστῳ
795 2489 934 2523 διασαφῶν

145 2529 160 2554 ὁ
176 2529 308 2563 μελῳδὸς,
327 2531 375 2556 καὶ
387 2530 572 2566 παραδεικνξις
595 2531 650 2566 πῦρ
668 2531 869 2559 καταναλίσκον
896 2531 934 2560 εἶ-

145 2583 191 2601 ναι
206 2575 283 2607 αὐτὸ,
300 2576 448 2603 καυστικὴν
470 2575 541 2603 εἶναι
566 2586 633 2612 φησι
657 2578 839 2613 μολυσμάτων
868 2579 935 2614 ὕλης

145 2620 295 2656 ἀπεχοοῦς,
313 2622 360 2648 καὶ
380 2623 513 2657 ῥυπτικὸν
539 2624 552 2650 ὅ
569 2624 627 2650 ἐστι
652 2624 818 2659 καθαρτικδν
848 2625 933 2660 ῥύπου

146 2668 257 2700 παντὸς,
277 2667 324 2695 τοῦ
340 2669 411 2695 κατὰ
426 2669 488 2696 νοῦν
500 2670 613 2705 δηλαδὴ,
644 2670 657 2696 ὃ
680 2670 807 2706 δηλοῦται
829 2672 859 2699 ὲν
883 2672 934 2707 τῷ·

144 2713 308 2749 Καοάρισον
334 2715 409 2749 ἡμᾶς
438 2715 492 2741 ἀπὸ
519 2716 610 2751 πάσης
634 2716 760 2751 κηλῖδοςθ
778 2717 812 2753 ἣν
838 2718 934 2753 κηλῖδα

145 2760 193 2785 καὶ
208 2759 237 2785 ὃν
258 2759 344 2794 ῥύπον
355 2761 379 2786 υί
395 2760 611 2796 ἁπλουσάμενοι,
642 2763 759 2798 καθαροὶ
773 2764 805 2799 τῇ
833 2764 934 2800 καρδίᾳ

145 2805 193 2832 καὶ
205 2803 277 2831 οὕτω
293 2805 405 2832 οεόπται
418 2806 548 2839 γίνονται,
565 2808 610 2834 καὶ
627 2808 684 2842 φῶς
704 2808 763 2844 Θεῷ
791 2809 868 2842 φίλον
897 2810 935 2842 ὡς

145 2851 256 2886 ἱμάτιον
269 2850 478 2879 ἀναϐάλλονται.
499 2853 596 2881 Ίστὲον
614 2854 642 2880 δὲ
662 2855 703 2881 ὃτι
724 2863 751 2881 τε
769 2856 798 2882 ἐν
811 2856 932 2888 παλαιοῖς

145 2898 325 2932 ἀντιγράφοις
355 2897 471 2933 εὓρηται
505 2898 591 2934 ῥύπον
622 2900 729 2934 φρενῶν
745 2910 774 2928 τε
801 2901 934 2934 ῥυπτικὸν

985 1620 1096 1649 tumque
1118 1620 1221 1642 rectum
1237 1615 1264 1642 iu
1278 1616 1428 1643 visceribus
1443 1616 1501 1643 suis
1521 1615 1657 1647 innovari,
1670 1622 1766 1649 quem-

983 1660 1126 1687 adnmdum
1153 1665 1231 1687 antea
1253 1660 1426 1694 scripsimus.
1454 1664 1654 1688 commentatus
1679 1665 1767 1694 poeta.

983 1707 1015 1733 ad
1033 1706 1183 1734 festivaleut
1210 1707 1443 1734 continuationem
1470 1707 1626 1734 admiscens
1656 1714 1766 1740 quoque

985 1752 1158 1787 theologiam,
1175 1752 1216 1779 sic.
1227 1753 1410 1780 communiter
1428 1752 1590 1787 deprecatur
1605 1761 1611 1778 :
1631 1751 1654 1780 0
1679 1751 1767 1778 omni~

984 1802 1080 1832 potens
1097 1797 1229 1830 Verbum,
1246 1798 1347 1825 utinam
1364 1799 1476 1825 inuoves
1491 1798 1519 1825 in
1535 1797 1688 1825 visceribus
1705 1804 1767 1823 ηοε-

985 1849 1054 1871 trtuu
1088 1844 1309 1872 Christianorum
1336 1845 1460 1880 spiritum
1489 1844 1698 1871 desiderabilem
1730 1850 1761 1870 ac

983 1897 1097 1925 rectum,
1115 1899 1195 1926 quem
1210 1891 1236 1918 in
1253 1892 1447 1926 sempiternum
1465 1890 1630 1917 habeamus!
1644 1895 1682 1923 ut,
1693 1889 1764 1916 sicut

986 1937 1105 1972 Spiritus
1117 1942 1227 1965 sanctus
1243 1944 1332 1964 tecum
1358 1942 1399 1964 est
1418 1944 1525 1972 semper
1543 1936 1648 1968 unitas,
1664 1937 1704 1963 sic
1721 1940 1767 1962 tua

984 1983 1069 2018 gratia
1089 1991 1197 2018 semper
1220 1983 1364 2011 nobiscum
1390 1988 1499 2011 maneat
1527 1983 1559 2010 ad
1584 1982 1676 2010 steculi
1703 1989 1769 2009 con-

985 2030 1207 2062 summationem,
1225 2034 1251 2056 te
1268 2038 1320 2057 non
1337 2029 1460 2056 variante
1474 2029 1524 2056 nisi
1543 2028 1619 2064 prius
1639 2035 1689 2055 nos
1705 2035 1767 2062 pec-

984 2083 1090 2108 cemus,
1105 2083 1154 2102 nec
1166 2075 1326 2109 spiritaliter
1351 2079 1540 2102 momentanea
1560 2074 1650 2101 dante.
1668 2073 1769 2100 Deinde

985 2123 1135 2158 theologica
1150 2122 1357 2157 philosopharis,
1369 2121 1406 2148 ait
1418 2121 1550 2157 Spiritum
1562 2125 1686 2148 sanctum
1700 2127 1769 2147 scm-

986 2177 1032 2203 per
1047 2169 1176 2204 conjungi
1197 2177 1257 2196 cum
1285 2168 1354 2196 Filio
1371 2167 1513 2202 Verbaque
1539 2167 1584 2194 Dei
1610 2175 1766 2201 πατροπρο-

987 2215 1101 2246 ΰλήτως,
1115 2215 1140 2241 in
1157 2222 1189 2241 eo
1201 2214 1272 2248 quod
1289 2222 1354 2241 sane
1367 2222 1398 2240 ex
1414 2213 1492 2240 Patre
1510 2212 1669 2248 producitur
1687 2212 1769 2246 (προ-

965 2245 1160 2294 ’6ε6λῆσθαι),
1183 2245 1357 2294 etproccdit,
1383 2245 1523 2293 tamquam,
1549 2257 1667 2293 mystica~
1691 2245 1770 2293 syno-

985 2307 1089 2342 nymia,
1104 2311 1220 2340 ttlraque
1245 2307 1365 2333 dictione
1381 2305 1451 2332 idem
1472 2303 1650 2338 signiﬁcante.

1023 2353 1086 2381 l50.
1108 2352 1281 2380 Manifestum
1309 2356 1349 2378 est
1380 2356 1469 2378 autem
1502 2350 1572 2384 quod
1596 2350 1676 2376 etiam
1708 2357 1769 2376 eum

985 2399 1054 2427 Filio
1068 2406 1176 2434 semper
1190 2398 1367 2432 coniungitur
1390 2396 1527 2431 Spiritus;
1547 2402 1574 2423 et
1593 2396 1770 2431 quemadmo-

985 2446 1048 2472 dum
1064 2445 1144 2472 Pater
1156 2452 1262 2478 semper
1277 2448 1318 2471 est
1337 2443 1362 2470 in
1379 2443 1448 2477 ipso,
1466 2442 1506 2469 sic
1536 2442 1616 2469 etiam
1645 2441 1764 2476 Spiritus

985 2495 1108 2519 sanctus.
1126 2489 1228 2516 Deinde
1246 2489 1323 2516 nobis
1340 2489 1420 2515 etiam
1440 2487 1525 2515 sancti
1543 2487 1663 2522 Spiritus
1680 2487 1770 2513 enica.

986 2538 1054 2565 ciam
1065 2536 1224 2564 brevissime
1234 2534 1414 2562 manifestans
1425 2533 1657 2569 hymnographus,
1667 2533 1769 2565 ipsum-

986 2591 1037 2618 que
1046 2586 1252 2611 consumcntctn
1265 2582 1353 2617 ignem
1366 2588 1426 2608 esse
1435 2580 1637 2612 demonstrans,
1647 2584 1768 2607 urentem

985 2637 1046 2657 esse
1070 2629 1136 2656 dicit
1161 2627 1330 2655 macularum
1354 2626 1476 2654 odiosam
1501 2626 1657 2657 materiam.
1675 2626 1753 2652 clueu

987 2678 1097 2708 temque
1116 2681 1162 2700 seu
1176 2676 1338 2707 purgantem
1356 2678 1452 2698 omnes
1468 2671 1574 2702 sordes,
1592 2671 1654 2697 illas
1666 2669 1770 2696 scilicet

985 2727 1045 2752 quae
1062 2723 1186 2754 spectant
1199 2719 1232 2746 ad
1249 2721 1378 2750 mentem,
1394 2717 1466 2752 quod
1482 2718 1509 2744 in
1523 2718 1574 2744 ltoc
1590 2717 1765 2743 demonstra-

987 2769 1029 2790 tur
1052 2773 1058 2791 :
1081 2764 1179 2791 Munda
1207 2772 1256 2792 nos
1279 2764 1312 2792 ab
1336 2764 1408 2791 omni
1436 2764 1541 2790 macula
1559 2771 1566 2790 :
1586 2770 1638 2795 qua
1664 2763 1767 2788 macula

986 2817 1094 2844 quaque
1107 2811 1187 2838 sorde
1202 2809 1285 2836 lavati
1305 2810 1364 2844 puri
1383 2816 1446 2837 sunt
1463 2809 1544 2835 (ordc
1569 2807 1662 2841 sicque
1685 2807 1768 2834 Deum

986 2855 1108 2883 videntes
1125 2855 1421 2888 ﬁunt,lumenquellcn
1450 2853 1562 2880 charum
1580 2856 1708 2885 tanquam
1726 2861 1769 2879 vc-

987 2903 1148 2932 stimcntutn
1176 2903 1302 2931 induunt.
1316 2901 1460 2930 Sciendum
1483 2903 1525 2928 est
1539 2902 1628 2927 autem
1652 2901 1723 2931 quo-.l
1741 2900 1766 2925 in
