1965 3115
704 0 914 13 ί-

133 159 186 190 665

541 159 581 189 ΙΝ
600 159 771 201 ΠΥΜΝῌΜ
788 159 1115 191 PEN’TECOSTALEM
1137 161 1368 193 DAMASCENI.

37 14 720 44 F4,‘_‘::T:L.,
761 33 998 38 --...--__._
1030 33 1035 34 γ
1060 33 1091 37 .-
1129 32 1222 36 -__.-
1271 31 1288 34 ε
1314 31 1370 35 _._
1395 31 1410 33 η

1704 159 1756 190 666

130 214 179 248 ιιῆς
204 214 323 250 εὖκταίῳ
339 215 479 250 Πνεύματι
498 214 535 249 τῷ
552 214 704 249 εὐθυτάτῳ,
727 214 860 240 ἀντιθετεῖ
887 213 916 240 τὸ

971 217 1074 251 =piritui
1098 217 1271 248 rectissimo.
1306 216 1453 251 opponitur
1476 216 1660 248 dmmoninm;
1684 218 1754 249 quoi

133 260 268 295 δαιμόνιον
278 269 284 276 ·
301 260 315 287 ὃ
327 260 373 287 καὶ
393 260 456 292 τοὺς
470 260 574 296 κύκλῳ,
589 259 734 295 ψαλμιχῶς
752 260 848 292 εἰπεῖν,
865 268 898 286 πε
908 274 915 278 -

135 305 314 338 ριπατοῦντας
334 306 472 341 περιάγει,
492 305 537 332 καὶ
553 305 630 331 οὐδὲν
645 304 748 338 ἀγαθὸν
763 304 833 338 πρὸς
849 304 916 338 ἁλή-

133 351 207 377 θειαν
226 351 362 386 εὐθύτητα
387 353 469 384 ποιεῖ,
492 351 559 378 ἀλλὰ
577 351 704 386 στρεόλοϊ
719 350 753 377 τὰ
770 351 858 377 πάντα
877 351 916 381 εἰς

131 398 163 423 τὸ
188 397 253 431 ἡμῖν
278 398 448 433 ἀσύμφορον,
473 398 496 423 εί
515 396 552 432 μὴ
579 396 608 422 τὸ
635 395 713 426 εὒθὲς
737 396 916 429 ὰντιπράττει

133 443 247 477 Πνεῦμα
267 443 382 478 βοηθοῦν
397 444 461 478 ἡμῖν
472 451 478 458 ·
494 443 539 469 διὰ
554 442 608 469 τῶν
620 442 745 475 ἒγκάτων
759 441 787 468 δὲ
802 442 852 475 τῆς
865 440 917 475 ψυ-

133 491 182 525 χῆς
200 490 316 517 καὶτῶν
342 491 402 517 κατ’
424 491 509 524 αὐτὴν
534 491 665 517 ποικίλων
689 490 783 517 θεόθεν
806 490 916 516 ἐννοιῶν

132 536 279 563 αἰνίττεται
298 536 390 570 βάθος,
406 537 466 564 καθ’
480 537 494 563 ὃ
516 538 715 573 σημαινόμενον
734 538 781 564 καὶ
799 538 812 564 ὁ
834 536 917 563 Δασὶδ

133 582 188 611 τοῖς
204 581 287 608 αὐτοῦ
303 582 377 613 ἐντὸς
395 583 516 616 εὐλογεῖν
533 583 563 610 τὸ
584 583 670 617 δνομα
691 582 795 617 Κυρίου
809 582 915 608 ἐπιτέλ-

133 626 208 653 ὶεται
218 635 225 642 ·
240 626 269 658 ὃς
282 628 330 655 καὶ
341 630 373 655 ἐκ
388 629 516 655 τοιούτων
532 628 637 664 βαθέων
652 627 798 664 κεκραγὼς
810 628 917 662 ’τῷΚυ-

136 673 185 706 ρίῳ
201 673 383 701 εἰσακούεται.
404 675 465 709 Χρὴ
479 675 533 709 γὰρ
548 675 602 701 πᾶν
618 674 719 708 ἀγαθὸν
735 673 850 708 ψυχικὸν
880 673 916 708 μὴ

133 718 293 746 ἐπιπόλαιον
317 719 511 754 προφέρεσθαι,
540 719 599 746 ἀλλ’
623 720 758 754 οἰκουρεῖν
783 719 812 745 ἑν
841 719 916 753 βάθει

132 765 327 798 ταμιευτικῶς,
344 765 482 801 θησαυροῦ
505 766 593 800 δίκην,
607 763 628 799 ᾧ
644 767 691 792 καὶ
705 767 720 800 ὴ
737 765 784 792 τοῦ
800 764 918 793 καθὲκα-

134 818 198 836 στον
213 810 312 844 καρδία
329 811 438 838 σύνεστι
463 812 533 838 κατὰ
550 811 599 847 τὴν
617 811 698 844 ἁγίαν
714 810 837 845 Γραφήν.
853 808 917 836 Ὀτι

133 857 160 882 δὲ
186 857 216 883 τὺ
240 857 377 890 ὲγκάτοις,
392 858 506 891 ἐγκασιν
527 857 578 891 ἔφη
599 858 613 883 6
630 858 659 883 ὲν
674 857 730 888 τοῖς
757 855 809 888 ἔξω
837 855 918 889 σοφὸς

134 902 260 937 ποιητὴς,
275 902 357 936 δῆλον
382 903 437 934 τοῖς
449 903 568 935 ¹εἰδόσιν·
586 903 615 934 ὃς
632 903 680 930 καὶ
702 902 733 929 τὺ
761 900 918 937 προσώποις

134 948 313 983 προσώπασιν
324 949 453 984 ἔγραψεν·
463 949 565 984 ὁμοίως
575 949 605 976 τὸ
612 950 721 984 ἄστροις
730 949 858 984 ᾶστρασι.
872 949 919 975 καὶ

133 995 249 1030 ὀνείροις
259 996 391 1031 ὀνείρασι.
402 995 438 1022 Τὺ
447 996 475 1022 δὲ
484 995 609 1031 μόλυσμα
619 997 649 1022 ἐκ
658 995 704 1022 τοῦ
714 995 820 1030 μολύνω
829 1004 920 1030 παρη·-

133 1042 235 1076 γμὲνον
251 1042 379 1076 ἀναλογεῖ
394 1042 461 1078 πρὸς
474 1043 504 1068 τὸ
520 1043 620 1077 μιαίνω
636 1043 753 1077 μίασμα.
769 1042 816 1069 καὶ
830 1042 919 1076 ἠδύνω

132 1087 243 1122 ἥδυσμα
256 1096 263 1103 ·
279 1088 309 1114 τὸ
324 1087 352 1114 δὲ
365 1088 480 1118 αἰωνῐως
492 1087 560 1123 πρὸς
576 1088 605 1114 τὸ
621 1088 737 1114 πάντοτε
755 1086 918 1122 ἀρμοστέον,

134 1133 177 1159 ἵνα
194 1133 228 1160 δι’
241 1134 323 1169 εὐχῆς
349 1134 416 1169 ἡμῖν
440 1134 496 1168 εἴη,
521 1134 638 1164 αίιυνίως
660 1134 689 1159 ὲν
711 1134 778 1168 ἡμῖν
793 1133 824 1160 ab
841 1133 918 1167 ἅγιον

133 1179 247 1214 Πνεῦμα
271 1178 341 1206 εἶναι
367 1180 397 1206 τὸ
425 1180 541 1206 πάντοτε
569 1179 743 1215 συνημμένον
758 1179 798 1214 τῷ
815 1180 919 1206 Παντο-

133 1225 258 1260 κρὰτορι.
277 1224 314 1251 Τὸ
328 1224 356 1251 δὲ
374 1224 460 1260 ῥύπου
491 1225 633 1260 ῥυπτικὸν,
648 1224 706 1250 ἔστι
723 1224 773 1259 μὲν
790 1224 920 1259 ἐτυμολο-

133 1270 213 1304 γικοῦ
229 1271 342 1306 τρόπου,
360 1271 488 1305 Ἀττικῆς
512 1271 541 1297 δὲ
566 1271 661 1305 κοινῆς
686 1270 809 1306 γλώττης
824 1270 919 1306 ὥρμη-

133 1325 179 1343 ται
189 1325 196 1332 ·
208 1317 331 1344 τοιοῦτον
344 1317 371 1344 δὲ
383 1318 430 1345 καὶ
443 1318 474 1344 τὸ
488 1318 561 1352 λέγω
575 1318 664 1352 λόγον,
674 1317 721 1344 καὶ
734 1317 810 1344 ὑπνῶ
823 1316 918 1349 ὕπνον,

134 1364 182 1391 καί
199 1365 231 1391 τὰ
247 1364 336 1400 ὃμοια.

219 1466 385 1500 Τροπὰριον
398 1466 540 1500 δεύτερον
561 1465 617 1500 τῆς
631 1466 721 1500 ἕκτης
732 1465 822 1500 ᾠδῆς.

171 1544 242 1571 XVI.
264 1544 390 1579 Ὀρεκτδν
406 1543 515 1579 ἀξίωμα
532 1545 588 1575 τοῖς
603 1544 773 1575 ἀποστόλοις·

258 1591 399 1622 Σιωνίταις
417 1591 548 1625 μίμνουσι
563 1590 612 1625 σὴν
627 1590 790 1625 παρουσίαν,
836 1625 838 1627 ι

255 1636 403 1671 Γνὼριαμα
420 1636 532 1671 Πνεῦμα
547 1636 766 1670 πατρογεννήτου
776 1635 862 1668 Λόγου

257 1681 364 1717 Λέσχην
379 1681 469 1716 ἀπηνῆ
484 1681 538 1707 τῶν
555 1680 639 1708 ὲθνῶν
654 1681 864 1716 ποππυσμάτων

259 1728 374 1753 Ὠκιστα
389 1727 494 1759 δεικνὺς
512 1727 659 1761 πυρπνόως
670 1726 836 1762 καθιδρύεις.

172 1776 238 1808 ρνγ’.
257 1773 408 1807 Εὺξώμεθα
433 1773 461 1799 ἐν
482 1772 521 1807 τῷ
543 1773 657 1807 παρόντι
674 1773 813 1808 τροπαρίῳ
838 1781 918 1807 περι-

134 1821 227 1853 τυχεῖν
245 1819 407 1854 ἀντιγράφῳ
424 1818 564 1853 ἀσφάλτῳ.
583 1815 631 1850 Οἷς
647 1818 700 1853 γὰρ
729 1818 918 1853 ὲνεκύρσαμεν

133 1866 184 1891 οὐκ
201 1866 255 1891 ἔστι
276 1865 379 1900 μέμψιν
394 1865 472 1897 ἀξίαν
487 1866 644 1898 ἐπενεγκεῖν
656 1873 662 1880 ·
675 1865 714 1898 τῷ
727 1865 796 1895 τέως
807 1865 835 1891 δὲ
847 1865 918 1900 γρά-

133 1913 233 1946 ψαντες
249 1912 317 1947 πρὸς
333 1913 367 1939 τὰ
381 1912 580 1947 παρευρημένα
605 1912 680 1943 ὅπως
705 1913 860 1947 ἰσχύσομεν,
873 1912 919 1939 ὕσ-

132 1967 214 1993 τερον
231 1959 274 1985 ὅτε
299 1958 365 1992 ὀρθῇ
393 1958 498 1984 ὲκδᾶσει
526 1955 751 1993 περιτευξόμεθαζ
767 1958 827 1984 τότε
850 1959 919 1985 ἀνα-

134 2004 282 2039 κάμψομεν
296 2004 326 2029 τὸ
341 2004 389 2030 οὐκ
403 2002 478 2029 εὐθύ.
494 2004 619 2037 Λέγομεν
636 2002 682 2031 οὖν
700 2004 828 2038 ἀφορμὰς
846 2004 920 2039 εἰλη-

135 2052 217 2084 φότες
229 2051 259 2076 ἐκ
273 2058 344 2080 τινος
358 2050 567 2084 προῦπάρξεως,
581 2050 621 2076 ὅτι
636 2050 710 2076 δοκεῖ
721 2050 788 2085 πρὸς
799 2050 828 2077 τὸ
842 2051 919 2084 ἆγιον

135 2096 345 2130 ἀποτεινόμενος
359 2094 473 2129 Πνεῦμα
484 2095 497 2120 ὁ
510 2094 639 2129 μελῳδδς,
650 2094 741 2129 λέγειν
755 2094 828 2121 οὕτω
840 2103 899 2126 πως
910 2103 918 2110 ·

132 2142 170 2170 Ὦ
198 2142 311 2177 Πνεῦμα
334 2142 423 2176 ἅγιον,
445 2140 587 2176 γνώρισμα
606 2141 653 2168 τοῦ
671 2140 700 2174 ἐξ
719 2141 838 2177 ἀνάρχου
865 2142 921 2168 Πα-

130 2190 196 2225 cpi);
223 2189 399 2225 γεννηθέντος
425 2188 490 2215 Υἰου
517 2189 563 2214 τοῦ
586 2187 665 2214 Θεοῦ.
687 2188 732 2219 Ὦς
755 2188 810 2223 γὰρ
826 2189 840 2215 ὁ
855 2188 918 2221 Υίδς

969 262 1017 289 bac
1035 268 1061 290 et
1077 263 1138 290 illac
1163 263 1346 294 ambulantes,
1368 266 1398 290 ut
1423 270 1485 289 cum
1510 262 1626 290 Psalmis
1648 261 1755 295 loquar,

968 309 1159 340 circumducit.
1186 317 1236 336 nec
1264 309 1348 336 ullum
1376 308 1478 335 bonum
1502 308 1579 343 juxta
1611 307 1752 334 veritatem

968 355 1132 382 rectitudine
1148 355 1221 386 facit.
1242 355 1288 383 sed
1305 354 1398 382 omnia
1414 353 1559 389 detorquet
1579 353 1612 381 ad
1627 357 1751 380 nostrum

968 399 1185 434 incommodum,
1199 400 1252 428 nisi
1269 400 1380 435 spiritus
1398 403 1502 432 rectus,
1524 398 1602 426 nobis
1618 398 1749 426 auxilium
1772 396 1775 398 ’

968 452 1118 481 praestans.
1142 447 1268 475 obsistat.
1292 446 1344 476 Per
1367 446 1465 473 animae
1488 445 1594 473 viscera
1616 444 1751 472 variarum

970 493 1056 527 ipsius
1073 500 1087 519 a
1104 492 1158 520 Deo
1174 494 1369 527 cogitationum
1388 493 1559 529 profunditas
1583 491 1750 522 insinuatur,

967 538 1045 572 juxta
1059 538 1131 574 quod
1146 538 1327 574 signiﬁcatum
1346 539 1428 567 David
1447 539 1488 566 his
1501 546 1563 575 qu:e
1574 538 1644 564 intra
1662 536 1750 571 ipsum

969 589 1045 618 sunt,
1059 589 1090 612 nt
1103 593 1203 612 nomen
1226 585 1335 613 Domini
1358 585 1532 616 benedicanl,
1555 583 1688 620 praecipit.
1720 581 1777 613 Et.

969 630 1062 664 etiam,
1082 632 1155 658 cnim
1170 639 1202 658 ex
1217 631 1318 659 talibus
1331 631 1472 666 profundis
1496 629 1627 661 clamavit
1647 628 1680 655 ad
1704 628 1754 656 Do-
1772 664 1778 668 ⁴

968 677 1093 710 minum,
1117 676 1274 705 exauditur.
1298 677 1412 713 Oportet
1444 677 1515 703 enim
1550 683 1630 703 omne
1653 675 1753 705 bonum

969 722 1066 749 anima:
1089 729 1142 749 non
1158 722 1190 749 ad
1213 723 1389 758 superficiem
1416 722 1542 758 proferri,
1563 721 1611 749 sed
1636 721 1756 756 pretiose
1775 750 1778 755 ,

969 766 1066 794 domus
1090 767 1117 794 in
1141 767 1278 802 profundo
1301 767 1447 801 custodiri,
1476 767 1549 794 sicut
1579 766 1752 797 thesaurum,

970 812 1012 839 cui
1035 811 1112 846 juxta
1130 820 1237 840 sacram
1261 812 1444 847 Scripturam,
1467 811 1688 846 uniuscujusque
1707 818 1756 837 cur

971 857 1130 891 apponitur.
1158 856 1236 891 Quod
1260 863 1350 885 autem
1365 865 1458 885 vocem
1479 857 1620 892 ὲγκάτοις.
1641 854 1755 890 ἔγκασιν

970 903 1038 930 dixit
1053 902 1161 938 sapiens
1174 903 1243 938 apud
1257 908 1365 932 exteros
1377 909 1465 939 poeta,
1479 903 1545 931 viris
1556 902 1645 930 doctis
1660 906 1754 930 notum

969 954 1012 976 cst
1028 957 1036 976 :
1052 949 1180 977 similiter
1194 951 1304 986 scripsit
1334 950 1516 985 προσώπασιν
1531 957 1579 984 pro
1595 947 1755 984 προσώποις

969 995 1086 1032 ἄστροισι
1100 1003 1149 1032 pro
1169 996 1292 1032 ἄστροις,
1311 1001 1339 1024 et
1352 996 1475 1031 ὀνείρασι
1490 1003 1541 1030 pro
1555 995 1680 1030 ὀνείροις.
1696 993 1753 1022 Vox

969 1045 1060 1068 autem
1077 1041 1206 1076 μόλυσμα
1217 1050 1232 1068 e
1243 1042 1326 1069 verbo
1342 1041 1450 1077 μολύνω
1465 1041 1604 1068 derivatur
1615 1039 1755 1074 analogico

970 1094 1031 1114 Cum
1049 1087 1171 1121 ξμιαίνω
1194 1087 1315 1123 μίασμα,
1341 1092 1369 1115 et
1392 1087 1482 1122 ἠδύνω
1509 1087 1630 1122 ἥδυσμα.
1650 1085 1756 1113 Adver-

970 1133 1043 1160 bium
1061 1133 1180 1165 αἰωνιως
1192 1134 1268 1169 juxta
1289 1134 1406 1161 πάντοτε
1423 1131 1689 1161 accommodandum
1702 1135 1754 1164 est,

969 1184 999 1205 ut
1018 1178 1098 1206 nobis
1116 1179 1152 1206 sit
1164 1179 1195 1206 in
1207 1184 1271 1207 voto
1289 1187 1396 1214 semper
1409 1178 1549 1214 (αἰωνίως)
1562 1178 1589 1206 in
1603 1176 1681 1205 nobis
1694 1183 1755 1205 esse

971 1223 1107 1258 Spiritum
1130 1230 1268 1259 sanctum,
1286 1225 1333 1260 qui
1345 1232 1453 1253 summo
1469 1224 1631 1252 dominatori
1643 1229 1756 1258 semper

971 1270 1112 1305 (πάντοτε)
1129 1271 1316 1306 conjungitur.
1334 1271 1390 1299 lloc
1401 1276 1491 1298 autem
1507 1270 1595 1305 ῥύπου
1612 1268 1755 1306 ῥυπτικόν,

969 1319 1014 1341 est
1029 1315 1139 1349 quidem
1151 1316 1358 1355 _elymologicns
1381 1320 1487 1351 tropus,
1503 1315 1592 1344 Attica
1604 1322 1667 1341 vero
1681 1321 1756 1342 com-

970 1361 1046 1388 muni
1066 1360 1159 1396 lingua
1183 1362 1328 1389 formatur.
1352 1361 1429 1389 Talia
1451 1367 1514 1390 sunt
1530 1371 1537 1389 :
1555 1360 1629 1396 λέγω
1654 1360 1754 1395 λόγον,

969 1406 1047 1443 ῥπνῶ
1065 1407 1160 1441 ὕπνον,
1175 1414 1203 1436 et
1218 1408 1331 1436 similia.

1109 1464 1269 1498 Troparium
1289 1465 1432 1493 secundum
1445 1465 1504 1494 odw
1518 1471 1609 1494 nulla.

1057 1544 1219 1580 Appetibilis
1232 1546 1352 1581 dignitas
1369 1547 1504 1581 apostolis
1518 1557 1525 1575 :

1025 1590 1212 1624 Sionensibus,
1227 1594 1449 1627 exspectantibus
1467 1600 1540 1621 tuam
1554 1593 1737 1629 praesentiam,

1021 1635 1098 1669 Nota,
1121 1636 1238 1671 Spiritus
1251 1638 1333 1672 geniti
1349 1646 1363 1665 a
1378 1638 1458 1667 Patre
1475 1638 1566 1672 Verbi,

1020 1680 1112 1715 Nugas
1127 1682 1249 1710 inlicetas
1264 1682 1456 1711 blanditiarum
1472 1685 1593 1720 gentium
1767 1717 1770 1720 ,

1021 1726 1152 1754 Celeriter
1166 1733 1334 1761 monstrans,
1345 1729 1371 1757 in
1385 1730 1437 1757 illis
1452 1731 1538 1758 instar
1549 1731 1621 1766 ignis
1633 1731 1747 1760 insides.

1003 1773 1064 1800 155.
1085 1772 1202 1801 Gloriari
1235 1782 1382 1809 possumus
1411 1776 1438 1803 in
1471 1777 1522 1804 hac
1557 1779 1668 1813 stropbe
1702 1786 1752 1806 nos

968 1820 1123 1848 occurrisse
1146 1824 1205 1848 tuto
1226 1821 1374 1856 exemplari
1395 1831 1402 1850 :
1418 1822 1461 1850 bis
1475 1824 1548 1851 enim
1561 1824 1659 1859 quibus
1677 1825 1752 1853 obvii

968 1866 1071 1894 fuimus
1093 1867 1160 1894 nihil
1183 1868 1378 1903 exprobatione
1402 1862 1514 1904 dignu'm
1538 1870 1633 1898 inferri
1652 1878 1752 1907 potest.

969 1913 1116 1948 llncusque
1128 1921 1194 1941 vero
1207 1921 1269 1941 cum
1295 1916 1444 1942 secundum
1469 1916 1591 1950 inventa,
1615 1918 1754 1952 quomodo

969 1959 1131 1990 valeremus,
1148 1960 1321 1995 scripsimus,
1349 1967 1443 1996 postea
1458 1971 1520 1990 eum
1538 1963 1651 1991 editioni
1673 1969 1756 1992 rectae

970 2013 1157 2040 occurremus,
1171 2010 1236 2033 tunc
1246 2007 1319 2042 quod
1333 2015 1385 2035 non
1400 2012 1442 2036 est
1456 2013 1559 2038 rectum
1572 2010 1754 2046 corrigemus.

971 2050 1091 2078 Dicimus
1105 2052 1330 2087 ergo,exerdinm
1345 2061 1378 2081 ex
1387 2054 1551 2089 quibusdam
1569 2056 1755 2091 prmeuntibus

970 2097 1098 2129 mutuati,
1113 2098 1186 2132 quod
1203 2097 1313 2126 videtur
1335 2100 1368 2128 ad
1385 2106 1509 2129 sanctum
1533 2103 1654 2130 intentus
1670 2102 1757 2138 Spiri-

971 2146 1027 2168 tum
1044 2147 1125 2177 poeta
1138 2143 1176 2170 ita
1190 2144 1394 2178 quodammodo
1409 2146 1502 2174 dicere
1518 2157 1527 2175 :
1544 2146 1567 2175 0
1585 2152 1679 2176 sancte
1694 2148 1755 2184 Spi-

972 2185 1051 2218 ritus,
1077 2185 1140 2214 Filii
1169 2186 1232 2220 Dei,
1259 2195 1294 2215 ex
1319 2187 1399 2217 Patre
1423 2190 1585 2226 principium
1615 2193 1755 2220 nesciente

131 2238 200 2272 ἡμῖν
224 2236 270 2262 τὸν
289 2236 398 2266 Πατέρα
424 2234 564 2269 γνωρίζει,
590 2233 661 2260 οὓτω
677 2234 709 2260 σὺ
730 2234 774 2260 τδν
791 2233 866 2260 Υεόν·
881 2231 917 2260 Ὦ

971 2231 1066 2266 geniti,
1090 2233 1233 2265 revelatio,
1259 2233 1331 2261 sicut
1352 2234 1425 2262 enim
1452 2234 1537 2264 Filius
1560 2237 1639 2265 nobis
1657 2238 1756 2266 revelat

134 2284 207 2310 ¹πάνυ
224 2283 336 2318 ὀρεκτὸν
349 2282 458 2316 ἀξίωμα
474 2283 531 2313 τοῖς
547 2280 707 2311 ἀποστόλοις
724 2282 779 2311 τοῖς
797 2281 825 2306 ὲν
849 2280 918 2307 Σιὼν

134 2328 300 2364 καθημένοις
311 2328 357 2355 καὶ
373 2327 537 2362 ἀναμένουσι
554 2326 603 2362 τὴν
617 2326 770 2361 παρουσίαν
785 2334 833 2353 σου
847 2326 919 2353 καθὰ

135 2375 380 2411 παρηγγέλθησαν,
394 2375 425 2401 σὺ
443 2374 480 2405 ὡς
497 2374 564 2405 Θεὸς
582 2373 729 2408 πυρπνόος,
744 2374 790 2400 καὶ
809 2372 842 2399 δι’
853 2372 919 2399 αὐτὸ

133 2422 260 2458 φοϐερὸς,
274 2420 382 2452 δεικνὺς
398 2420 447 2455 τὴν
466 2419 567 2454 λέσχην
585 2420 632 2445 καὶ
657 2419 706 2453 τὴν
733 2418 842 2453 ὁμιλίαν
865 2418 919 2444 τῶν

133 2469 206 2496 κατὰ
222 2469 256 2495 τὰ
271 2468 335 2502 ἔθνη
352 2467 386 2492 τὰ
402 2466 438 2501 μὴ
459 2465 544 2492 πιστὰ
565 2465 775 2499 ποππυσμάτων
787 2473 793 2479 ·
807 2465 849 2491 ὅτι
869 2465 919 2491 οὐκ

131 2516 207 2542 ἔστιν
225 2514 315 2548 ἐκείνη
333 2511 517 2546 πνευματικὴ,
533 2510 602 2537 ἀλλὰ
622 2510 729 2544 ἀπηνὴς
745 2509 848 2536 ῶκιστα
873 2510 919 2537 καὶ

130 2563 183 2589 σὺν
205 2560 294 2587 οὐδενὶ
320 2559 393 2593 πόνῳ
418 2556 574 2592 καθιδρύεις
592 2556 655 2587 τοὺς
681 2556 821 2586 ἐθνικούς·
836 2556 920 2591 ἤγουν

129 2608 228 2639 ἁπλῶς
245 2607 367 2638 καθίζεις
384 2605 430 2631 καὶ
456 2603 527 2630 οὕτω
551 2603 746 2636 κατασιγάζεις
761 2603 808 2629 καὶ
825 2604 920 2638 ἀκινη-

127 2655 220 2687 τίζειν
238 2654 333 2684 ποιεῖς,
352 2652 389 2682 ὡς
404 2651 503 2685 μηκέτι
532 2650 618 2684 μέθην
634 2647 703 2676 εἶναι
726 2648 848 2682 νομίζειν
871 2649 919 2683 τὴν

126 2698 318 2731 ἀποστολιχὴν
336 2697 480 2733 ῥητορείαν
492 2705 498 2710 ·
510 2697 556 2723 καὶ
568 2696 689 2722 τοιοῦτον
706 2695 755 2730 μὲν
769 2695 806 2727 ὡς
820 2696 851 2721 ἐκ
864 2695 919 2722 τῶν

130 2746 353 2778 παραπεσόντων
380 2744 554 2777 ἀντιγράφων
572 2744 763 2778 ἦρανισάμεθα
788 2743 850 2769 νοῦν
869 2744 918 2778 δη-

124 2788 243 2820 λοῦντα,
261 2787 298 2818 ὡς
323 2790 352 2813 ἐν
378 2787 461 2821 ὀλίγῳ
480 2787 595 2821 φράσαι,
612 2788 652 2814 ὅτι
667 2787 702 2815 Ὠ
716 2788 792 2821 ἅγιον
808 2788 918 2822 Πνεῦμα

123 2835 184 2867 τὴν
197 2834 308 2867 ὲονικὴν
325 2833 458 2867 φλυαρίαν
474 2833 543 2866 ταχὺ
563 2834 600 2865 ὠς
621 2834 686 2865 Θεὸς
702 2833 919 2869 παραδειγματί-

127 2888 197 2912 σας,
223 2878 409 2909 χατέπαυσας.
435 2878 466 2904 Εἰ
492 2878 520 2905 δὲ
547 2879 576 2906 τὸ
602 2879 748 2913 πυρπνόως
775 2879 918 2915 ἐπιρρημὰ

971 2275 1090 2309 Patrem,
1106 2277 1145 2304 sic
1161 2281 1187 2304 et
1203 2283 1230 2304 tu
1246 2276 1366 2312 Filium;
1384 2292 1420 2300 —-
1435 2279 1457 2307 Ο
1473 2280 1597 2315 dignatio
1609 2281 1687 2308 valde
1705 2281 1755 2309 de-

969 2322 1089 2349 sirabilis
1104 2323 1235 2357 apostolis
1260 2323 1288 2351 in
1315 2323 1381 2352 Sion
1395 2324 1553 2358 sedentibus
1572 2327 1753 2362 exspectanti-

970 2368 1077 2403 busqne
1095 2373 1181 2403 tuam,
1199 2375 1229 2397 ut
1245 2370 1313 2405 ipsis
1327 2375 1370 2399 est
1391 2372 1538 2406 promissa,
1562 2373 1754 2408 praesentiam;

971 2418 999 2442 tu
1018 2418 1150 2450 tanquam
1167 2415 1238 2444 Deus
1254 2416 1380 2452 ignillans
1394 2418 1556 2454 (πυρπνόος)
1573 2423 1602 2446 et
1623 2418 1684 2446 ideo
1701 2423 1756 2447 Ire-

970 2461 1095 2494 mendtls,
1112 2462 1258 2490 ostendens
1272 2463 1356 2491 relate
1373 2463 1408 2491 ad
1426 2464 1553 2492 ethnicos
1575 2472 1630 2492 non
1661 2465 1754 2493 fideles

970 2507 1171 2542 scductionem,
1191 2510 1448 2537 sermocinationem
1467 2518 1499 2537 ac
1508 2511 1754 2544 conversationem,

969 2554 1043 2588 quod
1058 2561 1112 2581 non
1125 2559 1165 2582 est
1184 2554 1349 2589 spirituaiis.
1373 2556 1422 2583 sed
1440 2556 1569 2588 crudelis.
1586 2555 1711 2591 protinus
1728 2562 1756 2585 et

969 2600 1071 2633 absque
1086 2600 1140 2628 uilo
1164 2600 1257 2627 labore
1274 2600 1335 2629 illos
1357 2602 1389 2629 ad
1404 2605 1504 2629 terram
1518 2604 1683 2636 prosternis.
1698 2603 1755 2631 sive

970 2646 1131 2680 simpliciter
1148 2647 1254 2680 sedere,
1271 2647 1366 2683 sicque
1383 2648 1464 2676 silere
1478 2656 1509 2676 ac
1524 2649 1584 2677 sine
1605 2655 1678 2676 motu
1694 2657 1754 2677 esse

969 2693 1054 2728 cogis,
1068 2697 1097 2720 ut
1107 2694 1163 2728 jam
1185 2702 1238 2722 non
1257 2699 1350 2729 putent
1366 2695 1524 2723 ebrietatem
1539 2704 1599 2724 esse
1617 2696 1755 2731 apostolo-

970 2747 1030 2766 rum
1050 2740 1245 2775 eloqucntiam’.
1273 2741 1367 2768 Talem
1393 2742 1518 2777 equidem
1538 2746 1568 2769 ut
1584 2750 1616 2769 ex
1642 2746 1754 2775 praster-

971 2787 1054 2821 lapsis
1070 2787 1271 2821 exemplaribus
1283 2787 1406 2815 eruimus
1419 2796 1530 2816 sensum
1545 2787 1752 2822 significantem,

970 2837 999 2859 ut
1017 2833 1135 2860 breviter
1150 2833 1256 2868 loquar,
1267 2834 1358 2861 istud:
1375 2834 1397 2861 Ο
1413 2838 1506 2862 sancte
1519 2832 1647 2866 Spiritus,
1664 2831 1754 2858 ethni-

975 2887 1033 2906 cam
1051 2879 1236 2914 garrulitatem
1253 2880 1308 2907 cito
1327 2885 1457 2915 tanquam
1474 2879 1545 2906 Dcus
1559 2877 1685 2910 stigmate
1701 2885 1752 2906 no-
