1965 3115
200 151 252 182 667

201 211 268 241 tam,
290 207 458 236 continuisti.
492 208 520 236 Si
556 217 619 236 vero
651 208 799 244 πυρπνόως
826 208 982 235 adverbium
999 209 1022 237 Δ

201 259 252 286 est,
272 255 311 281 vel
326 255 432 287 δεικνὺς
454 255 531 283 aliter
548 255 687 286 scribitur.
708 254 750 281 vel
764 254 921 289 καθιδρύεις
940 261 984 280 se-

203 300 290 327 cunda
306 309 422 335 persona
440 309 493 328 non
509 305 561 334 est,
579 308 629 328 nec
646 300 808 335 simpliciter
832 299 984 327 sessionem

208 353 241 373 ac
254 346 373 380 quietem
385 346 528 380 signiﬁcat,
538 347 596 380 sed,
609 351 637 374 ut
649 346 729 382 paulo
740 351 803 374 ante
815 346 988 374 demonstra-

203 395 260 418 tum
285 396 336 422 est.
361 399 436 418 saera
466 395 507 419 est.
537 391 631 424 dictio,
664 396 694 419 ιιι
728 393 755 419 in
786 391 986 419 dedicationem

203 435 245 463 vel
261 437 286 463 in
303 436 364 463 solii
382 437 618 473 inaugurationem
643 437 748 466 dederit
771 437 842 465 Deus
858 445 908 465 nos
927 437 988 464 illu-

204 489 311 509 milia".

240 526 302 555 154.
325 527 427 556 Donum
441 535 532 557 autem
555 531 642 558 videri
661 535 753 563 posset
775 530 815 558 sic
833 531 916 557 etiam
941 537 990 557 no-

203 571 259 598 tavi
284 578 444 606 praesentem
469 575 622 610 strophen:
646 575 669 602 0
697 579 791 602 sancte
809 575 941 611 Spiritus,
960 579 990 602 ut

204 617 308 645 dictum
323 619 406 646 estin
424 620 512 648 tribus
533 629 566 648 ex
591 621 688 649 ordine
709 621 832 649 versibus
855 621 991 655 signiﬁca-

205 665 273 694 tum,
299 667 327 690 tu
346 664 538 692 demonstrans
560 670 589 693 nt
614 666 687 694 Deus
718 668 820 694 sanctis
847 667 990 701 apostolis.

205 707 263 734 sive
288 712 417 744 tanquam
446 711 541 738 doctor
557 712 736 739 manifestans
768 712 858 746 qualia
882 712 992 740 sibilent

206 754 319 787 ethnici,
343 755 433 790 qualia
460 763 524 783 vero
549 757 700 792 theologica
726 758 842 784 doceant
865 757 991 792 discipuli

207 800 265 832 Dei,
281 801 334 828 hoc
348 806 436 829 autem
453 804 599 830 ostendens
614 811 661 838 per
675 803 783 838 linguas
798 803 891 838 igneas
906 808 933 830 et
946 811 994 838 per

206 845 396 875 vehementem
418 847 522 880 ﬂatum,
538 854 648 876 sanctos
666 849 806 884 apostolos
833 849 991 881 Constituis,

207 892 264 919 sive
279 899 437 927 consecras,
460 900 488 921 et
514 896 550 921 ita
577 895 746 922 venerandos
774 895 909 926 instituis,
935 901 993 922 tau-

207 945 287 972 quam
310 938 416 966 divinas
441 944 559 969 statuas.
581 948 642 974 qum
658 939 704 966 Dei
720 940 829 974 templis
852 940 993 972 illuceant,

208 987 236 1008 et
253 983 289 1009 ita
305 989 483 1016 venerantur,
499 983 617 1018 dignas:
633 989 663 1011 ut
679 984 828 1011 secundum
844 985 916 1011 hanc
929 993 994 1011 sett-

209 1028 335 1060 tentiam,
352 1036 428 1056 sacra
447 1029 531 1056 dictio
545 1029 581 1056 sit
596 1030 708 1056 verburu
731 1029 875 1065 ἐνιδρύειν.
900 1035 994 1064 quale-

209 1082 261 1102 nus
278 1079 341 1102 ante
359 1076 492 1110 scriptum
509 1081 550 1103 est
566 1084 573 1103 :
591 1076 622 1102 Et
644 1076 696 1103 tale
714 1076 824 1110 quidem
851 1081 892 1104 est
910 1076 994 1104 istud.

208 1120 327 1148 Verbum
346 1125 435 1149 autem
453 1122 562 1156 ἀξίωμα
574 1122 607 1149 de
624 1122 804 1150 advocatione
824 1123 935 1157 quidem
955 1123 997 1150 iu-

210 1167 331 1202 telligcre
344 1169 484 1202 proprium
503 1174 544 1196 est
558 1178 565 1201 ;
592 1168 639 1196 sed
655 1169 746 1203 potius
761 1168 871 1202 ἀξίωμα
885 1168 995 1201 dicitur,

208 1213 250 1241 vel
266 1214 330 1248 quia
345 1215 474 1249 apostoli.
491 1216 572 1242 corde
588 1215 691 1242 mundo
706 1215 732 1242 in
751 1215 791 1242 eis
803 1219 905 1247 creato,
921 1214 996 1249 digni

172 1297 174 1299 _
208 1264 289 1287 erant
303 1261 349 1295 qui
365 1260 498 1296 Spiritum
515 1266 639 1289 sanctum
652 1263 816 1295 reciperent,
834 1261 874 1288 vel
889 1267 998 1295 propter

209 1304 263 1332 hoc
279 1313 286 1332 :
305 1307 337 1332 ὲκ
353 1306 450 1341 πρώην
469 1306 588 1340 ἀναξίως
610 1307 682 1340 ἄξιοι
709 1307 849 1341 γεγόνασι,
868 1309 911 1340 (ex
934 1306 997 1332 hes-

209 1353 286 1378 terna
312 1351 474 1386 indignitate
500 1353 575 1388 digni
599 1358 662 1380 sunt
680 1353 754 1389 facti)
774 1357 801 1379 et
819 1360 915 1380 revera
933 1360 997 1379 con-

210 1394 298 1428 spicui
324 1397 518 1430 magniﬁcique
535 1402 644 1432 propter
657 1397 743 1424 sancti
770 1397 889 1432 Spiritus
907 1397 933 1424 in
952 1405 1015 1424 eos‘

211 1440 564 1477 inspirationem.‘lnsuper
577 1448 665 1470 autem
683 1443 709 1469 in
726 1450 854 1470 sermone
879 1443 999 1478 philoso-

211 1486 292 1522 phico
313 1494 375 1514 cum
398 1488 560 1518 auctoritate
576 1487 792 1524 (ἀξιωματικῶς)
817 1489 1000 1522 loquebantur

211 1531 287 1559 velut
301 1532 399 1560 exinde
417 1533 510 1568 repleti
527 1534 669 1568 sapientia.
696 1533 724 1560 Si
750 1535 821 1561 enim
846 1535 998 1570 Pythagora
1013 1554 1034 1584 α

213 1577 343 1611 loquente
359 1587 440 1610 vana,
457 1579 502 1607 ille
527 1580 574 1614 qui
597 1579 750 1612 dubitabat,
772 1587 834 1607 cum
851 1588 864 1606 a
882 1581 997 1614 quodam

212 1631 246 1651 ex
262 1624 404 1659 discipulis
419 1625 478 1659 ejus
494 1625 636 1652 audierat:
654 1626 714 1659 Ipse
729 1625 808 1658 dixit,
825 1633 839 1653 a
854 1627 999 1661 qumrendo

213 1671 359 1703 cessabat,
391 1671 528 1704 quomodo
561 1671 606 1699 ille
635 1672 680 1707 qui
717 1671 866 1707 discipulos
902 1673 998 1706 spiritu

214 1717 310 1751 plenos
342 1717 472 1744 audit-bat
506 1717 636 1744 docentes
678 1722 732 1744 tam
776 1722 911 1751 augusta,
946 1722 998 1745 tam

215 1764 333 1795 excelsa,
351 1769 404 1790 tam
421 1764 586 1791 auctoritate
600 1764 690 1798 plena,
708 1768 762 1790 tam
777 1763 879 1798 Spiritu
902 1770 998 1791 sancto

215 1811 316 1845 digna,
347 1810 527 1840 rebellatione
554 1817 586 1838 ac
616 1811 833 1839 contradictione
869 1811 1001 1838 doctrinae

214 1857 386 1885 obstitisset?

251 1903 315 1931 155.
336 1903 466 1938 Ὀρεκτδν
494 1907 583 1930 autem
605 1903 735 1938 apostolis
757 1908 816 1931 erat
844 1903 1000 1938 huiusmodi

215 1949 349 1983 dignatio,
359 1949 415 1976 sive
427 1949 504 1976 valde
520 1949 687 1981 desiderata,
704 1953 741 1982 et,
758 1949 830 1976 sicut
842 1949 1001 1982 praedictum

216 2000 274 2026 est,
303 1994 432 2030 ἱμερτ6ν;
453 1994 575 2028 ἱμείρειν
610 1993 682 2020 enim
714 1997 742 2020 et
780 1993 934 2028 ίμείρεσθειι
959 1998 1001 2020 est

217 2040 372 2074 ἐπιθυμεῖν,
384 2044 410 2066 et
430 2038 610 2074 (ὀρέγεσθαι),
627 2038 705 2072 cujus
720 2035 762 2065 es't
776 2038 908 2065 derivatio
922 2046 1002 2074 appe-

216 2086 284 2112 titus
305 2090 330 2111 et
344 2084 498 2118 appetentis
519 2082 643 2118 (ὀρεκτὸν
660 2089 686 2110 et.
709 2083 828 2118 ὄρεξιςὶς
853 2084 910 2111 sive
935 2091 1003 2118 pra:-

217 2130 347 2162 cwenter
359 2137 373 2155 a
393 2129 448 2155 Deo
462 2129 523 2155 data
538 2137 545 2156 :
564 2128 678 2155 verbum
696 2129 770 2155 enim
787 2128 896 2164 ὀρέγειν
910 2129 1004 2162 hujus-

218 2175 290 2202 modi
307 2181 416 2208 quoque
428 2173 622 2208 significationi
641 2171 778 2208 subjaeet;
794 2179 823 2201 ut
838 2174 895 2201 sic:
909 2173 1003 2210 ὄρεξον

219 2230 265 2256 μοι
284 2225 311 2248 et
327 2227 436 2246 manum
453 2211 663 2250 auxiliatricem,
683 2219 741 2247 sive
762 2222 881 2254 porrige,
899 2219 950 2252 da;
969 2227 1001 2247 ex
1019 2223 1040 2250 ι)

217 2275 272 2302 quo
295 2266 368 2293 venit
391 2273 453 2292 cum
479 2270 591 2292 necentu
622 2265 774 2299 penultimo
805 2264 924 2299 δργυια,
956 2273 1002 2291 seu

215 2313 293 2347 juxta
309 2316 425 2344 veteres,
448 2317 510 2338 cum
530 2315 643 2337 accentu
663 2310 890 2345 antepenultimo,
907 2310 1005 2345 ὖργυια.

218 2359 304 2394 (ulna)
321 2367 328 2385 :
347 2357 438 2386 unde:
456 2357 623 2391 ὀργυιᾶσθαι
638 2357 784 2384 extendere
801 2356 909 2383 nautica
934 2357 1003 2384 vela.

217 2405 257 2433 Ex
276 2405 329 2432 hoc
343 2409 445 2436 autem,
463 2408 492 2431 ut
505 2403 607 2431 dictum
623 2407 676 2436 est,
697 2403 781 2430 verbo
797 2402 915 2437 ὀρέγειν,
932 2402 1005 2429 deri-

218 2456 297 2478 vatur
319 2450 401 2477 etiam
418 2449 497 2484 ἐγχος
525 2449 642 2483 (lancea)
663 2456 718 2476 non
745 2450 871 2475 coruinus
895 2448 1005 2480 feriens,

218 2497 266 2524 sed
289 2496 407 2531 proiecta
433 2503 483 2530 per
510 2502 608 2522 manus
636 2494 802 2531 tensionem.
831 2494 888 2521 Hoc
914 2497 1005 2521 autem

219 2543 362 2574 Σιωνίταις
379 2546 420 2570 est
433 2550 482 2577 pro
501 2529 744 2578 Ἱεροσολυμίταις,
763 2549 810 2569 seu
832 2542 909 2577 juxta
927 2541 1004 2568 Sion.

219 2587 278 2615 Vox
295 2595 360 2615 vero
378 2589 529 2623 μίμνουσιν
552 2593 609 2614 tuto
635 2587 687 2615 dici
706 2587 840 2622 potuisset
865 2588 1004 2622 μένουσιν,

219 2634 294 2662 illius
308 2634 390 2661 loco:
409 2635 438 2661 lu
463 2634 530 2661 Sion
556 2634 739 2669 ἀναμένουσιν
758 2632 1004 2668 (exspectantibus)

219 2685 294 2708 tuam
327 2680 391 2710 sive,
406 2680 446 2707 tui
470 2681 640 2715 prresentiam
663 2689 671 2708 :
697 2681 778 2714 elegit
803 2684 893 2707 autem
926 2683 1005 2712 pocla

219 2727 293 2762 quod
304 2727 391 2762 magis
402 2727 537 2762 poeticum
547 2731 626 2759 erat;
644 2727 826 2754 communiter
844 2725 916 2752 enim
934 2725 1007 2756 μένω

220 2774 335 2801 dicimus
357 2782 365 2801 :
387 2774 492 2808 poetice
525 2781 590 2800 vero
620 2772 775 2810 derivaturrr
797 2771 901 2806 μίμνω.
931 2769 1006 2797 Talia

220 2823 286 2846 sunt
298 2819 371 2846 τέκω
388 2820 483 2852 τίκτω,
504 2819 559 2854 ἔχω
572 2819 652 2853 ἴσχω,
669 2822 695 2844 et
716 2818 825 2845 similia.
843 2817 899 2844 Vox
916 2823 1006 2844 autem

221 2866 439 2901 πατρογεννήτου
453 2864 615 2900 compositio
631 2869 672 2892 cst
690 2864 792 2892 auctori
811 2871 891 2891 sacro
912 2863 1004 2890 chara.

560 151 769 183 EUSTATIIII
780 151 923 182 THESSA
929 151 997 181 Ι,οΝ

1050 152 1152 183 ENSIS
1173 149 1456 182 ΜΕΤΠΟΡἯᾸΤΕ

1769 145 1822 176 668

1037 208 1121 238 ἐστιν,
1134 209 1150 243 ἦ
1167 208 1196 235 τὸ
1211 209 1319 240 δεικνὺς
1334 207 1421 237 ἄλλως
1434 205 1584 241 γράφεται,
1595 203 1612 240 ἢ
1623 202 1656 230 τὸ
1667 201 1822 236 καθιδρῦεις

1037 254 1098 288 οὐχὶ
1114 253 1239 288 δευτέρου
1259 253 1316 279 ἐστι
1332 251 1492 287 προσώπου,
1505 249 1565 276 οὐδὲ
1593 247 1684 278 ἁπλῶς
1699 245 1822 280 κάθισμα

1037 302 1084 328 καὶ
1100 302 1200 336 ἀργίαν
1215 301 1300 337 δηλοῖ,
1314 300 1381 327 ἀλλὰ
1398 300 1435 331 ὠς
1453 297 1500 325 καὶ
1519 297 1572 332 πρὸ
1593 296 1692 330 ὀλίγων
1708 292 1824 327 δεδήλω-

1036 353 1091 377 ται.
1110 346 1170 381 ιερὰ
1188 346 1260 378 λέξις
1285 346 1370 376 ὲστίν,
1385 344 1422 375 ὥς
1438 344 1485 370 ἐπὶ
1500 342 1639 376 ἐγκαινίου
1664 340 1680 374 ἢ
1700 338 1823 372 ὲνθρονι-

1039 391 1108 425 σμοῦ
1122 392 1180 427 δοίη
1198 391 1212 418 ό
1226 391 1292 422 Θεὸς
1305 387 1519 424 διαφωτισοῆναί
1534 385 1618 413 ποθεν
1633 384 1718 419 ἡμᾶς.

1077 525 1142 562 ρνδ’.
1156 526 1232 558 Δόξοι
1257 524 1286 551 δὲ
1309 523 1342 551 ἂν
1365 521 1446 549 καλὺν
1461 519 1531 548 εἶναι
1551 518 1680 554 νοηθῆναι
1694 517 1741 544 καὶ
1755 515 1827 542 οὕτω

1039 573 1071 600 τὸ
1088 573 1176 608 παρὸν
1192 570 1342 605 τροπὰριον
1352 578 1360 586 '
1371 567 1408 595 Ὦ
1423 568 1501 602 ἆγιον
1529 565 1651 600 Πνεῦμα,
1666 565 1704 595 ὡς
1727 562 1826 598 ὲρῤέθη

1041 620 1070 647 ὲν
1094 619 1151 650 τοῖς
1178 618 1253 652 τρισὶ
1277 616 1395 650 καθεξῆς
1419 613 1585 650 δηλούμενον
1599 612 1712 645 στίχοις,
1727 609 1759 634 σὺ
1774 608 1827 634 δει-

1041 666 1107 697 κνὺς
1123 665 1161 697 ὡς
1175 664 1242 695 Θεὸς
1271 664 1328 694 τοῖς
1353 662 1442 695 ἁγίοις
1470 659 1643 688 ἀποστόλοις,
1657 656 1741 692 ἧγουν
1758 654 1830 680 διδα-

1045 711 1184 743 σκαλικῶς
1227 708 1391 745 παραδηλῶν
1430 707 1509 734 ὁποία
1556 705 1606 740 μὲν
1642 702 1830 734 ποππύζουσιν

1042 759 1066 786 oi
1081 758 1191 789 ἐθνικοὶ,
1208 758 1287 784 ὁποία
1302 755 1329 782 δὲ
1348 753 1521 788 θεολογοῦσιν
1539 752 1564 778 οἱ
1593 749 1639 776 τοῦ
1672 748 1740 775 Θεοῦ
1774 757 1829 782 μα-

1044 804 1134 839 θηταὶ,
1166 802 1274 833 δεικνὺς
1305 801 1334 827 δὲ
1362 799 1428 826 αὐτὸ
1454 799 1497 825 διὰ
1526 797 1578 824 τῶν
1605 795 1726 830 πυρίνων
1741 794 1829 826 γλωσ-

1046 849 1100 876 σῶν
1113 849 1159 875 καὶ
1175 848 1226 882 τῆς
1245 847 1334 881 βιαίας
1353 845 1437 880 πνοῆς
1464 843 1621 878 καθιδρύεις
1645 841 1708 872 τοὺς
1736 840 1831 873 ἁγίους

1044 894 1221 927 ἀποσιὸλους,
1246 893 1329 927 ἧγουν
1362 891 1495 925 ἁγιάζεις,
1523 889 1570 915 καὶ
1598 888 1669 914 οὕτω
1700 887 1830 921 καθιστᾷς

1044 941 1181 975 ἐντίμους,
1198 939 1263 966 ὡσεὶ
1281 939 1328 965 καὶ⁵
1344 937 1492 971 ἀγάλματα
1510 935 1569 962 Οεϊα
1595 935 1667 965 ναοῖς
1691 932 1758 959 Θεοῦ
1783 933 1831 965 ὲμ-

1045 987 1161 1022 πρέπειν
1175 986 1248 1018 ἄξια,
1277 985 1322 1011 καὶ
1340 983 1412 1010 οὕτω
1429 982 1609 1014 σεὸᾱςεσθαι·
1629 981 1675 1007 ἵνα
1693 979 1764 1006 κατὰ
1780 978 1831 1010 τὴν

1046 1033 1148 1059 ἔννοιαν
1165 1032 1279 1066 ταύτην,
1305 1029 1366 1065 ίερά
1392 1029 1465 1061 λέξις
1490 1028 1532 1061 εἴη
1550 1027 1580 1054 τὸ
1599 1026 1742 1061 ὲνιδρὺειν,
1760 1024 1831 1051 καθὰ

1046 1081 1092 1107 καὶ
1123 1079 1176 1114 προ
1204 1078 1307 1105 τούτων
1328 1077 1396 1111 γὲγρ
1409 1083 1502 1102 ’πταιδ
1522 1075 1578 1101 Καὶ
1604 1072 1704 1099 τοιόνδε
1722 1072 1771 1106 μὲν
1785 1070 1832 1096 καὶ

1046 1126 1134 1153 τοῦτο.
1153 1124 1189 1152 Τὸ
1204 1124 1231 1152 at
1250 1124 1325 1158 ῥῆμα
1352 1123 1460 1158 ἀξίωμα
1490 1121 1536 1148 ἐπὶ
1565 1120 1765 1153 παρακλήσεως
1782 1117 1833 1151 μὲν

1046 1171 1143 1207 νοῆσαι
1171 1171 1305 1197 ίδιωτικόν
1330 1169 1388 1195 ἐστι
1400 1176 1407 1182 ·
1426 1167 1526 1202 μᾶλλον
1542 1166 1570 1193 δὲ
1585 1165 1696 1198 ἀξίωμα
1710 1163 1832 1196 λέγεται,

1047 1219 1063 1253 ἢ
1078 1218 1146 1244 διότι
1164 1216 1234 1249 ἄξιοι
1252 1216 1302 1250 τῆς
1318 1214 1364 1241 τοῦ
1382 1214 1461 1248 ἁγίου
1480 1212 1642 1246 “vstitu-ro;
1659 1209 1794 1244 ὑποδοχῆς
1806 1209 1832 1234 οῑ

1047 1263 1192 1292 ἀπόστολοι
1206 1261 1277 1298 ἦσαν
1290 1262 1333 1288 διὰ
1349 1261 1378 1288 τὺ
1396 1260 1508 1296 καρδίαν
1523 1258 1614 1288 αὐτοῖς
1633 1256 1756 1291 καθαρὰν
1774 1263 1834 1280 κτι-

1049 1310 1187 1345 σθῆναι,ἣ
1203 1309 1247 1336 διὰ
1263 1309 1294 1334 τὸ
1311 1309 1342 1334 ἐκ
1357 1306 1452 1342 πρώην
1469 1305 1585 1337 ἀναξίως
1603 1303 1674 1335 ἄξιοι
1689 1302 1830 1336 γεγόνασι,

1049 1357 1097 1384 καὶ
1113 1356 1198 1387 ὅντως
1216 1354 1398 1390 ἀξιωματικοί
1422 1354 1470 1379 καὶ
1489 1351 1628 1386 μεγαλεϊοι
1645 1349 1688 1376 διὰ
1708 1348 1758 1383 τὴν
1785 1347 1834 1372 τοῦ

1049 1402 1128 1436 ἁγίου
1152 1402 1312 1436 Πνεῦμα-τος
1327 1401 1367 1431 είς
1383 1398 1482 1429 αὐτοὺς
1508 1396 1652 1423 ἐπίπνοιαν
1665 1403 1673 1410 ·
1690 1394 1738 1421 καὶ
1753 1394 1838 1426 ἀξιω-

1051 1446 1175 1482 ματικῶς
1191 1446 1220 1472 δὲ
1237 1445 1377 1480 φιλοσόφῳ
1391 1443 1464 1478 λόγῳ
1490 1442 1601 1469 ἐλάλουν
1614 1441 1652 1472 ὡς
1669 1439 1773 1466 ἐκεῖθεν
1793 1447 1837 1464 σε-

1051 1491 1211 1525 σοφισμένοι
1227 1489 1414 1525 πληρέστατει.
1433 1489 1463 1515 El
1478 1487 1531 1521 γὰρ
1554 1486 1712 1520 Πυθαγόρου
1730 1484 1839 1510 κενολο-

1051 1538 1203 1571 γοῦντος,ὁ
1230 1536 1339 1571 ἀπορῶν
1368 1535 1414 1562 καὶ
1439 1534 1558 1565 ἀκούσας
1585 1533 1652 1567 πρός
1678 1540 1752 1562 τινος
1783 1530 1839 1556 τῶν

1051 1584 1149 1619 ἐκείνῳ
1169 1583 1327 1618 φοιτώντων
1351 1582 1392 1609 ὅτι
1424 1581 1504 1611 αὐτος
1532 1578 1627 1613 ἔφατο,
1645 1577 1762 1604 ἐπαύετο
1791 1577 1839 1603 τοῦ

1051 1630 1154 1665 ζητεῖν,
1180 1629 1239 1660 πῶς
1261 1628 1295 1656 ἂν
1318 1629 1332 1654 ὁ
1359 1628 1422 1659 τοὺς
1452 1620 1696 1661 πνευματοφόρους
1714 1623 1842 1658 μαθητὰς

1051 1677 1160 1705 ἀκούων
1184 1676 1362 1706 διδάσκοντας
1379 1673 1450 1700 οὕτω
1469 1674 1566 1708 σεμνὰ,
1596 1672 1643 1699 καὶ
1662 1671 1763 1706 ὑψηλὰ,
1793 1670 1844 1696 καὶ

1052 1723 1236 1758 ἀξιωματικὰ,
1253 1721 1299 1748 καὶ
1316 1720 1364 1747 τοῦ
1381 1719 1460 1754 ἁγίου
1482 1718 1641 1753 Πνεὺματος
1657 1717 1730 1750 ἄξια,
1747 1716 1843 1742 ὲνέκο-

1051 1769 1102 1803 ψεν
1126 1769 1160 1796 ἂν
1178 1768 1226 1804 τὴν
1247 1767 1424 1796 διδασκαλίαν
1448 1765 1614 1795 ἐνστατικῶς
1641 1765 1687 1791 καὶ
1705 1763 1846 1796 ἀντιλογι-

1052 1824 1107 1846 xw;
1121 1824 1129 1847 ;

1090 1905 1153 1941 ρνε¹.
1178 1904 1307 1940 Ὀρεκτὸν
1319 1903 1346 1930 δὲ
1363 1902 1525 1933 ἀποστόλοις
1540 1900 1570 1927 τδ
1582 1900 1702 1927 τοιοῦτον
1718 1898 1846 1932 ἀξίωμα,

1052 1952 1069 1987 ἢ
1082 1952 1120 1983 ὡς
1134 1950 1238 1984 ἑφετῶς
1250 1949 1429 1984 ἐπιθυμητὸν,
1444 1947 1492 1974 καὶ
1504 1947 1517 1973 ὃ
1528 1946 1560 1982 δὴ
1572 1947 1745 1980 προείρηται,
1762 1944 1849 1977 ἱμερ-

1052 1998 1109 2024 τόν.
1132 1996 1260 2031 Ἰμείρειν
1275 1994 1330 2029 γὰρ
1345 1994 1391 2020 καὶ
1406 1992 1564 2027 ίμείρεσθαι
1579 1990 1609 2017 τὸ
1622 1988 1781 2022 ἐπιθυμεῖν,
1796 1988 1849 2014 καὶ

1053 2044 1212 2080 ὀρέγεσθαι,
1227 2043 1256 2069 οὗ
1274 2042 1431 2076 ὲκφοίτησις
1449 2039 1479 2066 τδ
1505 2038 1620 2074 ὀρεκτὸν
1633 2036 1707 2070 καὶὴ
1725 2035 1821 2070 ὖρεξις
1839 2042 1848 2049 '

1054 2091 1071 2126 ἢ
1090 2089 1121 2118 τὺ
1137 2089 1285 2123 ἐξαιρέτως
1299 2087 1391 2114 θεόθεν
1406 2086 1499 2112 δοτόν·
1517 2085 1607 2110 κεῖται
1617 2082 1673 2117 γὰρ
1687 2081 1717 2107 τὸ
1732 2082 1849 2115 ὀρέγειν

1054 2136 1103 2163 καὶ
1117 2134 1165 2162 ἐπὶ
1180 2134 1303 2161 τοιούτου
1323 2131 1539 2167 σημαινομένου,
1553 2130 1591 2161 ὡς
1606 2128 1647 2160 τὸ,
1665 2126 1783 2163 Ὀρεξόν
1800 2135 1850 2161 μοι

1055 2183 1133 2218 χεῖρα
1161 2180 1298 2215 βοηθείας,
1321 2179 1408 2214 ἣγουν
1426 2177 1558 2207 ἔκτεινον,
1580 2175 1624 2206 δός
1637 2182 1644 2190 '
1656 2173 1686 2206 ἐξ
1709 2169 1742 2199 οὗ
1760 2174 1813 2199 καὶ
1829 2174 1849 2208 ἡ

1055 2226 1248 2263 παροξυτόνως
1271 2224 1380 2260 ὀργυια,
1398 2224 1414 2258 ἢ
1432 2222 1503 2249 κατὰ
1528 2221 1591 2253 τοὺς
1617 2219 1750 2251 παλαιοὺς
1777 2228 1853 2254 προ-

1055 2273 1246 2310 παροξυτόνως
1264 2272 1364 2308 ὸργυια
1376 2279 1384 2287 ’
1404 2270 1467 2297 ὅθεν
1479 2268 1510 2295 τὸ
1525 2266 1687 2301 ὀργυιᾶσθαι
1699 2266 1763 2297 τοὺς
1781 2275 1853 2292 ναυ-

1054 2320 1147 2351 τικοὺς
1165 2318 1297 2353 φώσωνας
1309 2325 1315 2332 ·
1335 2317 1381 2343 τοῦ
1396 2315 1436 2348 δὲ,
1454 2315 1492 2346 ὼς
1509 2312 1620 2349 ἐρρέθη,
1633 2312 1742 2347 ὀρέγειν
1754 2320 1794 2337 πα
1801 2311 1854 2345 ρῆ-

1056 2374 1119 2393 κται
1137 2365 1185 2392 καὶ
1210 2364 1290 2399 ἔγχος
1306 2361 1430 2397 ὀρεκτὸν,
1444 2361 1474 2387 οὐ
1499 2360 1529 2386 τὺ
1545 2359 1713 2394 ἀγχέμαχον,
1731 2357 1804 2383 ἀλλὰ
1819 2357 1854 2382 τὸ

1057 2411 1241 2445 ὲπαφιέμενον
1255 2409 1300 2436 διὰ
1325 2407 1463 2437 ἐκτάσεως
1483 2404 1585 2439 χειρός.
1598 2403 1635 2429 Τὸ
1652 2403 1681 2429 δὲ
1698 2402 1854 2431 Σιωνίταις

1056 2454 1117 2484 ἀντὶ
1129 2456 1175 2482 τοῦ
1195 2453 1427 2491 Ἱεροσολυμίταις
1453 2452 1539 2487 ἤγουν
1559 2449 1631 2476 κατὰ
1643 2447 1694 2484 τὴν
1708 2447 1802 2474 Σιών·
1821 2448 1855 2473 τὸ

1056 2503 1084 2530 δὲ
1104 2502 1252 2538 μίμνουσιν
1267 2499 1341 2536 εἶχεν
1363 2499 1450 2525 εἰπεῖν
1468 2497 1612 2532 ἀσφάλτως
1629 2495 1771 2530 μένουσιν,
1789 2494 1857 2520 ἀντὶ

1057 2547 1105 2575 τοῦ
1120 2549 1150 2575 ὲν
1178 2549 1211 2583 τῇ
1229 2547 1301 2574 Σιὼν
1327 2546 1494 2580 ἀναμένουσι
1510 2543 1559 2578 σὴν
1577 2541 1743 2577 παρουσίαν,
1759 2540 1779 2575 ἢ
1804 2539 1857 2566 σοῦ

1058 2594 1211 2630 παρουσίαν
1223 2601 1230 2608 ·
1254 2593 1341 2620 εἵλετο
1352 2592 1380 2618 δὲ
1394 2592 1407 2617 ὁ
1420 2589 1538 2624 μελῳδὺς
1564 2588 1594 2614 τὺ
1618 2586 1856 2621 ποιητικώτερον,

1058 2640 1164 2672 Κοινῶς
1182 2640 1231 2675 μὲν
1244 2639 1299 2673 γὰρ
1316 2638 1389 2672 μένω
1417 2636 1506 2670 φαμέν
1518 2642 1524 2649 ·
1541 2632 1694 2668 ποιητικῶς
1709 2632 1739 2658 δὲ
1757 2631 1860 2666 μίμνω

1057 2686 1129 2713 κατὰ
1139 2685 1308 2720 παραγωγήν
1319 2691 1327 2698 ο
1339 2681 1441 2716 ὁμοίως
1452 2680 1490 2715 τῷ
1502 2680 1574 2706 τέκω
1587 2679 1683 2710 τίκτω,
1699 2679 1756 2713 ἑχω
1770 2678 1859 2713 ἴσχω,

1058 2732 1106 2758 καὶ
1120 2731 1170 2758 ὅσα
1183 2729 1308 2757 τοιαῦτα.
1329 2727 1363 2754 Ἦ
1380 2726 1409 2753 δὲ
1424 2725 1471 2752 τοῦ
1488 2723 1708 2760 πατρογεννήτου
1723 2723 1862 2754 σύνθεσις

1058 2776 1123 2812 φίλη
1137 2775 1184 2802 καὶ
1197 2774 1266 2810 αὐτὴ
1279 2773 1319 2809 τῷ
1336 2771 1450 2808 ίερῳδῷ.

1338 2827 1351 2843 ς
