1965 3115
580 94 606 111 \

102 186 105 190 ‘
137 180 183 213 721

540 181 581 210 ΙΝ
602 181 770 211 IIYMNUM
788 180 1116 211 PENTECOSTALEM
1140 180 1369 212 DAMASCENI.

1707 177 1764 212 722

137 239 220 276 βραχύ
235 247 262 265 τι
280 237 479 271 πνευματικὸν,
495 236 565 271 προς
580 236 666 271 ὄνομα
691 237 769 271 μόνον
789 236 921 270 μνησθεὶς

980 240 1069 269 ιςιιιιη,
1085 236 1118 264 ad
1133 237 1224 268 tinem.
1238 236 1340 270 aliquid
1361 236 1443 264 breve
1461 238 1494 265 de
1508 237 1615 273 Spiritu
1645 234 1762 264 commi-

135 286 178 313 τοῦ
195 284 394 320 ἐορταζομένου
408 283 489 310 Θεοῦ·
511 283 541 309 τὺ
560 283 588 309 δέ
606 291 638 317 γε
656 282 748 309 λοιπὸν
771 283 919 318 τροπάριον

136 333 162 366 ἐξ
177 331 258 368 ὀρθοῦ
275 331 334 357 ἑστι
347 329 501 365 τριαδικόν·
523 328 705 355 ἀνακόλουθον
720 328 766 355 οὒν
788 328 866 355 τοῦτο
885 329 918 363 τῇ

136 378 252 414 ἁρμονίᾳ
263 377 319 404 τῶν
332 377 420 404 ἄλλων
433 375 556 403 κανόνων
570 376 600 401 ὲν
615 373 656 406 οἷς
671 375 706 401 τὰ
724 375 851 409 τριαδικὰ
866 375 921 400 τῶν

136 424 278 452 θεοτοκίων
294 423 466 458 πρόκεινται.

174 515 233 542 σιδ⁹.
250 515 362 541 Ἔννοια
386 513 415 540 δὲ
438 513 484 540 τδν
513 512 632 540 ἐνταῦθα
658 511 921 548 είρμὸνκάπαρτίζει

135 561 257 596 τοιαύτη·
270 557 426 596 Χαίροις,ὣ
439 559 575 593 Ἀνασσα,
594 559 820 594 μητροπάροενον
830 558 920 592 κλέος,

135 610 200 644 ὅπερ
215 609 273 634 ἐστὶ
287 606 512 642 περιφραστικῶς
529 606 589 642 μὲν,
618 606 707 641 μῆτερ
724 605 772 632 καὶ
786 604 921 640 παρθένε,

135 655 220 686 ἄλλως
231 654 270 687 δὲ,
287 653 366 685 κλέος
381 653 506 688 μητέρων
522 661 553 679 τε
567 652 614 679 καὶ
626 651 782 685 παρθένων·
799 651 853 677 τῶν
871 650 921 685 μὲν

134 701 175 727 διὰ
193 700 240 726 τδν
259 689 424 734 γεννηθέντα
445 699 511 726 Θεὸν
530 698 673 729 ἀνωδύνως
686 698 734 724 καὶ
746 698 859 729 ἀλύπως
878 697 922 724 διὰ

135 746 163 772 τὸ
184 746 245 780 δίχα
273 744 378 772 ὠδίνων
399 745 446 771 καὶ
468 744 523 771 τῶν
547 743 676 770 ἐντεῦθεν
691 744 793 770 ὀδυνῶν
816 744 920 770 τεκεῖν·

135 792 227 819 καθότι
249 793 295 818 καὶ
316 791 381 818 ἄνευ
404 790 504 825 ἡδονῆς
529 790 660 817 συνέλασε
677 789 723 816 τὸν
740 790 822 816 αὐτὸν
844 790 922 822 Θεὸν,

135 837 180 864 καὶ
198 837 262 864 ἄνευ
278 836 433 872 θελήματος
445 835 588 870 σαρκικοῦ.
603 832 640 862 ὦν
652 835 730 861 οὐδὲν
751 836 810 866 ταῖς
823 835 919 866 ἄλλαις

138 883 272 918 μητράσιν
285 883 470 917 ὲνθεωρεϊται·
493 881 542 908 καὶ
556 879 629 907 οὕτω
646 880 696 914 μὲν
713 881 728 913 ἠ
745 880 815 914 ὑπὲρ
837 879 918 913 φύσιν

135 929 263 962 τεκοῦσα,
279 929 407 964 μητέρων
421 927 499 959 κλέος
513 927 568 953 τῶν
584 926 630 952 καὶ
650 927 679 952 ὲν
697 925 796 956 λύπαις
811 934 921 952 τικτου-

137 976 190 1002 σῶν
205 975 289 1001 τέκνα
303 974 349 1000 καὶ
361 974 409 1008 τὴν
423 973 521 1007 λοιπὴν
535 971 743 1007 ὲπισυρομένων
756 971 921 1006 ὲμπάθειαν.

137 1022 223 1056 ὁπόση
242 1021 366 1056 φυσικῶς
380 1021 442 1052 ταῖς
454 1020 594 1051 τοιαύταις
611 1021 796 1055 παρομαρτεῖ·
822 1018 923 1054 παρθέ-

136 1076 188 1095 νων
201 1067 230 1094 es
244 1067 323 1098 κλέος
338 1067 355 1101 ἡ
370 1066 440 1101 αὐτὴ
453 1066 500 1092 διὰ
510 1065 541 1092 τὸ
554 1065 761 1101 προτιμηθῆναι
777 1065 824 1092 καὶ
838 1064 924 1098 ὑπερ-

137 1114 248 1149 τεθῆναι
263 1113 309 1140 τοῦ
328 1113 418 1145 ἄλλως
441 1112 576 1148 μητρικοῦ
589 1112 755 1147 αὐχήματος
772 1111 803 1136 τὸ
820 1110 925 1144 -παρθεο

137 1162 222 1189 νικόν’
239 1161 341 1197 στάχυς
355 1170 385 1187 τε
399 1161 455 1196 γὰρ
470 1160 619 1196 ἀρχέγονος
634 1160 738 1190 ἐκεῖνος
753 1159 766 1184 ὁ
779 1157 925 1191 ἄσπαρτος

137 1209 185 1236 καὶ
198 1209 233 1243 γῆ
262 1208 404 1242 ἀνήροτος,
431 1208 448 1241 ὴ
472 1206 666 1242 ὲκθρεψαμένη
684 1205 802 1233 ἐκεῖνον,
818 1204 847 1235 ἐς
863 1202 923 1228 λίαν

140 1255 209 1281 πάνυ
226 1254 308 1280 πλέον
333 1253 521 1287 θαυμάζονται
546 1252 601 1278 τῶν
627 1253 658 1278 ὲκ
682 1252 733 1286 τῆς
758 1250 828 1277 κατὰ
844 1249 926 1283 φύσιν

137 1299 298 1332 ἀκολουθίας
316 1300 362 1326 καὶ
376 1299 519 1333 γενέσεως,
535 1299 582 1325 καὶ
597 1297 634 1332 γῆ
649 1297 718 1329 αὕτη
733 1295 860 1330 ἀστιϐὴς,
875 1295 922 1321 καὶ

138 1345 288 1380 ἀπάτητος,
304 1345 352 1371 καὶ
367 1345 406 1375 εἰς
423 1344 453 1370 τδ
469 1344 528 1370 πᾶν
536 1342 714 1377 ἀγεώργητος
729 1342 763 1368 τὰ
781 1341 809 1372 ἐς
826 1340 907 1374 φύσιν
918 1347 924 1353 ·

139 1392 163 1417 εί
177 1391 223 1417 καὶ
238 1390 326 1422 ἄλλως
343 1390 372 1422 ἐξ
387 1390 489 1424 ἀρετῆς
507 1391 547 1421 εἰς
560 1389 695 1424 ὑποδοχὴν
708 1387 778 1415 Θεοῦ
797 1386 831 1423 ἦν
848 1386 926 1413 εὔθε-

138 1445 195 1468 τος·
218 1437 265 1462 καὶ
279 1436 350 1471 ζωῆς
364 1436 392 1462 δὲ
408 1436 509 1470 στάχυς
523 1437 536 1462 ὁ
551 1435 581 1468 ἐξ
599 1436 695 1469 αὐτῆς,
713 1435 747 1461 δι’
761 1431 846 1469 οὗπερ
861 1433 927 1468 ἡμῖν

139 1486 153 1510 ο
168 1483 295 1518 οὐράνιος
312 1483 393 1515 ἄρτος
410 1483 457 1509 καὶ
473 1483 559 1517 ἐφάνη
583 1481 631 1508 καὶ
652 1481 743 1514 ἐδόθη,
770 1480 817 1507 καὶ
838 1487 928 1514 παρα-

142 1529 219 1563 μένει
243 1528 298 1560 ζῶν
316 1529 362 1555 καὶ
380 1528 524 1560 (iuononi;
552 1529 602 1555 οὐκ
617 1527 676 1553 ἔστι
701 1527 778 1558 κλέος
795 1527 863 1561 ὅπερ
879 1526 929 1552 οὐκ

140 1574 173 1601 ἂν
189 1574 203 1600 ὑ
209 1583 239 1600 πε
245 1573 390 1608 ρϐαίνοιεν.

173 1623 233 1647 σιε¹.
253 1619 315 1647 Ἐτι
327 1620 355 1646 δὲ
371 1620 450 1650 κλέος
465 1619 592 1655 μητέρων
608 1619 656 1645 καὶ
671 1618 814 1654 παρθένων
826 1618 843 1652 ἡ
858 1617 927 1652 αὐτὴ

143 1664 317 1699 μήτρανδρος
339 1665 355 1700 ή
378 1665 440 1691 κατ’
458 1664 598 1699 ἐξαίρετον
613 1662 793 1698 ἀειπάρθενος
806 1662 854 1688 καὶ
869 1661 927 1687 ἀει-

140 1711 222 1745 κόρη,
239 1711 300 1737 ἐπεὶ
315 1711 349 1737 ἂν
378 1710 451 1742 σώοις
463 1709 546 1746 ἔχωσι
562 1710 665 1745 φρένας
679 1709 728 1737 καὶ
740 1709 809 1744 πρὸς
820 1708 928 1741 ἐκείνην

143 1756 294 1792 μετροῦσαι
309 1756 347 1787 ὡς
362 1756 477 1783 δυνατὸν
497 1757 688 1791 παρεξάγωσιν
703 1755 813 1786 ἑαυτάς·
832 1756 859 1782 αῑ
878 1755 928 1788 μὲν

142 1803 315 1838 Θυμοὺμεναι
333 1803 370 1834 ὡς
394 1802 523 1835 ἠξίωνται
548 1802 667 1837 μητέρες
691 1799 770 1834 εἷναι,
787 1800 833 1827 καὶ
849 1801 929 1827 αὐταὶ

142 1849 305 1885 πράγματος
331 1848 427 1874 τούτου
459 1847 504 1873 καὶ
534 1847 666 1881 ὀνόματος
694 1847 927 1882 ἐπιτυγχάνουσαι

141 1894 225 1921 καλοῦ
241 1894 287 1920 καὶ
303 1892 419 1928 ἀγαθοῦ·
443 1893 472 1920 αἱ
484 1892 513 1919 δὲ
529 1893 681 1927 παρθενίας
699 1892 809 1927 ἔχουσαι
834 1891 928 1926 κτῆμα

141 1940 210 1975 ὅπερ
225 1940 239 1966 ὁ
253 1939 319 1971 Θεὸς
333 1939 480 1974 ἀγαπήσας
499 1938 668 1974 ᾠκειώσατο,
681 1938 805 1964 εὔκλειαν
819 1938 928 1967 ἑαυταῖς

142 1987 269 2012 ἐντεῦθεν
278 1984 485 2018 περιποιοῦνται
508 1985 678 2020 θαυμαστήν.
696 1984 809 2020 Χαίροις
832 1983 890 2015 οὖν,
905 1982 927 2011 ὧ

143 2029 284 2060 Βασίλεια,
300 2029 378 2060 κλέος
391 2026 429 2056 ὧν
444 2030 557 2064 εἴπομεν
573 2030 720 2063 γυναικῶν.
734 2030 783 2056 Διὰ
794 2029 820 2055 τί
833 2029 860 2055 δὲ
870 2031 929 2064 χαί-

145 2083 202 2109 ροις
216 2075 266 2107 ἄν;
283 2074 369 2101 Τοῦτο
382 2074 414 2110 δὴ
435 2074 465 2102 τὺ
486 2075 532 2101 τοῦ
547 2075 667 2110 Γαϐριὴλ
686 2073 720 2110 ἦν
735 2075 779 2101 ὅτε
793 2076 929 2109 ἀγαλλιῶν

145 2119 348 2155 προσφώνημα·
364 2120 430 2147 διότι
455 2121 509 2148 πᾶν
532 2121 669 2156 ἐγκώμιον
686 2121 929 2157 ὑπεραναὸέὸηκας

144 2166 191 2192 διὰ
212 2166 243 2192 τὸ
260 2165 430 2200 ὑπερϐάλλον
454 2167 504 2201 τῆς
527 2167 646 2202 ἀρετῆς,
672 2168 734 2193 καθ’
755 2168 788 2203 ῆν
810 2168 857 2195 καὶ
876 2168 929 2195 τῶν

143 2211 280 2247 οὐρανίων
295 2212 445 2246 ταγμάτων
468 2213 632 2247 ὕπέρκεισαι
647 2221 653 2229 ·
670 2214 742 2241 ᾶπαν
764 2214 817 2248 γὰρ
842 2215 930 2249 στόμα

145 2257 268 2291 βρότειον
292 2257 447 2292 εὑδίνητον,
468 2258 553 2294 ἤγουν
568 2258 718 2293 εὔστροφον
739 2263 786 2286 καὶ
805 2259 926 2293 εὕλαλον,
946 2253 966 2280 D

144 2303 194 2336 οὑχ
208 2303 312 2335 ἁπλῶς,
328 2304 396 2330 ἀλλὰ
409 2305 454 2330 καὶ
474 2306 554 2340 ῥητρε
561 2305 616 2338 ὖον,
632 2305 692 2341 ἤτοι
708 2305 865 2341 ρητορεῢον,
879 2307 930 2333 οὐκ

145 2348 201 2382 ἔχει
215 2348 298 2383 ἀξίως
326 2349 440 2384 μέλπειν
455 2359 485 2376 σε
496 2360 503 2368 ·
520 2352 599 2377 τοῦτο
615 2351 642 2378 δὲ
662 2353 766 2386 γίνεται
784 2352 860 2388 παρὰ
883 2352 930 2378 τὸν

146 2394 265 2429 χορηγὸν
279 2395 330 2429 τῆς
356 2396 501 2430 ῥητορείας
526 2397 599 2424 νοῦν.
621 2398 699 2424 Ἐπεὶ
716 2400 770 2433 γὰρ
783 2398 858 2430 ἄπας
869 2398 931 2430 νοῦς

147 2440 251 2475 Ζλιγγιᾷ
269 2442 339 2466 νοεῖν
353 2449 399 2467 σου
412 2441 458 2468 τὸν
475 2442 564 2474 τόκον,
582 2443 639 2475 πῶς
655 2444 688 2470 ἂν
701 2445 732 2470 τὸ
746 2444 835 2479 στόμα
851 2446 932 2480 ῥητο-

147 2486 236 2518 ρεύειν
252 2485 295 2511 ἐπ’
310 2486 384 2520 αὐτῷ
400 2486 527 2519 δύναιτο;
545 2487 592 2513 Διὺ
607 2489 812 2524 ἀμηχανοῦντες
829 2490 931 2517 πλατυ-

144 2531 234 2565 λογεῖν
251 2531 330 2566 μόνον
344 2532 373 2558 τὸ
388 2533 455 2564 Δόξα
474 2541 526 2565 σοι,
542 2534 713 2569 ἀναϐοῶμεν,
731 2537 760 2561 οὐ
777 2536 846 2571 πρὸς
863 2537 931 2571 dipo-

145 2577 241 2603 σίωσιν
256 2578 303 2604 καὶ
329 2579 423 2613 μόνην,
442 2579 476 2614 ἣν
496 2579 544 2606 καὶ
565 2579 750 2615 προσποίητον
771 2581 799 2606 ἐν
825 2583 931 2613 πολλοῖς

144 2623 257 2657 οἴδαμεν
276 2624 412 2657 γίνεσοαι,
427 2624 494 2651 ἀλλὰ
509 2625 559 2651 σὺν
574 2625 650 2660 πόθῳ
662 2626 806 2660 πρέποντι.

184 2757 251 2785 σις’.
278 2755 374 2781 ’ἰστέον
397 2756 425 2781 δὲ
450 2756 490 2782 ὅτι
513 2757 602 2791 στόμα
628 2758 677 2792 μὲν
704 2760 790 2786 εἰπεῖν
817 2760 930 2788 εὔλαλον

146 2800 355 2833 κυριολεκτικόν
378 2801 470 2828 ἐστιν·
486 2802 626 2837 εὐδίνητον
649 2804 677 2829 δὲ
703 2805 769 2831 αὐτὸ
789 2807 872 2839 φάναι
899 2809 929 2834 οὐ

145 2847 378 2880 κνριολεκτεῖται·
397 2848 465 2875 ἀλλὰ
483 2848 520 2880 ὡς
545 2850 599 2875 ἀπὺ
617 2850 717 2885 μέρους
735 2852 785 2887 τῆς
804 2853 928 2890 γλώσσης

144 2890 307 2926 δινουμένης
330 2893 373 2919 ὅτε
395 2893 531 2928 λαλοῦμεν
551 2895 689 2930 εὑδὶνητον
713 2898 759 2924 καὶ
785 2898 814 2925 τὸ
842 2900 927 2934 στόμα

975 287 1056 314 scml,
1070 283 1130 311 solo
1148 283 1260 310 nomine
1276 283 1404 310 celebrati
1416 283 1461 312 Dei
1474 284 1633 312 memoriam
1643 289 1760 318 ponens.

973 329 1076 357 Caetera
1086 336 1152 356 vero
1160 330 1272 364 strophe
1281 334 1354 356 recte
1363 329 1394 357 de
1405 328 1540 358 Trinitate
1549 335 1600 357 est.
1612 329 1669 357 Iloc
1680 328 1763 364 igitur

974 384 1027 403 non
1043 377 1160 403 colmret
1172 383 1233 402 cum
1253 375 1397 402 harmonia
1416 375 1531 403 aliorum
1549 382 1699 407 canonum,
1732 373 1760 401 in

974 423 1074 458 quibus
1091 430 1152 456 quae
1163 423 1195 449 de
1211 421 1345 449 Trinitate
1359 426 1435 454 sunt,
1448 428 1480 449 ea
1495 429 1579 457 quea
1598 422 1652 449 Deo
1663 425 1764 448 exeunt

974 465 1210 503 autegrediuntui'.

1011 515 1073 543 2H.
1090 514 1164 542 liunc
1177 519 1267 542 autem
1283 518 1445 549 praesentem
1458 521 1559 542 nexum
1573 513 1635 542 talis
1648 517 1763 542 senten-

974 560 1011 588 tia
1031 561 1149 596 partitur
1165 570 1171 588 :
1189 560 1278 593 Salve,
1296 559 1411 597 Regina,
1428 560 1652 596 μητροπάρθενον
1673 559 1765 591 κλέος,

973 606 1045 641 quod
1063 611 1104 633 est
1134 613 1182 640 per
1209 605 1494 638 circumlocutionem,
1521 608 1609 632 mater
1630 608 1657 631 ct
1675 603 1763 638 virgo,

974 657 1158 687 ceterumque
1169 657 1287 679 matrum
1304 658 1337 679 ac
1357 651 1493 686 virginum
1518 651 1621 684 decus;
1648 650 1763 678 aliarum

974 698 1083 733 quidem
1096 702 1207 734 propter
1221 697 1297 724 illum
1315 705 1394 732 quem
1412 697 1505 733 genuit
1535 696 1620 725 Deum
1644 697 1765 724 suaviter

973 750 1000 773 et
1013 746 1083 778 huic.
1103 752 1136 772 eo
1149 743 1221 779 quod
1241 743 1344 778 absque
1365 748 1459 778 partus
1474 742 1609 779 angustiis
1625 747 1651 769 et
1664 749 1765 770 mcero-

975 791 1053 819 rlbus
1078 790 1179 818 exinde
1194 789 1324 825 peperit;
1353 792 1491 824 quatenus
1522 789 1647 816 eumdem
1679 788 1764 816 Deum

975 838 1036 865 sine
1047 837 1186 872 voluptate
1204 837 1318 870 sineque
1332 835 1474 863 voluntate
1489 833 1595 862 carnali
1619 833 1764 868 concepit;

976 883 1048 918 quod
1063 882 1091 909 in
1107 881 1167 909 aliis
1186 881 1319 908 matribus
1333 881 1408 908 nullo
1421 880 1502 908 modo
1516 879 1668 915 reperitur;
1683 883 1766 913 atque

976 929 1013 957 ita
1042 928 1163 964 quidem,
1192 935 1254 955 eum
1278 934 1359 962 supra
1386 931 1510 954 naturam
1537 926 1652 961 peperit.
1682 926 1766 952 decus

975 981 1017 1004 est
1030 980 1159 1007 matrum,
1171 981 1231 1009 quae
1246 973 1316 1001 tllios
1329 973 1355 1001 in
1368 973 1533 1001 maeroribus
1549 971 1669 1008 pariunt,
1685 975 1766 1000 ταξιο-

976 1030 1077 1057 rosque
1095 1021 1221 1050 turbidos
1241 1028 1336 1049 secum
1350 1020 1465 1048 trahunt
1476 1019 1603 1050 affectus,
1621 1019 1668 1053 qui
1685 1024 1765 1046 natu-

977 1077 1005 1096 ra
1022 1069 1138 1096 comites
1152 1067 1307 1103 huiusmodi
1337 1067 1472 1094 matribus
1496 1066 1605 1094 adsunt.
1621 1065 1766 1101 Virginum

976 1118 1066 1141 autem
1081 1113 1164 1140 decus
1184 1113 1279 1140 eadem
1296 1117 1348 1145 est,
1364 1120 1397 1140 eo
1412 1111 1487 1147 quod
1514 1110 1633 1146 praetulit
1648 1118 1681 1138 ac
1698 1118 1766 1145 pra:-

976 1160 1066 1196 posuit
1084 1164 1215 1187 materna:
1229 1159 1384 1194 gloriationi
1398 1158 1560 1195 virginemn.
1578 1157 1676 1193 Spicus
1693 1157 1766 1184 enim

978 1206 1021 1233 ille
1040 1205 1218 1241 primigenius
1235 1205 1295 1233 sine
1317 1205 1433 1237 semine,
1461 1209 1590 1239 terraque
1617 1211 1670 1231 non
1687 1207 1762 1230 arata

977 1260 1038 1287 qum
1058 1252 1172 1279 nutrivit
1197 1251 1286 1286 illum,
1319 1252 1405 1279 multo
1437 1251 1526 1286 magis
1551 1257 1634 1285 quam
1660 1249 1698 1276 illi
1720 1248 1769 1283 qui

978 1299 1129 1326 naturalem
1141 1299 1344 1333 generationem
1357 1301 1576 1333 consequuntur,
1593 1296 1765 1324 mirationem

979 1349 1101 1373 movent.
1119 1345 1152 1372 Et
1166 1345 1218 1372 ista
1235 1350 1306 1372 terra
1318 1352 1372 1373 non
1394 1345 1510 1377 calcata,
1537 1351 1593 1372 non
1620 1343 1693 1373 trita.
1713 1349 1768 1369 non

979 1392 1091 1419 omnino
1119 1391 1206 1423 culta.
1240 1391 1303 1418 licet
1331 1399 1365 1419 ex
1393 1391 1494 1418 virtute
1525 1390 1579 1418 Deo
1610 1387 1769 1423 recipiendo

981 1437 1049 1464 bene
1074 1437 1225 1472 disposita,
1255 1437 1372 1472 vitatque
1399 1437 1492 1471 spicus
1515 1443 1549 1464 ex
1579 1442 1611 1462 ea
1638 1440 1764 1469 surgens,

981 1490 1024 1517 per
1042 1489 1121 1517 quem
1137 1483 1215 1510 nobis
1231 1482 1310 1516 panis
1328 1481 1447 1509 caelestis
1471 1481 1547 1509 visus
1566 1485 1594 1508 et
1622 1480 1701 1507 datus
1714 1483 1767 1512 est,

980 1531 1174 1563 permanetque
1191 1527 1283 1556 vivens
1305 1531 1334 1554 et
1357 1527 1506 1558 vivilicans,
1537 1533 1593 1553 non
1619 1529 1660 1553 est
1683 1523 1768 1553 decus

940 1585 964 1617 α
980 1573 1055 1609 quod
1071 1581 1200 1609 superare
1214 1578 1361 1608 nequeant.

1014 1618 1079 1645 215.
1095 1618 1193 1645 Adhuc
1205 1622 1294 1645 autem
1309 1621 1424 1645 matrum
1436 1625 1467 1646 ac
1481 1618 1617 1653 virginum
1629 1622 1670 1646 est
1684 1617 1767 1644 decus

979 1664 1072 1692 eadem
1090 1669 1176 1691 mater
1188 1664 1352 1691 excellenter
1382 1671 1488 1699 semper
1505 1665 1580 1700 virgo
1607 1670 1768 1699 semperque

979 1710 1081 1745 puclla,
1099 1710 1247 1737 dummodo
1259 1717 1339 1737 sanas
1357 1709 1475 1737 habeant
1492 1714 1608 1742 mentes,
1625 1713 1652 1737 et
1670 1716 1767 1737 secun-

980 1757 1043 1783 dum
1073 1756 1159 1788 illam,
1190 1760 1220 1783 ut
1248 1761 1289 1783 est
1321 1756 1460 1790 possibile,
1487 1764 1548 1784 sese
1576 1759 1767 1784 meusurantes

980 1801 1189 1837 pcrambuleut;
1220 1802 1279 1829 alia:
1291 1802 1398 1837 quidem
1424 1802 1599 1830 recordantes
1623 1803 1695 1835 quoi
1712 1809 1768 1828 tne-

981 1853 1093 1875 ruerunt
1126 1855 1187 1875 esse
1223 1853 1335 1881 matres,
1370 1848 1453 1883 hujus
1484 1847 1564 1875 ofﬁcii
1594 1847 1768 1882 nominisque

981 1893 1085 1928 puli-hri
1101 1901 1131 1921 ac
1148 1893 1212 1921 boni
1224 1893 1301 1920 factae
1314 1894 1481 1928 participes;
1499 1894 1557 1921 aliae
1572 1901 1636 1922 vero
1653 1894 1766 1929 virgini—

981 1940 1044 1967 tatis
1055 1940 1157 1967 sortita:
1172 1940 1342 1971 thesaurum,
1358 1947 1438 1973 quem
1458 1939 1541 1973 Deus,
1562 1938 1648 1974 ipsius
1673 1946 1768 1967 amore

980 1991 1084 2019 captus,
1098 1986 1236 2021 proprium
1254 1985 1305 2013 sibi
1325 1985 1401 2019 fecit,
1416 1985 1513 2012 miram
1538 1985 1636 2013 exinde
1650 1986 1765 2021 gloriam

980 2032 1031 2059 sibi
1050 2032 1207 2067 acquirunt.
1224 2031 1303 2059 Salve
1318 2039 1394 2066 ergo,
1410 2031 1523 2065 llegina.
1538 2032 1682 2060 mulierum
1697 2039 1766 2068 quas

980 2078 1110 2111 diximus,
1137 2077 1230 2105 decus.
1263 2077 1319 2104 Cur
1342 2082 1432 2104 autem
1463 2078 1515 2104 hoc
1544 2078 1618 2106 salve
1642 2077 1710 2105 tibi!
1739 2082 1768 2106 ut

980 2123 1044 2158 quid
1064 2123 1115 2150 hoc
1131 2123 1274 2158 gaudeas?
1287 2122 1344 2151 Hac
1370 2127 1446 2150 certe
1478 2123 1530 2150 fuit
1544 2123 1608 2150 olim
1626 2123 1768 2152 exsultans

980 2169 1114 2197 Gabrielis
1129 2169 1270 2200 salutatio,
1289 2169 1419 2204 quoniam
1439 2175 1521 2204 super
1533 2176 1641 2196 omnem
1659 2168 1765 2196 laudem

981 2224 1009 2243 es
1039 2215 1157 2242 cxaltata
1188 2220 1298 2250 propter
1320 2214 1512 2243 excellentiam
1540 2215 1662 2248 virtutis,
1687 2215 1767 2251 juxta

981 2270 1060 2296 quatit
1094 2262 1221 2289 ccelestes
1253 2262 1363 2289 ordines
1392 2265 1561 2295 transgressa
1592 2269 1651 2292 es:
1687 2268 1767 2289 omne

987 2316 1105 2342 namque
1119 2315 1150 2336 os
1166 2309 1313 2335 humanum
1327 2307 1452 2341 volubile,
1469 2307 1527 2335 sive
1551 2312 1717 2343 promptum,
1741 2313 1768 2335 et

981 2353 1090 2388 loquax.
1106 2361 1159 2380 nou
1173 2353 1344 2388 simpliciter,
1361 2354 1406 2380 sed
1420 2353 1552 2381 disertum
1566 2358 1593 2381 et
1606 2353 1766 2387 fecundum,

981 2406 1035 2425 non
1054 2404 1079 2426 te
1094 2399 1174 2434 digne
1201 2400 1338 2426 celebrare
1354 2404 1462 2435 potest:
1478 2399 1529 2427 hoe
1541 2404 1631 2427 autem
1647 2405 1767 2428 mentem

981 2445 1142 2479 eloquentiae
1182 2444 1279 2472 ducem
1308 2449 1431 2480 superat;
1473 2445 1541 2474 Cum
1578 2446 1651 2473 enim
1678 2446 1767 2474 omnis

982 2498 1058 2516 nn-ns
1081 2493 1172 2524 stupet
1199 2494 1225 2516 et
1256 2487 1362 2517 hzesitat
1393 2490 1513 2525 cogitare
1539 2495 1616 2518 tuum
1644 2495 1765 2525 partum.

980 2535 1118 2570 quomodo
1144 2542 1226 2569 super
1248 2534 1324 2561 illum
1351 2542 1382 2563 os
1401 2535 1531 2569 eloquens
1555 2543 1617 2564 esse
1641 2536 1742 2571 poterit
1757 2536 1772 2563 ἲ

982 2581 1046 2608 ideo
1064 2588 1117 2608 non
1133 2581 1254 2609 valentes
1275 2586 1300 2608 te
1325 2581 1437 2609 laudare
1449 2582 1573 2613 multum.
1587 2582 1675 2610 solum
1688 2583 1739 2610 hoc
1757 2591 1764 2610 :

983 2627 1042 2654 'l'ibi
1059 2626 1154 2660 gloria,
1169 2627 1330 2659 clamamus.
1346 2634 1400 2654 non
1417 2628 1449 2655 ad
1467 2628 1554 2655 solam
1565 2628 1768 2656 absolutionem

981 2673 1071 2704 otiicii,
1087 2680 1169 2707 quam
1187 2673 1344 2700 simulatam
1372 2674 1399 2700 in
1420 2674 1514 2702 multis
1538 2681 1599 2702 esse
1627 2675 1767 2707 novimus,

981 2718 1026 2745 sed
1040 2725 1101 2745 eum
1122 2717 1258 2745 desiderio
1273 2718 1456 2746 courenienti.

1015 2762 1078 2790 216.
1094 2763 1240 2790 Sciendum
1262 2769 1352 2791 autem
1368 2765 1442 2799 quod
1468 2773 1498 2793 os
1513 2767 1621 2802 quidem
1654 2765 1767 2792 εὕλαλον

981 2810 1079 2842 dicere,
1098 2810 1206 2844 propria
1215 2810 1298 2837 dictio
1309 2815 1350 2838 est
1359 2819 1366 2837 :
1376 2812 1440 2838 illud
1453 2817 1541 2839 autem
1553 2812 1690 2846 εὐδίνητον
1702 2818 1765 2846 pro-

981 2857 1170 2889 nuntiare,non
1185 2858 1291 2892 proprie
1309 2858 1409 2885 dicitur
1431 2858 1494 2885 :scd
1505 2858 1618 2886 velutex
1626 2857 1766 2892 parteliuu

980 2910 1104 2937 gineqnze
1112 2907 1235 2930 movetur
1250 2903 1357 2938 quando
1372 2903 1518 2938 loquimur,
1531 2911 1561 2931 os
1576 2903 1658 2945 etiam
1667 2903 1767 2931 mobile
