1965 3115
143 884 153 892 ἢ
192 852 291 879 divinae
307 852 502 880 incarnationis
516 852 551 879 illi
566 852 600 880 ab
626 852 686 887 ipso
702 851 756 880 Deo
782 851 896 884 incitati,
913 851 980 877 divi-

791 38 840 47 ι..-

198 106 250 138 727

192 208 359 241 mirandum,
373 214 401 235 ut
414 215 445 236 ex
460 208 631 236 immaculata
644 208 748 243 virgine
762 207 875 234 setninis
887 214 980 241 exper-

193 260 228 288 te_
249 259 396 283 renueruut
411 261 459 290 per
474 260 558 282 totum
574 254 604 280 τδ
623 253 759 289 quomodo
776 253 904 284 scrutari.
925 260 978 279 non

192 305 233 328 est
253 300 304 328 hoc
329 300 480 335 ignorantia
505 307 591 335 neque
607 300 743 335 cogitandi
777 299 905 334 privatio,
932 298 979 326 sed

193 347 318 380 praedicta
332 346 457 382 vertigo;
485 353 567 380 quam
592 346 735 373 oculorum
763 345 978 373 tenebratioucm

191 393 286 419 dicunt
299 384 531 426 interpretes.Qui
545 392 617 420 enim
632 391 788 419 didicerunt
801 396 828 419 et
842 395 979 418 noverunt

191 438 290 465 melius
301 445 383 473 quam
401 444 451 465 nos
465 438 536 473 quod
554 437 580 465 in
598 437 715 465 hominis
728 437 787 473 puri
802 437 979 473 generatione

189 489 244 509 non
262 483 373 510 materia
385 482 547 518 spermatica
562 483 672 510 humida
688 483 769 511 eﬂicit
783 483 857 510 illum
870 483 978 516 laetum,

189 528 236 563 qui
267 529 357 562 primo
381 529 505 564 quidem,
530 529 608 564 juxta
635 537 764 565 magnum
799 529 893 562 David,
924 537 977 557 non

190 579 232 602 est
253 575 420 608 elaboratus,
447 579 543 610 postea
558 583 624 604 vero
651 576 719 604 bene
738 575 899 604 articulatus
925 580 977 608 est,

189 625 216 648 et
243 621 376 655 promittit
402 620 526 649 ultimum
556 621 706 655 hominem,
738 620 786 650 sed
801 621 874 657 quod
900 621 977 657 juxta

190 667 356 695 locutionem
369 667 502 703 ipsorum.
519 668 684 703 spermatica
715 668 786 696 ratio
808 668 978 696 intellectua-

191 713 226 742 lis
239 717 266 742 et
286 713 430 742 imisibiiis
449 713 533 742 fretus
549 714 740 742 formationem
753 714 858 749 perlicit
873 723 879 747 ;
895 715 961 748 quid

191 760 254 787 dam
269 761 358 788 adhuc
383 760 464 788 etiam
482 760 569 795 magis
586 760 779 793 tnvsteriosum
807 766 839 786 ac
855 759 977 786 divinum

192 806 318 837 scrutati,
332 807 470 841 quomodo
484 806 640 834 dicerentur
656 813 708 833 non
723 804 871 832 attendissc
897 804 978 831 modo
998 837 1019 865 Β

194 852 291 865 .ι;..ι.,,,.
307 852 501 865 :............-:....:..
516 852 550 865 Ill:
566 852 598 865 ,ιιι
627 852 685 865 hu...
702 851 756 865 nm.
783 851 885 865 ἲληῖιιιιῗ
914 851 966 865 ,ιι-,ι

193 899 234 926 nis
250 899 360 931 initiati,
374 904 401 926 et
424 899 460 926 ita
475 906 558 934 super
573 898 715 926 ltominem
733 898 870 933 sapientes
897 897 983 925 lacti?

194 945 242 972 llic
258 949 348 972 autem
366 944 514 971 oﬂieiosius
527 943 727 972 observandum
742 943 879 978 quomodo
898 943 980 970 verti-

192 992 255 1027 gine
267 992 372 1019 laboret
388 991 478 1018 omnis
493 991 605 1026 spiritus
627 990 828 1018 considerando
858 989 985 1018 iuell'abi-

193 1039 245 1066 lem
260 1039 320 1066 Filii
337 1037 384 1066 Dei
399 1043 506 1072 partum
522 1045 555 1065 ex
571 1036 688 1072 virgine.
705 1036 738 1064 Et
748 1037 852 1064 interea
878 1044 982 1071 praesu-

194 1087 324 1113 rucndum
341 1085 412 1120 quod
429 1092 461 1112 ex
478 1084 562 1112 verbo
578 1083 708 1110 εἰλεῖσϐαι
740 1087 766 1110 et
779 1090 810 1110 ex
826 1081 983 1117 huiusmodi

193 1132 298 1159 vortice
333 1131 508 1166 quadamque
539 1129 719 1162 volutatione,
754 1129 824 1156 dicta
857 1132 900 1156 est
929 1135 982 1156 vox

195 1177 298 1211 ἴλιγγος
310 1177 426 1210 vertigo.
453 1176 551 1203 Postea
583 1174 784 1210 praecidendum
810 1174 882 1209 quod
906 1181 984 1200 meus

194 1225 326 1257 humana,
355 1227 498 1257 postquam
517 1222 597 1249 vertit
619 1226 646 1248 et
663 1226 791 1255 tanquam
822 1220 849 1247 in
875 1219 985 1248 semeti-

193 1277 271 1304 psam
285 1271 400 1306 gyravit,
414 1269 554 1304 multaque
569 1273 596 1296 et
613 1268 692 1303 longa
710 1269 827 1300 curavit,
847 1267 986 1302 multaque

195 1316 308 1344 sollicite
320 1316 434 1351 peregit,
452 1323 485 1342 an
499 1316 571 1345 forte
586 1323 619 1342 ex
633 1315 685 1342 hac
703 1315 873 1342 volutatione
892 1319 986 1349 posset

194 1362 266 1391 idem
279 1364 322 1390 vel
338 1362 444 1397 aliquid
468 1361 557 1389 simile
586 1360 720 1394 invenire,
735 1360 761 1387 in
791 1360 984 1395 cogitationem

195 1418 317 1443 reversa,
337 1417 441 1436 necnon
463 1413 618 1435 accuratam
642 1407 739 1442 adepta
765 1406 986 1441 comprehensio-

197 1463 259 1483 nem
272 1457 344 1489 quod
358 1454 427 1481 nihil
445 1453 547 1488 aliquit]
566 1453 617 1479 tale
630 1452 680 1479 luit
697 1456 744 1479 aut
763 1459 882 1486 unquam
911 1451 986 1478 futu-

553 107 762 139 EUSTATIIII
785 106 1005 137 TllESSALON
1015 106 1098 136 [CEN
1105 106 1164 136 διὸ
1186 106 1468 138 METROPOLIT/E

227 162 291 190 22!.
309 162 337 190 Si
352 170 418 190 vero
440 164 548 191 modum
574 164 645 192 illius
668 163 852 199 pertingcntcs
871 162 987 188 usaxime
1000 163 1023 192 Α

1771 108 1822 140 ’128

1076 165 1146 197 ρκα’.
1163 163 1192 188 ΕΙ
1209 162 1236 189 δὲ
1253 163 1297 189 τὴν
1311 163 1413 197 τρόπον
1428 160 1535 189 ἐνείνου
1555 170 1766 199 περιερχομενοι
1777 164 1822 190 τὸν

1038 208 1255 244 παραδοξότατον
1269 210 1313 236 τὸν
1330 210 1360 236 ὲκ
1382 203 1521 245 παρθένου
1542 211 1661 245 ἀφθόρου
1677 213 1726 237 καὶ
1740 211 1823 237 ἀσπό-

1039 264 1097 290 ρου,
1117 256 1290 292 ἀπηνήναντο
1305 256 1444 291 ἐπιζητεῖν
1461 256 1505 283 διὰ
1526 257 1620 288 τέλους
1642 257 1673 283 τδ
1688 257 1757 289 πῶς,
1775 257 1824 283 οὒκ

1037 301 1112 327 ἔστιν
1127 301 1224 335 ἄγνοια
1239 301 1318 328 τοῦτο
1334 303 1423 329 εῐτουν
1444 302 1574 338 στέρησις
1594 302 1640 329 τοῦ
1655 303 1737 333 νοεῖν,
1755 303 1823 329 ἀλλὰ

1037 347 1142 382 ἴλιγγος
1163 349 1177 375 6
1202 347 1369 384 προρρηϐεἰς
1383 356 1390 364 ·
1411 348 1440 375 ὃν
1466 349 1623 383 σκοτοδίνην
1640 349 1724 384 φασὶν
1739 350 1763 376 οἱ
1777 349 1824 383 ἑρ-

1040 394 1215 429 μηνεύοντες·
1233 396 1258 421 οί
1283 394 1338 430 γὰρ
1363 395 1498 431 μαθόντες
1521 396 1570 422 καὶ
1595 395 1696 427 ειδότες
1714 396 1826 422 κάλλιον

1037 439 1111 475 ἢπερ
1125 441 1215 476 ἡμεῖς,
1233 442 1271 473 ὡς
1287 443 1334 469 καὶ
1346 443 1375 469 ὲν
1390 443 1422 477 τῇ
1437 442 1544 476 γενέσει
1559 444 1591 478 τῇ
1607 442 1667 469 κατ’
1680 442 1824 477 ἄνθρωπον

1035 487 1082 513 τὸν
1099 487 1205 520 ἁπλῶς,
1224 488 1255 514 οὗ
1279 489 1309 515 16
1323 489 1414 516 ὑλαῖον
1442 490 1632 524 σπερματικὸν
1656 489 1741 524 ὑγρόν
1757 490 1824 516 ἁπο-

1035 533 1108 560 τελετ
1133 532 1164 560 ἰδ
1188 533 1236 560 τοῦ
1264 534 1398 570 ὲμῦρύου,
1423 535 1519 570 πρῶτα
1536 535 1587 570 μὲν
1608 535 1824 570 ἀχατέργαστυν,

1035 581 1106 606 κατὰ
1122 579 1167 606 τὸν
1180 579 1270 615 μέγαν
1284 579 1377 611 Δαϐὶδ,
1395 579 1454 607 εἶτα
1473 580 1686 616 εὐδιάρθρωτον,
1709 581 1723 608 ὖ
1741 583 1827 614 ἑπαγ-

1035 625 1159 659 γέλλεται
1173 626 1220 653 τὸν
1237 626 1349 662 ὕστερον
1365 627 1510 662 ἄνθρωπον
1521 635 1528 642 ·
1549 628 1616 654 ἀλλὰ
1639 627 1664 659 6,
1678 628 1740 654 κατ’
1755 628 1826 654 ὲκεί-

1034 680 1096 703 νους
1108 673 1206 707 εἰπεῖν,
1223 674 1411 708 σπερματικὸς
1426 673 1503 706 λόγος
1514 674 1528 700 6
1541 674 1635 707 νοητὸς
1649 674 1696 700 καὶ
1710 674 1826 708 ἀόρατος

1034 719 1084 752 τὴν
1099 718 1340 753 ἐμϐρυοπλαστίαν
1358 720 1462 746 ἐκτελεῖ
1476 729 1482 735 ”
1501 721 1546 746 καῑ
1567 719 1771 754 μυστικώτερον
1787 719 1825 745 ἔτι

1037 765 1239 798 ὲιισαοὺναντες
1263 766 1309 793 καὶ
1332 766 1480 801 Θειότερον,
1505 767 1565 798 πῶς
1587 767 1708 802 λεχθεῖεν
1732 767 1765 794 ἂν
1790 766 1826 801 μὴ

1035 810 1176 837 ὲπιὸαὶεῖν
1197 811 1236 845 τῷ
1253 811 1349 847 τρόπῳ
1365 811 1414 846 τῆς
1436 812 1508 843 θείας
1528 811 1762 846 ὲνανθρωπήσειυς
1779 810 1824 837 ὑπ’

1035 856 1117 882 αὑτοῦ
1141 855 1210 882 Θεοῦ
1227 857 1390 891 ὲναγόμενοι
1412 857 1459 883 καὶ
1483 858 1517 884 τὰ.
1532 857 1590 884 θεῖα
1611 857 1761 892 μυούμενοι
1779 857 1826 883 καὶ

1035 902 1121 933 οὕτως
1146 902 1216 938 ὑπὲρ
1243 902 1391 938 ἄνθρωπον
1418 903 1610 938 σοφιζόμενοις
1636 903 1770 930 Ἐνταῦθα
1799 903 1827 930 δὲ

1037 947 1189 983 θεωρητέον
1219 949 1502 984 πραγματικὼτερον,
1537 948 1596 981 πῶς
1626 949 1731 984 ίλιγγιᾷ
1764 947 1826 978 νοῦς

1037 994 1109 1025 ἄπας
1121 995 1192 1020 νοεῖν
1207 994 1252 1021 16v
1271 996 1301 1021 ἐκ
1315 995 1454 1030 Παρθένου
1471 995 1592 1031 ἄῤῥτιον
1608 996 1687 1022 τόκον
1701 995 1748 1021 τοῦ
1759 994 1826 1021 Tim")

1036 1040 1081 1067 τοῦ
1097 1040 1176 1067 Θεοῦ·
1195 1041 1242 1067 καὶ
1259 1042 1328 1073 τέως
1346 1042 1520 1077 προληπτέον
1531 1042 1569 1073 ὡς
1583 1042 1615 1068 ὲκ
1630 1041 1678 1068 τοῦ
1694 1041 1827 1067 εἱλεῐσοαι

1040 1087 1089 1113 καὶ
1102 1086 1230 1121 τοιαύτης
1246 1087 1322 1122 δίνης
1347 1087 1395 1113 καὶ
1422 1087 1542 1122 στροφῆς
1571 1096 1655 1119 τινος,
1683 1086 1791 1121 εἴρηται
1815 1088 1829 1113 6

1038 1131 1154 1166 ἴλιγγος·
1172 1132 1231 1167 μεθ’
1248 1132 1261 1159 ὃ
1281 1133 1448 1168 ὲπιτμητέον
1473 1133 1515 1160 ὅτι
1537 1134 1550 1160 6
1571 1133 1744 1168 ἀνθρώπινος
1767 1132 1828 1163 νοῦς

1038 1177 1207 1212 συστρέψας,
1227 1179 1275 1204 καὶ
1290 1176 1346 1205 οἷον
1361 1179 1400 1210 είς
1414 1179 1511 1206 ἑαυτὸν
1527 1178 1656 1214 εἰληθεὶς,
1674 1178 1721 1204 καὶ
1743 1177 1831 1203 πολλὰ

1039 1223 1085 1249 καὶ
1102 1224 1198 1260 μακρὰ
1216 1224 1381 1260 μελετήσας,
1397 1224 1444 1251 καὶ
1457 1224 1544 1251 πολλὰ
1559 1225 1734 1259 μεριμνήσας
1747 1223 1828 1249 εἵπου

1038 1270 1167 1305 τοιαύτης
1183 1270 1315 1306 εἰλήσεως
1344 1270 1469 1306 δυνηθεὶς
1497 1270 1619 1306 ἐξευρεῖν
1646 1270 1663 1304 ἢ
1688 1269 1786 1296 ταυτὸν
1812 1268 1829 1303 ἢ

1039 1315 1107 1342 ἀλλὰ
1124 1315 1218 1350 ὅμοιόν
1235 1324 1272 1349 τι,
1288 1315 1491 1351 ὲπανακάμψας
1507 1316 1544 1348 είς
1566 1316 1659 1349 νόησιν
1680 1316 1730 1342 καὶ
1744 1314 1829 1341 κατά-

1040 1361 1122 1395 ληψιν
1151 1362 1255 1397 ἀκριὸῆ
1281 1361 1329 1396 τὴν
1359 1361 1407 1388 τοῦ
1437 1361 1520 1397 μηδέν
1534 1370 1561 1388 τι
1584 1361 1648 1388 ἄλλο
1671 1361 1791 1387 τοιοῦτον
1813 1359 1830 1394 ἢ

1041 1406 1169 1440 γενέσθαι
1194 1406 1261 1433 ποτὲ
1287 1407 1303 1442 ἢ
1332 1407 1498 1442 γενήσεσθαι
1522 1407 1566 1439 ἂν,
1597 1408 1697 1442 πάσχει
1725 1406 1831 1432 ἐκεῖθεν

1042 1453 1149 1487 ἴλιγγον
1165 1445 1321 1488 ἔννουνξκαι
1335 1454 1420 1490 κάρον
1435 1454 1567 1489 ἔμφρονα·
1586 1455 1632 1480 καὶ
1648 1452 1757 1484 ἀνεθεὶς
1782 1452 1831 1479 τοῦ

198 1510 259 1529 rum
279 1507 329 1534 est,
345 1501 407 1528 exin
421 1501 443 1528 le
462 1499 620 1534 vertiginem
649 1498 721 1526 subit
737 1498 931 1533 iutelligentem
948 1506 987 1526 so-

1042 1499 1115 1526 οὖτω
1131 1500 1306 1534 σπουδάζειν,
1326 1501 1454 1537 παρίεται
1476 1501 1525 1536 τῆς
1543 1500 1695 1537 ζητήσεως,
1721 1501 1769 1528 καὶ
1786 1501 1830 1526 δο-

199 1554 347 1582 poremque
361 1546 520 1580 prudentem
534 1553 541 1577 ;
562 1550 590 1571 et
603 1544 642 1572 sic
659 1548 764 1571 retenta
779 1551 794 1571 a
813 1544 857 1570 tali
885 1544 987 1577 studio,
1001 1575 1008 1577 ί

198 1593 312 1620 remittit
325 1591 358 1618 ab
376 1591 563 1626 inquisitione,
582 1590 752 1625 etglorllicat
768 1589 984 1624 omnipotentem

197 1639 297 1667 Filium
312 1643 339 1665 et
353 1638 427 1664 illam
444 1645 503 1672 quae
518 1643 615 1672 praeter
630 1637 785 1671 opinionem
805 1644 865 1665 eum
882 1637 987 1671 genuit.

235 1685 301 1712 222.
320 1683 376 1712 Hoc
388 1691 478 1711 autem
494 1693 500 1710 ι
517 1691 578 1711 eum
593 1691 687 1710 amore
703 1683 897 1718 glorificamus,
929 1688 988 1709 tan-

201 1739 282 1766 quam
296 1731 398 1766 aliquid
412 1730 665 1759 extraordinarium
689 1729 813 1758 melodus
832 1729 988 1765 adscripsit.

201 1779 254 1813 Qui
268 1780 339 1806 cuitu
356 1787 389 1806 ex
419 1782 476 1806 toto
492 1778 575 1805 corde
588 1777 741 1813 gloriﬁcant
752 1777 836 1804 Deum
849 1777 990 1812 ipsiusque

201 1827 404 1855 sanctissimam
418 1825 532 1853 Matrem
558 1830 642 1860 atque
657 1829 777 1858 sanetos,
792 1823 870 1859 juxta
896 1831 990 1858 qLem-

200 1875 262 1902 dam
278 1873 376 1900 mirum
389 1877 527 1906 stuporem
557 1871 610 1898 hoc
633 1870 747 1902 faciunt,
775 1870 904 1898 continuo
935 1870 988 1897 cla-

201 1926 306 1949 mantes
325 1928 358 1948 ex
386 1927 483 1947 more:
511 1918 613 1947 Gloria.
634 1916 694 1945 Non
721 1922 812 1944 autem
841 1917 911 1944 idem
936 1922 991 1949 est,

201 1968 296 2004 procul
310 1967 402 1997 dubio,
417 1971 512 2000 stupor
527 1972 554 1993 et
565 1972 650 1997 amor,
668 1971 717 1991 nec
731 1963 812 1991 simul
827 1971 860 1990 ex
871 1962 992 1990 necessi-

202 2021 258 2042 tate
274 2014 381 2042 cunctis
400 2012 578 2047 stupentibus
599 2010 758 2045 supervenit
772 2008 817 2036 il!a
833 2008 991 2036 desiderare

204 2069 251 2095 per
267 2069 327 2096 qua:
342 2061 370 2087 lit
390 2064 494 2094 stupor.
521 2057 597 2085 Multi
614 2065 734 2091 namque
760 2056 817 2083 sola
847 2055 992 2082 miratione

204 2105 530 2141 perculsi,constiterunt
545 2104 613 2130 nihil
645 2102 709 2130 inde
735 2101 935 2134 desiderantes,
966 2106 992 2128 et

203 2153 350 2189 aliquando
365 2151 479 2179 multum
490 2150 552 2178 odio
566 2154 700 2177 tenentes.
709 2147 765 2176 Nos
776 2152 880 2179 autem,
893 2146 992 2182 inquit,

204 2208 220 2226 ο
243 2206 349 2227 summa
375 2197 489 2232 Regina,
515 2201 542 2223 te
565 2203 628 2223 cum
663 2202 757 2222 amore
785 2193 990 2228 gloriﬁcamus;

206 2252 333 2280 tauquam
368 2251 448 2271 amor
477 2242 653 2270 mirationem
684 2241 819 2273 vinceret,
851 2240 992 2274 ipsiusque

205 2293 295 2319 locum
313 2293 478 2325 occuparet;
495 2288 537 2316 vel
551 2287 641 2322 potius
669 2293 785 2322 uterque
811 2290 931 2313 maneret
956 2286 993 2313 si-

206 2337 262 2364 ntut
273 2336 345 2371 apud
360 2343 420 2368 nos,
432 2335 584 2369 eodemque
596 2333 677 2361 modo
691 2333 835 2360 nobiscum
849 2333 994 2361 exsisteret

208 2391 240 2411 ac
268 2383 444 2410 concordiam
469 2381 603 2409 haberet:
630 2389 684 2408 una
714 2381 814 2416 quippe
856 2380 992 2408 desiderio

208 2430 406 2463 mirationeque
416 2429 551 2462 capimur.
568 2426 630 2454 ldeo
643 2433 668 2454 te
678 2435 739 2454 cum
751 2434 843 2454 amore
857 2426 992 2461 gloriﬁca-

210 2483 281 2502 mus.
298 2474 325 2501 Ιιι
345 2475 387 2501 his
399 2479 489 2501 autem
501 2473 531 2500 16
545 2474 606 2501 ὅθεν
622 2474 792 2501 causativum
809 2479 861 2506 cst,
887 2477 916 2500 ul.
931 2481 994 2501 son-

208 2529 256 2548 sus
272 2520 359 2554 quinti
373 2527 468 2547 versus
485 2519 545 2547 talis
575 2519 632 2547 sit:
659 2519 794 2553 Quoniam
823 2519 914 2546 ornuis
939 2517 996 2545 cio-

208 2568 319 2602 quentia
333 2574 347 2594 a
365 2571 391 2594 te
406 2571 560 2601 superatur,
590 2566 781 2601 augustissima
809 2565 923 2599 Deipara
937 2585 944 2597 ,
969 2569 996 2592 el.

208 2613 298 2639 omnis
311 2619 387 2639 mens
404 2611 538 2646 vertigine
555 2611 660 2638 laborat
675 2615 751 2637 tuutn
766 2609 911 2645 cogitando
934 2616 996 2644 par-

212 2665 278 2690 tum,
294 2658 394 2686 ideirco
409 2665 459 2685 nos
472 2657 655 2692 gloriﬁcamus
673 2663 709 2689 te,
737 2664 790 2683 non
825 2655 996 2690 multiloquio

211 2704 305 2739 sicque
330 2703 406 2738 operi
431 2711 513 2738 supra
539 2702 666 2729 virtutem
681 2701 791 2734 addicti,
818 2702 864 2729 sed
888 2702 927 2728 vel
947 2703 997 2729 hoc

212 2751 300 2784 ipsum
317 2758 323 2776 :
340 2749 431 2777 Gloria
452 2748 515 2781 tibi,
534 2748 574 2784 vel
592 2748 663 2774 aliud
682 2746 745 2781 quid
766 2746 929 2779 venerabile,
956 2746 999 2774 vcl

213 2795 307 2822 saltem
323 2795 373 2822 hoe
401 2793 529 2831 angelica:
544 2792 715 2820 salutationis
732 2800 738 2819 :
756 2792 822 2825 Ave,
839 2801 886 2820 seu
913 2793 996 2822 salvo~

212 2846 363 2869 cantantes.

1041 1546 1117 1579 ξάζει
1133 1547 1179 1573 τὸν
1203 1547 1423 1582 ἀπειροδύναμον
1443 1547 1558 1583 Κύριον,
1575 1549 1622 1574 καὶ
1643 1548 1693 1582 τὴν
1712 1547 1831 1581 παραδό-

1041 1591 1102 1625 ξωςτ
1112 1592 1247 1619 τεκοῦσαν
1261 1593 1354 1620 αὐτόν.

1077 1682 1147 1718 σκβ’.
1160 1683 1197 1709 Τὸ
1208 1683 1247 1717 δὲ,
1261 1684 1310 1710 σὺν
1323 1683 1398 1719 πόθῳ
1412 1683 1570 1719 δοξάζομεν,
1587 1684 1625 1715 ὠς
1641 1684 1794 1719 παράδοξόν
1807 1695 1832 1714 τι

1041 1729 1054 1755 6
1071 1728 1190 1763 μελῳδδς
1203 1736 1310 1764 παρεση
1317 1729 1433 1764 μήνατο·
1448 1729 1473 1756 οῑ
1488 1729 1543 1764 γὰρ
1559 1729 1698 1765 ὁλοψύχως
1709 1730 1835 1762 δοξάζον-

1041 1784 1088 1807 τες
1107 1776 1153 1802 τὸν
1168 1775 1245 1810 Θεὸν,
1264 1775 1311 1802 καὶ
1325 1775 1375 1810 τὴν
1389 1776 1544 1811 ἀγιωτάτην
1560 1775 1643 1802 αὐτοῦ
1661 1777 1769 1811 μητέρα
1784 1779 1834 1803 καὶ

1043 1822 1105 1853 τοὺς
1132 1822 1227 1855 ἁγίους
1244 1821 1340 1854 αὐτοῦ,
1364 1822 1435 1849 κατά
1450 1830 1512 1849 τινα
1536 1821 1684 1857 τεραστίαν
1699 1822 1834 1856 ἔκπληξιν

1043 1867 1123 1894 τοῦτο
1140 1868 1276 1901 ποιοῦσιν,
1298 1867 1486 1903 ἀναϐοώμενοι
1511 1868 1611 1895 αὐτίκα
1636 1868 1682 1895 καὶ
1705 1869 1735 1895 τὸ
1763 1869 1833 1901 Δόξα

1043 1915 1114 1941 κατὰ
1129 1914 1160 1940 τὸ
1174 1914 1301 1950 σύνηθες·
1325 1914 1387 1942 οὕτε
1405 1915 1433 1941 δὲ
1448 1914 1549 1942 ταυτὸν
1573 1916 1781 1950 ἀναντιρρήτως
1800 1918 1834 1952 τῇ

1043 1960 1174 1994 ἐκπλήξει
1191 1962 1206 1988 6
1231 1960 1324 1993 πόθος,
1353 1961 1416 1987 οὔτε
1439 1961 1630 1996 συμπάρεστιν
1651 1962 1681 1994 ἐξ
1708 1963 1836 1997 ἀνάγκης

1045 2007 1132 2034 ἅπασι
1149 2008 1205 2039 τοῖς
1226 2008 1315 2043 ὲκπλη
1322 2007 1461 2043 ττομένοις
1475 2008 1506 2034 τὸ
1520 2008 1567 2034 καὶ
1582 2008 1675 2034 ποῠεῖν
1688 2008 1782 2034 ἐκεῖνα
1800 2009 1837 2035 δι’

1045 2050 1265 2089 ὦνὴέκπληξις
1293 2053 1414 2088 γίνεται·
1440 2053 1535 2081 πολλοὶ
1564 2055 1620 2090 γὰρ
1649 2053 1837 2088 ἐκπλαγέντες

1047 2099 1140 2133 μόνον,
1155 2100 1311 2126 ἐπαύσαντο
1329 2099 1413 2135 μηδέν
1436 2108 1463 2126 τι
1488 2100 1669 2136 ποθήσαντες·
1685 2100 1744 2127 ἐστι
1761 2100 1792 2127 δὲ
1805 2096 1838 2128 οὗ

1044 2145 1092 2172 καὶ
1118 2146 1286 2180 μισήσαντες
1301 2145 1361 2172 λίαν
1387 2147 1469 2174 πάνυ.
1497 2146 1593 2180 Ἦμεῐς
1620 2146 1660 2178 δὲ,
1685 2147 1783 2182 φησὶν,
1814 2144 1838 2174 ὧ

1046 2191 1235 2225 παντάνασσα,
1252 2191 1300 2218 σὺν
1317 2192 1394 2227 πόθῳ
1408 2191 1558 2227 δοξάζομέν
1573 2201 1602 2219 σε
1614 2201 1621 2208 ·
1635 2192 1674 2224 ὡς
1689 2192 1736 2219 τοῦ
1749 2193 1839 2219 πόθου

1044 2239 1095 2273 τὴν
1121 2238 1254 2274 ἔκπληξιν
1285 2239 1505 2274 ἐκνικήσαντος,
1533 2239 1580 2266 καὶ
1607 2239 1841 2274 ἁντιισαχῢέντος

1044 2285 1160 2316 ἐκείνου,
1183 2284 1301 2318 μάλιστα
1320 2284 1370 2320 μὲν
1386 2282 1433 2311 οὖν
1446 2285 1495 2311 σὺν
1512 2286 1608 2320 ἐκείνῳ
1624 2285 1754 2320 μένοντος
1770 2287 1841 2321 παρ’

1044 2331 1112 2365 ἡμῖν
1131 2330 1178 2356 καὶ
1193 2329 1374 2364 συζυγοῦντος
1388 2330 1416 2356 ὲν
1429 2330 1467 2364 τῷ
1483 2331 1693 2362 συνδυάζεσθαι·
1709 2331 1769 2366 ἅμα
1783 2333 1841 2367 γὰρ

1046 2377 1094 2404 καὶ
1112 2377 1261 2411 ποθοῦμεν,
1279 2377 1327 2403 καὶ
1342 2377 1564 2412 ὲκπληττόμεθω
1582 2377 1623 2404 διὸ
1635 2378 1682 2404 καὶ
1697 2379 1747 2405 σὺν
1762 2379 1843 2412 πόθῳ

1048 2430 1078 2449 σε
1096 2422 1256 2457 δοξάζομεν·
1273 2424 1302 2449 ἐν
1327 2423 1434 2454 τούτοις
1459 2422 1488 2449 δὲ
1514 2422 1544 2449 16
1570 2422 1631 2449 ὅθεν
1655 2423 1844 2457 αἰτιολογικόν

1049 2469 1136 2501 ἐστιν,
1153 2469 1196 2494 ἶνα
1215 2470 1228 2495 6
1243 2468 1306 2499 νοῦς
1319 2468 1367 2496 τοῦ
1391 2469 1517 2504 πέμπτου
1536 2469 1620 2500 ἔπους
1637 2469 1680 2504 εἴη
1697 2469 1823 2501 τοιοῦτος
1834 2478 1842 2486 ·

1054 2512 1165 2548 Ἐπειδὴ
1189 2513 1282 2540 ἅπασα
1307 2513 1434 2548 ῥητορεία
1457 2513 1573 2548 ἡττᾶταί
1593 2522 1650 2546 σου,
1668 2511 1691 2540 ὦ
1718 2515 1845 2549 πάναγνε

1049 2559 1176 2593 Θεοτόκε,
1194 2561 1240 2586 καὶ¹
1265 2559 1328 2591 νοῦς
1342 2558 1370 2585 δὲ
1397 2561 1471 2591 ἅπας
1496 2559 1600 2594 ιλιγγιᾷ
1621 2561 1668 2587 τὸν
1690 2560 1779 2593 τόκον,
1796 2570 1847 2587 σου

1050 2608 1131 2638 νοεῖν,
1146 2607 1189 2633 διὰ
1201 2606 1281 2633 τοῦτο
1297 2607 1379 2641 ἡμεῖς
1391 2605 1540 2641 διιξάζομέν
1556 2614 1598 2639 σε,
1612 2607 1642 2633 οὗ
1658 2607 1849 2641 πολυλογὸῦν-

1050 2662 1106 2685 τες,
1133 2654 1180 2679 καὶ
1204 2653 1290 2685 οὕτως
1315 2653 1505 2688 ἐγχειροῦντες
1530 2654 1587 2684 τοῖς
1617 2652 1690 2688 ὑπὲρ
1713 2653 1850 2688 δύναμιν.

1051 2701 1119 2728 ἀλλὰ
1134 2701 1149 2736 ῆ
1166 2701 1231 2727 αὐτὸ
1245 2701 1324 2726 τοῦτο
1342 2699 1576 2734 αναφθεγγόμενοι
1601 2700 1645 2733 τὸ,
1670 2700 1741 2732 Δόξα
1759 2709 1816 2733 σοι,
1833 2701 1850 2735 ἢ

1052 2748 1116 2775 ἄλλο
1129 2757 1154 2774 τι
1170 2747 1298 2782 γεραρὸν,
1323 2747 1339 2781 ἤ
1358 2747 1425 2773 ἀλλὰ
1440 2746 1505 2773 αὐτὸ
1528 2746 1557 2773 16
1580 2747 1693 2782 Χαὶροις
1711 2746 1727 2783 ῆ
1746 2747 1851 2782 Χαῖρε,

1052 2797 1081 2822 τ’,
1096 2794 1242 2829 ἁγγελικὺν
1260 2795 1407 2830 προσφῶ-ίη
1413 2803 1460 2828 μα,
