1965 3115
154 213 202 243 737

543 207 581 238 1N
600 208 768 238 HYMNUM
789 205 1109 238 PENTECOSTALEM
1132 207 1358 240 DAMASCENI.

1721 211 1776 242 ’138

153 270 199 297 καὶ
216 267 406 302 παραῦλητέον
421 267 477 299 τοῖς
504 265 637 297 τοιούτοις
660 266 710 297 τὰς
734 265 934 299 ἀγαθωνύμους

992 264 1093 298 bus-[ue
1107 263 1302 291 conferendum
1324 268 1366 292 est
1381 264 1466 292 bonas
1491 265 1611 294 sinistra:
1641 266 1728 296 faunas
1753 272 1781 296 et

154 315 202 351 τὴν
220 314 383 350 ἀριστερὰν,
401 314 448 340 καὶ
470 314 519 348 τὴν
543 313 650 340 ἐκεῖθεν
678 312 828 346 εὐώνυμον.
849 311 936 338 ’οκνῶ

154 363 207 397 γὰρ
231 362 279 389 καὶ
306 360 429 395 ἑτεροίας
453 359 618 394 παραθεῖναι
645 359 745 392 λέξεις,
765 355 802 385 ὧν
815 357 935 392 τοῦνομα

155 409 204 443 μὲν
217 408 279 442 ἡδὺ,
302 407 333 433 τὸ
356 407 474 442 πρᾶγμα
490 405 602 439 πικρὸν,
619 405 666 431 καὶ
688 405 704 439 ἡ
724 404 870 439 προγραφὴ
886 404 936 438 μὲν

153 454 220 489 ζωὴ,
237 454 350 485 θάνατος
362 453 390 479 δὲ
410 454 444 479 τὰ
459 452 544 483 ἐντός·
562 448 600 477 ὧν
617 452 666 485 pl:
686 451 776 477 καὶτὸ
792 451 862 477 κατά
882 459 938 476 κοι-

155 500 199 534 νὴν
216 499 361 533 συνήθειαν
385 498 458 529 ἕλεος
474 497 521 524 τοῦ
546 497 613 523 Θεοῦ
637 496 714 531 παρὰ
737 497 792 526 τοῖς
817 495 934 526 πολλοῖς

153 546 177 572 οἳ
189 546 238 580 τὴν
249 545 343 572 θεόθεν
356 544 440 579 ὀργὴν
450 544 493 570 διὰ
506 543 637 578 χαλάζης,
650 543 698 569 καὶ
712 542 762 568 ὅσα
774 541 803 568 δὶ
815 542 936 572 τοιαῦτα,

153 591 221 618 Θεοῦ
236 599 321 625 φασιν
338 590 424 622 ἕλεος,
440 590 647 624 εὑέρημὸτερον⁸
663 588 751 615 οτδασι
764 587 792 614 δὲ
811 587 859 614 καὶ
872 587 937 621 τρά-

153 637 230 670 χηλοι
253 636 408 670 ἀνθρώπων
430 634 568 669 ὑγρότητα
583 634 783 668 πικραίνουσαι]
797 633 937 666 ἀλγήματι

153 682 224 708 κατά
236 690 262 707 τι
280 680 377 712 πάθος,
392 681 407 707 ὃ
425 680 539 707 καλοῦσι
558 680 656 714 γλυκύ·
680 679 726 706 καὶ
741 676 800 705 οῖδα
825 679 874 713 μὲν
889 679 938 711 τὴν

153 727 353 761 Σολομώντειον
373 727 470 760 σοφίαν
485 725 577 760 ἀγαθὰ
595 725 743 759 φέρουσαν,
759 724 827 751 ἀλλὰ
844 723 894 758 μὲν
908 724 938 749 έν

152 774 186 808 τῇ
211 773 287 808 δεξιᾷ
308 773 417 808 μεγάλα
443 773 545 806 ἐκεῖνα,
577 773 684 806 ἑτεροῖα
707 772 736 798 δέ
762 780 824 798 τινα
853 771 882 797 ὲν
903 772 936 806 τῇ

153 820 295 854 ἀριστερᾷ·
318 819 406 846 ὀκνῶν
432 819 461 846 δὲ
487 819 727 853 πολυπραγμονεῖν
746 818 792 843 ἐπὶ
816 817 897 844 πλέον
907 817 937 844 τὸ

153 863 273 890 τοιοῦτον
289 863 449 898 κεφάλαιον,
465 863 587 890 καθιστῶ
600 863 650 893 ἓως
668 860 719 889 ὦδε
742 863 773 888 τὺ
788 862 936 897 φιλοδέξιον

153 910 277 945 σκέμμα,
289 909 431 944 γινόμενος
445 909 499 936 τῶν
521 909 621 943 ἑφεξῆς
634 909 819 943 ἑορταστικών
836 907 935 942 μελῶν.

195 997 260 1024 σλδ¹.
282 997 338 1024 Καὶ
350 997 382 1032 δὴ
402 996 474 1031 λέγω
490 997 527 1028 ὡς
542 997 556 1024 ὁ
569 996 695 1031 κλισμὸς,
709 995 739 1022 ὃν
762 994 854 1029 θρόνον
869 995 942 1021 εἴπο-

156 1052 216 1078 μεν,
231 1044 271 1075 εις
293 1043 472 1077 ἁνάκλιντρον
494 1042 597 1076 μᾶλλον
612 1042 827 1076 κυριολεκτικῶς
852 1042 942 1076 ἑρμης

154 1090 274 1122 νεύεται,
299 1089 314 1116 ὃ
339 1089 445 1123 γίνεται
469 1089 501 1115 ἐκ
521 1088 569 1115 τοῦ
586 1088 751 1115 ἀνακλίνειν.
774 1088 804 1114 Εἰ
820 1088 849 1113 δὲ
864 1087 941 1121 γενό-

155 1143 235 1168 μενος
252 1135 266 1161 6
277 1135 402 1171 ¹κλισμὸς
418 1135 451 1161 ἐκ
464 1134 511 1161 τοῦ
529 1134 624 1166 κλινω,
640 1134 685 1161 διὰ
699 1134 746 1160 τοῦ
766 1143 782 1160 σ
800 1133 941 1168 προφέρε-

154 1188 211 1213 ται,
225 1181 337 1214 νοητέον
351 1180 388 1211 ὡς
412 1179 484 1206 οὕτω
510 1180 556 1206 καὶ
582 1180 615 1206 ὲκ
641 1179 689 1206 τοῦ
715 1179 822 1214 μολύνω
837 1179 940 1214 γίνεται

156 1226 305 1260 μολυσμός.
323 1226 395 1260 Ὅρα
408 1226 437 1252 δὲ
459 1226 501 1252 ὅτι
519 1226 664 1260 ἐπικρίνας
679 1225 694 1252 6
712 1225 831 1261 μελῳδὸς
853 1226 941 1252 εἰπεῖν

154 1273 185 1298 ὲν
202 1273 327 1306 καταρχῇ
342 1271 389 1298 τοῦ
410 1271 561 1307 τροπαρίου
582 1272 796 1306 ποιητικώτερον
821 1271 892 1298 ὓδειν
909 1271 941 1298 τὸ

155 1317 262 1351 ὑμνεῖν,
276 1317 373 1351 διέγνω
383 1318 481 1352 χρῆναι
494 1317 542 1344 καὶ
552 1316 635 1349 ἄλλας
649 1318 840 1352 παρασπεῐραι
853 1317 940 1349 λέξεις

154 1363 183 1388 ἐν
197 1362 273 1397 αὐτῷ
289 1362 445 1397 ποιητικάς·
460 1362 558 1389 οὐκοῦν
574 1363 699 1397 ἐπήγαγε
719 1363 841 1389 τοιοῦτον
853 1363 940 1397 ὄνομα

155 1408 254 1442 σεμνὸν
267 1408 317 1443 τὴν
331 1408 477 1442 φυσιζωον,
492 1409 537 1435 καὶ
553 1409 587 1436 τὰ
605 1408 705 1440 ἐνδινα,
729 1409 776 1435 καὶ
800 1409 829 1434 τὸ
843 1409 936 1435 ἁλθαί-

154 1462 220 1480 νειν.
244 1453 310 1480 Ἰδοὺ
335 1453 364 1481 δὲ
383 1454 430 1480 καὶ
454 1454 517 1484 τοὺς
535 1453 678 1488 κλισμούς·
696 1452 726 1480 εὖ
749 1453 828 1486 εἰδὼς
854 1454 937 1485 αὐτὸς

154 1501 228 1531 ὅπως
245 1500 381 1534 ἐνδέχεται
394 1499 607 1535 διαχειρίζεσθαι
619 1499 654 1527 τὰ
672 1500 773 1534 μελικὰ
786 1500 823 1530 ὡς
838 1502 938 1531 κοινοῖς

158 1547 206 1580 μὲν
219 1545 395 1582 ἀναπληροῦν
421 1548 455 1574 τὰ
473 1548 562 1579 κοινὰ,
581 1547 637 1578 τοῖς
653 1547 681 1574 δὲ
702 1547 740 1582 μὴ
758 1546 891 1577 τοιούτοις
907 1547 940 1573 τὰ

155 1592 309 1627 καθήκοντα
314 1612 320 1619 .

191 1680 255 1708 σλε’.
275 1681 427 1716 Ὶδρυμένος
445 1681 474 1707 δὲ
498 1682 546 1708 καὶ
567 1680 685 1707 ἐνταῦθα
701 1681 763 1707 ἀντὶ
778 1681 825 1707 τοῦ
847 1681 940 1713 ἁπλῶς

153 1726 327 1762 καθήμενος⁸
358 1726 405 1753 καὶ
428 1727 594 1762 μετήνεκται
614 1727 630 1761 ἡ
654 1725 727 1758 λέξις
749 1728 781 1753 ὲκ
804 1727 858 1753 τῶν
880 1728 940 1755 καθ’

153 1776 226 1810 ἡμᾶς
250 1775 290 1806 εις
305 1774 352 1800 τδν
369 1774 454 1801 Θεόν·
474 1773 663 1809 προσαχθεῐσα
681 1773 727 1800 ὑπ’
746 1774 851 1800 ἐκείνου
869 1775 940 1801 καθὰ

153 1820 200 1845 καὶ
228 1819 262 1845 τὰ
284 1818 351 1846 ἄλλα
372 1819 423 1845 ὅσα
438 1819 470 1845 ὲκ
494 1819 548 1845 τῶν
571 1818 716 1854 ἡμετέρων
743 1819 940 1854 προσήχθησαν

152 1865 227 1900 αὐτῷ
239 1873 247 1881 ·
266 1865 309 1891 ἴνα
333 1865 381 1891 καὶ
404 1865 530 1892 ἐντεῦθεν
547 1864 650 1899 ἠθικῶς
676 1864 868 1899 παιδευώμεθα
886 1865 940 1898 ἐξι-

151 1910 275 1936 διοῦσθαι
288 1910 334 1936 καὶ
350 1910 423 1945 ἡμᾶς
437 1911 471 1936 τὰ
485 1910 593 1936 ἐκείνου
606 1909 783 1944 θεομιμήτως
801 1909 848 1935 καὶ
864 1909 939 1944 φιλο-

153 1955 232 1988 οέως,
263 1955 390 1990 καθάπερ
420 1955 524 1987 ἐκεῖνος
556 1955 590 1982 τὰ
619 1955 766 1990 ὴμέτεραο
796 1956 883 1981 εἰπεῖν
911 1955 940 1982 δὲ

154 2001 254 2035 μᾶλλον
278 2001 413 2036 ἀκριϐῶς,
438 2001 519 2036 εἴπερ
542 2001 634 2028 ἄλλοθί
657 2009 709 2027 που
735 2000 796 2035 ιερὰ
818 2001 888 2033 λέξις
910 2002 940 2027 τὸ

154 2047 291 2082 ἱδρῦσθαι,
324 2047 395 2074 καθὰ
422 2048 470 2074 καὶ
498 2047 710 2082 προδεδήλωται,
742 2044 794 2074 ὦδε
823 2047 940 2081 μάλιστα

151 2093 264 2128 τοιαύτη
285 2092 344 2119 ἐστὶ
357 2093 418 2119 κατ’
433 2092 559 2119 ἐπίτασιν
575 2092 623 2118 ἐπὶ
637 2091 686 2117 τοῦ
705 2091 772 2118 Υἱοῦ
789 2091 836 2118 τοῦ
859 2091 946 2118 Θεοῦτ

151 2139 189 2165 Τὸ
202 2138 230 2165 δὲ
244 2138 291 2165 νῦν
308 2138 358 2164 οὐκ
380 2138 495 2173 ἀφετέον
522 2137 703 2173 συντετάχθαι
717 2137 757 2172 τῴ
783 2137 938 2173 ἱδρυμένος,

151 2185 221 2211 ἀλλὰ
239 2184 437 2220 μεθελκυστέον
449 2184 489 2215 εἰς
504 2183 534 2210 τὸ
552 2184 708 2219 πέπομφεν,
728 2184 770 2210 ἵνα
822 2185 862 2210 ὅτι
880 2183 938 2210 Νῦν

150 2231 296 2265 πέπομφεν
310 2231 324 2257 ὁ
338 2230 432 2265 Σωτὴρ
451 2229 571 2266 Χριστὸς
591 2229 642 2265 τὴν
657 2230 735 2265 χάριν
752 2229 799 2256 τοῦ
814 2229 939 2264 Πνεύμαο

989 310 1134 337 ιΙὶί-ιίοιιοιιι
1154 311 1252 338 exinde
1263 310 1415 345 εὐώνυμον.
1433 312 1535 339 Omitto
1563 312 1635 340 enim
1666 319 1779 343 creterris

988 362 1146 390 comparare
1161 355 1303 387 dictiones,
1321 363 1437 389 quarum
1469 364 1567 384 nomen
1598 362 1639 385 est
1669 359 1778 394 quidem

988 401 1076 432 dulce,
1104 409 1146 428 res
1162 405 1252 428 autem
1285 409 1389 434 amara,
1417 406 1445 429 et
1471 410 1644 437 programma
1668 405 1778 438 quidem

987 448 1051 479 vita,
1069 455 1142 474 man
1157 452 1246 474 autem
1267 447 1398 474 interiora
1417 456 1423 474 :
1440 455 1559 482 quarum
1584 456 1636 476 una
1669 451 1778 484 quidem

987 493 1113 527 estjnxta
1129 500 1303 520 communem
1320 500 1423 520 morem
1443 493 1489 520 Dei
1507 493 1693 521 misericordia
1705 495 1776 528 apud

989 539 1100 570 multos,
1115 540 1161 573 qui
1177 538 1297 564 divinam
1314 539 1382 565 iram
1401 538 1426 565 in
1442 539 1588 573 grandine,
1602 544 1628 566 et
1657 548 1783 574 quatenu-

989 588 1146 618 quecaatcra
1160 584 1329 618 hujusmodi,
1341 584 1387 611 Dei
1399 585 1614 612 inisericordiam
1625 587 1665 620 pie
1676 587 1781 614 dicunt.

991 629 1192 657 Sciuntautem
1209 631 1290 656 etiam
1320 630 1461 657 hominum
1489 632 1559 658 colla
1593 632 1783 660 humiditatem

988 683 1153 710 exasperare
1167 676 1276 704 dolores
1292 677 1326 703 ad
1339 676 1485 711 quamdam
1500 677 1646 705 attinentes
1677 678 1782 712 passio-

989 729 1061 752 nem,
1077 729 1158 756 quam
1177 722 1284 749 dulcem
1301 727 1412 749 vocant.
1434 722 1500 750 Scio
1514 731 1624 758 quoque
1655 723 1780 752 Salomo-

986 775 1032 794 nis
1047 768 1207 802 sapientiam
1226 769 1298 795 bona
1319 769 1459 801 ferentem,
1483 769 1530 796 sed
1552 770 1603 796 aha
1622 770 1731 805 quidem
1754 771 1783 798 in

989 813 1099 840 dI-xtera
1118 822 1226 849 magna,
1243 815 1349 841 diversa
1362 823 1426 841 vero
1448 816 1573 849 quaedam
1599 818 1625 843 in
1656 817 1780 844 sinistra.

989 858 1089 886 Nolens
1103 865 1192 886 autent
1211 860 1368 894 lmjnsmodi
1395 865 1477 895 caput
1502 861 1605 888 diutius
1626 862 1799 899 exploraret

990 905 1132 939 hucusque
1148 906 1217 932 sisto
1233 907 1352 933 dexterae
1378 908 1492 934 aulicam
1515 908 1730 942 inquisitionem,
1755 914 1783 936 et

955 937 976 969 Β
992 951 1024 977 ad
1034 957 1180 985 sequentes
1192 951 1348 978 festivitatis
1366 953 1498 979 ntelodias
1510 953 1602 980 redeo.

1028 996 1091 1023 254.
1112 996 1172 1023 Jan)
1190 1004 1253 1023 vero
1271 997 1331 1024 dico
1343 998 1414 1032 quod
1433 999 1446 1024 ὸ
1463 997 1587 1032 κλισμὸς,
1612 1006 1691 1032 quem
1709 1000 1784 1027 tluo-

993 1050 1057 1069 num
1072 1042 1202 1074 diximus,
1221 1044 1246 1069 in
1261 1043 1437 1078 ἁνάκλιντρον
1448 1045 1549 1079 (torum
1566 1044 1784 1076 reclinatorium)

992 1087 1078 1120 magis
1099 1088 1208 1121 proprie
1222 1088 1378 1121 exponitur,
1402 1090 1471 1122 quot
1490 1089 1562 1115 venit
1579 1096 1595 1116 ει
1619 1089 1698 1116 verbo
1716 1098 1782 1115 ανα-

993 1131 1107 1159 κλίνειν.
1130 1132 1158 1159 Si
1177 1140 1241 1158 vero
1257 1133 1367 1160 vcnicns
1380 1134 1393 1158 ὁ
1409 1133 1522 1167 κλισμὸς
1551 1141 1564 1159 a
1592 1136 1674 1160 verbo
1691 1134 1783 1164 κλινω,

994 1185 1057 1206 cum
1077 1186 1093 1203 σ
1119 1178 1270 1212 profertur,
1296 1179 1468 1212 cogitandum
1496 1184 1536 1206 est
1563 1179 1635 1213 quod
1660 1180 1787 1207 similiter

991 1231 1025 1251 ex
1042 1223 1151 1258 μολύνω
1166 1225 1195 1250 lit
1212 1224 1362 1258 μολυσμὸς.
1386 1224 1451 1251 Vide
1465 1228 1556 1251 autent
1572 1224 1656 1258 quod,
1674 1226 1696 1251 si
1730 1234 1786 1252 nte-

991 1269 1070 1296 lodus
1086 1268 1112 1295 in
1129 1269 1208 1303 initio
1221 1270 1340 1304 strophae
1359 1269 1446 1304 magis
1469 1270 1575 1303 poetice
1600 1270 1692 1296 dicere
1711 1270 1784 1296 ὓδειν

991 1316 1102 1343 verbum
1137 1317 1244 1351 ὑμνεῖν,
1270 1316 1375 1351 selegit,
1404 1317 1471 1343 scite
1500 1316 1633 1351 judicavit
1657 1322 1786 1350 oportere

991 1370 1100 1396 queque
1112 1362 1180 1389 alias
1191 1362 1324 1389 dictiones
1339 1362 1365 1388 in
1383 1369 1414 1389 ea
1426 1370 1553 1396 spargere
1569 1363 1690 1396 poeticas
1705 1371 1711 1389 ε
1724 1363 1785 1390 ideo

992 1408 1142 1435 introduxit
1159 1407 1313 1441 hujusmodi
1335 1409 1519 1435 venerandum
1536 1416 1636 1434 nomen
1653 1409 1702 1442 τὴν
1733 1418 1784 1442 φυ-

992 1454 1100 1485 σιζωον,
1113 1458 1142 1480 et
1158 1453 1194 1479 τὰ
1209 1453 1307 1485 ένδινα,
1327 1457 1353 1480 et
1371 1453 1401 1479 τὸ
1429 1453 1567 1480 ἁλθαίνειν
1584 1473 1592 1485 ,
1625 1461 1729 1481 necnon
1757 1458 1785 1481 et

990 1499 1053 1531 τοὺς
1083 1499 1248 1534 κλισμούς,·
1266 1501 1335 1527 bene
1363 1501 1452 1527 sciens
1477 1500 1614 1534 quomodo
1639 1501 1784 1527 conveniat

990 1545 1182 1573 administrare
1200 1546 1317 1578 meloda,
1343 1550 1374 1573 ut
1386 1546 1579 1573 communibus
1592 1546 1701 1580 quidem
1733 1545 1784 1572 im-

953 1609 974 1637 α
991 1590 1116 1625 pleautur
1127 1590 1293 1623 communia,
1309 1598 1362 1618 non
1378 1595 1469 1618 autem
1483 1591 1579 1618 talibus
1591 1599 1652 1625 quae
1674 1592 1780 1619 diversa

991 1636 1145 1670 requirunt.

1026 1682 1089 1709 255.
1120 1681 1275 1717 Ὶδρυμὲνος
1294 1687 1384 1709 autem
1406 1682 1451 1710 hic
1473 1683 1591 1710 sumitur
1605 1690 1656 1717 pro
1679 1683 1782 1718 simpli-

990 1727 1058 1754 citer
1071 1727 1194 1754 sedente.
1210 1727 1388 1754 Transfertur
1404 1731 1494 1753 autent
1518 1727 1603 1754 dictio
1629 1734 1662 1754 ex
1680 1729 1783 1755 nostris

990 1775 1023 1802 ad
1040 1774 1134 1806 Deum,
1151 1774 1270 1802 admissa
1283 1774 1316 1800 ab
1332 1774 1389 1805 illo,
1406 1774 1478 1801 sicut
1490 1777 1518 1801 ct
1543 1773 1596 1800 alia
1612 1781 1784 1808 quaecunque

990 1828 1024 1848 ex
1040 1819 1143 1847 nostris
1158 1820 1207 1854 ipsi
1224 1820 1412 1854 applicantur;
1433 1823 1461 1846 ut
1477 1820 1576 1845 cvinde
1593 1827 1702 1853 quoque
1723 1828 1782 1846 mo-

991 1864 1085 1892 raliter
1099 1864 1240 1891 discamus
1255 1865 1335 1891 nobis
1359 1865 1536 1899 appropriare
1552 1871 1612 1898 quae
1627 1872 1691 1891 sunt
1707 1865 1780 1891 illius

990 1918 1038 1945 per
1056 1911 1236 1938 imitationem
1256 1919 1288 1938 ac
1305 1911 1446 1945 pietatem,
1465 1911 1536 1938 sicut
1558 1911 1601 1938 ide
1619 1916 1711 1938 nostra
1728 1912 1780 1939 sibi

990 1955 1098 1990 propria
1117 1955 1188 1982 t‘acit.
1209 1955 1253 1995 _Ut
1265 1961 1356 1983 autem
1379 1957 1536 1983 accuratius
1550 1956 1658 1990 loquar,
1675 1957 1698 1983 si
1714 1964 1781 1990 quo-

991 2002 1061 2036 piam
1077 2002 1141 2028 alibi
1161 2010 1237 2028 sacra
1257 2002 1341 2028 dictio
1366 2006 1408 2028 est
1432 2002 1463 2028 τὸ
1488 2001 1622 2036 ἱδρύσθαι,
1648 2008 1684 2028 ιιιι
1716 2010 1782 2035 pr:t:~

990 2052 1168 2075 monstratum
1184 2052 1236 2079 cst,
1256 2048 1300 2074 hic
1323 2048 1442 2075 maxime
1461 2056 1524 2075 cum
1549 2048 1702 2075 intentione
1718 2049 1783 2075 ιειιιεη

989 2098 1031 2121 est
1055 2101 1120 2127 erga
1148 2093 1193 2120 Dei
1221 2093 1334 2120 Filium.
1351 2093 1518 2121 Adverbium
1547 2097 1636 2120 autem
1657 2093 1703 2120 νῦν
1728 2101 1784 2124 non.

989 2140 1133 2167 sinendum
1153 2144 1196 2167 est
1223 2139 1343 2167 ordinari
1371 2147 1434 2166 cum
1459 2140 1542 2166 verbo
1568 2140 1722 2174 ἱδρυμένος,
1733 2141 1782 2168 sed

990 2185 1208 2214 transferendum
1231 2185 1265 2213 ad
1287 2186 1319 2211 τὺ
1346 2186 1507 2219 πέπο;.ιφεν;
1534 2189 1562 2211 ιιι
1588 2193 1688 2212 sensus
1710 2186 1746 2212 sit
1774 2194 1780 2213 :

988 2232 1066 2260 Nunc
1085 2231 1289 2267 misitSpiritus
1299 2232 1415 2266 gratiam
1433 2230 1559 2258 Salvator
1572 2231 1708 2264 Christus,
1728 2240 1785 2258 non

150 2283 207 2307 τος,
220 2276 271 2302 οὐκ
282 2275 390 2307 ιδιάζων
402 2276 496 2310 χωρὶς,
509 2274 577 2302 ἀλλὰ
591 2274 774 2308 συνεδριάζων
783 2274 820 2309 τῷ
832 2274 919 2309 Πατρί
930 2282 937 2290 ο

992 2279 1136 2313 separatim
1169 2285 1273 2313 agens,
1302 2278 1349 2305 sed
1379 2277 1526 2304 considens
1551 2277 1635 2304 Patri.
1664 2276 1783 2304 Prorsus

151 2320 260 2351 πάντως
271 2320 299 2346 δὲ
311 2321 358 2347 νῦν
374 2321 497 2355 πέμψας,
512 2321 556 2347 ὅτε
570 2321 618 2347 καὶ
633 2320 812 2359 ἑορτάζομεν,
824 2320 871 2345 καὶ
887 2320 940 2354 πρὸ

150 2366 247 2393 τούτου
271 2367 315 2392 ἀεὶ
332 2366 464 2396 ὡσαύτως
483 2366 593 2401 ἔπεμπε
617 2366 667 2400 τὴν
681 2366 765 2400 αὐτὴν
787 2365 867 2400 χάριν
882 2365 940 2396 τοῖς

150 2411 239 2443 ἀξίοις
256 2411 341 2445 αὐτῆς
355 2419 361 2426 ·
385 2412 433 2437 καὶ
449 2410 510 2437 οὐδὲ
533 2412 572 2442 εἰς
589 2411 619 2437 τὸ
636 2410 700 2445 ἑξῆς
721 2409 857 2436 παύσεται
873 2417 939 2435 ποτε

149 2457 222 2484 οὓτω
246 2457 341 2490 ποιῶν,
359 2457 403 2483 ἴνα
425 2457 609 2492 προσαρμόσει
627 2457 673 2482 καὶ
693 2457 726 2490 τῇ
750 2455 864 2492 τοιαύτῃ
879 2454 940 2490 θείᾳ

149 2503 240 2538 δωρεᾷ
253 2503 283 2530 τὺ
294 2503 354 2535 νῦν,
368 2505 413 2529 καὶ
428 2503 481 2534 ἀεὶ,
495 2503 543 2529 καὶ
557 2503 596 2533 εις
609 2502 672 2532 τοὺς
688 2491 799 2532 αξῶναςί

186 2547 257 2580 σλς’.
280 2549 316 2574 To
340 2549 367 2574 δὲ
396 2549 524 2583 πέπομφε
552 2547 715 2582 χαρακτῆρα
743 2547 800 2582 ἔχει
829 2547 940 2574 διπλοῦν

148 2594 288 2628 ὀριστικοῦ
308 2596 522 2629 παρακειμένου,
536 2593 716 2628 ἐνεργητικοῦ
732 2602 762 2619 τε
779 2593 879 2628 δηλαδὴ
894 2593 939 2619 καὶ

152 2641 236 2674 μέσου
246 2647 253 2654 '
268 2639 445 2674 ἐνεργητικοΰ
467 2640 516 2674 μὲν
535 2640 578 2666 διὰ
592 2639 622 2665 τὸ
638 2640 668 2672 φῖ
682 2639 712 2664 τὸ
727 2639 758 2664 ὲκ
776 2638 822 2664 τοῦ
839 2639 940 2672 πέμπω

149 2686 263 2720 πέμψω.
278 2686 307 2712 El
322 2687 386 2721 γαρ,
400 2687 492 2720 φασὶν,
507 2687 522 2712 ὁ
535 2685 641 2720 μέλλων
653 2685 698 2711 διὰ
709 2684 757 2711 τοῦ
770 2685 810 2719 ψῖ,
823 2685 836 2710 ὁ
852 2693 940 2720 παρα-

149 2732 275 2765 κείμενος
290 2732 334 2758 διὰ
348 2733 393 2758 τοῦ
409 2733 438 2765 φῖ
451 2738 458 2744 ·
477 2733 559 2766 μέσον
573 2731 601 2758 δὲ
613 2731 658 2757 διὰ
674 2731 703 2756 τὸ
718 2733 740 2756 ο’
754 2731 784 2756 τὸ
800 2730 907 2765 μικρὸν,
918 2727 940 2765 ᾧ

151 2777 343 2812 παραλήγεται
356 2778 436 2812 μέσος
449 2777 652 2813 παρακείμενος
667 2786 680 2804 ο
694 2776 765 2811 ἔχων
781 2776 939 2803 δισύλλαὸον

152 2825 284 2859 μέλλοντα
296 2823 525 2859 παραληγόμενον
536 2823 576 2856 τῷ
586 2831 600 2848 ε
609 2830 616 2837 ⁸
632 2823 656 2848 εἰ
669 2822 721 2856 γὰρ
736 2823 764 2847 ἐν
776 2821 938 2855 δισυλλάϐῳ,

150 2876 228 2907 φασ,
255 2872 380 2906 μέλλοντι
404 2872 434 2897 τὸ
455 2880 468 2898 ε
495 2870 604 2906 εὑρεθῇ,
627 2870 668 2901 εἰς
695 2878 709 2895 ο
733 2869 798 2896 αὐτὸ
815 2870 939 2903 τρέπειό

151 2919 233 2954 μέσος
250 2918 484 2954 ,παρακείμενοςι
511 2916 566 2944 οἷον
593 2915 687 2951 σπερῶ
715 2915 837 2950 ἕσπορα·
868 2916 938 2942 κατὰ

994 2329 1083 2350 autem
1100 2331 1183 2355 nunc,
1202 2323 1312 2358 quando
1326 2323 1426 2350 festum
1442 2322 1560 2357 agimus,
1579 2323 1663 2350 missa
1683 2324 1782 2357 gratia,

993 2376 1101 2403 semper
1130 2369 1212 2396 etiam
1244 2373 1322 2395 antea
1353 2368 1480 2396 similiter
1509 2367 1633 2394 eamdem
1667 2369 1785 2403 gratiam

993 2414 1163 2442 merentibus
1195 2415 1288 2447 misit;
1323 2422 1372 2442 nec
1411 2414 1438 2441 in
1471 2413 1594 2441 futurum
1631 2413 1671 2440 sic
1698 2421 1783 2447 agens

994 2467 1114 2494 unquam
1138 2459 1266 2493 cessabit,
1288 2464 1317 2486 ut
1341 2459 1498 2494 huiusmodi
1523 2459 1622 2486 divinae
1644 2460 1784 2495 largitioni

991 2506 1140 2534 conveniat
1154 2513 1225 2533 nunc
1239 2511 1265 2533 et
1279 2513 1387 2541 semper
1402 2510 1428 2534 et
1439 2505 1465 2533 in
1481 2506 1590 2533 saecula.

1028 2551 1092 2578 256.
1119 2550 1239 2578 Verbum
1265 2556 1357 2579 autem
1383 2551 1513 2586 πέπομφε
1537 2551 1676 2586 duplicem
1701 2551 1786 2581 habet

994 2598 1180 2625 characterem
1202 2597 1341 2625 indicativi
1367 2597 1496 2632 perfecti;
1526 2598 1608 2625 activi
1631 2598 1735 2626 scilicet
1756 2604 1784 2625 et

993 2642 1074 2669 medii
1093 2650 1100 2668 :
1115 2641 1194 2669 activi
1212 2642 1321 2676 quidem
1346 2649 1395 2677 per
1411 2641 1442 2668 τὺ
1459 2643 1499 2676 φῖ,
1519 2642 1591 2676 quod
1613 2646 1654 2670 est
1669 2650 1684 2669 e
1700 2642 1785 2669 verba

995 2689 1096 2722 πέμπω
1126 2687 1244 2722 πέμψιος
1266 2688 1288 2715 si
1311 2688 1395 2724 enim,
1420 2687 1559 2721 inquiuntI
1580 2687 1700 2715 futurum
1725 2687 1782 2714 lor-

994 2741 1082 2763 matur
1098 2743 1146 2770 per
1162 2734 1203 2769 ψῖ,
1218 2734 1366 2769 perfectum
1383 2742 1430 2769 per
1445 2737 1493 2768 ei;
1512 2734 1593 2761 medii
1610 2741 1683 2766 vero,
1708 2741 1756 2767 per
1768 2741 1782 2759 ο

991 2781 1084 2812 breve,
1100 2780 1172 2815 quod
1197 2780 1223 2807 iu
1245 2780 1393 2814 penultima
1410 2785 1484 2808 tenet
1499 2780 1615 2807 taedium
1630 2779 1781 2813 perlectum

993 2825 1097 2853 habens
1113 2824 1274 2859 disyllabum
1303 2825 1425 2852 futurum
1447 2833 1508 2852 cum
1531 2824 1678 2858 penultima
1693 2832 1730 2849 ει
1756 2824 1781 2852 si

992 2870 1077 2902 enim,
1099 2870 1187 2903 aiunt,
1207 2870 1234 2897 in
1262 2871 1397 2905 disyllabo
1417 2869 1508 2897 futuro
1524 2870 1611 2896 littera
1637 2877 1650 2894 ε
1670 2869 1780 2896 iuventa

992 2916 1085 2951 fuerit.
1100 2917 1185 2952 ipsam
1202 2917 1230 2944 in
1245 2925 1259 2942 ο
1281 2921 1367 2944 vertet
1382 2915 1500 2943 medium
1515 2914 1683 2950 perlectum;
1697 2914 1781 2942 veluti
