1965 3115
238 202 403 240 cognit‘nnis
418 200 567 230 ﬂammam,
589 199 617 222 ut
631 193 677 220 Dci
701 192 801 228 angeli.
822 189 1027 221 accedentibus,
1045 198 1066 225 Α

237 249 427 279 convenientia
439 253 504 274 sane
527 242 717 271 concinerent.
741 239 792 266 etsi
818 238 1029 265 circumstantes

237 297 340 326 ethnici
355 295 425 322 male
435 289 697 326 comprehenderent
721 285 783 312 illos
801 288 827 311 et
841 283 934 317 aliquo
948 281 1029 308 modo

238 342 387 370 secundum
403 339 464 366 illos
477 344 492 363 e
508 335 598 362 medio
610 332 681 367 ignis
696 330 780 358 Deum
796 327 988 356 benedicentes
998 333 1030 352 ac

237 386 346 422 hymnis
369 383 538 411 crlcbrantes
560 383 588 406 et
609 376 738 412 populum
762 373 961 401 idololatricum
978 370 1030 397 cir-

237 434 422 459 cumstantem
433 425 694 460 obstupefacictttes,
707 428 802 449 sacros
815 426 926 454 pueros.
940 421 967 444 et
978 415 1029 450 ipsi

237 481 360 514 agerent.
372 475 429 503 Non
445 475 525 510 igitur
535 470 658 499 absimile
671 476 721 496 nec
732 467 845 495 dubium
856 463 948 500 specie
963 462 1031 490 luci-

238 525 368 554 dissimos
379 522 460 549 etiam
470 518 608 555 apostolos
620 516 716 548 fuisse,
727 522 790 543 cum
800 513 851 540 sub
861 511 931 546 ignis
941 509 1032 543 specie

240 572 356 607 desuper
372 570 425 596 illis
444 567 517 595 venit
536 565 656 600 Spiritus
669 560 845 590 illutninatio,
865 562 895 585 ut
907 555 1030 584 interiori

240 618 342 646 lumine
355 617 444 644 lumen
457 615 539 641 etiam
551 612 641 639 vultus
653 609 786 637 baberent
796 616 803 639 ;
815 606 915 639 illaque
930 603 980 630 tria
996 609 1029 628 ex

239 665 342 694 αιτιοι-ο
351 663 474 690 luccrent
485 657 676 694 lpsislttmina,
686 661 771 683 unum
781 652 891 687 quidem
902 658 933 677 ex
945 648 1032 683 igneis

243 710 356 744 linguis,
368 708 441 736 aliud
453 706 591 733 inhazrens
607 702 737 734 menti,et
750 699 861 727 tertium
883 695 956 731 quod
967 695 1032 728 ipsis

241 741 339 784 faciem
362 753 395 782 ad
415 751 527 788 gloriam
548 754 648 777 sancta?
669 744 814 774 Trinitatis
841 741 1033 778 splendescere

243 801 317 828 ferit.

278 847 341 873 ΞΠ.
357 845 411 872 lloc
427 849 517 871 autem
534 842 570 869 ita
584 848 645 868 cum
658 838 703 872 sit,
715 841 808 874 potest
836 835 935 870 aliquis
959 835 1032 860 locu-

246 895 369 922 tionem:
399 892 557 917 «Extranea
597 883 859 916 convenientissima
883 879 1032 908 mutatione
1049 875 1070 902 Β

247 941 325 976 ipsos
340 936 518 968 commutari,
531 944 541 961 ι
560 933 593 961 ad
611 931 769 967 hujusmodi
802 927 975 964 splendorem
1005 932 1037 951 ac

247 987 464 1023 fulgurationem
480 984 585 1011 urbane
601 980 715 1014 referre,
735 979 881 1011 dicereque
914 973 987 1010 quod
999 972 1036 1000 ibi

245 1017 324 1063 sacer
349 1037 427 1069 poeta
456 1029 553 1058 alludit
576 1028 610 1056 ad
625 1031 741 1054 veterem
758 1024 830 1059 apud
847 1023 957 1050 Grmms
976 1017 1037 1046 vul-

248 1087 293 1110 tus
323 1078 556 1108 immutationem,
581 1081 643 1109 quae
677 1069 888 1106 superveniebat
921 1065 1038 1093 hcroirze

248 1134 383 1164 personae,
399 1126 433 1152 de
451 1131 505 1159 qua
536 1122 637 1149 factum
670 1123 712 1146 est
740 1116 810 1144 istud
826 1124 834 1142 :
851 1114 930 1141 Alius
958 1110 1036 1142 mihi,

250 1171 406 1209 peregrine,
424 1175 521 1196 recens
534 1166 578 1194 vel
595 1169 676 1192 antea
696 1162 774 1190 visus
783 1168 824 1188 es.
851 1158 954 1186 Dicitur
964 1157 1038 1184 enim

251 1225 317 1247 tunc
333 1217 414 1244 heros
429 1215 470 1242 vir
491 1219 518 1242 et
531 1211 642 1246 reliquis
656 1209 779 1244 corporis
792 1211 819 1234 et
835 1205 904 1233 facie
919 1207 1040 1231 recenter

251 1266 338 1293 fuisse
354 1268 488 1291 mutatus.
506 1260 571 1286 Erat
585 1258 667 1285 etiam
680 1256 754 1283 illius
769 1259 898 1281 extranea
911 1250 1039 1283 mutatio,

251 1318 306 1339 non
323 1309 432 1345 quidem
467 1306 639 1341 aliquatenus
663 1300 841 1332 conveniens,
865 1297 913 1325 sed
928 1300 1041 1330 aspectu

253 1355 488 1385 deformissimum
518 1353 595 1380 illum
619 1350 814 1378 demonstrans
847 1351 915 1380 ruga
945 1349 1042 1376 nempe

255 1401 446 1431 circumdabat
460 1407 534 1431 eum.
554 1403 581 1425 et
595 1397 673 1431 pellis
691 1395 764 1422 sicut
783 1393 888 1428 lignum
918 1390 1041 1418 arefacta

254 1453 325 1483 erat.
339 1454 366 1477 et
378 1447 450 1476 oculi
466 1446 661 1481 caligaverant,
688 1440 829 1476 nisipejus
851 1437 941 1465 adhuc
970 1439 1042 1464 esset

255 1497 314 1524 base
329 1493 456 1522 mutatio.

290 1541 355 1569 248.
371 1539 421 1567 Hic
434 1542 525 1566 autem
551 1535 643 1562 dicere
657 1535 752 1568 posset
761 1534 842 1566 poeta
866 1527 950 1564 quod.
977 1527 1043 1554 dex~
1057 1543 1079 1572 ο

257 1592 315 1615 tera
325 1586 371 1612 Dei
382 1587 505 1612 mutante
514 1580 661 1616 apostolos.
671 1579 711 1606 sic
721 1576 817 1604 mutati
827 1579 891 1602 sunt
900 1579 930 1602 ut
938 1573 1043 1600 alienus

258 1637 330 1660 esset
344 1632 384 1659 eis
397 1631 467 1658 sicut
484 1633 511 1656 et
527 1625 690 1655 euilibetalii
705 1629 829 1658 personae
840 1621 984 1655 fulgurans
995 1619 1045 1644 iste

259 1677 400 1714 splendor,
416 1676 463 1703 sed
476 1671 770 1702 convenientissimus,
783 1672 877 1703 utpote
890 1666 1008 1693 blandus
1018 1666 1046 1690 et

260 1724 384 1753 alliciens
405 1722 492 1756 ipsum
507 1718 688 1747 intendentes.
703 1714 763 1742 Non
777 1714 862 1744 enim,
878 1717 907 1739 ut
933 1710 959 1738 in
974 1708 1046 1736 Tha-

259 1772 320 1802 bor.
333 1769 438 1797 lumine
449 1774 531 1802 super
545 1765 630 1792 solem
642 1765 817 1792 coruscante,
827 1759 910 1786 veluti
927 1756 1046 1791 fulgure,

261 1815 486 1853 percellebautur.
497 1812 543 1839 sed
561 1806 867 1842 sicultunclinguarum
886 1803 956 1837 ignis
969 1808 1048 1829 urcre

261 1870 317 1890 non
333 1860 450 1891 valebat,
461 1858 502 1886 sic
512 1864 563 1884 nec
574 1855 672 1883 exinde
689 1854 780 1881 lumen
793 1856 930 1879 excaecare
940 1849 1049 1875 intuen-

261 1913 302 1937 tes
322 1908 372 1936 :in
386 1906 487 1934 bonum
501 1904 573 1930 enim
590 1903 647 1929 haec
675 1900 703 1927 in
730 1898 880 1926 festivitate
902 1895 974 1922 facta
1007 1897 1049 1922 est

262 1954 390 1986 mutatio,
409 1959 462 1980 non
476 1955 567 1978 autem
583 1948 616 1976 ad
628 1946 780 1974 ltedendum
799 1951 888 1979 neque
899 1942 1049 1976 discipulos

262 2010 312 2030 nec
325 2000 408 2027 alium
424 2002 603 2033 quemquam.
617 1994 650 2021 Et
667 1993 703 2020 ita
719 1991 829 2026 quidem
844 1990 872 2016 in
893 1988 1048 2023 exemplum

263 2046 394 2084 apostolis
410 2052 457 2080 per
469 2041 689 2071 recordationem
702 2038 828 2067 adductis
843 2037 952 2071 sapiens
966 2035 1051 2062 melo-

263 2096 316 2122 dus
327 2093 448 2120 Joannes
463 2090 534 2117 hunc
546 2087 718 2123 splendorem
736 2085 763 2112 in
796 2091 846 2111 nos
871 2081 1050 2116 spiritualiter

264 2139 403 2167 declinare
413 2136 472 2164 vult
486 2143 533 2171 per
545 2138 646 2162 rectam
661 2135 762 2160 sanctae
776 2129 920 2157 Trinitatis
955 2127 1052 2154 adora-

263 2187 378 2219 tionem.

629 138 839 169 EUSTATIHI
853 137 904 166 ΤΗ
911 130 1207 164 ESSALONICENSI
1214 130 1233 159 S
1250 130 1277 159 M
1284 126 1534 159 ETROPOLIT/E

1821 117 1880 150 ’148

1082 185 1219 220 γλώσσης,
1234 184 1281 210 καὶ
1298 183 1370 209 οὕτω
1396 181 1524 215 γνώσεως
1537 179 1655 215 πραεῖαν
1672 176 1759 212 φλόγα
1786 175 1878 209 spiru—

1084 232 1228 269 ρευούσαις
1247 230 1284 260 ὡς
1301 229 1369 255 Θεοῦ
1383 227 1521 261 ἀγγέλοις,
1538 225 1657 260 ἔμελπον
1673 223 1707 250 ἂν
1720 222 1754 248 τὰ
1766 220 1877 251 εἰκότα,

1083 281 1134 307 κᾶν
1146 280 1170 306 οἱ
1185 276 1369 313 περιεστῶτες
1388 274 1491 301 ἐθνικοὶ
1505 271 1657 308 παρενόουν
1686 267 1786 298 αὐτούς
1797 275 1806 282 ·
1826 265 1878 293 και

1083 335 1142 357 πως
1158 324 1229 351 κατὰ
1253 323 1317 354 τοὺς
1344 322 1376 348 ὲκ
1404 319 1502 355 φλογὸς
1531 317 1618 353 μέσης
1642 316 1688 344 τὸν
1714 314 1781 341 Θεὸν
1798 313 1878 339 εὐλο-

1084 369 1200 404 γοῦντας
1218 368 1264 395 καὶ¹
1280 366 1433 401 ὑμνοῦντας
1453 364 1547 397 ἁγίους
1562 362 1660 393 παῖδας
1674 360 1807 390 ἐκείνους,
1825 358 1878 384 καὶ

1083 417 1129 442 τον
1162 415 1244 450 πέριξ
1269 413 1335 440 λαδν
1358 412 1404 438 τὸν
1430 410 1630 443 εἰδωλολάτρην
1655 407 1875 440 ἑχτιλήττοντας.

1082 448 1246 487 διετέθειντο
1261 460 1309 485 καὶ
1336 455 1432 488 αὺτοῖς
1448 454 1555 481 υῦκουν
1569 452 1685 483 ἀπεικὸς
1709 450 1769 478 οὐδὲ
1786 448 1876 483 ἀμφί-

1082 507 1179 532 λεκτον
1193 503 1405 538 λαμπροτάτους
1434 498 1568 527 εἶναικαὶ
1596 499 1646 533 τὴν
1678 496 1788 532 μορφὴν
1807 494 1875 524 τοὺς

1083 552 1249 582 ἀποστόλους
1265 551 1309 576 ὅτε
1329 547 1535 583 πυρσομόρφως
1556 545 1649 576 αὐτοῖς
1664 542 1747 579 ἦλθεν
1764 543 1781 576 ἡ
1801 542 1877 568 ἄνω-

1083 599 1128 625 θεν
1139 598 1186 624 τοῦ
1210 596 1368 630 Πνεύματος
1393 593 1538 627 ἔλλαμψις,
1560 592 1605 618 ἴνα
1632 591 1704 625 φωτὶ
1726 589 1766 624 τῷ
1793 587 1874 617 ἐντὸς

1085 645 1142 679 φῶς
1158 644 1246 679 ἔχοιεν
1264 643 1312 669 καὶ
1326 640 1522 676 προσωπικόν’
1540 639 1587 665 καὶ
1611 637 1677 673 τρία
1691 635 1779 663 ταῦτα
1795 634 1878 668 φῶτα

1083 689 1252 725 ἐναιθριὰζοι
1270 688 1361 718 αὐτοῖς
1377 687 1407 713 τδ
1419 687 1451 712 ὲκ
1462 685 1516 712 τῶν
1535 683 1658 719 πυρίνων
1671 681 1814 716 γλωσσῶν.
1827 679 1878 706 καὶ

1083 738 1112 764 τὸ
1131 735 1202 762 κατὰ
1228 733 1319 769 ψυχήν
1333 741 1340 748 ·
1357 733 1405 760 καὶ
1425 731 1516 766 τρίτον
1533 731 1603 764 ὅπερ
1621 728 1714 760 αὐτοῖς
1737 727 1787 762 τὴν
1812 726 1878 760 θψιν

1083 783 1122 814 εις
1135 781 1213 814 δόξαν
1229 781 1278 814 τῆς
1295 779 1376 813 ἁγίας
1390 777 1505 812 Τριάδος
1521 775 1664 810 ὴγλάἴζεν.

1119 829 1192 864 cui.
1206 829 1235 855 Εἰ
1251 828 1278 853 δὲ
1291 825 1365 853 τοῦθ’
1387 825 1473 855 οὕτως
1491 823 1559 858 ἔχει,
1589 821 1704 849 δύναταί
1719 829 1762 850 τις
1777 820 1827 846 καὶ
1844 819 1878 846 es

1083 876 1191 903 όθνείαν
1206 874 1351 901 ἀλλοίωσιν
1380 869 1614 906 εὐπρεπεστάτην
1642 867 1810 903 ἠλλοιῶσθαι
1828 867 1880 894 αὒ-

1086 923 1150 954 τοὺς
1166 921 1336 956 συμὸιόάσαι
1351 919 1470 948 ἀστείως
1483 917 1552 952 πρὸς
1567 914 1697 949 τοιαύτην
1713 913 1820 948 λάμψιν
1831 913 1879 939 καὶ

1087 968 1245 1004 ἀστραπὴν,
1261 966 1309 992 καὶ
1340 965 1430 991 εἰπεῖν
1455 963 1498 990 ὅτι
1526 961 1691 997 μυκτηρίζει
1718 959 1839 986 ἐνταῦθα
1865 959 1881 984 ό

1088 1016 1166 1049 ἆγιος
1187 1013 1305 1049 μελῳδὸς
1317 1011 1437 1038 παλαιὰν
1448 1010 1476 1036 ὲν
1489 1008 1574 1044 Ἐλλη
1580 1017 1606 1034 σι
1620 1007 1682 1034 κατ’
1692 1006 1755 1041 όψιν
1764 1005 1882 1032 ἀλλοίω-

1090 1048 1143 1093 σιν,
1174 1048 1370 1094 ἐστιγινομένην
1387 1055 1501 1091 ἠρωῖκῷ
1527 1053 1669 1089 προσώπῳ
1694 1053 1761 1087 περὶ
1777 1048 1809 1078 οὗ
1827 1059 1881 1077 πε-

1091 1107 1202 1142 ποίηται
1218 1105 1247 1132 τὸ
1262 1119 1274 1125 -
1293 1102 1411 1134 Ἀλλοϊός
1426 1110 1471 1137 μοι
1486 1101 1549 1133 ξεῖν’
1567 1099 1670 1134 ἐφάνης
1682 1098 1743 1125 νέον
1759 1097 1791 1131 ὴὲ
1809 1097 1883 1130 πάρ-

1090 1154 1178 1181 οιθεν’
1192 1169 1203 1173 -
1223 1152 1336 1186 λέγεται
1359 1150 1414 1185 γάρ
1429 1156 1494 1175 ποτε
1517 1147 1594 1182 ἥρως
1608 1146 1679 1180 ἀνὴρ
1694 1143 1883 1174 ἀλλοιωθῆναι

1091 1200 1193 1231 καινῶς
1213 1199 1246 1226 τά
1260 1206 1291 1224 το
1307 1197 1374 1225 ἄλλα
1389 1195 1437 1222 τοῦ
1453 1194 1592 1229 σώματος,
1609 1191 1700 1219 καὶτὸ
1717 1191 1881 1224 πρόσωπον·

1092 1247 1140 1274 καὶ
1154 1244 1217 1281 ἦνῆ
1235 1243 1380 1273 ἀλλοίωσις
1395 1240 1486 1268 ὀθνεῖα
1505 1238 1626 1270 ἐκείνου,
1652 1237 1699 1263 καὶ
1715 1235 1777 1262 οὐδὲ
1793 1234 1883 1269 βραχύ

1091 1302 1117 1319 τι
1133 1292 1198 1327 γοῦν
1217 1289 1360 1324 εὐπρεπὴς
1370 1307 1377 1319 ,
1393 1287 1462 1314 ἄλλά
1476 1284 1684 1319 εἱδεχθέστατον
1701 1282 1808 1309 ἐκεῖνον
1823 1281 1885 1306 δια-

1091 1338 1237 1366 δεικνῦσα·
1259 1336 1336 1372 ῥυτες
1351 1342 1381 1361 τε
1401 1334 1455 1367 γὰρ
1479 1332 1583 1358 ἐκεῖνον
1603 1328 1787 1365 περιέστειλε,
1802 1326 1853 1353 καὶ
1869 1326 1884 1351 ὁ

1092 1385 1176 1422 χροῦς
1186 1384 1254 1410 ὡσεὶ
1267 1384 1316 1409 καὶ
1330 1380 1435 1415 κάρφος
1446 1378 1634 1412 ἄπεξήραντο,
1648 1376 1695 1402 καὶ
1707 1375 1733 1401 οἱ
1746 1372 1884 1407 ὀφθαλμοὶ

1093 1419 1299 1463 έὶνυζὼθησαν,
1323 1428 1366 1454 ὅτι
1384 1425 1451 1462 μηδὲ
1467 1422 1501 1461 ἦν
1527 1424 1544 1459 ἡ
1562 1422 1706 1453 ἀλλοίωσις
1734 1419 1831 1454 ὲκεινη
1853 1419 1885 1445 ὲκ

1093 1476 1140 1504 τοῦ
1157 1475 1326 1509 κρείττονος.

1135 1519 1211 1555 σμηὲ.
1242 1518 1375 1546 Ἐνταῦθα
1397 1518 1425 1545 δὲ
1450 1517 1522 1544 εῐποι
1537 1516 1571 1543 ἂν
1596 1515 1610 1541 ὸ
1637 1512 1755 1549 μελῳδὸς
1769 1512 1812 1539 ὅτι
1836 1510 1887 1544 τῆς

1095 1567 1185 1600 δεξιᾶς
1201 1565 1248 1592 τοῦ
1267 1565 1335 1592 Θεοῦ
1352 1563 1513 1597 ἀλλοιούσης
1527 1563 1591 1592 τοὺς
1602 1559 1782 1590 ἀποστόλους,
1796 1557 1888 1586 οὕτως

1095 1613 1286 1649 ἡλλοιώθησαν
1303 1612 1341 1643 ὡς
1354 1610 1463 1638 όθνείαν
1474 1618 1504 1636 τε
1523 1607 1615 1636 αὐτῶν
1629 1606 1701 1633 καθὰ
1718 1605 1767 1632 καὶ
1781 1602 1887 1633 παντὸς

1095 1660 1177 1687 ἄλλου
1191 1659 1339 1693 προσώπου
1359 1653 1430 1683 εἶναι
1442 1656 1492 1690 τὴν
1505 1652 1685 1689 ἀστραπαιαν
1698 1651 1806 1686 ταύτην
1818 1649 1890 1682 λάμ-

1096 1706 1155 1740 ψιν,
1174 1704 1245 1732 ἀλλὰ
1260 1703 1309 1731 καὶ
1336 1701 1566 1738 εὐπρεπεστάτην
1594 1696 1639 1726 οἶα
1669 1698 1717 1724 καὶ
1736 1695 1890 1730 ἐπαγωγὸν

1097 1752 1145 1778 καὶ
1165 1750 1279 1785 ὲφολκδν
1294 1749 1349 1776 τῶν
1364 1747 1579 1783 ὲντρανιζόντων
1603 1745 1684 1780 αὐτῇ.
1713 1743 1751 1770 Οὐ
1776 1743 1834 1776 γὰρ
1852 1742 1890 1772 ὡς

1098 1799 1128 1824 ἐν
1147 1796 1184 1832 τῷ
1199 1795 1298 1831 Θαόὼρ
1320 1794 1391 1828 ὑπὲρ
1411 1793 1488 1829 ἥλιον
1505 1791 1553 1819 τοῦ
1584 1790 1673 1825 φωτδς
1697 1788 1889 1824 ἐνεργοῦντος.

1099 1842 1326 1878 ὑπερηυγᾶζοντο
1340 1839 1631 1875 καταστραπτόμενοι,
1648 1836 1718 1863 ἀλλὰ
1732 1835 1833 1869 ὥσπερ
1861 1835 1892 1861 τὺ

1099 1888 1253 1925 τηνικαῦτα
1267 1887 1325 1922 πῦρ
1342 1887 1397 1914 τῶν
1414 1885 1548 1920 γλωσσῶν
1564 1885 1615 1911 οὒκ
1631 1883 1713 1919 ἤθελε
1728 1882 1832 1914 καίειν,
1845 1881 1893 1908 οὗ·

1099 1945 1153 1966 τως
1172 1934 1234 1961 οὐδὲ
1251 1934 1281 1960 τὺ
1292 1932 1399 1960 ἐκεῖθεν
1414 1931 1472 1966 φῶς
1487 1929 1640 1965 ἐκτυφλοῦν
1648 1929 1712 1960 τοὺς
1726 1928 1892 1963 βλέποντας·

1100 1983 1144 2009 ἐπ’
1161 1980 1258 2015 ἁγαθῷ
1284 1980 1338 2014 γὰρ
1355 1977 1562 2013 έκαινρυργήθη
1583 1976 1669 2003 ταῦτα
1688 1976 1718 2002 ὲν
1745 1977 1780 2010 τῇ
1797 1974 1894 2009 ἑορτῇ,

1100 2029 1132 2056 οὐ
1148 2027 1201 2063 μὴν
1214 2026 1284 2053 ὥστε
1297 2024 1432 2061 βλαὸἦναι
1450 2023 1489 2058 μὴ
1499 2023 1540 2050 ὅτι
1555 2031 1588 2057 γε
1603 2022 1667 2053 τοὺς
1681 2021 1823 2056 μαθητὰς,
1837 2020 1895 2048 ἀλλ’

1101 2074 1162 2102 οὐδὲ
1179 2072 1274 2107 ἕτερόν
1298 2079 1381 2098 τινα·
1399 2070 1448 2097 καὶ
1472 2069 1545 2096 οὕτω
1572 2068 1623 2103 μὲν
1646 2069 1686 2099 εὶς
1711 2067 1895 2102 παράδειγμα

1101 2120 1166 2151 τοὺς
1180 2117 1348 2148 ἀποστόλους
1358 2116 1518 2151 ὑποστήσας
1532 2115 1577 2142 διὰ
1589 2114 1770 2149 ἀναμνήσεως
1784 2114 1799 2139 ὁ
1813 2113 1897 2147 σοφὸς

1105 2165 1216 2202 μελικὸς
1235 2164 1376 2202 Ἰωάννης,
1389 2162 1438 2198 τὴν
1459 2161 1568 2196 ἐκείνην
1583 2160 1688 2195 λάμψιν
1704 2159 1796 2186 ἐθέλει
1814 2167 1898 2191 μετα-

1067 2213 1092 2244 1)
1108 2213 1198 2240 κλῖναι
1216 2209 1320 2245 νοητῶς
1339 2209 1379 2241 εἰς
1395 2209 1483 2244 ἡμᾶς,
1508 2208 1538 2234 ἐν
1553 2206 1592 2241 τῷ
1608 2206 1753 2242 λατρεύειν
1781 2205 1816 2240 τῇ
1833 2204 1898 2238 ἁγίᾳ

302 2315 368 2343 249.
388 2313 466 2341 Hane
490 2318 556 2338 vero
582 2308 682 2336 dictam
706 2305 886 2333 mutationem
905 2306 985 2337 poeta
1011 2301 1053 2328 di—

268 2363 308 2390 xit
320 2360 439 2391 όθνειαν,
454 2358 511 2386 sive
527 2360 701 2387 extraneam,
713 2357 743 2380 ut
764 2352 866 2379 dictum
898 2355 952 2383 est,
968 2353 993 2376 et
1006 2357 1055 2376 ex-

269 2406 486 2436 traordinariam.
502 2410 569 2431 usus
582 2407 661 2436 tropo
673 2400 720 2435 qui
732 2399 832 2427 dicitur
846 2397 916 2433 apud
927 2396 1055 2430 antiquos

270 2453 468 2489 mctalepticus,
486 2450 543 2479 sive
554 2449 631 2483 juxta
642 2445 814 2481 metalepsin,
826 2451 881 2472 non
892 2443 962 2470 hanc
972 2449 1053 2478 quam

270 2502 399 2529 adhibent
413 2499 554 2534 pedestres
571 2497 708 2527 rhetores,
721 2492 769 2520 sed
791 2491 863 2519 illam
882 2498 943 2526 quae
967 2488 1056 2524 poetis

270 2551 312 2576 est
325 2546 352 2573 in
374 2552 438 2572 usu.
454 2544 499 2570 Sic
514 2546 685 2577 supponatur
705 2539 790 2567 dictio
805 2537 948 2574 requirens
969 2535 1056 2561 inter-

271 2593 453 2627 pretationem
470 2589 504 2616 ad
516 2587 687 2619 claritatem;
709 2590 735 2612 et
758 2583 910 2618 explicetur
935 2581 980 2608 illa
1009 2587 1057 2615 per

272 2638 422 2666 dictionem
443 2636 636 2670 homonymum
654 2632 711 2660 sive
722 2631 755 2658 ad
773 2630 865 2657 minus
874 2627 1009 2662 δίσημον,
1030 2626 1057 2653 id

272 2690 314 2712 est
333 2684 400 2710 duas
412 2682 556 2709 habentem
586 2688 601 2706 a
625 2686 654 2706 se
677 2677 801 2705 diversas
831 2672 1057 2710 signiﬁcationes,

273 2737 388 2766 quarum
403 2736 456 2755 una
471 2727 581 2762 quidem
597 2730 638 2752 est
657 2722 775 2750 maxime
792 2719 914 2756 propria,
936 2719 1007 2746 sicut
1021 2718 1059 2743 vi-

273 2778 362 2808 detur.
379 2775 411 2803 ad
426 2774 591 2801 afferendam
603 2770 732 2805 subjecta:
756 2767 868 2795 dictioni
883 2766 1036 2793 claritatem
1051 2773 1058 2797 ;

275 2823 326 2851 alia
344 2821 446 2849 verovi
477 2818 596 2846 trahitur
620 2816 654 2842 ad
684 2814 764 2841 istam
797 2812 1058 2847 interpretationem,

277 2867 401 2895 auditore
418 2869 514 2892 coacto
530 2860 678 2889 transferre
695 2860 899 2887 suam'mentem
917 2865 931 2885 a
943 2856 1060 2884 naturali

1107 2257 1206 2294 Τριάθι
1221 2257 1322 2292 ὀρθῶς.

1142 2303 1217 2339 σμθ’.
1234 2303 1291 2338 Τὴν
1307 2302 1335 2330 δὲ
1349 2302 1480 2337 ῥηθεῖσαν
1496 2299 1640 2327 ἀλλοίωσιν
1655 2299 1765 2326 ὁθνείαν
1780 2300 1795 2325 ό
1808 2299 1896 2334 μελῳ-

1105 2351 1150 2382 δὸς
1161 2349 1250 2383 εἶπεν,
1267 2350 1353 2385 ἧγουν
1371 2347 1462 2382 ξένην,
1477 2347 1514 2378 ὡς
1531 2346 1645 2382 season,
1666 2345 1715 2372 καὶ
1727 2344 1897 2379 παράδοξον,

1105 2397 1200 2432 τρόπῳ
1216 2395 1255 2430 τῷ
1272 2393 1348 2430 παρὰ
1370 2394 1427 2424 τοῖς
1444 2393 1572 2423 παλαιοῖς
1594 2391 1735 2426 λεγομένῳ
1777 2389 1900 2424 trs-sali;-

1105 2442 1207 2477 πτικῷ,
1218 2443 1304 2478 ήγουν
1318 2441 1358 2475 τῷ
1376 2440 1447 2467 κατὰ
1462 2437 1625 2473 μετάληψιν,
1638 2437 1668 2464 οὐ
1683 2437 1734 2472 τὴν
1748 2437 1830 2471 παρὰ
1845 2438 1900 2466 τοῖς

1106 2488 1269 2522 πεζολόγοις
1285 2487 1427 2522 ῥήτορσιν,
1446 2485 1514 2512 ἀλλὰ
1528 2484 1578 2519 τὴν
1594 2483 1670 2517 παρὰ
1692 2483 1750 2512 τοῖς
1769 2484 1901 2517 ποιηταῖς

1107 2534 1269 2569 γινομένην.
1289 2533 1383 2563 Οὕτως
1409 2531 1567 2558 ὑποκείσθω
1587 2529 1660 2562 λέξις
1678 2529 1798 2563 δεομένη
1815 2529 1900 2563 ἑρμη-

1107 2581 1182 2612 νείας
1199 2581 1239 2610 εἰς
1258 2579 1438 2613 διασάφησιν,
1455 2578 1502 2604 καὶ
1525 2575 1725 2611 ἐρμηνευθήτω
1742 2575 1841 2607 ἐκείνη
1858 2574 1900 2600 διὰ

1107 2625 1209 2658 λέξεως
1223 2623 1383 2659 ὁμωνύμου,
1400 2622 1486 2657 ἤγουν
1501 2621 1533 2648 τό
1559 2621 1714 2655 ἐλάχιστον,
1730 2619 1865 2654 hamum,
1887 2619 1899 2644 ὅ

1108 2673 1183 2699 ἐστιν
1200 2670 1319 2706 ὲχοῦσης
1346 2668 1393 2696 δύο
1421 2668 1561 2703 σημασίας
1577 2664 1792 2700 ὲτεροιουμένας
1818 2664 1899 2698 ἀλλή-

1108 2718 1174 2750 λων,
1192 2714 1229 2743 ὧν
1245 2717 1262 2751 ἡ
1281 2716 1332 2751 μὲν
1349 2714 1398 2750 pla.
1425 2713 1591 2746 οἱκειοτάτη,
1623 2712 1661 2742 ὡς
1690 2711 1767 2741 εῑκδς
1788 2711 1898 2738 αὒτὸθεν

1111 2764 1172 2791 ἐστὶ
1188 2764 1220 2799 τῇ
1248 2761 1421 2798 ὑποκειμένῃ
1447 2761 1488 2792 εἰς
1512 2758 1696 2793 διασάφησινο
1721 2757 1739 2792 ἡ
1762 2757 1792 2783 δὲ
1821 2757 1897 2789 ἑτέρα

1113 2810 1209 2846 βιαίως
1225 2809 1337 2835 ἕλκεται
1354 2809 1394 2838 εἰς
1409 2806 1557 2842 ἑρμηνείαν
1571 2805 1692 2839 ἐκείνην,
1710 2802 1898 2837 ἐξωθουμένου

1111 2856 1160 2884 τοῦ
1182 2853 1321 2890 ἀκροατοῦ
1346 2852 1512 2889 μεταγαγεῖν
1529 2851 1574 2878 τὸν
1589 2848 1672 2876 αὐτοῦ
1700 2848 1766 2875 νοῦν
1781 2848 1838 2875 ἀπὸ
1854 2847 1899 2881 τῆς
