1965 3115
112 212 161 245 ’153

519 210 561 241 IN
583 209 753 241 iIYMNUM
771 201 1095 240 PENTECOSTALEM
1118 209 1344 241 nauascuxr.

1687 206 1742 238 ’154

112 267 273 304 περιέπειν·
304 266 339 294 τὰ
360 266 414 302 γὰρ
445 265 560 293 τοιαῦτα
592 266 629 298 ὡς
653 266 724 293 καλὰ
758 266 906 301 περιέπον-

968 265 1050 292 linem
1067 266 1216 300 quamdam
1234 265 1372 300 signiﬁcat
1384 265 1416 293 ἰδ
1437 264 1553 302 πρέπον,
1567 268 1594 292 et
1613 265 1627 292 ὁ
1643 264 1743 301 εὐπρε-

113 324 166 343 ται.

144 448 206 475 σνδ¹.
226 447 384 482 Σημείωσαι
409 447 438 473 δέ
463 446 509 472 καὶ
534 445 576 472 ὃτι
599 445 766 479 ἐπιλογικῶς
791 442 852 472 οἷον
871 444 903 471 τὸ

113 496 167 523 ὅλον
185 496 277 530 θαῦμα
300 495 349 529 τῆς
370 494 433 528 ἄρτι
451 493 549 528 έορτῆς
564 494 578 519 ὀ
595 492 716 527 μελῳδὸς
737 493 766 518 ἐν
790 491 829 526 τῷ
851 501 903 518 πα-

115 542 183 578 ρόντι
196 541 421 576 ἐκεφαλαιώσατο
436 542 589 576 τροπαρίῳ.
605 540 642 566 Τὸ
659 539 709 574 μὲν
721 539 775 574 γὰρ
787 538 903 565 ἔπνευσε

113 589 153 615 διὰ
163 589 212 622 τὴν
225 587 315 623 βιαίαν
331 586 436 622 ἐρρέθη
449 587 535 621 πνοήν
548 594 554 601 ·
582 586 598 621 ἡ
614 586 642 611 δὲ
658 584 806 620 Οεόρῤυτος
824 584 904 619 χάρις

114 636 154 662 διὰ
176 635 206 661 τὸ
224 635 330 669 ἐκχέω·
358 633 423 660 ἔνθα
439 633 600 667 ἐπίτασινεὴ
617 631 751 667 πρόθεσις
766 630 850 664 δηλοῖ,
868 630 905 660 ὡς

114 681 185 708 δοκεῖ
199 680 362 715 ἑρμηνεύειν
384 679 480 714 ἕτερος
511 678 629 713 μελῳδὸς
651 676 752 710 εἰπὼν,
767 676 906 707 Πλουσίως

115 727 239 761 ἐξέχεας·
267 726 299 752 ἐκ
326 725 374 752 τοῦ
403 725 561 760 Πνεύματος
588 723 638 759 μὲν
662 724 740 758 χέας,
763 723 801 764 (ἧς
823 730 906 757 φησιν

120 772 197 807 Ἰωήλ
209 779 216 786 ·
234 772 322 803 ἄλλως
334 771 362 798 δὲ
376 771 477 806 ἐκχέας
491 771 532 802 εἰς
547 770 704 805 ἀμέτρητον
716 777 723 784 ·
751 769 780 795 τὺ
795 768 823 795 δὲ
837 768 908 803 λάμ-

116 828 210 851 ποντες
231 819 447 854 ἀστράπτοντες,
463 817 647 852 κεφαλαίωσίς
663 818 722 843 ἐστι
737 817 786 851 τῆς
806 812 921 851 ἀναμεέ

118 866 251 901 μιγμένης
265 867 298 900 τῇ
312 866 379 900 πνοῇ
393 866 441 891 καὶ
455 864 648 899 ἐλλαμπούσης
659 862 811 897 πυρώσεως
821 869 828 877 ο
841 862 903 889 καθ’

116 914 149 947 ἢν
163 913 180 947 ἢ
197 912 321 945 γλῶσσαι
350 911 504 946 πυρσώδεις
527 911 652 944 ἐλέγοντο
679 909 712 937 ἃν
737 909 765 936 αἱ
794 910 867 941 τότε,
890 908 907 942 ἢ

117 959 191 993 πυρὰ
216 959 308 984 ἐκεῖνα
334 956 521 991 γλωσσοειδῆν
548 957 578 983 τὺ
603 956 631 982 δέ
656 954 834 991 ὴλλοιωμένοι
858 954 909 989 τὴν

117 1004 298 1038 ἀποστολικὴν
329 1003 474 1037 κεφαλαιηῖ
505 1002 660 1037 μεταόολὴν
694 1002 734 1032 είς
772 1000 910 1035 θειοτέραν

119 1053 189 1087 ἥπερ
205 1051 359 1086 πρότερον·
382 1050 413 1076 τὺ
436 1050 464 1076 δέ
481 1049 589 1075 ὀθνείαν
611 1048 765 1083 ἀνάμνησιν
791 1048 910 1073 ποιεῖται

118 1098 166 1133 τῆς
180 1098 208 1124 ἐν
222 1097 309 1130 ξέναις
322 1096 461 1130 γλώσσαις
473 1095 571 1126 λαλιᾶς
581 1102 589 1110 ·
602 1094 632 1121 τὸ
645 1094 673 1120 δέ
684 1092 911 1128 εὐπρεπεστάτην

119 1143 211 1177 ἐνάγει
233 1142 280 1169 τὸν
301 1141 440 1176 ψάλλοντα
464 1140 501 1176 μὴ
531 1141 575 1167 ἐπ’
600 1140 745 1175 ἀλλοτρίας
768 1140 840 1166 νοεῖν
861 1139 911 1174 τὴν

120 1188 226 1219 ὀϐνείαν
241 1187 345 1222 ταύτην
356 1195 363 1202 ·
382 1187 474 1222 ἐκείνη
490 1186 544 1221 γὰρ
560 1187 715 1221 εὐπρεπής.
733 1186 770 1212 Τὸ
782 1186 810 1212 δὲ
827 1186 912 1220 σοφὴν
941 1188 943 1193 ‘

120 1234 214 1261 οὐσίαν
234 1233 281 1260 τοῦ
306 1233 468 1268 σοφισθῆναι
490 1233 551 1264 τοὺς
574 1232 740 1263 ἀποστόλους
762 1231 912 1268 τηνικαῦτα

123 1281 201 1316 μνεία
215 1280 290 1306 ἐστί·
310 1280 340 1307 τὸ
365 1279 393 1306 δὲ
412 1278 616 1312 ἰσοσθενοῦσαν,
642 1279 814 1313 προέγνωται
830 1279 858 1305 ἐν
875 1277 913 1313 τῷ

127 1325 276 1357 ’ἰσοσθενές
291 1325 411 1360 πνεῦμα.
426 1324 504 1352 Οὕτω
519 1324 548 1351 δὲ
560 1324 768 1360 προδεδήλωται
783 1324 831 1351 καὶ
848 1325 913 1357 περ).

120 1372 180 1405 τοῦ,
203 1372 278 1407 Σοφὴ
292 1372 439 1407 τρίφεγγος
456 1372 535 1398 οὐσία
550 1371 597 1397 καὶ
616 1371 653 1403 ὡς
670 1371 686 1406 ὴ
701 1371 848 1406 τρίφεγγος
866 1370 913 1396 καὶ

120 1417 270 1452 τριφεγγὴς
286 1418 407 1451 λέγεται.
424 1417 455 1444 Ἦ
469 1418 507 1451 δὲ,
523 1417 560 1448 ὡς
575 1417 687 1452 ἐρρέθη,
704 1417 824 1452 ἄτμητος
836 1415 913 1442 οὐσία

121 1465 324 1498 παρακείμενον
337 1464 404 1498 αὑτὴ
415 1463 514 1498 ἐχουσα
526 1465 558 1489 τὸ
571 1462 773 1494 ίσοσθενοῦσαν,
786 1463 914 1496 ἐμφαίνει

123 1509 218 1538 mmo
235 1509 367 1544 ὑπερλίαν
395 1509 528 1545 κραταιὸν
557 1509 606 1542 τῆς
624 1507 705 1541 ἁγίας
734 1508 869 1543 Τριάδος·
897 1508 913 1542 ἠ

121 1555 176 1589 γὰρ
202 1555 333 1589 ἅτμήτως
348 1554 504 1589 τεμνομένη
521 1553 674 1588 τριψεγγὴς
689 1553 777 1585 οὐσία,
796 1552 915 1583 πανσθε-

954 312 1020 347 πὴς,
1035 316 1063 339 et
1078 312 1092 338 ὸ
1104 311 1258 346 ἐκπρεπὴς,
1281 315 1307 338 et
1321 311 1353 338 τδ
1370 312 1548 347 ἐπιπράπειν,
1564 315 1592 338 et
1609 311 1626 346 ἡ
1640 310 1744 345 εὐκρέ-

955 366 1038 384 πειαε
1055 357 1130 385 venit
1145 362 1236 385 autem
1253 365 1267 384 a
1283 357 1426 392 περιέπειν
1441 365 1448 383 2
1468 357 1531 384 talia
1548 364 1667 392 namque
1675 357 1746 385 sicut

955 403 1027 431 bona
1045 402 1225 438 περιέπονται
1243 401 1415 438 (curantur).

991 448 1056 476 254.
1072 448 1233 476 Notandum
1255 452 1297 476 est
1325 453 1417 476 autem
1441 447 1516 483 quod
1538 447 1614 475 velut
1635 448 1744 483 epilogo

956 499 1043 522 totum
1072 494 1154 529 hujus
1187 493 1347 522 festivitatis
1376 494 1531 529 prodigium
1570 494 1694 522 melodus
1720 495 1747 521 in

956 541 1084 574 prasenti
1111 540 1225 575 strophe
1249 539 1408 567 summatim
1435 540 1596 575 resumpsit.
1629 539 1747 568 Verbum

957 587 1029 614 enim
1046 586 1161 612 ἔπνευσε
1176 594 1223 620 per
1239 586 1332 621 βιαίαν
1349 586 1434 621 πνοὴν
1445 585 1550 613 dictum
1568 586 1653 621 οειςή
1670 586 1748 622 θεόρί-

958 633 1038 666 ῥυτος
1055 633 1142 666 gratia
1157 639 1205 666 per
1220 632 1334 660 verbum
1350 632 1456 666 sum;
1474 631 1522 659 ubi
1537 631 1748 667 amplitudinem

958 678 1119 712 prapositio
1142 679 1326 711 demonstrat,
1349 682 1379 705 ut
1407 678 1515 705 videtur
1536 678 1605 705 alter
1624 677 1749 705 melodus

958 725 1147 759 interpretari,
1166 725 1261 752 dicens
1280 731 1287 750 :
1310 723 1450 755 Πλουσίως
1463 723 1574 759 ἐξέχεας
1600 723 1749 758 (ditissime

959 770 1067 807 fudisti)
1083 771 1116 799 de
1143 771 1245 806 Spiritu
1271 770 1381 806 quidem
1407 770 1514 802 fudisti,
1530 770 1602 797 sicut
1620 769 1659 797 alt
1672 768 1749 802 loel;

959 816 1028 843 alias
1042 819 1133 843 autem
1155 816 1182 843 in
1209 816 1375 843 immensum
1402 815 1536 844 ell'udisti.
1555 814 1614 843 Hoc
1632 820 1724 843 autem
1741 824 1748 843 :

960 862 1083 889 lucentes
1109 861 1291 897 l‘ulgurantes,
1306 866 1349 889 est
1373 869 1482 890 summa
1505 861 1580 889 illius
1603 860 1748 896 spirationi

961 909 1055 936 mixtae
1069 909 1256 944 fulgentisque
1281 909 1470 942 iucensionis;
1497 908 1649 936 secundum
1667 916 1750 944 quam

963 956 1014 983 illa:
1031 957 1130 991 lingua:
1158 955 1212 983 dict
1231 959 1358 990 poterant
1374 955 1549 990 ignilormes,
1566 959 1595 982 et
1617 955 1694 991 ignes
1711 955 1752 982 illi

962 1003 1118 1038 linguarum
1138 1001 1255 1029 formam
1280 1002 1478 1037 exprimentes.
1499 1001 1556 1029 Vox
1569 992 1750 1036 ὴλλοιωμένοι

962 1049 1079 1076 resumit
1098 1048 1275 1083 apostolicam
1300 1047 1565 1082 transformationem
1592 1048 1622 1074 in
1637 1047 1753 1074 divinio-

963 1103 1018 1122 rem
1044 1103 1124 1129 quam
1160 1099 1253 1122 antea.
1286 1093 1374 1121 Dictio
1399 1093 1506 1121 ὀθνείαν
1534 1093 1562 1120 ln
1591 1093 1752 1120 memoriam

963 1147 1073 1169 revocat
1091 1142 1118 1168 in
1137 1141 1237 1176 linguis
1259 1140 1397 1169 extraneis
1419 1140 1603 1173 locutionem;
1627 1143 1679 1167 vo‘x
1706 1147 1755 1166 au-

963 1193 1017 1216 tem
1036 1188 1278 1223 εὐπρεπέστάτην,
1299 1187 1404 1215 inducit
1416 1187 1580 1222 psallentem
1595 1191 1624 1214 ut
1647 1187 1676 1214 in
1692 1186 1755 1214 alic-

964 1242 1027 1262 nam
1043 1242 1097 1262 non
1114 1238 1222 1269 reputet
1238 1235 1310 1261 hanc
1326 1233 1434 1261 ὀθνείαν
1449 1242 1458 1262 :
1473 1233 1526 1260 hoc
1539 1234 1612 1261 enim
1627 1237 1668 1261 est
1690 1241 1755 1261 cou-

972 1281 1190 1308 venientissima.
1219 1280 1309 1315 Σοφὴν
1337 1285 1427 1308 autem
1456 1280 1563 1312 οὐσίαν,
1588 1282 1662 1315 quod
1690 1284 1754 1309 tunc

971 1326 1087 1360 apostoli
1100 1325 1234 1360 sapientia
1250 1325 1345 1360 repleti
1358 1329 1433 1357 sunt,
1447 1329 1490 1352 est
1504 1326 1733 1353 commemoratio
1746 1334 1752 1353 :

971 1373 1022 1399 hoe
1042 1379 1107 1400 vero
1129 1371 1329 1405 ίσοσϐενοῦσαν,
1347 1371 1403 1406 jam
1418 1371 1557 1406 cognitum
1573 1376 1616 1400 est
1639 1372 1667 1400 in
1684 1372 1754 1400 hoc:

967 1418 1105 1449 ἰσοσθενές
1120 1418 1240 1453 πνεῦμα.
1261 1417 1307 1445 Sic
1322 1422 1416 1446 autem
1430 1423 1493 1445 ante
1507 1422 1690 1446 monstratum
1713 1423 1756 1446 est

969 1464 1003 1490 de
1018 1463 1069 1491 hoc
1082 1472 1089 1491 :
1106 1464 1179 1498 Σοφὴ
1194 1464 1343 1498 τρίφεγγος
1360 1463 1450 1496 οὐσία,
1469 1468 1497 1491 et
1512 1464 1650 1499 quomodo
1664 1465 1681 1500 ἡ
1697 1473 1755 1499 τρι-

966 1519 1066 1546 φεγγος
1075 1511 1265 1546 θιτριφεγγὴς
1281 1511 1393 1541 dicitur.
1410 1510 1473 1539 Haec
1485 1516 1588 1544 autem,
1604 1516 1634 1539 ut
1649 1512 1755 1540 dlctum

966 1562 1017 1588 est,
1034 1557 1157 1590 ἄτμητος
1178 1556 1258 1582 οὐσία
1286 1556 1414 1591 (indivisa
1432 1556 1598 1592 substantia)
1621 1565 1682 1592 qua:
1697 1565 1758 1584 ver-

120 1600 239 1636 νεστάτη
255 1601 366 1631 πάντως
386 1601 473 1633 ἐστὶν,
489 1599 527 1631 ὡς
543 1599 615 1634 ἁρχὴ
633 1599 749 1633 μεγίστη
777 1598 913 1633 μηδέποτε

968 1604 1030 1629 hum
1048 1601 1243 1628 ἱσοσΟενοῦσαν
1258 1602 1413 1637 appositum
1431 1602 1490 1637 ipsa
1509 1602 1602 1635 habet,
1618 1610 1752 1630 summam

122 1647 290 1683 μεριζομένη
303 1648 346 1680 ἐφ’
373 1646 474 1681 ἑαυτὴν
494 1646 540 1673 καὶ
556 1645 627 1672 οὕτω
642 1646 859 1679 ἀκαταπόνητος.
878 1644 914 1671 Τὸ

968 1653 1070 1674 sancta:
1082 1646 1226 1675 Trinitatis
1243 1652 1407 1683 potestatem
1423 1649 1572 1684 expandit:
1590 1649 1637 1677 illa
1653 1656 1751 1684 nempe

119 1694 150 1720 δὲ
165 1693 265 1725 εἰδότες
287 1693 365 1727 δηλοῖ
390 1693 438 1727 μὲν
454 1691 556 1726 γνῶσιν
579 1692 628 1726 τὴν
653 1692 702 1726 οὺχ
724 1691 831 1721 ἁπλῶς,
849 1690 914 1716 ἀλλὰ

968 1694 1127 1721 substantia
1149 1701 1209 1728 qua:
1234 1695 1294 1721 sine
1320 1695 1456 1722 divisione
1477 1696 1632 1731 τριφεγγὴς
1655 1695 1756 1723 distiu—

121 1739 266 1774 θειοτάτην
294 1739 341 1765 καὶ
365 1738 554 1773 ἀληθεστάτην
572 1737 661 1763 είτουν
685 1737 913 1771 ἐπιστημονικὴν,

971 1739 1083 1774 guitur,
1112 1739 1379 1774 ouniipotentissima
1404 1747 1517 1774 prorsus
1538 1745 1599 1774 est,
1626 1745 1757 1776 tanquam

122 1785 162 1816 ὥς
183 1793 235 1811 που
258 1785 305 1812 καὶ
323 1783 535 1819 παρεσημάνθη,
553 1783 625 1810 καθὰ
643 1783 721 1818 δῆλον
739 1783 786 1809 καὶ
802 1784 834 1809 ἐκ
848 1783 894 1809 τοῦ
908 1792 914 1799 ι

968 1784 1116 1811 maximum
1135 1784 1313 1819 principium,
1337 1785 1409 1819 quod
1425 1786 1452 1813 in
1468 1786 1590 1821 seipsum
1612 1794 1754 1822 nunquam

123 1831 224 1862 ειδότες
241 1831 281 1857 ὅτι
300 1831 314 1857 ὁ
333 1830 434 1865 Κύριός
457 1830 543 1856 ἐστιν.

968 1830 1099 1857 dividitur
1115 1834 1142 1858 et
1159 1831 1200 1858 sic
1215 1836 1258 1858 est
1283 1831 1454 1859 invincibile.
1466 1831 1524 1860 Hoc
1546 1837 1639 1860 autem
1653 1833 1756 1863 εἰδότες

131 1881 269 1915 signiﬁcat
285 1880 394 1915 quidem
409 1879 592 1915 cognitionem
618 1886 672 1906 non
689 1878 841 1914 simplicem
868 1878 915 1905 sed
932 1877 1131 1906 divinissimam
1165 1879 1395 1914 verissimamque
1418 1880 1477 1908 sive
1505 1881 1701 1915 certissimam,
1729 1885 1760 1908 ut

126 1927 228 1955 alicubi
248 1932 432 1955 monstratum
452 1930 503 1958 est,
521 1926 593 1953 sicut
618 1925 731 1952 evidens
757 1929 800 1952 est
826 1925 909 1952 etiam
925 1932 957 1952 ex
975 1926 1044 1952 hoc:
1061 1926 1164 1956 εἰδότες
1184 1925 1314 1961 quoniam
1331 1926 1464 1954 Dominus
1478 1931 1531 1955 est.
1576 1933 1588 1938 ‘

161 1980 226 2002 σνε’.
247 1975 374 2010 Δίσχύνει
401 1975 429 2001 δέ
454 1972 528 2008 ἡμᾶς
543 1974 709 2008 ψάλλοντας,
725 1974 805 2008 εἴπερ
821 1972 918 2008 ὁμολο‹

124 2022 238 2057 γοῢντες
252 2021 351 2047 ειδέναι
378 2020 428 2053 τὴν
455 2020 610 2054 ἀγιωτάτην
634 2019 785 2055 Τριαδικὴν
812 2019 918 2049 οὐσίαν,

124 2068 221 2095 ὁποίαν
244 2068 273 2093 ἐν
290 2066 328 2101 τῷ
349 2066 467 2101 παρόντι
484 2065 537 2098 ὅλῳ
555 2065 649 2092 κανόνι
669 2065 842 2100 ὲμέλψαμεν,
859 2062 919 2091 εἶτα

123 2114 266 2148 λυποῦμεν
284 2114 313 2139 τὸ
332 2112 444 2147 Πνεῦμα
459 2111 488 2137 τὸ
505 2111 596 2145 ἅγιον,
614 2110 857 2145 ἀλλοιερονοῠντες,
873 2112 920 2139 καὶ

125 2161 209 2195 σοφὸν
235 2159 412 2192 ἐπιστάμενοι
440 2158 486 2184 τὸν
511 2157 576 2184 Θεὸν
603 2158 649 2184 καὶ
675 2157 819 2191 σοφίζοντα
845 2158 919 2192 ἡμᾶς

126 2206 311 2242 μεταδοτικῶς
329 2204 373 2231 διὰ.
386 2204 436 2239 τὴν
449 2203 532 2230 αὐτοῦ
550 2203 720 2238 ἀγαθότητα,
741 2203 918 2238 καθιστῶμεν

126 2252 243 2283 ἑαυτοὺς
267 2251 386 2285 ἀσόφους
411 2251 458 2277 καὶ
479 2250 630 2281 ἀσυνέτους
650 2250 696 2276 καὶ
725 2249 857 2283 ἄφρονας,
881 2249 918 2281 ὡς

126 2297 352 2331 ἀνεπιγνώμονες
375 2296 423 2323 τοῦ
444 2296 545 2322 καλοῦ·
569 2296 585 2330 ἢ
609 2295 709 2330 μᾶλλον
732 2295 918 2329 ἐπιγνώμονες

126 2344 190 2378 μὲν,
206 2342 343 2377 ἁμεληταὶ
359 2341 400 2375 δὲ,
422 2339 462 2372 οἷς
477 2342 537 2368 οὐδὲ
555 2341 605 2376 μία
620 2341 709 2377 χάρις,
725 2341 786 2368 οὐδὲ
802 2341 827 2367 εί
841 2340 919 2373 δοξά-
937 2358 959 2385 υ

126 2390 212 2424 ζομεν
227 2389 273 2414 τὸν
289 2387 366 2420 Θεὸν,
387 2386 458 2413 οὕτω
474 2387 570 2421 φαῦλοι
586 2387 672 2419 ἧντες,
690 2387 736 2413 καὶ
752 2386 853 2421 χείλεσι
871 2387 920 2421 μὲν

126 2434 263 2470 τιμῶντες
280 2433 328 2460 καὶ
341 2432 507 2466 ἐγγίζοντες,
529 2434 562 2467 τῇ
575 2433 603 2459 δὲ
619 2433 719 2467 καρδίᾳ,
851 2433 920 2460 ἀπέ-

126 2489 222 2515 χοντες
236 2479 283 2507 ἀπ’
310 2477 412 2506 αὑτοῦ·
441 2478 489 2505 καὶ
502 2477 618 2504 δι’·αὐοὺ
634 2479 682 2512 τῆς
711 2479 760 2515 μὲν
784 2478 856 2511 καθὰ
874 2478 921 2505 καὶ

126 2526 292 2560 προεγράφη
316 2523 485 2559 τριιρεγγοῡς
505 2523 523 2558 ἢ
543 2523 631 2555 ἄλλως
655 2525 804 2558 τριφέγγου
828 2519 920 2554 οΰσίὸς

127 2571 336 2606 ἀφοριζόμενοι,
350 2570 388 2604 τῷ
403 2570 431 2596 δὲ
446 2570 606 2604 ἁπευκταίῳ
620 2570 721 2605 αἰωνίῳ
732 2570 820 2605 σκότῳ
835 2579 922 2605 παρα-

127 2616 314 2650 πεμπόμενοι,
338 2613 377 2642 ὧν
397 2612 438 2647 εἷς
455 2615 505 2642 καὶ
521 2614 577 2649 ἐγὼ
593 2614 685 2648 αὐτὸς,
704 2616 718 2641 ό
733 2615 777 2641 διὰ
792 2615 920 2642 τοσούτου

130 2663 181 2697 μὲν
197 2662 286 2696 φωτὸς
301 2662 363 2696 ἄρτι
379 2661 476 2694 ἐλθὼν,
491 2662 618 2692 σκοταῖος
628 2661 656 2687 δέ
668 2660 706 2687 ὥν
722 2662 781 2692 ὅλος
799 2661 845 2688 καὶ
861 2663 921 2693 ταῖς

128 2707 236 2733 ἐκεῖθεν
249 2708 395 2741 προσήκων
411 2706 565 2734 κολάσεσιν.
595 2706 676 2733 Ἀλλὰ
693 2706 730 2741 μὴ
748 2707 808 2740 ἐμὲ,
823 2706 920 2742 Κύριε,

131 2753 171 2788 μὴ
187 2752 249 2787 ἐμὲ,
265 2752 332 2780 ἀλλὰ
347 2753 394 2779 τὸν
419 2753 457 2788 μὴ
474 2753 625 2781 πεποιθότα
646 2754 692 2781 ἐπὶ
709 2754 748 2786 σὲ,
764 2754 811 2780 καὶ
829 2754 920 2788 μόνον,

128 2799 200 2833 ἄφες
218 2800 346 2825 ἐκπεσεῖν
362 2798 416 2825 ἀπὸ
429 2799 487 2826 σοῦ.

169 2844 288 2876 Ἠνυσα,
314 2841 336 2871 ὢ
361 2844 449 2878 φίλος,
469 2845 499 2871 τὸ
524 2844 605 2880 ἔργον
631 2845 668 2876 ὡς
694 2844 845 2877 ἐπέταξας·
873 2845 919 2871 καὶ

128 2889 238 2923 γένοιτο
260 2889 377 2924 ἀρέσκον
394 2890 461 2916 αὐτὸ
485 2891 612 2925 φανῆναι,
638 2891 681 2917 ἵνα
706 2891 803 2925 μισθὸν
825 2891 921 2926 ἄρκιον

127 2935 253 2969 λήψομαι
266 2954 273 2966 ,
286 2935 334 2970 τὴν
351 2935 400 2970 σὴν
409 2935 488 2969 ἁγίαν
503 2936 586 2971 εὐχήν
596 2945 602 2953 ·
616 2937 650 2971 ἣν
662 2936 709 2962 καὶ
720 2937 762 2970 εῐη
778 2936 922 2971 ἐκπληρῶν

129 2980 146 3005 ὁ
166 2978 243 3011 Θεὸς,
258 2980 271 3006 ὁ
281 2979 319 3007 ῶν
335 2980 480 3016 εὐλογητὸς
497 2982 538 3013 είς
550 2982 613 3013 τοὺς
629 2981 739 3015 αἰῶνας.
753 2981 849 3017 Ἀμήν.

1007 1972 1074 2001 255.
1094 1972 1183 2001 Pudet
1199 1978 1289 2002 autem
1306 1981 1356 2002 nos
1374 1974 1532 2008 psallentes.
1551 1975 1684 2010 siquidem
1708 1985 1760 2004 no-

974 2025 1052 2045 scere
1065 2019 1228 2047 conﬁtentes
1242 2020 1450 2047 sanctissimam
1467 2020 1639 2056 Trinitatem,
1650 2023 1758 2057 qualem

971 2065 998 2092 in
1025 2069 1080 2091 toto
1109 2065 1236 2099 praesenti
1270 2066 1393 2102 carmine
1418 2066 1632 2103 celebravimus,
1661 2068 1760 2096 deinde

971 2110 1186 2138 constristamuc
1225 2107 1361 2145 Spiritum
1396 2117 1522 2141 sanctum
1559 2113 1650 2139 aliena
1684 2114 1759 2148 cogi-

972 2158 1079 2188 tantes;
1107 2156 1317 2190 sapientemque
1341 2163 1404 2183 esse
1438 2156 1522 2184 Deum
1549 2159 1757 2186 communican-

971 2205 1080 2236 temque
1098 2202 1177 2229 nobis
1200 2202 1325 2232 bonitate
1339 2210 1389 2231 sua
1416 2204 1581 2239 sapientiam
1601 2212 1757 2241 noscentes,

972 2255 1023 2275 nos
1040 2249 1114 2283 ipsos
1131 2249 1269 2277 reddimus
1283 2249 1457 2284 insipientes,
1468 2255 1497 2279 et
1515 2256 1648 2286 amentes,
1665 2257 1691 2280 et
1708 2254 1759 2281 im-

972 2294 1133 2328 prudentes,
1146 2299 1275 2330 lanquam
1287 2296 1389 2323 bonum
1407 2296 1565 2331 ignoremus
1578 2305 1585 2324 :
1603 2298 1644 2325 vel
1655 2300 1758 2333 potius,

960 2341 1046 2381 'illius
1059 2341 1170 2375 quidem
1186 2349 1281 2369 sumus
1298 2342 1467 2376 cognitores,
1480 2343 1526 2370 sed
1540 2350 1594 2371 non
1612 2351 1759 2380 memores,

973 2394 1005 2413 eo
1032 2386 1103 2421 quod
1120 2393 1172 2413 non
1205 2391 1247 2413 est
1271 2387 1326 2414 ulla
1353 2388 1452 2422 gratia,
1482 2388 1547 2416 licet
1575 2388 1761 2423 glorilicemus

976 2433 1070 2464 Deum,
1091 2432 1128 2458 ita
1142 2432 1204 2459 facti
1223 2432 1301 2465 viles,
1320 2433 1398 2460 labiis
1413 2434 1523 2471 quidem
1545 2435 1710 2464 honorantes
1734 2442 1763 2464 et

973 2478 1198 2515 propinqnantes,
1223 2479 1270 2506 scd
1289 2478 1322 2506 ab
1337 2479 1382 2507 illo
1400 2487 1447 2507 cor
1464 2481 1557 2513 procul
1572 2480 1722 2515 habentes;
1736 2487 1763 2510 et

975 2516 1036 2551 ideo
1048 2525 1080 2551 ab
1097 2524 1156 2556 hac,
1176 2524 1246 2551 sicut
1274 2525 1376 2552 dictum
1391 2530 1442 2557 est,
1472 2528 1619 2561 τρνρεγγετ
1633 2532 1680 2555 aut
1694 2529 1763 2556 alias

974 2570 1116 2605 τριφέγγῳ
1141 2570 1293 2597 substantia
1310 2571 1457 2606 δεδι-θεοῦ,
1476 2572 1602 2600 horribili
1630 2581 1696 2602 vero
1720 2579 1762 2603 Ie-

974 2614 1119 2641 nebrarum
1134 2614 1234 2641 saeculo
1247 2614 1378 2650 relegati;
1393 2622 1512 2650 quorum
1530 2624 1600 2645 unus
1618 2625 1669 2653 ego
1686 2626 1760 2652 sum,

974 2660 1021 2696 qui
1050 2668 1098 2695 per
1126 2664 1230 2687 tantam
1254 2660 1367 2695 quidem
1393 2661 1482 2689 lucem
1504 2670 1580 2690 nunc
1597 2664 1671 2697 veni,
1687 2669 1762 2692 totus

974 2711 1064 2733 autem
1091 2707 1253 2733 tenebrosus
1283 2713 1357 2739 sum,
1377 2711 1404 2734 et
1439 2707 1535 2735 exinde
1573 2708 1762 2743 punitionihus
1791 2724 1796 2729 κ

972 2752 1121 2784 obnoxius.
1136 2752 1265 2779 Attamen
1281 2758 1334 2779 non
1353 2759 1408 2785 me,
1423 2752 1549 2787 Domine,
1566 2761 1621 2781 non
1642 2762 1697 2787 me,
1712 2758 1762 2783 sed

974 2798 1001 2824 in
1014 2802 1042 2825 te
1061 2805 1115 2825 non
1131 2798 1313 2826 conﬁdentem
1338 2798 1425 2826 solum
1451 2807 1466 2826 ιι
1492 2803 1518 2827 te
1530 2800 1606 2827 sinas
1624 2799 1761 2829 excidere.

1010 2843 1112 2877 Finivi,
1135 2844 1247 2877 dilecte,
1273 2850 1354 2879 opus,
1381 2850 1410 2872 ut
1426 2844 1558 2879 iussisti:
1583 2844 1688 2872 utinam
1711 2846 1764 2873 hoc

976 2890 1088 2923 placens
1104 2894 1245 2925 appareat,
1260 2895 1289 2918 ut
1308 2891 1463 2918 mercedem
1485 2890 1693 2918 convenientem
1715 2899 1763 2918 ae-

974 2936 1088 2970 cipiam,
1100 2941 1161 2963 tuas
1174 2941 1284 2964 sanctas
1300 2943 1414 2971 preces;
1429 2943 1498 2971 quas
1513 2935 1664 2970 adimpleat
1680 2936 1763 2970 Deus,

975 2982 1020 3018 qui
1040 2982 1200 3011 benedictus
1215 2988 1257 3010 est
1270 2983 1298 3010 in
1311 2982 1421 3010 saecula.
1441 2982 1538 3010 Amen.
