1959 3130
27 2868 37 2897 1

1069 155 1086 164 ο

134 191 189 224 ’157
627 192 822 225 LAUDATIO
842 192 1039 224 FUNEBRIS
1059 192 1280 225 EUSTATHH,
1705 191 1760 224 758

142 247 222 274 Ἀλλὰ
234 247 261 273 τί
276 246 376 281 meo);
392 246 523 274 Ἐπόθουν
546 247 611 274 ἰδεῖν
626 247 672 274 τὸν
696 248 746 282 ἐμὲ
771 246 919 279 ποθοῦντα,

976 247 1026 275 ιῑοι·
1036 247 1047 273 τ
1058 247 1250 275 Desiderabam
1261 247 1354 276 videre
1364 254 1410 276 me
1421 247 1545 276 desidera
1551 250 1634 279 ntem.
1646 250 1673 274 et
1687 254 1758 282 quo-

136 293 182 320 καὶ
196 294 256 325 ταῖς
267 292 465 329 καθημεριναὴ
479 293 584 322 ἐλπίσιν
599 293 828 329 ισουκολούμεθα.
840 293 854 320 ὁ
870 293 921 329 μὲν

135 338 181 366 τδν
199 339 314 374 ἀδελφὸν
334 340 517 373 ὑποδέξασθαι
541 341 588 367 καὶ
615 340 836 375 φιλινδιικτῆσαι
856 339 921 375 περὶ

135 385 179 410 τὸν
192 385 287 418 ξένιον,
298 385 353 419 ἐγὼ
367 386 394 412 δὲ
422 386 460 421 τῷ
484 387 638 421 φιλουμένῳ
665 387 845 422 περιχυθῆναι
875 386 921 412 καὶ

136 430 339 463 ἀφοσιώσασθαι
351 431 375 457 οἱ
393 431 437 457 τὸν
453 431 550 465 φίλιον.
573 432 643 458 Ἀλλ’
657 433 730 466 οἴμοι
744 433 750 458 l
777 431 874 464 φθάνει
891 431 921 457 τὸ

137 476 180 501 τοῦ
198 476 313 503 θανάτου
329 477 480 511 ταχυπετὲς
501 477 548 504 καὶ
570 477 728 513 ὀξύδρομον.
751 477 806 504 Καὶ
832 478 921 503 κειται

138 521 186 555 μὲν
201 522 214 547 ό
231 522 421 557 πεποθημένος
439 523 568 556 ἄφαντος,
581 523 692 554 ἄναυδος
710 531 716 537 ·
745 523 800 557 ἐγὼ
821 522 850 549 δὲ
873 522 922 549 τά-

137 575 185 599 φον
203 567 385 601 περιίσταμαι
401 567 506 600 τοῦτον,
523 568 553 594 ὃν
569 568 618 595 οὐκ
632 567 680 594 οἷδ’
691 569 764 599 ὅπως
779 568 825 595 καὶ
839 576 921 601 προσ-

137 611 199 637 ιδεῖν
231 613 414 648 ὲκαρτέρησκ.
437 614 505 640 Οὐδὲ
536 614 591 647 γὰρ
614 614 660 640 ἐπὶ
678 614 763 647 τάφον
785 613 920 649 ὴρχέμην,

136 658 189 683 οὐδ’
202 659 247 684 ἐπὶ
265 659 377 691 πένθους
393 661 532 692 ὑπόθεσιν,
550 660 608 686 ἀλλ’
620 661 667 686 ἐπὶ
692 660 813 694 λειμῶνα
838 660 921 694 Χαρί-

136 712 199 734 των,
217 705 263 730 ἐπὶ
276 707 395 739 τερπνὴν
406 707 579 741 ἀγαλλίασιν.
609 707 663 733 Καὶ
680 705 744 739 γοῦν
759 714 804 740 μοι
819 706 853 732 τὰ
872 706 921 740 μὲν

136 749 184 781 τῆς
201 748 290 784 ζώσης
305 751 470 784 προσλαλιᾶς
486 753 500 778 ὀ
525 753 628 787 χάρτης
652 751 730 783 οὗτος
756 750 920 786 ἁναείηροῖ,

136 794 164 824 ὃς
180 795 227 821 καὶ
240 796 292 822 ἀπὸ
308 797 357 831 τῆς
373 798 418 824 τοῦ
435 799 538 830 πάθους
562 798 676 833 αἰθάλης
703 799 803 832 μᾶλλον
829 799 845 833 ἢ
874 799 922 825 τοῦ

139 841 270 875 συνήθους
291 842 434 877 βάμματος
457 845 657 879 μεμελάνωται,
688 844 742 871 Καὶ
768 845 920 879 φθέγγομαι

140 887 198 919 μὲν,
217 887 273 912 ἀλλ’
295 889 343 922 οᾶχ
359 886 402 914 οἷα
418 890 464 915 καὶ
484 890 528 916 τὸν
555 890 668 923 ἀδελφῦν
697 889 850 916 ὑπακοῦσαι
870 891 922 917 καὶ

140 932 293 959 ἀντιδοῦναι
319 919 430 968 ιρίθέγμα
445 919 630 970 προσήγορονξ
645 935 704 961 ἀλλ’
717 932 762 962 οἷα
776 936 862 970 τάφον
877 936 923 970 μό·
937 919 960 947 Β

140 985 184 1002 νον
214 978 403 1012 περιλαλῆσαι,
433 981 480 1006 καὶ
499 981 554 1011 τοῖς
581 981 755 1016 παρεστῶσιν
784 982 923 1016 ἀνεγεῖραι

140 1023 287 1057 κλαυθμόν.
317 1025 348 1050 Εἰ
377 1025 464 1052 δὲκαὶ
493 1025 542 1061 τὴν
567 1027 714 1061 ἀδελφικὴν
730 1027 821 1053 ἑστίαν
846 1028 925 1060 ἔδοξά

141 1076 198 1099 πως
211 1068 382 1102 καταλαϐεῖν,
401 1070 458 1096 ἀλλ’
474 1069 535 1097 οὗτε
553 1080 597 1105 μοι
611 1072 842 1106 προσυπαντῶντα
864 1072 923 1107 βλέ-

139 1113 182 1146 ψω
196 1114 241 1140 τὸν
252 1115 374 1148 ἀδελφὺν,
391 1115 451 1142 οὔτε
476 1116 528 1151 μὴν
546 1117 592 1143 τὸν
618 1117 741 1153 θυρωρδν
766 1118 925 1152 ὑπανοίγον-

140 1167 173 1184 τα
188 1167 195 1174 ·
207 1158 309 1193 ἕστηκα
326 1160 355 1186 δὲ
372 1161 477 1194 μακρὸν
494 1160 651 1196 κεκραγὼς,
677 1164 725 1189 καὶ
745 1163 852 1197 κρούων
874 1163 924 1197 τὴν

142 1204 236 1237 θύραν,
251 1206 296 1231 καὶ
308 1206 357 1240 οὐχ
372 1205 518 1233 ὑπακούων
532 1207 630 1238 οὐδείς.

178 1250 211 1284 β’.
227 1250 309 1283 Ἀλλ’,
325 1248 347 1277 ὧ
362 1251 512 1286 ἀρχιερέων
528 1253 649 1279 θειότατε
663 1253 708 1279 καὶ
727 1253 875 1287 σοφώτατε,
887 1256 924 1289 μή

140 1296 165 1321 τί
181 1304 226 1321 σου
241 1297 288 1323 καὶ
307 1297 354 1323 νῦν
378 1297 481 1332 βιὸλὶον
508 1299 536 1324 ὲν
561 1300 592 1334 τῇ
618 1300 699 1334 χειρὶ,
727 1301 774 1326 καὶ
793 1301 838 1327 τὶν
863 1301 926 1327 νοῦν

141 1342 229 1367 ἐκεῖσε
241 1342 342 1376 τρέψας
361 1344 428 1377 προς
441 1344 486 1370 τὸν
504 1344 622 1379 φθόγγον
640 1346 828 1380 ἀνηκουστεῖς,
857 1348 924 1381 μηδὲ

142 1387 186 1412 καὶ
202 1388 325 1422 γράφων,
344 1389 393 1415 ὅσα
409 1390 476 1425 πρὸς
491 1392 677 1425 καταρτισμὸν
693 1391 739 1418 τοῦ
756 1394 893 1427 ποιμνίου,
908 1394 926 1429 ἢ

141 1433 215 1465 βίους
229 1435 381 1466 σκοτεινοὺς
394 1437 558 1470 ὲρεὸοδιφῶν
570 1438 617 1464 καὶ
629 1438 820 1471 ἀναπτύσσων,
839 1440 926 1466 ὁπόσα

142 1478 254 1513 κρύφια,
270 1480 285 1514 ἢ
307 1481 448 1514 βασιλεῦσι
465 1482 571 1510 πλέκων
586 1484 725 1519 ἐγκώμια,
741 1485 757 1520 ἢ
775 1485 861 1520 φίλοις
879 1487 926 1520 ἐγ-

140 1526 281 1557 χαράττων
294 1527 437 1558 ἐπιστολὰς
453 1528 550 1562 (ταῦτα
575 1529 607 1563 δή
635 1537 676 1556 σοι
708 1530 742 1557 τὰ
772 1531 926 1566 προσευχῆς

140 1573 186 1619 καὶ
202 1572 337 1619 μερίμνης
354 1573 421 1607 ἀεὶ),
441 1575 604 1606 ἀπέκλεισάς
621 1585 668 1602 σου
695 1578 743 1610 τὴν
764 1577 861 1611 θύραν,
885 1577 922 1608 ὡς
936 1590 958 1619 c

142 1617 179 1649 μή
194 1625 233 1642 σοι
250 1618 421 1653 ὲπιταραχθῇ
437 1619 466 1645 τὺ
494 1620 641 1654 ὲμπόνημα
659 1629 667 1654 ;
690 1621 761 1647 Ἀλλ’
785 1623 832 1648 ὲκ).
860 1623 922 1649 τού-

142 1670 198 1693 τοις
211 1663 314 1694 ἀδικεῖς
334 1664 383 1697 μὲν
395 1665 455 1698 ἐμὲ,
474 1666 562 1700 μάτην
580 1667 626 1692 ἐπὶ
642 1667 672 1693 σὲ
688 1667 725 1701 τῷ
749 1667 840 1702 δρόμῳ
855 1677 923 1703 χρη-

142 1708 270 1741 σάμενον,
285 1705 314 1734 οὗ
331 1710 378 1736 καὶ
390 1710 438 1744 τὴν
450 1710 514 1736 θέαν
539 1712 726 1747 ἐκαραδόκεις,
742 1710 764 1748 ᾧ
789 1715 835 1741 καὶ
859 1715 924 1749 τρά-

142 1755 229 1786 πεζαν
247 1756 293 1781 καὶ
308 1756 403 1786 κλίνην
418 1757 594 1791 ηὑτρέπιζες,
611 1760 657 1785 καὶ
672 1761 734 1795 οὐχὶ
751 1761 814 1792 τοὺς
830 1761 925 1787 ὑποδε-

146 1800 273 1833 ξομένους
290 1801 500 1834 ἁνεπετάννυες,
516 1802 582 1829 ἀλλὰ
597 1804 644 1830 καὶ
669 1805 758 1839 ψυχῆς
778 1805 863 1840 αὐτῆς
876 1806 926 1833 ὑπ-

143 1848 251 1880 ήνοιγες
267 1848 297 1873 τὸ
318 1847 436 1882 θυρίδιον
454 1856 460 1864 ·
475 1849 580 1880 ἀδικεῖς
595 1850 623 1876 δὲ
639 1852 686 1878 καὶ
698 1852 746 1886 τὴν
760 1852 808 1886 σὴν
823 1851 926 1888 ταύτην

143 1894 229 1924 πόλιν,
243 1894 279 1928 μὴ
296 1894 402 1929 θρήνων
414 1895 517 1921 ἐπαΐων
528 1896 582 1922 τῶν
600 1897 773 1932 Μνοδὺρτων
800 1898 846 1929 οὓς
864 1899 926 1925 ἑπι-

142 1939 226 1964 ὶείῦει
244 1948 291 1965 σου
305 1941 337 1974 τῇ
355 1939 425 1974 σορῴ
442 1940 586 1974 παννύχιός
601 1950 630 1968 τε
662 1943 710 1968 καὶ
736 1944 905 1978 πανημέριος
918 1952 925 1959 ·

142 1984 180 2014 ὡς
193 1985 280 2016 ἔγωγε
296 1984 399 2018 ταύτην
419 1985 463 2011 καὶ
480 1985 557 2017 ἐλεῶ,
575 1986 702 2014 τοσοῦτον
727 1988 831 2023 κόσμον
857 1989 926 2016 ἀπο-

143 2029 271 2062 θεμένην,
288 2029 335 2054 καὶ
349 2029 459 2062 τηλίκον
475 2029 631 2056 ὑποστᾶσαν
651 2031 823 2067 δυστύχημα.
848 2033 928 2060 Οὕτω

144 2075 189 2101 καὶ
203 2075 268 2100 ναῦν
281 2075 409 2105 πολλάκις
422 2075 525 2110 ἠλέησα
537 2077 582 2103 τὸν
593 2076 762 2113 κυϐερνήτην
776 2079 928 2107 ἀποϐαλοῦ-

145 2130 201 2152 σαν,
218 2121 289 2147 οὕτω
304 2121 350 2147 καὶ
366 2123 494 2156 στρατιὰν
507 2122 553 2149 τὴν
571 2124 723 2158 στρατηγὸν
736 2124 907 2152 ἀπολέσασαν
919 2134 925 2141 ·

142 2167 188 2192 ἐπὶ
202 2167 229 2193 δὲ
244 2166 350 2201 σώματι
366 2167 439 2201 καλῷ
457 2168 503 2194 καὶ
528 2168 634 2204 κοσμίῳ
648 2168 697 2204 τὴν
718 2169 838 2205 κεφαλὴν
863 2171 931 2197 ἁλι-τος

142 2214 270 2247 τμηθέντι
283 2213 330 2239 καὶ
345 2214 528 2248 ὲπεδὰκρυσα.

972 292 1073 320 tidiana
1090 300 1138 327 spe
1152 292 1349 321 deludebamur
1362 301 1371 321 :
1388 293 1433 321 ille
1449 294 1559 329 quidem
1584 293 1712 327 sperabat
1728 300 1759 321 se

972 338 1082 366 fratrem
1111 343 1303 374 suscepturum
1337 340 1418 374 eique
1454 339 1625 375 splendidum
1660 338 1760 366 oti‘crre

971 384 1134 418 hospitium;
1149 393 1199 419 ego
1214 390 1303 413 autem
1321 393 1365 413 me
1377 385 1496 413 sodalem
1513 390 1632 412 amatum
1649 386 1757 411 suavia-

972 434 1075 462 turum,
1088 435 1115 458 et
1129 438 1191 465 erga
1217 431 1292 458 illum
1308 431 1435 458 amicitiae
1464 431 1622 458 iuncturum
1648 431 1756 458 ofﬁciis.

971 476 1022 503 Sed
1039 477 1089 504 hcu
1101 478 1107 503 !
1122 477 1225 504 interiit
1237 482 1323 504 morte
1332 477 1472 510 repentina
1483 477 1625 511 velocique
1637 482 1758 510 ereptus.

971 520 1049 548 Nunc
1070 522 1179 556 quidem
1203 522 1276 556 jacet
1293 521 1473 554 desideratus,
1499 521 1558 548 sine
1578 520 1677 551 forma.
1696 520 1757 547 sine

971 574 1057 599 voce;
1076 575 1125 602 ego
1145 575 1210 595 vero
1232 567 1276 595 isti
1299 567 1406 595 tumulo
1432 567 1513 594 adsto
1537 573 1588 593 nec
1609 565 1678 592 satis
1703 566 1761 592 seio

972 620 1026 647 quo
1053 618 1133 647 pacto
1159 621 1220 641 eum
1245 613 1369 647 aspicere
1394 612 1524 640 sustinui.
1556 611 1597 639 Ad
1626 610 1759 638 tumulum

972 658 1043 685 enim
1064 666 1234 693 nequaquam
1256 660 1327 692 veni,
1344 666 1395 686 nec
1409 659 1442 685 ad
1458 658 1584 686 maeroris
1604 657 1759 688 materiam.

972 703 1018 731 sed
1033 704 1065 730 ad
1082 704 1189 731 hortum
1204 703 1372 735 Gratiarum,
1392 703 1426 730 ad
1444 703 1554 730 hilarem
1572 702 1755 730 festivitatem.

972 749 1038 776 Mihi
1053 757 1118 784 ergo
1133 750 1190 788 haec
1219 750 1312 776 charta
1337 750 1426 777 vivam
1445 750 1567 784 suppleat
1592 756 1654 783 quae
1677 748 1762 783 magis

972 795 1074 823 doloris
1091 795 1203 829 fuligine
1219 803 1298 830 quam
1312 795 1392 822 solito
1406 795 1509 823 fuscata
1526 794 1576 822 fuit
1592 799 1757 822 atramento.

972 840 1081 875 Loquar
1093 840 1213 875 quidem,
1230 841 1276 867 sed
1302 848 1356 867 non
1374 840 1491 875 qualiter
1505 839 1583 874 juvat
1597 846 1656 866 cum
1674 838 1760 866 fratre

974 886 1140 918 conversari,
1168 892 1198 912 ut
1224 886 1258 913 ab
1283 893 1317 912 eo
1341 892 1502 920 responsum
1525 884 1683 918 accipiatur.
1703 882 1762 910 Vox

975 936 1064 959 autem
1073 939 1132 958 mea
1144 932 1230 958 solum
1243 931 1401 966 personabit
1413 930 1591 965 sepulchrum
1603 933 1630 956 et
1641 929 1762 956 circum-

975 977 1109 1005 stantibus
1125 977 1253 1004 excitabit
1280 977 1406 1012 gemitus.
1436 976 1464 1003 Si
1490 982 1602 1003 rursum
1626 975 1762 1002 fraternas

974 1023 1046 1050 aedes
1061 1024 1136 1050 adire
1152 1023 1294 1057 placuerit,
1310 1022 1375 1049 mihi
1392 1026 1581 1049 occurrentem
1597 1028 1650 1048 non
1666 1020 1761 1047 videbo

975 1067 1084 1095 fratrem
1099 1075 1150 1095 nec
1175 1068 1241 1095 mihi
1267 1068 1341 1095 fores
1362 1068 1546 1102 pandentem;
1562 1066 1609 1094 sed
1627 1066 1688 1093 steti
1714 1065 1761 1092 diu

975 1113 1096 1142 clamans
1111 1117 1138 1141 ct
1153 1119 1257 1148 portam
1275 1111 1399 1148 pulsans,"
1413 1120 1464 1140 nec
1480 1112 1584 1140 audivit
1598 1111 1683 1139 ullus.

1009 1247 1037 1276 2.
1056 1248 1120 1282 Sed,
1137 1255 1154 1276 ο
1171 1248 1328 1284 pontiticnm
1358 1247 1530 1275 divinissime
1559 1249 1585 1274 et
1612 1245 1764 1280 sapientis-

975 1296 1054 1328 sime,
1086 1295 1222 1330 numquid
1245 1295 1309 1330 quia
1340 1302 1420 1322 manu
1449 1298 1545 1321 tenens
1569 1292 1671 1320 librum
1701 1291 1763 1318 inde

976 1346 1093 1368 tuentem
1108 1341 1256 1372 nutriebas,
1270 1341 1303 1366 ad
1320 1347 1418 1368 sonum
1431 1347 1485 1367 non
1499 1338 1637 1366 attendisti
1652 1346 1660 1370 ;
1681 1344 1762 1364 num-

976 1387 1039 1422 quid
1055 1387 1118 1421 quia
1135 1387 1274 1414 scribebas
1296 1393 1328 1413 ea
1356 1393 1417 1421 qure
1431 1387 1458 1412 in
1475 1392 1556 1420 grege
1573 1391 1665 1419 pacem
1685 1384 1764 1410 resti-

976 1436 1065 1464 tuant,
1083 1433 1123 1459 vel
1144 1432 1208 1467 quia
1224 1432 1294 1460 vitas
1304 1432 1438 1460 obscuras
1452 1435 1590 1459 scrutatus
1606 1429 1763 1464 explicabas

976 1479 1050 1506 velut
1065 1479 1261 1511 secretissima,
1282 1478 1324 1506 vel
1345 1478 1558 1513 imperatoribus
1585 1477 1699 1505 texebas
1712 1484 1763 1504 eu-

977 1525 1064 1552 comia
1078 1530 1126 1553 aut
1145 1525 1242 1553 amicis
1256 1525 1389 1553 exarabas
1402 1524 1531 1560 epistolas
1550 1524 1604 1560 (bis
1617 1523 1690 1552 enim
1709 1527 1762 1550 tuae

978 1578 1061 1603 curas,
1077 1576 1121 1598 tua
1137 1571 1290 1598 sollicitudo
1307 1571 1456 1604 continua)
1473 1575 1546 1598 tuam
1570 1569 1704 1598 obserasti
1718 1569 1761 1604 ja-

975 1622 1057 1642 nuam
1077 1622 1111 1642 ne
1126 1616 1165 1642 tui
1186 1615 1331 1642 turbentur
1357 1615 1487 1642 labores?
1504 1615 1537 1642 Et
1565 1614 1629 1641 inde
1653 1621 1703 1641 nec
1718 1620 1761 1640 me

973 1661 1096 1696 dignaris
1114 1661 1253 1695 suscipere
1268 1661 1315 1696 qui
1328 1661 1361 1688 ad
1377 1665 1402 1688 te
1426 1660 1555 1688 velociter
1579 1659 1699 1699 cucurri,
1714 1666 1762 1686 cu-

972 1707 1017 1742 jus
1029 1712 1168 1740 aspeclum
1194 1706 1322 1733 ardenter
1346 1705 1471 1740 optabas.
1485 1706 1528 1732 cui
1551 1711 1671 1732 mensam
1683 1708 1710 1732 et
1725 1704 1764 1731 le-

976 1752 1078 1778 ctulum
1101 1759 1254 1786 paraveras,
1271 1752 1314 1778 cui
1333 1759 1386 1778 non
1404 1755 1509 1778 tantum
1526 1750 1671 1785 detegebas
1695 1750 1764 1776 reei-

975 1798 1098 1833 piendos.
1112 1797 1159 1825 sed
1176 1797 1262 1832 ipsius
1275 1797 1356 1824 etiam
1367 1798 1464 1824 anima:
1480 1800 1585 1832 portam
1602 1795 1743 1830 aperiebas
1755 1802 1764 1827 ;

975 1852 1026 1872 nec
1039 1844 1162 1879 accipere
1185 1844 1308 1877 dignaris
1323 1843 1409 1878 ipsam
1433 1847 1507 1870 tuam
1525 1842 1672 1872 civitatem,
1688 1839 1766 1868 ﬂebi-

976 1890 1046 1917 libus
1063 1890 1121 1925 ejus
1136 1897 1190 1916 non
1224 1889 1324 1917 auditis
1347 1889 1496 1924 gemitibus
1510 1895 1579 1923 quos
1606 1891 1664 1914 tota
1681 1891 1761 1913 nocte

977 1940 1087 1970 totaque
1112 1936 1155 1963 dic
1179 1936 1235 1963 edit
1265 1937 1292 1962 in
1310 1939 1356 1962 tuo
1386 1934 1521 1968 sepulcro.
1551 1933 1687 1966 Quantum
1716 1939 1765 1968 ego

977 1982 1034 2016 ipse
1049 1988 1108 2008 eam
1126 1981 1198 2009 dolui
1217 1989 1277 2017 quae
1299 1985 1374 2008 tanto
1397 1980 1510 2015 spoliata
1540 1984 1638 2007 ornatu
1660 1983 1763 2006 tantam

978 2026 1088 2054 sustulit
1103 2034 1264 2054 azrurnnam.
1279 2027 1356 2054 Sicut
1375 2026 1450 2053 navis
1471 2033 1542 2060 stepe
1560 2025 1687 2053 misertus
1701 2032 1762 2052 sunt

978 2072 1162 2106 gubernatore
1172 2072 1318 2105 destituta,
1337 2072 1409 2100 sicut
1422 2072 1558 2099 exercitus
1579 2070 1648 2098 duce
1665 2070 1765 2102 orbati,

979 2118 1016 2145 ita
1033 2118 1058 2144 in
1077 2125 1193 2153 corpore
1207 2118 1321 2153 pulchro
1337 2123 1365 2145 et
1374 2117 1498 2153 specioso
1511 2121 1592 2152 caput
1604 2115 1763 2151 ademptum

979 2164 1084 2192 deﬂevi.

177 2262 212 2293 γ’.
234 2259 278 2293 Τῷ
293 2258 350 2285 ὖντι
363 2258 391 2285 δὲ
410 2258 468 2291 νῦν,
486 2260 565 2294 εῐπερ
584 2260 679 2288 ἄλλοτέ
695 2270 773 2294 ποτε,
787 2261 924 2298 γίγονενή

1012 2259 1040 2286 '5.
1059 2257 1161 2293 Utique
1176 2258 1302 2294 praesenti
1323 2262 1454 2293 tempore,
1472 2259 1499 2286 sl
1515 2266 1646 2294 unquam,
1661 2259 1766 2293 captiva

143 2303 365 2330 Θεσσαλολικέων
380 2304 456 2334 πόλις
477 2305 661 2339 αἰχμάλωτος,
681 2307 728 2333 καὶ
748 2307 868 2341 πολέμου
885 2307 925 2333 δί-

142 2358 176 2382 χι
192 2350 238 2374 καὶ
259 2349 409 2383 Βαρϐάρων
421 2349 572 2385 ἐπιδρομῆς
584 2351 719 2387 ὲσκυλήθη
743 2353 797 2379 τῶν
829 2352 927 2386 ἑαυτῆς

142 2394 302 2428 κειμηλίων,
318 2395 331 2420 ὃ
349 2403 430 2429 τιπερ
443 2396 598 2430 κράτιστον.
630 2398 709 2423 Δοκεῖ
737 2406 783 2432 μοι
809 2398 857 2424 καὶ
874 2400 888 2425 ὁ
900 2400 928 2424 ἐν

144 2441 265 2474 μάρτυσι
280 2441 463 2475 μυροϐλύτης,
478 2440 528 2477 τὴν
550 2441 598 2468 τοῦ
624 2443 735 2477 ῥείθρου
757 2443 928 2478 πλημμύραν

144 2485 283 2519 ἀνακύψας
296 2487 343 2512 ἐπὶ
360 2486 469 2521 μικρὸν,
493 2486 543 2521 τῆς
565 2487 670 2518 οἰκείας
697 2487 801 2519 πόλεως
831 2489 928 2522 ἐπιση-

145 2532 228 2565 μῆναι
247 2532 296 2566 τὴν
310 2532 466 2567 συμφοράν,
488 2532 518 2559 Ὀ
532 2532 561 2559 δὲ
581 2533 630 2567 τὴν
652 2532 729 2559 πόλιν
757 2533 929 2568 περτκλύζων

143 2578 271 2612 δεύτερος
285 2579 417 2613 ποταμὸς,
429 2578 459 2605 οὗ
475 2579 505 2605 τὸ
520 2578 610 2613 ῥεῦμα
625 2578 680 2605 τῶν
701 2579 788 2612 λόγων
809 2579 856 2606 καὶ
882 2579 928 2605 τοῦ

145 2624 243 2650 Νείλου
260 2625 436 2659 καταράκτας
449 2625 621 2660 ἀπέκρυψεν,
637 2624 776 2651 ἐπαύσατο
790 2625 870 2659 ῥέων,
883 2625 929 2652 καὶ

142 2671 157 2696 ὁ
173 2671 256 2701 πολὺς
270 2671 373 2702 ἐκεῖνος
391 2671 479 2704 ῥοῖζος
496 2672 633 2707 ἐσίγησεν,
657 2671 711 2698 Καὶ
736 2671 783 2698 νῦν
812 2671 837 2698 οἱ
866 2672 930 2707 χθὲς

143 2717 239 2751 χανδὸν
253 2717 442 2751 ὲκροιροῦντες,
456 2718 504 2744 καὶ
524 2717 563 2752 τῷ
592 2717 712 2752 μελιχρῷ
733 2718 779 2745 τοῦ
809 2718 929 2753 νάματος

145 2761 482 2796 γλυκαζόμενοι,αὑαλέοι
505 2764 625 2798 σήμερον
651 2764 699 2790 καὶ
719 2765 861 2798 περικαείς
891 2764 929 2798 τῷ

144 2809 212 2843 πυρὶ
227 2809 275 2842 τῆς
289 2808 367 2843 δίψης
383 2808 586 2843 καμινεύονται.
598 2809 746 2844 Διψήσουσι
760 2810 781 2836 δ’
794 2808 929 2844 οἶμαικαὶ

147 2853 212 2879 πολύ
233 2862 258 2879 τι
277 2854 356 2888 μέρος
370 2854 418 2889 τῆς
434 2855 606 2889 οἰκουμένης,
622 2855 678 2881 ὅσοι
696 2855 750 2882 τῶν
763 2855 809 2881 τοῦ
837 2855 925 2890 μάκα-

147 2908 196 2933 ρος
217 2899 345 2934 ναμάτων
360 2900 506 2933 ἐγεύσαντο
524 2908 531 2916 ·
547 2901 571 2927 οἱ
588 2901 637 2935 μὲν
653 2902 684 2928 ἐκ
702 2901 748 2928 τοῦ
774 2900 865 2936 σχεδὸν
879 2902 927 2936 τῆς

979 2304 1048 2332 facta
1072 2311 1115 2333 est
1143 2305 1426 2333 Thessalonicensium
1458 2305 1576 2339 civitas,
1615 2310 1643 2333 ct
1671 2310 1767 2340 praeter

978 2351 1099 2382 bellum.
1137 2351 1278 2378 incursum
1321 2350 1503 2378 Barbarorum
1549 2358 1659 2378 suarum
1706 2358 1767 2386 pre-

980 2396 1126 2423 tiosissima
1165 2404 1334 2432 gemmarum
1358 2396 1408 2423 fuit
1435 2401 1529 2424 exuta.
1555 2395 1666 2424 Videtur
1698 2397 1765 2425 mihi

978 2442 1022 2470 ille
1042 2443 1112 2469 inter
1127 2447 1261 2477 martyres
1275 2441 1457 2477 Myrostillans
1471 2441 1611 2476 paululum
1635 2449 1767 2477 suspenso

978 2488 1052 2515 ﬂuxu
1069 2496 1180 2522 prorsus
1193 2487 1339 2521 odorifero,
1356 2488 1432 2516 urbis
1449 2488 1622 2523 signiﬁcasse
1638 2488 1765 2515 exitium.

979 2534 1117 2560 Posterior
1142 2534 1237 2560 urbem
1254 2534 1369 2568 irrigans
1386 2533 1496 2565 ﬂuvius,
1509 2533 1590 2569 cujus
1603 2541 1764 2561 sermonum

978 2578 1080 2606 ﬂuento
1095 2577 1146 2605 Nili
1169 2579 1252 2613 ipsius
1269 2578 1370 2606 cedunt
1381 2583 1542 2613 cataractae;
1561 2578 1647 2607 ﬂuere
1672 2579 1764 2611 desiit,

979 2628 1005 2651 et
1021 2631 1134 2659 magnus
1151 2623 1195 2651 ille
1209 2623 1300 2659 fragor
1315 2624 1402 2651 siluit.
1420 2623 1454 2651 Et
1469 2631 1542 2652 nunc
1556 2624 1602 2659 qui
1616 2624 1672 2652 lteri
1684 2624 1765 2659 pleno

979 2677 1026 2697 ore
1056 2670 1181 2697 bibentes
1207 2677 1288 2697 amne
1314 2669 1443 2697 melliﬂuo
1463 2670 1680 2702 delectabantur,
1698 2669 1763 2697 sicci

979 2715 1059 2744 hodie
1073 2720 1100 2743 et
1116 2716 1211 2744 torridi
1240 2716 1302 2744 sitis
1324 2716 1386 2752 igne
1401 2721 1529 2744 uruntur.
1543 2716 1643 2744 Sitient
1669 2716 1771 2748 etiamp
1799 2713 1803 2720 ⁵

979 2770 1022 2790 me
1049 2761 1149 2796 judice,
1178 2763 1255 2790 multi
1280 2762 1383 2791 telluris
1407 2763 1502 2790 incolae
1530 2766 1663 2797 quotquot
1690 2761 1764 2788 Beati

980 2809 1066 2837 nostri
1083 2808 1180 2836 ﬂuenta
1199 2813 1395 2844 gustaveruut;
1426 2813 1481 2836 tmn
1501 2808 1547 2842 qui
1575 2808 1666 2842 lingua
1681 2815 1764 2835 aurea

984 2855 1096 2890 propius
1121 2855 1290 2889 gaudebant.
1320 2860 1375 2882 tum
1409 2855 1454 2889 qui
1476 2853 1571 2888 procul
1593 2854 1662 2880 echo
1676 2854 1764 2888 perci-

981 2901 1100 2937 piebant.
1110 2901 1168 2928 Non
1179 2902 1250 2928 enim
1264 2902 1365 2929 tonitru
1378 2900 1513 2934 indignior
1520 2906 1676 2927 sermonum
1691 2899 1766 2928 illius
