1959 3130
220 147 275 180 763

594 145 791 179 EUTIIYMII
812 145 1008 176 LAUDATIO
1034 145 1234 177 FUNEBRIS
1253 146 1465 177 EUSTATHII

1801 142 1859 176 76!

223 212 264 229 σει
282 202 396 229 τέλειον.
411 201 497 235 Αὐτὸς
514 202 564 236 μὲν
583 202 638 237 γὰρ
665 202 695 228 ὲν
721 201 825 235 ἀκακίᾳ
854 199 967 234 καρδίας
983 199 1012 224 ἐν
1027 198 1103 233 μέσῳ
1116 199 1165 235 τῆς
1179 199 1266 232 οἰκίας
1300 200 1486 236 διεπορεύετο,
1518 199 1573 235 ὅσῳ
1594 199 1718 235 προόδοις
1742 207 1773 226 τε
1805 199 1858 226 καὶ

222 249 357 284 περιόδοις
381 250 431 276 οὐκ
448 247 622 283 ἐνησμένιζεν
647 249 679 275 ὲκ
703 249 838 283 νεότητος,
866 246 928 274 οὐδὲ
954 245 1041 280 θύρας
1074 246 1210 274 πλουσίων
1238 247 1338 282 μᾶλλον
1364 249 1380 283 ἢ
1412 247 1467 274 τῶν
1494 247 1593 280 λογίων
1622 246 1753 282 ὲξέτριϐε.
1785 247 1859 280 Πρε-

224 295 330 323 σεεύων
348 295 376 322 δὲ
391 296 459 322 ἀλλὰ
483 296 530 322 καὶ
544 295 594 330 τὴν
608 295 748 330 ἀλήθειαν,
766 295 813 322 καὶ
823 295 898 327 ἀγων
910 293 953 319 ίσα
969 290 1039 324 Θεῷ,
1054 291 1117 324 τοὺς
1133 292 1277 325 ποιοῦντας
1292 293 1462 329 παραόάσεις
1488 293 1588 329 ἐμίσει,
1612 293 1658 321 καὶ
1677 294 1740 324 τοὺς
1767 292 1859 328 λάθρα

223 342 269 368 τοῦ
288 342 402 375 πλησίον
425 341 643 371 καταλαλοῦντας
676 341 723 368 καὶ
745 340 937 375 ψιθυρίζοντας
965 335 1116 369 ἐξεδίωκεν,

259 386 286 412 5.
301 386 323 412 0
337 385 402 420 quid
422 386 458 412 tui
487 386 561 420 prius
586 385 705 418 deﬂebo,
727 385 810 413 frater
823 382 1008 412 divinissime?

1095 382 1165 412 et")
1177 386 1203 411 τί
1216 393 1263 412 σου
1278 385 1384 420 πρῶτον
1398 385 1617 420 ἀποκλαύσομαι,
1634 385 1756 412 θειότατε
1776 386 1859 412 ἀδελ·

223 431 293 463 Quid
309 431 347 458 tui
365 431 524 467 lacrymabo
550 431 709 467 posterius?
725 431 890 459 Gravitatem
909 434 936 457 et
949 429 1008 464 phi-

223 475 388 510 losophiam,
400 476 443 503 vel
458 476 615 503 societatem
625 481 706 511 atque
717 474 898 503 charitatem?
912 474 1010 508 linguze

223 520 406 555 prudentiam,
424 527 471 548 aut
487 521 647 549 suavitatem
667 526 695 548 et
708 521 822 557 gratiam
833 521 846 548 τ
858 519 1010 555 pontillcia-

224 567 277 594 lem
292 568 438 600 honorem,
455 571 503 594 aut
520 567 658 602 politicam
674 567 909 594 conversationem
923 566 934 592 7
947 565 1012 592 0m-

224 613 270 640 nia
288 614 360 640 enim
384 613 465 641 simul
488 613 600 641 collecta
626 620 688 648 quae
709 612 846 641 hominem
872 613 1011 640 adornant

224 659 297 686 inter
314 666 343 686 se
354 659 455 694 optime
471 659 630 686 coordinata
650 659 807 694 temperain
822 664 848 685 et
862 659 888 685 in
904 665 1013 692 compo-

225 705 351 732 sitionem
384 704 521 739 perfecisti
552 712 634 739 quam
660 709 720 731 arte
747 705 891 732 eﬂormant
922 704 1012 731 omnis

226 751 336 786 generis
359 751 439 778 ﬂores
466 755 549 785 atque
567 751 685 779 colores.
704 750 726 779 0
746 755 855 785 quanta:
869 751 962 785 gratias
975 751 982 777 ι
997 757 1013 777 o

227 803 345 830 quantus
373 797 467 829 decor,
497 801 660 832 quantaque
687 797 824 825 virtutes!
843 805 859 824 ο
874 797 915 824 vir
931 797 1013 824 etiam

227 847 291 869 ante
313 842 394 869 ﬁnem
411 843 590 876 beatiﬁcatus,
611 847 638 871 et
659 848 721 878 post
747 843 826 870 ﬂnem
846 848 955 879 propter
973 844 1015 878 ja-

227 893 333 915 cturam
351 889 461 924 quidem
487 889 613 924 deﬂetus,
632 890 678 918 sed
695 895 806 924 propter
821 890 934 916 virtutes
947 890 1016 917 cele-

229 933 322 961 bratus
333 935 340 961 !
353 933 375 962 0
388 934 515 970 juventus
525 936 645 971 gloriosa
656 937 662 963 l
674 944 690 962 o
701 941 825 964 senectus
836 936 1014 963 coucinendal

231 979 297 1006 Nam
309 982 438 1014 juvenem
458 981 553 1008 habuit
566 989 627 1008 eum
649 982 801 1009 litterarum
817 981 926 1014 civitas,
941 981 1017 1009 Con-

229 1025 441 1060 stantinopolis,
473 1031 499 1053 ct
527 1027 616 1055 omnis
645 1027 774 1061 inventus
798 1028 896 1056 litteris
927 1027 1016 1055 dedita

229 1071 300 1098 circa
322 1072 414 1105 illum;
447 1072 586 1101 Musarum
612 1075 686 1102 velut
714 1074 844 1109 templum
861 1077 940 1107 erat;
965 1074 1017 1101 alia

230 1118 353 1151 qun-dam
368 1118 525 1150 Academia,
541 1119 699 1148 Porticusve
723 1125 750 1148 et
772 1119 1013 1154 Peripateticorum

231 1164 493 1192 deanibulatorium.
520 1166 597 1194 Alios
623 1166 733 1201 quidem
776 1166 964 1193 introducebat
991 1166 1018 1193 in

230 1210 439 1243 grammaticam
454 1231 462 1244 ,
495 1211 522 1238 in
541 1216 628 1239 metra
659 1217 739 1247 atque
759 1212 874 1247 poesim,
895 1216 968 1239 tanta
985 1212 1018 1239 de

231 1254 286 1281 illis
306 1255 420 1282 scientia
448 1256 579 1291 praeditus
606 1261 636 1284 ut
662 1257 737 1284 nullo
764 1257 844 1284 modo
871 1257 905 1284 ab
923 1263 1018 1284 earum

231 1301 463 1336 excogitatorihus
489 1308 633 1338 superatus
653 1303 768 1337 fuisset;
793 1304 862 1331 alios
881 1311 945 1330 vero
968 1304 1020 1330 lin-

231 1353 313 1380 gnam
329 1347 453 1382 docebat,
470 1350 502 1376 nd
528 1349 690 1376 rhetoricam
711 1350 818 1383 ductos,
832 1355 857 1377 et
875 1350 942 1376 alios
959 1349 1020 1376 aliis

233 1394 378 1420 exercebat
403 1399 459 1421 tum
478 1395 698 1423 institutionibus
723 1401 778 1423 tum
805 1396 949 1423 doctrinis.
967 1395 1019 1423 Sed

233 1445 268 1466 eo
279 1439 422 1473 juventam
438 1446 617 1475 transgresso,
637 1447 664 1469 et
676 1443 702 1468 in
718 1442 863 1477 pontiﬁciae
881 1442 1020 1477 dignitatis

236 1484 409 1513 altitudinem
426 1488 601 1520 ascendente,
619 1488 683 1522 quid
698 1497 810 1516 necesse
822 1489 899 1524 plura
909 1489 1020 1516 dicere?

236 1531 313 1560 Unus
339 1533 367 1561 in
383 1534 572 1568 pontiﬁcibus,
593 1544 665 1564 unus
681 1536 707 1564 in
723 1537 891 1572 sapientibus
906 1537 1022 1564 Thessa-

235 1578 382 1606 lonicensis
396 1580 542 1615 episcopus
563 1582 597 1609 ab
607 1582 736 1610 omnibus
760 1582 970 1617 prmdicabatur.
990 1583 1022 1610 Et

237 1631 310 1651 nunc
323 1624 377 1651 vita
389 1625 546 1654 defunctum
564 1627 652 1662 plorat
668 1632 740 1656 totus
753 1628 894 1656 doctorum
911 1629 1023 1661 chorus,

235 1672 263 1695 et
280 1669 396 1704 amplius
423 1670 484 1698 istis
508 1671 645 1706 sapientes
672 1673 732 1707 ejus
764 1673 911 1708 discipuli;
936 1673 1024 1707 plorat

235 1713 316 1740 etiam
335 1715 404 1742 ordo
420 1716 576 1750 pontiﬁcum
593 1725 644 1745 suo
662 1723 832 1750 ornamento,
859 1726 909 1746 suo
924 1719 1023 1746 decore

235 1764 346 1794 exutus,
363 1765 392 1788 et
413 1762 531 1796 amplius
546 1763 604 1790 istis
618 1771 667 1799 ego
686 1763 747 1798 cjus
764 1765 844 1792 annis
865 1765 978 1800 aequalis
994 1768 1022 1792 et

237 1805 407 1834 educationis
422 1808 512 1836 socius
526 1817 630 1837 necnon
644 1810 797 1838 studiorum
809 1811 1022 1845 condiscipulus,

237 1851 283 1885 qui
299 1859 378 1879 omne
402 1853 556 1888 juventutis
583 1861 691 1891 tempus
716 1865 776 1884 cum
799 1857 860 1892 ipso
875 1857 902 1884 in
928 1858 1022 1885 eadem

240 1897 323 1924 domo
350 1904 531 1928 conversatus
548 1902 688 1936 transegi;
719 1907 746 1930 et
768 1908 797 1930 ut
816 1904 905 1930 omnia
924 1904 951 1931 in
969 1911 1024 1931 uno

237 1942 374 1976 colligam,
393 1944 420 1970 in
434 1953 515 1973 unam
529 1948 610 1976 ambo
624 1948 744 1976 animam
761 1949 913 1977 continuati
928 1957 1025 1977 sumus

237 1993 266 2015 et
282 1990 472 2024 conglutinati.

275 2078 302 2106 6.
318 2079 380 2108 Herc
395 2082 521 2111 manibus
539 2083 592 2111 tuis
607 2084 735 2118 libamus,
759 2093 776 2113 o
800 2085 892 2113 divum
913 2090 939 2113 et
957 2085 1024 2113 mihi

239 2125 434 2153 amicissimum
467 2133 559 2163 caput.
588 2128 652 2157 Hac
677 2135 742 2157 sunt
770 2137 831 2165 quae
859 2130 906 2157 tibi
934 2130 1026 2165 lingua

241 2170 343 2197 sodalis
355 2172 454 2199 dilecta
478 2173 566 2206 oﬂ‘ert,
583 2183 664 2210 quam
687 2176 751 2203 olim
780 2177 934 2211 loquentem
952 2183 1027 2203 ama-

240 2215 301 2248 bas,
317 2225 388 2245 nunc
404 2226 469 2246 vero
487 2220 580 2248 dolore
597 2222 716 2249 ardentis
731 2222 790 2257 ejus
803 2230 856 2250 non
873 2223 1021 2256 misereris,

241 2270 292 2291 nec
309 2270 343 2290 ex
370 2265 431 2292 sinu
456 2267 617 2300 patriarcha:
638 2269 664 2294 in
690 2276 744 2302 quo
757 2269 874 2304 portaris
891 2270 1025 2297 roscidam

240 2310 374 2344 guttulam
393 2312 471 2339 nobis
484 2313 586 2340 emittis
603 2313 720 2341 tristitiae
742 2315 803 2350 igne
830 2315 1022 2344 aestuantibus.

1062 431 1095 465 φέ
1107 431 1156 464 ςτί
1170 431 1199 458 δέ
1209 440 1256 457 σου
1267 431 1395 466 δακρύσω
1405 431 1546 466 διὺτερονς
1561 432 1598 458 Τὸ
1609 431 1738 467 ἐμϐριθὲς
1752 431 1800 458 καὶ
1815 441 1862 465 φι-

1062 477 1186 510 λόσοφον,
1198 476 1214 511 ἢ
1226 477 1256 504 τδ
1271 477 1429 504 κοινωνικὸν
1438 477 1484 504 καὶ
1498 477 1659 512 φιλάλληλον
1675 486 1683 510 ;
1699 478 1735 504 Τὺ
1748 478 1860 512 σῶφρον

1062 522 1114 556 τῆς
1127 523 1260 557 γλώττης,
1275 523 1292 558 ἢ
1304 523 1334 549 τὸ
1345 523 1431 557 γλυκύ
1444 532 1472 549 τε
1485 524 1532 550 καὶ
1543 523 1712 558 χάριςνιτὴν
1727 525 1862 559 ἀρχιερα-

1063 568 1143 604 τικὴν
1158 568 1344 603 εὐκοσμίαν,ἢ
1358 569 1407 604 τὴν
1419 569 1559 603 πολιτικὴν
1570 569 1732 604 ἐπιφάνειαν
1745 570 1861 601 ﬂii/1a.

1064 615 1119 648 γὰρ
1135 614 1202 649 όμοῦ
1218 615 1368 646 συλλαϐὼν,
1388 615 1439 642 ὅσα
1450 624 1477 641 τε
1491 616 1576 646 ὅντως
1585 615 1733 649 κοσμοῦσιν
1749 615 1861 649 ἄνθρω-

1065 668 1126 692 πον,
1143 659 1269 694 ἀλλήλοις
1282 661 1369 687 ταῦτα
1379 661 1468 692 καλῶς
1487 661 1660 696 συνήρμοσάς
1671 669 1700 687 τε
1712 661 1760 688 καὶ
1777 670 1861 687 συνε-

1065 705 1196 740 κέρασας,
1210 707 1258 733 καὶ
1272 707 1312 737 είς
1325 707 1486 741 οἰκονομίαν
1511 707 1698 742 ὲξετελέσθης,
1717 707 1751 742 ἢν
1765 716 1861 742 τεχνι-

1066 752 1123 782 κῶς
1141 751 1339 787 έμορφὼσαντο
1350 753 1511 779 παντοδαπὰ
1529 753 1577 779 καὶ
1593 752 1661 787 ἄνθη
1675 754 1721 779 καὶ
1746 754 1863 788 χρώμα-

1066 804 1111 824 τα.
1126 794 1161 823 Ὦ
1182 797 1351 831 τηλικούτων
1374 797 1515 833 χαρίτωνῐ
1543 795 1565 825 ὦ
1588 798 1721 825 τοσούτου
1754 799 1861 832 κόσμου

1068 842 1116 870 καὶ
1132 843 1236 878 ἀρετῶν
1264 843 1271 869 ι
1290 840 1312 870 ὦ
1327 843 1470 878 ἄνθρωπος
1490 844 1536 870 καὶ
1551 844 1604 879 πρὸ
1621 844 1749 878 τελευτῆς
1773 845 1863 875 ὅντως

1071 889 1303 924 μακαριζόμενος,
1323 889 1370 916 καὶ
1386 889 1455 924 μετά
1466 889 1596 924 τελευτὴν
1610 889 1653 915 διὰ
1670 888 1718 923 μὲν
1730 890 1781 924 τὴν
1810 889 1862 923 ζη-

1072 935 1139 969 μίαν
1159 935 1355 970 θρηνούμενος,
1369 935 1414 961 διά
1426 935 1454 962 δὲ
1467 936 1517 966 τὰς
1530 935 1630 971 ἀρετὰς
1642 935 1862 970 ὲξυμνούμενοςί

1068 978 1105 1008 Ὦ
1123 981 1218 1016 νεότης
1245 980 1401 1016 περίδοξοςί
1424 977 1446 1008 ὧ
1471 981 1561 1016 γῆρας
1588 981 1728 1015 ἀοίδιμονῐ
1757 981 1865 1013 ’Λκμά-

1071 1025 1152 1058 ζοντα
1169 1026 1218 1061 μὲν
1238 1026 1292 1060 γὰρ
1303 1024 1361 1061 εἶχέ
1375 1027 1434 1061 τεή
1455 1026 1510 1053 τῶν
1524 1026 1611 1060 λόγων
1631 1025 1718 1057 πόλις,
1737 1027 1754 1060 ἡ
1784 1027 1867 1052 Κων-

1032 1057 1058 1088 B
1071 1057 1224 1102 σταντίνου.
1244 1057 1480 1107 καὶήΙφιλολόγος
1494 1057 1602 1098 νεολαία
1623 1072 1697 1098 πᾶσα
1728 1057 1794 1106 περὶ
1816 1072 1866 1097 αὖ-

1070 1116 1184 1149 simul
1199 1114 1234 1150 ἦν
1255 1117 1380 1150 μουσεῖον
1397 1115 1529 1150 ἄντικρυς
1559 1115 1590 1141 τὺ
1615 1115 1761 1149 δωμάτιον,
1796 1114 1866 1148 ἄλλη

1069 1171 1110 1194 τις
1130 1161 1283 1196 Ἀκαδημία
1296 1162 1344 1188 καὶ
1359 1161 1428 1188 Στοά
1443 1162 1491 1187 καὶ
1505 1161 1671 1196 Περίπατος.
1686 1161 1740 1186 Ka‘t
1753 1157 1795 1192 οἷς
1814 1159 1866 1193 μὲν

1071 1209 1200 1244 ἐχορήγει
1217 1208 1419 1244 γραμματικὴν
1430 1209 1478 1234 καὶ
1493 1209 1580 1243 μέτρα
1603 1207 1652 1234 καὶ
1674 1207 1795 1240 ποίησιν,
1824 1215 1867 1232 τοι

1072 1255 1176 1290 σαύτην
1188 1255 1258 1290 έχων
1274 1255 1379 1282 τούτων
1391 1255 1441 1291 τὴν
1456 1255 1624 1289 ἐπιστήμην,
1637 1253 1675 1284 ὡς
1699 1253 1784 1288 μηδὲν
1808 1253 1866 1279 τῶν

1071 1300 1236 1334 ἀρξαμένων
1252 1300 1328 1334 σφῶν
1352 1299 1488 1335 εὑρέσεως
1514 1299 1733 1325 ἀπολείπεσθαι·
1765 1294 1806 1328 οἷς
1837 1297 1867 1323 δι

1071 1347 1258 1382 τὴνγλῶτταν
1282 1347 1386 1380 ἡκόνει,
1420 1346 1576 1381 ῥητορικῶς
1595 1344 1791 1379 ἐξηγούμενος,
1818 1343 1868 1370 καὶ

1071 1391 1168 1423 ἄλλους
1179 1392 1269 1424 ἄλλοις
1285 1392 1394 1427 ἑνήσκει
1411 1392 1459 1418 καὶ
1477 1391 1643 1426 παιδεύμασι
1669 1390 1716 1418 καὶ
1732 1389 1868 1424 μαθήμα-

1073 1447 1126 1466 σιν.
1141 1438 1223 1464 Ὅθεν
1237 1438 1284 1464 καὶ
1300 1437 1378 1468 κλέος
1387 1437 1466 1472 ἔσχεν
1481 1436 1559 1472 εὐρὺ,
1574 1437 1630 1466 τοῖς
1645 1435 1775 1462 ἁπάντων
1805 1433 1865 1460 κεί-

1074 1495 1154 1521 μενος
1170 1485 1298 1521 στόμασι,
1322 1485 1504 1520 Παραμείψας
1520 1483 1550 1510 δὲ
1563 1483 1610 1510 τδν
1622 1483 1695 1515 νέον,
1712 1482 1761 1508 καὶ
1775 1481 1819 1512 είς
1834 1481 1865 1507 τὶ

1072 1532 1122 1566 τῆς
1155 1531 1361 1567 ἀρχιερωσύνης
1386 1531 1450 1565 ὕψος
1482 1529 1661 1565 ἀναδραμὼν,
1677 1529 1705 1555 τί
1725 1529 1766 1554 δεῖ
1779 1526 1870 1554 πολλὰ

1074 1578 1165 1613 λέγειν
1180 1587 1187 1612 ;
1206 1576 1254 1610 Εἷς
1268 1579 1296 1604 ἐν
1306 1576 1493 1613 ἀρχιερεῦσιν,
1513 1574 1554 1608 εἷς
1567 1577 1596 1603 ὲν
1614 1576 1706 1610 σοφοῖς
1729 1576 1742 1601 ό
1763 1575 1870 1601 Θεσσα-

1073 1624 1183 1660 λονίκης
1197 1624 1272 1659 παρὰ
1287 1625 1370 1651 πᾶσιν
1380 1623 1591 1658 ἀνεκηρύττετο.
1611 1621 1666 1648 Καὶ
1676 1621 1723 1648 νῦν
1737 1622 1788 1655 μὲν
1801 1621 1870 1647 om-

1074 1671 1188 1698 λιπόντα
1201 1671 1247 1698 τὸν
1261 1670 1319 1705 βίον
1334 1670 1428 1706 θρηνεί
1441 1670 1489 1705 μὲν
1505 1670 1519 1696 ὁ
1533 1668 1641 1703 λογικὸς
1667 1668 1748 1703 χορὸς
1780 1669 1869 1700 ἄπας,

1037 1731 1060 1761 c
1077 1717 1125 1743 καὶ
1145 1716 1248 1744 τούτων
1268 1715 1349 1743 πλέον
1366 1716 1391 1742 οί
1408 1716 1486 1749 σοφοὶ
1505 1714 1627 1761 μαθηταί
1643 1722 1650 1730 ·
1661 1713 1758 1761 Θρηνεῖ
1771 1713 1802 1741 δὲ
1822 1715 1871 1761 ut

1076 1764 1090 1790 6
1101 1763 1156 1790 τῶν
1171 1762 1324 1799 ἀρχιερέων
1339 1762 1503 1796 κατάλογος,
1529 1761 1558 1788 ὃν
1574 1759 1630 1796 εἶχε
1657 1760 1794 1795 καύχημα
1823 1760 1871 1787 καὶ

1077 1810 1179 1844 κόσμον
1191 1808 1346 1840 ἀποϐαλὼν,
1365 1808 1412 1835 καὶ
1427 1807 1531 1834 τούτων
1547 1807 1629 1833 πλέον
1649 1805 1703 1840 ὲγὼ
1719 1807 1733 1832 ό
1759 1806 1871 1841 συνηλι-

1077 1855 1181 1891 κιὼτης
1195 1855 1242 1882 καὶ
1260 1855 1423 1890 σύντροφος,
1441 1854 1472 1886 ὃς
1489 1854 1537 1881 καὶ
1562 1853 1733 1889 μαθημάτων
1759 1862 1873 1888 συμμεο

1077 1903 1174 1937 τέσχον
1185 1901 1271 1936 αὐτῷ,
1294 1902 1341 1928 καὶ
1356 1902 1402 1928 τὸν
1424 1901 1515 1927 πάντα
1543 1899 1594 1935 τῆς
1619 1900 1747 1934 νεότητος
1772 1901 1873 1934 χρόνον

1078 1947 1260 1983 συνηυλίσϐην
1273 1956 1303 1973 τε
1324 1948 1371 1973 καὶ
1392 1946 1542 1980 σννέςησα,
1562 1947 1609 1972 καὶ
1632 1945 1675 1972 Eva
1693 1945 1816 1973 συνελὼν
1836 1945 1875 1972 εἴ-

1078 2002 1132 2027 πω,
1156 1995 1195 2026 εἰς
1226 1993 1291 2028 μίαν
1319 1993 1404 2028 ἄμφω
1424 1992 1513 2028 ψυχὴν
1536 1991 1744 2027 συνεκράθημέν
1771 1999 1804 2018 τε
1827 1993 1874 2019 καὶ

1080 2039 1274 2075 συνεδέθημεν.

1117 2089 1154 2119 ς’.
1171 2085 1257 2113 Αὖταί
1274 2094 1314 2112 σοι
1334 2085 1455 2120 κειμένῳ
1479 2084 1544 2119 παρ’
1560 2084 1638 2119 ἡμῶν
1653 2084 1681 2111 αἱ
1706 2084 1781 2119 χοαὶ,
1811 2083 1874 2110 θεία

1079 2133 1126 2159 καὶ
1152 2131 1268 2166 φιλτάτη
1285 2140 1330 2166 μοι
1343 2131 1462 2166 κεφαλὴ.
1477 2130 1572 2157 Ταῦτά
1586 2139 1628 2156 σοι
1641 2131 1675 2157 τὰ
1705 2131 1755 2165 τῆς
1774 2130 1874 2165 φιλου-

1082 2179 1165 2214 μένης
1181 2178 1305 2213 γλώττης
1329 2179 1378 2204 καὶ
1395 2177 1490 2212 ἥλικος
1514 2177 1698 2212 ἐναγίσματα,
1721 2177 1757 2212 ἢν
1789 2176 1876 2204 πάλαι

1083 2225 1131 2260 μὲν
1146 2224 1283 2251 λαλοῦσαν
1295 2223 1418 2259 ἠγάπας,
1432 2222 1480 2249 νῦν
1497 2221 1526 2248 δὲ
1540 2221 1578 2257 τῷ
1600 2221 1681 2249 πάθει
1697 2222 1876 2257 φλεγομένην

1081 2271 1132 2298 οὐκ
1148 2270 1233 2302 ἐλεεῖς
1249 2278 1256 2284 ·
1276 2269 1338 2296 οὐδὲ
1352 2269 1408 2295 ἀπὸ
1421 2268 1468 2295 τοῦ
1491 2268 1622 2304 φέροντός
1646 2276 1676 2294 σε
1705 2268 1813 2294 κόλπου
1829 2267 1876 2294 τοῦ

1082 2314 1283 2352 πατριαρχικοῦ
1303 2315 1350 2341 καὶ
1385 2314 1553 2350 δροσόεσσαν
1585 2313 1679 2348 ρανίδα
1700 2313 1878 2347 ὲπιπέμπεις

1082 2361 1148 2395 ἡμῖν
1165 2359 1372 2394 φλογιζομένοις
1389 2358 1429 2394 τῷ
1441 2358 1492 2393 τῆς
1508 2357 1598 2394 λύπης
1616 2358 1694 2393 πυρί.

276 2399 375 2434 Accipe
396 2407 460 2434 ergo
475 2400 533 2428 hmc
553 2408 568 2428 a
584 2401 673 2434 nobis,
698 2410 782 2437 pauca
800 2403 912 2438 quidem
928 2411 959 2431 ac
976 2404 1020 2439 spil

1117 2405 1162 2432 Σοὶ
1178 2405 1228 2440 μὲν
1242 2404 1288 2431 οὖν
1306 2404 1394 2431 ταῦτα
1411 2403 1478 2439 παρ’
1498 2404 1575 2439 ἡμῖν,
1593 2403 1671 2437 ὀλίγα
1695 2403 1748 2438 μὲν
1765 2403 1817 2430 καὶ
1839 2403 1878 2438 τῷ

241 2445 297 2472 ritu
325 2446 472 2474 anhelante
498 2449 661 2482 composita.
688 2449 832 2481 Quomodo
859 2449 933 2477 enim
960 2457 1031 2485 equo

241 2492 303 2525 quis
318 2492 440 2520 insidens
466 2493 567 2528 stylum
592 2495 794 2530 exerceathui
821 2496 909 2530 capite
937 2496 1032 2523 dolens

241 2544 269 2567 ct
282 2539 362 2568 annis
374 2541 464 2575 gravis
480 2543 597 2569 amicum
611 2547 697 2570 morte
707 2548 827 2578 ereptum
839 2543 921 2577 digne
931 2543 1033 2570 ﬂeam?

242 2585 298 2613 Nos
313 2593 422 2621 quoque
432 2587 578 2622 aliquando
593 2592 672 2616 terra!
685 2589 802 2616 Creditos
821 2590 901 2616 amici
914 2589 1033 2616 circum-

243 2631 355 2658 stabunt
377 2632 465 2665 multi,
482 2633 530 2660 sed
549 2633 619 2661 nulla
639 2641 692 2662 vox
715 2635 804 2670 qualis
826 2641 870 2662 tua
894 2636 956 2666 fuit,
982 2642 1032 2662 nos

243 2677 411 2706 celebrabit:
429 2684 456 2706 et
475 2680 526 2707 hoc
541 2681 650 2715 quidem
665 2680 750 2716 priori
771 2681 919 2708 calamilati
935 2688 1033 2708 secun-

244 2722 308 2750 dum
324 2723 431 2751 additur
445 2724 635 2753 infortunium.

1083 2451 1131 2478 τοῦ
1149 2450 1252 2485 δρόμου
1281 2449 1401 2484 ἄσθματι
1433 2449 1533 2484 μικροῦ
1556 2448 1786 2484 συμπνιγόμενα·
1819 2449 1879 2480 πῶς

1085 2497 1141 2532 γὰρ
1157 2497 1203 2523 καὶ
1218 2496 1262 2531 ἐφ’
1277 2496 1362 2522 ἵππου
1379 2495 1480 2531 βαίνων
1499 2503 1542 2526 τις
1558 2495 1605 2521 καὶ
1621 2495 1878 2529 λογογραφήσειςν;

1085 2544 1144 2574 πῶς
1160 2543 1249 2570 δὲκαὶ
1269 2542 1363 2578 δρόμῳ
1387 2542 1509 2575 κεφαλὴν
1532 2541 1698 2576 τεινόμενος,
1728 2540 1779 2567 καὶ
1805 2543 1878 2576 γίορα

1086 2589 1295 2624 καμπτόμενος,
1314 2587 1382 2623 πρὸς
1399 2588 1477 2621 ἀξίαν
1501 2586 1633 2622 θρηνήαει
1648 2587 1696 2613 τὸν
1718 2587 1799 2621 φίλον
1822 2588 1878 2613 κείς

1087 2643 1168 2671 μενον
1181 2643 1188 2668 ;
1202 2635 1276 2670 ἡμᾶς
1294 2634 1322 2661 δὲ
1339 2633 1408 2669 μετά
1426 2634 1456 2660 σὲ
1471 2633 1613 2667 κειμένους
1626 2632 1699 2667 φίλοι
1726 2633 1780 2667 μὲν
1814 2634 1879 2664 toto;

1087 2681 1180 2707 πολλοὶ
1194 2680 1418 2716 περιστήσονται,
1433 2678 1546 2710 γλῶσσα
1561 2677 1590 2704 δὲ
1610 2678 1721 2708 πάντως
1749 2678 1782 2704 οὗ
1803 2686 1878 2713 περι-

1085 2726 1197 2761 λαλήσει
1231 2725 1277 2752 τὸν
1297 2724 1413 2760 τύμὸον,
1439 2724 1498 2751 οῖαν
1521 2723 1572 2758 τὴν
1598 2723 1649 2758 σὴν
1672 2723 1877 2759 ὶγνωρίσαμεν.

1087 2773 1142 2799 Καὶ
1158 2771 1234 2798 ἔσται
1259 2780 1303 2806 μοι
1318 2771 1366 2798 καὶ
1387 2770 1467 2797 τοῦτο
1488 2770 1557 2804 μετὰ
1585 2769 1635 2804 τὴν
1660 2768 1709 2796 νῦν
1733 2770 1879 2805 συμφορὲν

1085 2817 1116 2844 δυ
1122 2815 1248 2852 στύχημα
1260 2815 1396 2850 δεύτερον,
