1959 3130
134 182 189 214 769

169 238 299 274 Διήγησις
314 236 502 269 εὐσεῦοὗςδιὰ
519 235 619 266 παντὸς
635 235 725 268 σοφία.

177 282 221 307 Ἐν
236 282 350 316 στόματι
363 280 484 308 εὐσεϐῶν
498 279 718 314 πληθυνθήσεται
732 277 888 313 ἄνθρωπος.

171 328 330 363 Ἀνθρωπος
346 327 461 360 εὐσεϐὴς
474 327 502 352 ὲν
516 325 599 361 σοφίᾳ
620 325 706 360 μένει,
727 324 766 355 ὡς
779 324 793 350 ὁ
805 323 892 359 ἥλιος.

172 418 267 449 Πίστις
283 418 323 450 είς
335 417 381 445 τὸν
395 417 481 445 αἰῶνα
497 417 673 452 σταθήσεται.

177 465 263 499 Ἆμὴν
281 465 353 500 ἀμὴν
368 465 440 498 λέγω
453 465 527 499 ὑμῖν,
540 464 587 490 ὲὰν
598 463 678 498 ἔχητε
690 463 783 489 πίστιν
801 462 838 492 ὡς
855 463 922 488 κόκ-

138 519 185 537 κον
202 511 345 542 σινάπεως,
367 510 456 544 ἐρεῖτε
473 509 512 544 τῷ
529 509 587 545 ὕρει
601 509 690 544 τούτῳ
701 517 708 524 ν
721 507 864 542 Μετάϐηθι
881 509 924 534 ὲν-

138 557 232 583 τεῡθεν
244 556 311 588 ἐκεῖ,
324 557 370 582 καὶ
384 555 583 590 μεταϐήσεται.

180 602 351 637 Ἀποκριθεὶς
378 601 406 628 δὲ
430 602 535 636 Πέτρος
562 599 625 628 εἶπε
650 600 688 635 τῷ
716 600 823 634 Ἰησοῦ·
857 599 923 626 Ἰδοὺ

139 649 220 684 ἡμεῖς
234 649 381 683 ἀφήκαμεν
397 649 498 679 πάντα,
514 648 562 674 καὶ
578 647 802 682 ἠκολουθήσαμέν
818 654 877 672 σοι·
897 645 924 673 τί

140 695 195 729 ἄρα
220 694 296 720 ἔσται
330 695 414 729 ήμϊν;
446 693 477 720 '0
504 694 533 720 δὲ
571 693 676 728 Ἰησοῦς
707 691 784 720 εἶπεν
813 692 923 723 αὐτοῖς’

144 749 154 766 ι
176 740 264 775 ’Δμὴν
278 740 351 775 ἀμὴν
363 740 435 774 λέγω
450 740 525 774 ὑμῖν,
539 739 581 766 ὁτι
597 740 676 775 ὑμεῖς
688 740 712 766 οι
725 740 925 774 ἀκολουθήσαν-

140 785 185 817 τές
200 794 256 820 μοι,
273 786 302 812 ὲν
314 787 346 820 τῇ
361 785 567 821 παλιγγενεσία,
580 785 644 812 ὅταν
659 785 758 821 καθίσῃ
774 785 788 812 ὁ
802 785 866 816 Υίὸς
877 784 925 811 τοῦ

142 832 288 867 ἀνθρώπου
314 832 361 858 ἐπὶ
388 832 435 859 τοῦ
458 831 553 867 Θρόνου
574 832 654 867 δόξης
673 830 766 865 αὐτοῦ,
793 832 852 859 τότε
880 831 925 858 καὶ

143 879 222 914 ὑμεῖς
248 878 394 905 καθίσεσθε
418 879 466 906 ἐπὶ
492 878 597 905 δώδεκα
625 878 736 913 θρόνους
751 898 758 910 ,
787 878 926 913 κρίνοντες

143 924 192 955 τὰς
203 923 305 950 δώδεκα
317 923 402 957 φυλὰς
411 923 458 950 τοῦ
478 923 596 959 Ἰσραήλ.
609 924 663 950 Καὶ
674 924 726 955 πᾶς
735 925 808 955 ὅστις
821 924 927 957 ἀφῆκεν

143 969 250 1001 οἰκία-ι,
265 969 281 1004 ἢ
297 968 429 1003 ἀδελφοὺς
441 988 449 1000 ,
474 969 491 1003 ἢ
514 969 640 1004 ἀδελφὰς,
658 969 674 1004 ἢ
693 969 810 1004 πατέρα,
835 968 852 1004 ἢ
873 977 927 1004 μη·

143 1016 221 1050 τέρα,
246 1015 407 1050 ἦγυναῖκα,
436 1014 453 1049 ἧ
475 1015 569 1046 τέκνα,
588 1015 604 1049 ἢ
632 1016 734 1049 ἀγροὺς
757 1015 851 1042 ἕνεκεν
880 1014 927 1040 τοῦ

144 1060 278 1096 ὀνόματός
295 1070 358 1096 μου,
374 1061 642 1088 ἑκατονταπλασίονα
657 1061 781 1096 λήψεται,
796 1061 843 1088 καὶ
856 1061 928 1095 ζωὴν

145 1107 252 1134 αἰώνιον
268 1107 448 1141 κληρομήσει.
469 1116 479 1133 ι

181 1153 274 1185 Οὕτως
285 1153 429 1188 ἠγάπησεν
442 1155 456 1180 ὁ
466 1153 531 1185 Θεὸς
540 1153 587 1180 τὸν
598 1154 710 1187 κόσμον,
721 1153 790 1180 ὥστε
806 1153 852 1180 τὸν
866 1153 929 1179 Υίὸν

146 1198 229 1225 αὐτοῦ
247 1199 293 1225 τὸν
308 1198 440 1233 μονογενῆ
453 1199 564 1232 ἔδωκεν,
582 1199 625 1226 ἵνα
640 1200 693 1231 πᾶς
709 1201 723 1226 ὁ
743 1199 878 1226 πιστεύων
890 1200 929 1230 είς

147 1244 229 1271 αὑτὸν
245 1245 283 1279 μὴ
297 1245 443 1279 ἀπόληται.

182 1300 193 1318 ι
215 1291 246 1318 '0
261 1291 396 1319 πιστεύων
411 1292 451 1323 είς
468 1292 531 1326 ἐμὲ,
551 1292 585 1318 τὰ
598 1292 666 1326 ἔργα
678 1291 697 1319 ἃ.
711 1292 765 1325 ἐγὼ
782 1291 861 1324 ποιῶ,
881 1292 932 1318 κά-

147 1337 234 1368 κεῖνος
248 1337 367 1372 ποιήσει,
385 1337 432 1364 καὶ
452 1337 566 1372 μείζονα
578 1337 682 1364 τούτων
699 1337 820 1372 ποιήσει.
835 1346 845 1363 ι

186 1391 196 1409 ι
213 1382 354 1417 Μακάριοι
365 1383 390 1409 οἱ
408 1383 445 1418 μὴ
460 1383 560 1414 ἰδόντες
572 1383 618 1409 καὶ
634 1383 839 1414 πιστεύσαντες.
865 1391 875 1408 ι

189 1428 253 1455 Ἐὰν
265 1427 483 1465 ὀμολογήσῃξὲν
504 1430 543 1464 τῷ
561 1430 674 1465 στόματί
697 1439 756 1463 σου,
775 1430 816 1456 ὅτι
832 1429 931 1464 Κύριος

154 1473 258 1508 Ἰησοῦς
273 1474 466 1513 Χριστὺςνκαὶ
482 1475 632 1511 πιστεύσῃς
649 1477 683 1503 ἐν
700 1478 731 1511 τῇ
749 1477 849 1511 καρδίᾳ
872 1484 931 1509 σου,

148 1520 190 1547 ὅτι
205 1521 219 1547 ὁ
233 1520 299 1552 Θεὸς
313 1521 423 1557 ἦγειρεν
438 1521 519 1548 αὑτὸν
536 1523 567 1548 ἐκ
581 1523 697 1557 νεκρῶν,
714 1522 834 1558 σωθήσῃ.
859 1523 933 1558 Καρ-

149 1565 193 1601 δίᾳ
207 1567 262 1601 γὰρ
286 1566 444 1595 πιστεύεται
468 1569 511 1599 είς
542 1568 734 1604 δικαιοσύνην,
762 1569 877 1604 στόματι
904 1569 932 1596 δὲ
947 1585 967 1613 c

149 1612 321 1646 ὁμολογεῖται
337 1613 376 1644 εις
390 1613 540 1648 σωτηρίαν.

192 1659 236 1685 Ἐν
251 1659 362 1694 Χριστῷ
385 1659 473 1694 Ἰησοῦ
490 1659 552 1687 οὔτε
572 1661 706 1696 περιτομή
723 1660 749 1687 τι
766 1662 850 1692 ἐστιν,
871 1659 934 1687 οὔτε

150 1704 329 1739 ἀκροϐυστία,
346 1705 413 1732 ἀλλὰ
429 1706 520 1738 πίστις
533 1707 567 1733 δι’
583 1707 693 1740 ἀγάπης
707 1707 901 1741 ἐνεργουμένη.

187 1752 266 1778 Ἔστι
288 1751 317 1778 δὲ
333 1751 424 1784 πίστις
447 1753 631 1787 ἐλπιζομένων
645 1753 793 1785 ὑπόστασις
806 1754 936 1789 πραγμά-

151 1806 216 1831 των,
232 1797 342 1833 ἔλεγχος
354 1798 383 1824 οὐ
400 1798 586 1833 βλεπομένων.

189 1886 280 1920 Χωρὶς
294 1886 413 1919 πίστεως
428 1886 558 1914 ἀδύνατον
573 1887 772 1923 εὐαρεστῆσαι.
789 1886 937 1914 Πιστεῠσαι

154 1934 208 1968 γὰρ
222 1933 263 1960 δεῖ
278 1933 323 1960 τὸν
338 1934 558 1968 προσερχόμενον
575 1934 614 1969 τῷ
647 1934 717 1969 Θεῷ,
735 1934 776 1961 ὅτι
798 1933 868 1968 ἐστι,
891 1934 938 1961 καὶ

154 1980 209 2011 τοῖς
225 1980 388 2015 ἐκζητοῦσιν
402 1980 484 2007 αὐτὸν
500 1980 701 2016 μισθαποδότης
717 1981 832 2015 γίνεται.

190 2067 290 2102 Χάριτί
302 2068 362 2094 ἔστε
378 2069 557 2102 σεσωσμένοι.

193 2114 317 2151 Γύμναζε
332 2114 445 2141 σεαυτὸν
469 2114 539 2148 πρὸς
554 2113 705 2140 εὐσέϐειαν.
728 2112 762 2139 Ἦ
778 2112 831 2146 γὰρ
846 2120 939 2147 σωμα-

157 2162 219 2197 τικὴ
243 2161 382 2196 γυμνασία
400 2159 470 2195 πρὸς
487 2159 578 2193 ὀλίγον
599 2158 674 2186 ἐστὶν
691 2157 828 2193 ὠφέλιμος
840 2165 846 2173 ’
874 2158 890 2192 ἡ
912 2156 940 2182 δὲ

159 2207 286 2235 εὺσέὸεια
308 2206 377 2241 πρὸς
399 2207 487 2234 πάντα
510 2205 648 2240 ὠφέλιμός
669 2206 754 2237 ἐστιν,
777 2203 941 2238 ἐπαγγελίαν

159 2254 256 2289 ἔχουσα
269 2253 341 2288 ζωῆς
354 2252 403 2287 τῆς
416 2252 463 2279 νῦν
478 2252 523 2278 καὶ
542 2252 591 2286 τῆς
607 2251 769 2286 μελλούσης.

199 2299 231 2326 Ἦ
246 2299 337 2330 Most;
352 2299 399 2325 ἐὰν
415 2298 453 2333 μὴ
468 2298 517 2334 ἐχῃ
529 2297 608 2332 ἔργα,
623 2298 708 2332 νεκρά
724 2298 782 2323 ἐστι
801 2295 861 2323 καθ’
878 2296 943 2354 Eju-

159 2343 220 2379 τήν.
881 2344 884 2347 ’

198 2389 370 2416 Σπουδάσατε
397 2388 442 2415 διὰ
456 2388 515 2416 τῶν
522 2389 616 2416 καλῶν
630 2389 719 2424 ἔργων
741 2388 854 2424 βεϐαίαν
867 2389 943 2423 ὑμῶν

160 2436 209 2470 τὴν
225 2434 323 2469 κλῆσιν
352 2435 399 2462 καὶ
425 2433 539 2469 ἐκλογὴν
563 2435 741 2469 ποιήσασθαι.
771 2434 864 2466 Οὕτως
890 2435 944 2469 γὰρ

162 2483 228 2516 ἡμῖν
245 2481 380 2513 πλουσίως
408 2481 678 2517 ἐπιχορηγηθήσεται
694 2482 710 2516 ἠ
727 2481 828 2513 εἴσοδος
843 2483 883 2512 εἰς
896 2482 945 2516 τὴν

163 2527 271 2554 αἰώνιον
298 2527 438 2562 βασιλείαν
465 2526 513 2554 τοῦ
532 2527 634 2562 Κυρίου
662 2527 741 2563 ἡμῶν
773 2528 860 2562 Ἰησοῦ
875 2529 946 2563 Χρι-

164 2581 236 2600 στου.

199 2618 304 2653 Ὥσπερ
320 2619 344 2644 oi
362 2618 508 2652 βλέποντες
518 2618 548 2645 τὸ
563 2618 620 2652 φῶς
635 2618 708 2649 ἐντός
719 2619 771 2645 εἱσι
786 2619 834 2645 τοῦ
846 2619 945 2652 φωτὸς,

162 2665 210 2691 καὶ
226 2666 275 2699 τῆς
290 2665 485 2700 λαμπρότητος
511 2664 594 2691 αὑτοῦ
620 2664 798 2699 μετέχουσιν·
821 2664 906 2696 οὕτως
921 2665 947 2690 οἱ

163 2710 309 2745 βλέποντες
331 2710 376 2737 τὸν
386 2710 456 2737 Θεὸν
474 2711 551 2742 ἐντὸς
566 2711 685 2745 γίνονται
700 2709 748 2736 τοῦ
764 2710 844 2742 Θεοῦ,
866 2710 946 2743 μετέ-

163 2764 257 2791 χοντες
270 2755 353 2782 αὑτοῦ
369 2757 415 2791 τῆς
435 2757 639 2792 λαμπρότητος.
663 2757 740 2791 Ζωῆς
754 2756 801 2783 οὖν
819 2756 947 2791 μεθίξου-

165 2810 208 2827 σιν
223 2802 247 2827 οἱ
261 2801 379 2836 ὁρῶντες
396 2802 474 2829 Θεόν.

201 2847 294 2878 Πίστις
310 2847 429 2881 ἡγείσθω
445 2847 500 2874 τῶν
514 2848 578 2883 περὶ
592 2847 659 2874 Θεοῦ
672 2848 773 2881 λόγων·
790 2847 892 2879 πίστις,
902 2848 949 2874 καὶ

168 2893 206 2929 μὴ
222 2893 374 2926 ἀπόδειξις·
393 2894 485 2927 πίστις
497 2895 514 2930 ή
532 2895 601 2930 ὑπὲρ
616 2895 663 2927 τὰς
679 2895 790 2929 λογικὰς
809 2894 948 2930 μεθόδους,

565 179 646 209 LOCI
668 177 936 209 COMMUNES.—
953 176 1055 207 ‘PARS
1076 176 1102 206 I.
1124 174 1254 204 SERMO
1272 175 1298 205 Ι.

1704 174 1756 206 ’ΠΟ

933 240 954 265 Α
1009 230 1090 257 Ecoli.
1102 237 1188 257 “vin.
1207 229 1247 256 Pii
1260 229 1348 256 oratio
1362 236 1436 256 mera
1452 235 1493 256 est
1503 229 1648 264 sapientia.

1007 276 1036 303 In
1051 283 1098 302 ore
1111 276 1215 309 piorum
1232 274 1457 308 multiplicabitur
1470 275 1542 302 Inus.

1009 322 1093 349 Εοοίί.
1105 330 1188 348 ιιιινιι.
1203 320 1289 348 Homo
1300 321 1361 355 pius
1375 320 1402 347 in
1416 321 1550 356 sapientia
1561 326 1702 357 peritiam!
1729 326 1760 350 ιιι

973 369 1012 396 sol
1019 389 1032 395 ..

1008 413 1093 441 Ecclt'.
1104 421 1148 440 ιι.
1160 412 1240 440 Fides
1250 412 1276 439 in
1290 412 1419 440 saeculum
1435 413 1529 440 stabit.

1011 459 1106 485 Matth.
1122 467 1189 486 xvu.
1203 460 1288 486 Amen
1308 458 1370 486 dico
1385 458 1471 491 vobis.
1488 459 1669 487 eihnbueritis
1679 459 1759 486 [idem

974 508 1004 530 ut
1015 512 1127 539 granum
1140 504 1254 538 sinapis,
1270 504 1365 532 dicetis
1383 504 1469 532 monti
1482 504 1668 532 huiczTransi
1685 505 1760 538 hinc,

974 554 1001 577 et
1015 549 1153 576 transibit.

1010 594 1107 622 Matth.
1139 603 1196 623 χιιι.
1210 595 1297 629 ,Tunc
1315 596 1480 630 respondens
1494 597 1601 629 Petrus,
1633 596 1703 624 dixit
1729 597 1763 625 ad

973 640 1065 669 Jesum
1085 650 1090 668 :
1108 642 1177 669 Ecce
1194 649 1244 669 nos
1258 642 1420 675 reliquimus
1435 643 1536 673 omnia.
1551 647 1580 670 et
1603 643 1689 670 secuti
1718 651 1765 670 su-

976 694 1037 714 mus
1052 690 1078 715 te
1094 696 1100 714 :
1117 686 1182 722 quid
1197 695 1262 722 ergo
1281 688 1333 714 erit
1351 687 1428 714 nobis
1440 687 1452 714 ?
1464 686 1545 715 Jesus
1570 692 1661 714 autem
1693 687 1764 714 dixit

975 732 1029 759 illis
1042 741 1049 758 :
1061 732 1147 759 Amen
1161 732 1223 759 dico
1237 733 1325 764 vobis,
1341 733 1412 766 quod
1431 740 1489 764 vos,
1509 733 1556 767 qui
1579 732 1665 760 secuti
1696 732 1765 759 estis

975 785 1029 809 me.
1048 778 1074 806 in
1093 778 1306 812 regeneratione,
1321 785 1383 805 cum
1414 778 1512 806 sederit
1536 778 1622 805 Filius
1648 779 1766 805 hominis

976 823 1004 850 in
1017 823 1081 851 sede
1097 823 1246 858 majestatis
1262 831 1327 855 sum,
1340 822 1470 850 sedebitis
1481 830 1508 850 et
1524 831 1572 850 vos
1585 831 1669 857 super
1684 823 1764 850 Sedes

977 869 1132 901 duodecim,
1149 868 1302 903 iudicantes
1333 869 1475 897 duodecim
1508 869 1595 896 tribus
1625 869 1717 896 Israel.
1734 870 1767 896 Et

976 915 1065 942 omnis
1079 916 1124 950 qui
1136 916 1276 950 reliquerit
1291 915 1398 946 domos,
1409 919 1456 942 aut
1467 915 1576 947 fratres,
1586 919 1632 942 aut
1643 922 1765 946 sorores,

977 967 1022 989 aut
1035 967 1150 997 putrem,
1168 967 1215 989 aut
1227 966 1350 993 matrem,
1365 965 1414 988 aut
1425 960 1505 994 ﬁlios,
1522 967 1568 987 aut
1586 968 1666 994 agros
1701 968 1765 995 pro-

961 1014 1037 1053 .pter
1058 1016 1156 1036 nomen
1190 1015 1291 1041 meum,
1315 1008 1471 1042 centuplum
1503 1007 1627 1043 accipiet,
1646 1012 1678 1034 -et
1707 1008 1768 1034 vita:

977 1062 1084 1082 aeterna:
1099 1054 1228 1081 sortietur
1243 1054 1443 1082 hatreditatem.

1012 1143 1091 1170 Joan.
1110 1151 1151 1171 In.
1169 1142 1214 1170 Sic
1235 1142 1307 1172 Deus
1332 1143 1427 1172 dilexit
1452 1143 1596 1176 mundum,
1625 1148 1654 1171 ιιι
1669 1143 1767 1170 Filium

979 1197 1057 1216 suum
1068 1189 1235 1224 unigenitum
1247 1189 1333 1223 daret,
1344 1194 1373 1218 ut
1385 1190 1476 1219 omnis
1489 1191 1537 1226 qui
1548 1191 1635 1218 credit
1647 1191 1672 1217 in
1691 1198 1765 1222 eum,

980 1236 1006 1262 in
1025 1236 1143 1263 tenebris
1151 1243 1204 1263 non
1213 1241 1332 1264 maneat.

1013 1282 1093 1310 Joan.
1109 1291 1166 1310 xiv.
1182 1283 1232 1316 Qui
1246 1283 1333 1311 credit
1344 1283 1371 1310 in
1381 1290 1436 1316 me,
1452 1291 1534 1318 opera
1544 1291 1608 1318 quae
1621 1291 1670 1319 ego
1685 1284 1768 1318 facio,

981 1335 1007 1356 et
1020 1329 1076 1373 iﬁe
1091 1328 1184 1361 faciet,
1200 1334 1226 1356 et
1238 1330 1340 1364 majora
1354 1330 1397 1359 his
1409 1330 1504 1358 faciet.

1016 1374 1097 1402 Juan.
1112 1383 1157 1402 xx.
1170 1375 1244 1403 Beati
1257 1376 1303 1411 qui
1314 1384 1368 1403 non
1378 1377 1514 1410 viderunt,
1529 1381 1558 1405 et
1584 1378 1770 1406 crediderunt.

1018 1421 1097 1448 Rom.
1115 1429 1143 1448 x.
1161 1421 1189 1448 Si
1207 1422 1350 1454 confessus
1372 1422 1457 1451 fueris
1480 1431 1528 1451 ore
1559 1428 1606 1451 tuo
1628 1425 1770 1452 Dominum

982 1467 1075 1494 Jesutn
1090 1467 1242 1501 Christum,
1257 1473 1284 1496 et
1297 1470 1447 1497 credideris
1464 1470 1490 1497 in
1502 1471 1584 1498 Corde
1611 1477 1669 1503 tuo,
1697 1471 1771 1505 quod

985 1514 1054 1540 Deus
1073 1514 1150 1541 illurn
1166 1515 1295 1542 excitavit
1307 1523 1322 1541 ει
1341 1515 1467 1548 mortuis,
1493 1516 1655 1544 salvaberis.
1684 1516 1773 1545 Corde

983 1559 1056 1586 enim
1071 1559 1191 1586 creditur
1202 1559 1387 1594 adjostitiam,
1400 1568 1448 1587 ore
1462 1566 1553 1588 autent
1580 1562 1610 1589 lit
1637 1562 1774 1590 confessio

983 1603 1018 1631 ad
1037 1604 1162 1631 salutent.

1023 1649 1112 1676 Galat.
1127 1658 1152 1677 ν.
1170 1650 1198 1678 ιιι
1217 1650 1326 1679 Christo
1341 1651 1405 1680 Jesu
1423 1660 1472 1681 nec
1487 1653 1659 1682 circumcisio
1674 1660 1715 1682 cst
1725 1663 1774 1683 nec

987 1697 1160 1731 praeputium,
1174 1696 1220 1724 sed
1233 1697 1300 1725 iides
1320 1705 1367 1732 per
1382 1699 1544 1727 charitatent
1562 1708 1689 1735 operans.

1024 1742 1107 1770 Hebr.
1123 1751 1161 1770 ιιι.
1189 1743 1237 1770 Est
1260 1749 1349 1772 autem
1376 1746 1442 1774 ﬁdes
1467 1754 1559 1774 rerum
1581 1749 1774 1782 spcrandarum

988 1789 1187 1823 substantia,et
1198 1795 1386 1826 argumentum
1401 1799 1508 1825 eorum,
1519 1801 1579 1827 quae
1598 1802 1655 1825 non
1681 1795 1775 1822 viden-

989 1841 1044 1863 llll‘.

1023 1881 1092 1910 Ibid.
1109 1882 1171 1910 Sine
1189 1883 1239 1910 lide
1254 1885 1309 1911 ﬁeri
1323 1892 1375 1911 non
1388 1889 1522 1920 potcsl,ut
1532 1886 1592 1919 quis
1607 1886 1642 1913 illi
1659 1887 1774 1921 pluerat.

988 1926 1056 1955 Nam
1069 1929 1114 1963 qui
1136 1930 1240 1956 accedit
1249 1930 1281 1956 ad
1299 1930 1392 1963 Deum,
1424 1931 1496 1958 hunc
1521 1932 1630 1959 credere
1659 1939 1775 1968 oportet,

991 1975 1063 2010 quod
1074 1975 1146 2002 Deus
1155 1977 1202 2008 sit,
1214 1981 1241 2003 et
1253 1977 1325 2010 quod
1342 1978 1578 2006 remuneratorsit
1592 1981 1776 2014 qua-rentibus

990 2022 1016 2058 3
1035 2022 1133 2056 ipsum.

1029 2068 1124 2102 Ephes.
1140 2076 1169 2096 ιι.
1180 2069 1272 2096 Gratia
1285 2070 1352 2098 estis
1365 2070 1475 2098 servati.

1028 2114 1042 2141 Ι
1057 2115 1124 2143 Tim.
1138 2123 1174 2142 tv.
1189 2115 1289 2143 Exercc
1301 2116 1472 2151 temetipsum
1489 2117 1522 2144 ad
1546 2118 1682 2152 pietatem.
1710 2119 1776 2147 Nam

985 2163 1142 2198 corporalis
1158 2164 1318 2190 exercitatio
1336 2164 1476 2198 paululum
1493 2165 1572 2192 habet
1588 2167 1714 2195 utilitatis
1731 2173 1778 2195 :at

993 2210 1079 2244 pietas
1098 2210 1131 2236 ad
1147 2209 1238 2236 omnia
1252 2210 1326 2237 utilis
1341 2215 1394 2242 est,
1409 2215 1437 2237 ut
1448 2218 1512 2246 qua:
1524 2204 1719 2246 promissioncs
1730 2215 1777 2241 ha-

958 2260 979 2287 ι)
995 2255 1057 2283 beat
1073 2255 1133 2282 vitm
1145 2257 1285 2290 praesentis
1299 2261 1327 2283 ct
1339 2256 1447 2284 futurae.

1027 2303 1120 2330 Jacob.
1134 2302 1262 2336 u.Fides,
1275 2304 1297 2330 si
1313 2304 1384 2331 facta
1396 2311 1449 2331 non
1464 2305 1601 2339 habuerit,
1622 2311 1728 2334 mortua
1739 2314 1781 2336 est

995 2355 1042 2383 per
1058 2356 1097 2375 se.

1031 2393 1060 2420 Il
1075 2394 1146 2421 Petr.
1164 2403 1182 2421 ι.
1207 2394 1320 2429 Operam
1333 2396 1408 2427 date,
1425 2400 1453 2422 ut
1468 2398 1637 2426 vocationem
1672 2405 1698 2427 ct
1725 2401 1780 2428 elc-

995 2440 1112 2466 ctioncm
1124 2445 1240 2467 vestram
1252 2439 1357 2468 ﬁrmam
1368 2441 1500 2468 eiiciatis.
1511 2443 1649 2477 Siquidem
1662 2445 1694 2472 ad
1708 2446 1780 2473 hunc

997 2485 1106 2512 modum
1122 2485 1227 2512 abunde
1243 2486 1496 2514 suluninistrabitur
1507 2489 1582 2515 vobis
1597 2490 1723 2518 introitus
1755 2493 1780 2519 in

1001 2537 1133 2560 aeternum
1150 2533 1375 2567 restruit-Domini
1394 2534 1481 2561 nostri
1494 2533 1558 2562 Jesu
1570 2535 1681 2563 Christi.

1033 2620 1138 2648 Irenmi.
1152 2620 1384 2652 Quemadmodum
1399 2622 1443 2656 qui
1461 2623 1550 2650 lumen
1566 2624 1715 2658 intuentur,
1743 2626 1782 2652 in-

999 2671 1039 2693 tra
1055 2666 1146 2694 lumen
1163 2671 1226 2693 sunt
1252 2673 1287 2693 ac
1307 2667 1366 2700 ejus
1391 2668 1535 2702 splendore
1560 2669 1710 2704 fruuntur;
1741 2673 1781 2697 sic

998 2713 1044 2748 qui
1062 2712 1146 2739 Deum
1161 2711 1264 2744 vident,
1281 2712 1352 2740 intra
1370 2713 1452 2741 Deum
1468 2715 1616 2748 exsistunt,
1634 2716 1784 2749 splendoris

999 2758 1084 2792 ipsius
1099 2757 1254 2792 participes.
1267 2757 1335 2785 Vitae
1358 2766 1423 2794 ergo
1450 2760 1596 2794 participes
1619 2764 1708 2791 erunt,
1736 2762 1783 2794 qui

1000 2804 1082 2830 Deum
1095 2803 1204 2830 vident;

1033 2849 1140 2876 Basilii.
1155 2848 1234 2876 Fides
1251 2857 1357 2882 eorum,
1374 2857 1434 2884 quae
1450 2849 1483 2876 de
1499 2849 1553 2876 Deo
1565 2848 1703 2879 dicuntur,
1729 2848 1784 2877 dux

1000 2896 1035 2924 sit
1048 2904 1057 2931 ;
1075 2895 1150 2929 fides,
1169 2901 1196 2924 et
1212 2902 1266 2923 non
1281 2895 1476 2924 demonstratio
1487 2902 1496 2929 ε
1511 2894 1587 2928 littes,
1602 2901 1662 2929 quae
1675 2900 1785 2924 omnem
