  <div class='ocr_page' id='page_1' title='image "/cluster/home/n/w/nwhite01/storage/ocr_20150623/136/njp.32101010942827/415.png"; bbox 0 0 1959 3130; ppageno 0'>
   <div class='ocr_carea' id='block_1_1' title="bbox 231 135 284 167">
    <p class='ocr_par' dir='ltr' id='par_1_1' title="bbox 231 135 284 167">
     <span class='ocr_line' id='line_1_1' title="bbox 231 135 284 167; baseline 0 0"><span class='ocrx_word' id='word_1_1' title='bbox 231 135 284 167; x_wconf 78' lang='grc'><strong>771</strong></span> 
     </span>
    </p>
   </div>
   <div class='ocr_carea' id='block_1_2' title="bbox 861 127 1210 159">
    <p class='ocr_par' dir='ltr' id='par_1_2' title="bbox 861 127 1210 159">
     <span class='ocr_line' id='line_1_2' title="bbox 861 127 1210 159; baseline -0.003 -2"><span class='ocrx_word' id='word_1_2' title='bbox 861 127 1022 159; x_wconf 81' lang='grc' dir='ltr'><strong>ΑΝΊὈΝΙΙ</strong></span> <span class='ocrx_word' id='word_1_3' title='bbox 1038 127 1210 157; x_wconf 73' lang='lat' dir='ltr'><strong>MELlSS/E</strong></span> 
     </span>
    </p>
   </div>
   <div class='ocr_carea' id='block_1_3' title="bbox 1811 123 1867 154">
    <p class='ocr_par' dir='ltr' id='par_1_3' title="bbox 1811 123 1867 154">
     <span class='ocr_line' id='line_1_3' title="bbox 1811 123 1867 154; baseline -0.018 0"><span class='ocrx_word' id='word_1_4' title='bbox 1811 123 1867 154; x_wconf 78' lang='grc'><strong>’172</strong></span> 
     </span>
    </p>
   </div>
   <div class='ocr_carea' id='block_1_4' title="bbox 231 177 1036 224">
    <p class='ocr_par' dir='ltr' id='par_1_4' title="bbox 231 186 1020 224">
     <span class='ocr_line' id='line_1_4' title="bbox 231 186 1020 224; baseline -0.011 -4"><span class='ocrx_word' id='word_1_5' title='bbox 231 191 346 220; x_wconf 85' lang='lat' dir='ltr'><strong>rationis</strong></span> <span class='ocrx_word' id='word_1_6' title='bbox 360 189 518 218; x_wconf 88' lang='lat' dir='ltr'><strong>methodum</strong></span> <span class='ocrx_word' id='word_1_7' title='bbox 526 195 659 224; x_wconf 83' lang='lat' dir='ltr'><strong>superans</strong></span> <span class='ocrx_word' id='word_1_8' title='bbox 678 192 794 214; x_wconf 88' lang='lat' dir='ltr'><strong>mentem</strong></span> <span class='ocrx_word' id='word_1_9' title='bbox 810 186 843 213; x_wconf 82' lang='lat' dir='ltr'><strong>ad</strong></span> <span class='ocrx_word' id='word_1_10' title='bbox 855 192 1020 214; x_wconf 83' lang='lat' dir='ltr'><strong>consensum</strong></span> 
     </span>
    </p>
   </div>
   <div class='ocr_carea' id='block_1_5' title="bbox 1099 177 1868 224">
    <p class='ocr_par' dir='ltr' id='par_1_5' title="bbox 1099 177 1868 220">
     <span class='ocr_line' id='line_1_5' title="bbox 1099 177 1868 220; baseline -0.005 -9"><span class='ocrx_word' id='word_1_11' title='bbox 1099 194 1124 220; x_wconf 66' lang='grc' dir='ltr'><strong>γν</strong></span> <span class='ocrx_word' id='word_1_12' title='bbox 1142 185 1233 220; x_wconf 79' lang='grc' dir='ltr'>ψυχὴν</span> <span class='ocrx_word' id='word_1_13' title='bbox 1255 185 1295 216; x_wconf 88' lang='grc' dir='ltr'><strong>είς</strong></span> <span class='ocrx_word' id='word_1_14' title='bbox 1318 183 1518 218; x_wconf 80' lang='grc' dir='ltr'><strong>συγκατάθεσιν</strong></span> <span class='ocrx_word' id='word_1_15' title='bbox 1542 182 1677 209; x_wconf 64' lang='grc' dir='ltr'>ἕλκουσα·</span> <span class='ocrx_word' id='word_1_16' title='bbox 1697 182 1788 213; x_wconf 78' lang='grc' dir='ltr'>πίστις</span> <span class='ocrx_word' id='word_1_17' title='bbox 1803 177 1868 216; x_wconf 70' lang='grc' dir='ltr'>οὐχὶ</span> 
     </span>
    </p>
   </div>
   <div class='ocr_carea' id='block_1_6' title="bbox 231 235 1020 276">
    <p class='ocr_par' dir='ltr' id='par_1_6' title="bbox 231 235 1020 276">
     <span class='ocr_line' id='line_1_6' title="bbox 231 235 1020 276; baseline -0.014 -7"><span class='ocrx_word' id='word_1_18' title='bbox 231 246 259 269; x_wconf 89' lang='lat' dir='ltr'><strong>et</strong></span> <span class='ocrx_word' id='word_1_19' title='bbox 275 239 495 276; x_wconf 70' lang='lat' dir='ltr'><strong>approbationem</strong></span> <span class='ocrx_word' id='word_1_20' title='bbox 514 237 605 264; x_wconf 87' lang='lat' dir='ltr'><strong>trahit.</strong></span> <span class='ocrx_word' id='word_1_21' title='bbox 622 235 715 266; x_wconf 84' lang='lat' dir='ltr'><strong>Fides,</strong></span> <span class='ocrx_word' id='word_1_22' title='bbox 730 236 854 266; x_wconf 81' lang='lat' dir='ltr'><strong>inquam,</strong></span> <span class='ocrx_word' id='word_1_23' title='bbox 882 241 936 260; x_wconf 91' lang='lat' dir='ltr'><strong>non</strong></span> <span class='ocrx_word' id='word_1_24' title='bbox 958 240 1020 267; x_wconf 84' lang='lat' dir='ltr'><strong>geo-</strong></span> 
     </span>
    </p>
   </div>
   <div class='ocr_carea' id='block_1_7' title="bbox 233 279 1024 320">
    <p class='ocr_par' dir='ltr' id='par_1_7' title="bbox 233 279 1024 320">
     <span class='ocr_line' id='line_1_7' title="bbox 233 279 1024 320; baseline -0.013 -5"><span class='ocrx_word' id='word_1_25' title='bbox 233 288 345 315; x_wconf 79' lang='lat' dir='ltr'><strong>met‘rica</strong></span> <span class='ocrx_word' id='word_1_26' title='bbox 358 286 449 320; x_wconf 85' lang='lat' dir='ltr'><strong>aliqua</strong></span> <span class='ocrx_word' id='word_1_27' title='bbox 462 283 633 313; x_wconf 70' lang='lat' dir='ltr'><strong>necessitate,</strong></span> <span class='ocrx_word' id='word_1_28' title='bbox 659 282 706 309; x_wconf 86' lang='lat' dir='ltr'><strong>sed</strong></span> <span class='ocrx_word' id='word_1_29' title='bbox 732 280 850 316; x_wconf 86' lang='lat' dir='ltr'><strong>Spiritus</strong></span> <span class='ocrx_word' id='word_1_30' title='bbox 873 279 969 307; x_wconf 82' lang='lat' dir='ltr'><strong>eﬁ‘ectu</strong></span> <span class='ocrx_word' id='word_1_31' title='bbox 997 281 1024 305; x_wconf 86' lang='lat' dir='ltr'><strong>et</strong></span> 
     </span>
    </p>
   </div>
   <div class='ocr_carea' id='block_1_8' title="bbox 233 330 703 369">
    <p class='ocr_par' dir='ltr' id='par_1_8' title="bbox 233 330 703 369">
     <span class='ocr_line' id='line_1_8' title="bbox 233 330 703 369; baseline -0.017 -7"><span class='ocrx_word' id='word_1_32' title='bbox 233 333 392 369; x_wconf 75' lang='lat' dir='ltr'><strong>operatione</strong></span> <span class='ocrx_word' id='word_1_33' title='bbox 420 331 518 358; x_wconf 88' lang='lat' dir='ltr'><strong>animis</strong></span> <span class='ocrx_word' id='word_1_34' title='bbox 545 330 703 355; x_wconf 83' lang='lat' dir='ltr'><strong>innascens.</strong></span> 
     </span>
    </p>
   </div>
   <div class='ocr_carea' id='block_1_9' title="bbox 270 370 1024 412">
    <p class='ocr_par' dir='ltr' id='par_1_9' title="bbox 270 370 1024 412">
     <span class='ocr_line' id='line_1_9' title="bbox 270 370 1024 412; baseline -0.013 -6"><span class='ocrx_word' id='word_1_35' title='bbox 270 377 425 412; x_wconf 68' lang='lat' dir='ltr'><strong>’l‘heologias</strong></span> <span class='ocrx_word' id='word_1_36' title='bbox 445 374 603 410; x_wconf 83' lang='lat' dir='ltr'><strong>mysterium</strong></span> <span class='ocrx_word' id='word_1_37' title='bbox 619 373 680 400; x_wconf 89' lang='lat' dir='ltr'><strong>ﬁdei</strong></span> <span class='ocrx_word' id='word_1_38' title='bbox 698 372 765 399; x_wconf 88' lang='lat' dir='ltr'><strong>nihil</strong></span> <span class='ocrx_word' id='word_1_39' title='bbox 788 371 904 399; x_wconf 81' lang='lat' dir='ltr'><strong>sollicite</strong></span> <span class='ocrx_word' id='word_1_40' title='bbox 933 370 1024 404; x_wconf 83' lang='lat' dir='ltr'><strong>inqui-</strong></span> 
     </span>
    </p>
   </div>
   <div class='ocr_carea' id='block_1_10' title="bbox 236 417 1013 454">
    <p class='ocr_par' dir='ltr' id='par_1_10' title="bbox 236 417 1013 454">
     <span class='ocr_line' id='line_1_10' title="bbox 236 417 1013 454; baseline -0.012 -2"><span class='ocrx_word' id='word_1_41' title='bbox 236 424 321 452; x_wconf 90' lang='lat' dir='ltr'><strong>rentis</strong></span> <span class='ocrx_word' id='word_1_42' title='bbox 355 422 542 450; x_wconf 82' lang='lat' dir='ltr'><strong>asseusionem</strong></span> <span class='ocrx_word' id='word_1_43' title='bbox 574 419 698 454; x_wconf 92' lang='lat' dir='ltr'><strong>requirit.</strong></span> <span class='ocrx_word' id='word_1_44' title='bbox 732 419 815 445; x_wconf 89' lang='lat' dir='ltr'><strong>Deum</strong></span> <span class='ocrx_word' id='word_1_45' title='bbox 849 417 922 444; x_wconf 87' lang='lat' dir='ltr'><strong>enitn</strong></span> <span class='ocrx_word' id='word_1_46' title='bbox 953 424 1013 444; x_wconf 89' lang='lat' dir='ltr'><strong>esse</strong></span> 
     </span>
    </p>
   </div>
   <div class='ocr_carea' id='block_1_11' title="bbox 235 464 1026 504">
    <p class='ocr_par' dir='ltr' id='par_1_11' title="bbox 235 464 1026 504">
     <span class='ocr_line' id='line_1_11' title="bbox 235 464 1026 504; baseline -0.009 -7"><span class='ocrx_word' id='word_1_47' title='bbox 235 471 349 498; x_wconf 87' lang='lat' dir='ltr'><strong>omnino</strong></span> <span class='ocrx_word' id='word_1_48' title='bbox 364 468 529 495; x_wconf 86' lang='lat' dir='ltr'><strong>credendum</strong></span> <span class='ocrx_word' id='word_1_49' title='bbox 546 471 607 499; x_wconf 87' lang='lat' dir='ltr'><strong>est;</strong></span> <span class='ocrx_word' id='word_1_50' title='bbox 620 465 689 504; x_wconf 88' lang='lat' dir='ltr'><strong>_quid</strong></span> <span class='ocrx_word' id='word_1_51' title='bbox 706 472 770 491; x_wconf 91' lang='lat' dir='ltr'><strong>vero</strong></span> <span class='ocrx_word' id='word_1_52' title='bbox 785 464 830 492; x_wconf 90' lang='lat' dir='ltr'><strong>ille</strong></span> <span class='ocrx_word' id='word_1_53' title='bbox 848 465 893 496; x_wconf 82' lang='lat' dir='ltr'><strong>sit,</strong></span> <span class='ocrx_word' id='word_1_54' title='bbox 924 471 1026 498; x_wconf 77' lang='lat' dir='ltr'><strong>nequa-</strong></span> 
     </span>
    </p>
   </div>
   <div class='ocr_carea' id='block_1_12' title="bbox 235 508 1025 550">
    <p class='ocr_par' dir='ltr' id='par_1_12' title="bbox 235 508 1025 550">
     <span class='ocr_line' id='line_1_12' title="bbox 235 508 1025 550; baseline -0.01 -7"><span class='ocrx_word' id='word_1_55' title='bbox 235 523 317 550; x_wconf 85' lang='lat' dir='ltr'><strong>quam</strong></span> <span class='ocrx_word' id='word_1_56' title='bbox 334 513 473 549; x_wconf 81' lang='lat' dir='ltr'><strong>inquirere</strong></span> <span class='ocrx_word' id='word_1_57' title='bbox 486 518 533 539; x_wconf 89' lang='lat' dir='ltr'><strong>attt</strong></span> <span class='ocrx_word' id='word_1_58' title='bbox 549 511 689 546; x_wconf 79' lang='lat' dir='ltr'><strong>disputare</strong></span> <span class='ocrx_word' id='word_1_59' title='bbox 701 510 840 537; x_wconf 80' lang='lat' dir='ltr'><strong>convenit.</strong></span> <span class='ocrx_word' id='word_1_60' title='bbox 864 508 986 543; x_wconf 77' lang='lat' dir='ltr'><strong>Denique</strong></span> <span class='ocrx_word' id='word_1_61' title='bbox 1003 509 1025 535; x_wconf 94' lang='lat' dir='ltr'><strong>si</strong></span> 
     </span>
    </p>
   </div>
   <div class='ocr_carea' id='block_1_13' title="bbox 237 556 1026 593">
    <p class='ocr_par' dir='ltr' id='par_1_13' title="bbox 237 556 1026 593">
     <span class='ocr_line' id='line_1_13' title="bbox 237 556 1026 593; baseline -0.01 -4"><span class='ocrx_word' id='word_1_62' title='bbox 237 562 303 589; x_wconf 86' lang='lat' dir='ltr'><strong>ﬁdes</strong></span> <span class='ocrx_word' id='word_1_63' title='bbox 314 569 408 588; x_wconf 88' lang='lat' dir='ltr'><strong>earum</strong></span> <span class='ocrx_word' id='word_1_64' title='bbox 427 566 533 591; x_wconf 87' lang='lat' dir='ltr'><strong>rerum,</strong></span> <span class='ocrx_word' id='word_1_65' title='bbox 549 565 612 593; x_wconf 66' lang='lat' dir='ltr'><strong>quas</strong></span> <span class='ocrx_word' id='word_1_66' title='bbox 622 561 776 592; x_wconf 83' lang='lat' dir='ltr'><strong>sperantur,</strong></span> <span class='ocrx_word' id='word_1_67' title='bbox 793 556 944 583; x_wconf 82' lang='lat' dir='ltr'><strong>substantia</strong></span> <span class='ocrx_word' id='word_1_68' title='bbox 974 560 1026 588; x_wconf 86' lang='lat' dir='ltr'><strong>est,</strong></span> 
     </span>
    </p>
   </div>
   <div class='ocr_carea' id='block_1_14' title="bbox 236 607 1026 643">
    <p class='ocr_par' dir='ltr' id='par_1_14' title="bbox 236 607 1026 643">
     <span class='ocr_line' id='line_1_14' title="bbox 236 607 1026 643; baseline -0.014 -6"><span class='ocrx_word' id='word_1_69' title='bbox 236 614 261 637; x_wconf 85' lang='lat' dir='ltr'><strong>et</strong></span> <span class='ocrx_word' id='word_1_70' title='bbox 276 611 466 643; x_wconf 79' lang='lat' dir='ltr'><strong>argumentum</strong></span> <span class='ocrx_word' id='word_1_71' title='bbox 484 613 578 633; x_wconf 86' lang='lat' dir='ltr'><strong>eorum</strong></span> <span class='ocrx_word' id='word_1_72' title='bbox 600 611 660 639; x_wconf 62' lang='lat' dir='ltr'><strong>quae</strong></span> <span class='ocrx_word' id='word_1_73' title='bbox 673 611 727 630; x_wconf 92' lang='lat' dir='ltr'><strong>non</strong></span> <span class='ocrx_word' id='word_1_74' title='bbox 741 607 884 638; x_wconf 79' lang='lat' dir='ltr'><strong>apparent,</strong></span> <span class='ocrx_word' id='word_1_75' title='bbox 903 609 935 628; x_wconf 90' lang='lat' dir='ltr'><strong>ne</strong></span> <span class='ocrx_word' id='word_1_76' title='bbox 959 609 1026 628; x_wconf 86' lang='lat' dir='ltr'><strong>con-</strong></span> 
     </span>
    </p>
   </div>
   <div class='ocr_carea' id='block_1_15' title="bbox 239 647 1027 684">
    <p class='ocr_par' dir='ltr' id='par_1_15' title="bbox 239 647 1027 684">
     <span class='ocr_line' id='line_1_15' title="bbox 239 647 1027 684; baseline -0.014 -1"><span class='ocrx_word' id='word_1_77' title='bbox 239 655 359 683; x_wconf 86' lang='lat' dir='ltr'><strong>tenderis</strong></span> <span class='ocrx_word' id='word_1_78' title='bbox 375 661 406 680; x_wconf 85' lang='lat' dir='ltr'><strong>ea</strong></span> <span class='ocrx_word' id='word_1_79' title='bbox 422 659 496 680; x_wconf 92' lang='lat' dir='ltr'><strong>nunc</strong></span> <span class='ocrx_word' id='word_1_80' title='bbox 507 651 609 682; x_wconf 84' lang='lat' dir='ltr'><strong>videre.</strong></span> <span class='ocrx_word' id='word_1_81' title='bbox 631 656 690 684; x_wconf 63' lang='lat' dir='ltr'><strong>quas</strong></span> <span class='ocrx_word' id='word_1_82' title='bbox 706 648 801 684; x_wconf 88' lang='lat' dir='ltr'><strong>procul</strong></span> <span class='ocrx_word' id='word_1_83' title='bbox 831 647 927 674; x_wconf 83' lang='lat' dir='ltr'><strong>dissita</strong></span> <span class='ocrx_word' id='word_1_84' title='bbox 952 651 1027 678; x_wconf 86' lang='lat' dir='ltr'><strong>sunt,</strong></span> 
     </span>
    </p>
   </div>
   <div class='ocr_carea' id='block_1_16' title="bbox 238 690 1027 734">
    <p class='ocr_par' dir='ltr' id='par_1_16' title="bbox 238 690 1027 734">
     <span class='ocr_line' id='line_1_16' title="bbox 238 690 1027 734; baseline -0.014 -6"><span class='ocrx_word' id='word_1_85' title='bbox 238 707 325 734; x_wconf 83' lang='lat' dir='ltr'><strong>neque</strong></span> <span class='ocrx_word' id='word_1_86' title='bbox 337 700 363 726; x_wconf 94' lang='lat' dir='ltr'><strong>in</strong></span> <span class='ocrx_word' id='word_1_87' title='bbox 377 698 489 726; x_wconf 92' lang='lat' dir='ltr'><strong>dubium</strong></span> <span class='ocrx_word' id='word_1_88' title='bbox 506 695 612 723; x_wconf 85' lang='lat' dir='ltr'><strong>vocaris</strong></span> <span class='ocrx_word' id='word_1_89' title='bbox 620 702 650 722; x_wconf 88' lang='lat' dir='ltr'><strong>ea</strong></span> <span class='ocrx_word' id='word_1_90' title='bbox 664 701 725 729; x_wconf 68' lang='lat' dir='ltr'><strong>quae</strong></span> <span class='ocrx_word' id='word_1_91' title='bbox 739 696 893 728; x_wconf 84' lang='lat' dir='ltr'><strong>sperantur,</strong></span> <span class='ocrx_word' id='word_1_92' title='bbox 910 699 943 719; x_wconf 89' lang='lat' dir='ltr'><strong>eo</strong></span> <span class='ocrx_word' id='word_1_93' title='bbox 956 690 1027 725; x_wconf 86' lang='lat' dir='ltr'><strong>quod</strong></span> 
     </span>
    </p>
   </div>
   <div class='ocr_carea' id='block_1_17' title="bbox 238 739 840 780">
    <p class='ocr_par' dir='ltr' id='par_1_17' title="bbox 238 739 840 780">
     <span class='ocr_line' id='line_1_17' title="bbox 238 739 840 780; baseline -0.015 -8"><span class='ocrx_word' id='word_1_94' title='bbox 238 747 296 780; x_wconf 87' lang='lat' dir='ltr'><strong>ipsa</strong></span> <span class='ocrx_word' id='word_1_95' title='bbox 313 743 468 779; x_wconf 79' lang='lat' dir='ltr'><strong>cognitione</strong></span> <span class='ocrx_word' id='word_1_96' title='bbox 483 741 604 768; x_wconf 91' lang='lat' dir='ltr'><strong>nondum</strong></span> <span class='ocrx_word' id='word_1_97' title='bbox 620 739 728 774; x_wconf 80' lang='lat' dir='ltr'><strong>assequi</strong></span> <span class='ocrx_word' id='word_1_98' title='bbox 744 745 840 772; x_wconf 82' lang='lat' dir='ltr'><strong>queas.</strong></span> 
     </span>
    </p>
   </div>
   <div class='ocr_carea' id='block_1_18' title="bbox 274 781 1028 828">
    <p class='ocr_par' dir='ltr' id='par_1_18' title="bbox 274 781 1028 828">
     <span class='ocr_line' id='line_1_18' title="bbox 274 781 1028 828; baseline -0.015 -10"><span class='ocrx_word' id='word_1_99' title='bbox 274 791 355 828; x_wconf 66' lang='lat' dir='ltr'><strong>Fides</strong></span> <span class='ocrx_word' id='word_1_100' title='bbox 372 795 414 818; x_wconf 82' lang='lat' dir='ltr'><strong>est</strong></span> <span class='ocrx_word' id='word_1_101' title='bbox 428 795 559 816; x_wconf 83' lang='lat' dir='ltr'><strong>assensus</strong></span> <span class='ocrx_word' id='word_1_102' title='bbox 573 787 606 813; x_wconf 89' lang='lat' dir='ltr'><strong>de</strong></span> <span class='ocrx_word' id='word_1_103' title='bbox 631 785 665 812; x_wconf 89' lang='lat' dir='ltr'><strong>iis</strong></span> <span class='ocrx_word' id='word_1_104' title='bbox 695 792 755 819; x_wconf 77' lang='lat' dir='ltr'><strong>quze</strong></span> <span class='ocrx_word' id='word_1_105' title='bbox 779 783 872 809; x_wconf 86' lang='lat' dir='ltr'><strong>auditu</strong></span> <span class='ocrx_word' id='word_1_106' title='bbox 896 781 1028 816; x_wconf 87' lang='lat' dir='ltr'><strong>percepit,</strong></span> 
     </span>
    </p>
   </div>
   <div class='ocr_carea' id='block_1_19' title="bbox 239 827 1030 871">
    <p class='ocr_par' dir='ltr' id='par_1_19' title="bbox 239 827 1030 871">
     <span class='ocr_line' id='line_1_19' title="bbox 239 827 1030 871; baseline -0.018 -5"><span class='ocrx_word' id='word_1_107' title='bbox 239 838 307 866; x_wconf 84' lang='lat' dir='ltr'><strong>nihil</strong></span> <span class='ocrx_word' id='word_1_108' title='bbox 322 837 473 871; x_wconf 78' lang='lat' dir='ltr'><strong>ambigens,</strong></span> <span class='ocrx_word' id='word_1_109' title='bbox 488 841 548 862; x_wconf 89' lang='lat' dir='ltr'><strong>cum</strong></span> <span class='ocrx_word' id='word_1_110' title='bbox 562 837 636 860; x_wconf 80' lang='lat' dir='ltr'><strong>certe</strong></span> <span class='ocrx_word' id='word_1_111' title='bbox 647 830 828 866; x_wconf 87' lang='lat' dir='ltr'><strong>persuasione</strong></span> <span class='ocrx_word' id='word_1_112' title='bbox 843 827 964 855; x_wconf 83' lang='lat' dir='ltr'><strong>veritatis</strong></span> <span class='ocrx_word' id='word_1_113' title='bbox 984 835 1030 853; x_wconf 70' lang='lat' dir='ltr'><strong>t-a-</strong></span> 
     </span>
    </p>
   </div>
   <div class='ocr_carea' id='block_1_20' title="bbox 1076 227 1870 265">
    <p class='ocr_par' dir='ltr' id='par_1_20' title="bbox 1076 227 1870 265">
     <span class='ocr_line' id='line_1_20' title="bbox 1076 227 1870 265; baseline -0.004 -9"><span class='ocrx_word' id='word_1_114' title='bbox 1076 231 1278 265; x_wconf 80' lang='grc' dir='ltr'>γεωμετρικαῖς</span> <span class='ocrx_word' id='word_1_115' title='bbox 1303 231 1450 264; x_wconf 74' lang='grc' dir='ltr'>ἀνάγκαις,</span> <span class='ocrx_word' id='word_1_116' title='bbox 1465 229 1533 257; x_wconf 73' lang='grc' dir='ltr'>ἀλλὰ</span> <span class='ocrx_word' id='word_1_117' title='bbox 1548 230 1609 260; x_wconf 85' lang='grc' dir='ltr'>ταῖς</span> <span class='ocrx_word' id='word_1_118' title='bbox 1631 228 1680 254; x_wconf 83' lang='grc' dir='ltr'>τοῦ</span> <span class='ocrx_word' id='word_1_119' title='bbox 1707 227 1870 263; x_wconf 85' lang='grc' dir='ltr'>Πνεύματος</span> 
     </span>
    </p>
   </div>
   <div class='ocr_carea' id='block_1_21' title="bbox 1076 277 1422 312">
    <p class='ocr_par' dir='ltr' id='par_1_21' title="bbox 1076 277 1422 312">
     <span class='ocr_line' id='line_1_21' title="bbox 1076 277 1422 312; baseline 0 -9"><span class='ocrx_word' id='word_1_120' title='bbox 1076 277 1229 312; x_wconf 73' lang='grc' dir='ltr'><strong>ἐνεργείαις</strong></span> <span class='ocrx_word' id='word_1_121' title='bbox 1244 277 1422 312; x_wconf 61' lang='grc' dir='ltr'>ὲγγινομένηι</span> 
     </span>
    </p>
   </div>
   <div class='ocr_carea' id='block_1_22' title="bbox 1114 365 1871 401">
    <p class='ocr_par' dir='ltr' id='par_1_22' title="bbox 1114 365 1871 401">
     <span class='ocr_line' id='line_1_22' title="bbox 1114 365 1871 401; baseline -0.001 -9"><span class='ocrx_word' id='word_1_122' title='bbox 1114 367 1150 393; x_wconf 74' lang='grc' dir='ltr'>Τὸ</span> <span class='ocrx_word' id='word_1_123' title='bbox 1162 367 1211 401; x_wconf 77' lang='grc' dir='ltr'>τῆς</span> <span class='ocrx_word' id='word_1_124' title='bbox 1225 366 1364 401; x_wconf 76' lang='grc' dir='ltr'><strong>θεολογίας</strong></span> <span class='ocrx_word' id='word_1_125' title='bbox 1383 365 1533 401; x_wconf 82' lang='grc' dir='ltr'>μυστήριον</span> <span class='ocrx_word' id='word_1_126' title='bbox 1545 366 1594 401; x_wconf 75' lang='grc' dir='ltr'>τὴν</span> <span class='ocrx_word' id='word_1_127' title='bbox 1609 366 1641 392; x_wconf 76' lang='grc' dir='ltr'>ἐκ</span> <span class='ocrx_word' id='word_1_128' title='bbox 1657 366 1706 400; x_wconf 83' lang='grc' dir='ltr'>τῆς</span> <span class='ocrx_word' id='word_1_129' title='bbox 1735 365 1871 392; x_wconf 75' lang='grc' dir='ltr'>ἀϐασανί-</span> 
     </span>
    </p>
   </div>
   <div class='ocr_carea' id='block_1_23' title="bbox 1079 412 1870 447">
    <p class='ocr_par' dir='ltr' id='par_1_23' title="bbox 1079 412 1870 447">
     <span class='ocr_line' id='line_1_23' title="bbox 1079 412 1870 447; baseline -0.001 -8"><span class='ocrx_word' id='word_1_130' title='bbox 1079 421 1142 439; x_wconf 87' lang='grc' dir='ltr'>στου</span> <span class='ocrx_word' id='word_1_131' title='bbox 1171 414 1290 444; x_wconf 80' lang='grc' dir='ltr'>πίστεως</span> <span class='ocrx_word' id='word_1_132' title='bbox 1320 412 1444 447; x_wconf 73' lang='grc' dir='ltr'>ἐπιζητεῖ</span> <span class='ocrx_word' id='word_1_133' title='bbox 1474 413 1687 446; x_wconf 77' lang='grc' dir='ltr'>συγκατάθεσιν.</span> <span class='ocrx_word' id='word_1_134' title='bbox 1719 413 1870 439; x_wconf 83' lang='grc' dir='ltr'>Πιστεῦσαι</span> 
     </span>
    </p>
   </div>
   <div class='ocr_carea' id='block_1_24' title="bbox 1078 458 1862 494">
    <p class='ocr_par' dir='ltr' id='par_1_24' title="bbox 1078 458 1862 494">
     <span class='ocr_line' id='line_1_24' title="bbox 1078 458 1862 494; baseline -0.001 -9"><span class='ocrx_word' id='word_1_135' title='bbox 1078 459 1134 494; x_wconf 82' lang='grc' dir='ltr'><strong>γὰρ</strong></span> <span class='ocrx_word' id='word_1_136' title='bbox 1147 459 1187 485; x_wconf 88' lang='grc' dir='ltr'><strong>δεῖ</strong></span> <span class='ocrx_word' id='word_1_137' title='bbox 1200 459 1240 485; x_wconf 86' lang='grc' dir='ltr'><strong>ότι</strong></span> <span class='ocrx_word' id='word_1_138' title='bbox 1255 459 1312 485; x_wconf 73' lang='grc' dir='ltr'>ἔστι</span> <span class='ocrx_word' id='word_1_139' title='bbox 1334 458 1411 491; x_wconf 83' lang='grc' dir='ltr'>Θεὸς,</span> <span class='ocrx_word' id='word_1_140' title='bbox 1428 459 1488 494; x_wconf 79' lang='grc' dir='ltr'><strong>οὐχὶ</strong></span> <span class='ocrx_word' id='word_1_141' title='bbox 1504 459 1623 493; x_wconf 77' lang='grc' dir='ltr'>ζητῆσαι</span> <span class='ocrx_word' id='word_1_142' title='bbox 1640 458 1687 485; x_wconf 76' lang='grc' dir='ltr'>καὶ</span> <span class='ocrx_word' id='word_1_143' title='bbox 1701 458 1862 494; x_wconf 84' lang='grc' dir='ltr'>λογομαχῆ-</span> 
     </span>
    </p>
   </div>
   <div class='ocr_carea' id='block_1_25' title="bbox 1081 504 1868 540">
    <p class='ocr_par' dir='ltr' id='par_1_25' title="bbox 1081 504 1868 540">
     <span class='ocr_line' id='line_1_25' title="bbox 1081 504 1868 540; baseline 0 -10"><span class='ocrx_word' id='word_1_144' title='bbox 1081 513 1126 530; x_wconf 89' lang='grc' dir='ltr'><strong>σαι</strong></span> <span class='ocrx_word' id='word_1_145' title='bbox 1137 505 1179 538; x_wconf 83' lang='grc' dir='ltr'>τὸ,</span> <span class='ocrx_word' id='word_1_146' title='bbox 1198 505 1223 530; x_wconf 89' lang='grc' dir='ltr'><strong>τί</strong></span> <span class='ocrx_word' id='word_1_147' title='bbox 1245 505 1312 531; x_wconf 79' lang='grc' dir='ltr'>ἑστι.</span> <span class='ocrx_word' id='word_1_148' title='bbox 1327 505 1381 531; x_wconf 75' lang='grc' dir='ltr'><strong>Καὶ</strong></span> <span class='ocrx_word' id='word_1_149' title='bbox 1397 504 1465 535; x_wconf 80' lang='grc' dir='ltr'>ὅλως</span> <span class='ocrx_word' id='word_1_150' title='bbox 1483 504 1506 530; x_wconf 85' lang='grc' dir='ltr'><strong>εί</strong></span> <span class='ocrx_word' id='word_1_151' title='bbox 1521 505 1538 540; x_wconf 78' lang='grc' dir='ltr'>ἠ</span> <span class='ocrx_word' id='word_1_152' title='bbox 1556 505 1651 536; x_wconf 86' lang='grc' dir='ltr'>πίστις</span> <span class='ocrx_word' id='word_1_153' title='bbox 1665 505 1740 531; x_wconf 72' lang='grc' dir='ltr'>ἐστὶν</span> <span class='ocrx_word' id='word_1_154' title='bbox 1757 505 1868 536; x_wconf 76' lang='grc' dir='ltr'>ἐλπιζο-</span> 
     </span>
    </p>
   </div>
   <div class='ocr_carea' id='block_1_26' title="bbox 1082 545 1868 586">
    <p class='ocr_par' dir='ltr' id='par_1_26' title="bbox 1082 545 1868 586">
     <span class='ocr_line' id='line_1_26' title="bbox 1082 545 1868 586; baseline 0.001 -10"><span class='ocrx_word' id='word_1_155' title='bbox 1082 550 1172 585; x_wconf 81' lang='grc' dir='ltr'>μένων</span> <span class='ocrx_word' id='word_1_156' title='bbox 1184 550 1334 582; x_wconf 77' lang='grc' dir='ltr'><strong>ὑπόστασις</strong></span> <span class='ocrx_word' id='word_1_157' title='bbox 1350 552 1533 585; x_wconf 81' lang='grc' dir='ltr'><strong>πραγμάτων,</strong></span> <span class='ocrx_word' id='word_1_158' title='bbox 1555 551 1666 586; x_wconf 75' lang='grc' dir='ltr'>ἐλεγχος</span> <span class='ocrx_word' id='word_1_159' title='bbox 1681 552 1711 577; x_wconf 83' lang='grc' dir='ltr'>οὐ</span> <span class='ocrx_word' id='word_1_160' title='bbox 1729 545 1868 586; x_wconf 62' lang='grc' dir='ltr'>βλὲπομέσ</span> 
     </span>
    </p>
   </div>
   <div class='ocr_carea' id='block_1_27' title="bbox 1080 595 1870 632">
    <p class='ocr_par' dir='ltr' id='par_1_27' title="bbox 1080 595 1870 632">
     <span class='ocr_line' id='line_1_27' title="bbox 1080 595 1870 632; baseline 0.003 -11"><span class='ocrx_word' id='word_1_161' title='bbox 1080 604 1143 627; x_wconf 85' lang='grc' dir='ltr'>νων,</span> <span class='ocrx_word' id='word_1_162' title='bbox 1155 595 1191 630; x_wconf 84' lang='grc' dir='ltr'>μὴ</span> <span class='ocrx_word' id='word_1_163' title='bbox 1207 595 1355 628; x_wconf 82' lang='grc' dir='ltr'>φιλονείκει</span> <span class='ocrx_word' id='word_1_164' title='bbox 1370 596 1435 622; x_wconf 86' lang='grc' dir='ltr'>ίδεῖν</span> <span class='ocrx_word' id='word_1_165' title='bbox 1447 596 1497 631; x_wconf 70' lang='grc' dir='ltr'>ἤδη</span> <span class='ocrx_word' id='word_1_166' title='bbox 1510 597 1544 623; x_wconf 74' lang='grc' dir='ltr'><strong>τὰ</strong></span> <span class='ocrx_word' id='word_1_167' title='bbox 1555 598 1664 632; x_wconf 81' lang='grc' dir='ltr'>μακρὰν</span> <span class='ocrx_word' id='word_1_168' title='bbox 1673 597 1870 631; x_wconf 80' lang='grc' dir='ltr'><strong>ἀπῳκισμένα,</strong></span> 
     </span>
    </p>
   </div>
   <div class='ocr_carea' id='block_1_28' title="bbox 1083 640 1871 679">
    <p class='ocr_par' dir='ltr' id='par_1_28' title="bbox 1083 640 1871 679">
     <span class='ocr_line' id='line_1_28' title="bbox 1083 640 1871 679; baseline 0.003 -12"><span class='ocrx_word' id='word_1_169' title='bbox 1083 642 1153 676; x_wconf 89' lang='grc' dir='ltr'>μήτε</span> <span class='ocrx_word' id='word_1_170' title='bbox 1168 641 1202 667; x_wconf 79' lang='grc' dir='ltr'><strong>τὰ</strong></span> <span class='ocrx_word' id='word_1_171' title='bbox 1216 640 1383 676; x_wconf 77' lang='grc' dir='ltr'><strong>ἐλπιζόμενα</strong></span> <span class='ocrx_word' id='word_1_172' title='bbox 1398 642 1542 677; x_wconf 78' lang='grc' dir='ltr'>ἀμφίϐολα</span> <span class='ocrx_word' id='word_1_173' title='bbox 1564 643 1753 679; x_wconf 76' lang='grc' dir='ltr'>καταστήσῃς,</span> <span class='ocrx_word' id='word_1_174' title='bbox 1777 643 1823 669; x_wconf 76' lang='grc' dir='ltr'>διὰ</span> <span class='ocrx_word' id='word_1_175' title='bbox 1840 643 1871 669; x_wconf 80' lang='grc' dir='ltr'><strong>τὺ</strong></span> 
     </span>
    </p>
   </div>
   <div class='ocr_carea' id='block_1_29' title="bbox 1083 687 1872 724">
    <p class='ocr_par' dir='ltr' id='par_1_29' title="bbox 1083 687 1872 724">
     <span class='ocr_line' id='line_1_29' title="bbox 1083 687 1872 724; baseline 0.004 -11"><span class='ocrx_word' id='word_1_176' title='bbox 1083 688 1167 722; x_wconf 83' lang='grc' dir='ltr'>μήπω</span> <span class='ocrx_word' id='word_1_177' title='bbox 1191 687 1282 714; x_wconf 85' lang='grc' dir='ltr'>αὐτῶν</span> <span class='ocrx_word' id='word_1_178' title='bbox 1308 688 1440 714; x_wconf 87' lang='grc' dir='ltr'>δύνασθαι</span> <span class='ocrx_word' id='word_1_179' title='bbox 1457 689 1528 716; x_wconf 75' lang='grc' dir='ltr'>κατὰ</span> <span class='ocrx_word' id='word_1_180' title='bbox 1551 689 1601 724; x_wconf 82' lang='grc' dir='ltr'>τὴν</span> <span class='ocrx_word' id='word_1_181' title='bbox 1622 689 1724 723; x_wconf 87' lang='grc' dir='ltr'>γνῶσιν</span> <span class='ocrx_word' id='word_1_182' title='bbox 1748 690 1872 723; x_wconf 77' lang='grc' dir='ltr'>ἐφάπτε-</span> 
     </span>
    </p>
   </div>
   <div class='ocr_carea' id='block_1_30' title="bbox 1084 734 1157 761">
    <p class='ocr_par' dir='ltr' id='par_1_30' title="bbox 1084 734 1157 761">
     <span class='ocr_line' id='line_1_30' title="bbox 1084 734 1157 761; baseline 0 -1"><span class='ocrx_word' id='word_1_183' title='bbox 1084 734 1157 761; x_wconf 83' lang='grc' dir='ltr'>σθαι.</span> 
     </span>
    </p>
   </div>
   <div class='ocr_carea' id='block_1_31' title="bbox 1119 780 1872 816">
    <p class='ocr_par' dir='ltr' id='par_1_31' title="bbox 1119 780 1872 816">
     <span class='ocr_line' id='line_1_31' title="bbox 1119 780 1872 816; baseline 0.003 -10"><span class='ocrx_word' id='word_1_184' title='bbox 1119 781 1212 812; x_wconf 87' lang='grc' dir='ltr'>Πίστις</span> <span class='ocrx_word' id='word_1_185' title='bbox 1235 781 1293 806; x_wconf 76' lang='grc' dir='ltr'>ἐστὶ</span> <span class='ocrx_word' id='word_1_186' title='bbox 1319 780 1518 814; x_wconf 81' lang='grc' dir='ltr'>συγκατάθεσις</span> <span class='ocrx_word' id='word_1_187' title='bbox 1535 781 1692 816; x_wconf 78' lang='grc' dir='ltr'><strong>ἀδιάκριτος</strong></span> <span class='ocrx_word' id='word_1_188' title='bbox 1708 782 1763 807; x_wconf 88' lang='grc' dir='ltr'><strong>τῶν</strong></span> <span class='ocrx_word' id='word_1_189' title='bbox 1785 782 1872 808; x_wconf 76' lang='grc' dir='ltr'><strong>ἁκου⁸</strong></span> 
     </span>
    </p>
   </div>
   <div class='ocr_carea' id='block_1_32' title="bbox 1085 826 1872 863">
    <p class='ocr_par' dir='ltr' id='par_1_32' title="bbox 1085 826 1872 863">
     <span class='ocr_line' id='line_1_32' title="bbox 1085 826 1872 863; baseline 0.003 -11"><span class='ocrx_word' id='word_1_190' title='bbox 1085 826 1202 853; x_wconf 83' lang='grc' dir='ltr'>σϐέντων</span> <span class='ocrx_word' id='word_1_191' title='bbox 1215 827 1243 852; x_wconf 79' lang='grc' dir='ltr'>ὲν</span> <span class='ocrx_word' id='word_1_192' title='bbox 1259 827 1430 862; x_wconf 77' lang='grc' dir='ltr'>πληροφορίᾳ</span> <span class='ocrx_word' id='word_1_193' title='bbox 1442 827 1491 862; x_wconf 75' lang='grc' dir='ltr'>τῆς</span> <span class='ocrx_word' id='word_1_194' title='bbox 1502 827 1640 862; x_wconf 75' lang='grc' dir='ltr'><strong>ἀληθείας,</strong></span> <span class='ocrx_word' id='word_1_195' title='bbox 1651 827 1706 853; x_wconf 86' lang='grc' dir='ltr'><strong>τῶν</strong></span> <span class='ocrx_word' id='word_1_196' title='bbox 1717 828 1872 863; x_wconf 81' lang='grc' dir='ltr'>κηρυχθέν-</span> 
     </span>
    </p>
   </div>
   <div class='ocr_carea' id='block_1_33' title="bbox 241 865 1036 916">
    <p class='ocr_par' dir='ltr' id='par_1_33' title="bbox 241 873 1030 916">
     <span class='ocr_line' id='line_1_33' title="bbox 241 873 1030 916; baseline -0.015 -4"><span class='ocrx_word' id='word_1_197' title='bbox 241 893 299 912; x_wconf 88' lang='lat' dir='ltr'><strong>rum</strong></span> <span class='ocrx_word' id='word_1_198' title='bbox 314 891 417 915; x_wconf 88' lang='lat' dir='ltr'><strong>rertun,</strong></span> <span class='ocrx_word' id='word_1_199' title='bbox 432 888 493 916; x_wconf 69' lang='lat' dir='ltr'><strong>quas</strong></span> <span class='ocrx_word' id='word_1_200' title='bbox 508 880 554 907; x_wconf 92' lang='lat' dir='ltr'><strong>Dei</strong></span> <span class='ocrx_word' id='word_1_201' title='bbox 570 878 656 914; x_wconf 82' lang='lat' dir='ltr'><strong>gratia</strong></span> <span class='ocrx_word' id='word_1_202' title='bbox 670 876 822 912; x_wconf 71' lang='lat' dir='ltr'><strong>praedicata:</strong></span> <span class='ocrx_word' id='word_1_203' title='bbox 839 880 912 902; x_wconf 89' lang='lat' dir='ltr'><strong>sunt.</strong></span> <span class='ocrx_word' id='word_1_204' title='bbox 945 873 1030 908; x_wconf 86' lang='lat' dir='ltr'><strong>Hujus</strong></span> 
     </span>
    </p>
   </div>
   <div class='ocr_carea' id='block_1_34' title="bbox 1099 865 1871 916">
    <p class='ocr_par' dir='ltr' id='par_1_34' title="bbox 1100 873 1871 909">
     <span class='ocr_line' id='line_1_34' title="bbox 1100 873 1871 909; baseline 0.003 -11"><span class='ocrx_word' id='word_1_205' title='bbox 1100 881 1137 898; x_wconf 89' lang='grc' dir='ltr'><strong>ων</strong></span> <span class='ocrx_word' id='word_1_206' title='bbox 1164 873 1230 899; x_wconf 80' lang='grc' dir='ltr'>Θεοῦ</span> <span class='ocrx_word' id='word_1_207' title='bbox 1268 875 1372 908; x_wconf 80' lang='grc' dir='ltr'>χάριτι,</span> <span class='ocrx_word' id='word_1_208' title='bbox 1400 874 1496 908; x_wconf 74' lang='grc' dir='ltr'>ἥντινα</span> <span class='ocrx_word' id='word_1_209' title='bbox 1530 873 1688 906; x_wconf 77' lang='grc' dir='ltr'><strong>ἐπεδείξατο</strong></span> <span class='ocrx_word' id='word_1_210' title='bbox 1724 874 1871 909; x_wconf 74' lang='grc' dir='ltr'>’Δδραὰμ,</span> 
     </span>
    </p>
   </div>
   <div class='ocr_carea' id='block_1_35' title="bbox 240 921 1032 965">
    <p class='ocr_par' dir='ltr' id='par_1_35' title="bbox 240 921 1032 965">
     <span class='ocr_line' id='line_1_35' title="bbox 240 921 1032 965; baseline -0.016 -7"><span class='ocrx_word' id='word_1_211' title='bbox 240 930 395 965; x_wconf 82' lang='lat' dir='ltr'><strong>exemplum</strong></span> <span class='ocrx_word' id='word_1_212' title='bbox 411 933 459 955; x_wconf 88' lang='lat' dir='ltr'><strong>aut</strong></span> <span class='ocrx_word' id='word_1_213' title='bbox 487 926 625 961; x_wconf 82' lang='lat' dir='ltr'><strong>specimen</strong></span> <span class='ocrx_word' id='word_1_214' title='bbox 652 922 777 950; x_wconf 70' lang='lat' dir='ltr'><strong>exhibuit</strong></span> <span class='ocrx_word' id='word_1_215' title='bbox 806 921 954 952; x_wconf 78' lang='lat' dir='ltr'><strong>Abraham,</strong></span> <span class='ocrx_word' id='word_1_216' title='bbox 985 923 1032 953; x_wconf 83' lang='lat' dir='ltr'><strong>qui</strong></span> 
     </span>
    </p>
   </div>
   <div class='ocr_carea' id='block_1_36' title="bbox 239 965 1034 1012">
    <p class='ocr_par' dir='ltr' id='par_1_36' title="bbox 239 965 1034 1012">
     <span class='ocr_line' id='line_1_36' title="bbox 239 965 1034 1012; baseline -0.014 -10"><span class='ocrx_word' id='word_1_217' title='bbox 239 978 315 1012; x_wconf 82' lang='lat' dir='ltr'><strong>juxta</strong></span> <span class='ocrx_word' id='word_1_218' title='bbox 330 976 478 1009; x_wconf 70' lang='lat' dir='ltr'><strong>Scriptura?</strong></span> <span class='ocrx_word' id='word_1_219' title='bbox 498 969 680 998; x_wconf 82' lang='lat' dir='ltr'><strong>testiinonium</strong></span> <span class='ocrx_word' id='word_1_220' title='bbox 694 975 746 995; x_wconf 92' lang='lat' dir='ltr'><strong>non</strong></span> <span class='ocrx_word' id='word_1_221' title='bbox 762 967 895 994; x_wconf 86' lang='lat' dir='ltr'><strong>dubitavit</strong></span> <span class='ocrx_word' id='word_1_222' title='bbox 918 973 967 1000; x_wconf 91' lang='lat' dir='ltr'><strong>per</strong></span> <span class='ocrx_word' id='word_1_223' title='bbox 994 965 1034 992; x_wconf 91' lang='lat' dir='ltr'><strong>in-</strong></span> 
     </span>
    </p>
   </div>
   <div class='ocr_carea' id='block_1_37' title="bbox 240 1011 1031 1051">
    <p class='ocr_par' dir='ltr' id='par_1_37' title="bbox 240 1011 1031 1051">
     <span class='ocr_line' id='line_1_37' title="bbox 240 1011 1031 1051; baseline -0.018 -1"><span class='ocrx_word' id='word_1_224' title='bbox 240 1011 440 1051; x_wconf 78' lang='lat' dir='ltr'><strong>credulitatem,</strong></span> <span class='ocrx_word' id='word_1_225' title='bbox 455 1017 502 1045; x_wconf 86' lang='lat' dir='ltr'><strong>sed</strong></span> <span class='ocrx_word' id='word_1_226' title='bbox 527 1016 578 1043; x_wconf 87' lang='lat' dir='ltr'><strong>ﬁde</strong></span> <span class='ocrx_word' id='word_1_227' title='bbox 592 1014 770 1042; x_wconf 81' lang='lat' dir='ltr'><strong>conﬁrmatus</strong></span> <span class='ocrx_word' id='word_1_228' title='bbox 785 1016 837 1045; x_wconf 88' lang='lat' dir='ltr'><strong>est,</strong></span> <span class='ocrx_word' id='word_1_229' title='bbox 852 1011 906 1038; x_wconf 89' lang='lat' dir='ltr'><strong>Deo</strong></span> <span class='ocrx_word' id='word_1_230' title='bbox 919 1011 1031 1046; x_wconf 78' lang='lat' dir='ltr'><strong>gloriam</strong></span> 
     </span>
    </p>
   </div>
   <div class='ocr_carea' id='block_1_38' title="bbox 243 1056 1033 1099">
    <p class='ocr_par' dir='ltr' id='par_1_38' title="bbox 243 1056 1033 1099">
     <span class='ocr_line' id='line_1_38' title="bbox 243 1056 1033 1099; baseline -0.016 -3"><span class='ocrx_word' id='word_1_231' title='bbox 243 1068 378 1099; x_wconf 86' lang='lat' dir='ltr'><strong>tribuens,</strong></span> <span class='ocrx_word' id='word_1_232' title='bbox 393 1070 419 1093; x_wconf 91' lang='lat' dir='ltr'><strong>et</strong></span> <span class='ocrx_word' id='word_1_233' title='bbox 433 1069 506 1092; x_wconf 85' lang='lat' dir='ltr'><strong>certa</strong></span> <span class='ocrx_word' id='word_1_234' title='bbox 531 1061 615 1089; x_wconf 90' lang='lat' dir='ltr'><strong>animi</strong></span> <span class='ocrx_word' id='word_1_235' title='bbox 643 1059 743 1087; x_wconf 82' lang='lat' dir='ltr'><strong>ﬁducia</strong></span> <span class='ocrx_word' id='word_1_236' title='bbox 774 1065 931 1093; x_wconf 87' lang='lat' dir='ltr'><strong>persuasus,</strong></span> <span class='ocrx_word' id='word_1_237' title='bbox 960 1056 1033 1092; x_wconf 90' lang='lat' dir='ltr'><strong>quod</strong></span> 
     </span>
    </p>
   </div>
   <div class='ocr_carea' id='block_1_39' title="bbox 242 1103 946 1148">
    <p class='ocr_par' dir='ltr' id='par_1_39' title="bbox 242 1103 946 1148">
     <span class='ocr_line' id='line_1_39' title="bbox 242 1103 946 1148; baseline -0.016 -8"><span class='ocrx_word' id='word_1_238' title='bbox 242 1121 303 1148; x_wconf 72' lang='lat' dir='ltr'><strong>qua:</strong></span> <span class='ocrx_word' id='word_1_239' title='bbox 317 1110 441 1147; x_wconf 83' lang='lat' dir='ltr'><strong>promisit</strong></span> <span class='ocrx_word' id='word_1_240' title='bbox 456 1110 538 1141; x_wconf 86' lang='lat' dir='ltr'><strong>Deus,</strong></span> <span class='ocrx_word' id='word_1_241' title='bbox 554 1107 647 1134; x_wconf 89' lang='lat' dir='ltr'><strong>eadem</strong></span> <span class='ocrx_word' id='word_1_242' title='bbox 664 1110 690 1133; x_wconf 90' lang='lat' dir='ltr'><strong>et</strong></span> <span class='ocrx_word' id='word_1_243' title='bbox 706 1109 834 1140; x_wconf 64' lang='lat' dir='ltr'><strong>praestare</strong></span> <span class='ocrx_word' id='word_1_244' title='bbox 850 1103 946 1138; x_wconf 79' lang='lat' dir='ltr'><strong>possit.</strong></span> 
     </span>
    </p>
   </div>
   <div class='ocr_carea' id='block_1_40' title="bbox 278 1148 1034 1194">
    <p class='ocr_par' dir='ltr' id='par_1_40' title="bbox 278 1148 1034 1194">
     <span class='ocr_line' id='line_1_40' title="bbox 278 1148 1034 1194; baseline -0.017 -7"><span class='ocrx_word' id='word_1_245' title='bbox 278 1159 357 1194; x_wconf 80' lang='lat' dir='ltr'><strong>Greg.</strong></span> <span class='ocrx_word' id='word_1_246' title='bbox 369 1155 571 1189; x_wconf 81' lang='lat' dir='ltr'><strong>Thaumaturgi.</strong></span> <span class='ocrx_word' id='word_1_247' title='bbox 584 1153 750 1188; x_wconf 66' lang='lat' dir='ltr'><strong>Pracipuam</strong></span> <span class='ocrx_word' id='word_1_248' title='bbox 763 1150 871 1185; x_wconf 86' lang='lat' dir='ltr'><strong>pietatis</strong></span> <span class='ocrx_word' id='word_1_249' title='bbox 886 1156 979 1176; x_wconf 89' lang='lat' dir='ltr'><strong>curam</strong></span> <span class='ocrx_word' id='word_1_250' title='bbox 989 1148 1034 1175; x_wconf 85' lang='lat' dir='ltr'><strong>ha-</strong></span> 
     </span>
    </p>
   </div>
   <div class='ocr_carea' id='block_1_41' title="bbox 244 1195 1033 1235">
    <p class='ocr_par' dir='ltr' id='par_1_41' title="bbox 244 1195 1033 1235">
     <span class='ocr_line' id='line_1_41' title="bbox 244 1195 1033 1235; baseline -0.018 -2"><span class='ocrx_word' id='word_1_251' title='bbox 244 1206 308 1232; x_wconf 91' lang='lat' dir='ltr'><strong>bere</strong></span> <span class='ocrx_word' id='word_1_252' title='bbox 323 1201 461 1232; x_wconf 76' lang='lat' dir='ltr'><strong>convenit,</strong></span> <span class='ocrx_word' id='word_1_253' title='bbox 479 1207 561 1235; x_wconf 87' lang='lat' dir='ltr'><strong>quam</strong></span> <span class='ocrx_word' id='word_1_254' title='bbox 577 1205 631 1225; x_wconf 91' lang='lat' dir='ltr'><strong>non</strong></span> <span class='ocrx_word' id='word_1_255' title='bbox 655 1196 793 1224; x_wconf 87' lang='lat' dir='ltr'><strong>immerito</strong></span> <span class='ocrx_word' id='word_1_256' title='bbox 822 1195 950 1222; x_wconf 90' lang='lat' dir='ltr'><strong>virtutum</strong></span> <span class='ocrx_word' id='word_1_257' title='bbox 984 1201 1033 1228; x_wconf 91' lang='lat' dir='ltr'><strong>pa-</strong></span> 
     </span>
    </p>
   </div>
   <div class='ocr_carea' id='block_1_42' title="bbox 244 1241 1031 1278">
    <p class='ocr_par' dir='ltr' id='par_1_42' title="bbox 244 1241 1031 1278">
     <span class='ocr_line' id='line_1_42' title="bbox 244 1241 1031 1278; baseline -0.015 0"><span class='ocrx_word' id='word_1_258' title='bbox 244 1255 349 1278; x_wconf 89' lang='lat' dir='ltr'><strong>rentem</strong></span> <span class='ocrx_word' id='word_1_259' title='bbox 367 1247 521 1275; x_wconf 89' lang='lat' dir='ltr'><strong>nominant.</strong></span> <span class='ocrx_word' id='word_1_260' title='bbox 552 1244 614 1272; x_wconf 60' lang='lat' dir='ltr'><strong>llaec</strong></span> <span class='ocrx_word' id='word_1_261' title='bbox 642 1243 714 1271; x_wconf 92' lang='lat' dir='ltr'><strong>enim</strong></span> <span class='ocrx_word' id='word_1_262' title='bbox 740 1241 864 1270; x_wconf 92' lang='lat' dir='ltr'><strong>omnium</strong></span> <span class='ocrx_word' id='word_1_263' title='bbox 898 1241 1031 1267; x_wconf 82' lang='lat' dir='ltr'><strong>virtutum</strong></span> 
     </span>
    </p>
   </div>
   <div class='ocr_carea' id='block_1_43' title="bbox 244 1292 951 1333">
    <p class='ocr_par' dir='ltr' id='par_1_43' title="bbox 244 1292 951 1333">
     <span class='ocr_line' id='line_1_43' title="bbox 244 1292 951 1333; baseline -0.023 -8"><span class='ocrx_word' id='word_1_264' title='bbox 244 1295 410 1333; x_wconf 88' lang='lat' dir='ltr'><strong>principium</strong></span> <span class='ocrx_word' id='word_1_265' title='bbox 426 1298 453 1321; x_wconf 90' lang='lat' dir='ltr'><strong>et</strong></span> <span class='ocrx_word' id='word_1_266' title='bbox 469 1292 531 1320; x_wconf 89' lang='lat' dir='ltr'><strong>ﬁnis</strong></span> <span class='ocrx_word' id='word_1_267' title='bbox 545 1295 597 1318; x_wconf 85' lang='lat' dir='ltr'><strong>est.</strong></span> <span class='ocrx_word' id='word_1_268' title='bbox 925 1298 951 1323; x_wconf 65' lang='grc' dir='ltr'><strong><em>ο</em></strong></span> 
     </span>
    </p>
   </div>
   <div class='ocr_carea' id='block_1_44' title="bbox 284 1331 1041 1370">
    <p class='ocr_par' dir='ltr' id='par_1_44' title="bbox 284 1331 1041 1370">
     <span class='ocr_line' id='line_1_44' title="bbox 284 1331 1041 1370; baseline -0.016 0"><span class='ocrx_word' id='word_1_269' title='bbox 284 1341 321 1370; x_wconf 86' lang='lat' dir='ltr'><strong>Ut</strong></span> <span class='ocrx_word' id='word_1_270' title='bbox 344 1341 428 1368; x_wconf 86' lang='lat' dir='ltr'><strong>Deum</strong></span> <span class='ocrx_word' id='word_1_271' title='bbox 450 1344 478 1366; x_wconf 89' lang='lat' dir='ltr'><strong>et</strong></span> <span class='ocrx_word' id='word_1_272' title='bbox 489 1345 599 1366; x_wconf 88' lang='lat' dir='ltr'><strong>causam</strong></span> <span class='ocrx_word' id='word_1_273' title='bbox 624 1335 715 1363; x_wconf 88' lang='lat' dir='ltr'><strong>omnia</strong></span> <span class='ocrx_word' id='word_1_274' title='bbox 726 1334 907 1361; x_wconf 88' lang='lat' dir='ltr'><strong>continentem</strong></span> <span class='ocrx_word' id='word_1_275' title='bbox 923 1331 1041 1359; x_wconf 85' lang='lat' dir='ltr'><strong>elIicien-</strong></span> 
     </span>
    </p>
   </div>
   <div class='ocr_carea' id='block_1_45' title="bbox 247 1377 1041 1423">
    <p class='ocr_par' dir='ltr' id='par_1_45' title="bbox 247 1377 1041 1423">
     <span class='ocr_line' id='line_1_45' title="bbox 247 1377 1041 1423; baseline -0.016 -7"><span class='ocrx_word' id='word_1_276' title='bbox 247 1392 358 1423; x_wconf 84' lang='lat' dir='ltr'><strong>temque</strong></span> <span class='ocrx_word' id='word_1_277' title='bbox 380 1390 590 1420; x_wconf 83' lang='lat' dir='ltr'><strong>cognoscamus,</strong></span> <span class='ocrx_word' id='word_1_278' title='bbox 611 1388 668 1410; x_wconf 92' lang='lat' dir='ltr'><strong>tum</strong></span> <span class='ocrx_word' id='word_1_279' title='bbox 693 1381 754 1408; x_wconf 81' lang='lat' dir='ltr'><strong>visu</strong></span> <span class='ocrx_word' id='word_1_280' title='bbox 777 1385 833 1407; x_wconf 89' lang='lat' dir='ltr'><strong>tum</strong></span> <span class='ocrx_word' id='word_1_281' title='bbox 857 1383 961 1406; x_wconf 65' lang='lat' dir='ltr'><strong>natura:</strong></span> <span class='ocrx_word' id='word_1_282' title='bbox 982 1377 1041 1412; x_wconf 80' lang='lat' dir='ltr'><strong>lege</strong></span> 
     </span>
    </p>
   </div>
   <div class='ocr_carea' id='block_1_46' title="bbox 245 1423 1041 1463">
    <p class='ocr_par' dir='ltr' id='par_1_46' title="bbox 245 1423 1041 1463">
     <span class='ocr_line' id='line_1_46' title="bbox 245 1423 1041 1463; baseline -0.019 0"><span class='ocrx_word' id='word_1_283' title='bbox 245 1436 376 1463; x_wconf 86' lang='lat' dir='ltr'><strong>docemur</strong></span> <span class='ocrx_word' id='word_1_284' title='bbox 391 1441 399 1460; x_wconf 87' lang='lat'><strong>:</strong></span> <span class='ocrx_word' id='word_1_285' title='bbox 414 1432 461 1459; x_wconf 94' lang='lat' dir='ltr'><strong>illo</strong></span> <span class='ocrx_word' id='word_1_286' title='bbox 479 1430 618 1460; x_wconf 90' lang='lat' dir='ltr'><strong>nimirum,</strong></span> <span class='ocrx_word' id='word_1_287' title='bbox 631 1428 695 1456; x_wconf 91' lang='lat' dir='ltr'><strong>dum</strong></span> <span class='ocrx_word' id='word_1_288' title='bbox 711 1434 755 1454; x_wconf 90' lang='lat' dir='ltr'><strong>res</strong></span> <span class='ocrx_word' id='word_1_289' title='bbox 768 1425 888 1452; x_wconf 86' lang='lat' dir='ltr'><strong>visibiles</strong></span> <span class='ocrx_word' id='word_1_290' title='bbox 897 1428 923 1450; x_wconf 87' lang='lat' dir='ltr'><strong>et</strong></span> <span class='ocrx_word' id='word_1_291' title='bbox 936 1423 1041 1450; x_wconf 80' lang='lat' dir='ltr'><strong>solidas</strong></span> 
     </span>
    </p>
   </div>
   <div class='ocr_carea' id='block_1_47' title="bbox 246 1470 1042 1516">
    <p class='ocr_par' dir='ltr' id='par_1_47' title="bbox 246 1470 1042 1516">
     <span class='ocr_line' id='line_1_47' title="bbox 246 1470 1042 1516; baseline -0.019 -6"><span class='ocrx_word' id='word_1_292' title='bbox 246 1485 349 1516; x_wconf 81' lang='lat' dir='ltr'><strong>spectat</strong></span> <span class='ocrx_word' id='word_1_293' title='bbox 367 1488 374 1513; x_wconf 85' lang='lat'><strong>;</strong></span> <span class='ocrx_word' id='word_1_294' title='bbox 392 1480 443 1506; x_wconf 89' lang='lat' dir='ltr'><strong>hac</strong></span> <span class='ocrx_word' id='word_1_295' title='bbox 455 1485 531 1510; x_wconf 91' lang='lat' dir='ltr'><strong>vero,</strong></span> <span class='ocrx_word' id='word_1_296' title='bbox 545 1477 608 1504; x_wconf 91' lang='lat' dir='ltr'><strong>dum</strong></span> <span class='ocrx_word' id='word_1_297' title='bbox 626 1482 659 1502; x_wconf 80' lang='lat' dir='ltr'><strong>ex</strong></span> <span class='ocrx_word' id='word_1_298' title='bbox 677 1475 737 1501; x_wconf 86' lang='lat' dir='ltr'><strong>visu</strong></span> <span class='ocrx_word' id='word_1_299' title='bbox 766 1471 880 1507; x_wconf 86' lang='lat' dir='ltr'><strong>cognitis</strong></span> <span class='ocrx_word' id='word_1_300' title='bbox 895 1475 921 1501; x_wconf 81' lang='lat' dir='ltr'><strong>et</strong></span> <span class='ocrx_word' id='word_1_301' title='bbox 945 1470 1042 1497; x_wconf 87' lang='lat' dir='ltr'><strong>ordine</strong></span> 
     </span>
    </p>
   </div>
   <div class='ocr_carea' id='block_1_48' title="bbox 246 1516 1077 1564">
    <p class='ocr_par' dir='ltr' id='par_1_48' title="bbox 246 1516 1077 1564">
     <span class='ocr_line' id='line_1_48' title="bbox 246 1516 1077 1564; baseline -0.018 -8"><span class='ocrx_word' id='word_1_302' title='bbox 246 1527 386 1562; x_wconf 88' lang='lat' dir='ltr'><strong>dispositis</strong></span> <span class='ocrx_word' id='word_1_303' title='bbox 398 1531 535 1553; x_wconf 89' lang='lat' dir='ltr'><strong>summum</strong></span> <span class='ocrx_word' id='word_1_304' title='bbox 550 1523 646 1549; x_wconf 75' lang='lat' dir='ltr'><strong>ducem</strong></span> <span class='ocrx_word' id='word_1_305' title='bbox 671 1525 698 1548; x_wconf 91' lang='lat' dir='ltr'><strong>et</strong></span> <span class='ocrx_word' id='word_1_306' title='bbox 721 1519 845 1553; x_wconf 86' lang='lat' dir='ltr'><strong>opiﬁcem</strong></span> <span class='ocrx_word' id='word_1_307' title='bbox 877 1516 1040 1544; x_wconf 85' lang='lat' dir='ltr'><strong>considerat.</strong></span> <span class='ocrx_word' id='word_1_308' title='bbox 1055 1535 1077 1564; x_wconf 72' lang='lat' dir='ltr'><strong><em>C</em></strong></span> 
     </span>
    </p>
   </div>
   <div class='ocr_carea' id='block_1_49' title="bbox 282 1563 1040 1607">
    <p class='ocr_par' dir='ltr' id='par_1_49' title="bbox 282 1563 1040 1607">
     <span class='ocr_line' id='line_1_49' title="bbox 282 1563 1040 1607; baseline -0.017 -6"><span class='ocrx_word' id='word_1_309' title='bbox 282 1574 365 1601; x_wconf 84' lang='lat' dir='ltr'><strong>&#39;l‘ecto</strong></span> <span class='ocrx_word' id='word_1_310' title='bbox 383 1572 460 1607; x_wconf 86' lang='lat' dir='ltr'><strong>pulsa</strong></span> <span class='ocrx_word' id='word_1_311' title='bbox 477 1574 503 1596; x_wconf 87' lang='lat' dir='ltr'><strong>et</strong></span> <span class='ocrx_word' id='word_1_312' title='bbox 516 1569 567 1596; x_wconf 88' lang='lat' dir='ltr'><strong>sub</strong></span> <span class='ocrx_word' id='word_1_313' title='bbox 576 1567 622 1594; x_wconf 90' lang='lat' dir='ltr'><strong>dio</strong></span> <span class='ocrx_word' id='word_1_314' title='bbox 638 1573 721 1601; x_wconf 72' lang='lat' dir='ltr'><strong>agens</strong></span> <span class='ocrx_word' id='word_1_315' title='bbox 735 1565 811 1596; x_wconf 87' lang='lat' dir='ltr'><strong>ﬁdes,</strong></span> <span class='ocrx_word' id='word_1_316' title='bbox 832 1563 859 1599; x_wconf 65' lang='grc' dir='ltr'>ἀ.</span> <span class='ocrx_word' id='word_1_317' title='bbox 882 1567 1040 1596; x_wconf 87' lang='lat' dir='ltr'><strong>sumptuosa</strong></span> 
     </span>
    </p>
   </div>
   <div class='ocr_carea' id='block_1_50' title="bbox 247 1607 1040 1654">
    <p class='ocr_par' dir='ltr' id='par_1_50' title="bbox 247 1607 1040 1654">
     <span class='ocr_line' id='line_1_50' title="bbox 247 1607 1040 1654; baseline -0.019 -6"><span class='ocrx_word' id='word_1_318' title='bbox 247 1619 385 1654; x_wconf 85' lang='lat' dir='ltr'><strong>impietate</strong></span> <span class='ocrx_word' id='word_1_319' title='bbox 400 1615 572 1651; x_wconf 63' lang='lat' dir='ltr'><strong>praestantior</strong></span> <span class='ocrx_word' id='word_1_320' title='bbox 587 1617 640 1644; x_wconf 80' lang='lat' dir='ltr'><strong>est.</strong></span> <span class='ocrx_word' id='word_1_321' title='bbox 650 1616 678 1639; x_wconf 90' lang='lat' dir='ltr'><strong>et</strong></span> <span class='ocrx_word' id='word_1_322' title='bbox 694 1616 748 1638; x_wconf 89' lang='lat' dir='ltr'><strong>tres</strong></span> <span class='ocrx_word' id='word_1_323' title='bbox 762 1610 789 1637; x_wconf 91' lang='lat' dir='ltr'><strong>in</strong></span> <span class='ocrx_word' id='word_1_324' title='bbox 804 1609 914 1636; x_wconf 88' lang='lat' dir='ltr'><strong>nomine</strong></span> <span class='ocrx_word' id='word_1_325' title='bbox 931 1607 1040 1635; x_wconf 87' lang='lat' dir='ltr'><strong>Domini</strong></span> 
     </span>
    </p>
   </div>
   <div class='ocr_carea' id='block_1_51' title="bbox 247 1653 1043 1700">
    <p class='ocr_par' dir='ltr' id='par_1_51' title="bbox 247 1653 1043 1700">
     <span class='ocr_line' id='line_1_51' title="bbox 247 1653 1043 1700; baseline -0.018 -7"><span class='ocrx_word' id='word_1_326' title='bbox 247 1653 413 1700; x_wconf 80' lang='lat' dir='ltr'><strong>congregati,</strong></span> <span class='ocrx_word' id='word_1_327' title='bbox 432 1660 524 1688; x_wconf 88' lang='lat' dir='ltr'><strong>multis</strong></span> <span class='ocrx_word' id='word_1_328' title='bbox 535 1658 705 1687; x_wconf 85' lang='lat' dir='ltr'><strong>divinitatem</strong></span> <span class='ocrx_word' id='word_1_329' title='bbox 728 1655 892 1691; x_wconf 78' lang='lat' dir='ltr'><strong>negantibus</strong></span> <span class='ocrx_word' id='word_1_330' title='bbox 923 1653 1043 1681; x_wconf 86' lang='lat' dir='ltr'><strong>antecel-</strong></span> 
     </span>
    </p>
   </div>
   <div class='ocr_carea' id='block_1_52' title="bbox 237 1712 320 1740">
    <p class='ocr_par' dir='ltr' id='par_1_52' title="bbox 237 1712 320 1740">
     <span class='ocr_line' id='line_1_52' title="bbox 237 1712 320 1740; baseline -0.012 -1"><span class='ocrx_word' id='word_1_331' title='bbox 237 1712 320 1740; x_wconf 62' lang='lat' dir='ltr'><strong>Junt.</strong></span> 
     </span>
    </p>
   </div>
   <div class='ocr_carea' id='block_1_53' title="bbox 283 1749 1041 1787">
    <p class='ocr_par' dir='ltr' id='par_1_53' title="bbox 283 1749 1041 1787">
     <span class='ocr_line' id='line_1_53' title="bbox 283 1749 1041 1787; baseline -0.016 -2"><span class='ocrx_word' id='word_1_332' title='bbox 283 1757 355 1785; x_wconf 83' lang='lat' dir='ltr'><strong>Nihil</strong></span> <span class='ocrx_word' id='word_1_333' title='bbox 371 1761 463 1784; x_wconf 87' lang='lat' dir='ltr'><strong>coram</strong></span> <span class='ocrx_word' id='word_1_334' title='bbox 487 1753 543 1781; x_wconf 89' lang='lat' dir='ltr'><strong>Deo</strong></span> <span class='ocrx_word' id='word_1_335' title='bbox 567 1759 645 1787; x_wconf 66' lang='lat' dir='ltr'><strong>atque</strong></span> <span class='ocrx_word' id='word_1_336' title='bbox 668 1749 842 1784; x_wconf 84' lang='lat' dir='ltr'><strong>magniﬁcum</strong></span> <span class='ocrx_word' id='word_1_337' title='bbox 869 1752 919 1779; x_wconf 85' lang='lat' dir='ltr'><strong>est,</strong></span> <span class='ocrx_word' id='word_1_338' title='bbox 957 1751 1041 1781; x_wconf 92' lang='lat' dir='ltr'><strong>atque</strong></span> 
     </span>
    </p>
   </div>
   <div class='ocr_carea' id='block_1_54' title="bbox 250 1793 1042 1836">
    <p class='ocr_par' dir='ltr' id='par_1_54' title="bbox 250 1793 1042 1836">
     <span class='ocr_line' id='line_1_54' title="bbox 250 1793 1042 1836; baseline -0.015 -5"><span class='ocrx_word' id='word_1_339' title='bbox 250 1810 340 1832; x_wconf 82' lang='lat' dir='ltr'><strong>sermo</strong></span> <span class='ocrx_word' id='word_1_340' title='bbox 352 1808 447 1836; x_wconf 88' lang='lat' dir='ltr'><strong>purus,</strong></span> <span class='ocrx_word' id='word_1_341' title='bbox 455 1805 482 1828; x_wconf 88' lang='lat' dir='ltr'><strong>et</strong></span> <span class='ocrx_word' id='word_1_342' title='bbox 494 1799 617 1826; x_wconf 84' lang='lat' dir='ltr'><strong>veritatis</strong></span> <span class='ocrx_word' id='word_1_343' title='bbox 627 1795 798 1832; x_wconf 77' lang='lat' dir='ltr'><strong>dogmatibus</strong></span> <span class='ocrx_word' id='word_1_344' title='bbox 810 1793 928 1828; x_wconf 81' lang='lat' dir='ltr'><strong>perlecta</strong></span> <span class='ocrx_word' id='word_1_345' title='bbox 941 1793 1042 1820; x_wconf 87' lang='lat' dir='ltr'><strong>anima.</strong></span> 
     </span>
    </p>
   </div>
   <div class='ocr_carea' id='block_1_55' title="bbox 285 1884 1044 1928">
    <p class='ocr_par' dir='ltr' id='par_1_55' title="bbox 285 1884 1044 1928">
     <span class='ocr_line' id='line_1_55' title="bbox 285 1884 1044 1928; baseline -0.014 -6"><span class='ocrx_word' id='word_1_346' title='bbox 285 1896 348 1923; x_wconf 85' lang='lat' dir='ltr'><strong>Sola</strong></span> <span class='ocrx_word' id='word_1_347' title='bbox 366 1893 451 1928; x_wconf 88' lang='lat' dir='ltr'><strong>pietas</strong></span> <span class='ocrx_word' id='word_1_348' title='bbox 466 1890 564 1918; x_wconf 84' lang='lat' dir='ltr'><strong>stabile</strong></span> <span class='ocrx_word' id='word_1_349' title='bbox 576 1893 603 1917; x_wconf 91' lang='lat' dir='ltr'><strong>et</strong></span> <span class='ocrx_word' id='word_1_350' title='bbox 618 1889 726 1915; x_wconf 86' lang='lat' dir='ltr'><strong>ﬁrmum</strong></span> <span class='ocrx_word' id='word_1_351' title='bbox 742 1887 845 1914; x_wconf 89' lang='lat' dir='ltr'><strong>bonum</strong></span> <span class='ocrx_word' id='word_1_352' title='bbox 877 1891 929 1912; x_wconf 89' lang='lat' dir='ltr'><strong>est.</strong></span> <span class='ocrx_word' id='word_1_353' title='bbox 963 1884 1044 1917; x_wconf 87' lang='lat' dir='ltr'><strong>Quod</strong></span> 
     </span>
    </p>
   </div>
   <div class='ocr_carea' id='block_1_56' title="bbox 250 1930 1044 1974">
    <p class='ocr_par' dir='ltr' id='par_1_56' title="bbox 250 1930 1044 1974">
     <span class='ocr_line' id='line_1_56' title="bbox 250 1930 1044 1974; baseline -0.016 -5"><span class='ocrx_word' id='word_1_354' title='bbox 250 1942 324 1970; x_wconf 86' lang='lat' dir='ltr'><strong>enim</strong></span> <span class='ocrx_word' id='word_1_355' title='bbox 342 1939 477 1974; x_wconf 86' lang='lat' dir='ltr'><strong>acquisitu</strong></span> <span class='ocrx_word' id='word_1_356' title='bbox 496 1934 667 1971; x_wconf 88' lang='lat' dir='ltr'><strong>impossibile</strong></span> <span class='ocrx_word' id='word_1_357' title='bbox 683 1938 735 1965; x_wconf 89' lang='lat' dir='ltr'><strong>est,</strong></span> <span class='ocrx_word' id='word_1_358' title='bbox 754 1932 825 1960; x_wconf 91' lang='lat' dir='ltr'><strong>idem</strong></span> <span class='ocrx_word' id='word_1_359' title='bbox 842 1935 952 1967; x_wconf 86' lang='lat' dir='ltr'><strong>propter</strong></span> <span class='ocrx_word' id='word_1_360' title='bbox 971 1930 1044 1957; x_wconf 85' lang='lat' dir='ltr'><strong>invi-</strong></span> 
     </span>
    </p>
   </div>
   <div class='ocr_carea' id='block_1_57' title="bbox 250 1975 1041 2016">
    <p class='ocr_par' dir='ltr' id='par_1_57' title="bbox 250 1975 1041 2016">
     <span class='ocr_line' id='line_1_57' title="bbox 250 1975 1041 2016; baseline -0.018 0"><span class='ocrx_word' id='word_1_361' title='bbox 250 1989 320 2016; x_wconf 89' lang='lat' dir='ltr'><strong>diam</strong></span> <span class='ocrx_word' id='word_1_362' title='bbox 341 1983 499 2013; x_wconf 86' lang='lat' dir='ltr'><strong>incredibile</strong></span> <span class='ocrx_word' id='word_1_363' title='bbox 523 1982 606 2010; x_wconf 91' lang='lat' dir='ltr'><strong>etiam</strong></span> <span class='ocrx_word' id='word_1_364' title='bbox 635 1979 784 2015; x_wconf 73' lang='lat' dir='ltr'><strong>iudicatur.</strong></span> <span class='ocrx_word' id='word_1_365' title='bbox 810 1977 894 2012; x_wconf 84' lang='lat' dir='ltr'><strong>Atqui</strong></span> <span class='ocrx_word' id='word_1_366' title='bbox 920 1975 1041 2011; x_wconf 77' lang='lat' dir='ltr'><strong>profanae</strong></span> 
     </span>
    </p>
   </div>
   <div class='ocr_carea' id='block_1_58' title="bbox 251 2021 1041 2062">
    <p class='ocr_par' dir='ltr' id='par_1_58' title="bbox 251 2021 1041 2062">
     <span class='ocr_line' id='line_1_58' title="bbox 251 2021 1041 2062; baseline -0.016 -1"><span class='ocrx_word' id='word_1_367' title='bbox 251 2037 354 2061; x_wconf 76' lang='lat' dir='ltr'><strong>tuentes</strong></span> <span class='ocrx_word' id='word_1_368' title='bbox 367 2031 469 2057; x_wconf 93' lang='lat' dir='ltr'><strong>nullam</strong></span> <span class='ocrx_word' id='word_1_369' title='bbox 480 2035 548 2061; x_wconf 80' lang='lat' dir='ltr'><strong>rem,</strong></span> <span class='ocrx_word' id='word_1_370' title='bbox 565 2034 625 2062; x_wconf 74' lang='lat' dir='ltr'><strong>qua:</strong></span> <span class='ocrx_word' id='word_1_371' title='bbox 640 2026 710 2053; x_wconf 87' lang='lat' dir='ltr'><strong>bona</strong></span> <span class='ocrx_word' id='word_1_372' title='bbox 724 2028 751 2052; x_wconf 84' lang='lat' dir='ltr'><strong>et</strong></span> <span class='ocrx_word' id='word_1_373' title='bbox 768 2025 883 2051; x_wconf 86' lang='lat' dir='ltr'><strong>honesta</strong></span> <span class='ocrx_word' id='word_1_374' title='bbox 909 2026 961 2055; x_wconf 88' lang='lat' dir='ltr'><strong>est,</strong></span> <span class='ocrx_word' id='word_1_375' title='bbox 987 2021 1041 2049; x_wconf 90' lang='lat' dir='ltr'><strong>ﬁde</strong></span> 
     </span>
    </p>
   </div>
   <div class='ocr_carea' id='block_1_59' title="bbox 253 2075 545 2113">
    <p class='ocr_par' dir='ltr' id='par_1_59' title="bbox 253 2075 545 2113">
     <span class='ocr_line' id='line_1_59' title="bbox 253 2075 545 2113; baseline -0.031 -6"><span class='ocrx_word' id='word_1_376' title='bbox 253 2080 365 2113; x_wconf 78' lang='lat' dir='ltr'><strong>dignam</strong></span> <span class='ocrx_word' id='word_1_377' title='bbox 378 2075 545 2102; x_wconf 83' lang='lat' dir='ltr'><strong>existimant.</strong></span> 
     </span>
    </p>
   </div>
   <div class='ocr_carea' id='block_1_60' title="bbox 289 2100 1079 2158">
    <p class='ocr_par' dir='ltr' id='par_1_60' title="bbox 289 2100 1079 2158">
     <span class='ocr_line' id='line_1_60' title="bbox 289 2100 1079 2158; baseline -0.018 -7"><span class='ocrx_word' id='word_1_378' title='bbox 289 2100 426 2158; x_wconf 49' lang='lat' dir='ltr'><strong>r,Glirysoat.</strong></span> <span class='ocrx_word' id='word_1_379' title='bbox 440 2120 498 2147; x_wconf 82' lang='lat' dir='ltr'><strong>Hoc</strong></span> <span class='ocrx_word' id='word_1_380' title='bbox 507 2118 568 2146; x_wconf 87' lang='lat' dir='ltr'><strong>ﬁdei</strong></span> <span class='ocrx_word' id='word_1_381' title='bbox 581 2116 699 2144; x_wconf 77' lang='lat' dir='ltr'><strong>maxime</strong></span> <span class='ocrx_word' id='word_1_382' title='bbox 707 2113 845 2149; x_wconf 91' lang='lat' dir='ltr'><strong>proprium</strong></span> <span class='ocrx_word' id='word_1_383' title='bbox 857 2115 910 2142; x_wconf 87' lang='lat' dir='ltr'><strong>est,</strong></span> <span class='ocrx_word' id='word_1_384' title='bbox 924 2111 1043 2139; x_wconf 86' lang='lat' dir='ltr'><strong>rationes</strong></span> 
     </span>
    </p>
   </div>
   <div class='ocr_carea' id='block_1_61' title="bbox 251 2157 1043 2202">
    <p class='ocr_par' dir='ltr' id='par_1_61' title="bbox 251 2157 1043 2202">
     <span class='ocr_line' id='line_1_61' title="bbox 251 2157 1043 2202; baseline -0.015 -6"><span class='ocrx_word' id='word_1_385' title='bbox 251 2157 420 2202; x_wconf 67' lang='lat' dir='ltr'><strong>eoi-umqum</strong></span> <span class='ocrx_word' id='word_1_386' title='bbox 434 2164 501 2191; x_wconf 86' lang='lat' dir='ltr'><strong>ﬁunt</strong></span> <span class='ocrx_word' id='word_1_387' title='bbox 514 2170 567 2190; x_wconf 93' lang='lat' dir='ltr'><strong>non</strong></span> <span class='ocrx_word' id='word_1_388' title='bbox 592 2162 739 2196; x_wconf 86' lang='lat' dir='ltr'><strong>inquirere,</strong></span> <span class='ocrx_word' id='word_1_389' title='bbox 777 2157 825 2185; x_wconf 90' lang='lat' dir='ltr'><strong>sed</strong></span> <span class='ocrx_word' id='word_1_390' title='bbox 853 2157 1043 2191; x_wconf 87' lang='lat' dir='ltr'><strong>obtemperare</strong></span> 
     </span>
    </p>
   </div>
   <div class='ocr_carea' id='block_1_62' title="bbox 254 2214 1081 2251">
    <p class='ocr_par' dir='ltr' id='par_1_62' title="bbox 254 2214 1081 2251">
     <span class='ocr_line' id='line_1_62' title="bbox 254 2214 1081 2251; baseline -0.011 -9"><span class='ocrx_word' id='word_1_391' title='bbox 254 2214 430 2251; x_wconf 68' lang='lat' dir='ltr'><strong>praescriptis.</strong></span> <span class='ocrx_word' id='word_1_392' title='bbox 1058 2215 1081 2242; x_wconf 81' lang='grc' dir='ltr'><strong>ι)</strong></span> 
     </span>
    </p>
   </div>
   <div class='ocr_carea' id='block_1_63' title="bbox 290 2251 1042 2289">
    <p class='ocr_par' dir='ltr' id='par_1_63' title="bbox 290 2251 1042 2289">
     <span class='ocr_line' id='line_1_63' title="bbox 290 2251 1042 2289; baseline -0.016 0"><span class='ocrx_word' id='word_1_393' title='bbox 290 2262 367 2289; x_wconf 83' lang='lat' dir='ltr'><strong>Pium</strong></span> <span class='ocrx_word' id='word_1_394' title='bbox 388 2265 415 2288; x_wconf 88' lang='lat' dir='ltr'><strong>et</strong></span> <span class='ocrx_word' id='word_1_395' title='bbox 428 2260 531 2287; x_wconf 87' lang='lat' dir='ltr'><strong>lidelem</strong></span> <span class='ocrx_word' id='word_1_396' title='bbox 549 2259 637 2286; x_wconf 89' lang='lat' dir='ltr'><strong>virum</strong></span> <span class='ocrx_word' id='word_1_397' title='bbox 654 2260 708 2283; x_wconf 86' lang='lat' dir='ltr'><strong>tam</strong></span> <span class='ocrx_word' id='word_1_398' title='bbox 743 2255 822 2282; x_wconf 86' lang='lat' dir='ltr'><strong>ﬁrmo</strong></span> <span class='ocrx_word' id='word_1_399' title='bbox 852 2258 880 2282; x_wconf 90' lang='lat' dir='ltr'><strong>et</strong></span> <span class='ocrx_word' id='word_1_400' title='bbox 906 2251 1042 2280; x_wconf 88' lang='lat' dir='ltr'><strong>constanti</strong></span> 
     </span>
    </p>
   </div>
   <div class='ocr_carea' id='block_1_64' title="bbox 253 2301 1044 2343">
    <p class='ocr_par' dir='ltr' id='par_1_64' title="bbox 253 2301 1044 2343">
     <span class='ocr_line' id='line_1_64' title="bbox 253 2301 1044 2343; baseline -0.015 -8"><span class='ocrx_word' id='word_1_401' title='bbox 253 2315 318 2343; x_wconf 81' lang='lat' dir='ltr'><strong>erga</strong></span> <span class='ocrx_word' id='word_1_402' title='bbox 337 2306 383 2334; x_wconf 88' lang='lat' dir='ltr'><strong>Dei</strong></span> <span class='ocrx_word' id='word_1_403' title='bbox 401 2305 597 2342; x_wconf 86' lang='lat' dir='ltr'><strong>promissiones</strong></span> <span class='ocrx_word' id='word_1_404' title='bbox 612 2302 704 2329; x_wconf 87' lang='lat' dir='ltr'><strong>animo</strong></span> <span class='ocrx_word' id='word_1_405' title='bbox 721 2301 864 2335; x_wconf 62' lang='lat' dir='ltr'><strong>praeditum</strong></span> <span class='ocrx_word' id='word_1_406' title='bbox 879 2306 938 2326; x_wconf 88' lang='lat' dir='ltr'><strong>esse</strong></span> <span class='ocrx_word' id='word_1_407' title='bbox 961 2304 1044 2332; x_wconf 87' lang='lat' dir='ltr'><strong>opor-</strong></span> 
     </span>
    </p>
   </div>
   <div class='ocr_carea' id='block_1_65' title="bbox 255 2345 1043 2384">
    <p class='ocr_par' dir='ltr' id='par_1_65' title="bbox 255 2345 1043 2384">
     <span class='ocr_line' id='line_1_65' title="bbox 255 2345 1043 2384; baseline -0.014 -5"><span class='ocrx_word' id='word_1_408' title='bbox 255 2356 302 2384; x_wconf 87' lang='lat' dir='ltr'><strong>tet,</strong></span> <span class='ocrx_word' id='word_1_409' title='bbox 317 2357 345 2378; x_wconf 94' lang='lat' dir='ltr'><strong>ut</strong></span> <span class='ocrx_word' id='word_1_410' title='bbox 360 2351 422 2378; x_wconf 88' lang='lat' dir='ltr'><strong>licet</strong></span> <span class='ocrx_word' id='word_1_411' title='bbox 436 2350 487 2378; x_wconf 88' lang='lat' dir='ltr'><strong>sibi</strong></span> <span class='ocrx_word' id='word_1_412' title='bbox 503 2349 569 2383; x_wconf 87' lang='lat' dir='ltr'><strong>ipsis</strong></span> <span class='ocrx_word' id='word_1_413' title='bbox 583 2346 721 2375; x_wconf 82' lang='lat' dir='ltr'><strong>contraria</strong></span> <span class='ocrx_word' id='word_1_414' title='bbox 735 2352 795 2373; x_wconf 86' lang='lat' dir='ltr'><strong>esse</strong></span> <span class='ocrx_word' id='word_1_415' title='bbox 811 2345 957 2372; x_wconf 82' lang='lat' dir='ltr'><strong>videantur</strong></span> <span class='ocrx_word' id='word_1_416' title='bbox 981 2349 1043 2377; x_wconf 79' lang='lat' dir='ltr'><strong>quae</strong></span> 
     </span>
    </p>
   </div>
   <div class='ocr_carea' id='block_1_66' title="bbox 255 2389 1042 2429">
    <p class='ocr_par' dir='ltr' id='par_1_66' title="bbox 255 2389 1042 2429">
     <span class='ocr_line' id='line_1_66' title="bbox 255 2389 1042 2429; baseline -0.011 -5"><span class='ocrx_word' id='word_1_417' title='bbox 255 2398 332 2429; x_wconf 90' lang='lat' dir='ltr'><strong>ﬁunt,</strong></span> <span class='ocrx_word' id='word_1_418' title='bbox 349 2404 383 2424; x_wconf 88' lang='lat' dir='ltr'><strong>ne</strong></span> <span class='ocrx_word' id='word_1_419' title='bbox 398 2396 438 2423; x_wconf 82' lang='lat' dir='ltr'><strong>sic</strong></span> <span class='ocrx_word' id='word_1_420' title='bbox 453 2401 544 2422; x_wconf 69' lang='lat' dir='ltr'><strong>tamen</strong></span> <span class='ocrx_word' id='word_1_421' title='bbox 557 2394 598 2421; x_wconf 91' lang='lat' dir='ltr'><strong>vel</strong></span> <span class='ocrx_word' id='word_1_422' title='bbox 611 2393 702 2420; x_wconf 89' lang='lat' dir='ltr'><strong>animo</strong></span> <span class='ocrx_word' id='word_1_423' title='bbox 731 2391 835 2419; x_wconf 89' lang='lat' dir='ltr'><strong>turbari</strong></span> <span class='ocrx_word' id='word_1_424' title='bbox 869 2390 968 2425; x_wconf 85' lang='lat' dir='ltr'><strong>possit,</strong></span> <span class='ocrx_word' id='word_1_425' title='bbox 999 2389 1042 2415; x_wconf 85' lang='lat' dir='ltr'><strong>vel</strong></span> 
     </span>
    </p>
   </div>
   <div class='ocr_carea' id='block_1_67' title="bbox 254 2436 1044 2475">
    <p class='ocr_par' dir='ltr' id='par_1_67' title="bbox 254 2436 1044 2475">
     <span class='ocr_line' id='line_1_67' title="bbox 254 2436 1044 2475; baseline -0.011 -4"><span class='ocrx_word' id='word_1_426' title='bbox 254 2444 288 2471; x_wconf 88' lang='lat' dir='ltr'><strong>de</strong></span> <span class='ocrx_word' id='word_1_427' title='bbox 303 2447 400 2470; x_wconf 89' lang='lat' dir='ltr'><strong>eventu</strong></span> <span class='ocrx_word' id='word_1_428' title='bbox 416 2442 549 2475; x_wconf 87' lang='lat' dir='ltr'><strong>desperet.</strong></span> <span class='ocrx_word' id='word_1_429' title='bbox 565 2439 682 2466; x_wconf 88' lang='lat' dir='ltr'><strong>Fidelem</strong></span> <span class='ocrx_word' id='word_1_430' title='bbox 702 2439 838 2465; x_wconf 85' lang='lat' dir='ltr'><strong>Abraham</strong></span> <span class='ocrx_word' id='word_1_431' title='bbox 854 2438 946 2471; x_wconf 86' lang='lat' dir='ltr'><strong>itaque</strong></span> <span class='ocrx_word' id='word_1_432' title='bbox 959 2436 1044 2470; x_wconf 89' lang='lat' dir='ltr'><strong>inspi-</strong></span> 
     </span>
    </p>
   </div>
   <div class='ocr_carea' id='block_1_68' title="bbox 255 2481 1040 2523">
    <p class='ocr_par' dir='ltr' id='par_1_68' title="bbox 255 2481 1040 2523">
     <span class='ocr_line' id='line_1_68' title="bbox 255 2481 1040 2523; baseline -0.01 -7"><span class='ocrx_word' id='word_1_433' title='bbox 255 2491 320 2521; x_wconf 83' lang='lat' dir='ltr'><strong>cito,</strong></span> <span class='ocrx_word' id='word_1_434' title='bbox 337 2488 445 2523; x_wconf 87' lang='lat' dir='ltr'><strong>qualem</strong></span> <span class='ocrx_word' id='word_1_435' title='bbox 460 2487 587 2513; x_wconf 88' lang='lat' dir='ltr'><strong>nimirum</strong></span> <span class='ocrx_word' id='word_1_436' title='bbox 606 2481 812 2520; x_wconf 81' lang='lat' dir='ltr'><strong>promissionem</strong></span> <span class='ocrx_word' id='word_1_437' title='bbox 827 2484 884 2518; x_wconf 88' lang='lat' dir='ltr'><strong>ipse</strong></span> <span class='ocrx_word' id='word_1_438' title='bbox 895 2483 1040 2517; x_wconf 83' lang='lat' dir='ltr'><strong>acceperit,</strong></span> 
     </span>
    </p>
   </div>
   <div class='ocr_carea' id='block_1_69' title="bbox 256 2530 778 2569">
    <p class='ocr_par' dir='ltr' id='par_1_69' title="bbox 256 2530 778 2569">
     <span class='ocr_line' id='line_1_69' title="bbox 256 2530 778 2569; baseline -0.015 -6"><span class='ocrx_word' id='word_1_439' title='bbox 256 2540 283 2563; x_wconf 89' lang='lat' dir='ltr'><strong>et</strong></span> <span class='ocrx_word' id='word_1_440' title='bbox 298 2541 421 2569; x_wconf 65' lang='lat' dir='ltr'><strong>quasnam</strong></span> <span class='ocrx_word' id='word_1_441' title='bbox 439 2533 496 2567; x_wconf 89' lang='lat' dir='ltr'><strong>ipse</strong></span> <span class='ocrx_word' id='word_1_442' title='bbox 506 2531 596 2558; x_wconf 79' lang='lat' dir='ltr'><strong>facere</strong></span> <span class='ocrx_word' id='word_1_443' title='bbox 611 2536 720 2558; x_wconf 85' lang='lat' dir='ltr'><strong>coactus</strong></span> <span class='ocrx_word' id='word_1_444' title='bbox 732 2530 778 2558; x_wconf 86' lang='lat' dir='ltr'><strong>sit.</strong></span> 
     </span>
    </p>
   </div>
   <div class='ocr_carea' id='block_1_70' title="bbox 293 2573 1008 2610">
    <p class='ocr_par' dir='ltr' id='par_1_70' title="bbox 293 2573 1008 2610">
     <span class='ocr_line' id='line_1_70' title="bbox 293 2573 1008 2610; baseline -0.01 -4"><span class='ocrx_word' id='word_1_445' title='bbox 293 2580 372 2607; x_wconf 77' lang='lat' dir='ltr'><strong>Fides</strong></span> <span class='ocrx_word' id='word_1_446' title='bbox 391 2579 520 2605; x_wconf 89' lang='lat' dir='ltr'><strong>virtututn</strong></span> <span class='ocrx_word' id='word_1_447' title='bbox 534 2582 629 2609; x_wconf 87' lang='lat' dir='ltr'><strong>mater,</strong></span> <span class='ocrx_word' id='word_1_448' title='bbox 644 2584 742 2603; x_wconf 79' lang='lat' dir='ltr'><strong>corona</strong></span> <span class='ocrx_word' id='word_1_449' title='bbox 758 2580 784 2602; x_wconf 88' lang='lat' dir='ltr'><strong>et</strong></span> <span class='ocrx_word' id='word_1_450' title='bbox 813 2573 943 2610; x_wconf 83' lang='lat' dir='ltr'><strong>perfectio</strong></span> <span class='ocrx_word' id='word_1_451' title='bbox 957 2577 1008 2600; x_wconf 86' lang='lat' dir='ltr'><strong>est.</strong></span> 
     </span>
    </p>
   </div>
   <div class='ocr_carea' id='block_1_71' title="bbox 292 2663 1044 2695">
    <p class='ocr_par' dir='ltr' id='par_1_71' title="bbox 292 2663 1044 2695">
     <span class='ocr_line' id='line_1_71' title="bbox 292 2663 1044 2695; baseline -0.005 -1"><span class='ocrx_word' id='word_1_452' title='bbox 292 2667 443 2695; x_wconf 78' lang='lat' dir='ltr'><strong>Athanasii.</strong></span> <span class='ocrx_word' id='word_1_453' title='bbox 460 2666 554 2694; x_wconf 82' lang='lat' dir='ltr'><strong>Melius</strong></span> <span class='ocrx_word' id='word_1_454' title='bbox 570 2671 613 2695; x_wconf 80' lang='lat' dir='ltr'><strong>est</strong></span> <span class='ocrx_word' id='word_1_455' title='bbox 630 2666 830 2694; x_wconf 83' lang='lat' dir='ltr'><strong>dubitationem</strong></span> <span class='ocrx_word' id='word_1_456' title='bbox 855 2665 979 2692; x_wconf 88' lang='lat' dir='ltr'><strong>obortam</strong></span> <span class='ocrx_word' id='word_1_457' title='bbox 1008 2663 1044 2690; x_wconf 64' lang='lat' dir='ltr'><strong>si&lt;</strong></span> 
     </span>
    </p>
   </div>
   <div class='ocr_carea' id='block_1_72' title="bbox 256 2711 1045 2748">
    <p class='ocr_par' dir='ltr' id='par_1_72' title="bbox 256 2711 1045 2748">
     <span class='ocr_line' id='line_1_72' title="bbox 256 2711 1045 2748; baseline -0.003 -8"><span class='ocrx_word' id='word_1_458' title='bbox 256 2713 340 2741; x_wconf 83' lang='lat' dir='ltr'><strong>lentio</strong></span> <span class='ocrx_word' id='word_1_459' title='bbox 355 2714 502 2748; x_wconf 85' lang='lat' dir='ltr'><strong>reprimere</strong></span> <span class='ocrx_word' id='word_1_460' title='bbox 518 2718 545 2741; x_wconf 90' lang='lat' dir='ltr'><strong>et</strong></span> <span class='ocrx_word' id='word_1_461' title='bbox 558 2714 680 2744; x_wconf 87' lang='lat' dir='ltr'><strong>credere,</strong></span> <span class='ocrx_word' id='word_1_462' title='bbox 696 2719 777 2746; x_wconf 87' lang='lat' dir='ltr'><strong>quam</strong></span> <span class='ocrx_word' id='word_1_463' title='bbox 803 2716 913 2746; x_wconf 84' lang='lat' dir='ltr'><strong>propter</strong></span> <span class='ocrx_word' id='word_1_464' title='bbox 938 2711 1045 2738; x_wconf 81' lang='lat' dir='ltr'><strong>dubita-</strong></span> 
     </span>
    </p>
   </div>
   <div class='ocr_carea' id='block_1_73' title="bbox 258 2759 502 2787">
    <p class='ocr_par' dir='ltr' id='par_1_73' title="bbox 258 2759 502 2787">
     <span class='ocr_line' id='line_1_73' title="bbox 258 2759 502 2787; baseline 0.004 -2"><span class='ocrx_word' id='word_1_465' title='bbox 258 2760 358 2786; x_wconf 86' lang='lat' dir='ltr'><strong>tionem</strong></span> <span class='ocrx_word' id='word_1_466' title='bbox 374 2759 502 2787; x_wconf 83' lang='lat' dir='ltr'><strong>diliidere.</strong></span> 
     </span>
    </p>
   </div>
   <div class='ocr_carea' id='block_1_74' title="bbox 292 2803 1046 2841">
    <p class='ocr_par' dir='ltr' id='par_1_74' title="bbox 292 2803 1046 2841">
     <span class='ocr_line' id='line_1_74' title="bbox 292 2803 1046 2841; baseline -0.007 -8"><span class='ocrx_word' id='word_1_467' title='bbox 292 2805 369 2841; x_wconf 81' lang='lat' dir='ltr'><strong>Greg.</strong></span> <span class='ocrx_word' id='word_1_468' title='bbox 389 2805 474 2833; x_wconf 85' lang='lat' dir='ltr'><strong>Omne</strong></span> <span class='ocrx_word' id='word_1_469' title='bbox 488 2805 559 2840; x_wconf 87' lang='lat' dir='ltr'><strong>quod</strong></span> <span class='ocrx_word' id='word_1_470' title='bbox 575 2808 694 2832; x_wconf 87' lang='lat' dir='ltr'><strong>creatum</strong></span> <span class='ocrx_word' id='word_1_471' title='bbox 711 2808 762 2836; x_wconf 88' lang='lat' dir='ltr'><strong>est,</strong></span> <span class='ocrx_word' id='word_1_472' title='bbox 775 2808 850 2831; x_wconf 84' lang='lat' dir='ltr'><strong>extra</strong></span> <span class='ocrx_word' id='word_1_473' title='bbox 864 2803 982 2830; x_wconf 85' lang='lat' dir='ltr'><strong>divinam</strong></span> <span class='ocrx_word' id='word_1_474' title='bbox 999 2810 1046 2829; x_wconf 86' lang='lat' dir='ltr'><strong>na-</strong></span> 
     </span>
    </p>
   </div>
   <div class='ocr_carea' id='block_1_75' title="bbox 256 2850 1044 2885">
    <p class='ocr_par' dir='ltr' id='par_1_75' title="bbox 256 2850 1044 2885">
     <span class='ocr_line' id='line_1_75' title="bbox 256 2850 1044 2885; baseline -0.005 -4"><span class='ocrx_word' id='word_1_475' title='bbox 256 2858 344 2881; x_wconf 83' lang='lat' dir='ltr'><strong>turam</strong></span> <span class='ocrx_word' id='word_1_476' title='bbox 360 2858 407 2881; x_wconf 90' lang='lat' dir='ltr'><strong>aut</strong></span> <span class='ocrx_word' id='word_1_477' title='bbox 417 2851 564 2881; x_wconf 83' lang='lat' dir='ltr'><strong>essentiam</strong></span> <span class='ocrx_word' id='word_1_478' title='bbox 580 2858 639 2879; x_wconf 88' lang='lat' dir='ltr'><strong>esse</strong></span> <span class='ocrx_word' id='word_1_479' title='bbox 653 2850 777 2885; x_wconf 80' lang='lat' dir='ltr'><strong>judicare</strong></span> <span class='ocrx_word' id='word_1_480' title='bbox 806 2850 893 2878; x_wconf 87' lang='lat' dir='ltr'><strong>edocti</strong></span> <span class='ocrx_word' id='word_1_481' title='bbox 924 2857 1019 2878; x_wconf 86' lang='lat' dir='ltr'><strong>sumus</strong></span> <span class='ocrx_word' id='word_1_482' title='bbox 1037 2858 1044 2877; x_wconf 90' lang='lat'><strong>:</strong></span> 
     </span>
    </p>
   </div>
   <div class='ocr_carea' id='block_1_76' title="bbox 1086 919 1870 955">
    <p class='ocr_par' dir='ltr' id='par_1_76' title="bbox 1086 919 1870 955">
     <span class='ocr_line' id='line_1_76' title="bbox 1086 919 1870 955; baseline 0.003 -11"><span class='ocrx_word' id='word_1_483' title='bbox 1086 919 1289 954; x_wconf 78' lang='grc' dir='ltr'>μαρτυρηθεὶς,</span> <span class='ocrx_word' id='word_1_484' title='bbox 1315 920 1356 946; x_wconf 84' lang='grc' dir='ltr'>ὅτι</span> <span class='ocrx_word' id='word_1_485' title='bbox 1386 920 1417 946; x_wconf 86' lang='grc' dir='ltr'>οὐ</span> <span class='ocrx_word' id='word_1_486' title='bbox 1442 919 1565 955; x_wconf 84' lang='grc' dir='ltr'><strong>διεκρίθη</strong></span> <span class='ocrx_word' id='word_1_487' title='bbox 1590 921 1623 955; x_wconf 78' lang='grc' dir='ltr'>τῇ</span> <span class='ocrx_word' id='word_1_488' title='bbox 1649 920 1782 955; x_wconf 79' lang='grc' dir='ltr'>ἀπιστίᾳ,</span> <span class='ocrx_word' id='word_1_489' title='bbox 1810 920 1870 947; x_wconf 83' lang='grc' dir='ltr'>ἀλλ’</span> 
     </span>
    </p>
   </div>
   <div class='ocr_carea' id='block_1_77' title="bbox 1085 964 1874 1001">
    <p class='ocr_par' dir='ltr' id='par_1_77' title="bbox 1085 964 1874 1001">
     <span class='ocr_line' id='line_1_77' title="bbox 1085 964 1874 1001; baseline 0.001 -11"><span class='ocrx_word' id='word_1_490' title='bbox 1085 964 1274 1000; x_wconf 80' lang='grc' dir='ltr'><strong>ἐνεδυναμώθη</strong></span> <span class='ocrx_word' id='word_1_491' title='bbox 1301 966 1333 1001; x_wconf 84' lang='grc' dir='ltr'><strong>τῇ</strong></span> <span class='ocrx_word' id='word_1_492' title='bbox 1360 964 1468 998; x_wconf 83' lang='grc' dir='ltr'>πίστει,</span> <span class='ocrx_word' id='word_1_493' title='bbox 1495 966 1557 996; x_wconf 80' lang='grc' dir='ltr'>δοὺς</span> <span class='ocrx_word' id='word_1_494' title='bbox 1581 965 1661 998; x_wconf 78' lang='grc' dir='ltr'>δόξαν</span> <span class='ocrx_word' id='word_1_495' title='bbox 1682 965 1722 1000; x_wconf 86' lang='grc' dir='ltr'>τῷ</span> <span class='ocrx_word' id='word_1_496' title='bbox 1737 965 1809 1000; x_wconf 80' lang='grc' dir='ltr'>Θεῷ,</span> <span class='ocrx_word' id='word_1_497' title='bbox 1826 966 1874 993; x_wconf 73' lang='grc' dir='ltr'>καὶ</span> 
     </span>
    </p>
   </div>
   <div class='ocr_carea' id='block_1_78' title="bbox 1087 1010 1874 1046">
    <p class='ocr_par' dir='ltr' id='par_1_78' title="bbox 1087 1010 1874 1046">
     <span class='ocr_line' id='line_1_78' title="bbox 1087 1010 1874 1046; baseline 0.004 -10"><span class='ocrx_word' id='word_1_498' title='bbox 1087 1010 1305 1046; x_wconf 76' lang='grc' dir='ltr'>πληροφορηθεὶς</span> <span class='ocrx_word' id='word_1_499' title='bbox 1320 1012 1361 1038; x_wconf 86' lang='grc' dir='ltr'>ὃτι</span> <span class='ocrx_word' id='word_1_500' title='bbox 1376 1011 1390 1038; x_wconf 83' lang='grc' dir='ltr'><strong>ὃ</strong></span> <span class='ocrx_word' id='word_1_501' title='bbox 1407 1011 1575 1046; x_wconf 76' lang='grc' dir='ltr'>ἐπήγγελται</span> <span class='ocrx_word' id='word_1_502' title='bbox 1590 1012 1666 1044; x_wconf 81' lang='grc' dir='ltr'>Θεὸς,</span> <span class='ocrx_word' id='word_1_503' title='bbox 1684 1012 1796 1044; x_wconf 80' lang='grc' dir='ltr'>δυνατός</span> <span class='ocrx_word' id='word_1_504' title='bbox 1814 1013 1874 1039; x_wconf 74' lang='grc' dir='ltr'>ἔστι</span> 
     </span>
    </p>
   </div>
   <div class='ocr_carea' id='block_1_79' title="bbox 1085 1059 1269 1093">
    <p class='ocr_par' dir='ltr' id='par_1_79' title="bbox 1085 1059 1269 1093">
     <span class='ocr_line' id='line_1_79' title="bbox 1085 1059 1269 1093; baseline 0 -8"><span class='ocrx_word' id='word_1_505' title='bbox 1085 1059 1132 1085; x_wconf 74' lang='grc' dir='ltr'>καὶ</span> <span class='ocrx_word' id='word_1_506' title='bbox 1147 1059 1269 1093; x_wconf 82' lang='grc' dir='ltr'>ποιῆσαι.</span> 
     </span>
    </p>
   </div>
   <div class='ocr_carea' id='block_1_80' title="bbox 1123 1147 1877 1186">
    <p class='ocr_par' dir='ltr' id='par_1_80' title="bbox 1123 1147 1877 1186">
     <span class='ocr_line' id='line_1_80' title="bbox 1123 1147 1877 1186; baseline 0.005 -12"><span class='ocrx_word' id='word_1_507' title='bbox 1123 1147 1272 1180; x_wconf 79' lang='grc' dir='ltr'>Εὑσεδείας</span> <span class='ocrx_word' id='word_1_508' title='bbox 1287 1148 1333 1174; x_wconf 77' lang='grc' dir='ltr'><strong>ἐπὶ</strong></span> <span class='ocrx_word' id='word_1_509' title='bbox 1349 1149 1417 1176; x_wconf 82' lang='grc' dir='ltr'>πᾶσι</span> <span class='ocrx_word' id='word_1_510' title='bbox 1433 1149 1619 1184; x_wconf 83' lang='grc' dir='ltr'>φροντιστέον,</span> <span class='ocrx_word' id='word_1_511' title='bbox 1637 1151 1670 1185; x_wconf 79' lang='grc' dir='ltr'>ἢν</span> <span class='ocrx_word' id='word_1_512' title='bbox 1685 1150 1793 1186; x_wconf 83' lang='grc' dir='ltr'>μητέρα</span> <span class='ocrx_word' id='word_1_513' title='bbox 1809 1152 1877 1186; x_wconf 78' lang='grc' dir='ltr'>φασὶ</span> 
     </span>
    </p>
   </div>
   <div class='ocr_carea' id='block_1_81' title="bbox 1088 1194 1878 1232">
    <p class='ocr_par' dir='ltr' id='par_1_81' title="bbox 1088 1194 1878 1232">
     <span class='ocr_line' id='line_1_81' title="bbox 1088 1194 1878 1232; baseline 0.004 -11"><span class='ocrx_word' id='word_1_514' title='bbox 1088 1195 1142 1221; x_wconf 87' lang='grc' dir='ltr'><strong>τῶν</strong></span> <span class='ocrx_word' id='word_1_515' title='bbox 1159 1194 1275 1230; x_wconf 80' lang='grc' dir='ltr'>ἀρετῶν,</span> <span class='ocrx_word' id='word_1_516' title='bbox 1290 1195 1378 1230; x_wconf 85' lang='grc' dir='ltr'>ὀρθῶς</span> <span class='ocrx_word' id='word_1_517' title='bbox 1391 1195 1527 1228; x_wconf 80' lang='grc' dir='ltr'>λέγοντες.</span> <span class='ocrx_word' id='word_1_518' title='bbox 1543 1195 1619 1231; x_wconf 74' lang='grc' dir='ltr'>Αὕτη</span> <span class='ocrx_word' id='word_1_519' title='bbox 1637 1196 1689 1231; x_wconf 89' lang='grc' dir='ltr'><strong>γάρ</strong></span> <span class='ocrx_word' id='word_1_520' title='bbox 1713 1198 1788 1223; x_wconf 74' lang='grc' dir='ltr'>ἔστιν</span> <span class='ocrx_word' id='word_1_521' title='bbox 1804 1197 1878 1232; x_wconf 78' lang='grc' dir='ltr'>ἀρχὴ</span> 
     </span>
    </p>
   </div>
   <div class='ocr_carea' id='block_1_82' title="bbox 1090 1240 1580 1277">
    <p class='ocr_par' dir='ltr' id='par_1_82' title="bbox 1090 1240 1580 1277">
     <span class='ocr_line' id='line_1_82' title="bbox 1090 1240 1580 1277; baseline 0.006 -11"><span class='ocrx_word' id='word_1_522' title='bbox 1090 1241 1136 1266; x_wconf 82' lang='grc' dir='ltr'><strong>καὶ</strong></span> <span class='ocrx_word' id='word_1_523' title='bbox 1151 1240 1263 1276; x_wconf 85' lang='grc' dir='ltr'>τελευτὴ</span> <span class='ocrx_word' id='word_1_524' title='bbox 1279 1241 1373 1268; x_wconf 80' lang='grc' dir='ltr'>πασῶν</span> <span class='ocrx_word' id='word_1_525' title='bbox 1389 1240 1443 1268; x_wconf 88' lang='grc' dir='ltr'><strong>τῶν</strong></span> <span class='ocrx_word' id='word_1_526' title='bbox 1461 1242 1580 1277; x_wconf 86' lang='grc' dir='ltr'>ἀρετῶν.</span> 
     </span>
    </p>
   </div>
   <div class='ocr_carea' id='block_1_83' title="bbox 1126 1329 1876 1367">
    <p class='ocr_par' dir='ltr' id='par_1_83' title="bbox 1126 1329 1876 1367">
     <span class='ocr_line' id='line_1_83' title="bbox 1126 1329 1876 1367; baseline 0.004 -11"><span class='ocrx_word' id='word_1_527' title='bbox 1126 1329 1163 1357; x_wconf 82' lang='grc' dir='ltr'><strong>Τὸ</strong></span> <span class='ocrx_word' id='word_1_528' title='bbox 1191 1330 1289 1357; x_wconf 74' lang='grc' dir='ltr'>ειδέναι</span> <span class='ocrx_word' id='word_1_529' title='bbox 1311 1330 1377 1356; x_wconf 79' lang='grc' dir='ltr'>Θεὸν</span> <span class='ocrx_word' id='word_1_530' title='bbox 1391 1330 1438 1357; x_wconf 81' lang='grc' dir='ltr'>καὶ</span> <span class='ocrx_word' id='word_1_531' title='bbox 1453 1329 1502 1364; x_wconf 84' lang='grc' dir='ltr'><strong>τὴν</strong></span> <span class='ocrx_word' id='word_1_532' title='bbox 1526 1331 1637 1357; x_wconf 85' lang='grc' dir='ltr'>πάντων</span> <span class='ocrx_word' id='word_1_533' title='bbox 1661 1333 1829 1367; x_wconf 76' lang='grc' dir='ltr'>συνεκτικὴν</span> <span class='ocrx_word' id='word_1_534' title='bbox 1847 1342 1876 1359; x_wconf 85' lang='grc' dir='ltr'><strong>τε</strong></span> 
     </span>
    </p>
   </div>
   <div class='ocr_carea' id='block_1_84' title="bbox 1091 1372 1877 1412">
    <p class='ocr_par' dir='ltr' id='par_1_84' title="bbox 1091 1372 1877 1412">
     <span class='ocr_line' id='line_1_84' title="bbox 1091 1372 1877 1412; baseline 0.004 -10"><span class='ocrx_word' id='word_1_535' title='bbox 1091 1377 1139 1403; x_wconf 74' lang='grc' dir='ltr'>καὶ</span> <span class='ocrx_word' id='word_1_536' title='bbox 1156 1377 1302 1412; x_wconf 76' lang='grc' dir='ltr'>ποιητικὴν</span> <span class='ocrx_word' id='word_1_537' title='bbox 1320 1378 1421 1409; x_wconf 78' lang='grc' dir='ltr'>αἰτίαν,</span> <span class='ocrx_word' id='word_1_538' title='bbox 1451 1378 1498 1403; x_wconf 79' lang='grc' dir='ltr'>καὶ</span> <span class='ocrx_word' id='word_1_539' title='bbox 1523 1372 1584 1411; x_wconf 65' lang='grc' dir='ltr'>ὄψις</span> <span class='ocrx_word' id='word_1_540' title='bbox 1603 1377 1775 1409; x_wconf 79' lang='grc' dir='ltr'>διδάσκαλος,</span> <span class='ocrx_word' id='word_1_541' title='bbox 1799 1379 1847 1405; x_wconf 75' lang='grc' dir='ltr'><strong>καὶ</strong></span> <span class='ocrx_word' id='word_1_542' title='bbox 1863 1380 1877 1405; x_wconf 84' lang='grc' dir='ltr'>ὁ</span> 
     </span>
    </p>
   </div>
   <div class='ocr_carea' id='block_1_85' title="bbox 1092 1423 1877 1459">
    <p class='ocr_par' dir='ltr' id='par_1_85' title="bbox 1092 1423 1877 1459">
     <span class='ocr_line' id='line_1_85' title="bbox 1092 1423 1877 1459; baseline 0.005 -11"><span class='ocrx_word' id='word_1_543' title='bbox 1092 1423 1205 1457; x_wconf 63' lang='grc' dir='ltr'>φυσικὸς</span> <span class='ocrx_word' id='word_1_544' title='bbox 1218 1423 1315 1458; x_wconf 72' lang='grc' dir='ltr'>νόμοςδ</span> <span class='ocrx_word' id='word_1_545' title='bbox 1332 1425 1348 1458; x_wconf 76' lang='grc' dir='ltr'>ᾑ</span> <span class='ocrx_word' id='word_1_546' title='bbox 1362 1423 1410 1458; x_wconf 81' lang='grc' dir='ltr'>μὲν</span> <span class='ocrx_word' id='word_1_547' title='bbox 1427 1425 1482 1454; x_wconf 84' lang='grc' dir='ltr'>τοῖς</span> <span class='ocrx_word' id='word_1_548' title='bbox 1496 1424 1646 1458; x_wconf 77' lang='grc' dir='ltr'>ὁρωμένοις</span> <span class='ocrx_word' id='word_1_549' title='bbox 1663 1425 1877 1459; x_wconf 76' lang='grc' dir='ltr'>προσόάλλουσα</span> 
     </span>
    </p>
   </div>
   <div class='ocr_carea' id='block_1_86' title="bbox 1092 1469 1878 1506">
    <p class='ocr_par' dir='ltr' id='par_1_86' title="bbox 1092 1469 1878 1506">
     <span class='ocr_line' id='line_1_86' title="bbox 1092 1469 1878 1506; baseline 0.003 -10"><span class='ocrx_word' id='word_1_550' title='bbox 1092 1470 1140 1496; x_wconf 77' lang='grc' dir='ltr'>καὶ</span> <span class='ocrx_word' id='word_1_551' title='bbox 1161 1470 1325 1504; x_wconf 82' lang='grc' dir='ltr'>πεπηγόσιν,</span> <span class='ocrx_word' id='word_1_552' title='bbox 1351 1471 1365 1496; x_wconf 82' lang='grc' dir='ltr'>ὁ</span> <span class='ocrx_word' id='word_1_553' title='bbox 1386 1469 1414 1495; x_wconf 84' lang='grc' dir='ltr'>δὲ</span> <span class='ocrx_word' id='word_1_554' title='bbox 1430 1469 1465 1496; x_wconf 78' lang='grc' dir='ltr'>δι’</span> <span class='ocrx_word' id='word_1_555' title='bbox 1487 1470 1576 1496; x_wconf 79' lang='grc' dir='ltr'>αὐτῶν</span> <span class='ocrx_word' id='word_1_556' title='bbox 1593 1471 1647 1496; x_wconf 83' lang='grc' dir='ltr'><strong>τῶν</strong></span> <span class='ocrx_word' id='word_1_557' title='bbox 1662 1472 1814 1506; x_wconf 74' lang='grc' dir='ltr'>ὁρωμένων</span> <span class='ocrx_word' id='word_1_558' title='bbox 1832 1474 1878 1498; x_wconf 76' lang='grc' dir='ltr'>καὶ</span> 
     </span>
    </p>
   </div>
   <div class='ocr_carea' id='block_1_87' title="bbox 1092 1515 1847 1552">
    <p class='ocr_par' dir='ltr' id='par_1_87' title="bbox 1092 1515 1847 1552">
     <span class='ocr_line' id='line_1_87' title="bbox 1092 1515 1847 1552; baseline 0.004 -10"><span class='ocrx_word' id='word_1_559' title='bbox 1092 1516 1266 1550; x_wconf 80' lang='grc' dir='ltr'>τεταγμένων</span> <span class='ocrx_word' id='word_1_560' title='bbox 1283 1515 1328 1542; x_wconf 82' lang='grc' dir='ltr'>τὸν</span> <span class='ocrx_word' id='word_1_561' title='bbox 1347 1516 1471 1550; x_wconf 70' lang='grc' dir='ltr'>ἀρχηγὸν</span> <span class='ocrx_word' id='word_1_562' title='bbox 1490 1516 1584 1543; x_wconf 78' lang='grc' dir='ltr'>τοῦτον</span> <span class='ocrx_word' id='word_1_563' title='bbox 1605 1516 1847 1552; x_wconf 73' lang='grc' dir='ltr'>συλλογιζόμενος.</span> 
     </span>
    </p>
   </div>
   <div class='ocr_carea' id='block_1_88' title="bbox 1129 1561 1880 1596">
    <p class='ocr_par' dir='ltr' id='par_1_88' title="bbox 1129 1561 1880 1596">
     <span class='ocr_line' id='line_1_88' title="bbox 1129 1561 1880 1596; baseline 0.004 -9"><span class='ocrx_word' id='word_1_564' title='bbox 1129 1563 1264 1596; x_wconf 85' lang='grc' dir='ltr'>Κρεῖσσον</span> <span class='ocrx_word' id='word_1_565' title='bbox 1282 1561 1425 1596; x_wconf 82' lang='grc' dir='ltr'>ὑπαίθριος</span> <span class='ocrx_word' id='word_1_566' title='bbox 1443 1562 1535 1593; x_wconf 86' lang='grc' dir='ltr'>πίστις</span> <span class='ocrx_word' id='word_1_567' title='bbox 1551 1562 1716 1594; x_wconf 69' lang='grc' dir='ltr'>πολυτελοῦς</span> <span class='ocrx_word' id='word_1_568' title='bbox 1737 1564 1880 1596; x_wconf 71' lang='grc' dir='ltr'>ἀσεῧεῐας,</span> 
     </span>
    </p>
   </div>
   <div class='ocr_carea' id='block_1_89' title="bbox 1094 1607 1882 1644">
    <p class='ocr_par' dir='ltr' id='par_1_89' title="bbox 1094 1607 1882 1644">
     <span class='ocr_line' id='line_1_89' title="bbox 1094 1607 1882 1644; baseline 0.006 -11"><span class='ocrx_word' id='word_1_569' title='bbox 1094 1608 1141 1634; x_wconf 71' lang='grc' dir='ltr'>καὶ</span> <span class='ocrx_word' id='word_1_570' title='bbox 1169 1608 1245 1642; x_wconf 81' lang='grc' dir='ltr'>τρεῖς</span> <span class='ocrx_word' id='word_1_571' title='bbox 1275 1608 1440 1642; x_wconf 81' lang='grc' dir='ltr'>συνηγμένοι</span> <span class='ocrx_word' id='word_1_572' title='bbox 1461 1607 1490 1633; x_wconf 78' lang='grc' dir='ltr'>ἐν</span> <span class='ocrx_word' id='word_1_573' title='bbox 1506 1607 1618 1642; x_wconf 79' lang='grc' dir='ltr'>ὀνόματι</span> <span class='ocrx_word' id='word_1_574' title='bbox 1644 1607 1746 1644; x_wconf 86' lang='grc' dir='ltr'>Κυρίου</span> <span class='ocrx_word' id='word_1_575' title='bbox 1773 1610 1882 1638; x_wconf 83' lang='grc' dir='ltr'>πολλῶν</span> 
     </span>
    </p>
   </div>
   <div class='ocr_carea' id='block_1_90' title="bbox 1093 1653 1410 1689">
    <p class='ocr_par' dir='ltr' id='par_1_90' title="bbox 1093 1653 1410 1689">
     <span class='ocr_line' id='line_1_90' title="bbox 1093 1653 1410 1689; baseline 0 -8"><span class='ocrx_word' id='word_1_576' title='bbox 1093 1654 1269 1689; x_wconf 76' lang='grc' dir='ltr'>ἀρνουμένων</span> <span class='ocrx_word' id='word_1_577' title='bbox 1285 1653 1410 1688; x_wconf 79' lang='grc' dir='ltr'>θεότητα.</span> 
     </span>
    </p>
   </div>
   <div class='ocr_carea' id='block_1_91' title="bbox 1130 1739 1883 1776">
    <p class='ocr_par' dir='ltr' id='par_1_91' title="bbox 1130 1739 1883 1776">
     <span class='ocr_line' id='line_1_91' title="bbox 1130 1739 1883 1776; baseline -0.003 -7"><span class='ocrx_word' id='word_1_578' title='bbox 1130 1741 1212 1769; x_wconf 82' lang='grc' dir='ltr'>Οὐδὲν</span> <span class='ocrx_word' id='word_1_579' title='bbox 1227 1740 1299 1768; x_wconf 78' lang='grc' dir='ltr'>οὕτω</span> <span class='ocrx_word' id='word_1_580' title='bbox 1311 1740 1350 1775; x_wconf 83' lang='grc' dir='ltr'>τῷ</span> <span class='ocrx_word' id='word_1_581' title='bbox 1362 1739 1421 1774; x_wconf 88' lang='grc' dir='ltr'><strong>Θεῷ</strong></span> <span class='ocrx_word' id='word_1_582' title='bbox 1436 1739 1657 1775; x_wconf 82' lang='grc' dir='ltr'>μεγαλοπρεπὲς,</span> <span class='ocrx_word' id='word_1_583' title='bbox 1680 1740 1718 1772; x_wconf 86' lang='grc' dir='ltr'><strong>ὡς</strong></span> <span class='ocrx_word' id='word_1_584' title='bbox 1735 1741 1816 1776; x_wconf 84' lang='grc' dir='ltr'>λόγος</span> <span class='ocrx_word' id='word_1_585' title='bbox 1836 1752 1883 1770; x_wconf 81' lang='grc' dir='ltr'>κε-</span> 
     </span>
    </p>
   </div>
   <div class='ocr_carea' id='block_1_92' title="bbox 1095 1785 1882 1824">
    <p class='ocr_par' dir='ltr' id='par_1_92' title="bbox 1095 1785 1882 1824">
     <span class='ocr_line' id='line_1_92' title="bbox 1095 1785 1882 1824; baseline 0.003 -10"><span class='ocrx_word' id='word_1_586' title='bbox 1095 1787 1279 1822; x_wconf 81' lang='grc' dir='ltr'>καθαρμένος,</span> <span class='ocrx_word' id='word_1_587' title='bbox 1307 1787 1354 1812; x_wconf 80' lang='grc' dir='ltr'>καὶ</span> <span class='ocrx_word' id='word_1_588' title='bbox 1373 1785 1446 1821; x_wconf 81' lang='grc' dir='ltr'>ψυχὴ</span> <span class='ocrx_word' id='word_1_589' title='bbox 1474 1785 1566 1812; x_wconf 86' lang='grc' dir='ltr'>τελεία</span> <span class='ocrx_word' id='word_1_590' title='bbox 1587 1787 1644 1817; x_wconf 88' lang='grc' dir='ltr'>τοῖς</span> <span class='ocrx_word' id='word_1_591' title='bbox 1671 1787 1722 1821; x_wconf 79' lang='grc' dir='ltr'>τῆς</span> <span class='ocrx_word' id='word_1_592' title='bbox 1748 1788 1882 1824; x_wconf 78' lang='grc' dir='ltr'>ἀληθείας</span> 
     </span>
    </p>
   </div>
   <div class='ocr_carea' id='block_1_93' title="bbox 1094 1833 1234 1868">
    <p class='ocr_par' dir='ltr' id='par_1_93' title="bbox 1094 1833 1234 1868">
     <span class='ocr_line' id='line_1_93' title="bbox 1094 1833 1234 1868; baseline -0.014 -8"><span class='ocrx_word' id='word_1_593' title='bbox 1094 1833 1234 1868; x_wconf 84' lang='grc' dir='ltr'>δόγμασιν.</span> 
     </span>
    </p>
   </div>
   <div class='ocr_carea' id='block_1_94' title="bbox 1094 1881 1886 1920">
    <p class='ocr_par' dir='ltr' id='par_1_94' title="bbox 1094 1881 1886 1920">
     <span class='ocr_line' id='line_1_94' title="bbox 1094 1881 1886 1920; baseline 0.005 -13"><span class='ocrx_word' id='word_1_594' title='bbox 1094 1881 1105 1913; x_wconf 67' lang='grc' dir='ltr'>ξ.</span> <span class='ocrx_word' id='word_1_595' title='bbox 1130 1881 1219 1908; x_wconf 88' lang='grc' dir='ltr'>Μόνον</span> <span class='ocrx_word' id='word_1_596' title='bbox 1244 1881 1441 1916; x_wconf 80' lang='grc' dir='ltr'>ἀμετάπτωτον</span> <span class='ocrx_word' id='word_1_597' title='bbox 1472 1883 1577 1917; x_wconf 82' lang='grc' dir='ltr'>ἀγαθὸν</span> <span class='ocrx_word' id='word_1_598' title='bbox 1604 1885 1654 1911; x_wconf 79' lang='grc' dir='ltr'>καὶ</span> <span class='ocrx_word' id='word_1_599' title='bbox 1680 1884 1847 1920; x_wconf 80' lang='grc' dir='ltr'>παραμένον</span> <span class='ocrx_word' id='word_1_600' title='bbox 1869 1885 1886 1918; x_wconf 78' lang='grc' dir='ltr'><strong>ἡ</strong></span> 
     </span>
    </p>
   </div>
   <div class='ocr_carea' id='block_1_95' title="bbox 1094 1927 1886 1964">
    <p class='ocr_par' dir='ltr' id='par_1_95' title="bbox 1094 1927 1886 1964">
     <span class='ocr_line' id='line_1_95' title="bbox 1094 1927 1886 1964; baseline 0.005 -12"><span class='ocrx_word' id='word_1_601' title='bbox 1094 1927 1231 1954; x_wconf 79' lang='grc' dir='ltr'>εὐσέϐεια.</span> <span class='ocrx_word' id='word_1_602' title='bbox 1252 1927 1288 1954; x_wconf 79' lang='grc' dir='ltr'><strong>Τὸ</strong></span> <span class='ocrx_word' id='word_1_603' title='bbox 1301 1930 1354 1963; x_wconf 76' lang='grc' dir='ltr'>γὰρ</span> <span class='ocrx_word' id='word_1_604' title='bbox 1366 1929 1416 1955; x_wconf 86' lang='grc' dir='ltr'>οὐκ</span> <span class='ocrx_word' id='word_1_605' title='bbox 1427 1929 1537 1964; x_wconf 78' lang='grc' dir='ltr'>ἐφικτὸν</span> <span class='ocrx_word' id='word_1_606' title='bbox 1549 1930 1611 1956; x_wconf 74' lang='grc' dir='ltr'>οὐδὲ</span> <span class='ocrx_word' id='word_1_607' title='bbox 1636 1933 1744 1964; x_wconf 79' lang='grc' dir='ltr'>πιστὸν,</span> <span class='ocrx_word' id='word_1_608' title='bbox 1760 1931 1823 1961; x_wconf 70' lang='grc' dir='ltr'><strong>πῶς</strong></span> <span class='ocrx_word' id='word_1_609' title='bbox 1843 1930 1886 1956; x_wconf 72' lang='grc' dir='ltr'><strong>διὰ</strong></span> 
     </span>
    </p>
   </div>
   <div class='ocr_carea' id='block_1_96' title="bbox 1094 1975 1887 2053">
    <p class='ocr_par' dir='ltr' id='par_1_96' title="bbox 1094 1975 1887 2053">
     <span class='ocr_line' id='line_1_96' title="bbox 1094 1975 1887 2053; baseline 0.001 -52"><span class='ocrx_word' id='word_1_610' title='bbox 1094 1975 1153 2053; x_wconf 56' lang='grc' dir='ltr'><strong>Ξένό</strong></span> <span class='ocrx_word' id='word_1_611' title='bbox 1162 1975 1275 2009; x_wconf 78' lang='grc' dir='ltr'>φθόνην;</span> <span class='ocrx_word' id='word_1_612' title='bbox 1292 1975 1390 2011; x_wconf 79' lang='grc' dir='ltr'>ψυχαῖς</span> <span class='ocrx_word' id='word_1_613' title='bbox 1405 1976 1460 2011; x_wconf 87' lang='grc' dir='ltr'><strong>γὰρ</strong></span> <span class='ocrx_word' id='word_1_614' title='bbox 1488 1975 1618 2012; x_wconf 77' lang='grc' dir='ltr'>βεϐήλαις</span> <span class='ocrx_word' id='word_1_615' title='bbox 1630 1976 1709 2004; x_wconf 82' lang='grc' dir='ltr'>οὐδὲν</span> <span class='ocrx_word' id='word_1_616' title='bbox 1723 1976 1779 2004; x_wconf 86' lang='grc' dir='ltr'><strong>τῶν</strong></span> <span class='ocrx_word' id='word_1_617' title='bbox 1790 1977 1887 2004; x_wconf 80' lang='grc' dir='ltr'>καλῶν</span> 
     </span>
     <span class='ocr_line' id='line_1_97' title="bbox 1131 2029 1261 2048; baseline 0.008 -1"><span class='ocrx_word' id='word_1_618' title='bbox 1131 2031 1138 2047; x_wconf 86' lang='grc' dir='ltr'><strong>ι</strong></span> <span class='ocrx_word' id='word_1_619' title='bbox 1156 2029 1261 2048; x_wconf 82' lang='grc' dir='ltr'>πιστον.</span> 
     </span>
    </p>
   </div>
   <div class='ocr_carea' id='block_1_97' title="bbox 1131 2029 1261 2048">
    <p class='ocr_par' dir='ltr' id='par_1_97' title="bbox 1131 2029 1261 2048">
     <span class='ocr_line' id='line_1_98' title="bbox 1131 2029 1261 2048; baseline 0.008 -1"><span class='ocrx_word' id='word_1_620' title='bbox 1131 2029 1261 2048; x_wconf 79' lang='grc' dir='ltr'>ιοπιστον.</span> 
     </span>
    </p>
   </div>
   <div class='ocr_carea' id='block_1_98' title="bbox 1130 2114 1886 2150">
    <p class='ocr_par' dir='ltr' id='par_1_98' title="bbox 1130 2114 1886 2150">
     <span class='ocr_line' id='line_1_99' title="bbox 1130 2114 1886 2150; baseline -0.001 -8"><span class='ocrx_word' id='word_1_621' title='bbox 1130 2115 1215 2142; x_wconf 85' lang='grc' dir='ltr'>Τοῦτο</span> <span class='ocrx_word' id='word_1_622' title='bbox 1232 2115 1348 2150; x_wconf 84' lang='grc' dir='ltr'>μάλιστα</span> <span class='ocrx_word' id='word_1_623' title='bbox 1367 2116 1494 2146; x_wconf 87' lang='grc' dir='ltr'>πίστεως,</span> <span class='ocrx_word' id='word_1_624' title='bbox 1512 2114 1549 2150; x_wconf 83' lang='grc' dir='ltr'>μὴ</span> <span class='ocrx_word' id='word_1_625' title='bbox 1566 2114 1657 2149; x_wconf 85' lang='grc' dir='ltr'>ζητεῖν</span> <span class='ocrx_word' id='word_1_626' title='bbox 1683 2114 1803 2146; x_wconf 79' lang='grc' dir='ltr'>εὐθύνας</span> <span class='ocrx_word' id='word_1_627' title='bbox 1831 2114 1886 2142; x_wconf 84' lang='grc' dir='ltr'><strong>τῶν</strong></span> 
     </span>
    </p>
   </div>
   <div class='ocr_carea' id='block_1_99' title="bbox 1096 2160 1866 2198">
    <p class='ocr_par' dir='ltr' id='par_1_99' title="bbox 1096 2160 1866 2198">
     <span class='ocr_line' id='line_1_100' title="bbox 1096 2160 1866 2198; baseline -0.001 -9"><span class='ocrx_word' id='word_1_628' title='bbox 1096 2161 1300 2198; x_wconf 85' lang='grc' dir='ltr'>πραττομένων,</span> <span class='ocrx_word' id='word_1_629' title='bbox 1312 2160 1380 2187; x_wconf 79' lang='grc' dir='ltr'>ἀλλὰ</span> <span class='ocrx_word' id='word_1_630' title='bbox 1395 2161 1532 2187; x_wconf 79' lang='grc' dir='ltr'>πείθεσθαι</span> <span class='ocrx_word' id='word_1_631' title='bbox 1548 2161 1605 2192; x_wconf 85' lang='grc' dir='ltr'>τοῖς</span> <span class='ocrx_word' id='word_1_632' title='bbox 1623 2161 1866 2196; x_wconf 72' lang='grc' dir='ltr'>ἐπιταττομένοις.</span> 
     </span>
    </p>
   </div>
   <div class='ocr_carea' id='block_1_100' title="bbox 1129 2247 1890 2283">
    <p class='ocr_par' dir='ltr' id='par_1_100' title="bbox 1129 2247 1890 2283">
     <span class='ocr_line' id='line_1_101' title="bbox 1129 2247 1890 2283; baseline -0.001 -6"><span class='ocrx_word' id='word_1_633' title='bbox 1129 2251 1181 2278; x_wconf 80' lang='grc' dir='ltr'><strong>Τὸν</strong></span> <span class='ocrx_word' id='word_1_634' title='bbox 1197 2249 1297 2283; x_wconf 78' lang='grc' dir='ltr'>εὐσεϐῆ</span> <span class='ocrx_word' id='word_1_635' title='bbox 1317 2249 1365 2275; x_wconf 80' lang='grc' dir='ltr'>καὶ</span> <span class='ocrx_word' id='word_1_636' title='bbox 1389 2248 1484 2275; x_wconf 80' lang='grc' dir='ltr'>πιστὸν</span> <span class='ocrx_word' id='word_1_637' title='bbox 1502 2247 1587 2282; x_wconf 81' lang='grc' dir='ltr'>ἄνδρα</span> <span class='ocrx_word' id='word_1_638' title='bbox 1603 2248 1675 2275; x_wconf 82' lang='grc' dir='ltr'>οὕτω</span> <span class='ocrx_word' id='word_1_639' title='bbox 1691 2248 1817 2282; x_wconf 77' lang='grc' dir='ltr'>βεϐαίως</span> <span class='ocrx_word' id='word_1_640' title='bbox 1831 2250 1890 2276; x_wconf 82' lang='grc' dir='ltr'>δια-</span> 
     </span>
    </p>
   </div>
   <div class='ocr_carea' id='block_1_101' title="bbox 1093 2295 1890 2331">
    <p class='ocr_par' dir='ltr' id='par_1_101' title="bbox 1093 2295 1890 2331">
     <span class='ocr_line' id='line_1_102' title="bbox 1093 2295 1890 2331; baseline -0.001 -8"><span class='ocrx_word' id='word_1_641' title='bbox 1093 2297 1201 2324; x_wconf 85' lang='grc' dir='ltr'>κεῖσθαι</span> <span class='ocrx_word' id='word_1_642' title='bbox 1217 2295 1271 2331; x_wconf 83' lang='grc' dir='ltr'><strong>χρὴ</strong></span> <span class='ocrx_word' id='word_1_643' title='bbox 1298 2295 1367 2330; x_wconf 82' lang='grc' dir='ltr'>πρὸς</span> <span class='ocrx_word' id='word_1_644' title='bbox 1381 2295 1431 2326; x_wconf 76' lang='grc' dir='ltr'><strong>τὰς</strong></span> <span class='ocrx_word' id='word_1_645' title='bbox 1459 2295 1626 2328; x_wconf 76' lang='grc' dir='ltr'>ἐπαγγελίας</span> <span class='ocrx_word' id='word_1_646' title='bbox 1641 2295 1688 2321; x_wconf 76' lang='grc' dir='ltr'>τοῦ</span> <span class='ocrx_word' id='word_1_647' title='bbox 1714 2295 1795 2328; x_wconf 86' lang='grc' dir='ltr'>Θεοῦ,</span> <span class='ocrx_word' id='word_1_648' title='bbox 1817 2296 1890 2322; x_wconf 82' lang='grc' dir='ltr'>ὥστε</span> 
     </span>
    </p>
   </div>
   <div class='ocr_carea' id='block_1_102' title="bbox 1094 2340 1891 2376">
    <p class='ocr_par' dir='ltr' id='par_1_102' title="bbox 1094 2340 1891 2376">
     <span class='ocr_line' id='line_1_103' title="bbox 1094 2340 1891 2376; baseline 0 -7"><span class='ocrx_word' id='word_1_649' title='bbox 1094 2343 1147 2369; x_wconf 83' lang='grc' dir='ltr'>κᾶν</span> <span class='ocrx_word' id='word_1_650' title='bbox 1162 2342 1272 2369; x_wconf 75' lang='grc' dir='ltr'>ἐναντία</span> <span class='ocrx_word' id='word_1_651' title='bbox 1288 2341 1380 2372; x_wconf 80' lang='grc' dir='ltr'>αὐτοῖς</span> <span class='ocrx_word' id='word_1_652' title='bbox 1395 2340 1523 2375; x_wconf 83' lang='grc' dir='ltr'>φαίνηται</span> <span class='ocrx_word' id='word_1_653' title='bbox 1536 2340 1571 2367; x_wconf 83' lang='grc' dir='ltr'><strong>τὰ</strong></span> <span class='ocrx_word' id='word_1_654' title='bbox 1592 2341 1733 2375; x_wconf 78' lang='grc' dir='ltr'>γινόμενα,</span> <span class='ocrx_word' id='word_1_655' title='bbox 1757 2342 1830 2376; x_wconf 75' lang='grc' dir='ltr'>μηδὲ</span> <span class='ocrx_word' id='word_1_656' title='bbox 1846 2342 1891 2369; x_wconf 70' lang='grc' dir='ltr'><strong>οὗ·</strong></span> 
     </span>
    </p>
   </div>
   <div class='ocr_carea' id='block_1_103' title="bbox 1080 2383 1891 2423">
    <p class='ocr_par' dir='ltr' id='par_1_103' title="bbox 1080 2383 1891 2423">
     <span class='ocr_line' id='line_1_104' title="bbox 1080 2383 1891 2423; baseline -0.001 -8"><span class='ocrx_word' id='word_1_657' title='bbox 1080 2383 1148 2420; x_wconf 65' lang='grc' dir='ltr'>’τως</span> <span class='ocrx_word' id='word_1_658' title='bbox 1163 2387 1355 2423; x_wconf 78' lang='grc' dir='ltr'>ταράττεσθαι,</span> <span class='ocrx_word' id='word_1_659' title='bbox 1384 2387 1451 2421; x_wconf 83' lang='grc' dir='ltr'>μηδὲ</span> <span class='ocrx_word' id='word_1_660' title='bbox 1472 2386 1675 2420; x_wconf 78' lang='grc' dir='ltr'>ἀπογινώσκειν</span> <span class='ocrx_word' id='word_1_661' title='bbox 1691 2387 1742 2422; x_wconf 84' lang='grc' dir='ltr'>τὴν</span> <span class='ocrx_word' id='word_1_662' title='bbox 1760 2387 1891 2415; x_wconf 76' lang='grc' dir='ltr'>ἔκϐασιν.</span> 
     </span>
    </p>
   </div>
   <div class='ocr_carea' id='block_1_104' title="bbox 1096 2429 1894 2466">
    <p class='ocr_par' dir='ltr' id='par_1_104' title="bbox 1096 2429 1894 2466">
     <span class='ocr_line' id='line_1_105' title="bbox 1096 2429 1894 2466; baseline -0.003 -8"><span class='ocrx_word' id='word_1_663' title='bbox 1096 2433 1166 2466; x_wconf 83' lang='grc' dir='ltr'><strong>Ὀρα</strong></span> <span class='ocrx_word' id='word_1_664' title='bbox 1194 2431 1271 2466; x_wconf 81' lang='grc' dir='ltr'>γοῦν,</span> <span class='ocrx_word' id='word_1_665' title='bbox 1292 2432 1306 2457; x_wconf 82' lang='grc' dir='ltr'>ὁ</span> <span class='ocrx_word' id='word_1_666' title='bbox 1321 2430 1415 2461; x_wconf 84' lang='grc' dir='ltr'>πιστὸς</span> <span class='ocrx_word' id='word_1_667' title='bbox 1437 2429 1561 2464; x_wconf 80' lang='grc' dir='ltr'>’Δὸραάμ</span> <span class='ocrx_word' id='word_1_668' title='bbox 1585 2429 1645 2456; x_wconf 82' lang='grc' dir='ltr'>τὶνα</span> <span class='ocrx_word' id='word_1_669' title='bbox 1667 2430 1718 2463; x_wconf 76' lang='grc' dir='ltr'>μὲν</span> <span class='ocrx_word' id='word_1_670' title='bbox 1737 2430 1894 2465; x_wconf 75' lang='grc' dir='ltr'>ὑπόσχεσιν</span> 
     </span>
    </p>
   </div>
   <div class='ocr_carea' id='block_1_105' title="bbox 1095 2475 1680 2510">
    <p class='ocr_par' dir='ltr' id='par_1_105' title="bbox 1095 2475 1680 2510">
     <span class='ocr_line' id='line_1_106' title="bbox 1095 2475 1680 2510; baseline -0.005 -7"><span class='ocrx_word' id='word_1_671' title='bbox 1095 2477 1215 2509; x_wconf 79' lang='grc' dir='ltr'>ἐδέξατο,</span> <span class='ocrx_word' id='word_1_672' title='bbox 1231 2476 1291 2503; x_wconf 82' lang='grc' dir='ltr'>τίνα</span> <span class='ocrx_word' id='word_1_673' title='bbox 1311 2475 1338 2502; x_wconf 78' lang='grc' dir='ltr'>δὲ</span> <span class='ocrx_word' id='word_1_674' title='bbox 1353 2477 1484 2509; x_wconf 82' lang='grc' dir='ltr'>πράττειν</span> <span class='ocrx_word' id='word_1_675' title='bbox 1499 2475 1680 2510; x_wconf 77' lang='grc' dir='ltr'>ἠναγκάζετο.</span> 
     </span>
    </p>
   </div>
   <div class='ocr_carea' id='block_1_106' title="bbox 1135 2564 1893 2602">
    <p class='ocr_par' dir='ltr' id='par_1_106' title="bbox 1135 2564 1893 2602">
     <span class='ocr_line' id='line_1_107' title="bbox 1135 2564 1893 2602; baseline -0.007 -7"><span class='ocrx_word' id='word_1_676' title='bbox 1135 2569 1228 2599; x_wconf 80' lang='grc' dir='ltr'>Πίστις</span> <span class='ocrx_word' id='word_1_677' title='bbox 1240 2568 1332 2602; x_wconf 88' lang='grc' dir='ltr'>μήτηρ</span> <span class='ocrx_word' id='word_1_678' title='bbox 1349 2567 1396 2593; x_wconf 65' lang='grc' dir='ltr'><strong>καὶ⁸</strong></span> <span class='ocrx_word' id='word_1_679' title='bbox 1415 2566 1536 2600; x_wconf 69' lang='grc' dir='ltr'>στεφάνη</span> <span class='ocrx_word' id='word_1_680' title='bbox 1552 2566 1599 2594; x_wconf 81' lang='grc' dir='ltr'>καὶ</span> <span class='ocrx_word' id='word_1_681' title='bbox 1611 2565 1830 2599; x_wconf 82' lang='grc' dir='ltr'>συμπεραὶωσις</span> <span class='ocrx_word' id='word_1_682' title='bbox 1838 2564 1893 2591; x_wconf 74' lang='grc' dir='ltr'><strong>τῶν</strong></span> 
     </span>
    </p>
   </div>
   <div class='ocr_carea' id='block_1_107' title="bbox 1095 2614 1344 2649">
    <p class='ocr_par' dir='ltr' id='par_1_107' title="bbox 1095 2614 1344 2649">
     <span class='ocr_line' id='line_1_108' title="bbox 1095 2614 1344 2649; baseline 0 -9"><span class='ocrx_word' id='word_1_683' title='bbox 1095 2615 1201 2649; x_wconf 85' lang='grc' dir='ltr'>ἀρετῶν</span> <span class='ocrx_word' id='word_1_684' title='bbox 1216 2614 1344 2649; x_wconf 80' lang='grc' dir='ltr'>ὑπάρχει.</span> 
     </span>
    </p>
   </div>
   <div class='ocr_carea' id='block_1_108' title="bbox 1135 2658 1891 2694">
    <p class='ocr_par' dir='ltr' id='par_1_108' title="bbox 1135 2658 1891 2694">
     <span class='ocr_line' id='line_1_109' title="bbox 1135 2658 1891 2694; baseline -0.001 -8"><span class='ocrx_word' id='word_1_685' title='bbox 1135 2660 1244 2690; x_wconf 78' lang='grc' dir='ltr'>Βέλτιον</span> <span class='ocrx_word' id='word_1_686' title='bbox 1274 2659 1445 2693; x_wconf 74' lang='grc' dir='ltr'>ἀποροῦντας</span> <span class='ocrx_word' id='word_1_687' title='bbox 1472 2659 1580 2694; x_wconf 77' lang='grc' dir='ltr'>σιωπᾷν</span> <span class='ocrx_word' id='word_1_688' title='bbox 1606 2658 1656 2686; x_wconf 80' lang='grc' dir='ltr'>καὶ</span> <span class='ocrx_word' id='word_1_689' title='bbox 1684 2658 1850 2692; x_wconf 79' lang='grc' dir='ltr'>πιστεύειν,</span> <span class='ocrx_word' id='word_1_690' title='bbox 1876 2658 1891 2692; x_wconf 83' lang='grc' dir='ltr'>ἧ</span> 
     </span>
    </p>
   </div>
   <div class='ocr_carea' id='block_1_109' title="bbox 1096 2705 1466 2739">
    <p class='ocr_par' dir='ltr' id='par_1_109' title="bbox 1096 2705 1466 2739">
     <span class='ocr_line' id='line_1_110' title="bbox 1096 2705 1466 2739; baseline -0.003 -8"><span class='ocrx_word' id='word_1_691' title='bbox 1096 2705 1224 2732; x_wconf 81' lang='grc' dir='ltr'>ἀπιστεῖν</span> <span class='ocrx_word' id='word_1_692' title='bbox 1238 2705 1282 2731; x_wconf 77' lang='grc' dir='ltr'>διὰ</span> <span class='ocrx_word' id='word_1_693' title='bbox 1298 2705 1328 2730; x_wconf 78' lang='grc' dir='ltr'>τὸ</span> <span class='ocrx_word' id='word_1_694' title='bbox 1342 2705 1466 2739; x_wconf 74' lang='grc' dir='ltr'>ἀπορεῖν.</span> 
     </span>
    </p>
   </div>
   <div class='ocr_carea' id='block_1_110' title="bbox 1135 2799 1894 2836">
    <p class='ocr_par' dir='ltr' id='par_1_110' title="bbox 1135 2799 1894 2836">
     <span class='ocr_line' id='line_1_111' title="bbox 1135 2799 1894 2836; baseline -0.003 -7"><span class='ocrx_word' id='word_1_695' title='bbox 1135 2804 1192 2830; x_wconf 78' lang='grc' dir='ltr'><strong>Πᾶν</strong></span> <span class='ocrx_word' id='word_1_696' title='bbox 1204 2803 1234 2828; x_wconf 87' lang='grc' dir='ltr'><strong>τὺ</strong></span> <span class='ocrx_word' id='word_1_697' title='bbox 1247 2803 1357 2829; x_wconf 77' lang='grc' dir='ltr'>κτιστὸν</span> <span class='ocrx_word' id='word_1_698' title='bbox 1372 2801 1424 2835; x_wconf 74' lang='grc' dir='ltr'><strong>ἔξω</strong></span> <span class='ocrx_word' id='word_1_699' title='bbox 1436 2801 1488 2836; x_wconf 83' lang='grc' dir='ltr'>τῆς</span> <span class='ocrx_word' id='word_1_700' title='bbox 1509 2801 1585 2832; x_wconf 81' lang='grc' dir='ltr'>Θείας</span> <span class='ocrx_word' id='word_1_701' title='bbox 1602 2800 1712 2835; x_wconf 80' lang='grc' dir='ltr'>φύσεως</span> <span class='ocrx_word' id='word_1_702' title='bbox 1731 2799 1806 2827; x_wconf 73' lang='grc' dir='ltr'>εἶναι</span> <span class='ocrx_word' id='word_1_703' title='bbox 1824 2802 1894 2828; x_wconf 84' lang='grc' dir='ltr'>νοεῖν</span> 
     </span>
    </p>
   </div>
   <div class='ocr_carea' id='block_1_111' title="bbox 1098 2846 1894 2884">
    <p class='ocr_par' dir='ltr' id='par_1_111' title="bbox 1098 2846 1894 2884">
     <span class='ocr_line' id='line_1_112' title="bbox 1098 2846 1894 2884; baseline -0.005 -7"><span class='ocrx_word' id='word_1_704' title='bbox 1098 2849 1297 2884; x_wconf 68' lang='grc' dir='ltr'>ἐπαιδεύθημεν</span> <span class='ocrx_word' id='word_1_705' title='bbox 1312 2857 1318 2864; x_wconf 96' lang='grc'><strong>-</strong></span> <span class='ocrx_word' id='word_1_706' title='bbox 1347 2849 1432 2884; x_wconf 81' lang='grc' dir='ltr'>μόνην</span> <span class='ocrx_word' id='word_1_707' title='bbox 1457 2847 1485 2875; x_wconf 80' lang='grc' dir='ltr'>δὲ</span> <span class='ocrx_word' id='word_1_708' title='bbox 1509 2846 1560 2882; x_wconf 87' lang='grc' dir='ltr'>τὴν</span> <span class='ocrx_word' id='word_1_709' title='bbox 1584 2847 1715 2874; x_wconf 85' lang='grc' dir='ltr'>ἀκτιστον</span> <span class='ocrx_word' id='word_1_710' title='bbox 1740 2846 1828 2880; x_wconf 70' lang='grc' dir='ltr'>φύσιν</span> <span class='ocrx_word' id='word_1_711' title='bbox 1849 2847 1894 2873; x_wconf 79' lang='grc' dir='ltr'>λα-</span> 
     </span>
    </p>
   </div>
  </div>
