1959 3130
14 174 24 204 il

13 426 25 443 fl-

14 473 25 491 ι

13 559 25 589 it

12 613 23 639 Ρ

13 652 23 676 ι

147 154 202 186 773
591 163 678 193 LOCI
697 164 935 198 COMMONES.‘

994 165 1098 198 PARS.
1123 167 1146 198 l.
1168 164 1297 200 SERMO
1312 170 1353 200 ΙΙ.
1563 185 1574 189 ~
1727 175 1780 208 774

146 212 252 248 τρεύειν
271 214 319 240 καὶ
339 214 477 246 σέϐεσθαι,
499 213 533 251 ἧς
553 219 698 259 χαρακτήρ
718 220 841 246 ἐστικαὶ
861 219 930 254 γνώ-

994 228 1040 247 nam
1063 228 1128 248 vero
1156 222 1330 250 solummodo
1345 227 1482 256 naturam,
1498 231 1558 259 quae
1575 225 1697 254 increata
1724 235 1779 259 est,

147 266 231 293 ρισμα
246 259 276 285 τὸ
293 259 362 295 μήτε
375 260 506 296 ἄρχεσθαι
522 262 568 288 τοῦ
581 254 651 290 εῖναι
670 273 745 297 ποτε,
764 266 832 301 μήτε
846 265 930 294 παύε-

147 303 218 329 σθαι.

184 349 280 380 Πίστις
304 350 372 386 μόνη
388 353 486 386 κρατεῖ
503 352 550 380 τὸν
563 354 736 390 ἀκράτητον*
756 356 847 387 πίστις
864 357 931 392 μόνη

150 397 276 421 κατανοεῖ
299 396 344 422 τὸν
372 397 502 425 ἀθέατον
527 400 621 432 πίστις
655 401 722 437 μόνη
747 403 932 435 προσπελάζει

149 441 186 475 τῷ
203 442 429 479 ἀπροσπελάστῳ,
441 445 503 471 ὅσον
514 446 632 481 ἐγχωρεῖ
641 448 689 474 καὶ
703 448 763 475 ὅσον
779 449 929 483 ἐνδέχεται.

188 489 298 522 Ἐπειδὴ
322 491 486 523 ἀνεπίϐατός
510 493 567 519 ἐστι
583 493 725 528 λογισμοῖς
746 494 932 529 ἀνθρωπίνοις

147 534 198 567 τῆς
226 535 429 572 ὑπερκειμένης
455 539 562 572 φύσεως
589 540 606 575 ἡ
634 541 805 575 κατάληψις,
833 542 930 568 τούτου

148 580 227 614 χάριν
251 581 266 615 ή
285 582 376 613 πίστις
399 583 460 609 ἀντὶ
480 585 619 620 λογισμῶν
643 586 759 619 γίνεται,
783 588 840 618 τοῖς
861 587 933 623 ὑπὲρ

148 625 228 658 λόγον
245 627 291 653 καὶ
306 629 459 663 κατάληψιν
478 631 578 666 ἑαυτὴν
593 631 801 667 ὑπερτείνουσα.

183 670 218 696 Τὸ
237 671 329 698 πίστει
354 674 542 707 παραδεκτδν,
564 676 847 713 ἁπολυπραγμόνητον
864 677 932 705 εἶναι

148 716 209 750 χρή.
229 716 264 743 Τὸ
280 719 334 753 γάρ
351 728 392 746 τοι
419 720 633 758 βασανιζόμενον
650 724 708 756 πῶς
731 724 770 751 ἔτι
789 726 934 753 πεπίστευ-

147 770 189 788 ται
201 771 208 795 ;

188 855 220 881 Ἡ
240 855 290 890 μὲν
312 857 403 889 πίστις
429 859 560 895 σύντομός
582 862 667 894 ἐστιν,
691 863 729 895 ὡς
755 865 854 896 εἰπεῖν.
878 866 932 893 τῶν

148 903 367 936 κατεπειγόντων
383 906 492 938 γνῶσις.
516 907 547 933 ῚΙ
564 908 664 941 γνῶσις
678 910 715 940 δὲ,
730 911 866 945 ἀπόδειξις
878 913 932 940 τῶν
946 900 969 929 Β

148 947 190 973 διὰ
207 949 324 982 πίστεως
338 953 569 988 παρειλημμένων
584 956 682 990 ίσχυρὰ
697 956 744 983 καὶ
762 957 868 992 βεϐαία.

185 1039 239 1074 Οὐχ
257 1041 271 1067 ὁ
286 1043 366 1068 παντὶ
384 1043 518 1071 πιστεύων
534 1046 629 1077 πιστὸς
639 1046 750 1080 λέγεται
760 1057 766 1063 ·
780 1048 863 1075 dare
873 1049 932 1083 Θεῷ

150 1088 297 1120 πιστεύων,
316 1089 398 1120 αὐτὸς
415 1090 494 1124 μόνος
507 1092 601 1123 πιστὸς
616 1093 663 1119 καὶ
681 1094 738 1120 ἔστι
753 1095 798 1120 καὶ
813 1095 930 1129 λέγεται.

192 1133 225 1159 ’Π
241 1133 342 1168 ἀληθὴς
361 1135 488 1170 ίεραρχία
503 1138 544 1168 τίς
565 1137 598 1164 ἂν
614 1138 668 1173 εἴη,
687 1140 756 1174 πλὴν
770 1140 858 1175 ψυχῆς
875 1141 933 1167 Oeo-

150 1178 244 1212 φιλοῦς
269 1180 415 1214 εὖσέδεια;
442 1179 475 1216 ἧς
500 1183 531 1209 τὺ
558 1184 719 1219 εὐχάριστον
741 1186 933 1218 ὰθανατίζεται

149 1226 226 1259 παρὰ
243 1226 281 1260 τῷ
294 1226 363 1260 Θεῷ,
381 1228 583 1269 συνδιαιωνίζον
601 1230 681 1266 ἡλίῳ,
698 1233 745 1258 καὶ
760 1232 870 1269 σελήνῃ,
888 1235 933 1260 καὶ

147 1271 185 1305 τῷ
201 1272 280 1297 παντὶ
296 1272 400 1306 κόσμῳ.

189 1317 273 1353 Ἀρχὴ
290 1317 387 1353 ἀρίστη
410 1319 521 1347 πάντων
545 1320 595 1356 μὲν
609 1322 622 1348 ὁ
638 1322 714 1355 Θεὸς,
727 1323 831 1358 ἀρετῶν
845 1324 873 1350 δὲ
889 1325 933 1350 εὐ-

150 1363 253 1391 σέϐεια.

187 1411 293 1445 Ὠσπερ
311 1412 394 1446 φασιν
418 1412 448 1439 ὲν
476 1413 597 1448 ἰατρικῇ,
622 1415 657 1441 τὰ
685 1415 722 1450 μὴ
746 1417 854 1452 καθαρὰ
880 1417 934 1444 τῶν

151 1458 285 1492 σωμάτων
305 1459 396 1493 ὁπόσῳ
420 1458 453 1485 ἂν
478 1459 590 1495 θρέψῃς,
610 1461 708 1495 μᾶλλον
723 1462 846 1496 βλάψεις,
868 1464 934 1497 ὕλην

152 1503 294 1530 ὑποϐαλὼν
310 1505 342 1539 τῇ
364 1506 537 1540 κακοχυμίᾳ“
563 1507 649 1539 οὕτως
668 1509 715 1534 καὶ
729 1508 817 1543 ψυχὴν
838 1510 935 1544 μοχθη-

984 267 1073 294 colere
1085 271 1113 295 et
1132 269 1254 295 venerari
1271 270 1425 303 didicimus,
1440 270 1519 306 cujus
1529 276 1591 299 nota
1609 277 1636 300 et
1649 273 1778 302 indicium

985 317 1036 345 est,
1054 321 1102 340 nec
1120 322 1240 348 unquam
1256 316 1383 350 cmpisse,
1400 323 1449 344 nec
1464 325 1584 352 unquam
1614 319 1740 347 deiicere.

1020 359 1082 387 Sola
1094 361 1161 388 fides
1173 361 1376 395 comprehcndit
1386 362 1698 396 incomprehensibilem.
1713 366 1777 395 Sola

984 404 1050 432 ﬁdes
1064 406 1227 434 invisibilem
1244 408 1367 442 percipit.
1383 408 1445 435 Sola
1470 408 1535 436 ﬁdes
1550 410 1717 439 inaccessum
1733 420 1780 440 ac-

982 452 1064 483 cedit,
1086 453 1175 486 quoad
1192 453 1252 487 ejus
1266 454 1322 480 licri
1339 458 1427 488 potest
1444 459 1470 482 et
1485 455 1557 482 licet.

1021 497 1247 533 Quandoquidem
1274 507 1399 533 superna:
1435 505 1538 528 natnrze
1571 503 1778 536 comprehensio

985 543 1112 571 humanis
1125 545 1277 572 rationibus
1291 545 1368 580 longe
1380 549 1422 573 est
1439 546 1575 580 superior,
1593 547 1695 574 idcirco
1713 548 1778 575 lides

985 589 1121 616 rationum
1141 590 1228 617 locum
1241 591 1342 626 explet,
1354 599 1435 626 super
1458 600 1489 619 ea
1519 600 1579 626 qua:
1598 592 1730 621 rationem
1750 599 1778 621 et

985 636 1153 663 intellectum
1172 642 1311 670 superant,
1337 637 1510 672 semetipsam
1528 639 1689 667 extendens.

1022 681 1173 710 Clemenlis.
1195 682 1271 715 Quod
1287 683 1339 710 ﬁde
1357 689 1512 718 perceptum
1543 689 1596 717 e5I,
1625 692 1640 712 a
1670 685 1778 712 curiosa

985 728 1164 761 inquisitione
1182 730 1301 755 alienum
1331 729 1367 756 sit
1395 734 1512 764 oportet.
1543 730 1619 761 Quod
1642 731 1714 758 enim
1744 732 1776 758 ad

985 775 1114 801 amussim
1129 775 1424 809 sludioseexploratum
1439 780 1490 808 est,
1503 776 1638 811 quomodo
1654 777 1778 811 ﬁdeper-

984 825 1091 853 ceptum
1109 824 1156 846 aut
1169 820 1302 847 creditum
1321 828 1382 847 eese
1397 820 1528 848 dicetur?

1022 866 1100 892 Fides
1121 867 1209 894 brevis
1221 873 1247 893 et
1260 868 1500 900 compemliosa,ut
1515 868 1551 895 ita
1568 868 1666 901 dicam,
1682 876 1774 896 rerum

984 912 1200 939 necessariarum
1214 917 1256 939 est
1273 913 1402 946 cognitio.
1417 913 1450 940 At
1468 914 1587 948 cognitio
1601 919 1730 942 constans
1746 920 1773 942 et

984 958 1059 986 ﬁrma
1070 962 1110 986 ιιει
1119 965 1225 991 eorum,
1234 966 1293 993 qua:
1307 966 1354 993 per
1364 958 1442 986 (idem
1451 963 1560 994 accepta
1573 965 1647 992 sunt,
1659 960 1774 988 demon-

983 1007 1089 1029 Sll'allo.

1018 1048 1145 1075 Severini.
1163 1048 1222 1075 Non
1237 1049 1282 1082 qui
1301 1049 1389 1076 cuivis
1398 1050 1581 1079 creditlidelis
1595 1051 1706 1083 dicitur,
1724 1052 1771 1079 scd

983 1095 1028 1128 qui
1046 1093 1102 1121 Deo
1115 1095 1210 1127 credit,
1228 1095 1272 1122 hic
1287 1096 1362 1122 solus
1383 1095 1470 1123 ﬁdelis
1484 1103 1526 1123 est
1550 1101 1577 1123 et
1610 1097 1720 1125 dicitur.

1022 1139 1150 1166 Philonis.
1163 1140 1230 1167 Vera
1249 1141 1398 1168 bierarcbla
1414 1149 1535 1175 quamam
1547 1143 1608 1171 alia.
1621 1150 1701 1177 quam
1713 1143 1772 1170 ani-

985 1193 1034 1212 mze
1047 1185 1100 1213 Deo
1112 1186 1216 1212 dilectae
1227 1187 1322 1220 pietas,
1341 1186 1444 1214 fuerit?
1459 1187 1537 1222 cujus
1553 1189 1690 1223 gratiludo
1701 1189 1773 1223 apud

985 1233 1068 1260 Deum
1083 1234 1243 1261 immortalis
1260 1239 1312 1267 est,
1340 1242 1458 1269 perenne
1487 1243 1574 1263 mrum
1607 1243 1668 1263 cum
1703 1236 1771 1268 sole,

984 1278 1009 1313 5
1030 1278 1095 1306 luna
1116 1284 1141 1306 et
1166 1284 1221 1306 toto
1238 1280 1338 1307 mundo
1353 1280 1510 1308 extendente.

1018 1325 1180 1355 Aristotelis.
1208 1325 1336 1353 Omnium
1366 1327 1475 1360 quidem
1503 1327 1667 1361 principium
1693 1327 1766 1362 opti-

985 1379 1057 1398 mum
1077 1371 1147 1398 Deus
1164 1375 1216 1405 est,
1231 1372 1362 1399 virtutum
1381 1380 1444 1400 vero
1461 1373 1556 1406 pietas.

1020 1419 1252 1451 Quemadmodum
1270 1419 1296 1445 in
1313 1419 1446 1445 medicina
1463 1419 1520 1446 iicri
1536 1419 1642 1451 dicunt,
1660 1422 1689 1445 ut
1703 1425 1766 1445 cor-

985 1472 1051 1498 pora
1067 1471 1118 1490 non
1139 1458 1207 1496 pura
1235 1472 1290 1498 quo
1320 1465 1407 1498 magis
1434 1464 1591 1498 nutriret-is,
1629 1472 1661 1491 eo
1685 1464 1770 1498 magis

987 1511 1078 1543 lzedas,
1111 1510 1252 1537 materiam
1284 1510 1413 1537 nimirum
1444 1511 1581 1544 corruptis
1611 1510 1771 1536 humoribus

152 1550 209 1583 ροῖς
223 1549 339 1582 δόγμασι
354 1552 637 1588 προκατειλημμένην,
654 1554 744 1588 ὁπόσῳ
767 1556 802 1582 ἂν
815 1556 933 1591 διδάξῃς,

994 1564 1135 1592 mggerens
1152 1565 1159 1585 :
1181 1556 1220 1584 sic
1234 1557 1324 1590 pravis
1344 1557 1520 1591 opinionibus
1549 1562 1765 1591 praeoccupatam

153 1596 254 1629 μᾶλλον
271 1596 394 1630 βλάψεις,
411 1598 538 1633 μείζονας
549 1600 633 1635 ἀρχὰς
654 1601 722 1637 αὐτῇ
743 1603 793 1637 τῆς
811 1603 936 1637 ψευδοδοο

152 1641 210 1673 ξίας
224 1643 364 1678 παρέχων.

459 1746 570 1773 ΛΟΓΟΣ
596 1746 634 1774 B'.

152 1790 222 1824 Περὶ
251 1791 310 1817 τῶν
340 1792 588 1825 παραϐεϐηκότων
614 1793 671 1826 τὴν
704 1794 864 1822 εὐσέϐειαν
888 1795 938 1822 καί

276 1827 391 1858 πίστιν,
406 1826 453 1853 καί
465 1828 509 1860 είς
520 1827 594 1854 Θεὸν
610 1828 810 1856 ἀσεϐούντων.

193 1872 265 1899 Ἰδὼν
283 1873 297 1898 ὁ
309 1872 372 1904 λαὺς
388 1873 429 1899 ὅτι
440 1873 582 1908 κεχρόνικε
595 1874 716 1909 Μωῡσῆς
738 1876 891 1910 καταὸῆναι
907 1876 938 1903 ἐκ

151 1919 199 1945 τοῦ
215 1919 306 1953 ὅρους,
319 1919 435 1954 συνέστη
465 1920 513 1945 ἐπὶ
533 1920 650 1954 Ἀαρὼν,
667 1921 715 1947 καὶ
738 1921 813 1955 λέγει
838 1922 911 1957 αὐτῷ
929 1931 936 1937 ·

159 1964 362 1998 Ἀνάστηθικαὶ
377 1965 489 1998 ποίησον
522 1967 588 2000 ἡμῖν
617 1966 706 1999 θεοὺς,
732 1967 756 1993 οἳ
775 1967 938 2006 ,προπορεύ-

154 2019 244 2036 σονται
256 2011 345 2044 ἡμῶν.
364 2011 394 2036 '0
411 2011 465 2045 γὰρ
486 2011 607 2046 Μωῡσῆς
623 2010 700 2043 οὗτος
715 2012 729 2038 ὁ
742 2013 882 2047 ἄνθρωπος
910 2013 938 2045 ὃς

152 2054 286 2088 ἐξήγαγεν
297 2056 369 2089 ἡμᾶς
386 2055 414 2086 ἐξ
429 2055 579 2087 Αἰγύπτου,
597 2056 647 2082 οὒκ
660 2056 770 2091 οἴδαμεν
786 2057 812 2083 τί
826 2058 938 2091 γέγονεν

152 2100 236 2135 αὐτῷ.
254 2101 307 2126 Καὶ
318 2101 391 2134 λέγει
406 2101 498 2132 αὐτοῖς
522 2100 629 2137 ’Δαρών
645 2110 652 2117 ·
666 2102 828 2136 Περιέλεσϐε
852 2103 886 2130 τὰ
898 2104 939 2129 ὲν-

152 2146 222 2173 ὠτια
236 2147 269 2174 τὰ
285 2147 374 2181 χρυσᾶ
388 2147 421 2172 τὰ
439 2147 466 2172 ἐν
478 2147 535 2178 τοῖς
555 2146 606 2172 ὠσὶ
620 2146 675 2173 τῶν
697 2147 834 2181 γυναικῶν
851 2147 937 2182 ὑμῶν,

152 2193 199 2219 καὶ
214 2193 371 2227 θυγατέρων
387 2192 475 2227 ὑμῶν,
505 2192 551 2219 καὶ⁴
573 2192 705 2226 ἐνέγκατε
734 2192 803 2228 πρὸς
820 2193 864 2226 μέ.
886 2194 940 2219 Καὶ

987 1604 1116 1635 animam,
1138 1611 1193 1638 quo
1207 1603 1266 1637 plus
1283 1603 1418 1636 docueris,
1435 1611 1467 1630 eo
1493 1603 1578 1638 magis
1594 1603 1683 1633 laedes.
1712 1608 1772 1628 ma-

987 1651 1059 1685 jores
1077 1650 1192 1677 subinde
1212 1650 1282 1676 male
1307 1655 1335 1676 et
1352 1656 1494 1684 perperam
1525 1649 1661 1677 sentiendi
1688 1656 1771 1677 occa-

989 1696 1080 1724 siones
1095 1695 1284 1730 suppeditans.

1203 1748 1318 1776 SERMO
1332 1749 1352 1776 ll
1369 1748 1419 1784 [aL
1447 1748 1557 1786 CLXI].

989 1794 1028 1822 De
1042 1795 1094 1821 illis
1112 1795 1156 1830 qui
1171 1795 1294 1829 pietatem
1309 1804 1340 1822 ac
1358 1795 1437 1828 ﬁdem
1455 1796 1675 1829 pra-varicamur,
1693 1799 1718 1824 et
1745 1796 1772 1824 ίιι

1251 1830 1333 1856 Deum
1350 1836 1411 1856 sunt
1431 1831 1516 1866 impii.

1024 1875 1111 1902 Exod.
1143 1883 1230 1903 χχιιι.
1255 1875 1358 1904 Vidcns
1389 1877 1517 1911 populus,
1553 1877 1624 1911 quod
1656 1877 1772 1904 tardavit

990 1921 1095 1957 Moyses
1111 1921 1278 1949 descendere
1298 1921 1331 1949 de
1355 1927 1457 1953 monte,
1471 1926 1652 1957 congregatus
1675 1927 1717 1950 est
1737 1923 1770 1950 ad

989 1967 1174 1999 Aaronem,et
1197 1967 1263 1994 dicit
1287 1967 1336 1995 ei:
1356 1967 1453 2002 Surge,
1479 1973 1505 1995 et
1519 1968 1561 1995 lac
1583 1968 1661 1995 nobis
1693 1967 1771 2001 deos,

990 2013 1035 2048 qui
1052 2013 1203 2047 praecedant
1226 2019 1286 2040 nos.
1302 2012 1369 2039 Nam
1398 2013 1504 2046 Moyses
1531 2013 1574 2041 hic
1605 2014 1697 2046 homo,
1726 2014 1771 2048 qui

989 2059 1083 2086 eduxit
1102 2066 1151 2086 nos
1180 2060 1213 2086 de
1243 2063 1315 2086 terra
1343 2059 1467 2094 Egyptl,
1492 2067 1546 2087 non
1574 2060 1676 2087 scimus
1705 2060 1769 2094 quid

990 2104 1091 2132 factum
1108 2109 1150 2132 est
1166 2105 1214 2132 illi.
1234 2104 1265 2133 Et
1280 2105 1348 2132 dicit
1365 2106 1419 2132 illis
1435 2098 1525 2132 Aaron
1544 2114 1551 2133 ε
1568 2105 1666 2133 Tollite
1695 2107 1772 2132 inatt-

990 2158 1034 2178 res
1050 2157 1157 2182 aureas,
1180 2157 1240 2185 quae
1264 2151 1290 2177 in
1307 2150 1419 2178 auribus
1448 2150 1590 2178 mulierum
1619 2156 1771 2178 veslrnt‘uul

991 2202 1018 2224 et
1036 2196 1149 2223 filiarum
1158 2200 1320 2229 vestrarum,
1334 2201 1360 2223 et
1379 2195 1472 2223 all‘erte
1492 2197 1523 2223 ad
1538 2204 1590 2224 me.
1605 2196 1637 2224 Et
1654 2197 1774 2224 abstule-

153 2239 321 2274 περιείλοντο
336 2239 411 2269 πᾶςὸ
424 2238 485 2269 λαὸς
498 2238 532 2264 τὰ
550 2238 648 2264 ἐνώτια
663 2238 696 2264 τὰ
711 2240 809 2272 χρυσᾶ,
845 2240 890 2265 καὶ
904 2239 935 2274 ἦ-

994 2248 1051 2270 runt
1067 2242 1157 2269 omnis
1185 2242 1300 2276 populus
1316 2242 1426 2268 inaures
1443 2249 1550 2274 aureas,
1572 2247 1599 2268 et
1624 2243 1774 2270 attulerunt

153 2293 238 2318 εγκαν
254 2285 321 2319 πρὸς
338 2285 443 2319 ’Δαρών
454 2293 461 2301 ·
479 2285 526 2311 καὶ
541 2284 669 2319 ἐποίησεν
683 2284 752 2311 αὐτὰ
768 2285 867 2319 μόσχον
883 2294 936 2319 χω-

153 2331 256 2364 νευτὸν,
269 2333 315 2357 καὶ
330 2329 407 2357 εἶπεν
421 2339 428 2346 ⁸
448 2330 532 2357 Οὗτοι
554 2331 578 2357 oi
594 2330 649 2357 θεοί
666 2338 733 2365 σου,’
744 2331 939 2367 Ἰσραὴλ,οῖτι-

154 2385 198 2407 νες
214 2376 378 2403 ἀνεῡίϐασάν
394 2385 424 2402 σε
440 2377 471 2402 ὲκ
486 2377 536 2410 γῆς
552 2376 700 2410 Αίγύπτου.

195 2422 244 2447 Διὰ
260 2422 308 2455 τήν
326 2421 457 2447 ἀσέϐειαν
472 2421 525 2447 τῶν
536 2421 621 2448 ἐθνῶν
645 2422 747 2449 τούτοιν
766 2422 868 2456 Κύριος
894 2421 940 2454 ἐξ·

155 2467 310 2501 ολιιθρείσει
323 2467 421 2498 αὐτοὺς
436 2467 487 2501 πρδ
506 2467 653 2501 προσώπου
666 2476 713 2494 σου
731 2474 738 2482 ”
762 2468 791 2494 οὐ
818 2468 862 2494 διὰ
891 2469 940 2502 τὴν

155 2515 282 2548 ὁσιότητα
300 2514 349 2546 τῆς
363 2514 476 2548 καρδίας
495 2521 541 2539 σου
566 2514 716 2550 εῑσπορειῖῃ
735 2514 939 2549 κληρονομῆσαι

155 2561 204 2595 τὴν
231 2561 282 2594 γῆν
306 2560 408 2593 αὐτῶν,
437 2559 506 2585 ἀλλὰ
526 2559 570 2585 διὰ
582 2558 629 2594 τὴν
645 2559 760 2594 ἀνομίαν
777 2560 832 2585 τῶν
854 2559 940 2585 ἐθνῶν

156 2608 268 2638 τούτων,
288 2606 390 2640 Κύριος
416 2605 601 2640 ἐξολοθρεύσει
628 2605 726 2636 αὐτοὺς
751 2605 804 2639 πρὸ
830 2605 940 2640 προσώ-

158 2661 208 2678 που
226 2661 283 2678 σου.

193 2696 276 2724 Εῐπεν
288 2697 390 2733 Κύριος
404 2698 461 2729 τοῖς
477 2697 545 2728 υῑοτς
560 2696 678 2732 Ἰσραὴλ,
700 2706 709 2723 ‹
720 2697 813 2731 Ὑμεῖς
839 2698 941 2731 ἐγκατ-

158 2743 268 2769 alim-rs
298 2751 351 2777 με,
380 2744 429 2769 καὶ¹
454 2741 631 2769 ἐδουλεύσατε
674 2742 743 2773 θεοῖς
771 2742 875 2776 ἑτέροις
898 2741 942 2768 διὰ

157 2789 237 2815 τοῦτο
250 2787 281 2815 οὐ
299 2787 446 2823 προσθήσω
460 2787 507 2814 τοῦ
524 2788 610 2814 σῶσαι
628 2788 712 2821 ὑμᾶς.
743 2787 871 2820 Βαδὶζετε
895 2788 942 2814 καὶ

160 2834 239 2870 βοᾶτε
255 2833 324 2869 πρὸς
340 2834 402 2865 τοὺς
419 2833 497 2865 θεοὺς
512 2833 559 2866 οὒς
575 2833 734 2866 ἐξελέξασθε
752 2834 868 2868 ἑαυτοῖς,
894 2835 941 2862 καὶ

160 2880 237 2907 αὐτοὶ
251 2880 416 2908 σωσάτωσαν
429 2880 501 2916 ὑμᾶς
515 2879 544 2908 ὲν
560 2879 648 2915 καιρῷ
660 2878 785 2913 θλίψεως.
807 2887 816 2904 ι
830 2911 835 2915 _

989 2290 1022 2316 ad
1048 2290 1137 2316 Aaron
1160 2296 1167 2321 ;
1192 2292 1219 2315 et
1246 2287 1308 2314 fecit
1325 2295 1371 2314 eas
1400 2288 1514 2314 vitulum
1537 2287 1710 2316 conﬂatilem.
1741 2290 1773 2317 Et

988 2335 1117 2361 dixerunt
1141 2342 1148 2362 :
1178 2333 1224 2361 Isti
1248 2332 1285 2359 dii
1303 2333 1353 2366 tui,
1367 2332 1460 2365 Israel,
1476 2333 1683 2367 quieduxcrunt
1697 2339 1724 2362 te
1741 2335 1774 2362 de

990 2380 1067 2407 terra'
1085 2378 1203 2414 .‘Egypti.

1046 2424 1121 2452 Deut.
1140 2433 1176 2452 ix.
1194 2424 1307 2459 Propter
1339 2424 1505 2459 impietatem
1524 2424 1643 2459 gentium
1677 2424 1773 2451 barum

990 2471 1195 2499 exscindetcos
1227 2471 1356 2498 Dominus
1388 2475 1450 2497 ante
1474 2469 1570 2497 faciem
1597 2474 1682 2498 tuam.
1715 2470 1773 2497 Non

990 2520 1101 2550 propter
1130 2515 1340 2543 sanctimoniam
1367 2516 1458 2543 cordis
1484 2516 1522 2542 tui
1551 2520 1580 2543 tu
1596 2516 1769 2551 ingredieris,

991 2565 1020 2587 ut
1039 2559 1180 2594 possideas
1194 2564 1293 2587 terram
1317 2567 1424 2593 earum,
1441 2560 1488 2588 sed
1512 2567 1621 2596 propter
1644 2561 1774 2596 iniquita-

992 2611 1044 2633 tem
1064 2606 1182 2641 gentium
1211 2606 1307 2633 barum
1334 2606 1464 2635 Dominus
1486 2607 1627 2634 exscindet
1639 2615 1687 2634 eos
1713 2612 1775 2634 anle

992 2651 1089 2679 faciem
1117 2655 1203 2680 tuam.

1042 2695 1133 2723 Judic.
1150 2704 1177 2723 ι.
1193 2695 1226 2723 Et
1251 2696 1321 2724 dixit
1350 2695 1482 2725 Dominus
1507 2696 1541 2724 ad
1566 2696 1639 2724 ﬁlios
1663 2695 1770 2724 lsrael:

991 2742 1047 2770 Vos
1065 2742 1213 2777 reliquistis
1229 2750 1272 2770 me
1285 2747 1311 2769 et
1326 2742 1450 2770 coluistis
1463 2743 1529 2770 deos
1541 2742 1655 2769 alienos.
1685 2740 1772 2768 Id‘cir-

991 2796 1024 2816 co
1039 2795 1091 2815 non
1103 2787 1211 2820 addam,
1227 2792 1257 2815 ut
1275 2788 1387 2815 liberem
1414 2795 1474 2816 vos.
1498 2787 1537 2815 lte
1551 2792 1578 2814 et
1602 2787 1717 2813 clamate
1739 2786 1773 2813 ad

991 2834 1056 2862 deos
1071 2841 1141 2869 quos
1155 2833 1275 2869 elegistis
1288 2833 1377 2868 vobis,
1391 2838 1417 2862 et
1439 2833 1491 2869 ipsi
1515 2833 1630 2860 liberent
1662 2837 1710 2858 vos
1742 2830 1770 2857 in

994 2884 1116 2914 tempore
1128 2878 1296 2907 aﬂlictionis.
