1959 3130
222 146 277 177 775
851 139 1011 169 ANTUNH

1098 137 1206 168 US$113
1797 132 1856 163 7τῦ

258 202 309 230 Job
339 209 384 228 xx.
413 200 549 228 Gaudium
579 199 726 233 impiorum
762 196 841 223 ruina
872 196 1012 227 indecens,

1100 193 1263 229 Εὐφροσὺνη
1279 192 1385 220 ἀσεϐῶν
1404 191 1504 225 πτῶμα
1523 190 1641 222 ἐξαίσιον
1659 196 1665 204 ·
1682 188 1811 223 χαρμονὴ
1827 190 1858 215 δὲ

224 249 316 276 laetitia
331 252 422 275 autem
441 247 593 280 iniquorum
621 243 750 279 perditio.
781 241 809 269 Si
836 242 1011 270 ascenderint

1098 241 1232 275 ιρανόμων
1249 240 1383 266 ἀπώλεια.
1405 238 1468 264 Ἐὰν
1485 236 1574 271 ἀναϐῇ
1590 234 1675 262 αὐτοῦ
1702 236 1741 265 εις
1771 235 1845 269 οὐρα.

223 296 250 323 in
269 294 367 322 ccelum
391 293 451 327 ejus
477 291 559 322 dona,
584 294 612 317 et
638 287 804 317 sacrificium
832 287 893 321 ejus
925 287 1011 314 nubes

1098 295 1108 312 ν
1121 286 1155 312 τὰ
1169 286 1255 321 δῶρα,
1272 285 1288 318 ὴ
1302 285 1329 311 δὲ
1347 283 1427 310 ουσία
1445 282 1529 310 αὐτοῦ
1555 281 1645 315 νεφῶν
1664 280 1780 314 ἅψηται,
1809 280 1859 305 καὶ

223 341 352 376 attigerit,
367 343 395 367 et
408 338 484 365 visus
500 336 581 364 fuerit
596 335 652 370 jam
671 335 796 362 firmatus
808 340 880 364 esse,
905 336 970 359 tunc
985 332 1013 358 in

1098 333 1127 367 κῇ
1143 332 1193 366 ἤδη
1207 330 1435 365 κατεστηριχθαι,
1451 329 1512 355 τότε
1538 329 1578 359 εἰς
1593 327 1671 357 τέλος
1698 325 1857 352 ἀπολεῖται.

223 388 380 415 universum
398 384 495 420 peribit
510 403 518 413 .
545 387 571 409 et
586 382 632 416 qui
653 383 837 416 cognoverant
852 379 953 414 ipsum,
969 377 1014 405 di-

1113 378 1142 405 δὲ
1159 378 1258 409 ἰδόντες
1276 377 1357 404 αὑτὸν
1371 375 1474 411 ὲροῦσι,
1493 375 1547 401 Ποῦ
1562 375 1636 400 ἐστιν
1655 380 1663 406 ;

223 438 285 461 cent
301 441 308 459 :
326 431 375 459 Ubi
392 431 455 458 est?

260 478 333 506 Ibid.
348 486 393 505 XL.
411 476 506 504 Facies
519 475 665 509 impiorum
683 472 835 509 ignominia
859 471 1014 506 implebun—

225 529 280 552 tur.

265 570 335 597 Ibid.
353 577 411 597 ni.
426 569 526 595 Lumen
545 565 689 600 impiorum
706 563 903 597 exstinguetur.

263 619 335 647 Ibid.
360 624 405 644 xv.
428 613 522 642 Omnis
554 612 606 638 vita
632 609 707 642 impii
733 608 808 636 curis
833 606 1013 640 transigitur:

227 670 253 693 et
266 672 328 692 cum
342 663 419 690 visus
436 660 517 688 fuerit
532 658 587 694 jam
615 657 642 683 in
663 662 730 691 pace
751 660 844 689 agere,
876 652 968 680 veniet
989 653 1014 680 ei

229 710 385 740 siibversio.

265 756 336 783 Ibid.
357 763 395 783 in.
410 753 477 788 Spcs
497 751 572 785 impii
592 749 672 784 perit.

268 800 339 828 Ibid.
357 806 411 826 xxi.
423 796 567 832 lmpiorum
581 795 692 820 lucerna
705 792 906 825 exstinguelur,
921 796 1015 822 snper-

231 847 320 874 veniet
333 850 421 872 autezn
440 843 493 870 illis
519 840 671 872 subversio,
687 842 715 866 et
729 841 811 864 erunt
835 835 908 864 sicut
930 835 1013 870 palea;

232 897 313 920 vento
329 892 447 926 agitatae.

270 939 337 965 Ibid.
356 946 392 965 xi.
408 936 485 964 Oculi
509 935 654 970 impiorum
684 932 835 959 tabcscent.
857 927 925 955 Nam
955 935 1018 963 spes

232 992 326 1012 eorum
343 983 468 1018 perditio.

267 1031 295 1066 θ
312 1017 385 1055 Pent.
400 1035 465 1055 xvu.
483 1026 542 1053 Filii
562 1024 641 1051 alieni
667 1021 772 1050 mentiti
786 1024 849 1049 sunt
863 1019 939 1047 mihi.
957 1017 1018 1045 Filii

232 1077 313 1104 alieni
340 1074 482 1102 inveterati
510 1077 627 1105 sum,ct
653 1069 875 1098 claudicavcrunt
896 1074 910 1094 a
935 1065 1017 1093 semi»

234 1122 268 1150 tis
281 1121 348 1148 suis.

270 1166 339 1193 Ibid.
351 1173 443 1192 xxxvi.
461 1163 564 1191 Inimici
583 1160 688 1188 Domini
709 1167 772 1186 mox
795 1163 824 1185 ut
841 1155 1016 1183 lionorilicati

233 1220 260 1241 ct
282 1213 393 1240 cxaltati
422 1210 534 1244 fuerint,
554 1208 712 1236 deﬁcientes
728 1203 957 1240 quemadmodum
979 1200 1021 1227 fu-

235 1267 296 1287 mus
310 1258 478 1285 defecerunt.

271 1304 341 1332 Ibid.
358 1303 419 1331 Vidi
445 1302 557 1336 impium
585 1298 815 1334 superexaltatum
831 1300 858 1322 et
883 1293 1018 1321 elevatum

236 1351 308 1378 sicut
321 1349 416 1376 cedros
433 1347 541 1375 Libani.
556 1345 588 1372 Et
605 1343 730 1374 transivi,
746 1346 774 1369 et
790 1347 853 1368 ecce
873 1347 924 1366 non
951 1342 1020 1369 erat,

235 1401 263 1423 et
275 1395 384 1430 quaesivi
400 1401 473 1426 eum,
496 1396 524 1420 et
543 1399 597 1419 non
607 1397 649 1418 est
665 1390 790 1416 inventus
807 1387 883 1414 locus
905 1385 974 1419 ejus.

274 1484 344 1510 Ibid.
360 1490 445 1511 uxn.
459 1481 510 1515 Qui
527 1480 655 1517 elongant
675 1485 703 1505 se
726 1485 742 1504 a
758 1481 794 1509 te,
808 1473 947 1510 peribunt.
958 1471 1023 1499 Pcr-

238 1530 331 1558 didisti
351 1536 457 1560 omnes,
475 1528 521 1563 qui
542 1525 715 1554 fornicantur
732 1522 780 1550 abs
794 1526 831 1549 te.

276 1621 354 1648 Prov.
372 1627 408 1646 iv.
422 1618 479 1645 Viae
491 1617 635 1652 impiorum
651 1614 812 1644 tenebrosae,
828 1616 920 1639 etnon
933 1609 1024 1637 sciunt

241 1668 269 1694 in
286 1674 342 1701 quo
358 1665 509 1692 offendunt.

279 1698 349 1739 Ibid.
366 1718 403 1737 χι.
426 1708 524 1737 Facilis
539 1712 565 1735 et
581 1705 699 1742 jucunda
724 1703 753 1731 tit
771 1702 918 1737 impiorum
936 1698 1026 1735 perdi-

241 1757 288 1785 tio.
363 1775 367 1778 -
618 1770 621 1773 -

281 1803 367 1830 Vitam
395 1800 538 1835 impiorum
564 1798 702 1825 subvertet
727 1794 866 1821 Dominus.

280 1849 349 1877 Ibid.
365 1855 391 1874 x.
404 1846 521 1874 Fructus
538 1843 682 1878 impiorum
706 1838 832 1876 perditio.

283 1893 353 1921 Ibid.
373 1900 403 1919 ιι.
416 1891 503 1926 Opera
518 1890 620 1924 iujusta
636 1887 700 1914 facit
713 1885 823 1919 impius.

282 1940 353 1967 Ibid.
369 1947 398 1966 ιι.
413 1937 469 1965 Vise
483 1935 629 1970 impiorum
645 1933 679 1961 de
702 1937 773 1959 terra
789 1930 926 1966 peribunt.

280 1986 351 2014 Ibid.
365 1993 394 2012 ιι.
410 1982 566 2012 Persecutio
579 1980 723 2014 impiorum
742 1978 774 2004 ad
789 1981 917 2004 mortem.

281 2032 351 2060 Ibid.
366 2038 423 2058 X\'|.
438 2029 541 2063 Impius
557 2030 682 2055 servatur
696 2024 723 2051 in
739 2023 809 2050 diem
823 2020 935 2048 malum.

283 2078 356 2105 Ibid.
369 2083 463 2103 xxviii.
478 2073 558 2108 Fugit
585 2071 686 2106 impius
709 2069 818 2096 nemine
838 2069 1029 2102 persequente.

282 2124 386 2151 Animae
404 2119 482 2155 impii
497 2125 578 2146 nemo
594 2115 767 2144 miserebitur
784 2111 956 2140 mortalium.

282 2217 359 2244 Prov.
377 2221 455 2242 ινιιι.
473 2212 541 2239 Cum
565 2209 673 2237 venerit
701 2206 801 2241 impius
829 2206 854 2232 in
868 2203 1029 2240 profundum
1048 2215 1068 2242 υ

247 2265 393 2292 malorum,
407 2258 567 2288 contemnit.

282 2309 351 2337 Ibid.
392 2315 443 2334 xu.
485 2305 597 2333 Viscera
633 2303 780 2338 impiorum
826 2299 947 2327 misereri
984 2305 1032 2324 ne-

247 2356 350 2383 sciunt.

286 2401 362 2428 Osee.
377 2396 527 2426 Maledictio
540 2396 648 2424 Domini
671 2395 699 2423 in
725 2393 852 2422 domibus
873 2391 1031 2426 impiorum.

247 2448 318 2476 Anni
335 2447 477 2482 impiorum
493 2444 570 2480 pauci
586 2446 676 2471 erunt.

284 2494 357 2522 Οιεε.
374 2501 423 2520 vn.
438 2492 483 2519 Va:
497 2491 546 2523 eis,
561 2489 688 2524 quoniam
707 2486 863 2514 resilit-runt
876 2491 891 2511 a
918 2489 970 2509 me.
982 2481 1034 2508 Mi-

249 2540 300 2567 seri
316 2543 389 2571 sunt,
409 2537 538 2572 quoniam
563 2534 639 2570 impii
656 2534 767 2560 fuerunt
786 2532 813 2558 in
838 2538 890 2557 me.
905 2528 961 2563 Ego
982 2533 1034 2554 au-

250 2595 303 2614 tem
323 2585 425 2613 redemi
440 2591 498 2615 eos,
516 2587 543 2610 et
571 2581 623 2616 ipsi
650 2581 735 2608 locuti
768 2582 831 2606 sunt
862 2581 956 2604 contra
992 2581 1035 2602 me

250 2631 402 2660 mendacia.

287 2677 422 2705 Ilabac.1.
438 2675 648 2704 lnfirmabuntur
664 2673 750 2707 impii,
761 2676 788 2698 et
801 2670 922 2696 auferant
934 2668 1034 2703 impios

250 2732 265 2751 ο
288 2723 357 2751 facie
383 2727 473 2754 terrae,
490 2721 556 2748 dicit
581 2719 723 2746 Dominus-

287 2769 342 2797 Im.
361 2776 378 2796 ι.
400 2768 481 2800 Audi,
499 2766 610 2798 ccclum,
640 2770 666 2792 et
684 2771 765 2796 terra,
782 2762 894 2790 auribus
926 2759 1036 2796 percipe

252 2815 336 2851 verba
353 2814 410 2842 oris
422 2814 485 2847 mei,
502 2813 631 2848 quoniam
651 2811 784 2839 Dominus
798 2809 905 2836 loculus
919 2811 962 2835 est
981 2805 1036 2833 :Fi-

255 2862 307 2890 tios
322 2861 413 2896 genui,
428 2865 481 2889 etc.

1100 467 1238 503 Πρόσωπα
1255 466 1360 494 ἀσεϐῶν
1375 466 1488 500 ἀτιμίας
1500 463 1751 500 ὲμπλησθήσονται.

1100 558 1160 587 Φῶς
1172 557 1277 584 ἀσεϐῶν
1293 556 1484 590 σϐεσΘήσ-εται.

1101 607 1159 637 Πᾶς
1172 607 1185 633 ό
1204 605 1260 640 βίος
1276 604 1391 636 ἀσεϐοῦς
1407 605 1436 630 ὲν
1447 602 1578 639 φροντίδι.
1600 602 1685 630 Ὀταν
1698 601 1764 637 δοκῇ
1781 601 1860 634 εῑρη-

1065 653 1165 687 νεύειν,
1182 653 1243 688 ἥξει
1253 651 1329 687 αὑτῷ
1341 652 1358 687 ὴ
1371 650 1560 686 καταστροφή.

1101 744 1195 775 Ἐλπὶς
1209 742 1328 774 ἀσεϐοῦς
1338 741 1492 769 ἀπολεῖται.

1108 789 1226 816 ’Δσεϐῶν
1238 788 1336 823 λύχνος
1353 786 1545 820 σϐεσθήσετσι.
1573 783 1729 810 Ἐλεύσεται
1754 784 1783 809 δὲ
1807 782 1858 809 αὒ-

1066 837 1121 866 τοῖς
1137 836 1154 869 ἡ
1169 832 1355 869 καταστροφὴ,
1376 832 1422 859 καὶ
1439 831 1544 858 ἔσονται
1562 829 1659 863 ὥσπερ
1687 828 1777 862 ἄχυρα
1806 828 1860 854 ὑπὸ

1034 873 1055 902 Β
1069 882 1180 914 ἀνέμου.

1111 925 1263 960 Ὀφθαλμοὶ
1275 924 1382 951 ἀσεϐῶν
1393 922 1567 956 τακήσονται.
1590 919 1623 947 Ἡ
1639 919 1694 954 γὰρ
1712 918 1790 950 ἐλπὶς
1811 918 1861 944 αὐ-

1069 974 1123 999 τῶν
1138 972 1271 999 ἀπώλεια.

1106 1018 1165 1044 Υἱοὶ
1181 1017 1316 1052 ἀλλότριοι
1333 1014 1484 1049 ὲψεύσαντό
1496 1022 1551 1048 μοι.
1570 1012 1631 1038 Υἱοὶ
1645 1011 1778 1046 ἀλλότριοι
1791 1011 1863 1036 ἑπα-

1069 1064 1236 1098 λαιῶοησαν,
1254 1063 1302 1089 καὶ
1315 1062 1455 1096 ὲχὼλαναν
1468 1059 1521 1087 ἀπὸ
1535 1058 1589 1086 τῶν
1599 1057 1701 1093 τρίϐων
1712 1056 1817 1083 αὐτῶν.

1103 1156 1135 1181 0i
1151 1154 1242 1189 ἐχθροὶ
1255 1152 1302 1180 τοῦ
1314 1151 1419 1186 Κυρίου
1437 1151 1495 1184 ἅμα
1518 1149 1557 1184 τῷ
1577 1148 1737 1183 δοξασθῆναι
1761 1147 1863 1178 αὐτοὺς

1071 1204 1118 1229 καὶ
1134 1200 1284 1236 ὑψωθῆναι,
1303 1197 1473 1227 ἐκλείποντες
1487 1195 1553 1222 ὡσεὶ
1565 1195 1669 1227 καπνὸς
1684 1193 1821 1228 ἐξέλιπον.

1109 1288 1186 1316 Εἶδον
1201 1289 1247 1315 τὸν
1262 1287 1349 1320 ἀσεϐῆ
1370 1284 1593 1320 ὺπερυψοὺμενον
1608 1284 1655 1310 καὶ
1668 1283 1864 1317 ἐπαιρόμενον,

1071 1338 1108 1368 ὡς
1135 1336 1182 1366 τὰς
1208 1334 1321 1368 κέδρονς
1345 1332 1393 1358 τοῦ
1411 1331 1539 1357 Λιϐάνου.
1570 1329 1625 1355 Καὶ
1649 1328 1800 1363 παρῆλθον.
1818 1330 1865 1355 καὶ

1074 1381 1131 1407 ἰδοὺ
1147 1379 1196 1406 οὐκ
1213 1377 1247 1414 ἦν
1263 1386 1270 1394 ’
1288 1378 1333 1404 καὶ
1344 1375 1464 1411 ἐζήτησα
1480 1374 1572 1406 αὑτὸν,
1589 1374 1637 1401 καὶ
1650 1373 1699 1408 οὺχ
1728 1373 1832 1408 εὑρέθη
1851 1375 1866 1399 ὁ

1072 1426 1156 1456 τόπος
1177 1423 1271 1450 αὑτοῦ.

1117 1471 1181 1497 Ἰδοὺ
1198 1472 1222 1497 ot
1238 1470 1426 1506 μσκρύνοντες
1446 1468 1559 1499 ἑαυτοὺς
1585 1467 1638 1495 ἀπὸ
1657 1465 1704 1493 σοῦ
1731 1465 1865 1493 ἀποὶσῦν-

1075 1527 1130 1546 ται.
1164 1517 1382 1552 Ἐξωλόθρευσας
1412 1516 1501 1543 πάντα
1532 1514 1579 1542 τὸν
1618 1514 1786 1550 πορνεύοντα
1813 1513 1867 1540 ἀπὸ

1077 1575 1134 1593 σου.

1113 1614 1147 1641 Al
1175 1615 1231 1642 ὁδοὶ
1250 1615 1304 1641 τῶν
1326 1613 1433 1641 ἀσεϐῶν
1458 1612 1607 1644 σκοτειναὶ,
1633 1610 1680 1638 καὶ
1700 1610 1752 1636 οὐκ
1775 1609 1869 1635 οἴδασι

1076 1661 1135 1692 πῶς
1148 1661 1374 1696 προσκόπτουσιν.

1114 1707 1262 1742 Πρόχειρος
1282 1706 1386 1741 γίνεται
1410 1705 1456 1732 καὶ
1481 1703 1630 1738 ἐπίχαρτος
1658 1702 1767 1729 ἀσεϐῶν
1793 1701 1872 1728 ἀπώ-

1077 1754 1148 1782 λεια.

1115 1800 1193 1835 Ζωὴν
1209 1800 1316 1830 ἀσεϐῶν
1329 1798 1493 1834 ἀναστρέψει
1505 1797 1620 1833 Κύριος.

1115 1848 1223 1882 Καρποὶ
1233 1847 1339 1873 ἀσεϐῶν
1353 1846 1484 1873 ἀπώλεια.

1113 1893 1229 1928 Ἀσεϐὴς
1241 1894 1313 1920 ποιεῖ
1331 1893 1401 1928 ἔργα
1415 1894 1508 1921 ἄδικα.

1121 1939 1192 1966 Ὀδοὶ
1202 1940 1308 1967 ἀσεϐῶν
1324 1940 1355 1966 ὲκ
1371 1940 1421 1973 γῆς
1433 1939 1567 1966 ὀλοῦνται.

1123 1986 1153 2011 '0
1168 1985 1288 2020 διωγμὸς
1303 1985 1409 2011 ἀσεϐῶν
1421 1986 1460 2015 εὶς
1474 1984 1598 2011 θάνατον.

1117 2030 1284 2057 Φυλάσσεται
1299 2031 1313 2056 ὁ
1332 2030 1434 2064 ἀσεϐὴς
1451 2031 1490 2061 εἰς
1507 2029 1613 2064 ἡμέραν
1625 2029 1724 2063 κακήν.

1119 2078 1216 2111 Φεὺγει
1234 2076 1333 2112 ἀσεϐὴς
1349 2076 1462 2111 μηδενὸς
1473 2075 1626 2106 διώκοντος.

1118 2125 1199 2159 Ψυχὴ
1215 2123 1329 2155 ἀσεϐοῦς
1350 2123 1399 2150 οὐκ
1417 2122 1596 2157 ὲλεηϐήσεται
1620 2122 1666 2149 ὑπ’
1679 2121 1792 2152 οὐδενὸς
1819 2121 1877 2149 τῶν

1083 2171 1244 2206 ἀνθρώπων.

1119 2217 1232 2252 Ἀσεϐὴς
1247 2216 1333 2242 ἐλθὼν
1349 2217 1389 2248 εἰς
1409 2215 1489 2250 βάθος
1505 2215 1597 2242 κακῶν
1611 2215 1788 2249 καταφρονεῖ.

1118 2307 1159 2333 Τὰ
1178 2305 1322 2341 σπλάγχνα
1337 2305 1391 2332 τῶν
1405 2305 1512 2331 ἀσεϐῶν
1529 2304 1709 2338 ἀνελεήμοηα.

1121 2398 1236 2433 Κατάρα
1265 2398 1366 2433 Κυρίου
1384 2398 1412 2423 ἐν
1435 2397 1519 2428 οῐκοις
1542 2395 1738 2429 ἀσεϐῶν.ἰετη
1766 2395 1880 2422 ἀσεϐῶν

1084 2445 1170 2479 ὀλίγα.

1121 2491 1190 2517 Οὐαὶ
1204 2491 1307 2522 αὐτοῖς,
1320 2490 1359 2517 ὅτι
1372 2489 1552 2524 ἀπεπήδησαν
1570 2487 1618 2515 ἀπ’
1639 2488 1706 2518 ἐμοῦ
1723 2497 1729 2504 ·
1761 2487 1882 2514 δείλσιοι

1086 2538 1163 2569 εἰσιν,
1179 2538 1218 2563 ὅτι
1235 2536 1373 2571 ἠσέϐησαν
1389 2537 1427 2567 εἰς
1447 2535 1507 2568 ἐμὲ.
1530 2533 1601 2568 Ἐγὼ
1622 2534 1649 2559 δὲ
1675 2533 1883 2567 ὲὶυτρωσάμην

1085 2582 1184 2613 αὐτούς
1207 2590 1213 2595 ·
1229 2581 1306 2608 αὐτοὶ
1323 2581 1351 2606 δὲ
1367 2580 1554 2614 κατελάλησαν
1574 2579 1634 2605 κατ’
1648 2577 1714 2612 ἐμοῦ
1728 2577 1832 2612 ψευδῆ.

1122 2672 1331 2706 ’Λσυενήσουσιν
1353 2670 1377 2696 οἱ
1399 2669 1518 2700 ἀσεϐεῑς,
1534 2668 1580 2694 καὶ
1603 2666 1694 2701 ὲξαρῶ
1718 2667 1784 2697 τοὺς
1815 2666 1882 2692 ἀσε-

1089 2719 1146 2750 ϐεῖς
1163 2719 1216 2744 ἀπὸ
1234 2717 1381 2751 προσώπου
1397 2716 1447 2750 τῆς
1459 2715 1520 2749 γῆς,
1536 2715 1609 2748 λέγει
1625 2713 1738 2748 Κύριος.

1124 2766 1235 2793 Ἀκονε,
1250 2762 1358 2797 οὐρανὲ,
1383 2762 1429 2788 καὶ
1452 2761 1590 2792 ἐνωτίξου,
1607 2761 1623 2794 ἡ
1638 2759 1685 2793 γῆ,
1708 2758 1743 2785 τὰ
1769 2759 1884 2793 ῥήματι

1087 2809 1133 2836 ’τοῦ
1162 2807 1295 2843 στόματός
1325 2816 1386 2842 μου,
1402 2807 1442 2833 ὅτι
1475 2805 1578 2840 Κύριος
1605 2804 1751 2839 ἐλάλησεν,
1773 2803 1884 2833 crio-‘4:

1088 2854 1230 2888 ἐγέννησα.
1252 2861 1261 2877 ι
