1959 3130
117 185 160 217 781

554 187 640 217 LOCI
661 186 928 217 COMMUNES.—
944 188 1041 218 PARS
1060 189 1081 219 Ι.
1099 189 1227 219 SERMO
1248 190 1302 219 ΙΙῘ.

1681 193 1735 223 782

146 245 248 279 ’Ὠσπερ
264 243 404 278 ὀφθαλμὸς
418 243 633 278 τεταραγμένος,
646 243 718 270 οὕτω
729 244 774 269 καὶ
794 244 811 278 ή
824 244 898 278 ψυχὴ
912 270 913 274 η

985 246 1218 279 Quemadmodum
1247 249 1341 275 oculus
1369 248 1555 282 perturbatur,
1588 249 1628 277 sic
1652 251 1732 278 etiam

119 291 166 322 τοῖς
183 290 258 325 παρὰ
271 290 353 325 φύσιν
369 290 517 317 Θολωῦεἰσα
531 290 675 324 δόγμασιν,
686 290 734 324 οὐχ
751 289 795 316 οἵα
824 298 853 315 τε
868 290 897 316 τὸ

121 337 168 371 φῶς
180 336 230 371 τῆς
244 336 376 371 ἀληθείας
390 336 502 363 ειδέναι.

421 380 529 406 ΛΟΓΟΣ
548 379 585 406 Γ’.

122 427 182 462 Περὶ
208 426 327 460 ἀγάπης
348 425 395 452 καί
417 425 511 452 πάλνν
527 426 621 459 φόϐου
638 426 713 459 πρὸς
735 426 790 452 τὸν
813 427 896 454 Θεόν.

156 471 298 498 Ἐκάλεσεν
322 471 437 504 ἄγγελος
455 471 558 505 Κυρίου
585 472 618 497 ὲκ
637 471 683 497 τοῦ
708 471 824 503 οὐρανοῦ
851 472 897 498 τὸν

124 518 253 552 ’Λϐραὰμ,
280 517 326 545 καὶ
349 515 425 544 εἶπεν
448 516 533 551 αὐτῷ·
552 526 561 542 ι
588 516 713 551 Ἀϐραὰμ
732 516 867 552 Ἀϐραάμ.
884 527 893 543 ι

122 563 148 590 '0
161 564 188 590 δὲ
211 562 306 590 εἶπεν
323 572 332 589 ι
359 563 424 590 Ἰδοὺ
439 562 506 596 ἐγώ.
524 572 533 589 ι
551 564 605 590 Καὶ
629 561 705 590 εἴπεν
718 569 725 577 ·
746 571 755 588 ι
777 563 822 597 Μὴ
836 564 897 590 ἐπι-

118 610 196 645 eam;
213 609 261 644 τὴν
286 609 366 644 χεῖρά
380 617 426 635 σου
449 608 495 635 ἐπὶ
508 608 538 635 τὸ
558 609 712 644 παιδάριον.
735 609 804 642 μήτε
820 609 898 643 ποιή-

118 664 164 690 σῃς
179 655 254 690 αὐτῷ
281 655 377 690 μηθέν.
392 655 449 681 Νῦν
463 654 518 689 γὰρ
540 654 628 688 ἔγνων
652 655 692 682 ὅτι
715 656 784 690 φοϐῇ
804 655 835 682 σὺ
852 655 898 681 τὸν

119 702 190 732 Θεὸν,
205 701 252 728 καὶ
267 702 318 728 οὑκ
332 701 433 735 ἐφείσω
447 700 495 727 τοῦ
510 700 569 727 υίοῢ
583 701 630 727 σοῦ
641 700 690 727 τοῦ
704 700 847 736 ἀγηπητοῦ
863 701 897 727 δι’

116 748 173 783 ιμὲ.

154 794 182 821 '0
204 794 269 826 Θεὸς
283 795 297 821 ὁ
315 793 457 829 φυλάττων
478 794 529 829 τὴν
549 794 684 830 διαθήκην
705 793 790 821 αὑτοῦ
807 793 899 821 καὶτὸ

117 841 186 873 ἔλεος
199 842 256 873 τοῖς
272 841 415 875 ἀγαπῶσιν
429 841 520 873 αὐτὸν,
532 841 581 868 καὶ
593 841 650 873 τοῖς
665 841 833 876 φυλάσσουσι
848 840 898 876 ¹τὴν

116 888 245 923 δ;αοήκην
261 888 356 920 αὑτοῦ,
373 889 412 920 εἰς
428 887 516 922 χιλίας
531 889 637 921 γενεάς.

949 292 1039 320 anima
1053 293 1237 327 opinionibus,
1253 301 1316 328 quae
1335 297 1460 321 naturam
1477 295 1623 329 excedunt,
1641 296 1733 324 turba-

948 345 986 372 ta,
1003 339 1126 366 veritatis
1140 340 1226 366 lucem
1240 339 1331 366 videre
1350 346 1404 366 non
1423 344 1520 374 potest.

1140 383 1168 418 9
1181 383 1295 412 δεηΜο
1312 384 1345 412 lt]
1361 384 1410 421 [αι.
1432 385 1558 421 cum].

1125 430 1165 458 De
1178 431 1319 458 dilectione
1333 436 1358 459 et
1382 432 1475 459 timore
1500 432 1556 460 Dei.

984 477 1050 505 Gen.
1064 485 1131 505 χιιι.
1146 477 1260 504 Vocavit
1284 477 1396 513 angelus
1418 478 1524 506 Domini
1549 479 1732 508 Abrahamum

949 523 1067 556 coalitus,
1076 529 1102 551 et
1117 523 1196 551 dixit:
1213 523 1359 556 Abraham,
1374 524 1522 551 Abraham.
1536 523 1584 552 Ille
1597 533 1662 553 vero
1675 527 1712 553 ait
1725 536 1732 554 :

950 569 1017 596 Ecce
1034 576 1094 604 ego.
1112 569 1143 596 Et
1158 569 1241 596 dixit:
1254 569 1293 597 Ne
1310 569 1411 596 inferas
1426 577 1536 597 manum
1548 575 1620 597 tuam
1637 579 1732 606 puero,

950 622 1000 642 uec
1017 615 1114 642 feceris
1129 615 1166 642 illi
1185 616 1344 650 quidquam.
1357 615 1434 642 Nunc
1450 617 1521 643 enim
1537 618 1647 651 cognovi
1663 619 1732 653 quod

949 664 976 686 tu
995 660 1089 687 timeas
1111 659 1205 693 Deum,
1220 665 1248 688 et
1263 668 1315 687 non
1334 661 1478 696 pepercisti
1503 662 1558 689 lilio
1576 667 1622 690 tuo
1636 663 1735 691 dilecto

950 711 1059 741 propter
1071 714 1124 734 me.

986 794 1066 823 Deut.
1080 802 1128 822 vn.
1146 795 1217 823 Deus
1235 796 1393 823 custodiens
1411 801 1517 830 partum
1534 802 1561 824 et
1582 798 1735 825 misericor-

948 841 1021 868 diam
1056 849 1134 868 suam
1162 841 1336 876 diligentibus
1358 849 1432 874 eum,
1458 847 1485 870 et
1518 842 1735 871 custodiuntibus

949 887 1074 915 mandata
1092 888 1161 921 eius,
1179 887 1207 914 in
1222 888 1294 914 mille
1311 888 1511 923 generationes.

150 933 204 960 Καὶ
228 934 287 966 νῦν,
309 933 428 969 Ἰσραὴλ,
447 934 473 960 τί
498 933 600 968 Κύριός
622 941 669 959 σου
693 933 803 960 ἀπαιτεῖ
823 932 898 967 παρὰ

988 932 1058 959 Ibid.
1076 941 1102 960 κ.
1117 933 1150 960 Et
1167 940 1250 967 nunc,
1266 933 1357 966 Israel,
1378 934 1505 969 quidnam
1521 934 1652 963 Dominus
1666 936 1735 963 Deus

119 978 164 1005 σοῦ
181 979 239 1006 ἄλλ’
254 978 270 1014 ἢ
287 978 429 1013 φοϐεῖσθαι
445 978 538 1008 αὑτὸν.
555 978 601 1005 καὶ
617 978 782 1013 πορεύεσθαι
799 979 829 1004 ὲν
845 978 897 1005 πά-

118 1032 176 1054 σαις
198 1024 258 1060 ταῖς
281 1024 350 1055 ὁδοῖς
368 1023 451 1050 αὐτοῦ
476 1024 523 1050 καὶ
540 1024 651 1059 ἀγαπᾷν
676 1023 756 1050 αὑτὸν
789 1024 835 1049 καὶ
848 1023 898 1050 λα.

116 1069 221 1105 τρεύειν
240 1070 335 1105 Κυρίῳ
351 1069 391 1104 τῷ
409 1069 470 1104 Θεῷ
485 1077 552 1102 σου;

155 1116 323 1151 ’Δγαπήσιις
347 1115 450 1150 Κύριον
476 1116 523 1142 τὸν
550 1115 616 1142 Θεόν
642 1123 701 1147 σου,
726 1115 756 1147 ἐξ
771 1114 836 1150 ὅλης
849 1115 899 1148 τῆς

115 1163 232 1194 διανοίας
250 1171 307 1196 σου,
322 1161 353 1195 ἐξ
363 1162 425 1197 ὅλης
439 1161 489 1196 τῆς
502 1161 591 1197 ψυχῆς
600 1169 658 1194 σου,
670 1161 717 1187 καὶ
727 1160 758 1193 ἐξ
771 1160 834 1195 ὅλης
848 1159 899 1194 τῆς

115 1207 254 1243 δυνάμεώς
269 1215 328 1234 σου.

150 1254 342 1289 Καυχήσονται
357 1253 386 1281 ὲν
402 1252 444 1280 σοὶ
466 1253 492 1280 oi.
514 1251 675 1287 ἀγαπῶντες
689 1251 719 1278 τὸ
739 1251 825 1286 ὄνομά
841 1260 898 1280 σου.

150 1343 323 1380 Κραταίωμα
346 1343 449 1378 Κύριος
471 1341 527 1369 τῶν
551 1340 727 1377 φοϐουμένων
745 1340 837 1374 αὑτὸν,
853 1340 901 1367 καὶ

116 1392 133 1426 ἡ
148 1391 265 1426 διαθήκη
278 1389 361 1417 αὐτοῦ
378 1388 496 1424 δηλώσει
518 1388 623 1420 αὐτοῖς.

152 1482 329 1519 Παρεμϐαλεί
349 1481 465 1517 ἄγγελος
486 1480 590 1515 Κυρίου
615 1479 708 1514 κύκλῳ
729 1479 783 1506 τῶν
804 1479 902 1513 φοϐου-

120 1531 207 1566 μένων
223 1530 315 1564 αὐτὸν,
329 1530 376 1556 καὶ
391 1529 502 1565 ῥύσεται
517 1527 628 1558 αὐτούς.

157 1576 242 1612 Ἀρχὴ
260 1575 356 1610 σοφίας
373 1575 455 1610 φόϐος
469 1574 584 1609 Κυρίου.

151 1603 405 1657 Βίαῖάριοςιάνήρρ
420 1603 589 1655 φοϐούμενος
602 1619 648 1646 τὸν
666 1618 780 1653 Κύριον,
796 1619 824 1644 ὲν
840 1617 899 1648 ταῖς
917 1603 939 1632 c

116 1669 238 1701 ἐντολαῖς
261 1667 343 1696 αὑτοῦ
360 1667 468 1702 θελήσει
482 1666 596 1701 σφόδρα.
613 1664 730 1692 Δυνατὸν
760 1665 790 1691 ὲν
805 1665 837 1700 τῇ
864 1665 899 1698 γῇ

115 1715 194 1742 ἔσται
210 1715 240 1741 τὸ
254 1714 364 1748 σπέρμα
381 1712 477 1739 αὐτοῦ.

150 1760 264 1796 Θέλημα
280 1760 334 1786 τῶν
354 1758 531 1793 φοϐουμένων
553 1757 634 1784 αὐτὸν
648 1757 767 1792 ποιήσει,
786 1755 833 1783 καὶ
850 1755 900 1790 τῆς

115 1807 237 1841 δεήσεως
251 1805 333 1832 αὑτοῦ
348 1804 551 1837 εἰσακούσεται,
567 1803 614 1829 καὶ
629 1802 710 1829 σώσει
723 1801 829 1833 αὐτούς.

153 1851 287 1878 Φυλάσσει
310 1850 413 1885 Κύριος
429 1849 532 1881 πάντας
552 1848 616 1880 τοὺς
631 1847 795 1882 ἀγαπῶντας
808 1845 902 1878 αὐτὸν,

116 1898 165 1925 καὶ
179 1897 284 1928 πάντας
299 1896 362 1928 τοὺς
377 1895 556 1931 ἁμαρτωλοὺς
574 1893 769 1929 ἰξολοθρεύσει.

153 1944 256 1978 Κύριος
270 1943 352 1970 δώσει
371 1941 477 1976 σοφίαν,
494 1940 542 1968 καὶ
559 1940 617 1967 ὁδὸν
632 1938 841 1974 εὐλαϐουμένων
855 1939 902 1966 αὺ-

115 1987 163 2018 ἰὸς
177 1987 346 2021 διαφυλάξει.

153 2032 237 2065 Φόϐος
253 2032 358 2066 Κυρίου
375 2032 450 2065 μισεῖ
464 2031 575 2063 κακίαν,
593 2030 673 2065 ὓϐριν
687 2038 716 2056 τε
733 2031 781 2056 καὶ
799 2029 902 2063 ὑπερη-

116 2079 228 2114 φανίαν,
246 2078 294 2104 καὶ
307 2077 382 2108 ὁδοὺς
394 2076 533 2112 πονηρῶν.

152 2124 237 2156 Φόϐος
252 2123 354 2159 Κυρίου
371 2122 448 2158 πηγὴ
472 2121 556 2158 ζωῆς,
571 2122 643 2149 ποιεῖ
663 2122 692 2148 δὲ
713 2120 849 2149 ἐκκλίνειν
870 2120 903 2146 ἐκ

115 2171 232 2204 παγίδος
247 2170 372 2197 θανάτου.

123 2245 126 2248 ,
153 2218 237 2250 Φόϐος
255 2217 360 2253 Κυρίου
376 2216 458 2252 σοφία
472 2216 519 2243 καὶ
536 2215 655 2243 παιδεία.

156 2307 242 2334 Φοϐοὖ
257 2307 303 2333 τὸν
318 2307 395 2340 Θεὸν,
409 2306 463 2340 uie,
478 2306 524 2333 καὶ
539 2305 661 2340 βασιλέα,
676 2305 722 2330 καὶ
735 2303 802 2340 μηδὲ
818 2303 904 2339 ἑτέρῳ

117 2355 212 2382 αὐτῶν
228 2353 400 2388 ἀπειθήσεις.

156 2400 239 2431 Τέλος
253 2399 333 2433 λόγου
349 2398 380 2425 τὸ
402 2399 457 2425 πᾶν
475 2398 570 2430 ἄκουε,
585 2389 631 2424 τὸν
654 2397 721 2424 Θεὸν
745 2396 841 2430 φοϐοῦ,
857 2395 905 2422 καὶ

113 2447 169 2477 τὰς
187 2443 298 2476 mm;
313 2443 396 2471 c.5106
420 2443 549 2478 φύλαττε,
563 2443 605 2469 ὅτι
618 2442 715 2469 τούτου
730 2442 784 2473 πᾶς
797 2441 906 2476 ἄνθρω-

115 2499 181 2522 πος.

164 2535 302 2563 Ἀνατελεῖ
329 2535 395 2568 ὑμῖν
414 2535 472 2565 τοῖς
493 2533 672 2568 φοϐουμένοις
695 2534 725 2560 τὸ
737 2532 824 2568 δνομά
842 2540 903 2566 μου.

115 2584 197 2619 ἥλιος
226 2581 411 2616 δικαιοσύνης,
441 2580 487 2608 καὶ
514 2580 542 2607 ἐν
566 2580 625 2611 ταῖς
655 2578 785 2614 πτίρυξιν
809 2577 903 2609 αὑτοῦ,

115 2630 204 2660 ῐασις.

158 2675 244 2702 Σὺαει
261 2674 363 2710 Κύριος
379 2673 442 2706 τοὺς
463 2672 646 2708 φοϐουμένους
660 2671 691 2698 τὸ
708 2671 794 2707 δνομα
809 2669 904 2698 αὐτοῦ.

104 2800 107 2806 Ι
155 2767 258 2801 Κύριος
271 2766 300 2793 ἐν
308 2764 365 2801 ναῷ
380 2765 450 2800 ἁγίῳ
462 2764 558 2799 αὑτοῦ,
573 2763 743 2792 εὐλαϐείσθω
753 2763 808 2791 ἀπὸ
821 2770 905 2798 προσ.

111 2813 196 2840 ώπου
211 2811 294 2840 αὑτοῦ
311 2813 385 2839 πᾶσα
402 2813 419 2848 ὴ
435 2813 482 2847 γῆ.

154 2858 258 2894 Κύριον
277 2858 358 2886 αὐτὸν
378 2858 522 2892 ἁγιάσατε,
544 2859 590 2886 καὶ
604 2857 684 2890 αὐτὸς
703 2857 780 2884 ἔσται
795 2863 843 2884 σου
858 2855 903 2890 φό-

115 2905 179 2936 6ος.

951 982 1015 1006 tuus
1032 981 1099 1013 petit
1117 986 1131 1005 a
1157 982 1194 1009 te,
1210 986 1290 1014 quam
1305 984 1335 1006 ut
1351 980 1446 1006 timeas
1467 987 1528 1007 eum
1544 981 1690 1008 etinccdas
1707 980 1734 1007 in

951 1025 1079 1052 omnibus
1095 1024 1145 1052 viis
1161 1024 1231 1060 ejus,
1244 1025 1341 1061 diligas
1356 1025 1454 1060 ipsam,
1467 1029 1493 1053 et
1504 1026 1606 1054 servias
1623 1027 1736 1053 Domino

953 1071 1007 1098 Deo
1024 1076 1069 1097 tuo
1081 1071 1094 1097 ?

990 1117 1061 1145 Ibid.
1072 1117 1171 1153 Diliges
1182 1117 1326 1145 Dominum
1339 1117 1422 1146 Deutn
1436 1122 1524 1150 tuum,
1535 1125 1566 1146 ex
1578 1123 1635 1146 tota
1648 1124 1738 1146 mente

953 1169 1008 1198 tua,
1020 1169 1047 1192 et
1072 1171 1105 1192 ex
1130 1168 1187 1191 tota
1202 1164 1291 1192 anima
1323 1168 1380 1197 tua,
1397 1169 1425 1192 et
1441 1172 1473 1192 ex
1489 1164 1617 1192 omnibus
1633 1165 1738 1192 viribus

953 1210 1019 1237 tuis.

988 1253 1067 1280 Psal.
1091 1261 1116 1281 ν,
1139 1253 1335 1282 Gloriabuntur
1360 1254 1387 1281 iu
1413 1259 1449 1282 te.
1469 1253 1516 1289 qui
1542 1261 1640 1281 nomen
1659 1257 1736 1282 tuum

952 1300 1079 1335 diligunt.

990 1345 1061 1373 Ibid.
1077 1353 1149 1373 μιν.
1162 1345 1376 1373 Firmamentum
1393 1346 1434 1373 vel
1453 1345 1535 1374 robur
1551 1349 1594 1374 est
1607 1345 1739 1373 Dominus

953 1399 1047 1419 eorum
1059 1391 1105 1424 qui
1119 1391 1215 1418 timent
1227 1391 1329 1426 ipsum,
1343 1395 1370 1418 et
1384 1395 1575 1419 testamentum
1589 1399 1669 1419 suum
1684 1398 1740 1418 ma-

955 1436 1095 1464 nifestabit
1112 1437 1177 1465 illis.

991 1480 1063 1508 Ibid.
1082 1489 1179 1509 xxxrtt.
1197 1482 1317 1518 Angelus
1340 1482 1446 1509 Dominl
1464 1481 1490 1509 in
1504 1481 1618 1509 circuitu
1634 1489 1740 1515 eorum,

954 1528 1001 1562 qui
1026 1526 1121 1554 timent
1141 1527 1242 1563 ipsum.
1256 1532 1475 1559 castrametatur,
1491 1532 1518 1555 et
1535 1527 1662 1555 liberabit
1681 1535 1739 1555 eos.

992 1572 1063 1600 Ibid.
1078 1581 1122 1601 cx.
1140 1573 1250 1601 Initium
1264 1575 1403 1609 sapientia:
1418 1574 1499 1602 timor
1517 1574 1634 1601 Domini.

994 1618 1063 1646 Ibid.
1078 1626 1134 1646 cxt.
1151 1619 1249 1646 Beatus
1271 1620 1320 1652 vir,
1337 1621 1384 1654 qui
1401 1619 1478 1647 timet
1501 1619 1658 1652 Dominum,
1673 1627 1741 1654 prte-

956 1666 1042 1699 ceptis
1062 1665 1121 1700 ejus
1144 1666 1258 1693 multum
1276 1666 1465 1694 delectabitur.
1495 1666 1594 1694 Potens
1612 1666 1640 1693 in
1666 1670 1738 1693 terra

957 1711 1010 1738 erit
1027 1719 1118 1740 semen
1131 1712 1201 1747 ejus.

995 1755 1069 1783 Psal.
1086 1764 1177 1785 cxuv.
1198 1756 1370 1784 Voluntatem
1391 1757 1542 1784 timentium
1559 1764 1589 1784 se
1606 1756 1696 1788 faciet,
1715 1761 1742 1782 et

956 1802 1174 1836 deprecationem
1187 1810 1281 1829 eorum
1298 1802 1436 1835 exaudiet,
1452 1807 1479 1829 et
1493 1802 1612 1829 servabit
1627 1809 1686 1829 eos.

991 1847 1061 1875 Ibid.
1079 1847 1204 1875 Custodit
1225 1848 1357 1875 Dominus
1374 1855 1481 1879 omnes,
1499 1847 1546 1882 qui
1572 1845 1741 1880 diliguntip-

957 1901 1028 1926 sum,
1043 1898 1069 1920 ct
1084 1901 1180 1921 omnes
1200 1898 1361 1929 peccatores
1378 1893 1528 1928 disperdat.

993 1939 1064 1967 Ibid.
1090 1940 1221 1968 Dominus
1245 1941 1292 1967 dat
1318 1941 1531 1975 sapientiam,et
1545 1939 1615 1967 viam
1632 1946 1740 1972 eorum,

956 1986 1002 2021 qui
1021 1990 1178 2014 reverentur
1193 1994 1267 2018 eum,
1283 1986 1427 2014 custodiet.

992 2031 1064 2058 Ibid.
1083 2040 1142 2059 νιιι.
1156 2032 1251 2059 Timor
1267 2032 1372 2060 Domini
1394 2033 1452 2059 odit
1480 2032 1622 2065 malitiam,
1635 2036 1662 2059 et
1675 2039 1742 2059 cou-

957 2077 1106 2108 tumeliam,
1118 2082 1145 2104 et
1158 2077 1324 2112 superbiam,
1334 2081 1365 2114 et
1381 2078 1440 2105 vias
1455 2078 1599 2105 malorum.

994 2122 1066 2150 Ibid.
1094 2131 1149 2150 xlv.
1175 2122 1269 2150 Timor
1288 2123 1395 2150 Domini
1411 2124 1473 2151 l‘ons
1486 2127 1529 2150 est
1541 2124 1615 2156 vitae,
1631 2127 1657 2151 et
1672 2131 1687 2150 a
1701 2123 1741 2150 la-

956 2176 1027 2203 queo
1044 2169 1138 2196 mortis
1153 2168 1292 2196 declinare
1312 2169 1388 2197 lacit.

992 2213 1065 2240 Ibid.
1086 2222 1131 2242 xv.
1155 2213 1248 2242 Timor
1274 2214 1381 2241 Domini
1406 2214 1538 2250 sapientia
1553 2218 1594 2242 est
1609 2219 1638 2241 et
1658 2213 1741 2242 disci-

958 2261 1041 2296 plina.

991 2307 1062 2334 Ibid.
1082 2315 1155 2334 xxtv.
1167 2307 1245 2334 Titne
1257 2306 1352 2340 Deum,
1366 2315 1382 2335 ο
1398 2308 1446 2341 liii.
1458 2312 1486 2335 et
1511 2315 1611 2342 regem,
1627 2314 1659 2335 ac
1675 2314 1743 2334 neu:

956 2354 990 2381 tri
1008 2354 1127 2388 ipsorum
1142 2353 1180 2382 sis
1193 2353 1363 2381 iuobediens.

993 2398 1106 2426 Omnem
1123 2399 1257 2427 sermonis
1273 2405 1407 2426 summam
1421 2398 1496 2426 audi.
1521 2397 1606 2425 Deum
1625 2399 1699 2431 time,
1713 2404 1741 2426 et

955 2449 1089 2480 praecepta
1119 2445 1205 2481 ipsius
1230 2445 1347 2472 custodi.
1375 2445 1463 2480 Ipsius
1482 2446 1556 2473 enim
1584 2449 1627 2472 est
1650 2445 1741 2472 omnis

921 2518 923 2521 ,
956 2493 1047 2518 homo.

993 2537 1111 2564 Malach.
1124 2545 1160 2564 IV.
1176 2537 1321 2564 Exorietur
1344 2537 1432 2570 vobis,
1447 2537 1494 2571 qui
1517 2536 1619 2564 timetis
1641 2543 1740 2564 nomen

956 2591 1057 2615 meum,
1072 2583 1117 2610 Sol
1132 2583 1253 2618 iustitiae,
1265 2586 1293 2610 et
1309 2583 1336 2610 in
1351 2583 1402 2611 alis
1414 2583 1500 2618 ipsius
1511 2584 1597 2611 salus.

991 2672 1072 2699 Mich.
1087 2671 1207 2699 Salvabit
1218 2672 1349 2699 Dominus
1363 2679 1410 2699 eos
1421 2672 1469 2706 qui
1481 2672 1577 2699 timent
1588 2679 1686 2700 nomen
1698 2672 1740 2706 ip-

955 2719 1024 2746 sius.

993 2765 1096 2792 Hebae.
1113 2772 1142 2792 ιι.
1159 2764 1291 2792 Dominus
1306 2764 1332 2791 in
1348 2764 1450 2799 templo
1474 2767 1570 2791 sancto
1586 2768 1648 2794 suo,
1662 2767 1740 2788 re").

955 2815 1046 2838 rcatur
1059 2818 1075 2837 a
1095 2810 1163 2837 facie
1174 2810 1234 2844 ejus
1247 2810 1337 2837 omnis
1354 2813 1436 2838 terra.

997 2856 1055 2885 tta.
1083 2863 1142 2884 Vlll.
1165 2855 1310 2884 Dominum
1338 2856 1427 2891 ipsum
1453 2853 1627 2884 sanctiﬁcata,
1642 2853 1669 2878 et
1681 2850 1740 2886 ipso

956 2903 1007 2930 erit
1024 2903 1105 2930 timor
1123 2907 1194 2930 tuus.
