1959 3130
125 195 178 227 7δ9

534 192 620 222 LOCl
639 189 862 222 COMMUNES.
882 189 1038 219 —-'PARS
1050 189 1073 218 Ι.
1085 188 1214 218 SERMO
1231 187 1279 218 Vl.

1691 188 1744 218 790
1761 207 1763 210 ι

167 252 258 284 Ἐλπίς
286 252 343 278 ἐστι
369 249 524 286 προπὰθειά
552 257 605 281 τις,
632 248 704 283 χαρὰ
729 247 782 282 πρὸ
805 246 906 282 χαρᾶς,

996 244 1127 271 Philonis.
1143 244 1210 278 Spes
1227 243 1324 278 praevia
1346 243 1468 278 quaedam
1494 244 1592 271 utentis
1613 247 1656 271 est
1676 243 1744 270 atre-

125 298 233 333 ἀγαοῶν
249 294 317 325 οὖσα
335 296 493 336 προσδοκία.

164 385 274 413 Ἐλπίδα
286 386 299 413 δ
321 385 388 417 Θεὸς
401 385 440 420 τῷ
463 385 537 419 γένει
552 385 606 413 τῶν
627 383 780 420 ἀνθρώπων
795 383 910 418 ἐγκατὲπ

127 441 248 468 σπειρεν,
264 432 308 458 ἴνα
330 431 436 467 ἔχοντες
453 431 579 466 συμφυὲς
606 430 794 466 παραμύθιον,
810 429 910 455 ἐπελα-

127 478 284 514 φρύνωνται
305 478 353 510 τὰς
368 478 446 510 ἀνίας
462 478 487 504 οι
507 478 544 514 μὴ
558 477 654 504 ἀνίατα
670 477 830 512 δράσαντες.

162 567 199 593 Τὸ
213 566 418 602 ἀπροσδόκητον
439 567 524 594 κακὸν
538 566 649 602 θορυϐεῖ
661 566 770 596 πάντως
786 565 908 593 ἐπελθόν·

127 613 157 639 ἰδ
171 612 199 639 δὲ
221 612 419 647 προσδοκηθὲν,
434 611 555 647 εὐτρεπῆ
573 611 643 646 πρὸς
656 611 706 645 τὴν
725 611 821 645 πεῖραν
833 610 911 646 εὑρδν

127 658 171 685 τδν
184 659 325 694 λογισμὸν,
340 659 507 694 κουφότερον
526 659 599 685 ποιεῖ
612 657 642 684 τὸ
656 657 754 684 δεινόν.

161 746 199 773 Τὸ
221 745 348 774 ἐλπισθὲν
374 746 477 780 ἀγαθὸν
501 745 542 777 είς
565 745 722 773 τούναντίον
750 744 910 780 περιπεσδν,

127 792 345 827 ἀπαραμύθητον
359 792 417 827 ἔχει
431 793 461 819 τὸ
476 791 572 824 πάθος.

164 883 301 910 Κινδΰνων
329 882 408 914 ἐλπὶς
423 882 487 909 ἄνευ
513 882 645 909 κινδύνων
658 883 749 917 τίθησι
770 883 815 908 τὸν
837 882 910 908 ἐλπί-

962 290 1026 327 ειίο,
1044 290 1170 324 gaudium
1193 295 1256 317 ante
1278 289 1417 325 gaudium,
1436 294 1465 317 ut
1482 297 1542 325 qua:
1558 291 1690 317 bonorum
1710 291 1746 317 sit

961 336 1140 370 exspectatio.

997 382 1078 416 Spem
1098 382 1170 409 Deus
1188 382 1307 409 humano
1327 382 1425 409 iusevit
1447 381 1551 417 generi.
1568 386 1597 409 ut
1617 381 1746 416 congeni-

963 432 1019 455 tum
1040 428 1090 454 sibi
1115 427 1242 455 solatium
1261 428 1390 455 [tabentes
1413 427 1554 454 doloribus
1577 427 1744 459 levarentur,

963 472 1000 499 illi
1015 472 1142 499 nimirum
1159 472 1205 507 qui
1221 472 1293 499 nulla
1307 471 1467 499 incurabilia
1481 471 1664 507 patravissent
1680 471 1746 498 laci-

963 525 1043 545 nora.

1000 563 1069 591 Nili.
1084 564 1184 591 Malum
1201 565 1370 600 insperatum
1387 565 1501 592 omnino
1523 565 1664 600 perturbat
1683 573 1745 593 cuiu

963 609 1085 643 ingruit:
1109 609 1181 644 quod
1207 617 1270 637 vero
1284 611 1503 645 exspectabatur,
1528 613 1706 647 compositam
1721 620 1748 642 ct

947 660 1141 689 ~pr:rparatam
1158 656 1190 682 ad
1206 657 1356 690 periculum
1371 663 1489 686 mentem
1505 659 1656 694 inveniens,
1671 661 1746 689 cala-

963 701 1084 727 mitatem
1103 702 1229 728 leniorem
1249 702 1346 730 reddit.

1001 746 1102 774 Bonum
1130 753 1268 782 speratum
1284 750 1305 776 si
1322 757 1401 777 secus
1417 755 1443 777 et
1466 751 1491 777 in
1521 753 1686 780 contrarium
1701 762 1745 780 ca-

963 794 1029 821 dens
1045 802 1093 821 nos
1110 794 1194 827 fallat.
1211 795 1336 824 allectum
1350 797 1393 824 vix
1407 798 1462 825 ullo
1481 799 1659 834 mitigandum
1674 801 1745 828 sola—

965 840 1002 866 tio
1019 840 1116 874 gignit.

999 885 1099 913 Dionis.
1129 886 1312 915 Pcriculorum
1339 897 1400 924 spes
1421 895 1506 917 tu'um
1525 899 1539 918 a
1568 893 1694 927 periculis
1715 900 1746 921 ia

126 930 218 961 ζοντα,
234 929 273 963 τῷ
290 928 511 964 προησφαλίσθαι
528 929 582 955 τῶν
596 928 735 964 δυσχερῶν
747 929 781 964 τῇ
798 929 909 963 δοκήσει

982 936 1116 965 parantem
1131 933 1221 966 cllicit,
1236 941 1268 960 eo
1286 935 1356 968 quod
1380 931 1489 971 propter
1505 938 1637 966 malorum
1652 947 1747 974 exspe-

125 977 161 1003 τὰ
174 976 335 1010 πράγματα.

162 1023 231 1048 Οὔτε
247 1022 315 1056 γυνὴ
332 1022 414 1057 χωρὶς
426 1022 543 1055 ὰνδρδςί
552 1021 612 1048 οὔτε
627 1021 704 1053 ἐλπὶς
717 1024 802 1057 χωρὶς
815 1022 909 1054 πόνου,

126 1069 208 1103 γεννᾷ
224 1076 250 1095 τι
263 1069 409 1103 χρήσιμον.

162 1115 202 1140 Τὰ
217 1114 270 1148 γὰρ
291 1115 365 1149 ήδέα,
383 1114 434 1142 κᾶν
450 1115 534 1150 μήπω
557 1115 642 1150 παρῇ,
677 1115 772 1151 τέρπει
796 1115 855 1146 ταῖς
867 1114 911 1140 ἐλ-

126 1164 213 1189 πίσιν.

431 1220 539 1246 ΛΟΓΟΣ
556 1218 602 1253 (4".

127 1279 195 1314 Περὶ
206 1280 266 1307 τῶν
273 1280 458 1307 πετοιθότων
469 1278 518 1314 ἐπὶ
531 1278 651 1314 πλούτῳ
672 1277 720 1314 καὶ
731 1278 910 1312 ἀνθρώποις,

162 1312 210 1342 kal
236 1315 278 1349 μὴ
302 1316 346 1348 εις
360 1315 433 1341 Θεὸν
455 1313 512 1347 τὴν
524 1312 636 1340 ἐλπίδα
656 1313 705 1340 καί
727 1314 912 1348 πεποίθησιν

164 1350 306 1384 ἐχόντων.

163 1395 246 1422 Εἶπεν
271 1395 396 1426 Ἀνανίας
420 1396 434 1421 ὁ
451 1394 595 1430 προφήτης
615 1394 684 1429 πρὸς
706 1395 774 1421 Ἀσὰ
799 1395 910 1428 βασιλέα

134 1442 237 1469 Ἰούδα·
259 1442 305 1469 'Ev
319 1441 356 1475 τῷ
372 1440 532 1468 πεποιθέναι
549 1449 579 1467 σε
603 1441 649 1467 ἐπὶ
665 1441 776 1476 βασιλέα
799 1441 909 1477 Συρίας,

126 1488 175 1514 καὶ
189 1488 227 1522 μὴ
242 1487 403 1514 πεποιθέναι
421 1495 449 1513 σε
463 1487 510 1512 ὲπὶ
527 1486 629 1521 Κύριον
644 1486 689 1513 τὸν
705 1486 771 1513 Θεόν
790 1495 848 1520 σου,
865 1487 911 1514 διὰ

125 1534 205 1561 τοῦτο
220 1533 309 1569 ἐσώθη
337 1534 354 1568 ἡ
376 1533 490 1567 δύναμις
506 1533 556 1568 τῆς
577 1533 677 1568 Συρίας
693 1534 725 1560 ἐκ
748 1534 796 1570 τῆς
819 1534 911 1569 χειρός

127 1588 188 1606 σου.

963 979 1108 1005 elationem
1129 987 1174 1007 res
1192 987 1257 1007 suas
1274 983 1486 1014 pravmuniverit.

998 1023 1128 1052 Socratis.
1147 1026 1202 1052 Nec
1224 1027 1321 1054 mulier
1344 1028 1447 1063 absque
1461 1030 1529 1064 viro,
1544 1039 1594 1060 nec
1604 1039 1666 1067 spes
1681 1035 1745 1063 abs~

962 1077 1014 1105 que
1043 1070 1136 1097 labore
1149 1071 1297 1105 quidquam
1318 1073 1387 1106 parit
1403 1074 1478 1100 utile.

998 1115 1134 1150 Leucippi.
1155 1116 1219 1150 Quae
1231 1118 1303 1144 enim
1318 1119 1437 1153 jucunda
1450 1126 1523 1153 sunt.
1550 1122 1612 1151 licet
1627 1125 1744 1153 nondum

962 1161 1052 1188 adsint
1068 1162 1224 1196 praesentia,
1240 1170 1287 1197 spe
1304 1167 1394 1191 tamen
1409 1164 1555 1193 delectant.

1174 1219 1289 1247 SERMO
1305 1220 1335 1248 v1
1352 1220 1400 1258 [αΙ.
1421 1222 1551 1260 CLXVI].

996 1275 1035 1303 De
1052 1277 1085 1303 iis
1102 1276 1146 1310 qui
1158 1277 1258 1313 diuitiis
1272 1282 1296 1304 et
1311 1277 1456 1306 [luminibus
1471 1279 1569 1313 ﬁdunt,
1584 1289 1629 1307 nec
1651 1282 1677 1308 in
1695 1282 1746 1310 Deo

1061 1319 1130 1345 spem
1145 1318 1170 1338 el
1180 1312 1306 1345 ﬁduciam
1320 1321 1422 1341 euntem
1438 1312 1516 1342 sitam
1532 1316 1639 1343 Ita/ient.

998 1389 1029 1417 11
1041 1390 1133 1419 Paral.
1147 1400 1200 1419 xvx.
1215 1393 1246 1419 Et
1261 1394 1329 1421 dixit
1341 1394 1461 1424 Anauias
1476 1397 1606 1431 propheta
1619 1397 1652 1425 ad
1666 1399 1745 1426 Asan:

962 1443 1051 1471 regem
1063 1436 1131 1464 Juda
1145 1447 1152 1465 :
1164 1438 1297 1471 Quoniam
1313 1441 1434 1468 conﬁsus
1444 1450 1473 1469 es
1486 1447 1513 1470 tu
1530 1442 1556 1469 in
1572 1451 1632 1477 rege
1649 1444 1746 1478 Syriae.

962 1487 990 1509 et
1015 1490 1068 1510 non
1098 1484 1220 1512 conﬁsus
1235 1492 1264 1512 es
1285 1486 1399 1513 Domino
1422 1486 1476 1514 Deo
1501 1493 1556 1519 tuo,
1571 1493 1682 1524 propter
1696 1491 1746 1517 hoc

962 1529 1081 1556 salvatus
1098 1534 1140 1557 est
1155 1531 1293 1559 exercitus
1308 1533 1393 1568 Syria:
1409 1533 1440 1561 de
1453 1541 1536 1562 manu
1549 1540 1606 1562 tua.

161 1625 296 1661 Αίσχύνην
311 1625 476 1661 ὀφλήσυυσιν
501 1626 525 1652 oi
543 1626 588 1652 ἐπὶ
606 1625 699 1652 πόλεσι
718 1625 765 1652 καὶ
786 1625 910 1661 χρήμασι

997 1618 1060 1646 Job.
1077 1620 1253 1655 Ignominiam
1270 1622 1320 1650 sibi
1344 1624 1515 1657 eontrabent,
1531 1626 1577 1660 qui
1599 1625 1626 1653 in
1652 1626 1747 1654 civita-

126 1680 160 1698 πε
165 1672 298 1703 ποιθότες.

163 1717 195 1743 Οἱ
215 1717 375 1749 πεποιθότες
390 1717 436 1744 ἐπὶ
452 1718 485 1753 τῇ
502 1717 614 1751 δυνάμει
629 1716 730 1749 αὐτῶν,
748 1716 796 1743 καὶ
812 1717 858 1743 ἐπὶ
872 1716 910 1751 τῷ

126 1762 225 1796 πλήθει
240 1762 287 1788 τοῦ
299 1762 414 1789 πλούτου
428 1762 517 1788 αὐτῶν
533 1760 719 1796 καυχώμενοι.

164 1808 295 1843 Ὄψονται
315 1808 413 1834 δίκαιοι
430 1809 478 1835 καὶ
503 1807 713 1843 φοϐηθήσονται,
731 1808 776 1834 καὶ
800 1807 844 1833 ἐπ’
864 1807 912 1834 αὗ‹

126 1854 172 1880 τὴν
186 1854 356 1888 γελάσονται,
369 1854 416 1880 καὶ
429 1854 537 1889 ἐροῦσιν
547 1861 555 1869 ·
578 1854 642 1880 Ἰδοὺ
655 1853 807 1888 ἄνθρωπος,
823 1853 850 1884 ὃς
862 1854 911 1879 οὐχ

128 1899 204 1925 ἔθετο
219 1899 265 1926 τὸν
290 1899 356 1926 Θεὸν
382 1899 479 1934 βοηθὸν
497 1899 590 1930 αὐτοῦ,
606 1899 664 1925 ἀλλ’
687 1898 839 1932 ὲπήλπισεν
864 1899 911 1924 ἐπὶ

127 1945 165 1977 τῷ
182 1944 278 1979 πλήθει
291 1945 337 1971 τοῦ
354 1944 469 1972 πλούτου
485 1945 579 1976 αὑτοῦ,
597 1946 644 1970 καὶ
661 1945 852 1979 ἐνεδυναμώθη
865 1945 910 1971 ἐπὶ

127 1991 161 2024 τῇ
176 1990 336 2024 ματαιότητι
353 1990 447 2018 αὑτοῦ.

165 2035 209 2070 Μὴ
228 2034 374 2061 πεποίθατε
386 2035 428 2061 ἐπ’
440 2035 584 2070 ἄρχοντας,
597 2035 643 2062 ἐπὶ
658 2035 731 2067 υἱοὺς
746 2035 909 2070 ἀνθρώπων,

128 2079 168 2114 οἷς
182 2082 231 2108 οὐκ
247 2082 306 2109 ἐστι
323 2083 456 2118 σωτηρία.

169 2129 199 2155 ’0
218 2129 355 2160 πεποιθὼς
370 2129 416 2156 ἐπὶ
428 2125 548 2165 πλούτῳ,
563 2129 640 2161 οὗτος
654 2131 786 2157 πεσεῖται.

164 2215 247 2245 Ἐἶπεν
277 2217 418 2252 Ἐφραῖμβ
449 2199 639 2252 Πεπλούτηκα,
667 2214 746 2253 εὗρον
770 2218 911 2252 ἀναψυχὴν

963 1665 1036 1692 tibus
1053 1666 1191 1693 contiduut
1203 1672 1231 1694 et
1245 1667 1358 1696 divitiis.

998 1710 1071 1737 Psal.
1089 1719 1183 1741 sum.
1200 1713 1249 1746 Qui
1267 1714 1407 1741 conﬁdunt
1422 1715 1449 1742 in
1474 1715 1573 1744 virtute
1593 1724 1652 1749 sua,
1670 1721 1696 1744 et
1720 1718 1746 1744 in

962 1756 1136 1783 multitudine
1150 1757 1303 1785 divitiarum
1316 1767 1427 1786 suarum
1441 1761 1603 1795 gloriantur.
1705 1760 1719 1773 κ

996 1801 1072 1828 Ρεαι.
1099 1810 1136 1829 LI.
1161 1801 1297 1830 Videbunt
1311 1804 1378 1838 justi
1401 1811 1427 1833 et
1450 1806 1597 1840 timebunt,
1612 1813 1639 1834 et
1663 1815 1746 1843 super

961 1854 1022 1873 cum
1038 1847 1176 1881 ridebunt,
1191 1855 1217 1876 et
1237 1849 1345 1878 dicent:
1362 1850 1430 1878 Ecce
1454 1851 1547 1884 homo,
1565 1853 1611 1887 qui
1627 1861 1680 1880 non
1696 1861 1744 1889 po-

961 1894 1016 1921 suit
1038 1894 1120 1922 Deum
1138 1896 1289 1931 adjutorem
1307 1904 1398 1930 suum,
1411 1897 1458 1925 sed
1477 1899 1597 1933 speravit
1611 1900 1638 1926 in
1654 1899 1748 1928 multi-

963 1941 1054 1967 tudine
1070 1941 1227 1969 divitiarum
1251 1950 1362 1971 suarum
1378 1948 1405 1971 et
1421 1944 1589 1972 confortatus
1604 1951 1645 1973 est
1661 1945 1687 1973 in
1702 1953 1748 1975 va-

963 1986 1047 2014 nitate
1061 1994 1124 2014 sua.

999 2032 1064 2060 Paul
1089 2040 1168 2060 (ιι-ιν.
1191 2033 1279 2061 Nolite
1302 2034 1441 2063 conﬁdere
1465 2035 1493 2063 in
1519 2036 1700 2073 principibus,
1719 2037 1747 2065 in

962 2079 1024 2106 ﬁliis
1045 2079 1199 2112 hominum,
1213 2081 1312 2115 quibus
1329 2089 1382 2108 non
1399 2086 1440 2109 est
1454 2082 1538 2110 salus.

998 2125 1123 2152 Proverb.
1139 2134 1176 2152 xi.
1192 2127 1245 2159 Qui
1262 2126 1373 2154 conlidit
1384 2128 1412 2154 in
1427 2127 1529 2155 divitiis
1543 2129 1611 2162 suis,
1625 2129 1669 2158 hic
1686 2138 1748 2158 cor—

962 2177 1035 2200 τυει.

998 2219 1072 2246 Osew
1086 2227 1132 2248 xu.
1146 2219 1214 2246 Dixit
1231 2219 1358 2254 Ephraim
1372 2229 1379 2246 :
1395 2220 1473 2248 Dives
1483 2221 1595 2249 allectus
1621 2229 1694 2255 sum,
1706 2222 1747 2250 in-

126 2264 367 2300 ὲμαυτῷ..[1άντες
391 2265 415 2291 οι
446 2264 521 2291 πόνοι
542 2263 626 2290 αὑτοῦ
649 2263 697 2298 οὐχ
717 2264 911 2299 εὑρεθήσονται

982 2266 1024 2293 eui
1044 2266 1165 2301 requiem
1188 2266 1265 2293 mibi.
1288 2265 1389 2294 Omnes
1405 2267 1511 2294 labores
1525 2267 1584 2302 ejus
1601 2276 1654 2294 non
1672 2267 1748 2296 inve.

127 2318 212 2344 αυτῳ.

169 2354 425 2391 Ἑξωλοθρεύθησαν
451 2355 550 2388 πάντες
575 2356 600 2382 οι
630 2355 834 2391 ἐπερειδόμενοι
863 2357 912 2391 ἀρ-

125 2403 224 2437 γυρίῳ.

170 2449 344 2484 Ἐξεδίκησας
366 2449 435 2484 μετὰ
451 2449 592 2484 δυνάμεώς
623 2459 669 2476 σου
695 2451 758 2482 τοὺς
773 2452 911 2487 ἀρχηγοὺς

125 2497 181 2523 τῶν
204 2497 385 2532 ἁμαρτωλῶν,
398 2498 461 2527 τοὺς
478 2497 645 2528 πεποιθότας
660 2498 706 2524 ἐπὶ
722 2499 755 2533 τῇ
780 2499 911 2534 αὐθαδείᾳ

82 2530 89 2575 ξ
126 2543 229 2570 αὐτῶν.

161 2589 230 2616 Οὐαὶ
245 2590 258 2615 ὁ
272 2589 358 2623 λέγων
375 2590 403 2615 ὲν
423 2589 455 2624 τῇ
471 2587 570 2624 καρδίᾳ
585 2589 667 2615 αὑτοῦ
682 2597 688 2604 ·
706 2588 754 2621 Τις
777 2598 810 2624 με
826 2591 911 2617 κατά-

126 2635 167 2668 ξει
184 2635 231 2660 ἐπὶ
242 2635 290 2670 τὴν
303 2638 372 2670 γῆν;

162 2681 272 2707 Ματαὶα
284 2681 300 2716 ἡ
317 2682 393 2716 ἰσχὺς
407 2681 486 2716 ἡμῶν
500 2680 627 2716 ἐγενήθη.
640 2682 688 2707 καὶ
702 2681 754 2708 οὐκ
769 2681 910 2709 ἐϐούλεσθε

125 2727 247 2760 ἀκούειν,
265 2727 322 2753 ἀλλ’
341 2727 437 2753 εἴπατε
449 2734 455 2740 ·
479 2726 536 2762 Ἐφ’
554 2727 645 2754 ἵππων
661 2727 826 2762 φευξόμεθα.

172 2820 234 2845 Ἐπὶ
250 2819 303 2845 τίνι
324 2819 468 2851 πέποιθας,
484 2818 524 2845 ὅτι
544 2818 667 2850 ἀπειθεῖς
684 2827 728 2852 μοι
743 2827 750 2851 ;
771 2820 837 2846 Ἰδοὺ
865 2829 912 2846 πε-

128 2866 230 2896 ποιθὼς
247 2862 271 2891 εἷ
293 2866 338 2890 ἐπὶ
353 2865 403 2899 τὴν
426 2864 523 2899 ῥάϐδον
550 2865 600 2900 τὴν
628 2865 782 2900 καὶ-αμίνην
806 2865 853 2901 τὴν
870 2875 912 2893 τε-

131 2912 286 2947 θλααμένην
300 2911 414 2948 ταύτην,

965 2313 1075 2339 nieutur
1087 2311 1122 2339 ei.

1001 2357 1119 2390 Sep/mn.
1147 2366 1166 2386 ι.
1193 2358 1381 2393 Disperieruut
1404 2365 1511 2391 omnes,
1526 2358 1570 2392 qui
1588 2357 1683 2386 conﬁsi
1702 2365 1749 2385 aut

965 2404 1068 2432 sullulti
1085 2409 1149 2432 sunt
1163 2411 1286 2441 argento.

1000 2450 1103 2477 Habac.
1119 2451 1250 2479 l‘univisti
1271 2459 1331 2479 cum
1347 2451 1467 2486 potentia
1483 2455 1527 2478 tua
1543 2451 1677 2486 principes
1690 2459 1750 2486 pec—

965 2500 1101 2530 catorum,
1116 2504 1176 2529 eos,
1190 2497 1313 2532 inquam,
1327 2497 1374 2531 qui
1391 2496 1443 2533 14
1453 2497 1592 2524 conﬁdunt
1614 2497 1640 2523 in
1651 2502 1748 2524 contu.

967 2542 1052 2568 macia
1066 2549 1126 2569 sua.

1001 2588 1071 2616 Ibid.
1091 2587 1135 2616 Va:
1150 2589 1249 2616 dicenti
1264 2589 1291 2616 in
1306 2587 1386 2616 corde
1396 2597 1447 2617 suo
1460 2598 1466 2616 :
1479 2588 1544 2622 Quis
1562 2596 1605 2616 me
1620 2589 1749 2617 vlt-trahet

967 2636 993 2661 iu
1014 2635 1136 2661 terram?

1002 2681 1059 2708 1.3a.
1087 2688 1149 2708 xxx.
1181 2680 1321 2708 Fortitudo
1351 2685 1438 2707 vestra
1467 2687 1534 2707 vana
1552 2680 1622 2708 iacta
1642 2685 1694 2712 est,
1723 2685 1747 2706 et

967 2735 1019 2754 non
1035 2728 1161 2755 voluistis
1174 2728 1278 2758 audire,
1294 2727 1340 2754 sed
1355 2727 1461 2754 dixistis
1478 2736 1484 2752 :
1503 2727 1590 2761 Super
1605 2734 1689 2761 equos
1705 2726 1749 2753 lu-

966 2775 1080 2808 giemus.

1002 2819 1074 2848 Ibid.
1091 2828 1182 2847 xxxvi.
1197 2820 1246 2847 Cui
1262 2821 1391 2854 conﬁsus,
1410 2829 1440 2848 es
1455 2821 1518 2854 quia
1536 2818 1599 2844 mihi
1611 2825 1640 2844 es
1657 2817 1749 2843 inube-

966 2867 1062 2894 diens?
1091 2866 1159 2895 Ecce
1175 2867 1289 2895 conﬁdis
1316 2867 1398 2902 virgae
1415 2865 1581 2896 arundinem,
1604 2864 1749 2891 confracta:

968 2914 1041 2940 huic.
