1959 3130
220 133 271 166 791

255 191 311 218 Iul.
331 198 405 217 xui.
422 189 465 216 Vae
488 187 718 216 descemlentihus
745 186 772 213 in
787 185 945 221 Egyptum,
961 185 1007 218 qui
1023 188 1045 215 Α

219 237 298 271 equis
321 235 462 263 conﬁdunt
484 239 510 261 et
533 233 667 261 curribus.
681 231 750 265 Quia
773 231 903 258 Dominus
926 231 1006 258 indu-

220 287 265 310 cet
290 289 399 308 manum
418 288 494 307 suam
523 286 607 312 super
621 286 678 308 eos.
694 282 720 305 et
743 278 902 305 laborabunt
927 277 1007 304 auti-

221 329 335 360 liantes,
362 332 389 355 et
417 327 461 360 qni
493 325 596 352 auxilio
616 324 699 360 udjuti
726 330 801 357 sunt,
813 324 968 355 concident,
981 329 1007 351 et

221 373 300 401 simul
312 379 406 400 omnes
423 371 562 405 peribunt.

255 418 354 445 Jerem.
373 425 439 444 xvtt.
457 416 616 443 Malediclus
633 416 725 445 homo.
738 416 782 450 qui
803 423 877 448 spem
890 416 1007 443 ltabetin

221 465 330 492 homine
355 468 382 490 et
401 463 575 490 conﬁrmabit
594 470 704 489 carnem
729 462 832 489 brachii
862 462 904 489 sui
923 469 1007 497 super

221 510 320 543 ipsum,
335 513 361 535 et
376 516 390 534 α
409 507 522 534 Domino
537 506 680 535 recesserit
695 514 742 533 cor
757 507 828 541 ejus.

272 553 355 581 Eccli.
377 562 402 580 ν.
421 553 460 580 Ne
476 553 601 588 sequaris
621 552 738 579 animant
760 556 833 579 luant
858 556 883 578 ct
902 551 1009 578 iorlilu-

221 600 309 627 dinem
327 605 412 632 luant,
430 607 478 626 nec
493 599 595 626 dixeris
607 608 614 626 :
626 598 692 632 Quis
706 606 749 625 me
763 605 812 625 suo
820 598 945 632 subjiciet
959 598 1009 624 im-

221 647 316 682 perio?
332 646 397 673 Nam
419 645 550 672 Dominus
571 645 712 671 vindicans
730 644 887 671 vindicabit.

259 693 328 720 Ibid.
355 691 394 718 Ne
420 690 518 719 lteteris
544 691 569 717 in
596 690 694 726 opibus
711 691 776 722 tuis,
792 694 818 717 et
834 697 867 717 nc
879 688 1005 716 dixeris:

223 740 327 767 Snilicit
340 738 417 767 mihi.
430 742 483 765 etc.

257 786 363 812 Basilii.
381 784 431 817 Qui
457 784 482 810 in
500 783 619 817 seipsum
650 786 752 816 sperat,
768 787 794 809 et
820 782 946 816 periculis
962 782 1010 808 ob-

225 832 322 859 noxius
337 835 376 858 est
393 835 419 857 et
438 828 631 859 exsecratioui.
662 836 722 862 qua:
749 827 814 855 dicit
829 836 834 854 :
850 827 1009 855 Maledictus

227 880 309 905 homo
326 878 372 912 qui
389 884 463 910 spent
480 875 587 910 reponit
605 875 631 902 in
649 875 768 907 homine,
782 880 809 901 et
828 882 936 902 carnem
949 875 1012 901 ιπε-
1030 865 1050 892 Β

225 924 279 950 chii
293 923 336 950 sui
351 922 453 954 fulciet,
468 927 495 948 et
510 930 524 947 ο
542 921 656 948 Domino
679 928 727 947 cor
753 928 832 948 suttm
863 921 1010 948 amovebit.

228 969 278 1003 Qui
296 977 386 996 sermo
403 969 445 996 his
462 968 552 995 verbis
564 975 571 994 :
583 967 635 1000 Qui
652 975 727 1002 spem
746 967 887 1001 reponitin
902 967 1012 994 homine

226 1020 253 1042 et
268 1022 377 1042 carnem
394 1014 496 1041 brachii
511 1013 552 1041 sui
568 1013 670 1046 fulciet,
687 1013 813 1040 fiduciam
834 1013 859 1040 in
877 1021 936 1040 sese
953 1013 1009 1040 col-

228 1061 317 1086 locare
337 1059 462 1094 prohibet
478 1068 484 1085 :
500 1063 646 1093 utrumque
663 1063 754 1085 autem
769 1066 864 1085 eorum
881 1057 1012 1085 defectio-

228 1113 287 1132 nem
304 1112 318 1131 a
336 1105 448 1131 Domino
461 1104 592 1131 nominat.
610 1103 677 1131 Nam
691 1105 743 1131 erit
762 1108 890 1138 tanquam
902 1109 1007 1140 myrtus

227 1149 359 1176 silvestris
376 1150 402 1176 in
418 1149 539 1180 deserto.
553 1154 579 1176 et
594 1156 647 1176 non
664 1149 764 1176 videbit
782 1149 862 1175 bona.

264 1239 331 1266 Nili.
349 1238 492 1273 Quisuper
505 1244 624 1270 quatuor
641 1238 803 1273 ingreditur,
823 1239 947 1272 impurus
960 1242 1015 1266 est.

228 1284 380 1319 Ingreditur
395 1289 485 1312 autem
503 1292 585 1319 super
600 1291 724 1318 quatuor,
736 1284 783 1319 qui
801 1285 924 1313 manibus
942 1284 1018 1312 inni-

229 1331 303 1364 titur,
319 1334 347 1358 et
365 1337 476 1358 omnem
500 1331 527 1358 in
546 1331 579 1358 iis
595 1330 676 1358 habet
697 1330 837 1358 ﬁduciam.

476 1399 592 1427 SEBMO
611 1399 655 1426 VII
675 1399 724 1435 [αί.
738 1399 769 1434 Ι].

542 1456 578 1482 De
595 1457 702 1483 uirtute.

265 1515 359 1542 Manli.
376 1522 423 1541 vn.
442 1515 521 1540 Arcla
537 1519 578 1540 est
596 1514 648 1544 via,
666 1520 726 1547 quae
749 1513 857 1540 deducit
873 1514 905 1541 ad
922 1514 1016 1541 vitam.

263 1560 341 1587 Rom.
372 1566 420 1586 xu.
444 1558 481 1585 Ne
495 1558 612 1586 viucaris
635 1566 650 1586 a
679 1559 771 1590 malo,
792 1558 839 1586 sed
855 1559 930 1586 vince
945 1559 1016 1586 bono

231 1606 344 1634 malum.

265 1652 400 1679 Solomon.
414 1651 452 1678 Ne
469 1655 495 1678 te
512 1651 641 1678 seducaut
657 1649 745 1686 impii,
759 1658 810 1678 nec
821 1650 847 1678 in
860 1651 930 1679 viam
945 1651 1015 1686 ipso-

230 1705 290 1725 rum
308 1699 398 1725 abeas.

265 1742 371 1770 Siraclt.
401 1741 438 1769 Nc
469 1742 567 1770 feceris
585 1750 645 1777 quae
665 1742 734 1770 mala
751 1747 816 1770 sunt
828 1762 836 1776 ,
851 1747 878 1770 et
895 1743 966 1770 mala
990 1747 1016 1770 te

231 1797 284 1817 non
303 1789 518 1824 apprehendent.

269 1835 375 1863 Basilii.
389 1835 493 1863 Divitiis
507 1835 624 1863 nobilior
635 1836 733 1863 virtus.

265 1882 329 1909 Sola
347 1882 552 1917 possessionum
569 1882 653 1910 virtus
668 1881 769 1909 auferri
785 1882 892 1917 nequit.

265 1928 381 1956 Virtutis
410 1928 568 1955 exercitium
603 1932 659 1955 tum
690 1928 837 1963 possidenti
869 1928 1016 1964 pretiosum

231 1980 273 2002 est
289 1975 436 2010 peculium,
447 1979 502 2002 tum
517 1974 701 2003 incidentibus
716 1975 1016 2011 aliisjucundissimutn

232 2022 428 2055 spectaculum.

267 2065 302 2094 Ut
330 2067 418 2101 ignem
439 2066 511 2094 ultro
538 2066 609 2095 lucis
636 2066 776 2102 splendor,
803 2071 829 2095 et
846 2073 1015 2103 unguentum

232 2113 322 2140 suavis
341 2111 408 2138 odor
432 2112 554 2146 sequitur
569 2121 576 2139 :
594 2111 631 2139 ita
652 2112 723 2140 bona
741 2119 823 2148 opera
846 2113 949 2141 utilitas
964 2121 1014 2141 ne-

230 2157 351 2185 cessario
367 2156 493 2184 comitari
509 2158 661 2186 consuevit.

856 128 1015 159 ANTONI!
1041 127 1094 158 ME
1101 128 1215 159 LISSrE

1797 125 1854 159 79'!

1095 186 1164 212 Οὐαὶ
1179 186 1202 211 οι
1226 184 1436 215 κατασιίνοντες
1460 185 1500 215 εἰς
1523 184 1673 218 Αἴγυπτον,
1696 184 1736 218 ἐφ’
1756 183 1854 215 lnam;

1063 232 1225 264 πεποιθότες
1243 232 1290 258 καὶ
1306 232 1437 267 ἀρμασιν.
1458 231 1487 258 '0
1503 231 1557 266 γὰρ
1572 230 1673 266 Κύριος
1691 230 1786 263 ἑπάξει
1802 230 1854 266 τὴν

1061 279 1140 314 χεῖρα
1152 277 1235 304 αὑτοῦ
1250 278 1294 305 ἐπ’
1305 278 1415 309 αὐτοὺς,
1428 278 1476 304 καὶ.
1491 277 1669 304 κοπιάσουσιν
1681 278 1706 303 οἰ
1721 275 1853 310 Boi-100?»;-

1060 333 1118 357 τες,
1133 325 1182 351 καὶ
1198 324 1346 351 πεσοῦνται
1360 325 1386 350 οἱ
1407 323 1598 359 βοηθούμενοι,
1615 323 1662 350 καὶ
1678 324 1734 349 iu:
1749 323 1852 354 πάντες

1061 369 1235 397 ἀπολοῦνται.

1104 416 1324 452 Ἐπικατάρατος
1339 417 1495 452 ἄνθρωπος.
1516 416 1546 448 ὃς
1560 416 1609 452 τὴν
1625 417 1720 443 ἐλπίδα
1734 415 1791 451 ἔχει
1807 416 1854 443 ἐπ’

1061 462 1218 497 ἄνθρωπον,
1236 463 1283 489 καὶ
1303 463 1425 498 στηρίξει
1441 463 1530 498 σάρκα
1545 462 1687 498 βραχίονος
1710 462 1793 489 αὑτοῦ
1807 462 1852 488 ἐπ’

1063 509 1155 541 αὑτὸν,
1173 509 1219 535 καὶ
1233 509 1288 535 ἀπὸ
1305 509 1408 544 Κυρίου
1427 508 1573 535 ἀποστελεῖ
1589 508 1703 543 καρδίαν
1719 508 1814 535 αὑτοῦ.

1098 556 1145 590 Μὴ
1169 555 1342 588 ὲξακολούθει
1359 557 1392 591 τῇ
1413 555 1486 590 ψυχῇ
1503 563 1551 581 σου
1582 553 1630 580 καὶ
1646 555 1678 588 τῇ
1703 554 1774 588 ἰσχύϊ
1793 561 1853 585 σου,

1063 603 1109 629 καὶ
1127 602 1163 637 μὴ
1190 602 1271 638 εἴπῃς
1284 609 1290 616 ·
1310 602 1357 634 Τίς
1374 610 1407 637 με
1431 600 1624 633 δυναστεύσει;
1642 601 1656 626 ό
1671 600 1724 634 γὰρ
1749 599 1854 634 Κύριος

1063 647 1177 674 ἐκδικῶν
1196 648 1347 684 ἑκδικήσει.

1100 693 1145 727 Μὴ
1159 693 1286 728 ὲπὶχαιρι
1300 694 1346 720 ἐπὶ
1357 694 1412 725 τοῖς
1427 692 1551 729 χρήμασί
1567 700 1625 726 σου,
1640 692 1687 719 καὶ
1705 692 1742 727 μὴ
1757 691 1852 726 εἴπῃς,

1063 740 1193 774 Δὺτὰρκη
1210 739 1256 773 μοί
1278 741 1364 767 ἔστιν.

1104 786 1133 812 'U
1149 785 1268 817 ἐλπίζων
1290 786 1329 817 εἰς
1349 786 1444 812 ἑαυτὸν
1459 785 1592 817 κινδύνοις
1613 785 1670 820 ἔχει
1705 783 1855 811 ὑποπεσεῖν

1064 833 1112 858 καὶ
1124 833 1156 867 τῇ
1173 833 1279 867 κατάρᾳ
1295 833 1327 867 τῇ
1343 832 1478 868 λεγούσῃ·
1501 831 1720 866 Ἐπικατάρατος
1745 830 1855 864 ἀνθρω-

1065 887 1126 912 πος,
1142 879 1171 910 ὃς
1187 879 1235 913 τὴν
1251 879 1346 905 ἐλπίδα
1363 878 1419 912 ἔχει
1431 877 1475 904 ἐπ’
1489 877 1644 912 ἄνθρωπον,
1664 877 1712 903 καὶ
1728 876 1854 910 στηρίξει

1066 925 1155 960 σάρκα
1181 924 1323 959 βραχίονος
1345 923 1427 951 αὐτοῦ
1449 924 1492 950 ἐπ’
1507 924 1599 956 αὐτὸν,
1621 924 1667 950 καὶ
1681 923 1735 950 ἀπὸ
1749 923 1855 957 Κυρίου

1065 971 1211 997 ἀποστελεῖ
1222 969 1346 1005 καρδίαν.
1361 969 1443 996 αὐτοῦ
1451 969 1498 996 τοῦ
1511 969 1601 1003 λόγου,
1613 969 1656 996 διὰ
1669 969 1719 1003 μὲν
1731 968 1789 1000 τοῦ,
1806 969 1856 996 ‘0:

1065 1015 1114 1049 τὴν
1137 1015 1232 1042 ἐλπίδα
1246 1015 1304 1050 ἔχει
1321 1015 1365 1041 ἐπ’
1380 1015 1534 1049 ἄνθρωπον,
1560 1015 1607 1042 καὶ
1624 1014 1746 1049 στηρίξει
1763 1015 1856 1049 σάρκα

1067 1060 1209 1096 βραχίονος
1223 1060 1316 1092 αὑτοῦ,
1331 1060 1362 1087 τὸ
1384 1061 1425 1094 ἐφ’
1442 1060 1540 1087 ἑαυτοῦ
1566 1059 1725 1087 πεποιθέναι
1749 1061 1857 1093 ἀπαγο-

1069 1106 1228 1141 ρεύσαντος,
1246 1106 1378 1141 ἑκάτερον
1391 1105 1420 1131 δὲ
1435 1105 1527 1131 αὐτῶν
1545 1105 1714 1132 ἀποστασίαν
1729 1105 1783 1131 ἀπὸ
1800 1105 1857 1130 Κυ-

1069 1153 1127 1188 ρίου
1151 1151 1343 1187 ὀνομάζοντος,
1363 1151 1404 1177 ὂτι
1426 1151 1505 1178 ἔσται
1527 1151 1566 1182 ὡς
1585 1151 1602 1186 ἡ
1622 1151 1810 1186 ἁγριομυρίκη
1827 1151 1857 1176 ὲν

1067 1199 1100 1233 τῇ
1117 1199 1226 1233 ἐρήμῳ,
1240 1198 1289 1224 καὶ
1306 1200 1356 1224 οὐκ
1368 1198 1463 1232 δέεται
1479 1199 1513 1224 τὰ
1528 1197 1628 1232 ἀγαθά.

1105 1245 1153 1276 Ὃς
1179 1244 1327 1279 πορεύεται
1348 1243 1394 1270 ἐπὶ
1420 1243 1572 1278 τεσσάρων,
1601 1242 1768 1277 ἀκάθαρτος.
1794 1242 1857 1268 Ἐπὶ

1066 1290 1211 1325 τεσσάρων
1226 1290 1255 1317 δὲ
1267 1290 1413 1325 πορεύεται
1428 1291 1441 1316 ὸ
1454 1290 1514 1321 ταῖς
1527 1289 1622 1324 χερσὶν
1633 1288 1858 1323 ἐπερειδόμενος,

1067 1336 1115 1363 καὶ
1133 1337 1226 1363 πᾶσαν
1237 1336 1280 1363 ἐπ’
1298 1336 1395 1368 αὺταῑς
1407 1335 1479 1371 ἔχων
1495 1336 1545 1371 τὴν
1559 1335 1732 1370 πεποίθησιν.

1374 1402 1485 1429 ΛΟΓΟΣ
1502 1402 1539 1430 Z'.

1365 1458 1434 1492 Περὶ
1446 1457 1566 1493 ἀρετῆς.

1106 1517 1191 1552 Στενὴ
1209 1517 1225 1551 ὴ
1242 1516 1301 1548 ὁδὸς
1317 1517 1334 1552 ἠ
1346 1516 1489 1550 ἀπάγουσα
1506 1517 1545 1548 εἰς
1557 1517 1606 1551 τὴν
1622 1516 1705 1551 ζωήν.

1102 1563 1148 1598 Μὴ
1164 1562 1233 1590 νικῶ
1250 1563 1302 1589 ὑπὸ
1317 1562 1364 1589 τοῦ
1385 1562 1482 1595 κακοῦ,
1501 1562 1570 1590 ἀλλὰ
1591 1562 1654 1588 νίκα
1669 1563 1697 1587 ἐν
1710 1562 1749 1596 τῷ
1762 1561 1861 1597 ἀγαθῷ

1065 1609 1096 1636 τὸ
1109 1610 1203 1636 κακόν.

1101 1656 1146 1690 Μή
1157 1664 1186 1681 σε
1199 1656 1374 1690 πλανὴσωσιν
1384 1654 1480 1690 ἀνδρες
1499 1654 1620 1686 ἀσεϐεῖς,
1640 1654 1708 1690 μηδὲ
1719 1653 1861 1689 πορευθῇς

1066 1699 1094 1726 ὲν
1109 1699 1160 1735 ὁδῷ
1175 1699 1235 1735 μετ’
1247 1700 1350 1729 αὐτῶν.

1102 1746 1148 1780 Μὴ
1165 1746 1236 1773 ποίει
1251 1747 1336 1781 κακὰ,
1348 1749 1397 1775 καὶ
1412 1749 1442 1775 οὐ
1458 1750 1497 1785 μή
1512 1757 1541 1775 σε
1555 1747 1636 1783 λήψει
1647 1746 1730 1773 κακά.

1101 1836 1271 1872 Τιμιώτερον
1286 1837 1372 1873 ἀρετὴ
1389 1838 1405 1874 ἢ
1430 1837 1558 1869 πλοῦτος.

1103 1883 1179 1918 Μόνη
1197 1884 1349 1918 κτημάτων
1362 1885 1378 1920 ὴ
1397 1883 1482 1919 ἀρετὴ
1494 1883 1690 1919 ἀναφαίρετον.

1109 1929 1222 1965 ’Δρετῆς
1247 1929 1364 1965 ἄσκησις
1379 1930 1471 1964 τίμιον
1497 1930 1546 1964 μὲν
1575 1929 1668 1964 κτῆμα
1691 1927 1729 1963 τῷ
1757 1926 1865 1962 ἔχοντι,

1068 1974 1175 2009 ἥδιστον
1191 1974 1219 2001 δὲ
1233 1974 1323 2009 (θέαμα
1337 1976 1393 2007 τοῖς
1405 1975 1629 2010 ἐντυγχάνουσιν.

1106 2063 1211 2099 Ὥσπερ
1223 2065 1278 2098 γὰρ
1290 2064 1328 2100 τῷ
1344 2064 1411 2098 πυρὶ
1429 2064 1592 2099 αὐτομάτως
1611 2063 1706 2090 ἕπεται
1724 2063 1756 2089 τδ
1773 2062 1865 2097 φωτί-

1071 2109 1139 2142 ζειν,
1154 2109 1200 2136 καὶ
1215 2109 1252 2139 τῶ
1268 2110 1345 2145 μύρῳ
1359 2110 1388 2136 τὸ
1403 2110 1515 2137 εὐωδεῖν
1531 2118 1539 2125 ·
1554 2110 1625 2137 οὕτω
1653 2111 1701 2136 καὶ
1713 2111 1776 2141 ταῖς
1794 2111 1868 2144 ἀγα-

1071 2155 1132 2187 Θαῐς
1165 2155 1301 2191 πράξεσιν
1331 2156 1487 2190 ἀναγκαίως
1521 2155 1664 2183 ἀκολουθεῖ
1701 2155 1732 2181 τὸ
1758 2155 1867 2190 ὠφέλι-

1037 2215 1058 2243 D
1073 2210 1134 2237 μον.

268 2249 324 2277 Hoc
336 2253 378 2277 est
395 2248 493 2282 virtus,
510 2247 657 2275 declinatio
675 2247 800 2276 videlicet
813 2247 889 2281 mall,
911 2252 939 2276 et
955 2256 1019 2284 ope-

233 2295 301 2322 ratio
312 2294 385 2322 boni.

275 2340 441 2375 Principium
458 2340 490 2367 ad
504 2340 737 2374 recuperationem
751 2340 898 2375 bonorum,
917 2340 967 2376 15
979 2345 1020 2368 est

233 2395 248 2414 a
269 2386 347 2413 malis
365 2393 499 2414 recessus.
513 2385 621 2413 Declina
641 2386 727 2418 enim,
745 2385 846 2421 inquit,
863 2394 878 2413 a
895 2388 976 2418 malo,
993 2390 1020 2413 et

233 2434 277 2461 fac
294 2435 405 2460 bonum.

271 2479 341 2505 Rara
357 2483 384 2505 et
398 2477 532 2511 acquisitu
550 2476 668 2504 diilicilis
683 2482 724 2504 est
744 2477 852 2504 virtutis
868 2476 1019 2512 possessio,

234 2525 340 2551 etiamsi
354 2523 435 2550 multa
451 2523 483 2549 ad
501 2522 571 2549 hanc
585 2527 731 2556 provocent
742 2527 768 2549 et
785 2523 910 2550 invitent.

273 2569 405 2604 Virtutem
421 2567 556 2595 laudando
573 2568 658 2595 Deum
680 2567 811 2600 laudabo,
827 2576 841 2594 ο
855 2576 909 2602 quo
934 2568 1020 2594 virtus

236 2605 393 2642 hominibus
405 2614 467 2641 data
483 2619 535 2642 est.

279 2661 370 2689 Virtus
383 2661 550 2689 mercenaria
567 2667 621 2688 non
635 2666 688 2693 est,
706 2665 734 2687 ut
744 2660 830 2688 virtus
845 2667 903 2687 esse
915 2664 1019 2695 pergat,

235 2708 320 2735 solam
337 2708 506 2735 honestatem
526 2707 684 2741 respiciens.

269 2751 395 2780 Celebres
410 2760 465 2780 non
480 2753 560 2778 ntodo
582 2751 740 2785 praeclarum
758 2757 785 2778 et
807 2752 951 2778 honestum
969 2751 1019 2777 ali-

235 2799 306 2832 quod
320 2797 420 2826 factum
438 2798 541 2829 reddit,
558 2798 604 2824 sed
621 2802 648 2823 et
667 2797 767 2824 malitia
784 2805 950 2832 exsuperans
967 2798 1018 2824 im-

237 2845 349 2879 probam
366 2844 417 2872 sibi
428 2843 528 2871 famam
543 2842 692 2870 contrahit.

1106 2248 1191 2275 Τοῦτό
1204 2248 1278 2274 ἐστιν
1292 2247 1388 2283 ἀρετὴ,
1405 2247 1527 2278 ἔκκλισις
1537 2246 1591 2274 ἀπὸ
1603 2245 1702 2279 κακοῦ,
1717 2246 1766 2272 καὶ
1783 2247 1868 2281 ποίη-

1072 2301 1114 2323 σις
1131 2292 1247 2327 ἀγαθοῦ.

1112 2338 1197 2373 Ἀρχὴ
1212 2338 1281 2373 πρὸς
1295 2338 1345 2373 τὴν
1356 2337 1492 2372 ἀνάληψιν
1506 2337 1561 2364 τῶν
1576 2337 1667 2364 καλῶν
1682 2338 1699 2372 ὴ
1714 2337 1868 2372 ἀναχώρη-

1072 2392 1114 2415 σις
1128 2384 1181 2410 τῶν
1193 2383 1297 2412 κακῶν.
1317 2383 1460 2410 Ἔκκλινον
1482 2383 1548 2418 γάρ,
1575 2383 1668 2419 φησιν,
1681 2383 1736 2410 ἀπὸ
1760 2383 1866 2414 κικοῦ,

1071 2429 1119 2456 καὶ
1136 2430 1250 2463 ποίησον
1266 2429 1381 2463 ἀγαθόν.

1105 2474 1223 2500 Σπάνιον
1251 2475 1268 2508 ἡ
1290 2473 1337 2500 τοῦ
1361 2472 1463 2507 ἀγαθοῦ
1492 2472 1590 2507 κτῆσις
1618 2471 1665 2498 καὶ
1696 2471 1866 2507 πρόσαντες,

1072 2520 1124 2546 κᾶν
1140 2521 1164 2545 εί
1179 2519 1246 2545 πολὺ
1260 2519 1290 2545 τὸ
1307 2519 1438 2553 μεθέλκον
1450 2518 1494 2553 εἴη
1507 2519 1554 2544 καὶ
1571 2517 1810 2553 προκαλούμενον.

1113 2565 1227 2600 Ἀρετὴν
1243 2565 1373 2597 ἐπαινῶν,
1389 2564 1455 2590 Θεὸν
1468 2564 1661 2597 ἐπαινέσομαι,
1676 2563 1744 2598 παρ’
1759 2561 1792 2590 οὗ
1807 2565 1866 2596 τοῖς

1071 2610 1225 2646 ἀνθρώποις
1269 2610 1365 2645 ἀρετή.

1109 2656 1241 2690 ’Ἄμισθος
1259 2649 1384 2692 ἡάρετὴ.
1408 2655 1452 2682 ῐνα
1468 2655 1517 2682 καὶ
1531 2654 1617 2691 ἀρετὴ
1641 2654 1733 2690 μείνῃ,
1748 2654 1824 2690 πρὸς
1839 2656 1870 2681 τὸ

1073 2702 1156 2729 καλὸν
1171 2703 1251 2738 μόνον
1269 2702 1416 2737 βλέπουσα.

1108 2750 1183 2775 [lout
1198 2750 1252 2782 γὰρ
1271 2749 1453 2783 περιϐοήτους
1477 2749 1508 2775 οὐ
1534 2747 1609 2781 δεξιά
1638 2747 1738 2782 πρᾶξις
1771 2746 1871 2782 μόνον,

1072 2796 1140 2823 ἀλλὰ
1155 2796 1201 2824 καὶ
1215 2796 1299 2822 κακία
1312 2795 1417 2823 νικῶσα
1430 2795 1555 2831 πονηρὰν
1566 2793 1757 2829 εὐδοκίμησιν.
