1959 3130
128 200 179 231 ’1θῖ

530 203 616 233 LOCI
637 203 858 235 COMMUNES.
873 216 908 222 -
926 204 1024 236 PARS
1045 206 1072 240 Ι.
1093 206 1224 238 SERMO
1241 208 1308 241 VII.

1691 212 1745 244 794

161 257 286 291 Πέφυκεν
298 257 382 293 ἀρετὴ
399 257 535 285 καταιδεῖν
545 267 576 285 τι
590 258 636 285 καὶ
647 258 850 295 καταπλήττειν
862 260 908 286 καὶ

998 261 1111 290 Virtutis
1128 267 1225 291 natura
1240 268 1291 298 est,
1308 268 1338 292 ut
1358 264 1507 293 reverentia
1535 269 1562 293 et
1583 266 1745 296 auctoritate

127 302 188 334 τοὺς
199 303 276 337 ’ἄγαν
296 303 537 339 δυσμενεστάτους.

161 349 219 376 Οὐκ
234 349 292 376 ἐστι
307 349 354 377 τὸν
377 351 478 386 ἀρετῆς
500 352 716 388 ἐπιμελούμενον
741 353 778 388 μὴ
795 352 909 385 πολλοὺς

129 394 198 429 ἔχειν
216 395 341 430 ἐχθρούς·
352 396 411 423 ἀλλ’
426 397 503 425 οὐδὲν
523 399 603 425 τοῦτο
620 399 688 434 πρὸς
705 399 751 426 τὸν
768 399 908 434 ἐνάρετον.

128 440 175 467 Διά
186 442 241 476 γὰρ
255 442 310 468 τῶν
336 442 464 470 τοιούτων
491 444 682 480 λαμπρότερος
710 445 787 471 ἔσται
817 444 910 479 μειζόσ

127 497 189 519 νως.
291 513 294 516 .

165 534 260 561 Πολλοὶ
275 534 405 566 πολλάκις
419 536 504 568 αὑτὰς
518 537 568 569 τὰς
582 538 693 572 ἀρετὰς,
715 538 758 566 διὰ
780 540 843 571 τοὺς
860 540 910 566 πί-

129 590 188 612 νους
204 581 359 616 φεύγοντες,
376 582 420 608 διὰ
435 581 484 618 τὴν
501 582 531 615 ἐξ
548 584 637 610 αὐτῶν
647 584 785 620 εὐφημίαν
800 585 910 620 αίροῦν-

127 636 172 654 ται
190 629 291 656 πονεῖν.

160 673 218 708 Θεῷ
241 674 332 702 τοίνυν
348 674 378 701 οὗ
393 675 424 701 τὸ
448 675 658 709 ἠναγκασμένον
683 677 770 711 φίλον,
796 677 864 704 ἀλλὰ
880 678 910 704 τὸ

127 720 156 751 ἐξ
171 720 271 754 ἀρετῆς
286 721 514 755 κατορθούμενον·
529 722 615 758 ἀρετὴ
631 722 658 748 δὲ
671 723 702 749 ἐκ
712 726 909 759 προαιρέσεως,

126 765 171 791 καὶ
183 765 234 791 οὐκ
250 765 374 801 ἀνάγκης
390 766 505 799 γίνεται.

159 812 216 847 οὐχ
230 813 244 838 ὁ
260 812 342 844 τόπος
357 813 406 848 τὴν
419 814 531 850 ἀρετὴν,
543 814 602 841 ἀλλ’
616 816 631 849 ἡ
646 816 731 851 ἁρετὴ
746 816 852 850 πέφυκε
863 817 910 844 τὸν

126 857 208 884 τόπον
223 859 375 892 σεμνύνειν.

962 316 1010 336 sua
1028 309 1069 336 vel
1085 309 1288 338 infensissintos
1306 317 1411 338 moveat
1425 316 1451 339 et
1465 316 1575 339 terreat.

998 354 1134 390 Cltrysast.
1152 355 1224 384 Fieri
1238 357 1344 391 nequit,
1363 357 1429 391 quin
1451 358 1497 392 qui
1515 359 1623 387 virtutis
1639 359 1746 388 studio-

962 409 1009 429 sus
1020 405 1072 434 est,
1086 409 1167 436 quam
1185 402 1276 435 plures
1297 403 1389 430 hostes
1403 403 1513 431 sentiat.
1531 403 1583 431 Sed
1609 405 1676 432 nihil
1695 406 1746 433 hoc

961 448 1054 475 virtuti
1075 447 1197 476 deditum
1221 454 1310 476 movet
1337 458 1344 476 :
1373 449 1413 478 sic
1438 450 1510 478 extim
1540 451 1620 487 longe
1646 451 1746 480 clarior

960 495 1066 522 evadet.

1000 542 1073 569 Multi
1103 551 1174 577 stepe
1192 551 1252 570 cum
1283 544 1410 571 virtu'em
1438 548 1549 578 propter
1569 543 1678 571 labores
1706 543 1747 571 fu-

961 592 1045 625 giant,
1061 596 1173 626 propter
1189 591 1336 626 gloriosam
1362 598 1422 624 qua:
1433 598 1465 618 ex
1482 591 1631 618 virtutibus
1646 598 1744 626 prove-

961 642 1001 664 mt
1016 637 1114 665 famam
1130 638 1254 665 laborare
1270 637 1377 664 volunt.

998 684 1061 715 Deo,
1080 691 1132 710 non
1158 683 1230 718 quod
1257 684 1423 711 necessitate
1440 683 1480 716 fit,
1495 688 1603 718 gratum
1614 689 1667 714 est,
1697 683 1744 711 sed

961 730 1032 761 quod
1051 729 1162 757 virtutis
1177 729 1269 757 studio
1286 734 1357 757 recte
1375 730 1490 765 geritur.
1505 729 1599 758 Virtus
1614 734 1704 757 autem
1717 731 1744 757 in

961 776 1113 803 voluntaria
1133 776 1277 807 electione,
1299 784 1353 803 non
1368 777 1531 804 lix-cessitate
1546 776 1683 804 consistit.

995 821 1130 849 Virtutem
1148 830 1202 849 non
1217 822 1304 853 locus,
1316 823 1361 849 sed
1390 822 1479 848 locum
1506 822 1592 850 virtus
1608 822 1745 850 illustrare

961 872 1059 902 potest.

166 904 196 930 ἸΙ
215 904 261 931 τοῦ
278 905 363 931 κακοῦ
380 905 473 937 στάσις
488 906 559 941 ἀρχὴ
574 906 624 940 τῆς
640 907 700 933 κατ’
715 906 816 942 ἀρετήν
832 908 908 934 ἐστιν

998 913 1060 941 Vitii
1090 921 1188 941 cursus
1215 914 1354 946 inhibitus,
1371 913 1532 948 principium
1547 918 1589 942 est
1609 913 1680 948 ejus,
1698 912 1744 948 qui

124 951 221 986 ὁρμιῆς-

164 996 324 1024 ’Λδέσποτον
341 998 356 1033 ἢ
379 998 475 1033 ἀρετὴ,
491 999 536 1025 καὶ
559 999 692 1032 ἑκούσιον,
719 1000 767 1026 καὶ
783 999 907 1036 ἀνάγκης

125 1041 216 1077 πάσης
234 1043 386 1076 ἐλεύθερον.

161 1089 267 1123 Ὠσπερ
284 1090 315 1116 τὸ
327 1090 376 1123 τῆς
393 1089 466 1123 ζωῆς
492 1090 567 1120 τέλος
582 1090 653 1125 ἀρχὴ
677 1089 792 1116 θανάτου
820 1091 905 1122 ἐστὶν,

123 1134 206 1165 οὕτως
220 1135 268 1162 καὶ
283 1135 330 1161 τοῦ
343 1135 403 1161 κατ’
414 1135 514 1169 ἀρετὴν
524 1135 625 1170 δρόμου
670 1136 764 1167 στάσις
772 1136 843 1171 ἀρχὴ
854 1136 902 1163 τοῦ

124 1182 194 1208 κατά
206 1181 303 1207 κακίαν
317 1181 421 1214 γίνεται
436 1181 549 1215 δρόμου.

162 1227 196 1253 Ἦ
212 1227 259 1253 τοῦ
276 1226 394 1262 πονηροῦ
410 1227 586 1261 ἀλλοτρίωσις
598 1228 648 1262 τῆς
663 1227 731 1262 πρὸς
747 1227 778 1254 τὺ
801 1227 904 1262 ἀγαθὸν

122 1272 286 1304 οίκειώσεως
303 1273 414 1307 ἀφορμὴ
428 1272 544 1306 γίνεται.

159 1319 196 1344 Τ“ι
212 1318 263 1350 ἔξω
278 1318 332 1344 τῶν
350 1318 443 1344 κακῶν
457 1318 582 1352 γενέσθαι
604 1320 678 1350 me;
693 1319 750 1345 ἐστι
769 1318 823 1344 τῶν
836 1317 905 1351 ἀγα-

123 1365 177 1392 θῶν
194 1365 372 1399 καταστῆναι.

158 1413 373 1439 Δυσεπίτευκτον
397 1412 448 1447 μὲν
478 1408 549 1438 εἶναι
580 1412 630 1447 τὴν
658 1411 768 1446 ἀρετὴν,
799 1412 907 1446 μυρίοις

124 1459 219 1495 ἱδρῶσι
232 1460 280 1486 καὶ
300 1460 402 1492 πόνοις,
421 1459 522 1494 σπουδῇ
537 1459 584 1486 καὶ
606 1459 722 1493 καμάτῳ
739 1459 818 1492 μόγις
835 1467 906 1484 κατ-

122 1505 312 1540 ορθουμένην,
339 1504 415 1540 παρὰ
441 1504 491 1538 τῆς
527 1504 603 1535 Θείας
629 1503 742 1539 Γραφῆς
766 1503 907 1538 ἐδιδάχθη-

123 1559 183 1586 μεν.

961 959 994 987 ad
1017 961 1142 986 virtutem
1159 959 1197 992 fit,
1217 967 1318 987 matus.

999 1006 1092 1034 Virtus
1108 1007 1259 1034 dominium
1283 1015 1335 1034 non
1355 1011 1506 1041 exspectat,
1526 1006 1572 1033 sed
1592 1005 1744 1033 voluntaria

961 1057 1012 1085 cst,
1027 1058 1052 1080 et
1068 1053 1102 1080 ab
1116 1054 1188 1081 omni
1201 1053 1366 1080 necessitate
1380 1053 1475 1080 libera.

996 1097 1227 1130 Quemadmodum
1257 1100 1317 1126 vita}
1337 1099 1397 1125 finis
1422 1099 1517 1126 mortis
1543 1099 1651 1126 initium
1677 1105 1716 1126 est
1735 1119 1743 1131 ,

961 1141 1000 1167 sic
1016 1141 1037 1168 si
1050 1150 1147 1168 cursus
1163 1142 1270 1169 virtutis
1296 1144 1422 1175 sistatur,
1444 1143 1549 1170 initium
1568 1143 1595 1170 fit
1609 1143 1678 1177 ejus,
1697 1144 1742 1177 qui

960 1187 993 1214 ad
1010 1187 1073 1214 vitia
1089 1188 1184 1218 tendit,
1204 1195 1311 1214 cursus.

997 1234 1059 1260 Mali
1091 1233 1268 1265 abalienatio,
1287 1233 1477 1262 familiaritatis
1496 1242 1558 1262 cum
1573 1233 1645 1262 bono
1662 1241 1743 1261 ocra-

959 1279 1064 1306 sionem
1081 1284 1105 1306 et
1122 1287 1214 1306 ausam
1229 1280 1341 1315 prmbet.

998 1324 1035 1352 Ex
1050 1325 1130 1352 malis
1155 1325 1280 1357 evadere,
1301 1332 1342 1353 est
1362 1327 1430 1353 intra
1447 1326 1516 1354 bona
1531 1326 1691 1354 consistere.

998 1411 1128 1440 Virtutem
1163 1413 1277 1442 infinitis
1294 1414 1439 1442 sudoribus
1466 1419 1492 1442 et
1527 1414 1668 1442 laboribus
1700 1415 1744 1442 vix

961 1458 1076 1492 acquiri,
1106 1459 1196 1486 studio
1221 1467 1254 1486 ac
1283 1459 1442 1494 fatigatione
1454 1460 1498 1487 vix
1525 1466 1598 1488 recte
1624 1460 1743 1488 admini-

959 1503 1040 1530 strari
1057 1511 1148 1539 posse,
1164 1512 1196 1532 ex
1207 1505 1293 1532 sacris
1308 1505 1417 1533 Litteris
1429 1506 1584 1534 didicimus.

159 1599 264 1629 Κακίας
278 1598 365 1632 ἔξοδος
383 1597 484 1632 ἀρετῆς
501 1597 604 1624 εῑςοδον
625 1596 783 1631 ἐργάζεται,
806 1596 844 1628 ὥς
861 1597 907 1624 καὶ

995 1593 1125 1621 Philonis.
1150 1593 1332 1627 improbitatis
1354 1595 1444 1623 exitus
1477 1595 1584 1623 virtutis
1600 1595 1742 1622 introitum

121 1644 277 1672 τοῦναντίον
292 1643 479 1674 ὑπεκστάντος
494 1643 608 1677 ἀγαθοῦ,
623 1642 653 1669 τὸ
664 1641 809 1677 ἐφεδρεῦον
820 1643 906 1670 κακὸν

122 1690 323 1725 ἐπεισέρχεται.

164 1738 272 1771 ’Δρεταὶ
298 1737 377 1770 μόναι
392 1735 425 1762 τὰ
445 1736 500 1762 τῶν
522 1735 673 1770 ἀνθρώπων
687 1734 840 1771 πράγματα
855 1741 906 1760 κυ-

121 1784 221 1818 ϐερνᾷν
233 1783 402 1809 ἐπίστανται.

163 1830 193 1856 'll
210 1830 310 1864 θεωρία
323 1829 373 1863 τῆς
384 1829 485 1864 ἀρετῆς
495 1829 634 1865 παγκάλη,
647 1829 695 1856 καὶ
711 1829 728 1865 ή
742 1827 841 1864 πρᾶξις
858 1828 906 1855 καὶ

120 1877 137 1912 ὴ
155 1876 251 1911 χρῆσις
273 1876 470 1911 περιμάχητος.

158 1967 244 2000 Χαῖρε
258 1967 307 2000 τὴν
325 1966 425 2002 ἀρετὴν
440 1966 521 2000 ἡνίκα
535 1973 676 2002 πραττεις·
694 1965 763 1992 ἀλλά
778 1965 814 2001 μὴ
828 1964 906 1992 ὲπαί·

121 2020 181 2046 pou,
200 2011 237 2045 μή
256 2019 321 2037 ποτε
334 2011 365 2037 τὸ
375 2011 504 2044 ναυάγιον
519 2011 548 2036 ἐν
562 2009 602 2045 τῷ
622 2009 711 2044 λιμένι
729 2009 851 2045 γένηται.

157 2056 216 2089 Χρὴ
232 2055 282 2089 τὴν
303 2054 404 2090 ἀρετὴν
435 2055 472 2090 μὴ
492 2055 622 2090 χωλεύειν
649 2054 711 2082 καθ’
727 2055 834 2089 ἕτερον,
849 2054 906 2081 ἀλλ’

121 2102 196 2137 ἔργῳ
212 2101 260 2128 καὶ
275 2101 346 2136 λόγῳ
360 2100 444 2137 ὀρθὴν
471 2103 521 2128 καὶ
541 2101 751 2137 ἀπηρτισμένην
773 2099 834 2128 κατ’
853 2101 907 2136 ἀμ-

123 2149 227 2183 φότερα
252 2145 331 2174 εἶναι.
425 2142 429 2146 ’

158 2194 214 2221 οὐκ
230 2194 268 2219 ἔνι
284 2194 316 2219 ἐκ
331 2192 378 2220 τοῦ
393 2192 564 2228 παραχρῆμα
586 2191 737 2227 λαμϐάνειν
762 2190 812 2223 τὰς
842 2191 906 2226 ἀρε-

118 2242 179 2271 τάς.
198 2240 329 2274 Σμικροτς
340 2239 393 2274 γὰρ
409 2239 443 2265 τὰ
457 2239 573 2273 μέγιστα
589 2238 647 2270 πῶς
659 2237 692 2265 ἂν
703 2245 745 2269 τις
760 2236 847 2264 ἕλοιτο
860 2237 907 2263 πό-

120 2294 208 2311 νοισιν
220 2293 227 2318 ;
309 2320 310 2323 η

157 2332 275 2366 Βραχεῖα
310 2333 326 2366 ἡ
355 2332 451 2367 ἀρετὴ,
479 2332 526 2358 καὶ
557 2331 647 2366 ὄρθιος
671 2329 749 2366 οἶμος
772 2332 821 2359 ἐπ’
841 2326 906 2360 ⁸ᾱῦ-

119 2378 180 2411 τὴν,
200 2377 247 2403 καὶ
273 2378 324 2404 οὐκ
347 2377 380 2404 ἄν
392 2385 433 2406 τις
447 2377 535 2404 ἕλοιτο
550 2377 652 2412 ταύτην
669 2377 732 2412 δίχα
746 2377 829 2405 πόνου
854 2387 906 2414 μα-

118 2423 198 2458 κροῠ.

159 2468 262 2500 Μισθὸς
278 2469 379 2504 ἀρετῆς
400 2467 522 2500 ἔπαινος.

160 2527 190 2553 Οἱ
204 2526 317 2560 πονηροὶ
331 2526 385 2552 τῶν
399 2525 563 2560 ἀνθρώπων,
582 2525 634 2553 κᾶν
658 2512 832 2562 χρηστότητά
844 2535 906 2554 τινα

121 2571 356 2605 ἑπαγγέλλωνται,
374 2571 417 2597 διὰ
432 2571 477 2597 τὸν
493 2571 593 2604 τρόπον
605 2571 636 2597 οὺ
651 2571 834 2600 πιστεύονται.

166 2629 323 2663 ’Δνδριάντα
337 2628 388 2663 μὲν
402 2629 431 2655 τὸ
446 2629 549 2664 σχῆμα.
563 2628 648 2664 ἄνδρα
673 2629 701 2655 δὲ
715 2629 731 2664 ἡ
746 2629 845 2664 πρᾶξις
861 2639 906 2657 κο-

121 2676 198 2709 σμετ.

157 2729 251 2759 (limo;
266 2730 316 2765 ζῇν
330 2730 474 2764 «pompeii,
492 2731 529 2762 ὠς
547 2731 616 2765 μήτι
643 2730 696 2757 ὑπὸ
719 2731 774 2758 τῶν
789 2732 906 2758 δυνατω-

119 2777 209 2810 τέρων
226 2776 454 2811 καταφρονεῖσθαι
469 2777 538 2811 μήτε
551 2777 609 2809 τοῖς
624 2777 849 2813 καταδεεστέρως
860 2787 907 2812 φο-

120 2821 203 2856 εερὺς
215 2818 296 2848 εἶναι.

159 2877 197 2905 Εὖ
205 2886 247 2905 σοι
261 2877 292 2904 τὸ
309 2876 405 2913 μέλλον
419 2876 485 2911 ἕξει,
503 2877 536 2904 ἂν
551 2877 581 2905 τὸ
601 2877 686 2914 παρὸν
699 2875 729 2906 εὖ
744 2878 832 2914 τιθῇς.

958 1639 1048 1670 edicit,
1077 1639 1305 1674 quemadmodum
1325 1644 1353 1667 et
1369 1641 1428 1668 vice
1451 1647 1539 1671 versa.
1565 1641 1587 1667 si
1603 1641 1687 1667 virtus
1702 1639 1744 1667 vel

957 1685 1058 1713 bonum
1071 1686 1225 1716 recesserit.
1239 1686 1312 1713 man
1325 1693 1451 1713 accessus
1469 1690 1552 1719 patet.

992 1731 1062 1758 Sola:
1077 1731 1192 1758 virtutes
1222 1731 1362 1763 hominum
1387 1732 1496 1767 negotia
1518 1733 1670 1767 gubernare
1696 1743 1744 1763 ηοο

956 1781 1064 1804 verunt.
1339 1807 1343 1814 ,

994 1823 1105 1851 Virtutis
1118 1822 1310 1858 contemplatio
1322 1823 1399 1859 longe
1411 1823 1592 1857 pulcherrima
1603 1830 1655 1857 est,
1667 1826 1742 1860 ejus-

956 1869 1016 1897 dem
1028 1876 1092 1897 vero
1105 1877 1171 1896 usus
1182 1873 1209 1895 et
1219 1869 1290 1897 actio
1297 1869 1376 1905 digna
1391 1873 1464 1903 sunt,
1477 1869 1511 1897 de
1521 1870 1620 1905 quibus
1635 1878 1744 1900 summo

956 1915 1134 1943 contendatur
1148 1915 1250 1942 studio.

995 1961 1064 1988 Nili.
1081 1960 1173 1988 Gaude
1199 1968 1261 1988 cum
1283 1961 1391 1988 virtutis
1411 1967 1480 1995 opus
1500 1961 1570 1994 edis,
1587 1962 1633 1989 sed
1646 1970 1680 1989 ne
1693 1971 1743 1991 ex-

939 2004 945 2007 ’
957 2006 1072 2037 tollaris,
1088 2013 1121 2032 ne
1138 2006 1208 2033 forte
1218 2005 1386 2041 naufragium
1407 2006 1433 2033 in
1450 2011 1529 2041 portu
1541 2006 1635 2035 facias.

992 2052 1095 2088 Cyri/li.
1110 2051 1243 2079 Virtutem
1263 2059 1317 2078 non
1335 2055 1442 2086 oportet
1455 2052 1610 2079 claudicare
1637 2060 1652 2079 a
1667 2058 1743 2087 parte

957 2101 1053 2132 al'era,
1074 2099 1121 2127 sed
1139 2103 1192 2126 tam
1207 2098 1287 2126 dictis
1300 2106 1381 2133 quam
1402 2097 1481 2126 factis
1509 2104 1611 2127 rectam
1628 2103 1655 2126 et
1672 2100 1744 2127 inte-

957 2154 1032 2182 gram
1051 2145 1179 2180 utrinque
1193 2152 1265 2172 esse.

993 2192 1114 2220 Virtutes
1129 2191 1201 2219 illico
1213 2191 1320 2226 asseqtti
1334 2190 1503 2225 impossibile
1516 2195 1566 2218 est.
1590 2191 1643 2226 ιϐ
1667 2190 1743 2225 Quo-

959 2238 1039 2266 modo
1070 2238 1142 2266 enim
1169 2245 1250 2273 quain
1272 2237 1393 2264 minimis
1418 2237 1556 2264 laboribus
1583 2245 1627 2264 res
1662 2238 1742 2272 longe

921 2270 947 2300 D
961 2284 1092 2311 maximas
1101 2284 1198 2318 aliquis
1215 2284 1322 2317 assequi
1338 2283 1440 2316 queat?

994 2331 1094 2365 Aspera
1114 2330 1200 2357 virtus
1224 2335 1282 2362 est,
1297 2335 1324 2357 cl.
1340 2330 1450 2357 acclivis
1470 2329 1503 2357 ad
1520 2329 1605 2364 ipsam
1623 2329 1677 2362 via,
1693 2337 1743 2357 nec

958 2384 1018 2405 eam
1034 2377 1096 2412 quis
1110 2377 1213 2411 absque
1229 2377 1309 2411 longo
1323 2376 1417 2404 labore
1432 2377 1484 2404 sibi
1500 2377 1711 2412 comparaverit.

994 2466 1108 2502 Syneu'i.
1128 2467 1244 2495 Virtutis
1261 2475 1366 2495 merces
1380 2467 1439 2495 laus
1457 2473 1509 2495 est.

994 2524 1071 2552 Malis
1087 2523 1253 2556 hominibus,
1266 2524 1329 2551 licet
1348 2524 1410 2551 boni
1431 2524 1534 2558 aliquid
1549 2525 1738 2559 polliceantur,
1770 2544 1775 2550 .

960 2575 1068 2605 propter
1081 2578 1170 2598 mores
1183 2575 1272 2597 tamen
1290 2570 1358 2597 fides
1371 2578 1424 2598 non
1439 2571 1563 2599 habt-tur.

995 2627 1145 2654 Plutarchi.
1172 2625 1294 2653 Statuam
1317 2627 1426 2662 quidem
1458 2627 1553 2663 ﬁgura,
1571 2627 1659 2665 vigum
1674 2635 1739 2656 vero

961 2674 1018 2708 ipsa
1035 2673 1107 2700 actio
1122 2677 1210 2700 ornat.

995 2729 1033 2756 lta
1060 2728 1152 2756 vivere
1178 2729 1322 2763 instituas,
1340 2735 1369 2756 ut
1398 2737 1486 2766 neque
1507 2737 1523 2758 ο
1541 2730 1739 2765 potentioribus

959 2776 1154 2808 contemnat-is,
1171 2783 1257 2811 neque
1275 2775 1449 2804 inferioribus
1464 2776 1626 2804 metuendus
1638 2775 1686 2802 sis.

995 2877 1129 2904 Isocratis.
1147 2876 1218 2904 Bene
1234 2877 1281 2904 tibi
1307 2878 1398 2906 futura
1422 2877 1557 2909 evenient,
1580 2876 1603 2904 si
1621 2883 1741 2912 prmon-

961 2923 996 2950 tia
1011 2923 1079 2951 bene
1090 2923 1268 2958 disposueris.
