1959 3130
197 149 253 182 795

835 134 997 164 ANTONIl
1012 122 1185 164 nutasse

1768 113 1820 144 796

233 204 412 234 Demormctis.
433 201 547 230 Virtutis
565 199 654 233 potius
679 195 810 230 imagines
841 193 888 220 tibi
911 191 977 219 velis
992 197 1012 225 Α

1081 188 1164 215 ὶούλου
1177 186 1226 218 τὰς
1236 185 1286 220 τῆς
1299 182 1400 218 ἀρετῆς
1414 180 1521 210 εἰκόνας
1550 176 1733 211 ὑπομνήματα
1753 172 1822 208 μᾶλ-

201 253 376 279 mouuntenta
391 247 556 282 relinquere,
576 249 656 278 quam
675 239 809 274 corporis.

237 297 353 324 Tantum
373 295 404 321 ad
422 293 546 320 virtutem
563 288 686 324 adjicies,
707 289 839 321 quantum
853 282 982 317 volupta-

203 343 275 369 tibus
292 339 435 367 ademeris.

237 386 328 421 'i‘urpe
355 390 398 413 est
418 385 444 411 in
472 383 532 411 aliis
561 381 677 418 probare
706 379 830 409 virtutes,
855 375 925 403 intra
955 380 987 402 se

203 433 283 459 etiam
303 432 403 459 habere
417 430 491 456 vitia.

242 477 355 504 Biantis.
380 475 467 502 Tarde
477 474 622 510 aggredere
647 470 760 506 agenda,
775 474 920 504 aggresSus
935 474 982 494 au-

207 529 259 550 tem
274 526 431 550 constanter
446 528 504 555 age.

1035 236 1081 262 λον
1094 235 1111 270 ἢ
1126 233 1173 260 τοῦ
1193 231 1320 266 σώματος
1335 227 1505 255 καταλιπεῖν.

1072 264 1206 307 Τοσοῦτον
1224 264 1263 308 εις
1276 275 1378 311 ἀρετὴν
1400 272 1579 308 προσθήσεις,
1595 269 1658 296 ὅσον
1672 266 1706 294 ἂν
1722 264 1826 300 ὑφίλης

1039 327 1091 355 τῶν
1101 324 1213 361 ἡδονῶν.

1075 358 1195 408 Αἰσχρὸν
1212 371 1261 406 μὲν
1274 371 1303 397 ὲν
1325 368 1414 398 ἄλλοις
1431 362 1613 400 ἀποδέχεσθαι
1640 360 1689 392 τὰς
1712 358 1828 394 ἀρετὰς,

1043 420 1072 446 ὲν
1087 419 1191 449 ἑαυτοῖς
1205 417 1234 443 δὲ
1249 415 1322 450 ἔχειν
1338 414 1388 445 τὰς
1401 412 1512 442 κακίας.
1668 444 1671 447 1

1072 464 1200 500 Βραδέως
1218 449 1404 497 ὲγίέίρειτοίς
1426 455 1635 494 πραττομένοις,
1661 449 1832 487 ἐγχειρήσας

1041 511 1080 544 δὲ,
1095 510 1198 544 πρᾶττε
1213 507 1342 543 βεὸαίως.

240 590 377 624 Euripidis
394 590 444 625 (l).
463 588 584 624 Tempus
609 594 662 614 non
676 586 747 614 delet
771 583 899 619 reliquias
914 582 1046 610 bonorum
1063 580 1201 612 virorum;
1217 579 1263 606 sed
1279 578 1366 606 virtus
1376 577 1458 605 etiam
1475 575 1502 602 in
1521 571 1636 601 mortuis
1653 568 1776 602 refulget.

242 613 376 624 ..τηρ-η
410 613 444 616 -.
469 613 529 616 -__
555 613 582 616 η-
831 613 837 619 _

242 613 410 672 Theognidls‘.
426 613 500 665 lliulti
523 613 622 663 divites
645 639 710 662 sunt
727 633 801 664 mali.
814 631 877 659 boni
895 635 985 657 autem
1002 634 1146 663 pauperes.
1174 625 1228 654 Sed
1249 633 1299 653 nos
1316 632 1377 652 cum
1397 623 1449 650 illis
1465 629 1519 649 non
1538 616 1756 655 permutabimus
1778 613 1834 640 vir-

209 691 266 713 tute
278 685 387 712 divitias
405 692 411 710 :
431 691 493 710 nam
514 682 559 710 illa
576 688 682 714 semper
694 679 798 707 stabilis
809 682 859 704 est.

246 733 380 761 Pecunias
393 735 482 758 auten.
495 730 635 756 hominum
649 727 717 754 alias
733 726 801 752 alius
819 723 908 750 habet.

246 805 356 832 Aristot.
376 800 419 827 Dei
448 799 555 833 quidem
578 801 619 825 est
638 803 717 830 agere
731 802 790 828 qua!
811 793 869 819 vult
885 801 893 819 :
909 791 996 818 humi-

1086 788 1154 815 Θεοῦ
1174 789 1223 823 μὲν
1239 786 1296 813 ἔστι
1315 785 1445 819 πράττειν
1459 782 1477 810 ἃ.
1493 780 1627 816 βούλεται·
1648 774 1794 810 ἀνθρώπου
1807 772 1838 800 δὲ

211 850 254 878 nis
267 853 355 876 autent
370 855 400 874 ea
413 854 473 880 qua:
485 844 610 872 convenit
621 843 712 870 auiuto
730 847 903 875 prmsumerc.

249 894 373 928 Procopii
390 892 513 920 rhetoris.
533 890 599 916 Boni
616 889 773 916 indecorum
787 885 887 919 aliquid
901 884 1001 911 facien-

214 946 264 973 tes.
281 948 393 976 peccare
411 937 564 966 volentibus
581 935 736 968 exemplum
754 933 832 958 liunt.

251 988 308 1015 Viri
332 989 446 1013 virtutes
470 991 523 1011 non
557 981 707 1017 principio,
725 979 771 1007 sed
798 979 850 1005 line
867 977 1001 1003 actionum

215 1034 381 1061 indicantur.

253 1077 370 1105 Maxime
388 1077 488 1103 bonum
513 1073 647 1110 peculium
663 1077 704 1100 est
734 1070 869 1106 cujusque
897 1069 1004 1104 propria

219 1125 318 1151 virtus.

256 1168 348 1203 Neque
363 1167 516 1195 convivium
531 1165 589 1193 sine
603 1163 762 1194 concordia.
791 1169 879 1197 neque
900 1160 1005 1188 divitia:

220 1216 279 1242 sine
294 1215 391 1241 virtute
404 1213 549 1240 delectant.

259 1260 363 1287 Donum
390 1259 463 1286 aliud
491 1259 590 1285 virtute
615 1256 701 1291 majus
728 1254 858 1283 divinitus
876 1253 934 1281 dari
953 1260 1006 1280 non

222 1310 321 1341 potest.

257 1350 345 1379 Unica
362 1350 449 1378 virtus
461 1353 503 1377 est
517 1354 624 1382 semper
636 1346 729 1382 lugere
745 1346 902 1373 indecorum
919 1347 946 1371 et
962 1344 1010 1371 ab-

222 1397 288 1425 surd
294 1406 308 1423 ιι
314 1405 350 1424 ιιι.

263 1443 346 1468 Deum
364 1440 465 1474 optime
481 1438 565 1471 coles,
593 1444 655 1464 cum
682 1440 800 1463 mentem
815 1434 868 1462 Deo
890 1434 1007 1462 sintilem

223 1488 346 1518 olfeceris
362 1495 409 1522 per
432 1486 570 1512 virtutem.
585 1483 647 1511 Sola
659 1484 730 1511 enirn
743 1483 828 1510 virtus
839 1483 959 1509 animum
974 1481 1007 1508 ad

225 1537 250 1564 id
266 1533 337 1570 quod
354 1533 377 1560 ei
392 1536 535 1566 cognatum
550 1535 591 1558 est
607 1530 700 1558 trahit.

262 1579 350 1607 Malim
367 1577 476 1603 virtutis
498 1576 694 1607 testimonium,
715 1581 795 1609 quam
815 1572 1010 1601 abundantiam

226 1633 307 1660 opum
320 1625 386 1651 mihi
403 1621 537 1650 exhiberi.
558 1621 625 1648 lllud
641 1621 713 1648 enim
737 1620 814 1647 bonae
837 1619 946 1650 utentis,
962 1618 1012 1645 hoc

228 1676 315 1698 autem
332 1670 448 1697 fortuna:
463 1667 600 1695 aliluentis
618 1667 770 1693 eucomiuut
784 1664 934 1693 videbitur;
948 1663 1013 1691 Ilazc

228 1717 358 1744 sententia
372 1717 398 1744 in
417 1715 507 1742 Grtz'co
533 1712 678 1748 exemplari
707 1720 759 1739 non
780 1717 848 1739 recte
873 1711 1014 1739 «scribitur

229 1763 380 1798 Tlteoguidi.
446 1759 452 1763 ’

389 1818 440 1853 17
457 1815 572 1844 SERMO
592 1815 648 1842 vut
664 1813 713 1850 [αι.
732 1813 841 1848 xxut].

327 1875 366 1902 De
380 1874 522 1909 sapientia,
535 1876 559 1900 et
575 1871 718 1903 intellectu,
730 1876 753 1897 et
763 1869 912 1906 prudentia.

268 1933 364 1961 Matth.
378 1940 406 1959 κ.
424 1931 516 1958 Estote
534 1930 681 1964 prudentes
697 1929 785 1956 instar
796 1928 973 1962 serpentium,
990 1930 1018 1954 et

232 1971 375 2014 simplices
385 1983 414 2005 ut
431 1977 572 2004 colttmlue.

269 2025 282 2052 I
295 2025 354 2052 Cor.
373 2031 425 2050 xiv.
443 2022 502 2049 Non
527 2026 657 2052 mentem,
683 2021 728 2047 sed
746 2019 878 2047 malitiam
901 2017 1018 2045 infantes

233 2078 295 2096 esse
311 2068 414 2095 debetis
431 2075 438 2094 :
456 2067 555 2094 animis
568 2071 659 2092 autent
677 2065 788 2099 perfecti
806 2069 873 2091 este.

273 2115 351 2140 Prov.
371 2121 408 2140 ιιι.
427 2113 522 2139 Beatus
536 2111 617 2138 homo
637 2110 797 2145 qttiiuvenit
808 2109 976 2144 sapientiam,
993 2112 1019 2134 ct

239 2158 361 2185 moutalis
378 2157 422 2191 qui
439 2156 504 2182 vidit
520 2154 690 2189 prudentiam
706 2163 712 2180 :
726 2157 834 2188 prtestat
848 2152 919 2179 enim
933 2152 1017 2185 ipsam

237 2205 388 2238 acquirere,
406 2209 488 2237 quam
512 2201 570 2228 auri
593 2206 620 2227 et
644 2199 748 2234 argenti
773 2199 933 2229 thesauros;
961 2205 1021 2231 pre-

238 2250 333 2277 tiosior
344 2253 385 2276 est
414 2248 504 2282 magni
528 2246 606 2281 pretii
628 2245 758 2280 gemmis;
778 2243 854 2270 facile
867 2244 1022 2276 agnoscitur

239 2296 365 2322 omnibus
379 2293 542 2320 adeuntibus
555 2299 614 2318 eam
628 2299 635 2322 ;
654 2291 720 2316 nihil
736 2295 825 2316 autem
851 2294 904 2315 tam
923 2289 1022 2321 pretio-

242 2349 300 2370 sunt
321 2345 371 2372 est,
388 2339 459 2374 quod
486 2338 571 2373 ipsius
595 2337 710 2372 pretium
727 2336 864 2370 adtequet.
884 2333 1024 2361 Diuturni-

241 2393 283 2414 tas
296 2386 368 2413 enim
386 2390 412 2412 et
424 2384 487 2411 anni
504 2384 565 2411 vita:
582 2384 609 2410 in
623 2383 734 2410 dextera
751 2381 829 2416 ejus;
853 2380 879 2406 in
895 2380 958 2407 laeva
977 2387 1027 2406 au-

242 2438 308 2465 tem,
322 2439 387 2462 opes
399 2435 426 2459 et
441 2431 537 2465 gloria.
561 2430 599 2456 Ex
617 2437 664 2456 ore
677 2429 736 2463 ejus
753 2427 859 2462 iustitia
885 2427 1026 2462 progredi-

243 2478 403 2513 tur;legem
429 2483 456 2505 et
482 2476 696 2503 misericordiam
713 2475 740 2502 in
761 2474 852 2509 lingua
880 2473 941 2501 fert.
972 2472 1027 2500 Vi~e

244 2525 303 2558 ejus
317 2524 368 2551 via:
383 2528 447 2551 sunt
474 2522 595 2557 pulchrae
605 2541 613 2555 ,
630 2525 658 2548 et
671 2528 765 2548 outnes
779 2521 883 2548 semita
899 2519 985 2554 ipsius
1000 2519 1025 2546 in

245 2577 319 2605 pace.
376 2598 389 2611 ι

284 2614 362 2642 Prov.
379 2610 428 2642 iv.
441 2613 490 2640 Vir
514 2613 634 2648 prudens
662 2613 781 2640 directus
797 2610 955 2645 ingreditur.

281 2659 363 2688 Prov.
378 2668 415 2688 tv.
429 2659 546 2694 Acquire
563 2659 738 2693 sapientiam,
752 2662 779 2684 et
795 2656 962 2684 intellectum
976 2654 1026 2682 tibi

246 2714 389 2741 compara;
409 2713 442 2733 ne
458 2705 628 2733 obliviscaris
640 2725 648 2739 ,
667 2709 696 2732 ιιι
721 2703 802 2738 capiti
831 2707 878 2730 tuo
897 2709 1027 2730 coronam

246 2752 292 2780 det
305 2752 463 2787 gratiarum.

285 2855 322 2890 (l)
342 2854 435 2882 Graeca
453 2853 560 2881 desunt.

1051 837 1085 862 τὰ
1103 836 1198 862 δέοντα
1211 831 1423 868 προθυμεῖσθαι.

1087 882 1119 908 οι
1145 881 1254 914 ἁγαθοὶ,
1272 879 1310 914 μὴ
1342 878 1372 904 τὺ
1400 876 1537 911 προσῆκον
1562 872 1712 903 ποιοῦντες.
1746 870 1839 905 παρά-

1052 929 1153 963 δειγμα
1179 928 1336 963 πρᾶκεινται
1363 925 1421 955 τοῖς
1448 922 1621 958 πλημμελεῖν
1649 917 1836 954 βουλομένοις.

1095 962 1205 1007 ’Ᾰνδρὸξ
1224 971 1324 1006 ἀρετὴν
1339 971 1390 997 οὐκ
1405 969 1555 1004 ἀρχόμεναι
1573 965 1701 1002 δηλοῦσιν
1718 964 1747 990 αἱ
1765 962 1839 998 πρά-

1055 1021 1122 1054 ξεις,
1139 1019 1207 1046 ἀλλὰ
1221 1017 1386 1045 τελευτῶσαι
1397 1014 1556 1051 μηνύουσιν.

1090 1066 1229 1099 Μέγιστον
1251 1063 1353 1098 ἀγαθὸν
1371 1062 1465 1097 κτῆμά
1489 1062 1564 1088 ἐστιν
1579 1058 1723 1093 ὲκάστουὴ
1752 1056 1843 1084 οἰκεία

1055 1112 1151 1147 ἀρετή.

1091 1157 1160 1184 οὔτε
1176 1156 1327 1192 συμπόσιον
1339 1155 1404 1182 ἄνευ
1423 1154 1561 1190 ὁμονοίας,
1585 1151 1647 1179 οὕτε
1659 1150 1773 1181 πλοῦτος
1787 1158 1843 1185 χω-

1059 1205 1101 1240 ρὶς
1118 1205 1218 1240 ἀρετῆς
1234 1203 1331 1239 ἡδονὴν
1345 1203 1414 1238 ἔχει.

1093 1251 1184 1286 Δῶρον
1199 1250 1261 1278 ἄλλο
1289 1249 1382 1285 μεῖζον
1406 1249 1507 1284 ἀρετῆς
1522 1247 1572 1274 οὐκ
1587 1246 1645 1273 ἐστι
1677 1244 1753 1279 παρὰ
1770 1242 1841 1269 Θεοῦ

1057 1298 1164 1325 λαϐεῖν.

1095 1345 1153 1372 Μία
1173 1343 1247 1371 ἐστὶν
1264 1342 1360 1377 ἀρετὴ,
1378 1342 1409 1368 τὸ
1422 1341 1522 1368 ἄτοπον
1537 1339 1650 1374 φεύγειν
1665 1337 1720 1364 ἀει.

1095 1391 1228 1426 Τιμήσεις
1242 1390 1288 1416 τὸν
1303 1388 1369 1415 Θεὸν
1380 1388 1489 1422 ἄριστα,
1507 1386 1570 1412 ὅταν
1584 1385 1622 1420 τῷ
1644 1384 1703 1418 Θεῷ
1718 1383 1768 1418 τὴν
1788 1383 1849 1410 διὰ-

1061 1446 1135 1464 νοιαν
1151 1435 1290 1471 ὁμοιώσῃς
1310 1435 1344 1462 δι’
1376 1434 1487 1469 ἀρετῆς.
1504 1432 1580 1467 Μόνη
1606 1431 1660 1466 γὰρ
1690 1429 1778 1466 ἀρετὴ
1797 1429 1848 1464 τὴν

1060 1483 1149 1518 ψυχὴν
1168 1483 1243 1510 ἕλκει
1261 1482 1329 1517 πρὸς
1344 1481 1374 1507 τὺ
1389 1481 1534 1515 συγγενές.

1096 1572 1248 1607 Βουλοίμην
1259 1571 1281 1598 δ’
1297 1571 1330 1597 ἂν
1346 1570 1410 1604 περὶ
1422 1567 1523 1604 ἀρετῆς
1545 1565 1758 1602 μαρτυρηθῆναι
1780 1565 1851 1600 μᾶλ-

1061 1620 1108 1646 λον
1124 1619 1140 1654 ἢ
1157 1619 1221 1655 περὶ
1237 1617 1354 1644 πλούτου
1369 1615 1522 1650 δαψιλείας.
1551 1614 1588 1641 Τὸ
1610 1613 1661 1648 μὲν
1677 1612 1732 1647 γὰρ
1757 1611 1852 1646 ψυχῆς

1064 1665 1183 1700 ἀγαθῆς,
1197 1663 1227 1690 τὸ
1238 1663 1266 1690 δὲ
1283 1662 1367 1698 τύχης
1390 1659 1638 1696 περιουσιαςοὺσης
1656 1657 1795 1694 ἐγκώμιον
1811 1658 1856 1683 δό-

1064 1711 1114 1746 Est.

1374 1810 1484 1838 ΛΟΓΟΣ
1500 1810 1540 1837 H'.

1100 1869 1169 1903 Περὶ
1184 1868 1305 1903 σοφίας,
1321 1867 1368 1895 καί
1386 1867 1553 1900 συνέσεως,
1564 1866 1612 1893 καὶ
1627 1865 1821 1900 φρονήσεως.

1100 1925 1209 1953 Γίνεσθε
1233 1926 1358 1960 φρόνιμοι
1373 1924 1410 1955 ὡς
1433 1924 1457 1950 ot
1470 1923 1556 1958 ὄφεις,
1571 1922 1616 1949 καὶ
1633 1922 1760 1957 ἀκέραιοι
1775 1921 1818 1952 ὡς
1833 1921 1861 1947 αι

1068 1971 1237 2007 περιστεραί.

1103 2019 1148 2053 Μὴ
1167 2018 1259 2045 παιδία
1276 2017 1383 2052 γίνεσθε
1410 2018 1469 2048 ταῐς
1485 2016 1580 2051 φρεσίν
1594 2024 1601 2030 ·
1616 2015 1685 2042 ἀλλὰ
1708 2016 1742 2049 τῇ
1771 2014 1865 2048 κακίᾳ.

1068 2065 1223 2100 νηπιάζετε,
1243 2066 1303 2094 ταῖς
1321 2063 1349 2089 δὲ
1361 2063 1441 2097 φρεσὶ
1461 2063 1558 2088 τέλειοι
1574 2061 1693 2095 γίνεσθε.

1106 2110 1246 2144 Μακάριος
1274 2109 1416 2142 ἄνθρωπος
1431 2108 1460 2138 ὃς
1482 2104 1545 2141 εὗρε
1570 2107 1675 2141 σοφία-ι,
1692 2105 1742 2132 καὶ
1758 2105 1864 2141 θνητὸς

1071 2155 1098 2186 ὃς
1114 2153 1167 2181 εἶδε
1181 2154 1319 2190 φρόνησιν.
1331 2153 1461 2187 Κρεῖττον
1477 2153 1531 2187 γὰρ
1543 2152 1626 2186 αὐτῆς
1640 2152 1866 2186 ὲμπορεύεςίιαι,

1071 2201 1088 2236 ἢ
1105 2201 1218 2235 χρυσίου
1236 2199 1282 2226 καὶ
1306 2198 1438 2232 ἀργυρίου
1459 2198 1630 2232 θησαυρούς·
1650 2197 1811 2231 τιμιωτέρα
1837 2197 1867 2223 δέ

1073 2248 1130 2273 ἐστι
1154 2246 1235 2272 λίθων
1262 2244 1426 2271 πολυτελῶν.
1448 2243 1608 2277 Εὖγνωστός
1625 2243 1684 2269 ἐστι
1703 2243 1772 2269 πᾶσι
1804 2243 1867 2272 τοῖς

1074 2291 1229 2325 ἐγγίζουσιν
1252 2291 1332 2325 αὐτῇ.
1348 2291 1404 2316 Πᾶν
1428 2289 1455 2316 δὲ
1480 2289 1572 2322 τίμιον
1597 2289 1647 2315 οὐκ
1662 2288 1738 2321 ἄξιον
1761 2289 1868 2323 αὐτῆς.

1076 2337 1169 2371 Μῆκος
1184 2336 1238 2371 γὰρ
1251 2336 1307 2371 βίου
1325 2337 1372 2362 καὶ
1388 2336 1434 2370 ἔτη
1461 2335 1534 2369 ζωῆς
1558 2335 1587 2361 ὲν
1606 2335 1639 2369 τῇ
1664 2334 1741 2369 δεξιᾷ
1755 2335 1848 2368 αὐτῆς
1862 2342 1871 2350 ο

1075 2385 1104 2409 ἐν
1120 2383 1148 2409 δὲ
1162 2384 1195 2418 τῇ
1213 2383 1344 2417 ἀριστερᾷ
1366 2383 1450 2416 αὐτῆς
1467 2380 1583 2412 πλοῦτος
1598 2380 1645 2406 καὶ
1658 2379 1731 2412 δόξα.
1749 2379 1803 2407 Ἐκ
1820 2379 1872 2406 τοῦ

1076 2429 1209 2463 στόματος
1227 2428 1312 2462 αὐτῆς
1335 2427 1515 2462 ἐκπορεύεται
1535 2425 1692 2460 δικαιοσύνη
1706 2434 1713 2440 '
1735 2426 1825 2459 νόμον
1843 2426 1874 2451 δὲ

1076 2475 1122 2502 καὶ
1141 2475 1214 2501 ἔλεον
1230 2475 1274 2500 ἐπὶ
1288 2473 1412 2508 γλώσσης
1428 2474 1516 2508 φορεῖ·
1535 2473 1563 2499 αἱ
1576 2472 1630 2499 ὁδοὶ
1645 2471 1732 2506 αὐτῆς
1750 2472 1810 2498 ὁδοὶ
1821 2480 1877 2498 ιιι-

1075 2521 1131 2553 λαὶ,
1149 2520 1195 2546 καὶ
1209 2521 1295 2546 πᾶσαι
1315 2520 1343 2545 αἱ
1359 2519 1447 2554 τρίὸοι
1462 2518 1548 2553 αὐτῆς
1563 2518 1593 2544 ἐν
1611 2517 1723 2553 εἰρήνῃ.

1121 2611 1204 2646 Ἀνὴρ
1219 2611 1349 2645 φρόνιμος
1362 2609 1535 2636 κατευθύνων
1549 2607 1707 2643 πορεύεται.

1117 2657 1223 2691 κτῆσαι
1241 2657 1348 2689 σοφίαν,
1361 2656 1409 2681 καὶ
1423 2654 1522 2689 κτῆσαι
1535 2654 1655 2680 σύνεσιν.
1670 2653 1718 2687 Μὴ
1741 2653 1879 2688 suosua,

1082 2704 1127 2732 ἶνα
1141 2703 1178 2739 δῷ
1192 2704 1224 2738 τῇ
1239 2704 1272 2740 σῇ
1286 2702 1391 2738 κεφαλῇ
1407 2702 1539 2735 στέφανον
1552 2699 1685 2736 χαρίτων.
