  <div class='ocr_page' id='page_1' title='image "/cluster/home/n/w/nwhite01/storage/ocr_20150623/136/njp.32101010942827/432.png"; bbox 0 0 1959 3130; ppageno 0'>
   <div class='ocr_carea' id='block_1_1' title="bbox 133 189 185 220">
    <p class='ocr_par' dir='ltr' id='par_1_1' title="bbox 133 189 185 220">
     <span class='ocr_line' id='line_1_1' title="bbox 133 189 185 220; baseline 0 0"><span class='ocrx_word' id='word_1_1' title='bbox 133 189 185 220; x_wconf 80' lang='grc'><strong>805</strong></span> 
     </span>
    </p>
   </div>
   <div class='ocr_carea' id='block_1_2' title="bbox 535 191 1325 226">
    <p class='ocr_par' dir='ltr' id='par_1_2' title="bbox 535 191 1325 226">
     <span class='ocr_line' id='line_1_2' title="bbox 535 191 1325 226; baseline 0.001 -5"><span class='ocrx_word' id='word_1_2' title='bbox 535 191 618 222; x_wconf 85' lang='lat' dir='ltr'><strong>LOC]</strong></span> <span class='ocrx_word' id='word_1_3' title='bbox 640 192 859 224; x_wconf 69' lang='lat' dir='ltr'><strong>COMMUNES.</strong></span> <span class='ocrx_word' id='word_1_4' title='bbox 880 205 913 211; x_wconf 93' lang='grc'><strong><em>-</em></strong></span> <span class='ocrx_word' id='word_1_5' title='bbox 932 192 1030 224; x_wconf 79' lang='lat' dir='ltr'><strong>PARS</strong></span> <span class='ocrx_word' id='word_1_6' title='bbox 1049 194 1075 224; x_wconf 88' lang='grc' dir='ltr'><strong>Ῑ.</strong></span> <span class='ocrx_word' id='word_1_7' title='bbox 1094 194 1222 225; x_wconf 83' lang='lat' dir='ltr'><strong>SERMO</strong></span> <span class='ocrx_word' id='word_1_8' title='bbox 1242 195 1325 226; x_wconf 79' lang='lat' dir='ltr'><strong>XI”.</strong></span> 
     </span>
    </p>
   </div>
   <div class='ocr_carea' id='block_1_3' title="bbox 1707 197 1765 230">
    <p class='ocr_par' dir='ltr' id='par_1_3' title="bbox 1707 197 1765 230">
     <span class='ocr_line' id='line_1_3' title="bbox 1707 197 1765 230; baseline 0 -2"><span class='ocrx_word' id='word_1_9' title='bbox 1707 197 1765 230; x_wconf 58' lang='grc' dir='ltr'>εκ</span> 
     </span>
    </p>
   </div>
   <div class='ocr_carea' id='block_1_4' title="bbox 174 249 931 290">
    <p class='ocr_par' dir='ltr' id='par_1_4' title="bbox 174 249 923 289">
     <span class='ocr_line' id='line_1_4' title="bbox 174 249 923 289; baseline 0.007 -14"><span class='ocrx_word' id='word_1_10' title='bbox 174 250 249 282; x_wconf 70' lang='grc' dir='ltr'>Ὀὅδς</span> <span class='ocrx_word' id='word_1_11' title='bbox 265 249 438 286; x_wconf 78' lang='grc' dir='ltr'><strong>δικαιοσύνης</strong></span> <span class='ocrx_word' id='word_1_12' title='bbox 455 251 503 279; x_wconf 64' lang='grc' dir='ltr'>καὶ</span> <span class='ocrx_word' id='word_1_13' title='bbox 520 252 709 289; x_wconf 68' lang='grc' dir='ltr'>ἑλεημοσύνης</span> <span class='ocrx_word' id='word_1_14' title='bbox 722 254 833 289; x_wconf 79' lang='grc' dir='ltr'><strong>εὑρήσει</strong></span> <span class='ocrx_word' id='word_1_15' title='bbox 850 253 923 288; x_wconf 75' lang='grc' dir='ltr'>ζωὴν</span> 
     </span>
    </p>
   </div>
   <div class='ocr_carea' id='block_1_5' title="bbox 983 249 1763 290">
    <p class='ocr_par' dir='ltr' id='par_1_5' title="bbox 1016 254 1763 290">
     <span class='ocr_line' id='line_1_5' title="bbox 1016 254 1763 290; baseline 0.003 -8"><span class='ocrx_word' id='word_1_16' title='bbox 1016 254 1188 289; x_wconf 68' lang='lat' dir='ltr'><strong>Viajustltiaa</strong></span> <span class='ocrx_word' id='word_1_17' title='bbox 1199 260 1225 282; x_wconf 92' lang='lat' dir='ltr'><strong>ct</strong></span> <span class='ocrx_word' id='word_1_18' title='bbox 1251 254 1453 287; x_wconf 67' lang='lat' dir='ltr'><strong>misericordiae,</strong></span> <span class='ocrx_word' id='word_1_19' title='bbox 1483 255 1600 290; x_wconf 74' lang='lat' dir='ltr'><strong>reperiet</strong></span> <span class='ocrx_word' id='word_1_20' title='bbox 1626 254 1709 283; x_wconf 85' lang='lat' dir='ltr'><strong>vitam</strong></span> <span class='ocrx_word' id='word_1_21' title='bbox 1735 261 1763 284; x_wconf 88' lang='lat' dir='ltr'><strong>et</strong></span> 
     </span>
    </p>
   </div>
   <div class='ocr_carea' id='block_1_6' title="bbox 132 296 284 327">
    <p class='ocr_par' dir='ltr' id='par_1_6' title="bbox 132 296 284 327">
     <span class='ocr_line' id='line_1_6' title="bbox 132 296 284 327; baseline 0.007 -5"><span class='ocrx_word' id='word_1_22' title='bbox 132 296 181 322; x_wconf 76' lang='grc' dir='ltr'>καὶ</span> <span class='ocrx_word' id='word_1_23' title='bbox 193 296 284 327; x_wconf 77' lang='grc' dir='ltr'>δόξαν.</span> 
     </span>
    </p>
   </div>
   <div class='ocr_carea' id='block_1_7' title="bbox 175 343 919 382">
    <p class='ocr_par' dir='ltr' id='par_1_7' title="bbox 175 343 919 382">
     <span class='ocr_line' id='line_1_7' title="bbox 175 343 919 382; baseline 0.008 -14"><span class='ocrx_word' id='word_1_24' title='bbox 175 343 316 378; x_wconf 71' lang='grc' dir='ltr'>Ὀρύσσων</span> <span class='ocrx_word' id='word_1_25' title='bbox 347 343 444 379; x_wconf 86' lang='grc' dir='ltr'>βόθρον</span> <span class='ocrx_word' id='word_1_26' title='bbox 455 345 494 381; x_wconf 83' lang='grc' dir='ltr'>τῷ</span> <span class='ocrx_word' id='word_1_27' title='bbox 510 345 624 382; x_wconf 82' lang='grc' dir='ltr'><strong>πλησίον</strong></span> <span class='ocrx_word' id='word_1_28' title='bbox 640 348 801 382; x_wconf 63' lang='grc' dir='ltr'>ἐμπεσεῖται</span> <span class='ocrx_word' id='word_1_29' title='bbox 816 347 857 378; x_wconf 79' lang='grc' dir='ltr'><strong>εις</strong></span> <span class='ocrx_word' id='word_1_30' title='bbox 872 347 919 374; x_wconf 55' lang='grc' dir='ltr'><strong>αὐι</strong></span> 
     </span>
    </p>
   </div>
   <div class='ocr_carea' id='block_1_8' title="bbox 133 389 189 416">
    <p class='ocr_par' dir='ltr' id='par_1_8' title="bbox 133 389 189 416">
     <span class='ocr_line' id='line_1_8' title="bbox 133 389 189 416; baseline 0.036 -2"><span class='ocrx_word' id='word_1_31' title='bbox 133 389 189 416; x_wconf 80' lang='grc' dir='ltr'>τόν.</span> 
     </span>
    </p>
   </div>
   <div class='ocr_carea' id='block_1_9' title="bbox 171 435 919 477">
    <p class='ocr_par' dir='ltr' id='par_1_9' title="bbox 171 435 919 477">
     <span class='ocr_line' id='line_1_9' title="bbox 171 435 919 477; baseline 0.012 -16"><span class='ocrx_word' id='word_1_32' title='bbox 171 435 245 469; x_wconf 80' lang='grc' dir='ltr'>Ζυγὰ</span> <span class='ocrx_word' id='word_1_33' title='bbox 261 435 364 469; x_wconf 81' lang='grc' dir='ltr'>δίκαια,</span> <span class='ocrx_word' id='word_1_34' title='bbox 380 437 429 463; x_wconf 74' lang='grc' dir='ltr'>καὶ</span> <span class='ocrx_word' id='word_1_35' title='bbox 446 437 534 473; x_wconf 75' lang='grc' dir='ltr'>μέτρα</span> <span class='ocrx_word' id='word_1_36' title='bbox 559 440 662 474; x_wconf 79' lang='grc' dir='ltr'>δίκαια,</span> <span class='ocrx_word' id='word_1_37' title='bbox 675 441 722 469; x_wconf 68' lang='grc' dir='ltr'>καὶ</span> <span class='ocrx_word' id='word_1_38' title='bbox 738 442 803 477; x_wconf 79' lang='grc' dir='ltr'>χοῦς</span> <span class='ocrx_word' id='word_1_39' title='bbox 815 442 919 474; x_wconf 76' lang='grc' dir='ltr'>δίκαιος</span> 
     </span>
    </p>
   </div>
   <div class='ocr_carea' id='block_1_10' title="bbox 133 480 302 516">
    <p class='ocr_par' dir='ltr' id='par_1_10' title="bbox 133 480 302 516">
     <span class='ocr_line' id='line_1_10' title="bbox 133 480 302 516; baseline 0.012 -10"><span class='ocrx_word' id='word_1_40' title='bbox 133 480 211 507; x_wconf 76' lang='grc' dir='ltr'>ἔσται</span> <span class='ocrx_word' id='word_1_41' title='bbox 228 482 302 516; x_wconf 75' lang='grc' dir='ltr'>ὑμῖν.</span> 
     </span>
    </p>
   </div>
   <div class='ocr_carea' id='block_1_11' title="bbox 168 528 917 571">
    <p class='ocr_par' dir='ltr' id='par_1_11' title="bbox 168 528 917 571">
     <span class='ocr_line' id='line_1_11' title="bbox 168 528 917 571; baseline 0.016 -19"><span class='ocrx_word' id='word_1_42' title='bbox 168 528 349 563; x_wconf 77' lang='grc' dir='ltr'><strong>Δικαιοσύνην</strong></span> <span class='ocrx_word' id='word_1_43' title='bbox 367 530 478 564; x_wconf 79' lang='grc' dir='ltr'>μάθετε,</span> <span class='ocrx_word' id='word_1_44' title='bbox 495 532 519 557; x_wconf 77' lang='grc' dir='ltr'>οἱ</span> <span class='ocrx_word' id='word_1_45' title='bbox 539 532 707 565; x_wconf 71' lang='grc' dir='ltr'><strong>ἐνοικοῦντες</strong></span> <span class='ocrx_word' id='word_1_46' title='bbox 729 536 775 561; x_wconf 67' lang='grc' dir='ltr'><strong>ἐπὶ</strong></span> <span class='ocrx_word' id='word_1_47' title='bbox 787 535 841 569; x_wconf 73' lang='grc' dir='ltr'>’τῆς</span> <span class='ocrx_word' id='word_1_48' title='bbox 854 537 917 571; x_wconf 81' lang='grc' dir='ltr'><strong>γῆς.</strong></span> 
     </span>
    </p>
   </div>
   <div class='ocr_carea' id='block_1_12' title="bbox 178 573 919 615">
    <p class='ocr_par' dir='ltr' id='par_1_12' title="bbox 178 573 919 615">
     <span class='ocr_line' id='line_1_12' title="bbox 178 573 919 615; baseline 0.016 -18"><span class='ocrx_word' id='word_1_49' title='bbox 178 573 207 598; x_wconf 82' lang='grc' dir='ltr'>ὐ</span> <span class='ocrx_word' id='word_1_50' title='bbox 221 574 270 607; x_wconf 81' lang='grc' dir='ltr'>τὴν</span> <span class='ocrx_word' id='word_1_51' title='bbox 287 575 375 609; x_wconf 84' lang='grc' dir='ltr'>ἀληθῆ</span> <span class='ocrx_word' id='word_1_52' title='bbox 401 576 579 612; x_wconf 64' lang='grc' dir='ltr'>δικαιοσύνην</span> <span class='ocrx_word' id='word_1_53' title='bbox 604 579 641 614; x_wconf 84' lang='grc' dir='ltr'>μὴ</span> <span class='ocrx_word' id='word_1_54' title='bbox 670 579 741 614; x_wconf 79' lang='grc' dir='ltr'>ἔχων</span> <span class='ocrx_word' id='word_1_55' title='bbox 767 590 919 615; x_wconf 69' lang='grc' dir='ltr'>προεναποα</span> 
     </span>
    </p>
   </div>
   <div class='ocr_carea' id='block_1_13' title="bbox 133 619 918 663">
    <p class='ocr_par' dir='ltr' id='par_1_13' title="bbox 133 619 918 663">
     <span class='ocr_line' id='line_1_13' title="bbox 133 619 918 663; baseline 0.014 -20"><span class='ocrx_word' id='word_1_56' title='bbox 133 619 265 653; x_wconf 77' lang='grc' dir='ltr'><strong>κειμένην</strong></span> <span class='ocrx_word' id='word_1_57' title='bbox 279 621 360 648; x_wconf 79' lang='grc' dir='ltr'>αὑτοῦ</span> <span class='ocrx_word' id='word_1_58' title='bbox 381 624 414 657; x_wconf 85' lang='grc' dir='ltr'><strong>τῇ</strong></span> <span class='ocrx_word' id='word_1_59' title='bbox 434 622 519 658; x_wconf 83' lang='grc' dir='ltr'>ψυχῇ,</span> <span class='ocrx_word' id='word_1_60' title='bbox 536 624 593 650; x_wconf 79' lang='grc' dir='ltr'>ἀλλ’</span> <span class='ocrx_word' id='word_1_61' title='bbox 612 625 629 659; x_wconf 72' lang='grc' dir='ltr'>ἢ</span> <span class='ocrx_word' id='word_1_62' title='bbox 652 627 775 660; x_wconf 80' lang='grc' dir='ltr'>χρήμασι</span> <span class='ocrx_word' id='word_1_63' title='bbox 789 628 918 663; x_wconf 77' lang='grc' dir='ltr'>διεφθαρ-</span> 
     </span>
    </p>
   </div>
   <div class='ocr_carea' id='block_1_14' title="bbox 135 665 916 708">
    <p class='ocr_par' dir='ltr' id='par_1_14' title="bbox 135 665 916 708">
     <span class='ocr_line' id='line_1_14' title="bbox 135 665 916 708; baseline 0.014 -18"><span class='ocrx_word' id='word_1_64' title='bbox 135 665 226 697; x_wconf 70' lang='grc' dir='ltr'>μένος,</span> <span class='ocrx_word' id='word_1_65' title='bbox 245 665 261 700; x_wconf 77' lang='grc' dir='ltr'><strong>ἢ</strong></span> <span class='ocrx_word' id='word_1_66' title='bbox 279 667 356 702; x_wconf 82' lang='grc' dir='ltr'>φιλίᾳ</span> <span class='ocrx_word' id='word_1_67' title='bbox 380 670 570 704; x_wconf 73' lang='grc' dir='ltr'><strong>χαριζόμενος,</strong></span> <span class='ocrx_word' id='word_1_68' title='bbox 594 672 610 705; x_wconf 80' lang='grc' dir='ltr'>ἢ</span> <span class='ocrx_word' id='word_1_69' title='bbox 633 672 718 708; x_wconf 76' lang='grc' dir='ltr'>ἔχθρᾳ</span> <span class='ocrx_word' id='word_1_70' title='bbox 735 674 916 708; x_wconf 74' lang='grc' dir='ltr'>ἀμυνόμενος,</span> 
     </span>
    </p>
   </div>
   <div class='ocr_carea' id='block_1_15' title="bbox 134 710 918 753">
    <p class='ocr_par' dir='ltr' id='par_1_15' title="bbox 134 710 918 753">
     <span class='ocr_line' id='line_1_15' title="bbox 134 710 918 753; baseline 0.015 -18"><span class='ocrx_word' id='word_1_71' title='bbox 134 710 151 744; x_wconf 77' lang='grc' dir='ltr'><strong>ἢ</strong></span> <span class='ocrx_word' id='word_1_72' title='bbox 171 710 332 739; x_wconf 76' lang='grc' dir='ltr'><strong>δυναστείαν</strong></span> <span class='ocrx_word' id='word_1_73' title='bbox 344 714 566 750; x_wconf 73' lang='grc' dir='ltr'><strong>δυσωπούμενος,</strong></span> <span class='ocrx_word' id='word_1_74' title='bbox 581 718 612 744; x_wconf 73' lang='grc' dir='ltr'><strong>τὺ</strong></span> <span class='ocrx_word' id='word_1_75' title='bbox 632 718 719 753; x_wconf 82' lang='grc' dir='ltr'>κρίμα</span> <span class='ocrx_word' id='word_1_76' title='bbox 740 720 918 747; x_wconf 77' lang='grc' dir='ltr'><strong>κατευθύνειν</strong></span> 
     </span>
    </p>
   </div>
   <div class='ocr_carea' id='block_1_16' title="bbox 133 755 299 785">
    <p class='ocr_par' dir='ltr' id='par_1_16' title="bbox 133 755 299 785">
     <span class='ocr_line' id='line_1_16' title="bbox 133 755 299 785; baseline 0.024 -4"><span class='ocrx_word' id='word_1_77' title='bbox 133 755 162 781; x_wconf 81' lang='grc' dir='ltr'>οὐ</span> <span class='ocrx_word' id='word_1_78' title='bbox 177 755 299 785; x_wconf 83' lang='grc' dir='ltr'>δύναται.</span> 
     </span>
    </p>
   </div>
   <div class='ocr_carea' id='block_1_17' title="bbox 170 803 916 845">
    <p class='ocr_par' dir='ltr' id='par_1_17' title="bbox 170 803 916 845">
     <span class='ocr_line' id='line_1_17' title="bbox 170 803 916 845; baseline 0.016 -17"><span class='ocrx_word' id='word_1_79' title='bbox 170 803 331 840; x_wconf 82' lang='grc' dir='ltr'><strong>Δικαιοσύνη</strong></span> <span class='ocrx_word' id='word_1_80' title='bbox 342 806 412 834; x_wconf 73' lang='grc' dir='ltr'>ἐστὶν</span> <span class='ocrx_word' id='word_1_81' title='bbox 426 807 483 841; x_wconf 73' lang='grc' dir='ltr'>ἕξις</span> <span class='ocrx_word' id='word_1_82' title='bbox 491 809 679 845; x_wconf 80' lang='grc' dir='ltr'>ἀπονεμητικὴ</span> <span class='ocrx_word' id='word_1_83' title='bbox 693 811 740 838; x_wconf 75' lang='grc' dir='ltr'><strong>τοῦ</strong></span> <span class='ocrx_word' id='word_1_84' title='bbox 752 814 813 839; x_wconf 77' lang='grc' dir='ltr'>κατ’</span> <span class='ocrx_word' id='word_1_85' title='bbox 821 813 899 845; x_wconf 74' lang='grc' dir='ltr'>ἀξίαν</span> <span class='ocrx_word' id='word_1_86' title='bbox 908 822 916 830; x_wconf 91' lang='grc'><strong>·</strong></span> 
     </span>
    </p>
   </div>
   <div class='ocr_carea' id='block_1_18' title="bbox 134 851 917 896">
    <p class='ocr_par' dir='ltr' id='par_1_18' title="bbox 134 851 917 896">
     <span class='ocr_line' id='line_1_18' title="bbox 134 851 917 896; baseline 0.015 -19"><span class='ocrx_word' id='word_1_87' title='bbox 134 851 303 887; x_wconf 80' lang='grc' dir='ltr'><strong>δυσθήρατον</strong></span> <span class='ocrx_word' id='word_1_88' title='bbox 315 855 344 881; x_wconf 69' lang='grc' dir='ltr'>δξ</span> <span class='ocrx_word' id='word_1_89' title='bbox 360 856 450 888; x_wconf 83' lang='grc' dir='ltr'>τοῦτο,</span> <span class='ocrx_word' id='word_1_90' title='bbox 468 858 523 884; x_wconf 85' lang='grc' dir='ltr'><strong>τῶν</strong></span> <span class='ocrx_word' id='word_1_91' title='bbox 539 859 589 892; x_wconf 81' lang='grc' dir='ltr'>μὲν</span> <span class='ocrx_word' id='word_1_92' title='bbox 604 859 646 886; x_wconf 78' lang='grc' dir='ltr'><strong>διὰ</strong></span> <span class='ocrx_word' id='word_1_93' title='bbox 662 860 691 886; x_wconf 82' lang='grc' dir='ltr'><strong>τὺ</strong></span> <span class='ocrx_word' id='word_1_94' title='bbox 707 862 771 895; x_wconf 78' lang='grc' dir='ltr'>περὶ</span> <span class='ocrx_word' id='word_1_95' title='bbox 787 862 836 896; x_wconf 82' lang='grc' dir='ltr'>τὴν</span> <span class='ocrx_word' id='word_1_96' title='bbox 853 863 917 896; x_wconf 68' lang='grc' dir='ltr'>φρό-</span> 
     </span>
    </p>
   </div>
   <div class='ocr_carea' id='block_1_19' title="bbox 134 899 917 942">
    <p class='ocr_par' dir='ltr' id='par_1_19' title="bbox 134 899 917 942">
     <span class='ocr_line' id='line_1_19' title="bbox 134 899 917 942; baseline 0.015 -19"><span class='ocrx_word' id='word_1_97' title='bbox 134 906 213 931; x_wconf 89' lang='grc' dir='ltr'>νησιν</span> <span class='ocrx_word' id='word_1_98' title='bbox 225 899 334 933; x_wconf 70' lang='grc' dir='ltr'>ἐλλιπὲς</span> <span class='ocrx_word' id='word_1_99' title='bbox 349 902 397 937; x_wconf 77' lang='grc' dir='ltr'><strong>οὐχ</strong></span> <span class='ocrx_word' id='word_1_100' title='bbox 415 903 598 938; x_wconf 77' lang='grc' dir='ltr'>εὑρισκόντων</span> <span class='ocrx_word' id='word_1_101' title='bbox 614 906 721 942; x_wconf 77' lang='grc' dir='ltr'><strong>ἑκάστῳ</strong></span> <span class='ocrx_word' id='word_1_102' title='bbox 734 908 873 942; x_wconf 83' lang='grc' dir='ltr'>διανεῖμαι</span> <span class='ocrx_word' id='word_1_103' title='bbox 887 909 917 935; x_wconf 67' lang='grc' dir='ltr'>το</span> 
     </span>
    </p>
   </div>
   <div class='ocr_carea' id='block_1_20' title="bbox 996 301 1104 328">
    <p class='ocr_par' dir='ltr' id='par_1_20' title="bbox 996 301 1104 328">
     <span class='ocr_line' id='line_1_20' title="bbox 996 301 1104 328; baseline 0.009 -1"><span class='ocrx_word' id='word_1_104' title='bbox 996 301 1104 328; x_wconf 87' lang='lat' dir='ltr'><strong>loriam.</strong></span> 
     </span>
    </p>
   </div>
   <div class='ocr_carea' id='block_1_21' title="bbox 978 309 1756 381">
    <p class='ocr_par' dir='ltr' id='par_1_21' title="bbox 978 309 1756 381">
     <span class='ocr_line' id='line_1_21' title="bbox 997 309 1104 328; baseline 0.009 -1"><span class='ocrx_word' id='word_1_105' title='bbox 997 309 1104 328; x_wconf 71' lang='lat' dir='ltr'><strong>tortam.</strong></span> 
     </span>
     <span class='ocr_line' id='line_1_22' title="bbox 978 309 1756 381; baseline 0.005 -9"><span class='ocrx_word' id='word_1_106' title='bbox 978 309 995 336; x_wconf 61' lang='lat'><strong>8</strong></span> <span class='ocrx_word' id='word_1_107' title='bbox 1011 344 1063 378; x_wconf 88' lang='lat' dir='ltr'><strong>Qui</strong></span> <span class='ocrx_word' id='word_1_108' title='bbox 1084 344 1153 372; x_wconf 84' lang='lat' dir='ltr'><strong>fodit</strong></span> <span class='ocrx_word' id='word_1_109' title='bbox 1170 345 1274 373; x_wconf 82' lang='lat' dir='ltr'><strong>foveam</strong></span> <span class='ocrx_word' id='word_1_110' title='bbox 1290 346 1417 381; x_wconf 72' lang='lat' dir='ltr'><strong>proximo</strong></span> <span class='ocrx_word' id='word_1_111' title='bbox 1444 353 1503 378; x_wconf 88' lang='lat' dir='ltr'><strong>suo,</strong></span> <span class='ocrx_word' id='word_1_112' title='bbox 1527 346 1629 376; x_wconf 82' lang='lat' dir='ltr'><strong>incidet</strong></span> <span class='ocrx_word' id='word_1_113' title='bbox 1641 347 1670 375; x_wconf 90' lang='lat' dir='ltr'><strong>in</strong></span> <span class='ocrx_word' id='word_1_114' title='bbox 1683 353 1756 376; x_wconf 84' lang='lat' dir='ltr'><strong>eam.</strong></span> 
     </span>
    </p>
   </div>
   <div class='ocr_carea' id='block_1_22' title="bbox 1007 434 1761 472">
    <p class='ocr_par' dir='ltr' id='par_1_22' title="bbox 1007 434 1761 472">
     <span class='ocr_line' id='line_1_23' title="bbox 1007 434 1761 472; baseline 0.007 -11"><span class='ocrx_word' id='word_1_115' title='bbox 1007 434 1091 462; x_wconf 71' lang='lat' dir='ltr'><strong>Lavit.</strong></span> <span class='ocrx_word' id='word_1_116' title='bbox 1111 443 1168 462; x_wconf 79' lang='lat' dir='ltr'><strong>nx.</strong></span> <span class='ocrx_word' id='word_1_117' title='bbox 1188 434 1304 462; x_wconf 63' lang='lat' dir='ltr'><strong>Staterae</strong></span> <span class='ocrx_word' id='word_1_118' title='bbox 1325 435 1415 469; x_wconf 68' lang='lat' dir='ltr'><strong>justzc,</strong></span> <span class='ocrx_word' id='word_1_119' title='bbox 1430 439 1458 462; x_wconf 86' lang='lat' dir='ltr'><strong>et</strong></span> <span class='ocrx_word' id='word_1_120' title='bbox 1473 435 1590 470; x_wconf 87' lang='lat' dir='ltr'><strong>pondera</strong></span> <span class='ocrx_word' id='word_1_121' title='bbox 1617 436 1703 472; x_wconf 81' lang='lat' dir='ltr'><strong>justa,</strong></span> <span class='ocrx_word' id='word_1_122' title='bbox 1733 443 1761 466; x_wconf 88' lang='lat' dir='ltr'><strong>et</strong></span> 
     </span>
    </p>
   </div>
   <div class='ocr_carea' id='block_1_23' title="bbox 974 481 1355 516">
    <p class='ocr_par' dir='ltr' id='par_1_23' title="bbox 974 481 1355 516">
     <span class='ocr_line' id='line_1_24' title="bbox 974 481 1355 516; baseline -0.003 -6"><span class='ocrx_word' id='word_1_123' title='bbox 974 482 1087 516; x_wconf 73' lang='lat' dir='ltr'><strong>congius</strong></span> <span class='ocrx_word' id='word_1_124' title='bbox 1100 482 1190 516; x_wconf 78' lang='lat' dir='ltr'><strong>justus</strong></span> <span class='ocrx_word' id='word_1_125' title='bbox 1199 482 1252 509; x_wconf 89' lang='lat' dir='ltr'><strong>erit</strong></span> <span class='ocrx_word' id='word_1_126' title='bbox 1266 481 1355 509; x_wconf 83' lang='lat' dir='ltr'><strong>vobis.</strong></span> 
     </span>
    </p>
   </div>
   <div class='ocr_carea' id='block_1_24' title="bbox 1011 527 1686 562">
    <p class='ocr_par' dir='ltr' id='par_1_24' title="bbox 1011 527 1686 562">
     <span class='ocr_line' id='line_1_25' title="bbox 1011 527 1686 562; baseline 0.004 -7"><span class='ocrx_word' id='word_1_127' title='bbox 1011 527 1068 556; x_wconf 75' lang='lat' dir='ltr'><strong>Iaa.</strong></span> <span class='ocrx_word' id='word_1_128' title='bbox 1084 527 1185 555; x_wconf 90' lang='lat' dir='ltr'><strong>Discite</strong></span> <span class='ocrx_word' id='word_1_129' title='bbox 1198 527 1331 562; x_wconf 85' lang='lat' dir='ltr'><strong>justitiam</strong></span> <span class='ocrx_word' id='word_1_130' title='bbox 1353 528 1397 562; x_wconf 90' lang='lat' dir='ltr'><strong>qui</strong></span> <span class='ocrx_word' id='word_1_131' title='bbox 1416 528 1543 556; x_wconf 72' lang='lat' dir='ltr'><strong>habitatis</strong></span> <span class='ocrx_word' id='word_1_132' title='bbox 1556 529 1583 556; x_wconf 92' lang='lat' dir='ltr'><strong>in</strong></span> <span class='ocrx_word' id='word_1_133' title='bbox 1599 534 1686 559; x_wconf 81' lang='lat' dir='ltr'><strong>terra.</strong></span> 
     </span>
    </p>
   </div>
   <div class='ocr_carea' id='block_1_25' title="bbox 1009 572 1757 609">
    <p class='ocr_par' dir='ltr' id='par_1_25' title="bbox 1009 572 1757 609">
     <span class='ocr_line' id='line_1_26' title="bbox 1009 572 1757 609; baseline 0.005 -10"><span class='ocrx_word' id='word_1_134' title='bbox 1009 573 1069 600; x_wconf 79' lang='lat' dir='ltr'><strong>Divi</strong></span> <span class='ocrx_word' id='word_1_135' title='bbox 1086 572 1188 600; x_wconf 77' lang='lat' dir='ltr'><strong>Basilii.</strong></span> <span class='ocrx_word' id='word_1_136' title='bbox 1202 573 1253 606; x_wconf 80' lang='lat' dir='ltr'><strong>Qui</strong></span> <span class='ocrx_word' id='word_1_137' title='bbox 1283 581 1376 600; x_wconf 88' lang='lat' dir='ltr'><strong>veram</strong></span> <span class='ocrx_word' id='word_1_138' title='bbox 1402 574 1534 608; x_wconf 85' lang='lat' dir='ltr'><strong>justitiam</strong></span> <span class='ocrx_word' id='word_1_139' title='bbox 1549 582 1604 602; x_wconf 84' lang='lat' dir='ltr'><strong>non</strong></span> <span class='ocrx_word' id='word_1_140' title='bbox 1642 575 1718 609; x_wconf 80' lang='lat' dir='ltr'><strong>prius</strong></span> <span class='ocrx_word' id='word_1_141' title='bbox 1732 577 1757 603; x_wconf 92' lang='lat' dir='ltr'><strong>in</strong></span> 
     </span>
    </p>
   </div>
   <div class='ocr_carea' id='block_1_26' title="bbox 972 620 1759 656">
    <p class='ocr_par' dir='ltr' id='par_1_26' title="bbox 972 620 1759 656">
     <span class='ocr_line' id='line_1_27' title="bbox 972 620 1759 656; baseline 0.006 -11"><span class='ocrx_word' id='word_1_142' title='bbox 972 620 1063 646; x_wconf 76' lang='lat' dir='ltr'><strong>animo</strong></span> <span class='ocrx_word' id='word_1_143' title='bbox 1079 620 1224 653; x_wconf 79' lang='lat' dir='ltr'><strong>repositam</strong></span> <span class='ocrx_word' id='word_1_144' title='bbox 1244 620 1333 652; x_wconf 81' lang='lat' dir='ltr'><strong>habet,</strong></span> <span class='ocrx_word' id='word_1_145' title='bbox 1347 622 1394 648; x_wconf 88' lang='lat' dir='ltr'><strong>sed</strong></span> <span class='ocrx_word' id='word_1_146' title='bbox 1411 622 1589 654; x_wconf 82' lang='lat' dir='ltr'><strong>autpecuniis</strong></span> <span class='ocrx_word' id='word_1_147' title='bbox 1601 622 1654 656; x_wconf 75' lang='grc'><strong>22</strong></span> <span class='ocrx_word' id='word_1_148' title='bbox 1665 630 1759 650; x_wconf 82' lang='lat' dir='ltr'><strong>corru-</strong></span> 
     </span>
    </p>
   </div>
   <div class='ocr_carea' id='block_1_27' title="bbox 971 665 1757 701">
    <p class='ocr_par' dir='ltr' id='par_1_27' title="bbox 971 665 1757 701">
     <span class='ocr_line' id='line_1_28' title="bbox 971 665 1757 701; baseline 0.003 -9"><span class='ocrx_word' id='word_1_149' title='bbox 971 671 1033 701; x_wconf 88' lang='lat' dir='ltr'><strong>ptus</strong></span> <span class='ocrx_word' id='word_1_150' title='bbox 1050 670 1102 697; x_wconf 85' lang='lat' dir='ltr'><strong>est,</strong></span> <span class='ocrx_word' id='word_1_151' title='bbox 1120 670 1168 692; x_wconf 89' lang='lat' dir='ltr'><strong>aut</strong></span> <span class='ocrx_word' id='word_1_152' title='bbox 1181 665 1310 692; x_wconf 71' lang='lat' dir='ltr'><strong>amicitiae</strong></span> <span class='ocrx_word' id='word_1_153' title='bbox 1327 665 1505 700; x_wconf 70' lang='lat' dir='ltr'><strong>graliﬁcatur.</strong></span> <span class='ocrx_word' id='word_1_154' title='bbox 1526 671 1572 693; x_wconf 88' lang='lat' dir='ltr'><strong>aut</strong></span> <span class='ocrx_word' id='word_1_155' title='bbox 1586 667 1757 696; x_wconf 79' lang='lat' dir='ltr'><strong>inimicitiam</strong></span> 
     </span>
    </p>
   </div>
   <div class='ocr_carea' id='block_1_28' title="bbox 971 712 1759 748">
    <p class='ocr_par' dir='ltr' id='par_1_28' title="bbox 971 712 1759 748">
     <span class='ocr_line' id='line_1_29' title="bbox 971 712 1759 748; baseline 0.005 -10"><span class='ocrx_word' id='word_1_156' title='bbox 971 712 1122 742; x_wconf 77' lang='lat' dir='ltr'><strong>ulciscitur.</strong></span> <span class='ocrx_word' id='word_1_157' title='bbox 1132 716 1179 739; x_wconf 87' lang='lat' dir='ltr'><strong>aut</strong></span> <span class='ocrx_word' id='word_1_158' title='bbox 1188 712 1306 745; x_wconf 73' lang='lat' dir='ltr'><strong>potentia</strong></span> <span class='ocrx_word' id='word_1_159' title='bbox 1315 716 1512 745; x_wconf 85' lang='lat' dir='ltr'><strong>commovetur,</strong></span> <span class='ocrx_word' id='word_1_160' title='bbox 1523 717 1625 740; x_wconf 87' lang='lat' dir='ltr'><strong>rectum</strong></span> <span class='ocrx_word' id='word_1_161' title='bbox 1638 714 1759 748; x_wconf 78' lang='lat' dir='ltr'><strong>proferre</strong></span> 
     </span>
    </p>
   </div>
   <div class='ocr_carea' id='block_1_29' title="bbox 969 757 1221 793">
    <p class='ocr_par' dir='ltr' id='par_1_29' title="bbox 969 757 1221 793">
     <span class='ocr_line' id='line_1_30' title="bbox 969 757 1221 793; baseline -0.004 -8"><span class='ocrx_word' id='word_1_162' title='bbox 969 757 1102 793; x_wconf 79' lang='lat' dir='ltr'><strong>judicium</strong></span> <span class='ocrx_word' id='word_1_163' title='bbox 1117 757 1221 792; x_wconf 78' lang='lat' dir='ltr'><strong>nequit.</strong></span> 
     </span>
    </p>
   </div>
   <div class='ocr_carea' id='block_1_30' title="bbox 1006 805 1755 842">
    <p class='ocr_par' dir='ltr' id='par_1_30' title="bbox 1006 805 1755 842">
     <span class='ocr_line' id='line_1_31' title="bbox 1006 805 1755 842; baseline 0.005 -10"><span class='ocrx_word' id='word_1_164' title='bbox 1006 805 1114 833; x_wconf 85' lang='lat' dir='ltr'><strong>Justitia</strong></span> <span class='ocrx_word' id='word_1_165' title='bbox 1136 811 1178 833; x_wconf 83' lang='lat' dir='ltr'><strong>est</strong></span> <span class='ocrx_word' id='word_1_166' title='bbox 1194 806 1316 838; x_wconf 79' lang='lat' dir='ltr'><strong>habitus.</strong></span> <span class='ocrx_word' id='word_1_167' title='bbox 1331 807 1479 837; x_wconf 83' lang='lat' dir='ltr'><strong>secundum</strong></span> <span class='ocrx_word' id='word_1_168' title='bbox 1494 807 1654 842; x_wconf 81' lang='lat' dir='ltr'><strong>dignitatem</strong></span> <span class='ocrx_word' id='word_1_169' title='bbox 1678 815 1755 836; x_wconf 85' lang='lat' dir='ltr'><strong>suam</strong></span> 
     </span>
    </p>
   </div>
   <div class='ocr_carea' id='block_1_31' title="bbox 970 851 1755 886">
    <p class='ocr_par' dir='ltr' id='par_1_31' title="bbox 970 851 1755 886">
     <span class='ocr_line' id='line_1_32' title="bbox 970 851 1755 886; baseline 0 -8"><span class='ocrx_word' id='word_1_170' title='bbox 970 852 1219 886; x_wconf 84' lang='lat' dir='ltr'><strong>cuiquetribuens.</strong></span> <span class='ocrx_word' id='word_1_171' title='bbox 1238 851 1295 879; x_wconf 88' lang='lat' dir='ltr'><strong>Hoc</strong></span> <span class='ocrx_word' id='word_1_172' title='bbox 1309 856 1401 878; x_wconf 85' lang='lat' dir='ltr'><strong>autem</strong></span> <span class='ocrx_word' id='word_1_173' title='bbox 1419 853 1550 886; x_wconf 78' lang='lat' dir='ltr'><strong>consequi</strong></span> <span class='ocrx_word' id='word_1_174' title='bbox 1569 853 1686 881; x_wconf 88' lang='lat' dir='ltr'><strong>arduum</strong></span> <span class='ocrx_word' id='word_1_175' title='bbox 1702 858 1755 884; x_wconf 78' lang='lat' dir='ltr'><strong>est,</strong></span> 
     </span>
    </p>
   </div>
   <div class='ocr_carea' id='block_1_32' title="bbox 971 897 1756 934">
    <p class='ocr_par' dir='ltr' id='par_1_32' title="bbox 971 897 1756 934">
     <span class='ocr_line' id='line_1_33' title="bbox 971 897 1756 934; baseline 0.001 -10"><span class='ocrx_word' id='word_1_176' title='bbox 971 905 1032 925; x_wconf 90' lang='lat' dir='ltr'><strong>cum</strong></span> <span class='ocrx_word' id='word_1_177' title='bbox 1049 898 1093 924; x_wconf 85' lang='lat' dir='ltr'><strong>alii</strong></span> <span class='ocrx_word' id='word_1_178' title='bbox 1111 897 1261 932; x_wconf 85' lang='lat' dir='ltr'><strong>prudentiae</strong></span> <span class='ocrx_word' id='word_1_179' title='bbox 1288 898 1446 933; x_wconf 82' lang='lat' dir='ltr'><strong>ingeniique</strong></span> <span class='ocrx_word' id='word_1_180' title='bbox 1463 898 1573 925; x_wconf 79' lang='lat' dir='ltr'><strong>defectu</strong></span> <span class='ocrx_word' id='word_1_181' title='bbox 1588 899 1652 932; x_wconf 77' lang='lat' dir='ltr'><strong>quid</strong></span> <span class='ocrx_word' id='word_1_182' title='bbox 1662 899 1756 934; x_wconf 74' lang='lat' dir='ltr'><strong>singu—</strong></span> 
     </span>
    </p>
   </div>
   <div class='ocr_carea' id='block_1_33' title="bbox 134 930 931 985">
    <p class='ocr_par' dir='ltr' id='par_1_33' title="bbox 134 930 918 985">
     <span class='ocr_line' id='line_1_34' title="bbox 134 930 918 985; baseline 0.017 -16"><span class='ocrx_word' id='word_1_183' title='bbox 134 930 202 977; x_wconf 64' lang='grc' dir='ltr'><strong>τσρν,</strong></span> <span class='ocrx_word' id='word_1_184' title='bbox 218 945 272 972; x_wconf 87' lang='grc' dir='ltr'><strong>τῶν</strong></span> <span class='ocrx_word' id='word_1_185' title='bbox 288 946 317 973; x_wconf 77' lang='grc' dir='ltr'><strong>δξ</strong></span> <span class='ocrx_word' id='word_1_186' title='bbox 325 930 375 974; x_wconf 62' lang='grc' dir='ltr'>’διὰ</span> <span class='ocrx_word' id='word_1_187' title='bbox 382 930 419 975; x_wconf 55' lang='grc' dir='ltr'>ἰδ</span> <span class='ocrx_word' id='word_1_188' title='bbox 446 930 678 985; x_wconf 34' lang='lat' dir='ltr'><strong>negauit?</strong></span> <span class='ocrx_word' id='word_1_189' title='bbox 689 930 746 980; x_wconf 46' lang='lat' dir='ltr'><strong>iis</strong></span> <span class='ocrx_word' id='word_1_190' title='bbox 753 930 918 982; x_wconf 46' lang='lat' dir='ltr'><strong>1.35mi</strong></span> 
     </span>
    </p>
   </div>
   <div class='ocr_carea' id='block_1_34' title="bbox 983 930 1753 985">
    <p class='ocr_par' dir='ltr' id='par_1_34' title="bbox 983 943 1753 978">
     <span class='ocr_line' id='line_1_35' title="bbox 983 943 1753 978; baseline 0 -8"><span class='ocrx_word' id='word_1_191' title='bbox 983 944 1004 971; x_wconf 89' lang='lat' dir='ltr'><strong>is</strong></span> <span class='ocrx_word' id='word_1_192' title='bbox 1022 944 1125 978; x_wconf 72' lang='lat' dir='ltr'><strong>aequale</strong></span> <span class='ocrx_word' id='word_1_193' title='bbox 1139 948 1167 971; x_wconf 83' lang='lat' dir='ltr'><strong>et</strong></span> <span class='ocrx_word' id='word_1_194' title='bbox 1180 951 1331 977; x_wconf 75' lang='lat' dir='ltr'><strong>congruum</strong></span> <span class='ocrx_word' id='word_1_195' title='bbox 1351 943 1517 974; x_wconf 79' lang='lat' dir='ltr'><strong>distribuant</strong></span> <span class='ocrx_word' id='word_1_196' title='bbox 1548 944 1672 972; x_wconf 83' lang='lat' dir='ltr'><strong>invenire</strong></span> <span class='ocrx_word' id='word_1_197' title='bbox 1700 952 1753 972; x_wconf 75' lang='lat' dir='ltr'><strong>non</strong></span> 
     </span>
    </p>
   </div>
   <div class='ocr_carea' id='block_1_35' title="bbox 135 990 652 1027">
    <p class='ocr_par' dir='ltr' id='par_1_35' title="bbox 135 990 652 1027">
     <span class='ocr_line' id='line_1_36' title="bbox 135 990 652 1027; baseline 0.019 -12"><span class='ocrx_word' id='word_1_198' title='bbox 135 990 279 1024; x_wconf 83' lang='grc' dir='ltr'>θρωπίνων</span> <span class='ocrx_word' id='word_1_199' title='bbox 294 993 479 1027; x_wconf 77' lang='grc' dir='ltr'>ἀφανιζόντων</span> <span class='ocrx_word' id='word_1_200' title='bbox 494 997 524 1024; x_wconf 76' lang='grc' dir='ltr'>τὸ</span> <span class='ocrx_word' id='word_1_201' title='bbox 537 997 652 1025; x_wconf 78' lang='grc' dir='ltr'>δίκαιον.</span> 
     </span>
    </p>
   </div>
   <div class='ocr_carea' id='block_1_36' title="bbox 168 1125 915 1169">
    <p class='ocr_par' dir='ltr' id='par_1_36' title="bbox 168 1125 915 1169">
     <span class='ocr_line' id='line_1_37' title="bbox 168 1125 915 1169; baseline 0.016 -18"><span class='ocrx_word' id='word_1_202' title='bbox 168 1125 238 1152; x_wconf 69' lang='grc' dir='ltr'>οὔτε</span> <span class='ocrx_word' id='word_1_203' title='bbox 256 1127 359 1159; x_wconf 79' lang='grc' dir='ltr'>πάντας</span> <span class='ocrx_word' id='word_1_204' title='bbox 378 1129 494 1157; x_wconf 72' lang='grc' dir='ltr'>ἐνταῦθα</span> <span class='ocrx_word' id='word_1_205' title='bbox 510 1132 619 1159; x_wconf 82' lang='grc' dir='ltr'>ἀπαιτεῖ</span> <span class='ocrx_word' id='word_1_206' title='bbox 639 1133 717 1169; x_wconf 80' lang='grc' dir='ltr'>δίκην</span> <span class='ocrx_word' id='word_1_207' title='bbox 736 1135 750 1161; x_wconf 80' lang='grc' dir='ltr'><strong>ὁ</strong></span> <span class='ocrx_word' id='word_1_208' title='bbox 776 1135 851 1167; x_wconf 80' lang='grc' dir='ltr'>Θεὸς,</span> <span class='ocrx_word' id='word_1_209' title='bbox 872 1136 915 1162; x_wconf 81' lang='grc' dir='ltr'>ἴνα</span> 
     </span>
    </p>
   </div>
   <div class='ocr_carea' id='block_1_37' title="bbox 134 1171 916 1217">
    <p class='ocr_par' dir='ltr' id='par_1_37' title="bbox 134 1171 916 1217">
     <span class='ocr_line' id='line_1_38' title="bbox 134 1171 916 1217; baseline 0.015 -21"><span class='ocrx_word' id='word_1_210' title='bbox 134 1171 172 1206; x_wconf 88' lang='grc' dir='ltr'>μὴ</span> <span class='ocrx_word' id='word_1_211' title='bbox 199 1172 325 1207; x_wconf 81' lang='grc' dir='ltr'>ἀπογνῷς</span> <span class='ocrx_word' id='word_1_212' title='bbox 344 1175 393 1209; x_wconf 79' lang='grc' dir='ltr'>τὴν</span> <span class='ocrx_word' id='word_1_213' title='bbox 420 1176 580 1210; x_wconf 78' lang='grc' dir='ltr'>ἀνάστασιν,</span> <span class='ocrx_word' id='word_1_214' title='bbox 613 1180 659 1205; x_wconf 72' lang='grc' dir='ltr'>καὶ</span> <span class='ocrx_word' id='word_1_215' title='bbox 684 1180 838 1217; x_wconf 82' lang='grc' dir='ltr'>ἀπελπίσῃς</span> <span class='ocrx_word' id='word_1_216' title='bbox 866 1183 916 1216; x_wconf 76' lang='grc' dir='ltr'>τὴν</span> 
     </span>
    </p>
   </div>
   <div class='ocr_carea' id='block_1_38' title="bbox 132 1217 915 1260">
    <p class='ocr_par' dir='ltr' id='par_1_38' title="bbox 132 1217 915 1260">
     <span class='ocr_line' id='line_1_39' title="bbox 132 1217 915 1260; baseline 0.015 -18"><span class='ocrx_word' id='word_1_217' title='bbox 132 1217 233 1250; x_wconf 80' lang='grc' dir='ltr'>κρίσιν,</span> <span class='ocrx_word' id='word_1_218' title='bbox 249 1218 286 1249; x_wconf 86' lang='grc' dir='ltr'><strong>ὡς</strong></span> <span class='ocrx_word' id='word_1_219' title='bbox 304 1220 411 1247; x_wconf 77' lang='grc' dir='ltr'>πάντων</span> <span class='ocrx_word' id='word_1_220' title='bbox 439 1223 556 1250; x_wconf 75' lang='grc' dir='ltr'>ἐνταῦθα</span> <span class='ocrx_word' id='word_1_221' title='bbox 581 1225 706 1251; x_wconf 81' lang='grc' dir='ltr'>διδόντων</span> <span class='ocrx_word' id='word_1_222' title='bbox 731 1226 828 1260; x_wconf 74' lang='grc' dir='ltr'>λόγον·</span> <span class='ocrx_word' id='word_1_223' title='bbox 854 1228 915 1254; x_wconf 77' lang='grc' dir='ltr'>οὔτε</span> 
     </span>
    </p>
   </div>
   <div class='ocr_carea' id='block_1_39' title="bbox 133 1261 915 1307">
    <p class='ocr_par' dir='ltr' id='par_1_39' title="bbox 133 1261 915 1307">
     <span class='ocr_line' id='line_1_40' title="bbox 133 1261 915 1307; baseline 0.018 -21"><span class='ocrx_word' id='word_1_224' title='bbox 133 1261 222 1288; x_wconf 84' lang='grc' dir='ltr'>πάντα</span> <span class='ocrx_word' id='word_1_225' title='bbox 238 1263 349 1298; x_wconf 77' lang='grc' dir='ltr'>ἀφίησιν</span> <span class='ocrx_word' id='word_1_226' title='bbox 371 1265 526 1301; x_wconf 66' lang='grc' dir='ltr'>ἀτιμωρητὶ</span> <span class='ocrx_word' id='word_1_227' title='bbox 546 1270 685 1303; x_wconf 69' lang='grc' dir='ltr'>ἀπελθεῖν,</span> <span class='ocrx_word' id='word_1_228' title='bbox 704 1271 748 1298; x_wconf 77' lang='grc' dir='ltr'><strong>ἴνα</strong></span> <span class='ocrx_word' id='word_1_229' title='bbox 773 1272 810 1307; x_wconf 82' lang='grc' dir='ltr'>μὴ</span> <span class='ocrx_word' id='word_1_230' title='bbox 833 1273 915 1300; x_wconf 81' lang='grc' dir='ltr'>πάλιν</span> 
     </span>
    </p>
   </div>
   <div class='ocr_carea' id='block_1_40' title="bbox 131 1307 666 1353">
    <p class='ocr_par' dir='ltr' id='par_1_40' title="bbox 131 1307 666 1353">
     <span class='ocr_line' id='line_1_41' title="bbox 131 1307 666 1353; baseline 0.021 -21"><span class='ocrx_word' id='word_1_231' title='bbox 131 1307 286 1343; x_wconf 79' lang='grc' dir='ltr'>ἀπρονόητα</span> <span class='ocrx_word' id='word_1_232' title='bbox 303 1309 371 1337; x_wconf 86' lang='grc' dir='ltr'>εἶναι</span> <span class='ocrx_word' id='word_1_233' title='bbox 391 1312 424 1338; x_wconf 76' lang='grc' dir='ltr'><strong>τὰ</strong></span> <span class='ocrx_word' id='word_1_234' title='bbox 440 1313 526 1341; x_wconf 84' lang='grc' dir='ltr'>πάντα</span> <span class='ocrx_word' id='word_1_235' title='bbox 540 1307 666 1353; x_wconf 55' lang='grc' dir='ltr'>νομίσηςξ</span> 
     </span>
    </p>
   </div>
   <div class='ocr_carea' id='block_1_41' title="bbox 168 1397 914 1441">
    <p class='ocr_par' dir='ltr' id='par_1_41' title="bbox 168 1397 914 1441">
     <span class='ocr_line' id='line_1_42' title="bbox 168 1397 914 1441; baseline 0.017 -20"><span class='ocrx_word' id='word_1_236' title='bbox 168 1397 330 1433; x_wconf 68' lang='grc' dir='ltr'>Δικαιοσύνη</span> <span class='ocrx_word' id='word_1_237' title='bbox 352 1399 460 1434; x_wconf 76' lang='grc' dir='ltr'>λέγεται</span> <span class='ocrx_word' id='word_1_238' title='bbox 476 1403 494 1435; x_wconf 78' lang='grc' dir='ltr'><strong>ἡ</strong></span> <span class='ocrx_word' id='word_1_239' title='bbox 517 1402 610 1430; x_wconf 72' lang='grc' dir='ltr'>ἅπασα</span> <span class='ocrx_word' id='word_1_240' title='bbox 630 1404 678 1439; x_wconf 79' lang='grc' dir='ltr'>τῆς</span> <span class='ocrx_word' id='word_1_241' title='bbox 697 1405 787 1441; x_wconf 81' lang='grc' dir='ltr'>ψυχῆς</span> <span class='ocrx_word' id='word_1_242' title='bbox 806 1408 914 1440; x_wconf 85' lang='grc' dir='ltr'>φιλοσο-</span> 
     </span>
    </p>
   </div>
   <div class='ocr_carea' id='block_1_42' title="bbox 132 1443 193 1476">
    <p class='ocr_par' dir='ltr' id='par_1_42' title="bbox 132 1443 193 1476">
     <span class='ocr_line' id='line_1_43' title="bbox 132 1443 193 1476; baseline 0.016 -7"><span class='ocrx_word' id='word_1_243' title='bbox 132 1443 193 1476; x_wconf 81' lang='grc' dir='ltr'>φία.</span> 
     </span>
    </p>
   </div>
   <div class='ocr_carea' id='block_1_43' title="bbox 169 1493 915 1535">
    <p class='ocr_par' dir='ltr' id='par_1_43' title="bbox 169 1493 915 1535">
     <span class='ocr_line' id='line_1_44' title="bbox 169 1493 915 1535; baseline 0.013 -18"><span class='ocrx_word' id='word_1_244' title='bbox 169 1493 331 1527; x_wconf 76' lang='grc' dir='ltr'>Δικαιοσύνη</span> <span class='ocrx_word' id='word_1_245' title='bbox 355 1494 429 1520; x_wconf 80' lang='grc' dir='ltr'>ἐστὶν</span> <span class='ocrx_word' id='word_1_246' title='bbox 446 1495 463 1529; x_wconf 86' lang='grc' dir='ltr'>ὴ</span> <span class='ocrx_word' id='word_1_247' title='bbox 485 1496 580 1522; x_wconf 82' lang='grc' dir='ltr'>πασῶν</span> <span class='ocrx_word' id='word_1_248' title='bbox 603 1497 656 1524; x_wconf 88' lang='grc' dir='ltr'><strong>τῶν</strong></span> <span class='ocrx_word' id='word_1_249' title='bbox 671 1498 788 1525; x_wconf 83' lang='grc' dir='ltr'>ὲντολῶν</span> <span class='ocrx_word' id='word_1_250' title='bbox 803 1499 915 1535; x_wconf 75' lang='grc' dir='ltr'>πλήρω-</span> 
     </span>
    </p>
   </div>
   <div class='ocr_carea' id='block_1_44' title="bbox 133 1546 186 1568">
    <p class='ocr_par' dir='ltr' id='par_1_44' title="bbox 133 1546 186 1568">
     <span class='ocr_line' id='line_1_45' title="bbox 133 1546 186 1568; baseline 0.019 -5"><span class='ocrx_word' id='word_1_251' title='bbox 133 1546 186 1568; x_wconf 85' lang='grc' dir='ltr'>σις.</span> 
     </span>
    </p>
   </div>
   <div class='ocr_carea' id='block_1_45' title="bbox 970 990 1755 1026">
    <p class='ocr_par' dir='ltr' id='par_1_45' title="bbox 970 990 1755 1026">
     <span class='ocr_line' id='line_1_46' title="bbox 970 990 1755 1026; baseline 0.001 -8"><span class='ocrx_word' id='word_1_252' title='bbox 970 991 1086 1026; x_wconf 85' lang='lat' dir='ltr'><strong>possint.</strong></span> <span class='ocrx_word' id='word_1_253' title='bbox 1105 990 1150 1017; x_wconf 84' lang='lat' dir='ltr'><strong>alii</strong></span> <span class='ocrx_word' id='word_1_254' title='bbox 1163 990 1380 1024; x_wconf 82' lang='lat' dir='ltr'><strong>vero.quoniam</strong></span> <span class='ocrx_word' id='word_1_255' title='bbox 1396 990 1536 1018; x_wconf 84' lang='lat' dir='ltr'><strong>aﬂ‘ectibus</strong></span> <span class='ocrx_word' id='word_1_256' title='bbox 1544 991 1670 1019; x_wconf 83' lang='lat' dir='ltr'><strong>immanis</strong></span> <span class='ocrx_word' id='word_1_257' title='bbox 1680 991 1755 1025; x_wconf 70' lang='lat' dir='ltr'><strong>prius</strong></span> 
     </span>
    </p>
   </div>
   <div class='ocr_carea' id='block_1_46' title="bbox 964 1034 1753 1070">
    <p class='ocr_par' dir='ltr' id='par_1_46' title="bbox 964 1034 1753 1070">
     <span class='ocr_line' id='line_1_47' title="bbox 964 1034 1753 1070; baseline -0.003 -7"><span class='ocrx_word' id='word_1_258' title='bbox 964 1039 1131 1070; x_wconf 83' lang='lat' dir='ltr'><strong>orcupatum</strong></span> <span class='ocrx_word' id='word_1_259' title='bbox 1166 1034 1269 1062; x_wconf 85' lang='lat' dir='ltr'><strong>habent</strong></span> <span class='ocrx_word' id='word_1_260' title='bbox 1304 1034 1439 1067; x_wconf 81' lang='lat' dir='ltr'><strong>animum,</strong></span> <span class='ocrx_word' id='word_1_261' title='bbox 1482 1034 1617 1069; x_wconf 82' lang='lat' dir='ltr'><strong>justitiam</strong></span> <span class='ocrx_word' id='word_1_262' title='bbox 1645 1034 1753 1062; x_wconf 76' lang='lat' dir='ltr'><strong>oblitte-</strong></span> 
     </span>
    </p>
   </div>
   <div class='ocr_carea' id='block_1_47' title="bbox 971 1087 1038 1108">
    <p class='ocr_par' dir='ltr' id='par_1_47' title="bbox 971 1087 1038 1108">
     <span class='ocr_line' id='line_1_48' title="bbox 971 1087 1038 1108; baseline 0 -1"><span class='ocrx_word' id='word_1_263' title='bbox 971 1087 1038 1108; x_wconf 79' lang='lat' dir='ltr'><strong>I&#39;C‘lll.</strong></span> 
     </span>
    </p>
   </div>
   <div class='ocr_carea' id='block_1_48' title="bbox 1005 1124 1755 1160">
    <p class='ocr_par' dir='ltr' id='par_1_48' title="bbox 1005 1124 1755 1160">
     <span class='ocr_line' id='line_1_49' title="bbox 1005 1124 1755 1160; baseline 0.001 -9"><span class='ocrx_word' id='word_1_264' title='bbox 1005 1125 1142 1160; x_wconf 73' lang='lat' dir='ltr'><strong>Clu-ysost.</strong></span> <span class='ocrx_word' id='word_1_265' title='bbox 1157 1125 1228 1152; x_wconf 87' lang='lat' dir='ltr'><strong>Deus</strong></span> <span class='ocrx_word' id='word_1_266' title='bbox 1245 1125 1271 1152; x_wconf 90' lang='lat' dir='ltr'><strong>in</strong></span> <span class='ocrx_word' id='word_1_267' title='bbox 1287 1125 1338 1152; x_wconf 86' lang='lat' dir='ltr'><strong>hoc</strong></span> <span class='ocrx_word' id='word_1_268' title='bbox 1356 1124 1457 1151; x_wconf 87' lang='lat' dir='ltr'><strong>mundo</strong></span> <span class='ocrx_word' id='word_1_269' title='bbox 1475 1132 1563 1159; x_wconf 88' lang='lat' dir='ltr'><strong>neque</strong></span> <span class='ocrx_word' id='word_1_270' title='bbox 1579 1126 1611 1152; x_wconf 86' lang='lat' dir='ltr'><strong>ab</strong></span> <span class='ocrx_word' id='word_1_271' title='bbox 1629 1126 1755 1152; x_wconf 84' lang='lat' dir='ltr'><strong>omnibus</strong></span> 
     </span>
    </p>
   </div>
   <div class='ocr_carea' id='block_1_49' title="bbox 970 1171 1754 1206">
    <p class='ocr_par' dir='ltr' id='par_1_49' title="bbox 970 1171 1754 1206">
     <span class='ocr_line' id='line_1_50' title="bbox 970 1171 1754 1206; baseline 0 -7"><span class='ocrx_word' id='word_1_272' title='bbox 970 1178 1076 1206; x_wconf 63' lang='lat' dir='ltr'><strong>poenam</strong></span> <span class='ocrx_word' id='word_1_273' title='bbox 1094 1171 1189 1204; x_wconf 85' lang='lat' dir='ltr'><strong>sumit,</strong></span> <span class='ocrx_word' id='word_1_274' title='bbox 1203 1178 1236 1197; x_wconf 91' lang='lat' dir='ltr'><strong>ne</strong></span> <span class='ocrx_word' id='word_1_275' title='bbox 1246 1171 1371 1205; x_wconf 80' lang='lat' dir='ltr'><strong>desperes</strong></span> <span class='ocrx_word' id='word_1_276' title='bbox 1386 1172 1623 1203; x_wconf 84' lang='lat' dir='ltr'><strong>resurrectionem,</strong></span> <span class='ocrx_word' id='word_1_277' title='bbox 1642 1176 1668 1198; x_wconf 90' lang='lat' dir='ltr'><strong>et</strong></span> <span class='ocrx_word' id='word_1_278' title='bbox 1694 1172 1754 1199; x_wconf 85' lang='lat' dir='ltr'><strong>ani-</strong></span> 
     </span>
    </p>
   </div>
   <div class='ocr_carea' id='block_1_50' title="bbox 970 1215 1755 1251">
    <p class='ocr_par' dir='ltr' id='par_1_50' title="bbox 970 1215 1755 1251">
     <span class='ocr_line' id='line_1_51' title="bbox 970 1215 1755 1251; baseline 0.003 -9"><span class='ocrx_word' id='word_1_279' title='bbox 970 1224 1043 1242; x_wconf 89' lang='lat' dir='ltr'><strong>mum</strong></span> <span class='ocrx_word' id='word_1_280' title='bbox 1064 1216 1096 1243; x_wconf 82' lang='lat' dir='ltr'><strong>de</strong></span> <span class='ocrx_word' id='word_1_281' title='bbox 1113 1216 1214 1246; x_wconf 77' lang='lat' dir='ltr'><strong>futuro,</strong></span> <span class='ocrx_word' id='word_1_282' title='bbox 1233 1215 1336 1250; x_wconf 83' lang='lat' dir='ltr'><strong>judicio</strong></span> <span class='ocrx_word' id='word_1_283' title='bbox 1348 1216 1529 1250; x_wconf 85' lang='lat' dir='ltr'><strong>despondeas,</strong></span> <span class='ocrx_word' id='word_1_284' title='bbox 1548 1222 1677 1251; x_wconf 81' lang='lat' dir='ltr'><strong>tanquam</strong></span> <span class='ocrx_word' id='word_1_285' title='bbox 1694 1225 1755 1244; x_wconf 92' lang='lat' dir='ltr'><strong>om-</strong></span> 
     </span>
    </p>
   </div>
   <div class='ocr_carea' id='block_1_51' title="bbox 969 1261 1754 1296">
    <p class='ocr_par' dir='ltr' id='par_1_51' title="bbox 969 1261 1754 1296">
     <span class='ocr_line' id='line_1_52' title="bbox 969 1261 1754 1296; baseline -0.003 -7"><span class='ocrx_word' id='word_1_286' title='bbox 969 1262 1051 1289; x_wconf 87' lang='lat' dir='ltr'><strong>nibus</strong></span> <span class='ocrx_word' id='word_1_287' title='bbox 1067 1262 1109 1288; x_wconf 82' lang='lat' dir='ltr'><strong>hie</strong></span> <span class='ocrx_word' id='word_1_288' title='bbox 1122 1262 1148 1288; x_wconf 90' lang='lat' dir='ltr'><strong>in</strong></span> <span class='ocrx_word' id='word_1_289' title='bbox 1164 1262 1308 1296; x_wconf 55' lang='lat' dir='ltr'><strong>praesentia</strong></span> <span class='ocrx_word' id='word_1_290' title='bbox 1327 1262 1461 1289; x_wconf 87' lang='lat' dir='ltr'><strong>rationem</strong></span> <span class='ocrx_word' id='word_1_291' title='bbox 1492 1261 1669 1290; x_wconf 72' lang='lat' dir='ltr'><strong>reddentibus</strong></span> <span class='ocrx_word' id='word_1_292' title='bbox 1686 1270 1754 1290; x_wconf 67' lang='grc' dir='ltr'><strong>ιυρ-</strong></span> 
     </span>
    </p>
   </div>
   <div class='ocr_carea' id='block_1_52' title="bbox 969 1309 1753 1343">
    <p class='ocr_par' dir='ltr' id='par_1_52' title="bbox 969 1309 1753 1343">
     <span class='ocr_line' id='line_1_53' title="bbox 969 1309 1753 1343; baseline 0.001 -8"><span class='ocrx_word' id='word_1_293' title='bbox 969 1317 1020 1343; x_wconf 89' lang='lat' dir='ltr'><strong>que</strong></span> <span class='ocrx_word' id='word_1_294' title='bbox 1034 1316 1127 1335; x_wconf 88' lang='lat' dir='ltr'><strong>omnes</strong></span> <span class='ocrx_word' id='word_1_295' title='bbox 1144 1310 1252 1343; x_wconf 86' lang='lat' dir='ltr'><strong>impune</strong></span> <span class='ocrx_word' id='word_1_296' title='bbox 1270 1309 1334 1336; x_wconf 86' lang='lat' dir='ltr'><strong>sinit</strong></span> <span class='ocrx_word' id='word_1_297' title='bbox 1365 1309 1451 1340; x_wconf 84' lang='lat' dir='ltr'><strong>abire,</strong></span> <span class='ocrx_word' id='word_1_298' title='bbox 1479 1316 1512 1336; x_wconf 87' lang='lat' dir='ltr'><strong>ne</strong></span> <span class='ocrx_word' id='word_1_299' title='bbox 1538 1316 1634 1336; x_wconf 89' lang='lat' dir='ltr'><strong>rursus</strong></span> <span class='ocrx_word' id='word_1_300' title='bbox 1663 1310 1753 1336; x_wconf 88' lang='lat' dir='ltr'><strong>omnia</strong></span> 
     </span>
    </p>
   </div>
   <div class='ocr_carea' id='block_1_53' title="bbox 969 1355 1477 1389">
    <p class='ocr_par' dir='ltr' id='par_1_53' title="bbox 969 1355 1477 1389">
     <span class='ocr_line' id='line_1_54' title="bbox 969 1355 1477 1389; baseline -0.002 -7"><span class='ocrx_word' id='word_1_301' title='bbox 969 1356 1037 1382; x_wconf 87' lang='lat' dir='ltr'><strong>citra</strong></span> <span class='ocrx_word' id='word_1_302' title='bbox 1052 1355 1254 1383; x_wconf 80' lang='lat' dir='ltr'><strong>Providentiam</strong></span> <span class='ocrx_word' id='word_1_303' title='bbox 1266 1355 1375 1382; x_wconf 83' lang='lat' dir='ltr'><strong>evenire</strong></span> <span class='ocrx_word' id='word_1_304' title='bbox 1389 1361 1477 1389; x_wconf 87' lang='lat' dir='ltr'><strong>putes.</strong></span> 
     </span>
    </p>
   </div>
   <div class='ocr_carea' id='block_1_54' title="bbox 1003 1401 1752 1436">
    <p class='ocr_par' dir='ltr' id='par_1_54' title="bbox 1003 1401 1752 1436">
     <span class='ocr_line' id='line_1_55' title="bbox 1003 1401 1752 1436; baseline 0 -8"><span class='ocrx_word' id='word_1_305' title='bbox 1003 1401 1113 1428; x_wconf 86' lang='lat' dir='ltr'><strong>Justitia</strong></span> <span class='ocrx_word' id='word_1_306' title='bbox 1132 1402 1287 1428; x_wconf 85' lang='lat' dir='ltr'><strong>nominatur</strong></span> <span class='ocrx_word' id='word_1_307' title='bbox 1304 1401 1430 1429; x_wconf 82' lang='lat' dir='ltr'><strong>universa</strong></span> <span class='ocrx_word' id='word_1_308' title='bbox 1457 1401 1555 1429; x_wconf 66' lang='lat' dir='ltr'><strong>animae</strong></span> <span class='ocrx_word' id='word_1_309' title='bbox 1571 1401 1752 1436; x_wconf 84' lang='lat' dir='ltr'><strong>philosophia.</strong></span> 
     </span>
    </p>
   </div>
   <div class='ocr_carea' id='block_1_55' title="bbox 1004 1491 1754 1527">
    <p class='ocr_par' dir='ltr' id='par_1_55' title="bbox 1004 1491 1754 1527">
     <span class='ocr_line' id='line_1_56' title="bbox 1004 1491 1754 1527; baseline 0.001 -9"><span class='ocrx_word' id='word_1_310' title='bbox 1004 1491 1145 1519; x_wconf 68' lang='lat' dir='ltr'><strong>Mellitum.</strong></span> <span class='ocrx_word' id='word_1_311' title='bbox 1161 1492 1270 1520; x_wconf 83' lang='lat' dir='ltr'><strong>Justitia</strong></span> <span class='ocrx_word' id='word_1_312' title='bbox 1288 1497 1331 1520; x_wconf 86' lang='lat' dir='ltr'><strong>est</strong></span> <span class='ocrx_word' id='word_1_313' title='bbox 1343 1492 1465 1520; x_wconf 87' lang='lat' dir='ltr'><strong>omnium</strong></span> <span class='ocrx_word' id='word_1_314' title='bbox 1500 1497 1696 1527; x_wconf 74' lang='lat' dir='ltr'><strong>praeceptorum</strong></span> <span class='ocrx_word' id='word_1_315' title='bbox 1711 1493 1754 1519; x_wconf 90' lang='lat' dir='ltr'><strong>in-</strong></span> 
     </span>
    </p>
   </div>
   <div class='ocr_carea' id='block_1_56' title="bbox 970 1538 1229 1572">
    <p class='ocr_par' dir='ltr' id='par_1_56' title="bbox 970 1538 1229 1572">
     <span class='ocr_line' id='line_1_57' title="bbox 970 1538 1229 1572; baseline 0.012 -8"><span class='ocrx_word' id='word_1_316' title='bbox 970 1542 1045 1572; x_wconf 79' lang='lat' dir='ltr'><strong>tegra</strong></span> <span class='ocrx_word' id='word_1_317' title='bbox 1063 1538 1229 1567; x_wconf 80' lang='lat' dir='ltr'><strong>observatio.</strong></span> 
     </span>
    </p>
   </div>
   <div class='ocr_carea' id='block_1_57' title="bbox 167 1582 931 1637">
    <p class='ocr_par' dir='ltr' id='par_1_57' title="bbox 167 1582 931 1628">
     <span class='ocr_line' id='line_1_58' title="bbox 167 1582 931 1628; baseline 0.013 -20"><span class='ocrx_word' id='word_1_318' title='bbox 167 1582 204 1609; x_wconf 78' lang='grc' dir='ltr'>Οΰ</span> <span class='ocrx_word' id='word_1_319' title='bbox 218 1583 329 1609; x_wconf 76' lang='grc' dir='ltr'>δύναται</span> <span class='ocrx_word' id='word_1_320' title='bbox 346 1584 362 1616; x_wconf 83' lang='grc' dir='ltr'>ἡ</span> <span class='ocrx_word' id='word_1_321' title='bbox 377 1584 532 1620; x_wconf 81' lang='grc' dir='ltr'>ἀνθρωπίνη</span> <span class='ocrx_word' id='word_1_322' title='bbox 552 1587 632 1620; x_wconf 83' lang='grc' dir='ltr'>φύσις</span> <span class='ocrx_word' id='word_1_323' title='bbox 653 1588 719 1614; x_wconf 84' lang='grc' dir='ltr'>αὐτὸ</span> <span class='ocrx_word' id='word_1_324' title='bbox 742 1590 871 1625; x_wconf 82' lang='grc' dir='ltr'>καθαρῶς</span> <span class='ocrx_word' id='word_1_325' title='bbox 886 1591 916 1617; x_wconf 70' lang='grc' dir='ltr'>τὸ</span> <span class='ocrx_word' id='word_1_326' title='bbox 930 1621 931 1628; x_wconf 27' lang='grc' dir='ltr'><strong>η</strong></span> 
     </span>
    </p>
   </div>
   <div class='ocr_carea' id='block_1_58' title="bbox 983 1582 1752 1637">
    <p class='ocr_par' dir='ltr' id='par_1_58' title="bbox 1004 1583 1752 1618">
     <span class='ocr_line' id='line_1_59' title="bbox 1004 1583 1752 1618; baseline -0.001 -7"><span class='ocrx_word' id='word_1_327' title='bbox 1004 1585 1106 1611; x_wconf 86' lang='lat' dir='ltr'><strong>Natura</strong></span> <span class='ocrx_word' id='word_1_328' title='bbox 1123 1585 1241 1611; x_wconf 84' lang='lat' dir='ltr'><strong>humana</strong></span> <span class='ocrx_word' id='word_1_329' title='bbox 1259 1592 1312 1611; x_wconf 88' lang='lat' dir='ltr'><strong>non</strong></span> <span class='ocrx_word' id='word_1_330' title='bbox 1330 1588 1418 1618; x_wconf 89' lang='lat' dir='ltr'><strong>potest</strong></span> <span class='ocrx_word' id='word_1_331' title='bbox 1448 1583 1534 1618; x_wconf 81' lang='lat' dir='ltr'><strong>ipsam</strong></span> <span class='ocrx_word' id='word_1_332' title='bbox 1563 1583 1698 1618; x_wconf 85' lang='lat' dir='ltr'><strong>justitiam</strong></span> <span class='ocrx_word' id='word_1_333' title='bbox 1725 1584 1752 1611; x_wconf 86' lang='lat' dir='ltr'><strong>in</strong></span> 
     </span>
    </p>
   </div>
   <div class='ocr_carea' id='block_1_59' title="bbox 131 1627 915 1672">
    <p class='ocr_par' dir='ltr' id='par_1_59' title="bbox 131 1627 915 1672">
     <span class='ocr_line' id='line_1_60' title="bbox 131 1627 915 1672; baseline 0.014 -19"><span class='ocrx_word' id='word_1_334' title='bbox 131 1627 236 1654; x_wconf 75' lang='grc' dir='ltr'>δὶκσιον</span> <span class='ocrx_word' id='word_1_335' title='bbox 249 1630 276 1655; x_wconf 77' lang='grc' dir='ltr'>ἐν</span> <span class='ocrx_word' id='word_1_336' title='bbox 290 1630 361 1664; x_wconf 76' lang='grc' dir='ltr'>ψυχῇ</span> <span class='ocrx_word' id='word_1_337' title='bbox 378 1630 536 1665; x_wconf 82' lang='grc' dir='ltr'>θεάσασθαι,</span> <span class='ocrx_word' id='word_1_338' title='bbox 552 1634 586 1660; x_wconf 79' lang='grc' dir='ltr'>τὰ</span> <span class='ocrx_word' id='word_1_339' title='bbox 607 1635 691 1661; x_wconf 86' lang='grc' dir='ltr'>πολλὰ</span> <span class='ocrx_word' id='word_1_340' title='bbox 707 1636 760 1662; x_wconf 89' lang='grc' dir='ltr'><strong>τῶν</strong></span> <span class='ocrx_word' id='word_1_341' title='bbox 774 1637 915 1672; x_wconf 70' lang='grc' dir='ltr'>λογισμῶν</span> 
     </span>
    </p>
   </div>
   <div class='ocr_carea' id='block_1_60' title="bbox 132 1674 356 1708">
    <p class='ocr_par' dir='ltr' id='par_1_60' title="bbox 132 1674 356 1708">
     <span class='ocr_line' id='line_1_61' title="bbox 132 1674 356 1708; baseline 0.009 -8"><span class='ocrx_word' id='word_1_342' title='bbox 132 1674 356 1708; x_wconf 74' lang='grc' dir='ltr'>ᾰμσλυώττουσα.</span> 
     </span>
    </p>
   </div>
   <div class='ocr_carea' id='block_1_61' title="bbox 174 1720 912 1762">
    <p class='ocr_par' dir='ltr' id='par_1_61' title="bbox 174 1720 912 1762">
     <span class='ocr_line' id='line_1_62' title="bbox 174 1720 912 1762; baseline 0.015 -16"><span class='ocrx_word' id='word_1_343' title='bbox 174 1720 218 1752; x_wconf 81' lang='grc' dir='ltr'>Ὠς</span> <span class='ocrx_word' id='word_1_344' title='bbox 230 1723 326 1755; x_wconf 71' lang='grc' dir='ltr'>ἔοικεν,</span> <span class='ocrx_word' id='word_1_345' title='bbox 340 1724 355 1756; x_wconf 85' lang='grc' dir='ltr'><strong>ἡ</strong></span> <span class='ocrx_word' id='word_1_346' title='bbox 372 1724 529 1760; x_wconf 68' lang='grc' dir='ltr'>δικαιοσύνη</span> <span class='ocrx_word' id='word_1_347' title='bbox 542 1727 713 1761; x_wconf 78' lang='grc' dir='ltr'>τετράγωνός</span> <span class='ocrx_word' id='word_1_348' title='bbox 724 1730 793 1762; x_wconf 79' lang='grc' dir='ltr'>ἐστι,</span> <span class='ocrx_word' id='word_1_349' title='bbox 812 1730 912 1757; x_wconf 79' lang='grc' dir='ltr'><strong>πᾱιντο⁸</strong></span> 
     </span>
    </p>
   </div>
   <div class='ocr_carea' id='block_1_62' title="bbox 133 1767 404 1803">
    <p class='ocr_par' dir='ltr' id='par_1_62' title="bbox 133 1767 404 1803">
     <span class='ocr_line' id='line_1_63' title="bbox 133 1767 404 1803; baseline 0.011 -11"><span class='ocrx_word' id='word_1_350' title='bbox 133 1767 178 1793; x_wconf 79' lang='grc' dir='ltr'><strong>θεν</strong></span> <span class='ocrx_word' id='word_1_351' title='bbox 192 1768 235 1803; x_wconf 78' lang='grc' dir='ltr'><strong>ἴση</strong></span> <span class='ocrx_word' id='word_1_352' title='bbox 251 1768 298 1794; x_wconf 74' lang='grc' dir='ltr'>καὶ</span> <span class='ocrx_word' id='word_1_353' title='bbox 313 1769 404 1802; x_wconf 77' lang='grc' dir='ltr'>ὁμοία.</span> 
     </span>
    </p>
   </div>
   <div class='ocr_carea' id='block_1_63' title="bbox 174 1812 915 1856">
    <p class='ocr_par' dir='ltr' id='par_1_63' title="bbox 174 1812 915 1856">
     <span class='ocr_line' id='line_1_64' title="bbox 174 1812 915 1856; baseline 0.015 -18"><span class='ocrx_word' id='word_1_354' title='bbox 174 1812 206 1839; x_wconf 81' lang='grc' dir='ltr'><strong>Ἦ</strong></span> <span class='ocrx_word' id='word_1_355' title='bbox 229 1814 275 1840; x_wconf 81' lang='grc' dir='ltr'>τοῦ</span> <span class='ocrx_word' id='word_1_356' title='bbox 299 1815 366 1841; x_wconf 76' lang='grc' dir='ltr'>Θεοῦ</span> <span class='ocrx_word' id='word_1_357' title='bbox 388 1816 570 1852; x_wconf 78' lang='grc' dir='ltr'>δικαιοκρισία</span> <span class='ocrx_word' id='word_1_358' title='bbox 601 1820 659 1850; x_wconf 80' lang='grc' dir='ltr'>ταῖς</span> <span class='ocrx_word' id='word_1_359' title='bbox 684 1821 834 1856; x_wconf 77' lang='grc' dir='ltr'>ἡμετέραις</span> <span class='ocrx_word' id='word_1_360' title='bbox 858 1822 915 1848; x_wconf 88' lang='grc' dir='ltr'>δια-</span> 
     </span>
    </p>
   </div>
   <div class='ocr_carea' id='block_1_64' title="bbox 134 1860 914 1903">
    <p class='ocr_par' dir='ltr' id='par_1_64' title="bbox 134 1860 914 1903">
     <span class='ocr_line' id='line_1_65' title="bbox 134 1860 914 1903; baseline 0.012 -17"><span class='ocrx_word' id='word_1_361' title='bbox 134 1860 241 1886; x_wconf 74' lang='grc' dir='ltr'>θέσεσιν</span> <span class='ocrx_word' id='word_1_362' title='bbox 255 1861 437 1895; x_wconf 81' lang='grc' dir='ltr'>ἐξομοιοῦται,</span> <span class='ocrx_word' id='word_1_363' title='bbox 451 1864 497 1889; x_wconf 70' lang='grc' dir='ltr'>καὶ</span> <span class='ocrx_word' id='word_1_364' title='bbox 510 1861 608 1899; x_wconf 81' lang='grc' dir='ltr'>οἷάπερ</span> <span class='ocrx_word' id='word_1_365' title='bbox 624 1865 657 1891; x_wconf 84' lang='grc' dir='ltr'>ἂν</span> <span class='ocrx_word' id='word_1_366' title='bbox 673 1866 707 1892; x_wconf 79' lang='grc' dir='ltr'><strong>τὰ</strong></span> <span class='ocrx_word' id='word_1_367' title='bbox 719 1866 784 1900; x_wconf 82' lang='grc' dir='ltr'>παρ’</span> <span class='ocrx_word' id='word_1_368' title='bbox 799 1865 914 1903; x_wconf 81' lang='grc' dir='ltr'>ήμῶνῇ,</span> 
     </span>
    </p>
   </div>
   <div class='ocr_carea' id='block_1_65' title="bbox 133 1905 794 1946">
    <p class='ocr_par' dir='ltr' id='par_1_65' title="bbox 133 1905 794 1946">
     <span class='ocr_line' id='line_1_66' title="bbox 133 1905 794 1946; baseline 0.012 -15"><span class='ocrx_word' id='word_1_369' title='bbox 133 1905 244 1932; x_wconf 74' lang='grc' dir='ltr'>τοιαῦτα</span> <span class='ocrx_word' id='word_1_370' title='bbox 263 1907 327 1941; x_wconf 74' lang='grc' dir='ltr'>ἡμῖν</span> <span class='ocrx_word' id='word_1_371' title='bbox 341 1908 372 1934; x_wconf 84' lang='grc' dir='ltr'>ἐκ</span> <span class='ocrx_word' id='word_1_372' title='bbox 390 1908 442 1935; x_wconf 87' lang='grc' dir='ltr'><strong>τῶν</strong></span> <span class='ocrx_word' id='word_1_373' title='bbox 458 1909 560 1944; x_wconf 80' lang='grc' dir='ltr'>ὁμοίων</span> <span class='ocrx_word' id='word_1_374' title='bbox 573 1910 794 1946; x_wconf 74' lang='grc' dir='ltr'>ἀντιπαρέχεται.</span> 
     </span>
    </p>
   </div>
   <div class='ocr_carea' id='block_1_66' title="bbox 168 1995 915 2036">
    <p class='ocr_par' dir='ltr' id='par_1_66' title="bbox 168 1995 915 2036">
     <span class='ocr_line' id='line_1_67' title="bbox 168 1995 915 2036; baseline 0.012 -16"><span class='ocrx_word' id='word_1_375' title='bbox 168 1995 205 2021; x_wconf 77' lang='grc' dir='ltr'><strong>Οὐ</strong></span> <span class='ocrx_word' id='word_1_376' title='bbox 223 1996 337 2030; x_wconf 76' lang='grc' dir='ltr'>λέγομεν</span> <span class='ocrx_word' id='word_1_377' title='bbox 353 1998 460 2030; x_wconf 79' lang='grc' dir='ltr'>φονέας,</span> <span class='ocrx_word' id='word_1_378' title='bbox 478 1999 493 2034; x_wconf 83' lang='grc' dir='ltr'>ἤ</span> <span class='ocrx_word' id='word_1_379' title='bbox 507 2000 631 2034; x_wconf 78' lang='grc' dir='ltr'>αἱμάτων</span> <span class='ocrx_word' id='word_1_380' title='bbox 646 2001 756 2036; x_wconf 80' lang='grc' dir='ltr'>ἄνδρας,</span> <span class='ocrx_word' id='word_1_381' title='bbox 769 2003 831 2033; x_wconf 80' lang='grc' dir='ltr'>τοὺς</span> <span class='ocrx_word' id='word_1_382' title='bbox 845 2003 915 2030; x_wconf 84' lang='grc' dir='ltr'>κατὰ</span> 
     </span>
    </p>
   </div>
   <div class='ocr_carea' id='block_1_67' title="bbox 133 2040 915 2080">
    <p class='ocr_par' dir='ltr' id='par_1_67' title="bbox 133 2040 915 2080">
     <span class='ocr_line' id='line_1_68' title="bbox 133 2040 915 2080; baseline 0.013 -14"><span class='ocrx_word' id='word_1_383' title='bbox 133 2040 220 2072; x_wconf 78' lang='grc' dir='ltr'>θείους</span> <span class='ocrx_word' id='word_1_384' title='bbox 246 2043 345 2077; x_wconf 84' lang='grc' dir='ltr'>νόμους</span> <span class='ocrx_word' id='word_1_385' title='bbox 366 2044 579 2078; x_wconf 81' lang='grc' dir='ltr'>ἀποκτείνοντας</span> <span class='ocrx_word' id='word_1_386' title='bbox 597 2047 661 2079; x_wconf 82' lang='grc' dir='ltr'>τοὺς</span> <span class='ocrx_word' id='word_1_387' title='bbox 679 2048 772 2080; x_wconf 74' lang='grc' dir='ltr'>ἀξίους</span> <span class='ocrx_word' id='word_1_388' title='bbox 794 2048 840 2075; x_wconf 85' lang='grc' dir='ltr'>τοῦ</span> <span class='ocrx_word' id='word_1_389' title='bbox 863 2058 915 2076; x_wconf 82' lang='grc' dir='ltr'>πα-</span> 
     </span>
    </p>
   </div>
   <div class='ocr_carea' id='block_1_68' title="bbox 132 2086 658 2125">
    <p class='ocr_par' dir='ltr' id='par_1_68' title="bbox 132 2086 658 2125">
     <span class='ocr_line' id='line_1_69' title="bbox 132 2086 658 2125; baseline 0.013 -13"><span class='ocrx_word' id='word_1_390' title='bbox 132 2086 199 2121; x_wconf 82' lang='grc' dir='ltr'>θεῖν,</span> <span class='ocrx_word' id='word_1_391' title='bbox 217 2088 253 2119; x_wconf 78' lang='grc' dir='ltr'>ὡς</span> <span class='ocrx_word' id='word_1_392' title='bbox 273 2088 333 2114; x_wconf 79' lang='grc' dir='ltr'>οὐδὲ</span> <span class='ocrx_word' id='word_1_393' title='bbox 350 2089 476 2125; x_wconf 61' lang='grc' dir='ltr'>Σαμουὴλ</span> <span class='ocrx_word' id='word_1_394' title='bbox 491 2092 538 2117; x_wconf 71' lang='grc' dir='ltr'>καὶ</span> <span class='ocrx_word' id='word_1_395' title='bbox 553 2092 658 2119; x_wconf 81' lang='grc' dir='ltr'>Ἠλίαν.</span> 
     </span>
    </p>
   </div>
   <div class='ocr_carea' id='block_1_69' title="bbox 198 2177 773 2219">
    <p class='ocr_par' dir='ltr' id='par_1_69' title="bbox 198 2177 773 2219">
     <span class='ocr_line' id='line_1_70' title="bbox 198 2177 773 2219; baseline 0.014 -16"><span class='ocrx_word' id='word_1_396' title='bbox 198 2177 336 2205; x_wconf 85' lang='grc' dir='ltr'>Ἀδικείτω</span> <span class='ocrx_word' id='word_1_397' title='bbox 354 2187 388 2214; x_wconf 84' lang='grc' dir='ltr'><strong>με</strong></span> <span class='ocrx_word' id='word_1_398' title='bbox 404 2179 541 2214; x_wconf 85' lang='grc' dir='ltr'>πλούσιος,</span> <span class='ocrx_word' id='word_1_399' title='bbox 558 2183 605 2208; x_wconf 64' lang='grc' dir='ltr'>καὶ</span> <span class='ocrx_word' id='word_1_400' title='bbox 626 2183 663 2217; x_wconf 87' lang='grc' dir='ltr'>μὴ</span> <span class='ocrx_word' id='word_1_401' title='bbox 681 2184 773 2219; x_wconf 71' lang='grc' dir='ltr'>πένης.</span> 
     </span>
    </p>
   </div>
   <div class='ocr_carea' id='block_1_70' title="bbox 191 2265 794 2307">
    <p class='ocr_par' dir='ltr' id='par_1_70' title="bbox 191 2265 794 2307">
     <span class='ocr_line' id='line_1_71' title="bbox 191 2265 794 2307; baseline 0.012 -14"><span class='ocrx_word' id='word_1_402' title='bbox 191 2265 270 2301; x_wconf 78' lang='grc' dir='ltr'>Ῥᾷον</span> <span class='ocrx_word' id='word_1_403' title='bbox 289 2268 383 2303; x_wconf 83' lang='grc' dir='ltr'>φέρειν</span> <span class='ocrx_word' id='word_1_404' title='bbox 398 2270 452 2304; x_wconf 86' lang='grc' dir='ltr'>γὰρ</span> <span class='ocrx_word' id='word_1_405' title='bbox 466 2272 625 2306; x_wconf 80' lang='grc' dir='ltr'>κρειττόνων</span> <span class='ocrx_word' id='word_1_406' title='bbox 640 2274 794 2307; x_wconf 82' lang='grc' dir='ltr'>τυραννίδα.</span> 
     </span>
    </p>
   </div>
   <div class='ocr_carea' id='block_1_71' title="bbox 173 2358 914 2400">
    <p class='ocr_par' dir='ltr' id='par_1_71' title="bbox 173 2358 914 2400">
     <span class='ocr_line' id='line_1_72' title="bbox 173 2358 914 2400; baseline 0.013 -16"><span class='ocrx_word' id='word_1_407' title='bbox 173 2358 384 2394; x_wconf 77' lang='grc' dir='ltr'>’Δγωνιζόμενος</span> <span class='ocrx_word' id='word_1_408' title='bbox 400 2361 470 2396; x_wconf 79' lang='grc' dir='ltr'><strong>ὑπὲρ</strong></span> <span class='ocrx_word' id='word_1_409' title='bbox 482 2359 513 2389; x_wconf 72' lang='grc' dir='ltr'><strong>οὗ</strong></span> <span class='ocrx_word' id='word_1_410' title='bbox 531 2363 630 2395; x_wconf 75' lang='grc' dir='ltr'>ἀδίκως</span> <span class='ocrx_word' id='word_1_411' title='bbox 646 2364 769 2400; x_wconf 79' lang='grc' dir='ltr'>ἔπραξας</span> <span class='ocrx_word' id='word_1_412' title='bbox 783 2388 789 2399; x_wconf 89' lang='lat'><strong><em>,</em></strong></span> <span class='ocrx_word' id='word_1_413' title='bbox 803 2367 844 2399; x_wconf 74' lang='grc' dir='ltr'><strong>δὶς</strong></span> <span class='ocrx_word' id='word_1_414' title='bbox 859 2367 914 2394; x_wconf 83' lang='grc' dir='ltr'>ἀδι-</span> 
     </span>
    </p>
   </div>
   <div class='ocr_carea' id='block_1_72' title="bbox 133 2405 240 2441">
    <p class='ocr_par' dir='ltr' id='par_1_72' title="bbox 133 2405 240 2441">
     <span class='ocr_line' id='line_1_73' title="bbox 133 2405 240 2441; baseline 0.028 -10"><span class='ocrx_word' id='word_1_415' title='bbox 133 2405 240 2441; x_wconf 78' lang='grc' dir='ltr'>κήσεις.</span> 
     </span>
    </p>
   </div>
   <div class='ocr_carea' id='block_1_73' title="bbox 190 2453 745 2491">
    <p class='ocr_par' dir='ltr' id='par_1_73' title="bbox 190 2453 745 2491">
     <span class='ocr_line' id='line_1_74' title="bbox 190 2453 745 2491; baseline 0.009 -12"><span class='ocrx_word' id='word_1_416' title='bbox 190 2453 273 2488; x_wconf 78' lang='grc' dir='ltr'>’Δνὴρ</span> <span class='ocrx_word' id='word_1_417' title='bbox 288 2454 391 2486; x_wconf 85' lang='grc' dir='ltr'>δίκαιός</span> <span class='ocrx_word' id='word_1_418' title='bbox 403 2456 476 2481; x_wconf 77' lang='grc' dir='ltr'>ἐστιν</span> <span class='ocrx_word' id='word_1_419' title='bbox 491 2457 539 2490; x_wconf 74' lang='grc' dir='ltr'>οὐχ</span> <span class='ocrx_word' id='word_1_420' title='bbox 554 2456 567 2482; x_wconf 79' lang='grc' dir='ltr'><strong>ὸ</strong></span> <span class='ocrx_word' id='word_1_421' title='bbox 586 2456 621 2491; x_wconf 85' lang='grc' dir='ltr'>μὴ</span> <span class='ocrx_word' id='word_1_422' title='bbox 636 2457 745 2490; x_wconf 81' lang='grc' dir='ltr'>ἀδικῶν,</span> 
     </span>
    </p>
   </div>
   <div class='ocr_carea' id='block_1_74' title="bbox 189 2498 834 2537">
    <p class='ocr_par' dir='ltr' id='par_1_74' title="bbox 189 2498 834 2537">
     <span class='ocr_line' id='line_1_75' title="bbox 189 2498 834 2537; baseline 0.011 -13"><span class='ocrx_word' id='word_1_423' title='bbox 189 2498 260 2525; x_wconf 80' lang='grc' dir='ltr'>Ἀλλ’</span> <span class='ocrx_word' id='word_1_424' title='bbox 273 2500 347 2531; x_wconf 84' lang='grc' dir='ltr'>ὅστις</span> <span class='ocrx_word' id='word_1_425' title='bbox 362 2500 463 2526; x_wconf 79' lang='grc' dir='ltr'>ἀδικεῖν</span> <span class='ocrx_word' id='word_1_426' title='bbox 476 2500 635 2535; x_wconf 85' lang='grc' dir='ltr'>δυνάμενος,</span> <span class='ocrx_word' id='word_1_427' title='bbox 651 2504 682 2528; x_wconf 80' lang='grc' dir='ltr'>οὐ</span> <span class='ocrx_word' id='word_1_428' title='bbox 700 2503 834 2537; x_wconf 85' lang='grc' dir='ltr'>βούλεται,</span> 
     </span>
    </p>
   </div>
   <div class='ocr_carea' id='block_1_75' title="bbox 167 2543 914 2585">
    <p class='ocr_par' dir='ltr' id='par_1_75' title="bbox 167 2543 914 2585">
     <span class='ocr_line' id='line_1_76' title="bbox 167 2543 914 2585; baseline 0.011 -15"><span class='ocrx_word' id='word_1_429' title='bbox 167 2543 199 2571; x_wconf 79' lang='lat' dir='ltr'><strong>El</strong></span> <span class='ocrx_word' id='word_1_430' title='bbox 217 2544 307 2578; x_wconf 87' lang='grc' dir='ltr'>βούλει</span> <span class='ocrx_word' id='word_1_431' title='bbox 324 2546 372 2576; x_wconf 78' lang='grc' dir='ltr'><strong>τὰς</strong></span> <span class='ocrx_word' id='word_1_432' title='bbox 396 2546 501 2581; x_wconf 86' lang='grc' dir='ltr'>κρίσεις</span> <span class='ocrx_word' id='word_1_433' title='bbox 516 2546 623 2577; x_wconf 81' lang='grc' dir='ltr'>δικαίας</span> <span class='ocrx_word' id='word_1_434' title='bbox 641 2549 788 2581; x_wconf 81' lang='grc' dir='ltr'>ποιεῖσθαι,</span> <span class='ocrx_word' id='word_1_435' title='bbox 810 2551 914 2585; x_wconf 82' lang='grc' dir='ltr'>μηδένα</span> 
     </span>
    </p>
   </div>
   <div class='ocr_carea' id='block_1_76' title="bbox 129 2589 912 2630">
    <p class='ocr_par' dir='ltr' id='par_1_76' title="bbox 129 2589 912 2630">
     <span class='ocr_line' id='line_1_77' title="bbox 129 2589 912 2630; baseline 0.011 -15"><span class='ocrx_word' id='word_1_436' title='bbox 129 2589 184 2616; x_wconf 83' lang='grc' dir='ltr'><strong>τῶν</strong></span> <span class='ocrx_word' id='word_1_437' title='bbox 201 2590 387 2625; x_wconf 81' lang='grc' dir='ltr'>δικαζομένων</span> <span class='ocrx_word' id='word_1_438' title='bbox 412 2592 459 2618; x_wconf 85' lang='grc' dir='ltr'>καὶ</span> <span class='ocrx_word' id='word_1_439' title='bbox 475 2592 718 2627; x_wconf 78' lang='grc' dir='ltr'>δικαιολογούντων</span> <span class='ocrx_word' id='word_1_440' title='bbox 736 2596 912 2630; x_wconf 79' lang='grc' dir='ltr'>ὲπιγίνωσκε,</span> 
     </span>
    </p>
   </div>
   <div class='ocr_carea' id='block_1_77' title="bbox 129 2632 456 2670">
    <p class='ocr_par' dir='ltr' id='par_1_77' title="bbox 129 2632 456 2670">
     <span class='ocr_line' id='line_1_78' title="bbox 129 2632 456 2670; baseline 0.009 -12"><span class='ocrx_word' id='word_1_441' title='bbox 129 2632 187 2659; x_wconf 81' lang='grc' dir='ltr'>ἀλλ’</span> <span class='ocrx_word' id='word_1_442' title='bbox 205 2633 289 2668; x_wconf 83' lang='grc' dir='ltr'>αὐτὴν</span> <span class='ocrx_word' id='word_1_443' title='bbox 300 2634 349 2669; x_wconf 78' lang='grc' dir='ltr'>τὴν</span> <span class='ocrx_word' id='word_1_444' title='bbox 368 2634 456 2670; x_wconf 78' lang='grc' dir='ltr'>δίκην.</span> 
     </span>
    </p>
   </div>
   <div class='ocr_carea' id='block_1_78' title="bbox 172 2679 912 2719">
    <p class='ocr_par' dir='ltr' id='par_1_78' title="bbox 172 2679 912 2719">
     <span class='ocr_line' id='line_1_79' title="bbox 172 2679 912 2719; baseline 0.012 -14"><span class='ocrx_word' id='word_1_445' title='bbox 172 2679 308 2715; x_wconf 81' lang='grc' dir='ltr'>’Δσφαλὴς</span> <span class='ocrx_word' id='word_1_446' title='bbox 326 2682 386 2714; x_wconf 72' lang='grc' dir='ltr'><strong>ζπᾶς</strong></span> <span class='ocrx_word' id='word_1_447' title='bbox 411 2684 490 2713; x_wconf 69' lang='grc' dir='ltr'>τόπος</span> <span class='ocrx_word' id='word_1_448' title='bbox 515 2683 553 2717; x_wconf 84' lang='grc' dir='ltr'>τῷ</span> <span class='ocrx_word' id='word_1_449' title='bbox 576 2683 657 2716; x_wconf 80' lang='grc' dir='ltr'>ζῶντι</span> <span class='ocrx_word' id='word_1_450' title='bbox 682 2685 751 2719; x_wconf 84' lang='grc' dir='ltr'>μετὰ</span> <span class='ocrx_word' id='word_1_451' title='bbox 775 2687 912 2714; x_wconf 83' lang='grc' dir='ltr'>δικαιοσύ-</span> 
     </span>
    </p>
   </div>
   <div class='ocr_carea' id='block_1_79' title="bbox 129 2734 188 2759">
    <p class='ocr_par' dir='ltr' id='par_1_79' title="bbox 129 2734 188 2759">
     <span class='ocr_line' id='line_1_80' title="bbox 129 2734 188 2759; baseline 0 -7"><span class='ocrx_word' id='word_1_452' title='bbox 129 2734 188 2759; x_wconf 85' lang='grc' dir='ltr'>νης.</span> 
     </span>
    </p>
   </div>
   <div class='ocr_carea' id='block_1_80' title="bbox 166 2773 807 2811">
    <p class='ocr_par' dir='ltr' id='par_1_80' title="bbox 166 2773 807 2811">
     <span class='ocr_line' id='line_1_81' title="bbox 166 2773 807 2811; baseline 0.011 -12"><span class='ocrx_word' id='word_1_453' title='bbox 166 2773 293 2807; x_wconf 84' lang='grc' dir='ltr'>Χρηστοῦ</span> <span class='ocrx_word' id='word_1_454' title='bbox 306 2773 375 2808; x_wconf 74' lang='grc' dir='ltr'>πρὸς</span> <span class='ocrx_word' id='word_1_455' title='bbox 388 2775 483 2808; x_wconf 69' lang='grc' dir='ltr'>ἀνδρὸς</span> <span class='ocrx_word' id='word_1_456' title='bbox 500 2776 583 2811; x_wconf 82' lang='grc' dir='ltr'>μηδὲν</span> <span class='ocrx_word' id='word_1_457' title='bbox 593 2776 699 2805; x_wconf 80' lang='grc' dir='ltr'>ὑπονόει</span> <span class='ocrx_word' id='word_1_458' title='bbox 712 2779 807 2806; x_wconf 83' lang='grc' dir='ltr'>κακόν.</span> 
     </span>
    </p>
   </div>
   <div class='ocr_carea' id='block_1_81' title="bbox 183 2818 822 2859">
    <p class='ocr_par' dir='ltr' id='par_1_81' title="bbox 183 2818 822 2859">
     <span class='ocr_line' id='line_1_82' title="bbox 183 2818 822 2859; baseline 0.013 -15"><span class='ocrx_word' id='word_1_459' title='bbox 183 2818 293 2850; x_wconf 87' lang='grc' dir='ltr'>Δίκαιος</span> <span class='ocrx_word' id='word_1_460' title='bbox 309 2819 363 2854; x_wconf 80' lang='grc' dir='ltr'><strong>γὰρ</strong></span> <span class='ocrx_word' id='word_1_461' title='bbox 371 2819 474 2847; x_wconf 75' lang='grc' dir='ltr'>ἀδικεῖν</span> <span class='ocrx_word' id='word_1_462' title='bbox 490 2822 539 2848; x_wconf 84' lang='grc' dir='ltr'>οὐκ</span> <span class='ocrx_word' id='word_1_463' title='bbox 553 2822 697 2851; x_wconf 68' lang='grc' dir='ltr'>ἐπίσταται</span> <span class='ocrx_word' id='word_1_464' title='bbox 713 2825 822 2859; x_wconf 79' lang='grc' dir='ltr'>τρόπος.</span> 
     </span>
    </p>
   </div>
   <div class='ocr_carea' id='block_1_82' title="bbox 163 2864 943 2900">
    <p class='ocr_par' dir='ltr' id='par_1_82' title="bbox 163 2864 943 2900">
     <span class='ocr_line' id='line_1_83' title="bbox 163 2864 943 2900; baseline 0.013 -11"><span class='ocrx_word' id='word_1_465' title='bbox 163 2864 259 2890; x_wconf 83' lang='grc' dir='ltr'>Δίκαια</span> <span class='ocrx_word' id='word_1_466' title='bbox 281 2864 330 2899; x_wconf 69' lang='grc' dir='ltr'>μὲν</span> <span class='ocrx_word' id='word_1_467' title='bbox 353 2865 408 2900; x_wconf 82' lang='grc' dir='ltr'><strong>γὰρ</strong></span> <span class='ocrx_word' id='word_1_468' title='bbox 422 2865 545 2900; x_wconf 84' lang='grc' dir='ltr'>λέγοντες</span> <span class='ocrx_word' id='word_1_469' title='bbox 562 2868 663 2900; x_wconf 81' lang='grc' dir='ltr'>πολλοὶ,</span> <span class='ocrx_word' id='word_1_470' title='bbox 677 2869 757 2897; x_wconf 74' lang='grc' dir='ltr'>ἄδικα</span> <span class='ocrx_word' id='word_1_471' title='bbox 782 2865 909 2898; x_wconf 75' lang='grc' dir='ltr'>ποιοῦσί·</span> <span class='ocrx_word' id='word_1_472' title='bbox 940 2882 943 2884; x_wconf 55' lang='grc' dir='ltr'><strong>λ</strong></span> 
     </span>
    </p>
   </div>
   <div class='ocr_carea' id='block_1_83' title="bbox 91 2908 801 2951">
    <p class='ocr_par' dir='ltr' id='par_1_83' title="bbox 91 2908 801 2951">
     <span class='ocr_line' id='line_1_84' title="bbox 91 2908 801 2951; baseline 0.01 -15"><span class='ocrx_word' id='word_1_473' title='bbox 91 2926 96 2929; x_wconf 91' lang='grc'><strong>-</strong></span> <span class='ocrx_word' id='word_1_474' title='bbox 127 2908 220 2936; x_wconf 77' lang='grc' dir='ltr'>δίκαια</span> <span class='ocrx_word' id='word_1_475' title='bbox 233 2909 261 2935; x_wconf 78' lang='grc' dir='ltr'>δὲ</span> <span class='ocrx_word' id='word_1_476' title='bbox 274 2910 452 2945; x_wconf 76' lang='grc' dir='ltr'>πραττόντων</span> <span class='ocrx_word' id='word_1_477' title='bbox 469 2911 522 2938; x_wconf 81' lang='grc' dir='ltr'>οὐδ’</span> <span class='ocrx_word' id='word_1_478' title='bbox 535 2912 569 2939; x_wconf 82' lang='grc' dir='ltr'><strong>ἃν</strong></span> <span class='ocrx_word' id='word_1_479' title='bbox 587 2911 625 2945; x_wconf 74' lang='grc' dir='ltr'>εἷς</span> <span class='ocrx_word' id='word_1_480' title='bbox 642 2915 734 2947; x_wconf 76' lang='grc' dir='ltr'>ἄδικος</span> <span class='ocrx_word' id='word_1_481' title='bbox 748 2916 801 2951; x_wconf 74' lang='grc' dir='ltr'>ειη.</span> 
     </span>
    </p>
   </div>
   <div class='ocr_carea' id='block_1_84' title="bbox 968 1630 1753 1665">
    <p class='ocr_par' dir='ltr' id='par_1_84' title="bbox 968 1630 1753 1665">
     <span class='ocr_line' id='line_1_85' title="bbox 968 1630 1753 1665; baseline -0.001 -8"><span class='ocrx_word' id='word_1_482' title='bbox 968 1630 1057 1657; x_wconf 67' lang='lat' dir='ltr'><strong>anima</strong></span> <span class='ocrx_word' id='word_1_483' title='bbox 1072 1638 1138 1664; x_wconf 87' lang='lat' dir='ltr'><strong>pure</strong></span> <span class='ocrx_word' id='word_1_484' title='bbox 1155 1630 1322 1664; x_wconf 79' lang='lat' dir='ltr'><strong>conspicere,</strong></span> <span class='ocrx_word' id='word_1_485' title='bbox 1341 1638 1402 1656; x_wconf 84' lang='lat' dir='ltr'><strong>cum</strong></span> <span class='ocrx_word' id='word_1_486' title='bbox 1419 1630 1446 1656; x_wconf 85' lang='lat' dir='ltr'><strong>in</strong></span> <span class='ocrx_word' id='word_1_487' title='bbox 1463 1630 1600 1665; x_wconf 84' lang='lat' dir='ltr'><strong>plerisque</strong></span> <span class='ocrx_word' id='word_1_488' title='bbox 1610 1630 1753 1664; x_wconf 81' lang='lat' dir='ltr'><strong>cogitatio-</strong></span> 
     </span>
    </p>
   </div>
   <div class='ocr_carea' id='block_1_85' title="bbox 967 1675 1194 1703">
    <p class='ocr_par' dir='ltr' id='par_1_85' title="bbox 967 1675 1194 1703">
     <span class='ocr_line' id='line_1_86' title="bbox 967 1675 1194 1703; baseline -0.004 -1"><span class='ocrx_word' id='word_1_489' title='bbox 967 1677 1047 1703; x_wconf 78' lang='lat' dir='ltr'><strong>nibus</strong></span> <span class='ocrx_word' id='word_1_490' title='bbox 1062 1675 1194 1702; x_wconf 66' lang='lat' dir='ltr'><strong>caacutiat.</strong></span> 
     </span>
    </p>
   </div>
   <div class='ocr_carea' id='block_1_86' title="bbox 1001 1719 1753 1755">
    <p class='ocr_par' dir='ltr' id='par_1_86' title="bbox 1001 1719 1753 1755">
     <span class='ocr_line' id='line_1_87' title="bbox 1001 1719 1753 1755; baseline -0.003 -7"><span class='ocrx_word' id='word_1_491' title='bbox 1001 1721 1121 1752; x_wconf 84' lang='lat' dir='ltr'><strong>Justitia,</strong></span> <span class='ocrx_word' id='word_1_492' title='bbox 1138 1725 1166 1747; x_wconf 89' lang='lat' dir='ltr'><strong>ut</strong></span> <span class='ocrx_word' id='word_1_493' title='bbox 1187 1721 1302 1753; x_wconf 84' lang='lat' dir='ltr'><strong>videtur,</strong></span> <span class='ocrx_word' id='word_1_494' title='bbox 1326 1720 1458 1755; x_wconf 85' lang='lat' dir='ltr'><strong>quadrata</strong></span> <span class='ocrx_word' id='word_1_495' title='bbox 1491 1724 1542 1753; x_wconf 86' lang='lat' dir='ltr'><strong>est,</strong></span> <span class='ocrx_word' id='word_1_496' title='bbox 1574 1719 1753 1755; x_wconf 87' lang='lat' dir='ltr'><strong>undecunque</strong></span> 
     </span>
    </p>
   </div>
   <div class='ocr_carea' id='block_1_87' title="bbox 966 1766 1330 1801">
    <p class='ocr_par' dir='ltr' id='par_1_87' title="bbox 966 1766 1330 1801">
     <span class='ocr_line' id='line_1_88' title="bbox 966 1766 1330 1801; baseline -0.003 -8"><span class='ocrx_word' id='word_1_497' title='bbox 966 1767 1079 1801; x_wconf 64' lang='lat' dir='ltr'><strong>aqualis</strong></span> <span class='ocrx_word' id='word_1_498' title='bbox 1098 1773 1130 1792; x_wconf 89' lang='lat' dir='ltr'><strong>ac</strong></span> <span class='ocrx_word' id='word_1_499' title='bbox 1149 1766 1201 1793; x_wconf 86' lang='lat' dir='ltr'><strong>sibi</strong></span> <span class='ocrx_word' id='word_1_500' title='bbox 1221 1766 1330 1793; x_wconf 84' lang='lat' dir='ltr'><strong>similis.</strong></span> 
     </span>
    </p>
   </div>
   <div class='ocr_carea' id='block_1_88' title="bbox 1002 1812 1751 1846">
    <p class='ocr_par' dir='ltr' id='par_1_88' title="bbox 1002 1812 1751 1846">
     <span class='ocr_line' id='line_1_89' title="bbox 1002 1812 1751 1846; baseline -0.001 -6"><span class='ocrx_word' id='word_1_501' title='bbox 1002 1812 1107 1840; x_wconf 78' lang='lat' dir='ltr'><strong>Justum</strong></span> <span class='ocrx_word' id='word_1_502' title='bbox 1132 1812 1175 1839; x_wconf 85' lang='lat' dir='ltr'><strong>Dei</strong></span> <span class='ocrx_word' id='word_1_503' title='bbox 1189 1812 1323 1846; x_wconf 89' lang='lat' dir='ltr'><strong>judicium</strong></span> <span class='ocrx_word' id='word_1_504' title='bbox 1340 1812 1751 1840; x_wconf 72' lang='lat' dir='ltr'><strong>nostrisaﬂectionibusaccom-</strong></span> 
     </span>
    </p>
   </div>
   <div class='ocr_carea' id='block_1_89' title="bbox 966 1858 1752 1893">
    <p class='ocr_par' dir='ltr' id='par_1_89' title="bbox 966 1858 1752 1893">
     <span class='ocr_line' id='line_1_90' title="bbox 966 1858 1752 1893; baseline -0.004 -7"><span class='ocrx_word' id='word_1_505' title='bbox 966 1860 1102 1889; x_wconf 82' lang='lat' dir='ltr'><strong>modatur.</strong></span> <span class='ocrx_word' id='word_1_506' title='bbox 1116 1864 1142 1886; x_wconf 88' lang='lat' dir='ltr'><strong>et</strong></span> <span class='ocrx_word' id='word_1_507' title='bbox 1157 1859 1366 1893; x_wconf 84' lang='lat' dir='ltr'><strong>qualesquidem</strong></span> <span class='ocrx_word' id='word_1_508' title='bbox 1392 1866 1435 1886; x_wconf 87' lang='lat' dir='ltr'><strong>res</strong></span> <span class='ocrx_word' id='word_1_509' title='bbox 1458 1864 1555 1886; x_wconf 80' lang='lat' dir='ltr'><strong>nostra:</strong></span> <span class='ocrx_word' id='word_1_510' title='bbox 1567 1858 1679 1891; x_wconf 78' lang='lat' dir='ltr'><strong>fuerint,</strong></span> <span class='ocrx_word' id='word_1_511' title='bbox 1689 1866 1752 1893; x_wconf 84' lang='lat' dir='ltr'><strong>qun-</strong></span> 
     </span>
    </p>
   </div>
   <div class='ocr_carea' id='block_1_90' title="bbox 967 1904 1750 1939">
    <p class='ocr_par' dir='ltr' id='par_1_90' title="bbox 967 1904 1750 1939">
     <span class='ocr_line' id='line_1_91' title="bbox 967 1904 1750 1939; baseline 0.003 -9"><span class='ocrx_word' id='word_1_512' title='bbox 967 1913 1019 1939; x_wconf 85' lang='lat' dir='ltr'><strong>que</strong></span> <span class='ocrx_word' id='word_1_513' title='bbox 1032 1912 1062 1932; x_wconf 89' lang='lat' dir='ltr'><strong>se</strong></span> <span class='ocrx_word' id='word_1_514' title='bbox 1079 1905 1221 1932; x_wconf 88' lang='lat' dir='ltr'><strong>habuerint</strong></span> <span class='ocrx_word' id='word_1_515' title='bbox 1234 1906 1323 1937; x_wconf 91' lang='lat' dir='ltr'><strong>modo,</strong></span> <span class='ocrx_word' id='word_1_516' title='bbox 1341 1904 1420 1932; x_wconf 85' lang='lat' dir='ltr'><strong>talem</strong></span> <span class='ocrx_word' id='word_1_517' title='bbox 1444 1904 1595 1939; x_wconf 89' lang='lat' dir='ltr'><strong>eodemque</strong></span> <span class='ocrx_word' id='word_1_518' title='bbox 1612 1904 1692 1931; x_wconf 90' lang='lat' dir='ltr'><strong>modo</strong></span> <span class='ocrx_word' id='word_1_519' title='bbox 1706 1911 1750 1932; x_wconf 92' lang='lat' dir='ltr'><strong>re-</strong></span> 
     </span>
    </p>
   </div>
   <div class='ocr_carea' id='block_1_91' title="bbox 966 1951 1300 1978">
    <p class='ocr_par' dir='ltr' id='par_1_91' title="bbox 966 1951 1300 1978">
     <span class='ocr_line' id='line_1_92' title="bbox 966 1951 1300 1978; baseline -0.006 0"><span class='ocrx_word' id='word_1_520' title='bbox 966 1952 1143 1978; x_wconf 82' lang='lat' dir='ltr'><strong>tributionem</strong></span> <span class='ocrx_word' id='word_1_521' title='bbox 1160 1951 1300 1978; x_wconf 86' lang='lat' dir='ltr'><strong>sortimur.</strong></span> 
     </span>
    </p>
   </div>
   <div class='ocr_carea' id='block_1_92' title="bbox 1002 1995 1751 2030">
    <p class='ocr_par' dir='ltr' id='par_1_92' title="bbox 1002 1995 1751 2030">
     <span class='ocr_line' id='line_1_93' title="bbox 1002 1995 1751 2030; baseline -0.001 -7"><span class='ocrx_word' id='word_1_522' title='bbox 1002 1995 1106 2030; x_wconf 77' lang='lat' dir='ltr'><strong>Cyn’lli.</strong></span> <span class='ocrx_word' id='word_1_523' title='bbox 1119 1995 1174 2022; x_wconf 79' lang='lat' dir='ltr'><strong>Non</strong></span> <span class='ocrx_word' id='word_1_524' title='bbox 1198 1996 1365 2029; x_wconf 83' lang='lat' dir='ltr'><strong>appellamus</strong></span> <span class='ocrx_word' id='word_1_525' title='bbox 1393 1996 1543 2023; x_wconf 83' lang='lat' dir='ltr'><strong>homicidas</strong></span> <span class='ocrx_word' id='word_1_526' title='bbox 1551 2000 1598 2023; x_wconf 91' lang='lat' dir='ltr'><strong>aut</strong></span> <span class='ocrx_word' id='word_1_527' title='bbox 1605 1995 1751 2030; x_wconf 65' lang='lat' dir='ltr'><strong>sanguinao</strong></span> 
     </span>
    </p>
   </div>
   <div class='ocr_carea' id='block_1_93' title="bbox 967 2041 1749 2076">
    <p class='ocr_par' dir='ltr' id='par_1_93' title="bbox 967 2041 1749 2076">
     <span class='ocr_line' id='line_1_94' title="bbox 967 2041 1749 2076; baseline -0.003 -7"><span class='ocrx_word' id='word_1_528' title='bbox 967 2042 1022 2069; x_wconf 89' lang='lat' dir='ltr'><strong>rios</strong></span> <span class='ocrx_word' id='word_1_529' title='bbox 1046 2042 1105 2068; x_wconf 88' lang='lat' dir='ltr'><strong>illos</strong></span> <span class='ocrx_word' id='word_1_530' title='bbox 1116 2041 1248 2075; x_wconf 76' lang='lat' dir='ltr'><strong>qnijuxta</strong></span> <span class='ocrx_word' id='word_1_531' title='bbox 1264 2042 1334 2076; x_wconf 79' lang='lat' dir='ltr'><strong>leges</strong></span> <span class='ocrx_word' id='word_1_532' title='bbox 1346 2042 1451 2068; x_wconf 83' lang='lat' dir='ltr'><strong>divinas</strong></span> <span class='ocrx_word' id='word_1_533' title='bbox 1468 2042 1749 2068; x_wconf 81' lang='lat' dir='ltr'><strong>occiderinthomincs</strong></span> 
     </span>
    </p>
   </div>
   <div class='ocr_carea' id='block_1_94' title="bbox 967 2088 1748 2123">
    <p class='ocr_par' dir='ltr' id='par_1_94' title="bbox 967 2088 1748 2123">
     <span class='ocr_line' id='line_1_95' title="bbox 967 2088 1748 2123; baseline -0.001 -9"><span class='ocrx_word' id='word_1_534' title='bbox 967 2088 1064 2123; x_wconf 84' lang='lat' dir='ltr'><strong>dignos</strong></span> <span class='ocrx_word' id='word_1_535' title='bbox 1076 2088 1123 2122; x_wconf 92' lang='lat' dir='ltr'><strong>qui</strong></span> <span class='ocrx_word' id='word_1_536' title='bbox 1141 2094 1255 2115; x_wconf 87' lang='lat' dir='ltr'><strong>mortem</strong></span> <span class='ocrx_word' id='word_1_537' title='bbox 1273 2092 1480 2121; x_wconf 86' lang='lat' dir='ltr'><strong>paterentur,ut</strong></span> <span class='ocrx_word' id='word_1_538' title='bbox 1495 2096 1582 2123; x_wconf 77' lang='lat' dir='ltr'><strong>tneque</strong></span> <span class='ocrx_word' id='word_1_539' title='bbox 1596 2088 1748 2115; x_wconf 85' lang='lat' dir='ltr'><strong>Samuelem</strong></span> 
     </span>
    </p>
   </div>
   <div class='ocr_carea' id='block_1_95' title="bbox 965 2133 1097 2160">
    <p class='ocr_par' dir='ltr' id='par_1_95' title="bbox 965 2133 1097 2160">
     <span class='ocr_line' id='line_1_96' title="bbox 965 2133 1097 2160; baseline 0 0"><span class='ocrx_word' id='word_1_540' title='bbox 965 2138 993 2160; x_wconf 89' lang='lat' dir='ltr'><strong>et</strong></span> <span class='ocrx_word' id='word_1_541' title='bbox 1002 2133 1097 2160; x_wconf 86' lang='lat' dir='ltr'><strong>Eliam.</strong></span> 
     </span>
    </p>
   </div>
   <div class='ocr_carea' id='block_1_96' title="bbox 1003 2178 1749 2215">
    <p class='ocr_par' dir='ltr' id='par_1_96' title="bbox 1003 2178 1749 2215">
     <span class='ocr_line' id='line_1_97' title="bbox 1003 2178 1749 2215; baseline 0.003 -10"><span class='ocrx_word' id='word_1_542' title='bbox 1003 2178 1156 2207; x_wconf 73' lang='lat' dir='ltr'><strong>Menandri.</strong></span> <span class='ocrx_word' id='word_1_543' title='bbox 1169 2179 1298 2214; x_wconf 82' lang='lat' dir='ltr'><strong>injuriam</strong></span> <span class='ocrx_word' id='word_1_544' title='bbox 1316 2179 1391 2207; x_wconf 81' lang='lat' dir='ltr'><strong>dives</strong></span> <span class='ocrx_word' id='word_1_545' title='bbox 1406 2180 1503 2207; x_wconf 81' lang='lat' dir='ltr'><strong>inferat</strong></span> <span class='ocrx_word' id='word_1_546' title='bbox 1521 2180 1598 2213; x_wconf 82' lang='lat' dir='ltr'><strong>mihi,</strong></span> <span class='ocrx_word' id='word_1_547' title='bbox 1612 2187 1665 2207; x_wconf 93' lang='lat' dir='ltr'><strong>non</strong></span> <span class='ocrx_word' id='word_1_548' title='bbox 1681 2188 1749 2215; x_wconf 87' lang='lat' dir='ltr'><strong>pau-</strong></span> 
     </span>
    </p>
   </div>
   <div class='ocr_carea' id='block_1_97' title="bbox 967 2231 1026 2258">
    <p class='ocr_par' dir='ltr' id='par_1_97' title="bbox 967 2231 1026 2258">
     <span class='ocr_line' id='line_1_98' title="bbox 967 2231 1026 2258; baseline -0.017 -7"><span class='ocrx_word' id='word_1_549' title='bbox 967 2231 1026 2258; x_wconf 84' lang='lat' dir='ltr'><strong>per.</strong></span> 
     </span>
    </p>
   </div>
   <div class='ocr_carea' id='block_1_98' title="bbox 930 2269 1747 2308">
    <p class='ocr_par' dir='ltr' id='par_1_98' title="bbox 930 2269 1747 2308">
     <span class='ocr_line' id='line_1_99' title="bbox 930 2269 1747 2308; baseline 0.005 -12"><span class='ocrx_word' id='word_1_550' title='bbox 930 2275 952 2303; x_wconf 81' lang='lat'><strong>1)</strong></span> <span class='ocrx_word' id='word_1_551' title='bbox 1003 2269 1123 2298; x_wconf 76' lang='lat' dir='ltr'><strong>Facilius</strong></span> <span class='ocrx_word' id='word_1_552' title='bbox 1147 2271 1219 2298; x_wconf 89' lang='lat' dir='ltr'><strong>enim</strong></span> <span class='ocrx_word' id='word_1_553' title='bbox 1245 2275 1286 2298; x_wconf 88' lang='lat' dir='ltr'><strong>est</strong></span> <span class='ocrx_word' id='word_1_554' title='bbox 1300 2270 1369 2299; x_wconf 80' lang='lat' dir='ltr'><strong>ferre</strong></span> <span class='ocrx_word' id='word_1_555' title='bbox 1387 2272 1558 2307; x_wconf 85' lang='lat' dir='ltr'><strong>tyrannidem</strong></span> <span class='ocrx_word' id='word_1_556' title='bbox 1577 2273 1747 2308; x_wconf 54' lang='lat' dir='ltr'><strong>prastantio—</strong></span> 
     </span>
    </p>
   </div>
   <div class='ocr_carea' id='block_1_99' title="bbox 966 2323 1074 2342">
    <p class='ocr_par' dir='ltr' id='par_1_99' title="bbox 966 2323 1074 2342">
     <span class='ocr_line' id='line_1_100' title="bbox 966 2323 1074 2342; baseline 0 0"><span class='ocrx_word' id='word_1_557' title='bbox 966 2323 1037 2342; x_wconf 86' lang='lat' dir='ltr'><strong>rum.</strong></span> <span class='ocrx_word' id='word_1_558' title='bbox 1067 2333 1074 2342; x_wconf 75' lang='grc' dir='ltr'><strong>ι</strong></span> 
     </span>
    </p>
   </div>
   <div class='ocr_carea' id='block_1_100' title="bbox 1003 2361 1746 2399">
    <p class='ocr_par' dir='ltr' id='par_1_100' title="bbox 1003 2361 1746 2399">
     <span class='ocr_line' id='line_1_101' title="bbox 1003 2361 1746 2399; baseline 0.005 -12"><span class='ocrx_word' id='word_1_559' title='bbox 1003 2361 1141 2388; x_wconf 71' lang='grc' dir='ltr'>(Ζιιιανιίιὶ.</span> <span class='ocrx_word' id='word_1_560' title='bbox 1159 2362 1331 2390; x_wconf 84' lang='lat' dir='ltr'><strong>Contendens</strong></span> <span class='ocrx_word' id='word_1_561' title='bbox 1347 2363 1380 2390; x_wconf 90' lang='lat' dir='ltr'><strong>ad</strong></span> <span class='ocrx_word' id='word_1_562' title='bbox 1410 2363 1610 2391; x_wconf 80' lang='lat' dir='ltr'><strong>defendendum</strong></span> <span class='ocrx_word' id='word_1_563' title='bbox 1638 2364 1662 2391; x_wconf 91' lang='lat' dir='ltr'><strong>id</strong></span> <span class='ocrx_word' id='word_1_564' title='bbox 1677 2364 1746 2399; x_wconf 87' lang='lat' dir='ltr'><strong>quod</strong></span> 
     </span>
    </p>
   </div>
   <div class='ocr_carea' id='block_1_101' title="bbox 965 2406 1403 2442">
    <p class='ocr_par' dir='ltr' id='par_1_101' title="bbox 965 2406 1403 2442">
     <span class='ocr_line' id='line_1_102' title="bbox 965 2406 1403 2442; baseline 0.007 -10"><span class='ocrx_word' id='word_1_565' title='bbox 965 2406 1065 2440; x_wconf 82' lang='lat' dir='ltr'><strong>injuste</strong></span> <span class='ocrx_word' id='word_1_566' title='bbox 1078 2407 1174 2439; x_wconf 78' lang='lat' dir='ltr'><strong>fecisti,</strong></span> <span class='ocrx_word' id='word_1_567' title='bbox 1188 2408 1228 2434; x_wconf 86' lang='lat' dir='ltr'><strong>his</strong></span> <span class='ocrx_word' id='word_1_568' title='bbox 1253 2409 1403 2442; x_wconf 82' lang='lat' dir='ltr'><strong>deliuques.</strong></span> 
     </span>
    </p>
   </div>
   <div class='ocr_carea' id='block_1_102' title="bbox 1002 2451 1747 2489">
    <p class='ocr_par' dir='ltr' id='par_1_102' title="bbox 1002 2451 1747 2489">
     <span class='ocr_line' id='line_1_103' title="bbox 1002 2451 1747 2489; baseline 0.007 -11"><span class='ocrx_word' id='word_1_569' title='bbox 1002 2451 1127 2486; x_wconf 75' lang='lat' dir='ltr'><strong>Epicteti.</strong></span> <span class='ocrx_word' id='word_1_570' title='bbox 1144 2452 1189 2479; x_wconf 83' lang='lat' dir='ltr'><strong>Vir</strong></span> <span class='ocrx_word' id='word_1_571' title='bbox 1202 2453 1293 2487; x_wconf 85' lang='lat' dir='ltr'><strong>justus</strong></span> <span class='ocrx_word' id='word_1_572' title='bbox 1303 2459 1353 2485; x_wconf 85' lang='lat' dir='ltr'><strong>est.</strong></span> <span class='ocrx_word' id='word_1_573' title='bbox 1373 2462 1424 2481; x_wconf 91' lang='lat' dir='ltr'><strong>non</strong></span> <span class='ocrx_word' id='word_1_574' title='bbox 1439 2454 1484 2489; x_wconf 89' lang='lat' dir='ltr'><strong>qui</strong></span> <span class='ocrx_word' id='word_1_575' title='bbox 1497 2455 1623 2488; x_wconf 90' lang='lat' dir='ltr'><strong>injuriam</strong></span> <span class='ocrx_word' id='word_1_576' title='bbox 1638 2463 1691 2483; x_wconf 92' lang='lat' dir='ltr'><strong>non</strong></span> <span class='ocrx_word' id='word_1_577' title='bbox 1708 2456 1747 2483; x_wconf 82' lang='lat' dir='ltr'><strong>fa-</strong></span> 
     </span>
    </p>
   </div>
   <div class='ocr_carea' id='block_1_103' title="bbox 964 2498 1584 2533">
    <p class='ocr_par' dir='ltr' id='par_1_103' title="bbox 964 2498 1584 2533">
     <span class='ocr_line' id='line_1_104' title="bbox 964 2498 1584 2533; baseline 0.003 -8"><span class='ocrx_word' id='word_1_578' title='bbox 964 2498 1010 2530; x_wconf 85' lang='lat' dir='ltr'><strong>cit,</strong></span> <span class='ocrx_word' id='word_1_579' title='bbox 1027 2499 1073 2525; x_wconf 84' lang='lat' dir='ltr'><strong>sed</strong></span> <span class='ocrx_word' id='word_1_580' title='bbox 1091 2499 1137 2533; x_wconf 87' lang='lat' dir='ltr'><strong>qui</strong></span> <span class='ocrx_word' id='word_1_581' title='bbox 1151 2506 1212 2525; x_wconf 81' lang='lat' dir='ltr'><strong>cum</strong></span> <span class='ocrx_word' id='word_1_582' title='bbox 1233 2498 1322 2526; x_wconf 78' lang='lat' dir='ltr'><strong>facere</strong></span> <span class='ocrx_word' id='word_1_583' title='bbox 1337 2499 1431 2533; x_wconf 80' lang='lat' dir='ltr'><strong>possit.</strong></span> <span class='ocrx_word' id='word_1_584' title='bbox 1446 2507 1498 2526; x_wconf 90' lang='lat' dir='ltr'><strong>non</strong></span> <span class='ocrx_word' id='word_1_585' title='bbox 1518 2500 1584 2527; x_wconf 75' lang='lat' dir='ltr'><strong>vult.</strong></span> 
     </span>
    </p>
   </div>
   <div class='ocr_carea' id='block_1_104' title="bbox 1000 2544 1745 2579">
    <p class='ocr_par' dir='ltr' id='par_1_104' title="bbox 1000 2544 1745 2579">
     <span class='ocr_line' id='line_1_105' title="bbox 1000 2544 1745 2579; baseline 0.005 -8"><span class='ocrx_word' id='word_1_586' title='bbox 1000 2544 1028 2571; x_wconf 89' lang='lat' dir='ltr'><strong>Si</strong></span> <span class='ocrx_word' id='word_1_587' title='bbox 1042 2544 1252 2577; x_wconf 85' lang='lat' dir='ltr'><strong>voluerisjustas</strong></span> <span class='ocrx_word' id='word_1_588' title='bbox 1271 2547 1446 2579; x_wconf 86' lang='lat' dir='ltr'><strong>pronuntiare</strong></span> <span class='ocrx_word' id='word_1_589' title='bbox 1457 2547 1617 2579; x_wconf 83' lang='lat' dir='ltr'><strong>sententias.</strong></span> <span class='ocrx_word' id='word_1_590' title='bbox 1644 2548 1745 2575; x_wconf 88' lang='lat' dir='ltr'><strong>nullum</strong></span> 
     </span>
    </p>
   </div>
   <div class='ocr_carea' id='block_1_105' title="bbox 964 2590 1746 2629">
    <p class='ocr_par' dir='ltr' id='par_1_105' title="bbox 964 2590 1746 2629">
     <span class='ocr_line' id='line_1_106' title="bbox 964 2590 1746 2629; baseline 0.005 -12"><span class='ocrx_word' id='word_1_591' title='bbox 964 2598 1057 2617; x_wconf 90' lang='lat' dir='ltr'><strong>eorum</strong></span> <span class='ocrx_word' id='word_1_592' title='bbox 1073 2590 1119 2625; x_wconf 89' lang='lat' dir='ltr'><strong>qui</strong></span> <span class='ocrx_word' id='word_1_593' title='bbox 1141 2591 1246 2626; x_wconf 76' lang='lat' dir='ltr'><strong>litigant</strong></span> <span class='ocrx_word' id='word_1_594' title='bbox 1257 2595 1284 2617; x_wconf 87' lang='lat' dir='ltr'><strong>et</strong></span> <span class='ocrx_word' id='word_1_595' title='bbox 1299 2598 1410 2618; x_wconf 81' lang='lat' dir='ltr'><strong>causam</strong></span> <span class='ocrx_word' id='word_1_596' title='bbox 1424 2592 1529 2625; x_wconf 86' lang='lat' dir='ltr'><strong>dicunt,</strong></span> <span class='ocrx_word' id='word_1_597' title='bbox 1541 2593 1585 2619; x_wconf 84' lang='lat' dir='ltr'><strong>sed</strong></span> <span class='ocrx_word' id='word_1_598' title='bbox 1603 2593 1690 2627; x_wconf 88' lang='lat' dir='ltr'><strong>ipsum</strong></span> <span class='ocrx_word' id='word_1_599' title='bbox 1701 2594 1746 2629; x_wconf 82' lang='lat' dir='ltr'><strong>jus</strong></span> 
     </span>
    </p>
   </div>
   <div class='ocr_carea' id='block_1_106' title="bbox 965 2638 1131 2671">
    <p class='ocr_par' dir='ltr' id='par_1_106' title="bbox 965 2638 1131 2671">
     <span class='ocr_line' id='line_1_107' title="bbox 965 2638 1131 2671; baseline 0 -8"><span class='ocrx_word' id='word_1_600' title='bbox 965 2638 1131 2671; x_wconf 77' lang='lat' dir='ltr'><strong>cognoscito.</strong></span> 
     </span>
    </p>
   </div>
   <div class='ocr_carea' id='block_1_107' title="bbox 998 2683 1744 2720">
    <p class='ocr_par' dir='ltr' id='par_1_107' title="bbox 998 2683 1744 2720">
     <span class='ocr_line' id='line_1_108' title="bbox 998 2683 1744 2720; baseline 0.009 -10"><span class='ocrx_word' id='word_1_601' title='bbox 998 2684 1094 2711; x_wconf 86' lang='lat' dir='ltr'><strong>Omnis</strong></span> <span class='ocrx_word' id='word_1_602' title='bbox 1107 2684 1184 2711; x_wconf 84' lang='lat' dir='ltr'><strong>locus</strong></span> <span class='ocrx_word' id='word_1_603' title='bbox 1209 2683 1310 2711; x_wconf 91' lang='lat' dir='ltr'><strong>homini</strong></span> <span class='ocrx_word' id='word_1_604' title='bbox 1332 2692 1392 2712; x_wconf 89' lang='lat' dir='ltr'><strong>eum</strong></span> <span class='ocrx_word' id='word_1_605' title='bbox 1418 2685 1522 2720; x_wconf 89' lang='lat' dir='ltr'><strong>justitia</strong></span> <span class='ocrx_word' id='word_1_606' title='bbox 1546 2689 1645 2717; x_wconf 85' lang='lat' dir='ltr'><strong>viventi</strong></span> <span class='ocrx_word' id='word_1_607' title='bbox 1671 2693 1744 2716; x_wconf 88' lang='lat' dir='ltr'><strong>tutus</strong></span> 
     </span>
    </p>
   </div>
   <div class='ocr_carea' id='block_1_108' title="bbox 963 2735 1014 2756">
    <p class='ocr_par' dir='ltr' id='par_1_108' title="bbox 963 2735 1014 2756">
     <span class='ocr_line' id='line_1_109' title="bbox 963 2735 1014 2756; baseline 0 0"><span class='ocrx_word' id='word_1_608' title='bbox 963 2735 1014 2756; x_wconf 72' lang='lat' dir='ltr'><strong>CSI.</strong></span> 
     </span>
    </p>
   </div>
   <div class='ocr_carea' id='block_1_109' title="bbox 998 2775 1579 2813">
    <p class='ocr_par' dir='ltr' id='par_1_109' title="bbox 998 2775 1579 2813">
     <span class='ocr_line' id='line_1_110' title="bbox 998 2775 1579 2813; baseline 0.009 -12"><span class='ocrx_word' id='word_1_609' title='bbox 998 2775 1036 2802; x_wconf 83' lang='lat' dir='ltr'><strong>De</strong></span> <span class='ocrx_word' id='word_1_610' title='bbox 1051 2775 1160 2803; x_wconf 87' lang='lat' dir='ltr'><strong>homine</strong></span> <span class='ocrx_word' id='word_1_611' title='bbox 1173 2776 1259 2810; x_wconf 90' lang='lat' dir='ltr'><strong>probo</strong></span> <span class='ocrx_word' id='word_1_612' title='bbox 1274 2776 1341 2804; x_wconf 90' lang='lat' dir='ltr'><strong>nihil</strong></span> <span class='ocrx_word' id='word_1_613' title='bbox 1352 2778 1493 2813; x_wconf 82' lang='lat' dir='ltr'><strong>suspicare</strong></span> <span class='ocrx_word' id='word_1_614' title='bbox 1506 2779 1579 2806; x_wconf 86' lang='lat' dir='ltr'><strong>mali.</strong></span> 
     </span>
    </p>
   </div>
   <div class='ocr_carea' id='block_1_110' title="bbox 996 2821 1706 2859">
    <p class='ocr_par' dir='ltr' id='par_1_110' title="bbox 996 2821 1706 2859">
     <span class='ocr_line' id='line_1_111' title="bbox 996 2821 1706 2859; baseline 0.007 -11"><span class='ocrx_word' id='word_1_615' title='bbox 996 2821 1103 2849; x_wconf 83' lang='lat' dir='ltr'><strong>Justum</strong></span> <span class='ocrx_word' id='word_1_616' title='bbox 1122 2821 1194 2849; x_wconf 85' lang='lat' dir='ltr'><strong>enim</strong></span> <span class='ocrx_word' id='word_1_617' title='bbox 1210 2822 1348 2857; x_wconf 78' lang='lat' dir='ltr'><strong>ingenium</strong></span> <span class='ocrx_word' id='word_1_618' title='bbox 1366 2824 1491 2859; x_wconf 85' lang='lat' dir='ltr'><strong>injuriam</strong></span> <span class='ocrx_word' id='word_1_619' title='bbox 1505 2824 1594 2852; x_wconf 77' lang='lat' dir='ltr'><strong>facere</strong></span> <span class='ocrx_word' id='word_1_620' title='bbox 1611 2825 1706 2853; x_wconf 86' lang='lat' dir='ltr'><strong>nescit.</strong></span> 
     </span>
    </p>
   </div>
   <div class='ocr_carea' id='block_1_111' title="bbox 998 2867 1744 2904">
    <p class='ocr_par' dir='ltr' id='par_1_111' title="bbox 998 2867 1744 2904">
     <span class='ocr_line' id='line_1_112' title="bbox 998 2867 1744 2904; baseline 0.007 -10"><span class='ocrx_word' id='word_1_621' title='bbox 998 2867 1189 2902; x_wconf 70' lang='lat' dir='ltr'><strong>Xenophontis.</strong></span> <span class='ocrx_word' id='word_1_622' title='bbox 1202 2867 1276 2895; x_wconf 82' lang='lat' dir='ltr'><strong>Multi</strong></span> <span class='ocrx_word' id='word_1_623' title='bbox 1289 2868 1401 2902; x_wconf 85' lang='lat' dir='ltr'><strong>etenim,</strong></span> <span class='ocrx_word' id='word_1_624' title='bbox 1414 2870 1486 2904; x_wconf 69' lang='lat' dir='ltr'><strong>justo</strong></span> <span class='ocrx_word' id='word_1_625' title='bbox 1501 2871 1631 2903; x_wconf 87' lang='lat' dir='ltr'><strong>dicentes,</strong></span> <span class='ocrx_word' id='word_1_626' title='bbox 1644 2871 1744 2903; x_wconf 80' lang='lat' dir='ltr'><strong>iniusta</strong></span> 
     </span>
    </p>
   </div>
   <div class='ocr_carea' id='block_1_112' title="bbox 963 2913 1744 2949">
    <p class='ocr_par' dir='ltr' id='par_1_112' title="bbox 963 2913 1744 2949">
     <span class='ocr_line' id='line_1_113' title="bbox 963 2913 1744 2949; baseline 0.008 -10"><span class='ocrx_word' id='word_1_627' title='bbox 963 2913 1077 2941; x_wconf 75' lang='lat' dir='ltr'><strong>iaciunt.</strong></span> <span class='ocrx_word' id='word_1_628' title='bbox 1094 2913 1202 2941; x_wconf 87' lang='lat' dir='ltr'><strong>Illorum</strong></span> <span class='ocrx_word' id='word_1_629' title='bbox 1224 2921 1287 2941; x_wconf 85' lang='lat' dir='ltr'><strong>vero</strong></span> <span class='ocrx_word' id='word_1_630' title='bbox 1306 2914 1352 2949; x_wconf 78' lang='lat' dir='ltr'><strong>qui</strong></span> <span class='ocrx_word' id='word_1_631' title='bbox 1367 2915 1440 2949; x_wconf 73' lang='lat' dir='ltr'><strong>justa</strong></span> <span class='ocrx_word' id='word_1_632' title='bbox 1451 2916 1554 2943; x_wconf 80' lang='lat' dir='ltr'><strong>faciunt</strong></span> <span class='ocrx_word' id='word_1_633' title='bbox 1566 2924 1647 2944; x_wconf 84' lang='lat' dir='ltr'><strong>nemo</strong></span> <span class='ocrx_word' id='word_1_634' title='bbox 1660 2916 1744 2945; x_wconf 83' lang='lat' dir='ltr'><strong>fuerit</strong></span> 
     </span>
    </p>
   </div>
   <div class='ocr_carea' id='block_1_113' title="bbox 966 2959 1094 2994">
    <p class='ocr_par' dir='ltr' id='par_1_113' title="bbox 966 2959 1094 2994">
     <span class='ocr_line' id='line_1_114' title="bbox 966 2959 1094 2994; baseline 0.008 -8"><span class='ocrx_word' id='word_1_635' title='bbox 966 2959 1094 2994; x_wconf 84' lang='lat' dir='ltr'><strong>injustus.</strong></span> 
     </span>
    </p>
   </div>
  </div>
