1959 3130
119 221 175 254 8‘29

522 226 608 257 LOCI
622 225 843 257 COMMUNES.
865 234 900 241 —
926 222 1024 254 PARS
1046 226 1068 257 Ι.
1091 227 1221 260 SERMO
1243 230 1336 262 XVII.

1691 231 1745 263 830

154 282 219 308 Δέον
234 282 469 319 εὖμεταχινήτους
483 284 532 316 μὲν
547 283 617 311 εἶναι
642 285 712 320 πρὸς
727 283 757 310 τὸ
780 283 894 318 κρεῖττοπ

989 285 1011 312 Α
1026 286 1153 314 deteriori
1176 288 1210 315 ad
1231 289 1328 316 melius
1350 288 1428 316 facile
1448 289 1558 322 mutari,
1583 290 1643 318 vice
1666 297 1743 317 verSa

117 328 172 353 ἀπὸ
184 328 232 354 τοῦ
248 329 382 365 χεῖρονςς,
400 331 548 366 ἀκινήτους
567 331 596 358 δὲ
613 332 681 367 πρὸς
696 331 726 358 τὸ
741 331 832 366 χεῖρον
850 328 903 355 ἀπὸ

115 372 162 400 τοῦ
187 374 333 409 βελτίονος.

150 420 187 446 Τὸ
209 421 247 456 μὴ
262 422 432 458 ἁμαρτάνειν
457 424 677 460 άνεπαισθήτως,
697 421 757 451 ἀλλ’
773 421 903 456 ἐπιγινώ-

115 474 191 493 σκειν
219 467 266 494 καὶ
290 470 406 504 συνορᾷν
422 470 452 496 τὺ
469 470 674 506 πλημμεληθὲν,
699 470 748 496 οὐκ
773 468 832 495 ἔστι
856 477 902 502 μι-

114 512 180 546 κρόν
192 522 199 529 ο
216 514 275 540 ἀλλ’
291 515 350 547 ὁδός
366 516 409 548 τίς
433 517 492 543 ἐστι
507 517 555 543 καὶ
569 517 652 552 ἀρχὴ.
675 516 742 550 πρὸς
754 515 901 550 διόρθωσιν

113 558 216 591 ἄγουσα
233 561 278 586 καὶ
291 561 339 596 τὴν
352 562 398 588 ἐπὶ
410 563 444 589 τὰ
465 563 581 598 κρείττω
596 562 759 597 μεταϐολήν.

149 605 221 636 Ἕως
244 606 303 633 ἐστὶ
330 609 437 644 καιρὸς,
469 610 673 644 προφθάσωμεν
699 609 729 634 τὸ
756 607 804 634 τοῦ
832 606 900 634 Θεοῦ

114 649 259 683 πρόσωπον
273 652 301 678 ὲν
317 652 521 689 ἐξομολογήσει,
539 653 582 681 ἵνα
595 654 698 689 ἥμερον
710 653 790 679 αὺτδν
802 652 901 686 ἴδωμεν

111 697 170 723 τότε
180 698 225 723 καὶ
233 697 362 733 γαληνὸν,
371 698 415 725 ἵνα
426 699 474 730 τάς
486 699 686 735 άπειληφόρους
699 700 805 732 ὲκείνας
820 700 900 727 δυνά-

112 752 172 777 μιις
189 743 377 778 διαφύγωμεν.

146 789 184 816 οὗ
201 789 286 817 δεινὸν
304 791 334 817 τὺ
350 790 520 826 πολεμοῦντα
536 791 684 827 τρωθῆναι,
701 791 769 818 ἀλλὰ
786 792 816 818 τὺ
831 791 900 826 μετὰ

110 835 160 869 τὴν
169 835 277 871 πληγὴν
288 836 445 870 ἀπογνῶναι
457 838 505 864 καὶ
519 837 657 872 ἀμελῆσαι
672 838 718 864 τοῦ
731 838 899 873 τραύματος.

145 880 190 916 Μὴ
205 880 295 907 τοίνυν
311 882 496 916 άπογίνωσκε,
511 883 579 918 μηδὲ
591 882 726 917 ἀφίστασο
738 882 790 917 τῆς
804 883 899 917 εὐχῆς,

109 923 177 951 ἀλλὰ
193 925 326 960 πρόσελθε
345 926 506 961 ἁμαρτωλὸς
525 927 574 960 ὢν,
591 927 634 954 ἵνα
650 927 767 962 δοξάσῃς
791 936 838 954 σου
855 927 900 954 τὸν

109 970 260 1006 Δεσπότην,
279 971 322 997 ἵνα
340 972 393 1007 δῷς
408 973 483 1008 αὐτῷ
501 973 550 1008 τὴν
571 973 675 1000 οἰκείαν
693 974 900 1008 φιλανθρωπίαν

108 1016 138 1042 ὲν
156 1017 188 1051 τῇ
207 1018 379 1053 συγχωρήσει
403 1019 458 1045 τῶν
486 1019 540 1045 σῶν
565 1019 775 1054 ἁμαρτημάτων
800 1020 901 1046 ἐπιδεί-

109 1060 225 1092 ξασθαι·
250 1061 288 1094 ὡς
315 1063 363 1090 ἐὰν
396 1063 518 1099 φοϐηθῇς
549 1064 720 1100 προσελθεῖν,
743 1065 900 1096 ἑνεπόδισας

108 1106 192 1133 αὐτοῦ
206 1108 239 1142 τῇ
256 1107 416 1144 suam“,
435 1109 602 1142 διεκώλυσας
618 1110 700 1137 αὺτὸν
716 1111 766 1146 τῆς
785 1110 901 1146 χρηστό-

107 1159 187 1187 τητος
200 1152 293 1186 αὐτοῦ,
304 1154 334 1180 τό
345 1162 377 1188 γε
394 1155 439 1181 ἐπὶ
450 1155 492 1182 σοὶ
502 1153 581 1190 ἧκον.

149 1198 183 1224 Ἣ
205 1199 328 1234 ἁμαρτία
349 1200 555 1237 ὁμολογουμένη
573 1202 692 1229 ἐλάττων
714 1204 819 1237 γίνεται
832 1211 840 1219 ο
861 1202 899 1238 μὴ

107 1243 311 1280 ὁμολογουμένη
329 1245 369 1278 δὲ,
381 1247 492 1282 χείρων.

142 1290 221 1324 Μέγα
240 1292 343 1326 ἀγαθὸν
365 1293 396 1319 τὸ
419 1294 614 1327 ἐπιγινώσκειν
640 1295 675 1322 τά
697 1295 897 1332 ἁμαρτήματα,

108 1336 155 1362 καὶ
179 1337 383 1371 μιμνήσκεσθαι
405 1338 497 1365 αὐτῶν
529 1339 674 1373 διηνεκῶς.
702 1341 787 1368 Οὐδὲν
811 1341 898 1374 οὕτως

94 1382 256 1418 θεραπεύει
272 1383 477 1420 πλημμέλειαν,
491 1385 529 1419 ὡς
547 1388 643 1423 μνήμη
654 1388 786 1424 διηνεκῶς
797 1395 805 1404 ο
820 1389 897 1416 οὐδὲν

105 1428 194 1464 obrui;
219 1429 334 1465 ὀκνηρὸν
352 1430 496 1466 ἄνθρωπον
524 1433 595 1459 ποιεῖ
620 1433 688 1468 πρὸς
715 1433 822 1460 κακίαν.
847 1433 897 1460 “Av

105 1473 171 1510 ιχῃς
196 1474 230 1501 τὰ
253 1475 442 1511 ἁμαρτήματα
462 1477 594 1512 διηνεκῶς
618 1478 648 1505 ιν
670 1480 703 1514 τῇ
732 1479 896 1515 μνήμῃ,οὒο

105 1520 201 1547 διποτε
218 1520 256 1556 τῷ
277 1521 392 1556 πλησίον
416 1524 643 1559 μνησικακήσειε,
663 1525 793 1552 οὐδέποτε
819 1526 896 1561 ὀργμ

107 1567 208 1602 cotton,
234 1568 362 1595 οὐδέποτε
388 1569 567 1605 λοιδορήσεις,
589 1571 620 1596 οὗ
640 1571 787 1606 φρονήσεις
811 1572 893 1606 μέγα,

955 337 1047 361 autent
1065 339 1223 362 constantes
1237 342 1298 362 esse
1313 339 1432 370 ουοηοι.

992 417 1044 454 35
1062 418 1121 447 Non
1139 427 1252 454 peccare
1266 421 1472 454 insensibiliter,
1488 421 1534 449 sed
1555 429 1705 456 agnoscere
1721 427 1747 448 ιιι

955 463 1044 491 videre
1061 464 1186 492 delictum
1208 473 1299 498 suum,
1316 474 1370 493 non
1394 474 1476 500 parva
1497 474 1540 494 res
1556 471 1609 498 est,
1631 467 1686 493 itno
1705 467 1746 494 via

953 510 1076 544 ηιιωάοηι
1099 516 1125 538 et
1146 511 1311 545 principium
1338 513 1443 539 ducens
1463 513 1498 539 ad
1526 512 1746 539 emendationem

953 561 980 584 ct
993 557 1225 592 reripiscentinm.

987 601 1122 637 C/trywsl.
1151 603 1218 630 Dum
1244 607 1351 638 tempus
1372 612 1423 632 nos
1448 605 1523 637 sinit,
1549 605 1747 640 praeveniamus

954 648 998 675 Dei
1011 648 1107 675 faciem
1121 649 1303 681 conifessiouc,
1319 654 1348 676 ut
1361 652 1455 677 mitem
1466 655 1493 677 et
1506 650 1642 685 placidum
1654 651 1743 684 ipsum

952 699 1016 721 tunc
1032 694 1183 727 videamus,
1206 701 1233 723 et
1250 696 1370 724 minaces
1385 695 1445 723 illas
1470 700 1618 731 potestates
1632 694 1746 730 eﬂ‘ugia-

952 748 1024 768 mus.

985 785 1044 813 Non
1063 791 1118 813 tam
1139 787 1315 815 noxium-est
1330 786 1461 814 certando
1482 787 1632 819 vulnerari.
1661 793 1743 821 quant

951 832 1050 860 vulnus
1068 832 1200 860 inﬂiclum
1215 834 1352 869 negligere
1368 839 1395 861 et
1409 834 1566 868 desperare.

986 877 1025 904 Nc
1039 878 1167 913 desperes
1181 879 1274 912 igitur,
1291 887 1341 907 nec
1363 887 1378 907 a
1394 880 1521 914 precibus
1543 880 1674 913 desistas,
1695 881 1744 909 sed

952 929 1079 958 peccator
1093 933 1154 952 cum
1180 925 1231 958 sis,
1256 925 1354 953 accede
1381 931 1410 953 ut
1436 926 1573 961 glorilices
1600 927 1744 953 Dominum

953 973 1041 1002 tuum,
1060 975 1088 998 et
1111 971 1284 998 occasionem
1305 973 1329 998 ei
1354 972 1474 1006 praebeas
1497 971 1654 999 declarandi
1670 973 1744 1000 nati-

951 1024 1011 1043 vam
1029 1016 1222 1052 benignitatem
1235 1025 1313 1046 suam
1334 1018 1359 1045 in
1374 1018 1506 1045 scelerum
1519 1023 1629 1045 tuorum
1645 1019 1744 1046 remis-

950 1063 1028 1091 sione
1053 1073 1060 1092 :
1077 1072 1140 1091 nam
1161 1064 1184 1091 si
1199 1064 1307 1092 dubites
1327 1066 1467 1097 accedere,
1493 1064 1640 1091 bonitatem
1658 1065 1744 1099 ipsius

963 1110 1128 1144 tnpedivisti,
1160 1115 1188 1137 et
1211 1110 1404 1145 benignitatem
1434 1115 1567 1146 quantum
1595 1110 1622 1138 in
1651 1115 1678 1138 te
1702 1115 1744 1138 est

950 1155 1127 1190 prohibuisti.

985 1200 1129 1229 Peccatum
1153 1203 1175 1229 si
1192 1202 1350 1236 conﬁteare,
1369 1203 1496 1237 minues;
1516 1210 1596 1231 secus
1615 1203 1742 1239 augebis.

984 1291 1109 1326 Magnum
1125 1291 1227 1319 bonum
1242 1296 1282 1320 est
1295 1299 1443 1328 agnoscere
1455 1296 1578 1327 peccata.
1594 1296 1621 1320 et
1632 1292 1743 1320 assidue

949 1337 1074 1373 ipsorum
1102 1339 1271 1366 meminisse.
1302 1338 1374 1366 Nihil
1402 1344 1464 1366 tam‘
1481 1343 1561 1366 curat
1586 1341 1741 1374 peccatum,

952 1392 1034 1421 quam
1052 1385 1161 1412 assidua
1179 1385 1322 1418 memoria,
1339 1391 1389 1413 nec
1406 1384 1480 1412 aliud
1497 1383 1565 1412 adeo
1581 1384 1689 1411 tardum
1707 1384 1740 1410 ad

950 1430 1082 1458 malitiam
1108 1430 1196 1458 reddit
1220 1430 1371 1458 hominem.
1396 1430 1425 1457 Si
1448 1434 1557 1465 peccata
1581 1429 1697 1457 subinde
1712 1429 1741 1457 in

951 1476 1085 1504 memoria
1101 1476 1205 1509 volvas,
1218 1484 1357 1511 nunquam
1374 1476 1564 1504 recordaberis
1577 1475 1741 1510 iniuriarum

946 1531 1014 1558 quas
1031 1523 1172 1558 proximus
1186 1527 1249 1550 tuus
1263 1523 1311 1550 tibi
1326 1522 1432 1556 fecerit,
1448 1530 1588 1558 nunquam
1602 1523 1740 1555 irasceris,

945 1574 1084 1601 nunquam
1115 1567 1323 1601 conviciaberis,
1347 1575 1401 1595 non
1433 1568 1518 1595 altum
1552 1568 1651 1603 sapies,
1688 1576 1740 1595 non

105 1613 136 1639 οὐ
159 1614 304 1647 περιπεσεῐ
324 1614 405 1641 πάλιν
427 1615 485 1646 τοῖς
510 1615 613 1646 αὐτοῖς.
635 1615 700 1642 Ἐὰν
724 1617 778 1651 γὰρ
801 1617 848 1644 νῦν
859 1615 894 1654 ᾖς

955 1612 1038 1640 ienuo
1064 1613 1092 1640 in
1119 1613 1230 1640 eosdem
1255 1620 1364 1641 errores
1383 1613 1497 1641 incides.
1521 1614 1589 1641 Nam
1619 1614 1642 1641 si
1668 1621 1741 1642 nunc

107 1659 199 1686 αὐτῶν
217 1660 404 1695 μεμνημένος.
421 1661 468 1688 καὶ
482 1662 601 1697 συνεχῶς
612 1662 682 1689 αὐτὰ
699 1663 842 1699 προφέρῃς
858 1664 896 1699 τῷ

106 1704 178 1740 Θεῷ,
194 1705 242 1732 καὶ
262 1706 331 1741 ὑπὲρ
347 1707 437 1733 αὐτῶν
451 1707 509 1742 δέῃ,
527 1708 631 1742 ταχέως
646 1709 800 1743 ἐξαλείφεις
815 1712 895 1739 αὑτά.

112 1751 176 1777 Ἐὰν
192 1751 220 1777 δὲ
236 1751 282 1777 νῦν
305 1752 434 1788 ἐπιλάϐῃ.
449 1753 510 1779 τότε
529 1754 619 1780 αὐτῶν
637 1755 833 1793 ἀναμνησθήσῃ
850 1759 896 1786 καὶ

107 1795 184 1828 άκων
207 1797 254 1823 ἐπὶ
274 1798 323 1832 τῆς
349 1799 512 1834 οἰκουμένης
531 1800 642 1836 ἁπάσης
663 1802 703 1833 εις
717 1802 799 1836 μέσον
814 1811 895 1838 φερο-

110 1843 200 1876 μένων
210 1842 309 1875 αὐτῶν,
319 1843 366 1870 καὶ
377 1843 471 1878 φίλων,
489 1845 537 1871 καὶ
561 1845 677 1881 ἐχθρῶν,
696 1848 744 1873 καὶ
759 1848 893 1881 ἀγγέλων.

106 1888 144 1914 Οὺ
164 1889 219 1924 γὰρ
240 1888 272 1923 δὴ
292 1890 357 1925 προς
374 1890 455 1917 Δαυῗδ
466 1891 542 1925 ἔλεγε
556 1891 646 1926 μόνον,
665 1901 675 1918 ι
692 1893 725 1918 ’Λ
744 1894 776 1919 ab
801 1894 896 1928 ἐποίη-

104 1942 154 1966 σας
168 1935 197 1963 ἐν
208 1937 310 1971 κρυερῇ,
321 1935 376 1970 ἐγὼ
393 1937 497 1973 ποιήσω
511 1939 577 1965 πᾶσι
606 1939 769 1973 κατάδηλον,
789 1949 798 1966 ι
827 1940 894 1968 ἀλλά

103 1981 152 2007 καὶ
165 1981 231 2016 πρὸς
246 1982 350 2014 πάντας
379 1983 463 2018 ἡμᾶς.
488 1983 606 2017 Ἐλέγξω
622 1985 676 2020 γάρ
688 1986 829 2020 σε,φησὶν,
842 1985 894 2013 ὑπὸ

102 2027 160 2058 τοῖς
175 2027 303 2055 ἁπάντων
319 2028 469 2064 ὀφθαλμοῖς
481 2028 565 2062 τιθείς
585 2037 632 2056 σου
658 2031 856 2066 ἁμαρτήματα.

144 2121 249 2156 Ὠσπερ
270 2120 325 2156 γάρ
346 2122 360 2148 ὸ
381 2121 430 2156 τὴν
445 2121 531 2156 θύραν
551 2121 682 2150 εισελοῶν
708 2123 781 2150 ἔνδον
805 2125 891 2159 ἐστὶν,

104 2166 192 2198 οὓτως
211 2168 225 2193 δ
240 2167 274 2193 τὰ
295 2168 382 2193 οἰκεῖα.
404 2168 577 2203 λογιζόμενος
604 2170 677 2196 κακὰ
698 2170 747 2196 καὶ
773 2172 819 2198 ἐπὶ
842 2172 892 2207 τὴν

104 2214 253 2249 θεραπείαν
271 2214 363 2241 αὐτῶν
376 2214 484 2246 πάντως
498 2215 567 2250 ἥξει.
585 2216 634 2242 Ἂν
647 2216 674 2242 δὲ
691 2215 768 2252 λέγῃ,
787 2218 892 2253 Ἄμαρ-

102 2261 187 2294 τωλός
196 2263 266 2296 εἰμι,
283 2262 322 2297 μή
339 2262 531 2296 ἀναλογίζεται
547 2262 574 2290 δὲ
587 2263 656 2289 αὑτᾶ
671 2264 732 2290 κατ’
747 2261 827 2296 εἶδος.
844 2265 890 2292 καὶ

949 1666 1044 1686 eorum
1060 1659 1230 1692 memineris,
1250 1663 1277 1686 et
1293 1660 1404 1687 assidue
1417 1668 1509 1687 coram
1526 1659 1581 1687 Deo
1595 1662 1652 1695 ipsa
1667 1668 1741 1688 com-

948 1712 1095 1736 memores,
1120 1710 1147 1732 et
1167 1706 1273 1732 veniam
1292 1713 1367 1739 ores,
1383 1707 1473 1733 statim
1490 1706 1686 1735 abolebuntur.
1709 1706 1739 1734 Si

949 1758 1013 1777 vero
1028 1759 1100 1778 nunc
1116 1758 1210 1779 eorum
1226 1752 1407 1784 obliviscaris,
1422 1752 1448 1779 in
1464 1752 1557 1780 l'utttro
1576 1753 1675 1780 saeculo
1698 1754 1739 1780 vel

947 1795 1051 1823 invitus
1077 1796 1268 1824 recordaberis
1283 1805 1378 1824 eorum
1401 1805 1493 1825 coram
1519 1801 1647 1826 universo
1661 1800 1738 1833 orbe,

946 1841 1044 1868 amicis
1070 1841 1152 1869 simul
1169 1846 1196 1869 et
1216 1842 1338 1870 inimicis
1361 1849 1387 1871 et
1399 1844 1503 1879 angelis
1517 1844 1544 1871 in
1568 1845 1687 1872 medium
1707 1853 1738 1873 ea

947 1886 1164 1920 proferentibus.
1181 1886 1240 1915 Non
1267 1890 1339 1916 enim
1355 1890 1387 1916 ad
1404 1891 1492 1917 solum
1518 1890 1645 1918 Davidem
1670 1891 1740 1918 dixit

948 1932 1017 1960 Dcus
1034 1933 1119 1966 :Quae
1142 1938 1170 1960 tu
1187 1934 1271 1962 fecisti
1288 1935 1316 1962 in
1333 1936 1454 1969 occulto,
1472 1944 1523 1971 ego
1540 1936 1666 1964 omnibus
1680 1945 1739 1964 ma-

946 1978 1045 2006 nifesta
1058 1978 1168 2010 faciant.
1178 1981 1224 2008 sed
1238 1981 1320 2008 etiam
1337 1982 1370 2008 ad
1386 1989 1435 2009 nos
1447 1989 1552 2012 omnes.
1567 1982 1738 2019 liedarguam

945 2024 1018 2052 enim
1038 2029 1064 2052 te
1084 2025 1195 2061 (inquit)
1212 2028 1335 2054 omnium
1347 2029 1437 2056 oeulis
1449 2034 1561 2064 peccata
1578 2035 1623 2056 tua
1639 2037 1739 2065 propo‘

945 2079 1023 2098 nens.

980 2118 1216 2152 Quemadmodum
1254 2127 1302 2154 per
1326 2119 1438 2154 januant
1469 2121 1610 2157 ingressus
1638 2122 1736 2157 aliquis

944 2166 1018 2194 intus
1031 2166 1139 2199 existit;
1157 2167 1196 2194 sic
1217 2167 1262 2194 ille
1279 2167 1323 2201 qui
1349 2175 1441 2195 secum
1458 2175 1507 2195 sua
1530 2169 1600 2195 mala
1616 2173 1735 2204 reputat,

944 2213 977 2240 ad
990 2220 1082 2240 curam
1106 2221 1200 2240 eorum
1226 2213 1337 2241 indubie
1360 2214 1511 2248 perveniet.
1528 2214 1555 2241 Si
1572 2223 1636 2243 vero
1651 2217 1733 2248 dicat,

944 2259 1074 2286 l‘eccalor
1091 2267 1161 2293 sum,
1185 2267 1238 2286 non
1255 2264 1345 2286 autern
1359 2252 1497 2294 sigillalim
1515 2265 1625 2295 peccata
1641 2268 1735 2288 recen~

99 2307 187 2342 λέγει,
213 2307 254 2334 ὅτι
269 2307 335 2334 Τόδε
359 2309 406 2335 καὶ
426 2309 486 2335 τόδε
513 2309 647 2345 ἥμαρτον,
666 2309 793 2337 οὐδέποτε
820 2312 890 2337 παύ·

958 2309 996 2337 et,
1009 2304 1134 2337 dicendo,
1154 2304 1210 2332 Hoc
1234 2311 1260 2332 et
1282 2305 1347 2332 illud
1368 2306 1488 2339 peccavi,
1506 2313 1643 2340 nunquam
1660 2307 1737 2341 quie-

100 2354 246 2386 σεται,ἀεὶ
282 2354 332 2389 μὲν
356 2354 507 2388 ὁμολογῶν,
534 2356 684 2390 φροντίζων
713 2356 742 2383 δὲ
763 2357 891 2384 οὐδέποτε

99 2399 151 2434 τῆς
170 2399 352 2435 διορθώσεως.
380 2400 436 2435 Τὴν
458 2401 546 2436 ἀρχὴν
570 2401 618 2429 οὖν
644 2402 890 2438 καταϐαλλώμεθα,

99 2447 149 2474 καὶ
165 2446 252 2473 πάντα
268 2444 366 2472 εὔκολα
383 2446 458 2473 ἔσται
476 2447 523 2472 καὶ
541 2448 638 2482 ῥᾷστα.
662 2447 823 2483 ’Λρξώμεθα
837 2449 892 2475 τοί-

99 2500 159 2525 νυν,
173 2491 338 2527 παρακαλῶ,
354 2493 368 2518 ὁ
387 2492 436 2526 μὲν
453 2491 507 2517 ἀπὸ
519 2492 566 2518 τοῦ
583 2492 633 2523 τὰς
648 2493 730 2528 εὐχὰς
745 2494 890 2527 ἐπιτεῖναι,

99 2539 115 2565 ὁ
127 2538 157 2564 δὲ
171 2538 225 2564 άπδ
244 2537 292 2564 τοῦ
308 2537 437 2573 δακρύειν
456 2538 588 2573 συνεχῶς,
603 2540 617 2566 ὁ
630 2539 658 2565 δὲ
675 2539 729 2565 άπὸ
744 2539 792 2566 τοῦ
807 2548 892 2574 κατη-

98 2586 162 2619 φεῖν
176 2584 247 2619 (οὐδὲ
259 2584 314 2620 γὰρ
326 2583 387 2610 οὐδὲ
402 2583 482 2610 τοῦτο
496 2585 527 2610 τδ
542 2583 614 2611 οὕτω
629 2585 727 2622 μικρὸν
740 2585 870 2621 ἀνόνητον
882 2593 890 2601 '

95 2630 177 2660 Εἶδον
186 2632 251 2666 γὰρ,
261 2630 354 2665 φησὶν,
363 2631 404 2657 ὃτι
415 2629 548 2665 ἐλυπήθη,
560 2631 606 2658 καὶ
617 2631 753 2666 ἐπορεύθη
765 2631 890 2666 στυγνὸς,

95 2678 146 2704 καὶ
159 2678 282 2712 ἰασάμην
295 2676 344 2708 τὰς
357 2676 433 2707 ὁδοὺς
448 2675 556 2711 αὑτοῦ),
572 2677 586 2703 ό
603 2675 631 2703 δὲ
646 2676 700 2703 duo
714 2676 760 2703 τοῦ
776 2677 890 2712 ὲλεημο-

95 2724 183 2759 σύνην
199 2723 299 2755 ποιεῖν,
312 2723 326 2749 ὁ
345 2721 372 2748 δὲ
386 2721 441 2749 ἀπὸ
453 2721 500 2748 τοῦ
518 2722 632 2756 ἀφιέναι
643 2723 700 2752 τοῖς
725 2722 840 2758 πλησίον
853 2724 888 2751 τά

96 2769 298 2806 ἁμαρτήματα,
321 2769 336 2795 ὀ
357 2767 385 2794 δὲ
399 2768 455 2801 ἀπὸ
475 2767 522 2802 τοῦ
544 2767 584 2805 μὴ
604 2769 799 2804 μνησικακεῗνλ
822 2770 889 2805 μηδὲ

95 2814 262 2850 ἀμύνεσθαι.

136 2860 193 2887 Οὐκ
216 2860 274 2886 ἐστι
301 2860 445 2895 προτροπή
473 2867 514 2894 τις
539 2859 654 2898 τοιαύτη
679 2859 748 2895 πρὸς
775 2859 886 2896 ἀρετὴν,

97 2904 153 2937 οἷον
169 2907 378 2942 ἁμαρτημάτων
391 2907 556 2942 ἀνάμνησις.

143 2953 213 2984 Ὀδοὶ
227 2953 372 2987 μετανοίας
387 2953 468 2982 πέντε
481 2962 488 2970 ·
505 2953 602 2989 πρώτη
614 2953 631 2990 ἡ
645 2953 817 2989 κατάγνωσις
832 2955 886 2983 τῶν

946 2355 1011 2383 seet,
1026 2350 1089 2376 dum
1106 2358 1215 2385 semper
1228 2351 1383 2383 conﬁtetur,
1401 2359 1541 2386 nunquam
1563 2359 1628 2378 vero
1642 2359 1735 2379 emcn-

946 2396 1064 2424 dationis
1093 2405 1188 2424 curam
1223 2397 1313 2424 habet.
1345 2397 1513 2432 Principium
1547 2399 1629 2433 igitur
1663 2405 1736 2426 recte

945 2443 1132 2478 instituamus,
1151 2448 1177 2471 et
1192 2445 1283 2471 omnia
1297 2443 1367 2471 levia
1387 2445 1449 2472 licnt
1463 2450 1490 2473 et
1502 2446 1641 2473 facillima.
1665 2445 1736 2473 Inci-

945 2489 1051 2525 piamus
1067 2498 1132 2525 ergo
1151 2490 1186 2517 ita
1206 2495 1236 2517 ut
1261 2491 1333 2518 alius
1359 2491 1511 2518 orati0nem
1535 2497 1642 2527 augeat,
1663 2493 1734 2520 alius

944 2536 1061 2564 subinde
1080 2537 1257 2572 lacrymetur,
1273 2538 1343 2565 alius
1360 2539 1436 2566 vultu
1463 2539 1585 2567 demisso
1611 2541 1735 2569 tri'stetur

945 2583 1019 2618 (nam
1043 2592 1076 2610 ne
1104 2583 1158 2612 hoc
1182 2585 1305 2618 quidem,
1325 2591 1463 2620 utcunque
1486 2593 1612 2622 parvum,
1638 2588 1734 2615 inutile

944 2629 1037 2658 fuerit.
1052 2629 1113 2657 Vidi
1129 2631 1202 2658 enim
1222 2631 1332 2667 (inquit)
1350 2632 1486 2660 tristatum
1505 2638 1532 2660 et
1546 2633 1732 2661 ambulantem

944 2684 1006 2704 cum
1019 2676 1160 2709 maestitia,
1176 2681 1203 2704 et
1216 2678 1308 2704 sanavi
1325 2679 1383 2705 vias
1399 2678 1486 2714 ejus),
1500 2680 1569 2708 alius
1584 2679 1734 2715 eleenmsy-

944 2731 1007 2751 nam
1030 2723 1123 2757 l'aciatI
1141 2724 1212 2751 alius
1234 2723 1290 2759 36
1303 2729 1413 2759 peccata
1429 2726 1563 2760 proximis
1585 2726 1731 2758 condonet,

943 2771 1017 2799 alius
1028 2770 1146 2805 denique
1161 2770 1196 2798 ab
1217 2771 1356 2798 oblivione
1375 2772 1510 2799 malorum
1525 2776 1552 2799 et
1568 2771 1730 2805 injuriarum

943 2816 1068 2851 deposito
1085 2816 1198 2844 ultionis
1214 2817 1314 2845 aﬂectu
1332 2817 1458 2853 incipiat.

976 2862 1051 2890 Nihil
1072 2863 1139 2891 adeo
1152 2863 1280 2891 virtutem
1303 2867 1456 2898 promovet,
1474 2869 1555 2897 quam
1576 2860 1732 2889 recordatio

942 2914 1125 2946 peccatorum.

979 2955 1034 2984 Via:
1054 2956 1234 2992 pteuitudinis
1254 2959 1319 2995 sunt
1342 2955 1486 2994 quinque;
1507 2954 1608 2990 prima,
1628 2954 1733 2989 agnitio
