1959 3130
90 232 132 266 857

91 295 149 329 τηλὴ,
164 294 193 320 ἑν
210 292 297 328 τούτῳ
309 291 347 327 τῷ
367 291 440 326 λόγῳ
463 289 722 333 ἀνακεφαλαιοῦται,
749 289 777 315 ὲν
803 287 856 323 τῷ,

95 340 244 375 Ἀγαπήσεις
258 339 305 366 τὸν
323 337 437 372 πλησίον
450 346 497 364 σου
510 337 548 368 ὡς
560 336 667 362 ἑαυτόν.

125 470 151 498 Ἦ
180 471 275 506 ἀγάπη
299 467 339 504 τῷ
360 467 473 504 πλησίον
504 467 593 495 κακὸν
618 467 668 495 οὐκ
708 466 867 503 ἐργάζεται.

93 518 219 552 Πλήρωμα
235 515 281 543 οὖν
291 517 374 551 νόμου
391 516 408 551 ὴ
424 516 531 550 ἀγάπη.

119 562 168 594 Πᾶς
193 561 207 589 ό
231 563 312 597 νόμος
336 563 365 588 ὲν
381 561 420 588 ἐνὶ
443 561 516 596 μόνῳ
542 559 732 594 πεπλήρωται,
753 559 783 585 ἐν
806 557 845 593 τῷ
859 564 868 573 '

101 608 259 642 Ἀγαπήσεις
272 609 318 633 τὸν
331 607 447 641 πλησίον
463 606 501 637 ὡς
519 605 644 632 σεαυτόν.
790 631 793 635 ,

127 651 182 680 Ἐπὶ
198 654 265 680 πᾶσι
281 651 330 687 τὴν
352 650 463 687 ἀγάπην
478 642 605 682 διώκετε,
629 647 691 685 ἣτις
717 650 777 677 ἐστὶ
805 649 870 676 σύν-

92 700 178 734 δεσμος
192 699 242 734 τῆς
257 700 440 734 τελειότητος.

127 743 169 771 Ἐκ
182 744 306 780 καθαρᾶς
321 743 435 780 καρδίας
448 743 580 779 ἀλλήλους
605 743 768 778 ἀγαπήσατε
793 743 872 770 ἐκτε-

92 789 148 822 νῶς.
171 788 204 817 Ἠ
216 790 270 826 γὰρ
286 791 381 825 ἀγάπη
397 789 529 817 καλύπτει
543 788 645 824 πλῆθος
660 788 815 823 ἁμαρτιῶν.

123 879 193 915 Αὕτη
209 880 282 907 ἐστὶν
297 881 313 915 ἡ
327 878 491 913 ἐπαγγελία,
511 879 544 913 ἣν
559 876 693 913 ἠκούσατε
708 874 757 903 ἀπ’
771 875 872 911 ἀρχῆς,

92 925 131 952 ἕνα
143 926 195 959 ἀγα
200 926 295 960 πῶμεν
312 924 457 959 ἀλλήλους.

481 231 568 263 LOCl
589 227 810 262 COMMUNES.
833 242 867 248 -
885 226 983 259 PARS
997 227 1022 261 Ι.
1044 226 1173 258 ΞΕΒΜΟ
1195 225 1303 258 XXVI.

912 287 1000 313 nium.
1024 293 1079 313 non
1108 286 1299 320 concupisces,
1315 289 1343 312 et
1366 284 1388 312 s’i
1413 283 1485 319 quod
1512 287 1642 318 praeterea
1667 287 1711 310 est

1656 225 1709 256 858

918 332 992 359 aliud
1007 334 1180 364 mandatum,
1198 331 1225 358 in
1245 331 1295 358 hoc
1312 337 1439 358 sermone
1456 329 1616 357 summatim
1633 336 1710 356 com-

920 377 1109 413 prehenditur,
1124 377 1171 413 qui
1185 382 1227 405 est
1239 385 1248 404 :
1264 376 1375 412 Diligito
1389 375 1544 411 proximum
1557 379 1634 402 tuum
1650 379 1710 401 tan-

919 431 1000 459 quam
1017 425 1149 458 tuipsum.
1288 421 1292 425 ’

955 468 1068 496 Dilectio
1086 468 1241 503 proximum
1258 467 1331 495 malo
1347 474 1403 494 non
1418 465 1511 500 allicit;
1526 465 1645 500 expletio
1659 465 1712 499 igi-

919 520 963 543 tur
980 515 1046 550 legis
1063 515 1235 542 estdilectio.

956 560 1048 588 Gulat.
1071 569 1096 589 v.
1114 561 1182 588 Tota
1206 561 1246 588 lex
1266 561 1293 588 iu
1316 568 1372 588 uno
1394 560 1454 588 solo
1467 559 1601 593 completa
1617 563 1669 590 est.
1686 558 1713 585 in

918 607 967 635 illo
983 608 1127 636 videlicet:
1145 607 1304 636 Proximum
1322 612 1452 641 tanquam
1468 607 1585 641 teipsum
1598 605 1714 639 diligite.

956 653 1058 682 Colon.
1077 661 1118 682 ιιι.
1132 654 1220 689 Super
1235 654 1327 681 omnia
1344 658 1435 681 autem
1451 653 1509 680 lnee
1523 652 1658 680 cliaritate
1675 653 1716 678 in-

920 700 979 727 dutl
996 700 1069 731 sitis,
1086 707 1148 735 qua).
1163 705 1205 728 est
1222 700 1363 727 vinculum
1380 698 1566 734 perfectionis.

961 745 975 773 l
991 747 1067 772 Petr.
1086 753 1106 774 ι.
1129 745 1238 780 Diligite
1261 753 1309 772 vos
1339 745 1456 772 invicem
1481 745 1666 776 vehementer,
1681 750 1714 770 ex

921 800 992 827 puro
1007 792 1098 820 corde.
1114 792 1240 820 Charitas
1253 792 1326 820 enim
1342 791 1408 827 tegit
1423 791 1628 818 multitudinem
1650 797 1717 824 pec.

921 843 1061 867 calorum.

957 883 1065 916 IJoan.
1081 892 1122 912 ιιι.
1138 884 1195 912 Hoc
1211 883 1277 911 illud
1290 887 1343 916 est,
1357 882 1430 917 quod
1446 881 1590 910 audivistis
1603 881 1637 908 ab
1660 880 1714 908 ini-

923 930 961 956 tio
978 935 1156 965 praeceptum,
1169 935 1198 958 ut
1215 938 1266 958 nos
1281 930 1398 957 invicem
1411 929 1570 964 diligamus.

132 971 174 998 'Ev
188 971 275 1006 τούτῳ
291 970 452 1005 ἐγνώκαμεν
466 969 514 1005 τὴν
529 969 652 1003 ἀγάπην,
668 968 709 995 ὅτι
725 968 739 994 ὁ
753 966 871 1003 Χριστὸς

958 974 1011 1003 Per
1027 976 1079 1003 hoc
1093 976 1275 1011 cognovimus
1290 976 1468 1008 charitatum,
1484 974 1616 1010 quoniam
1633 973 1714 1001 Chri-

93 1017 135 1053 τὴν
150 1016 238 1052 ψυχὴν
253 1014 335 1043 αὑτοῦ
348 1015 445 1052 ἔθηκεν
460 1015 531 1049 ὑπὲρ
549 1014 628 1050 ήμῶν
641 1021 650 1030 ⁵
660 1014 708 1041 καὶ
724 1014 804 1049 ἡμεῖς
817 1012 874 1039 τοί-

93 1071 134 1089 νυν
151 1061 293 1098 ὀφείλομεν
321 1061 392 1097 ὑπὲρ
423 1060 478 1088 τῶν
498 1059 620 1094 ἀδελφῶν
648 1058 735 1086 θεῖναι
761 1057 809 1090 τὰς
823 1058 874 1093 ψυ-

92 1117 149 1144 χας.

135 1154 163 1181 '0
181 1153 299 1189 ἀγαπῶν
312 1153 359 1180 τὸν
370 1153 484 1188 ἀδελφὸν
504 1151 586 1180 αὐτοῦ
603 1152 632 1179 ὲν
644 1151 683 1187 τῷ
700 1150 771 1186 φωτὶ
788 1149 876 1185 μένει,

92 1201 138 1228 καὶ
152 1200 299 1228 σκάνδαλον
317 1201 345 1227 ὲν
367 1200 443 1235 αὑτῷ
457 1200 507 1227 οὐκ
520 1199 605 1226 ἔστιν.

125 1246 236 1278 Τεκνία,
253 1247 290 1281 μὴ
310 1245 462 1280 ἀγαπῶμεν
479 1245 551 1280 λόγῳ
568 1245 635 1279 μηδὲ
663 1243 788 1279 γλώσσῃ,
820 1242 878 1270 ἀλλ’

94 1292 163 1328 Εργῳ
176 1291 223 1318 καὶ
238 1289 364 1326 ἀληθείᾳ.
386 1291 431 1317 Ἑν
455 1290 544 1325 τούτῳ
574 1290 748 1324 γνωσόμεθα,
778 1289 819 1315 ὅτι
848 1290 880 1316 ἐκ

93 1337 141 1373 τῆς
155 1335 284 1372 ἀληθείας
298 1335 393 1371 ἐσμέν.

132 1383 293 1419 ’Δγαπητοὶ,
309 1382 462 1418 ἀγαπῶμεν
478 1381 624 1418 ἀλλήλους,
640 1381 682 1408 ὃτι
706 1381 722 1417 ἡ
739 1381 833 1416 ἀγάπη
848 1382 882 1408 ὲκ

92 1429 139 1457 τοῦ
149 1430 216 1457 Θεοῦ
230 1431 327 1456 ἐστιν’
346 1430 403 1462 ,καὶ
420 1430 474 1460 πᾶς
499 1430 513 1455 ὁ
537 1428 652 1461 ἀγαπῶν
676 1428 708 1454 ἐκ
737 1427 786 1454 τοῦ
815 1426 882 1453 Θεοῦ

93 1477 264 1512 γεγέννηται,
282 1475 331 1503 καὶ
343 1475 473 1511 γινώσκει
488 1475 535 1502 τὸν
547 1475 613 1501 Θεὸν
631 1482 638 1489 ·
657 1472 698 1501 ὅτι
709 1474 723 1501 ὀ
738 1473 803 1505 Θεὸς
816 1474 885 1507 ἀγά-

92 1532 130 1558 πη
147 1523 236 1550 ἐστίν.

134 1568 202 1596 Θεὸν
218 1568 307 1601 οὐδεὶς
333 1566 446 1595 πώποτε
469 1567 607 1594 τεθέαται.
643 1565 707 1593 Ἐὰν
734 1564 887 1600 ἀγαπῶμεν

925 1025 984 1048 atus
1000 1021 1119 1048 animam
1135 1029 1213 1049 suam
1228 1029 1276 1056 pro
1289 1021 1369 1049 nobis
1380 1021 1473 1055 posuit
1486 1025 1513 1048 et
1525 1027 1575 1047 nos
1586 1019 1718 1047 debemus

926 1074 975 1102 pro
994 1067 1125 1095 fratribus
1139 1067 1246 1095 animas
1263 1075 1376 1102 ponere.

965 1157 1034 1186 Ibid.
1046 1166 1077 1186 ιι.
1094 1158 1147 1192 Qui
1159 1158 1248 1194 diligit
1267 1158 1381 1185 fratrem
1400 1160 1493 1189 suum,
1506 1156 1533 1183 in
1551 1156 1612 1183 luce
1630 1158 1722 1183 manet

929 1210 956 1232 et
975 1204 1169 1232 ofl'endiculum
1187 1205 1214 1231 in
1228 1212 1262 1232 eo
1277 1211 1332 1231 nou
1350 1207 1404 1231 est.

965 1251 1037 1279 Ibid.
1054 1259 1096 1279 tu.
1114 1248 1205 1278 Filioli
1232 1251 1296 1283 mei,
1318 1259 1353 1278 ne
1369 1251 1518 1286 diligamus
1534 1250 1619 1277 verbo
1632 1256 1721 1284 neque

931 1297 1034 1332 lingua,
1052 1297 1100 1325 sed
1117 1305 1198 1331 opere
1213 1302 1240 1324 et
1251 1297 1376 1325 veritate.
1393 1296 1445 1324 Per
1464 1297 1515 1324 hoc
1527 1296 1721 1331 cognoscimus

932 1342 1005 1377 quod
1021 1350 1053 1370 ex
1073 1343 1188 1370 veritate
1204 1350 1312 1371 sumus.
1662 1337 1667 1345 ’

969 1388 1038 1415 Ibid.
1051 1395 1089 1417 tv.
1105 1388 1279 1420 Charissimi,
1293 1388 1439 1422 diligamus
1451 1396 1503 1416 nos
1515 1389 1641 1423 invicem,
1658 1390 1723 1425 qula

922 1433 1055 1467 charitas
1070 1442 1104 1461 ex
1126 1435 1179 1461 Deo
1195 1438 1248 1461 est.
1275 1434 1308 1461 Et
1325 1434 1417 1462 omnis
1435 1434 1482 1470 qui
1506 1435 1605 1469 diligit,
1617 1443 1651 1463 ex
1669 1437 1725 1463 Deo

935 1485 1017 1507 natus
1027 1484 1079 1512 est,
1096 1484 1124 1507 et
1135 1479 1277 1515 cognoscit
1292 1480 1397 1514 Deum;
1409 1480 1542 1516 quoniam
1563 1480 1637 1509 Deus
1650 1481 1726 1510 cha—

937 1529 1002 1551 rltas
1019 1529 1071 1551 est.

975 1569 1047 1598 Ibid.
1070 1569 1155 1599 Deum
1181 1578 1263 1598 nemo
1286 1570 1353 1599 vidit
1380 1578 1514 1606 unquam.
1531 1571 1560 1599 Si
1579 1571 1726 1608 diligamus

92 1616 235 1652 ἀλλήλους,
247 1617 261 1643 ὁ
274 1617 340 1648 Θεὸς
351 1616 380 1642 ὲν
395 1614 463 1650 ἡμῖν
482 1615 571 1650 μένει,
586 1614 633 1641 καὶ
650 1613 776 1650 ήὰγάπη
800 1610 883 1638 αὑτοῦ

952 1622 990 1641 ιοε
1005 1615 1134 1648 invicem,
1152 1615 1223 1643 Deus
1237 1615 1264 1643 in
1278 1616 1359 1644 nobis
1373 1621 1476 1650 manet,
1489 1620 1516 1644 et
1526 1616 1648 1645 charilas
1663 1617 1724 1653 ejus

93 1663 123 1690 ἐν
139 1662 206 1698 ήμϊν
217 1661 418 1696 τετελειωμένη
433 1661 521 1688 ἐστίν.

136 1709 201 1736 Ἐάν
215 1717 257 1739 τις
270 1709 347 1743 εἴπῃ,
360 1708 400 1734 ὅτι
416 1707 530 1741 Ἀγαπῶ
544 1705 589 1733 τὸν
604 1705 683 1736 Θεὸν,
694 1705 742 1732 καὶ
753 1705 798 1731 τὸν
809 1703 893 1736 ιέιδελ-Γ

93 1755 145 1791 {pb}:
163 1755 247 1781 αὑτοῦ
264 1755 349 1789 μισεῖ,
367 1753 489 1788 ψεύστης
502 1752 634 1779 autem
652 1751 706 1786 γὰρ
718 1752 757 1786 μὴ
770 1751 886 1784 ἀγαπῶν

93 1803 140 1829 τὸν
158 1801 275 1835 ἀδελφὸν
286 1799 381 1831 αὐτοῦ,
395 1799 424 1826 ὃν
441 1799 558 1834 ἑώρακε,
575 1799 620 1825 τὸν
633 1798 700 1825 Θεὸν
711 1797 741 1824 ὃν
763 1798 813 1833 οὺχ
837 1796 888 1823 ἑώ-

93 1855 177 1884 ρακε,
196 1847 254 1878 πῶς
266 1846 378 1872 δύναται
399 1846 529 1880 ἀγαπᾷνί

137 1893 222 1920 οὐδέν
237 1894 311 1919 ἐστιν
326 1892 437 1927 ἄμεινον
451 1893 574 1927 εἰρήνης,
586 1888 643 1927 ὲνῇ
666 1890 720 1921 πᾶς
738 1889 752 1915 6
769 1887 889 1924 πόλεμος

93 1939 280 1966 καταλύεται.

132 1987 220 2013 ’Ὅσον
233 1986 292 2012 ἐστὶ
310 1985 342 2012 τὸ
357 1984 408 2020 τῆς
423 1985 538 2020 είρήνης
555 1983 649 2014 καλὸν,
674 1982 701 2009 τί
722 1982 775 2018 χρὴ
799 1982 890 2016 λέγειν

93 2032 170 2066 πρὸς
194 2031 293 2066 ἄνδρας
310 2031 387 2063 υἱοὺς
413 2031 464 2065 τῆς
487 2031 617 2066 εἰρήνηςς
632 2029 709 2055 οὐδὲν
736 2028 790 2064 γὰρ
804 2027 890 2060 οὕτως

95 2080 169 2107 ἴδιον
207 2077 388 2114 Χριστιανοῦ,
419 2077 456 2108 ὡς
474 2077 504 2104 τὸ
533 2077 724 2112 είρηνοποιεῖν.
753 2076 826 2102 Διὸτι
844 2075 891 2102 καὶ

93 2125 144 2152 τὸν
157 2125 202 2152 ἐπ’
220 2123 294 2159 αὺτῷ
310 2123 406 2159 μισθὸν
424 2123 552 2159 μέγιστον
570 2124 637 2158 ἡμῖν
651 2123 665 2149 δ
685 2122 788 2156 Κύριος
803 2124 892 2157 ἐπηγ-

93 2179 129 2205 γε
135 2171 222 2197 ίλατο.

137 2217 293 2252 κυρώσατε
306 2215 355 2251 τὴν
370 2215 493 2251 ἀγάπην,
509 2211 543 2249 ἦς
562 2213 627 2241 ἄνευ
644 2213 727 2249 ἀτελῆ
752 2211 822 2241 εἶναι
839 2213 892 2240 πά-

95 2272 153 2299 σης
170 2263 281 2297 ἐντολῆς
301 2262 436 2297 ἐργασίαν
468 2261 549 2292 αὐτὸς
562 2261 577 2287 ὁ
592 2259 693 2296 Κύριος
707 2260 774 2295 ἡμῖν
802 2259 895 2295 διωρί-

95 2317 182 2338 σατο.

49 2386 54 2392 _
138 2356 179 2383 Οὐ
196 2355 306 2382 πάντων
320 2354 387 2385 Θεὸς
403 2353 417 2381 ὁ
429 2353 507 2387 Θεὸς,
522 2352 590 2380 ἀλλά
605 2351 660 2379 τῶν
693 2350 893 2378 οἰκειωθίντων

93 2401 179 2436 αὐτῷ
196 2401 240 2427 διὰ
250 2401 299 2435 τῆς
313 2400 436 2435 ἀγάπης.

47 2451 55 2458 '
140 2445 198 2478 Τῆς
214 2444 326 2479 ἀγάπης
339 2443 467 2478 ἐξαίρετα
484 2442 531 2470 δύο
548 2450 556 2458 ”
573 2442 604 2469 τὸ
617 2441 761 2469 λυπεῖσθαι
783 2441 834 2476 μὲν
848 2441 896 2468 καὶ

93 2492 238 2527 ἁγωνιᾷν,
251 2491 293 2525 ἐφ’
311 2487 351 2520 οἷς
369 2489 521 2525 βλάπτεται
536 2489 551 2516 ὀ
561 2488 745 2523 ἀγαπώμενος
763 2496 772 2504 ·
787 2488 895 2523 χαίρειν

92 2538 130 2565 δὲ
153 2538 205 2565 καὶ
222 2536 406 2571 ἀγωνίζεσθαι
427 2535 498 2570 ὑπὲρ
512 2535 562 2570 τῆς
577 2533 713 2570 ὠφελείας
728 2534 823 2561 αὑτοῦ.

142 2584 180 2611 Τί
196 2584 227 2610 τὸ
243 2584 347 2619 μέτρον
361 2583 412 2618 τῆς
436 2583 506 2617 πρὸς
521 2581 589 2608 Θεὸν
604 2582 732 2616 ἀγάπης
761 2581 798 2607 Τὸ
826 2579 898 2615 ὑπὲρ

92 2630 222 2666 δύναμιν
236 2630 280 2656 ἀεὶ
293 2630 342 2665 τὴν
357 2629 447 2664 ψυχὴν
467 2627 677 2656 ἐπεκτείνεσϐαι
702 2627 771 2662 πρὸς
797 2627 828 2653 τὸ
847 2625 896 2653 τοῦ

93 2677 174 2704 Θεοῦ
193 2677 309 2712 θέλημα,
326 2675 457 2703 καὶκατὰ
478 2675 580 2702 σκοπὸν
596 2674 644 2702 καὶ
663 2672 821 2708 ηὲπιϐυμίαν
845 2672 897 2708 τῆς

93 2723 194 2751 αὐτοῦ
210 2722 302 2758 δόξης.

139 2769 227 2796 Οὐδὲν
242 2768 328 2801 οὕτως
344 2767 455 2804 ισχυρὸν
466 2767 536 2804 πρὸς
550 2767 674 2802 ἀγάπην,
690 2765 730 2797 ὡς
763 2763 897 2792 ἀντιδιδο-

95 2817 179 2853 μένη
187 2816 325 2853 ,διάθες-ις.

139 2861 339 2897 Φιλάνορωπον
356 2862 372 2896 ἡ
387 2861 494 2896 ἀγάπη,
512 2859 614 2896 μᾶλλον
633 2858 663 2886 δὲ
677 2854 896 2892 αὖτοφιλανθρω-

33 2935 37 2936 ,
94 2907 174 2936 πία.

142 2953 204 2990 Οὐχ
222 2952 313 2983 ἰκανὸν
326 2954 342 2990 ή
354 2952 485 2988 διάθεσις,
504 2953 528 2980 εἰ
545 2952 582 2988 μὴ
604 2952 650 2978 καὶ
679 2949 724 2977 διὰ
750 2947 803 2976 τῶν
829 2954 901 2982 πρα-

900 1646 921 1674 C

938 1666 981 1688 est
993 1661 1113 1696 perfecta
1131 1662 1158 1688 in
1176 1661 1268 1689 nobis.
1469 1696 1472 1700 Ι
1657 1687 1660 1690 .

974 1708 1003 1734 Si
1023 1707 1084 1742 quis
1098 1707 1172 1735 dicat
1188 1714 1217 1736 se
1235 1708 1319 1735 Deum
1333 1708 1458 1743 diligere,
1470 1712 1494 1736 et
1513 1708 1624 1736 fratrem
1643 1715 1723 1736 suum

938 1753 1036 1784 Oderit,
1054 1753 1170 1780 mendax
1194 1758 1247 1781 est.
1269 1753 1321 1786 Qui
1345 1754 1417 1781 enim
1435 1753 1547 1781 fratrem
1571 1761 1652 1782 suum
1669 1759 1725 1781 non

938 1799 1027 1834 diligit
1041 1807 1123 1833 quem
1141 1800 1226 1833 videt,
1240 1809 1295 1834 quo
1318 1801 1429 1829 tandem
1448 1801 1531 1829 modo
1550 1801 1661 1836 diligere
1678 1809 1726 1837 po-

942 1849 994 1872 test
1009 1845 1092 1872 lieum
1107 1853 1189 1880 quem
1204 1853 1259 1873 non
1275 1845 1372 1873 videt?
1636 1861 1639 1864 ν

976 1889 1104 1925 SJgnat.
1120 1889 1193 1917 Nihil
1207 1895 1249 1919 est
1260 1897 1327 1925 pace
1343 1890 1452 1924 melius,
1467 1898 1522 1926 qua
1533 1897 1615 1918 omne
1626 1889 1728 1918 bellum

941 1936 1091 1964 dirimitur.

975 1981 1086 2012 Basilii.
1106 1983 1192 2016 Quam
1207 1984 1243 2011 sit
1257 1990 1300 2011 res
1313 1983 1428 2011 honesta
1452 1991 1515 2018 pax,
1532 1983 1598 2019 quid
1615 1990 1730 2012 necesse

941 2034 984 2058 est
998 2037 1216 2058 commemorare
1233 2034 1304 2065 apud
1323 2031 1395 2059 ﬁlios
1413 2031 1512 2066 pacis?
1532 2032 1599 2059 nihil
1617 2036 1661 2059 est
1673 2036 1728 2059 tam

943 2076 1084 2111 proprium
1108 2076 1271 2110 Christiani,
1295 2085 1378 2113 quam
1408 2085 1503 2112 pacem
1531 2078 1682 2106 conciliare
1702 2082 1730 2105 et

943 2122 1088 2156 paciﬁcum
1113 2130 1194 2156 esse;
1213 2122 1305 2158 itaque
1322 2123 1455 2150 Dominus
1474 2123 1627 2150 mercedem
1644 2123 1732 2150 maxi-

943 2174 1017 2194 mam
1037 2167 1117 2196 nobis
1134 2173 1246 2203 propter
1262 2169 1336 2195 illam
1354 2169 1490 2203 promisit.

979 2212 1076 2240 Ratam
1105 2213 1186 2241 facile
1210 2213 1384 2246 charitatem,
1406 2221 1461 2248 qua
1487 2219 1592 2241 remota
1623 2214 1731 2241 nullum

944 2259 1102 2286 mandatum
1126 2259 1220 2294 perlici
1239 2266 1320 2294 posse
1342 2259 1479 2288 Dominus
1504 2260 1555 2295 ipsi
1575 2260 1730 2288 aﬂirmavil.

908 2315 938 2343 D.

984 2348 1040 2385 E9
1058 2348 1130 2376 Deus
1154 2355 1208 2375 non
1223 2348 1344 2375 omnium
1368 2347 1440 2374 Deus
1457 2350 1499 2372 est
1513 2365 1520 2378 ,
1548 2345 1596 2372 sed
1622 2344 1731 2371 illorum

950 2401 1020 2430 quos
1031 2393 1057 2421 ei
1073 2393 1194 2421 charitas
1208 2392 1406 2420 conciliaverit.

980 2438 1132 2467 Charitatis
1147 2437 1201 2465 duo
1219 2441 1284 2465 sunt
1303 2436 1449 2470 peculiaria
1464 2445 1472 2463 ι
1489 2436 1616 2468 alterum,
1629 2435 1732 2464 tristztri

945 2491 974 2515 et
1002 2485 1066 2520 angi
1094 2482 1240 2520 dispendio
1263 2483 1324 2518 ejus
1356 2484 1404 2517 qui
1430 2482 1578 2517 diligitur:
1598 2481 1732 2513 alterunt.

947 2531 1068 2567 gaudere
1084 2536 1214 2557 successu
1230 2527 1291 2563 ejus
1309 2531 1338 2555 et
1357 2535 1405 2562 pro
1421 2534 1454 2554 eo
1473 2532 1592 2554 certare.

982 2578 1050 2612 Quis
1066 2577 1163 2605 modus
1178 2580 1221 2605 est
1234 2575 1390 2604 dilectionis
1411 2582 1474 2610 erga
1490 2573 1574 2601 Deum
1587 2573 1598 2600 ἳ
1613 2573 1664 2601 Hic
1679 2577 1733 2607 est,

950 2628 980 2651 ut
1002 2623 1094 2651 anima
1117 2629 1226 2656 semper
1244 2621 1349 2648 nitatur
1361 2620 1445 2647 etiam
1469 2624 1553 2653 supra
1578 2618 1651 2646 vires
1669 2625 1735 2645 suas

949 2670 982 2698 ad
998 2670 1166 2696 voluntatem
1180 2667 1242 2700 Dei,
1257 2671 1285 2694 et
1297 2667 1377 2702 juxta
1391 2672 1506 2700 scopum
1524 2672 1557 2692 ac
1568 2663 1735 2693 desiderium

949 2716 1044 2752 gloriae
1060 2714 1148 2749 ipsius
1164 2717 1238 2748 agat.
1419 2750 1422 2753 .

987 2761 1120 2796 Tlieologi.
1137 2759 1210 2787 Nihil
1222 2764 1276 2786 tam
1294 2757 1401 2785 tirmum
1417 2756 1451 2784 ad
1462 2756 1636 2786 charitatem.
1653 2760 1736 2788 quam

951 2811 1046 2835 mutua
1067 2806 1186 2834 atrectio.

987 2853 1112 2880 Humana
1127 2856 1169 2879 est
1182 2851 1314 2883 charitas,
1333 2848 1374 2876 vel
1392 2848 1485 2883 potius
1500 2846 1558 2881 ipsa
1580 2842 1739 2872 humanitas

953 2899 1010 2927 sive
1025 2897 1188 2933 benignitas.

989 2943 1049 2972 Non
1068 2932 1135 2971 satis
1150 2947 1191 2971 est
1207 2941 1291 2969 animi
1317 2939 1439 2971 aﬂcctio,
1458 2935 1512 2965 nisi
1528 2939 1554 2964 et
1569 2941 1600 2962 re
1616 2935 1674 2967 ipsa
1693 2932 1739 2962 de-
