  <div class='ocr_page' id='page_1' title='image "/cluster/home/n/w/nwhite01/storage/ocr_20150623/136/njp.32101010942827/462.png"; bbox 0 0 1959 3130; ppageno 0'>
   <div class='ocr_carea' id='block_1_1' title="bbox 46 15 811 60">
    <p class='ocr_par' dir='ltr' id='par_1_1' title="bbox 46 15 811 60">
     <span class='ocr_line' id='line_1_1' title="bbox 46 15 811 60; baseline -0.013 0"><span class='ocrx_word' id='word_1_1' title='bbox 46 18 746 60; x_wconf 25' lang='grc' dir='ltr'><em>ῨἉῨ</em></span> <span class='ocrx_word' id='word_1_2' title='bbox 756 16 789 18; x_wconf 42' lang='grc' dir='ltr'><strong>Μ</strong></span> <span class='ocrx_word' id='word_1_3' title='bbox 798 15 811 16; x_wconf 30' lang='grc' dir='ltr'><em>Π</em></span> 
     </span>
    </p>
   </div>
   <div class='ocr_carea' id='block_1_2' title="bbox 87 182 134 214">
    <p class='ocr_par' dir='ltr' id='par_1_2' title="bbox 87 182 134 214">
     <span class='ocr_line' id='line_1_2' title="bbox 87 182 134 214; baseline 0.043 -2"><span class='ocrx_word' id='word_1_4' title='bbox 87 182 114 212; x_wconf 68' lang='grc' dir='ltr'><strong>δι’</strong></span> <span class='ocrx_word' id='word_1_5' title='bbox 120 183 134 214; x_wconf 86' lang='grc'><strong>5</strong></span> 
     </span>
    </p>
   </div>
   <div class='ocr_carea' id='block_1_3' title="bbox 470 162 1262 216">
    <p class='ocr_par' dir='ltr' id='par_1_3' title="bbox 470 162 1262 216">
     <span class='ocr_line' id='line_1_3' title="bbox 470 162 1262 216; baseline -0.018 -9"><span class='ocrx_word' id='word_1_6' title='bbox 470 175 553 207; x_wconf 86' lang='lat' dir='ltr'><strong>LOCI</strong></span> <span class='ocrx_word' id='word_1_7' title='bbox 567 171 786 216; x_wconf 53' lang='lat' dir='ltr'><strong>COMMUNES.</strong></span> <span class='ocrx_word' id='word_1_8' title='bbox 804 181 837 188; x_wconf 86' lang='grc'><strong><em>--</em></strong></span> <span class='ocrx_word' id='word_1_9' title='bbox 855 168 953 198; x_wconf 81' lang='lat' dir='ltr'><strong>PARS</strong></span> <span class='ocrx_word' id='word_1_10' title='bbox 965 167 988 199; x_wconf 83' lang='lat' dir='ltr'><strong>i.</strong></span> <span class='ocrx_word' id='word_1_11' title='bbox 1005 165 1131 196; x_wconf 72' lang='lat' dir='ltr'><strong>SERMO</strong></span> <span class='ocrx_word' id='word_1_12' title='bbox 1151 162 1262 196; x_wconf 76' lang='lat' dir='ltr'><strong>XXVII</strong></span> 
     </span>
    </p>
   </div>
   <div class='ocr_carea' id='block_1_4' title="bbox 1645 156 1699 189">
    <p class='ocr_par' dir='ltr' id='par_1_4' title="bbox 1645 156 1699 189">
     <span class='ocr_line' id='line_1_4' title="bbox 1645 156 1699 189; baseline -0.056 0"><span class='ocrx_word' id='word_1_13' title='bbox 1645 156 1699 189; x_wconf 74' lang='lat'><strong>866</strong></span> 
     </span>
    </p>
   </div>
   <div class='ocr_carea' id='block_1_5' title="bbox 89 215 901 273">
    <p class='ocr_par' dir='ltr' id='par_1_5' title="bbox 89 223 901 273">
     <span class='ocr_line' id='line_1_5' title="bbox 89 223 901 273; baseline -0.018 -8"><span class='ocrx_word' id='word_1_14' title='bbox 89 240 116 265; x_wconf 84' lang='grc' dir='ltr'>ὲν</span> <span class='ocrx_word' id='word_1_15' title='bbox 132 239 171 273; x_wconf 79' lang='grc' dir='ltr'>τῷ</span> <span class='ocrx_word' id='word_1_16' title='bbox 203 236 293 264; x_wconf 79' lang='grc' dir='ltr'>σκότει</span> <span class='ocrx_word' id='word_1_17' title='bbox 318 236 348 262; x_wconf 72' lang='grc' dir='ltr'>ἐδ</span> <span class='ocrx_word' id='word_1_18' title='bbox 379 235 436 270; x_wconf 73' lang='grc' dir='ltr'>φῶς</span> <span class='ocrx_word' id='word_1_19' title='bbox 452 242 510 265; x_wconf 83' lang='grc' dir='ltr'>σου,</span> <span class='ocrx_word' id='word_1_20' title='bbox 524 231 572 258; x_wconf 72' lang='grc' dir='ltr'>καὶ</span> <span class='ocrx_word' id='word_1_21' title='bbox 592 229 623 256; x_wconf 84' lang='grc' dir='ltr'>τδ</span> <span class='ocrx_word' id='word_1_22' title='bbox 641 229 736 259; x_wconf 80' lang='grc' dir='ltr'>σκότος</span> <span class='ocrx_word' id='word_1_23' title='bbox 761 223 808 253; x_wconf 74' lang='grc' dir='ltr'><strong>σου</strong></span> <span class='ocrx_word' id='word_1_24' title='bbox 832 225 869 257; x_wconf 80' lang='grc' dir='ltr'><strong>ὡς</strong></span> <span class='ocrx_word' id='word_1_25' title='bbox 886 231 901 256; x_wconf 65' lang='grc' dir='ltr'><em>Α</em></span> 
     </span>
    </p>
   </div>
   <div class='ocr_carea' id='block_1_6' title="bbox 960 215 1700 273">
    <p class='ocr_par' dir='ltr' id='par_1_6' title="bbox 969 215 1700 273">
     <span class='ocr_line' id='line_1_6' title="bbox 969 215 1700 253; baseline -0.018 -1"><span class='ocrx_word' id='word_1_26' title='bbox 969 224 1088 251; x_wconf 86' lang='lat' dir='ltr'><strong>lenehris</strong></span> <span class='ocrx_word' id='word_1_27' title='bbox 1103 223 1147 249; x_wconf 84' lang='lat' dir='ltr'><strong>lux</strong></span> <span class='ocrx_word' id='word_1_28' title='bbox 1163 227 1222 253; x_wconf 87' lang='lat' dir='ltr'><strong>tua,</strong></span> <span class='ocrx_word' id='word_1_29' title='bbox 1242 226 1269 249; x_wconf 86' lang='lat' dir='ltr'><strong>ct</strong></span> <span class='ocrx_word' id='word_1_30' title='bbox 1289 219 1333 246; x_wconf 85' lang='lat' dir='ltr'><strong>fiet</strong></span> <span class='ocrx_word' id='word_1_31' title='bbox 1352 217 1440 252; x_wconf 72' lang='lat' dir='ltr'><strong>caligo</strong></span> <span class='ocrx_word' id='word_1_32' title='bbox 1457 221 1502 244; x_wconf 84' lang='lat' dir='ltr'><strong>tua</strong></span> <span class='ocrx_word' id='word_1_33' title='bbox 1527 215 1600 243; x_wconf 86' lang='lat' dir='ltr'><strong>sicut</strong></span> <span class='ocrx_word' id='word_1_34' title='bbox 1615 217 1700 241; x_wconf 84' lang='lat' dir='ltr'><strong>meri-</strong></span> 
     </span>
     <span class='ocr_line' id='line_1_7' title="bbox 1055 259 1699 273; baseline 0 0"><span class='ocrx_word' id='word_1_35' title='bbox 1055 267 1072 273; x_wconf 69' lang='grc' dir='ltr'><strong>λ</strong></span> <span class='ocrx_word' id='word_1_36' title='bbox 1233 270 1238 273; x_wconf 86' lang='grc'>.</span> <span class='ocrx_word' id='word_1_37' title='bbox 1315 268 1399 273; x_wconf 44' lang='lat'><strong>..-,.,._</strong></span> <span class='ocrx_word' id='word_1_38' title='bbox 1431 262 1474 273; x_wconf 75' lang='grc' dir='ltr'><strong>.-ει</strong></span> <span class='ocrx_word' id='word_1_39' title='bbox 1500 270 1507 273; x_wconf 94' lang='grc'>.</span> <span class='ocrx_word' id='word_1_40' title='bbox 1533 259 1699 273; x_wconf 59' lang='grc' dir='ltr'><strong>..-η--.ειιη-ἶα</strong></span> 
     </span>
    </p>
   </div>
   <div class='ocr_carea' id='block_1_7' title="bbox 89 272 862 320">
    <p class='ocr_par' dir='ltr' id='par_1_7' title="bbox 89 272 862 320">
     <span class='ocr_line' id='line_1_8' title="bbox 89 272 862 320; baseline -0.019 -8"><span class='ocrx_word' id='word_1_41' title='bbox 89 272 254 320; x_wconf 71' lang='grc' dir='ltr'>μεσημϐρία,</span> <span class='ocrx_word' id='word_1_42' title='bbox 272 283 320 309; x_wconf 77' lang='grc' dir='ltr'>καὶ</span> <span class='ocrx_word' id='word_1_43' title='bbox 342 281 418 309; x_wconf 71' lang='grc' dir='ltr'>ἔσται</span> <span class='ocrx_word' id='word_1_44' title='bbox 433 281 447 306; x_wconf 86' lang='grc' dir='ltr'><strong>ὀ</strong></span> <span class='ocrx_word' id='word_1_45' title='bbox 463 279 528 308; x_wconf 75' lang='grc' dir='ltr'>Θεὸς</span> <span class='ocrx_word' id='word_1_46' title='bbox 548 276 617 313; x_wconf 88' lang='grc' dir='ltr'><strong>μετά</strong></span> <span class='ocrx_word' id='word_1_47' title='bbox 632 273 680 301; x_wconf 80' lang='grc' dir='ltr'><strong>σοῦ</strong></span> <span class='ocrx_word' id='word_1_48' title='bbox 700 273 745 300; x_wconf 83' lang='grc' dir='ltr'>διὰ</span> <span class='ocrx_word' id='word_1_49' title='bbox 757 272 862 299; x_wconf 79' lang='grc' dir='ltr'>πάντα·</span> 
     </span>
    </p>
   </div>
   <div class='ocr_carea' id='block_1_8' title="bbox 915 259 1700 300">
    <p class='ocr_par' dir='ltr' id='par_1_8' title="bbox 915 259 1700 300">
     <span class='ocr_line' id='line_1_9' title="bbox 915 259 1700 300; baseline -0.011 -5"><span class='ocrx_word' id='word_1_50' title='bbox 915 269 986 300; x_wconf 81' lang='lat' dir='ltr'><strong>dies,</strong></span> <span class='ocrx_word' id='word_1_51' title='bbox 1003 272 1030 294; x_wconf 83' lang='lat' dir='ltr'><strong>ct</strong></span> <span class='ocrx_word' id='word_1_52' title='bbox 1055 267 1125 294; x_wconf 74' lang='lat' dir='ltr'><strong>Deus</strong></span> <span class='ocrx_word' id='word_1_53' title='bbox 1149 270 1278 300; x_wconf 83' lang='lat' dir='ltr'><strong>perpetuo</strong></span> <span class='ocrx_word' id='word_1_54' title='bbox 1315 268 1402 291; x_wconf 82' lang='lat' dir='ltr'><strong>tecum</strong></span> <span class='ocrx_word' id='word_1_55' title='bbox 1423 262 1477 289; x_wconf 89' lang='lat' dir='ltr'><strong>erit</strong></span> <span class='ocrx_word' id='word_1_56' title='bbox 1500 270 1507 289; x_wconf 88' lang='lat'><strong>:</strong></span> <span class='ocrx_word' id='word_1_57' title='bbox 1532 259 1700 288; x_wconf 88' lang='lat' dir='ltr'><strong>saturaberis</strong></span> 
     </span>
    </p>
   </div>
   <div class='ocr_carea' id='block_1_9' title="bbox 88 307 901 364">
    <p class='ocr_par' dir='ltr' id='par_1_9' title="bbox 88 307 866 364">
     <span class='ocr_line' id='line_1_10' title="bbox 88 307 866 364; baseline -0.021 -6"><span class='ocrx_word' id='word_1_58' title='bbox 88 307 136 358; x_wconf 37' lang='lat'><strong>:5</strong></span> <span class='ocrx_word' id='word_1_59' title='bbox 436 307 601 358; x_wconf 55' lang='grc' dir='ltr'>ἐπιθυμήσει</span> <span class='ocrx_word' id='word_1_60' title='bbox 618 321 634 356; x_wconf 76' lang='grc' dir='ltr'><strong>ἡ</strong></span> <span class='ocrx_word' id='word_1_61' title='bbox 655 319 727 354; x_wconf 80' lang='grc' dir='ltr'>ψυχή</span> <span class='ocrx_word' id='word_1_62' title='bbox 746 326 803 348; x_wconf 76' lang='grc' dir='ltr'>σου.</span> <span class='ocrx_word' id='word_1_63' title='bbox 818 315 866 343; x_wconf 75' lang='grc' dir='ltr'>καὶ</span> 
     </span>
    </p>
   </div>
   <div class='ocr_carea' id='block_1_10' title="bbox 960 307 1700 364">
    <p class='ocr_par' dir='ltr' id='par_1_10' title="bbox 965 307 1700 364">
     <span class='ocr_line' id='line_1_11' title="bbox 965 307 1700 343; baseline -0.012 -3"><span class='ocrx_word' id='word_1_64' title='bbox 965 313 1048 340; x_wconf 90' lang='lat' dir='ltr'><strong>animi</strong></span> <span class='ocrx_word' id='word_1_65' title='bbox 1074 311 1221 343; x_wconf 83' lang='lat' dir='ltr'><strong>sententia,</strong></span> <span class='ocrx_word' id='word_1_66' title='bbox 1236 314 1264 337; x_wconf 92' lang='lat' dir='ltr'><strong>et</strong></span> <span class='ocrx_word' id='word_1_67' title='bbox 1287 317 1350 337; x_wconf 85' lang='lat' dir='ltr'><strong>ossa</strong></span> <span class='ocrx_word' id='word_1_68' title='bbox 1374 313 1419 335; x_wconf 88' lang='lat' dir='ltr'><strong>tua</strong></span> <span class='ocrx_word' id='word_1_69' title='bbox 1435 307 1646 342; x_wconf 77' lang='lat' dir='ltr'><strong>saginabuntur,</strong></span> <span class='ocrx_word' id='word_1_70' title='bbox 1667 311 1700 332; x_wconf 86' lang='lat' dir='ltr'><strong>ac</strong></span> 
     </span>
     <span class='ocr_line' id='line_1_12' title="bbox 971 352 1700 364; baseline 0 0"><span class='ocrx_word' id='word_1_71' title='bbox 971 360 998 364; x_wconf 84' lang='lat'><strong>...</strong></span> <span class='ocrx_word' id='word_1_72' title='bbox 1087 359 1092 364; x_wconf 85' lang='lat'>.</span> <span class='ocrx_word' id='word_1_73' title='bbox 1119 355 1122 358; x_wconf 76' lang='grc'><em>⁴</em></span> <span class='ocrx_word' id='word_1_74' title='bbox 1138 358 1144 364; x_wconf 87' lang='grc'><strong>1</strong></span> <span class='ocrx_word' id='word_1_75' title='bbox 1191 363 1196 364; x_wconf 35' lang='grc' dir='ltr'><em>γ</em></span> <span class='ocrx_word' id='word_1_76' title='bbox 1234 357 1239 362; x_wconf 87' lang='grc'>.</span> <span class='ocrx_word' id='word_1_77' title='bbox 1273 357 1278 362; x_wconf 79' lang='grc'><strong>1</strong></span> <span class='ocrx_word' id='word_1_78' title='bbox 1325 363 1329 364; x_wconf 40' lang='grc' dir='ltr'><em>ν</em></span> <span class='ocrx_word' id='word_1_79' title='bbox 1367 360 1385 364; x_wconf 35' lang='grc' dir='ltr'><strong>γ.</strong></span> <span class='ocrx_word' id='word_1_80' title='bbox 1411 354 1477 364; x_wconf 61' lang='lat' dir='ltr'><strong>r_,,.!</strong></span> <span class='ocrx_word' id='word_1_81' title='bbox 1495 352 1535 364; x_wconf 72' lang='grc' dir='ltr'><strong>-..Ξ</strong></span> <span class='ocrx_word' id='word_1_82' title='bbox 1556 360 1606 364; x_wconf 54' lang='grc' dir='ltr'><strong>--.ι</strong></span> <span class='ocrx_word' id='word_1_83' title='bbox 1628 352 1700 364; x_wconf 58' lang='lat'><strong>1......-</strong></span> 
     </span>
    </p>
   </div>
   <div class='ocr_carea' id='block_1_11' title="bbox 88 362 866 407">
    <p class='ocr_par' dir='ltr' id='par_1_11' title="bbox 88 362 866 407">
     <span class='ocr_line' id='line_1_13' title="bbox 88 362 866 407; baseline -0.021 -4"><span class='ocrx_word' id='word_1_84' title='bbox 88 376 120 403; x_wconf 75' lang='grc' dir='ltr'><strong>τὰ</strong></span> <span class='ocrx_word' id='word_1_85' title='bbox 135 362 200 401; x_wconf 55' lang='grc' dir='ltr'>ὀστᾶ</span> <span class='ocrx_word' id='word_1_86' title='bbox 210 382 256 400; x_wconf 76' lang='grc' dir='ltr'><strong>σου</strong></span> <span class='ocrx_word' id='word_1_87' title='bbox 273 362 464 407; x_wconf 72' lang='grc' dir='ltr'>πιανθήσεται,</span> <span class='ocrx_word' id='word_1_88' title='bbox 477 369 524 395; x_wconf 71' lang='grc' dir='ltr'>καὶ</span> <span class='ocrx_word' id='word_1_89' title='bbox 538 368 588 402; x_wconf 66' lang='grc' dir='ltr'><strong>ἔσῃ</strong></span> <span class='ocrx_word' id='word_1_90' title='bbox 597 366 634 396; x_wconf 84' lang='grc' dir='ltr'>ὡς</span> <span class='ocrx_word' id='word_1_91' title='bbox 646 365 733 400; x_wconf 76' lang='grc' dir='ltr'>κῆπος</span> <span class='ocrx_word' id='word_1_92' title='bbox 749 362 866 398; x_wconf 75' lang='grc' dir='ltr'>μεθύων,</span> 
     </span>
    </p>
   </div>
   <div class='ocr_carea' id='block_1_12' title="bbox 91 411 726 454">
    <p class='ocr_par' dir='ltr' id='par_1_12' title="bbox 91 411 726 454">
     <span class='ocr_line' id='line_1_14' title="bbox 91 411 726 454; baseline -0.019 -6"><span class='ocrx_word' id='word_1_93' title='bbox 91 421 134 448; x_wconf 71' lang='grc' dir='ltr'><strong>καὶ</strong></span> <span class='ocrx_word' id='word_1_94' title='bbox 150 421 186 450; x_wconf 82' lang='grc' dir='ltr'>ὼς</span> <span class='ocrx_word' id='word_1_95' title='bbox 204 419 278 454; x_wconf 80' lang='grc' dir='ltr'>πηγὴ</span> <span class='ocrx_word' id='word_1_96' title='bbox 295 419 401 450; x_wconf 77' lang='grc' dir='ltr'>ὓδατος,</span> <span class='ocrx_word' id='word_1_97' title='bbox 415 413 432 454; x_wconf 78' lang='grc' dir='ltr'>ᾗ</span> <span class='ocrx_word' id='word_1_98' title='bbox 454 415 491 450; x_wconf 76' lang='grc' dir='ltr'>μὴ</span> <span class='ocrx_word' id='word_1_99' title='bbox 505 412 627 445; x_wconf 76' lang='grc' dir='ltr'><strong>ἐξέλιπεν</strong></span> <span class='ocrx_word' id='word_1_100' title='bbox 643 411 726 443; x_wconf 75' lang='grc' dir='ltr'>ὕδωρ.</span> 
     </span>
    </p>
   </div>
   <div class='ocr_carea' id='block_1_13' title="bbox 122 453 870 500">
    <p class='ocr_par' dir='ltr' id='par_1_13' title="bbox 122 453 870 500">
     <span class='ocr_line' id='line_1_15' title="bbox 122 453 870 500; baseline -0.019 -7"><span class='ocrx_word' id='word_1_101' title='bbox 122 467 177 498; x_wconf 82' lang='grc' dir='ltr'><strong>τὰς</strong></span> <span class='ocrx_word' id='word_1_102' title='bbox 193 453 330 500; x_wconf 76' lang='grc' dir='ltr'>ἁμαρτίας</span> <span class='ocrx_word' id='word_1_103' title='bbox 347 471 394 489; x_wconf 91' lang='grc' dir='ltr'><strong>σου</strong></span> <span class='ocrx_word' id='word_1_104' title='bbox 410 464 439 488; x_wconf 79' lang='grc' dir='ltr'>ἐν</span> <span class='ocrx_word' id='word_1_105' title='bbox 451 459 647 494; x_wconf 77' lang='grc' dir='ltr'>ὲλεημοσύναις</span> <span class='ocrx_word' id='word_1_106' title='bbox 662 455 811 491; x_wconf 76' lang='grc' dir='ltr'>λύτρωσαι,</span> <span class='ocrx_word' id='word_1_107' title='bbox 822 453 870 480; x_wconf 80' lang='grc' dir='ltr'>καὶ</span> 
     </span>
    </p>
   </div>
   <div class='ocr_carea' id='block_1_14' title="bbox 91 504 766 546">
    <p class='ocr_par' dir='ltr' id='par_1_14' title="bbox 91 504 766 546">
     <span class='ocr_line' id='line_1_16' title="bbox 91 504 766 546; baseline -0.018 -7"><span class='ocrx_word' id='word_1_108' title='bbox 91 514 136 544; x_wconf 76' lang='grc' dir='ltr'><strong>τὰς</strong></span> <span class='ocrx_word' id='word_1_109' title='bbox 147 511 263 546; x_wconf 75' lang='grc' dir='ltr'>ἀνομίας</span> <span class='ocrx_word' id='word_1_110' title='bbox 281 519 329 537; x_wconf 85' lang='grc' dir='ltr'><strong>σου</strong></span> <span class='ocrx_word' id='word_1_111' title='bbox 345 511 373 536; x_wconf 85' lang='grc' dir='ltr'>ὲν</span> <span class='ocrx_word' id='word_1_112' title='bbox 388 507 540 542; x_wconf 80' lang='grc' dir='ltr'>οίκτιρμοῖς</span> <span class='ocrx_word' id='word_1_113' title='bbox 559 504 694 537; x_wconf 81' lang='grc' dir='ltr'>πενήτων.</span> <span class='ocrx_word' id='word_1_114' title='bbox 764 538 766 541; x_wconf 26' lang='grc' dir='ltr'><strong><em>ι</em></strong></span> 
     </span>
    </p>
   </div>
   <div class='ocr_carea' id='block_1_15' title="bbox 126 546 871 592">
    <p class='ocr_par' dir='ltr' id='par_1_15' title="bbox 126 546 871 592">
     <span class='ocr_line' id='line_1_17' title="bbox 126 546 871 592; baseline -0.017 -8"><span class='ocrx_word' id='word_1_115' title='bbox 126 557 185 592; x_wconf 74' lang='grc' dir='ltr'><strong>Πῦρ</strong></span> <span class='ocrx_word' id='word_1_116' title='bbox 203 556 396 590; x_wconf 71' lang='grc' dir='ltr'>φλογιζόμενον</span> <span class='ocrx_word' id='word_1_117' title='bbox 409 552 574 581; x_wconf 70' lang='grc' dir='ltr'>κατασϐέσει</span> <span class='ocrx_word' id='word_1_118' title='bbox 589 550 672 583; x_wconf 68' lang='grc' dir='ltr'>ὕδωρ,</span> <span class='ocrx_word' id='word_1_119' title='bbox 688 547 735 575; x_wconf 83' lang='grc' dir='ltr'>καὶ</span> <span class='ocrx_word' id='word_1_120' title='bbox 756 546 871 581; x_wconf 74' lang='grc' dir='ltr'>ἐλεημο-</span> 
     </span>
    </p>
   </div>
   <div class='ocr_carea' id='block_1_16' title="bbox 95 600 512 638">
    <p class='ocr_par' dir='ltr' id='par_1_16' title="bbox 95 600 512 638">
     <span class='ocr_line' id='line_1_18' title="bbox 95 600 512 638; baseline -0.012 -8"><span class='ocrx_word' id='word_1_121' title='bbox 95 605 158 638; x_wconf 77' lang='grc' dir='ltr'>σύνη</span> <span class='ocrx_word' id='word_1_122' title='bbox 176 602 300 635; x_wconf 81' lang='grc' dir='ltr'>ὲξιλάσκε</span> <span class='ocrx_word' id='word_1_123' title='bbox 305 611 347 628; x_wconf 81' lang='grc' dir='ltr'><strong>ται</strong></span> <span class='ocrx_word' id='word_1_124' title='bbox 363 600 512 635; x_wconf 86' lang='grc' dir='ltr'>ἁμαρτίας.</span> 
     </span>
    </p>
   </div>
   <div class='ocr_carea' id='block_1_17' title="bbox 129 637 875 682">
    <p class='ocr_par' dir='ltr' id='par_1_17' title="bbox 129 637 875 682">
     <span class='ocr_line' id='line_1_19' title="bbox 129 637 875 682; baseline -0.017 -7"><span class='ocrx_word' id='word_1_125' title='bbox 129 637 224 676; x_wconf 70' lang='grc' dir='ltr'>κλῖνον</span> <span class='ocrx_word' id='word_1_126' title='bbox 241 647 342 682; x_wconf 88' lang='grc' dir='ltr'>πτωχῷ</span> <span class='ocrx_word' id='word_1_127' title='bbox 358 646 467 676; x_wconf 78' lang='grc' dir='ltr'><strong>ἀλύπως</strong></span> <span class='ocrx_word' id='word_1_128' title='bbox 479 644 509 670; x_wconf 86' lang='grc' dir='ltr'>τδ</span> <span class='ocrx_word' id='word_1_129' title='bbox 525 640 572 676; x_wconf 70' lang='grc' dir='ltr'>οὓς</span> <span class='ocrx_word' id='word_1_130' title='bbox 587 649 647 675; x_wconf 84' lang='grc' dir='ltr'>σου,</span> <span class='ocrx_word' id='word_1_131' title='bbox 661 640 709 668; x_wconf 69' lang='grc' dir='ltr'>καὶ</span> <span class='ocrx_word' id='word_1_132' title='bbox 724 637 875 673; x_wconf 79' lang='grc' dir='ltr'>ἀποκρίθη-</span> 
     </span>
    </p>
   </div>
   <div class='ocr_carea' id='block_1_18' title="bbox 93 688 548 727">
    <p class='ocr_par' dir='ltr' id='par_1_18' title="bbox 93 688 548 727">
     <span class='ocr_line' id='line_1_20' title="bbox 93 688 548 727; baseline -0.013 -6"><span class='ocrx_word' id='word_1_133' title='bbox 93 703 117 721; x_wconf 84' lang='grc' dir='ltr'><strong>τι</strong></span> <span class='ocrx_word' id='word_1_134' title='bbox 130 694 201 727; x_wconf 79' lang='grc' dir='ltr'>αὐτῷ</span> <span class='ocrx_word' id='word_1_135' title='bbox 217 694 245 719; x_wconf 83' lang='grc' dir='ltr'>ὲν</span> <span class='ocrx_word' id='word_1_136' title='bbox 263 689 397 727; x_wconf 71' lang='grc' dir='ltr'>πραΰτητι</span> <span class='ocrx_word' id='word_1_137' title='bbox 413 688 548 724; x_wconf 71' lang='grc' dir='ltr'>εἰρηνικά.</span> 
     </span>
    </p>
   </div>
   <div class='ocr_carea' id='block_1_19' title="bbox 128 725 874 772">
    <p class='ocr_par' dir='ltr' id='par_1_19' title="bbox 128 725 874 772">
     <span class='ocr_line' id='line_1_21' title="bbox 128 725 874 772; baseline -0.016 -7"><span class='ocrx_word' id='word_1_138' title='bbox 128 739 175 769; x_wconf 77' lang='grc' dir='ltr'><strong>Δὸς</strong></span> <span class='ocrx_word' id='word_1_139' title='bbox 187 725 225 772; x_wconf 74' lang='grc' dir='ltr'>τῷ</span> <span class='ocrx_word' id='word_1_140' title='bbox 238 725 354 769; x_wconf 78' lang='grc' dir='ltr'>εὐσεσεῐ,</span> <span class='ocrx_word' id='word_1_141' title='bbox 366 725 416 763; x_wconf 74' lang='grc' dir='ltr'>καὶ</span> <span class='ocrx_word' id='word_1_142' title='bbox 432 735 469 769; x_wconf 87' lang='grc' dir='ltr'>μὴ</span> <span class='ocrx_word' id='word_1_143' title='bbox 479 731 622 760; x_wconf 81' lang='grc' dir='ltr'>ἀντιλαϐοὖ</span> <span class='ocrx_word' id='word_1_144' title='bbox 636 730 683 757; x_wconf 78' lang='grc' dir='ltr'>τοῦ</span> <span class='ocrx_word' id='word_1_145' title='bbox 698 725 874 764; x_wconf 78' lang='grc' dir='ltr'>ἀμαρτωλοῦ.</span> 
     </span>
    </p>
   </div>
   <div class='ocr_carea' id='block_1_20' title="bbox 96 777 702 816">
    <p class='ocr_par' dir='ltr' id='par_1_20' title="bbox 96 777 702 816">
     <span class='ocr_line' id='line_1_22' title="bbox 96 777 702 816; baseline -0.013 -6"><span class='ocrx_word' id='word_1_146' title='bbox 96 784 131 811; x_wconf 73' lang='grc' dir='ltr'><strong>Εὖ</strong></span> <span class='ocrx_word' id='word_1_147' title='bbox 147 785 258 816; x_wconf 76' lang='grc' dir='ltr'>ποίησον</span> <span class='ocrx_word' id='word_1_148' title='bbox 271 782 407 813; x_wconf 81' lang='grc' dir='ltr'>ταπεινὸν,</span> <span class='ocrx_word' id='word_1_149' title='bbox 423 780 471 807; x_wconf 78' lang='grc' dir='ltr'>καὶ</span> <span class='ocrx_word' id='word_1_150' title='bbox 482 780 520 814; x_wconf 80' lang='grc' dir='ltr'>μὴ</span> <span class='ocrx_word' id='word_1_151' title='bbox 532 779 584 813; x_wconf 84' lang='grc' dir='ltr'><strong>δῷς</strong></span> <span class='ocrx_word' id='word_1_152' title='bbox 598 777 702 804; x_wconf 78' lang='grc' dir='ltr'>ἀσεὸεϊ.</span> 
     </span>
    </p>
   </div>
   <div class='ocr_carea' id='block_1_21' title="bbox 129 822 877 863">
    <p class='ocr_par' dir='ltr' id='par_1_21' title="bbox 129 822 877 863">
     <span class='ocr_line' id='line_1_23' title="bbox 129 822 877 863; baseline -0.015 -7"><span class='ocrx_word' id='word_1_153' title='bbox 129 829 292 863; x_wconf 76' lang='grc' dir='ltr'>Σύγκλεισον</span> <span class='ocrx_word' id='word_1_154' title='bbox 319 826 502 862; x_wconf 71' lang='grc' dir='ltr'>ἐλεημοσύνην</span> <span class='ocrx_word' id='word_1_155' title='bbox 532 825 562 851; x_wconf 72' lang='grc' dir='ltr'>ὲν</span> <span class='ocrx_word' id='word_1_156' title='bbox 587 823 643 854; x_wconf 88' lang='grc' dir='ltr'>τοῖς</span> <span class='ocrx_word' id='word_1_157' title='bbox 671 822 795 856; x_wconf 77' lang='grc' dir='ltr'>ταμείοις</span> <span class='ocrx_word' id='word_1_158' title='bbox 818 827 877 850; x_wconf 80' lang='grc' dir='ltr'>σου,</span> 
     </span>
    </p>
   </div>
   <div class='ocr_carea' id='block_1_22' title="bbox 918 352 1702 391">
    <p class='ocr_par' dir='ltr' id='par_1_22' title="bbox 918 352 1702 391">
     <span class='ocr_line' id='line_1_24' title="bbox 918 352 1702 391; baseline -0.01 -4"><span class='ocrx_word' id='word_1_159' title='bbox 918 360 1013 388; x_wconf 79' lang='lat' dir='ltr'><strong>similis</strong></span> <span class='ocrx_word' id='word_1_160' title='bbox 1027 355 1125 386; x_wconf 81' lang='lat' dir='ltr'><strong>evades</strong></span> <span class='ocrx_word' id='word_1_161' title='bbox 1138 358 1217 384; x_wconf 85' lang='lat' dir='ltr'><strong>horto</strong></span> <span class='ocrx_word' id='word_1_162' title='bbox 1234 357 1345 391; x_wconf 78' lang='lat' dir='ltr'><strong>irriguo,</strong></span> <span class='ocrx_word' id='word_1_163' title='bbox 1362 360 1389 382; x_wconf 92' lang='lat' dir='ltr'><strong>et</strong></span> <span class='ocrx_word' id='word_1_164' title='bbox 1411 354 1479 382; x_wconf 90' lang='lat' dir='ltr'><strong>fonti</strong></span> <span class='ocrx_word' id='word_1_165' title='bbox 1493 352 1536 380; x_wconf 84' lang='lat' dir='ltr'><strong>cui</strong></span> <span class='ocrx_word' id='word_1_166' title='bbox 1556 360 1607 380; x_wconf 89' lang='lat' dir='ltr'><strong>non</strong></span> <span class='ocrx_word' id='word_1_167' title='bbox 1626 352 1702 380; x_wconf 83' lang='lat' dir='ltr'><strong>deest</strong></span> 
     </span>
    </p>
   </div>
   <div class='ocr_carea' id='block_1_23' title="bbox 919 414 1000 442">
    <p class='ocr_par' dir='ltr' id='par_1_23' title="bbox 919 414 1000 442">
     <span class='ocr_line' id='line_1_25' title="bbox 919 414 1000 442; baseline -0.012 -8"><span class='ocrx_word' id='word_1_168' title='bbox 919 414 1000 442; x_wconf 85' lang='lat' dir='ltr'><strong>aqua.</strong></span> 
     </span>
    </p>
   </div>
   <div class='ocr_carea' id='block_1_24' title="bbox 958 444 1704 480">
    <p class='ocr_par' dir='ltr' id='par_1_24' title="bbox 958 444 1704 480">
     <span class='ocr_line' id='line_1_26' title="bbox 958 444 1704 480; baseline -0.012 -1"><span class='ocrx_word' id='word_1_169' title='bbox 958 453 1026 480; x_wconf 83' lang='lat' dir='ltr'><strong>Dan.</strong></span> <span class='ocrx_word' id='word_1_170' title='bbox 1054 460 1089 479; x_wconf 88' lang='grc' dir='ltr'>ιν.</span> <span class='ocrx_word' id='word_1_171' title='bbox 1114 451 1231 478; x_wconf 86' lang='lat' dir='ltr'><strong>Peccata</strong></span> <span class='ocrx_word' id='word_1_172' title='bbox 1250 455 1296 477; x_wconf 87' lang='lat' dir='ltr'><strong>tua</strong></span> <span class='ocrx_word' id='word_1_173' title='bbox 1323 447 1426 475; x_wconf 83' lang='lat' dir='ltr'><strong>redime</strong></span> <span class='ocrx_word' id='word_1_174' title='bbox 1456 444 1649 480; x_wconf 84' lang='lat' dir='ltr'><strong>eleemosynis,</strong></span> <span class='ocrx_word' id='word_1_175' title='bbox 1677 447 1704 470; x_wconf 81' lang='lat' dir='ltr'><strong>et</strong></span> 
     </span>
    </p>
   </div>
   <div class='ocr_carea' id='block_1_25' title="bbox 922 494 1596 533">
    <p class='ocr_par' dir='ltr' id='par_1_25' title="bbox 922 494 1596 533">
     <span class='ocr_line' id='line_1_27' title="bbox 922 494 1596 533; baseline -0.016 -6"><span class='ocrx_word' id='word_1_176' title='bbox 922 499 1079 533; x_wconf 89' lang='lat' dir='ltr'><strong>iniquitates</strong></span> <span class='ocrx_word' id='word_1_177' title='bbox 1093 502 1153 525; x_wconf 87' lang='lat' dir='ltr'><strong>tuas</strong></span> <span class='ocrx_word' id='word_1_178' title='bbox 1167 494 1409 523; x_wconf 72' lang='lat' dir='ltr'><strong>commiseratione</strong></span> <span class='ocrx_word' id='word_1_179' title='bbox 1435 498 1596 526; x_wconf 81' lang='lat' dir='ltr'><strong>pauperum.</strong></span> 
     </span>
    </p>
   </div>
   <div class='ocr_carea' id='block_1_26' title="bbox 961 535 1705 578">
    <p class='ocr_par' dir='ltr' id='par_1_26' title="bbox 961 535 1705 578">
     <span class='ocr_line' id='line_1_28' title="bbox 961 535 1705 578; baseline -0.012 -7"><span class='ocrx_word' id='word_1_180' title='bbox 961 544 1044 571; x_wconf 76' lang='lat' dir='ltr'><strong>Ercli&#39;.</strong></span> <span class='ocrx_word' id='word_1_181' title='bbox 1062 551 1104 572; x_wconf 91' lang='grc' dir='ltr'>ιιι.</span> <span class='ocrx_word' id='word_1_182' title='bbox 1130 542 1207 578; x_wconf 84' lang='lat' dir='ltr'><strong>Aqua</strong></span> <span class='ocrx_word' id='word_1_183' title='bbox 1228 539 1373 575; x_wconf 81' lang='lat' dir='ltr'><strong>restinguit</strong></span> <span class='ocrx_word' id='word_1_184' title='bbox 1391 537 1588 566; x_wconf 78' lang='lat' dir='ltr'><strong>inﬂammatum</strong></span> <span class='ocrx_word' id='word_1_185' title='bbox 1603 535 1705 570; x_wconf 82' lang='lat' dir='ltr'><strong>ignem,</strong></span> 
     </span>
    </p>
   </div>
   <div class='ocr_carea' id='block_1_27' title="bbox 924 587 1390 624">
    <p class='ocr_par' dir='ltr' id='par_1_27' title="bbox 924 587 1390 624">
     <span class='ocr_line' id='line_1_29' title="bbox 924 587 1390 624; baseline -0.015 -6"><span class='ocrx_word' id='word_1_186' title='bbox 924 595 951 618; x_wconf 87' lang='lat' dir='ltr'><strong>et</strong></span> <span class='ocrx_word' id='word_1_187' title='bbox 970 590 1141 624; x_wconf 84' lang='lat' dir='ltr'><strong>elcemosyna</strong></span> <span class='ocrx_word' id='word_1_188' title='bbox 1162 587 1250 621; x_wconf 78' lang='lat' dir='ltr'><strong>expiat</strong></span> <span class='ocrx_word' id='word_1_189' title='bbox 1269 590 1390 620; x_wconf 88' lang='lat' dir='ltr'><strong>peccata.</strong></span> 
     </span>
    </p>
   </div>
   <div class='ocr_carea' id='block_1_28' title="bbox 961 630 1709 664">
    <p class='ocr_par' dir='ltr' id='par_1_28' title="bbox 961 630 1709 664">
     <span class='ocr_line' id='line_1_30' title="bbox 961 630 1709 664; baseline -0.012 -2"><span class='ocrx_word' id='word_1_190' title='bbox 961 635 1061 662; x_wconf 81' lang='lat' dir='ltr'><strong>Facilis</strong></span> <span class='ocrx_word' id='word_1_191' title='bbox 1080 638 1140 661; x_wconf 88' lang='lat' dir='ltr'><strong>esto</strong></span> <span class='ocrx_word' id='word_1_192' title='bbox 1163 633 1195 660; x_wconf 83' lang='lat' dir='ltr'><strong>ad</strong></span> <span class='ocrx_word' id='word_1_193' title='bbox 1212 630 1378 660; x_wconf 90' lang='lat' dir='ltr'><strong>audiendum</strong></span> <span class='ocrx_word' id='word_1_194' title='bbox 1411 635 1571 664; x_wconf 81' lang='lat' dir='ltr'><strong>pauperem,</strong></span> <span class='ocrx_word' id='word_1_195' title='bbox 1590 631 1619 654; x_wconf 83' lang='lat' dir='ltr'><strong>et</strong></span> <span class='ocrx_word' id='word_1_196' title='bbox 1646 633 1709 654; x_wconf 91' lang='lat' dir='ltr'><strong>cum</strong></span> 
     </span>
    </p>
   </div>
   <div class='ocr_carea' id='block_1_29' title="bbox 926 674 1569 714">
    <p class='ocr_par' dir='ltr' id='par_1_29' title="bbox 926 674 1569 714">
     <span class='ocr_line' id='line_1_31' title="bbox 926 674 1569 714; baseline -0.011 -5"><span class='ocrx_word' id='word_1_197' title='bbox 926 680 1141 710; x_wconf 85' lang='lat' dir='ltr'><strong>mansuetudine</strong></span> <span class='ocrx_word' id='word_1_198' title='bbox 1159 678 1265 714; x_wconf 80' lang='lat' dir='ltr'><strong>placida</strong></span> <span class='ocrx_word' id='word_1_199' title='bbox 1283 676 1365 704; x_wconf 86' lang='lat' dir='ltr'><strong>verba</strong></span> <span class='ocrx_word' id='word_1_200' title='bbox 1383 676 1409 702; x_wconf 89' lang='lat' dir='ltr'><strong>ei</strong></span> <span class='ocrx_word' id='word_1_201' title='bbox 1425 674 1569 709; x_wconf 77' lang='lat' dir='ltr'><strong>responde.</strong></span> 
     </span>
    </p>
   </div>
   <div class='ocr_carea' id='block_1_30' title="bbox 963 720 1711 760">
    <p class='ocr_par' dir='ltr' id='par_1_30' title="bbox 963 720 1711 760">
     <span class='ocr_line' id='line_1_32' title="bbox 963 720 1711 760; baseline -0.015 -5"><span class='ocrx_word' id='word_1_202' title='bbox 963 727 1033 755; x_wconf 81' lang='lat' dir='ltr'><strong>Ibid.</strong></span> <span class='ocrx_word' id='word_1_203' title='bbox 1052 735 1099 754; x_wconf 92' lang='lat' dir='ltr'><strong>xu.</strong></span> <span class='ocrx_word' id='word_1_204' title='bbox 1115 725 1227 760; x_wconf 82' lang='lat' dir='ltr'><strong>Largire</strong></span> <span class='ocrx_word' id='word_1_205' title='bbox 1241 723 1296 758; x_wconf 87' lang='lat' dir='ltr'><strong>pio,</strong></span> <span class='ocrx_word' id='word_1_206' title='bbox 1311 727 1339 750; x_wconf 86' lang='lat' dir='ltr'><strong>et</strong></span> <span class='ocrx_word' id='word_1_207' title='bbox 1356 720 1491 756; x_wconf 73' lang='lat' dir='ltr'><strong>peceatori</strong></span> <span class='ocrx_word' id='word_1_208' title='bbox 1506 727 1539 746; x_wconf 88' lang='lat' dir='ltr'><strong>ne</strong></span> <span class='ocrx_word' id='word_1_209' title='bbox 1555 725 1711 746; x_wconf 76' lang='lat' dir='ltr'><strong>succurras.</strong></span> 
     </span>
    </p>
   </div>
   <div class='ocr_carea' id='block_1_31' title="bbox 928 765 1660 803">
    <p class='ocr_par' dir='ltr' id='par_1_31' title="bbox 928 765 1660 803">
     <span class='ocr_line' id='line_1_33' title="bbox 928 765 1660 803; baseline -0.015 -1"><span class='ocrx_word' id='word_1_210' title='bbox 928 773 1088 802; x_wconf 84' lang='lat' dir='ltr'><strong>Benefacias</strong></span> <span class='ocrx_word' id='word_1_211' title='bbox 1103 771 1213 803; x_wconf 82' lang='lat' dir='ltr'><strong>afflicto,</strong></span> <span class='ocrx_word' id='word_1_212' title='bbox 1232 769 1280 797; x_wconf 90' lang='lat' dir='ltr'><strong>sed</strong></span> <span class='ocrx_word' id='word_1_213' title='bbox 1295 768 1363 796; x_wconf 86' lang='lat' dir='ltr'><strong>nihil</strong></span> <span class='ocrx_word' id='word_1_214' title='bbox 1377 774 1472 802; x_wconf 79' lang='lat' dir='ltr'><strong>eroges</strong></span> <span class='ocrx_word' id='word_1_215' title='bbox 1492 767 1518 793; x_wconf 96' lang='lat' dir='ltr'><strong>in</strong></span> <span class='ocrx_word' id='word_1_216' title='bbox 1535 765 1660 800; x_wconf 88' lang='lat' dir='ltr'><strong>impium.</strong></span> 
     </span>
    </p>
   </div>
   <div class='ocr_carea' id='block_1_32' title="bbox 965 807 1712 847">
    <p class='ocr_par' dir='ltr' id='par_1_32' title="bbox 965 807 1712 847">
     <span class='ocr_line' id='line_1_34' title="bbox 965 807 1712 847; baseline -0.017 -2"><span class='ocrx_word' id='word_1_217' title='bbox 965 818 1035 845; x_wconf 82' lang='lat' dir='ltr'><strong>Ibid.</strong></span> <span class='ocrx_word' id='word_1_218' title='bbox 1051 824 1128 844; x_wconf 72' lang='lat' dir='ltr'><strong>xxxx.</strong></span> <span class='ocrx_word' id='word_1_219' title='bbox 1149 814 1258 843; x_wconf 84' lang='lat' dir='ltr'><strong>include</strong></span> <span class='ocrx_word' id='word_1_220' title='bbox 1282 813 1482 847; x_wconf 85' lang='lat' dir='ltr'><strong>eleemosynam</strong></span> <span class='ocrx_word' id='word_1_221' title='bbox 1505 808 1583 836; x_wconf 83' lang='lat' dir='ltr'><strong>cellis</strong></span> <span class='ocrx_word' id='word_1_222' title='bbox 1607 807 1673 836; x_wconf 85' lang='lat' dir='ltr'><strong>tuis.</strong></span> <span class='ocrx_word' id='word_1_223' title='bbox 1686 810 1712 833; x_wconf 89' lang='lat' dir='ltr'><strong>ct</strong></span> 
     </span>
    </p>
   </div>
   <div class='ocr_carea' id='block_1_33' title="bbox 96 854 901 909">
    <p class='ocr_par' dir='ltr' id='par_1_33' title="bbox 96 854 901 909">
     <span class='ocr_line' id='line_1_35' title="bbox 96 854 901 909; baseline -0.014 -8"><span class='ocrx_word' id='word_1_224' title='bbox 96 876 142 902; x_wconf 76' lang='grc' dir='ltr'>καὶ</span> <span class='ocrx_word' id='word_1_225' title='bbox 168 854 238 909; x_wconf 54' lang='lat' dir='ltr'><strong>diter;</strong></span> <span class='ocrx_word' id='word_1_226' title='bbox 256 882 285 899; x_wconf 87' lang='grc' dir='ltr'><strong>σε</strong></span> <span class='ocrx_word' id='word_1_227' title='bbox 311 854 442 905; x_wconf 49' lang='grc' dir='ltr'>ἔξελεὶται</span> <span class='ocrx_word' id='word_1_228' title='bbox 472 854 504 896; x_wconf 59' lang='grc' dir='ltr'>ἐκ</span> <span class='ocrx_word' id='word_1_229' title='bbox 536 870 627 903; x_wconf 79' lang='grc' dir='ltr'>πάσης</span> <span class='ocrx_word' id='word_1_230' title='bbox 656 854 804 897; x_wconf 77' lang='grc' dir='ltr'>κολάσεως,</span> <span class='ocrx_word' id='word_1_231' title='bbox 831 864 901 909; x_wconf 68' lang='grc' dir='ltr'><strong>καὶ1</strong></span> 
     </span>
    </p>
   </div>
   <div class='ocr_carea' id='block_1_34' title="bbox 960 854 1713 909">
    <p class='ocr_par' dir='ltr' id='par_1_34' title="bbox 960 854 1713 890">
     <span class='ocr_line' id='line_1_36' title="bbox 960 854 1713 890; baseline -0.019 1"><span class='ocrx_word' id='word_1_232' title='bbox 960 871 989 890; x_wconf 89' lang='lat' dir='ltr'><strong>sa</strong></span> <span class='ocrx_word' id='word_1_233' title='bbox 1017 867 1041 890; x_wconf 83' lang='lat' dir='ltr'><strong>te</strong></span> <span class='ocrx_word' id='word_1_234' title='bbox 1064 862 1099 889; x_wconf 81' lang='lat' dir='ltr'><strong>ab</strong></span> <span class='ocrx_word' id='word_1_235' title='bbox 1117 860 1193 888; x_wconf 90' lang='lat' dir='ltr'><strong>omni</strong></span> <span class='ocrx_word' id='word_1_236' title='bbox 1221 857 1369 888; x_wconf 75' lang='lat' dir='ltr'><strong>afﬂictione</strong></span> <span class='ocrx_word' id='word_1_237' title='bbox 1396 854 1545 883; x_wconf 86' lang='lat' dir='ltr'><strong>liberabit:</strong></span> <span class='ocrx_word' id='word_1_238' title='bbox 1563 856 1591 880; x_wconf 84' lang='lat' dir='ltr'><strong>et</strong></span> <span class='ocrx_word' id='word_1_239' title='bbox 1619 854 1713 878; x_wconf 62' lang='lat' dir='ltr'><strong>conixa</strong></span> 
     </span>
    </p>
   </div>
   <div class='ocr_carea' id='block_1_35' title="bbox 98 974 155 993">
    <p class='ocr_par' dir='ltr' id='par_1_35' title="bbox 98 974 155 993">
     <span class='ocr_line' id='line_1_37' title="bbox 98 974 155 993; baseline 0.018 -1"><span class='ocrx_word' id='word_1_240' title='bbox 98 974 155 993; x_wconf 88' lang='grc' dir='ltr'>σου.</span> 
     </span>
    </p>
   </div>
   <div class='ocr_carea' id='block_1_36' title="bbox 139 1001 881 1042">
    <p class='ocr_par' dir='ltr' id='par_1_36' title="bbox 139 1001 881 1042">
     <span class='ocr_line' id='line_1_38' title="bbox 139 1001 881 1042; baseline -0.016 -3"><span class='ocrx_word' id='word_1_241' title='bbox 139 1012 169 1038; x_wconf 81' lang='grc'><strong>’0</strong></span> <span class='ocrx_word' id='word_1_242' title='bbox 185 1011 270 1038; x_wconf 81' lang='grc' dir='ltr'>ποιῶν</span> <span class='ocrx_word' id='word_1_243' title='bbox 283 1010 355 1037; x_wconf 80' lang='grc' dir='ltr'>ἑλεον</span> <span class='ocrx_word' id='word_1_244' title='bbox 368 1010 395 1035; x_wconf 74' lang='grc' dir='ltr'>ἐν</span> <span class='ocrx_word' id='word_1_245' title='bbox 406 1006 494 1042; x_wconf 85' lang='grc' dir='ltr'>καιρῷ</span> <span class='ocrx_word' id='word_1_246' title='bbox 506 1005 631 1041; x_wconf 75' lang='grc' dir='ltr'>θλίψεως,</span> <span class='ocrx_word' id='word_1_247' title='bbox 642 1005 680 1035; x_wconf 84' lang='grc' dir='ltr'><strong>ὡς</strong></span> <span class='ocrx_word' id='word_1_248' title='bbox 693 1003 792 1038; x_wconf 76' lang='grc' dir='ltr'>νεφέλη</span> <span class='ocrx_word' id='word_1_249' title='bbox 804 1001 881 1028; x_wconf 80' lang='grc' dir='ltr'>ὑετοῦ</span> 
     </span>
    </p>
   </div>
   <div class='ocr_carea' id='block_1_37' title="bbox 100 1055 385 1092">
    <p class='ocr_par' dir='ltr' id='par_1_37' title="bbox 100 1055 385 1092">
     <span class='ocr_line' id='line_1_39' title="bbox 100 1055 385 1092; baseline -0.011 -8"><span class='ocrx_word' id='word_1_250' title='bbox 100 1058 129 1084; x_wconf 76' lang='grc' dir='ltr'>ἐν</span> <span class='ocrx_word' id='word_1_251' title='bbox 143 1057 230 1092; x_wconf 80' lang='grc' dir='ltr'>καιρῷ</span> <span class='ocrx_word' id='word_1_252' title='bbox 245 1055 385 1091; x_wconf 76' lang='grc' dir='ltr'>ἀδροχίας.</span> 
     </span>
    </p>
   </div>
   <div class='ocr_carea' id='block_1_38' title="bbox 136 1094 883 1138">
    <p class='ocr_par' dir='ltr' id='par_1_38' title="bbox 136 1094 883 1138">
     <span class='ocr_line' id='line_1_40' title="bbox 136 1094 883 1138; baseline -0.013 -9"><span class='ocrx_word' id='word_1_253' title='bbox 136 1104 268 1138; x_wconf 83' lang='grc' dir='ltr'>Κρείσσον</span> <span class='ocrx_word' id='word_1_254' title='bbox 282 1103 368 1128; x_wconf 77' lang='grc' dir='ltr'>ποιεῖν</span> <span class='ocrx_word' id='word_1_255' title='bbox 385 1096 609 1134; x_wconf 79' lang='grc' dir='ltr'>ὲλεημοσύνην,ἣ</span> <span class='ocrx_word' id='word_1_256' title='bbox 625 1094 802 1131; x_wconf 74' lang='grc' dir='ltr'><strong>θησαυρίζειν</strong></span> <span class='ocrx_word' id='word_1_257' title='bbox 819 1102 883 1128; x_wconf 85' lang='grc' dir='ltr'>χρυ-</span> 
     </span>
    </p>
   </div>
   <div class='ocr_carea' id='block_1_39' title="bbox 102 1140 887 1183">
    <p class='ocr_par' dir='ltr' id='par_1_39' title="bbox 102 1140 887 1183">
     <span class='ocr_line' id='line_1_41' title="bbox 102 1140 887 1183; baseline -0.015 -7"><span class='ocrx_word' id='word_1_258' title='bbox 102 1150 169 1176; x_wconf 77' lang='grc' dir='ltr'>σίον.</span> <span class='ocrx_word' id='word_1_259' title='bbox 193 1147 380 1183; x_wconf 83' lang='grc' dir='ltr'>Ἐλεημοσύνη</span> <span class='ocrx_word' id='word_1_260' title='bbox 400 1146 454 1181; x_wconf 80' lang='grc' dir='ltr'><strong>γὰρ</strong></span> <span class='ocrx_word' id='word_1_261' title='bbox 471 1145 504 1171; x_wconf 79' lang='grc' dir='ltr'>ὲκ</span> <span class='ocrx_word' id='word_1_262' title='bbox 521 1143 638 1170; x_wconf 77' lang='grc' dir='ltr'>θανάτου</span> <span class='ocrx_word' id='word_1_263' title='bbox 654 1141 761 1177; x_wconf 79' lang='grc' dir='ltr'>ῥύεται,</span> <span class='ocrx_word' id='word_1_264' title='bbox 775 1140 820 1166; x_wconf 80' lang='grc' dir='ltr'>καὶ</span> <span class='ocrx_word' id='word_1_265' title='bbox 836 1147 887 1166; x_wconf 84' lang='grc' dir='ltr'>κα-</span> 
     </span>
    </p>
   </div>
   <div class='ocr_carea' id='block_1_40' title="bbox 103 1193 440 1230">
    <p class='ocr_par' dir='ltr' id='par_1_40' title="bbox 103 1193 440 1230">
     <span class='ocr_line' id='line_1_42' title="bbox 103 1193 440 1230; baseline -0.012 -8"><span class='ocrx_word' id='word_1_266' title='bbox 103 1195 208 1230; x_wconf 81' lang='grc' dir='ltr'>θαρίζει</span> <span class='ocrx_word' id='word_1_267' title='bbox 221 1194 275 1221; x_wconf 71' lang='grc' dir='ltr'><strong>ἀπὸ</strong></span> <span class='ocrx_word' id='word_1_268' title='bbox 290 1193 440 1229; x_wconf 83' lang='grc' dir='ltr'>ἁμαρτίας.</span> 
     </span>
    </p>
   </div>
   <div class='ocr_carea' id='block_1_41' title="bbox 135 1230 883 1273">
    <p class='ocr_par' dir='ltr' id='par_1_41' title="bbox 135 1230 883 1273">
     <span class='ocr_line' id='line_1_43' title="bbox 135 1230 883 1273; baseline -0.015 -6"><span class='ocrx_word' id='word_1_269' title='bbox 135 1242 169 1267; x_wconf 80' lang='lat' dir='ltr'><strong>Ol</strong></span> <span class='ocrx_word' id='word_1_270' title='bbox 186 1239 324 1270; x_wconf 85' lang='grc' dir='ltr'>ποιοῦντες</span> <span class='ocrx_word' id='word_1_271' title='bbox 340 1236 523 1273; x_wconf 75' lang='grc' dir='ltr'><strong>ἐλεημοσύνην</strong></span> <span class='ocrx_word' id='word_1_272' title='bbox 542 1233 784 1270; x_wconf 84' lang='grc' dir='ltr'>ὲμπλησθήσονται</span> <span class='ocrx_word' id='word_1_273' title='bbox 798 1230 883 1265; x_wconf 81' lang='grc' dir='ltr'>ζωῆς.</span> 
     </span>
    </p>
   </div>
   <div class='ocr_carea' id='block_1_42' title="bbox 140 1276 886 1321">
    <p class='ocr_par' dir='ltr' id='par_1_42' title="bbox 140 1276 886 1321">
     <span class='ocr_line' id='line_1_44' title="bbox 140 1276 886 1321; baseline -0.016 -8"><span class='ocrx_word' id='word_1_274' title='bbox 140 1287 187 1321; x_wconf 87' lang='grc' dir='ltr'><strong>Μὴ</strong></span> <span class='ocrx_word' id='word_1_275' title='bbox 211 1284 383 1321; x_wconf 80' lang='grc' dir='ltr'>ἀποστρέψῃς</span> <span class='ocrx_word' id='word_1_276' title='bbox 403 1284 434 1309; x_wconf 81' lang='grc' dir='ltr'><strong>το</strong></span> <span class='ocrx_word' id='word_1_277' title='bbox 460 1280 605 1317; x_wconf 84' lang='grc' dir='ltr'>πρόσωπόν</span> <span class='ocrx_word' id='word_1_278' title='bbox 627 1287 674 1305; x_wconf 78' lang='grc' dir='ltr'><strong>σου</strong></span> <span class='ocrx_word' id='word_1_279' title='bbox 703 1277 757 1304; x_wconf 81' lang='grc' dir='ltr'>ἀπὸ</span> <span class='ocrx_word' id='word_1_280' title='bbox 785 1276 886 1307; x_wconf 67' lang='grc' dir='ltr'>παντὸς</span> 
     </span>
    </p>
   </div>
   <div class='ocr_carea' id='block_1_43' title="bbox 107 1321 888 1366">
    <p class='ocr_par' dir='ltr' id='par_1_43' title="bbox 107 1321 888 1366">
     <span class='ocr_line' id='line_1_45' title="bbox 107 1321 888 1366; baseline -0.017 -7"><span class='ocrx_word' id='word_1_281' title='bbox 107 1331 228 1366; x_wconf 79' lang='grc' dir='ltr'><strong>πτωχοῦ,</strong></span> <span class='ocrx_word' id='word_1_282' title='bbox 245 1331 291 1358; x_wconf 79' lang='grc' dir='ltr'>καὶ</span> <span class='ocrx_word' id='word_1_283' title='bbox 302 1331 351 1357; x_wconf 78' lang='grc' dir='ltr'>οὐκ</span> <span class='ocrx_word' id='word_1_284' title='bbox 366 1327 531 1363; x_wconf 76' lang='grc' dir='ltr'><strong>ἀποστρέψει</strong></span> <span class='ocrx_word' id='word_1_285' title='bbox 540 1325 570 1351; x_wconf 81' lang='grc' dir='ltr'>τὸ</span> <span class='ocrx_word' id='word_1_286' title='bbox 578 1324 723 1359; x_wconf 81' lang='grc' dir='ltr'>πρόσωπον</span> <span class='ocrx_word' id='word_1_287' title='bbox 738 1321 820 1349; x_wconf 75' lang='grc' dir='ltr'>αὐτοῦ</span> <span class='ocrx_word' id='word_1_288' title='bbox 833 1321 888 1348; x_wconf 83' lang='grc' dir='ltr'>ἀπὸ</span> 
     </span>
    </p>
   </div>
   <div class='ocr_carea' id='block_1_44' title="bbox 108 1377 274 1408">
    <p class='ocr_par' dir='ltr' id='par_1_44' title="bbox 108 1377 274 1408">
     <span class='ocr_line' id='line_1_46' title="bbox 108 1377 274 1408; baseline -0.006 -4"><span class='ocrx_word' id='word_1_289' title='bbox 108 1378 162 1405; x_wconf 74' lang='grc' dir='ltr'>σοῦ’</span> <span class='ocrx_word' id='word_1_290' title='bbox 171 1379 185 1404; x_wconf 85' lang='grc' dir='ltr'>ὁ</span> <span class='ocrx_word' id='word_1_291' title='bbox 198 1377 274 1408; x_wconf 82' lang='grc' dir='ltr'>Θεός.</span> 
     </span>
    </p>
   </div>
   <div class='ocr_carea' id='block_1_45' title="bbox 142 1413 889 1459">
    <p class='ocr_par' dir='ltr' id='par_1_45' title="bbox 142 1413 889 1459">
     <span class='ocr_line' id='line_1_47' title="bbox 142 1413 889 1459; baseline -0.009 -9"><span class='ocrx_word' id='word_1_292' title='bbox 142 1424 273 1459; x_wconf 80' lang='grc' dir='ltr'>Κρεῖττον</span> <span class='ocrx_word' id='word_1_293' title='bbox 297 1422 402 1458; x_wconf 82' lang='grc' dir='ltr'>μυρίων</span> <span class='ocrx_word' id='word_1_294' title='bbox 426 1421 530 1449; x_wconf 87' lang='grc' dir='ltr'>παίδων</span> <span class='ocrx_word' id='word_1_295' title='bbox 550 1421 657 1456; x_wconf 79' lang='grc' dir='ltr'>πατέρα</span> <span class='ocrx_word' id='word_1_296' title='bbox 683 1413 889 1454; x_wconf 76' lang='grc' dir='ltr'>προσαγορεύε-</span> 
     </span>
    </p>
   </div>
   <div class='ocr_carea' id='block_1_46' title="bbox 108 1460 889 1504">
    <p class='ocr_par' dir='ltr' id='par_1_46' title="bbox 108 1460 889 1504">
     <span class='ocr_line' id='line_1_48' title="bbox 108 1460 889 1504; baseline -0.013 -8"><span class='ocrx_word' id='word_1_297' title='bbox 108 1469 210 1504; x_wconf 80' lang='grc' dir='ltr'>σθαι,ἢ</span> <span class='ocrx_word' id='word_1_298' title='bbox 228 1469 339 1504; x_wconf 86' lang='grc' dir='ltr'>μυρίους</span> <span class='ocrx_word' id='word_1_299' title='bbox 354 1468 487 1503; x_wconf 75' lang='grc' dir='ltr'><strong>στατῆρας</strong></span> <span class='ocrx_word' id='word_1_300' title='bbox 500 1468 572 1502; x_wconf 71' lang='grc' dir='ltr'>ἔχειν</span> <span class='ocrx_word' id='word_1_301' title='bbox 585 1468 614 1493; x_wconf 78' lang='grc' dir='ltr'>ὲν</span> <span class='ocrx_word' id='word_1_302' title='bbox 629 1464 771 1501; x_wconf 83' lang='grc' dir='ltr'>βαλαντῑῳ.</span> <span class='ocrx_word' id='word_1_303' title='bbox 784 1461 825 1489; x_wconf 73' lang='grc' dir='ltr'><strong>Τὰ</strong></span> <span class='ocrx_word' id='word_1_304' title='bbox 840 1460 889 1496; x_wconf 79' lang='grc' dir='ltr'>μὲν</span> 
     </span>
    </p>
   </div>
   <div class='ocr_carea' id='block_1_47' title="bbox 108 1506 890 1552">
    <p class='ocr_par' dir='ltr' id='par_1_47' title="bbox 108 1506 890 1552">
     <span class='ocr_line' id='line_1_49' title="bbox 108 1506 890 1552; baseline -0.013 -8"><span class='ocrx_word' id='word_1_305' title='bbox 108 1517 163 1552; x_wconf 75' lang='grc' dir='ltr'>γὰρ</span> <span class='ocrx_word' id='word_1_306' title='bbox 184 1516 314 1551; x_wconf 75' lang='grc' dir='ltr'>χρήματα</span> <span class='ocrx_word' id='word_1_307' title='bbox 328 1513 516 1549; x_wconf 78' lang='grc' dir='ltr'>.καταλείψεις·</span> <span class='ocrx_word' id='word_1_308' title='bbox 533 1512 652 1539; x_wconf 72' lang='grc' dir='ltr'>ἐνταῦθα</span> <span class='ocrx_word' id='word_1_309' title='bbox 674 1510 719 1537; x_wconf 75' lang='grc' dir='ltr'>καὶ</span> <span class='ocrx_word' id='word_1_310' title='bbox 743 1509 780 1545; x_wconf 85' lang='grc' dir='ltr'>μὴ</span> <span class='ocrx_word' id='word_1_311' title='bbox 797 1506 890 1544; x_wconf 76' lang='grc' dir='ltr'>βουλό-</span> 
     </span>
    </p>
   </div>
   <div class='ocr_carea' id='block_1_48' title="bbox 111 1552 928 1597">
    <p class='ocr_par' dir='ltr' id='par_1_48' title="bbox 111 1552 928 1597">
     <span class='ocr_line' id='line_1_50' title="bbox 111 1552 928 1597; baseline -0.013 -9"><span class='ocrx_word' id='word_1_312' title='bbox 111 1569 209 1597; x_wconf 79' lang='grc' dir='ltr'>μενος¹</span> <span class='ocrx_word' id='word_1_313' title='bbox 228 1561 276 1595; x_wconf 83' lang='grc' dir='ltr'>τὴν</span> <span class='ocrx_word' id='word_1_314' title='bbox 298 1561 327 1587; x_wconf 78' lang='grc' dir='ltr'><strong>δὲ</strong></span> <span class='ocrx_word' id='word_1_315' title='bbox 351 1560 397 1588; x_wconf 68' lang='grc' dir='ltr'><strong>ἐπὶ</strong></span> <span class='ocrx_word' id='word_1_316' title='bbox 412 1561 467 1592; x_wconf 89' lang='grc' dir='ltr'>τοῖς</span> <span class='ocrx_word' id='word_1_317' title='bbox 489 1559 599 1593; x_wconf 72' lang='grc' dir='ltr'>ἀγαθοῖς</span> <span class='ocrx_word' id='word_1_318' title='bbox 624 1557 712 1592; x_wconf 74' lang='grc' dir='ltr'>ἔργοις</span> <span class='ocrx_word' id='word_1_319' title='bbox 736 1552 891 1589; x_wconf 74' lang='grc' dir='ltr'>φιλοτιμίαν</span> <span class='ocrx_word' id='word_1_320' title='bbox 905 1568 928 1597; x_wconf 74' lang='lat' dir='ltr'>c</span> 
     </span>
    </p>
   </div>
   <div class='ocr_carea' id='block_1_49' title="bbox 110 1598 892 1642">
    <p class='ocr_par' dir='ltr' id='par_1_49' title="bbox 110 1598 892 1642">
     <span class='ocr_line' id='line_1_51' title="bbox 110 1598 892 1642; baseline -0.013 -8"><span class='ocrx_word' id='word_1_321' title='bbox 110 1607 288 1642; x_wconf 74' lang='grc' dir='ltr'>ἀποκομισεις</span> <span class='ocrx_word' id='word_1_322' title='bbox 303 1607 368 1642; x_wconf 74' lang='grc' dir='ltr'>πρὸς</span> <span class='ocrx_word' id='word_1_323' title='bbox 383 1607 428 1632; x_wconf 82' lang='grc' dir='ltr'>τὸν</span> <span class='ocrx_word' id='word_1_324' title='bbox 436 1604 672 1638; x_wconf 76' lang='grc' dir='ltr'>Δεσπότην.”οταν</span> <span class='ocrx_word' id='word_1_325' title='bbox 681 1601 764 1636; x_wconf 82' lang='grc' dir='ltr'>δῆμος</span> <span class='ocrx_word' id='word_1_326' title='bbox 774 1601 834 1630; x_wconf 77' lang='grc' dir='ltr'>ὅλος</span> <span class='ocrx_word' id='word_1_327' title='bbox 847 1598 892 1624; x_wconf 72' lang='grc' dir='ltr'><strong>ἐπὶ</strong></span> 
     </span>
    </p>
   </div>
   <div class='ocr_carea' id='block_1_50' title="bbox 111 1643 893 1687">
    <p class='ocr_par' dir='ltr' id='par_1_50' title="bbox 111 1643 893 1687">
     <span class='ocr_line' id='line_1_52' title="bbox 111 1643 893 1687; baseline -0.013 -7"><span class='ocrx_word' id='word_1_328' title='bbox 111 1653 160 1680; x_wconf 74' lang='grc' dir='ltr'>τοῦ</span> <span class='ocrx_word' id='word_1_329' title='bbox 175 1652 265 1679; x_wconf 81' lang='grc' dir='ltr'>κοινοῦ</span> <span class='ocrx_word' id='word_1_330' title='bbox 277 1651 371 1687; x_wconf 83' lang='grc' dir='ltr'>κριτοῦ</span> <span class='ocrx_word' id='word_1_331' title='bbox 381 1650 558 1687; x_wconf 76' lang='grc' dir='ltr'>περιστάντες</span> <span class='ocrx_word' id='word_1_332' title='bbox 572 1657 602 1675; x_wconf 86' lang='grc' dir='ltr'><strong>σε</strong></span> <span class='ocrx_word' id='word_1_333' title='bbox 613 1648 715 1684; x_wconf 79' lang='grc' dir='ltr'>τροφέα</span> <span class='ocrx_word' id='word_1_334' title='bbox 725 1646 771 1673; x_wconf 86' lang='grc' dir='ltr'><strong>καί</strong></span> <span class='ocrx_word' id='word_1_335' title='bbox 783 1643 893 1679; x_wconf 79' lang='grc' dir='ltr'>εὐεργέ-</span> 
     </span>
    </p>
   </div>
   <div class='ocr_carea' id='block_1_51' title="bbox 113 1689 894 1732">
    <p class='ocr_par' dir='ltr' id='par_1_51' title="bbox 113 1689 894 1732">
     <span class='ocr_line' id='line_1_53' title="bbox 113 1689 894 1732; baseline -0.013 -8"><span class='ocrx_word' id='word_1_336' title='bbox 113 1707 175 1732; x_wconf 80' lang='grc' dir='ltr'>την,</span> <span class='ocrx_word' id='word_1_337' title='bbox 191 1699 238 1724; x_wconf 79' lang='grc' dir='ltr'><strong>καὶ</strong></span> <span class='ocrx_word' id='word_1_338' title='bbox 260 1698 348 1724; x_wconf 80' lang='grc' dir='ltr'>πάντα</span> <span class='ocrx_word' id='word_1_339' title='bbox 369 1697 403 1724; x_wconf 80' lang='grc' dir='ltr'>τὰ</span> <span class='ocrx_word' id='word_1_340' title='bbox 418 1695 468 1731; x_wconf 75' lang='grc' dir='ltr'>τῆς</span> <span class='ocrx_word' id='word_1_341' title='bbox 490 1693 696 1730; x_wconf 78' lang='grc' dir='ltr'>φιλανθρωπίας</span> <span class='ocrx_word' id='word_1_342' title='bbox 719 1689 894 1717; x_wconf 81' lang='grc' dir='ltr'>ἀποκαλῶσιν</span> 
     </span>
    </p>
   </div>
   <div class='ocr_carea' id='block_1_52' title="bbox 113 1735 895 1777">
    <p class='ocr_par' dir='ltr' id='par_1_52' title="bbox 113 1735 895 1777">
     <span class='ocr_line' id='line_1_54' title="bbox 113 1735 895 1777; baseline -0.012 -8"><span class='ocrx_word' id='word_1_343' title='bbox 113 1744 245 1777; x_wconf 77' lang='grc' dir='ltr'>ὀνόματα,</span> <span class='ocrx_word' id='word_1_344' title='bbox 260 1742 325 1773; x_wconf 76' lang='grc' dir='ltr'>Θεὸς</span> <span class='ocrx_word' id='word_1_345' title='bbox 340 1742 416 1769; x_wconf 74' lang='grc' dir='ltr'>ἔσται</span> <span class='ocrx_word' id='word_1_346' title='bbox 431 1741 445 1767; x_wconf 81' lang='grc' dir='ltr'><strong>ό</strong></span> <span class='ocrx_word' id='word_1_347' title='bbox 461 1739 670 1774; x_wconf 84' lang='grc' dir='ltr'>ἀποδεχόμενος,</span> <span class='ocrx_word' id='word_1_348' title='bbox 683 1737 794 1771; x_wconf 75' lang='grc' dir='ltr'>ἄγγελοι</span> <span class='ocrx_word' id='word_1_349' title='bbox 812 1735 895 1769; x_wconf 85' lang='grc' dir='ltr'>εὐφη-</span> 
     </span>
    </p>
   </div>
   <div class='ocr_carea' id='block_1_53' title="bbox 119 1781 894 1823">
    <p class='ocr_par' dir='ltr' id='par_1_53' title="bbox 119 1781 894 1823">
     <span class='ocr_line' id='line_1_55' title="bbox 119 1781 894 1823; baseline -0.012 -8"><span class='ocrx_word' id='word_1_350' title='bbox 119 1789 242 1823; x_wconf 81' lang='grc' dir='ltr'>μοῦντες,</span> <span class='ocrx_word' id='word_1_351' title='bbox 267 1789 292 1814; x_wconf 78' lang='grc' dir='ltr'>οἱ</span> <span class='ocrx_word' id='word_1_352' title='bbox 313 1788 368 1814; x_wconf 82' lang='grc' dir='ltr'>ἀπὸ</span> <span class='ocrx_word' id='word_1_353' title='bbox 387 1788 501 1817; x_wconf 75' lang='grc' dir='ltr'>κτίσεως</span> <span class='ocrx_word' id='word_1_354' title='bbox 521 1785 660 1819; x_wconf 78' lang='grc' dir='ltr'>ἄνθρωποι</span> <span class='ocrx_word' id='word_1_355' title='bbox 679 1781 894 1818; x_wconf 73' lang='grc' dir='ltr'>μακαρίζοντες*</span> 
     </span>
    </p>
   </div>
   <div class='ocr_carea' id='block_1_54' title="bbox 116 1824 897 1865">
    <p class='ocr_par' dir='ltr' id='par_1_54' title="bbox 116 1824 897 1865">
     <span class='ocr_line' id='line_1_56' title="bbox 116 1824 897 1865; baseline -0.01 -7"><span class='ocrx_word' id='word_1_356' title='bbox 116 1832 181 1863; x_wconf 83' lang='grc' dir='ltr'>δόξα</span> <span class='ocrx_word' id='word_1_357' title='bbox 202 1831 320 1864; x_wconf 72' lang='grc' dir='ltr'>αἰώνιος,</span> <span class='ocrx_word' id='word_1_358' title='bbox 340 1833 466 1865; x_wconf 81' lang='grc' dir='ltr'>στέφανοι</span> <span class='ocrx_word' id='word_1_359' title='bbox 488 1827 673 1863; x_wconf 81' lang='grc' dir='ltr'>δικαιοσύνης,</span> <span class='ocrx_word' id='word_1_360' title='bbox 702 1826 825 1862; x_wconf 86' lang='grc' dir='ltr'>βασιλεία</span> <span class='ocrx_word' id='word_1_361' title='bbox 842 1824 897 1852; x_wconf 83' lang='grc' dir='ltr'>τῶν</span> 
     </span>
    </p>
   </div>
   <div class='ocr_carea' id='block_1_55' title="bbox 117 1875 491 1912">
    <p class='ocr_par' dir='ltr' id='par_1_55' title="bbox 117 1875 491 1912">
     <span class='ocr_line' id='line_1_57' title="bbox 117 1875 491 1912; baseline 0 -9"><span class='ocrx_word' id='word_1_362' title='bbox 117 1878 249 1912; x_wconf 81' lang='grc' dir='ltr'>οὐρανῶν,</span> <span class='ocrx_word' id='word_1_363' title='bbox 265 1875 335 1904; x_wconf 78' lang='grc' dir='ltr'>ἆθλά</span> <span class='ocrx_word' id='word_1_364' title='bbox 350 1885 390 1903; x_wconf 86' lang='grc' dir='ltr'><strong>σοι</strong></span> <span class='ocrx_word' id='word_1_365' title='bbox 405 1876 491 1903; x_wconf 75' lang='grc' dir='ltr'>ἔσται.</span> 
     </span>
    </p>
   </div>
   <div class='ocr_carea' id='block_1_56' title="bbox 155 1914 899 1957">
    <p class='ocr_par' dir='ltr' id='par_1_56' title="bbox 155 1914 899 1957">
     <span class='ocr_line' id='line_1_58' title="bbox 155 1914 899 1957; baseline -0.009 -9"><span class='ocrx_word' id='word_1_366' title='bbox 155 1922 372 1957; x_wconf 80' lang='grc' dir='ltr'>Σκορπιςόμενος</span> <span class='ocrx_word' id='word_1_367' title='bbox 385 1922 399 1948; x_wconf 86' lang='grc' dir='ltr'>ὁ</span> <span class='ocrx_word' id='word_1_368' title='bbox 413 1920 527 1952; x_wconf 80' lang='grc' dir='ltr'>πλοῦτος</span> <span class='ocrx_word' id='word_1_369' title='bbox 545 1919 605 1946; x_wconf 79' lang='grc' dir='ltr'>καθ’</span> <span class='ocrx_word' id='word_1_370' title='bbox 620 1919 650 1945; x_wconf 82' lang='grc' dir='ltr'>ὃν</span> <span class='ocrx_word' id='word_1_371' title='bbox 660 1919 674 1945; x_wconf 89' lang='grc' dir='ltr'><strong>ό</strong></span> <span class='ocrx_word' id='word_1_372' title='bbox 688 1916 790 1952; x_wconf 80' lang='grc' dir='ltr'>Κύριος</span> <span class='ocrx_word' id='word_1_373' title='bbox 805 1914 899 1942; x_wconf 80' lang='grc' dir='ltr'>ὑποτί-</span> 
     </span>
    </p>
   </div>
   <div class='ocr_carea' id='block_1_57' title="bbox 119 1963 899 2003">
    <p class='ocr_par' dir='ltr' id='par_1_57' title="bbox 119 1963 899 2003">
     <span class='ocr_line' id='line_1_59' title="bbox 119 1963 899 2003; baseline -0.009 -8"><span class='ocrx_word' id='word_1_374' title='bbox 119 1969 195 1996; x_wconf 87' lang='grc' dir='ltr'>θεται</span> <span class='ocrx_word' id='word_1_375' title='bbox 220 1970 339 2003; x_wconf 75' lang='grc' dir='ltr'>τρόπον,</span> <span class='ocrx_word' id='word_1_376' title='bbox 368 1968 474 2002; x_wconf 78' lang='grc' dir='ltr'>πέφυκε</span> <span class='ocrx_word' id='word_1_377' title='bbox 505 1966 696 2001; x_wconf 75' lang='grc' dir='ltr'>παραμένειν·</span> <span class='ocrx_word' id='word_1_378' title='bbox 721 1963 899 1999; x_wconf 78' lang='grc' dir='ltr'>συνεχόμενος</span> 
     </span>
    </p>
   </div>
   <div class='ocr_carea' id='block_1_58' title="bbox 117 2007 907 2049">
    <p class='ocr_par' dir='ltr' id='par_1_58' title="bbox 117 2007 907 2049">
     <span class='ocr_line' id='line_1_60' title="bbox 117 2007 907 2049; baseline -0.01 -7"><span class='ocrx_word' id='word_1_379' title='bbox 117 2016 158 2049; x_wconf 76' lang='grc' dir='ltr'><strong>δὲ,</strong></span> <span class='ocrx_word' id='word_1_380' title='bbox 184 2014 399 2049; x_wconf 81' lang='grc' dir='ltr'>ἀλλοτριοῦσθαι.</span> <span class='ocrx_word' id='word_1_381' title='bbox 413 2013 479 2040; x_wconf 79' lang='grc' dir='ltr'>Ἐὰν</span> <span class='ocrx_word' id='word_1_382' title='bbox 506 2012 649 2046; x_wconf 58' lang='lat' dir='ltr'><strong>spumeum,</strong></span> <span class='ocrx_word' id='word_1_383' title='bbox 669 2011 719 2037; x_wconf 83' lang='grc' dir='ltr'>οὐκ</span> <span class='ocrx_word' id='word_1_384' title='bbox 741 2009 830 2044; x_wconf 74' lang='grc' dir='ltr'>ἔχεις·</span> <span class='ocrx_word' id='word_1_385' title='bbox 852 2007 907 2039; x_wconf 24' lang='grc' dir='ltr'><strong>ὲὰνμ</strong></span> 
     </span>
    </p>
   </div>
   <div class='ocr_carea' id='block_1_59' title="bbox 118 2054 900 2096">
    <p class='ocr_par' dir='ltr' id='par_1_59' title="bbox 118 2054 900 2096">
     <span class='ocr_line' id='line_1_61' title="bbox 118 2054 900 2096; baseline -0.012 -8"><span class='ocrx_word' id='word_1_386' title='bbox 118 2062 148 2089; x_wconf 79' lang='grc' dir='ltr'><strong>δὲ</strong></span> <span class='ocrx_word' id='word_1_387' title='bbox 170 2060 332 2096; x_wconf 81' lang='grc' dir='ltr'>σκορπίσῃς,</span> <span class='ocrx_word' id='word_1_388' title='bbox 360 2060 410 2086; x_wconf 82' lang='grc' dir='ltr'>οὐκ</span> <span class='ocrx_word' id='word_1_389' title='bbox 430 2058 583 2089; x_wconf 69' lang='grc' dir='ltr'>ἀπολέσειε.</span> <span class='ocrx_word' id='word_1_390' title='bbox 603 2056 793 2091; x_wconf 84' lang='grc' dir='ltr'>Ἐσκόρπισεν,</span> <span class='ocrx_word' id='word_1_391' title='bbox 816 2054 900 2080; x_wconf 75' lang='grc' dir='ltr'>ἔδωκε</span> 
     </span>
    </p>
   </div>
   <div class='ocr_carea' id='block_1_60' title="bbox 118 2107 310 2143">
    <p class='ocr_par' dir='ltr' id='par_1_60' title="bbox 118 2107 310 2143">
     <span class='ocr_line' id='line_1_62' title="bbox 118 2107 310 2143; baseline -0.021 -8"><span class='ocrx_word' id='word_1_392' title='bbox 118 2108 174 2139; x_wconf 82' lang='grc' dir='ltr'>τοῖς</span> <span class='ocrx_word' id='word_1_393' title='bbox 189 2107 310 2143; x_wconf 76' lang='grc' dir='ltr'>πένησιν.</span> 
     </span>
    </p>
   </div>
   <div class='ocr_carea' id='block_1_61' title="bbox 158 2143 901 2185">
    <p class='ocr_par' dir='ltr' id='par_1_61' title="bbox 158 2143 901 2185">
     <span class='ocr_line' id='line_1_63' title="bbox 158 2143 901 2185; baseline -0.013 -6"><span class='ocrx_word' id='word_1_394' title='bbox 158 2152 248 2179; x_wconf 72' lang='grc' dir='ltr'>Καλὸν</span> <span class='ocrx_word' id='word_1_395' title='bbox 276 2150 402 2185; x_wconf 75' lang='grc' dir='ltr'>ἐντάφιον</span> <span class='ocrx_word' id='word_1_396' title='bbox 422 2150 439 2184; x_wconf 86' lang='grc' dir='ltr'>ἡ</span> <span class='ocrx_word' id='word_1_397' title='bbox 464 2147 602 2175; x_wconf 75' lang='grc' dir='ltr'>εὐσέϐεια.</span> <span class='ocrx_word' id='word_1_398' title='bbox 627 2146 734 2177; x_wconf 86' lang='grc' dir='ltr'>Πάντας</span> <span class='ocrx_word' id='word_1_399' title='bbox 755 2143 901 2179; x_wconf 75' lang='grc' dir='ltr'>περιϐαλό-</span> 
     </span>
    </p>
   </div>
   <div class='ocr_carea' id='block_1_62' title="bbox 124 2189 903 2234">
    <p class='ocr_par' dir='ltr' id='par_1_62' title="bbox 124 2189 903 2234">
     <span class='ocr_line' id='line_1_64' title="bbox 124 2189 903 2234; baseline -0.013 -9"><span class='ocrx_word' id='word_1_400' title='bbox 124 2207 202 2234; x_wconf 75' lang='grc' dir='ltr'>μενος</span> <span class='ocrx_word' id='word_1_401' title='bbox 219 2196 319 2225; x_wconf 73' lang='grc' dir='ltr'>ἄπελθε</span> <span class='ocrx_word' id='word_1_402' title='bbox 330 2204 337 2212; x_wconf 89' lang='grc'>·</span> <span class='ocrx_word' id='word_1_403' title='bbox 355 2197 453 2222; x_wconf 80' lang='grc' dir='ltr'>οἰκεῖον</span> <span class='ocrx_word' id='word_1_404' title='bbox 466 2195 566 2227; x_wconf 69' lang='grc' dir='ltr'>κόσμον</span> <span class='ocrx_word' id='word_1_405' title='bbox 576 2193 622 2218; x_wconf 80' lang='grc' dir='ltr'>τὸν</span> <span class='ocrx_word' id='word_1_406' title='bbox 635 2191 749 2218; x_wconf 77' lang='grc' dir='ltr'>πλοῦτόν</span> <span class='ocrx_word' id='word_1_407' title='bbox 765 2198 811 2216; x_wconf 87' lang='grc' dir='ltr'><strong>σου</strong></span> <span class='ocrx_word' id='word_1_408' title='bbox 824 2189 903 2225; x_wconf 83' lang='grc' dir='ltr'>ποίη-</span> 
     </span>
    </p>
   </div>
   <div class='ocr_carea' id='block_1_63' title="bbox 123 2234 942 2278">
    <p class='ocr_par' dir='ltr' id='par_1_63' title="bbox 123 2234 942 2278">
     <span class='ocr_line' id='line_1_65' title="bbox 123 2234 942 2278; baseline -0.015 -8"><span class='ocrx_word' id='word_1_409' title='bbox 123 2253 181 2275; x_wconf 80' lang='grc' dir='ltr'>σον,</span> <span class='ocrx_word' id='word_1_410' title='bbox 196 2244 241 2278; x_wconf 80' lang='grc' dir='ltr'>ἐχε</span> <span class='ocrx_word' id='word_1_411' title='bbox 254 2242 335 2269; x_wconf 73' lang='grc' dir='ltr'>αὐτὸν</span> <span class='ocrx_word' id='word_1_412' title='bbox 352 2241 422 2276; x_wconf 84' lang='grc' dir='ltr'><strong>μετά</strong></span> <span class='ocrx_word' id='word_1_413' title='bbox 439 2238 554 2270; x_wconf 80' lang='grc' dir='ltr'>σεαυτοῦ</span> <span class='ocrx_word' id='word_1_414' title='bbox 565 2247 572 2253; x_wconf 91' lang='grc'><strong>·</strong></span> <span class='ocrx_word' id='word_1_415' title='bbox 590 2237 716 2270; x_wconf 82' lang='grc' dir='ltr'>πείσθητι</span> <span class='ocrx_word' id='word_1_416' title='bbox 729 2234 819 2266; x_wconf 85' lang='grc' dir='ltr'>καλῶς</span> <span class='ocrx_word' id='word_1_417' title='bbox 835 2242 905 2269; x_wconf 84' lang='grc' dir='ltr'>συμ-</span> <span class='ocrx_word' id='word_1_418' title='bbox 920 2240 942 2267; x_wconf 71' lang='grc' dir='ltr'>ῃ</span> 
     </span>
    </p>
   </div>
   <div class='ocr_carea' id='block_1_64' title="bbox 122 2279 905 2324">
    <p class='ocr_par' dir='ltr' id='par_1_64' title="bbox 122 2279 905 2324">
     <span class='ocr_line' id='line_1_66' title="bbox 122 2279 905 2324; baseline -0.015 -9"><span class='ocrx_word' id='word_1_419' title='bbox 122 2289 210 2324; x_wconf 73' lang='grc' dir='ltr'>δούλῳ</span> <span class='ocrx_word' id='word_1_420' title='bbox 237 2287 273 2322; x_wconf 75' lang='grc' dir='ltr'>τῷ</span> <span class='ocrx_word' id='word_1_421' title='bbox 304 2285 478 2320; x_wconf 83' lang='grc' dir='ltr'>ἀγαπήσαντί</span> <span class='ocrx_word' id='word_1_422' title='bbox 499 2291 529 2311; x_wconf 77' lang='grc' dir='ltr'><strong>σε</strong></span> <span class='ocrx_word' id='word_1_423' title='bbox 555 2281 683 2316; x_wconf 82' lang='grc' dir='ltr'>Χριστῷ,</span> <span class='ocrx_word' id='word_1_424' title='bbox 709 2280 747 2314; x_wconf 82' lang='grc' dir='ltr'><strong>τῷ</strong></span> <span class='ocrx_word' id='word_1_425' title='bbox 773 2279 806 2306; x_wconf 79' lang='grc' dir='ltr'><strong>δι’</strong></span> <span class='ocrx_word' id='word_1_426' title='bbox 832 2279 905 2314; x_wconf 78' lang='grc' dir='ltr'>ἡμᾶς</span> 
     </span>
    </p>
   </div>
   <div class='ocr_carea' id='block_1_65' title="bbox 124 2324 906 2367">
    <p class='ocr_par' dir='ltr' id='par_1_65' title="bbox 124 2324 906 2367">
     <span class='ocr_line' id='line_1_67' title="bbox 124 2324 906 2367; baseline -0.015 -7"><span class='ocrx_word' id='word_1_427' title='bbox 124 2334 323 2367; x_wconf 68' lang='grc' dir='ltr'>πτωχεύσαντι,</span> <span class='ocrx_word' id='word_1_428' title='bbox 340 2330 374 2358; x_wconf 82' lang='grc' dir='ltr'><strong>ἶν’</strong></span> <span class='ocrx_word' id='word_1_429' title='bbox 391 2330 470 2366; x_wconf 80' lang='grc' dir='ltr'>ἡμεῖς</span> <span class='ocrx_word' id='word_1_430' title='bbox 486 2330 519 2364; x_wconf 80' lang='grc' dir='ltr'>τῇ</span> <span class='ocrx_word' id='word_1_431' title='bbox 535 2328 639 2354; x_wconf 79' lang='grc' dir='ltr'>ἐκείνου</span> <span class='ocrx_word' id='word_1_432' title='bbox 654 2325 775 2360; x_wconf 66' lang='grc' dir='ltr'>πτωχείᾳ</span> <span class='ocrx_word' id='word_1_433' title='bbox 790 2324 906 2357; x_wconf 74' lang='grc' dir='ltr'>πλουτή-</span> 
     </span>
    </p>
   </div>
   <div class='ocr_carea' id='block_1_66' title="bbox 125 2387 226 2414">
    <p class='ocr_par' dir='ltr' id='par_1_66' title="bbox 125 2387 226 2414">
     <span class='ocr_line' id='line_1_68' title="bbox 125 2387 226 2414; baseline -0.03 -8"><span class='ocrx_word' id='word_1_434' title='bbox 125 2387 226 2414; x_wconf 70' lang='grc' dir='ltr'>σωμεν.</span> 
     </span>
    </p>
   </div>
   <div class='ocr_carea' id='block_1_67' title="bbox 164 2414 908 2456">
    <p class='ocr_par' dir='ltr' id='par_1_67' title="bbox 164 2414 908 2456">
     <span class='ocr_line' id='line_1_69' title="bbox 164 2414 908 2456; baseline -0.013 -6"><span class='ocrx_word' id='word_1_435' title='bbox 164 2424 256 2456; x_wconf 73' lang='grc' dir='ltr'>Ἔλεος</span> <span class='ocrx_word' id='word_1_436' title='bbox 279 2424 336 2449; x_wconf 75' lang='grc' dir='ltr'>ἐστι</span> <span class='ocrx_word' id='word_1_437' title='bbox 362 2420 458 2452; x_wconf 75' lang='grc' dir='ltr'>πάθος,</span> <span class='ocrx_word' id='word_1_438' title='bbox 483 2419 528 2446; x_wconf 73' lang='grc' dir='ltr'><strong>ἐπὶ</strong></span> <span class='ocrx_word' id='word_1_439' title='bbox 555 2418 618 2450; x_wconf 79' lang='grc' dir='ltr'>τοὺς</span> <span class='ocrx_word' id='word_1_440' title='bbox 639 2417 704 2452; x_wconf 77' lang='grc' dir='ltr'>παρ’</span> <span class='ocrx_word' id='word_1_441' title='bbox 727 2414 806 2448; x_wconf 75' lang='grc' dir='ltr'>ἀξίαν</span> <span class='ocrx_word' id='word_1_442' title='bbox 831 2421 908 2441; x_wconf 85' lang='grc' dir='ltr'>τετα-</span> 
     </span>
    </p>
   </div>
   <div class='ocr_carea' id='block_1_68' title="bbox 127 2460 909 2503">
    <p class='ocr_par' dir='ltr' id='par_1_68' title="bbox 127 2460 909 2503">
     <span class='ocr_line' id='line_1_70' title="bbox 127 2460 909 2503; baseline -0.017 -6"><span class='ocrx_word' id='word_1_443' title='bbox 127 2471 312 2503; x_wconf 77' lang='grc' dir='ltr'>πεινωμένους</span> <span class='ocrx_word' id='word_1_444' title='bbox 327 2467 402 2502; x_wconf 85' lang='grc' dir='ltr'>παρὰ</span> <span class='ocrx_word' id='word_1_445' title='bbox 414 2466 468 2492; x_wconf 82' lang='grc' dir='ltr'><strong>τῶν</strong></span> <span class='ocrx_word' id='word_1_446' title='bbox 484 2463 633 2500; x_wconf 82' lang='grc' dir='ltr'>συμπαθῶς</span> <span class='ocrx_word' id='word_1_447' title='bbox 654 2460 848 2496; x_wconf 80' lang='grc' dir='ltr'>διατιθεμένων</span> <span class='ocrx_word' id='word_1_448' title='bbox 867 2466 909 2492; x_wconf 84' lang='grc' dir='ltr'><strong>γι-</strong></span> 
     </span>
    </p>
   </div>
   <div class='ocr_carea' id='block_1_69' title="bbox 126 2518 249 2552">
    <p class='ocr_par' dir='ltr' id='par_1_69' title="bbox 126 2518 249 2552">
     <span class='ocr_line' id='line_1_71' title="bbox 126 2518 249 2552; baseline -0.016 -8"><span class='ocrx_word' id='word_1_449' title='bbox 126 2518 249 2552; x_wconf 65' lang='grc' dir='ltr'>νόμενιν.</span> 
     </span>
    </p>
   </div>
   <div class='ocr_carea' id='block_1_70' title="bbox 163 2548 911 2588">
    <p class='ocr_par' dir='ltr' id='par_1_70' title="bbox 163 2548 911 2588">
     <span class='ocr_line' id='line_1_72' title="bbox 163 2548 911 2588; baseline -0.021 1"><span class='ocrx_word' id='word_1_450' title='bbox 163 2548 257 2588; x_wconf 72' lang='grc' dir='ltr'><strong>ὸὺδενὶ</strong></span> <span class='ocrx_word' id='word_1_451' title='bbox 271 2560 325 2587; x_wconf 82' lang='grc' dir='ltr'><strong>τῶν</strong></span> <span class='ocrx_word' id='word_1_452' title='bbox 338 2559 445 2586; x_wconf 83' lang='grc' dir='ltr'>πάντων</span> <span class='ocrx_word' id='word_1_453' title='bbox 455 2557 541 2588; x_wconf 72' lang='grc' dir='ltr'>οὕτως</span> <span class='ocrx_word' id='word_1_454' title='bbox 553 2555 589 2586; x_wconf 86' lang='grc' dir='ltr'><strong>ὡς</strong></span> <span class='ocrx_word' id='word_1_455' title='bbox 604 2553 670 2588; x_wconf 73' lang='grc' dir='ltr'><strong>ὲλέῳ</strong></span> <span class='ocrx_word' id='word_1_456' title='bbox 682 2551 748 2583; x_wconf 76' lang='grc' dir='ltr'>Θεὸς</span> <span class='ocrx_word' id='word_1_457' title='bbox 764 2548 911 2585; x_wconf 79' lang='grc' dir='ltr'>θεραπεύε-</span> 
     </span>
    </p>
   </div>
   <div class='ocr_carea' id='block_1_71' title="bbox 126 2594 912 2642">
    <p class='ocr_par' dir='ltr' id='par_1_71' title="bbox 126 2594 912 2642">
     <span class='ocr_line' id='line_1_73' title="bbox 126 2594 912 2642; baseline -0.023 -6"><span class='ocrx_word' id='word_1_458' title='bbox 126 2617 185 2642; x_wconf 78' lang='grc' dir='ltr'>ται,</span> <span class='ocrx_word' id='word_1_459' title='bbox 200 2609 241 2634; x_wconf 86' lang='grc' dir='ltr'>ὃτι</span> <span class='ocrx_word' id='word_1_460' title='bbox 259 2606 326 2642; x_wconf 75' lang='grc' dir='ltr'>μηδι</span> <span class='ocrx_word' id='word_1_461' title='bbox 339 2604 502 2639; x_wconf 69' lang='grc' dir='ltr'>οἰκειότερον</span> <span class='ocrx_word' id='word_1_462' title='bbox 520 2602 584 2629; x_wconf 74' lang='grc' dir='ltr'>ἄλλο</span> <span class='ocrx_word' id='word_1_463' title='bbox 600 2599 695 2627; x_wconf 89' lang='grc' dir='ltr'>τούτου</span> <span class='ocrx_word' id='word_1_464' title='bbox 708 2596 780 2632; x_wconf 85' lang='grc' dir='ltr'><strong>Θεῷ,</strong></span> <span class='ocrx_word' id='word_1_465' title='bbox 794 2595 824 2621; x_wconf 82' lang='grc' dir='ltr'><strong>οὗ</strong></span> <span class='ocrx_word' id='word_1_466' title='bbox 839 2594 912 2625; x_wconf 71' lang='grc' dir='ltr'>ἔλεος</span> 
     </span>
    </p>
   </div>
   <div class='ocr_carea' id='block_1_72' title="bbox 127 2650 526 2687">
    <p class='ocr_par' dir='ltr' id='par_1_72' title="bbox 127 2650 526 2687">
     <span class='ocr_line' id='line_1_74' title="bbox 127 2650 526 2687; baseline -0.018 -7"><span class='ocrx_word' id='word_1_467' title='bbox 127 2654 176 2680; x_wconf 68' lang='grc' dir='ltr'>καὶ</span> <span class='ocrx_word' id='word_1_468' title='bbox 189 2652 302 2687; x_wconf 74' lang='grc' dir='ltr'>ἀλήθεια</span> <span class='ocrx_word' id='word_1_469' title='bbox 317 2650 526 2686; x_wconf 81' lang='grc' dir='ltr'>προπορεύεται.</span> 
     </span>
    </p>
   </div>
   <div class='ocr_carea' id='block_1_73' title="bbox 165 2685 913 2731">
    <p class='ocr_par' dir='ltr' id='par_1_73' title="bbox 165 2685 913 2731">
     <span class='ocr_line' id='line_1_75' title="bbox 165 2685 913 2731; baseline -0.023 -5"><span class='ocrx_word' id='word_1_470' title='bbox 165 2699 213 2730; x_wconf 86' lang='grc' dir='ltr'>Δός</span> <span class='ocrx_word' id='word_1_471' title='bbox 234 2685 259 2725; x_wconf 76' lang='grc' dir='ltr'><strong>τι</strong></span> <span class='ocrx_word' id='word_1_472' title='bbox 276 2696 334 2731; x_wconf 76' lang='grc' dir='ltr'><strong>Θεῷ</strong></span> <span class='ocrx_word' id='word_1_473' title='bbox 348 2696 535 2731; x_wconf 82' lang='grc' dir='ltr'>χαριστήριον,</span> <span class='ocrx_word' id='word_1_474' title='bbox 551 2692 591 2720; x_wconf 81' lang='grc' dir='ltr'><strong>ὅτι</strong></span> <span class='ocrx_word' id='word_1_475' title='bbox 618 2690 672 2717; x_wconf 86' lang='grc' dir='ltr'><strong>τῶν</strong></span> <span class='ocrx_word' id='word_1_476' title='bbox 686 2688 715 2716; x_wconf 75' lang='grc' dir='ltr'>εὖ</span> <span class='ocrx_word' id='word_1_477' title='bbox 734 2687 821 2714; x_wconf 80' lang='grc' dir='ltr'>ποιεῖν</span> <span class='ocrx_word' id='word_1_478' title='bbox 836 2685 913 2711; x_wconf 84' lang='grc' dir='ltr'>δυνα-</span> 
     </span>
    </p>
   </div>
   <div class='ocr_carea' id='block_1_74' title="bbox 130 2730 914 2781">
    <p class='ocr_par' dir='ltr' id='par_1_74' title="bbox 130 2730 914 2781">
     <span class='ocr_line' id='line_1_76' title="bbox 130 2730 914 2781; baseline -0.019 -10"><span class='ocrx_word' id='word_1_479' title='bbox 130 2745 220 2781; x_wconf 83' lang='grc' dir='ltr'>μένων</span> <span class='ocrx_word' id='word_1_480' title='bbox 234 2730 338 2776; x_wconf 77' lang='grc' dir='ltr'>ὲγένου,</span> <span class='ocrx_word' id='word_1_481' title='bbox 349 2730 413 2767; x_wconf 75' lang='grc' dir='ltr'>ἀλλ’</span> <span class='ocrx_word' id='word_1_482' title='bbox 425 2739 455 2767; x_wconf 77' lang='grc' dir='ltr'>οὐ</span> <span class='ocrx_word' id='word_1_483' title='bbox 469 2739 523 2765; x_wconf 87' lang='grc' dir='ltr'>τῶν</span> <span class='ocrx_word' id='word_1_484' title='bbox 545 2735 574 2765; x_wconf 84' lang='grc' dir='ltr'>εὖ</span> <span class='ocrx_word' id='word_1_485' title='bbox 594 2735 690 2763; x_wconf 83' lang='grc' dir='ltr'>παθεῖν</span> <span class='ocrx_word' id='word_1_486' title='bbox 706 2733 856 2768; x_wconf 60' lang='grc' dir='ltr'>δεομένων</span> <span class='ocrx_word' id='word_1_487' title='bbox 873 2730 914 2756; x_wconf 82' lang='grc' dir='ltr'>ὅτι</span> 
     </span>
    </p>
   </div>
   <div class='ocr_carea' id='block_1_75' title="bbox 124 2775 916 2826">
    <p class='ocr_par' dir='ltr' id='par_1_75' title="bbox 124 2775 916 2826">
     <span class='ocr_line' id='line_1_77' title="bbox 124 2775 916 2826; baseline -0.019 -10"><span class='ocrx_word' id='word_1_488' title='bbox 124 2775 172 2826; x_wconf 59' lang='grc' dir='ltr'><strong>’μὴ</strong></span> <span class='ocrx_word' id='word_1_489' title='bbox 199 2775 309 2824; x_wconf 81' lang='grc' dir='ltr'>βλέπεις</span> <span class='ocrx_word' id='word_1_490' title='bbox 334 2788 374 2818; x_wconf 75' lang='grc' dir='ltr'>εἰς</span> <span class='ocrx_word' id='word_1_491' title='bbox 400 2784 545 2819; x_wconf 78' lang='grc' dir='ltr'>ἀλλοτρίας</span> <span class='ocrx_word' id='word_1_492' title='bbox 576 2782 682 2817; x_wconf 68' lang='grc' dir='ltr'>χεῖρας,</span> <span class='ocrx_word' id='word_1_493' title='bbox 710 2778 767 2806; x_wconf 75' lang='grc' dir='ltr'>ἀλλ’</span> <span class='ocrx_word' id='word_1_494' title='bbox 795 2777 835 2808; x_wconf 83' lang='grc' dir='ltr'><strong>είς</strong></span> <span class='ocrx_word' id='word_1_495' title='bbox 867 2775 916 2806; x_wconf 78' lang='grc' dir='ltr'><strong>τὰς</strong></span> 
     </span>
    </p>
   </div>
   <div class='ocr_carea' id='block_1_76' title="bbox 130 2819 919 2869">
    <p class='ocr_par' dir='ltr' id='par_1_76' title="bbox 130 2819 919 2869">
     <span class='ocr_line' id='line_1_78' title="bbox 130 2819 919 2869; baseline -0.022 -6"><span class='ocrx_word' id='word_1_496' title='bbox 130 2819 180 2867; x_wconf 63' lang='grc' dir='ltr'><strong>ξςᾶς</strong></span> <span class='ocrx_word' id='word_1_497' title='bbox 197 2819 294 2869; x_wconf 56' lang='grc' dir='ltr'>ἕτεροι.</span> <span class='ocrx_word' id='word_1_498' title='bbox 313 2831 477 2866; x_wconf 80' lang='grc' dir='ltr'>Πλούτησον,</span> <span class='ocrx_word' id='word_1_499' title='bbox 502 2828 539 2864; x_wconf 83' lang='grc' dir='ltr'>μὴ</span> <span class='ocrx_word' id='word_1_500' title='bbox 560 2825 704 2862; x_wconf 73' lang='grc' dir='ltr'>περιουσίᾳ</span> <span class='ocrx_word' id='word_1_501' title='bbox 735 2823 814 2859; x_wconf 84' lang='grc' dir='ltr'>μόνον</span> <span class='ocrx_word' id='word_1_502' title='bbox 827 2842 835 2855; x_wconf 89' lang='grc'><em>,</em></span> <span class='ocrx_word' id='word_1_503' title='bbox 850 2819 919 2848; x_wconf 73' lang='grc' dir='ltr'><strong>ἀλλά</strong></span> 
     </span>
    </p>
   </div>
   <div class='ocr_carea' id='block_1_77' title="bbox 130 2866 919 2915">
    <p class='ocr_par' dir='ltr' id='par_1_77' title="bbox 130 2866 919 2915">
     <span class='ocr_line' id='line_1_79' title="bbox 130 2866 919 2915; baseline -0.022 -6"><span class='ocrx_word' id='word_1_504' title='bbox 130 2866 179 2910; x_wconf 61' lang='grc' dir='ltr'><strong>καί</strong></span> <span class='ocrx_word' id='word_1_505' title='bbox 195 2866 328 2915; x_wconf 67' lang='grc' dir='ltr'>εὗσεὸείςι.</span> <span class='ocrx_word' id='word_1_506' title='bbox 350 2878 398 2914; x_wconf 77' lang='grc' dir='ltr'><strong>Μὴ</strong></span> <span class='ocrx_word' id='word_1_507' title='bbox 421 2878 500 2912; x_wconf 81' lang='grc' dir='ltr'>μόνον</span> <span class='ocrx_word' id='word_1_508' title='bbox 521 2876 551 2902; x_wconf 76' lang='grc' dir='ltr'><strong>τὺ</strong></span> <span class='ocrx_word' id='word_1_509' title='bbox 569 2872 690 2910; x_wconf 76' lang='grc' dir='ltr'>χρυσίον,</span> <span class='ocrx_word' id='word_1_510' title='bbox 713 2870 780 2897; x_wconf 84' lang='grc' dir='ltr'>ἀ).λά</span> <span class='ocrx_word' id='word_1_511' title='bbox 805 2868 850 2896; x_wconf 73' lang='grc' dir='ltr'>καὶ</span> <span class='ocrx_word' id='word_1_512' title='bbox 870 2866 919 2902; x_wconf 76' lang='grc' dir='ltr'>τὴν</span> 
     </span>
    </p>
   </div>
   <div class='ocr_carea' id='block_1_78' title="bbox 98 896 901 954">
    <p class='ocr_par' dir='ltr' id='par_1_78' title="bbox 98 896 901 954">
     <span class='ocr_line' id='line_1_80' title="bbox 98 896 901 954; baseline -0.014 -8"><span class='ocrx_word' id='word_1_513' title='bbox 98 920 167 954; x_wconf 78' lang='grc' dir='ltr'>ὑπὲρ</span> <span class='ocrx_word' id='word_1_514' title='bbox 183 896 246 954; x_wconf 60' lang='grc' dir='ltr'>δόρυ</span> <span class='ocrx_word' id='word_1_515' title='bbox 264 896 509 952; x_wconf 53' lang='grc' dir='ltr'>ἀλκῆξξᾷὲεναντι</span> <span class='ocrx_word' id='word_1_516' title='bbox 525 896 625 949; x_wconf 56' lang='lat' dir='ltr'><strong>exspor}</strong></span> <span class='ocrx_word' id='word_1_517' title='bbox 641 896 790 947; x_wconf 79' lang='grc' dir='ltr'>πολεμήσει</span> <span class='ocrx_word' id='word_1_518' title='bbox 808 910 878 944; x_wconf 81' lang='grc' dir='ltr'>ὑπὲρ</span> <span class='ocrx_word' id='word_1_519' title='bbox 897 896 901 923; x_wconf 84' lang='grc'>¹</span> 
     </span>
    </p>
   </div>
   <div class='ocr_carea' id='block_1_79' title="bbox 960 896 1624 954">
    <p class='ocr_par' dir='ltr' id='par_1_79' title="bbox 960 899 1624 938">
     <span class='ocr_line' id='line_1_81' title="bbox 960 899 1624 938; baseline -0.017 -1"><span class='ocrx_word' id='word_1_520' title='bbox 960 907 1142 937; x_wconf 70' lang='lat' dir='ltr'><strong>istemtutius</strong></span> <span class='ocrx_word' id='word_1_521' title='bbox 1156 911 1182 934; x_wconf 88' lang='lat' dir='ltr'><strong>te</strong></span> <span class='ocrx_word' id='word_1_522' title='bbox 1197 904 1324 933; x_wconf 80' lang='lat' dir='ltr'><strong>defendet</strong></span> <span class='ocrx_word' id='word_1_523' title='bbox 1335 910 1418 938; x_wconf 88' lang='lat' dir='ltr'><strong>quam</strong></span> <span class='ocrx_word' id='word_1_524' title='bbox 1433 900 1522 928; x_wconf 77' lang='lat' dir='ltr'><strong>valida</strong></span> <span class='ocrx_word' id='word_1_525' title='bbox 1534 899 1624 927; x_wconf 80' lang='lat' dir='ltr'><strong>hasta.</strong></span> 
     </span>
    </p>
   </div>
   <div class='ocr_carea' id='block_1_80' title="bbox 968 987 1715 1027">
    <p class='ocr_par' dir='ltr' id='par_1_80' title="bbox 968 987 1715 1027">
     <span class='ocr_line' id='line_1_82' title="bbox 968 987 1715 1027; baseline -0.016 -1"><span class='ocrx_word' id='word_1_526' title='bbox 968 997 1038 1027; x_wconf 83' lang='lat' dir='ltr'><strong>Ibid.</strong></span> <span class='ocrx_word' id='word_1_527' title='bbox 1056 1004 1137 1024; x_wconf 81' lang='lat' dir='ltr'><strong>xxxv.</strong></span> <span class='ocrx_word' id='word_1_528' title='bbox 1166 994 1319 1023; x_wconf 80' lang='lat' dir='ltr'><strong>Misericors</strong></span> <span class='ocrx_word' id='word_1_529' title='bbox 1336 989 1489 1020; x_wconf 81' lang='lat' dir='ltr'><strong>amictionis</strong></span> <span class='ocrx_word' id='word_1_530' title='bbox 1504 993 1624 1023; x_wconf 89' lang='lat' dir='ltr'><strong>tempore</strong></span> <span class='ocrx_word' id='word_1_531' title='bbox 1639 987 1715 1016; x_wconf 83' lang='lat' dir='ltr'><strong>simi-</strong></span> 
     </span>
    </p>
   </div>
   <div class='ocr_carea' id='block_1_81' title="bbox 887 1035 1572 1077">
    <p class='ocr_par' dir='ltr' id='par_1_81' title="bbox 887 1035 1572 1077">
     <span class='ocr_line' id='line_1_83' title="bbox 887 1035 1572 1077; baseline -0.019 -4"><span class='ocrx_word' id='word_1_532' title='bbox 887 1055 895 1062; x_wconf 82' lang='lat'><strong>-</strong></span> <span class='ocrx_word' id='word_1_533' title='bbox 934 1043 968 1072; x_wconf 90' lang='lat' dir='ltr'><strong>lis</strong></span> <span class='ocrx_word' id='word_1_534' title='bbox 987 1047 1030 1070; x_wconf 90' lang='lat' dir='ltr'><strong>est</strong></span> <span class='ocrx_word' id='word_1_535' title='bbox 1047 1041 1176 1077; x_wconf 55' lang='lat' dir='ltr'><strong>pluviosas</strong></span> <span class='ocrx_word' id='word_1_536' title='bbox 1191 1039 1255 1066; x_wconf 92' lang='lat' dir='ltr'><strong>nubi</strong></span> <span class='ocrx_word' id='word_1_537' title='bbox 1272 1038 1298 1065; x_wconf 92' lang='lat' dir='ltr'><strong>in</strong></span> <span class='ocrx_word' id='word_1_538' title='bbox 1318 1044 1416 1072; x_wconf 81' lang='lat' dir='ltr'><strong>magna</strong></span> <span class='ocrx_word' id='word_1_539' title='bbox 1441 1035 1572 1063; x_wconf 82' lang='lat' dir='ltr'><strong>siccitate.</strong></span> 
     </span>
    </p>
   </div>
   <div class='ocr_carea' id='block_1_82' title="bbox 969 1081 1716 1117">
    <p class='ocr_par' dir='ltr' id='par_1_82' title="bbox 969 1081 1716 1117">
     <span class='ocr_line' id='line_1_84' title="bbox 969 1081 1716 1117; baseline -0.019 0"><span class='ocrx_word' id='word_1_540' title='bbox 969 1089 1056 1117; x_wconf 75' lang='lat' dir='ltr'><strong>Tobia:</strong></span> <span class='ocrx_word' id='word_1_541' title='bbox 1071 1096 1118 1115; x_wconf 85' lang='lat' dir='ltr'><strong>xu.</strong></span> <span class='ocrx_word' id='word_1_542' title='bbox 1136 1086 1231 1114; x_wconf 84' lang='lat' dir='ltr'><strong>Satius</strong></span> <span class='ocrx_word' id='word_1_543' title='bbox 1256 1089 1300 1112; x_wconf 85' lang='lat' dir='ltr'><strong>est</strong></span> <span class='ocrx_word' id='word_1_544' title='bbox 1332 1081 1550 1110; x_wconf 84' lang='lat' dir='ltr'><strong>misericordiam</strong></span> <span class='ocrx_word' id='word_1_545' title='bbox 1577 1086 1716 1109; x_wconf 73' lang='lat' dir='ltr'><strong>exercere,</strong></span> 
     </span>
    </p>
   </div>
   <div class='ocr_carea' id='block_1_83' title="bbox 935 1123 1718 1171">
    <p class='ocr_par' dir='ltr' id='par_1_83' title="bbox 935 1123 1718 1171">
     <span class='ocr_line' id='line_1_85' title="bbox 935 1123 1718 1171; baseline -0.018 -8"><span class='ocrx_word' id='word_1_546' title='bbox 935 1142 1015 1171; x_wconf 86' lang='lat' dir='ltr'><strong>quam</strong></span> <span class='ocrx_word' id='word_1_547' title='bbox 1031 1140 1128 1161; x_wconf 90' lang='lat' dir='ltr'><strong>aurum</strong></span> <span class='ocrx_word' id='word_1_548' title='bbox 1144 1137 1291 1166; x_wconf 76' lang='lat' dir='ltr'><strong>congerere</strong></span> <span class='ocrx_word' id='word_1_549' title='bbox 1306 1128 1458 1164; x_wconf 87' lang='lat' dir='ltr'><strong>;siquidem</strong></span> <span class='ocrx_word' id='word_1_550' title='bbox 1476 1134 1490 1153; x_wconf 94' lang='lat' dir='ltr'><strong>a</strong></span> <span class='ocrx_word' id='word_1_551' title='bbox 1508 1129 1595 1152; x_wconf 87' lang='lat' dir='ltr'><strong>morte</strong></span> <span class='ocrx_word' id='word_1_552' title='bbox 1621 1123 1718 1151; x_wconf 84' lang='lat' dir='ltr'><strong>liberat</strong></span> 
     </span>
    </p>
   </div>
   <div class='ocr_carea' id='block_1_84' title="bbox 937 1175 1488 1212">
    <p class='ocr_par' dir='ltr' id='par_1_84' title="bbox 937 1175 1488 1212">
     <span class='ocr_line' id='line_1_86' title="bbox 937 1175 1488 1212; baseline -0.016 -3"><span class='ocrx_word' id='word_1_553' title='bbox 937 1179 1137 1211; x_wconf 84' lang='lat' dir='ltr'><strong>misericordia,</strong></span> <span class='ocrx_word' id='word_1_554' title='bbox 1152 1182 1179 1205; x_wconf 91' lang='lat' dir='ltr'><strong>et</strong></span> <span class='ocrx_word' id='word_1_555' title='bbox 1193 1180 1325 1212; x_wconf 76' lang='lat' dir='ltr'><strong>expurgat</strong></span> <span class='ocrx_word' id='word_1_556' title='bbox 1339 1183 1354 1202; x_wconf 89' lang='lat' dir='ltr'><strong>a</strong></span> <span class='ocrx_word' id='word_1_557' title='bbox 1374 1175 1488 1202; x_wconf 89' lang='lat' dir='ltr'><strong>scelere.</strong></span> 
     </span>
    </p>
   </div>
   <div class='ocr_carea' id='block_1_85' title="bbox 972 1216 1687 1260">
    <p class='ocr_par' dir='ltr' id='par_1_85' title="bbox 972 1216 1687 1260">
     <span class='ocr_line' id='line_1_87' title="bbox 972 1216 1687 1260; baseline -0.015 -7"><span class='ocrx_word' id='word_1_558' title='bbox 972 1226 1022 1260; x_wconf 87' lang='lat' dir='ltr'><strong>Qui</strong></span> <span class='ocrx_word' id='word_1_559' title='bbox 1041 1223 1256 1252; x_wconf 87' lang='lat' dir='ltr'><strong>misericordiam</strong></span> <span class='ocrx_word' id='word_1_560' title='bbox 1274 1224 1414 1258; x_wconf 66' lang='lat' dir='ltr'><strong>praestant,</strong></span> <span class='ocrx_word' id='word_1_561' title='bbox 1433 1219 1607 1247; x_wconf 81' lang='lat' dir='ltr'><strong>satiabuntur</strong></span> <span class='ocrx_word' id='word_1_562' title='bbox 1621 1216 1687 1244; x_wconf 76' lang='lat' dir='ltr'><strong>vita.</strong></span> 
     </span>
    </p>
   </div>
   <div class='ocr_carea' id='block_1_86' title="bbox 973 1264 1721 1299">
    <p class='ocr_par' dir='ltr' id='par_1_86' title="bbox 973 1264 1721 1299">
     <span class='ocr_line' id='line_1_88' title="bbox 973 1264 1721 1299; baseline -0.015 -1"><span class='ocrx_word' id='word_1_563' title='bbox 973 1271 1013 1299; x_wconf 79' lang='lat' dir='ltr'><strong>Ne</strong></span> <span class='ocrx_word' id='word_1_564' title='bbox 1040 1275 1147 1299; x_wconf 81' lang='lat' dir='ltr'><strong>avertas</strong></span> <span class='ocrx_word' id='word_1_565' title='bbox 1175 1269 1272 1296; x_wconf 87' lang='lat' dir='ltr'><strong>faciem</strong></span> <span class='ocrx_word' id='word_1_566' title='bbox 1301 1271 1375 1294; x_wconf 89' lang='lat' dir='ltr'><strong>tuam</strong></span> <span class='ocrx_word' id='word_1_567' title='bbox 1401 1265 1435 1293; x_wconf 87' lang='lat' dir='ltr'><strong>ab</strong></span> <span class='ocrx_word' id='word_1_568' title='bbox 1455 1265 1510 1292; x_wconf 89' lang='lat' dir='ltr'><strong>ullo</strong></span> <span class='ocrx_word' id='word_1_569' title='bbox 1537 1269 1666 1299; x_wconf 85' lang='lat' dir='ltr'><strong>paupere,</strong></span> <span class='ocrx_word' id='word_1_570' title='bbox 1692 1264 1721 1288; x_wconf 86' lang='lat' dir='ltr'><strong>et</strong></span> 
     </span>
    </p>
   </div>
   <div class='ocr_carea' id='block_1_87' title="bbox 940 1314 1606 1353">
    <p class='ocr_par' dir='ltr' id='par_1_87' title="bbox 940 1314 1606 1353">
     <span class='ocr_line' id='line_1_89' title="bbox 940 1314 1606 1353; baseline -0.015 -6"><span class='ocrx_word' id='word_1_571' title='bbox 940 1318 1010 1346; x_wconf 86' lang='lat' dir='ltr'><strong>Deus</strong></span> <span class='ocrx_word' id='word_1_572' title='bbox 1026 1325 1135 1353; x_wconf 86' lang='lat' dir='ltr'><strong>quoque</strong></span> <span class='ocrx_word' id='word_1_573' title='bbox 1147 1315 1244 1344; x_wconf 77' lang='lat' dir='ltr'><strong>faciem</strong></span> <span class='ocrx_word' id='word_1_574' title='bbox 1260 1322 1338 1342; x_wconf 89' lang='lat' dir='ltr'><strong>suam</strong></span> <span class='ocrx_word' id='word_1_575' title='bbox 1351 1321 1365 1341; x_wconf 85' lang='lat' dir='ltr'><strong>a</strong></span> <span class='ocrx_word' id='word_1_576' title='bbox 1382 1318 1408 1341; x_wconf 90' lang='lat' dir='ltr'><strong>te</strong></span> <span class='ocrx_word' id='word_1_577' title='bbox 1422 1319 1475 1340; x_wconf 94' lang='lat' dir='ltr'><strong>non</strong></span> <span class='ocrx_word' id='word_1_578' title='bbox 1490 1314 1606 1338; x_wconf 77' lang='lat' dir='ltr'><strong>avertet.</strong></span> 
     </span>
    </p>
   </div>
   <div class='ocr_carea' id='block_1_88' title="bbox 978 1397 1721 1436">
    <p class='ocr_par' dir='ltr' id='par_1_88' title="bbox 978 1397 1721 1436">
     <span class='ocr_line' id='line_1_90' title="bbox 978 1397 1721 1436; baseline -0.016 -1"><span class='ocrx_word' id='word_1_579' title='bbox 978 1407 1081 1436; x_wconf 76' lang='lat' dir='ltr'><strong>Basilii.</strong></span> <span class='ocrx_word' id='word_1_580' title='bbox 1093 1404 1236 1433; x_wconf 79' lang='lat' dir='ltr'><strong>Meliusest</strong></span> <span class='ocrx_word' id='word_1_581' title='bbox 1244 1403 1394 1430; x_wconf 62' lang='lat' dir='ltr'><strong>innumerae</strong></span> <span class='ocrx_word' id='word_1_582' title='bbox 1404 1399 1489 1436; x_wconf 85' lang='lat' dir='ltr'><strong>prolis</strong></span> <span class='ocrx_word' id='word_1_583' title='bbox 1500 1403 1604 1434; x_wconf 88' lang='lat' dir='ltr'><strong>patrem</strong></span> <span class='ocrx_word' id='word_1_584' title='bbox 1619 1397 1721 1429; x_wconf 83' lang='lat' dir='ltr'><strong>vocari,</strong></span> 
     </span>
    </p>
   </div>
   <div class='ocr_carea' id='block_1_89' title="bbox 941 1443 1724 1490">
    <p class='ocr_par' dir='ltr' id='par_1_89' title="bbox 941 1443 1724 1490">
     <span class='ocr_line' id='line_1_91' title="bbox 941 1443 1724 1490; baseline -0.017 -8"><span class='ocrx_word' id='word_1_585' title='bbox 941 1460 1023 1490; x_wconf 86' lang='lat' dir='ltr'><strong>quam</strong></span> <span class='ocrx_word' id='word_1_586' title='bbox 1034 1457 1145 1481; x_wconf 86' lang='lat' dir='ltr'><strong>stateres</strong></span> <span class='ocrx_word' id='word_1_587' title='bbox 1159 1451 1316 1477; x_wconf 87' lang='lat' dir='ltr'><strong>innumeros</strong></span> <span class='ocrx_word' id='word_1_588' title='bbox 1327 1448 1427 1474; x_wconf 85' lang='lat' dir='ltr'><strong>habere</strong></span> <span class='ocrx_word' id='word_1_589' title='bbox 1437 1446 1462 1473; x_wconf 96' lang='lat' dir='ltr'><strong>in</strong></span> <span class='ocrx_word' id='word_1_590' title='bbox 1475 1444 1579 1472; x_wconf 87' lang='lat' dir='ltr'><strong>loculis.</strong></span> <span class='ocrx_word' id='word_1_591' title='bbox 1591 1443 1724 1471; x_wconf 75' lang='lat' dir='ltr'><strong>Pecunias</strong></span> 
     </span>
    </p>
   </div>
   <div class='ocr_carea' id='block_1_90' title="bbox 946 1489 1725 1528">
    <p class='ocr_par' dir='ltr' id='par_1_90' title="bbox 946 1489 1725 1528">
     <span class='ocr_line' id='line_1_92' title="bbox 946 1489 1725 1528; baseline -0.017 0"><span class='ocrx_word' id='word_1_592' title='bbox 946 1489 1019 1528; x_wconf 76' lang='lat' dir='ltr'><strong>enim</strong></span> <span class='ocrx_word' id='word_1_593' title='bbox 1034 1499 1078 1526; x_wconf 87' lang='lat' dir='ltr'><strong>hic</strong></span> <span class='ocrx_word' id='word_1_594' title='bbox 1093 1497 1136 1524; x_wconf 88' lang='lat' dir='ltr'><strong>vel</strong></span> <span class='ocrx_word' id='word_1_595' title='bbox 1149 1496 1249 1524; x_wconf 83' lang='lat' dir='ltr'><strong>invitus</strong></span> <span class='ocrx_word' id='word_1_596' title='bbox 1264 1494 1420 1528; x_wconf 86' lang='lat' dir='ltr'><strong>relinques;</strong></span> <span class='ocrx_word' id='word_1_597' title='bbox 1434 1491 1547 1528; x_wconf 77' lang='lat' dir='ltr'><strong>gloriam</strong></span> <span class='ocrx_word' id='word_1_598' title='bbox 1563 1497 1628 1517; x_wconf 88' lang='lat' dir='ltr'><strong>vero</strong></span> <span class='ocrx_word' id='word_1_599' title='bbox 1639 1489 1725 1517; x_wconf 91' lang='lat' dir='ltr'><strong>bono-</strong></span> 
     </span>
    </p>
   </div>
   <div class='ocr_carea' id='block_1_91' title="bbox 944 1538 1726 1579">
    <p class='ocr_par' dir='ltr' id='par_1_91' title="bbox 944 1538 1726 1579">
     <span class='ocr_line' id='line_1_93' title="bbox 944 1538 1726 1579; baseline -0.015 -6"><span class='ocrx_word' id='word_1_600' title='bbox 944 1553 1003 1573; x_wconf 92' lang='lat' dir='ltr'><strong>rum</strong></span> <span class='ocrx_word' id='word_1_601' title='bbox 1030 1550 1142 1579; x_wconf 88' lang='lat' dir='ltr'><strong>operum</strong></span> <span class='ocrx_word' id='word_1_602' title='bbox 1173 1540 1278 1569; x_wconf 89' lang='lat' dir='ltr'><strong>deferes</strong></span> <span class='ocrx_word' id='word_1_603' title='bbox 1295 1539 1329 1567; x_wconf 91' lang='lat' dir='ltr'><strong>ad</strong></span> <span class='ocrx_word' id='word_1_604' title='bbox 1344 1538 1503 1571; x_wconf 87' lang='lat' dir='ltr'><strong>Dominum;</strong></span> <span class='ocrx_word' id='word_1_605' title='bbox 1522 1540 1549 1563; x_wconf 88' lang='lat' dir='ltr'><strong>et</strong></span> <span class='ocrx_word' id='word_1_606' title='bbox 1571 1543 1633 1563; x_wconf 90' lang='lat' dir='ltr'><strong>cum</strong></span> <span class='ocrx_word' id='word_1_607' title='bbox 1653 1540 1726 1562; x_wconf 86' lang='lat' dir='ltr'><strong>totus</strong></span> 
     </span>
    </p>
   </div>
   <div class='ocr_carea' id='block_1_92' title="bbox 946 1581 1727 1627">
    <p class='ocr_par' dir='ltr' id='par_1_92' title="bbox 946 1581 1727 1627">
     <span class='ocr_line' id='line_1_94' title="bbox 946 1581 1727 1627; baseline -0.015 -8"><span class='ocrx_word' id='word_1_608' title='bbox 946 1591 1063 1627; x_wconf 89' lang='lat' dir='ltr'><strong>populus</strong></span> <span class='ocrx_word' id='word_1_609' title='bbox 1076 1589 1147 1623; x_wconf 83' lang='lat' dir='ltr'><strong>apud</strong></span> <span class='ocrx_word' id='word_1_610' title='bbox 1163 1593 1335 1615; x_wconf 88' lang='lat' dir='ltr'><strong>communem</strong></span> <span class='ocrx_word' id='word_1_611' title='bbox 1350 1584 1470 1619; x_wconf 81' lang='lat' dir='ltr'><strong>judicem</strong></span> <span class='ocrx_word' id='word_1_612' title='bbox 1485 1588 1511 1610; x_wconf 90' lang='lat' dir='ltr'><strong>te</strong></span> <span class='ocrx_word' id='word_1_613' title='bbox 1523 1581 1727 1610; x_wconf 82' lang='lat' dir='ltr'><strong>circumdantes</strong></span> 
     </span>
    </p>
   </div>
   <div class='ocr_carea' id='block_1_93' title="bbox 947 1628 1728 1673">
    <p class='ocr_par' dir='ltr' id='par_1_93' title="bbox 947 1628 1728 1673">
     <span class='ocr_line' id='line_1_95' title="bbox 947 1628 1728 1673; baseline -0.013 -8"><span class='ocrx_word' id='word_1_614' title='bbox 947 1635 1143 1673; x_wconf 80' lang='lat' dir='ltr'><strong>appellaverint</strong></span> <span class='ocrx_word' id='word_1_615' title='bbox 1157 1640 1237 1661; x_wconf 89' lang='lat' dir='ltr'><strong>suum</strong></span> <span class='ocrx_word' id='word_1_616' title='bbox 1253 1633 1379 1663; x_wconf 87' lang='lat' dir='ltr'><strong>altorem,</strong></span> <span class='ocrx_word' id='word_1_617' title='bbox 1393 1628 1608 1660; x_wconf 86' lang='lat' dir='ltr'><strong>benefactorem,</strong></span> <span class='ocrx_word' id='word_1_618' title='bbox 1626 1631 1653 1654; x_wconf 88' lang='lat' dir='ltr'><strong>et</strong></span> <span class='ocrx_word' id='word_1_619' title='bbox 1667 1634 1728 1655; x_wconf 90' lang='lat' dir='ltr'><strong>om-</strong></span> 
     </span>
    </p>
   </div>
   <div class='ocr_carea' id='block_1_94' title="bbox 947 1672 1729 1716">
    <p class='ocr_par' dir='ltr' id='par_1_94' title="bbox 947 1672 1729 1716">
     <span class='ocr_line' id='line_1_96' title="bbox 947 1672 1729 1716; baseline -0.018 -5"><span class='ocrx_word' id='word_1_620' title='bbox 947 1672 1030 1711; x_wconf 85' lang='lat' dir='ltr'><strong>nibus</strong></span> <span class='ocrx_word' id='word_1_621' title='bbox 1045 1679 1206 1716; x_wconf 74' lang='lat' dir='ltr'><strong>benignitati</strong></span> <span class='ocrx_word' id='word_1_622' title='bbox 1220 1677 1335 1712; x_wconf 89' lang='lat' dir='ltr'><strong>propriis</strong></span> <span class='ocrx_word' id='word_1_623' title='bbox 1348 1674 1518 1707; x_wconf 84' lang='lat' dir='ltr'><strong>nominibus,</strong></span> <span class='ocrx_word' id='word_1_624' title='bbox 1532 1673 1602 1700; x_wconf 88' lang='lat' dir='ltr'><strong>Deus</strong></span> <span class='ocrx_word' id='word_1_625' title='bbox 1617 1672 1670 1699; x_wconf 90' lang='lat' dir='ltr'><strong>erit</strong></span> <span class='ocrx_word' id='word_1_626' title='bbox 1682 1672 1729 1706; x_wconf 91' lang='lat' dir='ltr'><strong>qui</strong></span> 
     </span>
    </p>
   </div>
   <div class='ocr_carea' id='block_1_95' title="bbox 949 1719 1729 1761">
    <p class='ocr_par' dir='ltr' id='par_1_95' title="bbox 949 1719 1729 1761">
     <span class='ocr_line' id='line_1_97' title="bbox 949 1719 1729 1761; baseline -0.014 -4"><span class='ocrx_word' id='word_1_627' title='bbox 949 1734 975 1757; x_wconf 87' lang='lat' dir='ltr'><strong>te</strong></span> <span class='ocrx_word' id='word_1_628' title='bbox 1004 1727 1145 1761; x_wconf 86' lang='lat' dir='ltr'><strong>suscipiet,</strong></span> <span class='ocrx_word' id='word_1_629' title='bbox 1176 1723 1264 1759; x_wconf 77' lang='lat' dir='ltr'><strong>angeli</strong></span> <span class='ocrx_word' id='word_1_630' title='bbox 1292 1721 1497 1755; x_wconf 66' lang='lat' dir='ltr'><strong>collaudabunt,</strong></span> <span class='ocrx_word' id='word_1_631' title='bbox 1517 1724 1544 1746; x_wconf 88' lang='lat' dir='ltr'><strong>et</strong></span> <span class='ocrx_word' id='word_1_632' title='bbox 1564 1719 1689 1746; x_wconf 86' lang='lat' dir='ltr'><strong>homines</strong></span> <span class='ocrx_word' id='word_1_633' title='bbox 1714 1724 1729 1746; x_wconf 85' lang='lat' dir='ltr'><strong>a</strong></span> 
     </span>
    </p>
   </div>
   <div class='ocr_carea' id='block_1_96' title="bbox 950 1764 1729 1802">
    <p class='ocr_par' dir='ltr' id='par_1_96' title="bbox 950 1764 1729 1802">
     <span class='ocr_line' id='line_1_98' title="bbox 950 1764 1729 1802; baseline -0.015 0"><span class='ocrx_word' id='word_1_634' title='bbox 950 1774 1060 1802; x_wconf 90' lang='lat' dir='ltr'><strong>condito</strong></span> <span class='ocrx_word' id='word_1_635' title='bbox 1075 1771 1177 1799; x_wconf 86' lang='lat' dir='ltr'><strong>mundo</strong></span> <span class='ocrx_word' id='word_1_636' title='bbox 1191 1771 1300 1797; x_wconf 84' lang='lat' dir='ltr'><strong>beatum</strong></span> <span class='ocrx_word' id='word_1_637' title='bbox 1322 1772 1348 1795; x_wconf 85' lang='lat' dir='ltr'><strong>te</strong></span> <span class='ocrx_word' id='word_1_638' title='bbox 1360 1766 1546 1802; x_wconf 67' lang='lat' dir='ltr'><strong>praedicabunt</strong></span> <span class='ocrx_word' id='word_1_639' title='bbox 1561 1773 1568 1792; x_wconf 90' lang='lat'>:</span> <span class='ocrx_word' id='word_1_640' title='bbox 1583 1764 1619 1791; x_wconf 86' lang='lat' dir='ltr'><strong>ibi</strong></span> <span class='ocrx_word' id='word_1_641' title='bbox 1630 1769 1729 1791; x_wconf 65' lang='lat' dir='ltr'><strong>aeterna</strong></span> 
     </span>
    </p>
   </div>
   <div class='ocr_carea' id='block_1_97' title="bbox 950 1810 1733 1855">
    <p class='ocr_par' dir='ltr' id='par_1_97' title="bbox 950 1810 1733 1855">
     <span class='ocr_line' id='line_1_99' title="bbox 950 1810 1733 1855; baseline -0.014 -9"><span class='ocrx_word' id='word_1_642' title='bbox 950 1819 1046 1855; x_wconf 75' lang='lat' dir='ltr'><strong>gloria,</strong></span> <span class='ocrx_word' id='word_1_643' title='bbox 1067 1823 1166 1845; x_wconf 85' lang='lat' dir='ltr'><strong>corona</strong></span> <span class='ocrx_word' id='word_1_644' title='bbox 1191 1814 1322 1850; x_wconf 78' lang='lat' dir='ltr'><strong>iustitiae,</strong></span> <span class='ocrx_word' id='word_1_645' title='bbox 1339 1817 1366 1840; x_wconf 89' lang='lat' dir='ltr'><strong>et</strong></span> <span class='ocrx_word' id='word_1_646' title='bbox 1395 1819 1507 1849; x_wconf 78' lang='lat' dir='ltr'><strong>regnum</strong></span> <span class='ocrx_word' id='word_1_647' title='bbox 1530 1810 1649 1841; x_wconf 78' lang='lat' dir='ltr'><strong>cccleste,</strong></span> <span class='ocrx_word' id='word_1_648' title='bbox 1665 1816 1733 1844; x_wconf 66' lang='lat' dir='ltr'><strong>pra-</strong></span> 
     </span>
    </p>
   </div>
   <div class='ocr_carea' id='block_1_98' title="bbox 952 1861 1200 1894">
    <p class='ocr_par' dir='ltr' id='par_1_98' title="bbox 952 1861 1200 1894">
     <span class='ocr_line' id='line_1_100' title="bbox 952 1861 1200 1894; baseline -0.02 -1"><span class='ocrx_word' id='word_1_649' title='bbox 952 1865 1037 1894; x_wconf 90' lang='lat' dir='ltr'><strong>mium</strong></span> <span class='ocrx_word' id='word_1_650' title='bbox 1051 1869 1124 1890; x_wconf 82' lang='lat' dir='ltr'><strong>tuum</strong></span> <span class='ocrx_word' id='word_1_651' title='bbox 1137 1861 1200 1889; x_wconf 86' lang='lat' dir='ltr'><strong>erit.</strong></span> 
     </span>
    </p>
   </div>
   <div class='ocr_carea' id='block_1_99' title="bbox 988 1900 1734 1941">
    <p class='ocr_par' dir='ltr' id='par_1_99' title="bbox 988 1900 1734 1941">
     <span class='ocr_line' id='line_1_101' title="bbox 988 1900 1734 1941; baseline -0.016 -4"><span class='ocrx_word' id='word_1_652' title='bbox 988 1910 1017 1937; x_wconf 87' lang='lat' dir='ltr'><strong>Si</strong></span> <span class='ocrx_word' id='word_1_653' title='bbox 1038 1908 1139 1937; x_wconf 69' lang='lat' dir='ltr'><strong>divitiae</strong></span> <span class='ocrx_word' id='word_1_654' title='bbox 1164 1910 1327 1941; x_wconf 74' lang='lat' dir='ltr'><strong>spargantur</strong></span> <span class='ocrx_word' id='word_1_655' title='bbox 1338 1910 1371 1932; x_wconf 92' lang='lat' dir='ltr'><strong>eo</strong></span> <span class='ocrx_word' id='word_1_656' title='bbox 1386 1902 1466 1930; x_wconf 90' lang='lat' dir='ltr'><strong>modo</strong></span> <span class='ocrx_word' id='word_1_657' title='bbox 1481 1907 1560 1936; x_wconf 86' lang='lat' dir='ltr'><strong>quem</strong></span> <span class='ocrx_word' id='word_1_658' title='bbox 1578 1900 1648 1927; x_wconf 90' lang='lat' dir='ltr'><strong>Deus</strong></span> <span class='ocrx_word' id='word_1_659' title='bbox 1664 1906 1734 1934; x_wconf 67' lang='lat' dir='ltr'><strong>prm-</strong></span> 
     </span>
    </p>
   </div>
   <div class='ocr_carea' id='block_1_100' title="bbox 953 1944 1733 1988">
    <p class='ocr_par' dir='ltr' id='par_1_100' title="bbox 953 1944 1733 1988">
     <span class='ocr_line' id='line_1_102' title="bbox 953 1944 1733 1988; baseline -0.018 -5"><span class='ocrx_word' id='word_1_660' title='bbox 953 1955 1059 1988; x_wconf 86' lang='lat' dir='ltr'><strong>scribit,</strong></span> <span class='ocrx_word' id='word_1_661' title='bbox 1073 1959 1212 1980; x_wconf 84' lang='lat' dir='ltr'><strong>remanere</strong></span> <span class='ocrx_word' id='word_1_662' title='bbox 1239 1950 1343 1977; x_wconf 86' lang='lat' dir='ltr'><strong>solent:</strong></span> <span class='ocrx_word' id='word_1_663' title='bbox 1363 1948 1405 1976; x_wconf 91' lang='lat' dir='ltr'><strong>sin</strong></span> <span class='ocrx_word' id='word_1_664' title='bbox 1418 1947 1595 1978; x_wconf 82' lang='lat' dir='ltr'><strong>retineantur,</strong></span> <span class='ocrx_word' id='word_1_665' title='bbox 1610 1944 1733 1971; x_wconf 84' lang='lat' dir='ltr'><strong>alienari.</strong></span> 
     </span>
    </p>
   </div>
   <div class='ocr_carea' id='block_1_101' title="bbox 954 1989 1734 2031">
    <p class='ocr_par' dir='ltr' id='par_1_101' title="bbox 954 1989 1734 2031">
     <span class='ocr_line' id='line_1_103' title="bbox 954 1989 1734 2031; baseline -0.017 -2"><span class='ocrx_word' id='word_1_666' title='bbox 954 2001 981 2028; x_wconf 87' lang='lat' dir='ltr'><strong>Si</strong></span> <span class='ocrx_word' id='word_1_667' title='bbox 994 1999 1142 2031; x_wconf 83' lang='lat' dir='ltr'><strong>custodias,</strong></span> <span class='ocrx_word' id='word_1_668' title='bbox 1154 2004 1208 2024; x_wconf 91' lang='lat' dir='ltr'><strong>non</strong></span> <span class='ocrx_word' id='word_1_669' title='bbox 1233 1995 1285 2031; x_wconf 81' lang='lat'><strong>53</strong></span> <span class='ocrx_word' id='word_1_670' title='bbox 1297 1993 1380 2021; x_wconf 88' lang='lat' dir='ltr'><strong>habes</strong></span> <span class='ocrx_word' id='word_1_671' title='bbox 1393 2002 1400 2021; x_wconf 83' lang='lat'><strong>:</strong></span> <span class='ocrx_word' id='word_1_672' title='bbox 1415 1992 1438 2020; x_wconf 86' lang='lat' dir='ltr'><strong>si</strong></span> <span class='ocrx_word' id='word_1_673' title='bbox 1455 1999 1520 2019; x_wconf 90' lang='lat' dir='ltr'><strong>vero</strong></span> <span class='ocrx_word' id='word_1_674' title='bbox 1542 1989 1665 2025; x_wconf 85' lang='lat' dir='ltr'><strong>dissipes,</strong></span> <span class='ocrx_word' id='word_1_675' title='bbox 1679 1997 1734 2016; x_wconf 87' lang='lat' dir='ltr'><strong>non</strong></span> 
     </span>
    </p>
   </div>
   <div class='ocr_carea' id='block_1_102' title="bbox 954 2035 1732 2083">
    <p class='ocr_par' dir='ltr' id='par_1_102' title="bbox 954 2035 1732 2083">
     <span class='ocr_line' id='line_1_104' title="bbox 954 2035 1732 2083; baseline -0.018 -7"><span class='ocrx_word' id='word_1_676' title='bbox 954 2046 1059 2083; x_wconf 83' lang='lat' dir='ltr'><strong>perdes;</strong></span> <span class='ocrx_word' id='word_1_677' title='bbox 1076 2054 1086 2072; x_wconf 73' lang='grc' dir='ltr'><strong>ι</strong></span> <span class='ocrx_word' id='word_1_678' title='bbox 1104 2041 1262 2078; x_wconf 84' lang='lat' dir='ltr'><strong>Dissipavit,</strong></span> <span class='ocrx_word' id='word_1_679' title='bbox 1276 2040 1348 2068; x_wconf 85' lang='lat' dir='ltr'><strong>dedit</strong></span> <span class='ocrx_word' id='word_1_680' title='bbox 1371 2037 1535 2076; x_wconf 84' lang='lat' dir='ltr'><strong>pauperibus</strong></span> <span class='ocrx_word' id='word_1_681' title='bbox 1550 2035 1638 2073; x_wconf 68' lang='lat' dir='ltr'><strong>(Psal.</strong></span> <span class='ocrx_word' id='word_1_682' title='bbox 1653 2035 1704 2070; x_wconf 89' lang='grc' dir='ltr'>ιιι).</span> <span class='ocrx_word' id='word_1_683' title='bbox 1721 2043 1732 2061; x_wconf 74' lang='grc' dir='ltr'><strong>ι</strong></span> 
     </span>
    </p>
   </div>
   <div class='ocr_carea' id='block_1_103' title="bbox 990 2124 1736 2163">
    <p class='ocr_par' dir='ltr' id='par_1_103' title="bbox 990 2124 1736 2163">
     <span class='ocr_line' id='line_1_105' title="bbox 990 2124 1736 2163; baseline -0.02 0"><span class='ocrx_word' id='word_1_684' title='bbox 990 2132 1210 2162; x_wconf 83' lang='lat' dir='ltr'><strong>Pulcherrimum</strong></span> <span class='ocrx_word' id='word_1_685' title='bbox 1228 2129 1308 2156; x_wconf 89' lang='lat' dir='ltr'><strong>funus</strong></span> <span class='ocrx_word' id='word_1_686' title='bbox 1320 2130 1362 2155; x_wconf 85' lang='lat' dir='ltr'><strong>est</strong></span> <span class='ocrx_word' id='word_1_687' title='bbox 1384 2127 1479 2163; x_wconf 89' lang='lat' dir='ltr'><strong>pietas.</strong></span> <span class='ocrx_word' id='word_1_688' title='bbox 1494 2124 1562 2152; x_wconf 82' lang='lat' dir='ltr'><strong>Cum</strong></span> <span class='ocrx_word' id='word_1_689' title='bbox 1577 2130 1672 2150; x_wconf 84' lang='lat' dir='ltr'><strong>omnes</strong></span> <span class='ocrx_word' id='word_1_690' title='bbox 1689 2130 1736 2150; x_wconf 83' lang='lat' dir='ltr'><strong>ve-</strong></span> 
     </span>
    </p>
   </div>
   <div class='ocr_carea' id='block_1_104' title="bbox 958 2167 1735 2212">
    <p class='ocr_par' dir='ltr' id='par_1_104' title="bbox 958 2167 1735 2212">
     <span class='ocr_line' id='line_1_106' title="bbox 958 2167 1735 2212; baseline -0.018 -4"><span class='ocrx_word' id='word_1_691' title='bbox 958 2181 1059 2212; x_wconf 84' lang='lat' dir='ltr'><strong>stieris,</strong></span> <span class='ocrx_word' id='word_1_692' title='bbox 1083 2179 1205 2209; x_wconf 85' lang='lat' dir='ltr'><strong>discede;</strong></span> <span class='ocrx_word' id='word_1_693' title='bbox 1225 2183 1289 2210; x_wconf 79' lang='lat' dir='ltr'><strong>para</strong></span> <span class='ocrx_word' id='word_1_694' title='bbox 1309 2173 1357 2200; x_wconf 85' lang='lat' dir='ltr'><strong>tibi</strong></span> <span class='ocrx_word' id='word_1_695' title='bbox 1372 2180 1403 2199; x_wconf 83' lang='lat' dir='ltr'><strong>ex</strong></span> <span class='ocrx_word' id='word_1_696' title='bbox 1420 2170 1522 2198; x_wconf 83' lang='lat' dir='ltr'><strong>divitiis</strong></span> <span class='ocrx_word' id='word_1_697' title='bbox 1536 2167 1589 2196; x_wconf 88' lang='lat' dir='ltr'><strong>tuis</strong></span> <span class='ocrx_word' id='word_1_698' title='bbox 1609 2173 1735 2195; x_wconf 90' lang='lat' dir='ltr'><strong>ornatum</strong></span> 
     </span>
    </p>
   </div>
   <div class='ocr_carea' id='block_1_105' title="bbox 959 2213 1736 2260">
    <p class='ocr_par' dir='ltr' id='par_1_105' title="bbox 959 2213 1736 2260">
     <span class='ocr_line' id='line_1_107' title="bbox 959 2213 1736 2260; baseline -0.015 -9"><span class='ocrx_word' id='word_1_699' title='bbox 959 2224 1111 2260; x_wconf 81' lang='lat' dir='ltr'><strong>proprium,</strong></span> <span class='ocrx_word' id='word_1_700' title='bbox 1133 2226 1162 2248; x_wconf 92' lang='lat' dir='ltr'><strong>ut</strong></span> <span class='ocrx_word' id='word_1_701' title='bbox 1176 2227 1241 2254; x_wconf 88' lang='lat' dir='ltr'><strong>opes</strong></span> <span class='ocrx_word' id='word_1_702' title='bbox 1252 2224 1312 2246; x_wconf 89' lang='lat' dir='ltr'><strong>tuas</strong></span> <span class='ocrx_word' id='word_1_703' title='bbox 1324 2223 1412 2245; x_wconf 90' lang='lat' dir='ltr'><strong>tecum</strong></span> <span class='ocrx_word' id='word_1_704' title='bbox 1430 2215 1531 2242; x_wconf 90' lang='lat' dir='ltr'><strong>habeas</strong></span> <span class='ocrx_word' id='word_1_705' title='bbox 1549 2234 1557 2247; x_wconf 94' lang='lat'><strong>,</strong></span> <span class='ocrx_word' id='word_1_706' title='bbox 1581 2213 1736 2248; x_wconf 83' lang='lat' dir='ltr'><strong>obsequitur</strong></span> 
     </span>
    </p>
   </div>
   <div class='ocr_carea' id='block_1_106' title="bbox 958 2259 1738 2304">
    <p class='ocr_par' dir='ltr' id='par_1_106' title="bbox 958 2259 1738 2304">
     <span class='ocr_line' id='line_1_108' title="bbox 958 2259 1738 2304; baseline -0.018 -7"><span class='ocrx_word' id='word_1_707' title='bbox 958 2259 1060 2304; x_wconf 75' lang='lat' dir='ltr'><strong>optimo</strong></span> <span class='ocrx_word' id='word_1_708' title='bbox 1071 2265 1222 2295; x_wconf 87' lang='lat' dir='ltr'><strong>consultori</strong></span> <span class='ocrx_word' id='word_1_709' title='bbox 1232 2263 1354 2295; x_wconf 86' lang='lat' dir='ltr'><strong>Christo,</strong></span> <span class='ocrx_word' id='word_1_710' title='bbox 1365 2261 1411 2298; x_wconf 89' lang='lat' dir='ltr'><strong>qui</strong></span> <span class='ocrx_word' id='word_1_711' title='bbox 1421 2265 1446 2288; x_wconf 88' lang='lat' dir='ltr'><strong>te</strong></span> <span class='ocrx_word' id='word_1_712' title='bbox 1456 2259 1559 2293; x_wconf 85' lang='lat' dir='ltr'><strong>dilexit,</strong></span> <span class='ocrx_word' id='word_1_713' title='bbox 1570 2259 1616 2294; x_wconf 87' lang='lat' dir='ltr'><strong>qui</strong></span> <span class='ocrx_word' id='word_1_714' title='bbox 1629 2261 1738 2293; x_wconf 82' lang='lat' dir='ltr'><strong>propter</strong></span> 
     </span>
    </p>
   </div>
   <div class='ocr_carea' id='block_1_107' title="bbox 957 2307 1738 2349">
    <p class='ocr_par' dir='ltr' id='par_1_107' title="bbox 957 2307 1738 2349">
     <span class='ocr_line' id='line_1_109' title="bbox 957 2307 1738 2349; baseline -0.012 -7"><span class='ocrx_word' id='word_1_715' title='bbox 957 2322 1009 2342; x_wconf 88' lang='lat' dir='ltr'><strong>nos</strong></span> <span class='ocrx_word' id='word_1_716' title='bbox 1022 2321 1125 2349; x_wconf 87' lang='lat' dir='ltr'><strong>pauper</strong></span> <span class='ocrx_word' id='word_1_717' title='bbox 1143 2313 1207 2345; x_wconf 86' lang='lat' dir='ltr'><strong>fuit,</strong></span> <span class='ocrx_word' id='word_1_718' title='bbox 1223 2316 1252 2339; x_wconf 85' lang='lat' dir='ltr'><strong>ut</strong></span> <span class='ocrx_word' id='word_1_719' title='bbox 1270 2318 1320 2339; x_wconf 92' lang='lat' dir='ltr'><strong>nos</strong></span> <span class='ocrx_word' id='word_1_720' title='bbox 1342 2318 1375 2338; x_wconf 87' lang='lat' dir='ltr'><strong>ex</strong></span> <span class='ocrx_word' id='word_1_721' title='bbox 1398 2311 1457 2346; x_wconf 76' lang='lat' dir='ltr'><strong>eius</strong></span> <span class='ocrx_word' id='word_1_722' title='bbox 1482 2313 1641 2345; x_wconf 83' lang='lat' dir='ltr'><strong>paupertate</strong></span> <span class='ocrx_word' id='word_1_723' title='bbox 1666 2307 1738 2335; x_wconf 78' lang='lat' dir='ltr'><strong>dita~</strong></span> 
     </span>
    </p>
   </div>
   <div class='ocr_carea' id='block_1_108' title="bbox 958 2369 1061 2389">
    <p class='ocr_par' dir='ltr' id='par_1_108' title="bbox 958 2369 1061 2389">
     <span class='ocr_line' id='line_1_110' title="bbox 958 2369 1061 2389; baseline -0.01 0"><span class='ocrx_word' id='word_1_724' title='bbox 958 2369 1061 2389; x_wconf 80' lang='lat' dir='ltr'><strong>remur.</strong></span> 
     </span>
    </p>
   </div>
   <div class='ocr_carea' id='block_1_109' title="bbox 995 2395 1739 2445">
    <p class='ocr_par' dir='ltr' id='par_1_109' title="bbox 995 2395 1739 2445">
     <span class='ocr_line' id='line_1_111' title="bbox 995 2395 1739 2445; baseline -0.009 -12"><span class='ocrx_word' id='word_1_725' title='bbox 995 2405 1183 2433; x_wconf 83' lang='lat' dir='ltr'><strong>Misericordia</strong></span> <span class='ocrx_word' id='word_1_726' title='bbox 1200 2409 1243 2433; x_wconf 84' lang='lat' dir='ltr'><strong>est</strong></span> <span class='ocrx_word' id='word_1_727' title='bbox 1268 2395 1394 2445; x_wconf 61' lang='lat' dir='ltr'><strong>allectus,</strong></span> <span class='ocrx_word' id='word_1_728' title='bbox 1417 2402 1463 2438; x_wconf 89' lang='lat' dir='ltr'><strong>qui</strong></span> <span class='ocrx_word' id='word_1_729' title='bbox 1487 2401 1517 2429; x_wconf 85' lang='lat' dir='ltr'><strong>fit</strong></span> <span class='ocrx_word' id='word_1_730' title='bbox 1546 2407 1609 2429; x_wconf 89' lang='lat' dir='ltr'><strong>cum</strong></span> <span class='ocrx_word' id='word_1_731' title='bbox 1640 2398 1739 2434; x_wconf 86' lang='lat' dir='ltr'><strong>aliquis</strong></span> 
     </span>
    </p>
   </div>
   <div class='ocr_carea' id='block_1_110' title="bbox 960 2447 1592 2486">
    <p class='ocr_par' dir='ltr' id='par_1_110' title="bbox 960 2447 1592 2486">
     <span class='ocr_line' id='line_1_112' title="bbox 960 2447 1592 2486; baseline -0.011 -5"><span class='ocrx_word' id='word_1_732' title='bbox 960 2453 1052 2481; x_wconf 82' lang='lat' dir='ltr'><strong>animo</strong></span> <span class='ocrx_word' id='word_1_733' title='bbox 1066 2456 1253 2480; x_wconf 90' lang='lat' dir='ltr'><strong>commovetur</strong></span> <span class='ocrx_word' id='word_1_734' title='bbox 1268 2458 1333 2486; x_wconf 79' lang='lat' dir='ltr'><strong>erga</strong></span> <span class='ocrx_word' id='word_1_735' title='bbox 1349 2449 1461 2477; x_wconf 75' lang='lat' dir='ltr'><strong>afﬂictos</strong></span> <span class='ocrx_word' id='word_1_736' title='bbox 1472 2447 1592 2482; x_wconf 78' lang='lat' dir='ltr'><strong>indigne.</strong></span> 
     </span>
    </p>
   </div>
   <div class='ocr_carea' id='block_1_111' title="bbox 999 2533 1744 2576">
    <p class='ocr_par' dir='ltr' id='par_1_111' title="bbox 999 2533 1744 2576">
     <span class='ocr_line' id='line_1_113' title="bbox 999 2533 1744 2576; baseline -0.012 -5"><span class='ocrx_word' id='word_1_737' title='bbox 999 2542 1135 2576; x_wconf 79' lang='lat' dir='ltr'><strong>Tlieologi.</strong></span> <span class='ocrx_word' id='word_1_738' title='bbox 1166 2539 1236 2567; x_wconf 85' lang='lat' dir='ltr'><strong>Deus</strong></span> <span class='ocrx_word' id='word_1_739' title='bbox 1260 2536 1447 2567; x_wconf 88' lang='lat' dir='ltr'><strong>misericordia</strong></span> <span class='ocrx_word' id='word_1_740' title='bbox 1478 2535 1595 2563; x_wconf 87' lang='lat' dir='ltr'><strong>maxime</strong></span> <span class='ocrx_word' id='word_1_741' title='bbox 1622 2533 1744 2562; x_wconf 89' lang='lat' dir='ltr'><strong>omnium</strong></span> 
     </span>
    </p>
   </div>
   <div class='ocr_carea' id='block_1_112' title="bbox 963 2579 1744 2621">
    <p class='ocr_par' dir='ltr' id='par_1_112' title="bbox 963 2579 1744 2621">
     <span class='ocr_line' id='line_1_114' title="bbox 963 2579 1744 2621; baseline -0.014 -4"><span class='ocrx_word' id='word_1_742' title='bbox 963 2589 1072 2621; x_wconf 85' lang='lat' dir='ltr'><strong>colitur,</strong></span> <span class='ocrx_word' id='word_1_743' title='bbox 1089 2594 1139 2614; x_wconf 89' lang='lat' dir='ltr'><strong>nec</strong></span> <span class='ocrx_word' id='word_1_744' title='bbox 1154 2586 1223 2612; x_wconf 86' lang='lat' dir='ltr'><strong>alius</strong></span> <span class='ocrx_word' id='word_1_745' title='bbox 1235 2584 1393 2619; x_wconf 86' lang='lat' dir='ltr'><strong>quisquam,</strong></span> <span class='ocrx_word' id='word_1_746' title='bbox 1409 2581 1464 2608; x_wconf 90' lang='lat' dir='ltr'><strong>Deo</strong></span> <span class='ocrx_word' id='word_1_747' title='bbox 1480 2579 1649 2611; x_wconf 83' lang='lat' dir='ltr'><strong>familiarior,</strong></span> <span class='ocrx_word' id='word_1_748' title='bbox 1662 2585 1744 2613; x_wconf 84' lang='lat' dir='ltr'><strong>quant</strong></span> 
     </span>
    </p>
   </div>
   <div class='ocr_carea' id='block_1_113' title="bbox 965 2625 1645 2669">
    <p class='ocr_par' dir='ltr' id='par_1_113' title="bbox 965 2625 1645 2669">
     <span class='ocr_line' id='line_1_115' title="bbox 965 2625 1645 2669; baseline -0.016 -7"><span class='ocrx_word' id='word_1_749' title='bbox 965 2635 1011 2662; x_wconf 82' lang='lat' dir='ltr'><strong>ille</strong></span> <span class='ocrx_word' id='word_1_750' title='bbox 1025 2641 1105 2669; x_wconf 84' lang='lat' dir='ltr'><strong>quem</strong></span> <span class='ocrx_word' id='word_1_751' title='bbox 1118 2629 1307 2660; x_wconf 86' lang='lat' dir='ltr'><strong>misericordia</strong></span> <span class='ocrx_word' id='word_1_752' title='bbox 1318 2634 1345 2657; x_wconf 91' lang='lat' dir='ltr'><strong>et</strong></span> <span class='ocrx_word' id='word_1_753' title='bbox 1358 2628 1460 2655; x_wconf 79' lang='lat' dir='ltr'><strong>veritas</strong></span> <span class='ocrx_word' id='word_1_754' title='bbox 1474 2625 1645 2653; x_wconf 82' lang='lat' dir='ltr'><strong>antecedunt.</strong></span> 
     </span>
    </p>
   </div>
   <div class='ocr_carea' id='block_1_114' title="bbox 1001 2670 1747 2711">
    <p class='ocr_par' dir='ltr' id='par_1_114' title="bbox 1001 2670 1747 2711">
     <span class='ocr_line' id='line_1_116' title="bbox 1001 2670 1747 2711; baseline -0.016 -4"><span class='ocrx_word' id='word_1_755' title='bbox 1001 2678 1180 2708; x_wconf 86' lang='lat' dir='ltr'><strong>Gratitudinis</strong></span> <span class='ocrx_word' id='word_1_756' title='bbox 1212 2675 1319 2711; x_wconf 89' lang='lat' dir='ltr'><strong>aliquod</strong></span> <span class='ocrx_word' id='word_1_757' title='bbox 1347 2673 1486 2709; x_wconf 85' lang='lat' dir='ltr'><strong>specimen</strong></span> <span class='ocrx_word' id='word_1_758' title='bbox 1516 2672 1569 2699; x_wconf 90' lang='lat' dir='ltr'><strong>Deo</strong></span> <span class='ocrx_word' id='word_1_759' title='bbox 1600 2670 1747 2700; x_wconf 82' lang='lat' dir='ltr'><strong>exhibeas.</strong></span> 
     </span>
    </p>
   </div>
   <div class='ocr_carea' id='block_1_115' title="bbox 967 2716 1748 2762">
    <p class='ocr_par' dir='ltr' id='par_1_115' title="bbox 967 2716 1748 2762">
     <span class='ocr_line' id='line_1_117' title="bbox 967 2716 1748 2762; baseline -0.015 -9"><span class='ocrx_word' id='word_1_760' title='bbox 967 2727 1040 2762; x_wconf 89' lang='lat' dir='ltr'><strong>quod</strong></span> <span class='ocrx_word' id='word_1_761' title='bbox 1058 2731 1083 2752; x_wconf 89' lang='lat' dir='ltr'><strong>te</strong></span> <span class='ocrx_word' id='word_1_762' title='bbox 1106 2723 1201 2751; x_wconf 87' lang='lat' dir='ltr'><strong>fecerit</strong></span> <span class='ocrx_word' id='word_1_763' title='bbox 1226 2729 1310 2750; x_wconf 92' lang='lat' dir='ltr'><strong>unum</strong></span> <span class='ocrx_word' id='word_1_764' title='bbox 1326 2721 1436 2748; x_wconf 90' lang='lat' dir='ltr'><strong>illorum</strong></span> <span class='ocrx_word' id='word_1_765' title='bbox 1453 2718 1500 2752; x_wconf 73' lang='lat' dir='ltr'><strong>qui</strong></span> <span class='ocrx_word' id='word_1_766' title='bbox 1525 2716 1656 2746; x_wconf 77' lang='lat' dir='ltr'><strong>beneﬁcia</strong></span> <span class='ocrx_word' id='word_1_767' title='bbox 1680 2723 1748 2749; x_wconf 74' lang='lat' dir='ltr'><strong>pra:-</strong></span> 
     </span>
    </p>
   </div>
   <div class='ocr_carea' id='block_1_116' title="bbox 968 2759 1748 2807">
    <p class='ocr_par' dir='ltr' id='par_1_116' title="bbox 968 2759 1748 2807">
     <span class='ocr_line' id='line_1_118' title="bbox 968 2759 1748 2807; baseline -0.018 -7"><span class='ocrx_word' id='word_1_768' title='bbox 968 2759 1041 2800; x_wconf 76' lang='lat' dir='ltr'><strong>stare</strong></span> <span class='ocrx_word' id='word_1_769' title='bbox 1057 2774 1184 2807; x_wconf 74' lang='lat' dir='ltr'><strong>poswnt,</strong></span> <span class='ocrx_word' id='word_1_770' title='bbox 1200 2776 1255 2796; x_wconf 93' lang='lat' dir='ltr'><strong>non</strong></span> <span class='ocrx_word' id='word_1_771' title='bbox 1275 2770 1365 2795; x_wconf 84' lang='lat' dir='ltr'><strong>autem</strong></span> <span class='ocrx_word' id='word_1_772' title='bbox 1387 2765 1433 2801; x_wconf 87' lang='lat' dir='ltr'><strong>qui</strong></span> <span class='ocrx_word' id='word_1_773' title='bbox 1455 2772 1524 2799; x_wconf 89' lang='lat' dir='ltr'><strong>opus</strong></span> <span class='ocrx_word' id='word_1_774' title='bbox 1551 2763 1652 2791; x_wconf 84' lang='lat' dir='ltr'><strong>hahent</strong></span> <span class='ocrx_word' id='word_1_775' title='bbox 1673 2759 1748 2787; x_wconf 75' lang='lat' dir='ltr'><strong>acci-</strong></span> 
     </span>
    </p>
   </div>
   <div class='ocr_carea' id='block_1_117' title="bbox 969 2808 1748 2854">
    <p class='ocr_par' dir='ltr' id='par_1_117' title="bbox 969 2808 1748 2854">
     <span class='ocr_line' id='line_1_119' title="bbox 969 2808 1748 2854; baseline -0.022 -8"><span class='ocrx_word' id='word_1_776' title='bbox 969 2826 1033 2854; x_wconf 86' lang='lat' dir='ltr'><strong>pere</strong></span> <span class='ocrx_word' id='word_1_777' title='bbox 1048 2827 1055 2845; x_wconf 88' lang='lat'><strong>:</strong></span> <span class='ocrx_word' id='word_1_778' title='bbox 1074 2821 1101 2845; x_wconf 89' lang='lat' dir='ltr'><strong>et</strong></span> <span class='ocrx_word' id='word_1_779' title='bbox 1116 2816 1191 2852; x_wconf 88' lang='lat' dir='ltr'><strong>quod</strong></span> <span class='ocrx_word' id='word_1_780' title='bbox 1208 2822 1262 2842; x_wconf 92' lang='lat' dir='ltr'><strong>non</strong></span> <span class='ocrx_word' id='word_1_781' title='bbox 1281 2813 1456 2847; x_wconf 62' lang='lat' dir='ltr'><strong>inspicienda</strong></span> <span class='ocrx_word' id='word_1_782' title='bbox 1471 2810 1518 2836; x_wconf 86' lang='lat' dir='ltr'><strong>tibi</strong></span> <span class='ocrx_word' id='word_1_783' title='bbox 1537 2808 1630 2835; x_wconf 81' lang='lat' dir='ltr'><strong>alieme</strong></span> <span class='ocrx_word' id='word_1_784' title='bbox 1641 2811 1748 2836; x_wconf 83' lang='lat' dir='ltr'><strong>manus,</strong></span> 
     </span>
    </p>
   </div>
   <div class='ocr_carea' id='block_1_118' title="bbox 971 2849 1750 2894">
    <p class='ocr_par' dir='ltr' id='par_1_118' title="bbox 971 2849 1750 2894">
     <span class='ocr_line' id='line_1_120' title="bbox 971 2849 1750 2894; baseline -0.023 0"><span class='ocrx_word' id='word_1_785' title='bbox 971 2849 1018 2894; x_wconf 64' lang='lat' dir='ltr'><strong>sed</strong></span> <span class='ocrx_word' id='word_1_786' title='bbox 1034 2863 1095 2892; x_wconf 91' lang='lat' dir='ltr'><strong>aliis</strong></span> <span class='ocrx_word' id='word_1_787' title='bbox 1109 2849 1172 2891; x_wconf 64' lang='lat' dir='ltr'><strong>tua).</strong></span> <span class='ocrx_word' id='word_1_788' title='bbox 1194 2862 1273 2890; x_wconf 87' lang='lat' dir='ltr'><strong>Dives</strong></span> <span class='ocrx_word' id='word_1_789' title='bbox 1298 2865 1370 2892; x_wconf 83' lang='lat' dir='ltr'><strong>esto,</strong></span> <span class='ocrx_word' id='word_1_790' title='bbox 1386 2865 1441 2886; x_wconf 88' lang='lat' dir='ltr'><strong>non</strong></span> <span class='ocrx_word' id='word_1_791' title='bbox 1465 2855 1554 2884; x_wconf 83' lang='lat' dir='ltr'><strong>solum</strong></span> <span class='ocrx_word' id='word_1_792' title='bbox 1581 2851 1687 2886; x_wconf 86' lang='lat' dir='ltr'><strong>opibus,</strong></span> <span class='ocrx_word' id='word_1_793' title='bbox 1703 2849 1750 2876; x_wconf 80' lang='lat' dir='ltr'><strong>sed</strong></span> 
     </span>
    </p>
   </div>
  </div>
