1959 3130
103 133 153 165 873

396 189 508 218 ΛΟΓΟΣ
525 191 593 218 Kll’.

102 247 171 284 Περὶ
186 247 342 284 φειδωλῶν
363 248 413 277 καί
432 248 635 283 ἀμεταδότων.
657 247 707 275 καί
722 246 892 282 ἐλεημοσύ-

337 293 397 318 νην
407 284 451 319 μὴ
469 285 649 312 ποιούντων.

136 331 204 358 Οὐαὶ
231 331 307 366 ὑμῖν,
328 331 505 366 γραμματεῖς
526 331 575 357 καὶ
607 330 750 365 Φαρισαῖοι
775 330 891 368 ὑποκρι-

100 379 154 411 ταὶ,
170 379 212 405 ὅτι
228 378 429 405 ἀποδεκατοῦτε
451 378 480 405 τὸ
493 377 639 414 ἡδύοσμον,
653 377 702 404 καὶ
724 376 755 404 τὸ
778 376 890 412 ἄνηθον,

101 425 148 450 καὶ
172 425 218 451 τὸν
243 424 369 459 κύμινον,
400 424 448 450 καὶ
471 424 597 458 ἀφήκατε
622 424 656 451 τὰ
683 423 822 458 βαρύτερα
843 420 891 448 τοῢ

101 471 194 505 νόμου,
208 472 258 505 τὴν
269 471 362 504 κρίσιν
373 470 421 497 καὶ
435 470 481 497 τὸν
494 470 579 498 ἔλεον,
594 469 687 497 Ταῦτα
700 468 730 496 δὲ
743 469 798 496 ἔδει
813 467 892 502 ποιῆ-

101 526 154 548 σαι⁷
169 517 281 543 κάκεῖνα
301 517 338 552 μὴ
359 516 478 551 ἀφιέναι,

136 563 224 590 Εἰδότι
243 563 324 590 καλὸν
353 564 452 596 ποιεῖν,
480 562 528 590 καὶ
545 562 583 598 μὴ
609 561 744 594 ποιοῦντι,
769 559 892 595 ἁμαρτία

100 609 174 644 αὑτῴ
187 610 273 637 ἐστιν.

140 656 171 683 'II
187 656 278 691 κρίσις
292 656 407 688 ἁνίλεως
423 655 461 691 τῷ
479 655 516 691 μὴ
532 655 679 691 ποιήσαντι
698 653 784 685 ἔλεος.

907 190 930 219 Δ

137 746 177 772 Τὰ
192 745 336 781 σπλάγχνα
349 746 404 773 τῶν
422 745 530 773 ἀσεϐῶν
549 745 732 780 ἁνελεήμονα.

139 793 235 820 Ἔστιν
251 792 406 828 ἀρρωστία,
422 793 456 827 ἣν
478 790 548 819 εἶδον
565 792 617 819 ὑπὸ
634 791 680 818 τὸν
704 791 792 826 ἥλιον,
809 788 893 817 πλοῦ-

100 848 146 866 τον
173 839 378 874 φυλασσόμενον
405 839 471 873 παρ’
494 838 576 865 αὐτοῦ
599 839 639 870 είς
669 837 771 864 κακίαν
788 834 890 864 αὑτοῦ·

486 132 579 163 LOCI
596 131 816 163 COMMUNES.
836 143 871 149 —
889 130 989 161 PARS
1007 130 1033 161 Ῑ.
1053 129 1182 160 SERMO
1201 129 1312 160 XXIX.

1681 126 1735 159 874

1123 186 1241 214 SERMO
1263 185 1371 213 XXVIII
1401 184 1451 222 [αι.
1474 184 1555 223 LIX}.

946 242 985 270 De
998 242 1087 277 parcit
1106 242 1378 304 "ﬁliumﬁlium"?
1403 241 1593 276 eieemooynam
1616 249 1669 268 mm
1693 241 1737 276 fa-

1270 285 1325 304 cien
1340 286 1348 304 ι
1369 285 1409 304 ιιι.

1270 285 1409 304 ειεηιιοιη.

979 324 1079 351 Matth.
1094 332 1173 352 unt.
1192 324 1238 351 Vre
1255 324 1344 357 vobis,
1367 323 1471 351 Scriba:
1490 327 1518 351 et
1533 322 1664 351 Pharisaei
1685 323 1739 358 hyo

942 371 1065 406 pocritae,
1079 371 1210 405 quoniam
1222 370 1365 398 decimatis
1383 370 1534 405 mentbam,
1555 369 1696 402 anethum,
1710 374 1738 397 et

942 417 1094 452 cyminum,
1109 420 1136 443 et
1154 423 1215 451 quae
1232 416 1357 452 graviora
1379 419 1444 444 sunt
1470 416 1498 443 iu
1516 416 1575 451 lege
1588 415 1737 451 negligitis.

941 461 1075 496 judicium
1113 462 1220 490 scilicet
1253 467 1281 490 et
1311 462 1561 490 misericordiam:
1592 461 1735 498 oportebat

941 512 1033 535 autem
1053 507 1111 535 haec
1128 508 1228 541 facere,
1246 511 1273 535 et
1288 508 1334 535 illa
1349 515 1405 535 non
1420 507 1560 535 omittere.
1739 526 1742 530 ι

977 552 1039 582 Jac.
1063 561 1100 582 tv.
1129 554 1182 588 Qui
1212 554 1304 582 sciens
1333 554 1435 581 bonum
1461 552 1551 581 facere
1576 560 1633 581 non
1662 553 1737 586 facit,

942 592 1051 634 peccat.

981 645 1144 673 Salomonis.
1160 645 1360 674 lmmisericors
1372 645 1508 680 judicium
1520 645 1681 681 experietur
1691 646 1739 682 qui

943 690 1162 719 misericordiam
1181 699 1235 719 non
1254 690 1328 719 fecit.

979 736 1061 765 Prov.
1081 745 1131 765 xu.
1148 737 1298 773 Impinrum
1313 738 1418 765 viscera
1447 738 1572 766 misereri
1602 737 1739 766 nesciunt.

980 782 1070 810 Eccle.
1084 791 1112 810 ν.
1133 782 1234 810 Vitium
1254 788 1295 811 est
1307 783 1380 818 quod
1398 784 1451 812 vidi
1477 784 1529 812 sub
1547 784 1615 817 sole,
1630 783 1742 811 divitias

944 829 1074 856 custodiri
1097 829 1124 858 in
1149 830 1249 857 malum
1277 830 1380 858 domini
1403 831 1464 859 sui:
1481 835 1507 858 et
1533 831 1586 859 illa:
1616 830 1743 866 peribunt

101 885 149 911 καὶ
164 885 306 912 ἀπολεῖται
321 885 335 911 6
351 884 465 916 πλοῦτος
477 885 580 915 ἐκεῖνος
593 884 621 910 ὲν
639 882 822 918 περισπασμῷ
838 890 890 909 πο-
905 874 926 903 Β
941 876 1075 904 malorum
1093 876 1282 911 Ρετνεΐεῖιθῑθι

101 939 134 958 νη
139 939 204 958 οων.

155 939 204 958 ων.

117 938 217 1005 ηςΕστι
232 978 357 1006 πλουτῶν
370 979 425 1006 ἀπδ
437 978 575 1014 προσοχῆς
590 977 637 1005 καὶ
653 976 784 1012 σφιγγίας
795 975 892 1003 αὐτοῦ’

101 1025 149 1052 καὶ
164 1024 323 1061 καταλείψει
340 1025 410 1052 αὐτὰ
436 1025 541 1062 ἑτέροις
557 1026 605 1052 καὶ
621 1024 810 1051 ἀποθανεῖται.

144 1114 175 1141 '0
198 1116 324 1149 συνάγων
339 1115 392 1142 ἀπὸ
418 1115 508 1150 ψυχῆς
531 1115 614 1142 αὐτοῦ
640 1115 751 1149 συνάγει
781 1115 893 1148 ἄλλοις·

103 1160 152 1187 καὶ
167 1161 195 1188 ὲν
209 1161 266 1192 τοῖς
282 1161 394 1195 ἀγαθοῖς
417 1161 500 1187 αὐτου
514 1161 686 1196 τρυφήσουσι
701 1161 806 1188 πολλοί.

147 1207 177 1233 ’θ
193 1207 311 1242 πονηρὸς
342 1206 432 1243 ἐαυτῷ
452 1206 506 1234 τινι
529 1207 630 1241 ἀγαθὸς
658 1207 755 1240 Str-tat;
782 1206 894 1240 Τέκνον,

103 1252 167 1279 καθ’
180 1252 242 1279 ὅσον
258 1252 342 1287 ἔχεις,
358 1251 388 1280 εὖ
403 1252 474 1280 ποίει
490 1252 592 1288 σαυτῷ.

144 1299 254 1331 Ἄκουε,
273 1299 412 1334 ἄνθρωπε,
426 1299 600 1334 Σολομῶντος
612 1307 620 1314 ·
639 1298 677 1334 μὴ
696 1299 897 1335 είπῃς,Ἔπαν-

105 1345 192 1372 ελῦὼν
223 1345 363 1381 ἐπάνηκε,
395 1346 444 1374 καὶ
471 1345 565 1380 αὔριον
591 1345 680 1378 δώσω,
705 1345 820 1373 δυνατοῦ
848 1353 896 1372 σου

105 1392 183 1423 ὖντος
198 1389 228 1420 εὖ
243 1394 342 1420 ποιεῖν.
357 1393 395 1420 Οὐ
407 1393 462 1427 γὰρ
482 1390 556 1424 οἶδας
572 1392 600 1419 τί
613 1392 721 1425 τέξεται
736 1392 753 1426 ἡ
768 1391 894 1418 ἐπιοῦσα.

106 1438 139 1464 Ὢ
159 1438 244 1466 ποίων
257 1438 496 1474 παραγγελμάτων
507 1439 657 1474 ὑπερορᾷς,
667 1438 715 1464 καὶ
732 1437 858 1473 κατηφὴς
871 1434 897 1464 εἴ

105 1483 155 1511 καὶ
167 1484 369 1518 δυσέντευκτος,
386 1485 519 1512 ἐκκλίνων
530 1485 579 1517 τὰς
594 1485 774 1519 ἀπαντήσεις,
788 1484 826 1518 μή
843 1483 895 1510 πού

105 1540 133 1558 τι
149 1532 196 1558 καὶ
224 1531 321 1566 μικρὸν
348 1531 526 1566 ἀναγκασθῇς
549 1532 604 1558 τῶν
620 1531 721 1566 χειρῶν
748 1531 893 1558 ἐκδαλείνί

105 1578 181 1605 Μίαν
195 1576 269 1609 οἶδας
284 1577 386 1613 φωνὴν,
404 1577 463 1605 Οὐκ
478 1577 547 1612 ἔχων
560 1577 620 1604 οὐδὲ
635 1577 723 1609 δώσω,
741 1577 826 1612 πένης
842 1578 897 1613 γάρ

106 1625 176 1658 είμι.
196 1625 284 1659 Πένης
307 1622 332 1651 ei
354 1624 392 1658 τῷ
413 1624 469 1650 ὄντι
491 1624 592 1655 παντὸς
616 1623 731 1657 ἀγαθοῦ,
751 1624 837 1658 πένης
853 1624 899 1650 πί-

107 1679 194 1702 στεως
209 1671 248 1702 είς
274 1671 351 1704 Θεὸν,
370 1671 455 1706 πένης
473 1669 497 1697 εἷ
516 1670 736 1705 φιλανθρωπίας,
758 1671 842 1704 τιένης
859 1670 900 1696 ὲλ-

106 1717 196 1748 πίδος.
217 1718 413 1753 Συμμεριστὰς
429 1718 544 1752 ποίησον
557 1717 614 1744 τῶν
639 1717 731 1753 σητῶν
742 1717 805 1748 τοὺς
823 1717 899 1743 ἀδελ-

107 1763 175 1797 φούς
191 1772 238 1789 σου
252 1771 259 1779 ·
277 1763 435 1795 πλεονεξίας
449 1762 517 1794 εἶδος
538 1763 744 1798 χαλεπώτατον,
759 1763 828 1798 μηδὲ
845 1762 899 1789 τῶν

109 1809 299 1845 φθειρομένων
316 1810 479 1844 μεταδοῦναι
495 1811 553 1842 τοῖς
571 1810 700 1837 ἐνδεέσιν.

145 1899 201 1926 Οὐκ
227 1900 357 1935 ὴλέησας,
385 1900 435 1926 οὐκ
462 1900 618 1936 ἐλεηθήσῃ·
638 1900 689 1928 οὐκ
717 1900 827 1937 ήνοιξας
851 1901 900 1936 τὴν

108 1947 210 1980 οἱκῖαν,
237 1946 444 1982 ἀποκλεισθήσῃ
468 1946 518 1981 τῆς
542 1946 702 1981 βασιλείας·
723 1947 774 1974 οὐκ
797 1947 901 1980 ἔδωκας

109 1992 192 2025 ἄρτον
209 1993 246 2027 τῷ
260 1992 399 2026 πεινῶντι,
413 1993 443 2019 οὐ
459 1993 534 2030 λήψῃ
552 1993 602 2027 τὴν
617 1993 727 2021 αίώνιον
743 1994 829 2029 ζωήν.

147 2082 249 2115 Δεῖξον,
269 2082 407 2118 ἄνθρωπε,
425 2083 460 2110 τὰ
476 2083 555 2118 ἔργα,
573 2085 621 2110 καὶ
643 2084 755 2111 ἀπαίτει
772 2084 835 2116 τοὺς
855 2094 901 2118 μι-

111 2129 202 2160 σθούς.
219 2129 313 2161 Οὐδεὶς
327 2130 397 2164 μετὰ
406 2129 436 2157 τὺ
443 2129 558 2165 λυθῆναι
571 2131 622 2165 τὴν
637 2131 793 2165 πανήγυριν
810 2139 902 2166 πραγ-

111 2175 281 2211 ματεύεται,
315 2176 376 2203 οὐδὲ
409 2177 480 2211 μετὰ
505 2177 570 2208 τοὺς
602 2176 711 2211 ἀγῶνας
741 2177 899 2204 ἐπανελθὼν

110 2221 292 2254 στεφανοῦται
306 2231 314 2239 ι
329 2222 359 2249 οὒ
373 2223 464 2249 τοίνυν
481 2223 551 2257 μετὰ
566 2221 616 2257 τὴν
633 2222 763 2257 τελευτὴν
781 2222 900 2249 εὐσεϐεῖ.
920 2231 941 2258 ι)

150 2266 242 2299 Ἀξιόν
258 2276 299 2294 σοι
317 2269 366 2302 τῆς
383 2269 487 2303 σπορᾶς
508 2268 539 2294 τὸ
562 2267 651 2301 οέρος.
673 2267 790 2303 Πικρίαν
808 2267 903 2295 ἔσπει-

112 2321 183 2347 ρας;
201 2314 299 2347 δρέπου
324 2314 358 2340 τὰ
380 2314 536 2349 δράγματα.
557 2313 594 2341 Τδ
617 2313 730 2349 ἁνηλεὲς
744 2314 902 2349 tritaque;

110 2359 157 2394 ἔχε
171 2359 239 2393 ὅπερ
254 2359 412 2394 ἠγάπησας.
429 2361 549 2394 Ἕφυγες
563 2361 609 2387 τὸν
623 2360 715 2394 ἑλεον;
727 2359 857 2394 φεύξεταί
873 2369 903 2386 σε

112 2406 126 2432 ὁ
151 2405 251 2436 ἔλεοςμ
270 2406 419 2439 Ἐϐὅελύξω
448 2407 575 2442 πτωχὸνς
600 2406 757 2442 βδελύξεταί
777 2415 806 2432 σε
832 2408 846 2433 6
869 2407 904 2434 δι’

111 2451 186 2486 ἡμᾶς
203 2451 374 2486 πτωχεύσας.

412 2520 523 2548 ΛΟΓΟΣ
542 2521 606 2548 ΚΘ’.

111 2578 182 2612 Περὶ
206 2579 382 2614 εὐεργεσίας
404 2579 456 2606 καὶ
481 2580 614 2614 χάριτος,
638 2579 687 2606 καί
712 2580 903 2614 ἀχαριστίας.

148 2633 234 2662 Εἶπεν
250 2635 263 2662 6
280 2634 382 2671 Κύριος
394 2654 402 2667 ,
421 2635 506 2662 Ὅταν
541 2636 659 2672 ποιήσῃς
688 2636 799 2671 ἄριστον
816 2635 832 2671 ἢ
852 2636 904 2662 δεῖ·

110 2691 191 2714 πνον,
205 2682 242 2717 μὴ
257 2682 342 2716 φώνει
356 2682 419 2713 τοὺς
432 2681 526 2716 φίλους
543 2690 600 2714 σου,
617 2681 684 2717 μηδὲ
699 2683 762 2713 τοὺς
775 2681 906 2716 ἀδελφούς

112 2735 172 2760 σου,
187 2727 253 2763 μηδὲ
264 2728 328 2759 τοὺς
351 2729 492 2761 συγγενεῖς
507 2736 565 2762 σου,
582 2728 650 2763 μηδὲ
676 2728 799 2762 γείτονας
827 2729 906 2755 πλου-

112 2773 197 2805 σίους,
215 2774 319 2807 μήποτε
339 2774 387 2800 καὶ
414 2774 491 2801 αὐτοί
508 2783 536 2800 σε
555 2775 773 2808 ἀντικαλέσουσι,
801 2775 848 2802 καὶ
862 2775 907 2810 γέ-

111 2819 192 2855 νηται
209 2827 250 2845 σοι
265 2820 446 2854 ἀνταπόδομα.
473 2820 542 2847 Ἀλλ’
557 2821 623 2849 ὅταν
630 2822 710 2856 ποιῇς
721 2822 811 2856 δοχὴν,
831 2821 907 2848 κάλει

112 2866 248 2902 πτωχοῖς,
273 2867 440 2902 ἀναπήρους,
456 2868 578 2902 χωλοὺς,
595 2868 722 2903 τυφλοὺς,
744 2868 791 2896 καὶ
817 2869 907 2905 μακά-

256 2914 396 2945 ΡΑτιιοι,
412 2915 652 2946 οωεΧΧΧνΙ.

983 967 1036 1003 57
1071 966 1176 995 Siraclt.
1207 968 1255 996 Est
1281 968 1380 1003 aliquis
1406 968 1483 996 dives
1511 975 1559 1002 per
1590 975 1684 995 curam
1715 970 1744 995 et

949 1015 1115 1042 anxietatem
1138 1022 1216 1042 suam
1228 1035 1235 1046 ,
1258 1019 1285 1043 et
1299 1015 1436 1049 relinquet
1454 1022 1521 1049 opes
1534 1014 1616 1048 aliis,
1634 1021 1665 1042 ac
1685 1021 1744 1041 mo-

949 1062 1047 1090 rietur.
1328 1071 1330 1073 -

984 1106 1035 1140 Qui
1055 1106 1160 1142 colligit
1181 1106 1302 1134 anlmam
1332 1113 1411 1134 suam
1434 1105 1613 1139 defraudans,
1640 1105 1745 1142 colligit

948 1152 1011 1180 aliis
1025 1160 1032 1180 :
1047 1157 1076 1180 et
1090 1153 1117 1180 in
1133 1153 1213 1181 bonis
1227 1153 1315 1188 ipsius
1331 1153 1409 1180 multi
1423 1152 1637 1180 deliciabuntur.

985 1199 1074 1228 Malus
1090 1199 1142 1227 sibi
1154 1191 1347 1235 ipsifcuinam
1363 1199 1414 1228 erit
1426 1198 1538 1227 bonus!
1568 1198 1630 1232 FiliI
1653 1199 1745 1234 quoad

950 1250 1041 1281 potes,
1056 1244 1173 1273 benefac
1185 1245 1235 1273 tibi
1252 1246 1317 1280 ipsi.

984 1293 1092 1322 Basilii.
1109 1293 1191 1328 Audi,
1209 1301 1226 1321 ο
1242 1294 1344 1328 homo,
1360 1293 1535 1322 Salomonem
1559 1302 1567 1322 :
1584 1301 1618 1322 ne
1645 1293 1721 1322 dicas
1737 1301 1745 1322 :

950 1339 1097 1367 Revertere
1116 1339 1195 1372 alias,
1212 1343 1239 1367 et
1253 1346 1315 1367 cras
1335 1339 1383 1367 tibi
1402 1339 1485 1373 dabo,
1511 1347 1574 1368 cum
1594 1340 1683 1375 possis
1700 1339 1747 1367 be-

951 1385 1080 1414 neﬁcium
1098 1389 1247 1420 praestare;
1264 1385 1357 1414 nescis
1369 1385 1443 1414 enim
1457 1386 1523 1420 quid
1535 1386 1673 1414 crastinus
1687 1385 1746 1414 dies

951 1432 1049 1467 pariat.
1063 1431 1085 1459 Ο
1100 1439 1161 1467 qua:
1175 1436 1310 1467 praecepta
1337 1432 1501 1464 contemnis,
1514 1436 1541 1460 et
1552 1432 1692 1460 tristitiam
1715 1439 1747 1460 ac

951 1477 1112 1512 gravitatem
1129 1484 1184 1512 pra:
1195 1481 1221 1505 te
1237 1477 1303 1510 fers,
1320 1477 1462 1506 declinans
1487 1477 1594 1510 obvios,
1621 1485 1655 1506 ne
1680 1478 1747 1513 quid

951 1524 1033 1552 etiam
1062 1523 1198 1551 modicum
1234 1524 1387 1559 expendere
1418 1525 1544 1560 cogaris!
1565 1525 1650 1553 Unam
1677 1525 1749 1552 hanc

951 1578 1044 1598 vocem
1059 1570 1141 1602 nosti,
1154 1569 1223 1598 Cum
1239 1570 1306 1598 nihil
1321 1570 1446 1603 habeam,
1462 1570 1529 1597 nibil
1542 1570 1631 1604 dabo;
1645 1578 1748 1605 pauper

950 1618 1025 1645 enim
1043 1625 1115 1646 sum.
1131 1617 1213 1651 Atqui
1243 1625 1307 1645 vere
1325 1625 1426 1652 pauper
1459 1625 1489 1645 es
1503 1621 1530 1645 et
1557 1618 1635 1653 inops
1658 1618 1749 1646 omnis

951 1664 1027 1697 boni,
1056 1663 1136 1698 inops
1162 1663 1224 1690 ﬁdei
1242 1670 1307 1698 erga
1329 1662 1426 1694 Deum.
1450 1663 1529 1697 inops
1557 1663 1746 1698 benignitatis,

952 1710 1030 1744 inops
1046 1709 1114 1744 spei.
1133 1709 1204 1742 Quin
1222 1709 1375 1743 impertiris
1390 1708 1524 1736 fratribus
1551 1709 1606 1736 tuis
1627 1716 1658 1736 ea
1685 1717 1746 1744 qua:

951 1756 1031 1783 aliter
1048 1763 1062 1783 a
1078 1755 1158 1783 tineis
1179 1755 1352 1783 credentur?
1377 1755 1529 1783 Pessimum
1555 1755 1629 1783 istud
1657 1755 1747 1782 avari-

951 1801 996 1829 tiae
1026 1809 1111 1836 genus
1149 1805 1202 1834 est,
1231 1808 1265 1828 ne
1288 1801 1457 1836 corruptioni
1483 1799 1594 1836 quidem
1631 1799 1748 1828 obnoxia

951 1847 1135 1882 indigentibus
1166 1848 1380 1875 communicare.

987 1894 1115 1922 Misertus
1141 1901 1196 1922 non
1223 1902 1262 1928 es,
1280 1894 1499 1922 misericordiam
1521 1901 1576 1923 non
1599 1901 1748 1929 conseque-

952 1941 1006 1973 ris;
1037 1947 1092 1966 non
1108 1939 1238 1974 aperuisti
1252 1940 1373 1972 domum,
1391 1939 1546 1968 excluderis
1566 1946 1668 1973 regno:
1693 1946 1748 1966 non

953 1985 1051 2013 dedisti
1072 1992 1168 2020 panem
1184 1984 1326 2018 esurienti,
1343 1992 1398 2013 non
1419 1984 1538 2020 accipies
1553 1989 1683 2012 aeternam
1705 1984 1748 2012 vi-

955 2035 1021 2058 tam.

988 2077 1115 2111 Ostcnde,
1126 2084 1143 2104 ο
1158 2077 1249 2111 homo,
1261 2085 1354 2113 opera,
1365 2080 1393 2105 et
1405 2081 1464 2112 pete
1474 2078 1638 2105 mercedem.
1652 2076 1749 2111 Nemo,

954 2123 1052 2151 solutis
1061 2124 1117 2158 jam
1133 2125 1273 2158 nundinis,
1291 2125 1458 2160 negotiatur,
1475 2132 1565 2160 neque
1582 2129 1645 2160 post
1658 2129 1749 2152 certa-

954 2170 1027 2197 mina
1046 2177 1171 2198 reversus
1195 2176 1353 2199 coronatur.
1378 2171 1418 2199 Ne
1446 2171 1528 2208 igitur
1552 2175 1613 2207 pOst
1635 2176 1748 2199 mortem

955 2215 1066 2243 demum
1084 2216 1145 2250 pius
1166 2224 1226 2245 esse
1239 2217 1318 2246 velis.

995 2261 1091 2289 Messis
1108 2263 1157 2289 tibi
1180 2265 1297 2292 sementi
1321 2265 1512 2300 respondebit.
1529 2265 1691 2292 Amaritiem
1706 2271 1751 2292 se-

957 2307 1031 2340 visli,
1046 2315 1127 2342 carpe
1143 2309 1308 2344 manipulos.
1330 2309 1589 2339 Immisericordiam
1617 2311 1727 2340 coluisti
1741 2331 1750 2345 ,

957 2353 1059 2380 habt-as
1089 2354 1161 2388 qttod
1198 2355 1349 2384 dilexisti:
1383 2356 1477 2392 fugisti
1510 2357 1750 2388 misericordiam.

958 2400 1054 2426 eadem
1069 2404 1097 2428 te
1114 2408 1223 2435 quoque
1236 2401 1337 2437 fugiet:
1356 2403 1532 2431 abominatus
1548 2412 1577 2431 es
1589 2410 1749 2438 pauperem,

959 2444 1166 2473 abominabitur
1182 2451 1208 2474 te
1223 2448 1270 2482 qni
1286 2449 1370 2476 nostri
1383 2450 1470 2484 gratia
1489 2457 1591 2486 pauper
1605 2449 1666 2478 fuit.

1138 2517 1256 2545 sentio
1285 2517 1368 2545 χχιχ
1383 2517 1431 2554 [αι.
1449 2517 1554 2555 LVIII.]

1031 2577 1068 2604 De
1092 2577 1260 2611 beneﬁcentia
1285 2582 1309 2604 et
1326 2578 1416 2612 gratia
1434 2584 1458 2605 el
1481 2579 1683 2614 ingratiludine.

993 2636 1058 2663 Luc.
1077 2644 1132 2663 xtv.
1153 2635 1225 2662 Dixit
1256 2634 1399 2670 Dominus,
1415 2637 1482 2665 Cum
1511 2638 1579 2666 facis
1606 2638 1751 2673 prandium

958 2688 1005 2711 aut
1021 2690 1139 2716 cmuam,
1151 2682 1204 2710 noli
1217 2690 1315 2710 vocare
1333 2685 1438 2712 amicos
1454 2690 1526 2716 tuos,
1550 2693 1637 2720 neque
1652 2680 1753 2712 fratres.

958 2735 1030 2762 tuos,
1041 2738 1128 2765 neque
1137 2734 1268 2765 cognatos
1279 2734 1350 2764 tuos,
1362 2738 1450 2765 neque
1460 2731 1564 2758 vicinos
1574 2735 1634 2758 tuos
1644 2730 1754 2758 divites.

959 2784 992 2804 ne
1005 2777 1115 2811 quando
1125 2781 1152 2804 et
1164 2776 1216 2811 ipsi
1234 2780 1260 2804 te
1275 2777 1396 2805 vicissim
1413 2777 1536 2808 invitent,
1547 2783 1579 2803 ac
1587 2776 1754 2810 rependatur

961 2821 1009 2848 tibi
1035 2821 1211 2848 beneﬁcium.
1229 2821 1285 2848 Imo
1307 2829 1368 2849 cum
1387 2821 1454 2848 facis
1479 2821 1647 2854 convivium,
1684 2827 1753 2848 voca

960 2875 1105 2904 pauperes,
1126 2867 1241 2900 debiles,
1259 2867 1382 2901 claudos,
1405 2874 1503 2897 caecos.
1519 2872 1546 2894 et
1567 2867 1661 2895 beatus
1687 2868 1756 2904 eris,

1501 2913 1541 2944 28
