1959 3130
102 236 151 267 8'71

505 235 592 266 LOCI
608 235 827 268 COMMUNES.
845 249 879 254 —
899 237 996 266 PARS
1019 236 1042 266 Ι.
1065 235 1194 266 SERMO
1214 235 1324 266 XXiX.

1679 233 1735 266 878

102 298 150 329 τῆς
165 295 256 330 ψυχῆς
272 294 390 322 διαθέσει
405 294 452 321 τοῦ
473 294 518 322 διὰ
535 295 588 323 τῶν
607 296 696 332 ἔργων
711 297 760 333 τὴν
775 297 889 334 γνώμην

973 295 1033 322 inus
1045 294 1169 322 effectum
1184 295 1228 322 det
1241 315 1248 327 ,
1265 293 1330 320 nihil
1349 293 1461 320 inferior
1473 297 1514 320 est
1528 292 1610 319 animi
1625 293 1667 320 sui
1687 293 1735 319 ha.

101 343 124 368 δ.
134 341 248 374 ἔξαντος.

140 432 192 459 Τδν
219 432 417 468 εὐεργετοῦνται
440 441 469 459 σε
496 433 536 465 εἰς
561 433 661 469 ψυχὴν,
687 433 724 465 ὡς
753 434 892 470 ὑπηρέτην

107 479 173 506 Θεοῦ
202 480 271 514 μετὰ
291 479 357 506 Θεὸν
372 478 451 514 τίμα.

142 527 173 552 υἱ
189 526 360 554 δαπανῶντες
375 527 415 557 εἰς
445 526 583 559 ἀναξὶους,
599 527 634 553 δι’
649 523 686 554 ὧν
710 527 794 563 ἐχρῆν
813 527 893 562 θερα-

106 573 237 600 πεύεσθαι
252 573 314 604 τοὺς
339 573 443 605 ἀξίους,
460 575 551 607 τρισὶν
567 575 678 605 ἀτόποις
701 574 810 609 ἐνόχους
831 575 894 601 ἐαυ-

105 619 167 649 τοὺς
183 619 380 653 ἀποφαίνουσιν
393 627 400 634 ⁸
425 619 584 654 ἐζημίωσαν
599 620 724 651 ἑαυτοὺς,
747 621 893 656 ἐνύϐρισαν

75 677 79 701 ξ
106 668 168 697 τοὺς
183 667 330 702 χρηστοὺς,
347 667 410 698 τοὺς
423 667 541 701 φαύλους
555 667 711 702 ὲνίσχυσαν,
725 667 790 703 ὕλην
804 668 895 703 ἀμαρ-

105 716 170 742 τιῶν
186 715 400 750 χορηγήσαντες.

148 760 312 795 Ἀχάριστον
334 761 500 796 εὐεργετεῖν,
524 761 571 787 καὶ
589 762 686 796 νεκρὸν
711 761 847 797 μυρίζειν,
866 761 895 788 ἒν

106 808 157 841 ἴσῳ
169 809 268 834 κεῖται.

140 854 227 888 ,Ὄφιν
253 854 374 888 τρέφειν,
395 855 440 881 καὶ
465 855 582 889 πονηρδν
608 851 776 890 εὐεργετεῖν,
797 855 896 882 mur/iv

107 901 191 927 ἐστιν.
211 900 360 935 Οὖδετέρου
376 901 431 936 γὰρ
446 902 462 935 ἡ
479 901 557 936 χάρις
572 901 679 928 εὖνοιαν
695 902 787 937 γεννᾷ.

148 948 303 982 Ἀνακρέων
325 947 339 973 ὁ
356 947 511 982 μελοποιὸς,
527 947 618 974 λαϐὼν
631 948 763 975 τάλαντον
781 949 895 983 χρυσίου

946 338 1002 369 bitu
1016 362 1023 374 ,
1037 350 1116 377 quam
1133 342 1178 376 qni
1197 349 1225 368 re
1251 341 1310 375 ipsa
1326 340 1497 375 propositum
1514 346 1594 366 suum
1612 338 1735 367 declara-

943 389 991 415 vit.

979 435 1031 468 Qui
1047 435 1145 462 animm
1162 439 1214 462 ture
1229 434 1392 462 beneficium
1411 438 1532 468 prmstat.
1551 433 1634 460 veluti
1651 433 1732 460 mini-

944 486 1030 509 strum
1051 481 1096 507 Dei
1114 486 1176 516 post
1192 480 1275 507 Deum
1291 481 1406 507 honora.

985 529 1072 555 Pltolii
1083 527 1231 562 palrt'arclt.
1243 527 1293 560 Qui
1318 526 1471 559 largiuntur
1493 525 1613 560 indignis
1629 533 1659 552 ea
1674 533 1735 559 qnze

946 576 1036 611 dignis
1051 574 1171 602 conferri
1185 573 1331 605 debebant,
1348 574 1399 600 tria
1413 574 1588 600 committunt
1601 573 1732 601 absurda:

945 631 1008 650 nam
1022 626 1048 649 et
1068 621 1119 656 ipsi
1135 620 1271 655 jacturam
1286 619 1399 652 faciunt,
1417 623 1444 646 et
1455 619 1482 646 in
1496 619 1583 646 bonos
1595 625 1736 645 conlumr—

946 669 1005 696 liosi
1020 672 1128 699 snnt,et
1147 667 1232 693 malos
1247 665 1331 694 fortes
1348 665 1465 693 reddunt
1480 666 1595 692 materia
1606 666 1735 692 vitiorum

946 715 1124 750 suppeditata.

982 761 1036 797 59
1048 760 1184 787 Plutarch.
1204 759 1312 793 Ingrato
1323 758 1493 792 benefacere,
1506 763 1532 785 et
1547 765 1648 793 ungere
1664 765 1738 784 mor-

947 815 1034 841 tuum,
1050 808 1144 836 eadem
1162 812 1237 835 sunt.

983 853 1141 888 Serpentem
1154 853 1227 880 alere
1241 873 1248 885 ,
1265 858 1292 879 et
1310 852 1383 879 malo
1403 851 1575 883 benefacere,
1594 851 1663 878 idem
1681 854 1734 877 est.

947 901 1048 929 Neuter
1063 900 1094 927 ad
1113 898 1331 927 benevolentiam
1346 898 1477 925 beneﬁcio
1493 897 1623 925 trahitur.

984 948 1131 974 Anacreon.
1150 946 1294 973 Anacreon
1311 945 1412 980 lyricus
1423 952 1486 972 cum
1500 944 1560 971 auri
1577 943 1706 971 talentum
1722 951 1736 969 a

106 993 183 1028 παρὰ
198 992 390 1026 Πολυκράτους
406 994 453 1020 τοῦ
470 994 612 1027 τυράννου,
630 994 775 1026 ἀπέλυσεν,
793 995 893 1020 εἰπών·

972 994 1089 1029 olyerate
1099 998 1214 1026 tyranno
1233 992 1395 1026 accepisset.
1409 991 1470 1018 aliis
1487 991 1511 1017 id
1527 989 1675 1021 distribuit,
1694 989 1737 1016 in-

106 1039 186 1066 Μισῶ
203 1038 317 1073 δωρεὰν,
336 1040 397 1075 ἥτις
412 1039 562 1073 ἀναγκάζει
578 1040 739 1074 ἀγρυπνεῖν.

141 1084 316 1120 Δημοσθένης
343 1084 492 1119 ἐρωτηθεὶς
515 1085 542 1111 τί
564 1084 709 1120 ἄνθρωπος
725 1084 783 1120 ἔχει
803 1085 895 1120 ὅμοιον

105 1129 176 1164 Θεῷ,
194 1130 246 1165 ἔφη
259 1138 266 1145 ·
280 1129 317 1157 Τὸ
330 1130 486 1166 εὐεργετεῖν
501 1130 549 1157 καὶ
562 1130 716 1165 ἀληθεύειν.

142 1221 250 1257 Μδκραὶ
265 1222 375 1257 χάριτες
394 1222 423 1249 ἐν
436 1221 525 1258 καιρῷ
542 1221 670 1257 μέγισταί
685 1222 737 1248 εισι
754 1221 811 1253 τοῖς
826 1221 896 1257 λαμ-

108 1268 220 1294 ϐάνουσι
237 1267 339 1300 ταύτας
353 1268 382 1294 ἐν
399 1268 571 1304 περιστάσει.

143 1313 238 1349 Μικρὰ
254 1313 354 1341 διδόναι
372 1314 468 1349 βούλου
490 1308 600 1350 μᾶλλον,
616 1315 632 1348 ἦ
653 1315 759 1349 μεγάλα
781 1315 894 1350 ὲγγυᾷν.

109 1359 144 1385 '0
161 1368 191 1386 τε
208 1360 263 1395 γὰρ
278 1360 399 1392 κίνδυνος
415 1360 523 1394 ἄπεστι,
540 1362 586 1388 καλ¹
608 1361 622 1387 ὁ
643 1361 733 1388 λαϐὼν
752 1361 852 1397 ἔργων,
865 1361 894 1388 οὐ

106 1404 187 1438 λόγω
203 1407 299 1440 χρεὲαν
317 1406 384 1441 ἔχει.

142 1449 231 1487 ᾭτινι
244 1453 292 1487 τὴν
304 1453 384 1488 χάριν
399 1455 504 1490 καταθῇ
514 1464 531 1488 “,
543 1455 639 1482 Θᾶττον
656 1455 706 1489 τὴν
720 1455 800 1491 χάριν
813 1455 894 1482 δίδου.

150 1498 182 1524 'H
196 1499 249 1534 γὰρ
260 1499 394 1535 βραδυτὴς
409 1500 570 1535 λυμαίνεται
583 1502 634 1536 τὴν
647 1501 731 1530 δόσιν.

144 1544 300 1579 Δυνάμενος
329 1546 502 1581 χαρίζεσθαι,
521 1547 559 1583 μὴ
576 1547 700 1583 βράδυνε,
723 1547 791 1575 ἀλλὰ
811 1547 896 1581 δίδου,

107 1592 291 1626 ἐπιστάμενος
307 1593 344 1628 μὴ
359 1593 428 1621 εἶναι
442 1595 477 1621 τὰ
492 1595 644 1630 πράγματα
662 1596 775 1632 μόνιμα.

151 1637 180 1664 Ὀ
197 1637 319 1674 πλουσίῳ
344 1640 471 1675 χορηγῶν
489 1641 565 1668 οὐδὲν
580 1642 704 1677 διαφέρει
724 1642 771 1669 τοῦ
795 1644 834 1675 είς
850 1643 896 1670 Θά-

107 1683 211 1711 λασσαν
227 1684 299 1720 ὓδωρ
315 1686 468 1720 ἐκχέοντος.

145 1730 228 1757 Οὐδὲν
241 1732 270 1757 ἐν
285 1731 323 1766 τῷ
339 1731 390 1768 βίῳ
404 1733 519 1768 τάχιστα
535 1735 670 1768 γηράσκει
681 1734 719 1767 ὡς
738 1735 828 1770 χάρις.

144 1777 177 1805 Ἠ
191 1777 272 1814 χάρις
287 1779 355 1814 πρὸς
367 1778 546 1814 εὐγνώμονας
560 1781 688 1808 οὐδέποτε
699 1781 824 1817 θνήσκει.

143 1868 189 1902 Μὴ
201 1868 287 1903 φεῦγε
302 1868 388 1904 μικρὰ
402 1869 576 1905 χαρίζεσθαι,
590 1869 682 1903 Mitt;
698 1870 753 1906 γὰρ
766 1871 814 1898 καὶ
826 1871 897 1906 πρὸς

105 1915 141 1941 τὰ
159 1914 267 1948 μεγάλα
285 1913 406 1946 τοιοῦτος
422 1912 506 1942 εἶναι.

144 1959 189 1994 Μὴ
205 1960 339 1996 Meroian;
357 1960 397 1996 τῷ
415 1961 484 1995 φίλῳ
508 1970 555 1989 σου
576 1961 707 1997 χάριτας·
724 1962 773 1999 ἔσῃ
791 1963 845 1998 γὰρ
860 1963 897 1995 ὡς

106 2006 138 2031 οὐ
153 2005 286 2038 δεδωκώς.

145 2052 176 2077 0!
190 2052 241 2086 ph
269 2052 438 2088 χρησάμενοι
465 2054 520 2084 τοῖς
536 2055 644 2089 καιροῖς
671 2054 770 2090 ὀρθῶς,
793 2054 854 2081 οὐδὲ
872 2056 896 2082 sl

108 2097 207 2132 συνέϐη
222 2106 249 2124 τι
266 2098 358 2130 αὐτοῖς
381 2099 457 2135 παρὰ
483 2099 531 2126 τοῦ
549 2099 617 2126 Θεοῦ
641 2100 770 2135 χρηστὸν,
792 2109 897 2136 μνημο-

106 2152 242 2170 γευουσιν.

144 2191 189 2226 Μὴ
204 2191 273 2217 αἴτει
301 2191 417 2226 μεγάλα,
435 2192 479 2219 ἵνα
497 2192 534 2228 μὴ
552 2192 625 2220 δυοῖν
649 2193 775 2228 θάτερον,
793 2194 808 2228 ῆ
832 2201 895 2226 τυγ-

107 2235 199 2271 χάνων
217 2237 315 2272 λυπῇςς
335 2238 351 2273 ἢ
370 2239 407 2273 μὴ
426 2239 569 2274 τυγχάνων
586 2240 670 2275 λυπῇ.

145 2327 190 2361 Μὴ
204 2327 280 2361 παρὰ
303 2327 411 2354 πάντων
429 2328 462 2355 τὰ
486 2329 611 2364 διδόμενα
632 2329 757 2366 δέχεσθαι
781 2332 849 2367 χρή·
865 2332 895 2359 οὗ

105 2372 161 2408 γὰρ
175 2373 287 2408 θεμιτὸν
297 2374 397 2409 ἀρετὴν
411 2374 463 2401 ὑπὸ
478 2375 576 2408 κακίας
599 2376 759 2412 τρέφεσθαι.

141 2467 210 2498 Τοὺς
225 2467 344 2501 ἀγαθοὺς
358 2468 387 2495 εὖ
403 2469 484 2498 ποίει.
502 2469 592 2501 Καλὸς
608 2470 663 2506 γὰρ
677 2471 814 2508 θησαυρὸς
831 2473 896 2509 παρ’

104 2512 184 2547 ἀνδρὶ
204 2513 342 2549 σπουδαίῳ
359 2515 439 2549 χάρις
452 2515 628 2552 ὀφειλομένη.

146 2559 333 2594 Ἀδαπάνητός
360 2560 418 2587 ἐστι
432 2562 480 2596 τῆς
497 2561 620 2594 εὐποιίας
633 2564 647 2590 ὁ
663 2563 778 2597 πλοῦτος
791 2572 798 2581 ·
813 2566 842 2592 ἐν
855 2565 895 2601 τῷ

99 2605 204 2631 διδόναι
228 2605 280 2641 γὰρ
294 2605 474 2641 λαμϐάνεται,
490 2608 537 2634 καὶ
553 2608 583 2634 ὲν
604 2609 643 2644 τῷ
656 2610 816 2645 σκορπίζειν
833 2620 895 2638 συν-

97 2651 207 2685 άγεται.

138 2697 237 2724 Λαϐὼν
250 2706 277 2724 τι
303 2698 379 2733 παρά
404 2708 488 2734 τινος,
513 2700 595 2733 εὐθὺς
617 2700 728 2735 ἀπόδος,
746 2701 790 2728 ἵνα
812 2703 894 2730 πάλιν

93 2742 198 2778 λάϐῃς.

137 2789 274 2824 Χρήματα
290 2790 411 2826 πορίζειν
425 2792 475 2827 μὲν
490 2793 541 2819 οὐκ
554 2793 664 2829 ἀχρεῖον
678 2802 684 2809 ·
700 2793 729 2826 ἐξ
744 2795 849 2827 ἀδικίας
863 2795 892 2823 δὲ

94 2835 202 2865 παντὸς
214 2838 321 2864 κάκιον.

138 2879 259 2914 Ὗμνους
274 2883 313 2916 τῷ
324 2882 394 2919 Θεῷ,
409 2885 536 2919 ἐπαίνους
549 2885 577 2913 δὲ
591 2887 647 2919 τοῖς
660 2887 813 2922 ἀνθρώποις
823 2897 893 2923 παρα

46 2942 64 2951 -
91 2929 175 2963 ἔχειν
187 2927 236 2955 δεῖ.

136 2974 236 3002 Diuma
249 2976 295 3002 καὶ
310 2977 389 3012 χάρις
402 2979 550 3007 πειθόντων
563 2981 647 3016 ἐστὶν,
659 2983 691 3010 οὗ
706 2983 887 3019 βιαζομένων.

948 1041 1065 1075 quietis:
1085 1039 1135 1067 Odi
1151 1046 1252 1066 munus
1267 1037 1340 1072 quod
1352 1037 1463 1072 vigilare
1478 1037 1560 1072 cogit.

986 1086 1122 1114 Demosth.
1139 1085 1334 1112 Demosthenes
1353 1085 1535 1117 interrogatus
1566 1081 1629 1117 quid
1655 1081 1737 1107 homo

948 1133 1036 1162 simile
1055 1132 1108 1161 Deo
1126 1132 1238 1160 haberet
1250 1152 1257 1164 ,
1274 1131 1340 1158 dixit
1364 1138 1370 1156 ι
1390 1128 1555 1157 Bcnefacere
1569 1133 1596 1155 et
1613 1134 1676 1154 vera
1697 1126 1738 1153 di-

947 1188 1019 1208 θυῖε.

983 1227 1091 1253 Democ.
1103 1224 1188 1252 Parva
1201 1223 1331 1251 beneficia
1350 1221 1510 1256 tempestiva
1543 1220 1661 1247 maxima
1674 1223 1737 1247 sunt

947 1271 1144 1305 accipientibus
1158 1277 1189 1297 ea
1204 1269 1229 1296 in
1242 1268 1410 1295 discrimine.

983 1317 1069 1345 Parva
1097 1316 1186 1350 potius
1217 1315 1325 1350 largire,
1353 1321 1436 1348 quam
1471 1319 1566 1346 magna
1599 1310 1736 1346 promitte.

949 1364 1004 1391 Hoc
1029 1364 1102 1391 enim
1128 1362 1250 1397 periculo
1277 1365 1365 1392 vacat.
1387 1363 1413 1387 et
1428 1359 1473 1394 qui
1493 1358 1602 1392 accipit,
1624 1364 1665 1389 re,
1684 1363 1737 1382 non

949 1410 1038 1438 verbis
1059 1409 1170 1443 indiget.

984 1457 1012 1483 Si
1029 1457 1072 1484 cui
1090 1454 1283 1483 benefacturus
1298 1460 1337 1487 es,
1356 1452 1446 1479 statim
1463 1450 1545 1478 facito
1556 1470 1563 1476 .

984 1503 1110 1531 Tarditas
1127 1502 1199 1530 enim
1216 1501 1342 1528 vitiosum
1356 1499 1447 1527 reddit
1461 1506 1572 1526 munus.

985 1550 1013 1578 Si
1028 1550 1187 1577 benefacere
1213 1553 1299 1582 potes,
1322 1554 1355 1574 ne
1383 1546 1519 1574 cuncteris
1533 1567 1540 1578 ,
1556 1544 1603 1572 sed
1617 1541 1730 1578 largire.

949 1598 1037 1626 sciens
1049 1595 1123 1632 quod
1139 1603 1183 1623 res
1194 1603 1247 1622 non
1269 1598 1333 1622 sunt
1352 1593 1474 1621 stabiles.

984 1642 1115 1672 Socratis.
1136 1641 1188 1676 Qui
1205 1641 1282 1670 diviti
1296 1640 1422 1675 largitur,
1441 1637 1509 1666 nihil
1524 1636 1618 1666 abillo
1633 1636 1736 1669 diﬂert.

948 1689 994 1725 qui
1007 1696 1106 1724 aquam
1120 1691 1147 1716 in
1164 1695 1239 1716 mare
1251 1687 1406 1723 profundit.

984 1735 1058 1764 Nihil
1076 1737 1102 1763 in
1115 1736 1169 1763 vita
1182 1735 1299 1763 celerius
1313 1734 1446 1763 beneﬁcio
1460 1732 1579 1761 senescit
1588 1741 1599 1761 .'

984 1783 1107 1813 Catonis.
1123 1782 1289 1810 Beneficium
1313 1780 1385 1816 apud
1413 1784 1505 1816 gratos
1520 1785 1659 1814 nunquam
1677 1784 1738 1804 mo-

949 1830 1029 1863 ritur,

986 1875 1105 1909 Epicuri.
1121 1875 1160 1903 Ne
1175 1881 1286 1903 recuses
1310 1873 1337 1901 in
1358 1873 1450 1908 parvis
1476 1870 1645 1907 gratificari:
1661 1868 1739 1896 vidc-

948 1923 1020 1951 beris
1039 1923 1111 1950 enim
1128 1923 1155 1950 in
1171 1921 1276 1956 magnis
1294 1927 1403 1955 quoque
1418 1917 1551 1954 ejusmodi
1565 1923 1636 1945 esse.

985 1969 1068 1996 Sea-ti.
1086 1968 1125 1995 Ne
1150 1968 1300 2002 exprobres
1335 1965 1423 1993 amico
1461 1969 1507 1992 tuo
1537 1960 1738 1994 bettelicia;sic

948 2016 1020 2044 enim
1036 2015 1091 2042 eris
1111 2019 1241 2049 tanquam
1255 2021 1309 2040 non
1324 2011 1442 2040 dederis.

986 2062 1119 2088 Demosth.
1138 2060 1188 2094 Qui
1202 2060 1330 2093 temporis
1347 2059 1481 2086 ratioaem
1492 2064 1548 2084 non
1567 2055 1677 2088 habent,
1691 2063 1740 2082 nec

948 2106 1283 2142 arripiuntoceasionem,
1298 2104 1424 2140 quamvis
1440 2102 1542 2138 aliquid
1559 2102 1624 2130 boni
1638 2102 1737 2129 divini-

951 2159 993 2182 tus
1004 2154 1043 2181 eis
1056 2152 1182 2188 obtigerit
1193 2159 1245 2178 non
1258 2151 1451 2178 meminerunt.

993 2199 1030 2226 Ne
1046 2203 1123 2234 petas
1143 2205 1239 2233 magna
1253 2219 1259 2230 ,
1276 2205 1310 2224 ne
1325 2197 1440 2224 alterum
1458 2204 1472 2224 c
1487 2195 1596 2223 duobus
1617 2193 1736 2224 accidat.

950 2251 979 2273 ut
995 2245 1035 2272 vel
1050 2252 1162 2278 compos
1176 2243 1299 2271 redditus
1313 2243 1366 2269 voti
1381 2244 1513 2270 molestus
1530 2242 1579 2269 lias
1596 2241 1658 2269 aliis
1670 2261 1677 2273 ,
1694 2241 1738 2268 vel

950 2300 1004 2320 non
1020 2298 1142 2325 compos,
1155 2290 1214 2325 ipse
1229 2289 1383 2316 molestiam
1401 2289 1515 2317 sentias.

991 2337 1116 2365 Cratelis.
1131 2336 1191 2363 Non
1204 2336 1238 2363 ab
1255 2335 1380 2362 omnibus
1394 2342 1454 2369 quae
1466 2333 1566 2360 dantur
1580 2333 1736 2368 accipienda

949 2389 1023 2412 sunt.
1042 2383 1101 2410 Non
1117 2382 1194 2410 decet
1213 2381 1285 2409 enim
1298 2381 1425 2408 virtutem
1444 2380 1478 2407 ab
1498 2379 1672 2414 improbitate
1687 2386 1737 2405 nu-

948 2430 1017 2458 triri.

987 2475 1103 2503 Itocrat.
1122 2473 1279 2502 Bcnefacito
1295 2472 1385 2501 bonis.
1402 2471 1518 2500 Pulcher
1538 2471 1609 2498 enim
1627 2470 1737 2498 thesau-

947 2530 994 2550 rus
1005 2526 1047 2549 est
1061 2522 1130 2555 apud
1147 2520 1235 2547 virum
1252 2520 1352 2547 bonum
1370 2518 1460 2545 debita
1476 2517 1575 2553 gratia.

991 2567 1142 2602 Thespidw.
1159 2565 1231 2601 Opes
1249 2573 1303 2593 nou
1324 2565 1508 2592 absumuntur
1533 2562 1712 2592 beneficentia
1725 2571 1735 2591 :

946 2613 1038 2642 dando
1055 2613 1127 2640 enim
1143 2611 1288 2647 accipitur,
1301 2616 1327 2639 et
1344 2611 1498 2646 spargendo
1513 2610 1664 2646 colligitur.

981 2703 1050 2732 Cum
1061 2703 1126 2738 quid
1137 2703 1171 2731 ab
1183 2703 1275 2738 aliquo
1289 2701 1432 2738 accepisti,
1451 2709 1514 2730 mox
1529 2702 1624 2736 redde,
1641 2706 1669 2730 ut
1684 2703 1734 2730 ite-

944 2759 1004 2778 rum
1019 2750 1147 2785 accipias.

985 2797 1044 2825 Non
1070 2797 1166 2824 inutile
1196 2796 1305 2832 quidem
1332 2801 1373 2824 est
1405 2796 1536 2832 pecunias
1565 2794 1732 2829 acquirere:

943 2851 991 2879 per
1006 2843 1168 2877 injustitiam
1188 2851 1264 2873 vero.
1281 2843 1361 2878 longe
1376 2843 1537 2878 pessimum.

986 2888 1106 2924 Hymnos
1128 2888 1182 2917 Deo
1193 2910 1201 2922 ,
1219 2889 1378 2916 hominibus
1394 2889 1489 2920 laudes
1505 2886 1635 2914 exhibere
1651 2892 1733 2919 opor-

943 2939 1174 2996 milenevolentia
1194 2974 1221 2998 et
1238 2969 1324 3005 gratia
1345 2967 1568 3002 persuadentium
1596 2973 1648 3000 est,
1673 2973 1728 2997 non

940 3016 1107 3051 cogentium.
