  <div class='ocr_page' id='page_1' title='image "/cluster/home/n/w/nwhite01/storage/ocr_20150623/136/njp.32101010942827/469.png"; bbox 0 0 1959 3130; ppageno 0'>
   <div class='ocr_carea' id='block_1_1' title="bbox 239 127 292 158">
    <p class='ocr_par' dir='ltr' id='par_1_1' title="bbox 239 127 292 158">
     <span class='ocr_line' id='line_1_1' title="bbox 239 127 292 158; baseline 0 0"><span class='ocrx_word' id='word_1_1' title='bbox 239 127 292 158; x_wconf 78' lang='grc' dir='ltr'><strong>δῖ9</strong></span> 
     </span>
    </p>
   </div>
   <div class='ocr_carea' id='block_1_2' title="bbox 418 183 856 220">
    <p class='ocr_par' dir='ltr' id='par_1_2' title="bbox 418 183 856 220">
     <span class='ocr_line' id='line_1_2' title="bbox 418 183 856 220; baseline -0.002 -9"><span class='ocrx_word' id='word_1_2' title='bbox 418 183 535 211; x_wconf 72' lang='lat' dir='ltr'><strong>SERMO</strong></span> <span class='ocrx_word' id='word_1_3' title='bbox 551 183 625 210; x_wconf 67' lang='lat' dir='ltr'><strong>XXX</strong></span> <span class='ocrx_word' id='word_1_4' title='bbox 644 183 653 219; x_wconf 68' lang='grc' dir='ltr'>ι</span> <span class='ocrx_word' id='word_1_5' title='bbox 669 183 707 211; x_wconf 82' lang='lat' dir='ltr'><strong>al.</strong></span> <span class='ocrx_word' id='word_1_6' title='bbox 722 183 856 220; x_wconf 77' lang='lat' dir='ltr'><strong>XXXIII].</strong></span> 
     </span>
    </p>
   </div>
   <div class='ocr_carea' id='block_1_3' title="bbox 330 231 948 266">
    <p class='ocr_par' dir='ltr' id='par_1_3' title="bbox 330 231 948 266">
     <span class='ocr_line' id='line_1_3' title="bbox 330 231 948 266; baseline -0.002 -8"><span class='ocrx_word' id='word_1_7' title='bbox 330 231 365 258; x_wconf 79' lang='lat' dir='ltr'><strong>De</strong></span> <span class='ocrx_word' id='word_1_8' title='bbox 385 232 474 265; x_wconf 78' lang='lat' dir='ltr'><strong>inopia</strong></span> <span class='ocrx_word' id='word_1_9' title='bbox 489 236 513 257; x_wconf 84' lang='lat' dir='ltr'><strong>et</strong></span> <span class='ocrx_word' id='word_1_10' title='bbox 527 238 674 265; x_wconf 85' lang='lat' dir='ltr'><strong>paucarum</strong></span> <span class='ocrx_word' id='word_1_11' title='bbox 687 238 775 258; x_wconf 82' lang='lat' dir='ltr'><strong>rerum</strong></span> <span class='ocrx_word' id='word_1_12' title='bbox 791 231 948 266; x_wconf 74' lang='lat' dir='ltr'><strong>indigentia.</strong></span> 
     </span>
    </p>
   </div>
   <div class='ocr_carea' id='block_1_4' title="bbox 278 276 1031 313">
    <p class='ocr_par' dir='ltr' id='par_1_4' title="bbox 278 276 1031 313">
     <span class='ocr_line' id='line_1_4' title="bbox 278 276 1031 313; baseline 0.001 -8"><span class='ocrx_word' id='word_1_13' title='bbox 278 277 337 313; x_wconf 81' lang='lat'><strong>60</strong></span> <span class='ocrx_word' id='word_1_14' title='bbox 354 277 451 305; x_wconf 73' lang='lat' dir='ltr'><strong>Matt/1.</strong></span> <span class='ocrx_word' id='word_1_15' title='bbox 466 285 503 305; x_wconf 71' lang='grc' dir='ltr'>γι.</span> <span class='ocrx_word' id='word_1_16' title='bbox 522 276 595 304; x_wconf 80' lang='lat' dir='ltr'><strong>Dixit</strong></span> <span class='ocrx_word' id='word_1_17' title='bbox 612 276 766 304; x_wconf 87' lang='lat' dir='ltr'><strong>Dominus:</strong></span> <span class='ocrx_word' id='word_1_18' title='bbox 783 276 822 305; x_wconf 86' lang='lat' dir='ltr'><strong>Ne</strong></span> <span class='ocrx_word' id='word_1_19' title='bbox 840 277 952 305; x_wconf 85' lang='lat' dir='ltr'><strong>solliciti</strong></span> <span class='ocrx_word' id='word_1_20' title='bbox 970 277 1031 306; x_wconf 87' lang='lat' dir='ltr'><strong>sitis</strong></span> 
     </span>
    </p>
   </div>
   <div class='ocr_carea' id='block_1_5' title="bbox 241 323 1031 359">
    <p class='ocr_par' dir='ltr' id='par_1_5' title="bbox 241 323 1031 359">
     <span class='ocr_line' id='line_1_5' title="bbox 241 323 1031 359; baseline 0 -8"><span class='ocrx_word' id='word_1_21' title='bbox 241 325 304 352; x_wconf 64' lang='lat' dir='ltr'><strong>vitae</strong></span> <span class='ocrx_word' id='word_1_22' title='bbox 320 328 418 351; x_wconf 74' lang='lat' dir='ltr'><strong>vestrte</strong></span> <span class='ocrx_word' id='word_1_23' title='bbox 432 323 496 358; x_wconf 87' lang='lat' dir='ltr'><strong>quid</strong></span> <span class='ocrx_word' id='word_1_24' title='bbox 510 323 676 356; x_wconf 70' lang='lat' dir='ltr'><strong>comedetis,</strong></span> <span class='ocrx_word' id='word_1_25' title='bbox 698 331 788 358; x_wconf 88' lang='lat' dir='ltr'><strong>neque</strong></span> <span class='ocrx_word' id='word_1_26' title='bbox 813 323 922 359; x_wconf 87' lang='lat' dir='ltr'><strong>corpori</strong></span> <span class='ocrx_word' id='word_1_27' title='bbox 939 329 1031 351; x_wconf 86' lang='lat' dir='ltr'><strong>vestro</strong></span> 
     </span>
    </p>
   </div>
   <div class='ocr_carea' id='block_1_6' title="bbox 241 369 1029 406">
    <p class='ocr_par' dir='ltr' id='par_1_6' title="bbox 241 369 1029 406">
     <span class='ocr_line' id='line_1_6' title="bbox 241 369 1029 406; baseline 0.003 -9"><span class='ocrx_word' id='word_1_28' title='bbox 241 370 306 406; x_wconf 79' lang='lat' dir='ltr'><strong>quid</strong></span> <span class='ocrx_word' id='word_1_29' title='bbox 321 370 461 401; x_wconf 81' lang='lat' dir='ltr'><strong>induatis;</strong></span> <span class='ocrx_word' id='word_1_30' title='bbox 478 369 524 397; x_wconf 83' lang='lat' dir='ltr'><strong>sed</strong></span> <span class='ocrx_word' id='word_1_31' title='bbox 536 370 650 405; x_wconf 69' lang='lat' dir='ltr'><strong>quaerite</strong></span> <span class='ocrx_word' id='word_1_32' title='bbox 665 377 779 405; x_wconf 80' lang='lat' dir='ltr'><strong>regnum</strong></span> <span class='ocrx_word' id='word_1_33' title='bbox 797 370 843 398; x_wconf 86' lang='lat' dir='ltr'><strong>Dei</strong></span> <span class='ocrx_word' id='word_1_34' title='bbox 859 370 1029 406; x_wconf 85' lang='lat' dir='ltr'><strong>etjustitiam</strong></span> 
     </span>
    </p>
   </div>
   <div class='ocr_carea' id='block_1_7' title="bbox 238 417 823 452">
    <p class='ocr_par' dir='ltr' id='par_1_7' title="bbox 238 417 823 452">
     <span class='ocr_line' id='line_1_7' title="bbox 238 417 823 452; baseline 0 -8"><span class='ocrx_word' id='word_1_35' title='bbox 238 417 309 451; x_wconf 69' lang='lat' dir='ltr'><strong>ejus,</strong></span> <span class='ocrx_word' id='word_1_36' title='bbox 321 422 348 444; x_wconf 87' lang='lat' dir='ltr'><strong>et</strong></span> <span class='ocrx_word' id='word_1_37' title='bbox 368 417 425 444; x_wconf 74' lang='lat' dir='ltr'><strong>inec</strong></span> <span class='ocrx_word' id='word_1_38' title='bbox 440 417 532 444; x_wconf 85' lang='lat' dir='ltr'><strong>omnia</strong></span> <span class='ocrx_word' id='word_1_39' title='bbox 547 417 712 452; x_wconf 74' lang='lat' dir='ltr'><strong>adjiciantur</strong></span> <span class='ocrx_word' id='word_1_40' title='bbox 731 417 823 444; x_wconf 85' lang='lat' dir='ltr'><strong>vobis.</strong></span> 
     </span>
    </p>
   </div>
   <div class='ocr_carea' id='block_1_8' title="bbox 275 509 1029 544">
    <p class='ocr_par' dir='ltr' id='par_1_8' title="bbox 275 509 1029 544">
     <span class='ocr_line' id='line_1_8' title="bbox 275 509 1029 544; baseline 0.004 -9"><span class='ocrx_word' id='word_1_41' title='bbox 275 510 334 536; x_wconf 75' lang='lat' dir='ltr'><strong>Act.</strong></span> <span class='ocrx_word' id='word_1_42' title='bbox 356 516 402 535; x_wconf 84' lang='lat' dir='ltr'><strong>xx.</strong></span> <span class='ocrx_word' id='word_1_43' title='bbox 419 509 569 544; x_wconf 76' lang='lat' dir='ltr'><strong>Argentum</strong></span> <span class='ocrx_word' id='word_1_44' title='bbox 590 514 638 536; x_wconf 81' lang='lat' dir='ltr'><strong>aut</strong></span> <span class='ocrx_word' id='word_1_45' title='bbox 655 517 753 537; x_wconf 87' lang='lat' dir='ltr'><strong>aurum</strong></span> <span class='ocrx_word' id='word_1_46' title='bbox 772 515 819 537; x_wconf 84' lang='lat' dir='ltr'><strong>aut</strong></span> <span class='ocrx_word' id='word_1_47' title='bbox 834 510 1029 538; x_wconf 84' lang='lat' dir='ltr'><strong>vestimentum</strong></span> 
     </span>
    </p>
   </div>
   <div class='ocr_carea' id='block_1_9' title="bbox 238 555 1030 590">
    <p class='ocr_par' dir='ltr' id='par_1_9' title="bbox 238 555 1030 590">
     <span class='ocr_line' id='line_1_9' title="bbox 238 555 1030 590; baseline 0.005 -9"><span class='ocrx_word' id='word_1_48' title='bbox 238 555 340 582; x_wconf 85' lang='lat' dir='ltr'><strong>nullius</strong></span> <span class='ocrx_word' id='word_1_49' title='bbox 356 555 507 583; x_wconf 79' lang='lat' dir='ltr'><strong>desideravi</strong></span> <span class='ocrx_word' id='word_1_50' title='bbox 522 564 529 584; x_wconf 88' lang='lat'><strong>:</strong></span> <span class='ocrx_word' id='word_1_51' title='bbox 548 555 598 590; x_wconf 89' lang='lat' dir='ltr'><strong>ipsi</strong></span> <span class='ocrx_word' id='word_1_52' title='bbox 616 556 693 584; x_wconf 81' lang='lat' dir='ltr'><strong>scitis</strong></span> <span class='ocrx_word' id='word_1_53' title='bbox 705 576 712 589; x_wconf 87' lang='lat'><strong>,</strong></span> <span class='ocrx_word' id='word_1_54' title='bbox 730 556 803 590; x_wconf 82' lang='lat' dir='ltr'><strong>quod</strong></span> <span class='ocrx_word' id='word_1_55' title='bbox 816 557 1030 585; x_wconf 83' lang='lat' dir='ltr'><strong>necessitatibus</strong></span> 
     </span>
    </p>
   </div>
   <div class='ocr_carea' id='block_1_10' title="bbox 238 602 1030 638">
    <p class='ocr_par' dir='ltr' id='par_1_10' title="bbox 238 602 1030 638">
     <span class='ocr_line' id='line_1_10' title="bbox 238 602 1030 638; baseline 0.004 -10"><span class='ocrx_word' id='word_1_56' title='bbox 238 602 317 634; x_wconf 83' lang='lat' dir='ltr'><strong>meis,</strong></span> <span class='ocrx_word' id='word_1_57' title='bbox 327 607 353 629; x_wconf 87' lang='lat' dir='ltr'><strong>ct</strong></span> <span class='ocrx_word' id='word_1_58' title='bbox 367 602 409 628; x_wconf 87' lang='lat' dir='ltr'><strong>his</strong></span> <span class='ocrx_word' id='word_1_59' title='bbox 419 603 465 637; x_wconf 83' lang='lat' dir='ltr'><strong>qui</strong></span> <span class='ocrx_word' id='word_1_60' title='bbox 477 610 584 629; x_wconf 88' lang='lat' dir='ltr'><strong>mecutn</strong></span> <span class='ocrx_word' id='word_1_61' title='bbox 599 606 664 630; x_wconf 85' lang='lat' dir='ltr'><strong>sunt</strong></span> <span class='ocrx_word' id='word_1_62' title='bbox 677 603 919 638; x_wconf 85' lang='lat' dir='ltr'><strong>suppeditaverunt</strong></span> <span class='ocrx_word' id='word_1_63' title='bbox 932 611 1030 631; x_wconf 89' lang='lat' dir='ltr'><strong>manus</strong></span> 
     </span>
    </p>
   </div>
   <div class='ocr_carea' id='block_1_11' title="bbox 238 647 290 675">
    <p class='ocr_par' dir='ltr' id='par_1_11' title="bbox 238 647 290 675">
     <span class='ocr_line' id='line_1_11' title="bbox 238 647 290 675; baseline 0.019 -1"><span class='ocrx_word' id='word_1_64' title='bbox 238 647 290 675; x_wconf 70' lang='lat' dir='ltr'><strong>lito.</strong></span> 
     </span>
    </p>
   </div>
   <div class='ocr_carea' id='block_1_12' title="bbox 271 693 1028 728">
    <p class='ocr_par' dir='ltr' id='par_1_12' title="bbox 271 693 1028 728">
     <span class='ocr_line' id='line_1_12' title="bbox 271 693 1028 728; baseline 0.005 -8"><span class='ocrx_word' id='word_1_65' title='bbox 271 693 353 721; x_wconf 84' lang='lat' dir='ltr'><strong>Hebr.</strong></span> <span class='ocrx_word' id='word_1_66' title='bbox 369 702 427 722; x_wconf 97' lang='lat' dir='ltr'><strong>xm.</strong></span> <span class='ocrx_word' id='word_1_67' title='bbox 441 694 502 722; x_wconf 90' lang='lat' dir='ltr'><strong>Sint</strong></span> <span class='ocrx_word' id='word_1_68' title='bbox 516 702 606 722; x_wconf 86' lang='lat' dir='ltr'><strong>mores</strong></span> <span class='ocrx_word' id='word_1_69' title='bbox 619 694 700 722; x_wconf 87' lang='lat' dir='ltr'><strong>alicui</strong></span> <span class='ocrx_word' id='word_1_70' title='bbox 717 695 751 722; x_wconf 87' lang='lat' dir='ltr'><strong>ab</strong></span> <span class='ocrx_word' id='word_1_71' title='bbox 769 695 894 728; x_wconf 81' lang='lat' dir='ltr'><strong>avaritia,</strong></span> <span class='ocrx_word' id='word_1_72' title='bbox 907 697 1028 724; x_wconf 85' lang='lat' dir='ltr'><strong>contenti</strong></span> 
     </span>
    </p>
   </div>
   <div class='ocr_carea' id='block_1_13' title="bbox 239 741 1030 777">
    <p class='ocr_par' dir='ltr' id='par_1_13' title="bbox 239 741 1030 777">
     <span class='ocr_line' id='line_1_13' title="bbox 239 741 1030 777; baseline 0.006 -11"><span class='ocrx_word' id='word_1_73' title='bbox 239 741 271 768; x_wconf 84' lang='lat' dir='ltr'><strong>iis</strong></span> <span class='ocrx_word' id='word_1_74' title='bbox 293 749 352 776; x_wconf 75' lang='lat' dir='ltr'><strong>qua:</strong></span> <span class='ocrx_word' id='word_1_75' title='bbox 369 741 478 770; x_wconf 84' lang='lat' dir='ltr'><strong>adsunt.</strong></span> <span class='ocrx_word' id='word_1_76' title='bbox 495 741 636 776; x_wconf 82' lang='lat' dir='ltr'><strong>Siquidem</strong></span> <span class='ocrx_word' id='word_1_77' title='bbox 672 742 730 777; x_wconf 86' lang='lat' dir='ltr'><strong>ipse</strong></span> <span class='ocrx_word' id='word_1_78' title='bbox 751 742 819 770; x_wconf 80' lang='lat' dir='ltr'><strong>dixit</strong></span> <span class='ocrx_word' id='word_1_79' title='bbox 835 750 844 777; x_wconf 81' lang='lat'>;</span> <span class='ocrx_word' id='word_1_80' title='bbox 863 743 923 770; x_wconf 89' lang='lat' dir='ltr'><strong>Non</strong></span> <span class='ocrx_word' id='word_1_81' title='bbox 941 749 965 771; x_wconf 90' lang='lat' dir='ltr'><strong>te</strong></span> <span class='ocrx_word' id='word_1_82' title='bbox 983 744 1030 771; x_wconf 90' lang='lat' dir='ltr'><strong>de-</strong></span> 
     </span>
    </p>
   </div>
   <div class='ocr_carea' id='block_1_14' title="bbox 237 788 600 824">
    <p class='ocr_par' dir='ltr' id='par_1_14' title="bbox 237 788 600 824">
     <span class='ocr_line' id='line_1_14' title="bbox 237 788 600 824; baseline 0.003 -10"><span class='ocrx_word' id='word_1_83' title='bbox 237 795 310 820; x_wconf 85' lang='lat' dir='ltr'><strong>st-ro,</strong></span> <span class='ocrx_word' id='word_1_84' title='bbox 330 796 416 823; x_wconf 80' lang='lat' dir='ltr'><strong>neque</strong></span> <span class='ocrx_word' id='word_1_85' title='bbox 429 788 600 824; x_wconf 81' lang='lat' dir='ltr'><strong>derelinquo.</strong></span> 
     </span>
    </p>
   </div>
   <div class='ocr_carea' id='block_1_15' title="bbox 277 833 1026 871">
    <p class='ocr_par' dir='ltr' id='par_1_15' title="bbox 277 833 1026 871">
     <span class='ocr_line' id='line_1_15' title="bbox 277 833 1026 871; baseline 0.005 -11"><span class='ocrx_word' id='word_1_86' title='bbox 277 833 393 868; x_wconf 83' lang='lat' dir='ltr'><strong>Philipp.</strong></span> <span class='ocrx_word' id='word_1_87' title='bbox 415 842 451 861; x_wconf 90' lang='lat' dir='ltr'><strong>tv.</strong></span> <span class='ocrx_word' id='word_1_88' title='bbox 469 833 537 862; x_wconf 81' lang='lat' dir='ltr'><strong>Nam</strong></span> <span class='ocrx_word' id='word_1_89' title='bbox 566 843 615 870; x_wconf 74' lang='lat' dir='ltr'><strong>ego</strong></span> <span class='ocrx_word' id='word_1_90' title='bbox 641 835 724 863; x_wconf 82' lang='lat' dir='ltr'><strong>didici</strong></span> <span class='ocrx_word' id='word_1_91' title='bbox 741 836 767 863; x_wconf 93' lang='lat' dir='ltr'><strong>in</strong></span> <span class='ocrx_word' id='word_1_92' title='bbox 793 835 894 871; x_wconf 87' lang='lat' dir='ltr'><strong>quibus</strong></span> <span class='ocrx_word' id='word_1_93' title='bbox 911 844 982 870; x_wconf 87' lang='lat' dir='ltr'><strong>sum,</strong></span> <span class='ocrx_word' id='word_1_94' title='bbox 1000 837 1026 864; x_wconf 92' lang='lat' dir='ltr'><strong>in</strong></span> 
     </span>
    </p>
   </div>
   <div class='ocr_carea' id='block_1_16' title="bbox 881 129 1233 160">
    <p class='ocr_par' dir='ltr' id='par_1_16' title="bbox 881 129 1233 160">
     <span class='ocr_line' id='line_1_16' title="bbox 881 129 1233 160; baseline 0 -1"><span class='ocrx_word' id='word_1_95' title='bbox 881 129 1040 159; x_wconf 72' lang='lat' dir='ltr'><strong>ANTONII</strong></span> <span class='ocrx_word' id='word_1_96' title='bbox 1060 129 1233 160; x_wconf 60' lang='lat' dir='ltr'><strong>MELISSE</strong></span> 
     </span>
    </p>
   </div>
   <div class='ocr_carea' id='block_1_17' title="bbox 1822 132 1870 164">
    <p class='ocr_par' dir='ltr' id='par_1_17' title="bbox 1822 132 1870 164">
     <span class='ocr_line' id='line_1_17' title="bbox 1822 132 1870 164; baseline 0.042 -2"><span class='ocrx_word' id='word_1_97' title='bbox 1822 132 1870 164; x_wconf 81' lang='lat'><strong>880</strong></span> 
     </span>
    </p>
   </div>
   <div class='ocr_carea' id='block_1_18' title="bbox 1400 185 1566 212">
    <p class='ocr_par' dir='ltr' id='par_1_18' title="bbox 1400 185 1566 212">
     <span class='ocr_line' id='line_1_18' title="bbox 1400 185 1566 212; baseline 0.006 -1"><span class='ocrx_word' id='word_1_98' title='bbox 1400 185 1510 212; x_wconf 82' lang='grc' dir='ltr'><strong>ΛΟΓΟΣ</strong></span> <span class='ocrx_word' id='word_1_99' title='bbox 1527 185 1566 212; x_wconf 88' lang='grc' dir='ltr'><strong>Λ’.</strong></span> 
     </span>
    </p>
   </div>
   <div class='ocr_carea' id='block_1_19' title="bbox 1200 230 1765 266">
    <p class='ocr_par' dir='ltr' id='par_1_19' title="bbox 1200 230 1765 266">
     <span class='ocr_line' id='line_1_19' title="bbox 1200 230 1765 266; baseline 0.004 -9"><span class='ocrx_word' id='word_1_100' title='bbox 1200 230 1268 264; x_wconf 76' lang='grc' dir='ltr'>Περὶ</span> <span class='ocrx_word' id='word_1_101' title='bbox 1289 231 1507 265; x_wconf 81' lang='grc' dir='ltr'>ἀκτημοσύνης</span> <span class='ocrx_word' id='word_1_102' title='bbox 1518 231 1568 258; x_wconf 76' lang='grc' dir='ltr'>καὶ</span> <span class='ocrx_word' id='word_1_103' title='bbox 1585 231 1765 266; x_wconf 60' lang='lat' dir='ltr'><strong>Mimos/ac.</strong></span> 
     </span>
    </p>
   </div>
   <div class='ocr_carea' id='block_1_20' title="bbox 1118 275 1870 314">
    <p class='ocr_par' dir='ltr' id='par_1_20' title="bbox 1118 275 1870 314">
     <span class='ocr_line' id='line_1_20' title="bbox 1118 275 1870 314; baseline 0.005 -11"><span class='ocrx_word' id='word_1_104' title='bbox 1118 275 1201 304; x_wconf 82' lang='grc' dir='ltr'>Εἶπεν</span> <span class='ocrx_word' id='word_1_105' title='bbox 1216 278 1230 303; x_wconf 80' lang='grc' dir='ltr'><strong><em>ὁ</em></strong></span> <span class='ocrx_word' id='word_1_106' title='bbox 1242 277 1358 312; x_wconf 84' lang='grc' dir='ltr'>Κύριος·</span> <span class='ocrx_word' id='word_1_107' title='bbox 1370 277 1416 311; x_wconf 80' lang='grc' dir='ltr'><strong>Μὴ</strong></span> <span class='ocrx_word' id='word_1_108' title='bbox 1443 278 1630 313; x_wconf 78' lang='grc' dir='ltr'><strong>μεριμνήσητε</strong></span> <span class='ocrx_word' id='word_1_109' title='bbox 1653 279 1686 313; x_wconf 86' lang='grc' dir='ltr'><strong>τῇ</strong></span> <span class='ocrx_word' id='word_1_110' title='bbox 1710 278 1783 314; x_wconf 71' lang='grc' dir='ltr'>ψυχῇ</span> <span class='ocrx_word' id='word_1_111' title='bbox 1797 279 1870 313; x_wconf 76' lang='grc' dir='ltr'>ὑμῶν</span> 
     </span>
    </p>
   </div>
   <div class='ocr_carea' id='block_1_21' title="bbox 1080 323 1870 361">
    <p class='ocr_par' dir='ltr' id='par_1_21' title="bbox 1080 323 1870 361">
     <span class='ocr_line' id='line_1_21' title="bbox 1080 323 1870 361; baseline 0.004 -12"><span class='ocrx_word' id='word_1_112' title='bbox 1080 323 1108 348; x_wconf 76' lang='grc' dir='ltr'><strong>τί</strong></span> <span class='ocrx_word' id='word_1_113' title='bbox 1145 323 1252 358; x_wconf 75' lang='grc' dir='ltr'>φάγητε</span> <span class='ocrx_word' id='word_1_114' title='bbox 1272 332 1279 339; x_wconf 85' lang='grc'><em>”</em></span> <span class='ocrx_word' id='word_1_115' title='bbox 1297 323 1364 358; x_wconf 79' lang='grc' dir='ltr'>μηδὲ</span> <span class='ocrx_word' id='word_1_116' title='bbox 1394 323 1432 358; x_wconf 82' lang='grc' dir='ltr'>τῷ</span> <span class='ocrx_word' id='word_1_117' title='bbox 1471 323 1578 357; x_wconf 83' lang='grc' dir='ltr'>σώματι</span> <span class='ocrx_word' id='word_1_118' title='bbox 1608 324 1685 359; x_wconf 79' lang='grc' dir='ltr'>ὑμῶν</span> <span class='ocrx_word' id='word_1_119' title='bbox 1714 325 1741 352; x_wconf 86' lang='grc' dir='ltr'><strong>τί</strong></span> <span class='ocrx_word' id='word_1_120' title='bbox 1764 326 1870 361; x_wconf 70' lang='grc' dir='ltr'>ἐνδύση-</span> 
     </span>
    </p>
   </div>
   <div class='ocr_carea' id='block_1_22' title="bbox 1083 369 1870 407">
    <p class='ocr_par' dir='ltr' id='par_1_22' title="bbox 1083 369 1870 407">
     <span class='ocr_line' id='line_1_22' title="bbox 1083 369 1870 407; baseline 0.004 -12"><span class='ocrx_word' id='word_1_121' title='bbox 1083 369 1140 396; x_wconf 82' lang='grc' dir='ltr'>σθε.</span> <span class='ocrx_word' id='word_1_122' title='bbox 1158 370 1268 404; x_wconf 84' lang='grc' dir='ltr'>Ζητεῑτε</span> <span class='ocrx_word' id='word_1_123' title='bbox 1294 369 1322 396; x_wconf 84' lang='grc' dir='ltr'><strong>δὲ</strong></span> <span class='ocrx_word' id='word_1_124' title='bbox 1339 369 1389 404; x_wconf 81' lang='grc' dir='ltr'>τὴν</span> <span class='ocrx_word' id='word_1_125' title='bbox 1416 369 1558 404; x_wconf 81' lang='grc' dir='ltr'>βασιλείαν</span> <span class='ocrx_word' id='word_1_126' title='bbox 1584 369 1630 397; x_wconf 86' lang='grc' dir='ltr'>τοῦ</span> <span class='ocrx_word' id='word_1_127' title='bbox 1660 370 1729 397; x_wconf 82' lang='grc' dir='ltr'><strong>Θεοῦ</strong></span> <span class='ocrx_word' id='word_1_128' title='bbox 1753 372 1800 398; x_wconf 83' lang='grc' dir='ltr'>καὶ</span> <span class='ocrx_word' id='word_1_129' title='bbox 1822 372 1870 407; x_wconf 79' lang='grc' dir='ltr'>τὴν</span> 
     </span>
    </p>
   </div>
   <div class='ocr_carea' id='block_1_23' title="bbox 1081 415 1869 455">
    <p class='ocr_par' dir='ltr' id='par_1_23' title="bbox 1081 415 1869 455">
     <span class='ocr_line' id='line_1_23' title="bbox 1081 415 1869 455; baseline 0.006 -14"><span class='ocrx_word' id='word_1_130' title='bbox 1081 415 1258 450; x_wconf 84' lang='grc' dir='ltr'>δικαιοσύνην</span> <span class='ocrx_word' id='word_1_131' title='bbox 1272 415 1368 449; x_wconf 77' lang='grc' dir='ltr'>αὐτοϋ,</span> <span class='ocrx_word' id='word_1_132' title='bbox 1387 417 1434 443; x_wconf 82' lang='grc' dir='ltr'>καὶ</span> <span class='ocrx_word' id='word_1_133' title='bbox 1447 416 1534 443; x_wconf 81' lang='grc' dir='ltr'>ταῦτα</span> <span class='ocrx_word' id='word_1_134' title='bbox 1550 417 1640 444; x_wconf 84' lang='grc' dir='ltr'>πάντα</span> <span class='ocrx_word' id='word_1_135' title='bbox 1656 418 1869 455; x_wconf 79' lang='grc' dir='ltr'><strong>προστεθήσεται</strong></span> 
     </span>
    </p>
   </div>
   <div class='ocr_carea' id='block_1_24' title="bbox 1082 462 1157 495">
    <p class='ocr_par' dir='ltr' id='par_1_24' title="bbox 1082 462 1157 495">
     <span class='ocr_line' id='line_1_24' title="bbox 1082 462 1157 495; baseline -0.013 -7"><span class='ocrx_word' id='word_1_136' title='bbox 1082 462 1157 495; x_wconf 84' lang='grc' dir='ltr'>ὑμῖν.</span> 
     </span>
    </p>
   </div>
   <div class='ocr_carea' id='block_1_25' title="bbox 1122 509 1871 544">
    <p class='ocr_par' dir='ltr' id='par_1_25' title="bbox 1122 509 1871 544">
     <span class='ocr_line' id='line_1_25' title="bbox 1122 509 1871 544; baseline 0.005 -10"><span class='ocrx_word' id='word_1_137' title='bbox 1122 509 1268 543; x_wconf 74' lang='grc' dir='ltr'><strong>Ἀργυρίου</strong></span> <span class='ocrx_word' id='word_1_138' title='bbox 1285 509 1301 544; x_wconf 79' lang='grc' dir='ltr'>ἢ</span> <span class='ocrx_word' id='word_1_139' title='bbox 1320 509 1433 544; x_wconf 79' lang='grc' dir='ltr'>χρυσίου</span> <span class='ocrx_word' id='word_1_140' title='bbox 1451 509 1467 543; x_wconf 82' lang='grc' dir='ltr'>ἦ</span> <span class='ocrx_word' id='word_1_141' title='bbox 1487 509 1638 544; x_wconf 71' lang='grc' dir='ltr'><strong>ἱματισμοῦ</strong></span> <span class='ocrx_word' id='word_1_142' title='bbox 1654 511 1760 543; x_wconf 76' lang='grc' dir='ltr'>οὐδενὸς</span> <span class='ocrx_word' id='word_1_143' title='bbox 1776 512 1871 538; x_wconf 67' lang='grc' dir='ltr'>ἐπεθύ-</span> 
     </span>
    </p>
   </div>
   <div class='ocr_carea' id='block_1_26' title="bbox 1083 554 1870 591">
    <p class='ocr_par' dir='ltr' id='par_1_26' title="bbox 1083 554 1870 591">
     <span class='ocr_line' id='line_1_26' title="bbox 1083 554 1870 591; baseline 0.005 -11"><span class='ocrx_word' id='word_1_144' title='bbox 1083 562 1157 588; x_wconf 88' lang='grc' dir='ltr'>μησα</span> <span class='ocrx_word' id='word_1_145' title='bbox 1167 562 1174 569; x_wconf 95' lang='grc'>·</span> <span class='ocrx_word' id='word_1_146' title='bbox 1187 554 1264 581; x_wconf 71' lang='grc' dir='ltr'>αὐτοὶ</span> <span class='ocrx_word' id='word_1_147' title='bbox 1276 555 1426 588; x_wconf 80' lang='grc' dir='ltr'><strong>γινώσκετε</strong></span> <span class='ocrx_word' id='word_1_148' title='bbox 1439 555 1480 581; x_wconf 73' lang='grc' dir='ltr'>ὅτι</span> <span class='ocrx_word' id='word_1_149' title='bbox 1489 556 1548 587; x_wconf 84' lang='grc' dir='ltr'>ταῖς</span> <span class='ocrx_word' id='word_1_150' title='bbox 1563 555 1667 591; x_wconf 78' lang='grc' dir='ltr'><strong>χρείαις</strong></span> <span class='ocrx_word' id='word_1_151' title='bbox 1682 565 1745 590; x_wconf 91' lang='grc' dir='ltr'>μου,</span> <span class='ocrx_word' id='word_1_152' title='bbox 1758 557 1805 584; x_wconf 77' lang='grc' dir='ltr'>καὶ</span> <span class='ocrx_word' id='word_1_153' title='bbox 1817 559 1870 590; x_wconf 77' lang='grc' dir='ltr'>τοῖς</span> 
     </span>
    </p>
   </div>
   <div class='ocr_carea' id='block_1_27' title="bbox 1080 599 1780 637">
    <p class='ocr_par' dir='ltr' id='par_1_27' title="bbox 1080 599 1780 637">
     <span class='ocr_line' id='line_1_27' title="bbox 1080 599 1780 637; baseline 0.003 -9"><span class='ocrx_word' id='word_1_154' title='bbox 1080 601 1140 628; x_wconf 81' lang='grc' dir='ltr'>οὖσι</span> <span class='ocrx_word' id='word_1_155' title='bbox 1158 601 1217 637; x_wconf 81' lang='grc' dir='ltr'>μετ’</span> <span class='ocrx_word' id='word_1_156' title='bbox 1235 601 1316 637; x_wconf 74' lang='grc' dir='ltr'>ἐμοῦ,</span> <span class='ocrx_word' id='word_1_157' title='bbox 1333 602 1512 637; x_wconf 78' lang='grc' dir='ltr'><strong>ὑπηρέτησαν</strong></span> <span class='ocrx_word' id='word_1_158' title='bbox 1533 602 1562 629; x_wconf 86' lang='grc' dir='ltr'><strong>αί</strong></span> <span class='ocrx_word' id='word_1_159' title='bbox 1580 603 1671 637; x_wconf 82' lang='grc' dir='ltr'>χεῖρες</span> <span class='ocrx_word' id='word_1_160' title='bbox 1689 599 1780 630; x_wconf 73' lang='grc' dir='ltr'>αὗται.</span> 
     </span>
    </p>
   </div>
   <div class='ocr_carea' id='block_1_28' title="bbox 1124 690 1873 726">
    <p class='ocr_par' dir='ltr' id='par_1_28' title="bbox 1124 690 1873 726">
     <span class='ocr_line' id='line_1_28' title="bbox 1124 690 1873 726; baseline 0.001 -8"><span class='ocrx_word' id='word_1_161' title='bbox 1124 690 1325 726; x_wconf 75' lang='grc' dir='ltr'>Ἀφιλάργυρος</span> <span class='ocrx_word' id='word_1_162' title='bbox 1346 691 1360 718; x_wconf 85' lang='grc' dir='ltr'>ὁ</span> <span class='ocrx_word' id='word_1_163' title='bbox 1382 690 1495 726; x_wconf 79' lang='grc' dir='ltr'>τρόπος,</span> <span class='ocrx_word' id='word_1_164' title='bbox 1511 690 1681 726; x_wconf 76' lang='grc' dir='ltr'><strong>ἀρκούμενος</strong></span> <span class='ocrx_word' id='word_1_165' title='bbox 1695 692 1752 723; x_wconf 78' lang='grc' dir='ltr'>τοῖς</span> <span class='ocrx_word' id='word_1_166' title='bbox 1771 692 1873 726; x_wconf 80' lang='grc' dir='ltr'>παροῦ-</span> 
     </span>
    </p>
   </div>
   <div class='ocr_carea' id='block_1_29' title="bbox 1081 735 1872 774">
    <p class='ocr_par' dir='ltr' id='par_1_29' title="bbox 1081 735 1872 774">
     <span class='ocr_line' id='line_1_29' title="bbox 1081 735 1872 774; baseline 0.003 -11"><span class='ocrx_word' id='word_1_167' title='bbox 1081 745 1134 764; x_wconf 89' lang='grc' dir='ltr'>σιν.</span> <span class='ocrx_word' id='word_1_168' title='bbox 1152 736 1239 768; x_wconf 76' lang='grc' dir='ltr'>Αὐτὸς</span> <span class='ocrx_word' id='word_1_169' title='bbox 1254 737 1311 772; x_wconf 67' lang='grc' dir='ltr'>γὰρ</span> <span class='ocrx_word' id='word_1_170' title='bbox 1329 735 1417 770; x_wconf 77' lang='grc' dir='ltr'>εἶπεν,</span> <span class='ocrx_word' id='word_1_171' title='bbox 1437 746 1446 763; x_wconf 81' lang='grc' dir='ltr'><strong>ι</strong></span> <span class='ocrx_word' id='word_1_172' title='bbox 1466 737 1503 764; x_wconf 83' lang='grc' dir='ltr'><strong>Οὐ</strong></span> <span class='ocrx_word' id='word_1_173' title='bbox 1523 737 1560 773; x_wconf 90' lang='grc' dir='ltr'>μή</span> <span class='ocrx_word' id='word_1_174' title='bbox 1584 746 1614 764; x_wconf 84' lang='grc' dir='ltr'><strong>σε</strong></span> <span class='ocrx_word' id='word_1_175' title='bbox 1631 737 1698 771; x_wconf 79' lang='grc' dir='ltr'>ἀνῶ,</span> <span class='ocrx_word' id='word_1_176' title='bbox 1711 738 1767 765; x_wconf 81' lang='grc' dir='ltr'>οὐδ’</span> <span class='ocrx_word' id='word_1_177' title='bbox 1784 739 1814 765; x_wconf 78' lang='grc' dir='ltr'>οὐ</span> <span class='ocrx_word' id='word_1_178' title='bbox 1835 740 1872 774; x_wconf 87' lang='grc' dir='ltr'>μή</span> 
     </span>
    </p>
   </div>
   <div class='ocr_carea' id='block_1_30' title="bbox 1081 785 1362 819">
    <p class='ocr_par' dir='ltr' id='par_1_30' title="bbox 1081 785 1362 819">
     <span class='ocr_line' id='line_1_30' title="bbox 1081 785 1362 819; baseline -0.004 -8"><span class='ocrx_word' id='word_1_179' title='bbox 1081 794 1110 812; x_wconf 81' lang='grc' dir='ltr'><strong>σε</strong></span> <span class='ocrx_word' id='word_1_180' title='bbox 1127 785 1332 819; x_wconf 78' lang='grc' dir='ltr'>ἐγκαταλείπω.</span> <span class='ocrx_word' id='word_1_181' title='bbox 1353 794 1362 810; x_wconf 75' lang='grc' dir='ltr'><strong>ι</strong></span> 
     </span>
    </p>
   </div>
   <div class='ocr_carea' id='block_1_31' title="bbox 1122 829 1872 867">
    <p class='ocr_par' dir='ltr' id='par_1_31' title="bbox 1122 829 1872 867">
     <span class='ocr_line' id='line_1_31' title="bbox 1122 829 1872 867; baseline 0.003 -9"><span class='ocrx_word' id='word_1_182' title='bbox 1122 831 1193 865; x_wconf 87' lang='grc' dir='ltr'><strong>Ἐγὼ</strong></span> <span class='ocrx_word' id='word_1_183' title='bbox 1207 831 1308 867; x_wconf 81' lang='grc' dir='ltr'>ἔμαθον</span> <span class='ocrx_word' id='word_1_184' title='bbox 1334 832 1364 858; x_wconf 84' lang='grc' dir='ltr'>ὲν</span> <span class='ocrx_word' id='word_1_185' title='bbox 1379 829 1420 863; x_wconf 75' lang='grc' dir='ltr'>οἷς</span> <span class='ocrx_word' id='word_1_186' title='bbox 1443 832 1513 867; x_wconf 74' lang='grc' dir='ltr'>εἶμι,</span> <span class='ocrx_word' id='word_1_187' title='bbox 1537 831 1679 867; x_wconf 77' lang='grc' dir='ltr'>αὐτάρκης</span> <span class='ocrx_word' id='word_1_188' title='bbox 1699 830 1781 859; x_wconf 69' lang='grc' dir='ltr'>εἶναι.</span> <span class='ocrx_word' id='word_1_189' title='bbox 1806 831 1872 860; x_wconf 78' lang='grc' dir='ltr'>Οἶδα</span> 
     </span>
    </p>
   </div>
   <div class='ocr_carea' id='block_1_32' title="bbox 239 870 1026 916">
    <p class='ocr_par' dir='ltr' id='par_1_32' title="bbox 239 870 1026 916">
     <span class='ocr_line' id='line_1_32' title="bbox 239 870 1026 916; baseline 0.008 -10"><span class='ocrx_word' id='word_1_190' title='bbox 239 879 282 908; x_wconf 86' lang='lat' dir='ltr'><strong>his</strong></span> <span class='ocrx_word' id='word_1_191' title='bbox 307 884 452 907; x_wconf 84' lang='lat' dir='ltr'><strong>contentus</strong></span> <span class='ocrx_word' id='word_1_192' title='bbox 475 888 546 908; x_wconf 79' lang='lat' dir='ltr'><strong>esse.</strong></span> <span class='ocrx_word' id='word_1_193' title='bbox 573 880 641 908; x_wconf 84' lang='lat' dir='ltr'><strong>Novi</strong></span> <span class='ocrx_word' id='word_1_194' title='bbox 656 887 683 909; x_wconf 86' lang='lat' dir='ltr'><strong>et</strong></span> <span class='ocrx_word' id='word_1_195' title='bbox 699 870 809 909; x_wconf 84' lang='lat' dir='ltr'><strong>humilis</strong></span> <span class='ocrx_word' id='word_1_196' title='bbox 822 889 893 916; x_wconf 87' lang='lat' dir='ltr'><strong>esse,</strong></span> <span class='ocrx_word' id='word_1_197' title='bbox 916 884 978 911; x_wconf 88' lang='lat' dir='ltr'><strong>novi</strong></span> <span class='ocrx_word' id='word_1_198' title='bbox 1000 888 1026 912; x_wconf 86' lang='lat' dir='ltr'><strong>et</strong></span> 
     </span>
    </p>
   </div>
   <div class='ocr_carea' id='block_1_33' title="bbox 1104 870 1873 916">
    <p class='ocr_par' dir='ltr' id='par_1_33' title="bbox 1104 876 1873 912">
     <span class='ocr_line' id='line_1_33' title="bbox 1104 876 1873 912; baseline 0.001 -7"><span class='ocrx_word' id='word_1_199' title='bbox 1104 879 1126 905; x_wconf 72' lang='lat' dir='ltr'><strong>xi</strong></span> <span class='ocrx_word' id='word_1_200' title='bbox 1142 877 1351 909; x_wconf 77' lang='grc' dir='ltr'><strong>ταπεινοῦσθαι,</strong></span> <span class='ocrx_word' id='word_1_201' title='bbox 1369 876 1427 904; x_wconf 84' lang='grc' dir='ltr'>οἶδα</span> <span class='ocrx_word' id='word_1_202' title='bbox 1452 879 1499 905; x_wconf 75' lang='grc' dir='ltr'>καὶ</span> <span class='ocrx_word' id='word_1_203' title='bbox 1525 879 1716 912; x_wconf 69' lang='grc' dir='ltr'><strong>περισσεύειν⁸</strong></span> <span class='ocrx_word' id='word_1_204' title='bbox 1743 880 1772 906; x_wconf 81' lang='grc' dir='ltr'>ἐν</span> <span class='ocrx_word' id='word_1_205' title='bbox 1791 882 1873 907; x_wconf 79' lang='grc' dir='ltr'>παντὶ</span> 
     </span>
    </p>
   </div>
   <div class='ocr_carea' id='block_1_34' title="bbox 240 926 1027 961">
    <p class='ocr_par' dir='ltr' id='par_1_34' title="bbox 240 926 1027 961">
     <span class='ocr_line' id='line_1_34' title="bbox 240 926 1027 961; baseline 0.005 -9"><span class='ocrx_word' id='word_1_206' title='bbox 240 926 374 953; x_wconf 70' lang='lat' dir='ltr'><strong>excellere</strong></span> <span class='ocrx_word' id='word_1_207' title='bbox 387 934 394 954; x_wconf 83' lang='lat'><strong>:</strong></span> <span class='ocrx_word' id='word_1_208' title='bbox 408 926 506 960; x_wconf 81' lang='lat' dir='ltr'><strong>ubique</strong></span> <span class='ocrx_word' id='word_1_209' title='bbox 521 932 547 954; x_wconf 85' lang='lat' dir='ltr'><strong>et</strong></span> <span class='ocrx_word' id='word_1_210' title='bbox 564 926 590 953; x_wconf 90' lang='lat' dir='ltr'><strong>in</strong></span> <span class='ocrx_word' id='word_1_211' title='bbox 609 927 739 954; x_wconf 88' lang='lat' dir='ltr'><strong>omnibus</strong></span> <span class='ocrx_word' id='word_1_212' title='bbox 755 927 898 955; x_wconf 84' lang='lat' dir='ltr'><strong>institutus</strong></span> <span class='ocrx_word' id='word_1_213' title='bbox 913 935 986 961; x_wconf 90' lang='lat' dir='ltr'><strong>sum,</strong></span> <span class='ocrx_word' id='word_1_214' title='bbox 1000 932 1027 956; x_wconf 78' lang='lat' dir='ltr'><strong>et</strong></span> 
     </span>
    </p>
   </div>
   <div class='ocr_carea' id='block_1_35' title="bbox 238 972 1024 1013">
    <p class='ocr_par' dir='ltr' id='par_1_35' title="bbox 238 972 1024 1013">
     <span class='ocr_line' id='line_1_35' title="bbox 238 972 1024 1013; baseline 0.003 -14"><span class='ocrx_word' id='word_1_215' title='bbox 238 973 357 1000; x_wconf 84' lang='lat' dir='ltr'><strong>saturari</strong></span> <span class='ocrx_word' id='word_1_216' title='bbox 376 977 403 1000; x_wconf 89' lang='lat' dir='ltr'><strong>et</strong></span> <span class='ocrx_word' id='word_1_217' title='bbox 430 972 548 1005; x_wconf 88' lang='lat' dir='ltr'><strong>esurire,</strong></span> <span class='ocrx_word' id='word_1_218' title='bbox 563 978 589 1000; x_wconf 81' lang='lat' dir='ltr'><strong>et</strong></span> <span class='ocrx_word' id='word_1_219' title='bbox 604 973 745 1000; x_wconf 83' lang='lat' dir='ltr'><strong>abundare</strong></span> <span class='ocrx_word' id='word_1_220' title='bbox 760 978 786 1000; x_wconf 85' lang='lat' dir='ltr'><strong>et</strong></span> <span class='ocrx_word' id='word_1_221' title='bbox 803 973 944 1013; x_wconf 83' lang='lat' dir='ltr'><strong>penurlam</strong></span> <span class='ocrx_word' id='word_1_222' title='bbox 958 974 1024 1008; x_wconf 89' lang='lat' dir='ltr'><strong>pati.</strong></span> 
     </span>
    </p>
   </div>
   <div class='ocr_carea' id='block_1_36' title="bbox 238 1019 1023 1054">
    <p class='ocr_par' dir='ltr' id='par_1_36' title="bbox 238 1019 1023 1054">
     <span class='ocr_line' id='line_1_36' title="bbox 238 1019 1023 1054; baseline 0.003 -8"><span class='ocrx_word' id='word_1_223' title='bbox 238 1019 335 1047; x_wconf 84' lang='lat' dir='ltr'><strong>Omnia</strong></span> <span class='ocrx_word' id='word_1_224' title='bbox 356 1027 465 1054; x_wconf 90' lang='lat' dir='ltr'><strong>possum</strong></span> <span class='ocrx_word' id='word_1_225' title='bbox 489 1027 536 1054; x_wconf 88' lang='lat' dir='ltr'><strong>per</strong></span> <span class='ocrx_word' id='word_1_226' title='bbox 563 1019 701 1047; x_wconf 86' lang='lat' dir='ltr'><strong>Christum</strong></span> <span class='ocrx_word' id='word_1_227' title='bbox 723 1019 771 1054; x_wconf 89' lang='lat' dir='ltr'><strong>qui</strong></span> <span class='ocrx_word' id='word_1_228' title='bbox 790 1027 833 1047; x_wconf 83' lang='lat' dir='ltr'><strong>mo</strong></span> <span class='ocrx_word' id='word_1_229' title='bbox 850 1019 1023 1048; x_wconf 81' lang='lat' dir='ltr'><strong>corroborat.</strong></span> 
     </span>
    </p>
   </div>
   <div class='ocr_carea' id='block_1_37' title="bbox 279 1064 1024 1102">
    <p class='ocr_par' dir='ltr' id='par_1_37' title="bbox 279 1064 1024 1102">
     <span class='ocr_line' id='line_1_37' title="bbox 279 1064 1024 1102; baseline 0.003 -10"><span class='ocrx_word' id='word_1_230' title='bbox 279 1065 353 1092; x_wconf 70' lang='lat' dir='ltr'><strong>Psal.</strong></span> <span class='ocrx_word' id='word_1_231' title='bbox 382 1073 474 1092; x_wconf 79' lang='lat' dir='ltr'><strong>xxxw.</strong></span> <span class='ocrx_word' id='word_1_232' title='bbox 499 1064 632 1093; x_wconf 75' lang='lat' dir='ltr'><strong>Modicum</strong></span> <span class='ocrx_word' id='word_1_233' title='bbox 660 1066 744 1093; x_wconf 80' lang='lat' dir='ltr'><strong>satius</strong></span> <span class='ocrx_word' id='word_1_234' title='bbox 771 1069 814 1093; x_wconf 86' lang='lat' dir='ltr'><strong>est</strong></span> <span class='ocrx_word' id='word_1_235' title='bbox 834 1066 920 1101; x_wconf 85' lang='lat' dir='ltr'><strong>justo,</strong></span> <span class='ocrx_word' id='word_1_236' title='bbox 942 1074 1024 1102; x_wconf 87' lang='lat' dir='ltr'><strong>quam</strong></span> 
     </span>
    </p>
   </div>
   <div class='ocr_carea' id='block_1_38' title="bbox 237 1112 657 1147">
    <p class='ocr_par' dir='ltr' id='par_1_38' title="bbox 237 1112 657 1147">
     <span class='ocr_line' id='line_1_38' title="bbox 237 1112 657 1147; baseline 0 -9"><span class='ocrx_word' id='word_1_237' title='bbox 237 1119 341 1147; x_wconf 73' lang='lat' dir='ltr'><strong>magum</strong></span> <span class='ocrx_word' id='word_1_238' title='bbox 356 1116 528 1147; x_wconf 82' lang='lat' dir='ltr'><strong>peccatorum</strong></span> <span class='ocrx_word' id='word_1_239' title='bbox 547 1112 657 1140; x_wconf 74' lang='lat' dir='ltr'><strong>divitias.</strong></span> 
     </span>
    </p>
   </div>
   <div class='ocr_carea' id='block_1_39' title="bbox 272 1157 1022 1194">
    <p class='ocr_par' dir='ltr' id='par_1_39' title="bbox 272 1157 1022 1194">
     <span class='ocr_line' id='line_1_39' title="bbox 272 1157 1022 1194; baseline 0 -8"><span class='ocrx_word' id='word_1_240' title='bbox 272 1158 349 1186; x_wconf 64' lang='lat' dir='ltr'><strong>Ptol.</strong></span> <span class='ocrx_word' id='word_1_241' title='bbox 374 1166 429 1186; x_wconf 79' lang='lat' dir='ltr'><strong>ut.</strong></span> <span class='ocrx_word' id='word_1_242' title='bbox 450 1158 555 1186; x_wconf 65' lang='lat' dir='ltr'><strong>Divitiae</strong></span> <span class='ocrx_word' id='word_1_243' title='bbox 581 1158 603 1185; x_wconf 84' lang='lat' dir='ltr'><strong>si</strong></span> <span class='ocrx_word' id='word_1_244' title='bbox 629 1157 752 1191; x_wconf 76' lang='lat' dir='ltr'><strong>alliuant,</strong></span> <span class='ocrx_word' id='word_1_245' title='bbox 769 1166 817 1187; x_wconf 90' lang='lat' dir='ltr'><strong>cor</strong></span> <span class='ocrx_word' id='word_1_246' title='bbox 832 1166 866 1186; x_wconf 88' lang='lat' dir='ltr'><strong>ne</strong></span> <span class='ocrx_word' id='word_1_247' title='bbox 885 1159 1022 1194; x_wconf 88' lang='lat' dir='ltr'><strong>apponite.</strong></span> 
     </span>
    </p>
   </div>
   <div class='ocr_carea' id='block_1_40' title="bbox 279 1204 1024 1240">
    <p class='ocr_par' dir='ltr' id='par_1_40' title="bbox 279 1204 1024 1240">
     <span class='ocr_line' id='line_1_40' title="bbox 279 1204 1024 1240; baseline 0 -8"><span class='ocrx_word' id='word_1_248' title='bbox 279 1205 358 1232; x_wconf 82' lang='lat' dir='ltr'><strong>Prov.</strong></span> <span class='ocrx_word' id='word_1_249' title='bbox 373 1213 418 1232; x_wconf 68' lang='grc' dir='ltr'><strong>χιι</strong></span> <span class='ocrx_word' id='word_1_250' title='bbox 432 1225 438 1232; x_wconf 92' lang='grc'><strong>.</strong></span> <span class='ocrx_word' id='word_1_251' title='bbox 458 1204 507 1232; x_wconf 77' lang='lat' dir='ltr'><strong>Vir</strong></span> <span class='ocrx_word' id='word_1_252' title='bbox 522 1205 658 1240; x_wconf 78' lang='lat' dir='ltr'><strong>indigens,</strong></span> <span class='ocrx_word' id='word_1_253' title='bbox 676 1209 751 1232; x_wconf 87' lang='lat' dir='ltr'><strong>amat</strong></span> <span class='ocrx_word' id='word_1_254' title='bbox 767 1205 957 1233; x_wconf 84' lang='lat' dir='ltr'><strong>sobrietatem.</strong></span> <span class='ocrx_word' id='word_1_255' title='bbox 972 1204 1024 1238; x_wconf 87' lang='lat' dir='ltr'><strong>Qui</strong></span> 
     </span>
    </p>
   </div>
   <div class='ocr_carea' id='block_1_41' title="bbox 236 1250 829 1285">
    <p class='ocr_par' dir='ltr' id='par_1_41' title="bbox 236 1250 829 1285">
     <span class='ocr_line' id='line_1_41' title="bbox 236 1250 829 1285; baseline -0.002 -8"><span class='ocrx_word' id='word_1_256' title='bbox 236 1251 327 1278; x_wconf 86' lang='lat' dir='ltr'><strong>vinum</strong></span> <span class='ocrx_word' id='word_1_257' title='bbox 343 1255 369 1278; x_wconf 90' lang='lat' dir='ltr'><strong>ct</strong></span> <span class='ocrx_word' id='word_1_258' title='bbox 382 1251 470 1278; x_wconf 86' lang='lat' dir='ltr'><strong>oleum</strong></span> <span class='ocrx_word' id='word_1_259' title='bbox 486 1255 570 1284; x_wconf 86' lang='lat' dir='ltr'><strong>amat,</strong></span> <span class='ocrx_word' id='word_1_260' title='bbox 584 1258 638 1278; x_wconf 92' lang='lat' dir='ltr'><strong>non</strong></span> <span class='ocrx_word' id='word_1_261' title='bbox 655 1250 769 1278; x_wconf 87' lang='lat' dir='ltr'><strong>ditescet</strong></span> <span class='ocrx_word' id='word_1_262' title='bbox 780 1251 829 1285; x_wconf 88' lang='lat' dir='ltr'><strong>(I).</strong></span> 
     </span>
    </p>
   </div>
   <div class='ocr_carea' id='block_1_42' title="bbox 280 1296 1024 1332">
    <p class='ocr_par' dir='ltr' id='par_1_42' title="bbox 280 1296 1024 1332">
     <span class='ocr_line' id='line_1_42' title="bbox 280 1296 1024 1332; baseline 0.001 -9"><span class='ocrx_word' id='word_1_263' title='bbox 280 1297 375 1325; x_wconf 81' lang='lat' dir='ltr'><strong>Melius</strong></span> <span class='ocrx_word' id='word_1_264' title='bbox 403 1301 446 1324; x_wconf 86' lang='lat' dir='ltr'><strong>cst</strong></span> <span class='ocrx_word' id='word_1_265' title='bbox 475 1304 562 1332; x_wconf 84' lang='lat' dir='ltr'><strong>pauca</strong></span> <span class='ocrx_word' id='word_1_266' title='bbox 591 1297 716 1332; x_wconf 82' lang='lat' dir='ltr'><strong>accipere</strong></span> <span class='ocrx_word' id='word_1_267' title='bbox 730 1304 792 1325; x_wconf 90' lang='lat' dir='ltr'><strong>cum</strong></span> <span class='ocrx_word' id='word_1_268' title='bbox 805 1296 922 1331; x_wconf 76' lang='lat' dir='ltr'><strong>justitia,</strong></span> <span class='ocrx_word' id='word_1_269' title='bbox 941 1304 1024 1332; x_wconf 85' lang='lat' dir='ltr'><strong>quam</strong></span> 
     </span>
    </p>
   </div>
   <div class='ocr_carea' id='block_1_43' title="bbox 237 1343 774 1378">
    <p class='ocr_par' dir='ltr' id='par_1_43' title="bbox 237 1343 774 1378">
     <span class='ocr_line' id='line_1_43' title="bbox 237 1343 774 1378; baseline 0 -7"><span class='ocrx_word' id='word_1_270' title='bbox 237 1344 328 1371; x_wconf 66' lang='lat' dir='ltr'><strong>multa:</strong></span> <span class='ocrx_word' id='word_1_271' title='bbox 344 1343 531 1378; x_wconf 84' lang='lat' dir='ltr'><strong>possessiones</strong></span> <span class='ocrx_word' id='word_1_272' title='bbox 546 1351 608 1371; x_wconf 88' lang='lat' dir='ltr'><strong>cum</strong></span> <span class='ocrx_word' id='word_1_273' title='bbox 630 1343 774 1378; x_wconf 85' lang='lat' dir='ltr'><strong>injustitia.</strong></span> 
     </span>
    </p>
   </div>
   <div class='ocr_carea' id='block_1_44' title="bbox 272 1389 1022 1425">
    <p class='ocr_par' dir='ltr' id='par_1_44' title="bbox 272 1389 1022 1425">
     <span class='ocr_line' id='line_1_44' title="bbox 272 1389 1022 1425; baseline 0.001 -9"><span class='ocrx_word' id='word_1_274' title='bbox 272 1389 367 1417; x_wconf 67' lang='lat' dir='ltr'><strong>Melius</strong></span> <span class='ocrx_word' id='word_1_275' title='bbox 382 1395 424 1418; x_wconf 83' lang='lat' dir='ltr'><strong>est</strong></span> <span class='ocrx_word' id='word_1_276' title='bbox 441 1390 595 1417; x_wconf 90' lang='lat' dir='ltr'><strong>convivium</strong></span> <span class='ocrx_word' id='word_1_277' title='bbox 609 1397 669 1417; x_wconf 91' lang='lat' dir='ltr'><strong>cum</strong></span> <span class='ocrx_word' id='word_1_278' title='bbox 681 1389 800 1417; x_wconf 82' lang='lat' dir='ltr'><strong>oleribus</strong></span> <span class='ocrx_word' id='word_1_279' title='bbox 814 1390 846 1417; x_wconf 83' lang='lat' dir='ltr'><strong>ad</strong></span> <span class='ocrx_word' id='word_1_280' title='bbox 863 1389 1022 1425; x_wconf 86' lang='lat' dir='ltr'><strong>amicitiam,</strong></span> 
     </span>
    </p>
   </div>
   <div class='ocr_carea' id='block_1_45' title="bbox 237 1436 892 1472">
    <p class='ocr_par' dir='ltr' id='par_1_45' title="bbox 237 1436 892 1472">
     <span class='ocr_line' id='line_1_45' title="bbox 237 1436 892 1472; baseline 0 -8"><span class='ocrx_word' id='word_1_281' title='bbox 237 1445 319 1472; x_wconf 81' lang='lat' dir='ltr'><strong>quant</strong></span> <span class='ocrx_word' id='word_1_282' title='bbox 335 1436 470 1472; x_wconf 71' lang='lat' dir='ltr'><strong>appositio</strong></span> <span class='ocrx_word' id='word_1_283' title='bbox 492 1437 642 1464; x_wconf 85' lang='lat' dir='ltr'><strong>vitulorum</strong></span> <span class='ocrx_word' id='word_1_284' title='bbox 657 1444 718 1464; x_wconf 91' lang='lat' dir='ltr'><strong>cum</strong></span> <span class='ocrx_word' id='word_1_285' title='bbox 738 1437 892 1464; x_wconf 85' lang='lat' dir='ltr'><strong>inimiticia.</strong></span> 
     </span>
    </p>
   </div>
   <div class='ocr_carea' id='block_1_46' title="bbox 275 1482 1024 1518">
    <p class='ocr_par' dir='ltr' id='par_1_46' title="bbox 275 1482 1024 1518">
     <span class='ocr_line' id='line_1_46' title="bbox 275 1482 1024 1518; baseline 0.001 -9"><span class='ocrx_word' id='word_1_286' title='bbox 275 1483 355 1510; x_wconf 78' lang='lat' dir='ltr'><strong>Prov.</strong></span> <span class='ocrx_word' id='word_1_287' title='bbox 372 1489 437 1510; x_wconf 88' lang='lat' dir='ltr'><strong>xvu.</strong></span> <span class='ocrx_word' id='word_1_288' title='bbox 452 1483 548 1509; x_wconf 77' lang='lat' dir='ltr'><strong>Melior</strong></span> <span class='ocrx_word' id='word_1_289' title='bbox 570 1489 611 1511; x_wconf 87' lang='lat' dir='ltr'><strong>est</strong></span> <span class='ocrx_word' id='word_1_290' title='bbox 625 1482 745 1510; x_wconf 85' lang='lat' dir='ltr'><strong>buccella</strong></span> <span class='ocrx_word' id='word_1_291' title='bbox 763 1490 825 1510; x_wconf 83' lang='lat' dir='ltr'><strong>cuin</strong></span> <span class='ocrx_word' id='word_1_292' title='bbox 847 1482 984 1518; x_wconf 77' lang='lat' dir='ltr'><strong>voluptate</strong></span> <span class='ocrx_word' id='word_1_293' title='bbox 997 1483 1024 1510; x_wconf 95' lang='lat' dir='ltr'><strong>in</strong></span> 
     </span>
    </p>
   </div>
   <div class='ocr_carea' id='block_1_47' title="bbox 1080 925 1870 961">
    <p class='ocr_par' dir='ltr' id='par_1_47' title="bbox 1080 925 1870 961">
     <span class='ocr_line' id='line_1_47' title="bbox 1080 925 1870 961; baseline 0 -9"><span class='ocrx_word' id='word_1_294' title='bbox 1080 925 1128 952; x_wconf 73' lang='grc' dir='ltr'>καὶ</span> <span class='ocrx_word' id='word_1_295' title='bbox 1146 926 1174 951; x_wconf 80' lang='grc' dir='ltr'>ὲν</span> <span class='ocrx_word' id='word_1_296' title='bbox 1192 926 1260 952; x_wconf 85' lang='grc' dir='ltr'>πᾶσι</span> <span class='ocrx_word' id='word_1_297' title='bbox 1277 925 1425 960; x_wconf 80' lang='grc' dir='ltr'><strong>μεμύημαι</strong></span> <span class='ocrx_word' id='word_1_298' title='bbox 1442 925 1489 951; x_wconf 72' lang='grc' dir='ltr'>καὶ</span> <span class='ocrx_word' id='word_1_299' title='bbox 1502 925 1683 960; x_wconf 80' lang='grc' dir='ltr'>χορτάζεσθαι</span> <span class='ocrx_word' id='word_1_300' title='bbox 1697 925 1744 952; x_wconf 78' lang='grc' dir='ltr'>καὶ</span> <span class='ocrx_word' id='word_1_301' title='bbox 1761 928 1870 961; x_wconf 75' lang='grc' dir='ltr'>πεινᾷ-ι,</span> 
     </span>
    </p>
   </div>
   <div class='ocr_carea' id='block_1_48' title="bbox 1079 971 1872 1008">
    <p class='ocr_par' dir='ltr' id='par_1_48' title="bbox 1079 971 1872 1008">
     <span class='ocr_line' id='line_1_48' title="bbox 1079 971 1872 1008; baseline 0.003 -10"><span class='ocrx_word' id='word_1_302' title='bbox 1079 973 1128 998; x_wconf 79' lang='grc' dir='ltr'>καὶ</span> <span class='ocrx_word' id='word_1_303' title='bbox 1152 971 1330 1006; x_wconf 77' lang='grc' dir='ltr'>περισσεύειν</span> <span class='ocrx_word' id='word_1_304' title='bbox 1346 972 1393 1008; x_wconf 58' lang='grc' dir='ltr'>καὶ</span> <span class='ocrx_word' id='word_1_305' title='bbox 1417 971 1602 1006; x_wconf 79' lang='grc' dir='ltr'>ὑστερεῖσθαι.</span> <span class='ocrx_word' id='word_1_306' title='bbox 1628 972 1720 999; x_wconf 84' lang='grc' dir='ltr'>Πάντα</span> <span class='ocrx_word' id='word_1_307' title='bbox 1738 973 1824 1007; x_wconf 81' lang='grc' dir='ltr'>ίσχύω</span> <span class='ocrx_word' id='word_1_308' title='bbox 1844 974 1872 1000; x_wconf 81' lang='grc' dir='ltr'>ὲν</span> 
     </span>
    </p>
   </div>
   <div class='ocr_carea' id='block_1_49' title="bbox 1078 1016 1520 1052">
    <p class='ocr_par' dir='ltr' id='par_1_49' title="bbox 1078 1016 1520 1052">
     <span class='ocr_line' id='line_1_49' title="bbox 1078 1016 1520 1052; baseline 0 -8"><span class='ocrx_word' id='word_1_309' title='bbox 1078 1017 1118 1052; x_wconf 88' lang='grc' dir='ltr'>τῷ</span> <span class='ocrx_word' id='word_1_310' title='bbox 1133 1016 1330 1051; x_wconf 72' lang='grc' dir='ltr'><strong>ἐνδυναμοῦντί</strong></span> <span class='ocrx_word' id='word_1_311' title='bbox 1351 1026 1385 1052; x_wconf 83' lang='grc' dir='ltr'><strong>με</strong></span> <span class='ocrx_word' id='word_1_312' title='bbox 1397 1016 1520 1052; x_wconf 77' lang='grc' dir='ltr'>Χριστῷ.</span> 
     </span>
    </p>
   </div>
   <div class='ocr_carea' id='block_1_50' title="bbox 1115 1063 1873 1101">
    <p class='ocr_par' dir='ltr' id='par_1_50' title="bbox 1115 1063 1873 1101">
     <span class='ocr_line' id='line_1_50' title="bbox 1115 1063 1873 1101; baseline 0.004 -12"><span class='ocrx_word' id='word_1_313' title='bbox 1115 1064 1251 1098; x_wconf 84' lang='grc' dir='ltr'>Κρείσσον</span> <span class='ocrx_word' id='word_1_314' title='bbox 1267 1063 1359 1098; x_wconf 85' lang='grc' dir='ltr'><strong>ὀλίγον</strong></span> <span class='ocrx_word' id='word_1_315' title='bbox 1383 1063 1422 1097; x_wconf 77' lang='grc' dir='ltr'>τῷ</span> <span class='ocrx_word' id='word_1_316' title='bbox 1438 1064 1536 1099; x_wconf 83' lang='grc' dir='ltr'>δικαίῳ</span> <span class='ocrx_word' id='word_1_317' title='bbox 1554 1064 1624 1099; x_wconf 79' lang='grc' dir='ltr'>ὑπὲρ</span> <span class='ocrx_word' id='word_1_318' title='bbox 1649 1064 1767 1092; x_wconf 83' lang='grc' dir='ltr'>πλοῦτον</span> <span class='ocrx_word' id='word_1_319' title='bbox 1782 1066 1873 1101; x_wconf 74' lang='grc' dir='ltr'>ἁμαρ·</span> 
     </span>
    </p>
   </div>
   <div class='ocr_carea' id='block_1_51' title="bbox 1077 1108 1284 1136">
    <p class='ocr_par' dir='ltr' id='par_1_51' title="bbox 1077 1108 1284 1136">
     <span class='ocr_line' id='line_1_51' title="bbox 1077 1108 1284 1136; baseline 0 -1"><span class='ocrx_word' id='word_1_320' title='bbox 1077 1109 1171 1136; x_wconf 84' lang='grc' dir='ltr'>τωλῶν</span> <span class='ocrx_word' id='word_1_321' title='bbox 1190 1108 1284 1136; x_wconf 83' lang='grc' dir='ltr'>πολύν.</span> 
     </span>
    </p>
   </div>
   <div class='ocr_carea' id='block_1_52' title="bbox 1114 1155 1766 1193">
    <p class='ocr_par' dir='ltr' id='par_1_52' title="bbox 1114 1155 1766 1193">
     <span class='ocr_line' id='line_1_52' title="bbox 1114 1155 1766 1193; baseline 0.002 -12"><span class='ocrx_word' id='word_1_322' title='bbox 1114 1155 1233 1188; x_wconf 84' lang='grc' dir='ltr'>Πλοῦτος</span> <span class='ocrx_word' id='word_1_323' title='bbox 1246 1156 1293 1183; x_wconf 74' lang='grc' dir='ltr'>ἐὰν</span> <span class='ocrx_word' id='word_1_324' title='bbox 1309 1157 1369 1193; x_wconf 79' lang='grc' dir='ltr'><strong>ῥέῃ,</strong></span> <span class='ocrx_word' id='word_1_325' title='bbox 1389 1156 1426 1192; x_wconf 77' lang='grc' dir='ltr'>μὴ</span> <span class='ocrx_word' id='word_1_326' title='bbox 1443 1156 1622 1192; x_wconf 74' lang='grc' dir='ltr'>προστίθεσθε</span> <span class='ocrx_word' id='word_1_327' title='bbox 1638 1155 1766 1191; x_wconf 79' lang='grc' dir='ltr'>καρδίαν.</span> 
     </span>
    </p>
   </div>
   <div class='ocr_carea' id='block_1_53' title="bbox 1119 1199 1872 1239">
    <p class='ocr_par' dir='ltr' id='par_1_53' title="bbox 1119 1199 1872 1239">
     <span class='ocr_line' id='line_1_53' title="bbox 1119 1199 1872 1239; baseline -0.001 -9"><span class='ocrx_word' id='word_1_328' title='bbox 1119 1202 1200 1239; x_wconf 80' lang='grc' dir='ltr'>’Δνὴρ</span> <span class='ocrx_word' id='word_1_329' title='bbox 1226 1203 1319 1238; x_wconf 65' lang='grc' dir='ltr'>ἐνδεὴς</span> <span class='ocrx_word' id='word_1_330' title='bbox 1349 1204 1445 1238; x_wconf 77' lang='grc' dir='ltr'>ἁγαπᾷ</span> <span class='ocrx_word' id='word_1_331' title='bbox 1471 1203 1663 1238; x_wconf 80' lang='grc' dir='ltr'>σωφροσύνην,</span> <span class='ocrx_word' id='word_1_332' title='bbox 1689 1202 1780 1229; x_wconf 56' lang='lat' dir='ltr'><strong>mm</strong></span> <span class='ocrx_word' id='word_1_333' title='bbox 1799 1199 1872 1230; x_wconf 79' lang='grc' dir='ltr'>οἶνον</span> 
     </span>
    </p>
   </div>
   <div class='ocr_carea' id='block_1_54' title="bbox 1077 1250 1447 1285">
    <p class='ocr_par' dir='ltr' id='par_1_54' title="bbox 1077 1250 1447 1285">
     <span class='ocr_line' id='line_1_54' title="bbox 1077 1250 1447 1285; baseline -0.005 -6"><span class='ocrx_word' id='word_1_334' title='bbox 1077 1251 1125 1279; x_wconf 83' lang='grc' dir='ltr'>καὶ</span> <span class='ocrx_word' id='word_1_335' title='bbox 1139 1250 1230 1277; x_wconf 81' lang='grc' dir='ltr'>ἔλαιον</span> <span class='ocrx_word' id='word_1_336' title='bbox 1244 1250 1273 1278; x_wconf 82' lang='grc' dir='ltr'>οὗ</span> <span class='ocrx_word' id='word_1_337' title='bbox 1289 1250 1447 1285; x_wconf 77' lang='grc' dir='ltr'>πλουτήσει.</span> 
     </span>
    </p>
   </div>
   <div class='ocr_carea' id='block_1_55' title="bbox 1112 1295 1872 1332">
    <p class='ocr_par' dir='ltr' id='par_1_55' title="bbox 1112 1295 1872 1332">
     <span class='ocr_line' id='line_1_55' title="bbox 1112 1295 1872 1332; baseline -0.003 -8"><span class='ocrx_word' id='word_1_338' title='bbox 1112 1297 1247 1332; x_wconf 81' lang='grc' dir='ltr'>Κρεῖσσον</span> <span class='ocrx_word' id='word_1_339' title='bbox 1259 1297 1338 1332; x_wconf 83' lang='grc' dir='ltr'>ὀλίγη</span> <span class='ocrx_word' id='word_1_340' title='bbox 1354 1297 1436 1332; x_wconf 75' lang='grc' dir='ltr'>λῆψις</span> <span class='ocrx_word' id='word_1_341' title='bbox 1451 1296 1522 1332; x_wconf 73' lang='grc' dir='ltr'>μετὰ</span> <span class='ocrx_word' id='word_1_342' title='bbox 1543 1295 1722 1332; x_wconf 74' lang='grc' dir='ltr'>δικαιοσύνης</span> <span class='ocrx_word' id='word_1_343' title='bbox 1746 1296 1763 1332; x_wconf 84' lang='grc' dir='ltr'>ἢ</span> <span class='ocrx_word' id='word_1_344' title='bbox 1785 1296 1872 1323; x_wconf 68' lang='grc' dir='ltr'>πολλὰ</span> 
     </span>
    </p>
   </div>
   <div class='ocr_carea' id='block_1_56' title="bbox 1077 1343 1453 1379">
    <p class='ocr_par' dir='ltr' id='par_1_56' title="bbox 1077 1343 1453 1379">
     <span class='ocr_line' id='line_1_56' title="bbox 1077 1343 1453 1379; baseline 0 -10"><span class='ocrx_word' id='word_1_345' title='bbox 1077 1343 1236 1378; x_wconf 85' lang='grc' dir='ltr'>γεννήματα</span> <span class='ocrx_word' id='word_1_346' title='bbox 1253 1343 1321 1379; x_wconf 87' lang='grc' dir='ltr'>μετὰ</span> <span class='ocrx_word' id='word_1_347' title='bbox 1336 1343 1453 1373; x_wconf 83' lang='grc' dir='ltr'>ἀδικίας.</span> 
     </span>
    </p>
   </div>
   <div class='ocr_carea' id='block_1_57' title="bbox 1113 1387 1870 1424">
    <p class='ocr_par' dir='ltr' id='par_1_57' title="bbox 1113 1387 1870 1424">
     <span class='ocr_line' id='line_1_57' title="bbox 1113 1387 1870 1424; baseline -0.001 -9"><span class='ocrx_word' id='word_1_348' title='bbox 1113 1389 1248 1424; x_wconf 82' lang='grc' dir='ltr'>Κρεῐσσον</span> <span class='ocrx_word' id='word_1_349' title='bbox 1273 1389 1398 1424; x_wconf 82' lang='grc' dir='ltr'>ξενισμδς</span> <span class='ocrx_word' id='word_1_350' title='bbox 1418 1390 1487 1424; x_wconf 79' lang='grc' dir='ltr'>μετὰ</span> <span class='ocrx_word' id='word_1_351' title='bbox 1501 1389 1624 1423; x_wconf 82' lang='grc' dir='ltr'>λαχάνων</span> <span class='ocrx_word' id='word_1_352' title='bbox 1645 1387 1714 1423; x_wconf 68' lang='grc' dir='ltr'>πρὸς</span> <span class='ocrx_word' id='word_1_353' title='bbox 1728 1388 1838 1423; x_wconf 76' lang='grc' dir='ltr'>φιλίαν,</span> <span class='ocrx_word' id='word_1_354' title='bbox 1853 1389 1870 1423; x_wconf 87' lang='grc' dir='ltr'>ἢ</span> 
     </span>
    </p>
   </div>
   <div class='ocr_carea' id='block_1_58' title="bbox 1078 1435 1570 1471">
    <p class='ocr_par' dir='ltr' id='par_1_58' title="bbox 1078 1435 1570 1471">
     <span class='ocr_line' id='line_1_58' title="bbox 1078 1435 1570 1471; baseline 0 -9"><span class='ocrx_word' id='word_1_355' title='bbox 1078 1435 1230 1471; x_wconf 80' lang='grc' dir='ltr'>παράθεσις</span> <span class='ocrx_word' id='word_1_356' title='bbox 1247 1435 1356 1471; x_wconf 83' lang='grc' dir='ltr'>μόσχων</span> <span class='ocrx_word' id='word_1_357' title='bbox 1374 1435 1441 1469; x_wconf 67' lang='grc' dir='ltr'>μετὰ</span> <span class='ocrx_word' id='word_1_358' title='bbox 1457 1435 1570 1470; x_wconf 79' lang='grc' dir='ltr'>ἔχθρας.</span> 
     </span>
    </p>
   </div>
   <div class='ocr_carea' id='block_1_59' title="bbox 1114 1478 1875 1516">
    <p class='ocr_par' dir='ltr' id='par_1_59' title="bbox 1114 1478 1875 1516">
     <span class='ocr_line' id='line_1_59' title="bbox 1114 1478 1875 1516; baseline -0.003 -8"><span class='ocrx_word' id='word_1_359' title='bbox 1114 1481 1248 1516; x_wconf 82' lang='grc' dir='ltr'>Κρεῖσσον</span> <span class='ocrx_word' id='word_1_360' title='bbox 1262 1481 1358 1516; x_wconf 68' lang='grc' dir='ltr'>ψωμδς</span> <span class='ocrx_word' id='word_1_361' title='bbox 1382 1481 1441 1516; x_wconf 76' lang='grc' dir='ltr'>μεθ’</span> <span class='ocrx_word' id='word_1_362' title='bbox 1457 1481 1553 1516; x_wconf 72' lang='grc' dir='ltr'>ἡδονῆς</span> <span class='ocrx_word' id='word_1_363' title='bbox 1570 1481 1598 1507; x_wconf 83' lang='grc' dir='ltr'>ὲν</span> <span class='ocrx_word' id='word_1_364' title='bbox 1615 1481 1728 1516; x_wconf 79' lang='grc' dir='ltr'>εἰρήνῃ,</span> <span class='ocrx_word' id='word_1_365' title='bbox 1750 1482 1768 1515; x_wconf 76' lang='grc' dir='ltr'><strong>ἢ</strong></span> <span class='ocrx_word' id='word_1_366' title='bbox 1798 1478 1875 1510; x_wconf 74' lang='grc' dir='ltr'>οἶκος</span> 
     </span>
    </p>
   </div>
   <div class='ocr_carea' id='block_1_60' title="bbox 238 1526 1026 1576">
    <p class='ocr_par' dir='ltr' id='par_1_60' title="bbox 238 1528 1023 1564">
     <span class='ocr_line' id='line_1_60' title="bbox 238 1528 1023 1564; baseline 0.001 -8"><span class='ocrx_word' id='word_1_367' title='bbox 238 1537 315 1564; x_wconf 74' lang='lat' dir='ltr'><strong>paco.</strong></span> <span class='ocrx_word' id='word_1_368' title='bbox 341 1537 423 1564; x_wconf 80' lang='lat' dir='ltr'><strong>quam</strong></span> <span class='ocrx_word' id='word_1_369' title='bbox 445 1530 542 1557; x_wconf 84' lang='lat' dir='ltr'><strong>domus</strong></span> <span class='ocrx_word' id='word_1_370' title='bbox 566 1529 645 1564; x_wconf 84' lang='lat' dir='ltr'><strong>plena</strong></span> <span class='ocrx_word' id='word_1_371' title='bbox 677 1528 771 1556; x_wconf 88' lang='lat' dir='ltr'><strong>multis</strong></span> <span class='ocrx_word' id='word_1_372' title='bbox 786 1528 864 1556; x_wconf 79' lang='lat' dir='ltr'><strong>hortis</strong></span> <span class='ocrx_word' id='word_1_373' title='bbox 875 1534 902 1557; x_wconf 90' lang='lat' dir='ltr'><strong>et</strong></span> <span class='ocrx_word' id='word_1_374' title='bbox 916 1528 1023 1564; x_wconf 85' lang='lat' dir='ltr'><strong>injustis</strong></span> 
     </span>
    </p>
   </div>
   <div class='ocr_carea' id='block_1_61' title="bbox 1104 1526 1876 1576">
    <p class='ocr_par' dir='ltr' id='par_1_61' title="bbox 1104 1526 1876 1564">
     <span class='ocr_line' id='line_1_61' title="bbox 1104 1526 1876 1564; baseline 0 -11"><span class='ocrx_word' id='word_1_375' title='bbox 1104 1527 1186 1564; x_wconf 64' lang='grc' dir='ltr'>λήρης</span> <span class='ocrx_word' id='word_1_376' title='bbox 1207 1527 1312 1554; x_wconf 77' lang='grc' dir='ltr'>πολλῶν</span> <span class='ocrx_word' id='word_1_377' title='bbox 1332 1527 1442 1562; x_wconf 79' lang='grc' dir='ltr'>ἀγαθῶν</span> <span class='ocrx_word' id='word_1_378' title='bbox 1468 1528 1514 1554; x_wconf 78' lang='grc' dir='ltr'>καὶ</span> <span class='ocrx_word' id='word_1_379' title='bbox 1536 1527 1637 1554; x_wconf 81' lang='grc' dir='ltr'>ἀδίκων</span> <span class='ocrx_word' id='word_1_380' title='bbox 1652 1526 1789 1562; x_wconf 81' lang='grc' dir='ltr'>θυμάτων</span> <span class='ocrx_word' id='word_1_381' title='bbox 1805 1527 1876 1562; x_wconf 70' lang='grc' dir='ltr'>μετὰ</span> 
     </span>
    </p>
   </div>
   <div class='ocr_carea' id='block_1_62' title="bbox 237 1575 660 1615">
    <p class='ocr_par' dir='ltr' id='par_1_62' title="bbox 237 1575 660 1615">
     <span class='ocr_line' id='line_1_62' title="bbox 237 1575 660 1615; baseline 0 -14"><span class='ocrx_word' id='word_1_382' title='bbox 237 1576 381 1611; x_wconf 79' lang='lat' dir='ltr'><strong>pecoribus</strong></span> <span class='ocrx_word' id='word_1_383' title='bbox 399 1583 460 1604; x_wconf 89' lang='lat' dir='ltr'><strong>cum</strong></span> <span class='ocrx_word' id='word_1_384' title='bbox 475 1575 660 1615; x_wconf 82' lang='lat' dir='ltr'><strong>contentione.</strong></span> 
     </span>
    </p>
   </div>
   <div class='ocr_carea' id='block_1_63' title="bbox 281 1621 1024 1657">
    <p class='ocr_par' dir='ltr' id='par_1_63' title="bbox 281 1621 1024 1657">
     <span class='ocr_line' id='line_1_63' title="bbox 281 1621 1024 1657; baseline 0.001 -8"><span class='ocrx_word' id='word_1_385' title='bbox 281 1622 352 1651; x_wconf 79' lang='lat' dir='ltr'><strong>Ibid.</strong></span> <span class='ocrx_word' id='word_1_386' title='bbox 365 1630 429 1650; x_wconf 79' lang='lat' dir='ltr'><strong>xxx.</strong></span> <span class='ocrx_word' id='word_1_387' title='bbox 452 1622 566 1650; x_wconf 84' lang='lat' dir='ltr'><strong>Divitias</strong></span> <span class='ocrx_word' id='word_1_388' title='bbox 579 1626 607 1649; x_wconf 81' lang='lat' dir='ltr'><strong>et</strong></span> <span class='ocrx_word' id='word_1_389' title='bbox 623 1625 809 1657; x_wconf 77' lang='lat' dir='ltr'><strong>paupertatem</strong></span> <span class='ocrx_word' id='word_1_390' title='bbox 829 1629 863 1649; x_wconf 89' lang='lat' dir='ltr'><strong>ne</strong></span> <span class='ocrx_word' id='word_1_391' title='bbox 880 1621 944 1649; x_wconf 89' lang='lat' dir='ltr'><strong>mihi</strong></span> <span class='ocrx_word' id='word_1_392' title='bbox 966 1621 1024 1655; x_wconf 86' lang='lat' dir='ltr'><strong>des,</strong></span> 
     </span>
    </p>
   </div>
   <div class='ocr_carea' id='block_1_64' title="bbox 238 1667 1026 1702">
    <p class='ocr_par' dir='ltr' id='par_1_64' title="bbox 238 1667 1026 1702">
     <span class='ocr_line' id='line_1_64' title="bbox 238 1667 1026 1702; baseline 0.001 -7"><span class='ocrx_word' id='word_1_393' title='bbox 238 1669 350 1696; x_wconf 84' lang='lat' dir='ltr'><strong>Domine</strong></span> <span class='ocrx_word' id='word_1_394' title='bbox 363 1691 370 1702; x_wconf 89' lang='lat'><strong>,</strong></span> <span class='ocrx_word' id='word_1_395' title='bbox 389 1668 435 1696; x_wconf 83' lang='lat' dir='ltr'><strong>sed</strong></span> <span class='ocrx_word' id='word_1_396' title='bbox 455 1668 609 1696; x_wconf 86' lang='lat' dir='ltr'><strong>necessaria</strong></span> <span class='ocrx_word' id='word_1_397' title='bbox 620 1673 646 1695; x_wconf 87' lang='lat' dir='ltr'><strong>ct</strong></span> <span class='ocrx_word' id='word_1_398' title='bbox 659 1675 718 1701; x_wconf 75' lang='lat' dir='ltr'><strong>qum</strong></span> <span class='ocrx_word' id='word_1_399' title='bbox 734 1667 871 1696; x_wconf 86' lang='lat' dir='ltr'><strong>sulliciant</strong></span> <span class='ocrx_word' id='word_1_400' title='bbox 890 1668 956 1695; x_wconf 78' lang='lat' dir='ltr'><strong>mihi</strong></span> <span class='ocrx_word' id='word_1_401' title='bbox 972 1668 1026 1696; x_wconf 86' lang='lat' dir='ltr'><strong>lar-</strong></span> 
     </span>
    </p>
   </div>
   <div class='ocr_carea' id='block_1_65' title="bbox 238 1714 1026 1751">
    <p class='ocr_par' dir='ltr' id='par_1_65' title="bbox 238 1714 1026 1751">
     <span class='ocr_line' id='line_1_65' title="bbox 238 1714 1026 1751; baseline -0.003 -8"><span class='ocrx_word' id='word_1_402' title='bbox 238 1717 305 1751; x_wconf 80' lang='lat' dir='ltr'><strong>gire,</strong></span> <span class='ocrx_word' id='word_1_403' title='bbox 324 1723 357 1744; x_wconf 89' lang='lat' dir='ltr'><strong>ne</strong></span> <span class='ocrx_word' id='word_1_404' title='bbox 371 1721 511 1743; x_wconf 84' lang='lat' dir='ltr'><strong>saturatus</strong></span> <span class='ocrx_word' id='word_1_405' title='bbox 526 1716 587 1742; x_wconf 84' lang='lat' dir='ltr'><strong>liam</strong></span> <span class='ocrx_word' id='word_1_406' title='bbox 607 1722 704 1747; x_wconf 85' lang='lat' dir='ltr'><strong>vanus,</strong></span> <span class='ocrx_word' id='word_1_407' title='bbox 723 1720 749 1742; x_wconf 88' lang='lat' dir='ltr'><strong>et</strong></span> <span class='ocrx_word' id='word_1_408' title='bbox 767 1714 875 1742; x_wconf 83' lang='lat' dir='ltr'><strong>dicam:</strong></span> <span class='ocrx_word' id='word_1_409' title='bbox 896 1714 962 1747; x_wconf 85' lang='lat' dir='ltr'><strong>Quis</strong></span> <span class='ocrx_word' id='word_1_410' title='bbox 983 1722 1026 1742; x_wconf 90' lang='lat' dir='ltr'><strong>mc</strong></span> 
     </span>
    </p>
   </div>
   <div class='ocr_carea' id='block_1_66' title="bbox 238 1760 1026 1797">
    <p class='ocr_par' dir='ltr' id='par_1_66' title="bbox 238 1760 1026 1797">
     <span class='ocr_line' id='line_1_66' title="bbox 238 1760 1026 1797; baseline -0.003 -8"><span class='ocrx_word' id='word_1_411' title='bbox 238 1762 310 1789; x_wconf 86' lang='lat' dir='ltr'><strong>\idct</strong></span> <span class='ocrx_word' id='word_1_412' title='bbox 324 1761 336 1788; x_wconf 70' lang='grc' dir='ltr'><strong>’ἔ</strong></span> <span class='ocrx_word' id='word_1_413' title='bbox 348 1767 394 1788; x_wconf 78' lang='lat' dir='ltr'><strong>aut</strong></span> <span class='ocrx_word' id='word_1_414' title='bbox 411 1769 511 1797; x_wconf 82' lang='lat' dir='ltr'><strong>pauper</strong></span> <span class='ocrx_word' id='word_1_415' title='bbox 537 1761 624 1789; x_wconf 70' lang='lat' dir='ltr'><strong>luctus</strong></span> <span class='ocrx_word' id='word_1_416' title='bbox 638 1760 737 1788; x_wconf 81' lang='lat' dir='ltr'><strong>furtum</strong></span> <span class='ocrx_word' id='word_1_417' title='bbox 753 1761 969 1793; x_wconf 88' lang='lat' dir='ltr'><strong>committam,et</strong></span> <span class='ocrx_word' id='word_1_418' title='bbox 983 1761 1026 1796; x_wconf 89' lang='lat' dir='ltr'><strong>ju-</strong></span> 
     </span>
    </p>
   </div>
   <div class='ocr_carea' id='block_1_67' title="bbox 238 1808 608 1842">
    <p class='ocr_par' dir='ltr' id='par_1_67' title="bbox 238 1808 608 1842">
     <span class='ocr_line' id='line_1_67' title="bbox 238 1808 608 1842; baseline 0.003 -7"><span class='ocrx_word' id='word_1_419' title='bbox 238 1815 293 1835; x_wconf 83' lang='lat' dir='ltr'><strong>tcm</strong></span> <span class='ocrx_word' id='word_1_420' title='bbox 307 1816 353 1842; x_wconf 87' lang='lat' dir='ltr'><strong>per</strong></span> <span class='ocrx_word' id='word_1_421' title='bbox 369 1815 466 1835; x_wconf 81' lang='lat' dir='ltr'><strong>nomen</strong></span> <span class='ocrx_word' id='word_1_422' title='bbox 480 1808 526 1835; x_wconf 86' lang='lat' dir='ltr'><strong>Dei</strong></span> <span class='ocrx_word' id='word_1_423' title='bbox 545 1808 608 1836; x_wconf 88' lang='lat' dir='ltr'><strong>mei.</strong></span> 
     </span>
    </p>
   </div>
   <div class='ocr_carea' id='block_1_68' title="bbox 277 1853 1024 1889">
    <p class='ocr_par' dir='ltr' id='par_1_68' title="bbox 277 1853 1024 1889">
     <span class='ocr_line' id='line_1_68' title="bbox 277 1853 1024 1889; baseline 0.001 -8"><span class='ocrx_word' id='word_1_424' title='bbox 277 1853 347 1881; x_wconf 80' lang='lat' dir='ltr'><strong>Ibid.</strong></span> <span class='ocrx_word' id='word_1_425' title='bbox 365 1862 428 1882; x_wconf 81' lang='lat' dir='ltr'><strong>xxv.</strong></span> <span class='ocrx_word' id='word_1_426' title='bbox 445 1854 560 1882; x_wconf 84' lang='lat' dir='ltr'><strong>luvento</strong></span> <span class='ocrx_word' id='word_1_427' title='bbox 575 1853 655 1881; x_wconf 82' lang='lat' dir='ltr'><strong>melle</strong></span> <span class='ocrx_word' id='word_1_428' title='bbox 668 1854 740 1889; x_wconf 79' lang='lat' dir='ltr'><strong>quod</strong></span> <span class='ocrx_word' id='word_1_429' title='bbox 760 1853 827 1881; x_wconf 87' lang='lat' dir='ltr'><strong>satis</strong></span> <span class='ocrx_word' id='word_1_430' title='bbox 842 1858 883 1882; x_wconf 88' lang='lat' dir='ltr'><strong>est</strong></span> <span class='ocrx_word' id='word_1_431' title='bbox 900 1854 1024 1888; x_wconf 70' lang='lat' dir='ltr'><strong>courcde,</strong></span> 
     </span>
    </p>
   </div>
   <div class='ocr_carea' id='block_1_69' title="bbox 237 1901 626 1935">
    <p class='ocr_par' dir='ltr' id='par_1_69' title="bbox 237 1901 626 1935">
     <span class='ocr_line' id='line_1_69' title="bbox 237 1901 626 1935; baseline -0.003 -7"><span class='ocrx_word' id='word_1_432' title='bbox 237 1909 270 1928; x_wconf 90' lang='lat' dir='ltr'><strong>nc</strong></span> <span class='ocrx_word' id='word_1_433' title='bbox 288 1901 356 1928; x_wconf 79' lang='lat' dir='ltr'><strong>forte</strong></span> <span class='ocrx_word' id='word_1_434' title='bbox 369 1902 487 1935; x_wconf 71' lang='lat' dir='ltr'><strong>repletus</strong></span> <span class='ocrx_word' id='word_1_435' title='bbox 504 1908 626 1928; x_wconf 88' lang='lat' dir='ltr'><strong>cvomas.</strong></span> 
     </span>
    </p>
   </div>
   <div class='ocr_carea' id='block_1_70' title="bbox 279 1947 1025 1984">
    <p class='ocr_par' dir='ltr' id='par_1_70' title="bbox 279 1947 1025 1984">
     <span class='ocr_line' id='line_1_70' title="bbox 279 1947 1025 1984; baseline 0.001 -10"><span class='ocrx_word' id='word_1_436' title='bbox 279 1947 385 1975; x_wconf 66' lang='grc' dir='ltr'>εἰναι-ὴ.</span> <span class='ocrx_word' id='word_1_437' title='bbox 395 1948 509 1975; x_wconf 80' lang='lat' dir='ltr'><strong>Praestat</strong></span> <span class='ocrx_word' id='word_1_438' title='bbox 520 1948 638 1983; x_wconf 75' lang='lat' dir='ltr'><strong>pugillus</strong></span> <span class='ocrx_word' id='word_1_439' title='bbox 652 1947 747 1983; x_wconf 85' lang='lat' dir='ltr'><strong>plenus</strong></span> <span class='ocrx_word' id='word_1_440' title='bbox 757 1955 818 1976; x_wconf 84' lang='lat' dir='ltr'><strong>cum</strong></span> <span class='ocrx_word' id='word_1_441' title='bbox 837 1949 942 1984; x_wconf 84' lang='lat' dir='ltr'><strong>quiete,</strong></span> <span class='ocrx_word' id='word_1_442' title='bbox 955 1948 1025 1976; x_wconf 92' lang='lat' dir='ltr'><strong>duo-</strong></span> 
     </span>
    </p>
   </div>
   <div class='ocr_carea' id='block_1_71' title="bbox 238 1994 610 2029">
    <p class='ocr_par' dir='ltr' id='par_1_71' title="bbox 238 1994 610 2029">
     <span class='ocr_line' id='line_1_71' title="bbox 238 1994 610 2029; baseline 0.003 -8"><span class='ocrx_word' id='word_1_443' title='bbox 238 1995 288 2022; x_wconf 84' lang='lat' dir='ltr'><strong>bus</strong></span> <span class='ocrx_word' id='word_1_444' title='bbox 307 1995 415 2029; x_wconf 67' lang='lat' dir='ltr'><strong>pugillis</strong></span> <span class='ocrx_word' id='word_1_445' title='bbox 430 2002 491 2021; x_wconf 89' lang='lat' dir='ltr'><strong>cum</strong></span> <span class='ocrx_word' id='word_1_446' title='bbox 508 1994 610 2022; x_wconf 80' lang='lat' dir='ltr'><strong>labore.</strong></span> 
     </span>
    </p>
   </div>
   <div class='ocr_carea' id='block_1_72' title="bbox 282 2040 804 2077">
    <p class='ocr_par' dir='ltr' id='par_1_72' title="bbox 282 2040 804 2077">
     <span class='ocr_line' id='line_1_72' title="bbox 282 2040 804 2077; baseline 0.006 -11"><span class='ocrx_word' id='word_1_447' title='bbox 282 2040 392 2067; x_wconf 89' lang='lat' dir='ltr'><strong>llomiui</strong></span> <span class='ocrx_word' id='word_1_448' title='bbox 406 2041 523 2074; x_wconf 87' lang='lat' dir='ltr'><strong>sapienti</strong></span> <span class='ocrx_word' id='word_1_449' title='bbox 537 2041 637 2068; x_wconf 87' lang='lat' dir='ltr'><strong>sullicit</strong></span> <span class='ocrx_word' id='word_1_450' title='bbox 664 2042 804 2077; x_wconf 80' lang='lat' dir='ltr'><strong>exiguum.</strong></span> 
     </span>
    </p>
   </div>
   <div class='ocr_carea' id='block_1_73' title="bbox 286 2085 921 2122">
    <p class='ocr_par' dir='ltr' id='par_1_73' title="bbox 286 2085 921 2122">
     <span class='ocr_line' id='line_1_73' title="bbox 286 2085 921 2122; baseline 0.003 -10"><span class='ocrx_word' id='word_1_451' title='bbox 286 2085 346 2113; x_wconf 84' lang='lat' dir='ltr'><strong>Vita</strong></span> <span class='ocrx_word' id='word_1_452' title='bbox 361 2086 543 2121; x_wconf 75' lang='lat' dir='ltr'><strong>frugalitatem</strong></span> <span class='ocrx_word' id='word_1_453' title='bbox 565 2088 704 2122; x_wconf 85' lang='lat' dir='ltr'><strong>sequentis</strong></span> <span class='ocrx_word' id='word_1_454' title='bbox 721 2088 841 2121; x_wconf 85' lang='lat' dir='ltr'><strong>jucunda</strong></span> <span class='ocrx_word' id='word_1_455' title='bbox 858 2089 921 2116; x_wconf 84' lang='lat' dir='ltr'><strong>erit.</strong></span> 
     </span>
    </p>
   </div>
   <div class='ocr_carea' id='block_1_74' title="bbox 289 2133 872 2162">
    <p class='ocr_par' dir='ltr' id='par_1_74' title="bbox 289 2133 872 2162">
     <span class='ocr_line' id='line_1_74' title="bbox 289 2133 872 2162; baseline 0.003 -2"><span class='ocrx_word' id='word_1_456' title='bbox 289 2133 407 2160; x_wconf 83' lang='lat' dir='ltr'><strong>Somnus</strong></span> <span class='ocrx_word' id='word_1_457' title='bbox 422 2133 547 2161; x_wconf 84' lang='lat' dir='ltr'><strong>sanitatis</strong></span> <span class='ocrx_word' id='word_1_458' title='bbox 564 2133 590 2161; x_wconf 92' lang='lat' dir='ltr'><strong>iu</strong></span> <span class='ocrx_word' id='word_1_459' title='bbox 608 2139 701 2162; x_wconf 82' lang='lat' dir='ltr'><strong>ventre</strong></span> <span class='ocrx_word' id='word_1_460' title='bbox 719 2135 872 2162; x_wconf 76' lang='lat' dir='ltr'><strong>moderato.</strong></span> 
     </span>
    </p>
   </div>
   <div class='ocr_carea' id='block_1_75' title="bbox 281 2179 1025 2214">
    <p class='ocr_par' dir='ltr' id='par_1_75' title="bbox 281 2179 1025 2214">
     <span class='ocr_line' id='line_1_75' title="bbox 281 2179 1025 2214; baseline 0.001 -7"><span class='ocrx_word' id='word_1_461' title='bbox 281 2179 309 2207; x_wconf 89' lang='lat' dir='ltr'><strong>S.</strong></span> <span class='ocrx_word' id='word_1_462' title='bbox 325 2179 430 2208; x_wconf 78' lang='lat' dir='ltr'><strong>Basilii.</strong></span> <span class='ocrx_word' id='word_1_463' title='bbox 449 2179 613 2214; x_wconf 74' lang='lat' dir='ltr'><strong>Magnanimi</strong></span> <span class='ocrx_word' id='word_1_464' title='bbox 645 2180 721 2209; x_wconf 86' lang='lat' dir='ltr'><strong>sitis.</strong></span> <span class='ocrx_word' id='word_1_465' title='bbox 739 2180 859 2208; x_wconf 83' lang='lat' dir='ltr'><strong>Parietes</strong></span> <span class='ocrx_word' id='word_1_466' title='bbox 884 2188 949 2208; x_wconf 84' lang='lat' dir='ltr'><strong>vero</strong></span> <span class='ocrx_word' id='word_1_467' title='bbox 978 2189 1025 2209; x_wconf 83' lang='lat' dir='ltr'><strong>seu</strong></span> 
     </span>
    </p>
   </div>
   <div class='ocr_carea' id='block_1_76' title="bbox 236 2225 870 2260">
    <p class='ocr_par' dir='ltr' id='par_1_76' title="bbox 236 2225 870 2260">
     <span class='ocr_line' id='line_1_76' title="bbox 236 2225 870 2260; baseline 0.003 -9"><span class='ocrx_word' id='word_1_468' title='bbox 236 2226 311 2260; x_wconf 68' lang='lat' dir='ltr'><strong>parvi</strong></span> <span class='ocrx_word' id='word_1_469' title='bbox 322 2233 369 2252; x_wconf 86' lang='lat' dir='ltr'><strong>seu</strong></span> <span class='ocrx_word' id='word_1_470' title='bbox 385 2225 475 2260; x_wconf 77' lang='lat' dir='ltr'><strong>magni</strong></span> <span class='ocrx_word' id='word_1_471' title='bbox 489 2225 614 2253; x_wconf 66' lang='lat' dir='ltr'><strong>eumdem</strong></span> <span class='ocrx_word' id='word_1_472' title='bbox 635 2233 714 2253; x_wconf 89' lang='lat' dir='ltr'><strong>usum</strong></span> <span class='ocrx_word' id='word_1_473' title='bbox 731 2226 870 2254; x_wconf 81' lang='lat' dir='ltr'><strong>exhibent.</strong></span> 
     </span>
    </p>
   </div>
   <div class='ocr_carea' id='block_1_77' title="bbox 278 2271 1026 2309">
    <p class='ocr_par' dir='ltr' id='par_1_77' title="bbox 278 2271 1026 2309">
     <span class='ocr_line' id='line_1_77' title="bbox 278 2271 1026 2309; baseline 0.004 -11"><span class='ocrx_word' id='word_1_474' title='bbox 278 2271 353 2299; x_wconf 86' lang='lat' dir='ltr'><strong>Unus</strong></span> <span class='ocrx_word' id='word_1_475' title='bbox 364 2276 406 2299; x_wconf 89' lang='lat' dir='ltr'><strong>est</strong></span> <span class='ocrx_word' id='word_1_476' title='bbox 420 2279 519 2307; x_wconf 89' lang='lat' dir='ltr'><strong>scopus</strong></span> <span class='ocrx_word' id='word_1_477' title='bbox 531 2272 624 2305; x_wconf 82' lang='lat' dir='ltr'><strong>vestis,</strong></span> <span class='ocrx_word' id='word_1_478' title='bbox 642 2278 671 2300; x_wconf 94' lang='lat' dir='ltr'><strong>ut</strong></span> <span class='ocrx_word' id='word_1_479' title='bbox 685 2272 823 2302; x_wconf 80' lang='lat' dir='ltr'><strong>sullicieus</strong></span> <span class='ocrx_word' id='word_1_480' title='bbox 840 2278 1026 2309; x_wconf 80' lang='lat' dir='ltr'><strong>tegumentum</strong></span> 
     </span>
    </p>
   </div>
   <div class='ocr_carea' id='block_1_78' title="bbox 237 2318 638 2348">
    <p class='ocr_par' dir='ltr' id='par_1_78' title="bbox 237 2318 638 2348">
     <span class='ocr_line' id='line_1_78' title="bbox 237 2318 638 2348; baseline 0.002 -3"><span class='ocrx_word' id='word_1_481' title='bbox 237 2318 272 2345; x_wconf 81' lang='lat' dir='ltr'><strong>sit</strong></span> <span class='ocrx_word' id='word_1_482' title='bbox 287 2318 317 2343; x_wconf 83' lang='lat' dir='ltr'><strong>ad</strong></span> <span class='ocrx_word' id='word_1_483' title='bbox 331 2318 448 2346; x_wconf 85' lang='lat' dir='ltr'><strong>hiemem</strong></span> <span class='ocrx_word' id='word_1_484' title='bbox 464 2323 491 2346; x_wconf 89' lang='lat' dir='ltr'><strong>et</strong></span> <span class='ocrx_word' id='word_1_485' title='bbox 505 2324 638 2348; x_wconf 77' lang='lat' dir='ltr'><strong>acSIatem.</strong></span> 
     </span>
    </p>
   </div>
   <div class='ocr_carea' id='block_1_79' title="bbox 270 2362 1024 2401">
    <p class='ocr_par' dir='ltr' id='par_1_79' title="bbox 270 2362 1024 2401">
     <span class='ocr_line' id='line_1_79' title="bbox 270 2362 1024 2401; baseline 0.005 -12"><span class='ocrx_word' id='word_1_486' title='bbox 270 2362 402 2398; x_wconf 88' lang='lat' dir='ltr'><strong>Sumptus</strong></span> <span class='ocrx_word' id='word_1_487' title='bbox 410 2371 492 2398; x_wconf 85' lang='lat' dir='ltr'><strong>supra</strong></span> <span class='ocrx_word' id='word_1_488' title='bbox 502 2371 585 2399; x_wconf 86' lang='lat' dir='ltr'><strong>quam</strong></span> <span class='ocrx_word' id='word_1_489' title='bbox 601 2365 751 2392; x_wconf 86' lang='lat' dir='ltr'><strong>necessitas</strong></span> <span class='ocrx_word' id='word_1_490' title='bbox 760 2369 787 2393; x_wconf 86' lang='lat' dir='ltr'><strong>ct</strong></span> <span class='ocrx_word' id='word_1_491' title='bbox 797 2373 864 2394; x_wconf 81' lang='lat' dir='ltr'><strong>usus</strong></span> <span class='ocrx_word' id='word_1_492' title='bbox 875 2365 1024 2401; x_wconf 84' lang='lat' dir='ltr'><strong>postulant,</strong></span> 
     </span>
    </p>
   </div>
   <div class='ocr_carea' id='block_1_80' title="bbox 257 2408 407 2436">
    <p class='ocr_par' dir='ltr' id='par_1_80' title="bbox 257 2408 407 2436">
     <span class='ocr_line' id='line_1_80' title="bbox 257 2408 407 2436; baseline 0.013 -2"><span class='ocrx_word' id='word_1_493' title='bbox 257 2408 342 2436; x_wconf 86' lang='lat' dir='ltr'><strong>busus</strong></span> <span class='ocrx_word' id='word_1_494' title='bbox 356 2413 407 2436; x_wconf 88' lang='lat' dir='ltr'><strong>est.</strong></span> 
     </span>
    </p>
   </div>
   <div class='ocr_carea' id='block_1_81' title="bbox 280 2454 1028 2492">
    <p class='ocr_par' dir='ltr' id='par_1_81' title="bbox 280 2454 1028 2492">
     <span class='ocr_line' id='line_1_81' title="bbox 280 2454 1028 2492; baseline 0.005 -11"><span class='ocrx_word' id='word_1_495' title='bbox 280 2454 368 2482; x_wconf 81' lang='lat' dir='ltr'><strong>Theol.</strong></span> <span class='ocrx_word' id='word_1_496' title='bbox 379 2455 490 2483; x_wconf 67' lang='lat' dir='ltr'><strong>I’razstat</strong></span> <span class='ocrx_word' id='word_1_497' title='bbox 501 2456 597 2492; x_wconf 78' lang='lat' dir='ltr'><strong>cxigua</strong></span> <span class='ocrx_word' id='word_1_498' title='bbox 618 2457 706 2491; x_wconf 88' lang='lat' dir='ltr'><strong>portio</strong></span> <span class='ocrx_word' id='word_1_499' title='bbox 721 2464 783 2485; x_wconf 90' lang='lat' dir='ltr'><strong>cum</strong></span> <span class='ocrx_word' id='word_1_500' title='bbox 801 2458 955 2492; x_wconf 83' lang='lat' dir='ltr'><strong>securitate,</strong></span> <span class='ocrx_word' id='word_1_501' title='bbox 971 2467 1028 2486; x_wconf 82' lang='lat' dir='ltr'><strong>rna-</strong></span> 
     </span>
    </p>
   </div>
   <div class='ocr_carea' id='block_1_82' title="bbox 209 2501 537 2539">
    <p class='ocr_par' dir='ltr' id='par_1_82' title="bbox 209 2501 537 2539">
     <span class='ocr_line' id='line_1_82' title="bbox 209 2501 537 2539; baseline 0.009 -14"><span class='ocrx_word' id='word_1_502' title='bbox 209 2536 219 2539; x_wconf 85' lang='lat'>_</span> <span class='ocrx_word' id='word_1_503' title='bbox 257 2508 297 2526; x_wconf 70' lang='lat' dir='ltr'><strong>na:</strong></span> <span class='ocrx_word' id='word_1_504' title='bbox 312 2508 374 2527; x_wconf 77' lang='lat' dir='ltr'><strong>cum</strong></span> <span class='ocrx_word' id='word_1_505' title='bbox 388 2501 537 2528; x_wconf 78' lang='lat' dir='ltr'><strong>debilitate.</strong></span> 
     </span>
    </p>
   </div>
   <div class='ocr_carea' id='block_1_83' title="bbox 279 2546 1028 2585">
    <p class='ocr_par' dir='ltr' id='par_1_83' title="bbox 279 2546 1028 2585">
     <span class='ocr_line' id='line_1_83' title="bbox 279 2546 1028 2585; baseline 0.005 -11"><span class='ocrx_word' id='word_1_506' title='bbox 279 2546 356 2582; x_wconf 82' lang='lat' dir='ltr'><strong>Greg.</strong></span> <span class='ocrx_word' id='word_1_507' title='bbox 373 2546 454 2582; x_wconf 66' lang='lat' dir='ltr'><strong>Nysa.</strong></span> <span class='ocrx_word' id='word_1_508' title='bbox 471 2547 563 2583; x_wconf 87' lang='lat' dir='ltr'><strong>Inopia</strong></span> <span class='ocrx_word' id='word_1_509' title='bbox 577 2547 624 2575; x_wconf 89' lang='lat' dir='ltr'><strong>tibi</strong></span> <span class='ocrx_word' id='word_1_510' title='bbox 642 2548 678 2576; x_wconf 87' lang='lat' dir='ltr'><strong>sit</strong></span> <span class='ocrx_word' id='word_1_511' title='bbox 691 2549 847 2582; x_wconf 88' lang='lat' dir='ltr'><strong>obsonium,</strong></span> <span class='ocrx_word' id='word_1_512' title='bbox 859 2554 885 2577; x_wconf 89' lang='lat' dir='ltr'><strong>et</strong></span> <span class='ocrx_word' id='word_1_513' title='bbox 897 2550 968 2585; x_wconf 86' lang='lat' dir='ltr'><strong>quod</strong></span> <span class='ocrx_word' id='word_1_514' title='bbox 985 2558 1028 2578; x_wconf 83' lang='lat' dir='ltr'><strong>sa-</strong></span> 
     </span>
    </p>
   </div>
   <div class='ocr_carea' id='block_1_84' title="bbox 240 2594 1028 2631">
    <p class='ocr_par' dir='ltr' id='par_1_84' title="bbox 240 2594 1028 2631">
     <span class='ocr_line' id='line_1_84' title="bbox 240 2594 1028 2631; baseline 0.005 -11"><span class='ocrx_word' id='word_1_515' title='bbox 240 2594 319 2620; x_wconf 74' lang='lat' dir='ltr'><strong>tietas</strong></span> <span class='ocrx_word' id='word_1_516' title='bbox 334 2601 386 2620; x_wconf 89' lang='lat' dir='ltr'><strong>non</strong></span> <span class='ocrx_word' id='word_1_517' title='bbox 402 2595 531 2631; x_wconf 86' lang='lat' dir='ltr'><strong>adjicitur</strong></span> <span class='ocrx_word' id='word_1_518' title='bbox 544 2595 678 2628; x_wconf 86' lang='lat' dir='ltr'><strong>satietati,</strong></span> <span class='ocrx_word' id='word_1_519' title='bbox 701 2603 750 2623; x_wconf 88' lang='lat' dir='ltr'><strong>nec</strong></span> <span class='ocrx_word' id='word_1_520' title='bbox 764 2596 900 2631; x_wconf 80' lang='lat' dir='ltr'><strong>appetitus</strong></span> <span class='ocrx_word' id='word_1_521' title='bbox 915 2596 1028 2624; x_wconf 79' lang='lat' dir='ltr'><strong>hebeta-</strong></span> 
     </span>
    </p>
   </div>
   <div class='ocr_carea' id='block_1_85' title="bbox 241 2640 417 2674">
    <p class='ocr_par' dir='ltr' id='par_1_85' title="bbox 241 2640 417 2674">
     <span class='ocr_line' id='line_1_85' title="bbox 241 2640 417 2674; baseline 0.006 -8"><span class='ocrx_word' id='word_1_522' title='bbox 241 2645 284 2666; x_wconf 87' lang='lat' dir='ltr'><strong>tur</strong></span> <span class='ocrx_word' id='word_1_523' title='bbox 294 2640 417 2674; x_wconf 77' lang='lat' dir='ltr'><strong>crapula.</strong></span> 
     </span>
    </p>
   </div>
   <div class='ocr_carea' id='block_1_86' title="bbox 284 2684 1029 2722">
    <p class='ocr_par' dir='ltr' id='par_1_86' title="bbox 284 2684 1029 2722">
     <span class='ocr_line' id='line_1_86' title="bbox 284 2684 1029 2722; baseline 0.005 -11"><span class='ocrx_word' id='word_1_524' title='bbox 284 2685 335 2718; x_wconf 85' lang='lat' dir='ltr'><strong>Qui</strong></span> <span class='ocrx_word' id='word_1_525' title='bbox 363 2685 435 2712; x_wconf 83' lang='lat' dir='ltr'><strong>dicm</strong></span> <span class='ocrx_word' id='word_1_526' title='bbox 460 2684 545 2719; x_wconf 89' lang='lat' dir='ltr'><strong>dedit,</strong></span> <span class='ocrx_word' id='word_1_527' title='bbox 570 2685 646 2714; x_wconf 86' lang='lat' dir='ltr'><strong>dabit</strong></span> <span class='ocrx_word' id='word_1_528' title='bbox 665 2685 748 2714; x_wconf 82' lang='lat' dir='ltr'><strong>etiam</strong></span> <span class='ocrx_word' id='word_1_529' title='bbox 767 2694 829 2722; x_wconf 67' lang='lat' dir='ltr'><strong>qua:</strong></span> <span class='ocrx_word' id='word_1_530' title='bbox 844 2687 878 2715; x_wconf 89' lang='lat' dir='ltr'><strong>ad</strong></span> <span class='ocrx_word' id='word_1_531' title='bbox 895 2687 966 2715; x_wconf 89' lang='lat' dir='ltr'><strong>diem</strong></span> <span class='ocrx_word' id='word_1_532' title='bbox 983 2696 1029 2715; x_wconf 87' lang='lat' dir='ltr'><strong>ne-</strong></span> 
     </span>
    </p>
   </div>
   <div class='ocr_carea' id='block_1_87' title="bbox 241 2732 449 2759">
    <p class='ocr_par' dir='ltr' id='par_1_87' title="bbox 241 2732 449 2759">
     <span class='ocr_line' id='line_1_87' title="bbox 241 2732 449 2759; baseline -0.005 -1"><span class='ocrx_word' id='word_1_533' title='bbox 241 2732 361 2759; x_wconf 66' lang='lat' dir='ltr'><strong>cessaria</strong></span> <span class='ocrx_word' id='word_1_534' title='bbox 374 2737 449 2759; x_wconf 90' lang='lat' dir='ltr'><strong>sunt.</strong></span> 
     </span>
    </p>
   </div>
   <div class='ocr_carea' id='block_1_88' title="bbox 281 2778 1029 2816">
    <p class='ocr_par' dir='ltr' id='par_1_88' title="bbox 281 2778 1029 2816">
     <span class='ocr_line' id='line_1_88' title="bbox 281 2778 1029 2816; baseline 0.005 -12"><span class='ocrx_word' id='word_1_535' title='bbox 281 2778 381 2805; x_wconf 80' lang='lat' dir='ltr'><strong>lterum</strong></span> <span class='ocrx_word' id='word_1_536' title='bbox 399 2779 613 2806; x_wconf 81' lang='lat' dir='ltr'><strong>necessariarum</strong></span> <span class='ocrx_word' id='word_1_537' title='bbox 624 2786 689 2807; x_wconf 84' lang='lat' dir='ltr'><strong>usus</strong></span> <span class='ocrx_word' id='word_1_538' title='bbox 714 2784 741 2807; x_wconf 88' lang='lat' dir='ltr'><strong>ct</strong></span> <span class='ocrx_word' id='word_1_539' title='bbox 755 2781 892 2815; x_wconf 87' lang='lat' dir='ltr'><strong>possessio</strong></span> <span class='ocrx_word' id='word_1_540' title='bbox 905 2781 956 2816; x_wconf 80' lang='lat'><strong>61</strong></span> <span class='ocrx_word' id='word_1_541' title='bbox 977 2789 1029 2809; x_wconf 89' lang='lat' dir='ltr'><strong>non</strong></span> 
     </span>
    </p>
   </div>
   <div class='ocr_carea' id='block_1_89' title="bbox 280 2870 774 2908">
    <p class='ocr_par' dir='ltr' id='par_1_89' title="bbox 280 2870 774 2908">
     <span class='ocr_line' id='line_1_89' title="bbox 280 2870 774 2908; baseline 0.012 -13"><span class='ocrx_word' id='word_1_542' title='bbox 280 2870 316 2905; x_wconf 65' lang='grc'><strong>(1)</strong></span> <span class='ocrx_word' id='word_1_543' title='bbox 338 2870 422 2899; x_wconf 83' lang='lat' dir='ltr'><strong>Aliter</strong></span> <span class='ocrx_word' id='word_1_544' title='bbox 437 2871 535 2907; x_wconf 74' lang='lat' dir='ltr'><strong>legitur</strong></span> <span class='ocrx_word' id='word_1_545' title='bbox 547 2872 617 2908; x_wconf 81' lang='lat' dir='ltr'><strong>apud</strong></span> <span class='ocrx_word' id='word_1_546' title='bbox 635 2871 774 2901; x_wconf 62' lang='lat' dir='ltr'><strong>llcbrtcos.</strong></span> 
     </span>
    </p>
   </div>
   <div class='ocr_carea' id='block_1_90' title="bbox 1080 1574 1180 1610">
    <p class='ocr_par' dir='ltr' id='par_1_90' title="bbox 1080 1574 1180 1610">
     <span class='ocr_line' id='line_1_90' title="bbox 1080 1574 1180 1610; baseline -0.04 0"><span class='ocrx_word' id='word_1_547' title='bbox 1080 1574 1180 1610; x_wconf 63' lang='grc' dir='ltr'>μάχης.</span> 
     </span>
    </p>
   </div>
   <div class='ocr_carea' id='block_1_91' title="bbox 1113 1620 1877 1656">
    <p class='ocr_par' dir='ltr' id='par_1_91' title="bbox 1113 1620 1877 1656">
     <span class='ocr_line' id='line_1_91' title="bbox 1113 1620 1877 1656; baseline -0.001 -8"><span class='ocrx_word' id='word_1_548' title='bbox 1113 1621 1231 1648; x_wconf 83' lang='grc' dir='ltr'>Πλοῦτον</span> <span class='ocrx_word' id='word_1_549' title='bbox 1251 1621 1297 1648; x_wconf 77' lang='grc' dir='ltr'>καὶ</span> <span class='ocrx_word' id='word_1_550' title='bbox 1314 1621 1409 1648; x_wconf 78' lang='grc' dir='ltr'>πενίαν</span> <span class='ocrx_word' id='word_1_551' title='bbox 1429 1621 1466 1656; x_wconf 85' lang='grc' dir='ltr'>μή</span> <span class='ocrx_word' id='word_1_552' title='bbox 1482 1630 1526 1655; x_wconf 86' lang='grc' dir='ltr'><strong>μοι</strong></span> <span class='ocrx_word' id='word_1_553' title='bbox 1543 1620 1605 1656; x_wconf 84' lang='grc' dir='ltr'>δῷς,</span> <span class='ocrx_word' id='word_1_554' title='bbox 1621 1620 1720 1656; x_wconf 76' lang='grc' dir='ltr'>Κύριε’</span> <span class='ocrx_word' id='word_1_555' title='bbox 1740 1621 1877 1654; x_wconf 73' lang='grc' dir='ltr'>σύνταξον</span> 
     </span>
    </p>
   </div>
   <div class='ocr_carea' id='block_1_92' title="bbox 1076 1667 1880 1702">
    <p class='ocr_par' dir='ltr' id='par_1_92' title="bbox 1076 1667 1880 1702">
     <span class='ocr_line' id='line_1_92' title="bbox 1076 1667 1880 1702; baseline -0.001 -8"><span class='ocrx_word' id='word_1_556' title='bbox 1076 1668 1105 1695; x_wconf 82' lang='grc' dir='ltr'><strong>δέ</strong></span> <span class='ocrx_word' id='word_1_557' title='bbox 1122 1676 1167 1702; x_wconf 80' lang='grc' dir='ltr'><strong>μοι</strong></span> <span class='ocrx_word' id='word_1_558' title='bbox 1185 1668 1218 1694; x_wconf 77' lang='grc' dir='ltr'><strong>τὰ</strong></span> <span class='ocrx_word' id='word_1_559' title='bbox 1233 1667 1329 1694; x_wconf 78' lang='grc' dir='ltr'>δέοντα</span> <span class='ocrx_word' id='word_1_560' title='bbox 1346 1668 1392 1694; x_wconf 75' lang='grc' dir='ltr'>καὶ</span> <span class='ocrx_word' id='word_1_561' title='bbox 1412 1667 1445 1694; x_wconf 76' lang='grc' dir='ltr'><strong>τὰ</strong></span> <span class='ocrx_word' id='word_1_562' title='bbox 1460 1667 1596 1701; x_wconf 70' lang='grc' dir='ltr'>αὐτάρκη,</span> <span class='ocrx_word' id='word_1_563' title='bbox 1619 1667 1663 1693; x_wconf 86' lang='grc' dir='ltr'>ἵνα</span> <span class='ocrx_word' id='word_1_564' title='bbox 1683 1667 1722 1702; x_wconf 82' lang='grc' dir='ltr'>μὴ</span> <span class='ocrx_word' id='word_1_565' title='bbox 1739 1667 1880 1702; x_wconf 55' lang='grc' dir='ltr'>πλησθεὶς</span> 
     </span>
    </p>
   </div>
   <div class='ocr_carea' id='block_1_93' title="bbox 1076 1713 1880 1749">
    <p class='ocr_par' dir='ltr' id='par_1_93' title="bbox 1076 1713 1880 1749">
     <span class='ocr_line' id='line_1_93' title="bbox 1076 1713 1880 1749; baseline -0.001 -9"><span class='ocrx_word' id='word_1_566' title='bbox 1076 1715 1177 1749; x_wconf 76' lang='grc' dir='ltr'>ψευδὴς</span> <span class='ocrx_word' id='word_1_567' title='bbox 1192 1714 1327 1748; x_wconf 80' lang='grc' dir='ltr'>γένωμαι,</span> <span class='ocrx_word' id='word_1_568' title='bbox 1347 1713 1393 1740; x_wconf 75' lang='grc' dir='ltr'>καὶ</span> <span class='ocrx_word' id='word_1_569' title='bbox 1407 1713 1486 1746; x_wconf 75' lang='grc' dir='ltr'>εἴπω,</span> <span class='ocrx_word' id='word_1_570' title='bbox 1508 1713 1556 1744; x_wconf 88' lang='grc' dir='ltr'>Τίς</span> <span class='ocrx_word' id='word_1_571' title='bbox 1574 1722 1607 1748; x_wconf 85' lang='grc' dir='ltr'><strong>με</strong></span> <span class='ocrx_word' id='word_1_572' title='bbox 1619 1713 1689 1748; x_wconf 80' lang='grc' dir='ltr'><strong>ὁρᾷ;</strong></span> <span class='ocrx_word' id='word_1_573' title='bbox 1706 1713 1723 1748; x_wconf 75' lang='grc' dir='ltr'><strong>ἢ</strong></span> <span class='ocrx_word' id='word_1_574' title='bbox 1741 1714 1880 1748; x_wconf 51' lang='lat' dir='ltr'><strong>«mea;</strong></span> 
     </span>
    </p>
   </div>
   <div class='ocr_carea' id='block_1_94' title="bbox 1077 1759 1720 1796">
    <p class='ocr_par' dir='ltr' id='par_1_94' title="bbox 1077 1759 1720 1796">
     <span class='ocr_line' id='line_1_94' title="bbox 1077 1759 1720 1796; baseline -0.003 -8"><span class='ocrx_word' id='word_1_575' title='bbox 1077 1761 1178 1796; x_wconf 74' lang='grc' dir='ltr'>γλέψω,</span> <span class='ocrx_word' id='word_1_576' title='bbox 1195 1761 1243 1788; x_wconf 77' lang='grc' dir='ltr'>καὶ</span> <span class='ocrx_word' id='word_1_577' title='bbox 1258 1761 1350 1795; x_wconf 75' lang='grc' dir='ltr'>ὁμόσω</span> <span class='ocrx_word' id='word_1_578' title='bbox 1363 1760 1392 1787; x_wconf 79' lang='grc' dir='ltr'>τὸ</span> <span class='ocrx_word' id='word_1_579' title='bbox 1407 1759 1493 1795; x_wconf 71' lang='grc' dir='ltr'>ὄνομα</span> <span class='ocrx_word' id='word_1_580' title='bbox 1509 1759 1556 1787; x_wconf 82' lang='grc' dir='ltr'>τοῦ</span> <span class='ocrx_word' id='word_1_581' title='bbox 1572 1759 1640 1786; x_wconf 81' lang='grc' dir='ltr'>Θεοῦ</span> <span class='ocrx_word' id='word_1_582' title='bbox 1657 1768 1720 1794; x_wconf 88' lang='grc' dir='ltr'>μου.</span> 
     </span>
    </p>
   </div>
   <div class='ocr_carea' id='block_1_95' title="bbox 1111 1857 1882 1894">
    <p class='ocr_par' dir='ltr' id='par_1_95' title="bbox 1111 1857 1882 1894">
     <span class='ocr_line' id='line_1_95' title="bbox 1111 1857 1882 1894; baseline 0.003 -10"><span class='ocrx_word' id='word_1_583' title='bbox 1111 1857 1178 1884; x_wconf 82' lang='grc' dir='ltr'>Μέλι</span> <span class='ocrx_word' id='word_1_584' title='bbox 1196 1857 1285 1893; x_wconf 79' lang='grc' dir='ltr'>εὑρὼν</span> <span class='ocrx_word' id='word_1_585' title='bbox 1301 1857 1371 1892; x_wconf 81' lang='grc' dir='ltr'>φάγε</span> <span class='ocrx_word' id='word_1_586' title='bbox 1398 1857 1428 1883; x_wconf 75' lang='grc' dir='ltr'>τὸ</span> <span class='ocrx_word' id='word_1_587' title='bbox 1452 1857 1558 1890; x_wconf 81' lang='grc' dir='ltr'>ίκανδν,</span> <span class='ocrx_word' id='word_1_588' title='bbox 1586 1858 1623 1893; x_wconf 88' lang='grc' dir='ltr'>μή</span> <span class='ocrx_word' id='word_1_589' title='bbox 1645 1866 1714 1885; x_wconf 74' lang='grc' dir='ltr'>ποτε</span> <span class='ocrx_word' id='word_1_590' title='bbox 1740 1858 1882 1894; x_wconf 77' lang='grc' dir='ltr'>πλησθεὶς</span> 
     </span>
    </p>
   </div>
   <div class='ocr_carea' id='block_1_96' title="bbox 1076 1903 1219 1939">
    <p class='ocr_par' dir='ltr' id='par_1_96' title="bbox 1076 1903 1219 1939">
     <span class='ocr_line' id='line_1_96' title="bbox 1076 1903 1219 1939; baseline 0 -9"><span class='ocrx_word' id='word_1_591' title='bbox 1076 1903 1219 1939; x_wconf 74' lang='grc' dir='ltr'>ὲξεμέσῃς.</span> 
     </span>
    </p>
   </div>
   <div class='ocr_carea' id='block_1_97' title="bbox 1115 1950 1883 1987">
    <p class='ocr_par' dir='ltr' id='par_1_97' title="bbox 1115 1950 1883 1987">
     <span class='ocr_line' id='line_1_97' title="bbox 1115 1950 1883 1987; baseline 0.005 -11"><span class='ocrx_word' id='word_1_592' title='bbox 1115 1951 1249 1985; x_wconf 80' lang='grc' dir='ltr'>Κρεῖσσον</span> <span class='ocrx_word' id='word_1_593' title='bbox 1264 1951 1400 1986; x_wconf 73' lang='grc' dir='ltr'>πλήρωμα</span> <span class='ocrx_word' id='word_1_594' title='bbox 1414 1951 1513 1986; x_wconf 71' lang='grc' dir='ltr'>δρακδς</span> <span class='ocrx_word' id='word_1_595' title='bbox 1523 1950 1581 1984; x_wconf 79' lang='grc' dir='ltr'>μετ’</span> <span class='ocrx_word' id='word_1_596' title='bbox 1593 1951 1797 1986; x_wconf 75' lang='grc' dir='ltr'>ἀναπαύσεως,</span> <span class='ocrx_word' id='word_1_597' title='bbox 1809 1952 1883 1987; x_wconf 68' lang='grc' dir='ltr'>ὑπὲρ</span> 
     </span>
    </p>
   </div>
   <div class='ocr_carea' id='block_1_98' title="bbox 1077 1995 1566 2030">
    <p class='ocr_par' dir='ltr' id='par_1_98' title="bbox 1077 1995 1566 2030">
     <span class='ocr_line' id='line_1_98' title="bbox 1077 1995 1566 2030; baseline 0.002 -9"><span class='ocrx_word' id='word_1_598' title='bbox 1077 1996 1215 2030; x_wconf 81' lang='grc' dir='ltr'>πλήρωμα</span> <span class='ocrx_word' id='word_1_599' title='bbox 1229 1995 1276 2022; x_wconf 84' lang='grc' dir='ltr'>δύο</span> <span class='ocrx_word' id='word_1_600' title='bbox 1289 1995 1397 2030; x_wconf 75' lang='grc' dir='ltr'>δρακῶν</span> <span class='ocrx_word' id='word_1_601' title='bbox 1414 1996 1442 2022; x_wconf 80' lang='grc' dir='ltr'>ἐν</span> <span class='ocrx_word' id='word_1_602' title='bbox 1461 1995 1566 2030; x_wconf 69' lang='grc' dir='ltr'>μόχθῳ.</span> 
     </span>
    </p>
   </div>
   <div class='ocr_carea' id='block_1_99' title="bbox 1118 2042 1846 2079">
    <p class='ocr_par' dir='ltr' id='par_1_99' title="bbox 1118 2042 1846 2079">
     <span class='ocr_line' id='line_1_99' title="bbox 1118 2042 1846 2079; baseline 0.004 -10"><span class='ocrx_word' id='word_1_603' title='bbox 1118 2042 1162 2074; x_wconf 83' lang='grc' dir='ltr'>Ὠς</span> <span class='ocrx_word' id='word_1_604' title='bbox 1183 2043 1275 2069; x_wconf 67' lang='grc' dir='ltr'>ἱκανὸν</span> <span class='ocrx_word' id='word_1_605' title='bbox 1291 2042 1430 2078; x_wconf 80' lang='grc' dir='ltr'>ἀνθρώπῳ</span> <span class='ocrx_word' id='word_1_606' title='bbox 1450 2042 1662 2077; x_wconf 80' lang='grc' dir='ltr'>πεπαιδευμένῳ</span> <span class='ocrx_word' id='word_1_607' title='bbox 1679 2043 1712 2069; x_wconf 84' lang='grc' dir='ltr'>τδ</span> <span class='ocrx_word' id='word_1_608' title='bbox 1734 2044 1846 2079; x_wconf 79' lang='grc' dir='ltr'>ὀλίγον.</span> 
     </span>
    </p>
   </div>
   <div class='ocr_carea' id='block_1_100' title="bbox 1113 2089 1746 2124">
    <p class='ocr_par' dir='ltr' id='par_1_100' title="bbox 1113 2089 1746 2124">
     <span class='ocr_line' id='line_1_100' title="bbox 1113 2089 1746 2124; baseline 0.003 -10"><span class='ocrx_word' id='word_1_609' title='bbox 1113 2089 1174 2121; x_wconf 80' lang='grc' dir='ltr'><strong>Ζωὴ</strong></span> <span class='ocrx_word' id='word_1_610' title='bbox 1191 2089 1360 2123; x_wconf 82' lang='grc' dir='ltr'>αὐταρκείας</span> <span class='ocrx_word' id='word_1_611' title='bbox 1376 2089 1495 2123; x_wconf 80' lang='grc' dir='ltr'>ἐργάτου</span> <span class='ocrx_word' id='word_1_612' title='bbox 1514 2089 1746 2124; x_wconf 73' lang='grc' dir='ltr'>γλυκανθήσεται.</span> 
     </span>
    </p>
   </div>
   <div class='ocr_carea' id='block_1_101' title="bbox 1115 2134 1639 2170">
    <p class='ocr_par' dir='ltr' id='par_1_101' title="bbox 1115 2134 1639 2170">
     <span class='ocr_line' id='line_1_101' title="bbox 1115 2134 1639 2170; baseline 0.002 -10"><span class='ocrx_word' id='word_1_613' title='bbox 1115 2135 1219 2165; x_wconf 81' lang='grc' dir='ltr'>”Υπνος</span> <span class='ocrx_word' id='word_1_614' title='bbox 1232 2134 1325 2168; x_wconf 80' lang='grc' dir='ltr'>ὑγείας</span> <span class='ocrx_word' id='word_1_615' title='bbox 1339 2135 1387 2161; x_wconf 75' lang='grc' dir='ltr'><strong>ἐπὶ</strong></span> <span class='ocrx_word' id='word_1_616' title='bbox 1402 2135 1504 2170; x_wconf 73' lang='grc' dir='ltr'>ἐντέρῳ</span> <span class='ocrx_word' id='word_1_617' title='bbox 1525 2135 1639 2170; x_wconf 82' lang='grc' dir='ltr'>μετρίῳ.</span> 
     </span>
    </p>
   </div>
   <div class='ocr_carea' id='block_1_102' title="bbox 1115 2181 1887 2219">
    <p class='ocr_par' dir='ltr' id='par_1_102' title="bbox 1115 2181 1887 2219">
     <span class='ocr_line' id='line_1_102' title="bbox 1115 2181 1887 2219; baseline 0.001 -10"><span class='ocrx_word' id='word_1_618' title='bbox 1115 2181 1246 2216; x_wconf 82' lang='grc' dir='ltr'>Μεγάλην</span> <span class='ocrx_word' id='word_1_619' title='bbox 1263 2181 1338 2216; x_wconf 75' lang='grc' dir='ltr'>ἔχετε</span> <span class='ocrx_word' id='word_1_620' title='bbox 1363 2181 1413 2216; x_wconf 81' lang='grc' dir='ltr'>τὴν</span> <span class='ocrx_word' id='word_1_621' title='bbox 1425 2181 1526 2216; x_wconf 72' lang='grc' dir='ltr'>ψυχήν.</span> <span class='ocrx_word' id='word_1_622' title='bbox 1542 2181 1633 2216; x_wconf 84' lang='grc' dir='ltr'>Τοῖχοι</span> <span class='ocrx_word' id='word_1_623' title='bbox 1657 2182 1686 2208; x_wconf 76' lang='grc' dir='ltr'><strong>δὲ</strong></span> <span class='ocrx_word' id='word_1_624' title='bbox 1705 2183 1756 2209; x_wconf 69' lang='grc' dir='ltr'>καὶ</span> <span class='ocrx_word' id='word_1_625' title='bbox 1786 2184 1887 2219; x_wconf 76' lang='grc' dir='ltr'>μικροὶ</span> 
     </span>
    </p>
   </div>
   <div class='ocr_carea' id='block_1_103' title="bbox 1042 2228 1731 2264">
    <p class='ocr_par' dir='ltr' id='par_1_103' title="bbox 1042 2228 1731 2264">
     <span class='ocr_line' id='line_1_103' title="bbox 1042 2228 1731 2264; baseline -0.001 -8"><span class='ocrx_word' id='word_1_626' title='bbox 1042 2233 1064 2260; x_wconf 85' lang='lat' dir='ltr'><strong>D</strong></span> <span class='ocrx_word' id='word_1_627' title='bbox 1079 2229 1127 2257; x_wconf 77' lang='grc' dir='ltr'>καὶ</span> <span class='ocrx_word' id='word_1_628' title='bbox 1141 2229 1250 2264; x_wconf 77' lang='grc' dir='ltr'>μείζους</span> <span class='ocrx_word' id='word_1_629' title='bbox 1266 2229 1314 2263; x_wconf 78' lang='grc' dir='ltr'>τὴν</span> <span class='ocrx_word' id='word_1_630' title='bbox 1334 2228 1419 2262; x_wconf 81' lang='grc' dir='ltr'>αὐτὴν</span> <span class='ocrx_word' id='word_1_631' title='bbox 1434 2228 1529 2262; x_wconf 80' lang='grc' dir='ltr'>χρείαν</span> <span class='ocrx_word' id='word_1_632' title='bbox 1549 2228 1731 2262; x_wconf 71' lang='grc' dir='ltr'>παρέχονται.</span> 
     </span>
    </p>
   </div>
   <div class='ocr_carea' id='block_1_104' title="bbox 1116 2271 1887 2311">
    <p class='ocr_par' dir='ltr' id='par_1_104' title="bbox 1116 2271 1887 2311">
     <span class='ocr_line' id='line_1_104' title="bbox 1116 2271 1887 2311; baseline -0.003 -9"><span class='ocrx_word' id='word_1_633' title='bbox 1116 2275 1220 2306; x_wconf 79' lang='grc' dir='ltr'>Σκοπὸς</span> <span class='ocrx_word' id='word_1_634' title='bbox 1235 2275 1349 2308; x_wconf 75' lang='grc' dir='ltr'>ἐσθῆτος</span> <span class='ocrx_word' id='word_1_635' title='bbox 1367 2271 1417 2305; x_wconf 71' lang='grc' dir='ltr'>εἷς,</span> <span class='ocrx_word' id='word_1_636' title='bbox 1434 2274 1568 2309; x_wconf 82' lang='grc' dir='ltr'>κάλυμμα</span> <span class='ocrx_word' id='word_1_637' title='bbox 1584 2272 1654 2301; x_wconf 78' lang='grc' dir='ltr'>εἶναι</span> <span class='ocrx_word' id='word_1_638' title='bbox 1672 2275 1794 2310; x_wconf 64' lang='grc' dir='ltr'>σαρκὶς,</span> <span class='ocrx_word' id='word_1_639' title='bbox 1816 2276 1887 2311; x_wconf 63' lang='grc' dir='ltr'>πρὶς</span> 
     </span>
    </p>
   </div>
   <div class='ocr_carea' id='block_1_105' title="bbox 1079 2319 1527 2357">
    <p class='ocr_par' dir='ltr' id='par_1_105' title="bbox 1079 2319 1527 2357">
     <span class='ocr_line' id='line_1_105' title="bbox 1079 2319 1527 2357; baseline -0.007 -9"><span class='ocrx_word' id='word_1_640' title='bbox 1079 2321 1204 2357; x_wconf 82' lang='grc' dir='ltr'>χειμῶνα</span> <span class='ocrx_word' id='word_1_641' title='bbox 1219 2320 1266 2350; x_wconf 67' lang='grc' dir='ltr'>καὶ</span> <span class='ocrx_word' id='word_1_642' title='bbox 1287 2320 1366 2354; x_wconf 83' lang='grc' dir='ltr'>θέρος</span> <span class='ocrx_word' id='word_1_643' title='bbox 1379 2319 1527 2354; x_wconf 76' lang='grc' dir='ltr'>αὔταρκες.</span> 
     </span>
    </p>
   </div>
   <div class='ocr_carea' id='block_1_106' title="bbox 1116 2366 1833 2407">
    <p class='ocr_par' dir='ltr' id='par_1_106' title="bbox 1116 2366 1833 2407">
     <span class='ocr_line' id='line_1_106' title="bbox 1116 2366 1833 2407; baseline 0.003 -13"><span class='ocrx_word' id='word_1_644' title='bbox 1116 2366 1292 2402; x_wconf 74' lang='grc' dir='ltr'>Παράχρησίς</span> <span class='ocrx_word' id='word_1_645' title='bbox 1308 2366 1382 2393; x_wconf 71' lang='grc' dir='ltr'>ἐστιν</span> <span class='ocrx_word' id='word_1_646' title='bbox 1398 2366 1501 2407; x_wconf 41' lang='grc' dir='ltr'><strong>ἡ-ὐπὲρ</strong></span> <span class='ocrx_word' id='word_1_647' title='bbox 1517 2367 1566 2401; x_wconf 83' lang='grc' dir='ltr'>τὴν</span> <span class='ocrx_word' id='word_1_648' title='bbox 1583 2366 1679 2402; x_wconf 78' lang='grc' dir='ltr'>χρείαν</span> <span class='ocrx_word' id='word_1_649' title='bbox 1697 2367 1833 2404; x_wconf 75' lang='grc' dir='ltr'>δαπάνη.</span> 
     </span>
    </p>
   </div>
   <div class='ocr_carea' id='block_1_107' title="bbox 1115 2456 1893 2493">
    <p class='ocr_par' dir='ltr' id='par_1_107' title="bbox 1115 2456 1893 2493">
     <span class='ocr_line' id='line_1_107' title="bbox 1115 2456 1893 2493; baseline -0.001 -9"><span class='ocrx_word' id='word_1_650' title='bbox 1115 2458 1250 2493; x_wconf 84' lang='grc' dir='ltr'>Κρεῖσσον</span> <span class='ocrx_word' id='word_1_651' title='bbox 1267 2457 1353 2492; x_wconf 79' lang='grc' dir='ltr'>μικρὰ</span> <span class='ocrx_word' id='word_1_652' title='bbox 1371 2456 1450 2492; x_wconf 72' lang='grc' dir='ltr'>μερὶς</span> <span class='ocrx_word' id='word_1_653' title='bbox 1467 2457 1536 2493; x_wconf 83' lang='grc' dir='ltr'>μετὰ</span> <span class='ocrx_word' id='word_1_654' title='bbox 1553 2456 1720 2491; x_wconf 80' lang='grc' dir='ltr'>ἀσφαλείας,</span> <span class='ocrx_word' id='word_1_655' title='bbox 1732 2457 1749 2492; x_wconf 83' lang='grc' dir='ltr'><strong>ἢ</strong></span> <span class='ocrx_word' id='word_1_656' title='bbox 1772 2457 1893 2492; x_wconf 71' lang='grc' dir='ltr'>μεγάλη</span> 
     </span>
    </p>
   </div>
   <div class='ocr_carea' id='block_1_108' title="bbox 1083 2503 1349 2540">
    <p class='ocr_par' dir='ltr' id='par_1_108' title="bbox 1083 2503 1349 2540">
     <span class='ocr_line' id='line_1_108' title="bbox 1083 2503 1349 2540; baseline 0 -10"><span class='ocrx_word' id='word_1_657' title='bbox 1083 2503 1152 2540; x_wconf 78' lang='grc' dir='ltr'>μετὰ</span> <span class='ocrx_word' id='word_1_658' title='bbox 1167 2503 1349 2539; x_wconf 77' lang='grc' dir='ltr'>σαθρότητος.</span> 
     </span>
    </p>
   </div>
   <div class='ocr_carea' id='block_1_109' title="bbox 1119 2549 1889 2586">
    <p class='ocr_par' dir='ltr' id='par_1_109' title="bbox 1119 2549 1889 2586">
     <span class='ocr_line' id='line_1_109' title="bbox 1119 2549 1889 2586; baseline -0.004 -8"><span class='ocrx_word' id='word_1_659' title='bbox 1119 2551 1202 2586; x_wconf 73' lang='grc' dir='ltr'>Ὀψον</span> <span class='ocrx_word' id='word_1_660' title='bbox 1220 2559 1261 2577; x_wconf 92' lang='grc' dir='ltr'><strong>σοι</strong></span> <span class='ocrx_word' id='word_1_661' title='bbox 1276 2549 1398 2584; x_wconf 85' lang='grc' dir='ltr'>γενέσθω</span> <span class='ocrx_word' id='word_1_662' title='bbox 1415 2550 1432 2585; x_wconf 80' lang='grc' dir='ltr'><strong>ἡ</strong></span> <span class='ocrx_word' id='word_1_663' title='bbox 1459 2549 1560 2580; x_wconf 72' lang='grc' dir='ltr'>ἔνδεια,</span> <span class='ocrx_word' id='word_1_664' title='bbox 1584 2549 1634 2576; x_wconf 72' lang='grc' dir='ltr'>καὶ</span> <span class='ocrx_word' id='word_1_665' title='bbox 1657 2549 1689 2575; x_wconf 87' lang='grc' dir='ltr'><strong>τὺ</strong></span> <span class='ocrx_word' id='word_1_666' title='bbox 1709 2549 1750 2584; x_wconf 81' lang='grc' dir='ltr'>μὴ</span> <span class='ocrx_word' id='word_1_667' title='bbox 1771 2550 1889 2576; x_wconf 69' lang='grc' dir='ltr'>ἑπιδὰλ</span> 
     </span>
    </p>
   </div>
   <div class='ocr_carea' id='block_1_110' title="bbox 1079 2593 1895 2631">
    <p class='ocr_par' dir='ltr' id='par_1_110' title="bbox 1079 2593 1895 2631">
     <span class='ocr_line' id='line_1_110' title="bbox 1079 2593 1895 2631; baseline -0.005 -8"><span class='ocrx_word' id='word_1_668' title='bbox 1079 2596 1137 2623; x_wconf 89' lang='grc' dir='ltr'>λειν</span> <span class='ocrx_word' id='word_1_669' title='bbox 1152 2597 1225 2631; x_wconf 86' lang='grc' dir='ltr'>κόρῳ</span> <span class='ocrx_word' id='word_1_670' title='bbox 1238 2596 1283 2623; x_wconf 68' lang='grc' dir='ltr'><strong>τὸν</strong></span> <span class='ocrx_word' id='word_1_671' title='bbox 1307 2595 1399 2631; x_wconf 67' lang='grc' dir='ltr'>κόρον,</span> <span class='ocrx_word' id='word_1_672' title='bbox 1419 2594 1486 2631; x_wconf 81' lang='grc' dir='ltr'>μηδὲ</span> <span class='ocrx_word' id='word_1_673' title='bbox 1502 2593 1654 2630; x_wconf 74' lang='grc' dir='ltr'>ἀμϐλύνειν</span> <span class='ocrx_word' id='word_1_674' title='bbox 1670 2595 1705 2630; x_wconf 79' lang='grc' dir='ltr'>τῇ</span> <span class='ocrx_word' id='word_1_675' title='bbox 1733 2597 1895 2630; x_wconf 49' lang='grc' dir='ltr'>κραιπάλῃ</span> 
     </span>
    </p>
   </div>
   <div class='ocr_carea' id='block_1_111' title="bbox 1080 2643 1248 2678">
    <p class='ocr_par' dir='ltr' id='par_1_111' title="bbox 1080 2643 1248 2678">
     <span class='ocr_line' id='line_1_111' title="bbox 1080 2643 1248 2678; baseline -0.006 -9"><span class='ocrx_word' id='word_1_676' title='bbox 1080 2643 1130 2678; x_wconf 84' lang='grc' dir='ltr'>τὴν</span> <span class='ocrx_word' id='word_1_677' title='bbox 1145 2643 1248 2678; x_wconf 77' lang='grc' dir='ltr'>ὄρεξιν.</span> 
     </span>
    </p>
   </div>
   <div class='ocr_carea' id='block_1_112' title="bbox 1123 2685 1895 2722">
    <p class='ocr_par' dir='ltr' id='par_1_112' title="bbox 1123 2685 1895 2722">
     <span class='ocr_line' id='line_1_112' title="bbox 1123 2685 1895 2722; baseline -0.003 -9"><span class='ocrx_word' id='word_1_678' title='bbox 1123 2687 1152 2713; x_wconf 89' lang='lat'><strong>&#39;0</strong></span> <span class='ocrx_word' id='word_1_679' title='bbox 1166 2688 1215 2722; x_wconf 80' lang='grc' dir='ltr'>τὴν</span> <span class='ocrx_word' id='word_1_680' title='bbox 1232 2687 1340 2722; x_wconf 77' lang='grc' dir='ltr'>ἡμέραν</span> <span class='ocrx_word' id='word_1_681' title='bbox 1354 2686 1453 2719; x_wconf 74' lang='grc' dir='ltr'>διδοὺς,</span> <span class='ocrx_word' id='word_1_682' title='bbox 1475 2688 1523 2714; x_wconf 75' lang='grc' dir='ltr'>καὶ</span> <span class='ocrx_word' id='word_1_683' title='bbox 1544 2685 1574 2712; x_wconf 81' lang='grc' dir='ltr'><strong>τὺ</strong></span> <span class='ocrx_word' id='word_1_684' title='bbox 1589 2687 1630 2718; x_wconf 79' lang='grc' dir='ltr'><strong>εἰς</strong></span> <span class='ocrx_word' id='word_1_685' title='bbox 1644 2686 1698 2722; x_wconf 77' lang='grc' dir='ltr'>τὴν</span> <span class='ocrx_word' id='word_1_686' title='bbox 1713 2687 1839 2721; x_wconf 70' lang='grc' dir='ltr'>ἡμέραν</span> <span class='ocrx_word' id='word_1_687' title='bbox 1854 2694 1895 2712; x_wconf 69' lang='grc' dir='ltr'><strong>σοι</strong></span> 
     </span>
    </p>
   </div>
   <div class='ocr_carea' id='block_1_113' title="bbox 1081 2733 1172 2761">
    <p class='ocr_par' dir='ltr' id='par_1_113' title="bbox 1081 2733 1172 2761">
     <span class='ocr_line' id='line_1_113' title="bbox 1081 2733 1172 2761; baseline -0.011 0"><span class='ocrx_word' id='word_1_688' title='bbox 1081 2733 1172 2761; x_wconf 78' lang='grc' dir='ltr'>δώσει.</span> 
     </span>
    </p>
   </div>
   <div class='ocr_carea' id='block_1_114' title="bbox 1124 2778 1894 2818">
    <p class='ocr_par' dir='ltr' id='par_1_114' title="bbox 1124 2778 1894 2818">
     <span class='ocr_line' id='line_1_114' title="bbox 1124 2778 1894 2818; baseline -0.005 -10"><span class='ocrx_word' id='word_1_689' title='bbox 1124 2780 1157 2808; x_wconf 85' lang='grc' dir='ltr'><strong>Ἦ</strong></span> <span class='ocrx_word' id='word_1_690' title='bbox 1176 2781 1232 2809; x_wconf 80' lang='grc' dir='ltr'>τῶν</span> <span class='ocrx_word' id='word_1_691' title='bbox 1259 2782 1416 2816; x_wconf 81' lang='grc' dir='ltr'>ἀναγκαίων</span> <span class='ocrx_word' id='word_1_692' title='bbox 1443 2781 1540 2818; x_wconf 77' lang='grc' dir='ltr'>κτῆσις</span> <span class='ocrx_word' id='word_1_693' title='bbox 1559 2781 1607 2808; x_wconf 78' lang='grc' dir='ltr'>καὶ</span> <span class='ocrx_word' id='word_1_694' title='bbox 1634 2780 1739 2816; x_wconf 77' lang='grc' dir='ltr'>χρῆσις</span> <span class='ocrx_word' id='word_1_695' title='bbox 1773 2779 1813 2806; x_wconf 78' lang='grc' dir='ltr'>οὖ</span> <span class='ocrx_word' id='word_1_696' title='bbox 1845 2778 1894 2811; x_wconf 66' lang='grc' dir='ltr'>τῇι</span> 
     </span>
    </p>
   </div>
  </div>
