1959 3130
93 113 148 160 4831

529 113 614 143 LOCI
636 111 904 143 COMMUNES.—
921 109 1018 139 PARS
1036 110 1058 139 ί.
1076 108 1203 138 SERMO
1222 106 1331 137 XXXI.

1677 100 1732 133 832

104 172 229 207 ποιότητα
248 171 384 208 βλαϐερὰν
406 171 475 207 ἔχει,
498 171 566 199 ἀλλὰ
584 173 634 207 τὴν
651 171 727 206 παρὰ
743 170 773 197 τὸ
787 170 886 206 μέτρον
903 168 913 196 ἑ

972 167 1099 194 uilitatem
1119 165 1199 193 habet
1211 165 1332 196 noxiam,
1343 163 1390 190 scd
1405 162 1491 198 ipsam
1507 165 1604 196 praeter
1620 161 1731 188 modum

106 221 248 255 ποσότητα.

141 266 256 301 ’Δγαθὸν
275 266 425 300 ἀναγκαίον
440 266 456 301 ἡ
473 265 634 299 ὀλιγοσιτία.

142 313 171 340 '0
187 312 330 344 σπουδαῖος
342 312 494 347 ὀλιγοδεὴς,
513 312 650 339 ἀθανάτου
664 312 711 338 καὶ
725 312 825 346 θνητῆς
841 311 892 345 φύ-

108 367 172 390 σεως
204 359 348 394 μεθόριος·
377 359 407 385 τὸ
436 359 486 394 μὲν
514 359 620 390 ἑπιδεὲς
647 358 718 394 ἔχων
741 358 785 385 διὰ
812 358 892 393 σῶμα

108 406 212 440 θνητὸν,
236 406 266 433 τὸ
294 406 323 433 δὲ
349 405 388 441 μὴ
406 405 534 438 πολυδεὲς
560 406 604 432 διὰ
629 406 720 441 ψυχὴν
743 406 892 440 ἐφιεμένην

108 453 266 484 ἀθανασίας.

144 539 175 567 Ὶί
192 540 354 575 αὐτάρκεια,
366 541 459 576 πηγὴν
472 541 571 577 ἔχουσα
593 541 783 577 σωφροσύνης,
796 542 894 577 μέτρον

108 586 164 612 ἐστὶ
177 586 232 613 τῶν
247 587 407 621 ἀναγκαίων
426 587 473 614 καὶ
488 588 635 623 χρησίμων
653 588 721 625 πρὸς
735 588 781 616 τὸν
796 588 864 623 βίον.

148 675 295 712 ’Λσκητέον
307 677 407 713 ὀλίγων
421 679 551 716 δεηθῆναι
561 689 567 696 ·
582 681 661 709 τοῦτο
683 682 738 718 γὰρ
752 682 894 718 ἐγγυτάτω

107 722 186 756 Darii,
204 724 235 751 τὸ
251 725 279 751 δὲ
294 725 415 753 ἐναντίον
431 728 609 763 μακροτάτω.

397 827 508 855 ΛΟΓΟΣ
534 828 597 857 ΛΛ’.

943 213 1136 249 quantitatem.

983 260 1113 288 Paucitas
1127 259 1181 288 cibi
1201 257 1387 286 necessarium
1407 256 1509 285 bonum
1528 259 1580 283 est.

986 306 1121 334 Philonis.
1148 305 1262 333 Virtutis
1288 304 1429 332 studiosus
1454 301 1553 338 paucis
1580 301 1692 337 indiget,
1706 301 1732 328 in

943 354 1064 382 confinio
1077 353 1199 381 mortalis
1212 356 1239 380 et
1257 350 1419 379 immortalis
1435 354 1538 376 natura:
1556 349 1624 375 situs
1638 356 1645 377 :
1664 347 1735 374 indi-

945 401 1036 436 gentia
1063 400 1173 436 quidem
1194 398 1321 426 laborans
1344 400 1455 432 propter
1476 394 1591 422 mortale
1613 401 1734 428 corpus,

946 455 1000 475 non
1013 446 1106 474 multis
1119 450 1210 473 autent
1226 443 1361 479 indigens,
1374 446 1486 478 propter
1495 440 1616 468 animum
1625 440 1735 467 immor-

945 494 1058 521 talitatis
1070 492 1209 528 cupidum.

995 538 1159 573 Frugalitas,
1174 545 1206 565 cx
1220 535 1398 572 temperantia
1414 542 1465 562 ceu
1480 533 1554 561 fonte
1572 532 1735 563 scaturiens,

945 591 1037 612 rerum
1052 584 1084 612 ad
1098 583 1181 610 vitam
1201 581 1418 610 necessariarum
1434 585 1460 607 et
1479 579 1585 606 utilium
1601 585 1733 605 mensura

945 637 996 659 est.

987 679 1114 707 Exerceri
1129 682 1238 711 oportet
1252 681 1280 704 ut
1296 676 1390 711 paucis
1407 682 1539 711 egeamus
1565 682 1573 702 :
1591 673 1644 701 ltoe
1661 673 1736 701 enim

947 727 1002 754 Deo
1017 726 1157 762 proximos
1178 725 1278 755 reddit,
1293 723 1462 751 eontrariutn
1479 721 1513 748 ab
1528 720 1623 748 eodem
1642 727 1732 747 remo-

947 774 1080 800 tissimus.

1127 829 1244 858 SERMO
1269 828 1355 856 XXXI
1372 827 1380 864 ι
1401 828 1438 857 αι.
1451 826 1560 863 CXLI].

107 871 175 907 Περὶ
186 873 331 906 πλούτου,
342 873 390 903 κα)
399 876 556 912 πνζουσίων
568 876 603 903 εὖ
617 875 665 903 καί
675 876 891 912 προᾱηκόγτως
909 857 913 887 1

972 885 983 903 e
996 876 1094 903 divitiis
1110 880 1134 902 et
1151 875 1274 901 divitibus
1286 895 1293 907 ,
1307 874 1352 909 qui
1369 873 1431 901 bene
1449 882 1479 900 ac
1495 873 1618 900 decenter
1634 872 1735 901 vivunt.

415 910 577 942 βιούντων.

141 954 337 990 Εὐκοπώιερόν
364 957 422 983 ἐστι
440 956 565 992 κάμηλον
581 957 625 984 διὰ
650 959 830 993 τρυπήματος
845 960 891 995 ῥα-

107 1001 182 1034 φίδος
207 1001 367 1039 anteath
395 1003 523 1031 πλούσιον
548 1004 589 1036 είς
613 1004 662 1039 τὴν
687 1004 826 1040 βασιλείαν
844 1005 892 1033 τοῦ

109 1048 187 1076 θεοῦ.

145 1096 207 1128 Τοῖς
228 1096 366 1128 πλουσίοις
391 1097 420 1124 ὲν
442 1097 481 1132 τῷ
498 1097 546 1123 νῦν
562 1097 641 1124 αἰῶνι
660 1098 836 1132 παράγγελλε
855 1098 893 1134 μὴ

109 1141 315 1178 ὑψηλοφρονεῖν,
336 1142 404 1178 μηδὲ
423 1143 570 1178 ἠλπικέναι
590 1143 636 1171 ἐπὶ
663 1144 780 1172 πλούτου
797 1144 895 1177 ἀδηλό-

107 1195 180 1221 τητι,
199 1187 255 1214 ἀλλ’
271 1187 318 1215 ἐπὶ
335 1188 374 1224 τῷ
389 1188 459 1223 Θεῷ,
486 1189 526 1225 τῷ
541 1189 690 1225 παρέχοντι
718 1191 784 1227 ἡμῖν
805 1192 896 1219 πάντα

110 1233 247 1264 πλουσίως
263 1235 301 1266 είς
317 1234 477 1262 ἀπόλαυσιν.

145 1280 176 1306 Oi
193 1280 349 1316 βουλόμενοι
380 1281 504 1309 πλοιιτετι
520 1282 703 1318 ἐμπίπτουσιν
726 1285 766 1314 εις
793 1294 897 1320 πειρα-

114 1324 241 1359 σμὺνκαὶ
257 1325 360 1359 παγίδα
375 1326 421 1353 τοῦ
435 1326 570 1360 διαϐόλου,
583 1328 628 1354 καὶ
643 1328 792 1363 meopte;
804 1331 899 1366 ἀνονή-

109 1378 172 1400 τους
185 1370 232 1397 καὶ
247 1369 392 1405 βλαϐερὰς,
417 1372 519 1404 αἵτινες
540 1373 681 1408 βυθίζουσι
701 1376 764 1407 τοὺς
789 1376 898 1411 ἀνθρώ-

111 1424 179 1447 πους
193 1416 234 1448 είς
247 1415 358 1452 ὄλεθρον
372 1418 420 1445 καὶ
431 1418 581 1447 ἀπώλειαν.

147 1462 266 1494 Πλοῦτος
280 1464 444 1499 προστίθησι
458 1465 553 1499 φίλους
567 1467 695 1500 πολλούς.

147 1510 275 1538 Πλούσιοι
292 1511 409 1546 πτωχῶν
421 1511 563 1546 ἄρξουσιν.

155 1556 268 1590 Ἀγαθδς
280 1557 406 1591 πλοῦτος,
425 1555 448 1592 ᾦ
464 1560 501 1594 μή
520 1560 595 1587 ἔστιν
613 1561 746 1597 ἁμαρτία.

149 1602 290 1639 Κρείσσων
305 1604 411 1640 πτωχὸς
424 1605 526 1637 δίκαιος
546 1606 562 1641 ἢ
581 1607 708 1640 πλούσιος
721 1608 850 1645 ψεύστης.

148 1694 294 1729 Μακάριος
323 1693 451 1726 πλούσιος
479 1694 508 1726 ὃς
532 1695 631 1731 εὑρέθη
657 1696 783 1733 ἄμωμος,
798 1699 846 1727 καὶ
869 1700 899 1733 ὃς

111 1740 202 1766 ὀπίσω
220 1740 332 1775 χρυσίου
349 1740 399 1768 οὐκ
416 1740 563 1777 ἐπορεύθη.

151 1785 281 1817 Πλούσιος
296 1786 477 1820 σαλευόμενος
490 1787 647 1822 στηρίζεται
663 1788 716 1816 ὑπὸ
733 1790 827 1825 φίλων.

156 1833 308 1868 ’Λγρυπνία
327 1832 444 1860 πλούτου
466 1833 577 1869 ἐκτήκει
593 1835 709 1870 σάρκας,
723 1837 770 1864 καὶ
785 1839 800 1873 ἡ
825 1838 903 1874 μέρι-

116 1887 172 1914 μνα
184 1878 267 1906 αὐτοῦ
281 1880 383 1915 ἀφιστᾷ
398 1879 493 1907 ὕπνον.

158 1925 272 1960 Ῥευστὴ
284 1927 300 1960 ἡ
314 1925 393 1960 φύσις
407 1926 454 1952 τοῦ
468 1926 594 1960 πλούτου,
610 1928 762 1964 χειμάρρου
774 1930 903 1966 ὀξύτερον

114 1972 180 2003 τοὺς
196 1971 305 2006 ἔχοντας
320 1973 496 2008 παρατρέχει,
506 1973 599 2001 ἄλλοτε
619 1974 698 2001 ἄλλον
709 1976 815 2010 πέφυκε
834 1986 906 2014 παρ-

115 2018 288 2054 αμείὸεσθαι.

153 2066 270 2093 Δύνασαι
288 2067 387 2100 μᾶλλον
406 2065 478 2101 ὕδωρ
499 2068 532 2102 τῇ
559 2068 633 2103 χειρὶ
650 2069 805 2105 περιλαϐὼν
820 2079 904 2097 κατα-

117 2112 204 2146 σχεῖν,
225 2111 241 2146 ῆ
258 2111 373 2137 πλοῦτον
389 2111 509 2146 διαρκῶς
525 2115 705 2149 συντηρῆσαι.

161 2156 191 2183 '0
210 2156 310 2190 καλὸς,
336 2157 407 2184 κατὰ
433 2158 479 2183 τὸν
506 2158 585 2192 ὀρθὸν
614 2159 692 2193 λόγον
720 2160 753 2188 τὰ
780 2161 902 2195 παρόντα

980 955 1077 982 Manli.
1106 963 1163 982 xix.
1196 953 1314 982 Facilius
1331 957 1373 981 est
1388 953 1525 981 eamclum
1548 961 1596 987 per
1617 952 1737 980 foramen

945 1011 1010 1031 acus
1027 1001 1154 1034 transire,
1171 1007 1253 1035 quam
1269 999 1378 1027 divitem
1394 999 1421 1027 in
1439 1006 1553 1034 regnum
1571 998 1629 1026 Dei.

983 1093 999 1119 ι
1017 1091 1085 1118 Tim.
1102 1098 1138 1118 vt.
1157 1089 1291 1118 Divitibus
1312 1089 1338 1117 in
1368 1090 1420 1118 hoc
1435 1090 1535 1118 saeculo
1554 1089 1670 1125 praecipe
1703 1097 1737 1116 ne

947 1139 1032 1165 altum
1048 1137 1166 1172 sapiant,
1185 1144 1273 1172 neque
1284 1144 1360 1172 spem
1377 1137 1404 1163 in
1417 1144 1481 1171 opes
1497 1136 1640 1164 instabiles
1654 1143 1734 1170 repn-

948 1190 1027 1218 nant,
1052 1186 1100 1213 sed
1127 1185 1154 1212 in
1185 1183 1270 1212 Deum
1298 1183 1346 1219 qui
1374 1182 1453 1210 nobis
1472 1182 1564 1210 omnia
1578 1182 1693 1218 porrigit
1706 1182 1739 1209 ad

950 1233 1093 1260 fruendum
1109 1231 1230 1260 abundet

988 1279 1002 1306 1
1015 1279 1085 1308 Tim.
1100 1287 1137 1307 vt.
1155 1278 1204 1312 Qui
1223 1277 1358 1304 ditescere
1372 1275 1477 1308 volunt,
1491 1275 1615 1316 incidunt
1635 1276 1661 1302 in
1679 1281 1739 1302 ten-

950 1326 1078 1354 tationem
1094 1329 1120 1353 et
1136 1322 1267 1358 laqueum
1282 1322 1392 1355 diaboli,
1410 1325 1438 1349 et
1449 1322 1614 1356 cupiditates
1626 1322 1740 1350 inutiles

950 1381 982 1400 ac
999 1372 1105 1405 noxias,
1117 1378 1178 1407 quae
1192 1370 1353 1404 demergunt
1366 1368 1489 1397 homines
1501 1369 1528 1396 in
1550 1369 1697 1404 perniciem
1712 1373 1740 1397 et

950 1420 1102 1447 interitum.

988 1466 1068 1493 Prov!
1094 1466 1151 1493 xtxl
1180 1465 1286 1493 Divitiae
1300 1465 1402 1494 multos
1415 1465 1519 1493 amicos
1533 1464 1651 1492 addunt.

999 1511 1069 1540 Ibid.
1087 1520 1155 1541 xxtt.
1173 1512 1276 1540 Dirites
1295 1512 1472 1546 imperabunt
1488 1510 1667 1546 pauperibus.

1001 1558 1082 1586 Bonae
1095 1558 1205 1590 divitiae.
1219 1565 1279 1594 quae
1294 1558 1354 1586 sine
1367 1562 1481 1593 peccato
1496 1561 1571 1585 sunt.

1007 1604 1076 1632 Ibid.
1099 1613 1155 1632 xu.
1174 1604 1268 1632 Melior
1283 1608 1325 1633 est
1340 1604 1554 1640 panperjustus,
1569 1611 1651 1639 quam
1667 1602 1750 1629 dives.

957 1652 1086 1680 mendax.

994 1697 1076 1724 Εεείί.
1091 1706 1164 1726 xxxi.
1184 1697 1283 1725 Beatus
1296 1697 1373 1725 dives
1388 1697 1433 1732 qui
1452 1697 1579 1725 inventus
1595 1700 1636 1724 cst
1652 1694 1743 1723 inculs

958 1744 1065 1779 pabilis,
1083 1744 1166 1778 etqui
1179 1752 1275 1771 aurum
1294 1751 1348 1771 non
1368 1743 1515 1771 atfectavit:

1002 1789 1071 1818 Ibid.
1083 1797 1141 1817 xui.
1153 1789 1235 1817 Dives
1247 1797 1400 1818 concussus
1412 1789 1524 1817 fulcitur
1536 1789 1570 1816 ab
1585 1782 1691 1816 amicis;

998 1835 1068 1863 Ibid.
1083 1843 1157 1864 xxxi.
1168 1835 1273 1872 Vigiliae
1284 1836 1440 1863 divitiarum
1453 1835 1621 1864 labefaciunt
1632 1842 1753 1870 eorpus,_

959 1886 985 1908 et
995 1881 1150 1909 sollicitudo
1169 1889 1265 1909 carum
1279 1881 1411 1909 amolitur
1425 1889 1563 1911 somnum.

1004 1926 1113 1955 Basilii.
1142 1927 1227 1954 Fluxa
1253 1928 1410 1955 divitiarum
1426 1932 1522 1955 natura
1541 1932 1661 1955 torrente
1676 1929 1747 1955 cele-

961 1973 1019 2000 rius
1032 1973 1204 2008 possidentes
1220 1978 1401 2008 praetermeat,
1418 1978 1444 2001 et
1459 1973 1526 2001 alias
1537 1974 1619 2001 alium
1635 1978 1747 2009 praeter-

960 2019 1014 2047 labi
1031 2019 1110 2047 solet.

1004 2066 1110 2100 Aquam
1138 2065 1223 2093 citius
1250 2073 1333 2093 manu
1362 2067 1587 2102 comprehensam
1615 2067 1747 2099 tenueris,

961 2120 1042 2147 quam
1056 2113 1166 2140 divitias
1181 2113 1248 2140 satis
1262 2113 1429 2143 servaveris;

1011 2158 1063 2192 Qui
1078 2158 1147 2186 bene
1160 2163 1187 2186 et
1201 2165 1272 2186 recta
1285 2159 1391 2186 ratione
1402 2159 1546 2194 prmsentia
1563 2159 1748 2193 administrat,

118 2202 386 2239 μεταχειριζόμενος,
402 2203 542 2238 οἰκονόμος
559 2205 616 2231 ἐστὶ
647 2206 701 2232 τῶν
728 2208 803 2242 παρὰ
818 2207 886 2234 Θεοῦ
898 2215 905 2224 ⁸

972 2212 1131 2232 monemus
1149 2209 1191 2232 est
1206 2212 1296 2232 rerum
1309 2205 1441 2233 divinitus
1464 2205 1601 2239 datarum,
1616 2210 1641 2233 et
1658 2205 1750 2232 lauda-

118 2249 289 2276 ἐπαινεῖσθαι
301 2249 347 2276 καὶ
357 2251 515 2284 ἀγαπᾶσθαι
525 2252 539 2277 ὁ
550 2251 669 2283 τοιοῦτος
680 2252 782 2284 δίκαιός
798 2254 855 2279 ἐστι
864 2253 909 2280 διὰ

117 2294 151 2321 τὸ
165 2295 327 2329 φιλάδελφον
348 2296 394 2322 καὶ
411 2297 569 2326 κοινωνικὸν
581 2297 628 2324 τοῦ
644 2298 757 2334 τρόπου.

161 2342 190 2368 '0
205 2342 255 2376 μὲν
270 2342 373 2373 δίκαιος
397 2341 462 2369 οὔτε
485 2344 607 2378 παρόντα
630 2344 833 2380 ἀποστρέφεται
863 2346 909 2373 τὸν

118 2388 246 2421 πλοῦτον,
264 2388 325 2415 οὕτε
342 2388 380 2423 μὴ
407 2388 530 2423 παρόντα
546 2390 682 2424 ἐπιζητεῖ.
707 2391 745 2418 οὺ
761 2392 816 2427 γὰρ
839 2393 908 2419 ἀπο-

118 2434 263 2465 λαυστικός
278 2435 335 2461 ἐστι
350 2435 405 2461 τῶν
430 2434 587 2470 διδομένων,
611 2436 669 2463 ἀλλ’
687 2437 838 2473 οἰκονόμος.
857 2440 909 2466 0t)-

117 2481 174 2510 δεὶ;
190 2480 218 2507 δὲ
229 2480 283 2507 τῶν
298 2472 360 2508 νοῧν
375 2481 492 2516 ἑχόντων
507 2482 648 2517 ἐπιτρέχει
671 2484 703 2518 τῇ
719 2472 834 2519 ἀσχολίᾳ
858 2485 909 2519 τῆς

119 2525 178 2552 τῶν
196 2525 345 2561 ἀλλοτρίων
357 2526 499 2561 διανομῆς,
517 2527 565 2553 ἐὰν
580 2527 617 2562 μὴ
633 2527 702 2562 πρὸς
713 2528 764 2563 τὴν
777 2529 831 2556 τῶν
846 2531 910 2557 πολ-

118 2572 177 2598 λῶν
203 2572 346 2608 ἀποϐλέπῃ
370 2573 460 2606 δόξαν,
488 2573 514 2600 οῖ
540 2572 712 2608 θαυμάζουσι
736 2574 782 2601 καὶ
798 2574 909 2611 ζηλοῦσι

117 2617 183 2649 τοὺς
195 2617 223 2644 ἐν
237 2616 347 2653 ἐξουσίᾳ
361 2618 414 2645 τινὶ
426 2617 613 2650 καθεστῶτας.

159 2707 204 2740 Ὧς
219 2707 346 2734 ἀπόλοιτο
360 2707 481 2742 πλοῦτος,
500 2709 524 2735 εἰ
539 2709 577 2745 μὴ
595 2709 687 2746 βοηθεῖ
700 2711 814 2747 πένησιν
829 2712 835 2738 ί

160 2840 199 2877 (ί)
209 2842 295 2871 Aliter
308 2843 405 2878 legitur
417 2845 488 2880 apud
504 2829 642 2874 Hebraeos:
859 2858 883 2880 λι
894 2859 902 2872 τ

963 2252 983 2277 ri
997 2258 1028 2277 ac
1043 2250 1118 2285 diligi
1134 2255 1254 2278 meretur
1267 2256 1378 2285 propter
1389 2251 1529 2286 ingenium
1543 2251 1577 2278 ad
1597 2250 1747 2278 fraternum

961 2305 1082 2324 amorem
1097 2301 1127 2324 etv
1137 2297 1413 2324 communicationem
1431 2297 1561 2332 proclive.

997 2343 1091 2371 Justus
1102 2344 1210 2377 quidem
1223 2351 1312 2378 neque
1320 2348 1467 2378 praesentes
1477 2344 1588 2372 divitias
1596 2348 1749 2377 aversatur,

963 2398 1013 2417 nec
1046 2391 1173 2418 absentes
1203 2389 1344 2424 requirit;
1371 2398 1426 2418 non
1455 2391 1530 2419 enim
1557 2391 1609 2418 sibi
1642 2396 1748 2418 tantum

961 2437 1064 2464 fruitur
1087 2437 1168 2465 rebus
1191 2446 1260 2472 quas
1286 2437 1360 2465 Deus
1386 2437 1501 2471 dederit,
1516 2439 1562 2465 sed
1574 2437 1750 2472 dispensator

959 2490 1055 2510 earum
1083 2488 1135 2513 est.
1162 2483 1259 2512 Nullus
1287 2492 1351 2511 vero
1380 2488 1472 2512 mente
1498 2484 1630 2519 praeditus
1651 2488 1751 2519 sponte

960 2529 1070 2556 festinat
1086 2530 1120 2556 ad
1136 2530 1277 2564 negotium
1306 2530 1396 2557 aliena
1416 2529 1606 2565 dispensandi,
1620 2530 1673 2557 nisi
1691 2530 1750 2564 glo-

960 2575 1028 2601 riam
1045 2575 1201 2610 popularem
1218 2576 1370 2610 respiciat;
1390 2576 1542 2603 admiratur
1554 2577 1627 2603 cnim
1647 2575 1744 2609 vulgus

961 2625 988 2648 et
1013 2620 1104 2648 felices
1124 2621 1229 2656 judieat
1257 2622 1319 2650 illos
1341 2623 1388 2657 qui
1420 2622 1514 2658 aliqua
1531 2626 1665 2658 potestate
1681 2628 1750 2656 pras—

962 2667 1076 2694 celtunt.

1005 2713 1059 2748 62
1080 2713 1211 2749 Theologi.
1231 2713 1339 2742 Utinam
1355 2718 1467 2750 pereant
1482 2714 1593 2746 divitiis,
1610 2712 1661 2740 nisi
1682 2718 1748 2746 Ρίιυ·

964 2759 1075 2793 peribus
1085 2759 1247 2787 subveniant
1262 2760 1269 2786 l
