1959 3130
119 101 171 132 885

151 157 259 185 Πολλῶν
273 157 366 187 κακῶν
380 157 563 196 ἐπικάλυμμά
578 158 652 183 ἐστιν
666 157 680 182 ὁ
698 153 826 184 πλοῦτος.

151 204 210 231 Κᾶν
228 204 332 244 μυρίων
358 203 452 239 πηχῶν
476 203 528 238 γῆς
544 202 637 238 κύριος
655 201 792 241 ὑπάρχης,
816 198 906 238 θανὼν

117 250 218 285 γενήσῃ
233 249 317 285 τριῶν
331 250 347 285 ἥ
363 250 515 288 τεσσᾴρων.

920 156 944 184 Α

152 337 257 372 Ζημίαν
270 337 347 373 αἱροῦ
365 337 466 373 μᾶλλον
479 337 495 373 ἦ
509 336 604 371 κέρδος
618 335 731 379 αἰσχρόν
743 343 750 351 ·
763 334 780 370 ἡ
793 334 842 370 μὲν
853 333 906 369 γὰρ

118 383 192 416 ἅπαξ
213 392 242 410 σε
257 384 383 419 λυπήσει,
399 383 430 411 τὸ
446 383 474 410 δὲ
486 382 644 415 διαπαντός.

154 473 271 506 Πλοῦτος
281 474 379 506 κακίας
390 473 517 509 μᾶλλονῆ
531 471 733 509 καλοκαγαθίας
745 471 819 498 ἐστὶν
834 471 907 507 ὑπῃ-

137 521 211 547 ἐτηε.

137 529 166 546 ετ
190 529 211 547 ε.

118 529 133 556 ρ
154 529 258 592 iii-tan
275 564 412 599 πλοῦτος;
430 564 572 606 Θησαυρδς
590 564 695 598 κακῶν,
723 563 829 599 ἐφόδιον
844 563 909 590 ἀτυ-

117 620 151 646 χη
157 611 258 645 μάτων,
274 612 392 646 χορηγία
407 611 554 646 πονηρίας.

155 656 273 689 Πλοῦτος
291 658 345 688 ἀπὸ
361 657 446 689 κακῆς
478 657 609 692 ἐργασίας
632 657 820 693 ἔπιγινόμενος
846 657 907 682 ἔπι-

118 703 284 740 φανέστερον
295 703 396 736 ὄνειδος
412 704 554 738 κέκτηται.

416 784 528 811 ΛΟΓΟΣ
545 783 606 810 AB’.

118 840 189 875 Περὶ
202 841 359 869 πλουσίων
370 842 425 867 οὐκ
436 839 471 868 εὖ
486 841 648 873 βιούντων,
667 840 716 876 καὶ
737 841 797 868 τῶν
817 849 907 876 παρε-
922 828 946 858 Β

315 877 456 910 πομένων
477 876 580 909 αὐτοῖς
599 875 713 904 κακῶν.

157 930 268 959 Εἵπενὸ
292 933 395 968 Κύριος
421 933 478 964 τοῖς
512 933 609 960 ἑαυτοῦ
644 932 799 969 μαθηταῖς·
821 932 909 969 Ἀμὴν

121 979 193 1013 λέγω
227 980 301 1014 ὑμῖν,
332 972 386 1006 ὄτιν
402 979 540 1012 δυσκόλως
568 979 696 1011 πλούσιος
723 979 909 1006 εἰσελεύσεται

121 1026 163 1057 είς
177 1025 225 1061 τὴν
237 1025 376 1061 βασιλείαν
389 1026 444 1052 τῶν
454 1026 589 1063 οὐρανῶν.
601 1026 687 1053 Πάλιν
704 1026 732 1053 δὲ
745 1025 817 1060 λέγω
833 1026 908 1059 ὑμῖν,

120 1071 310 1107 εὐκοπώτερόν
329 1073 387 1099 ἐστι
400 1071 524 1108 κάμηλον
537 1072 581 1100 διὰ
593 1072 774 1108 τρυπήματος
796 1071 910 1107 ῥαφίδος

122 1118 264 1151 εἰσελθεῖν,
290 1118 307 1154 ἢ
326 1118 455 1146 πλούσιον
471 1120 510 1151 εἰς
535 1119 585 1154 τὴν
612 1118 753 1155 βασιλειαν
776 1117 824 1144 τοῦ
841 1116 911 1144 Θεοῦ

121 1165 261 1193 εἰσελθεῖν.
540 1157 542 1160 ”

158 1211 226 1238 Οὐαὶ
262 1210 337 1245 ὑμῖν,
352 1211 376 1238 οἱ
408 1210 597 1244 1r).ouroivte;,
626 1211 666 1238 an
701 1210 856 1243 πεινάσετε,
871 1209 912 1236 ὅτι

121 1256 238 1291 ἀπέχετε
253 1257 299 1283 τὸν
316 1256 412 1292 μισθὸν
428 1257 505 1292 ὑμῶν
517 1258 563 1288 καὶ
579 1258 629 1293 τὴν
647 1251 829 1293 παράκλῖησιν.

158 1303 189 1328 Οί
203 1303 333 1338 πλούσιοι,
345 1303 494 1337 κλαύσατε,
508 1302 680 1336 ὀλολύζοντες
693 1303 740 1330 ἐπὶ
750 1304 810 1334 ταῖς
821 1301 913 1329 ταλαι-

124 1349 244 1384 πωρίαις
262 1350 340 1384 ὑμῶν
356 1351 416 1381 ταῖς
435 1350 636 1385 ὑπερχομέναις
648 1357 656 1365 ’
671 1351 685 1376 ὁ
699 1348 816 1380 πλοῦτος
835 1349 914 1383 ὑμῶν

125 1396 238 1431 σέσηπε,
257 1397 350 1424 καὶτὰ
366 1397 465 1432 ἱμάτια
481 1391 559 1431 ὗμῶν
575 1396 736 1432 σητόϐρωτα
754 1395 913 1430 ὲγένετο.¹0

128 1446 228 1482 χρυσὸς
247 1444 323 1479 ὑμῶν
339 1443 385 1470 καὶ
398 1443 411 1469 6
424 1443 545 1479 ἄργυρος
559 1442 703 1474 κατίωται,
718 1443 764 1470 καὶ
776 1443 790 1468 ὸ
806 1441 844 1473 ἰὸς
862 1441 913 1468 αὺ-

123 1494 177 1520 τῶν
188 1493 227 1524 είς
243 1491 394 1528 μαρτύριον
408 1490 496 1524 ἔσται,
511 1492 557 1517 καὶ
573 1489 764 1523 καταφάγεται
778 1488 827 1520 τὰς
844 1488 910 1523 σάρ-
927 1504 947 1532 c

123 1549 175 1572 κας
191 1539 278 1577 ὑμῶν,
294 1539 331 1569 ὡς
345 1536 411 1572 πῦρ.

159 1629 206 1665 Μὴ
220 1627 304 1664 φοϐοῦ
320 1628 385 1655 ὅταν
399 1626 542 1662 πλουτήσῃ
558 1625 713 1661 ἅνθρωπος,
730 1624 747 1661 ἢ
762 1625 827 1651 ὅταν
844 1624 912 1659 πλη-

125 1676 236 1711 θυνθῇή
253 1675 318 1708 δόξα
332 1674 378 1700 τοῦ
391 1673 466 1700 οἴκου
483 1671 578 1700 αὐτοῦ.

161 1723 288 1757 κυνήγια
301 1720 415 1747 λεόντων
431 1719 544 1755 δναγροι
559 1720 588 1746 ἐν
603 1718 716 1754 ἐρήμῳ·
733 1717 819 1748 οὕτως
832 1716 916 1750 νομαὶ

125 1769 260 1796 πλουσίων
274 1768 385 1803 πτωχοί.

163 1816 294 1843 Πλουσίου
317 1814 465 1850 σφαλέντος
491 1814 584 1841 πολλοὶ
608 1813 817 1848 ἁντιλήπτσρες.

169 1861 315 1896 Ἐλάλησεν
328 1861 486 1896 ἁπὸῥρητα,
501 1862 548 1888 καὶ
563 1860 726 1886 ἐδικαίωσαν
747 1859 838 1886 αὐτόν.

161 1908 294 1939 Πλούσιος
311 1908 436 1943 ὲλάλησε,
453 1908 501 1934 καὶ
518 1907 619 1938 πάντες
642 1906 785 1941 ισίγησαν,
802 1907 850 1932 καὶ
869 1906 916 1932 τὸν

126 1954 206 1988 λόγον
222 1954 306 1981 αὑτοῦ
323 1954 468 1989 ἀνύψωταν
481 1953 534 1984 ἕως
545 1954 599 1980 τῶν
614 1953 746 1986 νεφελῶν.

168 2001 197 2027 '0
211 2000 303 2033 ἄδοξος
320 2001 348 2028 ἐν
363 2000 481 2036 πλούτῳ,
498 2001 527 2027 ὲν
540 1999 661 2037 πτωχεία
679 1999 806 2035 ποσαχῶς
819 2007 827 2033 ;

170 2089 260 2123 ’Δνδρὶ
276 2089 432 2124 μικρολόγῳ
453 2089 484 2116 οὐ
502 2088 583 2115 καλὸν
598 2089 611 2115 ὁ
625 2088 751 2120 πλοῦτος.

171 2136 322 2171 ’Δγρυπνία
349 2135 465 2162 πλούτου
492 2135 603 2170 ἐκτήκει
621 2135 736 2170 σάρκας,
755 2135 801 2160 καὶ
827 2135 843 2170 ἡ
869 2134 918 2168 μέ-

131 2192 214 2218 ριμνα
230 2182 312 2210 αὑτοῦ
327 2183 429 2218 ἀφιστᾷ
440 2182 538 2209 ὕπνον.

170 2230 200 2255 '0
217 2229 329 2263 ἀγαπῶν
346 2228 391 2256 τὸν
409 2228 524 2255 πλοῦτον
538 2229 568 2255 οὗ
587 2228 813 2261 δικαιωθήσεται.

171 2275 319 2310 Ἐμίσησεν
336 2275 353 2309 ἡ
367 2275 441 2310 ψυχή
457 2283 507 2310 μου
524 2275 652 2301 πλούσιον
667 2274 800 2310 ψεύστην.

173 2367 290 2402 Ἀγαθοῦ
318 2365 386 2392 Θεοῦ
402 2366 530 2400 γέγονας,
545 2365 683 2400 ἀνορωπε,
704 2365 856 2400 ὑπηρέτης,
881 2366 922 2391 οι-

132 2415 247 2449 κονόμος
274 2414 327 2440 τῶν
343 2412 505 2447 ὁμοδούλων,
523 2413 561 2447 μὴ
580 2412 669 2438 πάντα
692 2411 748 2438 οἵου
766 2413 798 2447 τῇ
825 2413 857 2447 σῇ
873 2420 922 2445 γα-

134 2462 196 2496 στρὶ
220 2459 457 2495 παρεσκευάσθαι.
477 2459 520 2490 Ὠς
543 2458 608 2493 περὶ
623 2458 772 2493 ἀλλοτρίων
791 2457 920 2494 βουλεύου

136 2509 201 2543 περὶ
225 2507 279 2533 τῶν
302 2508 329 2533 ὲν
345 2506 434 2541 χερσί.
459 2505 565 2540 Μικρὸν
592 2505 734 2540 εὐφραίνει
760 2513 790 2531 σε
814 2505 921 2540 χρόνον,

134 2553 195 2581 εἶτα
208 2554 403 2589 παραρῤυέντα
416 2553 558 2586 οἰχήσεται
570 2560 577 2567 ·
592 2552 638 2578 τὸν
650 2552 678 2578 δὲ
688 2551 731 2578 ἐπ’
740 2552 830 2583 αὐτοῖς
844 2551 922 2586 λόγον

132 2601 309 2636 ἀπαιτηθήσῃ
325 2600 393 2635 μετὰ
411 2598 566 2635 ὰκριὸεἱαςζ

172 2692 202 2718 '0
219 2691 345 2722 πλούσιος
361 2690 439 2717 οὔπω
456 2690 577 2725 ζηλωτός
593 2691 650 2717 ἐστι
666 2690 710 2717 διὰ.
725 2690 770 2717 τδν
792 2690 919 2725 πλοῦτον,

130 2739 181 2773 οὐχ
190 2739 204 2764 ὁ
214 2738 347 2771 δυνάστης
358 2737 402 2764 διὰ
417 2737 461 2764 τὸν
470 2737 552 2771 ὄγκον
560 2736 607 2763 τοῦ
620 2737 786 2772 ἀξιώματος.
800 2737 922 2772 ’()ργα·.α

133 2786 187 2820 γάρ
200 2786 257 2811 ἐστι
272 2784 359 2811 ταῦτα
376 2785 424 2820 τῆς
439 2785 540 2818 ἀρετῆς
552 2784 609 2814 τοῖς
621 2784 710 2815 καλῶς
726 2785 918 2819 κεχρημένοις,

135 2834 184 2859 οὐκ
216 2832 284 2858 αὐτὰ
299 2832 328 2859 ἐν
344 2832 447 2863 ἑαυτοῖς
473 2831 568 2866 ἔχοντα
591 2830 621 2856 τὸ
650 2831 796 2866 μακάριον.
818 2832 846 2857 '0
873 2833 921 2867 μὲν

497 98 579 130 LOC-l
597 95 822 128 COMMUNES.
839 107 874 114 -
897 94 997 125 PARS
1007 93 1030 124 Ι.
1042 91 1170 123 8ΕῇΜο
1186 88 1313 120 XXXII.

1695 84 1746 115 8'66

993 149 1097 179 Divitiae
1118 147 1213 176 multis
1230 146 1310 174 malls
1322 145 1399 181 quasi
1415 143 1504 173 velum
1522 143 1688 179 praetexunt.

994 195 1172 223 Philistionis.
1189 193 1319 226 Quamvis
1335 191 1464 220 dominus
1473 189 1512 218 sis
1524 187 1650 224 plurimae
1660 190 1694 212 tet
1703 192 1749 217 rae,

958 246 986 270 et
1012 241 1134 269 inlinitos
1160 240 1232 267 ruris
1260 238 1367 269 cubitus
1397 236 1550 273 possideas,
1576 235 1701 261 mortuus
1715 230 1750 256 ad

958 292 1014 316 tres
1030 293 1077 315 aut
1097 290 1218 322 quatuor
1239 283 1382 320 redigeris.

995 333 1125 362 Chilonis.
1146 333 1280 361 Damnum
1311 330 1402 365 potius
1432 334 1514 363 quam
1543 330 1622 361 turpe
1643 324 1749 353 lucrum

958 380 1037 416 elige.
1068 378 1126 407 Hoc
1156 379 1229 406 enim
1258 380 1389 412 perpetuo
1404 378 1428 403 te
1445 373 1546 409 afﬂiget
1557 393 1565 405 ,
1582 371 1649 399 illud
1665 369 1750 398 semel

959 431 1075 454 tantum.

995 471 1101 500 Divitiae
1121 471 1208 508 magis
1223 469 1376 499 inserviunt
1400 466 1546 503 improbis,
1575 472 1656 502 quam
1672 463 1751 492 bonis

958 523 986 547 et
1002 519 1126 548 honestis
1137 517 1248 546 studiis.

994 565 1065 599 Quid
1095 569 1136 593 est
1161 562 1326 599 opulentia?
1352 561 1509 589 Thesaurus
1536 559 1683 591 malorum,
1707 565 1753 585 ca-

959 611 1091 640 lamitatis
1104 609 1244 642 viaticum,
1268 607 1454 642 improbitatis
1468 605 1662 642 suppeditatio.

995 657 1102 686 Divitiae
1127 664 1158 685 ex
1185 655 1257 685 malo
1271 649 1406 691 principio
1431 659 1535 690 paratae
1561 652 1622 688 plus
1653 650 1754 679 habent

960 702 1088 731 infamize.

1137 781 1254 812 SERMO
1281 781 1380 810 XXXII
1396 780 1447 818 [αι.
1459 779 1575 816 CXLII].

961 842 998 870 De
1013 842 1136 870 divitibus
1149 844 1195 877 qui
1210 843 1278 871 male
1293 842 1392 905 simul.
1407 846 1431 869 et
1448 841 1481 868 de
1496 840 1573 868 matis
1585 846 1629 868 eos
1641 844 1753 873 aequen-

1329 887 1336 904 ι
1356 886 1397 905 us.

1316 883 1397 905 tibus.

996 935 1096 965 Matth.
1111 944 1167 964 six.
1190 935 1261 963 Dixit
1286 934 1417 962 Dominus
1433 934 1466 961 ad
1482 933 1632 969 discipulos
1659 941 1726 963 suos
1745 941 1753 961 :

962 982 1033 1011 Vere
1045 983 1106 1010 dico
1121 982 1197 1010 vobis
1209 981 1282 1016 quod
1294 981 1370 1009 dives
1383 980 1528 1009 dilﬁculter
1545 980 1712 1016 ingredietur
1726 980 1754 1008 in

961 1036 1075 1064 regnum
1096 1029 1242 1056 emtorum.
1268 1027 1302 1055 Et
1315 1028 1414 1055 iterum
1429 1026 1491 1054 dico
1509 1026 1587 1054 vobis
1608 1035 1616 1054 :
1635 1025 1755 1054 Facilius

961 1079 1004 1102 est
1019 1074 1154 1102 eamelum
1172 1074 1278 1111 ingredi
1304 1081 1352 1109 per
1378 1072 1503 1101 foramen
1524 1079 1602 1106 acus,
1617 1079 1699 1108 quam
1713 1072 1753 1099 di-

962 1121 1044 1149 vitem
1060 1121 1086 1148 in
1103 1128 1215 1156 regnum
1231 1120 1292 1148 Dei.

1000 1210 1065 1237 Luc.
1088 1218 1125 1238 vt.
1140 1210 1187 1238 Vae
1215 1210 1305 1243 vobis,
1323 1209 1430 1244 divites,
1456 1209 1520 1245 quia
1539 1208 1676 1243 esurietis,
1692 1209 1756 1243 quia

965 1262 1120 1285 mercedem
1146 1262 1174 1284 et
1195 1257 1410 1284 consolationem
1431 1260 1551 1284 vestram
1576 1256 1729 1290 recepistis.

999 1303 1061 1332 Jac.
1091 1313 1116 1332 v.
1140 1305 1221 1340 Agite
1243 1311 1330 1336 nunc,
1348 1303 1457 1337 divites,
1486 1303 1601 1338 plorate,
1621 1303 1756 1330 ululantes

965 1360 1046 1388 super
1061 1350 1180 1379 miseriis
1197 1351 1298 1378 vestris
1311 1358 1371 1385 qua
1382 1350 1529 1377 advenient
1547 1349 1636 1378 vobis.
1649 1348 1757 1376 Divitiae

965 1402 1062 1430 vestra:
1077 1396 1237 1433 putrefactas
1250 1400 1324 1428 sunt,
1341 1395 1503 1423 vestimenta
1529 1399 1620 1424 vestra
1642 1403 1657 1422 a
1675 1395 1757 1423 tineis

967 1445 1047 1481 plane
1060 1447 1219 1478 consumpta
1237 1446 1312 1471 sunt.
1322 1442 1426 1469 Aurum
1439 1445 1467 1468 et
1479 1445 1620 1476 argentum
1635 1446 1757 1468 vestrum

965 1490 1085 1525 aerugine
1105 1489 1227 1516 vitiatum
1245 1493 1298 1519 est.
1326 1492 1456 1522 etaerugo
1481 1495 1576 1515 eorum
1596 1488 1622 1514 in
1638 1488 1762 1516 testimo-

966 1537 1040 1564 nium
1065 1536 1143 1564 vobis
1163 1535 1227 1568 erit,
1254 1541 1281 1563 et
1311 1534 1410 1563 exedet
1430 1541 1526 1562 carnes
1550 1539 1657 1562 vestras
1686 1535 1760 1564 sicut

966 1583 1046 1618 ignis.

1005 1629 1100 1656 David.
1120 1628 1160 1656 Ne
1177 1629 1274 1656 timeas
1290 1636 1352 1656 cum
1369 1627 1473 1656 ditatus
1497 1628 1580 1656 fuerit
1604 1628 1698 1662 homo,
1717 1630 1758 1656 vel

967 1680 1047 1704 aucta
1060 1676 1146 1710 gloria
1162 1675 1271 1702 familiae
1288 1675 1387 1709 ipsius.
1462 1668 1467 1673 ”

1004 1721 1090 1749 Eccli.
1114 1730 1193 1750 χχιιι.
1210 1722 1332 1750 Leonum
1347 1722 1456 1749 venatio
1475 1727 1538 1749 sunt
1556 1722 1651 1757 onagri
1666 1722 1693 1748 in
1715 1729 1761 1750 εο-

969 1769 1084 1796 litudine
1101 1780 1108 1797 ι
1124 1769 1163 1797 sic
1181 1769 1264 1797 etiam
1280 1769 1403 1804 opulenti
1417 1769 1602 1802 depascuutur
1614 1777 1758 1803 pauperes.

1005 1814 1075 1842 Ibid.
1092 1815 1186 1843 Divitis
1202 1816 1270 1849 lapsi
1285 1815 1361 1842 multi
1384 1819 1448 1842 sunt
1463 1815 1614 1850 adjutores.

1004 1859 1124 1887 Locutus
1135 1865 1177 1887 est
1192 1865 1307 1892 sccrcla,
1323 1866 1350 1887 et
1368 1860 1543 1887 absolverunt
1569 1868 1631 1888 eum
1642 1880 1650 1887 .

1005 1905 1075 1932 Ibid.
1091 1905 1171 1933 Dives
1187 1905 1295 1933 loculus
1308 1910 1349 1933 est
1365 1927 1373 1939 ,
1389 1910 1416 1933 et
1438 1913 1536 1934 omnes
1556 1911 1711 1938 tacuerunt,
1731 1913 1758 1938 et

969 1953 1126 1980 extulerunt
1140 1960 1293 1980 sermonem
1310 1953 1369 1988 ejus
1382 1961 1467 1986 uSque
1483 1954 1515 1980 ad
1532 1954 1627 1981 nubes.

1004 1999 1072 2027 Ibid.
1088 2007 1127 2026 XI.
1144 1999 1255 2026 lnfamis
1267 2000 1294 2026 in
1307 2000 1421 2033 divitiis,
1439 2005 1542 2036 quanto
1562 1999 1631 2028 foret
1649 2001 1676 2029 in
1693 2009 1760 2037 pau—

969 2050 1074 2081 pertate
1090 2046 1200 2081 magis?

1007 2092 1150 2119 Hominem
1170 2093 1311 2120 sordidum
1328 2101 1383 2120 non
1398 2094 1494 2121 decent
1507 2095 1623 2122 divitiae.

1007 2137 1079 2165 Ibid.
1092 2138 1300 2174 uxut.Vigiliae
1309 2139 1466 2167 divitiarum
1476 2140 1643 2168 tabefaciunt
1651 2148 1761 2172 carnes,

935 2182 957 2210 Ι)
972 2188 998 2211 et
1010 2184 1165 2212 sollicitudo
1179 2191 1274 2212 earum
1293 2186 1389 2212 avertit
1404 2193 1542 2212 somnum.

1008 2229 1060 2262 Qui
1075 2230 1164 2266 diligit
1179 2230 1302 2262 divitias,
1323 2239 1376 2258 non
1387 2231 1600 2266 justiﬁeabitur.

1013 2276 1082 2303 Ibid.
1099 2285 1160 2304 xxv.
1179 2277 1294 2304 Animus
1322 2285 1396 2305 meus
1419 2277 1477 2305 odit
1502 2279 1612 2305 divitem
1643 2281 1756 2307 tuenda.

975 2330 1044 2350 CC").

1009 2369 1064 2405 64,
1084 2368 1184 2396 Incerti
1209 2370 1345 2396 auctoris.
1362 2369 1429 2397 Boni
1456 2369 1500 2397 Dei
1530 2371 1656 2399 minister
1674 2371 1764 2408 factus

974 2423 1014 2449 es,
1042 2425 1059 2443 0
1077 2416 1169 2448 homo,
1196 2424 1357 2444 (BCOIIOHIUS
1392 2424 1588 2445 COIISCI’VOI‘Hm
1602 2437 1612 2451 ,
1631 2425 1666 2445 ne
1688 2422 1765 2453 putes

975 2463 1068 2489 omnia
1097 2466 1143 2488 tuo
1167 2462 1253 2490 ventri
1274 2467 1367 2497 parata
1386 2470 1457 2491 esse.
1476 2463 1513 2490 De
1529 2464 1610 2491 rebus
1631 2464 1764 2499 illisquas

977 2509 1103 2535 manibus
1135 2513 1258 2541 tractas,
1292 2514 1421 2544 tanquam
1452 2511 1483 2537 de
1508 2510 1606 2538 alienis
1626 2512 1762 2539 consulta.

975 2554 1055 2582 Brevi
1084 2560 1206 2590 tempore
1223 2560 1247 2582 te
1265 2555 1414 2589 oblectant,
1436 2555 1533 2584 deinde
1549 2557 1765 2591 prwtetﬂuenles

977 2601 1150 2628 interibunt:
1169 2606 1197 2628 tu
1215 2609 1281 2630 vero
1299 2603 1466 2637 exquisitam
1487 2604 1520 2630 de
1538 2604 1604 2638 ipsis
1631 2603 1765 2631 rationem

977 2647 1091 2675 reddere
1100 2648 1253 2683 jubebcris.

1011 2693 1091 2721 Dives
1101 2702 1154 2721 non
1168 2694 1310 2723 habendus
1324 2700 1366 2724 est
1386 2695 1448 2723 felix
1464 2700 1574 2731 propter
1588 2695 1705 2726 divitias,
1720 2701 1766 2721 ne-

976 2747 1030 2773 que
1054 2740 1181 2774 princeps
1197 2745 1308 2776 propter
1322 2741 1511 2769 excellentiam
1527 2740 1681 2773 dignitatis.
1702 2737 1766 2766 Haec

978 2787 1079 2813 etenim
1112 2787 1292 2815 instrumenta
1322 2788 1430 2815 virtutis
1458 2791 1533 2819 sunt,
1552 2787 1573 2813 si
1602 2791 1672 2813 recte
1690 2783 1766 2811 adhi-

979 2833 1089 2867 bentur,
1111 2840 1164 2861 non
1179 2838 1268 2862 autem
1281 2834 1339 2869 ipsa
1359 2834 1512 2862 felicitatem
1528 2832 1555 2858 iu
1573 2838 1601 2859 se
1617 2829 1768 2859 continent.
