1959 3130
227 124 282 159 887

864 123 1025 155 ANTONI]
1046 122 1225 154 MELISSIE

1810 119 1869 152 888

227 182 300 219 Ergo
326 181 374 218 qui
396 181 467 210 male
482 179 587 209 divitiis
602 179 701 212 utitur,
720 179 888 208 miserabilis
905 186 947 208 est
962 201 970 214 ,
990 186 1019 208 ut

1078 178 1225 221 tbleamb;
1240 179 1279 216 τῷ
1306 178 1415 216 πλούτῳ
1441 178 1612 214 κεχρημένος
1635 177 1775 210 mmo;-
1793 178 1835 209 ὡς
1853 179 1869 205 6

226 228 272 256 ille
291 228 337 264 qui
352 233 449 264 sponte
463 235 494 255 se
509 226 694 254 vulneraverit
705 225 758 253 isto
775 226 875 262 gladio,
886 234 966 261 quem
985 227 1020 254 ad

228 275 377 304 vindictam
395 275 513 302 hostium
527 277 694 308 sumpserat.

262 321 302 350 Ne
322 321 486 348 misceamus
501 327 568 354 opes
583 323 692 346 nostras
721 319 819 347 alienis
841 320 979 356 lacrymis,
1005 329 1021 348 a

228 367 328 404 quibus
339 371 468 402 tanquam
482 365 602 401 aerugine
616 371 643 394 et
660 366 743 393 tineis
754 371 953 392 consumantur
968 366 1021 401 (l).

267 459 404 494 Cltrytast.
420 457 522 486 Divites
547 461 577 485 ut
600 457 749 492 plurimum
763 457 843 485 facile
854 457 977 486 incidunt
993 458 1019 486 in

231 505 376 532 malitiam.
402 504 471 532 Cum
494 504 568 531 enim
597 503 767 531 abundantia
784 511 876 531 rerum
893 511 1019 538 magnam

227 551 320 586 pravis
346 550 492 579 aﬂectibus
517 550 677 578 facilitatem
694 550 825 585 praebeat,
839 550 1021 586 procliviores

227 597 261 624 ad
276 597 342 624 vitia
359 596 485 624 feruntur
496 616 504 624 .

263 641 423 669 Periculosa
444 642 559 669 divitum
576 647 617 670 est
627 643 693 675 vita,
709 647 737 672 et
749 643 937 671 intractabilis
952 651 1017 670 mu-

224 688 306 716 tatio.
323 688 400 721 Quod
415 688 439 715 si
453 688 557 717 dixeris
569 709 577 721 ,
591 688 695 717 Multos
708 689 825 718 famulos
838 689 1021 718 circumducit

224 734 313 767 dives.
325 740 351 763 et
365 735 453 762 multa
467 735 652 771 terraajugera
666 736 808 771 possidet’:
823 737 940 771 primunt
948 736 1020 764 scias

227 781 365 808 diﬂicilem
395 780 421 808 ei
457 781 625 808 reddendam
657 789 719 809 esse
742 781 776 809 de
793 782 921 809 omnibus
937 781 1020 808 rebus

1070 227 1110 262 τῷ
1125 227 1197 262 ξίφει
1208 227 1223 254 δ
1251 226 1331 254 ἔλαϐε
1348 226 1418 261 πρὸς
1433 225 1483 262 τὴν
1506 225 1560 251 τῶν
1586 224 1728 260 πολεμίων
1742 224 1868 260 ἄμυναν,

1071 273 1159 309 τούτῳ
1171 273 1304 305 ἑκουσίως
1324 273 1421 300 ἑαυτὸν
1434 271 1682 307 κατατιτρώσκων.

1106 319 1153 354 Μὴ
1169 319 1293 354 μίξωμεν
1306 318 1352 345 τὸν
1363 317 1500 353 ἡμέτερον
1516 316 1632 343 πλοῦτον
1646 315 1802 351 ἀλλοτρίοις
1817 315 1868 342 δί-

1071 373 1178 401 κρυσιν,
1196 365 1242 399 ὑφ’
1256 362 1294 392 ὥν
1304 364 1342 396 ὡς
1357 364 1412 391 ἀπὸ
1424 364 1469 391 ίοῦ
1476 364 1522 391 καὶ
1531 363 1612 399 me;
1625 363 1867 399 δαπανηθήσεται,

1071 411 1142 447 ἢτδ,
1157 412 1207 447 τῆς
1221 411 1334 446 Γραφῆς
1352 411 1452 445 εἰπεῖν,
1468 409 1595 445 ἐξεμέθα.

1107 459 1139 486 Οί
1152 458 1277 485 πλούσιοι
1292 458 1329 490 ὡς
1343 458 1378 485 τὰ
1402 457 1488 484 πολλὰ
1505 457 1576 492 πρὸς
1592 456 1694 484 κακίαν
1717 455 1869 491 εὖεμπτώ-

1071 512 1124 536 τως
1139 504 1247 540 ἔχουσι·
1263 506 1313 540 τῆς
1324 504 1379 540 γὰρ
1398 504 1530 540 εὖπορίας
1542 503 1643 538 πηλλὴν
1653 504 1714 534 ταῖς
1728 504 1870 538 πονηραῖς

1072 550 1231 586 ἐπιθυμίαις
1250 550 1424 587 παρεχούσης
1446 551 1496 586 τὴν
1511 549 1648 583 εὐκολίαν,
1671 549 1802 584 ὀξύτερον
1819 549 1870 575 ἐπὶ

1070 597 1105 623 τὰ
1121 596 1310 633 ἁμαρτήματα
1321 598 1476 632 τρέχουσιν.

1113 644 1282 679 Ἐπισφαλὴς
1297 645 1311 670 6
1325 644 1383 680 βίος
1396 645 1455 675 τοῖς
1470 642 1630 675 πλουτοῦσι,
1652 643 1872 678 δυσμεταχείρι-

1073 699 1134 721 στος
1155 691 1171 726 ὴ
1192 690 1341 726 μεταϐολή.
1370 691 1400 716 Εἰ
1427 690 1455 716 δέ
1481 689 1582 723 λέγεις,
1608 687 1726 720 Πολλοὺς
1753 690 1871 722 οἰκέτας

1072 738 1210 772 περιάγει,
1227 736 1274 763 καὶ
1290 735 1376 762 πολλὰ
1397 735 1530 769 κέκτηται
1554 734 1661 770 πλέθρα
1680 736 1732 770 γῆς
1750 736 1765 761 6
1782 735 1873 761 πλου-

1071 783 1126 809 τῶν
1137 791 1144 798 '
1159 783 1269 818 πρῶτον
1284 783 1368 817 γνῶθι
1384 783 1426 810 ὅτι
1451 782 1573 817 χαλεπὰς
1589 782 1645 814 ἕξει
1667 782 1718 814 τὰς
1732 782 1867 816 εὐθύνας,

225 827 283 855 suis
307 827 456 855 rationch
486 826 545 854 Non
576 827 647 855 enim
675 827 782 855 fruendi
798 828 883 863 gratia
911 831 1019 855 tantum

1078 828 1183 856 πάντων
1197 829 1244 856 τδν
1257 829 1337 863 λόγον
1353 829 1473 863 ὑπέχων.
1501 828 1538 855 Οὐ
1555 828 1610 863 γὰρ
1623 829 1697 859 ὅπως
1711 827 1869 854 ἀπολαύσοι

224 873 342 908 accepit,
368 874 415 901 sed
438 878 470 903 ut
498 874 560 902 aliis
579 882 691 910 quoque
706 875 782 903 utilis
801 875 873 902 foret
888 875 1016 908 :deinde,

225 920 299 955 quod
325 920 391 947 nihil
417 920 441 947 ei
461 920 496 947 ab
521 920 573 947 hac
592 920 730 955 opulentia
760 921 905 956 contingit.
936 928 1018 956 quam

226 974 313 999 curae,
339 966 498 993 sollicitudo
513 986 520 998 ,
539 966 590 998 ira,
617 971 644 994 et
657 971 787 1001 perpetua
804 967 974 1002 perturbatio
987 975 1020 995 ac

222 1012 369 1040 tumultus.
378 1011 471 1046 Neque
485 1012 558 1039 cnim
575 1013 652 1040 dives
679 1013 782 1040 multos
793 1013 887 1048 implet
897 1018 1018 1046 ventres,

223 1065 327 1093 pauper
340 1065 405 1086 vero
417 1066 502 1085 unum
517 1058 605 1086 solum
619 1067 626 1086 :
649 1059 697 1086 sed
717 1067 801 1086 unum
816 1065 843 1086 et
860 1060 904 1087 hic
919 1065 947 1087 et
961 1060 1017 1094 iHe,

225 1108 252 1131 et
270 1111 356 1131 unum
377 1108 491 1138 uterque
511 1111 612 1139 corpus
629 1109 708 1132 curat
725 1113 733 1132 :
760 1105 843 1140 idque
871 1105 941 1134 alter
959 1106 1020 1134 sine

225 1154 299 1176 metu
319 1153 346 1176 et
359 1149 509 1181 anxietate,
544 1149 612 1177 alter
630 1155 751 1178 tremens
765 1155 793 1178 et
806 1150 906 1178 timens
922 1151 1019 1178 adver-

225 1195 333 1224 sitates.
342 1195 380 1223 Ne
393 1197 546 1230 respexeris
558 1197 642 1232 igitur
653 1202 754 1232 quanta
765 1198 800 1225 sit
811 1199 960 1232 possessio,
971 1199 1019 1227 sed

224 1248 258 1268 an
281 1241 369 1276 major
392 1241 499 1270 fructus
531 1243 663 1277 majorem
693 1243 897 1277 possessionem
915 1250 1017 1278 sequa-

228 1293 284 1314 Illl'.

262 1376 336 1406 Nihil
349 1378 446 1413 juvant
458 1386 523 1414 opes
537 1379 648 1407 divitem
663 1379 836 1410 morientem,
847 1387 915 1414 quas
925 1386 1018 1406 secum

227 1423 338 1452 auferre
361 1425 480 1460 nequit:
499 1431 526 1453 et
554 1426 606 1452 hoc
638 1425 772 1453 duntaxat
799 1426 902 1460 recepit
936 1426 1018 1459 lucri,

225 1471 298 1507 quod
316 1479 379 1499 cum
407 1472 514 1500 viveret
540 1472 613 1500 beati
641 1472 749 1499 titulum
771 1473 844 1507 apud
858 1472 1018 1501 adulatores

226 1520 363 1548 habuerit.

262 1624 339 1652 Multi
354 1623 458 1651 divitiis
473 1623 615 1651 ailluentes
644 1623 727 1651 vitam
742 1624 796 1652 sibi
821 1625 936 1652 minime
951 1625 1021 1652 vita-

225 1671 278 1699 lem
291 1670 469 1704 existimant;
488 1670 535 1698 alii
546 1670 573 1697 in
585 1676 706 1698 extrema
722 1675 881 1706 paupertate
901 1671 1020 1699 maxima

228 1725 291 1745 cum
321 1717 458 1744 hilaritate
479 1717 593 1751 degunt.
610 1715 666 1744 lmo
680 1716 719 1744 illi
735 1723 796 1752 post
811 1717 939 1745 satellitia
953 1717 1016 1753 glo-

226 1763 297 1792 riam
308 1768 334 1791 et
352 1763 484 1797 honores,
502 1771 556 1790 non
577 1770 640 1790 raro
654 1764 739 1790 vitam
760 1763 847 1798 ipsam
866 1771 1018 1792 exsecran-

227 1815 273 1838 tur
289 1818 296 1837 :
313 1810 340 1838 hi
366 1817 430 1838 vero
456 1809 579 1843 obscuri,
596 1813 622 1837 et
640 1816 672 1837 ex
694 1810 833 1842 obscuris,
846 1815 873 1838 et
891 1811 1020 1839 omnibus

228 1857 327 1892 ignOti,
356 1855 448 1884 multis
470 1855 531 1883 aliis
556 1863 584 1883 se
600 1855 739 1884 beatiores
757 1856 926 1884 existimant.
946 1855 1022 1884 Hila-

225 1905 295 1930 ritas
334 1902 408 1930 cnitn
434 1907 462 1929 et
492 1901 680 1938 tranquillitas
713 1903 797 1930 animi
825 1911 880 1930 non
915 1904 1019 1931 tamin

225 1957 319 1978 rerum
344 1949 511 1981 conditione,
537 1956 619 1985 quam
642 1949 756 1984 judiciis
784 1949 929 1977 hominum
952 1957 1020 1977 con-

226 1996 326 2025 sistere
338 1997 419 2024 solet.

263 2043 324 2077 lpse
335 2042 464 2070 Christus
476 2042 667 2077 pronuntiavit
683 2042 755 2077 quod
772 2050 826 2070 nntt
841 2042 950 2078 possitis
967 2042 1021 2070 Deo

227 2089 330 2117 servire
339 2093 366 2115 et
384 2096 559 2121 mammona,
575 2087 630 2123 65
640 2092 667 2116 et
679 2089 752 2123 quod
764 2096 844 2116 nemo
857 2089 941 2123 possit
953 2090 1022 2116 duo-

228 2134 280 2160 ltus
301 2134 421 2161 dominis
441 2134 567 2166 servire;
593 2135 754 2170 pracipiunt
776 2136 849 2162 enirn
871 2136 1020 2163 contraria.

1070 874 1152 901 ἐλαεε
1168 875 1261 910 μόνον,
1288 875 1348 902 ἀλλ’
1359 875 1434 907 ὅπως
1449 875 1496 902 καὶ
1523 874 1629 909 ἑτέροις
1645 874 1753 908 γένοιτο
1768 875 1870 909 χρήσε-

1071 929 1140 957 po"
1158 921 1297 957 δεύτερον,
1316 923 1357 949 ὅτι
1374 921 1450 948 οὐδὲν
1467 921 1522 948 ἀπὸ
1544 920 1594 955 τῆς
1610 920 1773 955 περιουσίας
1789 919 1869 955 αὐτῷ

1070 969 1175 1003 γίνεται
1189 968 1291 1003 ταύτης
1302 968 1319 1003 ἢ
1336 967 1476 1003 φροντίδες
1491 966 1540 993 καὶ
1556 966 1688 1002 μέριμναι
1705 965 1754 992 καὶ
1769 965 1868 1001 ὀργαὶ,

1070 1013 1118 1040 καὶ
1134 1014 1164 1041 τδ
1181 1014 1225 1041 διὰ
1240 1014 1342 1046 παντὸς
1356 1011 1427 1040 εἶναι
1443 1014 1473 1040 ἐν
1486 1014 1592 1048 ταραχῇ
1610 1013 1658 1038 καὶ
1672 1011 1814 1047 θορύϐοις.
1827 1011 1868 1039 Οὐ

1070 1060 1123 1095 γὰρ
1147 1059 1226 1093 οὗτος
1251 1060 1302 1095 μέν
1318 1059 1419 1095 μυρίας
1433 1059 1580 1095 γαστέρας,
1609 1059 1623 1085 6
1638 1058 1666 1085 δὲ
1689 1058 1777 1092 πένης
1800 1058 1868 1092 μίαν

1070 1107 1172 1143 πληροῖ
1190 1107 1282 1142 μόνον,
1301 1107 1369 1134 ἀλλὰ
1385 1107 1434 1134 καὶ
1445 1104 1521 1138 οὗτος
1536 1107 1662 1138 κάκεῖνος
1681 1107 1758 1141 μίαν,
1774 1106 1823 1133 καὶ
1837 1106 1868 1133 ιν

1070 1154 1223 1190 ἀμφότεροι
1251 1153 1436 1189 θεραπεύουσι
1459 1153 1558 1189 σῶμα·
1574 1152 1634 1180 ἀλλ’
1657 1153 1672 1179 6
1699 1153 1750 1188 μὲν
1777 1153 1868 1188 χωρὶς

1070 1202 1192 1236 ἀγωνίας
1210 1204 1259 1230 καὶ
1284 1201 1374 1234 δέους,
1399 1202 1413 1228 6
1429 1201 1458 1228 δέ
1482 1200 1555 1236 μετὰ
1569 1200 1617 1227 τοῦ
1646 1199 1800 1226 δεδοικέναι
1819 1199 1870 1226 καὶ

1070 1247 1183 1282 τρέμειν
1198 1248 1246 1279 τὰς
1257 1245 1469 1278 ἐπαναστάσεις.
1480 1245 1527 1281 Μὴ
1537 1245 1628 1272 τοίνυν
1642 1245 1700 1281 ίδῃς
1711 1244 1751 1276 ὡς
1761 1244 1870 1279 πολλὴν

1070 1293 1127 1328 Εχει
1152 1293 1202 1329 τὴν
1220 1293 1391 1328 περιουσίαν,
1410 1290 1471 1320 ἀλλ’
1497 1292 1522 1319 ει
1539 1291 1621 1319 πλέον
1640 1300 1666 1318 τι
1691 1292 1744 1327 τῆς
1759 1291 1867 1326 πολλῆς

1070 1342 1172 1376 ταύτης
1187 1341 1350 1370 ἀπολαύσει.

1106 1387 1190 1414 οὐδὲν
1208 1387 1304 1422 ὄφελος
1319 1386 1358 1422 τῷ
1375 1386 1496 1422 πλουσίῳ
1510 1385 1711 1420 ἀποθνήσκοντι
1730 1384 1768 1420 μὴ
1785 1384 1869 1411 δυνα-

1073 1434 1147 1470 μένῳ
1157 1433 1251 1462 λασεΐν
1267 1434 1313 1461 τδν
1330 1433 1448 1474 πλοῦτον
1460 1434 1509 1460 σὺν
1523 1432 1623 1467 ἐαυτῷ,
1638 1432 1667 1463 ὃς
1687 1439 1720 1466 γε
1736 1431 1870 1458 τοσοῦτον

1073 1481 1127 1509 ἀπὸ
1142 1481 1193 1516 τῆς
1207 1480 1385 1512 ἀπολαύσεως
1401 1480 1532 1516 ἐκέρδανε
1556 1480 1650 1515 μόνον,
1665 1479 1730 1506 ὅσον
1747 1480 1801 1514 τὴν
1818 1479 1870 1514 ψυ-

1073 1527 1124 1564 χὴν
1139 1526 1222 1555 αὑτοῦ
1237 1527 1266 1555 ἐν
1280 1528 1313 1563 τῇ
1329 1527 1387 1563 ζωῇ
1405 1526 1493 1563 ταύτῃ
1509 1527 1585 1562 παρὰ
1599 1525 1654 1553 τῶν
1670 1526 1800 1553 κολάκων
1813 1535 1870 1561 μα-

1073 1574 1248 1610 καρισθῆναι.

1108 1621 1205 1648 Πολλοὶ
1229 1620 1337 1656 πλούτῳ
1352 1620 1566 1656 περιῤῥεόμενοι
1582 1619 1629 1647 τὸν
1661 1618 1719 1652 βίον
1747 1619 1871 1646 ἀϐίωτσιν

1073 1667 1200 1704 ἐνόμισαν
1220 1666 1308 1694 εἶναι·
1329 1667 1419 1702 ἕτεροι
1438 1666 1479 1699 δὲ,
1493 1666 1572 1702 πενία
1593 1666 1729 1698 συζιῖιντες
1750 1665 1870 1702 ἐσχάτῃ,

1071 1716 1182 1742 πάντων
1196 1714 1377 1749 εὐθυμότερον
1389 1713 1553 1740 διετέλεσαν.
1566 1712 1620 1739 Καὶ
1636 1713 1660 1739 οί
1676 1712 1727 1747 μὲν
1738 1712 1861 1747 δορυφο-

1074 1763 1135 1797 ρίας
1151 1761 1358 1793 ἀπολαύσαντες
1375 1760 1422 1787 καὶ
1448 1759 1530 1795 δόξης
1548 1761 1595 1788 καὶ
1617 1759 1705 1794 τιμῶν
1730 1758 1870 1790 πολλάκις

1072 1806 1157 1841 αὐτὴν
1174 1806 1348 1842 ἐπηράσαντο
1364 1805 1415 1841 τὴν
1440 1804 1530 1841 ζωήνο
1543 1805 1566 1832 oi
1591 1805 1619 1832 δὲ
1644 1805 1747 1840 ἄσημοι
1765 1806 1815 1831 καὶ
1842 1805 1873 1837 ἐξ

1072 1852 1189 1887 ἀσήμων
1206 1853 1254 1879 καὶ
1269 1852 1358 1879 οὐδενὶ
1373 1852 1509 1887 γνώριμοι
1526 1851 1632 1878 πολλῶν
1648 1851 1763 1883 ἑαυτοὺς
1777 1860 1873 1886 μακα·

1073 1897 1224 1931 ριωτέρους
1237 1894 1310 1924 εἷναι
1330 1897 1470 1932 ἐνόμισαν.
1486 1897 1523 1925 Οὐ
1538 1897 1593 1932 γὰρ
1616 1898 1645 1924 ἐν
1663 1898 1697 1932 τῇ
1714 1898 1801 1930 φύσει
1815 1898 1873 1924 τῶν

1072 1944 1246 1978 πραγμάτων
1259 1943 1357 1977 οὕτως,
1373 1944 1412 1975 ὡς
1427 1944 1456 1970 ἐν
1469 1945 1502 1979 τῇ
1518 1943 1618 1980 γνώμη
1627 1942 1682 1970 τῶν
1697 1943 1870 1978 ἀνθρώπων,

1047 2023 1054 2028 ν
1071 1988 1107 2015 τὰ
1120 1990 1170 2024 τῆς
1185 1989 1319 2025 εὐθυμίας
1334 1989 1462 2017 ἵστασθαι
1478 1991 1612 2024 πέφυκεν.

1107 2035 1193 2067 Αὐτὸς
1209 2036 1223 2062 6
1238 2035 1356 2071 Χριστὸς
1369 2037 1540 2072 ἀπεφήνατο,
1558 2038 1600 2065 ὅτι
1616 2039 1653 2066 Οὐ
1671 2039 1791 2068 δύνασθε
1807 2041 1872 2076 Θεῷ

1072 2081 1210 2110 δουλεύειν
1224 2084 1271 2109 καὶ
1291 2083 1412 2119 μαμωνᾷ
1425 2091 1431 2098 ·
1449 2084 1496 2110 καὶ
1510 2084 1551 2110 ὃτι
1579 2084 1667 2117 οὐδεὶς
1679 2085 1797 2113 δύναται
1809 2087 1875 2113 δυσὶ

1072 2129 1179 2164 κυρίοις
1203 2129 1358 2156 δουλεύειν·
1385 2131 1495 2158 ἐναντία
1526 2131 1581 2166 γὰρ
1609 2132 1819 2161 ἐπιτάττουσιν.
1843 2135 1873 2160 ’0

227 2180 353 2208 Christus
384 2179 494 2215 inquit,
515 2180 600 2207 Parce
638 2180 814 2215 pauperibus.
851 2182 1019 2210 Mamutonas

1078 2176 1191 2211 Χριστὸς
1206 2176 1290 2210 λέγει,
1307 2176 1402 2203 Φείδου
1426 2177 1480 2203 τῶν
1509 2179 1665 2214 πενομένων
1677 2187 1687 2196 ⁵
1702 2181 1717 2206 6
1732 2183 1874 2216 μαμωνᾶς

228 2227 326 2261 inquit,
342 2225 429 2253 Nudis
440 2226 523 2253 etiam
538 2233 598 2261 quia
612 2226 714 2254 habent.
738 2228 878 2255 abstrahe.
891 2228 1019 2256 Christus

227 2271 327 2306 inquit,
338 2270 446 2298 Evacua
459 2279 520 2306 quae
535 2271 629 2299 habes.
647 2271 816 2300 Mamtnonas
827 2273 928 2308 inquit,
940 2274 1020 2302 Acci-

227 2325 261 2352 pe
292 2318 375 2344 etiam
405 2325 466 2353 quae
501 2326 555 2345 non
583 2318 678 2346 habes.
710 2319 905 2347 Verumtamen
934 2321 1022 2356 magis

229 2363 402 2390 auscultetur
427 2363 476 2396 illi,
503 2363 582 2398 cujus
598 2365 734 2399 crudelia,
746 2366 876 2392 immania
888 2370 915 2394 et
930 2366 1019 2394 ferina

232 2413 294 2438 sunt
311 2413 457 2444 pracepta,
472 2418 553 2445 quattt
579 2411 586 2438 i
600 2411 617 2438 li
645 2411 692 2446 qui
707 2412 789 2439 nobis
801 2413 918 2448 benigna
937 2417 964 2440 ct
978 2421 1022 2440 sa-

223 2455 328 2483 ‘lutaria
356 2456 490 2492 praecipit.
517 2456 581 2485 lltec
614 2465 699 2485 causa
713 2463 757 2485 est
768 2458 910 2493 gehennae,
935 2466 1020 2486 causa

231 2502 418 2536 1euebrarum,
437 2511 519 2531 causa
547 2503 623 2532 ﬂuvii
652 2505 740 2540 igniti,
759 2504 879 2541 denique
897 2506 1021 2540 perpetui

179 2546 332 2576 ——'vermis
347 2557 442 2578 causa.

265 2594 371 2630 Cyrillt‘.
388 2596 496 2624 Divitiis
508 2596 589 2624 etiam
603 2600 677 2624 recte
694 2597 732 2624 uti
750 2597 825 2630 licet,
842 2597 866 2625 si
883 2599 1024 2634 cxpendas

230 2641 431 2677 indigentibus.
938 2677 942 2680 ι

265 2687 396 2717 Molestia:
408 2690 507 2717 divites
524 2689 672 2722 plurimum
683 2690 760 2725 sequi
778 2691 879 2723 solent,
895 2696 922 2719 et
936 2699 966 2720 ex
979 2693 1020 2719 ni-

231 2733 286 2762 mia
301 2735 428 2770 superbia
442 2736 474 2762 ad
485 2735 675 2771 negligentiam
687 2735 879 2764 detrahuntur.

1070 2223 1154 2256 λέγει,
1173 2223 1228 2249 Kal.
1247 2223 1310 2254 τοὺς
1323 2224 1444 2258 γυμνοὺς
1469 2224 1603 2251 ἀπόδυσον
1629 2225 1700 2252 αὐτὰ
1713 2226 1732 2252 ἃ.
1747 2226 1872 2262 ἔχουσιν.

1077 2270 1106 2296 '0
1123 2269 1240 2305 Χριστὸς
1255 2269 1338 2304 λέγει,
1357 2270 1484 2297 Κένωσον
1500 2270 1571 2304 ἅπερ
1593 2271 1664 2306 ἔχεις
1676 2280 1684 2287 ·
1700 2273 1714 2298 ὁ
1730 2275 1874 2307 μαμωνὶς

1073 2316 1158 2350 λέγει,
1176 2316 1250 2343 Δάσε
1269 2317 1316 2344 καὶ.
1330 2317 1405 2352 ἆπερ
1422 2317 1473 2343 οὐκ
1488 2317 1572 2352 ἔχεις.
1591 2318 1662 2344 Ἀλλ’
1677 2319 1756 2352 ὅμως
1772 2321 1874 2347 ἀκούε-

1073 2372 1119 2391 ται
1138 2364 1240 2399 μᾶλλον
1255 2365 1269 2390 6
1281 2365 1315 2391 τὰ
1329 2364 1392 2399 ὠμὰ
1407 2365 1454 2391 καὶ
1467 2365 1560 2400 ἀπηνῆ
1576 2366 1623 2392 καὶ
1643 2365 1767 2402 θηριώδη
1785 2375 1875 2402 προσ-

1072 2411 1178 2438 τάττων
1191 2409 1239 2436 τοῦ
1266 2411 1300 2437 τὰ
1323 2411 1434 2445 ἐπιεικῆ
1453 2411 1501 2437 καὶ
1519 2412 1642 2446 σωτήρια
1665 2413 1732 2446 ἡμῖν
1748 2412 1877 2440 κελεύονο

1071 2465 1129 2488 τος.
1143 2457 1193 2482 Διὰ
1207 2456 1288 2482 τοῦτο
1307 2456 1418 2490 γέεννα,
1433 2456 1478 2483 διὰ
1495 2456 1577 2483 τοῦτο
1594 2457 1702 2489 σκότος,
1727 2457 1774 2485 διὰ
1791 2459 1877 2486 τοῦτο

1075 2505 1197 2540 ποταμὸς
1214 2504 1311 2541 πυρὸς,
1328 2504 1372 2531 διὰ
1391 2504 1470 2531 τοῦτο
1485 2503 1593 2539 σκώληξ
1606 2503 1803 2539 ἀτελεύτητος.

1115 2594 1194 2621 Ἐστι
1223 2595 1272 2621 καὶ
1298 2594 1406 2630 πλούτῳ
1433 2595 1473 2627 εἰς
1488 2594 1547 2621 δέον
1564 2595 1734 2630 χρήσασθαι,
1750 2595 1822 2623 ὅταν
1836 2597 1877 2628 εἰς

1074 2641 1138 2672 τοὺς
1151 2641 1298 2676 δεομένους
1313 2641 1450 2677 ἀναλώσῃ.

1111 2688 1173 2719 Τὸἶς
1191 2688 1334 2715 πλουτοῦσι
1347 2689 1464 2723 μάλιστα
1481 2688 1652 2724 παρέπεσθαι
1667 2689 1744 2723 φιλεῖ
1762 2690 1793 2716 τὸ
1811 2691 1878 2716 δυσ-

1076 2735 1161 2769 ήνιον,
1177 2735 1224 2761 καὶ
1251 2736 1283 2762 ἐκ
1305 2735 1433 2770 πλείστης
1448 2734 1517 2769 ἄγαν
1529 2735 1682 2770 ἁγερωχὲας
1700 2736 1879 2771 x3435?!»-

1075 2788 1121 2807 ται
1137 2782 1203 2816 πρὶς
1219 2783 1246 2807 τὸ
1263 2781 1395 2816 ῥᾴθυμον.

269 2864 307 2900 (Ι)
321 2864 385 2898 Quae
407 2864 450 2893 hic
469 2865 496 2893 in
512 2865 608 2895 Graeco
627 2873 786 2904 sequuntur
806 2869 909 2904 aliquot
927 2869 1017 2902 vetita,
1036 2869 1164 2898 videntur
1180 2875 1319 2902 corrupta.
