1959 3130
128 169 183 201 889

523 173 608 203 LOCI
629 173 898 205 COMMUNES.-
921 172 1029 204 PARS.
1055 174 1076 205 i.
1099 174 1226 204 SERMO
1242 175 1381 206 XXXIII.

1702 179 1756 210 890

165 226 280 258 Πλοῦτος
319 227 415 258 κακίας
447 226 546 261 (μᾶλλον
572 226 589 263 ἢ
622 227 823 263 καλοκαγαοίας
848 229 910 255 ἐστὶι

1012 228 1141 257 Philonis.
1159 228 1263 257 Divitis:
1276 230 1362 265 magis
1379 230 1545 265 improbitati
1574 236 1655 267 quam
1669 232 1754 260 hone-

129 272 278 308 ὑπηρέτης.

427 320 536 347 ΛΟΓΟΣ
550 319 612 348 ΔΓ.

302 366 371 400 Περί
386 367 512 401 πτωχῶν
527 363 583 395 καί
594 367 741 401 πενήτων,

164 412 296 448 Κραυγὴν
315 413 432 448 πένητος
457 415 504 440 καὶ
518 416 643 450 κραυγὴν
658 415 768 451 πτωχοῦ
792 415 918 443 εἰσακού-

130 465 206 486 astat
219 458 334 495 Κύριος.

164 504 222 530 Οὐκ
249 505 289 535 at;
305 503 380 536 τέλος
404 505 618 541 ὲπιλησῦήσεται
632 507 645 532 ό
658 508 772 542 πτωχός.
798 507 829 534 'H
849 507 915 536 ὑπο-

129 550 196 584 μονὴ
211 549 264 576 τῶν
278 551 403 586 πενήτων
416 551 466 578 οὐκ
483 551 627 578 ἀπολεῖται
647 553 687 584 είς
702 553 789 585 τέλος,

163 595 259 631 Κρινεῖ
276 597 340 628 τοὺς
368 597 493 632 πτωχοὺς
510 597 558 624 τοῦ
581 598 659 633 λαοῦ,
675 599 722 625 καὶ
749 600 831 628 σώσει
852 601 915 633 τοὺς

128 642 202 673 υἱοὺς
218 642 270 669 τῶν
284 643 420 677 πενήτων.

165 687 271 720 Ἐγνων
282 688 323 714 ὃτι
335 688 444 722 ποιήσει
466 688 569 724 Κύριος
584 688 634 724 τὴν
657 691 749 725 κρίσιν
766 692 820 719 τῶν
841 701 915 721 πτω-

126 734 192 770 χῶν,
212 735 259 761 καὶ
275 735 325 768 τὴν
342 735 421 769 δίκην
436 736 489 762 τῶν
506 737 641 771 πενήτων.

170 780 199 806 '0
212 780 356 814 ἀτιμάζων
372 782 478 815 πένητα
493 781 659 816 ἁμαρτάνει.

166 825 199 853 '0
214 826 389 861 συκοφαντῶν
414 827 518 862 πένητα
542 827 687 864 παροξύνει
703 828 749 855 τὸν
765 831 914 866 ποιήσαντα

127 871 219 898 αὐτόν.

163 918 247 945 Πενία
256 918 341 953 ἄνδρα
354 920 486 947 ταπεινοί.

163 963 295 990 Πλουσίου
313 965 419 999 πτωχὸς
432 965 481 1000 οὐχ
502 964 645 999 ὑφίσταται
660 966 788 1002 ἀπειλήν.

162 1010 256 1036 Πάντα
284 1011 318 1037 τὰ
338 1010 408 1046 ἔργα
430 1011 477 1037 τοῦ
502 1010 610 1047 πτωχοῦ
636 1014 742 1049 φανερὰ
771 1015 847 1051 παρὶι
874 1015 912 1051 τῷ

127 1055 200 1090 Θεῷ.

165 1102 214 1132 Ὃς
229 1101 401 1136 ἀποφράσσει
427 1102 461 1129 τὰ
486 1100 543 1130 ὦτα
566 1104 650 1131 αὐτοῦ
673 1104 720 1132 τοῦ
737 1106 775 1141 μὴ
797 1105 912 1135 ἀκοῦσαι

127 1147 246 1182 πτωχοῦ,
272 1148 323 1183 τῆς
349 1148 468 1184 δεήσεως
494 1150 577 1176 αὐτοῦ
603 1151 653 1177 οὐκ
687 1152 880 1181 είσακούσεται
899 1155 913 1181 ό

127 1194 205 1223 Θεόε.

171 1237 203 1264 Ἦ
217 1237 298 1272 σοφία
313 1237 360 1265 τοῦ
372 1239 488 1274 πένητος
509 1239 722 1277 ἐξουθενημένη,
739 1243 787 1269 καὶ
802 1244 827 1270 oi
838 1242 912 1278 λόγοι

130 1282 213 1310 αὑτοῦ
227 1283 276 1310 οὐκ
288 1284 358 1310 εἰσὶν
378 1285 552 1319 ἀκουόμενοι.

163 1330 383 1365 Βοσκηθήσονται
404 1332 506 1367 πτωχοὶ
520 1332 564 1359 διὰ
591 1333 707 1369 Κυρίου,
735 1334 853 1370 πένητες
882 1335 912 1363 δὲ

124 1375 262 1411 ϐ’)θρωποι
279 1376 326 1404 ἐπ’
339 1378 450 1413 εἰρήνης
463 1378 678 1409 ἀναπαύσονται.

161 1423 295 1455 Ταπεινὸς
315 1424 420 1459 ισφάλη
435 1444 443 1457 ,
469 1425 517 1451 καὶ
543 1426 787 1463 προσεπετίμησαν
815 1429 908 1464 αὐτῷ·

125 1467 275 1503 ἐφθέγξατο
291 1468 409 1511 σύνεσιν,
426 1470 472 1497 καὶ
489 1471 538 1497 οὐκ
555 1471 631 1508 ἐδόθη
648 1472 723 1508 αὑτῷ
738 1474 831 1506 τόπος.

160 1559 302 1595 Προσευχὴ
322 1560 451 1588 ταπεινοῦ
470 1561 585 1596 νεφέλας
612 1561 717 1597 διῆλθε,
743 1564 791 1591 καὶ
816 1564 847 1591 οὐ
870 1564 908 1600 μὴ
922 1581 944 1612 C

123 1605 300 1650 παρακληθῇ,
313 1606 366 1638 ἕως
381 1606 414 1633 ἄν
429 1607 611 1643 ἐπισκέψηται
625 1608 773 1644 ’Υψιστος.

157 1694 242 1730 Σοφία
255 1694 386 1723 ταπεινοῦ
404 1695 542 1731 ἀνυψὼσει
566 1698 690 1734 κεφαλὴν
704 1697 800 1732 αὐτοῦ,
816 1700 864 1727 καὶ
877 1701 907 1729 ὲν

124 1740 201 1776 μέσῳ
219 1741 391 1777 μεγιστάνων
408 1741 501 1769 καθιεῖ
514 1743 606 1774 αὐτόν.

159 1785 268 1820 Πτωχὸς
282 1785 423 1818 δοξάζεται
441 1785 475 1812 δι’
492 1787 648 1822 ἐπιστήμην
669 1789 718 1816 καὶ
744 1789 908 1818 εὐλάϐειαν·

122 1832 136 1859 ὁ
149 1831 326 1868 δοξαζόμενος
343 1833 372 1859 ὲν
388 1832 521 1868 πτωχείᾳ,
537 1834 665 1869 ποσαχῶς
680 1835 709 1862 ἑν
724 1835 831 1872 πλούτῳ
847 1837 855 1864 ι

158 1922 203 1958 Μὴ
217 1922 397 1958 παρεκτείνου
417 1922 502 1958 πένης
514 1921 553 1950 ὢν
564 1923 696 1960 πλουσίῳ,
711 1926 744 1961 τῇ
766 1925 795 1953 δὲ
813 1927 847 1962 σῇ
864 1926 908 1954 εὖ·

122 1969 183 2005 νοίᾳ
202 1969 334 2004 ἅπόσχου.

165 2014 312 2048 Ἐμίσησιν
324 2015 340 2050 ἡ
354 2013 428 2050 ψυχή
445 2023 497 2049 μου
511 2015 618 2050 πτωχὸν
637 2016 821 2051 ὑπερήφανον.

157 2058 319 2096 Πτωχεΰων,
339 2060 476 2096 ἄνθρωπε,
495 2061 653 2097 εὐφραίνου,
668 2063 709 2090 ὅτι
726 2063 853 2099 Λαζάρου
872 2072 903 2091 σε

121 2107 155 2133 τά
170 2105 261 2140 ἀγαθὰ
276 2106 438 2145 ᾷιαδέξεται.

157 2151 292 2187 οὐδεμίαν
307 2152 440 2187 αἰσχύνην
455 2151 485 2178 ἰδ
498 2152 628 2180 πένεσθαι
643 2154 779 2189 προξενεῖ.

163 2198 220 2225 Ἑνὶ
239 2198 328 2233 τούτῳ
350 2197 516 2233 διαφέρομεν
534 2199 590 2226 τῶν
608 2200 796 2235 πλουτοῦντων
813 2201 837 2228 oi
853 2200 905 2227 πέ-

121 2251 218 2277 νητες,
242 2244 276 2278 τῇ
310 2242 463 2278 ἁμεριμνίᾳ
481 2251 488 2258 ·
515 2243 563 2270 καὶ
592 2244 788 2280 καταγελῶμεν
818 2245 908 2272 αὐτῶν

120 2288 345 2322 ἁγρυπνούντων,
359 2288 437 2314 αὐτοὶ
452 2288 642 2321 καθεύδοντες.

157 2334 240 2360 Πενία
258 2333 327 2368 μετὰ
339 2333 469 2368 ἀληθείας
482 2335 572 2370 πάσης
588 2335 764 2368 ἀπολαύσεως
777 2336 834 2368 τοῖς
852 2344 908 2363 ato-

121 2380 250 2416 φρονοῦσι
266 2379 428 2415 τιμιωτέρα.

156 2426 195 2453 Οὐ
219 2427 250 2452 τδ
265 2426 393 2453 πένεσθαι
410 2427 608 2460 ἐπονείδιστον,
623 2427 694 2455 ἀλλὰ
710 2428 740 2455 τὸ
758 2428 796 2464 μὴ
813 2427 908 2465 φέρειν

91 2468 96 2476 ’
121 2472 298 2507 εὐγνωμόνως
313 2473 363 2508 τὴν
376 2474 481 2501 πενίαν.

157 2517 245 2552 Πένης
263 2518 301 2554 μὴ
313 2517 469 2554 ἀθυμήσῃς.
488 2518 520 2546 'Il
537 2519 591 2553 γὰρ
607 2519 647 2550 εἰς
672 2518 743 2553 ἄγαν
769 2520 906 2555 κατήφεια

120 2563 226 2598 γίνεται
241 2563 291 2598 τῆς
305 2564 442 2599 ἁμαρτίας
458 2564 532 2591 αίτία
546 2584 554 2597 ,
568 2566 617 2600 τῆς
635 2565 684 2600 μὲν
706 2564 794 2601 λύπης
810 2566 905 2601 βαπτι-

120 2611 221 2646 ζούσης
240 2610 286 2636 τὸν
310 2610 382 2643 νοῦν,
400 2611 447 2637 καὶ
465 2611 622 2645 ἀμηχανίας
639 2611 769 2647 ποιούσης
785 2612 903 2647 ἴλιγγον,

119 2656 169 2691 τῆς
184 2656 212 2683 δὲ
229 2656 346 2691 ἀπορίας
362 2655 418 2683 ⁴νῶν
430 2656 572 2692 λογισμῶν
584 2657 634 2692 τὴν
657 2657 820 2692 ἀχαριστίαν
835 2658 904 2684 ἀπο-

121 2701 270 2735 γεννώσης.
299 2701 345 2736 Μὴ
364 2701 419 2735 γὰρ
443 2701 493 2727 οὐκ
512 2700 653 2728 ἑπιόλέπει
672 2702 722 2737 τὴν
748 2703 877 2729 στένωσιν
891 2704 904 2729 ὁ

120 2747 204 2782 Θεός;
221 2747 298 2782 Ἔχει
313 2746 362 2782 τὴν
387 2747 491 2782 τροφὴν
505 2748 534 2773 ὲν
551 2748 624 2782 χερὶ,
651 2748 697 2774 καὶ
725 2748 904 2776 summm

120 2793 169 2828 τὴν
182 2792 264 2825 δόσιν,
277 2792 320 2819 ἴνα
336 2801 384 2819 σου
399 2793 535 2829 δοκιμάσῃ
549 2793 579 2819 τὸ
597 2793 717 2828 βέϐαιον.

155 2838 238 2866 Οιδὲν
255 2837 294 2874 τῷ
315 2837 375 2874 Θεῷ
409 2839 497 2874 μέγα,
524 2838 538 2865 δ
558 2838 596 2875 μὴ
613 2838 660 2866 καὶ
684 2839 780 2876 πένησι
802 2840 902 2870 δίδωσι,

967 272 1029 299 stati
1045 273 1207 300 inserviunt.

1131 318 1248 347 ΞΕΝΜο
1272 319 1381 347 XXXIII
1410 320 1460 356 [aL
1475 321 1602 358 CXLIII].

1188 366 1227 393 De
1239 367 1326 401 egenis
1341 372 1364 393 et
1373 368 1543 401 pauperibus.

1001 410 1064 438 Job.
1078 411 1230 439 Clamorem
1247 414 1373 448 pauperis
1410 418 1437 441 et
1451 414 1596 441 clamorem
1610 415 1685 450 egeni
1701 416 1755 444 Do-

967 455 1058 483 minus
1070 456 1206 484 exalidicl.

1005 501 1079 528 Ρεαι.
1093 510 1130 531 ix.
1141 501 1199 529 Non
1215 503 1240 529 in
1252 507 1379 538 perpetua
1390 503 1525 531 oblivione
1533 504 1755 540 jacehitegcuus.

966 546 1098 574 Patientia
1115 555 1264 583 pauperum
1276 557 1330 575 non
1358 557 1466 584 semper
1481 549 1670 578 frustrahitur.

1001 591 1123 620 Ibid.vn.
1136 591 1275 620 iudicabit
1289 593 1386 629 inopes
1402 595 1507 630 populi,
1528 600 1555 623 et
1568 595 1638 623 lilios
1653 604 1754 631 paupe-
1806 594 1810 599 ⁷

966 645 1026 664 rum
1040 638 1171 665 servabit.

1001 681 1072 709 Ibid.
1085 690 1197 710 cxxxix.
1213 683 1333 718 Cognovi
1354 685 1426 719 quod
1443 685 1571 713 Domines
1587 691 1698 715 acturus
1713 692 1755 716 est

965 735 1076 756 causam
1091 729 1216 764 inopum,
1235 726 1407 764 etjuilieium
1431 732 1594 766 pauperuiu.

1000 773 1080 802 Prov.
1097 782 1162 801 xvu.
1175 774 1227 808 Qui
1251 776 1357 810 spernit
1386 783 1544 811 pauperem,
1562 782 1665 812 peccat.

1001 820 1052 853 Qui
1076 828 1223 856 pauperem
1268 821 1462 855 calumniatur,
1486 823 1576 850 irritat
1603 829 1752 852 creatorem

965 875 1034 903 ejus.

927 903 951 932 Β
1002 913 1151 948 Paupertas
1169 913 1295 941 lmmiliat
1308 914 1406 941 virum.

1001 959 1080 986 Prov.
1098 966 1155 986 nu.
1171 958 1277 994 Pauper
1291 967 1344 986 non
1359 959 1477 988 sustinet
1491 959 1580 988 minas
1595 961 1699 990 divitis.

999 1005 1097 1034 Omnia
1114 1013 1196 1041 opera
1210 1006 1300 1041 inopis
1315 1007 1461 1035 manifesta
1479 1012 1544 1034 sunt
1558 1009 1629 1042 κρυ-ι
1646 1008 1742 1037 Deum.

1003 1096 1080 1125 Prov.
1093 1105 1150 1124 ut.
1176 1096 1227 1130 Qui
1259 1096 1378 1124 thIruit
1405 1104 1488 1126 aures
1512 1106 1576 1126 suas
1602 1107 1636 1126 ne
1661 1100 1754 1128 audiat

963 1148 1098 1179 egentem,
1113 1143 1187 1171 illius
1203 1151 1298 1178 preces
1312 1151 1366 1170 non
1394 1144 1522 1171 exaudiet
1538 1144 1681 1173 Dominus.

999 1233 1089 1262 Eccle.
1105 1242 1143 1262 Ix.
1156 1234 1295 1270 Sapientia
1308 1234 1437 1270 pauperis
1463 1235 1531 1264 nihil
1558 1242 1710 1271 reputatur,
1723 1243 1752 1266 et

962 1283 1044 1308 verba
1060 1280 1120 1315 ejus
1139 1289 1192 1308 non
1216 1282 1374 1309 audiuntur.

998 1325 1055 1353 1m.
1073 1335 1127 1354 xiv.
1144 1326 1240 1362 Inopes
1251 1335 1266 1354 a
1278 1328 1393 1356 Domino
1410 1334 1566 1364 pascentur.
1583 1335 1610 1356 et
1628 1330 1752 1358 homines

962 1379 1096 1407 pauperes
1113 1373 1139 1399 in
1159 1380 1226 1407 pace
1243 1374 1396 1408 quiescent.

1000 1417 1084 1445 Eccli.
1095 1426 1153 1447 xm.
1167 1418 1284 1447 Humilis
1294 1420 1430 1456 quispiam
1440 1421 1550 1454 erravit,
1560 1426 1588 1450 et
1597 1423 1752 1457 inerepalus

961 1468 1003 1491 est
1018 1471 1026 1497 ;
1042 1464 1150 1493 locutus
1173 1471 1215 1493 est
1228 1465 1376 1501 sapienter,
1390 1471 1416 1495 et
1435 1475 1488 1495 non
1504 1469 1585 1496 datus
1600 1473 1642 1496 est
1655 1470 1678 1497 ei
1709 1470 1748 1496 lo-

961 1518 1021 1537 cus.

997 1556 1065 1583 Ibid.
1081 1564 1162 1584 xxxv.
1178 1556 1273 1585 Oratio
1299 1557 1412 1587 humilis
1436 1567 1484 1595 per
1509 1560 1595 1588 nubes
1614 1561 1749 1593 transivit,

960 1605 988 1628 et
1018 1609 1072 1629 nou
1099 1602 1216 1637 accipiet
1248 1604 1389 1638 solaliuw,
1417 1605 1503 1633 donec
1529 1607 1622 1634 visitet
1639 1608 1749 1636 Altissi-

961 1654 1034 1674 mus.

995 1693 1066 1722 Ibid.
1081 1702 1162 1722 xxxv.
1171 1694 1308 1731 Sapientia
1317 1695 1428 1724 humilis
1435 1698 1546 1726 extollet
1553 1704 1636 1735 caput
1649 1699 1747 1735 ipsius,

958 1739 1142 1767 etcoliocabit
1155 1747 1216 1767 eum
1245 1739 1318 1768 inter
1345 1742 1495 1777 principes.

995 1784 1067 1812 Ibid.
1084 1793 1111 1813 ι.
1126 1784 1233 1821 Pauper
1247 1786 1374 1814 laudatur
1397 1789 1431 1815 ob
1455 1789 1595 1817 scientiam
1612 1797 1639 1818 et
1656 1792 1717 1819 mod
1729 1802 1748 1813 -—

959 1830 1040 1857 stiam
1057 1837 1064 1855 :
1079 1830 1125 1864 qui
1138 1830 1219 1866 igitur
1233 1838 1335 1869 pauper
1351 1831 1502 1860 honoratus
1518 1839 1569 1867 est,
1589 1840 1690 1870 quanto
1707 1836 1748 1864 di-

959 1883 1005 1903 ves
1021 1876 1092 1904 idem
1107 1881 1180 1904 esset
1206 1877 1365 1905 honoratior
1383 1877 1390 1905 Ι

995 1921 1071 1949 Prov.
1083 1930 1150 1949 un.
1166 1921 1274 1957 Pauper
1289 1930 1350 1950 cum
1364 1924 1403 1951 sis
1425 1931 1459 1952 ne
1470 1925 1619 1954 contendas
1630 1932 1692 1954 cum
1706 1926 1747 1954 di-

956 1965 1022 1998 vite,
1032 1967 1079 1994 sed
1094 1975 1142 2002 per
1153 1968 1325 2002 prudentiam
1342 1973 1416 1995 tuam
1433 1969 1552 1998 abstine.

992 2013 1056 2041 Odit
1070 2014 1161 2041 anima
1185 2021 1245 2042 mea
1255 2012 1372 2049 inopem
1385 2015 1542 2049 superbum.

991 2057 1022 2086 S.
1035 2058 1141 2086 Basilii.
1154 2058 1313 2091 Gaudeas,o
1327 2059 1419 2092 homo,
1434 2060 1459 2087 in
1477 2061 1603 2095 penuria,
1615 2062 1744 2097 quoniam

955 2102 1050 2130 Lazari
1068 2105 1137 2131 bona
1150 2108 1175 2131 te
1183 2109 1344 2139 sequentur.

991 2149 1098 2176 Nullum
1112 2151 1231 2178 dedecus
1250 2155 1397 2184 paupertas
1410 2151 1547 2186 producit.

990 2194 1047 2222 Hoc
1060 2201 1115 2221 uno
1129 2201 1261 2230 pauperes
1273 2201 1287 2221 a
1299 2194 1429 2222 divitibus
1442 2195 1589 2228 distamus,
1602 2196 1658 2232 σε
1668 2201 1743 2223 tran-

959 2240 1095 2274 quillitate
1112 2241 1199 2268 animi
1215 2249 1222 2268 :
1239 2244 1268 2268 et
1283 2239 1390 2274 vigilias
1412 2241 1534 2276 ipsorum
1550 2242 1672 2270 ridemus
1687 2243 1740 2278 ipsi

959 2286 1135 2314 dormientes.

993 2331 1144 2367 Paupertas
1160 2339 1222 2359 cum
1235 2331 1351 2359 veritate
1378 2332 1474 2366 quavis
1498 2332 1629 2360 lruitione
1641 2333 1743 2367 pretio-

957 2378 1014 2406 sior
1025 2383 1067 2406 est
1079 2378 1150 2412 apud
1166 2378 1324 2413 prudentes.

992 2425 1051 2453 Non
1063 2429 1141 2460 turpe
1152 2429 1195 2453 est
1207 2432 1269 2453 esse
1285 2432 1444 2461 pauperem,
1461 2427 1509 2454 sed
1524 2434 1577 2454 non
1592 2433 1669 2462 a'quo
1682 2427 1742 2454 anl-

956 2478 1003 2499 mo
1016 2471 1086 2498 ferre
1101 2475 1297 2506 paupertatem.

991 2515 1097 2551 Pauper
1108 2516 1171 2543 dum
1186 2523 1215 2543 es
1239 2523 1274 2542 ne
1293 2515 1406 2551 abjicias
1422 2517 1555 2544 animum.
1566 2517 1653 2545 Nimia
1669 2519 1740 2546 enim

958 2560 1070 2588 tristitia
1088 2561 1172 2596 gignit
1189 2566 1340 2595 peccatum,
1363 2563 1390 2588 in
1404 2570 1456 2596 qua
1469 2570 1571 2590 mceror
1589 2563 1741 2599 submergit

956 2610 1083 2637 mentem,
1099 2611 1126 2633 et
1142 2605 1223 2633 veluti
1240 2605 1403 2641 vertiginem
1417 2607 1483 2635 facit
1496 2607 1552 2643 ipsa
1564 2609 1739 2644 perplexim,

956 2657 982 2679 et
1006 2651 1183 2680 consiliorum
1209 2652 1322 2685 penuria
1346 2652 1571 2688 iugralitudiuem
1600 2654 1738 2689 producit.

954 2699 995 2726 Au
1013 2702 1089 2733 putas
1107 2697 1191 2725 Deum
1210 2705 1263 2725 non
1278 2697 1380 2726 intueri
1391 2700 1545 2735 angustiam
1578 2700 1675 2727 tuam?
1688 2699 1738 2726 At-

956 2745 1001 2779 qui
1016 2744 1061 2773 ille
1071 2751 1133 2772 cum
1149 2744 1249 2772 victum
1263 2745 1290 2771 in
1304 2745 1431 2774 manibus
1448 2745 1657 2780 habeat,largiri
1671 2751 1738 2771 cun-

955 2793 1054 2821 ctatur,
1067 2793 1097 2816 ut
1111 2790 1271 2821 constantia:
1284 2794 1336 2818 tua!
1352 2791 1566 2825 experimentum
1583 2793 1682 2816 sumat.

954 2849 959 2859 ε
992 2835 1126 2870 Thcalogi.
1141 2834 1213 2862 Nihil
1230 2836 1322 2871 magni
1341 2837 1463 2870 possidet
1493 2837 1574 2868 Deus,
1592 2834 1662 2868 quod
1680 2839 1734 2860 non

955 2884 1036 2912 etiam
1051 2882 1216 2918 pauperibus
1230 2882 1370 2918 largiatur.
