1959 3130
235 108 290 142 895

271 165 422 193 Plutarchi.
441 163 585 192 Silicernlo
601 171 649 191 seu
666 162 772 191 funebri
803 162 931 190 convivio
946 162 1022 190 simi-
1038 168 1059 194 Α

235 212 268 240 lis
276 217 318 240 est
329 213 383 240 vita
405 212 525 239 hominis
539 212 614 238 avari
629 231 637 243 ,
657 214 719 237 nam
735 217 798 237 cum
813 209 881 236 nihil
902 217 955 236 non
973 209 1023 236 ha-

237 259 292 292 bet,
308 259 500 287 oblectandum
517 257 653 285 neminem
673 256 765 284 habet.

270 304 326 332 Net.
340 312 355 332 a
374 308 482 331 mortuo
497 303 674 338 colloquium,
691 310 742 331 nec
753 302 788 330 ab
812 309 896 330 avaro
922 301 1024 330 benefi-

236 350 308 377 cium
322 349 467 383 petendum
485 353 537 383 est.

271 395 340 422 Potu
357 395 536 429 restinguitur
553 392 692 429 appetitus
705 392 825 425 bibendi,
842 397 868 420 et
884 391 962 420 cibus
977 391 1026 418 de-

235 440 337 468 siderio
350 439 538 467 cibiuiedotur
559 438 724 466 :avaritiam
752 445 818 465 vero
844 445 899 465 non
925 445 1023 464 aurum

235 494 284 514 uec
297 491 439 521 argentum
456 485 617 520 exstinguit.

271 534 408 568 Diogenes.
424 532 557 569 Diogenes
572 533 691 569 Cynicus
712 532 894 568 philosophus
907 532 1026 559 interro-

234 585 313 615 gatus
326 587 340 606 a
356 580 474 615 quodam
490 587 539 607 cur
556 587 653 606 aurum
670 580 793 614 palleret.
819 579 891 606 dixit
908 585 916 605 :
951 578 1027 612 Quo-

233 627 306 653 niam
323 625 498 653 insidiatores
515 625 617 653 multos
642 626 736 652 habet.

269 673 397 700 Socratis.
413 673 565 699 Avarorum
581 672 692 704 divitiae,
707 675 736 699 ut
748 671 790 700 sol
804 675 866 707 post
881 677 1022 704 occasum,

234 719 371 747 neminem
391 718 547 745 mortalium
562 717 713 745 oblectant.

272 765 392 792 Diodori.
413 764 478 798 Quae
494 767 633 798 nequeunt
646 764 730 791 armis
759 763 831 799 capi,
847 763 926 791 facile
939 770 1026 798 etpu-

234 817 353 848 gnantur
368 819 445 839 auro.
461 810 534 838 Nihil
550 817 604 838 non
632 810 779 844 subjicitur
790 814 915 846 argento.

275 903 383 938 Diphili.
400 902 428 930 Si
444 901 569 937 accipere
583 901 650 929 nihil
662 905 746 935 esset,
757 908 838 929 nemo
849 901 919 928 foret
932 901 1028 929 malus.

271 951 344 978 Istud
362 954 404 977 cst
420 949 547 980 avaritia.
561 956 625 976 cum
643 949 737 976 relicta
756 948 976 976 consideratione

272 995 352 1028 Justi,
366 996 442 1022 lucro
455 1002 504 1029 pcr
514 994 604 1020 omnia
620 994 721 1020 servis.

273 1042 341 1069 Mala
359 1042 434 1068 lucra
452 1040 606 1075 voluptates
619 1039 727 1075 quidem
739 1039 846 1072 breves,
862 1039 947 1074 longa:
965 1046 1030 1066 vero

237 1088 354 1118 tristitia:
377 1090 542 1122 sequuntur.

427 1142 546 1171 ssnno
563 1141 663 1170 xxxv
685 1141 736 1178 [al.
757 1140 841 1178 xu].

236 1192 275 1220 De
291 1191 417 1224 avaritia,
433 1195 459 1217 et
477 1189 637 1230 qualibetziu
653 1189 753 1230 replus
766 1188 861 1215 habere
881 1186 1029 1215 colentibus

554 1229 578 1251 et
595 1229 714 1259 injust”.

273 1273 336 1301 Luc.
353 1279 402 1300 xu.
415 1271 513 1300 Videte
531 1276 558 1298 et
570 1275 665 1298 cavete
680 1270 714 1297 ab
723 1269 850 1302 avaritia,
877 1277 931 1296 non
956 1269 1029 1297 enim

236 1320 264 1348 in
287 1318 453 1347 abundantia
463 1317 626 1353 cuiusquam
642 1316 697 1344 vita
715 1317 775 1353 ejus
790 1320 831 1344 est
847 1323 880 1343 ex
894 1316 936 1343 his
967 1323 1030 1350 quae

236 1366 370 1402 possidet.

271 1411 285 1439 I
299 1412 363 1440 Cor.
381 1418 418 1439 vt.
433 1410 489 1438 Cur
506 1417 560 1438 non
575 1409 667 1445 potius
679 1408 810 1444 iniuriam
825 1407 970 1443 patimini?
983 1414 1031 1434 cur

236 1466 291 1486 nun
310 1458 403 1494 potius
424 1458 556 1485 damnum
575 1455 720 1490 accipitisi
743 1454 800 1481 lmo
823 1462 872 1482 vos
900 1454 1029 1489 iniuriant

236 1505 337 1537 facitis.
355 1509 382 1532 et
395 1504 495 1532 damno
510 1502 628 1535 amcitis,
649 1502 730 1537 idque
747 1500 868 1528 fratres?
880 1502 920 1527 An
939 1499 1030 1528 nesci-
1044 1519 1066 1547 α

238 1553 283 1583 tis.
302 1553 374 1586 quod
392 1550 486 1586 iniusti
508 1548 584 1585 regni
601 1548 646 1576 Dei
665 1547 850 1576 haereditatem
863 1554 917 1574 non
932 1553 1028 1573 conse-

238 1597 378 1635 quentur?
664 1626 671 1631 ν

272 1643 364 1682 69."
383 1643 418 1671 ad
433 1643 523 1670 Titum
544 1649 563 1670 I.
583 1641 701 1671 Desistat
724 1641 759 1669 ab
780 1640 912 1677 iniustitia
936 1639 1029 1668 omnis

236 1692 282 1726 qui
300 1697 399 1716 nomen
417 1689 463 1716 Dei
480 1689 614 1715 nominat.

274 1735 357 1763 Novit
386 1735 520 1762 Dominus
551 1734 642 1769 iustos
673 1740 688 1760 a
717 1732 867 1760 tentati0ne
897 1731 1027 1763 liberare,

236 1782 355 1817 iniustos
388 1788 454 1808 vero
485 1781 520 1808 ad
543 1780 616 1808 diem
645 1779 740 1815 judicii
773 1778 928 1814 puniendos
964 1784 1027 1805 ser—

237 1835 310 1856 vare.

272 1875 303 1902 ll
321 1874 394 1902 Petr.
408 1881 438 1902 ιι.
452 1873 504 1907 Qui
522 1873 609 1909 diligit
624 1871 799 1908 iniustitiam,
824 1870 881 1898 odit
906 1869 1026 1897 animam

202 1938 206 1940 ‘
236 1930 325 1951 suam.

275 1967 352 1995 Psal.
369 1974 466 1994 xum.
482 1965 577 1994 Facies
590 1964 699 1993 Domini
712 1972 796 2000 super
808 1964 939 1993 facientes
955 1965 1027 1992 mala

237 2018 267 2041 ιιι
281 2014 388 2041 aboleat
403 2021 418 2040 il
430 2019 503 2039 terra
520 2011 680 2039 memoriatn
699 2018 808 2038 eorum.

273 2060 354 2088 Prov.
372 2067 399 2087 ι.
413 2058 506 2087 Virum
522 2059 654 2094 iniustum
669 2059 739 2085 mala
750 2058 902 2094 corripient
916 2058 949 2086 ad
965 2066 1026 2095 pcr-

237 2106 351 2134 niciem.

275 2151 408 2179 Thesauri
422 2158 476 2179 non
491 2151 627 2186 iuvabunt
642 2151 762 2186 iniquos.

274 2197 387 2233 lniuslis
398 2197 490 2224 omnia
506 2197 531 2223 in
548 2197 638 2224 sinum
656 2197 835 2232 colliguntur.

276 2242 357 2270 Prov.
374 2250 420 2270 xx.
441 2242 592 2269 Haereditas
614 2249 786 2277 pra‘propcra
805 2243 942 2280 principio
970 2248 1028 2270 lan-

239 2291 300 2318 dem
316 2297 371 2317 non
392 2288 578 2316 benedicctur.

273 2336 347 2364 Ibid.
374 2342 435 2363 ιιιι.
464 2334 537 2369 Opes
561 2334 718 2370 iniquitatis
744 2334 837 2362 studio
864 2341 1028 2371 comparata:

239 2384 412 2412 minuuntur.

273 2429 329 2464 Sap
354 2428 449 2464 iniusti
461 2429 516 2457 cito
527 2428 668 2464 peribunt.

274 2476 371 2504 Gentis
386 2476 602 2512 iniustatobliqui
622 2480 686 2504 sunt
704 2476 779 2504 anni.

276 2522 417 2550 Salomon.
440 2521 480 2549 Ne
491 2521 611 2556 gaudeas
638 2521 673 2549 ob
701 2521 832 2556 iniustam
863 2521 1026 2557 pecuniam:

237 2567 307 2596 nihil
316 2567 388 2595 enim
404 2564 551 2602 iuvabitin
566 2567 612 2594 die
624 2566 794 2594 aﬂlictionis.

272 2614 359 2642 Εειίὶ.
373 2621 455 2642 xuv.
465 2613 559 2642 Oratio
569 2614 697 2650 patientis
712 2614 839 2648 iniuriam
853 2613 1024 2641 exaudit-tur.

271 2661 324 2695 Qui
338 2661 450 2689 domutn
466 2668 545 2689 suam
563 2661 682 2688 aedificat
705 2660 834 2695 pecuniis
861 2660 969 2692 alienis,
988 2661 1026 2688 si-

237 2707 311 2735 milis
321 2713 362 2736 est
377 2707 537 2743 congerenti
547 2707 652 2742 lapides
672 2707 699 2733 in
717 2706 851 2735 tumulum
878 2706 1026 2741 sepultum

237 2761 305 2781 ευιιε.

273 2799 344 2826 Ibid.
362 2807 440 2827 mn.
453 2798 509 2827 Leo
522 2797 668 2826 insidialur
681 2798 831 2832 venationi,
847 2799 939 2827 itidem
958 2807 1024 2835 pec-

235 2849 328 2874 eatum
341 2845 505 2876 facientibus
519 2845 622 2880 iniqua.

867 106 1030 138 ANTONII
1052 107 1227 137 MELISSE

1818 104 1869 136 896

1113 163 1221 190 Ἔοικεν
1245 164 1259 189 ό
1273 162 1328 189 τῶν
1351 161 1527 198 φιλαργύρων
1553 161 1610 197 βίος
1634 161 1733 197 νεκροῦ
1750 161 1869 197 δείπνῳ-

1076 209 1165 235 πᾶντα
1179 209 1234 244 γὰρ
1248 208 1319 244 ἔχων
1333 208 1379 235 τὸν
1391 208 1651 244 εὖφρανθησόμενον
1666 208 1716 234 οὐκ
1733 207 1805 243 ἔχει.

1110 297 1178 326 Οὖτε
1193 298 1267 334 παρὰ
1281 297 1379 332 νεκροῦ
1394 298 1515 334 ὁμιλίαν,
1532 298 1594 325 οὔτε
1614 299 1690 334 παρὰ
1702 299 1873 336 φιλαργύρου

1077 346 1158 382 χάριν
1176 347 1217 373 δεῖ
1234 346 1385 383 ἐπιζητεῖν.

1113 393 1197 419 ηοτὺν
1223 393 1272 427 μὲν
1288 393 1386 419 ἔσϐεσε
1413 393 1464 429 τὴν
1486 393 1571 420 ποτοῦ
1588 394 1679 429 δρεξιν
1692 414 1699 426 ,
1723 393 1772 421 καὶ
1787 394 1876 429 τροφὴ

1076 439 1125 475 τὴν
1151 439 1254 475 τροφῆς
1270 440 1417 475 ἐπιθυμίαν
1443 441 1582 475 ἠκέσατοο
1599 440 1785 477 φιλαργυρίαν
1800 441 1830 468 δὲ
1844 442 1873 468 οὒ

1077 484 1220 512 σῦίννυσιν
1233 485 1367 521 ἀργύριον
1380 485 1396 521 ἢ
1411 486 1533 521 χρυσίον.

1112 531 1241 566 Διογένης
1255 532 1268 557 ὁ
1281 531 1400 564 Κυνικὸς
1411 532 1556 567 φιλόσοφος
1569 533 1718 569 ἔρωτηθεὶς
1727 534 1781 560 ὑπό
1793 544 1876 567 τινος,

1076 577 1147 604 διατι
1162 577 1193 603 τὸ
1221 578 1332 612 χρυσίον
1348 578 1454 614 χλωρόν
1471 579 1556 612 ἐστιν,
1593 579 1658 614 ἔφη,
1684 579 1747 607 Ὀτι
1762 581 1878 613 πολλοὺς

1077 622 1236 654 ἐπιϐούλους
1252 623 1320 658 ἔχει.

1081 664 1088 670 ’
1118 668 1148 696 '0
1167 668 1222 695 τῶν
1239 669 1417 704 φιλαργύρων
1433 669 1559 702 πλοῦτος,
1578 670 1674 707 ὥσπερ
1698 672 1713 698 δ
1730 672 1812 708 ἥλιος
1827 682 1880 701 κα-

1077 715 1158 746 ταδὺς
1174 716 1214 746 είς
1227 717 1276 750 τὴν
1290 717 1352 750 γῆν,
1369 716 1464 744 οὐδένα
1479 717 1534 743 τῶν
1549 717 1659 749 ζώντων
1672 718 1828 753 εὐφραίνει.

1109 762 1150 788 Τὰ
1184 763 1241 794 τοῖς
1267 762 1362 794 ὅπλοις
1387 763 1506 790 ἀδύνατα
1529 764 1695 799 χειρωθῆναι
1723 765 1763 800 τῷ
1783 766 1880 802 χρυσῷ

1080 808 1169 844 ῥᾴδιόν
1179 809 1237 835 ἐστι
1249 809 1490 845 καταπολεμῆσαι.
1514 810 1561 845 Τῷ
1577 811 1704 847 ἀργυρίῳ
1719 811 1880 840 ὑποτάσσε-

1080 862 1125 880 ται
1140 854 1175 880 τὰ
1189 854 1348 889 σύμπαντα.

1117 900 1148 926 Εἰ
1164 900 1202 936 μὴ
1217 900 1248 926 τὸ
1263 900 1358 927 λαϐεῖν
1374 898 1418 936 ἦν,
1432 901 1493 928 οὐδὲ
1506 899 1545 933 εἷς
1556 903 1676 937 πονηρδς
1690 901 1737 938 ἦν.

1117 946 1286 982 Φιλαργυρία
1300 947 1373 974 τοῦτ’
1385 948 1470 981 ἔστιν,
1486 949 1550 976 ὅταν
1567 950 1640 985 ἀφῇς
1662 952 1778 978 σκοπεῖν

1117 993 1158 1020 Τὰ
1174 993 1277 1028 δίκαια,
1293 994 1341 1021 τοῦ
1359 994 1472 1030 κέρδους
1488 995 1635 1028 διαπαντὸς
1650 997 1743 1030 δοῦλος
1757 996 1812 1030 εἷς.

1118 1040 1158 1067 Τὰ
1175 1039 1286 1075 πονηρὰ
1310 1041 1398 1076 κέρδη
1422 1042 1473 1074 τὰς
1499 1042 1548 1078 μὲν
1563 1043 1660 1079 ἡδονὰς
1686 1044 1744 1079 ἔχει
1761 1046 1878 1082 μικρᾶς,

1080 1085 1130 1118 τὰς
1146 1085 1174 1113 δὲ
1189 1086 1279 1119 λύπας
1296 1087 1418 1124 μακράς.

1379 1145 1490 1173 ΛΟΓΟΣ
1509 1147 1573 1175 AE’.

1165 1189 1236 1225 Περὶ
1250 1192 1442 1224 πλεονεξίας,
1458 1193 1728 1221 πλεονεκτούντων
1742 1195 1795 1222 καὶ

1378 1226 1578 1256 ἀδικούντων.

1125 1272 1223 1308 Ὀρᾶτε
1241 1273 1288 1300 καὶ
1310 1273 1480 1308 φυλάττεσθε
1504 1274 1558 1302 ἀπὸ
1582 1275 1634 1311 τῆς
1647 1276 1822 1310 πλεονεξίας,
1838 1278 1879 1304 ὅτι

1080 1318 1132 1346 οὐκ
1147 1319 1176 1346 ὲν
1201 1319 1240 1355 τῷ
1265 1321 1443 1356 περισσεύειν
1458 1321 1511 1348 τινὶ
1531 1322 1547 1357 ὴ
1564 1322 1622 1358 ζωὴ
1645 1323 1722 1358 αὐτῷ
1746 1325 1827 1350 ἔστιν
1849 1326 1880 1351 ἐκ

1081 1365 1136 1392 τῶν
1153 1365 1336 1401 ὑπαρχόντων
1349 1367 1446 1395 αὑτοῦ.

1114 1411 1192 1438 Διατί
1211 1412 1271 1446 οὐχὶ
1299 1413 1400 1447 μᾶλλον
1416 1413 1576 1447 Haases;
1599 1414 1671 1441 διατί
1690 1415 1755 1450 οὐχὶ
1779 1417 1880 1451 μᾶλλον

1081 1457 1295 1492 ἁποστερεῖσοε;
1317 1459 1376 1487 ἀλλ’
1393 1459 1473 1492 ὑμεῖς
1487 1460 1606 1487 ἀδικεῖτε
1620 1461 1668 1488 καὶ
1680 1463 1877 1497 ἀποστερεῖτε,

1084 1503 1131 1529 καὶ
1146 1503 1232 1530 ταῦτα
1248 1505 1397 1539 ἀδελφούςς
1413 1505 1448 1532 Ἣ
1460 1505 1510 1533 οὐκ
1525 1506 1614 1533 οἴδατε
1632 1508 1674 1534 δτι
1690 1507 1785 1535 ἄδικοι
1798 1509 1878 1544 βασι-

1083 1548 1158 1576 λείαν
1173 1549 1241 1576 Θεοῦ
1255 1551 1284 1576 οὐ
1303 1550 1576 1587 κληρονομήσουσιν;

1123 1640 1284 1675 Ἀποστήτω
1301 1639 1355 1668 ἀπὸ
1368 1640 1474 1673 ἀδικίας
1487 1641 1540 1674 πᾶς
1554 1642 1568 1668 ὸ
1586 1641 1732 1676 ὀνομάζων
1748 1642 1783 1669 τὸ
1792 1643 1880 1679 ὄνομα

1081 1687 1196 1723 Κυρίου.

1118 1732 1198 1762 Οἶδεν
1220 1734 1324 1770 Κύριος
1355 1734 1479 1768 εὐσεϐεῖς
1501 1735 1534 1763 ὲκ
1564 1736 1724 1772 πειρασμοῦ
1753 1738 1884 1771 ῥύεσθαι,

1081 1780 1192 1814 ἀδίκους
1219 1781 1247 1809 δὲ
1264 1781 1304 1814 είς
1325 1781 1434 1817 ἡμέραν
1456 1782 1576 1818 κρίσεως
1598 1783 1808 1817 κολαζομένους
1836 1793 1885 1818 τη-

1101 1829 1151 1855 εῖν.

1101 1835 1151 1855 ειν.

1082 1835 1098 1863 ρ
1125 1874 1155 1901 '0
1177 1874 1294 1909 ἀγαπῶν
1317 1875 1368 1912 τὴν
1395 1874 1503 1903 ἀδικίαν
1530 1876 1606 1912 μισεῖ
1630 1876 1680 1912 τὴν
1706 1876 1815 1904 ἑαυτοῦ
1835 1878 1887 1913 ψυ-

1100 1921 1143 1948 ἦν.

1100 1930 1143 1948 rv.

1081 1930 1267 2002 χ,Πρόσωιτον
1290 1967 1396 2003 Κυρίου
1419 1967 1466 1994 ἐπὶ
1481 1967 1628 2000 ποιοῦντας
1649 1968 1738 2001 κακὰ,
1754 1969 1808 1996 τοῦ
1828 1971 1886 2002 ἑξο-

1080 2012 1225 2048 λοορεῦσαι
1237 2013 1269 2040 ἐκ
1284 2013 1337 2048 γῆς
1358 2013 1389 2040 τὺ
1407 2015 1580 2049 μνημόσυνον
1595 2014 1698 2041 αὐτῶν.

1118 2059 1220 2095 ’Δνδρα
1235 2059 1329 2087 ἄδικον
1346 2060 1420 2087 κακὰ
1435 2060 1564 2097 θηρεύσει
1582 2061 1620 2093 είς
1636 2061 1812 2097 διαφθοράν.

1118 2151 1174 2178 οὐκ
1190 2151 1361 2187 ὠφελήσουσι
1377 2150 1511 2186 θησαυροὶ
1531 2152 1658 2187 ἀνόμους.

1043 2202 1066 2230 Ι)
1117 2199 1164 2230 Είς
1179 2198 1297 2230 κόλπους
1309 2199 1456 2234 ἐπέρχεται
1475 2200 1565 2226 πάντα
1583 2199 1699 2230 ἀδίκοις.

1122 2246 1210 2281 Μερὶς
1224 2245 1482 2280 ὲπισπουδαζομένη
1496 2246 1523 2271 ἐν
1536 2245 1656 2281 πρὼτεις
1673 2246 1702 2272 ἒν
1716 2247 1778 2277 τοῖς
1790 2246 1890 2273 τελευ-

1079 2291 1164 2323 ταίοις
1181 2291 1233 2318 οὐκ
1247 2291 1476 2327 εὐλογηθήσεται.

1115 2336 1251 2373 ’Υπαρξις
1264 2335 1519 2372 ἐπισπουδαξομὲνη
1533 2337 1602 2371 μετά
1617 2337 1738 2372 ἀνομίας
1751 2338 1890 2366 ἐλάσσων

1079 2384 1197 2418 γίνεται.

1080 2447 1082 2450 -
1118 2429 1224 2457 Ἀδικοι
1239 2429 1404 2458 ἀπολοῦνται
1416 2430 1570 2466 συντόμως.

1115 2476 1215 2508 Γενεᾶς
1229 2476 1323 2504 ἀδίκου
1340 2477 1436 2504 σκολιὰ
1447 2477 1481 2504 τὰ
1493 2476 1553 2511 ἐτη.

1114 2523 1161 2558 Μὴ
1176 2523 1303 2559 ἐπίχαιρε
1315 2523 1361 2550 ἐπὶ
1374 2524 1516 2559 χρήμασιν
1527 2522 1644 2554 ἀδῖκοις.
1662 2523 1753 2550 Οὐδὲν
1768 2523 1835 2559 γὰρ
1851 2523 1893 2551 ὦ-

1079 2567 1244 2603 φελήσουσιν
1259 2569 1289 2595 ὲν
1304 2568 1398 2603 ἡμέρᾳ
1412 2568 1574 2604 ἐπαγωγῆς.

1114 2615 1211 2650 Δέησις
1228 2614 1412 2649 ἀδικουμένου
1426 2614 1685 2649 ιισακουσθήσεται.

1119 2661 1150 2688 '0
1165 2661 1316 2696 οἰκοδομῶν
1325 2661 1376 2697 τὴν
1390 2661 1480 2688 οίκίαν
1496 2660 1579 2688 αὐτοῦ
1596 2661 1625 2687 ὲν
1635 2661 1786 2697 χρήμασιν
1804 2663 1892 2689 ἀλλο-

1077 2706 1163 2741 τρίοις
1179 2707 1216 2738 ὡς
1232 2707 1245 2733 δ
1258 2707 1385 2741 συνάγων
1404 2707 1468 2739 τοὺς
1487 2706 1579 2738 λίθους
1595 2706 1681 2733 αὑτοῦ
1702 2708 1745 2740 εἰς
1760 2709 1814 2735 τὸν
1829 2716 1893 2743 χει-

1079 2753 1212 2788 μάῤῥουν.

1112 2800 1189 2825 Λέων
1207 2798 1343 2834 ὲνεδρεύει
1358 2799 1457 2835 θήραν,
1472 2798 1559 2831 οὕτως
1574 2798 1702 2834 ἁμαρτία
1716 2799 1787 2833 τοὺς
1800 2801 1893 2835 ἐργα-

1077 2844 1209 2880 ζομένους
1225 2845 1315 2874 ἄδικα,
