1959 3130
101 125 148 156 897

502 117 587 148 LOCl
604 116 823 148 COMMUNES.
841 128 875 134 -
895 113 993 145 PARS
1004 112 1030 143 Ι.
1048 111 1178 142 SEBMO
1197 109 1313 142 XXXV.

1664 104 1718 137 898

134 183 179 219 Μὴ
196 183 269 210 ποίει
290 181 374 211 κακά,
390 181 436 208 καὶ
458 180 489 208 οὗ
513 179 550 214 μή
569 187 598 205 σε
620 175 763 210 καταλάϐῃ
786 173 880 201 κακόν.
895 186 916 216 Δ

971 172 1038 200 Mala
1056 180 1089 200 ne
1102 171 1210 203 feceris,
1231 174 1257 197 et
1274 177 1328 196 non
1342 166 1528 203 apprehendet
1549 169 1576 193 te
1603 163 1718 191 malum.

106 230 250 263 ’Λπὸστηθι
266 228 321 256 ἀπο
335 227 439 260 ἀδίκου,
454 227 500 254 καὶ
516 224 637 252 ὲκκλινεῖ
648 222 702 250 ἀπὸ
727 221 774 248 σοῦ
790 220 882 255 ἀμαρι

101 284 153 303 τια.
293 297 296 301 ,

137 323 194 353 re.
212 321 250 357 μὴ
267 321 380 356 σπείρης
395 320 437 346 ἐπ’
462 317 584 348 αὔλακας
601 313 719 347 ἀδικίας,
737 312 785 339 καὶ
801 311 831 338 οὐ
846 310 884 346 μὴ

103 369 211 404 θερίσῃς
222 367 436 395 ἑπταπλασίονα.

136 403 213 441 eam
229 415 285 440 νυιν
311 413 402 440 ἔναντι
417 411 520 446 πατρὸς
533 410 616 438 αὐτοῦ
639 411 653 436 6
671 407 818 443 προσάγων
839 403 885 430 θυ-

105 461 163 487 σίαν
179 462 210 487 ὲκ
227 460 376 495 χρημάτων
402 459 535 493 πενήτων.

139 507 206 533 Οὐαὶ
220 508 234 532 ὸ
249 506 392 541 πληθύνων
416 504 504 539 ἐαυτῷ
521 504 555 530 τὰ.
578 502 628 529 οὐκ
643 501 708 527 ὄντα
727 497 822 528 αὑτοῦ,
839 496 887 522 καὶ

107 554 230 589 βαρύνων
244 553 294 580 τὸν
314 552 403 579 κλοιὸν
417 550 499 578 αὑτοῦ
516 548 664 583 στιϐαρῶς.

141 610 210 638 Οὐαὶ
231 611 257 637 οῖ
281 607 494 644 θησαυρίζοντες
512 605 620 633 ἀδικίαν
635 603 683 630 καὶ
699 597 889 634 ταλαιπωρίαν

106 660 134 684 ὲν
149 659 211 688 ταῖς
225 656 319 691 χερσὶν
336 655 437 683 αὐτῶν.

140 704 208 730 Οὐαὶ
260 690 442 731 συνάπτοντες
453 699 542 726 οίκίαν
555 697 623 732 πρὸς
638 695 737 725 οἰκίαν¹
748 692 794 720 καὶ
806 690 890 726 ἀγρὶν

107 751 175 785 πρὸς
190 749 275 783 ἀγρὸν
290 747 456 781 ἐγγίζοντες,
481 745 525 771 ἵνα
542 743 588 771 τοῦ
605 741 720 776 πλησίον
737 737 891 774 ἀφέλωνται

107 782 143 823 τί.
161 795 208 826 Μὴ
230 782 356 827 οἰκήσετε
379 791 453 827 μόνοι
469 790 515 816 ἐπὶ.
531 790 581 822 τῆς
597 788 664 822 ﬁs;
683 784 819 818 Ἠκούσθη
837 782 892 818 γὰρ

109 844 147 874 εἰς
163 842 196 868 τὰ
212 840 269 867 ὦτα
287 839 389 874 Κυρίου
405 835 520 863 Σαϐαὼθ
535 834 633 863 ταῦτα.

938 219 1041 257 Desiste
1053 219 1088 246 ab
1099 217 1212 252 iujusto,
1222 220 1250 244 et
1261 214 1409 243 declinabit
1420 221 1435 240 υ
1448 217 1474 240 te
1489 215 1644 247 peceatum.

973 306 1043 334 Ibid.
1063 313 1111 332 vn.
1126 304 1190 338 Fili,
1206 310 1240 330 ne
1253 310 1329 331 seras
1344 301 1371 329 in
1398 300 1489 329 sulcos
1513 298 1665 333 iniustitiae.
1687 305 1722 326 ne

938 351 1039 386 scpties
1058 354 1133 377 tanto
1149 349 1307 383 ampliorem
1320 346 1385 374 inde
1400 353 1516 374 messem
1533 344 1628 372 facias.

975 397 1044 424 Ibid.
1060 402 1132 423 xx".
1148 394 1245 422 Filium
1261 393 1361 420 occidit
1376 399 1467 419 coram
1482 395 1559 425 patre
1586 397 1647 421 suo,
1673 389 1720 424 qui

941 443 1077 470 victimam
1094 441 1172 469 θεῖοι-ι
1185 449 1217 468 ex
1228 440 1350 474 pecuniis
1366 445 1526 474 pauperum.

978 486 1082 513 Ilabac.
1106 494 1134 513 tt.
1154 485 1198 512 Va:
1212 485 1250 512 illi
1267 486 1312 519 qui
1328 484 1380 512 sibi
1395 491 1439 510 res
1453 491 1506 509 nott
1541 489 1606 509 suas
1632 480 1726 508 ntttlti~

942 535 1034 570 p‘.icat,
1053 538 1081 561 et
1099 533 1146 567 qui
1161 535 1287 566 aggraVat
1302 538 1384 564 super
1398 537 1428 557 se
1442 529 1555 556 densum
1571 527 1669 554 lututn.

978 591 1059 617 Amos
1085 597 1125 617 Ill.
1154 588 1200 615 Vae
1221 587 1274 615 illis
1291 586 1337 621 qui
1356 586 1486 619 colligunt
1517 583 1677 618 injustitiam
1700 586 1728 609 et

944 638 1083 665 miseriam
1104 637 1131 663 itt
1153 635 1279 662 manibus
1287 633 1356 662 sttis.

980 683 1035 711 Ira.
1049 691 1077 710 v.
1092 682 1136 708 Va:
1153 681 1207 708 illis
1222 680 1267 716 qui
1296 679 1407 706 domum
1428 677 1518 704 domui
1545 676 1727 710 conjungnnt,

945 734 1074 764 etagrunt
1093 735 1158 762 agro
1182 730 1334 761 apponunt,
1350 729 1377 751 ul
1392 723 1495 758 aliquid
1509 722 1623 756 eripiunt
1636 721 1730 755 proxi-

947 783 1002 803 tuo.
1035 774 1184 812 Nunt'vos
1209 772 1260 799 soli
1287 770 1446 798 habitabilis
1469 770 1494 795 itt
1524 767 1621 795 terra?
1647 767 1729 802 Atqui

949 820 1079 847 Dominus
1095 817 1264 845 exercituum
1278 815 1390 842 auribus
1410 815 1468 842 hth
1483 813 1615 849 percepit.

151 889 267 922 ’Λπέχου
282 857 457 916 ἀπδμάδίκου,
476 883 524 909 καὶ
538 881 568 909 οὐ
591 880 733 916 φοϐηθήσῃ
745 899 752 912 ,
769 877 816 906 καὶ
832 875 894 912 τρι·
909 873 916 900 1

983 865 1055 892 Ibid.
1076 872 1130 891 LIV.
1146 863 1259 890 Abstine
1273 861 1307 888 ab
1327 861 1446 896 iujusto,
1465 864 1492 887 et
1523 867 1577 886 non
1610 857 1728 890 tlutebis,

971 919 1032 922 ._.._
1049 915 1153 922 ._........_
1167 908 1272 922 :....-.I.u
1288 911 1314 922 ιιι

112 945 159 972 μος
176 935 226 962 οὐκ
244 933 334 967 ὲγγιεῖ
346 939 398 958 σοι.

147 981 193 1016 Μὴ
207 982 277 1007 ἔστω
294 979 382 1015 ἡχείρ
395 986 442 1005 σου
456 974 627 1010 ἐκτεταμένη
639 972 679 1005 εῐς
689 971 719 998 τὸ
733 970 837 1002 λαϐεῖν,
848 969 896 996 καὶ.

112 1029 140 1054 ἐν
151 1028 189 1060 τῷ
204 1025 359 1052 ἀποδιδόναι
376 1021 593 1056 συνεσταλμένη.

147 1070 312 1098 Πλεονέκτου
339 1067 479 1103 ὀφθαλμὸς
509 1067 560 1093 οὒκ
586 1063 761 1100 ὲμπιπλᾶται
792 1062 822 1089 ιν
849 1069 898 1097 με·

115 1118 176 1154 ρίδι.

154 1175 184 1202 ’0
204 1176 238 1202 τὰ
252 1173 346 1210 ἐτέρου
366 1171 516 1207 λαμϐάνων
532 1170 580 1197 καὶ
607 1168 713 1204 ἑτέροις
735 1165 825 1196 διδοὺς
848 1164 900 1191 οὐκ

112 1223 239 1258 ἠλέησεν,
262 1221 330 1247 ἀλλά
355 1219 402 1246 καὶ
425 1218 555 1253 ἠδίκησεν
574 1215 684 1243 ἀδικίαν
702 1213 752 1248 τὴν
770 1211 900 1247 ἐσχάτην.

115 1257 145 1294 Ei
163 1267 212 1302 μὲν
224 1267 279 1301 γὰρ
293 1265 378 1296 ἐλεεῖς
393 1264 422 1297 ἐξ
433 1260 470 1290 ὢν
481 1263 596 1294 ἀδικεῖς,
607 1261 717 1296 ἐλέησον
727 1258 773 1289 οὓς
785 1257 899 1289 ἀδικεῖς.

116 1313 236 1348 Εὐσεϐὴς
261 1311 315 1346 γὰρ
332 1311 447 1342 ἐκεῖνος,
461 1309 510 1344 οὐχ
527 1309 541 1336 ὸ
563 1306 677 1337 πολλοὺς
693 1304 787 1336 ἐλεῶν,
803 1302 860 1329 ἀλλ’
888 1302 902 1328 ὁ

118 1359 220 1394 μηδένα
233 1357 344 1385 ἀδικῶν.

152 1451 223 1478 Ὅσα
236 1450 330 1485 βλέπει
344 1446 618 1483 ὀφθαλμδς,τοοαῦτα
632 1443 765 1477 ἐπιθυμεῖ
780 1441 794 1467 ὁ
811 1441 906 1467 πλεον-

119 1499 211 1533 έκτης.
245 1497 275 1524 ’0
293 1496 360 1532 ᾷδης
380 1496 430 1522 οὐκ
451 1493 539 1526 εἷπεν,
557 1492 667 1528 Ἀρκεῖτ
685 1490 745 1517 οὐδὲ
765 1490 779 1515 ὁ
794 1488 906 1515 πλεονέ-

118 1553 187 1580 κτης
199 1542 258 1570 εἷπὲ
279 1551 356 1575 ποτε,
376 1542 478 1577 Ἀρκεῖ.
494 1539 615 1574 Πονηρὸς
631 1538 659 1564 ὲν
674 1536 751 1563 πόλει
768 1535 904 1567 σύνοικος,
919 1539 942 1569 ο

123 1579 244 1626 πονηρὸς
258 1590 287 1615 ὲν
302 1589 410 1623 ἀγροῖς.
432 1587 463 1614 Ἠ
480 1585 602 1612 θάλασσα
618 1581 671 1610 οἵδε
684 1583 717 1609 τὰ
732 1582 794 1616 ὅρια
809 1579 905 1614 αὐτῆς,

121 1639 138 1674 ἠ
152 1637 198 1670 νὺξ
211 1637 261 1670 οὐχ
273 1634 432 1669 ὑπερϐαίνει
444 1631 584 1666 ὁροθεσίας
600 1629 728 1664 ἀρχαίας.
737 1628 766 1654 Ὀ
776 1627 804 1653 δὲ
813 1626 909 1652 πλεον-

121 1670 202 1718 έκτης
222 1683 272 1709 οὐκ
295 1681 410 1708 αἰδεῖται
434 1678 542 1714 χρόνον,
576 1676 606 1702 οὑ
628 1674 758 1709 γνωρίζει
782 1673 856 1707 ὅρον,
875 1670 906 1697 οὐ

122 1715 261 1764 συγγωρεῐ
288 1725 435 1759 ἀκολουθίᾳ
460 1722 586 1757 διαδοχῆς
599 1740 607 1753 ,
626 1720 694 1746 ἀλλά
721 1719 846 1753 μιμεῖται
861 1715 908 1741 τοῦ

123 1776 209 1811 πυρὸς
229 1774 278 1810 τὴν
307 1773 379 1807 βίαν,
395 1771 484 1798 πάντα
504 1767 728 1803 ἐπιλαμϐάνεται,
741 1764 830 1791 πάντα.
849 1763 909 1789 επις

124 1822 247 1857 νέμεται.

159 1880 193 1907 Τί
207 1877 253 1906 οὖν
269 1877 340 1913 μετά
353 1875 454 1907 ταῦτα;
471 1873 532 1908 οὐχι
546 1872 620 1907 τρεῖς
639 1878 668 1896 σε
689 1869 788 1904 πήχεις
806 1867 911 1902 ἀναμέ-

125 1935 217 1953 νουσιν
229 1925 253 1951 οί
269 1924 386 1954 πάντες;
402 1922 462 1956 οὐχ).
478 1919 560 1946 λίθων
583 1918 682 1952 ὀλίγων
699 1916 780 1951 βάρος
799 1914 912 1949 ἀρκέσει

126 1971 196 2006 πρὸς
221 1969 346 2005 φυλακὴν
359 1969 392 2002 τῇ
410 1966 534 2000 δυστήνῳ
549 1962 652 1998 σαρκί;
676 1961 761 1995 ’Υπὲρ
778 1959 850 1990 τίνος
866 1958 913 1985 οὖν

129 2018 258 2053 μοχθεῖςς
286 2015 356 2049 ὑπὲρ
379 2014 452 2042 τίνος
480 2011 669 2045 παρανομεῖς;
695 2007 728 2033 Τί
744 2006 912 2039 ἀπολογήσῃ,

128 2064 239 2091 ἐπειδάν
256 2070 285 2088 σε
302 2060 395 2094 κύκλῳ
412 2057 591 2091 περιστάντες
605 2055 629 2081 οι
652 2053 813 2088 ἠδικημένοι
829 2057 914 2077 κατα-

129 2111 228 2137 ϐοῶσιν
243 2108 289 2135 ἐπὶ
301 2106 346 2134 τοῦ
364 2104 454 2133 κοινοῦ
466 2102 579 2138 κριτοῦ;
597 2100 658 2132 Πῶς
673 2097 859 2134 παραπείσεις
870 2095 914 2122 τον

130 2150 514 2197 ἀπαραλόγιστονιῇικαστήνς
529 2148 585 2174 Οὐκ
598 2147 656 2173 ἐστι
672 2146 765 2180 ῥήτωρ
782 2143 848 2175 ἐκεῖ,
863 2141 914 2168 οὐκ

348 2190 354 2196 ¹
499 2187 505 2195 ¹
536 2195 541 2197 -
558 2194 563 2197 ·
573 2193 579 2197 ·
634 2193 645 2197 -
728 2191 733 2197 ι
818 2187 830 2193 ·
844 2188 902 2197 μιν...

106 2230 119 2243 ,Δ
130 2183 615 2243 ἐστιιπ,θανόττέξέημάτωνξίκλέψαι
632 2191 769 2226 δυναμένη
784 2187 832 2216 τοῦ
842 2188 918 2214 δικα-

112 2241 119 2247 .
132 2247 195 2275 στοῦ
210 2247 257 2282 τὴν
272 2230 412 2287 ἀλήῗῖίξιν.
511 2269 513 2275 ,

173 2349 263 2384 Ἀνδρὶ
281 2346 439 2382 ἐπιθυμητῇ
457 2344 607 2380 χρημάτων
636 2341 687 2369 οὐκ
708 2339 849 2374 ἐγγίνεται
872 2337 917 2363 κό-

134 2406 190 2432 ρος.

175 2444 205 2469 '0
220 2442 270 2478 μὲν
286 2449 318 2475 γε
347 2439 432 2473 πένης
458 2437 511 2464 κᾶν
530 2435 623 2465 δοῦλος
645 2431 674 2470 ᾗ,
696 2432 744 2459 καὶ
765 2430 803 2467 μὴ
832 2430 921 2463 ὑπεμ-

135 2476 241 2522 πλήσας
252 2487 301 2522 τὴν
318 2485 415 2512 ἑαυτοῦ
429 2482 560 2518 γαστέρα,
573 2478 728 2516 προσηνοῦς
743 2476 922 2513 μεταλαμϐά-

135 2543 176 2561 νει
190 2533 238 2568 τῆς
257 2532 302 2559 διὰ
317 2531 362 2558 τοῦ
380 2529 466 2557 ὕπνου
489 2528 628 2557 ἀνέσεως·
646 2524 762 2551 πλούτου
783 2522 811 2549 δὲ
827 2521 922 2549 ἐπιθυ-

139 2581 187 2615 μία
204 2579 311 2605 σύνεσιν
326 2575 493 2611 ἀγρυπνίαις
513 2573 560 2600 καὶ
574 2571 707 2606 καμάτοις
720 2569 824 2606 τρύχει.

174 2625 284 2662 Χρυσοῦ
303 2624 417 2658 δεύτερα
435 2621 523 2648 πάντα
536 2619 650 2649 ἀδίκοις.

227 2672 264 2708 μὴ
274 2670 401 2703 δεόμενος
415 2667 470 2694 τῶν
485 2663 644 2698 ἀλλοτρίων,
657 2661 715 2690 ἀλλ’
730 2661 759 2688 ἔν
772 2659 924 2696 αὐταρκείᾳ

138 2707 259 2755 νομίζων
273 2713 353 2746 εἶναι,
375 2713 485 2739 πάντων
498 2710 572 2736 ἐστὶν
592 2707 794 2742 εὐπορώτατος.

176 2750 290 2800 ιΑρκιςοι
307 2760 355 2797 μὲν
369 2761 417 2786 καὶ
433 2757 510 2784 λύκοι
522 2754 632 2782 ἐπειδὰν
651 2752 755 2780 λάϐωσι
770 2751 860 2787 κόρον,
876 2750 925 2785 τῆς

141 2796 270 2847 ἁρπαγῆς
295 2807 476 2842 ἀφίστανται·
494 2802 519 2830 ot
542 2801 570 2829 δὲ
591 2800 754 2828 πλεονέκται
777 2798 858 2833 κόρον
876 2796 925 2823 οὐκ

143 2859 259 2889 ἔγουσιν.

946 919 1034 946 neque
1049 915 1153 938 tremor
1167 908 1274 936 invadet
1288 911 1324 936 te.

982 957 1067 984 Eccli.
1077 965 1103 984 ιν
1120 955 1215 983 Manus
1226 960 1271 983 tua
1288 962 1342 982 non
1361 953 1397 981 sit
1408 957 1531 988 porrecta
1545 951 1577 979 ad
1596 949 1733 985 accipien-

948 1003 1023 1036 dutn,
1045 1008 1071 1031 et
1083 1002 1130 1030 ubi
1146 1001 1266 1029 dandum
1282 1005 1323 1028 est
1336 1005 1488 1028 contracta.

983 1049 1055 1077 Ibid.
1074 1057 1130 1076 xw.
1146 1048 1249 1076 Oculus
1275 1053 1379 1074 avarus
1403 1045 1478 1074 nulla
1500 1045 1625 1080 portione
1649 1041 1734 1071 satia-

950 1101 1004 1124 ltll'.

984 1152 1090 1180 Basilii.
1115 1151 1168 1185 Qui
1198 1150 1281 1178 alicui
1305 1149 1387 1184 eripit
1412 1153 1439 1176 et
1455 1147 1532 1175 alteri
1548 1147 1605 1181 dat,
1631 1146 1655 1174 is
1679 1153 1733 1173 non

951 1198 1180 1230 misericordiam,
1200 1196 1248 1224 sed
1263 1201 1413 1223 extremam
1436 1194 1597 1230 injustitiant
1613 1198 1735 1221 exercet.

952 1241 1020 1269 Nam
1035 1250 1067 1269 ex
1084 1241 1194 1277 injuriis
1206 1240 1347 1268 matcriatn
1359 1240 1543 1267 miserationis
1562 1244 1665 1274 captas,
1684 1239 1736 1265 nti-

953 1295 1044 1316 serere
1058 1289 1148 1322 potius
1166 1287 1273 1314 illorutn
1284 1294 1353 1321 quos
1365 1286 1464 1321 injuria
1476 1285 1571 1312 atlicis.
1583 1284 1648 1312 Pius
1662 1284 1735 1310 cuitu

954 1335 1000 1362 ille
1015 1338 1067 1366 est,
1082 1342 1137 1361 non
1153 1333 1200 1368 qui
1218 1333 1364 1360 miseretur
1377 1332 1536 1365 multorum,
1557 1332 1604 1359 sed
1628 1330 1676 1366 qui
1694 1338 1740 1358 tte-

955 1381 1023 1408 ntitti
1039 1380 1104 1407 facit
1119 1380 1258 1414 injuriant.

991 1428 1165 1461 Quaecunque
1196 1426 1268 1452 ridet
1288 1424 1403 1456 oculus,
1433 1430 1465 1450 ea
1483 1423 1575 1450 omnia
1604 1422 1740 1450 desiderat

957 1482 1065 1502 avarus.
1085 1473 1181 1499 lnl‘eris
1201 1479 1340 1506 nunquam
1375 1470 1441 1498 satis
1469 1470 1510 1502 lit,
1543 1477 1594 1497 nce
1620 1477 1740 1504 unquam

958 1528 1056 1548 avarus
1071 1520 1122 1547 sibi
1137 1518 1262 1546 sullieere
1276 1517 1354 1544 dicit.
1371 1516 1459 1544 Malus
1473 1516 1517 1543 hic
1530 1516 1637 1543 vicinus
1652 1520 1694 1543 est
1710 1516 1737 1543 in

960 1569 1036 1600 urbe,
1053 1566 1107 1602 7o
1130 1565 1216 1592 ntalus
1229 1564 1296 1591 ruri.
1314 1563 1387 1590 Mare
1402 1570 1466 1590 suos
1482 1563 1549 1590 lines
1564 1563 1698 1597 agnoscit,
1712 1568 1740 1590 et

960 1621 1013 1641 nox
1035 1612 1161 1646 antiquos
1189 1609 1321 1638 terminos
1349 1615 1402 1635 non
1432 1608 1612 1640 transcettdtt.
1635 1607 1742 1634 Avarus

960 1664 1049 1687 autem
1066 1663 1173 1692 tempus
1189 1656 1294 1683 nullutn
1313 1658 1463 1686 reveretur,
1477 1661 1531 1680 non
1545 1653 1666 1687 agnoscit
1685 1657 1743 1679 ter-

960 1707 1076 1738 minum,
1093 1712 1146 1732 tton
1172 1703 1245 1731 cedit
1268 1701 1358 1730 ordini
1378 1701 1581 1733 successionis;
1601 1702 1646 1728 sed
1674 1701 1745 1735 ignis

962 1753 1117 1781 violentiam
1143 1750 1275 1782 imitatur,
1300 1748 1392 1776 omnia
1410 1747 1518 1782 arripit,
1545 1748 1637 1773 omnia
1660 1748 1743 1782 depa-

963 1805 1061 1828 scttur.

998 1858 1048 1886 Sed
1063 1858 1126 1893 quid
1141 1856 1248 1884 laudent
1261 1855 1324 1882 ﬁet?
1336 1854 1430 1881 Nonne
1446 1858 1500 1881 trcs
1523 1854 1635 1880 omnino
1661 1853 1746 1881 cubiti

964 1912 990 1934 te
1007 1904 1137 1933 manent?
1163 1903 1257 1930 Nonne
1283 1907 1430 1936 paucorum
1455 1900 1573 1934 lapidum
1602 1900 1685 1927 moles
1713 1901 1746 1926 all

963 1952 1113 1980 custodiam
1132 1950 1239 1977 miserm
1256 1947 1331 1974 carni
1357 1945 1548 1973 sulliciet?Ad
1577 1945 1641 1980 quid
1667 1944 1748 1979 igitur

963 1996 1092 2027 laboras?
1111 1995 1245 2029 Quorsum
1273 1993 1383 2026 iniquus
1412 1999 1472 2019 esse
1502 1990 1617 2027 pcrgis?
1643 1991 1747 2025 Quibus

964 2043 1053 2072 verbis
1068 2041 1195 2070 defendes
1212 2044 1248 2073 te,
1266 2047 1327 2066 cum
1345 2038 1433 2066 al'l'ecti
1447 2039 1495 2066 abs
1512 2043 1537 2065 te
1550 2038 1648 2072 injuria
1669 2037 1749 2064 undi-

965 2099 1018 2126 que
1042 2090 1253 2116 circumstantes
1267 2086 1317 2113 sub
1332 2085 1470 2112 communi
1496 2084 1588 2118 judiCt:
1609 2088 1705 2110 contra
1723 2088 1749 2110 te

967 2135 1143 2165 clatnavctint
1154 2134 1165 2160 ?
1177 2132 1318 2166 Quomodo
1334 2129 1511 2166 persuadebis
1522 2129 1618 2165 jndici,
1637 2129 1682 2164 qui
1695 2129 1750 2156 (alii

968 2193 1021 2212 non
1039 2181 1256 2218 potestiﬂnllus
1275 2181 1330 2207 illic
1341 2184 1436 2206 orator
1465 2183 1516 2211 est,
1551 2178 1625 2204 nulla
1654 2177 1751 2205 verbo-

970 2236 1029 2257 rum
1057 2226 1233 2263 probabilitas
1252 2233 1313 2260 qua:
1329 2225 1468 2252 veritatem
1482 2223 1566 2258 judici
1585 2223 1752 2250 abscondere

970 2275 1070 2303 micat.

1006 2329 1141 2366 Thcologi.
1158 2329 1266 2356 Homini
1288 2328 1409 2364 pecunias
1430 2327 1529 2362 cupido
1551 2326 1624 2353 nulla
1642 2326 1753 2354 satietas

971 2377 1137 2404 innascitur.

1006 2422 1110 2457 Pauper
1124 2420 1246 2456 quidem,
1268 2420 1329 2448 licet
1353 2427 1448 2447 servus
1460 2422 1486 2446 et
1502 2422 1595 2444 ventre
1613 2424 1666 2443 non
1682 2421 1757 2444 satu.

971 2478 1013 2502 ro,
1035 2469 1132 2496 blanda
1152 2476 1198 2502 per
1213 2475 1340 2494 somnum
1365 2466 1457 2500 quiete
1486 2464 1604 2492 fruitur:
1623 2464 1756 2498 cupidttus

972 2521 1063 2543 autem
1095 2514 1250 2542 divitiarum
1289 2517 1405 2540 mentem
1433 2511 1531 2547 vigiliis
1565 2516 1592 2538 et
1618 2509 1757 2537 laboribus

973 2563 1076 2590 cruciat
1094 2579 1102 2588 .

1009 2607 1104 2643 lnjusti
1119 2607 1184 2634 nihil
1199 2614 1253 2634 non
1271 2613 1337 2634 auro
1351 2611 1527 2641 postponunt.

1010 2655 1145 2690 Chrysast.
1162 2653 1213 2686 Qui
1242 2660 1296 2681 non
1325 2653 1427 2687 indiget
1443 2652 1549 2685 alienis,
1571 2651 1617 2678 sed
1642 2658 1689 2677 sua
1707 2649 1758 2676 sibi

976 2700 1099 2729 suiiicere
1117 2700 1264 2732 existimat,
1275 2698 1396 2727 ontnium
1409 2698 1619 2726 estditissitnus.

1012 2747 1072 2775 Ursi
1092 2752 1119 2775 et
1135 2747 1189 2782 lupi
1206 2746 1321 2775 saturati
1335 2746 1459 2782 rapinam
1481 2744 1654 2779 relinquunt;
1668 2739 1758 2768 ararit

976 2798 1066 2822 autem
1083 2793 1158 2821 nulla
1171 2793 1292 2822 satietas.
