1959 3130
194 130 249 161 939

816 131 975 162 ΛΝΤΟΝΗ
996 131 1168 162 ΜΕΙᾸδςᾹί

1775 126 1825 160 940

195 186 359 216 existimas
375 186 445 223 (tunc
454 186 531 215 enim
551 185 694 222 persuasio
711 193 758 221 per
773 186 880 215 laudem
898 195 926 216 se
949 189 989 216 in-

1061 190 1182 226 .ληφέναι
1197 189 1244 217 τοῦ
1270 188 1372 225 δρόμου
1388 190 1418 215 τὸ
1440 189 1530 224 τέρμα
1548 186 1639 222 (τοῦτο
1653 186 1708 220 γὰρ
1722 185 1736 211 ὸ
1751 185 1827 211 ἐπαι-

197 234 429 269 εἱιιυειγοιιιτοτε
444 233 553 262 desinit.
572 237 598 261 et
612 232 756 261 victoriam
770 233 870 269 perdit.

234 323 405 351 Moschiania.
423 320 452 349 Si
465 321 535 349 bene
548 321 644 349 audire
656 327 745 358 cupis.
765 322 836 350 bene
851 322 925 358 loqui
943 322 987 350 di-

198 376 270 397 scas.
288 368 402 396 Coneris
417 368 486 396 bene
497 366 598 401 facere,
608 372 636 397 et
650 368 691 396 sic
706 367 775 397 bene
786 368 914 397 audiendi
926 368 988 397 fru-

197 418 272 442 ctum
286 414 423 448 acquires.

239 460 369 495 Polyani.
387 459 541 487 Prusentes
554 467 644 496 neque
659 460 807 495 rituperes,
826 467 914 494 neque
930 461 989 488 lau-

198 505 260 539 des,
275 505 328 533 hoc
340 505 413 533 enim
429 505 627 540 adulationem,
646 505 712 534 illud
737 505 792 541 93
819 505 989 534 Inimicitiam

198 552 281 587 parit.

237 597 396 633 Antagem’s.
421 598 538 633 Operam
549 598 583 625 (la
599 602 628 626 ut
644 598 725 626 vivus
741 598 898 632 laudabilis,
916 606 991 627 mor-

200 647 265 671 tuus
279 649 369 671 autem
387 645 484 672 beatus
497 644 641 679 judiceris.

238 688 312 716 Idem
327 689 406 723 dixit,
420 690 489 717 Cum
508 690 584 717 mulli
604 697 647 718 me
664 690 788 724 laudant,
806 696 862 719 tum
892 691 993 719 nullius

203 735 283 771 pretii
299 736 435 771 meipsum
457 737 603 770 existimo;
620 745 682 765 cum
699 745 763 766 vero
776 738 866 773 pauci,
889 738 992 766 bonum

202 784 230 808 et
244 782 384 817 egregium
401 781 550 810 hominem.
704 773 710 782 “

238 825 364 854 Civitatis
377 832 567 855 ornamentum
581 833 621 856 est
632 828 763 856 fortitudo
777 829 914 862 virorum;
933 837 994 857 cor-

203 871 287 906 poris,
299 872 488 907 pulchritudo;
501 874 608 907 animaa,
619 875 725 909 iustitia
734 884 740 902 :
750 875 792 904 liis
799 875 935 903 contraria
945 876 993 904 de-

204 917 297 946 decori
328 925 403 947 sunt.
433 920 549 956 Oportet
564 927 655 949 autem
680 923 824 955 virum,et
839 922 993 957 mulierem,

204 967 232 990 et
258 971 427 998 sermonem,
451 971 478 994 et
498 965 618 1000 factum,
646 972 674 995 et
699 967 855 1001 civitatem,
882 974 910 996 et
937 976 994 996 rem

205 1009 367 1043 quamlibet.
387 1011 408 1038 si
427 1011 507 1039 laude
524 1012 604 1046 digna
624 1012 670 1046 sit,
686 1013 824 1041 laudando
838 1014 993 1046 honorare,

206 1052 345 1090 indignam
362 1062 426 1083 vero
439 1056 574 1091 vituperio
591 1057 709 1086 allicere.
725 1057 812 1091 Eque
824 1059 897 1087 enim
917 1059 996 1087 vitio-

206 1106 266 1126 sum
279 1104 308 1127 et
331 1101 459 1129 stolidum
474 1107 527 1136 est,
553 1103 711 1139 vituperare
733 1104 881 1138 laudanda,
899 1109 926 1133 et
937 1105 996 1132 lau-

206 1144 272 1172 dare
285 1145 477 1181 vituperanda.

420 1215 536 1245 SERMO
549 1216 594 1245 Lu
610 1217 659 1254 [σί.
682 1217 760 1254 vui].

495 1274 534 1303 De
547 1275 714 1304 adulatione.

239 1329 308 1380 'Llc.
331 1337 368 1358 vr.
400 1329 442 1358 Va:
469 1332 581 1367 quando
609 1333 679 1362 bene
699 1333 778 1362 vobis
799 1334 921 1363 dixerint
948 1335 999 1362 ho-

209 1381 306 1403 πιιιιεε.

243 1419 333 1448 Iuda».
362 1422 393 1449 Hi
410 1427 475 1450 sunt
503 1429 734 1457 murmuratores,
764 1425 891 1467 queruli.
921 1425 998 1460 iuxta

208 1467 447 1501 concupiscentias
485 1476 550 1497 suas
572 1469 757 1504 ambulantes,
786 1474 814 1498 et
827 1477 859 1499 os
887 1471 997 1498 illorum

1038 245 1083 268 νος
1098 234 1299 270 ὕπαινίττεται)
1307 235 1428 261 παύεται
1439 233 1487 260 τοῦ
1501 233 1621 269 τρέχειν,
1633 231 1681 259 καὶ
1690 230 1739 265 τὴν
1751 229 1829 265 νίκην

1038 282 1180 310 ἀπόλλυσι.

1075 329 1106 356 Et
1122 328 1211 360 θέλεις
1227 327 1318 359 καλῶς
1335 326 1457 360 ἀκούειν,
1478 325 1598 360 μάνθανε
1615 323 1707 355 καλῶς
1721 323 1828 357 λέγειν·

1041 373 1130 409 πειρῶ
1146 373 1237 405 καλῶς
1259 373 1401 408 πράττειν,
1418 372 1467 399 καὶ
1483 370 1571 403 οὕτως
1587 370 1724 407 καρπώσῃ
1737 369 1768 396 τὸ
1783 377 1832 396 κα-

1039 421 1094 453 λῶς
1109 420 1231 448 ἀκούειν.

1078 465 1226 501 Παρόντων
1243 465 1294 499 μέν
1310 464 1380 498 μήτε
1402 463 1482 498 ψέγε,
1503 463 1573 497 μήτε
1593 461 1717 488 ἐπαίνει·
1730 460 1760 488 τδ
1781 460 1831 496 μιν

1041 512 1096 548 γὰρ
1117 511 1220 547 ἔχθραν
1235 509 1325 546 φέρει,
1335 509 1367 538 εδ
1379 508 1409 537 δέ
1425 508 1584 537 κολακείαν.

1079 601 1139 628 Ζῶν
1153 601 1205 637 μὲν
1219 599 1343 634 ἐπαινοῦ,
1354 599 1499 627 ἀποθανὼν
1512 598 1542 626 δέ
1562 597 1727 634 μακαρίζου.

1084 695 1115 721 '0
1131 694 1211 725 αὐτὸς
1235 689 1325 725 εἶπεν,
1347 691 1433 718 ὀταν
1460 690 1594 718 ἐπαινῶσί
1611 697 1645 724 με
1659 687 1764 720 πολλοὶ,
1773 687 1836 713 τότε

1044 739 1149 775 νομίζω
1166 738 1281 774 μηδενὸς
1302 737 1376 770 ἄξιος
1394 735 1465 764 εῖναι
1478 744 1485 752 ·
1505 736 1569 763 ὅταν
1589 735 1618 762 δὲ
1639 733 1736 768 ὀλίγοι,
1750 741 1835 759 σπου-

1043 787 1117 818 δαῖος
1131 785 1284 820 ἄνθρωπος.

1082 832 1192 866 Κόσμος
1216 830 1292 857 πόλει
1316 829 1365 864 μὶν
1388 828 1527 863 εὐανδρία.
1542 827 1649 861 σώματι
1670 825 1698 852 δὲ
1719 825 1835 856 κάλλος·

1047 878 1121 913 ψυχῇ
1137 876 1171 913 [Γ.
1187 877 1215 904 δέ
1232 868 1390 909 δικαιοσύνη
1398 875 1416 909 ι,
1430 874 1464 901 τὰ
1478 873 1498 900 δ’
1511 872 1621 900 ἐναντία
1633 871 1735 899 τούτων
1754 871 1838 898 ἀκοσ-

1048 924 1108 959 μία.
1127 923 1230 958 Ἄνδρα
1243 922 1271 949 δέ
1287 921 1334 948 καὶ
1347 921 1465 955 γυναῖκα
1481 919 1528 946 καὶ
1538 918 1617 952 λόγον
1630 918 1678 944 καὶ
1694 917 1774 952 ἔργον
1789 917 1838 943 καὶ

1048 970 1126 997 πόλιν
1140 969 1187 997 καὶ
1203 969 1320 1004 πρᾶγμα
1336 967 1389 1002 χρὴ
1402 966 1432 993 τὶ
1457 964 1508 1000 μὲν
1522 964 1597 997 ἀξιον
1611 963 1721 990 ἐπαίνου
1733 962 1838 996 ἐπαίνῳ

1047 1015 1143 1050 τιμᾷν,
1168 1014 1208 1049 τῷ
1223 1013 1248 1040 δ’
1267 1012 1370 1046 ἀναξίῳ
1399 1011 1496 1046 μῶμον
1524 1008 1671 1035 ἐπιθεῖναι.
1698 1008 1759 1042 Ἴση
1783 1008 1838 1041 γὰρ

1048 1062 1170 1096 ἁμαρτία
1181 1061 1229 1088 καὶ
1241 1059 1345 1095 ἀμαθία
1362 1056 1518 1094 μέμφεσθαι
1534 1065 1564 1083 τε
1580 1055 1615 1082 τὰ
1635 1054 1776 1087 ἐπαινετὰ,
1791 1054 1839 1080 καὶ

1048 1108 1171 1135 ἐπαινεῖν
1187 1106 1222 1134 τὰ
1239 1105 1368 1141 ιιωμητά.

1349 1217 1460 1244 ΛΟΓΟΣ
1472 1214 1536 1243 NB’.

1314 1274 1385 1310 Περι
1401 1274 1575 1306 κολακείας.

1085 1334 1165 1368 Οὐαὶ,
1180 1334 1245 1361 ὅταν
1262 1332 1353 1364 καλῶς
1368 1331 1483 1358 εἴπωσιν
1499 1331 1572 1366 ὑμᾶς
1586 1330 1612 1357 οι
1631 1329 1787 1365 ἄνθρωποι.

1085 1421 1166 1453 οὗτοι
1196 1423 1250 1450 είσι
1272 1421 1436 1456 γογγυσταὶ.
1467 1419 1662 1455 μεμψίμοιροι,
1690 1417 1761 1444 κατὰ
1789 1417 1843 1448 Ιειὶς

1051 1470 1201 1505 ἐπιθυμίας
1218 1469 1308 1496 αὐτῶν
1325 1467 1517 1503 πορευόμενοι,
1536 1466 1583 1492 καὶ
1601 1464 1632 1492 τὸ
1644 1465 1732 1500 στόμα
1747 1463 1842 1490 αὐτῶν

210 1511 333 1546 loquitur
360 1513 485 1547 tumida,
507 1514 676 1543 admirantes
703 1523 847 1551 personas,
871 1516 997 1544 utilitatis

1061 1517 1128 1544 λαλεῖ
1151 1516 1304 1551 ὑπέρογκα,
1328 1513 1517 1548 Θαυμάζοντες
1542 1511 1679 1546 πρόσωπα
1705 1509 1843 1544 ὡφελείας

228 1564 307 1587 ratta.

228 1566 307 1587 raua.

209 1566 233 1656 8.
246 1603 297 1632 Per
327 1605 590 1642 blandiloquentiam
618 1609 759 1645 decipiunt
779 1609 863 1636 corda
895 1608 999 1645 simpli-

208 1657 294 1678 etum.

247 1699 386 1727 Salomon.
410 1700 557 1730 Sermones
571 1707 723 1731 astulorum
748 1703 844 1732 molles
860 1709 935 1738 sunt,
952 1704 1000 1733 sed

211 1744 313 1773 feriunt
329 1748 475 1781 penetralia
490 1749 638 1777 viscerum.

246 1791 340 1821 Melior
355 1799 396 1822 est
413 1795 455 1822 vir
468 1796 514 1830 qui
531 1796 682 1832 redarguit.
701 1804 783 1832 quam
797 1797 843 1832 qui
861 1797 998 1825 adulatur.

250 1839 307 1866 Ira.
329 1839 382 1873 Qui
402 1848 450 1868 vos
466 1841 558 1870 felices
573 1842 733 1877 praedicant,
751 1843 885 1871 seducunt
898 1850 958 1876 vos,
973 1847 1001 1870 et

211 1886 306 1914 callem
322 1886 372 1914 via:
385 1887 557 1921 perturbant.

248 1932 278 1960 S.
295 1933 403 1960 Basilii.
416 1932 566 1967 Fugiamus
595 1933 779 1962 adulationem
796 1938 824 1962 et
840 1935 1000 1962 assentatio-

211 1986 285 2010 nem,
299 1984 326 2006 et
337 1979 475 2007 insidiosae
487 1980 577 2015 volpis
591 1981 719 2007 astutiam
737 1985 763 2007 et
778 1981 866 2009 varias
878 1981 1000 2010 fraudes.

210 2025 284 2052 Nihil
299 2025 372 2053 enim
389 2026 588 2054 intolerabilius
601 2031 643 2053 est
656 2030 730 2054 recte
742 2026 910 2062 sapientibus
918 2035 1000 2062 quam

211 2071 304 2100 vivere
320 2072 353 2099 ad
371 2072 498 2108 gloriam,
511 2076 538 2099 et
552 2072 585 2098 ad
606 2072 760 2107 opinionem
776 2073 901 2107 pluribus
914 2078 1000 2101 ratam

214 2117 363 2152 respicere,
378 2125 433 2144 non
448 2121 538 2145 autem
557 2122 660 2145 rectam
673 2117 808 2145 rationem
827 2118 889 2145 vita:
903 2118 1000 2146 ducem

212 2162 365 2190 instituere.

1069 1565 1142 1593 άριν.

1052 1573 1142 1638 xuii:
1152 1609 1202 1645 τῆς
1214 1607 1416 1644 χρηστολογίας
1432 1605 1591 1639 ἐξαπατῶσι
1601 1604 1650 1636 τὰς
1661 1603 1776 1638 καρδίας
1786 1602 1844 1629 τῶν

1052 1656 1176 1684 ἀκάκων.

1087 1703 1171 1737 Λόγοι
1188 1701 1342 1734 κερκώπων
1356 1701 1485 1737 μαλακοὶ,
1499 1697 1574 1730 οὗτοι
1588 1700 1617 1728 δέ
1634 1699 1783 1726 τύπτουσιν
1803 1696 1846 1727 εἰς

1052 1750 1155 1784 ταμεϊα
1173 1748 1346 1784 σπλάγχνων.

1088 1795 1232 1831 Κρείσσων
1257 1795 1327 1830 ἀνὴρ
1357 1794 1477 1829 ἐλέγχων
1501 1793 1547 1821 τοῦ
1575 1790 1784 1822 κολακεύοντος.

1089 1842 1121 1869 υἱ
1136 1841 1337 1878 μακαρίζοντες
1363 1841 1435 1876 ὑμᾶς
1462 1839 1602 1867 πλανῶσιν
1624 1838 1707 1872 ὑμᾶς,
1722 1836 1771 1863 καὶ
1792 1836 1847 1869 τὴν

1053 1889 1147 1925 τρίϐον
1161 1889 1216 1915 τῶν
1231 1889 1298 1915 ὁδῶν
1314 1888 1509 1924 ταράσσουσιν.

1089 1936 1222 1971 Φύγωμεν
1238 1936 1384 1967 κολακείας
1398 1936 1446 1962 καὶ
1459 1934 1588 1967 θωπείας,
1607 1933 1654 1960 καὶ
1668 1932 1717 1967 τῆς
1732 1930 1846 1966 ἀρχιλό-

1054 1991 1102 2017 κου
1115 1982 1256 2013 ἀλώπεκος
1273 1981 1303 2007 τὸ
1320 1981 1465 2014 κερδαλέον
1481 1979 1529 2006 καὶ
1540 1978 1674 2006 ποικίλον.
1690 1976 1775 2004 Οὐδὲν
1787 1977 1847 2010 γὰρ

1053 2028 1246 2063 χαλεπώτερον
1268 2028 1324 2058 τοῖς
1339 2026 1370 2053 εὖ
1386 2025 1515 2061 φρονοῦσι
1532 2023 1580 2051 τοῦ
1599 2023 1667 2059 πρὸς
1682 2022 1763 2056 δόξαν
1780 2022 1846 2057 ζῇν,

1053 2075 1101 2101 καὶ
1122 2073 1157 2100 τὰ
1171 2075 1227 2105 τοῖς
1241 2073 1349 2104 πολλοῖς
1373 2072 1503 2098 δοκοῦντα
1520 2069 1712 2105 περισκοπεῖν,
1735 2068 1785 2095 καὶ
1807 2067 1846 2102 μὴ

1054 2121 1100 2147 τδν
1116 2119 1195 2156 ὀρθὸν
1211 2119 1290 2153 λόγον
1307 2118 1429 2154 ἡγεμόνα
1445 2116 1582 2144 ποιεῖσθαι
1596 2115 1645 2143 sui
1658 2114 1729 2150 βίου.

249 2208 279 2236 1η
297 2209 349 2236 hoc
379 2208 484 2236 amicus
516 2208 550 2236 ab
567 2208 710 2236 adulatore
739 2207 840 2242 dilfert,
866 2209 938 2244 quod
956 2209 997 2237 hic

1090 2212 1176 2240 Τοῦτο
1203 2211 1279 2246 φίλος
1301 2210 1417 2240 κόλακος
1440 2207 1590 2242 διενήνοχε,
1603 2206 1634 2233 τὸ
1648 2205 1694 2232 τδν
1711 2204 1760 2239 μὲν
1775 2203 1847 2237 πρὸς

215 2255 326 2290 quidem
355 2258 539 2283 conversatur
553 2256 587 2282 ad
600 2254 780 2289 voluptatem,
806 2254 852 2282 ille
866 2262 931 2283 vero
945 2263 1002 2283 mo-

214 2302 290 2330 lestis
305 2302 387 2329 etiam
405 2309 460 2329 non
476 2301 611 2339 abstinet._

252 2348 389 2382 Theologi.
407 2347 455 2376 Est
479 2348 551 2375 enim
578 2347 629 2375 viri
654 2347 832 2383 magnanimi,
851 2348 1002 2376 amicorum

214 2395 305 2431 potius
332 2394 485 2422 libertatem
515 2393 686 2428 approbare,
713 2401 794 2429 quam
829 2393 1003 2422 inimicorum

215 2440 408 2469 adulationem.

253 2487 338 2515 Multo
358 2487 444 2514 satius
456 2490 497 2514 est
513 2494 560 2521 per
572 2485 723 2513 molestiam
741 2493 851 2520 parvam
877 2485 1003 2512 utilitatis

217 2534 362 2570 plurimum
391 2532 552 2563 conciliare,
581 2540 662 2566 quam
683 2531 852 2566 voluptatem
875 2532 1003 2560 sectando

216 2580 300 2608 totius
317 2578 400 2606 sortis
415 2579 552 2614 jactitram
574 2578 686 2605 inferre.

251 2625 280 2653 S.
297 2625 434 2659 Clirysast.
449 2624 517 2651 Cum
532 2623 622 2659 aliqua
646 2624 760 2652 mutatio
784 2623 851 2651 litin
871 2624 1002 2656 deterius,

217 2679 283 2701 tunc
299 2672 460 2700 auferuntur
474 2670 646 2698 adulatorum
668 2678 812 2705 personae:
829 2675 884 2697 tum
901 2670 1002 2698 chorus

217 2718 393 2748 histrionum,
404 2721 431 2743 et
448 2716 486 2742 rei
506 2715 643 2743 simulatio
657 2720 817 2751 arguuntur.
835 2714 1003 2750 Aperiuntnr

217 2765 338 2792 omnium
371 2770 430 2794 ora,
459 2761 668 2793 exsecrandum,
698 2760 849 2795 improbum
873 2765 900 2786 et
916 2759 1002 2786 immi-

218 2818 279 2838 nem
292 2809 441 2845 pessimum
461 2807 590 2835 vocitant.
611 2806 650 2832 An
671 2813 724 2832 n0n
743 2805 801 2832 heri
817 2803 1003 2832 assentabaris

217 2856 254 2890 ei,
281 2860 309 2883 et
331 2861 429 2882 manus
456 2853 516 2888 ejus
541 2849 764 2879 deosculaliaris?
797 2848 917 2877 Persona
945 2849 1003 2877 haec

1053 2259 1151 2294 ἡδονὴν
1175 2257 1291 2291 ὁμιλεῖν,
1315 2255 1360 2283 τδν
1385 2255 1415 2282 δὲ
1441 2254 1510 2289 μήτε
1537 2251 1593 2279 τῶν
1610 2250 1769 2278 λυπούντων
1792 2249 1847 2275 ἀπ-

1053 2304 1176 2376 εχὶἒθὲι.
1191 2347 1246 2382 γὰρ
1263 2346 1360 2380 ἀνδρὸς
1381 2344 1585 2380 μεγαλόφρονος
1600 2341 1685 2377 φίλων
1709 2340 1848 2376 ἀποδέχε-

1054 2396 1116 2423 σθαι
1132 2394 1232 2429 μᾶλλον
1249 2391 1417 2427 ἐλευθερίαν,
1434 2390 1452 2425 ἤ
1466 2388 1572 2426 ἐχθρῶν
1588 2387 1745 2415 κολακείαν.

1090 2484 1184 2519 Πολλῷ
1201 2483 1306 2519 βέλτιον
1324 2481 1428 2518 βραιία
1442 2480 1615 2515 λυπήσαντα,
1638 2477 1757 2513 μέγιστα
1771 2475 1850 2510 ὢφε-

1053 2530 1178 2565 λῆσαι,ἢ
1204 2529 1234 2555 τὸ
1261 2529 1328 2563 πρὸς
1353 2526 1449 2562 ἡδονὴν
1472 2525 1616 2557 διώκοντα,
1641 2521 1782 2558 ζημιῶσαι
1806 2520 1850 2556 τῷ

1054 2576 1206 2611 κεφαλαίῳ.

1090 2624 1176 2650 ὀταν
1193 2620 1330 2657 μεταδολὴ
1342 2628 1385 2651 τις
1400 2618 1516 2652 γένηται
1537 2614 1607 2650 πρὸς
1620 2614 1651 2642 ab
1664 2613 1767 2649 χεῖρον,
1782 2612 1850 2640 τότε

1052 2669 1108 2696 τῶν
1125 2669 1251 2696 κολάκων
1266 2666 1428 2701 ἀφαιρεῖται
1440 2664 1475 2691 τὰ
1490 2663 1649 2698 προσωπεῖα
1662 2668 1669 2676 ·
1685 2660 1750 2686 τότε
1770 2660 1784 2686 ό
1797 2667 1850 2694 χο-

1055 2716 1102 2751 ρὸς
1127 2715 1269 2749 ἐλέγχεται
1297 2711 1350 2738 τῶν
1377 2709 1542 2743 ὑποκριτῶν,
1559 2707 1607 2734 καὶ
1631 2707 1648 2742 ἡ
1672 2705 1776 2740 σκῆψις

1054 2749 1228 2796 λιιράγματος.
1265 2756 1417 2791 ’Δνοίγεται
1445 2755 1553 2783 πάντων
1581 2753 1616 2780 τὰ
1646 2751 1782 2786 στόματα,

1056 2794 1164 2842 μιαρὸς,
1194 2804 1331 2839 λέγοντες,
1361 2803 1375 2828 ὁ
1391 2801 1530 2837 ππονηρδς,
1555 2800 1569 2826 ὁ
1586 2797 1781 2842 παμπᾷνηρος.
1807 2794 1850 2822 Οὐ

1054 2840 1118 2885 χθιξ
1130 2848 1211 2877 αὑτὸν
1226 2847 1407 2880 ἐκολάκευες,
1420 2846 1450 2873 οὐ
1471 2844 1521 2877 τὰς
1543 2844 1639 2878 χεῖρας
1658 2840 1744 2870 αὐτοῦ
1764 2848 1852 2868 κατε-
