1959 3130
128 238 178 271 945

558 238 643 270 LOCI
664 238 886 270 COMMUNES.
899 232 935 257 -'
956 239 1054 271 PARS
1067 239 1091 270 Ι.
1114 238 1244 269 SERMO
1263 237 1346 268 LIII.

1709 235 1761 266 946

128 298 170 323 τὸν
186 295 302 332 ὀλεθρίῳ
322 294 406 324 πάθει
421 295 530 329 ἐθίζων,
551 297 679 324 κάκεῖνον
699 296 771 323 κατὰ
785 296 832 323 τοῦ
848 296 918 333 πληι-

995 297 1129 324 ernicioso
1143 295 1252 323 all‘ectui
1267 293 1465 328 assuefaciens,
1481 294 1537 331 96
1556 299 1611 322 tum
1629 294 1703 321 illum
1716 294 1762 321 ad-
1779 322 1784 335 γ

131 342 186 368 σίον
201 342 333 376 φλυαρεῖν
344 342 395 369 οὐκ
411 342 585 370 ἀνακόπτων.

166 389 214 419 ⁸1Ος
229 388 350 423 εὐχερῶς
365 388 414 419 τὰς
439 388 584 422 ἀλλοτρίας
602 389 730 419 διαϐολὰς
745 389 919 424 ἀποδέχεται,

131 434 189 461 οὐδὲ
204 434 258 462 τῶν
277 435 380 469 όμοίων
402 431 481 466 οὗτος
505 435 640 470 ἀπέχεται
659 435 796 469 πράξεων.
819 435 851 462 Ἦ
865 435 921 470 γὰρ

131 479 245 514 ἐργασία
261 479 308 506 τοῦ
321 479 535 515 ἐπιτηδεύματος
549 480 590 512 εἰς
607 480 750 508 κοινωνίαν
767 480 840 515 φιλεῖ
855 479 922 507 καθ-

131 523 219 550 έλκειν
231 524 279 551 καὶ
290 525 336 551 τὸν
350 526 482 552 ἀναίτιον.

167 612 281 640 nec“
298 613 459 649 βλάσφημος
474 614 595 647 διανοίας
611 615 700 649 κακῆς
719 615 839 649 ἕλεγγος.

169 701 304 736 Καθάπερ
323 703 339 737 ἡ
364 702 517 735 Δῐσώπειος
539 703 694 737 ἀλεκτορὶς,
710 703 779 739 πρὸς
804 702 854 738 τὴν
879 702 923 729 αἴ-

135 746 230 781 λουρον
237 747 315 781 ὡςδὴ
327 748 388 774 κατ’
399 748 517 782 εὔνοιαν,
530 748 615 784 αὐτῆς
625 748 768 783 νοσούσης,
778 749 853 779 ὅπως
867 747 923 782 ἔχει

136 792 354 829 πυνθανομένης,
367 794 479 827 Καλῶς,
492 793 580 828 εἶπεν,
594 795 627 822 ἂν
645 795 678 822 σὺ
694 795 817 829 ἀποστῇς
830 802 837 810 ·
852 794 924 820 οὕτω

137 838 204 873 πρὸς
219 839 340 867 τοιοῦτον
359 840 503 875 ἄνθρωπον
518 841 674 876 ὲμὸαλόντο.
694 841 774 874 λόγον
789 839 861 874 ὑπὲρ
874 838 925 872 τῆς

137 884 281 919 διαφορᾶς,
295 885 341 912 καὶ
358 885 562 920 πυνθανόμενον
587 887 633 913 καὶ
659 885 848 920 ὑπορύττοντα
870 884 925 910 τῶν

138 931 304 966 ἀποῤῥήτων
321 931 379 958 ἔνια
403 932 456 967 χρὴ
485 932 588 965 λέγειν’
606 931 677 958 Ἀλλ’
698 931 793 966 ἔμοιγε
809 930 926 964 πρᾶγμα

139 976 207 1010 πρὸς
224 976 338 1011 ἀδελφὸν
354 977 441 1010 οὐδὲν,
458 977 490 1005 ἂν
507 979 576 1013 μήτε
600 977 656 1011 ἐγὼ
678 978 735 1008 τοῖς
750 976 927 1003 διαδάλλουσι

140 1022 277 1057 προσέχω,
292 1024 362 1058 μήτε
377 1024 491 1055 ἐκεῖνος.

174 1068 296 1104 Ψίθυρον
320 1071 368 1097 καὶ
394 1071 517 1098 διάῦολον
532 1071 616 1104 ἄνδρα
641 1072 680 1106 μὴ
706 1069 856 1105 προσδέχου
870 1075 877 1083 '
896 1067 926 1094 οὐ

141 1115 195 1150 γὰρ
209 1115 303 1143 ἕνεκεν
318 1116 424 1148 εὐνοίας
440 1117 519 1143 τοῦτο
533 1118 614 1144 ποιεῖ.
634 1116 679 1148 Ὠς
695 1116 749 1150 γὰρ
764 1115 799 1142 τὰ
814 1114 868 1141 τῶν
880 1114 927 1140 ἆλ-

141 1161 195 1188 λων
211 1163 358 1198 ἀπόρρητα
377 1162 538 1197 ἅπεκάλυψέ
553 1171 606 1196 σοι,
618 1162 750 1193 ὡσαύτως
765 1161 814 1188 καὶ
829 1161 863 1188 τὰ
876 1160 929 1187 ὑπὸ

142 1208 189 1234 σοῦ
204 1208 341 1244 λεγόμενα
356 1209 461 1243 ἑτέροις
475 1209 655 1244 ἀναϐήσεται.

181 1255 252 1281 Ὑπὸ
274 1254 381 1282 πολλῶν
403 1254 595 1282 διαϐάλλεσθαι
617 1253 712 1281 κακῶν
738 1253 801 1280 οὔτε
829 1252 930 1288 ἀληθὲς

141 1300 204 1327 οὕτε
221 1301 351 1337 βλαϐερόν
361 1310 369 1317 ·
383 1301 414 1328 τδ
428 1301 456 1328 δὲ
471 1300 518 1336 ὑφ’
533 1300 592 1331 ἑνὸς
608 1299 711 1334 ἀγαθοῦ
733 1298 865 1334 ψέγεσθαι
883 1298 931 1325 καὶ

140 1347 249 1379 ἀληθὲς,
265 1348 312 1374 καὶ
330 1347 481 1379 λυσιτελές.

179 1393 258 1424 Τινδς
284 1393 411 1428 σοφιστοῦ
435 1394 599 1429 αἰτιωμένου
613 1393 707 1425 αὑτὸν,
728 1392 776 1418 καὶ
790 1392 928 1426 λέγοντος,

146 1439 193 1465 Διὰ
209 1439 236 1465 τί
253 1447 287 1474 με
299 1438 393 1470 κακῶς
405 1438 515 1473 λέγεις;
528 1439 589 1466 Ὀτι
608 1439 645 1473 μὴ
662 1439 855 1472 καταφρονεῖς,
867 1437 930 1472 ἔφη,

143 1486 189 1513 τὸν
204 1486 299 1518 κακῶς
310 1486 437 1521 λέγοντα.

181 1533 330 1560 Πελοπίδου
352 1533 477 1568 ἀνδρείου
499 1534 668 1569 στρατιώτου
688 1532 880 1567 διαδληθέντος
893 1532 932 1567 τῷ

144 1579 320 1613 Δημώνακτι,
335 1579 372 1611 ὡς
385 1579 612 1615 βλασφημοῦντος
629 1579 721 1612 αὑτὸν,
742 1578 813 1613 Ἐγὼ
828 1579 862 1606 τὰ
883 1579 932 1613 μὲν

142 1623 221 1658 ἔργα,
234 1623 298 1659 ἔφη,
320 1624 402 1651 αὑτοῦ
427 1625 531 1659 βλέπω,
544 1625 589 1652 τὸν
603 1625 631 1651 δὲ
656 1625 736 1658 λόγον
749 1625 800 1651 οὐκ
817 1624 932 1660 ἥκουσα.

145 1657 189 1697 Ᾰι.
214 1657 366 1703 Πελοπίδας
390 1657 527 1706 ανδρείουν
545 1657 714 1706 στρατιώτου
741 1657 933 1706 διαὸληθέντος
948 1657 969 1687 c

144 1716 229 1752 αὐτῷ,
251 1717 290 1749 ὼς
306 1717 542 1753 βλασφημοῦντος,
556 1727 583 1744 κ.
599 1726 627 1745 τ.
643 1718 670 1745 λ.

219 1763 314 1790 Ἥδιον
328 1763 414 1797 οὐδὲν,
430 1763 491 1790 οὐδὲ
509 1764 710 1799 μουσικώτερον

219 1809 294 1836 Ἔστ¹
311 1810 328 1844 ἢ
344 1809 474 1836 δύνασθαι
485 1810 691 1845 λοιδορούμενον
705 1810 811 1846 φέρειν.

218 1855 273 1881 Καὶ
292 1852 347 1890 γ’ὰρ
362 1855 376 1881 ό
393 1854 531 1890 λοιδορῶν,
547 1855 580 1881 ἂν
593 1857 607 1882 ό
619 1855 824 1890 λοιδορούμενος

217 1899 264 1935 Μή
279 1900 473 1935 προσποιῆται,
486 1899 646 1934 λοιδορεῖται
660 1900 674 1926 ό
689 1900 828 1934 λοιδορῶν.

223 1989 316 2020 Ὅστις
331 1989 469 2022 διαϐολαῖς
484 1998 515 2024 γε
533 1991 655 2017 πείθεται
671 1991 751 2025 ταχὺ,

227 2038 305 2064 Ἤτοι
319 2038 437 2072 πονηρὸς
451 2037 534 2069 αὐτός
549 2038 607 2064 ἐστι
622 2038 678 2068 τοῖς
690 2036 812 2072 τρόποις,

223 2086 259 2112 Ἦ
277 2085 434 2112 παντάπασι
453 2084 598 2119 παιδαρίου
614 2082 726 2119 γνώμην
740 2084 808 2117 ἔχει.

139 2133 146 2167 l
185 2132 282 2158 Πολλοὶ
299 2131 364 2165 γοῦν
376 2131 426 2166 ἤδη
444 2130 530 2165 μείζω
544 2131 615 2156 κακὰ
632 2129 802 2156 πεπόνθασιν
819 2129 871 2156 ὑπὸ
884 2128 938 2155 τῶν

149 2178 311 2214 διαῦολῶνῆ
328 2178 382 2204 τῶν
409 2177 558 2212 πολεμίων.
582 2177 638 2204 Καὶ
656 2176 748 2203 πολλοὶ
774 2175 825 2210 ⁴ἠδη
851 2174 940 2209 μείζω

140 2212 294 2283 ἰὴδίκηνται
306 2212 363 2251 ηὐπὸ
384 2224 434 2257 τῆς
453 2224 508 2250 τῶν
523 2223 600 2250 ὤτων
622 2221 805 2256 ἁσθενείας,ἢ
822 2221 875 2247 ὑπὸ
890 2221 939 2256 τῆς

151 2271 204 2283 ..λ-,η
225 2270 328 2283 ι.,ο-η..
343 2269 488 2283 λ-,ξμμΧΞ-

149 2271 204 2298 τῶν
224 2270 328 2306 ἐχθρῶν
343 2269 498 2304 ἐπιϐουλῆς.

139 2290 148 2347 ί
228 2290 455 2351 Ιέαέιουργότερον
466 2290 544 2342 ίιὺδὲν
558 2316 683 2351 διαϐολῆς
697 2317 755 2342 ἐστί
769 2325 831 2347 που,

223 2363 320 2397 Λάορα
336 2363 390 2397 γὰρ
404 2363 571 2397 ἀπατήσασα.
589 2362 635 2389 τὸν
656 2363 849 2396 πεπεισμένον,

220 2409 305 2440 Mica;
321 2409 486 2436 ἀναπλάττει
501 2409 570 2444 πρὸς
581 2409 627 2435 τον
638 2409 714 2435 οὐδὲν
728 2409 825 2436 αἴτιον.

193 2455 222 2482 ὐ
249 2456 386 2484 διαόαλὼν
406 2455 482 2490 φίλον
503 2456 542 2491 μὴ
559 2455 749 2491 εὐδοχιμείτω,
773 2454 825 2481 κᾶν
848 2454 939 2489 ἀληθῇ

150 2503 227 2538 λέγῃ.

191 2549 319 2580 Εἰπόντος
337 2549 409 2584 αὐτῷ
425 2558 509 2583 τινος,
528 2549 558 2576 '0
575 2549 652 2584 φίλος
666 2557 697 2575 σε
710 2548 797 2582 λάθρα
814 2548 940 2581 λοιδορεῖ,

153 2592 234 2622 εἶπεε
260 2595 306 2630 Μὴ
331 2595 427 2630 ἔλεγχε
453 2595 546 2628 αὑτὸν,
562 2595 625 2622 ἐπεὶ
651 2593 778 2629 φανερῶς
799 2593 864 2620 αὐτὸ
883 2593 941 2627 ἔχει

152 2649 253 2668 ποιειν.
667 2669 669 2672 π

193 2686 222 2713 '0
249 2686 298 2721 μὲν
319 2687 423 2721 ἀγαθὸς
448 2687 568 2722 δρομεὺς
593 2688 643 2721 τῆς
673 2686 833 2721 ὕσπληγγος
861 2686 942 2716 εὺθῦς

153 2731 375 2766 καταπεσούσης,
391 2733 473 2766 μόνου
486 2732 532 2758 τοῦ
548 2732 642 2767 πρόσω
653 2732 809 2766 ἐφιέμενος,
828 2733 876 2758 καὶ
892 2732 942 2765 τὴν

151 2778 272 2805 διάνοιαν
289 2779 436 2809 ἀποτείνας
461 2778 529 2813 πρὸς
557 2779 587 2804 τὸ
613 2779 715 2812 τέρμα,
732 2779 779 2804 καὶ
806 2778 868 2804 ποσὶ
894 2777 942 2813 τὴν

153 2823 250 2850 ἐλπίδα
266 2825 314 2859 τῆς
340 2824 418 2859 νίκης
441 2825 522 2859 ἔχων,
534 2824 573 2858 τῷ
589 2825 703 2859 πλησίον
719 2824 796 2851 οὐδὲν
821 2833 943 2859 κακουρ-

153 2871 208 2905 γεῖ,
223 2869 282 2898 οὐδέ
297 2879 322 2896 τι
335 2869 430 2896 τούτου
449 2870 519 2897 κατὰ
533 2869 596 2902 τοὺς
610 2871 765 2904 ἀγωνιστὰς
783 2870 942 2904 πολυπραγ-

154 2915 232 2952 μονεῖ
243 2925 249 2931 ·
262 2917 276 2942 ό
287 2915 315 2942 δὲ
326 2915 412 2946 κακὸς
421 2916 524 2947 ἐκεῖνος
535 2915 582 2942 καὶ
597 2915 712 2948 ἄναθλος
723 2916 941 2952 ἀνταγωνιστὴς,

153 2963 289 2997 ἀπογνοὺς
303 2962 352 2998 τὴν
361 2963 446 2990 ἐκτοῦ
462 2963 560 2997 τάχους
576 2962 684 2997 ἐλπίδα,
703 2963 749 2990 ἐπὶ
765 2962 813 2998 τὴν
829 2971 939 2996 mni:-

972 350 1069 370 versus
1080 342 1233 376 proximum
1254 342 1350 376 nugari
1367 350 1421 370 non
1438 341 1600 375 impediens.

1010 388 1101 416 Pltotii
1117 387 1288 423 puriore/«az.
1309 387 1360 421 Qui
1379 387 1459 415 facile
1483 388 1587 415 alienas
1609 387 1764 416 calumnias

972 435 1103 467 admittit,
1118 442 1151 462 ne
1166 434 1224 469 ipse
1241 434 1355 469 quidem
1370 433 1507 462 similibus
1537 433 1616 461 factis
1632 433 1762 470 abstinet.

973 480 1041 507 Nam
1072 481 1130 515 ipsa
1158 479 1383 507 calumniantium
1429 479 1562 507 admissio
1591 479 1763 507 innocentem

973 533 1083 561 quoque
1099 525 1145 560 qui
1175 524 1295 552 admittit
1325 525 1351 552 in
1373 525 1534 553 societatem
1557 524 1703 552 detrahere
1719 531 1765 552 so-

975 573 1021 601 let.

1013 619 1161 647 Plutarchi.
1179 619 1284 655 Lingua
1299 619 1458 655 blasphema
1487 619 1565 647 make
1579 618 1678 646 mentis
1693 616 1765 645 indi-

975 667 1047 693 cium
1064 671 1116 693 est.
1150 660 1153 663 λ

1009 712 1244 746 Quemadmodum
1262 711 1390 747 Esopiea
1412 712 1458 740 illa
1474 711 1575 747 gallina
1598 718 1661 738 eum
1677 716 1766 745 aegro.-

977 763 1058 790 larct,
1084 758 1117 786 ad
1144 758 1224 786 {clem
1255 758 1469 794 interrogantem
1498 762 1558 786 eam
1576 763 1706 793 tanquam
1731 765 1766 785 ex

975 803 1176 837 benevolentia,
1192 804 1329 837 quomodo
1355 803 1466 836 valeret,
1486 805 1580 836 ﬂecte,
1595 803 1676 838 digit,
1694 803 1716 830 si
1738 807 1766 830 tu

977 850 1119 878 discedas:
1136 850 1176 877 sic
1190 849 1223 877 ad
1236 849 1372 884 ejusmodi
1383 849 1534 882 hominem,
1550 849 1597 885 qui
1616 856 1698 884 super
1710 848 1768 876 dis-

973 897 1105 932 sensione
1118 903 1274 924 sermonem
1286 900 1388 927 movet,
1402 900 1429 923 et
1444 896 1604 930 interrogat.
1620 901 1647 923 et
1663 899 1766 923 secreta
1810 928 1813 930 _

978 943 1068 977 aliQua
1098 942 1218 974 sullodit,
1237 941 1383 970 dicendum
1401 947 1460 969 est:
1480 942 1563 977 Atqui
1581 941 1647 968 nihil
1674 948 1723 975 ego
1739 940 1767 967 in

943 991 965 1019 Β
980 988 1064 1016 fratre
1084 988 1222 1021 desidero,
1239 988 1262 1016 si
1279 995 1329 1016 nec
1350 989 1408 1024 ipsc
1424 988 1621 1016 calumniantes
1646 987 1768 1018 audiam,

980 1043 1032 1064 nec
1053 1036 1109 1062 illc.
1754 1058 1758 1063 λ

1019 1081 1152 1119 Socratis.
1172 1080 1329 1116 Loquacem
1341 1085 1366 1107 et
1382 1079 1609 1108 calumniatorem
1628 1086 1661 1106 ne
1673 1077 1770 1105 admit-

981 1131 1022 1155 tas
1035 1136 1041 1154 :
1053 1134 1108 1154 non
1124 1127 1196 1154 enim
1209 1133 1240 1154 ex
1261 1125 1451 1153 benevolentia
1463 1125 1488 1152 id
1503 1124 1580 1157 facit,
1594 1126 1644 1152 sed
1660 1128 1688 1152 ut
1704 1123 1771 1151 alio-

981 1181 1041 1201 rum
1057 1179 1156 1200 arcana
1173 1173 1220 1199 tibi
1245 1171 1357 1205 detexit,
1389 1171 1514 1198 similiter
1543 1170 1624 1197 etiam
1652 1177 1712 1205 quae
1743 1174 1771 1196 tu

981 1220 1082 1248 dixeris
1097 1223 1212 1253 exportet
1227 1218 1300 1245 aliis.

1022 1266 1196 1293 Moschionis.
1205 1267 1227 1292 Α
1237 1264 1330 1292 multis
1341 1263 1421 1290 malis
1435 1263 1554 1295 traduci,
1568 1269 1657 1296 neque
1666 1263 1772 1292 verum,

983 1321 1071 1349 neque
1085 1313 1249 1340 damnosum
1264 1315 1323 1338 est:
1340 1310 1375 1338 ah
1400 1316 1456 1336 uno
1472 1313 1563 1336 autem
1591 1308 1663 1335 bono
1681 1313 1773 1342 repre-

983 1359 1076 1390 hendi,
1090 1363 1117 1386 et
1138 1364 1234 1385 verum
1253 1361 1280 1384 et
1298 1356 1366 1383 utile
1379 1359 1433 1383 est.
1728 1374 1730 1376 .
1746 1378 1749 1382 ,

1019 1406 1166 1433 Demonaa.
1183 1394 1251 1431 Cum
1278 1402 1402 1438 sophista
1418 1401 1530 1436 quidam
1546 1400 1773 1434 culparctoeum,

983 1458 1007 1479 ct
1023 1451 1127 1479 diceret
1147 1459 1154 1477 :
1172 1449 1228 1476 Cur
1252 1448 1317 1475 mihi
1338 1446 1497 1474 maledicis?
1521 1445 1681 1480 respondit:
1698 1443 1774 1478 Quo-

984 1498 1056 1525 niam
1068 1501 1102 1524 ‘tu
1113 1495 1321 1524 maledicentem
1339 1501 1394 1521 non
1415 1493 1580 1520 contemnis.

1019 1544 1087 1571 Cum
1114 1542 1256 1577 Pelopides
1283 1546 1414 1569 strenuus
1437 1539 1515 1567 miles
1541 1539 1612 1573 apud
1641 1537 1774 1564 Demona-

984 1597 1055 1619 ctem
1071 1590 1212 1617 traducrus
1224 1592 1308 1621 esset,
1324 1592 1355 1616 ut
1370 1587 1416 1622 qui
1433 1586 1557 1614 convicia
1575 1585 1603 1612 in
1619 1591 1682 1611 eum
1700 1583 1774 1611 dice-

986 1642 1045 1666 ret:
1062 1637 1129 1672 Ego,
1145 1635 1255 1675 inquit,
1270 1641 1352 1669 opera
1378 1633 1438 1669 ejus
1462 1631 1592 1667 respicio,
1605 1635 1773 1662 sermonem

986 1692 1051 1712 vero
1066 1691 1121 1711 non
1141 1681 1243 1710 audivi.

986 1773 1059 1801 Nihil
1071 1771 1194 1803 suavius,
1216 1777 1305 1805 neque
1329 1769 1416 1804 magis
1431 1769 1567 1797 musicum

987 1818 1044 1851 Est,
1063 1825 1143 1852 quam
1157 1817 1280 1846 convicia
1293 1816 1364 1844 ferre
1383 1823 1474 1851 posse.

987 1864 1055 1891 Nam
1073 1863 1206 1896 convicia,
1219 1863 1242 1891 si
1255 1863 1278 1890 is
1297 1866 1392 1890 contra
1407 1869 1488 1897 quem
1504 1862 1634 1889 dicuntur

989 1909 1157 1942 Dissimulet,
1172 1909 1199 1936 in
1218 1909 1260 1937 sui
1279 1913 1418 1937 auctorem
1430 1907 1569 1936 recidunt.

1505 1953 1705 1987 (ΡΙιὶιθηιοηίι.)

989 2001 1119 2038 Quisquis
1134 2001 1226 2028 statim
1243 2000 1323 2028 [idem
1338 2000 1422 2027 habet
1437 1999 1596 2031 calumniis.

989 2044 1042 2072 Ant
1056 2045 1178 2071 morihus
1195 2044 1328 2078 improbis
1346 2044 1477 2078 praeditus
1492 2047 1544 2075 est,

989 2089 1192 2123 Autingenium
1212 2097 1327 2123 prorsus
1343 2089 1426 2116 habet
1445 2089 1559 2123 puerile.
1605 2087 1779 2123 (Menandri)

1028 2134 1146 2169 Rhegini.
1161 2135 1301 2168 .‘llultijam
1322 2134 1473 2167 majoribus
1493 2133 1576 2161 malis
1594 2133 1686 2160 allecti
1715 2137 1779 2160 sunt

992 2188 1038 2215 per
1053 2181 1206 2207 calumnias
1233 2188 1313 2215 quam
1335 2180 1438 2207 hostes.
1456 2179 1490 2207 Et
1511 2179 1587 2206 multi
1610 2179 1665 2213 jam
1693 2177 1780 2213 magis

992 2228 1047 2255 laesi
1062 2233 1124 2255 sunt
1139 2227 1175 2254 ob
1197 2228 1305 2254 aurium
1332 2227 1531 2258 inﬁrmitatem,
1548 2233 1630 2261 quam
1657 2225 1778 2253 hostium

992 2273 1118 2300 insidias.

953 2336 978 2366 ο
990 2319 1065 2347 Nihil
1082 2327 1196 2355 usquam
1216 2319 1362 2353 malignius
1374 2323 1416 2346 est
1429 2317 1580 2345 calumnia.

992 2367 1055 2393 Haec
1066 2366 1138 2393 enim
1151 2366 1196 2393 ubi
1212 2366 1281 2392 clam
1291 2365 1410 2399 aliquem
1423 2372 1437 2391 a
1449 2371 1477 2392 se
1489 2369 1650 2398 persuasum
1664 2361 1782 2396 decepit,

990 2411 1090 2439 Odium
1099 2411 1336 2439 cxcitatadvcrsus
1344 2419 1405 2439 cum
1415 2410 1460 2445 qui
1470 2409 1538 2437 nihil
1546 2414 1588 2438 est
1596 2407 1783 2436 commeritus.

1030 2458 1114 2486 Scxli.
1135 2458 1184 2491 Qui
1199 2457 1386 2485 calumniatur
1414 2456 1545 2488 amicum,
1576 2463 1628 2483 non
1645 2454 1784 2486 laudetur,

993 2503 1055 2531 licet
1072 2513 1134 2531 vera
1155 2504 1265 2531 dixerit.

1029 2551 1178 2585 Chrysippi.
1197 2550 1264 2577 Cum
1278 2549 1388 2585 quidam
1402 2550 1426 2576 ei
1437 2548 1570 2577 dixisset:
1589 2548 1702 2575 Amicus
1713 2547 1783 2574 clam

995 2602 1019 2624 te
1035 2597 1164 2630 traducit,
1183 2596 1338 2631 respondit:
1353 2596 1392 2623 Ne
1405 2594 1589 2630 reprehendas
1610 2601 1688 2627 eum;
1721 2593 1786 2621 licet

994 2643 1066 2670 enim
1086 2643 1136 2669 hoc
1154 2643 1191 2669 illi
1203 2642 1284 2669 etiam
1301 2643 1389 2677 palam
1405 2642 1503 2670 facere.

1031 2688 1154 2716 Luciuni.
1171 2688 1263 2716 Bonus
1279 2688 1388 2723 quidem
1414 2695 1522 2719 cursor,
1539 2691 1569 2714 ut
1591 2686 1709 2721 primunt
1722 2692 1785 2711 cur-

995 2734 1071 2761 rendi
1087 2734 1195 2768 signum
1207 2734 1300 2761 datum
1316 2739 1367 2766 est,
1384 2733 1451 2761 nihil
1463 2739 1545 2768 quam
1560 2738 1671 2766 pergere
1681 2729 1785 2756 deside-

996 2787 1070 2810 rans,
1088 2785 1115 2806 ct
1131 2780 1253 2806 animum
1272 2779 1305 2806 ad
1321 2784 1419 2807 metam
1432 2782 1605 2808 convertens,
1622 2779 1649 2802 ct
1664 2775 1691 2801 in
1708 2773 1784 2808 pedi-

996 2826 1045 2852 bus
1062 2825 1182 2852 victoriae
1194 2833 1269 2860 spem
1288 2825 1436 2856 collocaris,
1455 2823 1523 2850 nihil
1546 2822 1607 2848 mali
1631 2820 1743 2847 molitur
1757 2819 1783 2846 in

995 2874 1161 2906 proximum.
1175 2880 1264 2908 neque
1285 2872 1434 2907 quidquam
1450 2871 1484 2897 de
1500 2869 1559 2903 ipso
1574 2867 1627 2901 97
1645 2871 1722 2892 curat
1741 2866 1783 2892 in-

995 2923 1035 2944 ter
1053 2922 1220 2948 certatores;
1234 2917 1321 2945 nmlus
1337 2923 1400 2943 vero
1417 2919 1443 2942 et
1460 2914 1574 2948 ignavus
1597 2911 1781 2944 anlagonista,

996 2964 1028 2991 de
1040 2964 1177 2991 celeritate
1192 2971 1241 2991 sua
1251 2964 1408 2997 desperans,
1422 2961 1456 2987 ad
1469 2958 1554 2987 mulas
1568 2962 1639 2984 artes
1652 2956 1782 2993 sc'vcrtit,
