1959 3130
189 181 241 212 947

828 182 989 213 ΛΝΤΟΝΠ
1007 183 1180 214 ΜΕΙᾸΒΞΕ

1773 182 1829 215 948

190 246 218 267 ct
238 241 291 268 hoc
305 247 389 268 unum
420 245 476 274 pro:
491 238 621 266 omnibus
641 241 758 273 spectat,
777 242 808 266 ut
824 243 981 266 currentem

1054 240 1112 268 μίαν
1126 239 1269 276 τρέπεται,
1283 237 1423 266 καὶτοῦτο
1436 238 1518 274 μόνον
1531 239 1562 271 ιξ
1575 239 1697 271 ἅπαντος
1714 242 1827 272 σκοπεῖ,

191 287 288 322 quovis
304 285 385 314 modo
408 284 527 312 retardet
541 292 573 312 ac
598 283 739 319 impediat,
755 289 785 312 ut
811 286 858 320 qui
874 285 981 313 vincere

191 336 318 368 nequeat,
335 332 359 360 si
378 330 430 359 hoc
441 331 575 358 omiserit.

228 418 349 458 Dionysii
375 423 453 457 regis.
484 422 630 457 Dionysius
663 429 709 449 rex
741 429 802 449 cum
833 421 983 450 audivisset

191 469 262 497 duos
279 469 471 497 adolescentes
494 467 582 495 multa
607 467 808 496 contumeliosa
824 467 857 496 de
883 467 943 503 ipso
955 473 983 495 et

192 516 336 552 tyrannide
369 515 443 543 inter
469 516 686 551 compotandum
712 514 826 549 dixisse,
851 520 983 551 utrosque

191 563 300 590 vocavit
315 562 350 590 ad
367 568 489 590 ccenam.
507 561 578 589 Cum
593 561 699 589 videret
712 565 803 589 autem
820 561 936 589 alterum
951 568 982 589 ex

192 608 352 638 temulenlia
379 607 549 643 petulantem
568 611 596 635 et
622 606 707 635 multa
731 611 878 642 nugantem
891 626 900 640 ,
917 607 984 635 alte-

193 662 253 682 rum
266 662 331 683 vero
346 653 468 682 modeste
478 657 506 681 et
517 656 596 681 caute
615 652 753 680 bibentem
764 670 774 683 ,
792 652 870 679 illum
893 657 924 679 ut
934 660 983 680 na-

191 701 254 725 tura
269 697 409 725 ebriosum
427 701 454 725 et
469 696 599 724 stolidum
616 695 733 729 dimisit.
760 696 835 724 hunc
860 703 926 724 vero
941 698 983 725 in-

192 742 303 770 terfecit
318 729 448 778 tanquam
465 749 498 770 ex
512 739 596 770 animi
611 741 752 777 proposito
776 741 940 770 malevolum
957 747 985 771 et

193 787 346 818 inimicum.

231 835 388 865 Alexandri.
402 837 556 867 Alexander
569 847 632 868 cum
653 839 796 875 epistolam
816 843 912 865 contra
929 843 984 864 me-

1032 286 1108 318 ὄπως
1121 286 1167 313 τὸν
1181 287 1314 322 τρέχοντα
1328 285 1462 321 ἐπισχὼν,
1473 285 1491 321 ἢ
1507 285 1657 320 ἐμποδίσας
1673 286 1828 322 ὲπιστομῇ,

1032 331 1083 364 ὼς,
1100 332 1125 358 εἰ
1137 331 1235 358 τούτου
1254 331 1412 366 διαμάρτοι,
1423 332 1474 359 οὐκ
1489 331 1523 358 ἄν
1538 339 1602 358 ποτε
1619 331 1729 366 νικῆσαι
1744 333 1830 360 δυνά-

1034 386 1126 412 μενος.

1070 422 1211 456 Διονύσιος
1238 424 1252 450 ὁ
1279 423 1407 459 βασιλεὺς
1444 424 1565 457 ἀκούσας
1592 424 1640 452 δύο
1665 425 1831 458 νεανίσκους

1035 468 1123 496 πολλὰ
1141 469 1293 506 βλάσφημα
1309 471 1375 506 περὶ
1390 470 1474 497 αὐτοῦ
1487 471 1598 504 καὶτῆς
1616 471 1774 506 τυραννίδος
1789 472 1831 498 εί·

1035 515 1152 550 ρηκένσι
1170 517 1248 552 παρὰ
1264 516 1357 548 πότον,
1370 516 1546 552 ἀμφοτέρους
1561 516 1677 544 ἐκάλεσε
1693 517 1758 552 περὶ⁵
1774 517 1831 544 διϊ-

1035 566 1118 588 πνον·
1135 561 1210 597 ὀρῶν
1232 561 1261 589 δὶ
1280 562 1328 589 τδν
1351 562 1403 597 μὴν
1427 562 1613 598 παροινοῦντα
1627 563 1675 590 καὶ
1690 562 1831 598 ληροῦντα

1035 607 1133 641 πολλὰ,
1153 607 1200 634 τὸν
1214 607 1245 634 δὶ
1263 607 1386 643 κοσμίως
1411 608 1472 642 μετ’
1483 608 1628 640 εὐλαϐείας
1642 610 1703 640 ταῖς
1730 609 1830 636 πόσεσι

1035 653 1190 689 χρώμενον,
1209 654 1316 681 ἐκεῖνον
1342 653 1393 689 μιν
1408 654 1546 681 ἁπίλυσεν
1568 654 1607 686 ὥς
1629 655 1710 689 φύσει
1727 663 1831 689 παροι-

1036 700 1168 735 νήσαντα,
1182 699 1278 727 τοῦτον
1291 699 1320 726 δὶ
1333 699 1439 727 ἀνεῖλεν
1451 700 1490 731 ὡς
1506 699 1621 727 δύσνουν
1632 699 1682 727 καὶ
1696 700 1831 735 πολέμιον

1035 745 1068 772 ὲκ
1084 746 1284 781 προαιρέσεως.

1078 835 1253 871 Ἀλέξανδρος
1268 837 1417 872 επιστολὴν
1432 836 1503 863 κατὰ
1531 836 1580 863 τοῦ
1599 835 1695 871 ίατροῦ
1711 836 1833 871 δεξάμε-

140 902 144 907 .
195 882 286 910 dicum
301 890 381 911 suum
404 885 564 920 accepisset,
589 890 684 920 utpote
700 883 875 912 insidiantem
899 882 935 915 ei,
958 887 981 910 el

1054 891 1091 914 ος.
1103 882 1141 914 ὡς
1149 882 1384 915 ἐπιϐουλεύοντος,
1392 882 1503 910 ἐπειδὰν
1512 882 1607 918 ἔτυχεν
1619 882 1647 909 ιν
1658 883 1732 917 αὐτῷ
1740 883 1834 918 καιρῷ

194 929 251 963 jam
269 930 376 958 essetin
388 931 446 964 ipso
461 915 585 966 tempore
600 915 712 958 bibendi
728 930 838 961 veneni,
848 930 914 957 adeo
929 936 981 956 non

1054 928 1184 963 dpme
1208 928 1279 955 ὥστε
1307 930 1392 961 πιιῖν,
1407 927 1537 956 τοσοῦτον
1554 929 1658 964 ἀπέσχε
1681 928 1833 955 πιστεῦσαι

195 975 312 1003 credidit
327 975 492 1010 traducenti,
513 980 543 1003 ut
558 975 640 1004 simul
663 981 691 1004 et
705 975 849 1011 epistolam
875 974 983 1010 legerit,

195 1024 223 1048 et
235 1028 370 1048 venenum
390 1021 523 1050 hauserit.

229 1066 360 1095 Eumdem
373 1067 470 1096 dicunt
481 1075 544 1096 cum
561 1067 706 1096 familiaris
730 1067 842 1103 quidam
860 1066 985 1093 traduce-

194 1118 236 1141 ret
248 1114 320 1149 apud
335 1120 410 1147 eum,
434 1115 548 1144 alteram
572 1122 670 1143 aurem
691 1114 861 1142 obstruxisse
889 1119 984 1144 manu,

194 1157 298 1186 scilicet
313 1163 342 1186 ut
354 1157 428 1186 illam
444 1167 541 1195 puram
557 1159 665 1188 absenti
689 1159 867 1194 relinqueret.

227 1243 376 1273 Cleobulus
406 1245 481 1273 illam
507 1245 648 1273 civitatem
674 1244 794 1273 maxime
817 1244 888 1277 dixit
916 1245 985 1273 bene

194 1291 376 1326 compositam
404 1298 477 1324 esse,
497 1291 544 1320 ubi
575 1290 716 1319 infamiam
733 1291 821 1326 magis
838 1298 919 1326 quam
946 1291 985 1318 le-

194 1344 254 1373 gem
268 1338 343 1366 cives
356 1342 491 1366 metuant.

229 1381 424 1412 Conviciorum
437 1385 618 1420 reprehensio
645 1392 698 1413 non
729 1385 838 1420 attingit
864 1383 925 1411 illos
937 1384 984 1419 qui

195 1428 344 1456 secundum
360 1428 490 1458 virtutem
507 1430 613 1458 vivunt.

231 1473 371 1509 Diogenes.
383 1473 451 1502 Cum
467 1483 482 1501 a
494 1476 572 1503 calvo
589 1476 708 1511 quodam
725 1475 851 1504 convicio
865 1476 986 1504 allicere-

195 1524 258 1547 tur:
274 1519 334 1548 Tibi
351 1520 558 1555 contumeliam,
573 1522 672 1557 inquit,
683 1529 737 1549 non
752 1521 824 1555 dico,
835 1522 883 1550 sed
900 1523 985 1558 capil-

196 1565 236 1593 los
251 1569 314 1594 tuos
331 1565 426 1600 laudo,
439 1567 511 1602 quod
539 1567 639 1595 malam
653 1566 798 1602 ell'ugerint
812 1567 930 1595 calvam.

232 1612 301 1640 Cum
323 1613 446 1648 proditor
468 1613 580 1649 quidam
609 1614 635 1642 ei
662 1613 853 1642 malediceret:
872 1613 985 1642 Gaudeo

197 1657 310 1693 (inquit)
341 1665 385 1685 me
411 1659 515 1686 factum
545 1659 690 1687 inimicum
715 1663 886 1687 tuum:non
912 1659 986 1687 enim

197 1703 327 1737 inimicis,
344 1704 392 1732 sed
403 1704 500 1734 amicis
515 1703 587 1732 male
603 1704 684 1733 facis.

235 1750 375 1785 Αγὶιιίμρί.
389 1750 544 1786 Aristippus
567 1758 630 1779 cum
647 1751 816 1779 contumelia
830 1759 846 1779 a
868 1752 986 1787 quodam

196 1795 361 1828 adiceretur.
373 1796 533 1824 secedebat:
546 1796 685 1824 maledico
695 1801 786 1825 autem
796 1801 986 1833 persequente,

197 1850 230 1870 ac
242 1842 361 1875 dicente.
376 1840 480 1878 Fugisl
493 1841 594 1876 Etiam,
610 1843 716 1878 inquit:
734 1850 798 1871 nam
812 1848 841 1871 tu
861 1844 933 1871 male
947 1843 988 1872 di-

197 1890 275 1917 cendi
290 1893 452 1924 potestatem
468 1889 564 1922 habes,
576 1897 626 1925 ego
642 1897 706 1917 vero
721 1896 776 1917 non
792 1889 933 1917 audiendi.

232 1935 369 1963 Demosth.
381 1935 580 1964 Demosthenes
591 1943 654 1964 cum
666 1935 777 1971 quidam
793 1936 818 1963 ei
830 1936 985 1964 convicium

197 1982 316 2010 laceret:
332 1981 392 2010 Non
407 1981 555 2015 descendo,
575 1982 673 2017 inquit,
690 1981 716 2008 in
726 1986 877 2014 certamen,
894 1981 987 2017 inquo

197 2027 288 2056 victus
308 2027 412 2055 victore
426 2028 552 2063 superior
565 2032 617 2055 est.

374 2072 492 2101 SERMO
510 2073 567 2101 LlV
585 2074 634 2110 [aL
651 2073 808 2110 LXXXIV].

502 2118 540 2145 De
552 2120 690 2146 memoria.

232 2164 298 2192 Luc.
315 2173 382 2193 χχιι.
406 2164 463 2192 lloc
479 2169 521 2193 est
538 2173 639 2200 corpus
654 2173 757 2198 meum,
771 2166 845 2201 quod
872 2173 923 2201 pro
937 2173 987 2192 v0-

197 2211 241 2240 bis
255 2212 382 2240 traditur.
398 2211 455 2239 Hoc
464 2212 546 2239 facile
559 2212 586 2238 in
601 2213 653 2240 mei
669 2212 840 2240 memoriam.

1035 973 1074 1008 τῷ
1088 973 1267 1007 διαϐάλλοντι,
1284 975 1356 1001 ὥστε
1380 974 1449 1010 ὁμοῦ
1471 983 1503 1002 τε
1523 975 1670 1010 επιστολὴν
1696 975 1834 1009 ἀνεγίνω-

1036 1026 1098 1050 σκε,
1111 1018 1159 1045 καὶ
1173 1018 1204 1045 τδ
1219 1018 1368 1055 φάρμακον
1379 1019 1484 1047 Inv".

1071 1063 1125 1091 Τδν
1146 1063 1229 1092 αὐτόν
1248 1073 1316 1099 φασι
1332 1065 1546 1100 διαϐαλλομένου
1568 1065 1641 1097 τινὸς
1663 1065 1719 1092 τῠν
1744 1066 1835 1100 συνή-

1036 1109 1102 1143 θων,
1118 1110 1168 1146 τὴν
1186 1110 1237 1146 μιν
1247 1111 1348 1146 ἑτέραν
1368 1111 1424 1138 τῶν
1438 1111 1531 1139 ἀκοῶν
1549 1111 1691 1147 huch
1707 1111 1834 1146 ἐπιτρρά-

1038 1155 1136 1187 ξασθαι
1149 1157 1182 1191 τῇ
1199 1156 1283 1191 χειρὶ,
1301 1157 1437 1191 ἀκεραίαν
1460 1156 1584 1192 δηλονότι
1607 1156 1712 1192 ταύτην
1727 1157 1834 1184 διασώ-

1036 1201 1118 1234 ζονται
1133 1203 1172 1237 τῷ
1189 1203 1227 1238 μὴ
1242 1202 1367 1238 παρόντι.

1071 1247 1242 1280 Κλεόϐουλος
1269 1248 1389 1283 μάλιστα
1423 1250 1574 1284 σωφρονεῖν
1600 1248 1665 1284 ἔφη,
1686 1249 1758 1275 ὅπου
1782 1248 1833 1275 τδν

1035 1293 1120 1328 ψόγον
1146 1294 1248 1328 μᾶλλον
1264 1294 1289 1321 oi
1304 1295 1511 1330 πολιτευόμενοι
1525 1294 1688 1327 δεδοίκασιν,
1700 1295 1717 1330 ἢ
1729 1295 1777 1321 τιν
1788 1295 1833 1321 νό-

1038 1347 1100 1374 μον.

1073 1384 1134 1411 Τῶν
1149 1385 1209 1412 κατ’
1225 1385 1329 1420 ἀρετὴν
1343 1385 1454 1418 ζώντων
1467 1387 1482 1414 ὁ
1503 1386 1553 1420 τῆς
1575 1385 1713 1421 λοιδορίας
1732 1385 1830 1420 pingo;

1036 1430 1085 1465 οὐχ
1096 1429 1223 1458 ἅπτεται.

1072 1477 1286 1513 Λοιδορούμιινος
1300 1478 1356 1504 ὑπό
1380 1487 1453 1510 τινος
1473 1478 1627 1519 φαλακροῦ,
1642 1479 1695 1513 ἔφη
1706 1486 1713 1494 ·
1728 1478 1764 1505 Σὲ
1779 1478 1831 1512 μὲν

1036 1523 1086 1559 οὐχ
1103 1523 1220 1558 ὑϐρίζω,
1233 1523 1284 1555 τὰς
1303 1523 1332 1550 δὲ
1359 1523 1456 1559 τρίχας
1481 1532 1529 1551 σου
1552 1524 1669 1557 ἐπαινῶ,
1684 1524 1727 1550 ὃτι
1741 1524 1831 1550 κακὴν

1000 1581 1022 1610 ο
1037 1569 1173 1604 ἐξέφυγον
1186 1571 1309 1605 κρανίον.

1074 1616 1210 1651 Προδότου
1231 1617 1260 1644 δέ
1283 1625 1358 1649 τινος
1381 1617 1477 1648 κακῶς
1501 1617 1585 1644 αὑτὸν
1606 1617 1732 1651 λέγοντος
1755 1617 1830 1652 ἔφη·

1037 1658 1132 1692 Χαίρω
1154 1660 1252 1696 ἐχθρός
1279 1669 1326 1688 σου
1350 1661 1510 1696 γενόμενος.
1524 1661 1561 1688 Σὺ
1578 1660 1634 1696 γὰρ
1648 1661 1680 1688 οὐ
1704 1662 1768 1693 τοὺς
1783 1662 1831 1697 ὲχ-

1038 1703 1132 1740 θροὺς,
1149 1705 1220 1732 ἀλλὰ
1233 1707 1297 1738 τοὺς
1314 1706 1409 1741 φίλους
1427 1706 1521 1738 κακῶς
1537 1707 1636 1738 ποιεῖς.

1080 1749 1264 1785 Ἀρίστιππος
1276 1751 1456 1787 ὑϐριζόμενος
1468 1752 1521 1780 ὑπό
1533 1761 1606 1784 τινος
1617 1752 1752 1787 ἀνεχώρει
1762 1760 1771 1768 ’
1782 1752 1832 1780 τοῦ

1037 1795 1065 1822 δὲ
1080 1796 1281 1831 ἐπιδιώκοντος,
1297 1798 1345 1826 καὶ
1360 1798 1496 1833 λέγοντος,
1509 1797 1644 1832 Φιύγειςς
1661 1797 1730 1831 Ναὶ,
1750 1797 1809 1833 εφη
1822 1806 1831 1814 ο

1037 1841 1085 1868 τοῦ
1102 1842 1154 1877 μὲν
1168 1843 1223 1878 γὰρ
1239 1844 1335 1876 κακῶς
1352 1844 1444 1879 λέγειν
1470 1844 1504 1872 σὺ
1530 1843 1581 1879 τὴν
1602 1843 1730 1876 δεουσίαν
1744 1843 1831 1879 εχεις,

1036 1887 1085 1914 τοῦ
1103 1887 1132 1914 δὲ
1147 1888 1185 1923 μὴ
1202 1888 1316 1916 ἀκούειν
1333 1889 1400 1924 ἐγώ.

1074 1933 1251 1969 Δημοσθένης
1278 1933 1487 1970 λοιδορουμένου
1508 1933 1582 1966 τινὸς
1595 1933 1689 1967 αὑτὸν,
1702 1933 1742 1960 Οὐ
1760 1934 1831 1967 σῦγ-

1038 1979 1205 2010 καταϐαίνω.
1220 1977 1309 2013 εἶπεν,
1321 1980 1361 2012 si;
1374 1979 1480 2014 ἀγῶνα,
1495 1979 1525 2005 ἐν
1538 1975 1561 2012 ᾧ
1580 1979 1596 2006 ό
1612 1978 1767 2014 νικώμενος
1782 1979 1832 2008 τοῦ

1037 2024 1167 2056 νικῶντάς
1179 2025 1238 2052 ἐστι
1256 2025 1401 2062 κρείττων.

1337 2071 1447 2098 ΛΟΓΟΣ
1466 2072 1528 2100 ΝΔ’.

1326 2119 1395 2152 Περὶ
1408 2119 1543 2154 μνήμης-

1073 2164 1159 2191 Τοῦτό
1177 2165 1235 2191 ἔστι
1249 2165 1279 2191 τὺ
1297 2163 1377 2199 σῶμά
1391 2173 1442 2200 μου
1453 2164 1483 2191 τὸ
1497 2164 1568 2199 ὑπὲρ
1581 2164 1660 2200 ἡμῶν
1674 2164 1829 2200 διδόμενον,

1038 2209 1125 2237 Τοῦτο
1141 2210 1243 2236 ποιεῖτε
1256 2209 1297 2241 είς
1314 2209 1365 2244 τὴν
1376 2209 1447 2245 ἐμὴν
1460 2209 1628 2245 ἀνάμνησιν.

231 2259 326 2292 Apou,
351 2257 486 2286 Memores
512 2263 600 2286 estote
615 2257 679 2286 Jesu
702 2258 805 2286 Christi
827 2265 842 2285 a
870 2259 981 2286 mortuis

1075 2256 1269 2291 Μνημονεύετε
1305 2254 1411 2290 Ἰησοῦν
1438 2255 1566 2291 Χριστὸν,
1595 2255 1787 2291 ἐγηγερμένον
1801 2255 1833 2281 ὲκ

197 2304 321 2332 excitati.

235 2349 318 2378 Prov.
337 2359 366 2378 κ.
382 2349 513 2378 Memoria
537 2350 675 2385 justorum
691 2358 751 2378 cum
779 2350 869 2384 laude,
885 2358 985 2378 nomen

198 2400 291 2423 autem
306 2395 454 2431 impiorum
469 2395 666 2431 exstinguitur.

237 2441 322 2469 Eccli.
338 2450 385 2470 ut.
401 2441 430 2469 in
456 2443 586 2471 omnibus
610 2443 740 2478 operibus
767 2443 823 2471 tuis
848 2449 987 2472 memento

197 2487 260 2516 ﬁnis
275 2488 324 2521 tui.
339 2492 366 2516 et
381 2495 436 2515 non
458 2488 596 2523 peccabis.

233 2533 380 2562 S.Ba.rilii.
394 2533 452 2562 Non
469 2534 526 2562 lleri
535 2539 623 2569 potest
633 2540 685 2563 uta
698 2535 773 2570 justa
783 2535 825 2562 via
839 2536 986 2570 declinent,

197 2580 250 2608 nisi
261 2581 309 2616 qui
326 2578 373 2607 Dei
384 2579 550 2608 oblivionem
575 2581 668 2609 animo
684 2581 748 2616 aegri
761 2582 915 2617 patiuntur.

234 2626 362 2653 Memoria
390 2630 432 2653 est
454 2626 558 2661 cogniti
588 2627 758 2661 reservatio,
778 2628 986 2656 reminiscentia

196 2678 286 2700 autem
302 2672 386 2708 elapsi
402 2673 585 2709 recuperatio.

233 2718 369 2755 Tlieologi.
383 2718 431 2746 Dei
443 2719 574 2747 mcmoria
583 2719 670 2754 magis
681 2719 835 2747 necessaria
845 2724 888 2746 est
904 2727 985 2754 quam

197 2766 350 2800 respiratio.

235 2812 319 2838 Deum
344 2812 475 2846 operibus
489 2811 560 2844 coic,
576 2812 668 2839 verbis
684 2811 776 2843 lauda,
794 2815 881 2838 mente
906 2819 986 2838 vene-

198 2864 227 2884 ra
232 2865 270 2884 ΓΘ.

234 2902 385 2933 Clementis.
405 2905 522 2934 Evideus
537 2905 669 2934 memoria
683 2905 778 2933 mortis
789 2903 913 2942 ciborum
937 2912 985 2940 ap-

1040 2312 1157 2339 νεκρων.

1073 2350 1177 2385 Μνήμη
1194 2349 1301 2377 δικαίου
1318 2349 1379 2385 μετ’
1392 2349 1552 2385 ἐγκωμίων,
1565 2349 1652 2385 δνομα
1672 2349 1703 2376 δὲ
1721 2349 1832 2377 ἀσεϐῶν

1038 2396 1193 2423 σϐέννυται.

1079 2443 1125 2470 Ἐν
1141 2444 1210 2470 πᾶσι
1232 2444 1289 2475 τοῖς
1312 2443 1405 2479 ἐργοις
1422 2451 1470 2470 σου
1496 2444 1654 2479 μιμνήσκου
1674 2444 1710 2471 τὰ
1726 2444 1834 2480 ἔσχατά

1039 2497 1097 2522 σου,
1109 2489 1156 2517 καὶ
1172 2490 1220 2525 οὐχ
1233 2490 1414 2526 ἁμαρτήσας.

1079 2537 1231 2571 Ἀμήχανον
1254 2536 1426 2572 ἐκτραπῆναι
1435 2536 1484 2571 τῆς
1499 2536 1606 2569 δικαίας
1636 2536 1698 2564 ὁδοῦ
1715 2537 1756 2572 μὴ
1770 2537 1830 2574 λή-

1037 2583 1089 2618 θην
1103 2582 1172 2610 Θεοῦ
1187 2583 1250 2614 ταῖς
1266 2582 1367 2618 ψυχαῖς
1380 2583 1562 2619 νοσήσαντας.

1071 2627 1174 2663 Μνήμη
1189 2627 1263 2654 ἐστὶν
1278 2628 1295 2662 ἡ
1309 2627 1357 2654 τοῦ
1369 2628 1538 2662 γνωσθέντος
1552 2629 1683 2664 τήρησις,
1703 2628 1830 2665 ἁνάμνη·

1038 2680 1080 2704 σις
1093 2672 1122 2699 δὲ
1138 2672 1154 2707 ἡ
1166 2672 1216 2698 τοῦ
1230 2671 1397 2704 ἀπελθόντος
1414 2672 1563 2707 ἀνάληψις,

1072 2719 1283 2753 Μνημονευτέον
1298 2718 1367 2745 Θεοῦ
1383 2718 1485 2753 μᾶλλον
1501 2719 1518 2754 ἢ
1534 2720 1748 2748 ἀναπνευιτέον.

1076 2810 1126 2837 Τὸν
1142 2810 1210 2836 Θεῇν
1232 2811 1324 2844 ἔργοις
1343 2809 1394 2844 μὲν
1412 2810 1503 2843 σέϐου,
1527 2809 1616 2843 λόγοις
1631 2810 1660 2836 δὲ
1679 2810 1774 2845 ὓμνει,
1790 2812 1834 2838 δν-

1038 2856 1096 2891 νοίᾳ
1109 2855 1137 2882 δὲ
1152 2856 1229 2890 τίμα.

1073 2903 1177 2938 Μνήμη
1205 2902 1322 2929 θανάτου
1353 2903 1470 2938 ἐναργὴς
1504 2901 1651 2937 περιέκοψε
1684 2903 1832 2938 βρώματα·
