  <div class='ocr_page' id='page_1' title='image "/cluster/home/n/w/nwhite01/storage/ocr_20150623/136/njp.32101010942827/511.png"; bbox 0 0 1940 3104; ppageno 0'>
   <div class='ocr_carea' id='block_1_1' title="bbox 217 178 269 212">
    <p class='ocr_par' dir='ltr' id='par_1_1' title="bbox 217 178 269 212">
     <span class='ocr_line' id='line_1_1' title="bbox 217 178 269 212; baseline -0.038 0"><span class='ocrx_word' id='word_1_1' title='bbox 217 178 269 212; x_wconf 75' lang='lat'><strong>959</strong></span> 
     </span>
    </p>
   </div>
   <div class='ocr_carea' id='block_1_2' title="bbox 847 171 1203 205">
    <p class='ocr_par' dir='ltr' id='par_1_2' title="bbox 847 171 1203 205">
     <span class='ocr_line' id='line_1_2' title="bbox 847 171 1203 205; baseline -0.014 0"><span class='ocrx_word' id='word_1_2' title='bbox 847 173 1009 205; x_wconf 82' lang='lat' dir='ltr'><strong>ANTONlI</strong></span> <span class='ocrx_word' id='word_1_3' title='bbox 1029 171 1203 203; x_wconf 72' lang='lat' dir='ltr'><strong>MELISSIE</strong></span> 
     </span>
    </p>
   </div>
   <div class='ocr_carea' id='block_1_3' title="bbox 1790 168 1847 200">
    <p class='ocr_par' dir='ltr' id='par_1_3' title="bbox 1790 168 1847 200">
     <span class='ocr_line' id='line_1_3' title="bbox 1790 168 1847 200; baseline 0 -3"><span class='ocrx_word' id='word_1_4' title='bbox 1790 168 1847 200; x_wconf 77' lang='lat'><strong>960</strong></span> 
     </span>
    </p>
   </div>
   <div class='ocr_carea' id='block_1_4' title="bbox 255 219 1016 266">
    <p class='ocr_par' dir='ltr' id='par_1_4' title="bbox 255 230 999 266">
     <span class='ocr_line' id='line_1_4' title="bbox 255 230 999 266; baseline -0.013 -1"><span class='ocrx_word' id='word_1_5' title='bbox 255 237 283 265; x_wconf 85' lang='lat' dir='ltr'><strong>Si</strong></span> <span class='ocrx_word' id='word_1_6' title='bbox 300 235 391 264; x_wconf 86' lang='lat' dir='ltr'><strong>nullus</strong></span> <span class='ocrx_word' id='word_1_7' title='bbox 412 231 729 266; x_wconf 47' lang='lat' dir='ltr'><strong>morereturjimpunita</strong></span> <span class='ocrx_word' id='word_1_8' title='bbox 750 235 871 257; x_wconf 84' lang='lat' dir='ltr'><strong>maneret</strong></span> <span class='ocrx_word' id='word_1_9' title='bbox 883 230 999 256; x_wconf 82' lang='lat' dir='ltr'><strong>malilia.</strong></span> 
     </span>
    </p>
   </div>
   <div class='ocr_carea' id='block_1_5' title="bbox 1090 219 1844 266">
    <p class='ocr_par' dir='ltr' id='par_1_5' title="bbox 1090 219 1844 262">
     <span class='ocr_line' id='line_1_5' title="bbox 1090 219 1844 262; baseline -0.008 -8"><span class='ocrx_word' id='word_1_10' title='bbox 1090 229 1116 254; x_wconf 82' lang='lat' dir='ltr'><strong>Ei</strong></span> <span class='ocrx_word' id='word_1_11' title='bbox 1133 227 1226 262; x_wconf 79' lang='grc' dir='ltr'>μηδεὶς</span> <span class='ocrx_word' id='word_1_12' title='bbox 1248 226 1431 261; x_wconf 71' lang='grc' dir='ltr'>ἀπέθνησκεν,</span> <span class='ocrx_word' id='word_1_13' title='bbox 1449 223 1624 260; x_wconf 74' lang='grc' dir='ltr'><strong>ἀτιμώρητος</strong></span> <span class='ocrx_word' id='word_1_14' title='bbox 1641 222 1675 249; x_wconf 78' lang='grc' dir='ltr'><strong>ἃν</strong></span> <span class='ocrx_word' id='word_1_15' title='bbox 1690 219 1724 258; x_wconf 84' lang='grc' dir='ltr'>ἦν</span> <span class='ocrx_word' id='word_1_16' title='bbox 1748 223 1766 258; x_wconf 79' lang='grc' dir='ltr'><strong>ὴ</strong></span> <span class='ocrx_word' id='word_1_17' title='bbox 1790 231 1844 251; x_wconf 78' lang='grc' dir='ltr'><strong>κα-</strong></span> 
     </span>
    </p>
   </div>
   <div class='ocr_carea' id='block_1_6' title="bbox 253 321 1003 359">
    <p class='ocr_par' dir='ltr' id='par_1_6' title="bbox 253 321 1003 359">
     <span class='ocr_line' id='line_1_6' title="bbox 253 321 1003 359; baseline -0.011 -6"><span class='ocrx_word' id='word_1_18' title='bbox 253 325 382 354; x_wconf 86' lang='lat' dir='ltr'><strong>Causiani</strong></span> <span class='ocrx_word' id='word_1_19' title='bbox 396 325 490 359; x_wconf 80' lang='lat' dir='ltr'><strong>lugent</strong></span> <span class='ocrx_word' id='word_1_20' title='bbox 514 324 541 350; x_wconf 93' lang='lat' dir='ltr'><strong>iu</strong></span> <span class='ocrx_word' id='word_1_21' title='bbox 567 323 652 350; x_wconf 88' lang='lat' dir='ltr'><strong>lucem</strong></span> <span class='ocrx_word' id='word_1_22' title='bbox 677 322 776 352; x_wconf 84' lang='lat' dir='ltr'><strong>editos,</strong></span> <span class='ocrx_word' id='word_1_23' title='bbox 795 321 939 348; x_wconf 62' lang='lat' dir='ltr'><strong>defunctos</strong></span> <span class='ocrx_word' id='word_1_24' title='bbox 956 328 1003 346; x_wconf 89' lang='lat' dir='ltr'><strong>au-</strong></span> 
     </span>
    </p>
   </div>
   <div class='ocr_carea' id='block_1_7' title="bbox 219 371 561 405">
    <p class='ocr_par' dir='ltr' id='par_1_7' title="bbox 219 371 561 405">
     <span class='ocr_line' id='line_1_7' title="bbox 219 371 561 405; baseline -0.015 -4"><span class='ocrx_word' id='word_1_25' title='bbox 219 379 273 402; x_wconf 82' lang='lat' dir='ltr'><strong>tem</strong></span> <span class='ocrx_word' id='word_1_26' title='bbox 289 373 382 400; x_wconf 80' lang='lat' dir='ltr'><strong>beatos</strong></span> <span class='ocrx_word' id='word_1_27' title='bbox 399 371 561 405; x_wconf 60' lang='lat' dir='ltr'><strong>praedicant.</strong></span> 
     </span>
    </p>
   </div>
   <div class='ocr_carea' id='block_1_8' title="bbox 413 425 810 462">
    <p class='ocr_par' dir='ltr' id='par_1_8' title="bbox 413 425 810 462">
     <span class='ocr_line' id='line_1_8' title="bbox 413 425 810 462; baseline -0.015 -6"><span class='ocrx_word' id='word_1_28' title='bbox 413 428 528 456; x_wconf 74' lang='lat' dir='ltr'><strong>SERMO</strong></span> <span class='ocrx_word' id='word_1_29' title='bbox 547 427 603 454; x_wconf 84' lang='lat' dir='ltr'><strong>LIX</strong></span> <span class='ocrx_word' id='word_1_30' title='bbox 627 426 676 462; x_wconf 85' lang='grc' dir='ltr'>[αι.</span> <span class='ocrx_word' id='word_1_31' title='bbox 690 425 810 460; x_wconf 74' lang='lat' dir='ltr'><strong>LXXX].</strong></span> 
     </span>
    </p>
   </div>
   <div class='ocr_carea' id='block_1_9' title="bbox 413 484 796 520">
    <p class='ocr_par' dir='ltr' id='par_1_9' title="bbox 413 484 796 520">
     <span class='ocr_line' id='line_1_9' title="bbox 413 484 796 520; baseline -0.016 -6"><span class='ocrx_word' id='word_1_32' title='bbox 413 487 451 514; x_wconf 82' lang='lat' dir='ltr'><strong>De</strong></span> <span class='ocrx_word' id='word_1_33' title='bbox 473 484 649 520; x_wconf 75' lang='lat' dir='ltr'><strong>cognoscendo</strong></span> <span class='ocrx_word' id='word_1_34' title='bbox 670 484 796 517; x_wconf 72' lang='lat' dir='ltr'><strong>scipsum.</strong></span> 
     </span>
    </p>
   </div>
   <div class='ocr_carea' id='block_1_10' title="bbox 205 528 1007 566">
    <p class='ocr_par' dir='ltr' id='par_1_10' title="bbox 205 528 1007 566">
     <span class='ocr_line' id='line_1_10' title="bbox 205 528 1007 566; baseline -0.009 -5"><span class='ocrx_word' id='word_1_35' title='bbox 205 533 210 561; x_wconf 83' lang='lat' dir='ltr'><strong>l</strong></span> <span class='ocrx_word' id='word_1_36' title='bbox 256 536 349 564; x_wconf 76' lang='lat' dir='ltr'><strong>Matth.</strong></span> <span class='ocrx_word' id='word_1_37' title='bbox 367 542 413 561; x_wconf 86' lang='lat' dir='ltr'><strong>\‘u.</strong></span> <span class='ocrx_word' id='word_1_38' title='bbox 430 532 501 566; x_wconf 80' lang='lat' dir='ltr'><strong>Quid</strong></span> <span class='ocrx_word' id='word_1_39' title='bbox 520 531 595 558; x_wconf 87' lang='lat' dir='ltr'><strong>vides</strong></span> <span class='ocrx_word' id='word_1_40' title='bbox 616 530 746 557; x_wconf 75' lang='lat' dir='ltr'><strong>festucam</strong></span> <span class='ocrx_word' id='word_1_41' title='bbox 764 530 790 556; x_wconf 92' lang='lat' dir='ltr'><strong>in</strong></span> <span class='ocrx_word' id='word_1_42' title='bbox 817 529 897 556; x_wconf 84' lang='lat' dir='ltr'><strong>oculo</strong></span> <span class='ocrx_word' id='word_1_43' title='bbox 913 528 1007 555; x_wconf 75' lang='lat' dir='ltr'><strong>fratris</strong></span> 
     </span>
    </p>
   </div>
   <div class='ocr_carea' id='block_1_11' title="bbox 221 574 1008 615">
    <p class='ocr_par' dir='ltr' id='par_1_11' title="bbox 221 574 1008 615">
     <span class='ocr_line' id='line_1_11' title="bbox 221 574 1008 615; baseline -0.013 -5"><span class='ocrx_word' id='word_1_44' title='bbox 221 583 273 615; x_wconf 85' lang='lat' dir='ltr'><strong>tui,</strong></span> <span class='ocrx_word' id='word_1_45' title='bbox 293 582 396 608; x_wconf 87' lang='lat' dir='ltr'><strong>trabem</strong></span> <span class='ocrx_word' id='word_1_46' title='bbox 413 585 501 606; x_wconf 85' lang='lat' dir='ltr'><strong>autem</strong></span> <span class='ocrx_word' id='word_1_47' title='bbox 517 579 543 604; x_wconf 89' lang='lat' dir='ltr'><strong>in</strong></span> <span class='ocrx_word' id='word_1_48' title='bbox 561 582 607 603; x_wconf 90' lang='lat' dir='ltr'><strong>tuo</strong></span> <span class='ocrx_word' id='word_1_49' title='bbox 624 576 703 604; x_wconf 91' lang='lat' dir='ltr'><strong>oculo</strong></span> <span class='ocrx_word' id='word_1_50' title='bbox 717 583 770 602; x_wconf 82' lang='lat' dir='ltr'><strong>non</strong></span> <span class='ocrx_word' id='word_1_51' title='bbox 787 574 1008 601; x_wconf 78' lang='lat' dir='ltr'><strong>animadvertis?</strong></span> 
     </span>
    </p>
   </div>
   <div class='ocr_carea' id='block_1_12' title="bbox 260 662 1009 701">
    <p class='ocr_par' dir='ltr' id='par_1_12' title="bbox 260 662 1009 701">
     <span class='ocr_line' id='line_1_12' title="bbox 260 662 1009 701; baseline -0.011 -6"><span class='ocrx_word' id='word_1_52' title='bbox 260 669 335 696; x_wconf 83' lang='lat' dir='ltr'><strong>Rom.</strong></span> <span class='ocrx_word' id='word_1_53' title='bbox 351 677 387 695; x_wconf 83' lang='lat' dir='ltr'><strong>IV.</strong></span> <span class='ocrx_word' id='word_1_54' title='bbox 404 667 445 693; x_wconf 85' lang='lat' dir='ltr'><strong>Tu</strong></span> <span class='ocrx_word' id='word_1_55' title='bbox 470 666 532 701; x_wconf 88' lang='lat' dir='ltr'><strong>quis</strong></span> <span class='ocrx_word' id='word_1_56' title='bbox 551 673 578 692; x_wconf 83' lang='lat' dir='ltr'><strong>cs</strong></span> <span class='ocrx_word' id='word_1_57' title='bbox 597 664 642 698; x_wconf 87' lang='lat' dir='ltr'><strong>qui</strong></span> <span class='ocrx_word' id='word_1_58' title='bbox 664 663 770 698; x_wconf 84' lang='lat' dir='ltr'><strong>judicas</strong></span> <span class='ocrx_word' id='word_1_59' title='bbox 801 662 920 689; x_wconf 88' lang='lat' dir='ltr'><strong>alienum</strong></span> <span class='ocrx_word' id='word_1_60' title='bbox 949 669 1009 688; x_wconf 82' lang='lat' dir='ltr'><strong>scr-</strong></span> 
     </span>
    </p>
   </div>
   <div class='ocr_carea' id='block_1_13' title="bbox 221 706 1009 753">
    <p class='ocr_par' dir='ltr' id='par_1_13' title="bbox 221 706 1009 753">
     <span class='ocr_line' id='line_1_13' title="bbox 221 706 1009 753; baseline -0.01 -12"><span class='ocrx_word' id='word_1_61' title='bbox 221 715 301 741; x_wconf 75' lang='grc' dir='ltr'><strong>γυιυῖ</strong></span> <span class='ocrx_word' id='word_1_62' title='bbox 313 713 424 748; x_wconf 88' lang='lat' dir='ltr'><strong>proprio</strong></span> <span class='ocrx_word' id='word_1_63' title='bbox 445 711 556 738; x_wconf 83' lang='lat' dir='ltr'><strong>domino</strong></span> <span class='ocrx_word' id='word_1_64' title='bbox 572 714 626 753; x_wconf 59' lang='lat' dir='ltr'><strong>sint</strong></span> <span class='ocrx_word' id='word_1_65' title='bbox 637 713 684 735; x_wconf 89' lang='lat' dir='ltr'><strong>aut</strong></span> <span class='ocrx_word' id='word_1_66' title='bbox 695 709 768 734; x_wconf 83' lang='lat' dir='ltr'><strong>cadit</strong></span> <span class='ocrx_word' id='word_1_67' title='bbox 783 716 789 740; x_wconf 85' lang='lat'>;</span> <span class='ocrx_word' id='word_1_68' title='bbox 805 707 859 734; x_wconf 88' lang='lat' dir='ltr'><strong>imo</strong></span> <span class='ocrx_word' id='word_1_69' title='bbox 875 706 1009 734; x_wconf 78' lang='lat' dir='ltr'><strong>fulciclur</strong></span> 
     </span>
    </p>
   </div>
   <div class='ocr_carea' id='block_1_14' title="bbox 225 753 956 792">
    <p class='ocr_par' dir='ltr' id='par_1_14' title="bbox 225 753 956 792">
     <span class='ocr_line' id='line_1_14' title="bbox 225 753 956 792; baseline -0.012 -5"><span class='ocrx_word' id='word_1_70' title='bbox 225 765 255 787; x_wconf 91' lang='lat' dir='ltr'><strong>ut</strong></span> <span class='ocrx_word' id='word_1_71' title='bbox 273 764 343 790; x_wconf 74' lang='lat' dir='ltr'><strong>Stet;</strong></span> <span class='ocrx_word' id='word_1_72' title='bbox 367 764 464 792; x_wconf 60' lang='lat' dir='ltr'><strong>potens</strong></span> <span class='ocrx_word' id='word_1_73' title='bbox 482 757 554 783; x_wconf 89' lang='lat' dir='ltr'><strong>enim</strong></span> <span class='ocrx_word' id='word_1_74' title='bbox 573 760 615 782; x_wconf 80' lang='lat' dir='ltr'><strong>est</strong></span> <span class='ocrx_word' id='word_1_75' title='bbox 629 755 700 781; x_wconf 84' lang='lat' dir='ltr'><strong>Deus</strong></span> <span class='ocrx_word' id='word_1_76' title='bbox 719 753 829 780; x_wconf 80' lang='lat' dir='ltr'><strong>cllicere</strong></span> <span class='ocrx_word' id='word_1_77' title='bbox 846 757 876 779; x_wconf 89' lang='lat' dir='ltr'><strong>ut</strong></span> <span class='ocrx_word' id='word_1_78' title='bbox 891 756 956 779; x_wconf 86' lang='lat' dir='ltr'><strong>stet.</strong></span> 
     </span>
    </p>
   </div>
   <div class='ocr_carea' id='block_1_15' title="bbox 263 798 1010 835">
    <p class='ocr_par' dir='ltr' id='par_1_15' title="bbox 263 798 1010 835">
     <span class='ocr_line' id='line_1_15' title="bbox 263 798 1010 835; baseline -0.009 -3"><span class='ocrx_word' id='word_1_79' title='bbox 263 805 393 832; x_wconf 78' lang='lat' dir='ltr'><strong>Eccle.x1.</strong></span> <span class='ocrx_word' id='word_1_80' title='bbox 408 802 554 829; x_wconf 81' lang='lat' dir='ltr'><strong>Anibulato</strong></span> <span class='ocrx_word' id='word_1_81' title='bbox 569 801 595 827; x_wconf 91' lang='lat' dir='ltr'><strong>in</strong></span> <span class='ocrx_word' id='word_1_82' title='bbox 621 800 672 826; x_wconf 77' lang='lat' dir='ltr'><strong>viis</strong></span> <span class='ocrx_word' id='word_1_83' title='bbox 685 799 778 826; x_wconf 78' lang='lat' dir='ltr'><strong>cordis</strong></span> <span class='ocrx_word' id='word_1_84' title='bbox 791 798 832 835; x_wconf 82' lang='lat' dir='ltr'><strong>tui</strong></span> <span class='ocrx_word' id='word_1_85' title='bbox 844 798 1010 832; x_wconf 82' lang='lat' dir='ltr'><strong>inculpatus,</strong></span> 
     </span>
    </p>
   </div>
   <div class='ocr_carea' id='block_1_16' title="bbox 226 836 1012 883">
    <p class='ocr_par' dir='ltr' id='par_1_16' title="bbox 226 836 1012 883">
     <span class='ocr_line' id='line_1_16' title="bbox 226 836 1012 883; baseline -0.01 -5"><span class='ocrx_word' id='word_1_86' title='bbox 226 857 253 878; x_wconf 91' lang='lat' dir='ltr'><strong>et</strong></span> <span class='ocrx_word' id='word_1_87' title='bbox 271 859 352 878; x_wconf 85' lang='lat' dir='ltr'><strong>nosce</strong></span> <span class='ocrx_word' id='word_1_88' title='bbox 371 850 498 883; x_wconf 79' lang='lat' dir='ltr'><strong>teipsuni.</strong></span> <span class='ocrx_word' id='word_1_89' title='bbox 512 847 579 874; x_wconf 81' lang='lat' dir='ltr'><strong>Nam</strong></span> <span class='ocrx_word' id='word_1_90' title='bbox 595 846 627 873; x_wconf 88' lang='lat' dir='ltr'><strong>de</strong></span> <span class='ocrx_word' id='word_1_91' title='bbox 641 845 770 872; x_wconf 88' lang='lat' dir='ltr'><strong>oumibus</strong></span> <span class='ocrx_word' id='word_1_92' title='bbox 783 844 843 871; x_wconf 81' lang='lat' dir='ltr'><strong>istis</strong></span> <span class='ocrx_word' id='word_1_93' title='bbox 866 844 937 871; x_wconf 84' lang='lat' dir='ltr'><strong>Deus</strong></span> <span class='ocrx_word' id='word_1_94' title='bbox 954 851 969 870; x_wconf 88' lang='lat' dir='ltr'><strong>a</strong></span> <span class='ocrx_word' id='word_1_95' title='bbox 987 836 1012 870; x_wconf 86' lang='lat' dir='ltr'><strong>te</strong></span> 
     </span>
    </p>
   </div>
   <div class='ocr_carea' id='block_1_17' title="bbox 226 893 538 927">
    <p class='ocr_par' dir='ltr' id='par_1_17' title="bbox 226 893 538 927">
     <span class='ocr_line' id='line_1_17' title="bbox 226 893 538 927; baseline -0.019 -3"><span class='ocrx_word' id='word_1_96' title='bbox 226 897 359 924; x_wconf 82' lang='lat' dir='ltr'><strong>rationem</strong></span> <span class='ocrx_word' id='word_1_97' title='bbox 377 893 538 927; x_wconf 81' lang='lat' dir='ltr'><strong>postulabit.</strong></span> 
     </span>
    </p>
   </div>
   <div class='ocr_carea' id='block_1_18' title="bbox 1057 275 1115 302">
    <p class='ocr_par' dir='ltr' id='par_1_18' title="bbox 1057 275 1115 302">
     <span class='ocr_line' id='line_1_18' title="bbox 1057 275 1115 302; baseline -0.017 0"><span class='ocrx_word' id='word_1_98' title='bbox 1057 275 1115 302; x_wconf 81' lang='grc' dir='ltr'>κία.</span> 
     </span>
    </p>
   </div>
   <div class='ocr_carea' id='block_1_19' title="bbox 1093 316 1848 353">
    <p class='ocr_par' dir='ltr' id='par_1_19' title="bbox 1093 316 1848 353">
     <span class='ocr_line' id='line_1_19' title="bbox 1093 316 1848 353; baseline -0.005 -7"><span class='ocrx_word' id='word_1_99' title='bbox 1093 319 1244 347; x_wconf 77' lang='grc' dir='ltr'>Καυσιανοὶ</span> <span class='ocrx_word' id='word_1_100' title='bbox 1260 321 1322 350; x_wconf 82' lang='grc' dir='ltr'>τοὺς</span> <span class='ocrx_word' id='word_1_101' title='bbox 1348 319 1398 353; x_wconf 78' lang='grc' dir='ltr'>μὲν</span> <span class='ocrx_word' id='word_1_102' title='bbox 1416 317 1604 352; x_wconf 75' lang='grc' dir='ltr'><strong>γεννωμένους</strong></span> <span class='ocrx_word' id='word_1_103' title='bbox 1622 316 1764 352; x_wconf 78' lang='grc' dir='ltr'><strong>θρηνοῦσι,</strong></span> <span class='ocrx_word' id='word_1_104' title='bbox 1780 317 1848 347; x_wconf 65' lang='grc' dir='ltr'>τοὺς</span> 
     </span>
    </p>
   </div>
   <div class='ocr_carea' id='block_1_20' title="bbox 1057 365 1526 400">
    <p class='ocr_par' dir='ltr' id='par_1_20' title="bbox 1057 365 1526 400">
     <span class='ocr_line' id='line_1_20' title="bbox 1057 365 1526 400; baseline -0.004 -8"><span class='ocrx_word' id='word_1_105' title='bbox 1057 367 1085 393; x_wconf 83' lang='grc' dir='ltr'>δὲ</span> <span class='ocrx_word' id='word_1_106' title='bbox 1099 367 1314 400; x_wconf 75' lang='grc' dir='ltr'><strong>τελευτήσαντας</strong></span> <span class='ocrx_word' id='word_1_107' title='bbox 1330 365 1526 399; x_wconf 70' lang='grc' dir='ltr'><strong>μακαρίζουσι.</strong></span> 
     </span>
    </p>
   </div>
   <div class='ocr_carea' id='block_1_21' title="bbox 1356 421 1546 450">
    <p class='ocr_par' dir='ltr' id='par_1_21' title="bbox 1356 421 1546 450">
     <span class='ocr_line' id='line_1_21' title="bbox 1356 421 1546 450; baseline 0.005 -1"><span class='ocrx_word' id='word_1_108' title='bbox 1356 421 1466 450; x_wconf 82' lang='grc' dir='ltr'><strong>ΛΟΓΟΣ</strong></span> <span class='ocrx_word' id='word_1_109' title='bbox 1485 422 1546 450; x_wconf 77' lang='grc' dir='ltr'><strong>Νθ’.</strong></span> 
     </span>
    </p>
   </div>
   <div class='ocr_carea' id='block_1_22' title="bbox 1247 479 1653 514">
    <p class='ocr_par' dir='ltr' id='par_1_22' title="bbox 1247 479 1653 514">
     <span class='ocr_line' id='line_1_22' title="bbox 1247 479 1653 514; baseline -0.002 -7"><span class='ocrx_word' id='word_1_110' title='bbox 1247 479 1314 514; x_wconf 73' lang='grc' dir='ltr'>Περὶ</span> <span class='ocrx_word' id='word_1_111' title='bbox 1333 479 1396 512; x_wconf 79' lang='grc' dir='ltr'>τοῦ,</span> <span class='ocrx_word' id='word_1_112' title='bbox 1412 479 1509 506; x_wconf 80' lang='grc' dir='ltr'><strong>Γνῶθι</strong></span> <span class='ocrx_word' id='word_1_113' title='bbox 1527 479 1653 506; x_wconf 83' lang='grc' dir='ltr'>σαυτόν.</span> 
     </span>
    </p>
   </div>
   <div class='ocr_carea' id='block_1_23' title="bbox 1093 523 1851 561">
    <p class='ocr_par' dir='ltr' id='par_1_23' title="bbox 1093 523 1851 561">
     <span class='ocr_line' id='line_1_23' title="bbox 1093 523 1851 561; baseline -0.003 -9"><span class='ocrx_word' id='word_1_114' title='bbox 1093 526 1126 552; x_wconf 88' lang='grc' dir='ltr'><strong>Τί</strong></span> <span class='ocrx_word' id='word_1_115' title='bbox 1153 526 1263 561; x_wconf 80' lang='grc' dir='ltr'>βλέπεις</span> <span class='ocrx_word' id='word_1_116' title='bbox 1288 526 1318 551; x_wconf 67' lang='grc' dir='ltr'>τὸ</span> <span class='ocrx_word' id='word_1_117' title='bbox 1344 525 1449 559; x_wconf 76' lang='grc' dir='ltr'>κάρφος</span> <span class='ocrx_word' id='word_1_118' title='bbox 1473 524 1503 549; x_wconf 74' lang='grc' dir='ltr'><strong>τὸ</strong></span> <span class='ocrx_word' id='word_1_119' title='bbox 1519 525 1547 550; x_wconf 80' lang='grc' dir='ltr'>ὲν</span> <span class='ocrx_word' id='word_1_120' title='bbox 1571 523 1611 558; x_wconf 74' lang='grc' dir='ltr'>τῷ</span> <span class='ocrx_word' id='word_1_121' title='bbox 1640 523 1774 558; x_wconf 78' lang='grc' dir='ltr'>ὀφθαλμῷ</span> <span class='ocrx_word' id='word_1_122' title='bbox 1799 523 1851 550; x_wconf 78' lang='grc' dir='ltr'>τοῦ</span> 
     </span>
    </p>
   </div>
   <div class='ocr_carea' id='block_1_24' title="bbox 1059 569 1851 606">
    <p class='ocr_par' dir='ltr' id='par_1_24' title="bbox 1059 569 1851 606">
     <span class='ocr_line' id='line_1_24' title="bbox 1059 569 1851 606; baseline -0.004 -7"><span class='ocrx_word' id='word_1_123' title='bbox 1059 572 1174 606; x_wconf 79' lang='grc' dir='ltr'>ἀδελφοῦ</span> <span class='ocrx_word' id='word_1_124' title='bbox 1202 580 1260 604; x_wconf 77' lang='grc' dir='ltr'>σου,</span> <span class='ocrx_word' id='word_1_125' title='bbox 1285 570 1333 606; x_wconf 78' lang='grc' dir='ltr'>τὴν</span> <span class='ocrx_word' id='word_1_126' title='bbox 1352 570 1381 597; x_wconf 81' lang='grc' dir='ltr'>δὲ</span> <span class='ocrx_word' id='word_1_127' title='bbox 1405 571 1433 596; x_wconf 84' lang='grc' dir='ltr'>ἐν</span> <span class='ocrx_word' id='word_1_128' title='bbox 1458 569 1496 603; x_wconf 78' lang='grc' dir='ltr'>τῷ</span> <span class='ocrx_word' id='word_1_129' title='bbox 1513 569 1552 604; x_wconf 83' lang='grc' dir='ltr'>σῷ</span> <span class='ocrx_word' id='word_1_130' title='bbox 1570 569 1704 604; x_wconf 59' lang='grc' dir='ltr'>ὸςθιλμῷ</span> <span class='ocrx_word' id='word_1_131' title='bbox 1720 569 1801 597; x_wconf 73' lang='grc' dir='ltr'>δοκὸν</span> <span class='ocrx_word' id='word_1_132' title='bbox 1818 570 1851 596; x_wconf 82' lang='grc' dir='ltr'>οὐ</span> 
     </span>
    </p>
   </div>
   <div class='ocr_carea' id='block_1_25' title="bbox 1061 619 1217 651">
    <p class='ocr_par' dir='ltr' id='par_1_25' title="bbox 1061 619 1217 651">
     <span class='ocr_line' id='line_1_25' title="bbox 1061 619 1217 651; baseline -0.013 -5"><span class='ocrx_word' id='word_1_133' title='bbox 1061 619 1200 648; x_wconf 75' lang='grc' dir='ltr'><strong>κατανοεῖς</strong></span> <span class='ocrx_word' id='word_1_134' title='bbox 1210 627 1217 651; x_wconf 91' lang='grc'><strong>;</strong></span> 
     </span>
    </p>
   </div>
   <div class='ocr_carea' id='block_1_26' title="bbox 1095 660 1852 697">
    <p class='ocr_par' dir='ltr' id='par_1_26' title="bbox 1095 660 1852 697">
     <span class='ocr_line' id='line_1_26' title="bbox 1095 660 1852 697; baseline -0.005 -7"><span class='ocrx_word' id='word_1_135' title='bbox 1095 664 1131 690; x_wconf 79' lang='grc' dir='ltr'><strong>Σὺ</strong></span> <span class='ocrx_word' id='word_1_136' title='bbox 1146 665 1187 694; x_wconf 74' lang='grc' dir='ltr'><strong>τίς</strong></span> <span class='ocrx_word' id='word_1_137' title='bbox 1212 661 1237 690; x_wconf 81' lang='grc' dir='ltr'>εἴ</span> <span class='ocrx_word' id='word_1_138' title='bbox 1255 664 1270 689; x_wconf 83' lang='grc' dir='ltr'><em>ὸ</em></span> <span class='ocrx_word' id='word_1_139' title='bbox 1293 662 1394 697; x_wconf 81' lang='grc' dir='ltr'>κρίνων</span> <span class='ocrx_word' id='word_1_140' title='bbox 1418 661 1558 695; x_wconf 71' lang='grc' dir='ltr'>ἀλλότριον</span> <span class='ocrx_word' id='word_1_141' title='bbox 1585 661 1711 696; x_wconf 73' lang='grc' dir='ltr'>οἱκέτην;</span> <span class='ocrx_word' id='word_1_142' title='bbox 1729 661 1768 695; x_wconf 81' lang='grc' dir='ltr'>τῷ</span> <span class='ocrx_word' id='word_1_143' title='bbox 1791 660 1852 695; x_wconf 70' lang='grc' dir='ltr'>ἰδίῳ</span> 
     </span>
    </p>
   </div>
   <div class='ocr_carea' id='block_1_27' title="bbox 1062 707 1853 745">
    <p class='ocr_par' dir='ltr' id='par_1_27' title="bbox 1062 707 1853 745">
     <span class='ocr_line' id='line_1_27' title="bbox 1062 707 1853 745; baseline -0.005 -9"><span class='ocrx_word' id='word_1_144' title='bbox 1062 710 1148 745; x_wconf 80' lang='grc' dir='ltr'>κυρίῳ</span> <span class='ocrx_word' id='word_1_145' title='bbox 1164 710 1258 743; x_wconf 80' lang='grc' dir='ltr'><strong>στήκει</strong></span> <span class='ocrx_word' id='word_1_146' title='bbox 1273 709 1289 743; x_wconf 84' lang='grc' dir='ltr'><strong>ἢ</strong></span> <span class='ocrx_word' id='word_1_147' title='bbox 1305 709 1412 734; x_wconf 86' lang='grc' dir='ltr'>πίπτει.</span> <span class='ocrx_word' id='word_1_148' title='bbox 1428 707 1597 742; x_wconf 77' lang='grc' dir='ltr'>Σταθὴσεται</span> <span class='ocrx_word' id='word_1_149' title='bbox 1612 707 1652 733; x_wconf 85' lang='grc' dir='ltr'><strong>δέ.</strong></span> <span class='ocrx_word' id='word_1_150' title='bbox 1664 707 1782 738; x_wconf 77' lang='grc' dir='ltr'>Δυνατδς</span> <span class='ocrx_word' id='word_1_151' title='bbox 1795 707 1853 742; x_wconf 82' lang='grc' dir='ltr'>γάρ</span> 
     </span>
    </p>
   </div>
   <div class='ocr_carea' id='block_1_28' title="bbox 1062 753 1460 788">
    <p class='ocr_par' dir='ltr' id='par_1_28' title="bbox 1062 753 1460 788">
     <span class='ocr_line' id='line_1_28' title="bbox 1062 753 1460 788; baseline -0.005 -6"><span class='ocrx_word' id='word_1_152' title='bbox 1062 757 1135 782; x_wconf 75' lang='grc' dir='ltr'>ἐστιν</span> <span class='ocrx_word' id='word_1_153' title='bbox 1148 756 1161 781; x_wconf 82' lang='grc' dir='ltr'><strong>ὁ</strong></span> <span class='ocrx_word' id='word_1_154' title='bbox 1174 755 1239 786; x_wconf 76' lang='grc' dir='ltr'>Θεὸς</span> <span class='ocrx_word' id='word_1_155' title='bbox 1254 754 1350 788; x_wconf 81' lang='grc' dir='ltr'>στῆσαι</span> <span class='ocrx_word' id='word_1_156' title='bbox 1367 753 1460 780; x_wconf 76' lang='grc' dir='ltr'>αὐτόν.</span> 
     </span>
    </p>
   </div>
   <div class='ocr_carea' id='block_1_29' title="bbox 1098 799 1855 837">
    <p class='ocr_par' dir='ltr' id='par_1_29' title="bbox 1098 799 1855 837">
     <span class='ocr_line' id='line_1_29' title="bbox 1098 799 1855 837; baseline -0.001 -10"><span class='ocrx_word' id='word_1_157' title='bbox 1098 801 1247 837; x_wconf 83' lang='grc' dir='ltr'>Περιπάτει</span> <span class='ocrx_word' id='word_1_158' title='bbox 1259 801 1290 826; x_wconf 76' lang='grc' dir='ltr'><strong>ἐν’</strong></span> <span class='ocrx_word' id='word_1_159' title='bbox 1299 801 1368 830; x_wconf 74' lang='grc' dir='ltr'>ὁδοῖς</span> <span class='ocrx_word' id='word_1_160' title='bbox 1381 799 1495 834; x_wconf 81' lang='grc' dir='ltr'>καρδίας</span> <span class='ocrx_word' id='word_1_161' title='bbox 1507 807 1554 825; x_wconf 90' lang='grc' dir='ltr'><strong>σου</strong></span> <span class='ocrx_word' id='word_1_162' title='bbox 1568 799 1693 834; x_wconf 81' lang='grc' dir='ltr'>ἄμωμος,</span> <span class='ocrx_word' id='word_1_163' title='bbox 1709 801 1752 827; x_wconf 52' lang='grc' dir='ltr'><strong>καί</strong></span> <span class='ocrx_word' id='word_1_164' title='bbox 1766 801 1855 834; x_wconf 79' lang='grc' dir='ltr'>γνῶθι</span> 
     </span>
    </p>
   </div>
   <div class='ocr_carea' id='block_1_30' title="bbox 1064 845 1855 878">
    <p class='ocr_par' dir='ltr' id='par_1_30' title="bbox 1064 845 1855 878">
     <span class='ocr_line' id='line_1_30' title="bbox 1064 845 1855 878; baseline -0.005 -4"><span class='ocrx_word' id='word_1_165' title='bbox 1064 848 1173 874; x_wconf 84' lang='grc' dir='ltr'>σαυτόν·</span> <span class='ocrx_word' id='word_1_166' title='bbox 1192 848 1232 874; x_wconf 81' lang='grc' dir='ltr'>ὅτι</span> <span class='ocrx_word' id='word_1_167' title='bbox 1258 848 1287 873; x_wconf 81' lang='grc' dir='ltr'>ἐν</span> <span class='ocrx_word' id='word_1_168' title='bbox 1313 847 1381 873; x_wconf 78' lang='grc' dir='ltr'>πᾶσι</span> <span class='ocrx_word' id='word_1_169' title='bbox 1405 846 1510 876; x_wconf 74' lang='grc' dir='ltr'>τούτοις</span> <span class='ocrx_word' id='word_1_170' title='bbox 1535 845 1595 878; x_wconf 80' lang='grc' dir='ltr'>ἄξει</span> <span class='ocrx_word' id='word_1_171' title='bbox 1627 853 1657 872; x_wconf 81' lang='grc' dir='ltr'><strong>σε</strong></span> <span class='ocrx_word' id='word_1_172' title='bbox 1680 848 1694 872; x_wconf 81' lang='grc' dir='ltr'>ὁ</span> <span class='ocrx_word' id='word_1_173' title='bbox 1715 846 1783 876; x_wconf 75' lang='grc' dir='ltr'>Θεὸς</span> <span class='ocrx_word' id='word_1_174' title='bbox 1814 848 1855 878; x_wconf 72' lang='grc' dir='ltr'><strong>εἰς</strong></span> 
     </span>
    </p>
   </div>
   <div class='ocr_carea' id='block_1_31' title="bbox 1064 902 1164 928">
    <p class='ocr_par' dir='ltr' id='par_1_31' title="bbox 1064 902 1164 928">
     <span class='ocr_line' id='line_1_31' title="bbox 1064 902 1164 928; baseline 0.01 -8"><span class='ocrx_word' id='word_1_175' title='bbox 1064 902 1164 928; x_wconf 82' lang='grc' dir='ltr'>κρισιν.</span> 
     </span>
    </p>
   </div>
   <div class='ocr_carea' id='block_1_32' title="bbox 262 925 1016 974">
    <p class='ocr_par' dir='ltr' id='par_1_32' title="bbox 262 936 1009 973">
     <span class='ocr_line' id='line_1_32' title="bbox 262 936 1009 973; baseline -0.009 -4"><span class='ocrx_word' id='word_1_176' title='bbox 262 942 365 970; x_wconf 76' lang='lat' dir='ltr'><strong>Siraclt.</strong></span> <span class='ocrx_word' id='word_1_177' title='bbox 383 941 434 973; x_wconf 80' lang='lat' dir='ltr'><strong>Qui</strong></span> <span class='ocrx_word' id='word_1_178' title='bbox 456 941 561 973; x_wconf 82' lang='lat' dir='ltr'><strong>seipsos</strong></span> <span class='ocrx_word' id='word_1_179' title='bbox 579 941 761 971; x_wconf 79' lang='lat' dir='ltr'><strong>cognoscunt,</strong></span> <span class='ocrx_word' id='word_1_180' title='bbox 781 936 920 970; x_wconf 86' lang='lat' dir='ltr'><strong>sapientes</strong></span> <span class='ocrx_word' id='word_1_181' title='bbox 934 939 1009 963; x_wconf 86' lang='lat' dir='ltr'><strong>sunt.</strong></span> 
     </span>
    </p>
   </div>
   <div class='ocr_carea' id='block_1_33' title="bbox 1090 925 1558 974">
    <p class='ocr_par' dir='ltr' id='par_1_33' title="bbox 1099 939 1558 974">
     <span class='ocr_line' id='line_1_33' title="bbox 1099 939 1558 974; baseline 0.004 -9"><span class='ocrx_word' id='word_1_182' title='bbox 1099 941 1130 966; x_wconf 83' lang='grc' dir='ltr'><strong>Οἱ</strong></span> <span class='ocrx_word' id='word_1_183' title='bbox 1146 939 1251 966; x_wconf 78' lang='grc' dir='ltr'><strong>ἑαυτῶν</strong></span> <span class='ocrx_word' id='word_1_184' title='bbox 1264 939 1449 973; x_wconf 69' lang='grc' dir='ltr'>ἐπιγνώμονες</span> <span class='ocrx_word' id='word_1_185' title='bbox 1469 939 1558 974; x_wconf 81' lang='grc' dir='ltr'>σοφοί.</span> 
     </span>
    </p>
   </div>
   <div class='ocr_carea' id='block_1_34' title="bbox 263 981 1011 1016">
    <p class='ocr_par' dir='ltr' id='par_1_34' title="bbox 263 981 1011 1016">
     <span class='ocr_line' id='line_1_34' title="bbox 263 981 1011 1016; baseline -0.009 -2"><span class='ocrx_word' id='word_1_186' title='bbox 263 988 345 1014; x_wconf 79' lang='lat' dir='ltr'><strong>Eccli.</strong></span> <span class='ocrx_word' id='word_1_187' title='bbox 368 994 428 1013; x_wconf 83' lang='lat' dir='ltr'><strong>xm.</strong></span> <span class='ocrx_word' id='word_1_188' title='bbox 455 984 575 1011; x_wconf 81' lang='lat' dir='ltr'><strong>Observa</strong></span> <span class='ocrx_word' id='word_1_189' title='bbox 601 987 627 1010; x_wconf 80' lang='lat' dir='ltr'><strong>et</strong></span> <span class='ocrx_word' id='word_1_190' title='bbox 646 983 834 1009; x_wconf 84' lang='lat' dir='ltr'><strong>animadverte</strong></span> <span class='ocrx_word' id='word_1_191' title='bbox 855 981 1011 1016; x_wconf 78' lang='lat' dir='ltr'><strong>diligenter,</strong></span> 
     </span>
    </p>
   </div>
   <div class='ocr_carea' id='block_1_35' title="bbox 226 1028 750 1070">
    <p class='ocr_par' dir='ltr' id='par_1_35' title="bbox 226 1028 750 1070">
     <span class='ocr_line' id='line_1_35' title="bbox 226 1028 750 1070; baseline -0.015 -8"><span class='ocrx_word' id='word_1_192' title='bbox 226 1035 356 1070; x_wconf 81' lang='lat' dir='ltr'><strong>quouiam</strong></span> <span class='ocrx_word' id='word_1_193' title='bbox 374 1039 436 1058; x_wconf 91' lang='lat' dir='ltr'><strong>cum</strong></span> <span class='ocrx_word' id='word_1_194' title='bbox 452 1031 530 1057; x_wconf 89' lang='lat' dir='ltr'><strong>ruina</strong></span> <span class='ocrx_word' id='word_1_195' title='bbox 550 1034 596 1056; x_wconf 87' lang='lat' dir='ltr'><strong>tua</strong></span> <span class='ocrx_word' id='word_1_196' title='bbox 613 1028 750 1055; x_wconf 82' lang='lat' dir='ltr'><strong>ambulas.</strong></span> 
     </span>
    </p>
   </div>
   <div class='ocr_carea' id='block_1_36' title="bbox 264 1073 1015 1110">
    <p class='ocr_par' dir='ltr' id='par_1_36' title="bbox 264 1073 1015 1110">
     <span class='ocr_line' id='line_1_36' title="bbox 264 1073 1015 1110; baseline -0.009 -3"><span class='ocrx_word' id='word_1_197' title='bbox 264 1080 291 1107; x_wconf 83' lang='grc'><strong>3.</strong></span> <span class='ocrx_word' id='word_1_198' title='bbox 304 1079 409 1106; x_wconf 74' lang='lat' dir='ltr'><strong>Basilii.</strong></span> <span class='ocrx_word' id='word_1_199' title='bbox 437 1078 567 1104; x_wconf 83' lang='lat' dir='ltr'><strong>Accurata</strong></span> <span class='ocrx_word' id='word_1_200' title='bbox 593 1075 713 1110; x_wconf 73' lang='lat' dir='ltr'><strong>cognitio</strong></span> <span class='ocrx_word' id='word_1_201' title='bbox 741 1075 778 1102; x_wconf 87' lang='lat' dir='ltr'><strong>lui</strong></span> <span class='ocrx_word' id='word_1_202' title='bbox 820 1074 906 1108; x_wconf 71' lang='lat' dir='ltr'><strong>ipsius</strong></span> <span class='ocrx_word' id='word_1_203' title='bbox 940 1073 1015 1101; x_wconf 76' lang='lat' dir='ltr'><strong>sum-</strong></span> 
     </span>
    </p>
   </div>
   <div class='ocr_carea' id='block_1_37' title="bbox 228 1119 1016 1152">
    <p class='ocr_par' dir='ltr' id='par_1_37' title="bbox 228 1119 1016 1152">
     <span class='ocr_line' id='line_1_37' title="bbox 228 1119 1016 1152; baseline -0.008 0"><span class='ocrx_word' id='word_1_204' title='bbox 228 1126 332 1152; x_wconf 76' lang='lat' dir='ltr'><strong>cienler</strong></span> <span class='ocrx_word' id='word_1_205' title='bbox 361 1129 386 1150; x_wconf 87' lang='lat' dir='ltr'><strong>tc</strong></span> <span class='ocrx_word' id='word_1_206' title='bbox 410 1121 494 1149; x_wconf 88' lang='lat' dir='ltr'><strong>veluti</strong></span> <span class='ocrx_word' id='word_1_207' title='bbox 515 1129 596 1147; x_wconf 89' lang='lat' dir='ltr'><strong>manu</strong></span> <span class='ocrx_word' id='word_1_208' title='bbox 622 1119 740 1147; x_wconf 80' lang='lat' dir='ltr'><strong>deducet</strong></span> <span class='ocrx_word' id='word_1_209' title='bbox 768 1120 801 1147; x_wconf 90' lang='lat' dir='ltr'><strong>ad</strong></span> <span class='ocrx_word' id='word_1_210' title='bbox 827 1122 967 1147; x_wconf 87' lang='lat' dir='ltr'><strong>notionem</strong></span> <span class='ocrx_word' id='word_1_211' title='bbox 988 1123 1016 1147; x_wconf 85' lang='lat' dir='ltr'><strong>et</strong></span> 
     </span>
    </p>
   </div>
   <div class='ocr_carea' id='block_1_38' title="bbox 228 1165 564 1203">
    <p class='ocr_par' dir='ltr' id='par_1_38' title="bbox 228 1165 564 1203">
     <span class='ocr_line' id='line_1_38' title="bbox 228 1165 564 1203; baseline -0.015 -6"><span class='ocrx_word' id='word_1_212' title='bbox 228 1168 488 1203; x_wconf 78' lang='lat' dir='ltr'><strong>conlctnplationom</strong></span> <span class='ocrx_word' id='word_1_213' title='bbox 505 1165 564 1193; x_wconf 83' lang='lat' dir='ltr'><strong>Dei.</strong></span> 
     </span>
    </p>
   </div>
   <div class='ocr_carea' id='block_1_39' title="bbox 265 1210 1014 1244">
    <p class='ocr_par' dir='ltr' id='par_1_39' title="bbox 265 1210 1014 1244">
     <span class='ocr_line' id='line_1_39' title="bbox 265 1210 1014 1244; baseline -0.007 -3"><span class='ocrx_word' id='word_1_214' title='bbox 265 1215 368 1242; x_wconf 84' lang='lat' dir='ltr'><strong>Memor</strong></span> <span class='ocrx_word' id='word_1_215' title='bbox 386 1218 500 1244; x_wconf 74' lang='lat' dir='ltr'><strong>naturae,</strong></span> <span class='ocrx_word' id='word_1_216' title='bbox 514 1219 654 1244; x_wconf 81' lang='lat' dir='ltr'><strong>nunquam</strong></span> <span class='ocrx_word' id='word_1_217' title='bbox 675 1210 830 1244; x_wconf 82' lang='lat' dir='ltr'><strong>superbies.</strong></span> <span class='ocrx_word' id='word_1_218' title='bbox 850 1210 952 1237; x_wconf 85' lang='lat' dir='ltr'><strong>Memor</strong></span> <span class='ocrx_word' id='word_1_219' title='bbox 965 1217 1014 1237; x_wconf 83' lang='lat' dir='ltr'><strong>au-</strong></span> 
     </span>
    </p>
   </div>
   <div class='ocr_carea' id='block_1_40' title="bbox 229 1256 804 1293">
    <p class='ocr_par' dir='ltr' id='par_1_40' title="bbox 229 1256 804 1293">
     <span class='ocr_line' id='line_1_40' title="bbox 229 1256 804 1293; baseline -0.01 -5"><span class='ocrx_word' id='word_1_220' title='bbox 229 1266 284 1289; x_wconf 85' lang='lat' dir='ltr'><strong>tem</strong></span> <span class='ocrx_word' id='word_1_221' title='bbox 302 1261 358 1287; x_wconf 77' lang='lat' dir='ltr'><strong>eris</strong></span> <span class='ocrx_word' id='word_1_222' title='bbox 373 1259 468 1293; x_wconf 83' lang='lat' dir='ltr'><strong>ipsius,</strong></span> <span class='ocrx_word' id='word_1_223' title='bbox 488 1258 510 1284; x_wconf 89' lang='lat' dir='ltr'><strong>si</strong></span> <span class='ocrx_word' id='word_1_224' title='bbox 526 1257 645 1292; x_wconf 86' lang='lat' dir='ltr'><strong>teipsum</strong></span> <span class='ocrx_word' id='word_1_225' title='bbox 663 1256 804 1283; x_wconf 83' lang='lat' dir='ltr'><strong>observes.</strong></span> 
     </span>
    </p>
   </div>
   <div class='ocr_carea' id='block_1_41' title="bbox 267 1301 1016 1339">
    <p class='ocr_par' dir='ltr' id='par_1_41' title="bbox 267 1301 1016 1339">
     <span class='ocr_line' id='line_1_41' title="bbox 267 1301 1016 1339; baseline -0.005 -7"><span class='ocrx_word' id='word_1_226' title='bbox 267 1305 325 1332; x_wconf 82' lang='lat' dir='ltr'><strong>Hoc</strong></span> <span class='ocrx_word' id='word_1_227' title='bbox 343 1309 400 1331; x_wconf 85' lang='lat' dir='ltr'><strong>tute</strong></span> <span class='ocrx_word' id='word_1_228' title='bbox 415 1303 518 1339; x_wconf 84' lang='lat' dir='ltr'><strong>pateris</strong></span> <span class='ocrx_word' id='word_1_229' title='bbox 533 1302 606 1336; x_wconf 81' lang='lat' dir='ltr'><strong>quod</strong></span> <span class='ocrx_word' id='word_1_230' title='bbox 621 1309 746 1334; x_wconf 85' lang='lat' dir='ltr'><strong>accusas,</strong></span> <span class='ocrx_word' id='word_1_231' title='bbox 762 1307 788 1329; x_wconf 84' lang='lat' dir='ltr'><strong>et</strong></span> <span class='ocrx_word' id='word_1_232' title='bbox 809 1301 927 1328; x_wconf 79' lang='lat' dir='ltr'><strong>alienum</strong></span> <span class='ocrx_word' id='word_1_233' title='bbox 954 1301 1016 1335; x_wconf 89' lang='lat' dir='ltr'><strong>qui-</strong></span> 
     </span>
    </p>
   </div>
   <div class='ocr_carea' id='block_1_42' title="bbox 230 1347 1015 1381">
    <p class='ocr_par' dir='ltr' id='par_1_42' title="bbox 230 1347 1015 1381">
     <span class='ocr_line' id='line_1_42' title="bbox 230 1347 1015 1381; baseline -0.006 -2"><span class='ocrx_word' id='word_1_234' title='bbox 230 1353 291 1379; x_wconf 84' lang='lat' dir='ltr'><strong>dem</strong></span> <span class='ocrx_word' id='word_1_235' title='bbox 308 1351 409 1378; x_wconf 88' lang='lat' dir='ltr'><strong>malum</strong></span> <span class='ocrx_word' id='word_1_236' title='bbox 429 1354 509 1376; x_wconf 85' lang='lat' dir='ltr'><strong>acute</strong></span> <span class='ocrx_word' id='word_1_237' title='bbox 531 1349 616 1381; x_wconf 80' lang='lat' dir='ltr'><strong>vides,</strong></span> <span class='ocrx_word' id='word_1_238' title='bbox 633 1353 709 1374; x_wconf 90' lang='lat' dir='ltr'><strong>tuum</strong></span> <span class='ocrx_word' id='word_1_239' title='bbox 724 1355 787 1375; x_wconf 81' lang='lat' dir='ltr'><strong>vero</strong></span> <span class='ocrx_word' id='word_1_240' title='bbox 800 1347 920 1375; x_wconf 86' lang='lat' dir='ltr'><strong>dedecus</strong></span> <span class='ocrx_word' id='word_1_241' title='bbox 937 1347 1015 1375; x_wconf 83' lang='lat' dir='ltr'><strong>niliiii</strong></span> 
     </span>
    </p>
   </div>
   <div class='ocr_carea' id='block_1_43' title="bbox 231 1399 310 1426">
    <p class='ocr_par' dir='ltr' id='par_1_43' title="bbox 231 1399 310 1426">
     <span class='ocr_line' id='line_1_43' title="bbox 231 1399 310 1426; baseline -0.025 0"><span class='ocrx_word' id='word_1_242' title='bbox 231 1399 310 1426; x_wconf 79' lang='lat' dir='ltr'><strong>facis.</strong></span> 
     </span>
    </p>
   </div>
   <div class='ocr_carea' id='block_1_44' title="bbox 265 1441 1017 1480">
    <p class='ocr_par' dir='ltr' id='par_1_44' title="bbox 265 1441 1017 1480">
     <span class='ocr_line' id='line_1_44' title="bbox 265 1441 1017 1480; baseline -0.005 -7"><span class='ocrx_word' id='word_1_243' title='bbox 265 1446 296 1473; x_wconf 92' lang='lat' dir='ltr'><strong>S.</strong></span> <span class='ocrx_word' id='word_1_244' title='bbox 313 1445 449 1480; x_wconf 75' lang='lat' dir='ltr'><strong>Chrysost.</strong></span> <span class='ocrx_word' id='word_1_245' title='bbox 470 1443 519 1470; x_wconf 90' lang='lat' dir='ltr'><strong>llic</strong></span> <span class='ocrx_word' id='word_1_246' title='bbox 535 1442 654 1469; x_wconf 81' lang='lat' dir='ltr'><strong>maxime</strong></span> <span class='ocrx_word' id='word_1_247' title='bbox 673 1441 791 1476; x_wconf 87' lang='lat' dir='ltr'><strong>scipsum</strong></span> <span class='ocrx_word' id='word_1_248' title='bbox 810 1441 954 1477; x_wconf 80' lang='lat' dir='ltr'><strong>cognoscit</strong></span> <span class='ocrx_word' id='word_1_249' title='bbox 970 1441 1017 1477; x_wconf 90' lang='lat' dir='ltr'><strong>qui</strong></span> 
     </span>
    </p>
   </div>
   <div class='ocr_carea' id='block_1_45' title="bbox 231 1487 661 1525">
    <p class='ocr_par' dir='ltr' id='par_1_45' title="bbox 231 1487 661 1525">
     <span class='ocr_line' id='line_1_45' title="bbox 231 1487 661 1525; baseline -0.014 -6"><span class='ocrx_word' id='word_1_250' title='bbox 231 1491 352 1525; x_wconf 83' lang='lat' dir='ltr'><strong>scipsum</strong></span> <span class='ocrx_word' id='word_1_251' title='bbox 370 1496 419 1524; x_wconf 91' lang='lat' dir='ltr'><strong>pro</strong></span> <span class='ocrx_word' id='word_1_252' title='bbox 440 1487 527 1514; x_wconf 79' lang='lat' dir='ltr'><strong>nihilo</strong></span> <span class='ocrx_word' id='word_1_253' title='bbox 543 1490 661 1520; x_wconf 85' lang='lat' dir='ltr'><strong>reputat.</strong></span> 
     </span>
    </p>
   </div>
   <div class='ocr_carea' id='block_1_46' title="bbox 268 1530 1014 1565">
    <p class='ocr_par' dir='ltr' id='par_1_46' title="bbox 268 1530 1014 1565">
     <span class='ocr_line' id='line_1_46' title="bbox 268 1530 1014 1565; baseline -0.007 -3"><span class='ocrx_word' id='word_1_254' title='bbox 268 1534 421 1562; x_wconf 79' lang='lat' dir='ltr'><strong>Clementis.</strong></span> <span class='ocrx_word' id='word_1_255' title='bbox 449 1532 477 1559; x_wconf 91' lang='lat' dir='ltr'><strong>Si</strong></span> <span class='ocrx_word' id='word_1_256' title='bbox 504 1532 545 1558; x_wconf 85' lang='lat' dir='ltr'><strong>vis</strong></span> <span class='ocrx_word' id='word_1_257' title='bbox 564 1531 649 1557; x_wconf 84' lang='lat' dir='ltr'><strong>Deum</strong></span> <span class='ocrx_word' id='word_1_258' title='bbox 673 1537 851 1565; x_wconf 79' lang='lat' dir='ltr'><strong>cognoscere.</strong></span> <span class='ocrx_word' id='word_1_259' title='bbox 873 1530 916 1558; x_wconf 82' lang='lat' dir='ltr'><strong>fac</strong></span> <span class='ocrx_word' id='word_1_260' title='bbox 933 1534 1014 1558; x_wconf 84' lang='lat' dir='ltr'><strong>antea</strong></span> 
     </span>
    </p>
   </div>
   <div class='ocr_carea' id='block_1_47' title="bbox 233 1581 534 1615">
    <p class='ocr_par' dir='ltr' id='par_1_47' title="bbox 233 1581 534 1615">
     <span class='ocr_line' id='line_1_47' title="bbox 233 1581 534 1615; baseline -0.013 -7"><span class='ocrx_word' id='word_1_261' title='bbox 233 1581 351 1615; x_wconf 83' lang='lat' dir='ltr'><strong>tcipsum</strong></span> <span class='ocrx_word' id='word_1_262' title='bbox 373 1585 534 1612; x_wconf 77' lang='lat' dir='ltr'><strong>cognoscas.</strong></span> 
     </span>
    </p>
   </div>
   <div class='ocr_carea' id='block_1_48' title="bbox 273 1621 1019 1660">
    <p class='ocr_par' dir='ltr' id='par_1_48' title="bbox 273 1621 1019 1660">
     <span class='ocr_line' id='line_1_48' title="bbox 273 1621 1019 1660; baseline -0.007 -7"><span class='ocrx_word' id='word_1_263' title='bbox 273 1625 440 1660; x_wconf 72' lang='lat' dir='ltr'><strong>Antiphanir.</strong></span> <span class='ocrx_word' id='word_1_264' title='bbox 462 1623 492 1650; x_wconf 89' lang='lat' dir='ltr'><strong>Si</strong></span> <span class='ocrx_word' id='word_1_265' title='bbox 521 1622 644 1650; x_wconf 80' lang='lat' dir='ltr'><strong>mortalis</strong></span> <span class='ocrx_word' id='word_1_266' title='bbox 661 1629 703 1654; x_wconf 87' lang='lat' dir='ltr'><strong>es,</strong></span> <span class='ocrx_word' id='word_1_267' title='bbox 726 1621 797 1649; x_wconf 90' lang='lat' dir='ltr'><strong>bone</strong></span> <span class='ocrx_word' id='word_1_268' title='bbox 823 1621 876 1655; x_wconf 87' lang='lat' dir='ltr'><strong>vir,</strong></span> <span class='ocrx_word' id='word_1_269' title='bbox 894 1622 1019 1649; x_wconf 85' lang='lat' dir='ltr'><strong>mortalia</strong></span> 
     </span>
    </p>
   </div>
   <div class='ocr_carea' id='block_1_49' title="bbox 236 1670 463 1708">
    <p class='ocr_par' dir='ltr' id='par_1_49' title="bbox 236 1670 463 1708">
     <span class='ocr_line' id='line_1_49' title="bbox 236 1670 463 1708; baseline -0.013 -9"><span class='ocrx_word' id='word_1_270' title='bbox 236 1679 346 1708; x_wconf 80' lang='lat' dir='ltr'><strong>quoque</strong></span> <span class='ocrx_word' id='word_1_271' title='bbox 360 1670 463 1705; x_wconf 83' lang='lat' dir='ltr'><strong>sapias.</strong></span> 
     </span>
    </p>
   </div>
   <div class='ocr_carea' id='block_1_50' title="bbox 273 1713 1020 1748">
    <p class='ocr_par' dir='ltr' id='par_1_50' title="bbox 273 1713 1020 1748">
     <span class='ocr_line' id='line_1_50' title="bbox 273 1713 1020 1748; baseline -0.007 -4"><span class='ocrx_word' id='word_1_272' title='bbox 273 1715 466 1744; x_wconf 73' lang='lat' dir='ltr'><strong>Demosthenis.</strong></span> <span class='ocrx_word' id='word_1_273' title='bbox 487 1714 588 1741; x_wconf 85' lang='lat' dir='ltr'><strong>Futura</strong></span> <span class='ocrx_word' id='word_1_274' title='bbox 615 1713 722 1740; x_wconf 85' lang='lat' dir='ltr'><strong>cunctis</strong></span> <span class='ocrx_word' id='word_1_275' title='bbox 741 1713 899 1740; x_wconf 87' lang='lat' dir='ltr'><strong>hominibus</strong></span> <span class='ocrx_word' id='word_1_276' title='bbox 927 1713 1020 1748; x_wconf 76' lang='lat' dir='ltr'><strong>ignota</strong></span> 
     </span>
    </p>
   </div>
   <div class='ocr_carea' id='block_1_51' title="bbox 235 1757 1019 1794">
    <p class='ocr_par' dir='ltr' id='par_1_51' title="bbox 235 1757 1019 1794">
     <span class='ocr_line' id='line_1_51' title="bbox 235 1757 1019 1794; baseline -0.008 -4"><span class='ocrx_word' id='word_1_277' title='bbox 235 1763 353 1790; x_wconf 80' lang='lat' dir='ltr'><strong>arbitror</strong></span> <span class='ocrx_word' id='word_1_278' title='bbox 381 1769 452 1793; x_wconf 82' lang='lat' dir='ltr'><strong>esse,</strong></span> <span class='ocrx_word' id='word_1_279' title='bbox 480 1765 508 1787; x_wconf 87' lang='lat' dir='ltr'><strong>et</strong></span> <span class='ocrx_word' id='word_1_280' title='bbox 534 1766 625 1794; x_wconf 72' lang='lat' dir='ltr'><strong>parva:</strong></span> <span class='ocrx_word' id='word_1_281' title='bbox 649 1758 808 1785; x_wconf 81' lang='lat' dir='ltr'><strong>occasiones</strong></span> <span class='ocrx_word' id='word_1_282' title='bbox 839 1757 1019 1785; x_wconf 84' lang='lat' dir='ltr'><strong>maximarum</strong></span> 
     </span>
    </p>
   </div>
   <div class='ocr_carea' id='block_1_52' title="bbox 236 1803 1019 1839">
    <p class='ocr_par' dir='ltr' id='par_1_52' title="bbox 236 1803 1019 1839">
     <span class='ocr_line' id='line_1_52' title="bbox 236 1803 1019 1839; baseline -0.006 -4"><span class='ocrx_word' id='word_1_283' title='bbox 236 1810 304 1836; x_wconf 88' lang='lat' dir='ltr'><strong>liunt</strong></span> <span class='ocrx_word' id='word_1_284' title='bbox 326 1815 417 1835; x_wconf 80' lang='lat' dir='ltr'><strong>rerum</strong></span> <span class='ocrx_word' id='word_1_285' title='bbox 442 1813 542 1834; x_wconf 65' lang='lat' dir='ltr'><strong>causae.</strong></span> <span class='ocrx_word' id='word_1_286' title='bbox 567 1805 740 1839; x_wconf 82' lang='lat' dir='ltr'><strong>Quapropter</strong></span> <span class='ocrx_word' id='word_1_287' title='bbox 765 1805 791 1830; x_wconf 93' lang='lat' dir='ltr'><strong>in</strong></span> <span class='ocrx_word' id='word_1_288' title='bbox 816 1804 888 1832; x_wconf 67' lang='lat' dir='ltr'><strong>tona</strong></span> <span class='ocrx_word' id='word_1_289' title='bbox 909 1803 1019 1831; x_wconf 79' lang='lat' dir='ltr'><strong>fortuna</strong></span> 
     </span>
    </p>
   </div>
   <div class='ocr_carea' id='block_1_53' title="bbox 236 1849 1022 1885">
    <p class='ocr_par' dir='ltr' id='par_1_53' title="bbox 236 1849 1022 1885">
     <span class='ocr_line' id='line_1_53' title="bbox 236 1849 1022 1885; baseline -0.008 -3"><span class='ocrx_word' id='word_1_290' title='bbox 236 1855 390 1882; x_wconf 83' lang='lat' dir='ltr'><strong>moderatos</strong></span> <span class='ocrx_word' id='word_1_291' title='bbox 406 1860 468 1880; x_wconf 82' lang='lat' dir='ltr'><strong>esse</strong></span> <span class='ocrx_word' id='word_1_292' title='bbox 489 1851 628 1883; x_wconf 84' lang='lat' dir='ltr'><strong>convenit,</strong></span> <span class='ocrx_word' id='word_1_293' title='bbox 649 1855 678 1877; x_wconf 85' lang='lat' dir='ltr'><strong>et</strong></span> <span class='ocrx_word' id='word_1_294' title='bbox 701 1850 792 1877; x_wconf 77' lang='lat' dir='ltr'><strong>futura</strong></span> <span class='ocrx_word' id='word_1_295' title='bbox 812 1849 892 1885; x_wconf 65' lang='grc' dir='ltr'><strong>ιοά.</strong></span> <span class='ocrx_word' id='word_1_296' title='bbox 915 1849 1022 1884; x_wconf 86' lang='lat' dir='ltr'><strong>prospi-</strong></span> 
     </span>
    </p>
   </div>
   <div class='ocr_carea' id='block_1_54' title="bbox 234 1899 407 1927">
    <p class='ocr_par' dir='ltr' id='par_1_54' title="bbox 234 1899 407 1927">
     <span class='ocr_line' id='line_1_54' title="bbox 234 1899 407 1927; baseline -0.017 0"><span class='ocrx_word' id='word_1_297' title='bbox 234 1907 295 1927; x_wconf 79' lang='lat' dir='ltr'><strong>cere</strong></span> <span class='ocrx_word' id='word_1_298' title='bbox 310 1899 407 1927; x_wconf 85' lang='lat' dir='ltr'><strong>videri.</strong></span> 
     </span>
    </p>
   </div>
   <div class='ocr_carea' id='block_1_55' title="bbox 278 1941 1021 1976">
    <p class='ocr_par' dir='ltr' id='par_1_55' title="bbox 278 1941 1021 1976">
     <span class='ocr_line' id='line_1_55' title="bbox 278 1941 1021 1976; baseline -0.007 -4"><span class='ocrx_word' id='word_1_299' title='bbox 278 1945 442 1972; x_wconf 71' lang='lat' dir='ltr'><strong>Heraclitus.</strong></span> <span class='ocrx_word' id='word_1_300' title='bbox 472 1943 624 1970; x_wconf 85' lang='lat' dir='ltr'><strong>Heraclitus</strong></span> <span class='ocrx_word' id='word_1_301' title='bbox 645 1942 735 1969; x_wconf 83' lang='lat' dir='ltr'><strong>adhuc</strong></span> <span class='ocrx_word' id='word_1_302' title='bbox 763 1941 873 1976; x_wconf 83' lang='lat' dir='ltr'><strong>juvenis</strong></span> <span class='ocrx_word' id='word_1_303' title='bbox 897 1941 1021 1968; x_wconf 90' lang='lat' dir='ltr'><strong>omnium</strong></span> 
     </span>
    </p>
   </div>
   <div class='ocr_carea' id='block_1_56' title="bbox 236 1987 950 2026">
    <p class='ocr_par' dir='ltr' id='par_1_56' title="bbox 236 1987 950 2026">
     <span class='ocr_line' id='line_1_56' title="bbox 236 1987 950 2026; baseline -0.01 -7"><span class='ocrx_word' id='word_1_304' title='bbox 236 1991 459 2026; x_wconf 74' lang='lat' dir='ltr'><strong>sapientissimus</strong></span> <span class='ocrx_word' id='word_1_305' title='bbox 470 1988 532 2021; x_wconf 84' lang='lat' dir='ltr'><strong>fuit,</strong></span> <span class='ocrx_word' id='word_1_306' title='bbox 545 1988 609 2023; x_wconf 88' lang='lat' dir='ltr'><strong>quia</strong></span> <span class='ocrx_word' id='word_1_307' title='bbox 625 1987 730 2015; x_wconf 83' lang='lat' dir='ltr'><strong>sciebat</strong></span> <span class='ocrx_word' id='word_1_308' title='bbox 747 1995 777 2014; x_wconf 83' lang='lat' dir='ltr'><strong>se</strong></span> <span class='ocrx_word' id='word_1_309' title='bbox 792 1987 861 2013; x_wconf 83' lang='lat' dir='ltr'><strong>nihil</strong></span> <span class='ocrx_word' id='word_1_310' title='bbox 879 1994 950 2013; x_wconf 85' lang='lat' dir='ltr'><strong>esse.</strong></span> 
     </span>
    </p>
   </div>
   <div class='ocr_carea' id='block_1_57' title="bbox 273 2032 1024 2064">
    <p class='ocr_par' dir='ltr' id='par_1_57' title="bbox 273 2032 1024 2064">
     <span class='ocr_line' id='line_1_57' title="bbox 273 2032 1024 2064; baseline -0.007 -1"><span class='ocrx_word' id='word_1_311' title='bbox 273 2037 404 2064; x_wconf 78' lang='lat' dir='ltr'><strong>Socratis.</strong></span> <span class='ocrx_word' id='word_1_312' title='bbox 430 2035 560 2062; x_wconf 76' lang='lat' dir='ltr'><strong>Socrates</strong></span> <span class='ocrx_word' id='word_1_313' title='bbox 587 2033 763 2060; x_wconf 81' lang='lat' dir='ltr'><strong>existimabat</strong></span> <span class='ocrx_word' id='word_1_314' title='bbox 789 2032 857 2059; x_wconf 89' lang='lat' dir='ltr'><strong>nihil</strong></span> <span class='ocrx_word' id='word_1_315' title='bbox 891 2040 920 2059; x_wconf 87' lang='lat' dir='ltr'><strong>se</strong></span> <span class='ocrx_word' id='word_1_316' title='bbox 952 2032 1024 2060; x_wconf 88' lang='lat' dir='ltr'><strong>scirc</strong></span> 
     </span>
    </p>
   </div>
   <div class='ocr_carea' id='block_1_58' title="bbox 238 2078 1024 2118">
    <p class='ocr_par' dir='ltr' id='par_1_58' title="bbox 238 2078 1024 2118">
     <span class='ocr_line' id='line_1_58' title="bbox 238 2078 1024 2118; baseline -0.005 -9"><span class='ocrx_word' id='word_1_317' title='bbox 238 2088 337 2118; x_wconf 52' lang='lat' dir='ltr'><strong>prater</strong></span> <span class='ocrx_word' id='word_1_318' title='bbox 355 2082 406 2108; x_wconf 86' lang='lat' dir='ltr'><strong>hoc</strong></span> <span class='ocrx_word' id='word_1_319' title='bbox 425 2089 508 2107; x_wconf 88' lang='lat' dir='ltr'><strong>unum</strong></span> <span class='ocrx_word' id='word_1_320' title='bbox 530 2080 603 2114; x_wconf 87' lang='lat' dir='ltr'><strong>quod</strong></span> <span class='ocrx_word' id='word_1_321' title='bbox 620 2079 690 2106; x_wconf 82' lang='lat' dir='ltr'><strong>nihil</strong></span> <span class='ocrx_word' id='word_1_322' title='bbox 706 2079 812 2105; x_wconf 84' lang='lat' dir='ltr'><strong>sciret:</strong></span> <span class='ocrx_word' id='word_1_323' title='bbox 826 2078 945 2113; x_wconf 82' lang='lat' dir='ltr'><strong>reliquos</strong></span> <span class='ocrx_word' id='word_1_324' title='bbox 960 2085 1024 2106; x_wconf 90' lang='lat' dir='ltr'><strong>vero</strong></span> 
     </span>
    </p>
   </div>
   <div class='ocr_carea' id='block_1_59' title="bbox 241 2124 561 2160">
    <p class='ocr_par' dir='ltr' id='par_1_59' title="bbox 241 2124 561 2160">
     <span class='ocr_line' id='line_1_59' title="bbox 241 2124 561 2160; baseline -0.016 -6"><span class='ocrx_word' id='word_1_325' title='bbox 241 2136 275 2155; x_wconf 88' lang='lat' dir='ltr'><strong>ne</strong></span> <span class='ocrx_word' id='word_1_326' title='bbox 290 2128 341 2153; x_wconf 85' lang='lat' dir='ltr'><strong>hoc</strong></span> <span class='ocrx_word' id='word_1_327' title='bbox 354 2125 463 2160; x_wconf 80' lang='lat' dir='ltr'><strong>quidem</strong></span> <span class='ocrx_word' id='word_1_328' title='bbox 479 2124 561 2151; x_wconf 80' lang='lat' dir='ltr'><strong>scire.</strong></span> 
     </span>
    </p>
   </div>
   <div class='ocr_carea' id='block_1_60' title="bbox 276 2167 1024 2205">
    <p class='ocr_par' dir='ltr' id='par_1_60' title="bbox 276 2167 1024 2205">
     <span class='ocr_line' id='line_1_60' title="bbox 276 2167 1024 2205; baseline -0.005 -8"><span class='ocrx_word' id='word_1_329' title='bbox 276 2172 325 2205; x_wconf 78' lang='lat' dir='ltr'><strong>Qui</strong></span> <span class='ocrx_word' id='word_1_330' title='bbox 339 2171 415 2197; x_wconf 73' lang='lat' dir='ltr'><strong>Valde</strong></span> <span class='ocrx_word' id='word_1_331' title='bbox 427 2168 593 2199; x_wconf 70' lang='lat' dir='ltr'><strong>febricitauit,</strong></span> <span class='ocrx_word' id='word_1_332' title='bbox 609 2167 760 2202; x_wconf 80' lang='lat' dir='ltr'><strong>appetitum</strong></span> <span class='ocrx_word' id='word_1_333' title='bbox 787 2171 815 2194; x_wconf 86' lang='lat' dir='ltr'><strong>et</strong></span> <span class='ocrx_word' id='word_1_334' title='bbox 842 2167 928 2193; x_wconf 86' lang='lat' dir='ltr'><strong>robur</strong></span> <span class='ocrx_word' id='word_1_335' title='bbox 945 2167 1024 2194; x_wconf 84' lang='lat' dir='ltr'><strong>amit—</strong></span> 
     </span>
    </p>
   </div>
   <div class='ocr_carea' id='block_1_61' title="bbox 242 2212 1026 2249">
    <p class='ocr_par' dir='ltr' id='par_1_61' title="bbox 242 2212 1026 2249">
     <span class='ocr_line' id='line_1_61' title="bbox 242 2212 1026 2249; baseline -0.006 -6"><span class='ocrx_word' id='word_1_336' title='bbox 242 2220 321 2243; x_wconf 84' lang='lat' dir='ltr'><strong>tunt:</strong></span> <span class='ocrx_word' id='word_1_337' title='bbox 340 2214 387 2249; x_wconf 87' lang='lat' dir='ltr'><strong>qui</strong></span> <span class='ocrx_word' id='word_1_338' title='bbox 407 2221 470 2240; x_wconf 90' lang='lat' dir='ltr'><strong>vero</strong></span> <span class='ocrx_word' id='word_1_339' title='bbox 485 2213 640 2248; x_wconf 88' lang='lat' dir='ltr'><strong>principum</strong></span> <span class='ocrx_word' id='word_1_340' title='bbox 666 2212 740 2239; x_wconf 83' lang='lat' dir='ltr'><strong>aulas</strong></span> <span class='ocrx_word' id='word_1_341' title='bbox 767 2212 933 2243; x_wconf 80' lang='lat' dir='ltr'><strong>inhabitant.</strong></span> <span class='ocrx_word' id='word_1_342' title='bbox 950 2219 1026 2238; x_wconf 84' lang='lat' dir='ltr'><strong>ruen-</strong></span> 
     </span>
    </p>
   </div>
   <div class='ocr_carea' id='block_1_62' title="bbox 1101 985 1857 1021">
    <p class='ocr_par' dir='ltr' id='par_1_62' title="bbox 1101 985 1857 1021">
     <span class='ocr_line' id='line_1_62' title="bbox 1101 985 1857 1021; baseline 0.003 -11"><span class='ocrx_word' id='word_1_343' title='bbox 1101 985 1275 1020; x_wconf 80' lang='grc' dir='ltr'>Συντήρησον</span> <span class='ocrx_word' id='word_1_344' title='bbox 1292 986 1340 1011; x_wconf 79' lang='grc' dir='ltr'><strong>καὶ</strong></span> <span class='ocrx_word' id='word_1_345' title='bbox 1358 985 1476 1020; x_wconf 77' lang='grc' dir='ltr'>πρόσεχε</span> <span class='ocrx_word' id='word_1_346' title='bbox 1493 985 1626 1021; x_wconf 79' lang='grc' dir='ltr'>σφοδρῶς,</span> <span class='ocrx_word' id='word_1_347' title='bbox 1643 986 1684 1012; x_wconf 87' lang='grc' dir='ltr'><strong>δτι</strong></span> <span class='ocrx_word' id='word_1_348' title='bbox 1710 985 1781 1020; x_wconf 79' lang='grc' dir='ltr'>μετὰ</span> <span class='ocrx_word' id='word_1_349' title='bbox 1805 988 1857 1021; x_wconf 74' lang='grc' dir='ltr'>τῆς</span> 
     </span>
    </p>
   </div>
   <div class='ocr_carea' id='block_1_63' title="bbox 1066 1030 1450 1066">
    <p class='ocr_par' dir='ltr' id='par_1_63' title="bbox 1066 1030 1450 1066">
     <span class='ocr_line' id='line_1_63' title="bbox 1066 1030 1450 1066; baseline 0 -9"><span class='ocrx_word' id='word_1_350' title='bbox 1066 1030 1196 1063; x_wconf 85' lang='grc' dir='ltr'>πτώσεώς</span> <span class='ocrx_word' id='word_1_351' title='bbox 1213 1040 1260 1057; x_wconf 91' lang='grc' dir='ltr'><strong>σου</strong></span> <span class='ocrx_word' id='word_1_352' title='bbox 1277 1033 1450 1066; x_wconf 78' lang='grc' dir='ltr'>περιπατεῖς,</span> 
     </span>
    </p>
   </div>
   <div class='ocr_carea' id='block_1_64' title="bbox 1107 1077 1858 1114">
    <p class='ocr_par' dir='ltr' id='par_1_64' title="bbox 1107 1077 1858 1114">
     <span class='ocr_line' id='line_1_64' title="bbox 1107 1077 1858 1114; baseline 0.001 -11"><span class='ocrx_word' id='word_1_353' title='bbox 1107 1077 1139 1103; x_wconf 86' lang='grc' dir='ltr'><em>Ἦ</em></span> <span class='ocrx_word' id='word_1_354' title='bbox 1152 1077 1269 1113; x_wconf 74' lang='grc' dir='ltr'>ἀκριϐὴς</span> <span class='ocrx_word' id='word_1_355' title='bbox 1280 1078 1395 1104; x_wconf 83' lang='grc' dir='ltr'>σεαυτοῦ</span> <span class='ocrx_word' id='word_1_356' title='bbox 1407 1079 1571 1114; x_wconf 82' lang='grc' dir='ltr'>κατανόησις</span> <span class='ocrx_word' id='word_1_357' title='bbox 1584 1079 1709 1113; x_wconf 71' lang='grc' dir='ltr'>αὐτάρκη</span> <span class='ocrx_word' id='word_1_358' title='bbox 1727 1087 1769 1104; x_wconf 90' lang='grc' dir='ltr'><strong>σοι</strong></span> <span class='ocrx_word' id='word_1_359' title='bbox 1784 1087 1858 1113; x_wconf 79' lang='grc' dir='ltr'>παρ-</span> 
     </span>
    </p>
   </div>
   <div class='ocr_carea' id='block_1_65' title="bbox 1066 1123 1859 1159">
    <p class='ocr_par' dir='ltr' id='par_1_65' title="bbox 1066 1123 1859 1159">
     <span class='ocr_line' id='line_1_65' title="bbox 1066 1123 1859 1159; baseline 0.001 -10"><span class='ocrx_word' id='word_1_360' title='bbox 1066 1123 1123 1158; x_wconf 72' lang='grc' dir='ltr'>έχει</span> <span class='ocrx_word' id='word_1_361' title='bbox 1141 1123 1190 1149; x_wconf 81' lang='grc' dir='ltr'>καὶ</span> <span class='ocrx_word' id='word_1_362' title='bbox 1215 1123 1400 1158; x_wconf 85' lang='grc' dir='ltr'>χειραγωγίαν</span> <span class='ocrx_word' id='word_1_363' title='bbox 1426 1124 1494 1159; x_wconf 81' lang='grc' dir='ltr'>πρὸς</span> <span class='ocrx_word' id='word_1_364' title='bbox 1519 1125 1570 1159; x_wconf 79' lang='grc' dir='ltr'>τὴν</span> <span class='ocrx_word' id='word_1_365' title='bbox 1588 1124 1692 1151; x_wconf 75' lang='grc' dir='ltr'>ἔννοιαν</span> <span class='ocrx_word' id='word_1_366' title='bbox 1710 1124 1758 1150; x_wconf 85' lang='grc' dir='ltr'>τοῦ</span> <span class='ocrx_word' id='word_1_367' title='bbox 1775 1123 1859 1150; x_wconf 81' lang='grc' dir='ltr'>Θεοῦ.</span> 
     </span>
    </p>
   </div>
   <div class='ocr_carea' id='block_1_66' title="bbox 1102 1213 1861 1248">
    <p class='ocr_par' dir='ltr' id='par_1_66' title="bbox 1102 1213 1861 1248">
     <span class='ocr_line' id='line_1_66' title="bbox 1102 1213 1861 1248; baseline -0.001 -8"><span class='ocrx_word' id='word_1_368' title='bbox 1102 1213 1285 1248; x_wconf 73' lang='grc' dir='ltr'>Μεμνημένος</span> <span class='ocrx_word' id='word_1_369' title='bbox 1308 1213 1357 1245; x_wconf 84' lang='grc' dir='ltr'><strong>τῆς</strong></span> <span class='ocrx_word' id='word_1_370' title='bbox 1382 1213 1499 1246; x_wconf 77' lang='grc' dir='ltr'>φύσεως,</span> <span class='ocrx_word' id='word_1_371' title='bbox 1529 1213 1580 1239; x_wconf 77' lang='grc' dir='ltr'>οὐκ</span> <span class='ocrx_word' id='word_1_372' title='bbox 1604 1213 1750 1248; x_wconf 74' lang='grc' dir='ltr'>ἑπαρθήσῃ</span> <span class='ocrx_word' id='word_1_373' title='bbox 1779 1213 1861 1239; x_wconf 74' lang='grc' dir='ltr'>ποτέ.</span> 
     </span>
    </p>
   </div>
   <div class='ocr_carea' id='block_1_67' title="bbox 1066 1258 1859 1295">
    <p class='ocr_par' dir='ltr' id='par_1_67' title="bbox 1066 1258 1859 1295">
     <span class='ocr_line' id='line_1_67' title="bbox 1066 1258 1859 1295; baseline 0 -10"><span class='ocrx_word' id='word_1_374' title='bbox 1066 1259 1202 1294; x_wconf 78' lang='grc' dir='ltr'>Μεμνήσῃ</span> <span class='ocrx_word' id='word_1_375' title='bbox 1216 1259 1244 1284; x_wconf 78' lang='grc' dir='ltr'>δὲ</span> <span class='ocrx_word' id='word_1_376' title='bbox 1260 1259 1342 1285; x_wconf 80' lang='grc' dir='ltr'>αὐτοῦ</span> <span class='ocrx_word' id='word_1_377' title='bbox 1363 1258 1483 1295; x_wconf 51' lang='lat' dir='ltr'><strong>[absim],</strong></span> <span class='ocrx_word' id='word_1_378' title='bbox 1500 1258 1547 1284; x_wconf 75' lang='grc' dir='ltr'><strong>ἐὰν</strong></span> <span class='ocrx_word' id='word_1_379' title='bbox 1573 1259 1710 1294; x_wconf 76' lang='grc' dir='ltr'>προσέχῃς</span> <span class='ocrx_word' id='word_1_380' title='bbox 1745 1260 1859 1286; x_wconf 78' lang='grc' dir='ltr'>σαυτόν.</span> 
     </span>
    </p>
   </div>
   <div class='ocr_carea' id='block_1_68' title="bbox 1105 1304 1861 1339">
    <p class='ocr_par' dir='ltr' id='par_1_68' title="bbox 1105 1304 1861 1339">
     <span class='ocr_line' id='line_1_68' title="bbox 1105 1304 1861 1339; baseline -0.001 -8"><span class='ocrx_word' id='word_1_381' title='bbox 1105 1305 1238 1336; x_wconf 75' lang='grc' dir='ltr'>Ἐπαθες,</span> <span class='ocrx_word' id='word_1_382' title='bbox 1256 1304 1394 1339; x_wconf 75' lang='grc' dir='ltr'><strong>ἄνθρωπε,</strong></span> <span class='ocrx_word' id='word_1_383' title='bbox 1409 1304 1423 1330; x_wconf 82' lang='grc' dir='ltr'><strong>δ</strong></span> <span class='ocrx_word' id='word_1_384' title='bbox 1438 1304 1577 1338; x_wconf 78' lang='grc' dir='ltr'>ἐγκαλεῖς·</span> <span class='ocrx_word' id='word_1_385' title='bbox 1602 1305 1649 1330; x_wconf 79' lang='grc' dir='ltr'>καὶ</span> <span class='ocrx_word' id='word_1_386' title='bbox 1665 1306 1695 1331; x_wconf 73' lang='grc' dir='ltr'>τὸ</span> <span class='ocrx_word' id='word_1_387' title='bbox 1712 1305 1765 1339; x_wconf 84' lang='grc' dir='ltr'>μὲν</span> <span class='ocrx_word' id='word_1_388' title='bbox 1780 1304 1861 1331; x_wconf 68' lang='grc' dir='ltr'>ἁλλό-</span> 
     </span>
    </p>
   </div>
   <div class='ocr_carea' id='block_1_69' title="bbox 1067 1349 1862 1386">
    <p class='ocr_par' dir='ltr' id='par_1_69' title="bbox 1067 1349 1862 1386">
     <span class='ocr_line' id='line_1_69' title="bbox 1067 1349 1862 1386; baseline 0.001 -10"><span class='ocrx_word' id='word_1_389' title='bbox 1067 1359 1143 1385; x_wconf 75' lang='grc' dir='ltr'>τριον</span> <span class='ocrx_word' id='word_1_390' title='bbox 1159 1350 1243 1376; x_wconf 81' lang='grc' dir='ltr'>κακὸν</span> <span class='ocrx_word' id='word_1_391' title='bbox 1256 1350 1394 1384; x_wconf 74' lang='grc' dir='ltr'><strong>ἐπιμελῶς</strong></span> <span class='ocrx_word' id='word_1_392' title='bbox 1409 1349 1529 1384; x_wconf 78' lang='grc' dir='ltr'><strong>βλέπεις,</strong></span> <span class='ocrx_word' id='word_1_393' title='bbox 1542 1350 1571 1376; x_wconf 78' lang='grc' dir='ltr'>τὸ</span> <span class='ocrx_word' id='word_1_394' title='bbox 1587 1349 1616 1376; x_wconf 79' lang='grc' dir='ltr'>δὲ</span> <span class='ocrx_word' id='word_1_395' title='bbox 1632 1350 1730 1376; x_wconf 78' lang='grc' dir='ltr'>σαυτοῦ</span> <span class='ocrx_word' id='word_1_396' title='bbox 1746 1351 1862 1386; x_wconf 75' lang='grc' dir='ltr'>αἰσχρὸν</span> 
     </span>
    </p>
   </div>
   <div class='ocr_carea' id='block_1_70' title="bbox 1068 1395 1299 1430">
    <p class='ocr_par' dir='ltr' id='par_1_70' title="bbox 1068 1395 1299 1430">
     <span class='ocr_line' id='line_1_70' title="bbox 1068 1395 1299 1430; baseline -0.009 -7"><span class='ocrx_word' id='word_1_397' title='bbox 1068 1396 1186 1430; x_wconf 83' lang='grc' dir='ltr'>οὐδαμοῦ</span> <span class='ocrx_word' id='word_1_398' title='bbox 1203 1395 1299 1427; x_wconf 81' lang='grc' dir='ltr'>τιθεϊς.</span> 
     </span>
    </p>
   </div>
   <div class='ocr_carea' id='block_1_71' title="bbox 1105 1441 1863 1477">
    <p class='ocr_par' dir='ltr' id='par_1_71' title="bbox 1105 1441 1863 1477">
     <span class='ocr_line' id='line_1_71' title="bbox 1105 1441 1863 1477; baseline 0 -9"><span class='ocrx_word' id='word_1_399' title='bbox 1105 1442 1190 1473; x_wconf 78' lang='grc' dir='ltr'>Οὗτος</span> <span class='ocrx_word' id='word_1_400' title='bbox 1211 1441 1329 1476; x_wconf 83' lang='grc' dir='ltr'>μάλιστά</span> <span class='ocrx_word' id='word_1_401' title='bbox 1346 1442 1422 1469; x_wconf 79' lang='grc' dir='ltr'>ἐστιν</span> <span class='ocrx_word' id='word_1_402' title='bbox 1450 1443 1465 1468; x_wconf 85' lang='grc' dir='ltr'>ὀ</span> <span class='ocrx_word' id='word_1_403' title='bbox 1487 1442 1585 1469; x_wconf 72' lang='grc' dir='ltr'>ἑαυτὸν</span> <span class='ocrx_word' id='word_1_404' title='bbox 1614 1441 1704 1474; x_wconf 82' lang='grc' dir='ltr'>εἰδὼς,</span> <span class='ocrx_word' id='word_1_405' title='bbox 1730 1442 1745 1468; x_wconf 80' lang='grc'>6</span> <span class='ocrx_word' id='word_1_406' title='bbox 1775 1442 1863 1477; x_wconf 79' lang='grc' dir='ltr'>μηδὲν</span> 
     </span>
    </p>
   </div>
   <div class='ocr_carea' id='block_1_72' title="bbox 1070 1485 1401 1522">
    <p class='ocr_par' dir='ltr' id='par_1_72' title="bbox 1070 1485 1401 1522">
     <span class='ocr_line' id='line_1_72' title="bbox 1070 1485 1401 1522; baseline 0.003 -8"><span class='ocrx_word' id='word_1_407' title='bbox 1070 1488 1166 1515; x_wconf 78' lang='grc' dir='ltr'>ἑαυτὸν</span> <span class='ocrx_word' id='word_1_408' title='bbox 1181 1485 1254 1514; x_wconf 75' lang='grc' dir='ltr'>εἶναι</span> <span class='ocrx_word' id='word_1_409' title='bbox 1270 1487 1401 1522; x_wconf 77' lang='grc' dir='ltr'>νομίζων.</span> 
     </span>
    </p>
   </div>
   <div class='ocr_carea' id='block_1_73' title="bbox 1106 1533 1862 1572">
    <p class='ocr_par' dir='ltr' id='par_1_73' title="bbox 1106 1533 1862 1572">
     <span class='ocr_line' id='line_1_73' title="bbox 1106 1533 1862 1572; baseline -0.001 -11"><span class='ocrx_word' id='word_1_410' title='bbox 1106 1534 1137 1561; x_wconf 83' lang='grc' dir='ltr'><strong>Εἰ</strong></span> <span class='ocrx_word' id='word_1_411' title='bbox 1157 1534 1246 1568; x_wconf 84' lang='grc' dir='ltr'>βούλει</span> <span class='ocrx_word' id='word_1_412' title='bbox 1260 1533 1362 1567; x_wconf 84' lang='grc' dir='ltr'>γνῶναι</span> <span class='ocrx_word' id='word_1_413' title='bbox 1377 1533 1454 1566; x_wconf 79' lang='grc' dir='ltr'>Θεὸν,</span> <span class='ocrx_word' id='word_1_414' title='bbox 1475 1535 1619 1572; x_wconf 61' lang='grc' dir='ltr'>προλαδὼν</span> <span class='ocrx_word' id='word_1_415' title='bbox 1637 1534 1722 1570; x_wconf 83' lang='grc' dir='ltr'>γνῶθι</span> <span class='ocrx_word' id='word_1_416' title='bbox 1749 1534 1862 1561; x_wconf 81' lang='grc' dir='ltr'>σαυτὸν.</span> 
     </span>
    </p>
   </div>
   <div class='ocr_carea' id='block_1_74' title="bbox 1106 1619 1738 1658">
    <p class='ocr_par' dir='ltr' id='par_1_74' title="bbox 1106 1619 1738 1658">
     <span class='ocr_line' id='line_1_74' title="bbox 1106 1619 1738 1658; baseline 0.003 -10"><span class='ocrx_word' id='word_1_417' title='bbox 1106 1622 1137 1648; x_wconf 81' lang='lat' dir='ltr'><strong>Ei</strong></span> <span class='ocrx_word' id='word_1_418' title='bbox 1155 1621 1253 1657; x_wconf 69' lang='grc' dir='ltr'>θνητὸς</span> <span class='ocrx_word' id='word_1_419' title='bbox 1265 1619 1300 1654; x_wconf 83' lang='grc' dir='ltr'>εῐ,</span> <span class='ocrx_word' id='word_1_420' title='bbox 1319 1621 1453 1657; x_wconf 83' lang='grc' dir='ltr'>βέλτιστε,</span> <span class='ocrx_word' id='word_1_421' title='bbox 1469 1621 1554 1657; x_wconf 77' lang='grc' dir='ltr'>θνητὰ</span> <span class='ocrx_word' id='word_1_422' title='bbox 1571 1622 1616 1650; x_wconf 80' lang='grc' dir='ltr'><strong>καὶ</strong></span> <span class='ocrx_word' id='word_1_423' title='bbox 1634 1623 1738 1658; x_wconf 74' lang='grc' dir='ltr'>φρόνει.</span> 
     </span>
    </p>
   </div>
   <div class='ocr_carea' id='block_1_75' title="bbox 1106 1709 1867 1746">
    <p class='ocr_par' dir='ltr' id='par_1_75' title="bbox 1106 1709 1867 1746">
     <span class='ocr_line' id='line_1_75' title="bbox 1106 1709 1867 1746; baseline 0.005 -10"><span class='ocrx_word' id='word_1_424' title='bbox 1106 1709 1193 1745; x_wconf 76' lang='grc' dir='ltr'>Οἶμαι</span> <span class='ocrx_word' id='word_1_425' title='bbox 1213 1710 1243 1737; x_wconf 82' lang='grc' dir='ltr'><strong>τὸ</strong></span> <span class='ocrx_word' id='word_1_426' title='bbox 1267 1710 1363 1745; x_wconf 77' lang='grc' dir='ltr'>μέλλον</span> <span class='ocrx_word' id='word_1_427' title='bbox 1380 1710 1484 1738; x_wconf 77' lang='grc' dir='ltr'>ἀπασιν</span> <span class='ocrx_word' id='word_1_428' title='bbox 1499 1711 1656 1745; x_wconf 80' lang='grc' dir='ltr'>ἀνθρώποις</span> <span class='ocrx_word' id='word_1_429' title='bbox 1677 1712 1779 1746; x_wconf 69' lang='grc' dir='ltr'>ἄδηλον</span> <span class='ocrx_word' id='word_1_430' title='bbox 1791 1732 1798 1743; x_wconf 87' lang='grc'><strong>,</strong></span> <span class='ocrx_word' id='word_1_431' title='bbox 1817 1714 1867 1740; x_wconf 71' lang='grc' dir='ltr'><strong>καὶ</strong></span> 
     </span>
    </p>
   </div>
   <div class='ocr_carea' id='block_1_76' title="bbox 1073 1756 1867 1791">
    <p class='ocr_par' dir='ltr' id='par_1_76' title="bbox 1073 1756 1867 1791">
     <span class='ocr_line' id='line_1_76' title="bbox 1073 1756 1867 1791; baseline 0.003 -9"><span class='ocrx_word' id='word_1_432' title='bbox 1073 1758 1169 1791; x_wconf 80' lang='grc' dir='ltr'>μικροὶ</span> <span class='ocrx_word' id='word_1_433' title='bbox 1183 1756 1274 1791; x_wconf 80' lang='grc' dir='ltr'>καιροὶ</span> <span class='ocrx_word' id='word_1_434' title='bbox 1297 1757 1422 1791; x_wconf 79' lang='grc' dir='ltr'>μεγάλων</span> <span class='ocrx_word' id='word_1_435' title='bbox 1439 1758 1612 1791; x_wconf 77' lang='grc' dir='ltr'>πραγμάτων</span> <span class='ocrx_word' id='word_1_436' title='bbox 1628 1757 1711 1783; x_wconf 75' lang='grc' dir='ltr'>αἴτιοι</span> <span class='ocrx_word' id='word_1_437' title='bbox 1726 1757 1867 1790; x_wconf 78' lang='grc' dir='ltr'>γίνονται.</span> 
     </span>
    </p>
   </div>
   <div class='ocr_carea' id='block_1_77' title="bbox 1072 1800 1867 1837">
    <p class='ocr_par' dir='ltr' id='par_1_77' title="bbox 1072 1800 1867 1837">
     <span class='ocr_line' id='line_1_77' title="bbox 1072 1800 1867 1837; baseline 0 -9"><span class='ocrx_word' id='word_1_438' title='bbox 1072 1801 1117 1828; x_wconf 83' lang='grc' dir='ltr'><strong>Διὸ</strong></span> <span class='ocrx_word' id='word_1_439' title='bbox 1130 1801 1171 1827; x_wconf 82' lang='grc' dir='ltr'><strong>δεῖ</strong></span> <span class='ocrx_word' id='word_1_440' title='bbox 1184 1800 1344 1836; x_wconf 74' lang='grc' dir='ltr'>μετριάζειν</span> <span class='ocrx_word' id='word_1_441' title='bbox 1361 1803 1389 1828; x_wconf 86' lang='grc' dir='ltr'>ὲν</span> <span class='ocrx_word' id='word_1_442' title='bbox 1404 1803 1464 1833; x_wconf 83' lang='grc' dir='ltr'>ταῖς</span> <span class='ocrx_word' id='word_1_443' title='bbox 1479 1802 1655 1837; x_wconf 75' lang='grc' dir='ltr'>εὐπραξίαις,</span> <span class='ocrx_word' id='word_1_444' title='bbox 1672 1801 1720 1828; x_wconf 81' lang='grc' dir='ltr'><strong>καὶ</strong></span> <span class='ocrx_word' id='word_1_445' title='bbox 1735 1810 1867 1837; x_wconf 75' lang='grc' dir='ltr'>προορω-</span> 
     </span>
    </p>
   </div>
   <div class='ocr_carea' id='block_1_78' title="bbox 1073 1846 1494 1882">
    <p class='ocr_par' dir='ltr' id='par_1_78' title="bbox 1073 1846 1494 1882">
     <span class='ocr_line' id='line_1_78' title="bbox 1073 1846 1494 1882; baseline 0 -8"><span class='ocrx_word' id='word_1_446' title='bbox 1073 1847 1171 1882; x_wconf 80' lang='grc' dir='ltr'>μένους</span> <span class='ocrx_word' id='word_1_447' title='bbox 1181 1847 1212 1873; x_wconf 85' lang='grc' dir='ltr'><strong>τὺ</strong></span> <span class='ocrx_word' id='word_1_448' title='bbox 1224 1846 1322 1881; x_wconf 77' lang='grc' dir='ltr'>μέλλον</span> <span class='ocrx_word' id='word_1_449' title='bbox 1338 1847 1494 1880; x_wconf 76' lang='grc' dir='ltr'>φαίνεσθαι.</span> 
     </span>
    </p>
   </div>
   <div class='ocr_carea' id='block_1_79' title="bbox 1115 1937 1867 1976">
    <p class='ocr_par' dir='ltr' id='par_1_79' title="bbox 1115 1937 1867 1976">
     <span class='ocr_line' id='line_1_79' title="bbox 1115 1937 1867 1976; baseline 0.004 -12"><span class='ocrx_word' id='word_1_450' title='bbox 1115 1937 1293 1972; x_wconf 73' lang='grc' dir='ltr'>Ἡράκλειτος</span> <span class='ocrx_word' id='word_1_451' title='bbox 1311 1939 1371 1971; x_wconf 85' lang='grc' dir='ltr'>νέος</span> <span class='ocrx_word' id='word_1_452' title='bbox 1394 1939 1432 1966; x_wconf 82' lang='grc' dir='ltr'><strong>ὢν</strong></span> <span class='ocrx_word' id='word_1_453' title='bbox 1456 1940 1566 1967; x_wconf 79' lang='grc' dir='ltr'>πάντων</span> <span class='ocrx_word' id='word_1_454' title='bbox 1582 1940 1679 1975; x_wconf 78' lang='grc' dir='ltr'>γέγονε</span> <span class='ocrx_word' id='word_1_455' title='bbox 1696 1942 1867 1976; x_wconf 77' lang='grc' dir='ltr'>σοφώτερος,</span> 
     </span>
    </p>
   </div>
   <div class='ocr_carea' id='block_1_80' title="bbox 1073 1983 1490 2019">
    <p class='ocr_par' dir='ltr' id='par_1_80' title="bbox 1073 1983 1490 2019">
     <span class='ocr_line' id='line_1_80' title="bbox 1073 1983 1490 2019; baseline 0.005 -9"><span class='ocrx_word' id='word_1_456' title='bbox 1073 1984 1114 2010; x_wconf 79' lang='grc' dir='ltr'>ὅτι</span> <span class='ocrx_word' id='word_1_457' title='bbox 1128 1983 1186 2019; x_wconf 81' lang='grc' dir='ltr'>ᾔδει</span> <span class='ocrx_word' id='word_1_458' title='bbox 1206 1984 1303 2010; x_wconf 77' lang='grc' dir='ltr'>ἑαυτὸν</span> <span class='ocrx_word' id='word_1_459' title='bbox 1317 1985 1401 2019; x_wconf 78' lang='grc' dir='ltr'>μηδὲν</span> <span class='ocrx_word' id='word_1_460' title='bbox 1414 1985 1490 2012; x_wconf 75' lang='grc' dir='ltr'>ὄντα.</span> 
     </span>
    </p>
   </div>
   <div class='ocr_carea' id='block_1_81' title="bbox 1109 2029 1868 2066">
    <p class='ocr_par' dir='ltr' id='par_1_81' title="bbox 1109 2029 1868 2066">
     <span class='ocr_line' id='line_1_81' title="bbox 1109 2029 1868 2066; baseline 0.005 -11"><span class='ocrx_word' id='word_1_461' title='bbox 1109 2029 1258 2064; x_wconf 73' lang='grc' dir='ltr'>Σωκράτης</span> <span class='ocrx_word' id='word_1_462' title='bbox 1273 2029 1344 2065; x_wconf 79' lang='grc' dir='ltr'>ᾤετο</span> <span class='ocrx_word' id='word_1_463' title='bbox 1360 2030 1444 2066; x_wconf 65' lang='grc' dir='ltr'>μηδὲν</span> <span class='ocrx_word' id='word_1_464' title='bbox 1468 2031 1580 2064; x_wconf 83' lang='grc' dir='ltr'>εἰδέναι,</span> <span class='ocrx_word' id='word_1_465' title='bbox 1598 2031 1668 2064; x_wconf 77' lang='grc' dir='ltr'>πλὴν</span> <span class='ocrx_word' id='word_1_466' title='bbox 1689 2032 1758 2058; x_wconf 77' lang='grc' dir='ltr'>αὐτὸ</span> <span class='ocrx_word' id='word_1_467' title='bbox 1775 2033 1868 2065; x_wconf 72' lang='grc' dir='ltr'>τοῦτο,</span> 
     </span>
    </p>
   </div>
   <div class='ocr_carea' id='block_1_82' title="bbox 1073 2073 1868 2111">
    <p class='ocr_par' dir='ltr' id='par_1_82' title="bbox 1073 2073 1868 2111">
     <span class='ocr_line' id='line_1_82' title="bbox 1073 2073 1868 2111; baseline 0.004 -10"><span class='ocrx_word' id='word_1_468' title='bbox 1073 2074 1115 2101; x_wconf 84' lang='grc' dir='ltr'>ὅτι</span> <span class='ocrx_word' id='word_1_469' title='bbox 1134 2075 1216 2109; x_wconf 78' lang='grc' dir='ltr'>μηδὲν</span> <span class='ocrx_word' id='word_1_470' title='bbox 1239 2073 1319 2102; x_wconf 72' lang='grc' dir='ltr'>οἶδεν·</span> <span class='ocrx_word' id='word_1_471' title='bbox 1336 2076 1400 2107; x_wconf 82' lang='grc' dir='ltr'>τοὺς</span> <span class='ocrx_word' id='word_1_472' title='bbox 1418 2076 1446 2102; x_wconf 73' lang='grc' dir='ltr'>δὲ</span> <span class='ocrx_word' id='word_1_473' title='bbox 1471 2076 1583 2108; x_wconf 85' lang='grc' dir='ltr'>λοιποὺς</span> <span class='ocrx_word' id='word_1_474' title='bbox 1607 2075 1675 2111; x_wconf 79' lang='grc' dir='ltr'>μηδὲ</span> <span class='ocrx_word' id='word_1_475' title='bbox 1693 2076 1779 2104; x_wconf 80' lang='grc' dir='ltr'>τοῦτο</span> <span class='ocrx_word' id='word_1_476' title='bbox 1798 2078 1868 2105; x_wconf 75' lang='grc' dir='ltr'>ειδέ-</span> 
     </span>
    </p>
   </div>
   <div class='ocr_carea' id='block_1_83' title="bbox 1075 2128 1128 2146">
    <p class='ocr_par' dir='ltr' id='par_1_83' title="bbox 1075 2128 1128 2146">
     <span class='ocr_line' id='line_1_83' title="bbox 1075 2128 1128 2146; baseline 0.019 -1"><span class='ocrx_word' id='word_1_477' title='bbox 1075 2128 1128 2146; x_wconf 84' lang='grc' dir='ltr'>ναι.</span> 
     </span>
    </p>
   </div>
   <div class='ocr_carea' id='block_1_84' title="bbox 1111 2165 1869 2205">
    <p class='ocr_par' dir='ltr' id='par_1_84' title="bbox 1111 2165 1869 2205">
     <span class='ocr_line' id='line_1_84' title="bbox 1111 2165 1869 2205; baseline 0.007 -14"><span class='ocrx_word' id='word_1_478' title='bbox 1111 2165 1142 2191; x_wconf 80' lang='lat' dir='ltr'><strong>Ol</strong></span> <span class='ocrx_word' id='word_1_479' title='bbox 1157 2165 1207 2200; x_wconf 77' lang='grc' dir='ltr'><strong>μὲν</strong></span> <span class='ocrx_word' id='word_1_480' title='bbox 1224 2165 1347 2201; x_wconf 75' lang='grc' dir='ltr'>σφοδρῶς</span> <span class='ocrx_word' id='word_1_481' title='bbox 1368 2167 1548 2201; x_wconf 77' lang='grc' dir='ltr'>πυρέττοντες</span> <span class='ocrx_word' id='word_1_482' title='bbox 1570 2167 1618 2202; x_wconf 83' lang='grc' dir='ltr'>τὴν</span> <span class='ocrx_word' id='word_1_483' title='bbox 1639 2167 1733 2202; x_wconf 77' lang='grc' dir='ltr'>ὄρεξιν</span> <span class='ocrx_word' id='word_1_484' title='bbox 1752 2170 1803 2195; x_wconf 75' lang='grc' dir='ltr'><strong>καὶ</strong></span> <span class='ocrx_word' id='word_1_485' title='bbox 1821 2169 1869 2205; x_wconf 75' lang='grc' dir='ltr'>τὴν</span> 
     </span>
    </p>
   </div>
   <div class='ocr_carea' id='block_1_85' title="bbox 1078 2209 1870 2246">
    <p class='ocr_par' dir='ltr' id='par_1_85' title="bbox 1078 2209 1870 2246">
     <span class='ocr_line' id='line_1_85' title="bbox 1078 2209 1870 2246; baseline 0.005 -10"><span class='ocrx_word' id='word_1_486' title='bbox 1078 2209 1185 2245; x_wconf 75' lang='grc' dir='ltr'>ῥώμην,</span> <span class='ocrx_word' id='word_1_487' title='bbox 1204 2211 1229 2236; x_wconf 82' lang='grc' dir='ltr'><strong>οι</strong></span> <span class='ocrx_word' id='word_1_488' title='bbox 1249 2210 1271 2236; x_wconf 81' lang='grc' dir='ltr'>δ’</span> <span class='ocrx_word' id='word_1_489' title='bbox 1288 2211 1317 2237; x_wconf 73' lang='grc' dir='ltr'>ὲν</span> <span class='ocrx_word' id='word_1_490' title='bbox 1331 2212 1388 2242; x_wconf 82' lang='grc' dir='ltr'>τοῖς</span> <span class='ocrx_word' id='word_1_491' title='bbox 1407 2211 1555 2245; x_wconf 82' lang='grc' dir='ltr'>βασιλείοις</span> <span class='ocrx_word' id='word_1_492' title='bbox 1582 2212 1798 2246; x_wconf 78' lang='grc' dir='ltr'>παροικοῦντες,</span> <span class='ocrx_word' id='word_1_493' title='bbox 1824 2215 1870 2240; x_wconf 72' lang='grc' dir='ltr'>τὸν</span> 
     </span>
    </p>
   </div>
   <div class='ocr_carea' id='block_1_86' title="bbox 241 2254 1016 2295">
    <p class='ocr_par' dir='ltr' id='par_1_86' title="bbox 241 2257 1012 2292">
     <span class='ocr_line' id='line_1_86' title="bbox 241 2257 1012 2292; baseline -0.006 -3"><span class='ocrx_word' id='word_1_494' title='bbox 241 2267 294 2290; x_wconf 86' lang='lat' dir='ltr'><strong>tem</strong></span> <span class='ocrx_word' id='word_1_495' title='bbox 312 2266 341 2287; x_wconf 88' lang='lat' dir='ltr'><strong>et</strong></span> <span class='ocrx_word' id='word_1_496' title='bbox 357 2261 443 2287; x_wconf 89' lang='lat' dir='ltr'><strong>bonos</strong></span> <span class='ocrx_word' id='word_1_497' title='bbox 460 2266 551 2286; x_wconf 88' lang='lat' dir='ltr'><strong>mores</strong></span> <span class='ocrx_word' id='word_1_498' title='bbox 571 2257 685 2292; x_wconf 82' lang='lat' dir='ltr'><strong>perdere</strong></span> <span class='ocrx_word' id='word_1_499' title='bbox 709 2257 807 2290; x_wconf 83' lang='lat' dir='ltr'><strong>solent,</strong></span> <span class='ocrx_word' id='word_1_500' title='bbox 827 2257 879 2285; x_wconf 83' lang='lat' dir='ltr'><strong>nisi</strong></span> <span class='ocrx_word' id='word_1_501' title='bbox 899 2257 1012 2292; x_wconf 73' lang='lat' dir='ltr'><strong>frequen</strong></span> 
     </span>
    </p>
   </div>
   <div class='ocr_carea' id='block_1_87' title="bbox 1090 2254 1868 2295">
    <p class='ocr_par' dir='ltr' id='par_1_87' title="bbox 1090 2256 1868 2295">
     <span class='ocr_line' id='line_1_87' title="bbox 1090 2256 1868 2295; baseline 0.004 -12"><span class='ocrx_word' id='word_1_502' title='bbox 1090 2256 1139 2283; x_wconf 72' lang='grc' dir='ltr'>ὀὖν</span> <span class='ocrx_word' id='word_1_503' title='bbox 1153 2258 1200 2284; x_wconf 80' lang='grc' dir='ltr'><strong>καὶ</strong></span> <span class='ocrx_word' id='word_1_504' title='bbox 1221 2258 1255 2284; x_wconf 81' lang='grc' dir='ltr'>τὰ</span> <span class='ocrx_word' id='word_1_505' title='bbox 1269 2257 1322 2292; x_wconf 74' lang='grc' dir='ltr'>ἢθη</span> <span class='ocrx_word' id='word_1_506' title='bbox 1342 2258 1482 2292; x_wconf 75' lang='grc' dir='ltr'>πεφύκασι</span> <span class='ocrx_word' id='word_1_507' title='bbox 1497 2258 1715 2293; x_wconf 76' lang='grc' dir='ltr'>διαφθείρεσθαι,</span> <span class='ocrx_word' id='word_1_508' title='bbox 1729 2260 1755 2286; x_wconf 78' lang='grc' dir='ltr'><strong>ει</strong></span> <span class='ocrx_word' id='word_1_509' title='bbox 1775 2260 1816 2295; x_wconf 79' lang='grc' dir='ltr'>μὴ</span> <span class='ocrx_word' id='word_1_510' title='bbox 1829 2261 1868 2293; x_wconf 82' lang='grc' dir='ltr'>τὸ,</span> 
     </span>
    </p>
   </div>
   <div class='ocr_carea' id='block_1_88' title="bbox 243 2301 1026 2338">
    <p class='ocr_par' dir='ltr' id='par_1_88' title="bbox 243 2301 1026 2338">
     <span class='ocr_line' id='line_1_88' title="bbox 243 2301 1026 2338; baseline -0.006 -4"><span class='ocrx_word' id='word_1_511' title='bbox 243 2312 283 2334; x_wconf 79' lang='lat' dir='ltr'><strong>ter</strong></span> <span class='ocrx_word' id='word_1_512' title='bbox 304 2306 397 2333; x_wconf 86' lang='lat' dir='ltr'><strong>animo</strong></span> <span class='ocrx_word' id='word_1_513' title='bbox 417 2308 540 2338; x_wconf 76' lang='lat' dir='ltr'><strong>repetant</strong></span> <span class='ocrx_word' id='word_1_514' title='bbox 567 2302 619 2329; x_wconf 89' lang='lat' dir='ltr'><strong>boc</strong></span> <span class='ocrx_word' id='word_1_515' title='bbox 638 2302 741 2330; x_wconf 91' lang='lat' dir='ltr'><strong>dictum</strong></span> <span class='ocrx_word' id='word_1_516' title='bbox 759 2311 767 2329; x_wconf 87' lang='lat'><strong>:</strong></span> <span class='ocrx_word' id='word_1_517' title='bbox 783 2301 873 2330; x_wconf 84' lang='lat' dir='ltr'><strong>Nosce</strong></span> <span class='ocrx_word' id='word_1_518' title='bbox 897 2303 1026 2336; x_wconf 83' lang='lat' dir='ltr'><strong>teipsum.</strong></span> 
     </span>
    </p>
   </div>
   <div class='ocr_carea' id='block_1_89' title="bbox 225 2351 794 2393">
    <p class='ocr_par' dir='ltr' id='par_1_89' title="bbox 225 2351 794 2393">
     <span class='ocr_line' id='line_1_89' title="bbox 225 2351 794 2393; baseline -0.005 -7"><span class='ocrx_word' id='word_1_519' title='bbox 225 2351 231 2393; x_wconf 60' lang='grc' dir='ltr'>ᾗ</span> <span class='ocrx_word' id='word_1_520' title='bbox 463 2357 579 2385; x_wconf 77' lang='lat' dir='ltr'><strong>SERMO</strong></span> <span class='ocrx_word' id='word_1_521' title='bbox 597 2357 642 2384; x_wconf 76' lang='lat' dir='ltr'><strong>1.x</strong></span> <span class='ocrx_word' id='word_1_522' title='bbox 659 2356 709 2393; x_wconf 80' lang='lat' dir='ltr'><strong>[aL</strong></span> <span class='ocrx_word' id='word_1_523' title='bbox 726 2356 794 2392; x_wconf 66' lang='lat' dir='ltr'><strong>cxi.</strong></span> 
     </span>
    </p>
   </div>
   <div class='ocr_carea' id='block_1_90' title="bbox 505 2413 763 2448">
    <p class='ocr_par' dir='ltr' id='par_1_90' title="bbox 505 2413 763 2448">
     <span class='ocr_line' id='line_1_90' title="bbox 505 2413 763 2448; baseline -0.004 -8"><span class='ocrx_word' id='word_1_524' title='bbox 505 2413 542 2440; x_wconf 77' lang='grc' dir='ltr'>σε</span> <span class='ocrx_word' id='word_1_525' title='bbox 557 2413 763 2448; x_wconf 82' lang='lat' dir='ltr'><strong>pulchritudine.</strong></span> 
     </span>
    </p>
   </div>
   <div class='ocr_carea' id='block_1_91' title="bbox 284 2459 1027 2494">
    <p class='ocr_par' dir='ltr' id='par_1_91' title="bbox 284 2459 1027 2494">
     <span class='ocr_line' id='line_1_91' title="bbox 284 2459 1027 2494; baseline -0.004 -6"><span class='ocrx_word' id='word_1_526' title='bbox 284 2461 385 2488; x_wconf 78' lang='lat' dir='ltr'><strong>Matth.</strong></span> <span class='ocrx_word' id='word_1_527' title='bbox 405 2468 442 2487; x_wconf 71' lang='lat' dir='ltr'><strong>vr.</strong></span> <span class='ocrx_word' id='word_1_528' title='bbox 457 2460 621 2494; x_wconf 74' lang='lat' dir='ltr'><strong>Cognoscite</strong></span> <span class='ocrx_word' id='word_1_529' title='bbox 643 2459 697 2486; x_wconf 87' lang='lat' dir='ltr'><strong>lilia</strong></span> <span class='ocrx_word' id='word_1_530' title='bbox 713 2460 771 2494; x_wconf 76' lang='lat' dir='ltr'><strong>agri</strong></span> <span class='ocrx_word' id='word_1_531' title='bbox 802 2459 940 2494; x_wconf 90' lang='lat' dir='ltr'><strong>quomodo</strong></span> <span class='ocrx_word' id='word_1_532' title='bbox 966 2467 1027 2486; x_wconf 84' lang='lat' dir='ltr'><strong>cre-</strong></span> 
     </span>
    </p>
   </div>
   <div class='ocr_carea' id='block_1_92' title="bbox 245 2504 1027 2538">
    <p class='ocr_par' dir='ltr' id='par_1_92' title="bbox 245 2504 1027 2538">
     <span class='ocr_line' id='line_1_92' title="bbox 245 2504 1027 2538; baseline -0.004 -4"><span class='ocrx_word' id='word_1_533' title='bbox 245 2511 323 2535; x_wconf 74' lang='lat' dir='ltr'><strong>Seant</strong></span> <span class='ocrx_word' id='word_1_534' title='bbox 348 2515 355 2532; x_wconf 89' lang='lat'><strong>:</strong></span> <span class='ocrx_word' id='word_1_535' title='bbox 375 2513 429 2532; x_wconf 91' lang='lat' dir='ltr'><strong>non</strong></span> <span class='ocrx_word' id='word_1_536' title='bbox 455 2505 578 2531; x_wconf 84' lang='lat' dir='ltr'><strong>laborant</strong></span> <span class='ocrx_word' id='word_1_537' title='bbox 608 2511 697 2538; x_wconf 84' lang='lat' dir='ltr'><strong>neque</strong></span> <span class='ocrx_word' id='word_1_538' title='bbox 722 2508 797 2530; x_wconf 87' lang='lat' dir='ltr'><strong>nent.</strong></span> <span class='ocrx_word' id='word_1_539' title='bbox 812 2505 938 2531; x_wconf 82' lang='lat' dir='ltr'><strong>Attamen</strong></span> <span class='ocrx_word' id='word_1_540' title='bbox 965 2504 1027 2531; x_wconf 83' lang='lat' dir='ltr'><strong>dico</strong></span> 
     </span>
    </p>
   </div>
   <div class='ocr_carea' id='block_1_93' title="bbox 245 2549 1027 2584">
    <p class='ocr_par' dir='ltr' id='par_1_93' title="bbox 245 2549 1027 2584">
     <span class='ocr_line' id='line_1_93' title="bbox 245 2549 1027 2584; baseline -0.004 -5"><span class='ocrx_word' id='word_1_541' title='bbox 245 2552 335 2582; x_wconf 85' lang='lat' dir='ltr'><strong>vobis,</strong></span> <span class='ocrx_word' id='word_1_542' title='bbox 353 2558 386 2578; x_wconf 86' lang='lat' dir='ltr'><strong>ne</strong></span> <span class='ocrx_word' id='word_1_543' title='bbox 409 2551 584 2577; x_wconf 88' lang='lat' dir='ltr'><strong>Salomonem</strong></span> <span class='ocrx_word' id='word_1_544' title='bbox 616 2549 726 2584; x_wconf 88' lang='lat' dir='ltr'><strong>quidem</strong></span> <span class='ocrx_word' id='word_1_545' title='bbox 749 2549 775 2576; x_wconf 89' lang='lat' dir='ltr'><strong>in</strong></span> <span class='ocrx_word' id='word_1_546' title='bbox 793 2549 921 2576; x_wconf 87' lang='lat' dir='ltr'><strong>universa</strong></span> <span class='ocrx_word' id='word_1_547' title='bbox 941 2549 1027 2584; x_wconf 78' lang='lat' dir='ltr'><strong>gloria</strong></span> 
     </span>
    </p>
   </div>
   <div class='ocr_carea' id='block_1_94' title="bbox 248 2594 870 2626">
    <p class='ocr_par' dir='ltr' id='par_1_94' title="bbox 248 2594 870 2626">
     <span class='ocr_line' id='line_1_94' title="bbox 248 2594 870 2626; baseline -0.006 -2"><span class='ocrx_word' id='word_1_548' title='bbox 248 2605 295 2625; x_wconf 89' lang='lat' dir='ltr'><strong>sua</strong></span> <span class='ocrx_word' id='word_1_549' title='bbox 308 2597 348 2623; x_wconf 82' lang='lat' dir='ltr'><strong>sic</strong></span> <span class='ocrx_word' id='word_1_550' title='bbox 361 2596 494 2623; x_wconf 83' lang='lat' dir='ltr'><strong>amictum</strong></span> <span class='ocrx_word' id='word_1_551' title='bbox 511 2595 607 2626; x_wconf 81' lang='lat' dir='ltr'><strong>fuisse,</strong></span> <span class='ocrx_word' id='word_1_552' title='bbox 623 2600 652 2621; x_wconf 88' lang='lat' dir='ltr'><strong>ut</strong></span> <span class='ocrx_word' id='word_1_553' title='bbox 669 2602 754 2621; x_wconf 91' lang='lat' dir='ltr'><strong>unum</strong></span> <span class='ocrx_word' id='word_1_554' title='bbox 771 2602 804 2621; x_wconf 83' lang='lat' dir='ltr'><strong>ex</strong></span> <span class='ocrx_word' id='word_1_555' title='bbox 817 2594 870 2621; x_wconf 82' lang='lat' dir='ltr'><strong>his.</strong></span> 
     </span>
    </p>
   </div>
   <div class='ocr_carea' id='block_1_95' title="bbox 281 2641 1025 2671">
    <p class='ocr_par' dir='ltr' id='par_1_95' title="bbox 281 2641 1025 2671">
     <span class='ocr_line' id='line_1_95' title="bbox 281 2641 1025 2671; baseline -0.004 0"><span class='ocrx_word' id='word_1_556' title='bbox 281 2644 294 2671; x_wconf 90' lang='lat' dir='ltr'><strong><em>I</em></strong></span> <span class='ocrx_word' id='word_1_557' title='bbox 309 2644 378 2671; x_wconf 85' lang='lat' dir='ltr'><strong>Tim.</strong></span> <span class='ocrx_word' id='word_1_558' title='bbox 398 2651 427 2669; x_wconf 89' lang='lat' dir='ltr'><strong>ll.</strong></span> <span class='ocrx_word' id='word_1_559' title='bbox 442 2641 508 2669; x_wconf 81' lang='lat' dir='ltr'><strong>Volo</strong></span> <span class='ocrx_word' id='word_1_560' title='bbox 523 2641 651 2668; x_wconf 83' lang='lat' dir='ltr'><strong>mulieres</strong></span> <span class='ocrx_word' id='word_1_561' title='bbox 667 2642 692 2667; x_wconf 90' lang='lat' dir='ltr'><strong>in</strong></span> <span class='ocrx_word' id='word_1_562' title='bbox 708 2642 810 2668; x_wconf 84' lang='lat' dir='ltr'><strong>amictu</strong></span> <span class='ocrx_word' id='word_1_563' title='bbox 827 2642 952 2668; x_wconf 80' lang='lat' dir='ltr'><strong>modesto</strong></span> <span class='ocrx_word' id='word_1_564' title='bbox 963 2649 1025 2668; x_wconf 87' lang='lat' dir='ltr'><strong>cum</strong></span> 
     </span>
    </p>
   </div>
   <div class='ocr_carea' id='block_1_96' title="bbox 245 2687 1025 2721">
    <p class='ocr_par' dir='ltr' id='par_1_96' title="bbox 245 2687 1025 2721">
     <span class='ocr_line' id='line_1_96' title="bbox 245 2687 1025 2721; baseline -0.005 -4"><span class='ocrx_word' id='word_1_565' title='bbox 245 2689 409 2717; x_wconf 80' lang='lat' dir='ltr'><strong>Verecundia</strong></span> <span class='ocrx_word' id='word_1_566' title='bbox 433 2693 460 2715; x_wconf 92' lang='lat' dir='ltr'><strong>ct</strong></span> <span class='ocrx_word' id='word_1_567' title='bbox 486 2688 614 2715; x_wconf 81' lang='lat' dir='ltr'><strong>castitate</strong></span> <span class='ocrx_word' id='word_1_568' title='bbox 649 2694 746 2713; x_wconf 85' lang='lat' dir='ltr'><strong>ornare</strong></span> <span class='ocrx_word' id='word_1_569' title='bbox 767 2687 939 2721; x_wconf 79' lang='lat' dir='ltr'><strong>semetipsas,</strong></span> <span class='ocrx_word' id='word_1_570' title='bbox 971 2694 1025 2714; x_wconf 90' lang='lat' dir='ltr'><strong>non</strong></span> 
     </span>
    </p>
   </div>
   <div class='ocr_carea' id='block_1_97' title="bbox 246 2732 1028 2766">
    <p class='ocr_par' dir='ltr' id='par_1_97' title="bbox 246 2732 1028 2766">
     <span class='ocr_line' id='line_1_97' title="bbox 246 2732 1028 2766; baseline -0.006 -3"><span class='ocrx_word' id='word_1_571' title='bbox 246 2737 325 2764; x_wconf 75' lang='lat' dir='ltr'><strong>tortis</strong></span> <span class='ocrx_word' id='word_1_572' title='bbox 342 2735 463 2762; x_wconf 88' lang='lat' dir='ltr'><strong>crinibus</strong></span> <span class='ocrx_word' id='word_1_573' title='bbox 479 2738 525 2760; x_wconf 84' lang='lat' dir='ltr'><strong>aut</strong></span> <span class='ocrx_word' id='word_1_574' title='bbox 540 2740 608 2760; x_wconf 81' lang='lat' dir='ltr'><strong>auro</strong></span> <span class='ocrx_word' id='word_1_575' title='bbox 625 2737 672 2759; x_wconf 87' lang='lat' dir='ltr'><strong>aut</strong></span> <span class='ocrx_word' id='word_1_576' title='bbox 686 2732 852 2766; x_wconf 76' lang='lat' dir='ltr'><strong>margaritis,</strong></span> <span class='ocrx_word' id='word_1_577' title='bbox 868 2737 915 2759; x_wconf 87' lang='lat' dir='ltr'><strong>aut</strong></span> <span class='ocrx_word' id='word_1_578' title='bbox 930 2733 1028 2760; x_wconf 79' lang='lat' dir='ltr'><strong>vestitu</strong></span> 
     </span>
    </p>
   </div>
   <div class='ocr_carea' id='block_1_98' title="bbox 247 2785 418 2814">
    <p class='ocr_par' dir='ltr' id='par_1_98' title="bbox 247 2785 418 2814">
     <span class='ocr_line' id='line_1_98' title="bbox 247 2785 418 2814; baseline -0.012 -6"><span class='ocrx_word' id='word_1_579' title='bbox 247 2785 418 2814; x_wconf 76' lang='lat' dir='ltr'><strong>sumptuoso.</strong></span> 
     </span>
    </p>
   </div>
   <div class='ocr_carea' id='block_1_99' title="bbox 286 2823 1030 2858">
    <p class='ocr_par' dir='ltr' id='par_1_99' title="bbox 286 2823 1030 2858">
     <span class='ocr_line' id='line_1_99' title="bbox 286 2823 1030 2858; baseline 0 -6"><span class='ocrx_word' id='word_1_580' title='bbox 286 2826 410 2852; x_wconf 76' lang='lat' dir='ltr'><strong>Pruuerb.</strong></span> <span class='ocrx_word' id='word_1_581' title='bbox 425 2833 459 2851; x_wconf 83' lang='lat' dir='ltr'><strong>vr.</strong></span> <span class='ocrx_word' id='word_1_582' title='bbox 477 2823 516 2851; x_wconf 86' lang='lat' dir='ltr'><strong>Ne</strong></span> <span class='ocrx_word' id='word_1_583' title='bbox 543 2828 568 2851; x_wconf 82' lang='lat' dir='ltr'><strong>te</strong></span> <span class='ocrx_word' id='word_1_584' title='bbox 583 2824 673 2850; x_wconf 88' lang='lat' dir='ltr'><strong>vincat</strong></span> <span class='ocrx_word' id='word_1_585' title='bbox 690 2823 856 2851; x_wconf 88' lang='lat' dir='ltr'><strong>desiderium</strong></span> <span class='ocrx_word' id='word_1_586' title='bbox 881 2824 1030 2858; x_wconf 82' lang='lat' dir='ltr'><strong>pulchritu-</strong></span> 
     </span>
    </p>
   </div>
   <div class='ocr_carea' id='block_1_100' title="bbox 246 2868 945 2905">
    <p class='ocr_par' dir='ltr' id='par_1_100' title="bbox 246 2868 945 2905">
     <span class='ocr_line' id='line_1_100' title="bbox 246 2868 945 2905; baseline -0.004 -8"><span class='ocrx_word' id='word_1_587' title='bbox 246 2871 329 2902; x_wconf 77' lang='lat' dir='ltr'><strong>din&#39;s,</strong></span> <span class='ocrx_word' id='word_1_588' title='bbox 346 2877 432 2905; x_wconf 84' lang='lat' dir='ltr'><strong>neque</strong></span> <span class='ocrx_word' id='word_1_589' title='bbox 448 2868 583 2904; x_wconf 81' lang='lat' dir='ltr'><strong>palpebris</strong></span> <span class='ocrx_word' id='word_1_590' title='bbox 606 2869 658 2896; x_wconf 79' lang='lat' dir='ltr'><strong>tuis</strong></span> <span class='ocrx_word' id='word_1_591' title='bbox 676 2874 749 2895; x_wconf 74' lang='lat' dir='ltr'><strong>utcrc</strong></span> <span class='ocrx_word' id='word_1_592' title='bbox 771 2868 803 2896; x_wconf 83' lang='lat' dir='ltr'><strong>ad</strong></span> <span class='ocrx_word' id='word_1_593' title='bbox 821 2869 945 2896; x_wconf 77' lang='lat' dir='ltr'><strong>illirium.</strong></span> 
     </span>
    </p>
   </div>
   <div class='ocr_carea' id='block_1_101' title="bbox 1078 2301 1736 2338">
    <p class='ocr_par' dir='ltr' id='par_1_101' title="bbox 1078 2301 1736 2338">
     <span class='ocr_line' id='line_1_101' title="bbox 1078 2301 1736 2338; baseline 0.005 -10"><span class='ocrx_word' id='word_1_594' title='bbox 1078 2301 1166 2329; x_wconf 85' lang='grc' dir='ltr'>Γνῶθι</span> <span class='ocrx_word' id='word_1_595' title='bbox 1184 2302 1293 2335; x_wconf 74' lang='grc' dir='ltr'>σαυτὸν,</span> <span class='ocrx_word' id='word_1_596' title='bbox 1312 2302 1416 2338; x_wconf 75' lang='grc' dir='ltr'>συχνῶς</span> <span class='ocrx_word' id='word_1_597' title='bbox 1432 2303 1539 2335; x_wconf 73' lang='grc' dir='ltr'>ἑαυτοῖς</span> <span class='ocrx_word' id='word_1_598' title='bbox 1552 2303 1736 2338; x_wconf 70' lang='grc' dir='ltr'>ἐπιλέγουσιν.</span> 
     </span>
    </p>
   </div>
   <div class='ocr_carea' id='block_1_102' title="bbox 1379 2357 1550 2386">
    <p class='ocr_par' dir='ltr' id='par_1_102' title="bbox 1379 2357 1550 2386">
     <span class='ocr_line' id='line_1_102' title="bbox 1379 2357 1550 2386; baseline 0.012 -2"><span class='ocrx_word' id='word_1_599' title='bbox 1379 2357 1489 2385; x_wconf 85' lang='grc' dir='ltr'><strong>ΛΟΓΟΣ</strong></span> <span class='ocrx_word' id='word_1_600' title='bbox 1513 2358 1550 2386; x_wconf 88' lang='grc' dir='ltr'><strong>Ξ¹.</strong></span> 
     </span>
    </p>
   </div>
   <div class='ocr_carea' id='block_1_103' title="bbox 1366 2416 1599 2451">
    <p class='ocr_par' dir='ltr' id='par_1_103' title="bbox 1366 2416 1599 2451">
     <span class='ocr_line' id='line_1_103' title="bbox 1366 2416 1599 2451; baseline 0.009 -9"><span class='ocrx_word' id='word_1_601' title='bbox 1366 2416 1436 2451; x_wconf 74' lang='grc' dir='ltr'>Περὶ</span> <span class='ocrx_word' id='word_1_602' title='bbox 1453 2416 1599 2449; x_wconf 71' lang='grc' dir='ltr'>κάλλους.</span> 
     </span>
    </p>
   </div>
   <div class='ocr_carea' id='block_1_104' title="bbox 1114 2460 1869 2497">
    <p class='ocr_par' dir='ltr' id='par_1_104' title="bbox 1114 2460 1869 2497">
     <span class='ocr_line' id='line_1_104' title="bbox 1114 2460 1869 2497; baseline 0.007 -10"><span class='ocrx_word' id='word_1_603' title='bbox 1114 2460 1294 2494; x_wconf 82' lang='grc' dir='ltr'>Καταμάθετε</span> <span class='ocrx_word' id='word_1_604' title='bbox 1315 2462 1349 2488; x_wconf 70' lang='grc' dir='ltr'>τὰ</span> <span class='ocrx_word' id='word_1_605' title='bbox 1365 2463 1445 2496; x_wconf 79' lang='grc' dir='ltr'>κρίνα</span> <span class='ocrx_word' id='word_1_606' title='bbox 1469 2461 1516 2488; x_wconf 77' lang='grc' dir='ltr'>τοῦ</span> <span class='ocrx_word' id='word_1_607' title='bbox 1537 2461 1633 2496; x_wconf 80' lang='grc' dir='ltr'>ἀγροῦ,</span> <span class='ocrx_word' id='word_1_608' title='bbox 1656 2462 1717 2494; x_wconf 80' lang='grc' dir='ltr'><strong>πῶς</strong></span> <span class='ocrx_word' id='word_1_609' title='bbox 1732 2463 1869 2497; x_wconf 68' lang='grc' dir='ltr'>αὐξάνει·</span> 
     </span>
    </p>
   </div>
   <div class='ocr_carea' id='block_1_105' title="bbox 1081 2505 1870 2541">
    <p class='ocr_par' dir='ltr' id='par_1_105' title="bbox 1081 2505 1870 2541">
     <span class='ocr_line' id='line_1_105' title="bbox 1081 2505 1870 2541; baseline 0.01 -11"><span class='ocrx_word' id='word_1_610' title='bbox 1081 2505 1111 2530; x_wconf 80' lang='grc' dir='ltr'>οὺ</span> <span class='ocrx_word' id='word_1_611' title='bbox 1128 2506 1220 2540; x_wconf 75' lang='grc' dir='ltr'>κοπιᾷ,</span> <span class='ocrx_word' id='word_1_612' title='bbox 1235 2506 1295 2532; x_wconf 78' lang='grc' dir='ltr'>οὐδὲ</span> <span class='ocrx_word' id='word_1_613' title='bbox 1310 2506 1397 2540; x_wconf 84' lang='grc' dir='ltr'>νήθει.</span> <span class='ocrx_word' id='word_1_614' title='bbox 1420 2507 1499 2540; x_wconf 79' lang='grc' dir='ltr'>Λέγω</span> <span class='ocrx_word' id='word_1_615' title='bbox 1513 2506 1566 2540; x_wconf 81' lang='grc' dir='ltr'>γὰρ</span> <span class='ocrx_word' id='word_1_616' title='bbox 1591 2507 1666 2541; x_wconf 84' lang='grc' dir='ltr'>ὑμῖν,</span> <span class='ocrx_word' id='word_1_617' title='bbox 1680 2508 1723 2534; x_wconf 81' lang='grc' dir='ltr'>ὅτι</span> <span class='ocrx_word' id='word_1_618' title='bbox 1739 2509 1804 2536; x_wconf 72' lang='grc' dir='ltr'>οὐδὲ</span> <span class='ocrx_word' id='word_1_619' title='bbox 1820 2511 1870 2538; x_wconf 86' lang='grc' dir='ltr'><strong>Σο-</strong></span> 
     </span>
    </p>
   </div>
   <div class='ocr_carea' id='block_1_106' title="bbox 1080 2549 1871 2588">
    <p class='ocr_par' dir='ltr' id='par_1_106' title="bbox 1080 2549 1871 2588">
     <span class='ocr_line' id='line_1_106' title="bbox 1080 2549 1871 2588; baseline 0.011 -14"><span class='ocrx_word' id='word_1_620' title='bbox 1080 2549 1171 2585; x_wconf 86' lang='grc' dir='ltr'>λομὼν</span> <span class='ocrx_word' id='word_1_621' title='bbox 1190 2551 1219 2576; x_wconf 78' lang='grc' dir='ltr'>ἐν</span> <span class='ocrx_word' id='word_1_622' title='bbox 1236 2551 1310 2586; x_wconf 79' lang='grc' dir='ltr'>πάσῃ</span> <span class='ocrx_word' id='word_1_623' title='bbox 1335 2553 1368 2586; x_wconf 87' lang='grc' dir='ltr'>τῇ</span> <span class='ocrx_word' id='word_1_624' title='bbox 1392 2551 1455 2588; x_wconf 73' lang='grc' dir='ltr'>δόξῃ</span> <span class='ocrx_word' id='word_1_625' title='bbox 1480 2551 1563 2578; x_wconf 80' lang='grc' dir='ltr'>αὐτοῦ</span> <span class='ocrx_word' id='word_1_626' title='bbox 1590 2552 1773 2586; x_wconf 75' lang='grc' dir='ltr'>περιεϐάλετο</span> <span class='ocrx_word' id='word_1_627' title='bbox 1789 2555 1829 2588; x_wconf 73' lang='grc' dir='ltr'>ὡς</span> <span class='ocrx_word' id='word_1_628' title='bbox 1842 2557 1871 2584; x_wconf 82' lang='grc' dir='ltr'>ἓν</span> 
     </span>
    </p>
   </div>
   <div class='ocr_carea' id='block_1_107' title="bbox 1079 2594 1192 2623">
    <p class='ocr_par' dir='ltr' id='par_1_107' title="bbox 1079 2594 1192 2623">
     <span class='ocr_line' id='line_1_107' title="bbox 1079 2594 1192 2623; baseline 0.018 -2"><span class='ocrx_word' id='word_1_629' title='bbox 1079 2594 1192 2623; x_wconf 85' lang='grc' dir='ltr'>τούτων.</span> 
     </span>
    </p>
   </div>
   <div class='ocr_carea' id='block_1_108' title="bbox 1118 2640 1871 2683">
    <p class='ocr_par' dir='ltr' id='par_1_108' title="bbox 1118 2640 1871 2683">
     <span class='ocr_line' id='line_1_108' title="bbox 1118 2640 1871 2683; baseline 0.011 -17"><span class='ocrx_word' id='word_1_630' title='bbox 1118 2640 1252 2675; x_wconf 83' lang='grc' dir='ltr'>Βούλομαι</span> <span class='ocrx_word' id='word_1_631' title='bbox 1263 2641 1313 2673; x_wconf 79' lang='grc' dir='ltr'><strong>τὰς</strong></span> <span class='ocrx_word' id='word_1_632' title='bbox 1325 2643 1457 2675; x_wconf 74' lang='grc' dir='ltr'>γυναῖκας</span> <span class='ocrx_word' id='word_1_633' title='bbox 1471 2643 1501 2669; x_wconf 75' lang='grc' dir='ltr'>ἐν</span> <span class='ocrx_word' id='word_1_634' title='bbox 1515 2645 1668 2681; x_wconf 79' lang='grc' dir='ltr'>καταστολῇ</span> <span class='ocrx_word' id='word_1_635' title='bbox 1681 2648 1790 2683; x_wconf 63' lang='grc' dir='ltr'>κοσμία</span> <span class='ocrx_word' id='word_1_636' title='bbox 1803 2648 1871 2682; x_wconf 68' lang='grc' dir='ltr'>μετὶ</span> 
     </span>
    </p>
   </div>
   <div class='ocr_carea' id='block_1_109' title="bbox 1080 2687 1871 2726">
    <p class='ocr_par' dir='ltr' id='par_1_109' title="bbox 1080 2687 1871 2726">
     <span class='ocr_line' id='line_1_109' title="bbox 1080 2687 1871 2726; baseline 0.008 -13"><span class='ocrx_word' id='word_1_637' title='bbox 1080 2687 1170 2719; x_wconf 78' lang='grc' dir='ltr'>αἰδοῦς</span> <span class='ocrx_word' id='word_1_638' title='bbox 1185 2689 1232 2714; x_wconf 70' lang='grc' dir='ltr'><strong>καὶ</strong></span> <span class='ocrx_word' id='word_1_639' title='bbox 1248 2688 1423 2723; x_wconf 82' lang='grc' dir='ltr'>σωφροσύνης</span> <span class='ocrx_word' id='word_1_640' title='bbox 1435 2691 1548 2723; x_wconf 75' lang='grc' dir='ltr'>κοσμεῖν</span> <span class='ocrx_word' id='word_1_641' title='bbox 1563 2690 1675 2723; x_wconf 73' lang='grc' dir='ltr'>ἑαυτὰς,</span> <span class='ocrx_word' id='word_1_642' title='bbox 1693 2693 1732 2726; x_wconf 80' lang='grc' dir='ltr'>μὴ</span> <span class='ocrx_word' id='word_1_643' title='bbox 1747 2694 1777 2718; x_wconf 76' lang='grc' dir='ltr'>ἐν</span> <span class='ocrx_word' id='word_1_644' title='bbox 1791 2694 1871 2725; x_wconf 74' lang='grc' dir='ltr'>πλέγ-</span> 
     </span>
    </p>
   </div>
   <div class='ocr_carea' id='block_1_110' title="bbox 1082 2733 1870 2773">
    <p class='ocr_par' dir='ltr' id='par_1_110' title="bbox 1082 2733 1870 2773">
     <span class='ocr_line' id='line_1_110' title="bbox 1082 2733 1870 2773; baseline 0.009 -15"><span class='ocrx_word' id='word_1_645' title='bbox 1082 2741 1178 2767; x_wconf 86' lang='grc' dir='ltr'>μασιν,</span> <span class='ocrx_word' id='word_1_646' title='bbox 1195 2733 1212 2767; x_wconf 85' lang='grc' dir='ltr'><strong>ἢ</strong></span> <span class='ocrx_word' id='word_1_647' title='bbox 1227 2734 1332 2769; x_wconf 77' lang='grc' dir='ltr'>χρυσῷ,</span> <span class='ocrx_word' id='word_1_648' title='bbox 1347 2734 1363 2769; x_wconf 86' lang='grc' dir='ltr'>ἢ</span> <span class='ocrx_word' id='word_1_649' title='bbox 1379 2735 1575 2770; x_wconf 79' lang='grc' dir='ltr'>μαργαρίταις,</span> <span class='ocrx_word' id='word_1_650' title='bbox 1591 2736 1608 2771; x_wconf 83' lang='grc' dir='ltr'>ἢ</span> <span class='ocrx_word' id='word_1_651' title='bbox 1625 2737 1774 2773; x_wconf 79' lang='grc' dir='ltr'>ἱματισμῷ</span> <span class='ocrx_word' id='word_1_652' title='bbox 1794 2738 1870 2764; x_wconf 81' lang='grc' dir='ltr'>πολυ-</span> 
     </span>
    </p>
   </div>
   <div class='ocr_carea' id='block_1_111' title="bbox 1081 2776 1536 2805">
    <p class='ocr_par' dir='ltr' id='par_1_111' title="bbox 1081 2776 1536 2805">
     <span class='ocr_line' id='line_1_111' title="bbox 1081 2776 1536 2805; baseline -0.002 -1"><span class='ocrx_word' id='word_1_653' title='bbox 1081 2779 1162 2805; x_wconf 79' lang='grc' dir='ltr'>τελεῖ.</span> <span class='ocrx_word' id='word_1_654' title='bbox 1528 2776 1536 2783; x_wconf 73' lang='grc'><strong>⁸</strong></span> 
     </span>
    </p>
   </div>
   <div class='ocr_carea' id='block_1_112' title="bbox 1116 2825 1868 2865">
    <p class='ocr_par' dir='ltr' id='par_1_112' title="bbox 1116 2825 1868 2865">
     <span class='ocr_line' id='line_1_112' title="bbox 1116 2825 1868 2865; baseline 0.008 -15"><span class='ocrx_word' id='word_1_655' title='bbox 1116 2825 1161 2859; x_wconf 84' lang='grc' dir='ltr'><strong>Μή</strong></span> <span class='ocrx_word' id='word_1_656' title='bbox 1180 2833 1208 2850; x_wconf 85' lang='grc' dir='ltr'><strong>σε</strong></span> <span class='ocrx_word' id='word_1_657' title='bbox 1223 2826 1321 2861; x_wconf 81' lang='grc' dir='ltr'>νικήσῃ</span> <span class='ocrx_word' id='word_1_658' title='bbox 1338 2825 1452 2857; x_wconf 81' lang='grc' dir='ltr'>κάλλους</span> <span class='ocrx_word' id='word_1_659' title='bbox 1476 2825 1622 2861; x_wconf 74' lang='grc' dir='ltr'>ἐπιθυμία,</span> <span class='ocrx_word' id='word_1_660' title='bbox 1646 2827 1716 2863; x_wconf 80' lang='grc' dir='ltr'>μηδὲ</span> <span class='ocrx_word' id='word_1_661' title='bbox 1731 2827 1868 2865; x_wconf 73' lang='grc' dir='ltr'>ἀγρευθῇς</span> 
     </span>
    </p>
   </div>
   <div class='ocr_carea' id='block_1_113' title="bbox 1082 2871 1299 2907">
    <p class='ocr_par' dir='ltr' id='par_1_113' title="bbox 1082 2871 1299 2907">
     <span class='ocr_line' id='line_1_113' title="bbox 1082 2871 1299 2907; baseline 0 -10"><span class='ocrx_word' id='word_1_662' title='bbox 1082 2873 1137 2902; x_wconf 66' lang='grc' dir='ltr'>σοῖς</span> <span class='ocrx_word' id='word_1_663' title='bbox 1155 2871 1299 2907; x_wconf 70' lang='grc' dir='ltr'>βλεφάροις</span> 
     </span>
    </p>
   </div>
  </div>
