1940 3104
90 178 133 212 985

479 178 564 208 LOCI
590 178 810 210 COMMUNES.
828 192 862 197 --
884 180 981 210 PARS
1003 179 1026 209 ῐ.
1045 178 1173 208 SERMO
1187 179 1263 208 LXI.

1643 177 1695 208 966

87 243 136 262 τινα
148 234 316 265 δυναστείαν,
334 235 350 268 ἢ
362 234 410 260 καὶ
424 234 473 266 τὰς
486 235 516 260 ὲκ
528 233 661 268 βασιλέων
672 235 753 270 τιμὰς
766 234 852 262 ὲονῶν
867 240 886 268 Α

931 234 1036 266 »Μαι-τί,
1060 234 1262 269 provinciarum
1277 240 1381 267 curam,
1400 234 1543 268 imperium
1564 233 1696 262 militare.

87 281 231 315 ἐπιμέλειαν
260 280 277 316 ἢ
313 281 360 307 καὶ
392 280 582 315 στρατοπέδων
608 280 757 314 ἠγεμονίαν
770 300 778 310 .
809 280 858 306 καὶ

931 288 1058 308 monent
1071 281 1125 307 alta
1149 287 1214 308 voce
1235 280 1450 313 antcccdentem,
1464 279 1592 308 satellites
1608 280 1695 306 utrin-

87 327 125 354 τὸν
134 327 240 362 κήρυκα
262 328 333 361 μέγα
348 326 454 362 βοῶντα
477 326 606 362 προϊόντα
621 326 675 361 πρὸ
687 326 780 359 αὑτοῦ,
793 326 858 357 τοὺς

931 333 963 353 ue
991 326 1184 361 gravissimum
1215 330 1345 353 terrorem
1385 325 1549 353 incutientes
1568 325 1696 357 subditis,

88 373 255 408 ῥαϐδοφόρους
268 373 346 400 ἐνθεν
358 373 405 399 καὶ
426 372 502 399 ῐνθιν
517 371 672 407 βαρυτάτην
688 371 858 405 κατάπληξιν

931 371 1036 402 erbera,
1049 369 1169 402 vincula,
1183 369 1372 402 abductiones,
1386 376 1520 403 carceres,
1532 370 1603 396 unde
1616 370 1697 396 timor

87 419 133 449 τοῖς
146 417 307 453 ἀρχομένοις
330 417 527 452 ὲμδάλλοντας,
544 417 594 448 τὰς
616 416 736 451 πληγὰς,
751 416 801 448 τὰς
818 417 861 443 δτ-

88 463 216 498 σμεΰσιις,
233 463 394 497 ἐπαγωγὰς,
409 463 444 490 τὰ
461 462 646 497 δεσμωτήρια.
660 462 690 494 ιε
702 458 740 489 ὧν
755 462 860 498 ἀφόρη-

87 518 126 540 τος
147 509 161 535 ό
179 509 254 544 παρὰ
278 508 332 534 τῶν
357 507 522 543 ὑποχειρίων
546 507 753 541 συναθροίζιται
768 506 862 541 φόϐος.

89 554 135 581 Καὶ
147 554 172 581 τί
189 554 258 589 μετὰ
272 554 371 586 τοῦτο;
389 553 448 581 Μία
463 553 522 586 νὺξ,
538 553 555 588 ἢ
573 553 691 589 πυρετὸς
710 552 727 588 ἢ
753 553 865 588 πλευρῖ-

87 609 133 632 τις,
151 600 168 635 ἢ
195 600 429 634 περιπνευμονία,
458 599 633 635 ἀνάρπαστον
656 599 686 631 ἐξ
713 598 864 634 ἀνθρώπων

88 646 222 679 ἀπάγουσα
237 645 284 671 τὸν
308 645 464 680 ἄνθρωπον,
481 645 598 679 οἴχιται,
622 645 713 671 πᾶσαν
728 643 777 679 τὴν
803 643 863 670 κατ’

88 692 164 725 αὐτὴν
180 692 280 725 σκευὴν
294 692 423 726 ἐξαπίνης
438 690 675 725 ἀπογυμνώσασα,
685 691 732 717 καὶ
757 691 773 724 ή
798 688 863 722 δόξα

911 416 1081 444 subditorum
1098 416 1277 443 intolerabilis
1294 416 1333 443 ilt.
1351 415 1402 443 Sed
1417 416 1482 451 quid
1506 416 1618 450 postea?
1638 415 1698 442 Una

915 470 970 490 nox
994 466 1022 489 et
1049 461 1143 495 febris,
1161 466 1208 489 aut
1231 465 1371 490 costarum
1397 465 1444 489 aut
1466 461 1605 496 pulmonis
1620 467 1700 488 acuta

917 508 1061 544 agritudo,
1086 515 1119 535 ex
1144 508 1215 535 vivis
1237 512 1346 542 raptum
1370 507 1508 534 hominem
1531 506 1631 534 aufert.
1654 505 1701 533 Sic

918 558 972 581 tota
998 553 1073 582 illius
1094 560 1176 581 scena
1196 553 1288 580 subito
1310 553 1479 586 denudatur,
1500 557 1528 580 et
1553 552 1638 586 gloria
1656 552 1702 580 illa

917 604 1047 634 tanquam
1064 599 1200 627 somnium
1227 599 1376 627 evanescit.
1394 598 1543 627 Commode
1568 598 1652 633 igitur
1674 604 1702 625 ct.

915 652 979 672 vere
1004 644 1192 672 infirmissimo
1207 643 1270 672 ﬂori
1287 645 1434 671 humanam
1458 643 1572 678 gloriam
1589 651 1703 677 compa-

910 690 986 717 -ravit
999 690 1143 725 propheta.

87 738 180 772 ἐκείνη,
198 738 293 773 ὥσπερ
308 737 445 770 ἐνύπνιον,
460 737 614 774 ἀπηνέχθη.
628 737 711 764 Ὥστε
727 738 918 765 ἑπιτέτευχται
949 736 989 772 τῷ
1019 737 1147 772 προφήτῃ
1179 736 1196 771 ἡ
1233 735 1303 771 προς
1326 735 1357 762 τὸ
1394 735 1591 770 ἀδρανὲστατον
1622 734 1704 764 ἄνθος

86 783 207 819 ὁμοίωσις
222 784 271 818 τῆς
286 783 460 818 ἀνθρωπίνης
476 783 566 817 δόξης.

135 851 217 886 Δόξης
231 852 274 878 ἀεὶ
287 851 414 886 φρόντιζε
431 851 482 886 τῆς
494 851 618 878 αἰωνίου”

139 898 170 924 Ἡ
185 898 240 932 γὰρ
255 897 382 932 παροῦσα
400 896 530 932 ψεύδεται
545 897 605 924 καθ’
621 896 742 933 ἡμέραν.

136 944 218 976 Δόξαν
230 944 322 976 δίωκε,
340 944 409 978 μήτε
423 943 525 977 πᾶσαν,
543 943 608 978 μήτ’
627 943 717 977 ἄγαν·

136 988 156 1014 Κ
161 990 268 1022 ρεϊσσον
282 989 336 1024 γὰρ
352 987 422 1016 εἶναι
437 989 485 1015 τοῦ
501 989 607 1016 δοκεῖν·
625 989 682 1016 ε1δ¹
697 988 816 1024 ἄμετρος
831 986 869 1022 εί,

135 1078 181 1114 Μὴ
195 1078 244 1113 τὴν
258 1079 340 1114 κενὴν
355 1079 467 1115 θήρευε.
483 1078 552 1115 μηδὲ
565 1079 617 1114 τὴν
630 1079 702 1106 νέαν.

917 849 996 877 Cum
1016 849 1063 876 tibi
1077 853 1178 876 acterna
1194 856 1302 884 semper
1317 849 1352 877 sit
1367 849 1452 885 gloria
1466 858 1474 876 :

882 886 907 917 Β
920 894 1043 923 Praesens
1059 895 1131 922 enim
1145 895 1266 930 quotidie
1281 895 1360 923 fallit.

919 940 1040 968 Gloriam
1056 940 1180 976 sequilor
1191 948 1240 969 nec
1257 948 1366 969 omnem
1383 949 1471 976 neque
1483 942 1610 971 nimium.

920 986 1037 1014 Praestat
1051 987 1125 1014 enim
1140 994 1201 1016 esse
1216 995 1297 1023 quam
1311 989 1394 1016 videri
1407 997 1414 1016 ε
1432 989 1474 1017 sin
1488 992 1640 1024 temperare
1655 988 1705 1017 tibi

1567 1034 1687 1070 [nequis.

927 1079 1005 1115 107
1015 1079 1125 1108 lnanem
1140 1079 1254 1116 gloriam
1270 1083 1318 1108 aut
1330 1088 1429 1109 novam
1445 1081 1539 1109 saltem
1553 1088 1587 1108 ne
1602 1085 1706 1115 captes.

1476 1125 1612 1161 (Theologi
1616 1127 1635 1159 .)

120 1180 258 1215 Ejusdem.
274 1179 461 1214 Subjlciamur
474 1184 501 1208 et
524 1179 592 1214 Deo,
609 1184 636 1208 et
652 1179 731 1208 nobis
745 1179 861 1207 invicem
878 1184 906 1208 et
931 1181 1099 1216 principibus
1113 1182 1141 1210 in
1157 1187 1240 1216 terra,
1255 1182 1338 1218 idque
1361 1190 1394 1211 eo
1422 1183 1519 1219 magis,
1537 1191 1592 1218 quo
1620 1183 1707 1210 leuio—

87 1227 177 1260 res-{et
201 1226 376 1261 benigniores
402 1226 442 1254 illi
474 1226 586 1254 fuerint.
613 1226 723 1262 (Malum
745 1226 818 1253 enim
852 1230 895 1254 est
920 1227 1114 1262 benignitatem
1138 1229 1292 1264 principum
1325 1230 1452 1265 frangere
1484 1230 1656 1266 pervicacia.
1682 1233 1709 1256 ct

86 1273 246 1309 cavendum)
260 1281 296 1301 ne
309 1273 336 1301 in
351 1273 479 1308 nosipsos
493 1273 650 1308 asperitatis
664 1273 772 1301 illorum
786 1273 868 1308 culpa
893 1273 1007 1307 recidat,
1027 1275 1050 1302 si
1070 1276 1297 1311 tranquillitatem
1325 1276 1450 1305 immisso
1482 1282 1565 1305 vento
1595 1276 1710 1304 solveri-

85 1327 155 1353 mus,
178 1319 231 1348 luci
250 1319 376 1348 tenebras
389 1320 595 1352 immiserimus,
610 1324 638 1347 et
655 1319 822 1348 absinthium
838 1319 912 1348 melli
927 1320 1129 1350 miscuerimus.

124 1379 158 1407 Ἦ
173 1379 224 1415 μὶν
236 1379 291 1414 γὰρ
304 1381 381 1415 παρὰ
395 1380 450 1408 τῶν
466 1379 620 1415 ἀνθρώπων
634 1380 698 1414 δόξα
719 1379 774 1408 τῶν
791 1379 868 1413 δοξα-
881 1385 886 1409 l

954 1380 1091 1417 Chrysost.
1111 1381 1215 1410 Etenim
1241 1389 1303 1418 qua
1328 1383 1363 1411 ab
1393 1382 1550 1411 hominibus
1571 1382 1712 1410 confertur

87 1425 187 1458 ζόντων
202 1426 327 1461 μιμεῖται
338 1425 390 1461 τὴν
404 1425 555 1459 εὐτέλειαν,
567 1426 629 1453 ὅθεν
643 1427 691 1453 καὶ
707 1426 873 1461 μεταπίπτει

86 1470 184 1506 ῥᾳδίως
197 1471 235 1506 ἠ
260 1470 290 1497 δι
308 1471 356 1497 τοῦ
373 1470 440 1497 Θεοῦ
461 1471 512 1506 οὐχ
537 1470 635 1503 οὕτως,
660 1471 719 1498 ἀλλ’
744 1471 872 1507 ἀκίνητος

88 1516 163 1551 μένει
177 1516 319 1551 διηνεκῶς.
334 1515 389 1543 Καὶ
402 1515 480 1544 ταῦτ’
497 1516 644 1552 ἀμφότερα
668 1516 756 1552 δηλῶν
769 1519 783 1544 ό
804 1526 874 1553 προ-

87 1563 188 1598 φήτης,
202 1562 336 1597 κάκείνης
357 1563 388 1590 τὸ
402 1562 630 1597 ιμμετᾶπτωτον,
653 1564 701 1589 καὶ
724 1562 828 1598 ταύτης
844 1563 874 1590 τδ

88 1608 217 1644 μόνιμον,
241 1608 329 1639 οὕτως
355 1608 466 1643 ἔλεγεν·
493 1617 503 1634 ι
519 1608 600 1636 Πᾶσα
620 1608 690 1643 σὰρξ
706 1609 814 1645 χόρτος.
827 1608 875 1636 καὶ

88 1653 164 1679 πᾶσα
179 1652 242 1686 δόξα
257 1652 404 1687 ἀνθρώπου
426 1652 465 1684 ὡς
487 1652 568 1684 ἄνθος
584 1653 692 1688 χόρτου.
711 1662 721 1679 ι
747 1653 875 1681 ’Δπασαν

87 1699 138 1736 τὴν
152 1699 326 1735 ἀνθρωπίνην
343 1699 496 1735 εὐημερίαν
516 1699 576 1726 οὐδι
600 1699 668 1736 πρὸς
682 1699 790 1736 χόρτον,
817 1699 874 1726 ἀλλ’

88 1745 187 1778 ἑτέραν
202 1745 268 1779 ὕλην
296 1744 489 1779 εὐτελεστέραν
508 1745 522 1771 ό
539 1735 682 1780 προφήτης
708 1745 875 1780 παρέϐαλεν,

88 1791 171 1822 ἄνθος
186 1790 271 1826 αὐτὴν
295 1789 432 1825 ὀνομάσας
447 1790 546 1825 χόρτου
571 1791 663 1817 πᾶσαν
690 1789 769 1823 όμοῦ.
793 1790 876 1817 Οὐδὲν

90 1837 147 1872 γὰρ
163 1836 245 1871 μέρος
259 1836 351 1864 αὐτῶν
375 1836 539 1872 προέθηκεν,
555 1833 612 1863 οἷον
627 1836 752 1869 πλοῦτον,
771 1835 788 1870 ἢ
812 1845 877 1871 τρυ-

88 1884 157 1919 φὴν,
174 1883 191 1919 ἢ
209 1883 381 1916 δυναστείαν,
406 1882 533 1918 ἢτιμὴν,
558 1882 576 1918 ἦ
597 1891 624 1910 τι
646 1882 784 1910 τοιοῦτον·
799 1883 878 1918 [illa

89 1929 183 1956 πάντα
203 1929 237 1955 τὰ
253 1929 281 1956 ὲν
295 1928 450 1963 ἀνθρώποις
466 1927 583 1964 λαμπρὰ
598 1929 648 1964 μιᾷ
672 1928 826 1964 προηγορίᾳ
842 1929 876 1964 τῇ

89 1975 141 2010 τῆς
169 1974 249 2010 δόξης
275 1974 443 2010 περιϐαλὼν,
466 1974 553 2006 οὕτως
570 1975 693 2010 ἐπήγαγε
720 1975 769 2011 τὴν
785 1976 878 2002 εἰκόνα

88 2021 139 2048 τοῦ
155 2021 265 2056 χόρτου,
284 2020 386 2048 εἰπών·
409 2029 419 2047 ι
443 2021 522 2048 Πᾶσα
540 2021 605 2053 δόξα
619 2020 766 2056 ἀνθρώπου
779 2021 817 2053 ὠς
832 2021 878 2048 ἄν-

87 2068 137 2099 θος
152 2067 262 2103 χόρτου,
282 2067 419 2103 ἐξηράνθη
444 2067 550 2103 χόρτος,
576 2068 625 2094 καὶ
646 2067 676 2094 τὸ
690 2067 771 2099 ἄνθος
784 2066 881 2100 ἐξέπε-

88 2121 151 2140 σεν.
172 2122 182 2139 ι
543 2128 547 2132 ι

126 2169 210 2197 Φύσει
226 2170 277 2205 μὲν
293 2169 349 2204 γὰρ
366 2169 461 2206 χόρτου
480 2169 585 2206 (φησὶν)
609 2170 681 2198 ἔοικε
701 2171 756 2198 τῶν
773 2171 880 2207 ἀνθρώ-

86 2225 153 2245 πων
169 2216 200 2244 τὺ
214 2217 301 2251 γένος,
328 2216 395 2252 ἄνθη
417 2216 447 2244 δὲ
464 2216 562 2253 χόρτου
586 2216 604 2253 ἡ
625 2217 802 2253 ὲπιγινομένη
818 2218 881 2251 δόξα

87 2263 140 2291 καὶ
154 2262 311 2290 δυναστιία.
334 2263 390 2290 Καὶ
408 2255 536 2299 καθάπερ
561 2261 609 2290 τοῦ
632 2263 731 2299 χόρτου
754 2263 882 2299 ξηραινο-

87 2309 177 2344 μένου
193 2308 224 2336 τὸ
245 2307 327 2340 ἄνθος
351 2308 489 2342 ἐκπίπτει,
512 2308 585 2336 οὕτω
606 2308 655 2336 τοῦ
682 2308 798 2337 θανάτου
825 2310 881 2342 τοῖς

85 2353 249 2389 ἀνθρώποις
265 2352 389 2385 ιπιόντος
401 2353 418 2389 ή
435 2352 583 2381 δυναστιία
597 2351 644 2380 καὶ
658 2353 676 2389 ἡ
690 2353 881 2389 ὖπερηφᾶνιια

85 2399 247 2427 σδιννυται.

127 2444 172 2472 Τὰ
192 2444 244 2480 μὲν
254 2444 326 2479 φυτὰ
339 2444 394 2472 tit-rb
409 2443 460 2479 τῆς
483 2444 572 2480 ῥίζης,
588 2444 608 2480 ἡ
633 2443 662 2472 δὲ
674 2444 739 2479 δόξα
764 2444 819 2472 duo
831 2444 882 2480 τῆς

85 2490 209 2527 πρώτης
219 2490 328 2526 λήψεως
342 2489 393 2527 [αι-
411 2489 521 2527 λίειως]
535 2490 627 2524 εὖξαι.

129 2548 230 2580 οὐδεὶς
243 2547 394 2584 φροντίζων
413 2547 493 2583 δόξης
513 2548 619 2585 ἀγαθῆς
640 2547 740 2583 γένοιτ’
764 2548 797 2575 ἂν
813 2547 883 2584 ἁνὴρ

84 2593 211 2629 φαῦλος.
227 2594 317 2622 Καλὸν
328 2594 357 2621 δι
373 2593 435 2622 ἀντὶ
453 2593 502 2630 [αι.
527 2593 584 2630 ἄρ’]
607 2593 737 2630 βραχείας
762 2593 883 2621 ἀπολαύ-

85 2645 168 2670 σεως
183 2637 349 2671 ἀλλάξασθαι
363 2638 444 2672 δόξαν
459 2637 580 2666 αἰώνιον.

136 2694 260 2730 ’Δξίωμα
277 2695 406 2730 μέγιστόν
429 2695 504 2723 Ιστιν
520 2695 550 2722 οὐ
573 2695 604 2723 τὸ
623 2695 775 2731 κεχρῆσθαι
791 2695 884 2729 τιμαῖς

83 2741 146 2778 [αι.
164 2739 270 2776 τιμῆς],
285 2741 353 2768 ἀλλὰ
363 2741 393 2768 τὸ
410 2740 485 2774 ἄξιον
500 2741 597 2769 ἑαυτὸν
617 2741 684 2778 [fon
700 2739 801 2776 αὐτῶν]
814 2739 883 2767 εἶναι

82 2786 265 2822 νομίζεσθαι.

127 2830 185 2862 ὀν
199 2835 249 2868 τὰς
264 2834 346 2869 δόξας
360 2834 464 2871 ζηλοῖς,
482 2835 586 2863 τούτων
601 2834 650 2862 καὶ
662 2834 697 2862 τὰ
710 2833 800 2870 ἀγαθὰ
816 2833 886 2870 πράσ-

81 2879 156 2915 επις-

923 1428 1029 1463 gloria,
1054 1428 1255 1456 conferentium
1286 1429 1417 1457 vilitatem
1452 1429 1596 1463 sequitur,
1623 1436 1712 1463 quare

925 1473 1008 1500 etiam
1036 1473 1114 1501 facile
1129 1473 1259 1501 dilabitur
1282 1482 1290 1501 :
1311 1474 1402 1502 divina
1418 1481 1482 1501 vero
1503 1481 1557 1501 non
1581 1474 1617 1501 ita
1640 1473 1711 1500 fluxa

924 1523 976 1552 est,
986 1517 1034 1547 sed
1044 1524 1175 1554 perpetuo
1187 1519 1294 1547 stabilis
1304 1519 1509 1548 manet.Et'h.'ec
1517 1520 1597 1548 ambo
1609 1519 1712 1547 docens

926 1564 1068 1601 proplteta,
1101 1565 1186 1598 illius,
1212 1565 1333 1601 inquam.
1362 1565 1545 1593 lubricitatem
1574 1570 1604 1593 et
1628 1565 1712 1599 hujus

925 1611 1113 1644 stabilitatem,
1124 1611 1167 1639 bis
1179 1611 1270 1639 verbis
1284 1610 1386 1638 utitur:
1398 1619 1409 1637 ι
1423 1610 1520 1638 Omnis
1535 1618 1599 1638 caro
1616 1612 1710 1638 renum

925 1659 977 1689 est,
995 1660 1022 1684 et
1037 1656 1127 1685 omnis
1140 1656 1224 1691 gloria
1239 1656 1360 1685 hominis
1370 1664 1420 1685 ceu
1435 1656 1485 1685 llos
1498 1656 1568 1685 feni:
1587 1666 1597 1682 ι
1610 1656 1711 1691 quibus

925 1708 1034 1729 omnem
1044 1702 1190 1729 humanam
1199 1701 1357 1730 felicitatem
1365 1710 1401 1730 ne
1410 1701 1474 1730 feno
1482 1702 1601 1737 quidem,
1611 1702 1658 1729 sed
1671 1701 1712 1728 vi-

925 1747 986 1775 liori
1008 1749 1128 1776 materiae
1137 1748 1428 1783 comparando,ﬂorem
1440 1749 1494 1776 feni
1505 1753 1589 1776 totam
1602 1756 1662 1775 eam
1675 1749 1712 1775 si-

926 1793 983 1820 mul
991 1793 1152 1821 nominavit.
1160 1792 1267 1822 Nullam
1275 1794 1349 1822 enim
1359 1798 1464 1830 partem
1473 1794 1532 1828 ejus
1545 1793 1668 1829 praefert,
1683 1799 1713 1820 ut

926 1839 1046 1873 divitias,
1061 1843 1109 1867 aut
1124 1839 1302 1874 voluptatem,
1313 1843 1360 1867 aut
1385 1839 1546 1874 potentiam,
1561 1843 1610 1867 aut
1627 1840 1714 1868 Itono<

927 1892 997 1918 rem,
1006 1890 1054 1913 aut
1061 1884 1164 1920 aliquid
1174 1885 1342 1919 huiusmodi,
1351 1885 1399 1913 sed
1411 1885 1502 1914 omnia
1512 1886 1581 1912 inter
1591 1885 1714 1912 homines

929 1931 1070 1966 splendida
1083 1930 1318 1966 comprehenderis
1339 1937 1392 1958 una
1412 1930 1592 1966 appellatione
1607 1929 1712 1964 gloriae.

930 1976 986 2004 feni
1010 1976 1218 2004 similitudinem
1239 1975 1392 2012 subiungit,
1412 1976 1539 2012 inquiens
1556 1983 1564 2002 :
1594 1985 1603 2002 ι
1619 1975 1713 2003 Omnis

931 2021 1017 2058 gloria
1032 2021 1152 2050 hominis
1166 2026 1208 2049 est
1222 2026 1350 2057 tanquam
1378 2020 1430 2050 llos
1444 2020 1588 2058 graminis,
1600 2026 1714 2056 gramen

930 2067 1075 2096 exaruitet
1104 2066 1155 2095 nos
1170 2066 1278 2094 cecidit.
1293 2075 1303 2092 ι

968 2166 1000 2195 S.
1016 2166 1119 2202 Cyrilli.
1140 2165 1287 2194 Hominum
1312 2173 1398 2201 genus
1423 2166 1512 2194 simile
1535 2171 1578 2194 est
1611 2169 1716 2194 natura

931 2212 1075 2248 graminis,
1088 2211 1169 2240 liores
1185 2217 1275 2239 autem
1283 2211 1414 2247 graminis
1427 2216 1492 2240 sunt
1506 2219 1567 2246 quae
1583 2212 1717 2240 accrescit

932 2258 1018 2294 gloria
1036 2263 1064 2286 et
1078 2257 1201 2294 potentia
1215 2265 1223 2285 :
1240 2263 1267 2285 et
1280 2259 1353 2286 sicut
1365 2262 1507 2286 arescente
1529 2259 1654 2293 gramine
1667 2258 1717 2286 flos

931 2303 1044 2336 excidit,
1059 2303 1100 2332 sic
1115 2307 1204 2331 morte
1216 2302 1374 2331 hominibus
1390 2303 1534 2338 ingruente
1554 2304 1674 2339 potentia
1689 2307 1718 2332 et

931 2350 1057 2386 superbia
1070 2350 1291 2386 exstinguuntur.

971 2439 1117 2468 Plutarchi.
1136 2439 1242 2468 Planta:
1261 2440 1371 2476 quidem
1391 2447 1407 2468 a
1429 2440 1532 2475 radice,
1550 2439 1636 2476 gloria
1654 2447 1719 2468 vero

933 2487 961 2522 (α
973 2487 1046 2514 bono
1064 2485 1157 2522 opere)
1170 2487 1281 2515 crescit.

968 2542 1066 2572 Nullus
1079 2543 1222 2572 honestam
1242 2543 1355 2579 gloriam
1373 2550 1483 2577 curans,
1498 2543 1540 2572 vir
1555 2543 1643 2573 malus
1658 2551 1719 2572 esse

934 2593 1036 2626 potest.
1067 2589 1216 2618 Pulchrum
1238 2593 1281 2617 est
1306 2589 1379 2617 enim
1411 2597 1461 2625 pro
1482 2589 1558 2618 brevi
1581 2589 1721 2625 voluptate

935 2641 1065 2665 aternam
1086 2636 1199 2672 gloriam
1213 2636 1393 2672 permutando
1412 2636 1543 2664 nancisci.

971 2692 1081 2720 Arium.
1099 2691 1217 2720 Maxima
1233 2692 1353 2727 dignitas
1369 2697 1421 2726 est,
1444 2700 1499 2721 non
1515 2692 1625 2729 quidem
1641 2699 1722 2721 usur-

937 2746 1001 2775 pare
1015 2740 1160 2773 honorem,
1178 2739 1226 2768 sed
1242 2739 1346 2768 honore
1359 2739 1472 2776 dignum
1486 2738 1648 2768 existimari.

971 2829 1108 2858 Isocratis.
1134 2829 1256 2864 Quorum
1272 2829 1386 2865 gloriam
1396 2827 1546 2862 amttlaris,
1561 2824 1721 2855 earumdem

935 2877 1006 2907 bona
1020 2876 1112 2905 facito.
