1940 3104
155 173 210 206 973

560 169 644 200 LOCI
666 169 886 200 COMMUNES.
906 180 940 186 —
959 169 1058 199 PARS
1076 168 1102 199 ῐ.
1119 168 1250 198 SERMO
1270 167 1372 198 LXVI.

1722 164 1774 196 9η

156 229 228 256 ἑκὼν
243 229 323 257 τοῦτο
340 228 464 264 πράσσω,
482 227 577 263 μισθὸν
589 227 643 262 ἔχω
653 235 660 242 θ
675 227 700 253 εί
715 226 742 253 δὲ
758 226 842 258 ἄκων,
863 226 935 253 οἱκο-

1021 234 1061 253 am
1080 227 1101 254 si
1118 225 1212 253 volens
1246 225 1298 252 hoc
1323 221 1432 257 faciam,
1446 223 1586 259 praemium
1607 221 1693 250 habeo
1708 230 1714 249 :
1732 222 1774 253 sin

156 275 253 309 νομίαν
268 274 465 307 πεπίστευμαι.

197 320 338 351 Ἀκούσιος
367 318 478 354 ἐξῆλθεν
505 319 560 345 άπδ
589 317 736 353 προσώπου
769 316 940 350 ἐξουσιάζον-

155 376 213 397 τος.

194 414 225 440 Ἀ
232 414 315 448 μελγε
330 413 411 446 γάλα,
425 412 470 438 καὶ
483 411 559 437 ἔσται
577 410 716 446 βούτυρον.
735 409 798 436 Ἐὰν
809 408 837 435 δὲ
850 407 941 435 ἐκπιέ-

157 460 206 495 ζῃς
223 459 375 494 μυκτῆρας,
391 458 563 491 ἐξελεύσεται
593 456 662 491 αἷμα
675 464 682 473 '
701 456 748 483 ἐὰν
775 455 802 482 δὲ
829 453 942 488 ἐξέλκης

156 505 262 539 λόγους,
277 504 460 537 ἐξελεύσονται
487 504 591 539 κρίσεις
603 503 652 530 καὶ
668 501 763 537 μάχαι.

194 550 235 577 Τὰ
253 550 283 576 ὲν
303 550 367 585 ᾅδου
384 549 457 576 κακά
473 549 503 576 οὐ
534 548 600 575 Θεὸν
617 547 673 582 ἔχει
699 547 745 573 τὸν
769 546 867 579 αἴτιον,
885 545 943 572 ἀλλ’

159 596 234 631 ἡμᾶς
251 595 360 627 αὐτούς.
381 595 466 630 Ἀρχὴ
483 594 537 629 γὰρ
549 593 596 621 καὶ
611 593 673 629 ῥίζα
687 593 735 627 τῆς
757 591 894 627 ἁμαρτίας
913 590 943 618 τὸ

160 641 202 677 ξφ*
220 641 286 676 ήμϊν
301 640 348 667 xui.
360 640 391 667 τὺ
405 639 588 672 αὐτεξούσιον.

203 729 385 764 Ἐπαινοῦμεν
398 729 462 760 τοὺς
489 728 560 756 κατὰ
585 728 744 763 προαιρεσιν
770 724 943 758 ἀγαθοί-ἐουῦ

160 776 223 806 τοὺς
244 774 295 802 ὑπό
309 783 380 806 τινος
404 774 526 809 ἀνάγκης
551 774 594 805 είς
613 772 692 800 τοῦτο
713 773 842 806 ἥκοντας.
856 770 944 797 Ὅπου

162 820 215 855 γὰρ
235 819 394 854 προαιρεσις
408 819 515 854 ἑτοίμη,
530 818 560 845 τὸ
576 817 680 846 κωλύον
691 816 777 843 οὐδέν.

199 864 249 890 Βία
279 864 332 898 γὰρ
360 864 377 898 ἢ
405 863 488 898 φόϐος
510 863 610 898 ἀρετῆς
629 863 679 890 οὐκ
699 863 732 890 ἄν
748 870 813 889 ποτε
841 861 945 894 γένοιτο

993 273 1104 303 invitus.
1118 271 1287 306 dispensatio
1299 269 1448 301 commissa
1463 273 1504 298 est
1518 269 1595 297 mihi.

1028 317 1131 344 Invitus
1145 315 1227 344 exivit
1243 323 1256 342 a
1273 314 1341 342 facie
1355 318 1513 350 potestatem
1528 313 1667 341 habentis.

1038 410 1116 436 Prov.
1136 416 1200 435 xu.
1218 407 1272 434 Lac
1297 406 1318 433 si
1339 412 1456 441 premas,
1484 405 1611 438 butyrum
1638 403 1715 434 exit;
1730 402 1776 438 qui

993 462 1075 483 nares
1092 454 1223 487 emungit,
1237 451 1396 486 sanguinem
1412 449 1484 477 elicit
1501 457 1508 476 :
1525 450 1571 476 sed
1587 449 1662 483 ιιι
1674 448 1697 478 si
1713 455 1778 484 pro-

993 500 1088 527 tuleris
1102 498 1195 532 verba,
1211 498 1273 526 lites
1289 500 1432 532 erumpent
1445 500 1472 524 et
1484 502 1593 531 pugnae.

1028 545 1139 572 Incerti.
1159 543 1229 571 Deus
1249 550 1302 570 non
1319 546 1415 571 auctor
1439 545 1482 569 est
1505 541 1639 568 malorum
1655 540 1725 574 apud
1738 540 1778 567 in-

995 592 1078 623 feros,
1092 590 1139 619 sed
1169 589 1282 624 nosipsi.
1309 587 1477 622 Principium
1494 586 1566 613 enim
1580 590 1608 612 et
1619 585 1695 618 radix
1714 593 1777 619 pec-

993 636 1046 664 cati
1062 640 1104 664 est
1132 634 1274 663 arbitrium
1301 637 1437 664 nostrum,
1464 636 1491 659 et
1516 631 1665 658 voluntatis
1679 635 1778 662 nostra;

994 682 1115 710 libertas.

1031 729 1187 757 Laudamus
1208 734 1255 757 eos
1267 726 1312 760 qui
1334 731 1366 752 ex
1384 722 1466 751 animi
1483 722 1618 754 instituto,
1643 729 1696 750 non
1712 721 1778 749 ada-

995 776 1032 803 cti
1049 775 1140 808 aliqua
1155 771 1328 803 necessitate,
1339 768 1403 798 boni
1421 773 1495 797 sunt.
1508 767 1575 796 Nam
1594 767 1640 799 ubi
1656 769 1779 802 prompta

996 822 1119 850 voluntas
1136 823 1188 852 est,
1203 817 1270 845 nihil
1283 816 1418 853 prohibet.

1032 867 1080 895 Vis
1102 872 1147 894 aut
1175 870 1262 893 metus
1288 872 1342 892 non
1369 869 1482 899 possunt
1504 863 1607 891 efficere
1633 862 1777 890 virtutum;

161 908 327 944 δημιουργός
343 916 350 923 '
375 908 515 936 ἑθελούσια
537 908 591 944 γὰρ
611 909 660 936 καὶ
688 908 738 935 οὐκ
762 907 885 941 ἀνάγκης
911 906 945 934 τὰ.

1021 913 1180 941 tvoluntate
1195 911 1278 944 enitn,
1302 917 1355 938 non
1383 910 1545 939 necessitate
1572 907 1780 943 proﬁciscuntur

164 955 243 982 καλά.

199 1001 236 1028 Τὸ
251 1001 373 1028 ἑκούσιον
384 1000 506 1035 λυπηρὸν
523 999 569 1027 τοῦ
583 1000 709 1027 ἀκουσίου
720 996 838 1034 τερπνοῦ
851 996 946 1031 τιμιώ-

164 1056 252 1082 τερον.

201 1093 237 1118 Τὸ
257 1093 306 1127 μὲν
322 1092 376 1127 γὰρ
390 1092 513 1118 ἑκούσιον
541 1090 726 1126 μονιμώτερόν
738 1098 767 1117 τε
793 1090 840 1117 καῖι⁵
860 1090 948 1125 ἀσφα-

164 1138 302 1173 λέστερον.
330 1138 405 1165 Φιλεῖ
431 1137 461 1164 τδ
479 1137 523 1174 βία
538 1137 723 1172 κρατούμενον
747 1135 948 1172 ἐλευθεριάζειν

167 1184 264 1219 καιροῦ
282 1184 441 1220 λαϐόμενον.

204 1231 312 1267 Ποιμὴν
332 1230 457 1266 ἀμέλγει,
476 1231 499 1256 εξ
511 1229 593 1261 θέλοι,
615 1229 663 1256 καὶ
678 1229 740 1260 τοὺς
755 1228 884 1264 τράγους,

204 1276 274 1303 Ἀλλ’
289 1276 350 1303 ἀντὶ
368 1276 501 1310 γάλακτος
516 1276 640 1310 αἱμάτων
656 1275 748 1310 πηγὰς
763 1274 842 1301 οῐσει.

203 1323 240 1349 Οὐ
259 1323 321 1354 τοὺς
337 1322 444 1359 ἀνάγκῃ
471 1322 521 1356 τῆς
546 1322 648 1352 κακίας
662 1320 863 1355 ἀπεχομένους,
881 1319 949 1345 ἀλλὰ

166 1369 230 1399 τοὺς
244 1368 413 1403 προαιρέσει,
429 1369 556 1401 στεφανοῖ
570 1369 584 1394 ὸ
600 1367 677 1398 Θεὸς.

203 1414 259 1441 οὐκ
274 1414 380 1449 ἀνάγκῃ
397 1415 444 1441 καὶ
469 1414 525 1449 βίᾳ,
542 1414 610 1440 ἀλλὰ
639 1412 765 1448 βουλήσει
787 1413 834 1439 καὶ
854 1411 952 1446 γνώμῃ

167 1461 336 1495 προσάγεται
353 1461 425 1494 ἡμᾶς
441 1461 456 1486 ὁ
470 1460 548 1492 Θεός.
867 1491 876 1498 ι

204 1506 297 1536 Οὐδεὶς
315 1507 419 1540 καρπὸς
434 1507 569 1542 ἀνάγκης,
588 1506 656 1533 ἀλλὰ
675 1507 728 1537 πᾶς
746 1505 841 1541 μισθὸς
856 1513 951 1540 προαι-

171 1551 320 1586 ρέσεωςοού
336 1551 390 1586 γὰρ
400 1551 538 1584 λογίζεται
547 1552 561 1579 ὁ
575 1552 642 1583 Θεὸς
656 1552 690 1578 τὰ
702 1552 731 1586 ἐξ
741 1552 875 1586 ἀνάγκης,
885 1550 952 1577 ἀλλὰ

169 1595 205 1623 τὰ
218 1597 250 1624 ἐκ
264 1598 451 1632 προαιρέσεως
469 1598 686 1633 κατορθούμενα.

205 1686 242 1712 Τὸ
258 1686 290 1712 ὲκ
302 1685 410 1719 φύσεως
428 1685 532 1719 ἀγαθὸν
543 1686 690 1720 ἀδόκιμον
713 1685 743 1711 τὸ
765 1685 794 1713 δὲ
808 1686 839 1712 ἐκ
856 1694 951 1719 προαι-

171 1733 273 1768 ρέσεως
285 1732 439 1759 ἐπαινετόν.

207 1777 238 1804 El
263 1777 354 1812 βούλει
371 1777 517 1812 ἀταράχως
543 1778 590 1804 καὶ
610 1778 766 1813 εὐαρέστως
782 1777 842 1812 ζῇν,
864 1776 953 1811 πειρῶ

172 1825 236 1856 τοὺς
266 1823 456 1855 συνοικοῦντᾶς
476 1832 517 1850 σοι
537 1825 700 1859 σύμπαντας
722 1823 844 1858 ἀγαθοὺς
859 1823 932 1857 ἔχειν
945 1830 952 1838 ⁸

172 1870 244 1903 ἕξεις
267 1870 296 1896 δὲ
320 1870 452 1904 ἀγαθοὺς,
469 1871 494 1898 εἰ
507 1871 570 1902 τοὺς
590 1871 640 1905 μὲν
666 1867 779 1902 ἑκόντας
805 1869 953 1901 παιδεύεις,

173 1916 235 1947 τοὺς
249 1915 277 1942 δὲ
290 1915 416 1950 ἄκοντας,
432 1916 528 1943 ἔπειτα
543 1917 592 1943 καὶ
605 1917 794 1952 χειρωμένους
813 1915 953 1948 ἀπολύεις,

175 1961 369 1996 Συμφεύξεται
389 1963 444 1998 γὰρ
456 1963 517 1994 τοῖς
541 1962 689 1997 φεύγουσιν
703 1962 720 1997 ἡ
745 1961 882 1996 μοχθηρία
897 1961 956 1995 ἅμα

171 2009 218 2034 καὶ
233 2009 250 2042 ἡ
266 2008 391 2035 δουλεία·
412 2009 694 2043 συνυπολειφθήσεται
717 2008 746 2034 δὲ
763 2008 819 2038 τοῖς
840 2005 955 2041 συμϐαί-

175 2054 249 2080 νουσι
273 2062 314 2081 σοι
331 2055 348 2089 ἠ
362 2055 516 2090 χρηστότης
533 2054 581 2081 καὶ
601 2055 618 2090 ἡ
630 2053 782 2088 ἐλευθερία.

467 2123 577 2150 ΛΟΓΟΣ
596 2121 664 2152 EG".

315 2181 384 2214 Περὶ
393 2180 486 2216 φόϐου
500 2181 621 2214 Κυρίου,
637 2179 686 2207 καὶ
700 2178 814 2212 ἁπλῶς.

997 961 1079 987 bona.

1028 1005 1170 1034 Molestum
1198 1007 1379 1041 spontaneum
1393 999 1701 1035 iuvolnntariojucundo
1713 1006 1782 1035 prse-

997 1057 1062 1083 slal.

1035 1097 1165 1132 Tlteologi.
1183 1096 1371 1124 Voluntarium
1400 1094 1472 1122 enim
1502 1091 1629 1120 stabilius
1654 1094 1680 1118 et
1696 1089 1782 1117 tutius

997 1147 1049 1171 est.
1066 1142 1142 1176 Quod
1156 1141 1287 1170 violenter
1301 1140 1431 1172 vincitur,
1443 1139 1470 1166 id
1483 1137 1654 1166 occasionem
1672 1138 1781 1164 nactum

999 1189 1025 1215 in
1040 1189 1192 1224 libertatem
1208 1195 1238 1215 se
1257 1194 1382 1215 asserere
1397 1185 1476 1213 solet.

1035 1233 1130 1261 Pastor
1145 1233 1166 1260 si
1179 1233 1243 1260 velit
1255 1231 1348 1260 hircos
1367 1231 1448 1258 etiam
1465 1231 1578 1265 mulget,

1036 1279 1088 1306 Sed
1107 1286 1155 1313 pro
1170 1278 1239 1306 lacte
1256 1277 1396 1312 sanguinis
1408 1276 1497 1304 fontes
1512 1275 1629 1303 hauriet.

1037 1325 1066 1353 S.
1085 1325 1223 1360 Chrysost.
1241 1323 1299 1352 Non
1331 1323 1391 1352 illos
1419 1322 1464 1358 qui
1485 1321 1653 1351 necessario.
1674 1319 1722 1348 sed
1738 1319 1784 1355 qui

1001 1375 1096 1405 sponte
1109 1378 1158 1398 sua
1175 1369 1249 1397 vitiis
1265 1369 1413 1400 abstinent,
1432 1367 1502 1395 Deus
1518 1370 1643 1396 coronat.

1039 1416 1108 1445 Deus
1135 1424 1185 1444 nos
1211 1415 1305 1448 allicit,
1326 1422 1379 1442 non
1397 1413 1422 1441 vi
1439 1418 1466 1442 et
1482 1413 1656 1445 necessitate,
1674 1410 1721 1439 sed
1740 1417 1787 1446 per

1002 1465 1168 1496 voluntatem
1181 1467 1207 1490 et
1228 1462 1374 1489 rationem.

1038 1509 1134 1539 Nullus
1146 1513 1187 1536 est
1201 1507 1372 1536 necessitatis
1387 1507 1502 1540 fructus,
1515 1506 1562 1533 sed
1578 1505 1668 1533 omnis
1683 1511 1787 1534 merces

1004 1555 1138 1582 voluntati
1161 1554 1298 1581 tribuitur.
1327 1553 1386 1581 Non
1417 1553 1487 1580 enim
1512 1555 1618 1585 reputat
1642 1550 1714 1577 Deus
1727 1555 1787 1582 qua:

1003 1601 1167 1632 necessario,
1185 1600 1232 1628 sed
1264 1607 1324 1635 quae
1349 1599 1421 1633 ultro
1442 1596 1624 1631 consultoque
1656 1599 1728 1623 recte
1744 1601 1789 1629 ge-

1004 1650 1110 1674 runtur.

1038 1693 1165 1721 Cltoricii.
1180 1692 1345 1720 Productum
1355 1699 1368 1718 a
1382 1696 1478 1718 natura
1490 1690 1591 1717 bonum
1609 1696 1661 1719 non
1691 1695 1787 1723 appro-

1003 1740 1102 1767 batur:
1119 1746 1134 1765 a
1152 1738 1290 1766 voluntate
1305 1744 1367 1764 vero
1383 1742 1475 1764 natum
1492 1735 1626 1763 laudabile
1641 1739 1692 1761 est.

1041 1784 1162 1820 Epicteti.
1179 1784 1207 1811 Si
1223 1784 1262 1812 vis
1276 1784 1335 1810 sine
1361 1781 1564 1818 perturbatione
1580 1785 1606 1808 et
1629 1779 1734 1816 placide
1749 1779 1789 1806 vi-

1004 1837 1078 1863 vere,
1093 1830 1134 1865 i‘ac
1148 1833 1176 1857 ut
1187 1837 1282 1857 omnes
1299 1828 1347 1856 tibi
1364 1828 1512 1856 familiares
1530 1827 1592 1858 boui
1609 1828 1664 1855 sint
1680 1835 1686 1853 :
1709 1830 1790 1854 erunt

1006 1881 1095 1903 autem
1125 1876 1200 1908 boui,
1222 1875 1245 1902 si
1271 1875 1394 1902 volentes
1412 1874 1533 1904 erudias.
1549 1873 1649 1900 invitos
1670 1879 1734 1901 vero
1750 1871 1789 1904 (in

1007 1922 1098 1951 Graeco
1119 1921 1236 1954 additur,
1254 1921 1349 1948 ἔπειτα
1371 1920 1419 1947 καὶ
1437 1919 1634 1956 χειρωμένους)
1656 1917 1788 1947 dimittas.

1007 1965 1095 1993 Simul
1112 1966 1183 1992 enim
1206 1964 1372 1998 fugientibus
1387 1964 1440 1991 illis
1458 1963 1616 1998 improbitas
1629 1967 1655 1990 et
1670 1963 1790 1990 servitus

1008 2011 1165 2046 aul‘ugieut;
1195 2010 1365 2046 relinquetur
1392 2014 1482 2037 autem
1508 2017 1568 2038 cum
1604 2009 1655 2037 iliis
1680 2009 1725 2043 qui
1743 2009 1790 2036 tibi

1009 2062 1208 2093 conversantur
1221 2058 1343 2095 probitas
1357 2062 1384 2085 et
1398 2057 1519 2085 libertas.
1693 2046 1695 2050 V

1291 2124 1407 2152 SERMO
1422 2124 1515 2152 LXVI.

1081 2182 1119 2208 De
1142 2182 1234 2209 timore
1252 2181 1367 2215 Domini,
1382 2187 1407 2209 et
1424 2182 1455 2209 de
1472 2182 1565 2208 timore
1579 2180 1606 2207 in
1621 2188 1723 2216 genere.

209 2239 255 2274 Μὴ
271 2238 408 2274 φοϐηθῆτε
432 2238 486 2264 ἀπὸ
508 2238 562 2264 τῶν
579 2237 798 2265 ἀποκτεινόντων
818 2238 848 2265 τὸ
864 2238 950 2274 σῶμα,

1045 2240 1138 2267 Matth.
1152 2248 1180 2267 κ.
1194 2239 1233 2266 Ne
1245 2239 1361 2266 timeatis
1373 2239 1407 2266 ab
1419 2239 1470 2266 illis
1483 2239 1528 2274 qui
1544 2246 1642 2274 corpus
1653 2231 1791 2272 occidunt,

173 2285 222 2319 τὴν
237 2285 265 2312 δὲ
277 2284 367 2319 ψυχὴν
382 2284 419 2319 μὴ
435 2284 592 2318 δυναμένων
606 2284 779 2311 ἀποκτεῖναι.

209 2330 245 2357 Τδ
262 2331 310 2365 μὲν
326 2330 435 2365 πνεῦμα
451 2329 600 2365 πρόθυμον,
617 2330 634 2364 ή
648 2330 675 2356 δὲ
696 2329 764 2364 σὰρξ
782 2330 909 2366 ἀσθενής.

214 2422 272 2449 Ἐπ’
288 2421 418 2457 ἀληθείας
442 2422 655 2457 καταλαμϐάνω,
672 2424 713 2450 ὅτι
727 2424 778 2451 οὐκ
796 2424 854 2452 ἔστι
869 2434 956 2461 προσ-

174 2468 340 2503 ωπολήπτης
364 2468 379 2494 6
409 2467 486 2500 Θεὸς,
511 2467 570 2493 ἀλλ’
589 2468 619 2495 ὲν
636 2469 718 2496 παντὶ
735 2469 806 2497 ἔθνει
831 2471 844 2497 ὁ
860 2471 958 2505 φοϐού-

176 2522 256 2549 μενος
273 2513 353 2541 αὐτὸν
380 2513 427 2539 καὶ
443 2513 627 2548 ἐργαζόμενος
653 2514 839 2551 δικαιοσύνην,
866 2516 958 2549 δεκτθις

175 2559 250 2594 αύτῷ
267 2560 351 2586 ιστιν.

210 2605 294 2637 Φόϐος
311 2605 414 2640 Κυρίου
442 2606 518 2642 πηγὴ
538 2606 621 2641 ζωῆς,
640 2608 714 2634 ποιεῖ
729 2607 756 2634 δὲ
773 2607 910 2636 ἐκκλίνειν
927 2610 958 2635 ἐκ

175 2651 288 2685 παγίδος
303 2651 429 2679 θανάτου.

209 2695 292 2727 Τέλος
309 2695 389 2730 λόγου
406 2697 438 2724 τδ
459 2698 513 2724 πᾶν
532 2698 626 2732 ἄκουε,
648 2699 692 2725 τὸν
708 2699 776 2726 Θεὸν
798 2699 892 2733 φοϐοῦ,
912 2701 958 2726 καὶ

172 2741 221 2771 τὰς
239 2740 350 2772 ἐντολὰς
367 2742 452 2769 αὐτοῦ
474 2743 595 2777 φύλασσε
610 2751 617 2759 ·
630 2744 670 2770 ὅτι
686 2743 766 2771 τοῦτο
786 2744 839 2776 πᾶς
854 2745 958 2781 ἀνορω-

173 2795 234 2818 πος.

208 2833 345 2869 Χρήματα
360 2834 407 2860 καὶ
429 2835 507 2869 ἰσχὺς
533 2835 667 2871 ὰνυψοῦσι
691 2835 814 2870 καοδίαν,
829 2838 875 2873 καὶ
890 2837 959 2871 ὑπὲρ

175 2879 319 2914 ἀμφότερα
334 2879 417 2914 φόϐος
430 2879 544 2916 Κυρίου.

1010 2286 1127 2313 animant
1144 2291 1209 2312 vero
1223 2284 1348 2312 occidere
1365 2292 1417 2311 non
1436 2291 1560 2319 possunt.
1745 2318 1747 2322 ἱ

1046 2331 1117 2359 Ibid.
1131 2339 1194 2359 xxv.
1212 2330 1329 2366 Spiritus
1359 2330 1468 2365 quidem
1501 2336 1644 2366 promptus
1659 2335 1713 2362 est,
1727 2322 1791 2358 caro

1010 2382 1099 2406 autem
1115 2376 1268 2405 imbecillis.

1048 2425 1107 2452 Act.
1124 2431 1164 2451 χι.
1180 2422 1208 2450 1η
1225 2421 1339 2451 veritate
1349 2421 1533 2457 deprehendo,
1557 2422 1629 2457 quod
1651 2421 1722 2449 Deus
1738 2429 1791 2449 non

1009 2476 1049 2498 est
1080 2477 1258 2505 personarum
1284 2472 1421 2503 acceptor,
1446 2468 1495 2495 sed
1522 2469 1549 2495 in
1565 2467 1639 2503 omni
1653 2473 1732 2504 gente
1747 2468 1794 2503 qui

1011 2517 1106 2545 metuit
1118 2517 1207 2551 ipsum
1222 2515 1393 2550 etjustitiam
1407 2514 1484 2548 facit,
1502 2519 1631 2549 acceptus
1648 2519 1691 2542 est
1704 2515 1739 2541 ci.

1049 2607 1128 2636 Prov.
1147 2615 1202 2635 xiv.
1220 2607 1312 2635 Timor
1330 2606 1436 2636 Domini
1453 2607 1514 2636 fons
1534 2607 1606 2640 vitae,
1624 2607 1687 2634 facit
1704 2612 1793 2634 autem

1010 2653 1146 2680 declinare
1160 2659 1173 2679 a
1190 2652 1286 2687 laqueo
1302 2653 1407 2680 mortis.

1044 2698 1114 2727 Audi
1138 2706 1245 2726 omnem
1262 2698 1396 2733 sermonis
1410 2706 1559 2732 summam,
1577 2698 1659 2726 Deum
1673 2697 1748 2730 time,
1767 2700 1794 2723 οι

1011 2749 1143 2780 praecepta
1157 2745 1217 2780 ejus
1233 2744 1349 2772 custodi.

1046 2833 1132 2864 Eccli.
1144 2842 1189 2862 ιιι..
1202 2833 1327 2862 Pecunia;
1346 2839 1373 2862 et
1385 2835 1456 2863 vires
1470 2833 1602 2862 extollunt
1616 2839 1674 2865 cor,
1688 2834 1794 2859 utrum-.-

1011 2889 1062 2918 que
1078 2888 1141 2910 vero
1154 2885 1263 2918 superat
1277 2881 1357 2918 timor
1375 2881 1493 2910 Domini.
