1940 3104
160 129 171 162 Ῑ
177 131 231 164 039

155 235 297 264 debemus.

144 287 147 289 ‘
190 280 267 317 lmpii
282 289 423 317 personam
436 281 564 309 admirari
578 281 725 308 honestum
748 287 803 308 non
832 284 885 312 est,
897 287 948 308 nec

157 332 281 355 sanctum
293 327 429 355 declinare
438 327 484 362 jus
510 327 662 362 in-judicio.

194 373 245 406 Qui
257 374 479 402 occultatmanus
489 381 553 402 suas
561 373 588 401 in
599 373 826 409 sinum,injustus
838 376 890 406 est,
899 379 949 400 nec

159 419 219 448 illas
235 420 274 446 ori
287 426 337 446 suo
349 418 487 447 admovet.

195 515 284 552 147.
301 517 337 544 Os
353 517 499 553 impiorum
513 519 769 556 deglutietjudicia.

193 561 243 595 Qui
254 562 469 599 j='stumjudicat
483 565 629 599 injustum,
639 570 667 593 et
688 566 820 601 injustum
831 567 949 601 justum,

158 607 282 642 impurus
296 615 337 637 cst
350 611 421 644 apud
434 611 578 639 Dominum
593 617 620 639 et
632 612 696 640 odio
720 613 830 648 dignus.

195 652 280 682 Osew.
294 654 349 682 Cur
361 656 527 691 impietatem
544 658 690 686 reticentes
704 659 815 692 tulistis,
839 663 866 686 et
881 658 952 695 inju-

158 699 213 726 rias
221 699 282 735 ejus
299 701 512 730 viudcmiaslis?

196 745 332 774 "abacus.
355 747 507 784 Quousque
522 751 644 783 tandem,
664 751 788 785 Domine,
813 753 950 785 clamabo,

161 798 210 818 nec
227 792 357 820 cxaudies
367 793 379 820 ’ί
391 801 441 821 cur
456 794 649 823 demonstrasti
667 796 807 825 molestias
821 802 848 824 et
876 798 952 825 dolo-

160 845 216 869 res,
230 843 259 864 ut
277 839 541 874 inspiciasmiserias
553 846 580 869 et
593 843 760 877 impietatem
775 851 818 870 me
829 844 950 871 circum-

158 887 262 912 stantes
275 884 286 911 ?
301 892 333 912 ex
349 886 465 915 adverso
478 887 612 922 judicium
628 888 728 916 factum
759 893 812 923 est,
827 895 854 918 et
868 890 951 926 judex

157 931 265 966 recipit,
285 937 367 968 atque
383 933 418 962 ob
435 941 494 961 eam
507 942 618 962 causam
632 935 765 971 dissipata
781 942 822 964 est
835 936 889 969 lex,
904 944 952 964 nec

158 977 318 1011 perducitur
331 979 364 1006 ad
380 979 461 1007 tinent
474 979 620 1015 judicium,
637 982 710 1016 quod
736 982 837 1017 impius
850 983 953 1017 justum

158 1022 280 1056 potentia
295 1023 424 1058 opprimit
438 1034 445 1052 :
464 1024 543 1060 cujus
556 1025 594 1053 rei
604 1033 688 1054 causa
703 1027 795 1061 prodit
816 1027 952 1062 judicium

159 1075 331 1103 perversum.

196 1113 337 1144 Adversus
356 1123 399 1144 me
416 1116 518 1145 factum
534 1122 576 1146 est
597 1117 743 1154 judicium,
761 1119 880 1155 etjudex
910 1127 954 1148 re-

163 1160 241 1199 cipit.
251 1161 285 1189 ob
294 1169 377 1197 quam
388 1170 500 1192 causam
521 1163 612 1198 prodit
626 1164 760 1199 judicium
778 1173 952 1201 perversum.

196 1258 255 1286 In.
267 1267 287 1287 ι.
299 1258 367 1288 Cum
383 1261 563 1289 ostenderitis
576 1269 674 1290 manus
692 1267 808 1296 vestras,
822 1271 854 1291 os
864 1271 955 1291 meum

162 1312 177 1332 τι
185 1305 261 1334 vobis
269 1310 411 1340 avertam;
420 1314 520 1335 manus
528 1308 603 1336 enim
614 1312 713 1336 vestra:
722 1309 857 1344 sanguine
868 1309 956 1344 plenae

162 1357 237 1381 sunt.

200 1397 245 1426 Va
259 1398 336 1427 vobis
348 1400 752 1435 quijustiticatis_etabsolvitis
765 1402 880 1438 impium
895 1409 957 1430 mu-

163 1451 258 1472 nerum
269 1452 363 1478 causa.
377 1450 405 1477 et
414 1447 543 1482 jusjusto
554 1449 672 1483 eripitis.

196 1489 366 1525 Pupillorum
381 1497 409 1519 et
423 1493 513 1520 vidua:
527 1501 626 1522 causas
636 1502 690 1522 non
707 1500 899 1530 susceperunt.
913 1496 956 1523 An

796 130 817 158 A
824 130 959 160 ΝἹὈΝΠ
979 131 1151 167 MELISSIE

189 189 338 218 Pecuniam
352 197 413 225 qua:
425 190 489 218 dolo
497 189 576 217 datur
587 188 665 223 quasi
678 192 774 216 testam
786 188 944 216 existimare
957 189 984 220 Α

1714 130 1790 162 ιοιο

1040 192 1183 228 ’Δργὺριον
1211 193 1349 228 διδόμενον
1365 193 1435 228 μετὰ
1449 193 1526 220 δόλου
1541 193 1636 229 ὥσπερ
1652 194 1792 230 ὕστρακην

999 240 1124 275 ἡγητέον.

1033 288 1182 322 Θαυμάσαι
1217 289 1363 323 πρόσωπον
1393 287 1507 318 ἀσεϐοῦς
1537 288 1569 314 οὐ
1597 287 1699 319 καλὸν,
1727 285 1795 313 οὐδὲ

999 339 1074 365 ὅσιον
1092 337 1226 363 ἐκκλίνειν
1243 336 1274 363 τὸ
1292 335 1394 362 δίκαιον
1409 334 1438 360 ὲν
1457 334 1557 368 κρίσει.

1042 386 1071 412 '0
1088 384 1252 419 ὲγκρίνιττων
1273 384 1312 414 εἰς
1325 383 1371 409 τὸν
1393 383 1493 409 κόλπον
1515 381 1598 408 αὐτοῦ
1614 381 1709 415 χεῖρας
1730 379 1794 406 ἁδί-

999 442 1068 465 κως,
1086 432 1148 459 οὐδὲ
1173 432 1212 467 τῷ
1237 431 1353 466 στόματι
1381 429 1463 456 αὐτοῦ
1489 429 1519 455 οὺ
1551 428 1590 463 μὴ
1616 427 1793 462 προσενέγκῃ

1000 489 1017 506 α
1022 480 1094 511 ιτάς.

1034 528 1125 561 Στόμα
1140 526 1245 552 ἀσεῆὦν
1265 526 1430 552 καταπὶετκι
1446 524 1563 558 κρίσεις.

1039 574 1086 604 ὀς
1109 572 1213 599 δίκαιον
1230 572 1317 604 κρίνει
1344 571 1389 597 τὸν
1415 570 1517 602 ἄδικον,
1535 569 1627 596 ἄδικον
1650 568 1678 594 δὲ
1694 567 1741 594 τὸν
1752 566 1794 593 δί-

1001 628 1090 648 καιον,
1108 619 1263 653 ἀκάθαρτος
1279 617 1326 644 καὶ
1345 617 1487 652 βδελυκτδς
1502 616 1579 651 παρὰ
1595 613 1699 649 Κυρίῳ.

1039 665 1097 691 Ἵνα
1113 664 1140 691 τί
1159 663 1389 699 παρεσιωπήσατε
1407 662 1547 693 ἀσέὸειαν,
1561 661 1607 688 καὶ
1619 660 1668 690 τὰς
1683 658 1796 689 ἀδικίας

1003 712 1088 745 αὐτῆς
1103 712 1272 746 ἑτρυγήσατε
1287 720 1294 744 ;

1041 759 1112 790 Ἕως
1129 758 1206 790 πότε,
1224 757 1321 790 Κῦριε,
1338 757 1510 791 κεκράξομαι
1535 754 1725 787 ἀδικούμενος,
1745 751 1797 778 καὶ

1003 806 1052 833 οὐκ
1076 804 1226 840 είσακούσῃ
1239 813 1246 838 ;
1261 794 1305 831 ἵνα
1327 805 1353 830 τί
1377 803 1481 835 ἔδειξας
1503 802 1604 831 κόπους
1619 800 1667 827 καὶ
1680 799 1795 830 πόνους,

1003 851 1160 878 ἐπιϐλέπειν
1175 851 1221 878 ἐπὶ
1235 847 1425 883 ταλαιπωρίαν
1438 849 1484 875 καὶ
1501 846 1649 879 ἀσέϐειανς
1673 844 1703 876 ἐξ
1715 844 1797 870 ἔναν-

1004 898 1065 930 τίεις
1094 907 1144 933 μου
1174 898 1271 931 γέγονε
1294 897 1398 931 κρίσις,
1423 897 1468 922 καὶ
1494 895 1508 921 ὁ
1529 893 1628 927 κριτὴς
1644 890 1795 925 λαμϐάνει.

1004 946 1052 972 Διὰ
1083 945 1164 972 τοῦτο
1190 944 1379 971 διεσκέδασται
1404 943 1496 975 νόμος,
1515 942 1561 968 καὶ
1591 940 1622 966 οὗ
1637 938 1796 971 διεξάγεται

1005 993 1044 1021 εἰς
1061 991 1135 1023 τέλος
1153 991 1252 1025 κρίμα,
1270 991 1311 1016 ὅτι
1333 990 1348 1016 ὁ
1374 989 1476 1017 ἀσεϐὴς
1502 984 1734 1014 καταδυναστεύει
1749 983 1799 1009 τὸν

1004 1038 1119 1065 δίκαιον·
1132 1037 1225 1064 ἕνεκεν
1235 1037 1330 1064 τούτου
1342 1036 1483 1070 ἐξέρχεται
1500 1034 1530 1060 τὸ
1542 1033 1632 1068 κρίμα
1647 1032 1798 1065 διεστραμ-

1006 1085 1097 1119 μένον.

1048 1131 1094 1163 Ἐξ
1116 1130 1241 1161 ἐναντίας
1267 1138 1318 1164 μου
1346 1129 1439 1162 γέγονε
1459 1128 1563 1163 κρίσις,
1584 1126 1632 1154 καὶ
1655 1127 1669 1153 ὁ
1696 1126 1799 1160 κριτὴς

1005 1179 1138 1213 λαμϐάνει
1152 1187 1159 1195 ·
1173 1178 1217 1205 διὰ
1231 1177 1309 1205 τοῦτο
1322 1176 1463 1212 ἐξέρχεται
1488 1176 1518 1202 cc
1538 1176 1627 1210 κρίμα
1645 1175 1798 1210 διεστραμ-

1007 1228 1096 1262 μένον.

1041 1272 1126 1299 ὀταν
1139 1271 1280 1305 ὲκτείνητε
1298 1271 1349 1302 τὰς
1362 1271 1457 1305 χεῖρας
1474 1269 1563 1304 ὑμῶν,
1580 1268 1747 1302 ἀποστρέψει)
1767 1267 1799 1294 τὸ

1007 1319 1153 1354 πρόσωπόν
1170 1327 1221 1353 μου
1233 1318 1280 1353 ἀφ’
1293 1317 1381 1353 ὑμῶν.
1394 1317 1427 1344 Al
1442 1317 1497 1352 γὰρ
1513 1317 1605 1352 χεῖρες
1621 1315 1699 1350 ὑμῶν
1713 1314 1800 1347 αἵμα-

1006 1375 1051 1399 τος
1065 1366 1190 1401 πλήρεις.

1043 1411 1112 1437 Οὐαὶ
1123 1411 1147 1437 οί
1162 1409 1331 1440 δικαιοῦντες
1346 1409 1392 1435 τὸν
1417 1409 1503 1443 ἀσεϐῆ
1517 1408 1612 1434 ἕνεκεν
1625 1407 1731 1440 δώρων,
1750 1406 1802 1432 καὶ

1008 1456 1038 1483 τδ
1052 1447 1157 1483 δίκαιον
1170 1455 1218 1482 τοῦ
1234 1455 1340 1482 δικαίου
1356 1456 1482 1489 αῐροντες
1497 1454 1546 1480 ἀπ’
1561 1452 1655 1481 αὐτοῦ.

1045 1504 1102 1531 οὐκ
1123 1504 1235 1538 ἔκριναν
1254 1503 1347 1537 κρίσιν
1369 1501 1507 1536 ὀρφανῶν,
1521 1502 1570 1528 καὶ
1592 1501 1685 1535 κρίσιν
1708 1502 1803 1536 χήρας

163 1544 217 1564 non
230 1537 286 1565 haec
304 1538 431 1572 visitabo,
446 1538 665 1572 dicitDominus,
679 1546 724 1568 aut
742 1541 770 1569 in
785 1542 867 1570 talem
890 1549 956 1578 gen-

1025 1552 1060 1578 ὗκ
1073 1537 1194 1585 ἔκριναν.
1207 1549 1252 1584 Μὴ
1268 1549 1314 1576 ἐπὶ
1335 1549 1440 1580 τούτοις
1455 1548 1506 1574 οὐκ
1522 1547 1708 1582 ἐπισκέψομαι
1724 1556 1731 1581 ;
1757 1548 1804 1574 λέ-

164 1587 220 1610 tem
229 1590 286 1611 non
297 1583 448 1613 vindicabit
456 1585 547 1613 anima
560 1593 619 1614 mea
631 1586 643 1613 ’ἰ

200 1684 247 1713 Va:
263 1686 448 1714 scribentibus
465 1687 609 1715 malitiam.
619 1686 777 1715 Scribentes
792 1687 865 1715 enim
880 1687 959 1714 mali-

164 1732 231 1759 tiam
247 1732 381 1765 scribunt,
399 1740 414 1759 a
430 1740 459 1760 se
473 1734 630 1767 rejicientes
656 1742 806 1769 pauperum
834 1741 958 1766 causam,

165 1778 303 1813 rapientes
316 1779 419 1813 judicia
432 1787 582 1814 pauperum
597 1781 689 1815 populi
706 1781 770 1812 mei,
787 1785 817 1808 ut
830 1781 910 1808 vidua
925 1780 961 1808 sit

168 1822 330 1857 illisrapime
339 1829 366 1851 ct
375 1825 492 1859 pupillus
503 1825 599 1859 praeda:
612 1833 620 1853 :
632 1829 658 1852 at
667 1825 732 1860 quid
741 1826 766 1852 in
776 1826 820 1852 die
829 1825 960 1852 visitatio-

167 1870 210 1896 ηις
221 1869 340 1898 facient?
356 1871 551 1899 aﬂlictio'enim
569 1873 689 1906 ipsorum
702 1872 866 1899 olimveniet
883 1881 889 1900 :
903 1878 959 1900 tum

167 1915 201 1943 ad
231 1923 312 1951 quem
330 1917 484 1952 perlugiont
503 1919 597 1946 auxilii
616 1919 723 1952 petendi
736 1919 839 1947 causa?

204 2009 260 2036 θυι
273 2016 333 2043 vos,
345 2009 434 2044 inquit
448 2011 592 2043 Dominus.
605 2011 735 2046 injuriam
749 2011 845 2040 tacitis
860 2013 962 2047 popqu

170 2062 242 2088 meo,
259 2060 286 2082 et
302 2063 350 2083 ora
369 2063 518 2091 pauperum
532 2057 664 2085 dedecore
675 2062 702 2085 et
725 2058 874 2093 ignominia
902 2058 958 2085 alli-

169 2101 253 2130 citis?

205 2147 263 2177 Isa.
282 2156 308 2175 v.
326 2147 372 2176 Vae
387 2149 433 2183 qui
451 2149 551 2176 malum
565 2149 657 2176 dicitis
667 2149 781 2182 bonum,
806 2155 835 2177 et
860 2151 960 2178 bonum

171 2193 284 2227 nmium,
303 2199 330 2221 et
348 2194 452 2229 ponitis
476 2194 565 2221 lucem
584 2194 723 2227 tenebras,
737 2199 764 2221 et
781 2195 961 2223 trenebaslu-

171 2247 241 2272 cem,
261 2245 287 2267 et
303 2247 426 2267 amarum
444 2240 533 2273 dulce,
550 2244 576 2268 et
590 2240 669 2267 dulce
683 2247 818 2268 amarum.

207 2331 393 2365 lmproborum
410 2333 555 2360 consilium
583 2333 676 2368 iniqua
695 2333 839 2365 deliberat,
858 2338 886 2361 ut
909 2334 962 2361 hu-

173 2377 250 2404 miles
259 2379 382 2405 matione
395 2379 486 2413 iniqua
498 2379 604 2414 perdat,
617 2383 643 2406 et
653 2387 805 2414 pauperum
821 2388 978 2408 sermones-

172 2424 199 2450 in
209 2423 312 2458 judicio
324 2425 448 2459 dissipet.

212 2469 342 2497 Ezechiel.
364 2470 492 2505 Dejccisti
512 2473 672 2507 superbum,
696 2477 723 2500 et
740 2475 862 2502 extulisti
889 2474 965 2510 deje-

175 2522 248 2544 ctum
267 2526 272 2543 :
286 2525 334 2552 pro
348 2517 447 2550 injuria
463 2518 514 2545 hoc
524 2526 634 2553 ponam,
649 2519 713 2546 dicit
734 2520 875 2547 Dominus.

211 2564 307 2592 Exue/1.
325 2573 402 2592 xxnt.
421 2565 524 2592 Animae
543 2566 636 2600 populi
652 2567 702 2594 mei
722 2575 854 2602 perversa:
866 2572 967 2594 suntet

177 2612 283 2639 animus
294 2611 502 2639 vivilicaverunt
518 2612 566 2647 (l).
585 2617 611 2640 et
627 2614 697 2648 apud
715 2614 843 2648 populum
877 2621 966 2640 meum

176 2656 357 2691 profanarum
374 2665 415 2683 me
430 2665 477 2691 pro
491 2658 583 2685 hordei
605 2659 707 2693 pugillo
724 2658 847 2685 etl‘rusto
877 2659 966 2692 panis,

178 2704 210 2730 ad
226 2711 272 2730 eos
290 2704 495 2732 interﬁciendos
507 2713 576 2739 quos
588 2705 675 2731 occidi
690 2712 742 2731 non
759 2706 910 2739 oporlebat,
942 2711 968 2732 et

178 2754 207 2777 ut
216 2759 263 2780 cos
272 2756 463 2778 ronservarent
471 2753 497 2779 in
511 2752 562 2779 \ita
572 2759 640 2786 quos
651 2752 740 2779 vivere
753 2753 968 2787 nouoportcbat.

218 2853 255 2887 (l)
280 2852 308 2879 id
328 2858 369 2880 est
390 2853 575 2880 absolverunt.

1011 1606 1054 1631 γει
1066 1597 1182 1632 Κύριος,
1207 1596 1224 1631 ἢ
1242 1596 1271 1622 ἓν
1286 1595 1357 1622 ἔθνει
1372 1595 1412 1631 τῷ
1426 1596 1541 1630 τοιοῠτῳ
1554 1594 1604 1621 οὐκ
1627 1595 1770 1628 ἐκδικήσει
1785 1595 1802 1628 ἡ

1009 1643 1082 1678 ψυχή
1101 1651 1169 1677 nov;

1047 1687 1116 1714 Οὐαὶ
1140 1688 1196 1718 τοῖς
1220 1687 1355 1723 γράφουσι
1384 1687 1529 1722 πονηρίαν.
1567 1687 1724 1721 Γράφοντςς
1745 1686 1804 1721 γὰρ

1012 1734 1143 1768 πονηρίαν
1166 1733 1337 1769 γράφουσιν.
1362 1733 1532 1765 ἐκκλίνοντες
1555 1733 1646 1767 κρίσιν
1671 1733 1802 1768 πτωχῶν,

1011 1779 1182 1813 ἁρπάζοντες
1205 1780 1293 1814 κρίμα
1314 1779 1509 1815 πενήτων-τοῦ
1532 1778 1599 1806 λαοῦ
1628 1787 1692 1812 μου,
1707 1779 1747 1809 ὡς
1772 1779 1805 1805 τδ

1012 1823 1082 1853 εἶναι
1105 1826 1197 1858 αὐτοῖς
1223 1827 1313 1861 χήραν
1337 1826 1377 1857 είς
1401 1826 1538 1862 ἁρπαγὴν,
1556 1825 1602 1852 καὶ
1625 1825 1745 1861 δρφανὶν
1762 1826 1804 1857 είς

1012 1873 1163 1908 προνομήν.
1178 1873 1231 1899 Καὶ
1246 1873 1272 1899 τί
1298 1873 1441 1907 ποιήσουσι
1461 1874 1493 1907 τῇ
1516 1873 1608 1908 ἡμέρᾳ
1627 1873 1676 1906 τῆς
1692 1873 1806 1898 ἐπισκο-

1012 1919 1081 1952 πῆς;
1098 1920 1114 1954 ἡ
1133 1919 1187 1954 γὰρ
1205 1919 1295 1953 θλίψις
1307 1918 1397 1945 αὐτῶν
1413 1919 1555 1954 πόρῤωοεν
1570 1919 1630 1954 ἥξει
1642 1928 1649 1935 ·
1669 1918 1718 1945 καὶ
1734 1919 1806 1954 πρὸς

1012 1965 1073 1992 τίνα
1089 1965 1305 1999 καταφεύξονται
1315 1964 1363 1991 τοῦ
1375 1965 1556 2000 βοηθηθῖνιαις

1049 2011 1081 2038 Τί
1095 2011 1174 2046 ὑμεῖς
1189 2011 1306 2038 ἀδικεῖτε
1334 2011 1379 2038 τὸν
1394 2011 1458 2037 λαόν
1478 2020 1539 2045 μου,
1551 2012 1600 2038 καὶ
1614 2011 1644 2038 τὺ
1657 2013 1808 2046 πρόσωπον

1013 2055 1068 2082 τῶν
1088 2057 1203 2092 πτωχῶν
1224 2058 1438 2093 καταισχύνετε;
1454 2058 1539 2092 φησὶν
1573 2059 1587 2085 ό
1602 2058 1716 2091 Κύριος.

1051 2151 1120 2177 Οὐαὶ
1136 2152 1160 2176 ol
1174 2150 1299 2184 λέγοντες
1313 2151 1343 2177 τὺ
1358 2151 1478 2186 πονηρ¹ν
1500 2151 1595 2182 καλὺν,
1609 2151 1658 2176 καὶ
1676 2150 1709 2176 τὸ
1724 2151 1810 2177 καλὸν

1016 2198 1133 2231 πονηρόν
1147 2205 1152 2212 ·
1172 2198 1194 2223 οἱ
1207 2196 1328 2228 τιθέντες
1342 2197 1373 2222 τὺ
1393 2197 1451 2231 φῶς
1468 2197 1573 2229 σκότος,
1590 2196 1638 2223 καὶ
1663 2196 1694 2223 τὸ
1710 2197 1810 2228 σκότος

1015 2244 1072 2279 φῶς
1086 2251 1092 2259 ·
1109 2243 1134 2269 οἰ
1158 2243 1280 2274 τιθέντες
1309 2243 1339 2269 τὸ
1361 2242 1461 2278 πικρὸν
1483 2242 1582 2276 γλυκὺ,
1598 2243 1646 2269 καὶ
1669 2243 1701 2269 τὸ
1718 2243 1809 2277 γλυκὺ

1015 2291 1122 2324 πικρόν.

1059 2336 1091 2362 Ἦ
1107 2336 1188 2370 βουλὴ
1207 2336 1261 2362 τῶν
1283 2335 1409 2369 πονηρῶν
1427 2335 1515 2369 ἄνομα
1534 2334 1703 2369 βουλεύεται,
1719 2344 1807 2362 κατα-

1016 2382 1125 2417 φθεῖραι
1137 2382 1279 2413 ταπεινοὺς
1294 2383 1323 2408 ἐν
1336 2381 1427 2413 λόγοες
1441 2380 1554 2412 ἀδίκοις,
1569 2381 1617 2407 καὶ
1627 2381 1811 2409 διασκεδάσαι

1016 2427 1112 2459 λόγους
1127 2426 1253 2461 πενήτων
1268 2427 1296 2453 ὲν
1313 2426 1414 2461 κρίσει.

1058 2474 1257 2505 Ἑταπείνωτας
1290 2473 1410 2507 ὑψηλὸν,
1442 2473 1489 2500 καὶ
1526 2471 1637 2507 ὕψωσας
1668 2474 1810 2501 sumtu-Iv.

1023 2520 1143 2548 ’Λδικίαν
1157 2520 1275 2554 θήσομαι
1296 2520 1371 2553 αὐτὸ,
1389 2519 1462 2554 λέγει
1480 2519 1593 2555 Κύριος.

1053 2567 1085 2593 Αἱ
1103 2566 1186 2601 ψυχαὶ
1206 2566 1408 2600 διεστράφησαν
1428 2565 1475 2592 τοῦ
1491 2565 1554 2592 λαοῦ
1570 2575 1633 2600 μου,
1651 2566 1699 2592 καὶ
1721 2566 1814 2600 ψυχὰς

1019 2612 1236 2647 περιεποιοῦντο,
1264 2612 1312 2638 καὶ
1342 2611 1492 2646 ἐόεῆήλουν
1516 2620 1550 2645 με
1578 2611 1649 2646 πρὸς
1674 2612 1722 2638 τὸν
1747 2612 1813 2637 λαόν

1021 2668 1083 2694 μου,
1100 2659 1192 2684 ἕνεκεν
1214 2658 1314 2692 δρακὶς
1337 2657 1452 2691 κριθῶν,
1467 2658 1513 2683 καὶ
1536 2657 1631 2684 ἕνεκεν
1649 2657 1812 2692 κλάσματος

1019 2707 1114 2740 ἄρτου,
1130 2705 1286 2731 ἀποκτεῖναι
1301 2704 1388 2739 ψυχὰς
1405 2703 1437 2734 ἃς
1454 2704 1503 2730 οὐκ
1518 2703 1571 2730 ἔδει
1590 2703 1752 2737 ἀποθανεῖν,
1768 2704 1814 2731 καὶ

1021 2751 1227 2788 περιεποιοῦντο
1240 2751 1328 2786 ψυχὰς
1344 2750 1376 2782 ἃς
1392 2751 1442 2777 οὐκ
1458 2751 1512 2777 ἔδει
1527 2749 1622 2785 ζῆσαι.
