1940 3104
143 165 209 200 1041

575 166 660 197 LOCI
681 166 901 200 COMMUNES.
922 179 957 187 -
978 167 1077 199 PARS
1099 169 1142 201 II.
1161 169 1289 200 SERMO
1312 170 1365 201 IX.

1700 169 1772 202 1042

177 221 258 249 Ξένια
283 221 328 248 καὶ¹
348 221 421 257 δῶρα
443 221 572 257 ὶκτυφλοϊ
592 221 750 258 ὀφθαλμοὺς
765 222 866 257 σοφῶν,
884 221 931 249 καῖ

1020 225 1104 253 Eccli.
1120 234 1165 253 xx.
1180 225 1267 252 Xenia
1280 229 1308 252 et
1321 232 1434 252 munera
1447 230 1582 252 excarcant
1605 225 1698 252 oculos
1724 234 1770 252 san

141 267 179 300 ὡς
193 268 274 303 φιμὺς
287 269 316 295 ἐν
331 268 369 303 τῷ
388 268 503 304 στόματι
517 268 684 303 ἀποστρέφει
702 268 847 303 ὲλεγμούς.

179 358 273 384 Ἔστιν
293 358 434 385 ἀπολλύων
458 359 506 391 τὴν
529 359 618 394 ψυχὴν
634 358 716 386 αὑτοῦ
733 359 767 385 δι’
783 359 927 394 αἰσχύνην,

143 404 188 431 καὶ
204 403 259 431 ἀπὸ
272 403 379 439 λήψεως
395 404 541 439 προσώπου
559 404 654 431 ἀπολεῖ
670 405 765 439 αὑτήν.

179 451 210 477 El
224 451 492 486 πριλσωποληπτεῖτε,
504 451 641 485 ἁμαρτίαν
651 451 811 486 ἐργάζεσθε,
821 451 928 486 ιλεγχό-

143 504 219 531 μενοι
233 497 265 522 ὲκ
281 496 327 522 τοῦ
344 497 428 531 νόμου
443 497 480 528 ὼς
496 496 666 532 παραϐάται.
858 502 863 506 ”

179 585 224 611 Διὸ
240 585 442 620 ἀναπολόγητος
466 583 499 618 εἴ,
521 582 543 613 ὤ
561 586 700 621 ἄνθρωπε,
717 587 771 618 πᾶς
786 587 799 613 6
815 587 927 621 κρίνων.

149 629 193 655 Ἐν
219 626 241 663 ᾧ
266 629 319 664 γὰρ
345 630 461 665 κρίματι
487 631 592 665 κρίνεις
617 631 663 657 τὸν
689 629 793 665 ἕτερον,
816 630 929 657 σεαυτὸν

144 675 328 710 κατακρίνεις.
343 676 383 702 Τὰ
397 677 452 711 γὰρ
468 675 538 703 αὐτὰ
558 676 691 711 πράσσεις
705 677 718 703 ὁ
734 676 845 711 κρίνων.

183 766 290 797 Ἄδικος
303 765 432 801 δικαστὴς
447 765 640 801 μεμολυσμένη
656 765 820 800 συνείδησις.

184 857 215 883 '0
229 856 278 891 τὴν
292 855 380 891 ἀληθῆ
396 856 570 890 δικαιοσύνην
586 856 623 890 μὴ
640 856 710 891 ἔχων
732 863 930 890 προενατιοκει-

146 903 231 938 μένην
245 903 325 929 αὑτοῦ
339 904 371 938 τῇ
385 902 537 937 ψυχῇ,ἀλλ⁹
551 902 567 936 ἦ
583 903 706 937 χρήμασι
720 901 928 936 διεφθαρμένος,

143 948 160 982 ἢ
191 948 267 983 φιλίᾳ
295 948 485 983 χαριζόμενος,
516 948 532 982 ἢ
561 947 662 982 ἔχθραν
696 946 880 981 ἀμυνόμενος,
913 946 928 981 ἢ

144 995 303 1021 δυναστείαν
322 994 546 1030 δυσωπούμενος,
558 993 588 1020 τὸ
603 994 690 1029 κρίμα
706 993 884 1020 κατευθύνειν
901 993 929 1019 οὐ

145 1040 265 1067 δίιναται.

181 1087 214 1113 Αἰ
234 1087 311 1121 παρὰ
326 1087 440 1122 ἄρχουσι
457 1087 562 1122 κρίσεις
575 1087 636 1113 οὐδὲ
651 1086 701 1122 τὴν
721 1086 801 1122 νίκην
816 1087 933 1120 ἀζήμιον

145 1132 286 1167 φέρουσιν.

182 1176 220 1204 οὐ
238 1177 306 1212 πρὸς
327 1177 433 1204 δικαίου
458 1177 553 1211 ἀνδρὸς
572 1179 663 1212 σιωπῇ
683 1177 732 1209 τὰς
757 1176 934 1212 παρανομίας

146 1223 350 1250 ὲπικαλύπτειν.

181 1269 221 1304 Τῇ
244 1269 299 1295 τῶν
319 1269 484 1301 δικαζόντων
511 1270 690 1305 μακροθυμίᾳ
715 1271 739 1296 οί
767 1270 828 1297 λίαν
847 1269 934 1297 ἄδικοι

147 1315 325 1351 σκληρότεροι
346 1316 422 1343 αὐτοὶ
445 1316 550 1342 ἑαυτῶν
568 1317 690 1350 γίνονται
714 1316 785 1344 κατὰ
808 1316 838 1342 τὸ
856 1317 935 1342 ἀπει-

146 1361 213 1389 θεῖν.
228 1362 283 1388 Καὶ
306 1362 347 1389 δεῖ
369 1362 415 1389 τὸν
438 1362 535 1397 κριτὴν
559 1363 670 1395 εἰδέναι,
687 1362 728 1389 ὅτι
756 1362 847 1397 κρίσει
866 1360 934 1388 Θεοῦ

146 1407 288 1442 ὑπηρετεῖ,
306 1409 352 1434 καὶ
374 1408 405 1434 οὐ
426 1408 522 1443 κύριός
547 1409 622 1434 ἐστιν
645 1408 684 1439 ὼς
708 1407 834 1442 βούλεται
858 1406 936 1440 ἄγειν

144 1459 177 1479 το
203 1453 303 1488 κρίμα,
323 1453 394 1480 ὥστε
423 1455 471 1480 καὶ
497 1453 660 1489 χαρίζεσθαι
685 1455 740 1485 τοῖς
765 1452 937 1489 κρινομένοις

146 1502 289 1536 τάγματα.

981 271 1115 306 pientum,
1142 275 1169 298 et
1180 270 1258 305 quasi
1288 269 1395 297 frenum
1423 269 1449 296 in
1474 277 1521 301 ore
1545 271 1771 305 reprehensiones

983 322 1120 345 avertunt.

1016 363 1064 390 Est
1081 363 1126 398 qui
1143 364 1238 398 perdat
1252 363 1372 390 animam
1385 370 1463 390 suam
1481 370 1529 397 per
1559 362 1769 396 turpitudinem.

982 415 1008 438 et
1025 414 1164 444 respectus
1191 416 1370 444 personarum
1383 409 1472 443 perdit
1487 416 1558 436 eam.

1022 456 1102 492 148
1119 456 1177 483 Jac.
1193 463 1222 483 ιι.
1241 456 1268 483 Si
1298 463 1441 490 personam
1468 455 1617 490 respicitis,
1632 460 1772 490 peccauim

982 501 1127 529 admittitis
1143 510 1150 528 :
1166 501 1396 536 reprehemlimini
1412 501 1483 528 enim
1509 509 1522 528 ιι
1548 501 1608 536 lege
1641 505 1772 536 tanquam

983 548 1142 575 violatores.

1021 593 1099 621 Rom.
1116 601 1146 621 ιι.
1166 593 1256 627 Quare
1279 593 1484 621 excusationem
1505 601 1559 621 non
1584 593 1681 626 habes,
1696 600 1713 620 ο
1727 593 1774 620 ho-

983 647 1038 671 mo,
1054 639 1179 674 quisquis
1194 647 1223 667 es
1237 639 1282 674 qui
1296 639 1402 673 iudicas
1419 647 1426 666 :
1439 647 1493 674 quo
1505 639 1577 666 enim
1604 639 1709 674 judicio
1740 638 1774 665 de

984 685 1190 720 alterojudicas,
1203 685 1316 720 teipsum
1327 685 1506 719 condemnas;
1517 685 1609 712 eadem
1622 685 1693 712 enim
1706 684 1773 712 facis

983 731 1028 766 qni
1043 731 1158 766 iudicas.

1021 777 1050 805 S.
1069 777 1178 804 Basilii.
1203 777 1314 812 iniquus
1336 778 1418 812 index
1435 779 1623 806 contaminata
1635 779 1773 806 conscien-

985 824 1033 851 tia.

1019 869 1069 903 Qui
1084 871 1316 906 veramjnstitiam
1338 871 1364 897 in
1382 870 1473 897 animo
1489 869 1564 909 prius
1579 869 1696 896 deﬁxam
1719 877 1773 896 non

982 915 1074 947 habet,
1089 915 1137 943 sed
1154 916 1196 943 vel
1214 916 1328 951 pecunia
1354 915 1549 950 corrumpitur,
1574 914 1615 942 vel
1645 914 1772 942 amicitiae

981 961 1149 995 gratiﬁcatur
1159 966 1186 989 et
1209 962 1318 997 placere
1338 961 1438 991 studet.
1458 961 1499 988 vel
1515 961 1686 988 inimicitiam
1704 961 1774 987 ulci-

981 1007 1076 1040 scitur,
1091 1007 1131 1035 vel
1142 1008 1269 1042 potentiae
1287 1008 1387 1043 praebet
1406 1008 1578 1042 obsequium.
1589 1007 1612 1034 is
1622 1006 1776 1042 rectejudi‘

982 1053 1022 1078 cia
1034 1060 1160 1080 exercere
1174 1061 1228 1080 non
1242 1058 1343 1088 potest.

1017 1098 1123 1126 Judicia
1138 1100 1208 1134 apud
1236 1099 1413 1135 magistratus
1441 1106 1475 1127 ne
1502 1099 1643 1126 victoriam
1665 1099 1775 1134 quidem

984 1145 1043 1173 sine
1056 1145 1156 1172 damno
1167 1150 1318 1180 reportant.

1023 1191 1153 1226 Tlteologi.
1170 1190 1226 1218 Viri
1243 1192 1305 1219 boni
1335 1199 1388 1219 non
1417 1196 1458 1220 est
1482 1191 1644 1226 iniquitates
1666 1191 1776 1219 silentio

987 1243 1040 1264 con
1045 1240 1135 1271 legere
1140 1256 1147 1263 .

1022 1283 1146 1317 lnjnriosi
1162 1291 1245 1318 supra
1261 1283 1370 1311 modum
1390 1284 1436 1319 qui
1450 1290 1526 1315 sunt.
1553 1284 1676 1319 judicum
1707 1283 1776 1311 leni-

987 1332 1044 1356 tate
1062 1329 1130 1356 ﬁnnt
1148 1329 1368 1357 contumaciores
1383 1330 1416 1357 ad
1433 1338 1486 1357 non
1505 1330 1656 1365 parendum
1686 1335 1714 1357 et
1727 1329 1776 1357 de-

988 1374 1160 1402 trectandum
1178 1375 1334 1409 imperium.
1349 1375 1510 1409 Etjudicem
1525 1376 1596 1403 scire
1625 1379 1733 1411 oportet
1748 1384 1778 1404 se

988 1418 1035 1447 Dei
1048 1419 1075 1446 in
1091 1419 1195 1454 judicio
1212 1419 1367 1447 ministrum
1381 1427 1452 1454 esse,
1468 1428 1522 1448 non
1538 1428 1602 1448 vero
1615 1420 1772 1453 dominum,

988 1465 1035 1501 qui
1050 1465 1415 1502 liligantibuslegesetjura
1437 1467 1593 1503 praescripta
1620 1468 1778 1496 condonare

989 1513 1087 1548 possit.

180 1547 266 1579 Φόϐος
295 1547 363 1574 Θεοῦ
395 1546 547 1583 ἀνθρώπων
579 1548 723 1584 σωτήριος,
755 1548 869 1579 σπάνιος
895 1546 935 1574 δέ.

1023 1558 1110 1586 Metus
1123 1558 1167 1586 Dei
1188 1559 1344 1588 hominibus
1357 1560 1486 1588 salutaris
1508 1565 1560 1594 est,
1577 1563 1624 1589 sed
1645 1561 1714 1589 idem
1733 1570 1777 1588 ra-

147 1592 231 1619 Ὅθεν
243 1592 274 1619 οὗ
291 1593 344 1628 χρὴ
363 1593 515 1628 θαυμάζειν
528 1594 674 1628 ἀφορῶντα
687 1593 756 1629 πρός
768 1602 798 1619 τε
813 1593 934 1628 πένητας

147 1639 431 1674 συκοφαντουμένους,
458 1639 505 1666 καὶ
531 1640 599 1674 πρὸς
629 1639 760 1670 δικαστὰς
785 1639 934 1674 παραλογι-

147 1684 289 1720 ζομίνους.

184 1730 221 1757 Τὸ
242 1729 337 1765 νέμειν
353 1730 399 1758 ῐσα
423 1731 478 1763 τοῖς
503 1729 607 1762 ἀνίσοις
633 1730 684 1765 τῆς
702 1730 836 1765 μεγίστης
859 1729 934 1756 ἐστὶν

147 1778 267 1810 ἀδικίας.

456 1836 566 1863 ΛΟΓΟΣ
590 1834 628 1862 Θ¹.

150 1896 220 1931 Περὶ
234 1896 347 1931 γονέων
365 1894 518 1931 χρηστῶν,
534 1895 583 1922 καὶ
601 1895 645 1922 ὅτι
663 1894 720 1931 χρὴ
733 1894 781 1921 διὰ
793 1893 938 1931 ’σπουδῆς

185 1929 468 1964 ἆιαῖπροσηκόντως
486 1930 540 1962 τὰς
564 1931 625 1958 τῶν
642 1930 755 1956 τέκνων
782 1929 937 1963 ἀναγωγὰς

185 1966 346 1998 ποιεῖσθαι,

188 2021 256 2050 Eine
277 2023 389 2058 Κύριος,
418 2023 456 2049 Οὐ
479 2022 517 2057 μὴ
542 2021 639 2056 κρύψω
664 2021 719 2055 ἐγὼ
740 2022 792 2047 ἀπὸ
815 2020 938 2054 ’Λεραὰμ

152 2071 200 2099 τοῦ
211 2072 304 2103 παιδός
316 2081 367 2107 μου
380 2072 397 2098 ἃ
412 2071 470 2105 ἐγὼ
484 2071 564 2098 ποιῶ.
581 2071 674 2106 ᾝδειν
689 2071 743 2106 γὰρ
756 2071 796 2096 ὃτι
812 2070 936 2102 συντάξει

157 2118 283 2154 Ἀϐραὰμ
305 2118 360 2150 τοῖς
374 2117 440 2148 υίοίς
460 2117 542 2144 αὐτοῦ
556 2117 603 2142 καὶ
624 2116 661 2150 τῷ
682 2116 748 2150 οἴκῳ
770 2116 852 2142 αὐτοῦ
879 2116 937 2150 μετ’

149 2164 242 2197 αὖτδν,
255 2164 302 2191 καὶ
316 2162 464 2198 φυλάξουσι
478 2163 527 2194 τὰς
547 2162 623 2194 ὀδοὺς
650 2163 766 2197 Κυρίου,
790 2163 878 2189 ποιεῖν
899 2161 937 2188 δι-

150 2210 298 2244 καιοσύνην
315 2211 360 2236 καὶ
374 2210 474 2243 κρίσιν,
485 2209 558 2239 ὅπως
575 2208 607 2234 ἂν
619 2209 745 2243 ἐπαγάγῃ
767 2208 781 2233 ό
804 2207 869 2239 Θεὴς
892 2207 936 2233 ἐπὶ

155 2255 284 2290 Ἀϐραὰμ
297 2256 387 2283 πάντα
402 2256 451 2282 ὅσα
462 2255 577 2290 ἐλάλησε
589 2255 657 2290 πρὸς
679 2254 770 2281 αὐτόν.

190 2302 368 2329 ’Δπέστελλεν
387 2301 459 2334 Ἰὼϐ,
479 2302 525 2327 καὶ
539 2300 686 2335 ὲκαθάριζε
702 2299 735 2326 τὰ
747 2300 830 2326 τέκνα
841 2298 935 2330 αὑτοῦ,

150 2347 332 2382 ἀνιστάμενος
342 2347 381 2381 τῷ
393 2347 475 2381 πρωῒ,
495 2346 543 2373 καὶ
565 2345 728 2381 προσφέρων
755 2346 820 2380 περὶ
848 2345 936 2371 αὐτῶν

152 2393 334 2427 θυσίας-κατὰ
356 2393 401 2420 τὸν
428 2392 544 2428 ἀριθμὸν
567 2392 666 2424 αὐτῶν,
696 2391 742 2418 καὶ
769 2392 868 2426 μόσχον
890 2391 938 2416 ἕνα

152 2438 218 2473 περὶ
229 2438 375 2474 ἁμαρτίας,
389 2439 453 2474 περὶ
467 2439 520 2465 τῶν
540 2438 633 2472 ψυχῶν
653 2436 752 2464 αὐτῶν.
772 2437 867 2470 Ἔλεγε
882 2436 937 2471 γὰρ

158 2484 219 2511 Ἰὼϐ
234 2493 241 2500 ·
254 2484 297 2521 Μή
314 2493 379 2510 ποτε
391 2485 415 2511 οί
429 2484 483 2511 υίοί
513 2493 565 2518 μου
589 2484 661 2510 κακὰ
686 2483 832 2517 ὲνενόησαν
855 2483 884 2508 ὲν
903 2483 937 2517 τῇ

152 2531 256 2566 διανοίᾳ
267 2531 357 2558 αὐτῶν
372 2531 440 2565 πρὸς
458 2530 534 2557 Θεόν.

188 2576 303 2603 Παίδευε
316 2576 384 2609 υἱὸν,
401 2576 448 2603 καὶ
465 2575 604 2610 ἀγαπήσει
620 2583 661 2607 σε,
679 2574 725 2600 καὶ
742 2574 820 2600 δώσει
834 2574 942 2613 κὸσμονρ

150 2625 183 2658 τῇ
194 2622 266 2657 ψυχῇ
283 2631 341 2649 σου.

187 2669 285 2699 Καλῶς
296 2669 423 2703 ἐκτρέφει
442 2667 532 2702 πατὴρ
548 2667 661 2696 δίκαιος.
682 2666 743 2692 Ἐπὶ
754 2666 781 2692 δὲ
802 2666 851 2701 υίῷ
864 2665 937 2700 σοφῷ

150 2715 325 2750 εὐφραίνεται
338 2715 354 2750 ἠ
369 2714 441 2750 ψυχὴ
453 2713 547 2740 αὐτοῦ.

190 2761 222 2788 '0
238 2761 353 2795 ἀγαπῶν
373 2759 511 2794 ἐπιμελῶς
539 2759 670 2786 παιδεύει.

187 2807 234 2839 Μὴ
248 2807 365 2842 ἀπόσχες
377 2806 473 2841 νήπιον
500 2806 638 2832 παιδεύειν
654 2814 661 2820 ·
676 2806 715 2832 ὅτι
740 2805 787 2832 ἐὰν
815 2805 937 2840 πατάξῃς

151 2853 232 2886 αὑτὸν
249 2853 405 2888 ρἅδῳ,οὑκ
421 2851 606 2879 ἀποθανεῖται.
623 2851 658 2878 Σὺ
674 2851 723 2886 μὲν
739 2851 792 2886 γὰρ
807 2851 937 2884 ’κατάξεις

153 2900 234 2926 αῆτδν
250 2899 350 2934 ράὃδῳ,
363 2899 412 2934 τὴν
425 2899 451 2925 δὲ
461 2899 551 2934 ψυχὴν
561 2899 642 2924 αὑτοὲ
656 2899 685 2924 ἐκ
697 2898 811 2927 Θανάτου
825 2897 906 2932 ῥύσῃ.

986 1605 1135 1640 rus:qnod
1154 1605 1308 1632 mirandum
1337 1613 1390 1633 non
1417 1611 1458 1634 est
1479 1606 1502 1634 si
1532 1607 1689 1634 consideres
1719 1611 1775 1634 tum

986 1658 1121 1685 pauperes
1153 1650 1298 1679 calumniis
1331 1659 1487 1687 oppressos,
1511 1653 1685 1688 tumjudices
1706 1652 1776 1680 falso

985 1695 1149 1728 iudicantes.

1022 1741 1147 1769 Maxima:
1162 1745 1203 1769 est
1218 1741 1362 1777 injustitiaa
1378 1743 1454 1777 paria
1468 1743 1620 1777 imparibus
1644 1744 1776 1772 tribuere.

1185 1839 1304 1868 ssnmo
1327 1840 1359 1868 Ix
1376 1839 1425 1877 [ιιι.
1453 1841 1583 1877 cxxvu.

989 1899 1026 1926 De
1035 1899 1188 1934 parentibus
1197 1899 1282 1930 bonis,
1291 1905 1314 1926 el
1327 1901 1395 1934 quod
1408 1905 1525 1934 oporteat
1535 1901 1630 1926 liberos
1639 1900 1785 1935 diligenter:

1234 1942 1264 1960 at:
1282 1936 1400 1962 decenter
1415 1936 1529 1962 institui.

1024 2024 1089 2051 Gen.
1117 2030 1197 2051 xviii.
1216 2023 1274 2050 Non
1297 2023 1402 2057 celabo,
1425 2024 1513 2059 inquit
1530 2024 1671 2057 Dominus,
1691 2025 1777 2051 Abra-

989 2069 1050 2096 ham
1066 2069 1199 2096 famulum
1215 2076 1317 2100 meum,
1331 2077 1393 2103 quae
1408 2069 1533 2097 facturus
1546 2070 1611 2097 sim.
1624 2069 1686 2097 Scio
1701 2070 1773 2097 enim

989 2114 1061 2149 quod
1083 2118 1267 2149 praecepturus
1292 2115 1328 2142 sit
1361 2115 1424 2142 ﬁliis
1451 2116 1508 2142 suis
1526 2123 1558 2143 ac
1586 2115 1695 2142 fami1ia:
1721 2123 1777 2142 sua:

988 2160 1086 2188 futurae
1096 2165 1157 2195 post
1170 2160 1271 2195 ipsum,
1287 2165 1317 2186 ut
1333 2160 1481 2188 observent
1495 2162 1552 2188 vias
1568 2161 1685 2193 Domini,
1696 2162 1777 2194 justi-

990 2206 1054 2233 tiam
1070 2211 1097 2234 et
1110 2206 1244 2241 judicium
1257 2211 1429 2239 exercentes,
1441 2211 1470 2234 ut
1481 2207 1598 2234 adducat
1612 2206 1681 2234 Deus
1696 2215 1777 2241 super

989 2253 1124 2280 Abraham
1139 2260 1309 2287 quaecunque
1323 2252 1432 2280 locutus
1447 2257 1487 2279 est
1504 2252 1537 2280 ad
1553 2252 1642 2279 illum.

1025 2299 1076 2326 Job
1089 2307 1108 2326 ι.
1121 2299 1193 2327 Misit
1222 2304 1332 2326 nuntios
1349 2298 1402 2327 Job
1417 2299 1450 2326 ad
1468 2299 1581 2330 liberos,
1599 2305 1626 2326 et
1654 2300 1788 2334 purgavit,

990 2353 1049 2379 eos,
1075 2353 1208 2380 maneque
1233 2353 1348 2380 surgens
1365 2353 1414 2380 pro
1442 2346 1495 2373 illis
1516 2345 1649 2373 sacriﬁcia
1667 2346 1776 2377 obtulit,

991 2399 1105 2419 numero
1121 2391 1197 2426 paria
1214 2391 1309 2419 liberis
1326 2400 1332 2418 :
1350 2391 1468 2426 itemque
1488 2391 1603 2418 vitulum
1623 2399 1709 2418 unum
1728 2399 1778 2426 pro

991 2442 1104 2473 peccato
1118 2446 1150 2465 ac
1164 2438 1273 2466 illorum
1300 2438 1399 2465 animis
1415 2445 1422 2463 :
1443 2438 1483 2465 sic
1498 2439 1570 2465 enim
1592 2445 1689 2466 secum
1706 2439 1779 2472 cogi-

993 2486 1066 2512 tabat
1087 2493 1094 2511 :
1114 2484 1203 2512 Liberi
1230 2485 1283 2511 mei
1302 2484 1371 2511 forte
1387 2483 1456 2510 mala
1473 2484 1626 2519 cogitarunt
1639 2484 1777 2512 tuentibus

991 2531 1049 2558 suis
1062 2530 1193 2558 adversus
1210 2531 1305 2557 Deum.

1027 2577 1141 2611 Corrige
1161 2577 1259 2608 ﬁlium.
1274 2581 1302 2604 et
1315 2581 1342 2605 te
1372 2577 1479 2612 diliget,
1511 2578 1660 2612 atl‘eretque
1695 2584 1777 2603 orna-

992 2629 1113 2650 mentum
1133 2623 1230 2650 animaz
1239 2627 1302 2651 tua).

1027 2669 1106 2696 Pater
1121 2669 1226 2709 probus
1236 2669 1304 2697 bene
1318 2670 1417 2698 educat
1442 2670 1521 2703 ﬁlios,
1548 2670 1656 2697 animus
1684 2672 1777 2695 autent

990 2714 1050 2750 ejus
1062 2714 1116 2742 ﬁlio
1134 2715 1256 2750 sapiente
1277 2716 1422 2743 laetabitur.

1026 2761 1078 2793 Qui
1094 2761 1192 2795 diligit,
1208 2761 1353 2796 diligenter
1364 2762 1463 2789 erudit.

1026 2806 1159 2834 Infantem
1176 2808 1310 2842 castigare
1331 2816 1364 2834 ne
1395 2811 1521 2834 recusato
1538 2815 1544 2832 :
1564 2813 1624 2832 nam
1649 2805 1671 2832 si
1704 2807 1776 2840 virga

990 2853 1210 2885 eumcecideris,
1240 2861 1292 2880 non
1322 2852 1465 2879 morietur.
1494 2852 1534 2878 'l’u
1563 2851 1672 2885 quidem
1703 2852 1777 2885 virga

991 2907 1052 2928 eum
1067 2901 1165 2934 caedes,
1184 2901 1303 2927 animam
1320 2905 1383 2926 vero
1398 2897 1486 2932 ipsius
1502 2905 1517 2925 e
1534 2902 1620 2926 morte
1635 2897 1774 2926 liberabis.
