1940 3104
192 155 262 190 1043

837 159 994 191 ANTONII
1012 160 1184 192 MELISSE

1753 162 1826 196 10H

226 212 361 241 Juvenum
380 213 506 249 gloriatio
517 217 607 249 patres
640 220 758 241 eorum:
781 212 862 249 ιω
891 214 973 249 plaga:

1063 215 1203 252 Καύχημα
1214 217 1281 244 νέων
1298 217 1417 254 πατέρες
1430 218 1528 246 αὐτῶν.
1551 219 1660 254 Πληγαὶ
1675 220 1722 246 καὶ
1747 220 1825 255 ἐλεγ-

189 263 218 288 et
229 260 454 296 reprehensiones
469 259 534 287 dant
559 259 732 294 sapientiam.

225 307 305 335 Prov.
326 315 383 335 xtx.
401 305 514 334 Erudito
542 306 627 333 illium
643 311 718 334 tuum
739 316 745 334 :
761 307 802 334 sic
814 307 886 334 enim
901 306 979 334 bona:

189 354 248 389 spei
266 353 376 381 iuturus
390 358 443 380 est.

224 398 308 426 Eccli.
325 405 372 425 τη.
392 397 420 425 Si
438 398 485 426 tibi
501 401 564 426 sunt
582 398 659 426 liberi
672 418 680 431 .
700 399 836 429 instiluito
853 402 924 434 illos,
945 406 968 428 et

186 444 243 479 jam
257 443 319 472 inde
340 444 375 471 ab
395 444 577 472 adolescentia
596 444 718 479 ipsorum
739 447 809 474 colla
829 447 972 475 inilectito.

223 489 305 517 Prov.
323 497 383 518 χιιι,
397 489 450 524 Qui
470 490 558 525 diligit
583 490 667 518 illium
689 499 781 525 suum,
803 494 979 522 continenter

187 543 249 564 eum
270 536 396 572 ﬂagellet.

224 581 310 609 Ecclt’.
324 590 389 610 xxx.
405 582 456 616 Qui
471 582 557 610 lilium
571 590 651 610 suum
669 583 757 617 docet,
776 584 977 612 :cmulationem

187 629 302 656 inimico
317 636 368 656 suo
386 634 486 662 movet,
502 634 529 657 et
541 630 612 664 apud
626 630 731 657 amicos
745 637 777 658 eo
794 630 940 658 laetabitur.

223 674 308 702 Eccli.
326 683 391 702 xxx.
413 674 464 709 Qui
488 675 573 702 illium
591 684 670 703 suum
685 676 809 712 castigat,
828 684 861 704 eo
876 676 979 704 laetabi-

186 726 240 754 tur,
254 725 281 749 et
303 721 375 750 inter
391 721 542 749 familiares
557 729 589 750 ac
607 726 685 750 notos
705 722 740 749 de
757 729 790 750 eo
803 722 976 758 gloriabitur.

223 809 322 847 Epiros.
333 818 370 838 vr.
382 808 481 844 Nolite,
492 815 595 846 patres,
608 811 709 839 liberos
719 814 824 839 vestros
835 818 874 838 tra
887 816 977 840 vestra

1030 270 1072 296 χοι
1087 261 1189 289 διδόασι
1219 264 1326 298 σοφίαν.

1066 307 1179 335 Παίδευε
1195 309 1252 336 υίόν
1268 318 1327 336 σου·
1341 309 1427 342 οὕτως
1439 311 1492 346 γὰρ
1509 311 1585 339 ἔσται
1595 311 1715 344 εὔελπις.

1064 398 1154 426 Τέκνα
1169 399 1210 425 σοί
1225 400 1294 432 ἐστι,
1308 400 1455 428 παίδευσον
1477 401 1557 434 αὐτὰ,
1589 402 1636 429 καὶ
1657 402 1766 438 κάμψον
1789 404 1825 429 ἐκ

1030 443 1154 479 νεότητος
1166 445 1213 471 τὸν
1227 446 1365 481 τράχηλον
1381 447 1480 476 αὐτῶν.

1073 490 1103 519 '0
1116 490 1232 524 ἀγαπῶν
1246 491 1291 518 τὸν
1305 493 1362 520 υἱὸν
1377 493 1461 521 αὑτοῦ
1487 494 1648 530 ἑνδελεχίσει
1683 495 1825 530 μάστιγας

1030 536 1115 563 αὑτῶ.

1070 563 1100 608 ’ό
1132 583 1268 626 παιδεύων
1303 583 1349 611 τὸν
1377 584 1434 611 υίὸν
1466 585 1548 612 αὐτοῦ
1590 585 1752 620 διαζηλιὶωει
1772 587 1822 614 τὸν

1030 626 1127 663 ἐχθρόν
1145 637 1152 643 ·
1165 629 1211 656 καὶ
1223 630 1313 656 ἔναντι
1328 631 1412 665 φίλων
1426 631 1470 658 ἐπ’
1492 631 1565 666 αὐτῷ
1581 633 1787 667 ἀγαλλιάσεται.

1071 673 1101 700 ’0
1115 674 1251 701 παιδεύων
1268 675 1314 702 τὸν
1330 675 1388 702 υιδν
1413 675 1496 702 αὐτοῦ
1524 676 1744 712 εὐφρανθήσεται
1773 680 1822 706 εντ’

1030 717 1103 754 αὐτῷ
1118 726 1125 734 ”
1140 719 1187 746 καὶ
1198 719 1250 746 ἀνὰ
1268 721 1350 755 μέσον
1367 720 1515 757 γνωρίμων
1533 721 1576 748 ἐπ’
1592 722 1666 758 αὺτῷ
1680 724 1822 759 καυχήσε-

1028 770 1086 791 ται.

1065 810 1097 838 οι
1108 811 1237 847 πατέρες,
1252 811 1290 847 μὴ
1305 813 1488 848 παροργίζετε
1504 813 1538 841 τὰ
1552 814 1637 842 τέκνα
1652 815 1740 850 ὑμῶν,
1757 815 1820 843 ἀλλ’

185 864 348 892 provocare,
375 857 423 885 sed
443 864 492 885 eos
514 856 542 884 in
562 857 717 885 eruditione
740 860 767 885 et
791 857 973 886 admonitione

1045 855 1177 891 κτρέφετι
1188 857 1259 884 αὐτὰ
1273 857 1302 885 ὲν
1318 857 1428 894 παιδείᾳ
1439 859 1487 886 καὶ
1504 859 1634 897 νουθεσίᾳ
1647 861 1764 897 Κυρίου.

185 904 295 933 Domini
309 904 433 932 educate.

220 949 335 978 Liberos
343 953 460 983 vestros,
473 953 576 984 patres,
592 957 626 978 ne
637 949 761 984 irritetis,
770 954 799 978 ut
812 957 846 978 ne
854 951 974 978 animum

185 996 384 1031 despondeant.

223 1041 253 1069 S.
271 1041 376 1070 Basilii.
398 1041 434 1070 Ut
453 1046 580 1078 parentes
604 1042 719 1078 singulis
734 1042 827 1071 liberis
847 1050 881 1070 ex
897 1049 975 1078 aequo

183 1087 309 1123 corporis
320 1088 465 1116 essentiam
484 1088 616 1124 impertiti
632 1092 705 1122 sunt,
718 1089 758 1116 sic
769 1087 871 1116 eisdem
884 1096 975 1123 requa-

183 1137 246 1164 liter
268 1137 383 1172 parique
401 1135 560 1163 conditione
581 1142 642 1170 quae
667 1135 700 1162 ad
717 1135 799 1162 vitam
824 1135 974 1172 degendam

184 1182 324 1217 pertinent
335 1181 397 1217 jure
411 1181 515 1216 optimo
531 1181 654 1216 prtebere
666 1181 776 1209 debent.

218 1227 352 1262 Theologt‘.
367 1227 479 1255 Patrum
495 1227 537 1254 lex
553 1231 595 1254 est
610 1226 703 1255 liberis
718 1227 777 1254 suis
795 1234 918 1262 parcere.

218 1274 382 1309 Legitimum
396 1274 515 1302 maxime
526 1278 553 1302 et
564 1273 751 1308 aequissimum
763 1279 816 1307 est,
829 1279 858 1301 ut
874 1273 974 1303 libero-

183 1328 245 1348 rum
264 1321 335 1348 bona
357 1325 433 1356 pater
445 1320 611 1356 cogitatione
631 1320 798 1348 consideret.

219 1366 248 1394 S.
265 1366 401 1402 Chrysost.
421 1365 583 1394 Liberorum
604 1365 765 1393 modestiam
780 1369 808 1393 et
824 1370 974 1401 temperan-

183 1413 250 1441 tiam
267 1417 358 1448 patres
381 1419 436 1439 non
458 1415 587 1439 curantes
616 1411 766 1439 liberorum
787 1410 975 1440 interfectores

183 1461 261 1490 sunt,
275 1462 357 1492 atque
373 1457 483 1492 gravius
504 1460 618 1491 peccant
631 1463 712 1491 quam
733 1455 782 1490 illi,
801 1461 904 1492 quanto
917 1457 974 1485 sci—

181 1503 248 1532 licet
262 1503 360 1531 animae
375 1501 493 1538 perditio
509 1506 536 1530 et
551 1508 626 1530 mors
642 1501 750 1537 gravior
761 1505 803 1529 est
819 1509 899 1538 quam
915 1509 975 1530 cor-

182 1550 267 1586 poris.

182 1647 276 1670 rentes
294 1648 355 1669 esse
372 1640 510 1673 arbitror;
526 1647 588 1667 nam
610 1645 640 1667 ut
654 1639 698 1667 ille
715 1639 788 1675 quod
803 1647 857 1668 non
873 1646 932 1668 erat
947 1645 976 1668 ut

183 1688 339 1720 exsisteret,
361 1686 450 1714 effecit
467 1694 474 1713 :
491 1687 532 1713 sic
547 1690 575 1713 et
590 1686 616 1713 lii
631 1686 780 1719 imitantes,
803 1685 893 1721 quoad
917 1686 975 1714 ﬁeri

183 1738 285 1770 potest,
305 1734 379 1761 illius
394 1732 552 1768 potentiam,
570 1739 656 1767 genus
674 1731 829 1760 immortale
845 1732 973 1760 reddunt.

220 1826 347 1861 Epicteti.
362 1824 432 1852 Cura
450 1829 480 1851 ut
492 1823 563 1851 filios
577 1827 639 1850 tuos
652 1823 776 1851 eruditos
792 1823 878 1858 magis
891 1831 974 1858 quam

183 1872 328 1908 opulentos
346 1871 492 1906 1relinquas
519 1878 526 1897 :
551 1873 682 1905 praestant
703 1870 775 1896 enim
801 1871 973 1898 eruditorum

183 1918 410 1954 exspectationes,
426 1924 508 1952 quam
523 1915 694 1944 indoctorum
714 1915 825 1943 divitiae.

219 2006 312 2034 Medici
327 2004 492 2034 contumelia
505 2004 657 2040 jucundum
675 2003 828 2031 remedium
849 2005 899 2039 (i).

217 2052 286 2080 Filia
303 2051 393 2079 aliena
410 2050 548 2085 possessio
563 2049 630 2083 patri
650 2053 702 2077 est.

218 2098 309 2126 Solon.
324 2096 432 2125 Liberis
449 2103 483 2123 ne
506 2095 642 2128 arrideas,
663 2099 694 2123 ut
720 2095 747 2123 in
768 2101 908 2132 posterum
939 2106 973 2126 ne

182 2147 258 2174 ﬂeas.

217 2190 333 2227 Symii.
349 2188 417 2217 Filio
427 2193 454 2217 et
470 2188 530 2216 illim
543 2189 655 2217 honesta
669 2189 804 2225 gloriatio,
815 2190 911 2219 laudes
925 2199 973 2227 pa-

181 2241 277 2264 ternas.

221 2280 335 2308 Virtutes
351 2280 485 2308 Philonis.
502 2280 592 2308 Patris
607 2284 634 2308 et
658 2281 753 2309 matris
773 2282 970 2317 appellationes

181 2335 352 2360 communes,
367 2327 413 2355 sed
429 2326 556 2362 potentia:
568 2326 724 2355 differentes
737 2332 813 2356 sunt.
828 2327 905 2355 illum
923 2329 972 2363 igi-

182 2376 226 2398 tur
242 2370 289 2405 qui
307 2371 377 2398 ltane
393 2371 598 2399 universitatem
616 2372 725 2400 molitus
748 2377 790 2400 est
811 2373 944 2400 artiﬁcem
960 2396 967 2407 ,

180 2416 263 2444 simul
278 2419 305 2443 et
322 2420 427 2451 patrem
449 2417 491 2445 sui
509 2417 599 2452 operis
619 2422 692 2445 recte
705 2417 835 2452 justeque
850 2418 972 2454 ap’pella.

180 2469 242 2489 mus
257 2469 264 2488 :
280 2466 393 2489 matrem
409 2467 513 2495 autent,
530 2463 617 2498 ipsius
630 2462 804 2491 fabricatoris
816 2464 969 2498 scientiam,

181 2513 244 2534 cum
259 2513 311 2541 qua
325 2514 489 2543 congressus
502 2509 584 2542 Deus,
608 2516 661 2536 non
683 2517 759 2537 more
774 2512 905 2543 humano,
923 2519 970 2544 ge-

182 2552 295 2580 nerandi
311 2554 415 2582 semina
436 2555 544 2588 insevit,
557 2555 658 2590 quibus
675 2555 720 2582 illa
742 2555 847 2583 Domini
862 2557 973 2585 semiui-

185 2601 234 2628 bus
252 2599 332 2636 150
347 2601 464 2635 acceptis
486 2600 607 2636 perfecto
621 2605 648 2629 et
672 2601 869 2629 fecundissima
892 2607 971 2637 partu

183 2646 326 2674 amabilem
343 2652 370 2674 et
386 2647 437 2674 sub
460 2653 560 2674 sensus
575 2647 717 2674 cadentem
737 2647 821 2674 illium
852 2648 970 2682 peperit.

384 2702 501 2731 SERMO
519 2703 543 2731 x
562 2703 611 2740 [αι.
626 2703 768 2740 exxvu].

183 2750 220 2778 Da
232 2750 385 2785 parentibus
407 2749 549 2776 liberarunt
567 2751 748 2811 «(iurationem
771 2749 906 2785 negleclim
925 2759 972 2777 cu-

512 2787 583 2811 muli
602 2794 642 2811 us.

512 2787 642 2812 ranlibus.

218 2831 232 2858 l
247 2831 309 2867 Reg.
321 2841 350 2859 It.
367 2833 529 2860 ilemtntiavi
544 2832 568 2859 ei
583 2839 626 2859 me
636 2831 756 2858 ulturum
772 2831 902 2858 familiam
913 2831 974 2866 ejus

219 1571 349 1624 Είιίίοηίι.
365 1593 444 1628 Quod
460 1594 531 1622 Deus
553 1598 596 1621 est
619 1594 733 1626 mundo,
752 1594 804 1622 hoc
820 1594 914 1623 liberis
928 1602 975 1630 pa-
987 1571 1012 1603 ϐ

1063 949 1095 976 Οί
1111 948 1240 985 πατέρες.
1257 948 1296 985 μὴ
1310 949 1448 985 ιρεϐίζιτε
1457 951 1490 980 τὰ
1507 952 1590 980 τέκνα
1601 951 1691 988 ὑμῶν)
1709 951 1754 981 ἵνα
1779 952 1822 989 μὴ

1028 993 1167 1030 ἀθυμῶσι.

1062 1039 1173 1067 Δίκαιόν
1187 1042 1244 1068 εστι
1254 1041 1310 1074 τοῖς
1324 1042 1457 1077 γονεῦσιν,
1472 1044 1518 1071 ίνα
1545 1043 1640 1079 ὥσπερ
1654 1044 1682 1078 ἐξ
1696 1045 1756 1072 [σου
1771 1053 1824 1079 με*

1027 1086 1212 1114 τιδεδώκασιν
1222 1087 1332 1124 ἑκάστῳ
1344 1088 1398 1116 τῶν
1414 1089 1518 1116 παίδων
1534 1089 1581 1117 τοῦ
1593 1087 1674 1121 εῖναι,
1689 1089 1761 1117 οὕτω
1771 1091 1822 1117 καὶ

1027 1132 1077 1164 τὰς
1092 1133 1161 1169 πρὸς
1172 1133 1202 1160 τὸ
1217 1134 1267 1170 ζῇν
1281 1135 1410 1170 ἀφορμὰς
1425 1135 1490 1167 ἴσως
1507 1136 1600 1168 αὐτοῖς
1615 1137 1662 1162 καὶ
1675 1136 1822 1172 όμοτίμως

1028 1179 1172 1216 παρέχωσι

1065 1225 1169 1252 Παίδων
1180 1226 1321 1259 φείδεσθαι
1346 1229 1479 1263 πατρικὸς
1493 1228 1586 1263 νόμος.

1062 1270 1103 1297 Τὰ
1116 1271 1171 1297 τῶν
1183 1272 1288 1300 παίδων
1298 1273 1338 1308 τῷ
1359 1274 1444 1310 πατρὶ
1457 1273 1614 1308 λογίζεσθαι
1632 1272 1688 1300 τῶν
1701 1273 1824 1308 ἐννομω-

1027 1317 1116 1345 τάτων
1129 1326 1160 1345 τε
1180 1319 1227 1346 καὶ
1239 1319 1428 1348 δικαιοτάτων.

1063 1362 1096 1389 οι
1106 1363 1155 1398 τῆς
1167 1363 1222 1390 τῶν
1235 1364 1339 1392 παίδων
1351 1365 1529 1400 κοσμιότητός
1540 1373 1570 1392 τι
1580 1364 1628 1392 καὶ
1640 1364 1823 1400 σωφροσύνης

1027 1407 1197 1443 ἀμελοῦντες
1223 1410 1342 1446 πατέρες
1367 1411 1538 1438 παιδοκτόνοι
1562 1411 1742 1446 τυγχάνουσι,
1773 1412 1823 1438 ul

1027 1453 1246 1492 χαλεπώτερονῆ
1262 1456 1371 1489 ἐκείνοι,
1385 1457 1440 1492 ὅσῳ
1452 1457 1499 1484 καὶ
1511 1457 1578 1492 πρὸς
1594 1457 1683 1493 ψυχὴν
1698 1458 1715 1494 ἡ
1743 1458 1823 1485 ἀπώ-

1027 1500 1088 1528 λεια
1102 1502 1149 1528 καὶ
1163 1502 1177 1528 ό
1194 1502 1320 1534 θάνατος.

1064 1591 1167 1628 Ὀπιρ,
1180 1589 1270 1625 οἶμαι,
1284 1592 1350 1625 Θεὸς
1367 1593 1437 1628 πρὸς
1452 1593 1566 1628 κόσμον,
1583 1593 1664 1620 τοῦτο
1681 1593 1749 1628 πρὸς
1773 1593 1821 1621 τέ·-

1027 1646 1078 1665 κνα
1101 1638 1200 1672 γονεῖς,
1229 1638 1323 1674 ἐπειδὴ
1351 1638 1389 1670 ὡς
1412 1640 1517 1671 ἐκεῖνος
1545 1639 1587 1674 τῷ
1606 1639 1645 1675 μὴ
1666 1639 1821 1675 ὑπάρχοντι

1027 1681 1145 1717 ὕπαρξιν
1158 1682 1369 1718 κατειργάσατο,
1397 1683 1444 1711 καὶ
1458 1681 1534 1711 οὗτοι
1562 1684 1729 1719 μιμούμενοι
1755 1684 1820 1711 καθ’

1025 1727 1088 1755 ὅσον
1102 1725 1158 1755 οἷόν
1169 1737 1199 1756 τε
1212 1729 1261 1765 τὴν
1275 1729 1380 1756 ἐκείνου
1396 1729 1523 1764 δύναμιν,
1538 1730 1568 1756 τὸ
1582 1730 1660 1764 γένος
1684 1730 1819 1757 ἀθανατί-

1025 1772 1127 1805 ζουσιν.

1061 1819 1131 1850 Τοὺς
1149 1819 1222 1851 υἱούς
1239 1828 1285 1847 σου
1303 1819 1437 1853 σπούδαζε
1455 1821 1691 1857 πεπαιδευμένους
1713 1822 1818 1857 μᾶλλον

1024 1865 1041 1900 ἢ
1060 1864 1205 1897 πλουσίους
1230 1866 1402 1894 καταλιπεῖν.
1433 1867 1583 1902 Κρείττους
1607 1868 1661 1903 γάρ
1685 1869 1756 1895 εἰσιν
1785 1869 1817 1896 al

1024 1911 1079 1938 τῶν
1089 1912 1314 1948 πεπαιδευμένων
1330 1913 1436 1946 ιλπίδις
1450 1913 1467 1950 ἢ
1485 1913 1499 1940 6
1513 1913 1569 1940 τῶν
1581 1914 1700 1949 ἀμαθῶν
1728 1914 1816 1942 πλοῦ.

1024 1965 1078 1989 τος.

1062 2003 1168 2038 Πατρὸς
1181 2003 1300 2040 [ἰατροῦ]
1313 2004 1391 2040 ὕϐρις
1405 2005 1454 2040 ἡδὺ
1464 2005 1619 2040 φάρμακον.

1061 2048 1192 2084 Θυγάτηρ
1206 2051 1346 2086 ἀλλότριον
1360 2052 1452 2086 κτῆμα
1465 2051 1583 2088 ὑπάρχει
1594 2052 1632 2088 τῷ
1646 2052 1741 2088 πατρί.

1057 2094 1115 2130 Υἰῷ
1143 2095 1189 2122 καὶ
1221 2095 1335 2131 θυγατρὶ
1367 2097 1405 2132 μὴ
1436 2098 1671 2134 προσμιιδιάσῃς,
1698 2098 1743 2125 ίνα
1773 2098 1815 2134 μὴ

1024 2140 1138 2176 ὕστερον
1153 2141 1301 2178 δακρύσῃς.

1059 2187 1169 2219 Τέκνοις
1181 2188 1320 2223 αίᾶέσιμον
1331 2187 1461 2225 καύχημα
1479 2189 1582 2226 πατρὸς
1595 2190 1720 2224 ἔπαινος.

1058 2277 1164 2314 Πατρὸς
1176 2279 1222 2306 καὶ
1236 2279 1337 2314 μητρὸς
1350 2279 1441 2307 κοιναὶ
1458 2280 1508 2315 μὲν
1520 2281 1548 2307 αἱ
1560 2281 1680 2316 κλήσεις,
1689 2282 1817 2317 διάφοροι

1023 2322 1050 2350 δὲ
1062 2323 1203 2358 δυνάμεις.
1215 2324 1268 2352 Τὸν
1286 2325 1350 2360 γοῦν
1363 2326 1394 2353 τὸ
1404 2327 1458 2353 πᾶν
1476 2327 1535 2354 τόδε
1563 2328 1755 2362 ἐργασάμενον
1770 2329 1818 2364 δη·

1025 2372 1156 2407 μιουργὸν
1170 2371 1237 2407 ὁμοῦ
1255 2372 1304 2399 καὶ
1324 2374 1429 2409 πατέρα
1445 2372 1515 2401 εἶναι
1530 2374 1578 2401 τοῦ
1602 2375 1744 2409 γεγονότος
1772 2376 1817 2403 εὑν

1023 2417 1072 2450 οὓς
1086 2419 1115 2445 ὲν
1130 2418 1192 2454 δίκῃ
1208 2419 1342 2455 φήσωμεν
1357 2427 1364 2435 ·
1383 2420 1489 2455 μητέρα
1501 2420 1528 2447 δὲ
1541 2420 1591 2456 τὴν
1603 2421 1649 2447 τοῦ
1665 2422 1818 2456 πεποιηκὸ-

1022 2472 1068 2497 τος
1084 2465 1240 2501 ἐπιστήμην
1321 2465 1408 2493 συνὼν
1431 2466 1497 2498 Θεὸς
1520 2467 1569 2501 οὐχ
1595 2467 1632 2499 ὡς
1659 2467 1816 2502 ἄνθρωπος,

1024 2510 1136 2546 ἔσπειρε
1149 2512 1256 2545 γένεσιν
1271 2519 1277 2526 ·
1299 2513 1315 2546 ή
1328 2512 1357 2538 δὲ
1373 2512 1581 2548 παραδεξαμένη
1595 2512 1629 2539 τὰ
1645 2513 1692 2540 τοῦ
1710 2513 1815 2548 κυρίου

1025 2556 1183 2592 σπέρματα,
1195 2557 1369 2592 τελεσφόροις
1381 2558 1458 2585 ὼδίαι
1474 2558 1520 2585 τὸν
1535 2559 1679 2594 ἀγαπητὸν
1697 2560 1744 2587 καὶ
1770 2560 1815 2587 αε-

1025 2602 1124 2639 σθητὸν
1139 2603 1198 2629 υιὸν
1215 2603 1361 2631 ἀπέτεκεν.

1339 2704 1448 2731 ΛΟΓΟΣ
1473 2702 1500 2731 i'.

1027 2749 1098 2784 Περὶ
1115 2750 1227 2785 γονέων
1252 2750 1514 2786 καταφρονητικῶς
1530 2750 1668 2786 ἐχόντων
1686 2753 1738 2786 τὰς
1757 2751 1814 2781 τῶν

1272 2785 1386 2812 τέκνων
1399 2785 1563 2820 ἀναγωγὰς,

1068 2831 1244 2866 ’Δτιὴγγελκα
1267 2831 1352 2867 αὐτῷ,
1364 2831 1404 2858 ὅτι
1423 2831 1520 2858 ἐκδικῶ
1536 2831 1592 2867 ἐγὼ
1608 2832 1654 2859 ἐπὶ
1669 2833 1717 2860 τὸν
1743 2832 1814 2863 οἶκον

218 2889 258 2926 (l)
275 2890 381 2918 Graecus
400 2891 481 2918 codex
499 2891 585 2925 habet,
605 2890 695 2926 ἰατρὸς
710 2890 770 2925 (sic)
785 2889 864 2926 ὕϐρις
890 2890 938 2924 ὴδίι
963 2898 973 2925 ς

1044 2898 1119 2917 ακον.
