1940 3104
149 181 217 213 1045

580 181 665 211 LOCI
685 178 909 211 COMMUNES.
922 191 955 196 -
972 178 1070 208 PARS
1092 178 1134 208 II.
1153 177 1282 208 SERMO
1298 179 1352 209 XI.

1711 178 1781 211 1046

147 239 229 267 αὐτοῦ
242 239 294 270 Eu);
319 231 420 270 αἰῶνος
436 245 442 253 ”
472 238 512 264 ὅτι
533 237 716 271 ἐκακολόγουν
737 237 802 264 Θεδν
828 237 854 262 οἱ
880 236 933 262 υίοὶ

1005 241 1071 270 sque
1099 234 1126 261 in
1151 234 1280 261 smcnlum
1307 242 1314 260 :
1336 234 1399 269 quia
1426 233 1471 260 lilii
1499 234 1559 269 ejus
1583 233 1776 262 malediceham

148 285 242 316 αὐτοῦ,
257 285 304 312 καὶ
328 284 378 311 οὐκ
402 283 538 310 ἐνουθέτει
568 284 677 315 αὐτούς.
697 284 751 309 Καὶ
776 283 824 317 οὐχ
849 281 935 313 οὕτως

146 330 240 365 ὦμοτα
253 330 291 365 τῷ
304 330 371 365 οἴκῳ
390 329 475 361 Ἠλεὶ,
489 330 513 355 εί
533 329 742 363 ὲξιλασθήσεται
753 328 845 354 ἀδικία
862 327 936 354 οἴκου

153 377 227 404 Ἧλεὶ
238 378 266 402 ὲν
277 377 428 412 θυμιάματι
442 375 489 402 καὶ
505 376 533 401 ὲν
544 375 651 406 θυσίαις
665 374 747 400 αὑτοῦ
762 375 814 405 ἕως
829 374 935 405 αἰῶνος.

187 425 234 455 '0;
257 423 378 458 φείδεται
403 423 452 459 τῆς
481 422 579 448 ἑαυτοῦ
608 421 769 457 βακτηρίας,
796 421 872 456 μισεῖ
892 420 937 446 τὸν

148 471 206 497 ουν
224 469 318 497 αὑτοῦ.

184 517 269 552 Πατρὶ
282 516 377 543 daretis!
391 515 527 553 μέμψεται
542 516 636 549 τέκνα,
648 515 690 542 ὅτι
717 514 750 542 δι’
765 514 848 542 αὑτὸν
865 513 936 540 ὀνει-

149 564 333 597 δισθήσονται.

184 611 283 642 Ἵππος
310 610 466 644 ἀδάμαστος
484 610 626 636 ἁποὸαίνει
654 609 770 643 σκληρός
788 616 795 623 ·
811 608 858 635 καὶ
880 607 938 640 υίὸς

148 657 290 691 ἀνειμένος
318 657 439 683 ἐκϐαίνει
466 656 600 690 προαλής.
624 655 777 689 Τιθήνησον
805 655 851 681 τὸν
881 654 953 682 υἱόν.

149 711 207 734 σου,
221 702 268 728 καὶ
283 701 452 736 ἐκθαμσήσει
465 708 505 733 σε,
523 701 570 727 καὶ
595 700 634 735 μὴ
658 699 828 735 συγγελάσῃς
852 698 936 733 αὐτῷ,

147 747 190 773 ἵνα
207 745 245 782 μὴ
261 746 448 783 συλλυπηθῇς,
461 746 508 773 καὶ
520 746 563 772 ἐπ’
577 746 699 781 ἐσχάτων
709 746 861 781 γομφιάσει
873 746 937 778 τοὺς

147 793 256 822 ὀδόντας
274 801 332 819 σου.
344 792 390 827 Μὴ
406 792 450 823 δὸς
467 792 542 826 αὐτῷ
554 791 677 824 ἐξουσίαν
693 792 721 818 ἐν
746 791 864 827 νεότητι,
891 792 937 818 καὶ

149 837 187 872 μὴ
196 837 313 872 nsipiens
324 837 372 868 τὰς
388 837 502 870 ἀγνοίας
514 837 608 866 αὑτοῦ.
625 837 740 872 Κάμψον
761 837 807 863 τὸν
835 837 937 872 τράχη-

147 884 191 909 λον
205 884 288 911 αὑτοῦ
302 885 330 911 ἐν
340 885 457 919 νεότητι.
472 884 577 911 Ολὰσον
591 885 640 915 τὰς
657 884 776 918 πλευρὰς
791 883 884 916 αὐτοῦ,
899 883 938 914 ὡς

147 930 203 956 ἐστι
218 931 326 965 νήπιος,
349 931 386 966 μή
398 939 464 956 ποτε
481 930 656 965 σκληρυνθεὶς
669 929 806 966 ἀπειθήσῃ
824 937 877 961 σοι,
891 929 938 956 καὶ

147 976 225 1002 ἔσται
240 984 282 1002 σοι
296 976 326 1008 ἐξ
341 976 422 1004 αὑτοῦ
438 977 519 1012 ὀδύνη
534 975 635 1011 ψυχῆς.
652 975 802 1002 Παίδευσον
817 976 862 1002 τὸν
877 975 935 1002 υἱόν

148 1028 207 1052 σου,
223 1022 270 1048 καὶ
282 1021 397 1057 ἔργασαι
409 1023 438 1048 ἐν
455 1021 538 1057 αὐτῷ,
555 1021 599 1048 ἵνα
616 1022 655 1057 μὴ
668 1022 696 1047 ὲν
709 1022 742 1057 τῇ
759 1020 939 1056 ἀσχημοσύνῃ

148 1065 232 1093 αὐτοῦ
254 1067 425 1104 προσκόψῃς.

185 1155 274 1182 Τέκνα
287 1155 418 1190 βδελυκτὰ
433 1156 537 1190 γίνεται
554 1157 637 1184 τέκνα
666 1156 849 1192 ἁμαρτωλῶν.

185 1246 306 1280 Ἔγγονα
324 1244 430 1271 ἀσεϐῶν
445 1245 476 1271 οὐ
487 1244 618 1279 πληθυνεῖ
630 1245 754 1278 κλάδους,
788 1245 835 1272 καὶ
864 1245 939 1280 ῥίζαι

148 1293 300 1329 ἀκάθαρτοι
317 1293 346 1324 ἐξ
359 1292 513 1327 ἀκροτὸπου
524 1293 637 1326 πέτρας,

189 1341 235 1368 Ἐκ
253 1341 410 1374 σπέρματος
426 1339 517 1374 ὄφεων
539 1339 711 1370 ἐξελεύσεται
734 1339 833 1373 ἔκγονα
859 1339 940 1366 ἀσπι-

147 1388 202 1416 δων
215 1397 222 1402 ·
239 1387 273 1414 τὰ
288 1387 315 1414 δὲ
338 1387 438 1422 ἔκγονα
453 1387 544 1413 αὐτῶν
558 1387 634 1421 ὄφεις
659 1386 814 1420 πετόμενοι.

190 1433 370 1464 Ἀδικώτατος
386 1433 450 1468 περὶ
463 1431 514 1468 τὴν
541 1433 595 1459 τῶν
618 1432 740 1466 ιγγόνων
768 1432 906 1468 ἐκτροφὴν
925 1432 941 1458 ὁ

147 1479 237 1510 ἀετός.
250 1479 302 1504 Δύο
311 1478 365 1513 γὰρ
381 1477 526 1512 ἐξαγαγὼν
542 1477 676 1508 νεοττοὺς,
685 1476 731 1503 τὸν
745 1476 838 1511 ἕτερον
849 1476 940 1502 αὐτῶν

148 1526 188 1556 είς
200 1524 249 1559 τὴν
262 1526 314 1558 γῆν
331 1525 551 1560 καταρρήγνυσι,
563 1524 621 1554 ταῖς
636 1522 755 1558 πληγαῖς
770 1522 823 1548 τῶν
840 1521 940 1556 πτερύ-

148 1578 204 1604 γων
215 1570 409 1604 ἀπωθούμενος
425 1578 431 1585 ·
447 1570 494 1596 τὸν
508 1570 536 1596 δὲ
550 1569 644 1604 ἓτερον
656 1569 737 1604 μόνον
754 1567 844 1595 λαϐὼν
854 1569 939 1594 οἱκει-
950 1580 974 1612 c

147 1615 236 1650 οὗται,
247 1617 292 1642 διὰ
304 1616 333 1642 τὸ
348 1615 398 1650 τῆς
424 1615 530 1650 τροφῆς
558 1614 698 1650 ἐπίμονον,
720 1613 938 1649 ἀποποιούμενος

147 1660 177 1687 ὃν
194 1662 348 1696 ἐγέννησεν.
361 1661 484 1688 Τοιοῦτοι
496 1661 549 1688 τῶν
561 1660 662 1694 γονέων
677 1660 748 1686 εἰσὶν
770 1659 793 1686 οι
809 1660 856 1685 ἐπὶ
873 1667 938 1694 προ-

149 1708 230 1742 φάσει
243 1707 340 1738 πενίας
351 1707 520 1741 ἐκτιθέμενοι
533 1707 566 1734 τὰ
579 1707 677 1741 νήπια,
689 1707 715 1733 οἶ
732 1707 778 1733 καὶ
792 1706 821 1731 ὲν
839 1707 868 1740 τῇ
881 1705 938 1731 δια-

149 1756 219 1791 νομῇ
232 1754 280 1782 τοῦ
295 1755 395 1790 κλήρου
411 1755 573 1781 ἁνισῶτατοι
591 1755 660 1789 πρὸς
674 1753 707 1780 τὰ
720 1754 830 1787 ἔγγονα.

189 1844 291 1879 Ἱερεὺς
305 1842 339 1879 ἦν
363 1844 377 1869 ὁ
407 1843 492 1876 Ἠλεὶ,
519 1842 566 1869 καὶ
596 1843 651 1873 τοῖς
676 1843 772 1868 παισὶν
792 1840 938 1868 ἀσεϐοῦσιν

149 1890 300 1925 ἐπέπληττε
317 1890 378 1925 μὲν,
391 1890 432 1916 ὃτι
449 1889 477 1915 δὲ
494 1889 531 1924 μὴ
563 1888 699 1924 σφοδρῶς
715 1889 858 1923 ἐνεκλήθη,
891 1889 937 1914 καὶ

147 1937 225 1972 δίκην
238 1936 337 1971 ὖπέσχε
353 1936 442 1971 πατὴρ
460 1935 577 1971 εὐλαϐὴς
592 1936 696 1962 παίδων
711 1936 898 1970 παρανομίας.

184 2026 394 2061 Καταγέλαστον
411 2025 557 2060 ἀνθρώπῳ,
576 2025 615 2060 τῷ
641 2025 696 2052 τῶν
726 2025 799 2052 ἰδίων
823 2025 938 2060 ἀφειδῆ-

150 2082 237 2106 σαντι,
256 2072 396 2099 παιδεύειν
413 2071 504 2104 ξένους
521 2071 718 2106 ἐπιχειροῦντι.

453 2130 563 2157 ΛΟΓΟΣ
578 2130 629 2157 ιΑι.

148 2178 218 2213 Περὶ
233 2179 348 2207 παίδων
361 2178 511 2213 τιμώντων
539 2185 649 2212 rorare.
674 2177 732 2213 καί
753 2176 811 2213 ὅσα
837 2176 938 2204 ἕπεται

272 2214 366 2248 ἀγαθὰ
388 2212 457 2246 τοῖς
475 2212 684 2240 ὑπακούουσιν
700 2212 812 2244 αὐτοῖς.

184 2260 258 2295 Τίμα
272 2261 318 2286 τὸν
333 2260 439 2295 πατέρα
456 2268 502 2285 σου
514 2260 562 2285 καὶ
575 2259 624 2293 τὴν
653 2258 758 2293 μητέρα
778 2266 834 2290 σου,
852 2258 894 2284 ἴνα
907 2258 936 2284 εὖ
954 2248 975 2274 θ

150 2314 191 2333 σοι
204 2307 328 2340 γένηται,
344 2307 392 2333 καὶ
422 2306 617 2340 μακροχρόνιος
633 2305 681 2340 ἔσῃ
694 2305 739 2330 ἐπὶ
753 2305 803 2339 τῆς
818 2304 880 2339 γῆς.

187 2352 323 2382 Ἕκαστος
334 2350 441 2386 πατέρα
455 2351 537 2378 αὑτοῦ
551 2352 598 2377 καὶ
611 2352 718 2386 μητέρα
733 2350 881 2385 φοϐείσθω.

185 2439 244 2472 Υἱὲ,
257 2439 378 2473 φύλασσε
393 2439 491 2473 νόμους
502 2440 606 2475 πατρός
624 2448 682 2471 σου,
699 2440 745 2466 καὶ
770 2440 808 2475 μὴ
837 2440 936 2477 ἀπώπῃ

150 2485 267 2521 θεσμοὺς
284 2487 387 2522 μητρός
399 2494 457 2518 σου,
473 2485 580 2520 ἄφαψαι
594 2485 622 2511 δὲ
641 2486 739 2517 αὐτοὺς
753 2485 800 2512 ἐπὶ
827 2486 860 2521 σῇ
885 2485 936 2521 ψυ-

149 2534 184 2568 χῇ
199 2533 355 2565 διαπαντὸς,
379 2533 427 2559 καὶ
452 2532 613 2566 ἐγκλοίωσαι
636 2531 701 2567 περὶ
731 2532 771 2565 σῷ
795 2532 934 2567 τραχήλῳ.

149 2579 284 2612 Στέφανον
301 2578 353 2614 γὰρ
369 2578 488 2613 χαρίτων
513 2577 576 2613 δέξῃ
594 2578 627 2612 σῇ
641 2578 758 2613 κορυφῇ,
772 2577 820 2604 καὶ
845 2577 937 2604 κλοιὸν

150 2623 265 2659 χρύσεον
277 2625 340 2658 περὶ
352 2623 391 2658 σῷ
407 2623 545 2658 τραχήλῳ.

188 2669 300 2701 Ἄκουε,
319 2669 373 2701 υἱὲ,
388 2669 491 2704 πατρὸς
504 2667 552 2695 τοῦ
571 2667 751 2703 γεννήσαντάς
768 2676 810 2701 σε,
834 2668 881 2695 καὶ
897 2668 935 2704 μὴ

150 2715 327 2750 καταφρόνει,
342 2715 383 2741 ὄτι
396 2716 535 2748 γεγήρακέ
559 2722 605 2740 σου
619 2715 636 2748 ἡ
655 2714 757 2749 μήτηρ.

184 2761 249 2793 Υιὸς
263 2759 369 2794 δοξάζει
382 2760 496 2794 πατέρα.
530 2759 584 2786 Καὶ
607 2761 631 2786 εί
661 2760 756 2795 Πατήρ
785 2761 842 2794 εἰμι
869 2758 934 2793 ἐγὼ,

148 2806 199 2833 ποῦ
215 2807 288 2833 ἐστιν
303 2807 319 2841 ἡ
340 2805 403 2839 δόξα
428 2813 499 2839 μου;

187 2853 220 2880 '0
235 2852 324 2887 τιμῶν
342 2853 451 2888 πατέρα
479 2851 563 2879 αὐτοῦ
589 2851 762 2885 ἑξιλάσκεται
785 2851 933 2887 ἁμαρτίας.

149 2899 203 2926 Καὶ
215 2899 252 2931 ὡς
266 2899 281 2925 ὁ
293 2898 532 2934 ἀποθησαυρίζων,
549 2899 562 2925 ὀ
576 2898 695 2930 δοξάζων
712 2898 819 2933 μητέρα
831 2897 912 2924 αὑτοῦ
925 2904 932 2913 ’

988 280 1054 314 Deo,
1068 289 1118 308 nce
1133 281 1194 308 illos
1206 279 1359 316 castigavit,
1379 279 1481 307 ideirco
1492 280 1580 314 iuravi
1595 279 1705 307 familia:
1728 280 1780 313 Eli,

988 327 1059 362 quod
1078 334 1129 354 non
1147 327 1272 362 expietur
1290 325 1419 360 iniquitas
1435 325 1532 352 domus
1557 326 1616 360 ejus
1642 327 1668 353 in
1690 327 1777 354 sulfu—

989 372 1137 408 migaliune
1151 377 1178 399 et
1193 371 1335 398 sacrificiis
1350 378 1437 405 usque
1453 370 1480 397 in
1496 371 1640 398 amiculum.

1025 418 1162 446 Salomon.
1189 417 1239 451 Qui
1264 418 1351 452 parcit
1378 417 1434 445 suis
1460 417 1585 451 baculis,
1614 417 1700 445 ﬁlium
1723 421 1779 446 O‘Iil

989 473 1069 493 suum
1075 486 1082 493 .

1026 509 1109 537 Eccli.
1127 510 1190 537 ’λιι
1218 509 1326 536 Patrem
1350 508 1463 544 impium
1487 509 1656 536 accusabunt
1679 509 1755 537 liberi
1774 531 1780 541 ,

989 556 1052 591 quia
1068 559 1179 590 propter
1196 555 1283 588 ipsum
1300 554 1410 588 probris
1431 553 1592 583 adicientur.

1024 600 1096 627 Ibid.
1121 608 1184 627 xxx.
1207 599 1301 634 Equus
1321 599 1471 628 indomitus
1486 608 1534 628 ore
1559 600 1587 628 ﬁt
1608 601 1688 635 duro,
1708 602 1780 629 [ilius

989 648 1164 683 indulgenter
1197 650 1331 673 tractatus
1357 646 1387 673 Iit
1410 648 1571 674 temerarius
1591 651 1618 674 et
1649 654 1781 682 praeceps.

990 694 1103 728 lndulge
1125 693 1180 720 ﬁlio
1196 697 1261 726 tuo,
1285 696 1312 720 et
1332 692 1390 727 ipse
1414 692 1549 720 territahit
1571 697 1617 727 te;
1643 701 1675 720 ne
1702 694 1783 721 simul

989 748 1052 768 cum
1066 740 1112 767 illo
1126 739 1226 772 rideas,
1246 743 1276 766 ut
1292 746 1326 766 ne
1338 739 1420 766 simul
1436 746 1497 766 cum
1508 739 1559 773 jllo
1574 740 1693 768 tristeris
1704 745 1731 768 et
1748 741 1782 767 ad

990 790 1143 814 extremum
1170 785 1298 813 dentibus
1323 786 1376 814 tuis
1401 785 1567 813 infrendens.
1591 785 1630 813 Ne
1646 787 1692 814 des
1706 787 1729 814 ei
1755 788 1781 815 iu

987 832 1131 868 juventute
1145 832 1295 865 licentiam,
1306 835 1333 859 et
1348 831 1535 866 ignorationes
1550 832 1609 866 ejus
1624 832 1657 859 ne
1670 834 1781 867 prleter—

991 879 1092 907 mittas.
1110 879 1140 906 In
1156 879 1298 914 juventule
1324 879 1457 906 cervicem
1479 879 1540 913 ejus
1562 878 1663 906 [lectito
1679 887 1685 906 :
1701 884 1727 906 et
1744 878 1783 906 Ια-

956 913 975 940 Β
992 930 1048 952 tera
1066 913 1275 958 ipsinsrtundilo
1307 924 1371 951 dum
1387 924 1476 952 adhuc
1492 932 1560 959 puer
1574 929 1627 958 est,
1649 932 1683 952 ne
1699 923 1780 951 robu-

990 976 1050 998 stus
1068 970 1158 998 Iactus
1179 970 1249 998 nolit
1263 970 1312 998 tibi
1332 978 1440 1004 parere,
1457 974 1539 1006 atque
1553 978 1584 998 ex
1597 978 1630 998 eo
1647 975 1709 998 tuus
1723 970 1783 998 ani-

990 1024 1052 1043 mus
1066 1016 1189 1044 dolorem
1207 1016 1297 1051 capiat
1315 1017 1478 1044 maximum.
1503 1016 1601 1044 Filium
1626 1020 1702 1043 tuum
1719 1025 1782 1044 eru-

990 1062 1047 1090 dito
1063 1069 1095 1090 ac
1111 1062 1257 1098 perpolito,
1274 1066 1303 1090 ut
1316 1063 1343 1090 in
1356 1062 1526 1097 turpitudine
1538 1063 1612 1091 illius
1626 1071 1680 1091 non
1696 1063 1781 1091 oll‘en-

989 1109 1078 1136 tiaris.

1024 1155 1207 1184 Abominaudi
1222 1161 1286 1183 sunt
1297 1155 1375 1183 liberi
1389 1154 1576 1190 improborum
1590 1159 1619 1184 et
1631 1157 1781 1184 sceleribus

991 1201 1145 1229 infantium.

1027 1248 1173 1283 [inpiorum
1191 1250 1291 1284 posteri
1311 1257 1363 1276 non
1391 1248 1612 1283 multiplicabunt
1636 1255 1737 1282 ramos,
1753 1254 1782 1276 et

991 1294 1096 1322 radices
1111 1303 1143 1322 ex
1160 1296 1320 1324 acutissimo
1341 1303 1408 1323 saxo
1425 1296 1549 1330 impurae.

1028 1341 1064 1367 Ex
1080 1341 1185 1368 semine
1204 1346 1362 1377 serpentum
1390 1341 1539 1378 prodibunt
1555 1341 1679 1376 aspidum
1697 1340 1779 1374 fetus,

990 1385 1061 1414 [eius
1077 1390 1167 1414 autem
1185 1387 1306 1421 ipsarum
1321 1390 1463 1422 serpentes
1479 1391 1560 1414 erunt
1573 1386 1706 1413 volantes.

1022 1432 1119 1459 Incerti
1134 1433 1261 1460 auctoris.
1281 1432 1479 1460 Crudelissima
1501 1437 1544 1460 est
1559 1432 1586 1459 in
1609 1431 1690 1467 pullis
1713 1431 1781 1459 edu-

991 1478 1086 1506 candis
1100 1479 1191 1512 aquila
1205 1486 1212 1511 ς
1232 1478 1300 1506 duos
1326 1478 1398 1506 enim
1417 1485 1480 1505 cum
1497 1477 1613 1505 ediderit
1629 1477 1727 1512 pullos,
1743 1477 1783 1504 al«

991 1527 1079 1550 terum
1107 1523 1158 1550 alis
1183 1523 1327 1558 impellens
1354 1524 1382 1551 in
1405 1528 1506 1550 terram
1523 1523 1656 1558 deiectum
1675 1523 1780 1556 allidit,

991 1570 1108 1597 alterum
1129 1573 1267 1597 retentum
1282 1570 1474 1598 tantummodo
1485 1577 1535 1604 pro
1550 1577 1601 1597 suo
1616 1574 1642 1597 et
1658 1569 1781 1604 legitimo

990 1615 1081 1648 habet,
1107 1616 1188 1643 tredio
1214 1616 1407 1644 nutricationis
1435 1623 1515 1651 quem
1547 1615 1699 1650 procrearit
1724 1615 1782 1650 ipsa

989 1662 1136 1697 repudians
1156 1666 1183 1690 et
1213 1663 1355 1690 abdicans.
1384 1662 1464 1690 Tales
1494 1667 1557 1690 sunt
1584 1666 1711 1697 parentes
1735 1661 1782 1695 qui

990 1709 1158 1744 paupertatis
1175 1711 1268 1743 specie
1282 1715 1349 1736 suos
1368 1716 1468 1743 pueros
1485 1708 1603 1736 infantes
1617 1713 1779 1743 exponunt.

958 1761 966 1764 ‘
989 1755 1035 1790 qui
1059 1760 1085 1782 ct
1111 1755 1168 1782 suis
1196 1755 1314 1790 posteris
1336 1755 1362 1782 lu
1387 1755 1554 1782 hmreditatis
1585 1755 1781 1782 distributione

992 1801 1160 1835 iniquissimi
1178 1806 1252 1828 sunt.

1026 1847 1040 1874 I
1052 1846 1113 1882 Reg.
1130 1854 1159 1874 ιι.
1172 1846 1306 1874 Sacerdos
1318 1846 1370 1874 fuit
1382 1845 1433 1880 Eli,
1451 1854 1483 1873 ac
1497 1846 1566 1874 ﬁlios
1583 1853 1648 1873 suos
1660 1846 1741 1881 impie
1752 1853 1782 1873 se

995 1894 1120 1925 gerentes
1144 1889 1320 1924 reprehendit
1341 1891 1462 1925 quidem,
1479 1891 1527 1918 sed
1544 1891 1608 1925 quia
1634 1898 1688 1917 non
1713 1890 1782 1918 satis

990 1936 1163 1963 vehementer
1193 1936 1371 1971 objurgavit,
1399 1941 1479 1971 pater
1505 1937 1649 1971 religiosus
1671 1943 1779 1971 pcenam

990 1982 1106 2009 ﬁliorum
1124 1984 1284 2011 temeritatis
1298 1989 1324 2011 et
1338 1983 1490 2017 iniquitatis
1506 1983 1567 2010 luit.

1027 2027 1159 2063 Diogenis.
1177 2027 1330 2056 Ridiculum
1354 2034 1394 2056 est
1416 2036 1477 2056 eum
1508 2029 1555 2064 qui
1578 2028 1635 2056 suis
1667 2032 1774 2063 parcat,

990 2073 1094 2102 alienos
1110 2075 1244 2109 castigare
1257 2075 1336 2103 velle.

1177 2131 1293 2160 SEIlMO
1315 2132 1348 2159 XI
1369 2131 1418 2168 [αι.
1439 2131 1592 2167 CXXVIII].

991 2177 1027 2204 De
1043 2177 1131 2204 liberis
1148 2183 1269 2212 parentet
1284 2178 1487 2211 honorantibus,
1509 2182 1534 2204 et
1551 2186 1609 2213 qui:
1625 2177 1694 2205 bona
1715 2184 1781 2205 cart—

1131 2217 1277 2247 oequantttr
1291 2214 1337 2248 qui
1355 2213 1409 2241 illis
1422 2213 1637 2248 oblemperarint.
1776 2221 1778 2223 ’

1025 2257 1112 2285 Exod.
1129 2266 1174 2286 xx.
1191 2258 1298 2286 Honora
1315 2264 1418 2293 patrem
1434 2263 1460 2286 et
1478 2264 1590 2286 matrem
1605 2262 1677 2285 tuam
1690 2262 1720 2285 ut
1731 2256 1779 2285 tibi

990 2301 1060 2329 bene
1078 2303 1123 2336 sit,
1140 2308 1168 2330 et
1184 2303 1264 2338 longo
1277 2307 1400 2338 tempore
1416 2303 1443 2330 in
1459 2307 1531 2331 terra
1547 2303 1635 2330 vivas.

1029 2349 1106 2385 151
1127 2348 1208 2377 Levit.
1228 2357 1284 2376 xix.
1303 2349 1412 2377 Patrem
1429 2357 1507 2377 suum
1526 2348 1642 2384 quisque
1665 2356 1698 2376 ac
1721 2355 1778 2375 [ηιμ

988 2402 1056 2424 [rem
1078 2399 1191 2423 metuat.

1023 2442 1086 2475 Fili,
1103 2449 1169 2470 cave
1193 2441 1278 2469 violes
1302 2449 1316 2468 a
1336 2445 1412 2476 patre
1428 2441 1477 2469 tibi
1492 2441 1636 2476 impositas
1651 2442 1735 2479 leges,
1753 2449 1781 2471 et

989 2489 1086 2516 matris
1108 2488 1212 2516 monita
1229 2494 1263 2514 ne
1283 2487 1418 2522 repellite,
1438 2487 1487 2515 sed
1507 2488 1642 2523 applicato
1671 2495 1780 2524 semper

989 2540 1080 2560 atumo
1095 2537 1152 2565 tuo,
1166 2537 1193 2559 et
1215 2533 1286 2560 collo
1303 2536 1351 2560 tuo
1375 2532 1507 2567 alligato;
1532 2534 1681 2568 gratiarum
1705 2535 1778 2562 enim

987 2585 1117 2606 coronam
1134 2578 1160 2605 in
1172 2579 1302 2606 verticem
1316 2579 1415 2613 capitis
1431 2580 1557 2616 recipies,
1573 2585 1601 2608 et
1615 2581 1716 2610 monile
1727 2589 1778 2609 au-

988 2631 1064 2651 reum
1077 2623 1106 2651 in
1124 2623 1224 2651 collum
1245 2628 1332 2652 tuum.

1023 2669 1104 2702 Audi,
1119 2669 1167 2701 ﬁli,
1185 2674 1288 2704 patrem
1306 2670 1352 2705 qui
1377 2674 1403 2698 te
1417 2672 1579 2706 procreavit,
1597 2679 1646 2700 nee
1663 2676 1776 2700 matrem

991 2723 1084 2743 senem
1101 2716 1281 2744 contemnito.

1024 2760 1142 2789 Malac/r.
1161 2769 1180 2789 ι.
1197 2762 1281 2790 Filius
1295 2763 1388 2799 gloria:
1403 2765 1455 2792 erit
1470 2764 1553 2800 patri.
1567 2763 1645 2796 Quod
1661 2763 1684 2791 si
1695 2763 1777 2792 Pater

987 2815 1047 2835 sum
1063 2815 1124 2843 ego,
1140 2808 1186 2835 ubi
1199 2809 1357 2843 gloria,mea
1370 2810 1382 2836 ?

1022 2852 1107 2880 Eccli.
1121 2859 1162 2881 in.
1181 2854 1233 2887 Qui
1252 2858 1359 2890 patrem
1379 2862 1458 2883 suum
1473 2854 1576 2882 honore
1595 2853 1687 2885 allicit,
1705 2854 1778 2882 dt'lel.

988 2904 1110 2935 peccata.
1129 2900 1224 2934 Qualis
1236 2907 1277 2930 est
1294 2902 1340 2937 qni
1355 2901 1500 2929 thesauros
1513 2900 1645 2934 recandit,
1662 2901 1723 2929 talis
1736 2908 1778 2929 νει
