1940 3104
188 157 257 194 1047

809 146 969 178 ANTONll
991 145 1165 176 MELISSE

1750 137 1826 170 1058

187 217 234 251 qui
250 218 364 242 matrem
380 219 456 241 suam
469 209 555 246 gloria
568 207 648 235 allicit
663 215 670 240 ;
686 205 733 241 qui
748 210 850 241 patrem
863 205 980 233 honorat

1053 203 1140 238 τιμῶν
1153 202 1260 239 πατέρα
1277 200 1496 237 εὐφρανθήσεται
1512 198 1563 224 ὑπὸ
1589 198 1703 230 τέκνων,
1717 197 1767 223 καὶ
1796 198 1827 222 ἐν

189 271 204 292 a
221 262 285 290 ﬁliis
298 260 392 288 laetitia
409 258 551 289 atﬁcietur,
567 259 593 282 et
617 253 752 281 orationis
775 259 832 280 suae
855 255 978 286 tempore

187 309 244 336 \‘oti
262 307 308 335 ﬁet
333 312 455 340 compos.
474 302 526 335 Qui
544 305 649 336 patrem
668 299 753 335 gloria
771 298 902 329 alﬁ-cerit,
921 298 980 325 lou-

190 361 281 390 gmvus
307 352 360 379 erit
378 371 385 383 ,
399 355 426 377 et
446 348 492 383 qui
509 347 583 374 audit
602 346 745 373 Dominum
763 348 876 370 matrem
901 351 979 370 suam

189 399 333 430 recreabit,
356 401 383 425 et
404 401 532 430 tanquam
549 392 669 420 dominis
691 391 792 418 serviet
817 390 851 417 iis
875 390 923 425 qui
951 397 980 417 se

190 444 373 482 procrearint.
397 442 488 470 Verbo
510 444 537 467 et
558 446 641 474 opera
663 442 765 472 patrem
787 437 878 469 colito,
896 441 925 464 ut
947 436 981 463 ab

187 481 235 518 illo
252 490 300 517 tibi
317 487 469 516 benedictio
485 485 599 513 accidat.
614 481 870 510 Patrisbenedictio
884 481 981 508 domos

186 537 338 564 liberorum
368 535 477 566 ﬁrmat;
498 537 525 559 at
546 529 642 558 matris
669 528 822 556 exsecratio
850 527 982 555 radicitus

187 582 365 610 fundamenta
378 580 484 608 evertit.

225 627 296 656 Ibid.
311 626 375 659 Fili,
392 624 547 655 succurrito
562 624 632 658 patri
651 621 817 653 senescenti,
833 625 860 647 et
875 619 898 647 si
914 619 983 646 ami-

187 674 256 702 serit
281 672 503 707 intelligentiam,
528 669 635 698 veniam
666 673 821 700 mereatur,
853 673 903 694 nee
928 665 981 692 ulla

186 718 338 755 ignominia
357 718 425 745 allici
448 717 535 752 ipsum
553 716 656 751 patiare
671 722 720 750 pro
736 713 865 741 omnibus
878 711 983 739 viribus

188 754 256 793 tuis.
272 764 364 792 Patris
380 764 452 793 enim
471 760 658 790 misericordia
680 766 734 786 non
761 757 851 792 veniet
865 755 893 783 in
911 754 982 782 obli-

187 811 317 843 vionem;
336 813 364 837 et
379 813 409 836 ut
423 808 558 837 serenitas
574 806 688 843 glaciem
706 803 857 839 liquefactt,
872 802 911 830 sic
923 808 983 837 pec-

188 862 250 885 cata
265 861 311 884 tua
328 855 524 884 dissolventur.

224 902 266 930 Ex
279 907 335 930 toto
355 902 447 929 animo
463 905 522 933 tuo,
539 905 569 927 ut
586 900 673 927 honor
701 902 728 925 et
745 897 838 932 gloriae
856 896 894 924 sis
909 894 980 930 patri
995 885 1019 916 Β

188 953 296 981 curato,
321 955 372 976 nec
398 947 494 974 matris
513 951 565 973 tuae
588 945 711 973 dolorum
729 942 908 971 obliviscitor.
927 939 981 968 Be-

189 995 305 1023 rordare
321 999 345 1022 te
363 994 397 1021 ab
419 993 472 1020 illis
486 999 546 1020 esse
561 995 735 1027 procreatum
755 997 761 1015 :
784 994 811 1017 et
833 988 896 1023 quid
926 987 981 1014 illis

187 1041 297 1073 reddes.
312 1040 393 1076 quale
413 1039 463 1074 ipsi
480 1038 615 1067 dederunt
635 1037 702 1066 tibi?

227 1087 337 1116 Honore
354 1085 453 1112 allicito
470 1090 575 1120 patrem
592 1088 619 1111 et
636 1088 749 1109 matrem
767 1085 840 1108 tuam
856 1099 864 1112 ,
878 1084 904 1108 et
922 1084 982 1107 tan-

191 1140 276 1168 quam
292 1133 408 1167 teipsum
427 1131 582 1166 proximum
597 1129 710 1164 diligite.

226 1179 323 1214 Epltes.
338 1186 374 1205 \'l.
390 1177 489 1210 Liberi,
505 1175 665 1211 parentibus
676 1174 775 1201 vestris
787 1172 895 1200 obedite
906 1172 932 1198 ‘tn
943 1179 984 1198 re-

193 1225 247 1255 bus
263 1223 392 1252 omnibus
405 1244 412 1256 ,
434 1222 569 1258 siquidem
586 1222 636 1248 hoc
655 1220 769 1247 Domino
789 1222 941 1253 pergratum
959 1221 986 1243 et

191 1276 334 1306 acet-ptum
351 1273 403 1296 est.

226 1315 257 1343 S.
267 1315 374 1343 Basilii.
385 1314 556 1343 Cironiarum
566 1321 628 1348 erga
641 1316 767 1347 parentes
780 1319 858 1339 senes
872 1310 986 1338 benevo-

189 1360 274 1389 lentia
295 1362 363 1388 satis
382 1365 471 1396 potest
495 1360 596 1387 liberos
612 1363 732 1390 nostros,
755 1358 778 1385 si
799 1358 880 1384 ntodo
896 1361 985 1384 atten-

193 1408 260 1436 dere
271 1407 367 1440 velint,
381 1406 466 1442 patris
483 1409 607 1435 amantes
620 1404 728 1431 elﬁcere
741 1411 749 1436 ;
769 1410 848 1430 nemo
858 1407 900 1430 est
910 1402 983 1429 enim

192 1455 262 1483 adeo
279 1454 426 1490 prudentia
446 1453 607 1484 destitutus,
621 1453 667 1486 qtti
684 1459 737 1479 non
755 1450 910 1486 pudendum
925 1456 987 1477 esse

189 1501 292 1540 jndicet
311 1502 346 1528 ab
363 1500 458 1526 aribus
475 1499 589 1529 rattonis
604 1498 762 1533 expertibus
777 1496 876 1526 virtute
906 1502 985 1530 strpe-

191 1549 266 1580 rarl;
283 1547 327 1574 ille
344 1547 416 1574 enim
433 1551 534 1581 patrem
546 1553 601 1580 pne.
620 1549 760 1572 senectute
775 1550 878 1578 pennas
891 1542 985 1570 dimit-
999 1553 1021 1582 ο

192 1599 295 1626 tentem
308 1594 335 1620 in
346 1592 440 1623 orbem
454 1592 644 1623 circumstant,
654 1599 686 1618 ac
699 1590 797 1626 pennis
810 1589 867 1618 suis
879 1588 984 1621 fovent,

192 1640 322 1670 alimenta
352 1638 464 1673 copiose
488 1637 716 1672 suppr-ditantes,
741 1639 874 1670 quantum
903 1634 983 1662 etiam

192 1690 312 1722 possunt
322 1685 442 1712 volatum
460 1684 519 1718 ejus
535 1682 677 1717 adjuvant,
695 1681 799 1717 placide
814 1680 912 1716 pennis
927 1680 985 1707 sttis

194 1732 326 1767 utrinque
341 1731 502 1763 allevantes.
521 1729 610 1764 Atque
626 1729 667 1756 sic
679 1727 875 1755 beneﬁciorum
893 1734 986 1753 remu-

195 1777 369 1806 nerationem
384 1775 621 1809 ἀντιπελάργωσιν
636 1774 790 1806 nominant,
812 1772 890 1808 quasi
909 1772 985 1799 dicas

195 1822 452 1852 reciboniationem.
918 1809 921 1811 ’

229 1869 307 1900 Grati
325 1868 402 1896 liberi
422 1874 517 1902 ntagua
534 1867 638 1894 faciunt
654 1869 761 1900 patrum
778 1864 912 1893 cucomia.

232 1957 312 1994 152
325 1957 458 1992 Tlteologt'.
474 1957 550 1990 Quod
562 1957 706 1984 honestum
720 1960 761 1984 est
774 1961 911 1988 exerceto,
923 1954 986 1989 quia

193 2006 339 2035 honestum
355 2009 394 2032 est
410 2004 478 2038 patri
501 2010 596 2039 parere
610 2010 618 2036 ;
643 2002 750 2030 etiamsi
769 2001 835 2028 nihil
852 2001 924 2029 aliud
938 2001 985 2028 tibi

194 2059 374 2080 accessurum
394 2055 475 2082 esset,
495 2050 545 2076 hoc
560 2049 649 2084 ipsutn
664 2055 769 2076 merces
782 2052 823 2075 est
840 2048 909 2082 patri
925 2055 986 2082 gra-

195 2098 280 2125 tiﬁcar
287 2097 305 2124 i.

233 2142 262 2170 S.
278 2142 417 2177 C/trysosl.
438 2140 506 2174 Quia
527 2140 622 2166 cadent
640 2146 779 2172 mensura,
796 2142 826 2165 ut
840 2138 877 2164 ait
894 2137 986 2165 Duriti-

194 2196 259 2220 nus.
275 2189 302 2215 in
327 2195 436 2224 quaque
457 2194 485 2214 re
504 2185 622 2222 gerenda
639 2187 716 2213 nobis
734 2185 868 2217 redditur,
886 2192 986 2219 paren-

195 2241 238 2266 tes
251 2239 380 2270 tanquam
398 2233 526 2261 dominos
543 2233 680 2260 honorare
702 2231 851 2264 discamus,
872 2234 901 2257 ut
925 2234 953 2257 et
975 2238 989 2256 a

196 2280 303 2308 uestris
321 2281 444 2315 ipsortnn
461 2279 564 2306 honore
582 2276 734 2304 afﬁciantur
750 2275 854 2308 liberis,
869 2280 896 2302 et
910 2282 924 2301 a
939 2274 991 2301 Do-

198 2327 274 2356 mino
288 2327 313 2353 in
334 2325 387 2353 ltac
402 2333 430 2352 re
445 2324 585 2355 deﬁnitam
599 2321 752 2350 mercedem
776 2321 892 2356 amplam
923 2320 990 2351 reci-

197 2380 316 2407 ptamus.

236 2431 378 2464 Tanquam
403 2436 486 2456 verna
505 2427 676 2463 genitoribus
696 2427 749 2453 tuis
774 2425 875 2453 servito
893 2433 900 2451 :
926 2425 993 2458 quid

200 2475 275 2504 enim
288 2475 344 2502 il'is
356 2474 410 2502 tale
419 2474 528 2506 reddas,
550 2474 631 2509 quale
645 2473 680 2500 ab
698 2472 751 2499 illis
765 2471 909 2505 accepisti:l
926 2471 992 2498 Nam

202 2522 323 2554 vicissim
341 2528 470 2556 generare
486 2520 547 2548 illos
575 2527 623 2547 ‘lTn
642 2520 716 2546 licet.

237 2581 350 2608 Ariuol.
371 2579 491 2615 quuum
508 2583 550 2607 est
577 2582 607 2605 ut
631 2577 702 2604 ﬁlius
728 2577 814 2612 patris
840 2577 875 2603 sit
898 2582 994 2602 servus

204 2626 292 2660 magis
305 2632 388 2659 quam
408 2631 490 2651 terna
503 2631 511 2657 ;
526 2623 571 2651 ille
586 2623 657 2650 enim
671 2626 767 2649 natura
779 2620 864 2655 patris
878 2624 921 2648 est
935 2627 994 2647 ser-

204 2679 263 2706 vus,
276 2672 321 2699 hic
335 2671 402 2705 lege.

241 2731 379 2758 Isocratis.
409 2729 502 2755 Talem
528 2732 554 2754 te
585 2731 682 2761 prmsta
705 2725 876 2760 parentibus,
897 2724 994 2765 quales

203 2782 282 2812 optas
299 2777 347 2803 tibi
366 2775 515 2809 morigeros
532 2773 590 2800 fore
607 2772 718 2799 liberos.

238 2830 393 2858 Alexander
413 2837 460 2856 rex
477 2835 539 2855 ctttn
558 2828 782 2860 interrogaretur,
797 2831 888 2853 utrum
908 2826 995 2861 magis

205 2877 376 2913 desideraret
402 2881 508 2916 patrem
533 2873 704 2911 Philippum,
733 2880 767 2900 an
793 2873 992 2901 Aristotelem:

1032 250 1124 286 ἡμέρᾳ
1140 249 1296 285 προσευχῆς
1314 247 1396 274 αὑτοῦ
1414 245 1669 279 εἰσακουσθήσεται.
1691 243 1720 269 '0
1746 242 1826 274 δοξά-

1031 296 1084 328 ζων
1097 296 1202 330 πατέρα
1216 293 1458 330 μακροημερεύσει
1471 299 1477 307 ·
1494 290 1541 317 καὶ
1555 292 1569 316 ὸ
1586 290 1693 316 ἀκούων
1716 289 1827 322 Κυρίου

1031 343 1186 369 ἀναπαύσει
1202 341 1308 376 μητέρα
1325 338 1420 370 αὑτοῦ,
1435 337 1483 364 καὶ
1500 337 1537 368 ὼς
1553 336 1697 366 δεσπόταις
1710 334 1828 360 δουλεύ-

1033 397 1074 415 σει
1089 389 1145 419 τοῖς
1162 388 1327 421 γεννήσασιν
1343 385 1435 412 αὐτόν.
1458 384 1502 410 Ἐν
1514 384 1587 418 ἔργῳ
1604 382 1649 407 καὶ
1667 381 1738 415 λόγῳ
1754 379 1829 413 τίμα

1031 436 1077 461 τόν
1103 435 1210 469 πατέρα
1226 441 1285 465 σου,
1304 433 1347 459 ἵνα
1365 431 1467 467 ἐπέλθῃ
1483 438 1523 456 σοι
1552 428 1664 462 εὐλογία
1688 426 1753 461 παρ’
1777 426 1830 452 αὑ-

1033 480 1090 506 τοῦ.
1112 478 1230 513 Εὐλογία
1245 478 1301 513 γὰρ
1314 476 1417 512 πατρὸς
1436 475 1558 510 στηρίξει
1583 473 1675 503 οἴκους
1699 472 1806 498 τέκνων
1821 477 1829 484 ·

1034 526 1139 560 κατάρα
1157 525 1184 552 δὲ
1199 524 1302 560 μητρὸς
1317 524 1424 559 ὲκριζοῖ
1447 522 1572 557 θεμέλια.

1070 617 1182 648 Τέκνον.
1197 614 1340 642 ἀντιλοιΕοῦ
1356 615 1384 640 ὲν
1397 614 1471 649 γήρᾳ
1490 611 1593 647 πατρός
1616 619 1673 641 σου,
1701 608 1750 635 καὶ
1779 608 1831 634 ἐὰν

1034 663 1158 699 ἀπολίπῃ
1183 662 1301 693 σύνεσιν,
1323 660 1490 695 συγγνώμην
1519 658 1613 694 ἐχέτω,
1633 656 1680 682 καὶ
1703 655 1740 690 μὴ
1767 656 1816 680 ἁτι

1036 711 1124 745 μάσῃς
1137 710 1218 736 αὑτδιν
1236 710 1265 735 ὲν
1289 708 1364 745 πάσῃ
1383 707 1456 742 ισχὺῖ
1471 714 1527 732 σου.
1554 702 1743 739 Ἐλεημοσὺνη
1772 700 1831 735 γὰρ

1035 756 1139 792 πατρὸς
1157 755 1206 782 οὐκ
1219 754 1434 789 ὲπιλησθήσεται
1449 761 1456 767 ·
1473 751 1521 779 καὶ
1533 751 1570 782 ὡς
1582 751 1658 779 εὐδία
1684 749 1712 775 ὲν
1738 755 1829 780 παγε-

1034 803 1083 838 τῷ,
1097 802 1183 833 οὕτως
1198 800 1417 835 ἀναλυῦήσονται
1433 807 1479 826 σου
1495 799 1523 829 αι
1538 795 1682 831 ἁμαρτίαι.

1076 894 1119 920 Ἐν
1133 893 1181 929 ὅλῃ
1194 891 1293 927 καρδίᾳ
1308 900 1354 917 σου
1372 889 1483 922 δόξασον
1498 888 1543 916 τὸν
1560 887 1666 922 πατέρα
1693 894 1752 916 σου,
1780 885 1831 911 καὶ

1035 940 1138 976 μητρδς
1153 939 1255 966 ὠδίνων
1272 938 1309 972 μὴ
1325 936 1453 971 ὲπιλάθῃ.
1471 934 1615 969 Μνήσϐητι
1629 935 1669 960 ὅτι
1685 933 1721 959 δι’
1737 932 1804 958 αὖτ’·
1817 940 1832 956 ν

1033 986 1182 1021 εγεννήθης
1194 993 1201 1000 ·
1217 984 1264 1011 καὶ
1278 982 1516 1013 τῐάνταποδώσεις
1534 981 1635 1014 αὐτοῖς,
1660 979 1754 1010 καθὼς
1779 979 1830 1007 αὺ-

1034 1033 1076 1058 τοὶ
1094 1031 1135 1058 σοί
1147 1039 1155 1065 ;

1072 1079 1144 1114 Τίμα
1157 1078 1202 1105 τὸν
1217 1078 1322 1113 πατέρα
1341 1085 1386 1103 σου
1413 1076 1462 1103 καὶ
1490 1074 1539 1109 τὴν
1562 1073 1668 1109 μητέρα
1694 1081 1752 1104 σου,
1780 1073 1830 1098 καὶ

1035 1126 1130 1159 ἀγάπα
1144 1124 1189 1151 τὸν
1204 1124 1318 1159 πλησίον
1335 1132 1382 1150 σου
1397 1124 1435 1154 ὡς
1453 1122 1577 1149 σεαυτόν.

1071 1172 1171 1203 Τέκνα,
1191 1169 1344 1197 ὑπακούετε
1360 1170 1415 1201 τοῖς
1428 1168 1554 1204 γονεῦσιν
1569 1168 1647 1204 ὑμῶν
1660 1167 1728 1194 κατὰ
1756 1166 1831 1193 πάνυ

1035 1229 1078 1247 τα.
1093 1218 1178 1246 Τοῦτο
1192 1219 1246 1254 γάρ
1261 1219 1335 1245 ἔστιν
1348 1217 1494 1252 εὐάρεστον
1505 1215 1542 1251 τῷ
1559 1216 1666 1251 Κυρίῳ.

1077 1311 1109 1341 'H
1123 1310 1187 1345 περὶ
1202 1310 1264 1341 τοὶρς
1289 1310 1465 1345 γηράσαντας
1492 1309 1545 1335 τῶν
1567 1307 1713 1344 πελαργῶν
1736 1307 1832 1334 εὔνοια

1037 1355 1149 1390 ἐξαρκεῖ
1160 1355 1223 1386 τοὺς
1242 1355 1338 1386 παῖδας
1356 1355 1444 1390 ἡμῶν,
1463 1356 1487 1380 εὶ
1504 1354 1650 1389 προσέχειν
1676 1353 1829 1388 βούλοιντο.

1038 1402 1225 1437 φιλοπάτορας
1239 1401 1422 1435 καταστῆσαι.
1437 1401 1548 1432 Πάντως
1561 1401 1616 1435 γάρ
1629 1401 1717 1431 οὐδεὶς
1743 1400 1831 1431 οὕτως

1038 1449 1171 1475 ἐλλείπων
1191 1447 1261 1474 κατὰ
1275 1447 1323 1481 τὴν
1340 1447 1483 1482 φρόνησιν,
1498 1446 1536 1478 ὡς
1551 1447 1588 1481 μὴ
1607 1446 1737 1480 αἰσχύνης
1755 1445 1832 1477 ἄξιον

1039 1492 1108 1520 ιῖναι
1125 1493 1238 1527 κρίνειν,
1262 1493 1317 1519 τῶν
1345 1492 1453 1526 ἀλόγων
1477 1491 1591 1524 ὀρνίθων
1617 1492 1743 1527 ὑστερεῖν
1772 1492 1834 1518 κατ’

1038 1539 1149 1574 ἀρετήν.
1160 1538 1275 1565 Ἐκεῖνοι
1286 1538 1352 1573 γὰρ,
1365 1538 1410 1564 τὸν
1426 1539 1531 1572 πατέρα
1544 1538 1596 1565 ὑπὸ
1608 1539 1701 1573 γήρως
1716 1539 1833 1572 πτερορ-

1041 1587 1184 1622 ῥυήσαντα
1198 1585 1376 1620 περιστάντες
1395 1585 1423 1611 ὲν
1436 1584 1541 1619 κύκλῳ,
1556 1585 1612 1616 τοῖς
1627 1585 1741 1615 οἰκείοις
1768 1593 1834 1611 πτε-

1041 1633 1097 1667 ροῖς
1113 1631 1322 1668 περιθάλπουσι,
1338 1630 1385 1657 καὶ
1404 1630 1452 1661 τὰς
1468 1631 1572 1665 τροφὰς
1595 1631 1720 1664 ἀφθόνως
1742 1639 1834 1665 παρα-

1041 1677 1231 1709 σκευάζοντες,
1250 1677 1299 1711 τὴν
1312 1675 1428 1711 δυνατὴν
1446 1677 1491 1702 καὶ
1508 1677 1537 1702 ἐν
1562 1677 1595 1711 τῇ
1617 1676 1717 1711 πτήσει
1744 1676 1833 1708 παρέ-

1039 1730 1132 1757 χονται
1148 1721 1284 1757 βοήθειαν,
1300 1722 1392 1758 ἠρέμα
1407 1723 1461 1749 τῶν
1476 1722 1622 1757 πτερύγων
1642 1722 1834 1755 ἐπικουφίζον-

1040 1777 1084 1800 τες
1098 1768 1279 1804 ἑκατέρωθεν.
1296 1769 1350 1796 Καὶ
1363 1768 1451 1800 οὕτως
1464 1767 1515 1804 τὴν
1529 1767 1584 1796 τῶν
1602 1768 1834 1804 εὐεργετημάτων

1040 1815 1177 1843 ἀντίδοσιν
1187 1815 1426 1850 άντιπελάργωσιν
1442 1814 1633 1850 ὀνομάζουσιν.

1076 1861 1253 1896 Εὺγνώμονες
1266 1862 1362 1893 παῖδες
1374 1861 1482 1897 μεγάλα
1498 1861 1607 1888 ποιοῦσι
1622 1861 1655 1888 τὰ
1676 1861 1732 1888 τῶν
1747 1862 1833 1888 πατέ-

1042 1918 1096 1944 ρων
1107 1908 1242 1944 ἐγκώμια.

1077 1955 1214 1990 Ἐργασαι
1227 1956 1257 1981 τὸ
1272 1955 1364 1988 καλὸν,
1377 1955 1419 1982 ὅτι
1434 1955 1516 1982 καλὸν
1527 1954 1566 1989 τῷ
1579 1955 1662 1989 πατρὶ
1671 1954 1815 1981 πείθεσθαι
1828 1962 1836 1969 ·

1041 2002 1088 2027 καὶ
1105 2001 1130 2028 ετ
1146 2010 1187 2027 σοι
1211 2001 1295 2035 μηδὲν
1320 2000 1431 2028 ἔσεσθαι
1458 2001 1562 2036 μέλλοι,
1591 2000 1670 2027 τοῦτο
1694 2001 1760 2027 αὐτὸ
1791 2009 1836 2035 μι-

1042 2046 1115 2078 σθὸς,
1134 2047 1164 2073 τὸ
1181 2048 1265 2081 πατρὶ
1282 2046 1453 2082 χαρίζεσθαι.

1083 2137 1127 2170 Ὠς
1139 2138 1194 2169 τοῖς
1211 2137 1301 2168 αὐτοῖς
1319 2137 1440 2172 μέτροι;,
1453 2136 1525 2163 κατὰ
1537 2137 1585 2173 τὴν
1598 2136 1644 2167 τοῦ
1660 2137 1765 2171 Κυρὶου
1778 2146 1836 2171 φω-

1041 2184 1099 2219 νὴν,
1115 2183 1158 2219 ἐφ’
1174 2183 1281 2218 ἑκάστῳ
1294 2182 1349 2210 τῶν
1364 2183 1557 2217 πραττομένων
1579 2182 1773 2217 μετρούμενοι,
1788 2183 1839 2216 μά-

1005 2232 1029 2262 D
1045 2230 1137 2265 Οωμεν
1153 2230 1191 2261 ὡς
1207 2230 1342 2261 δεσπότας
1354 2229 1436 2264 τιμᾷν
1450 2230 1549 2263 γονεῖς,
1567 2229 1612 2255 ἶνα
1622 2230 1670 2255 καὶ
1699 2229 1752 2255 ὑπὸ
1783 2230 1838 2255 τῶν

1045 2275 1117 2302 ιίίων
1134 2275 1295 2310 τιμηθῶμεν
1314 2275 1425 2307 παίδων,
1442 2275 1489 2301 καὶ
1503 2275 1549 2300 τὸν
1565 2275 1639 2309 παρὰ
1665 2274 1712 2301 τοῦ
1727 2275 1835 2310 Κυρίου

1043 2322 1194 2357 ὡρισμένον
1208 2321 1254 2348 ἐπὶ
1270 2321 1356 2355 τούτῳ
1374 2321 1501 2350 πλούσιον
1515 2321 1613 2356 μισθὸν
1638 2322 1834 2356 ἀπολάϐωμεν.

1087 2423 1132 2455 Ὠς
1143 2424 1250 2458 οἰκέτης
1265 2425 1410 2451 δούλευσον
1424 2426 1480 2457 τοῖς
1495 2424 1644 2459 γεννήσασι
1662 2433 1704 2452 σε.
1722 2424 1756 2451 TE
1784 2426 1838 2460 γὰρ

1045 2471 1248 2502 ἀνταποδὼσεις
1262 2472 1352 2503 αὐτοῖς
1368 2470 1411 2498 οἷοι
1439 2472 1517 2498 αὐτοὶ
1547 2472 1607 2504 cal;
1642 2473 1841 2508 άντιγεννῆσαι

1045 2517 1099 2551 γάρ
1112 2517 1212 2549 αὐτοὺς
1227 2517 1275 2544 οὐκ
1290 2517 1339 2544 ἔνι.

1081 2575 1141 2611 Χρὴ
1156 2575 1201 2602 τὸν
1216 2575 1272 2601 υξὸν
1287 2575 1379 2601 δοῦλον
1404 2572 1475 2600 εἶναι
1492 2573 1540 2600 τοῦ
1563 2574 1666 2608 πατρὸς
1690 2575 1707 2610 ἦ
1730 2576 1778 2602 τὸν
1803 2577 1843 2602 οἰ-

1046 2621 1139 2656 κέτην.
1163 2621 1192 2646 '0
1207 2620 1256 2656 μὲν
1267 2621 1322 2656 γὰρ
1334 2620 1411 2655 φύσει
1422 2620 1468 2646 τοῦ
1483 2620 1587 2659 πατρδς
1602 2620 1694 2652 δοῦλός
1716 2622 1803 2655 ἐστιν,
1828 2623 1842 2649 ὁ

1046 2668 1073 2693 δὲ
1089 2667 1173 2700 νόμῳ.

1084 2721 1210 2752 Τοιοῦτος
1225 2721 1301 2754 γίνου
1320 2722 1382 2756 περὶ
1408 2722 1470 2753 τοὺς
1489 2724 1588 2755 γονεῖς,
1609 2722 1683 2753 οἴους
1698 2722 1731 2749 ἂν
1747 2722 1841 2758 εὔξαιο

1048 2769 1112 2804 περὶ
1126 2768 1240 2795 σεαυτὸν
1256 2768 1382 2802 γενέσθαι
1394 2769 1456 2799 τοὺς
1471 2768 1570 2795 σαυτοῦ
1587 2769 1696 2800 παῖδας.

1089 2825 1262 2860 Ἀλέξανδρος
1276 2825 1290 2851 ὁ
1311 2825 1447 2859 βασιλεὺς,
1465 2825 1627 2860 ιρωτηθεὶς,
1657 2827 1720 2853 τίνα
1739 2827 1841 2861 μᾶλλον

1048 2871 1135 2905 ποθεῖ,
1153 2870 1198 2901 τὸν
1213 2870 1318 2905 πατέρα
1332 2870 1463 2904 Φίλιππον
1480 2869 1496 2905 ἢ
1517 2869 1720 2906 Ἀριστοτέλην,
1735 2871 1789 2901 Τὸν
1803 2872 1842 2898 ξι.
