1940 3104
135 143 203 177 1049

543 143 631 174 LOCI
651 138 874 173 COMMUNES.
891 150 924 155 ·-
945 137 1039 168 PARS
1057 137 1099 168 ΙΙ.
1120 135 1248 165 SEllMO
1269 133 1354 164 XllI.

1695 131 1764 163 1051

133 198 277 232 δάσκαλον,
296 198 348 234 ἔφη
365 206 372 213 ·
390 199 405 226 ὀ
425 198 475 234 μὲν
499 198 554 233 γὰρ
577 197 624 224 τοῦ
639 195 778 231 γενέσθαι,
797 194 810 219 ὁ
830 193 857 219 δὲ
878 190 923 218 τοῦ

1003 191 1149 226 agistrum,
1172 189 1259 224 inquit
1274 197 1281 222 ;
1299 189 1344 215 ille
1367 188 1438 215 enim
1454 193 1483 216 ut
1498 195 1596 218 essem.
1614 185 1656 213 hic
1673 190 1762 212 autem

134 246 222 277 καλῶς
239 246 365 279 γενέσθαι
381 246 479 277 αἴτιος.

175 290 203 317 '0
220 291 301 323 αὐτὸς
320 291 390 326 βαρύ
400 300 426 318 τι
438 290 636 324 ἐπιταττούσης
649 288 723 323 αὐτῷ
735 288 784 319 τῆς
818 285 921 320 μητρὸς

139 337 331 371 ’0).υμπιάδο;,
350 337 421 373 ἔφη·
439 335 474 363 Ὦ
498 337 596 371 μῆτερ,
626 334 724 370 πικρόν
747 342 780 368 με
805 332 921 358 ἐνοίκιον

133 383 180 417 τῆς
193 383 392 418 ὲννεαμηναίου
411 383 548 414 ἀπαιτεῖς.

167 430 248 462 Οἵους
264 429 297 456 ἂν
312 430 423 464 ἐράνους
435 429 551 464 ἐνέγκῃς
566 429 621 459 τοῖς
636 426 758 461 γονεῦσι,
784 423 921 454 τοιούτους

134 477 213 508 αὐτὸς
237 477 266 503 ὲν
291 476 331 511 τῷ
356 477 432 512 γήρᾳ
454 475 531 510 παρὰ
560 475 614 502 τῶν
639 473 772 500 τεκόντων
793 469 920 507 [τέκνων]

134 521 294 556 προσδέχου.

135 572 230 602 Ὅστις
246 571 274 597 δὲ
287 571 350 602 τοὺς
366 571 498 601 τεκόντας
514 570 543 595 ἑν
556 568 606 604 βίῳ
623 568 709 599 σέὸει,

140 617 168 643 '0
184 616 207 643 δ’
221 618 278 643 ἐστὶ
292 617 340 644 καὶ
361 617 417 649 ζῶν
434 616 480 642 καὶ
496 614 585 642 Θανὼν
601 614 668 641 Θεοῦ
684 613 771 648 φίλος.

135 664 191 690 Οὐκ
204 663 262 690 ἐστι
280 664 359 690 παισὶ
376 663 471 688 τούτου
487 661 597 688 κάλλιον
613 661 708 696 γέρας,

136 710 170 735 Ἦ
186 709 289 744 πατρὸς
299 708 394 735 ἐσθλοῦ
408 707 532 741 κάγαθοῦ
559 705 724 740 πεφυκέναιι

135 755 189 781 Καὶ
204 756 259 786 τοῖς
273 754 400 781 τεκοῦσιν
416 754 493 787 ἀξίαν
507 753 591 788 τιμὴν
606 752 708 787 νέμειν.

168 843 260 869 Σόλων
276 843 425 878 ἐρωτηθεὶς
440 841 510 868 διατι
528 839 599 867 κατὰ
615 839 670 866 τῶν
686 838 842 866 τυπτόντων
858 839 921 870 τοὺς

133 888 255 922 πατέρας
268 888 406 922 ἐπιτίμιον
421 887 469 921 οὐχ
480 885 591 921 ὥρισεν,
608 884 659 920 ἔφη
671 892 679 900 '
698 884 760 910 Ὅτι
788 884 837 918 οὐχ
853 883 921 909 ὑπέ-

133 935 215 962 λαϐον
228 934 369 964 τοιούτους
388 933 463 964 τινὰς
480 932 600 959 Euneon.

169 980 298 1016 Γαμὸροῦ
313 982 326 1006 ὁ
342 980 391 1015 μὲν
407 979 544 1014 ἐπιτυχὼν
559 977 639 1013 εὗρεν
657 978 725 1009 υἱον,
743 977 756 1003 ὁ
780 976 807 1003 δὲ
823 977 923 1003 ἀποτυ-

133 1027 189 1063 χὼν
204 1027 330 1053 ἀπώλεσε
343 1026 388 1052 καὶ
403 1026 550 1059 θυγατέρα.

169 1075 233 1105 Τοῖς
248 1073 374 1107 γονεῦσιν
389 1073 449 1103 ἴσας
465 1071 532 1106 πρὸς
553 1071 613 1099 ἴσας
638 1069 783 1097 ἀποδοῦναι
809 1069 924 1104 χάριτας

134 1121 187 1147 τῶν
198 1120 348 1147 ἀδυνάτων.
371 1117 576 1153 Ἀντιγεννῆο-αι
587 1117 641 1152 γὰρ
659 1117 708 1150 οὐχ
726 1114 781 1142 οἶόν
795 1123 835 1141 τε.

431 1221 541 1248 ΛΟΓΟΣ
572 1218 623 1246 1Β’.

135 1271 205 1305 Περὶ
223 1268 412 1303 πατραλοιῶν
431 1265 699 1311 καῌιτζτραλοιῶν,
715 1265 764 1292 καὶ
779 1265 839 1291 ὅσα
853 1263 925 1299 ἔψε-

400 1311 447 1329 ται
457 1309 560 1334 αυτοις
571 1309 660 1328 uana.

171 1353 220 1387 ’ος
233 1351 330 1379 τύπτει
346 1350 454 1385 πατέρα
469 1347 564 1380 αὐτοῦ,
581 1347 688 1381 θανάτῳ
705 1345 894 1374 θανατοὺσθω.

175 1444 206 1470 '0
221 1441 379 1476 κακολογῶν
396 1441 504 1476 πατέρα
519 1440 603 1467 αὐτοῦ
621 1439 637 1474 ἢ
656 1438 762 1475 μητέρα
778 1436 860 1464 αὐτοῦ
877 1437 927 1464 θα-

135 1492 208 1526 νάτῳ
224 1490 387 1517 τελευτάτω.

177 1537 394 1571 Ἐπικατάρατος
409 1535 463 1566 πᾶς
478 1535 491 1561 ὁ
505 1533 646 1569 ἀτιμάζων
662 1533 769 1567 πατέρα
793 1531 878 1559 αὐτοῦ
907 1531 924 1568 ἢ
940 1548 962 1578 c

136 1586 243 1621 μητέρα
254 1584 336 1611 αὑτοῦ
353 1591 359 1597 ·
376 1582 423 1609 καὶ
435 1582 492 1616 ἐρεῖ
504 1582 558 1611 πᾶς
567 1581 581 1606 ὁ
593 1580 667 1612 λαδῄ,
680 1579 797 1611 Γένοιτο,
809 1579 924 1613 γένοιτο.

170 1675 234 1706 Υἱὸς
247 1673 362 1708 ἀνήκοος
378 1672 406 1698 ὲν
419 1670 542 1704 ἀπωλείᾳ
555 1669 641 1696 ἔσται.

176 1723 205 1749 ’0
219 1719 359 1756 ἀτιμάζων
371 1717 477 1753 πατέρα
490 1716 584 1749 αὑτοῦ,
596 1716 643 1742 καὶ
656 1714 853 1750 ἀπωθούμενος
868 1723 920 1749 μη-

134 1769 203 1803 τέρα
233 1765 328 1799 αὑτοῦ,
359 1763 634 1799 καταισχυνθήσεται,
667 1762 713 1789 καὶ
741 1761 925 1792 ἐπονείδιστος

135 1815 222 1842 ἔσται.

173 1856 396 1892 Κακολογοῦντος
422 1855 530 1890 πατέρα
558 1854 575 1889 ἢ
607 1853 713 1888 μητέρα.
742 1851 925 1887 σσεσθήσεται

135 1905 267 1940 λαμπτήρ
279 1911 287 1920 ⁸
301 1904 330 1931 αἱ
343 1903 371 1930 δὲ
389 1902 469 1938 κόραι
488 1901 542 1928 τῶν
557 1899 706 1935 ὀφθαλμῶν
718 1898 800 1926 αὐτοῦ
815 1897 924 1933 Macr-rat

137 1951 244 1981 σκότος.

174 1998 224 2027 '0;
236 1994 420 2023 ἀποϐάλλεται
433 1992 542 2027 πατέρα
554 1991 571 2026 ἢ
588 1991 706 2025 μητέρα,
733 1989 782 2016 καὶ
798 1989 873 2015 δοκεῖ
888 1988 926 2024 μὴ

135 2042 317 2079 ἁμαρτάνειν,
337 2036 415 2070 οὗτος
429 2037 558 2068 κοινωνός
572 2037 647 2062 ἐστιν
660 2036 756 2070 ἀνδρὸς
771 2034 899 2064 ἀσεϐοῦς.

172 2089 230 2116 Οὐκ
246 2085 423 2122 εὐφραίνεται
439 2083 530 2118 πατὴρ
547 2083 594 2109 ἐπὶ
614 2082 666 2116 υίῷ
680 2081 846 2116 ἀπαιδεύτῳ.
861 2080 927 2112 Υἱὸς

133 2135 165 2163 δὲ
179 2134 310 2170 φρόνιμος
324 2131 466 2166 εὐφραίνει
480 2130 586 2165 μητέρα
601 2127 696 2155 αὐτοῦ.

173 2181 258 2216 Ὀργὴ
271 2181 357 2215 πατρὶ
372 2178 430 2209 υίὸς
443 2177 550 2212 ἄφρων,
571 2175 619 2201 καὶ
644 2174 724 2209 ὀδύνη
745 2174 779 2208 τῇ
808 2171 926 2208 τεκούσῃ

135 2228 229 2255 αὐτόν.

176 2274 222 2304 Ὧς
238 2272 399 2308 βλάσφημος
425 2270 439 2296 ὁ
466 2267 672 2302 ἐγκαταλείπων
701 2265 808 2301 πατέρα
830 2263 925 2297 αὑτοῦ,

135 2320 184 2346 καὶ
204 2317 396 2352 κατηραμένος
413 2314 466 2341 ὑπὸ
484 2312 586 2349 Κυρίου
605 2313 619 2338 ὁ
634 2310 812 2346 παροργίζων
842 2309 927 2345 μητέ-

137 2374 172 2401 ρα
199 2363 294 2391 αὐτοῦ.

172 2410 219 2446 Μὴ
233 2409 346 2442 δοξάζον
361 2408 390 2434 ὲν
405 2406 503 2441 ἀτιμίᾳ
519 2404 623 2439 πατρός
638 2411 696 2429 σου.
720 2401 754 2429 Ἦ
780 2401 833 2437 γὰρ
864 2400 927 2433 δόξα

135 2457 290 2490 ἀνθρώπων
303 2456 334 2480 ἐκ
344 2454 427 2488 τιμῆς
442 2452 544 2487 πατρὸς
559 2450 662 2478 αὐτῶν.

174 2504 206 2529 0i
219 2502 320 2536 γονέων
338 2498 500 2533 ἁλογοῦντες
523 2497 658 2531 ἑκατέρας
674 2494 783 2530 μερίδος
799 2493 868 2520 εἰσὶν
883 2493 927 2528 ἑχ-

138 2549 208 2584 θροὶ,
225 2548 271 2575 καὶ
288 2547 337 2581 τῆς
353 2545 421 2580 πρὸς
438 2544 505 2570 Θεδν
518 2544 567 2570 καὶ
582 2543 631 2577 τῆς
644 2542 714 2577 πρὸς
724 2540 895 2575 ἀνθρώπους.

439 2635 550 2662 ΛΟΓΟΣ
580 2633 629 2660 II".

386 2682 455 2716 Περὶ
488 2682 554 2709 υἱοῦ
569 2678 679 2715 σοφοῦ.

173 2730 238 2761 Υίὸς
253 2729 334 2763 σοφὸς
346 2728 487 2764 εὐφραίνει
510 2727 615 2763 πατέρα
628 2726 723 2753 αὑτοῦ.
750 2724 813 2757 Υίδς
836 2723 928 2759 φρόνι-

139 2783 190 2811 μος
203 2775 344 2810 εὐφραίνει
362 2774 468 2809 μητέρα
493 2773 587 2800 αὐτοῦ.

177 2822 371 2858 Εὐφραινέσοω
384 2823 397 2848 ὁ
414 2821 504 2856 πατὴρ
521 2821 568 2848 καὶ
582 2821 597 2855 ἡ
616 2819 708 2855 μήτηρ
723 2818 770 2846 ἐπὶ
789 2818 829 2845 σοί
841 2824 849 2832 ”
881 2817 926 2844 καὶ

139 2869 258 2909 χαιρέτω
273 2871 289 2905 ἡ
305 2868 420 2897 τεκοῦσά
448 2877 485 2895 σε.

971 241 1000 264 οι
1016 237 1145 271 prreclare
1162 236 1302 263 institutus
1319 243 1408 262 essem
1424 239 1518 261 auctor
1535 234 1595 261 fuit.

1008 283 1079 310 ltlem
1095 291 1155 310 cum
1173 287 1261 309 mater
1277 281 1417 317 Olympias
1429 281 1454 308 ei
1471 281 1573 314 aliquid
1591 279 1700 314 gravius
1715 279 1764 304 im-

972 333 1104 364 peraret:
1131 329 1278 361 Acerbum,
1303 337 1319 356 ο
1345 332 1441 360 mater,
1469 327 1566 362 inquit,
1591 333 1639 359 pro
1667 331 1762 352 novem

971 376 1107 402 mensimn
1133 383 1216 402 onere
1234 374 1388 402 mercedem
1402 374 1499 408 exigis.

1009 420 1123 447 Melesii.
1139 419 1237 453 Qualia
1252 420 1278 447 in
1297 424 1423 455 parentes
1446 418 1597 446 contuleris
1611 417 1744 446 beneﬁcia
1754 437 1763 450 ,

973 466 1036 494 talia
1054 467 1080 493 iu
1097 470 1239 494 senectute
1254 473 1268 492 a
1286 466 1380 493 liberis
1396 469 1536 500 exspecta.

1012 556 1112 583 Vivens
1128 561 1256 589 parentes
1271 555 1318 590 qui
1333 555 1409 587 colit,

1011 602 1131 630 Futurus
1144 607 1186 629 est
1206 608 1299 637 gratus
1315 602 1368 628 [)eo
1385 602 1461 627 vivus
1477 600 1612 633 simulque
1631 603 1764 625 mortuus.

1009 647 1062 675 Nec
1084 649 1224 682 prtemium
1241 647 1325 674 ullntn
1342 652 1383 674 est
1394 646 1486 673 liberis
1500 645 1654 674 honestius,

1009 695 1096 727 Quam
1117 696 1138 721 si
1153 694 1238 730 probo
1253 698 1402 721 nascantur
1418 698 1445 719 et
1460 692 1575 718 honesto
1593 694 1678 724 patre,

1011 741 1160 777 Dignisque
1174 745 1301 775 parentes
1318 739 1436 766 aliiciant
1454 737 1616 764 honoribus.

1287 784 1458 822 (Euripidis)

1012 834 1095 862 Solon
1113 834 1311 869 interrogatus,
1329 839 1380 860 cur
1406 831 1494 857 nullas
1516 835 1611 864 pmnas
1634 827 1766 855 adversus

937 868 960 898 Β
975 889 1023 909 eos
1050 880 1097 915 qui
1118 884 1207 915 patres
1225 868 1417 906 verberasset»:
1442 875 1632 902 constituisset
1657 882 1664 900 :
1688 872 1764 905 Quod

974 927 1076 958 nullos,
1086 926 1185 960 inquit,
1203 925 1271 952 tales
1288 924 1440 951 exstituros
1455 921 1660 948 existimabam.

1009 973 1145 1000 Generum
1164 976 1270 1004 nactus,
1287 969 1371 996 lilium
1396 967 1499 995 invenit
1520 974 1529 992 ε
1554 970 1580 992 at
1596 966 1644 1000 qui
1665 965 1766 991 malum

974 1024 1072 1046 nactus
1089 1023 1140 1050 est,
1158 1017 1276 1052 perdidit
1291 1019 1318 1043 et
1332 1015 1427 1041 tiliam.

1012 1065 1143 1092 Philonis.
1160 1063 1323 1091 Parentibus
1339 1069 1388 1095 par
1401 1059 1488 1094 gratia
1506 1057 1582 1085 reddi
1597 1057 1670 1083 nullo
1686 1055 1767 1082 modo

976 1115 1067 1145 potest
1085 1118 1093 1137 :
1111 1117 1174 1137 nam
1203 1107 1322 1135 vicissim
1347 1112 1394 1133 eos
1421 1110 1553 1140 generare
1574 1101 1688 1129 omnino
1712 1107 1766 1127 non

975 1158 1050 1185 licet.

1173 1209 1290 1239 δεξιΜο
1311 1208 1359 1236 Χιι
1379 1207 1430 1244 [ἀί.
1441 1205 1571 1242 CXXIX].

978 1263 1015 1289 De
1029 1260 1169 1291 patricidis
1185 1263 1209 1286 et
1226 1257 1388 1317 matricidisl,
1403 1260 1428 1282 et
1441 1262 1499 1289 qua:
1512 1261 1555 1294 eos
1577 1255 1699 1279 secutura
1713 1248 1767 1276 sint

1328 1300 1371 1317 ma
1386 1300 1411 1317 α.

1328 1300 1411 1318 mata.

1013 1342 1100 1369 Exod.
1117 1348 1172 1368 ut.
1196 1339 1248 1373 Qui
1278 1342 1383 1373 patrem
1408 1341 1488 1362 suum
1513 1333 1651 1366 verberat,
1681 1335 1769 1358 morte

977 1388 1121 1415 multetur.

1012 1434 1097 1461 Leuit.
1112 1441 1157 1460 xx.
1175 1432 1227 1465 Qui
1243 1430 1313 1465 patri
1328 1433 1373 1457 aut
1391 1427 1471 1455 tnatri
1496 1424 1645 1456 maledicit,
1669 1422 1767 1449 mortis

978 1481 1113 1518 supplicio
1126 1479 1270 1508 abiciatur.

1015 1517 1092 1555 Deut.
1118 1532 1204 1553 xxvn.
1229 1521 1420 1551 Exsecrandus
1445 1517 1572 1554 quisquis
1592 1520 1694 1551 patrem
1719 1517 1766 1540 aut

978 1577 1092 1601 matrem
1106 1570 1254 1607 ignominia
1270 1568 1352 1596 allicit
1370 1575 1377 1594 :
1394 1570 1510 1594 cunctus
1525 1569 1614 1591 autem
1633 1561 1763 1597 populus,

977 1620 1049 1652 Fiat,
1071 1618 1186 1653 inquiet,
1202 1616 1258 1643 iiut.

1016 1665 1101 1692 Filius
1116 1663 1226 1691 rebellis
1242 1661 1340 1688 misere
1357 1658 1467 1694 peribit.

1016 1709 1093 1738 Prov.
1108 1717 1145 1737 vt.
1162 1709 1213 1742 Qui
1229 1712 1331 1742 patrem
1349 1712 1429 1733 suum
1443 1702 1599 1733 dedecorat,
1614 1705 1640 1728 et
1652 1701 1765 1726 matrem

977 1765 1056 1786 suam
1072 1755 1190 1792 repellit,
1208 1753 1409 1790 ignominiosus
1424 1754 1451 1778 et
1464 1749 1613 1785 probrosus
1633 1748 1695 1774 erit.

1013 1858 1114 1885 Lumen
1133 1855 1323 1890 exstinguetur
1337 1853 1407 1888 ejus,
1421 1853 1467 1887 qui
1481 1852 1507 1880 in
1525 1851 1603 1887 153
1619 1855 1723 1886 patrem
1739 1854 1766 1877 et

977 1907 1094 1931 matrem
1119 1902 1261 1928 maledicta
1285 1899 1476 1935 congesserit,
1496 1904 1522 1926 et
1543 1898 1686 1926 oculorum
1705 1897 1764 1932 ejus

978 1949 1088 1985 pupillae
1104 1947 1230 1975 tenebras
1246 1945 1404 1980 aspicient.‘

1013 1996 1062 2028 Qui
1080 1999 1183 2030 patrem
1206 1988 1252 2019 aint
1268 1995 1384 2019 matrem
1401 1989 1499 2025 reiicit,
1520 1993 1548 2016 et
1568 1992 1645 2024 putat
1663 1995 1693 2015 se
1709 1995 1763 2014 nun

978 2049 1104 2077 peccare,
1118 2040 1141 2067 is
1156 2043 1197 2066 est
1214 2039 1265 2066 viri
1282 2037 1357 2072 impii
1378 2037 1482 2064 socius.

1014 2087 1084 2114 Filio
1108 2085 1248 2113 inerudito
1262 2088 1289 2111 et
1307 2091 1362 2111 non
1374 2082 1508 2117 castigato
1525 2085 1602 2116 pater
1619 2088 1671 2107 non
1688 2080 1764 2107 laeta-

978 2134 1071 2166 bitur;
1090 2137 1117 2159 at
1134 2131 1254 2167 puniens
1271 2130 1344 2157 ﬁlius
1366 2129 1459 2156 Izetitia
1476 2127 1574 2154 allicict
1591 2131 1717 2153 matrem.

1012 2179 1100 2206 Filius
1114 2177 1250 2212 insipiens
1271 2181 1367 2202 auctor
1388 2178 1430 2200 est
1451 2178 1478 2200 ut
1498 2179 1606 2207 semper
1627 2171 1763 2198 irascatur

941 2225 963 2252 D
980 2229 1068 2261 pater,
1088 2228 1115 2251 et
1131 2223 1249 2258 genitrix
1267 2221 1364 2248 dolore
1379 2219 1524 2246 ailiciatur.

1014 2269 1099 2296 Eccli.
1119 2276 1161 2294 Ill.
1182 2266 1234 2299 Qui
1251 2270 1357 2301 patrem
1379 2271 1458 2292 suum
1480 2261 1594 2293 deserit,
1612 2261 1711 2288 similis
1722 2265 1764 2288 est

977 2314 1079 2344 summi
1094 2313 1141 2341 Dei
1156 2311 1357 2343 conviciatori;
1380 2315 1407 2337 et
1433 2309 1478 2343 qui
1503 2310 1617 2334 matrem
1642 2307 1675 2334 ad
1697 2307 1764 2334 iram

978 2365 1121 2397 provocat,
1139 2359 1253 2386 Domino
1270 2356 1456 2384 exsecrandus
1474 2358 1526 2381 est.

1015 2406 1149 2434 Philonis.
1173 2405 1201 2432 ln
1224 2404 1310 2439 patris
1328 2401 1479 2438 ignominia
1505 2408 1560 2427 non
1578 2404 1620 2427 est
1643 2399 1765 2434 glorian-

978 2453 1042 2480 dum
1058 2462 1066 2480 :
1085 2459 1134 2480 sua
1149 2451 1221 2478 cnim
1234 2449 1333 2484 cuique
1345 2448 1432 2482 gloria
1445 2454 1478 2474 ex
1491 2446 1578 2480 patris
1595 2445 1700 2473 honore
1712 2449 1764 2473 est.

1016 2497 1106 2525 Liberi
1144 2500 1289 2531 parentum
1324 2494 1458 2521 rationem
1489 2499 1543 2519 non
1575 2491 1706 2518 habentes
1738 2490 1765 2516 in

979 2550 1123 2578 utramque
1147 2547 1266 2577 partem,
1286 2545 1344 2567 tum
1370 2541 1424 2567 l'leo
1447 2545 1504 2566 tum
1522 2537 1681 2565 hominibus
1701 2541 1766 2563 sunt

978 2589 1079 2617 odiosi.

1158 2632 1273 2661 SEitlllO
1304 2632 1361 2660 Xlli
1390 2631 1439 2668 [ιιι.
1466 2630 1589 2666 CXXX].

1238 2679 1276 2706 De
1296 2679 1352 2713 [ilio
1368 2679 1495 2712 sapiente.

1019 2725 1100 2753 Prov.
1121 2733 1166 2753 xv.
1187 2724 1274 2752 Filius
1300 2725 1410 2760 sapiens
1429 2728 1534 2758 patrem
1561 2721 1644 2748 allicit
1659 2718 1764 2747 laetitia.

982 2771 1068 2800 Filius
1084 2771 1204 2806 prudens
1220 2772 1301 2798 aiilcit
1330 2771 1421 2797 latitia
1443 2774 1568 2796 ntatrcm.

1016 2817 1136 2845 Lmtctur
1151 2815 1184 2844 o'c
1202 2821 1226 2844 te
1245 2821 1323 2851 pater
1341 2823 1364 2842 et
1386 2820 1482 2846 mater,
1501 2817 1527 2840 et
1541 2820 1603 2847 quae
1619 2817 1644 2840 te
1659 2810 1766 2846 peperit

981 2864 1107 2898 gaudeat.
