  <div class='ocr_page' id='page_1' title='image "/cluster/home/n/w/nwhite01/storage/ocr_20150623/136/njp.32101010942827/562.png"; bbox 0 0 1940 3104; ppageno 0'>
   <div class='ocr_carea' id='block_1_1' title="bbox 117 112 177 145">
    <p class='ocr_par' dir='ltr' id='par_1_1' title="bbox 117 112 177 145">
     <span class='ocr_line' id='line_1_1' title="bbox 117 112 177 145; baseline 0 0"><span class='ocrx_word' id='word_1_1' title='bbox 117 112 177 145; x_wconf 71' lang='lat'><strong>1061</strong></span> 
     </span>
    </p>
   </div>
   <div class='ocr_carea' id='block_1_2' title="bbox 515 112 1329 146">
    <p class='ocr_par' dir='ltr' id='par_1_2' title="bbox 515 112 1329 146">
     <span class='ocr_line' id='line_1_2' title="bbox 515 112 1329 146; baseline 0.004 -3"><span class='ocrx_word' id='word_1_2' title='bbox 515 112 601 144; x_wconf 85' lang='lat' dir='ltr'><strong>LOCI</strong></span> <span class='ocrx_word' id='word_1_3' title='bbox 615 112 840 146; x_wconf 81' lang='lat' dir='ltr'><strong>COMMUNES.</strong></span> <span class='ocrx_word' id='word_1_4' title='bbox 863 125 897 131; x_wconf 88' lang='grc'>-·</span> <span class='ocrx_word' id='word_1_5' title='bbox 915 113 1014 145; x_wconf 78' lang='lat' dir='ltr'><strong>PARS</strong></span> <span class='ocrx_word' id='word_1_6' title='bbox 1034 113 1078 146; x_wconf 87' lang='lat' dir='ltr'><strong>ll.</strong></span> <span class='ocrx_word' id='word_1_7' title='bbox 1098 113 1231 144; x_wconf 75' lang='lat' dir='ltr'><strong>SERMO</strong></span> <span class='ocrx_word' id='word_1_8' title='bbox 1248 114 1329 146; x_wconf 82' lang='lat' dir='ltr'><strong>XXI.</strong></span> 
     </span>
    </p>
   </div>
   <div class='ocr_carea' id='block_1_3' title="bbox 1675 114 1747 149">
    <p class='ocr_par' dir='ltr' id='par_1_3' title="bbox 1675 114 1747 149">
     <span class='ocr_line' id='line_1_3' title="bbox 1675 114 1747 149; baseline -0.014 0"><span class='ocrx_word' id='word_1_9' title='bbox 1675 114 1747 149; x_wconf 76' lang='lat'><strong>1062</strong></span> 
     </span>
    </p>
   </div>
   <div class='ocr_carea' id='block_1_4' title="bbox 143 167 902 205">
    <p class='ocr_par' dir='ltr' id='par_1_4' title="bbox 143 167 896 205">
     <span class='ocr_line' id='line_1_4' title="bbox 143 167 896 205; baseline 0.003 -11"><span class='ocrx_word' id='word_1_10' title='bbox 143 168 224 195; x_wconf 79' lang='grc' dir='ltr'>Φύσει</span> <span class='ocrx_word' id='word_1_11' title='bbox 237 167 410 204; x_wconf 59' lang='grc' dir='ltr'>ἀρρώστημα</span> <span class='ocrx_word' id='word_1_12' title='bbox 425 167 505 195; x_wconf 77' lang='grc' dir='ltr'>τοῦτο</span> <span class='ocrx_word' id='word_1_13' title='bbox 519 168 601 201; x_wconf 80' lang='grc' dir='ltr'>νέοις,</span> <span class='ocrx_word' id='word_1_14' title='bbox 617 169 767 205; x_wconf 78' lang='grc' dir='ltr'><strong>κουφότητι</strong></span> <span class='ocrx_word' id='word_1_15' title='bbox 784 169 896 205; x_wconf 73' lang='grc' dir='ltr'>γνώμης</span> 
     </span>
    </p>
   </div>
   <div class='ocr_carea' id='block_1_5' title="bbox 963 167 1748 205">
    <p class='ocr_par' dir='ltr' id='par_1_5' title="bbox 985 168 1748 204">
     <span class='ocr_line' id='line_1_5' title="bbox 985 168 1748 204; baseline 0.004 -8"><span class='ocrx_word' id='word_1_16' title='bbox 985 168 1014 197; x_wconf 91' lang='lat' dir='ltr'><strong>S.</strong></span> <span class='ocrx_word' id='word_1_17' title='bbox 1028 168 1136 197; x_wconf 76' lang='lat' dir='ltr'><strong>Basilii.</strong></span> <span class='ocrx_word' id='word_1_18' title='bbox 1154 168 1310 198; x_wconf 74' lang='lat' dir='ltr'><strong>Iuventutis</strong></span> <span class='ocrx_word' id='word_1_19' title='bbox 1325 169 1451 199; x_wconf 82' lang='lat' dir='ltr'><strong>naturale</strong></span> <span class='ocrx_word' id='word_1_20' title='bbox 1463 169 1559 199; x_wconf 77' lang='lat' dir='ltr'><strong>vitium</strong></span> <span class='ocrx_word' id='word_1_21' title='bbox 1579 170 1633 200; x_wconf 80' lang='lat' dir='ltr'><strong>hoc</strong></span> <span class='ocrx_word' id='word_1_22' title='bbox 1647 177 1700 204; x_wconf 82' lang='lat' dir='ltr'><strong>est,</strong></span> <span class='ocrx_word' id='word_1_23' title='bbox 1716 178 1748 199; x_wconf 87' lang='grc' dir='ltr'><strong>ιιι</strong></span> 
     </span>
    </p>
   </div>
   <div class='ocr_carea' id='block_1_6' title="bbox 115 214 895 251">
    <p class='ocr_par' dir='ltr' id='par_1_6' title="bbox 115 214 895 251">
     <span class='ocr_line' id='line_1_6' title="bbox 115 214 895 251; baseline 0.001 -10"><span class='ocrx_word' id='word_1_24' title='bbox 115 216 181 250; x_wconf 76' lang='grc' dir='ltr'>ἔχειν</span> <span class='ocrx_word' id='word_1_25' title='bbox 197 214 406 250; x_wconf 65' lang='grc' dir='ltr'>ἧδηινομίζουσι</span> <span class='ocrx_word' id='word_1_26' title='bbox 425 214 459 240; x_wconf 74' lang='grc' dir='ltr'><strong>τὰ</strong></span> <span class='ocrx_word' id='word_1_27' title='bbox 476 215 638 242; x_wconf 75' lang='grc' dir='ltr'>ἐλπισθέντα</span> <span class='ocrx_word' id='word_1_28' title='bbox 651 223 657 230; x_wconf 90' lang='grc'><strong>·</strong></span> <span class='ocrx_word' id='word_1_29' title='bbox 675 216 740 243; x_wconf 86' lang='grc' dir='ltr'>ὅταν</span> <span class='ocrx_word' id='word_1_30' title='bbox 757 216 809 251; x_wconf 83' lang='grc' dir='ltr'>γάρ</span> <span class='ocrx_word' id='word_1_31' title='bbox 831 225 895 243; x_wconf 78' lang='grc' dir='ltr'>ποτε</span> 
     </span>
    </p>
   </div>
   <div class='ocr_carea' id='block_1_7' title="bbox 115 260 898 296">
    <p class='ocr_par' dir='ltr' id='par_1_7' title="bbox 115 260 898 296">
     <span class='ocr_line' id='line_1_7' title="bbox 115 260 898 296; baseline 0.001 -9"><span class='ocrx_word' id='word_1_32' title='bbox 115 262 226 296; x_wconf 70' lang='grc' dir='ltr'>ἡσυχίας</span> <span class='ocrx_word' id='word_1_33' title='bbox 241 260 372 292; x_wconf 73' lang='grc' dir='ltr'>λάϐωσιν,</span> <span class='ocrx_word' id='word_1_34' title='bbox 390 261 406 296; x_wconf 79' lang='grc' dir='ltr'><strong>ἢ</strong></span> <span class='ocrx_word' id='word_1_35' title='bbox 435 261 554 295; x_wconf 78' lang='grc' dir='ltr'><strong>ἐρημίας</strong></span> <span class='ocrx_word' id='word_1_36' title='bbox 570 261 744 296; x_wconf 82' lang='grc' dir='ltr'><strong>νυκτερινῆς,</strong></span> <span class='ocrx_word' id='word_1_37' title='bbox 759 262 898 289; x_wconf 70' lang='grc' dir='ltr'>ἀναπλάτ-</span> 
     </span>
    </p>
   </div>
   <div class='ocr_carea' id='block_1_8' title="bbox 117 307 898 344">
    <p class='ocr_par' dir='ltr' id='par_1_8' title="bbox 117 307 898 344">
     <span class='ocr_line' id='line_1_8' title="bbox 117 307 898 344; baseline 0.003 -12"><span class='ocrx_word' id='word_1_38' title='bbox 117 315 201 333; x_wconf 64' lang='grc' dir='ltr'>ιουσιν</span> <span class='ocrx_word' id='word_1_39' title='bbox 215 307 323 338; x_wconf 75' lang='grc' dir='ltr'><strong>ἑαυτοῖς</strong></span> <span class='ocrx_word' id='word_1_40' title='bbox 337 307 487 341; x_wconf 78' lang='grc' dir='ltr'>φαντασίας</span> <span class='ocrx_word' id='word_1_41' title='bbox 504 308 720 340; x_wconf 83' lang='grc' dir='ltr'>ἀνυποστάτους,</span> <span class='ocrx_word' id='word_1_42' title='bbox 737 309 770 343; x_wconf 82' lang='grc' dir='ltr'><strong>τῇ</strong></span> <span class='ocrx_word' id='word_1_43' title='bbox 786 308 898 344; x_wconf 73' lang='grc' dir='ltr'>εὐκολίᾳ</span> 
     </span>
    </p>
   </div>
   <div class='ocr_carea' id='block_1_9' title="bbox 115 352 898 388">
    <p class='ocr_par' dir='ltr' id='par_1_9' title="bbox 115 352 898 388">
     <span class='ocr_line' id='line_1_9' title="bbox 115 352 898 388; baseline 0.003 -10"><span class='ocrx_word' id='word_1_44' title='bbox 115 353 158 386; x_wconf 78' lang='grc' dir='ltr'>τῆς</span> <span class='ocrx_word' id='word_1_45' title='bbox 182 352 296 387; x_wconf 82' lang='grc' dir='ltr'>γνώμης</span> <span class='ocrx_word' id='word_1_46' title='bbox 321 353 367 379; x_wconf 79' lang='grc' dir='ltr'><strong>ἐπὶ</strong></span> <span class='ocrx_word' id='word_1_47' title='bbox 393 352 483 380; x_wconf 82' lang='grc' dir='ltr'>πάντα</span> <span class='ocrx_word' id='word_1_48' title='bbox 511 354 676 388; x_wconf 80' lang='grc' dir='ltr'>φερόμενοι,</span> <span class='ocrx_word' id='word_1_49' title='bbox 705 353 898 388; x_wconf 74' lang='grc' dir='ltr'>ὑποτιθέμενοι</span> 
     </span>
    </p>
   </div>
   <div class='ocr_carea' id='block_1_10' title="bbox 115 398 897 435">
    <p class='ocr_par' dir='ltr' id='par_1_10' title="bbox 115 398 897 435">
     <span class='ocr_line' id='line_1_10' title="bbox 115 398 897 435; baseline 0.004 -11"><span class='ocrx_word' id='word_1_50' title='bbox 115 399 291 433; x_wconf 68' lang='grc' dir='ltr'><strong>περιφανείας</strong></span> <span class='ocrx_word' id='word_1_51' title='bbox 316 398 386 433; x_wconf 89' lang='grc' dir='ltr'>βίου,</span> <span class='ocrx_word' id='word_1_52' title='bbox 417 399 524 433; x_wconf 80' lang='grc' dir='ltr'>γάμους</span> <span class='ocrx_word' id='word_1_53' title='bbox 547 399 702 435; x_wconf 81' lang='grc' dir='ltr'>λαμπροὺς,</span> <span class='ocrx_word' id='word_1_54' title='bbox 728 399 897 433; x_wconf 82' lang='grc' dir='ltr'>εὐπαιδείαν,</span> 
     </span>
    </p>
   </div>
   <div class='ocr_carea' id='block_1_11' title="bbox 115 443 899 480">
    <p class='ocr_par' dir='ltr' id='par_1_11' title="bbox 115 443 899 480">
     <span class='ocr_line' id='line_1_11' title="bbox 115 443 899 480; baseline 0.001 -9"><span class='ocrx_word' id='word_1_55' title='bbox 115 446 198 479; x_wconf 79' lang='grc' dir='ltr'>γῆρας</span> <span class='ocrx_word' id='word_1_56' title='bbox 218 444 297 479; x_wconf 76' lang='grc' dir='ltr'>βαθὺ,</span> <span class='ocrx_word' id='word_1_57' title='bbox 310 444 361 477; x_wconf 83' lang='grc' dir='ltr'><strong>τὰς</strong></span> <span class='ocrx_word' id='word_1_58' title='bbox 385 446 460 479; x_wconf 75' lang='grc' dir='ltr'>παρὰ</span> <span class='ocrx_word' id='word_1_59' title='bbox 476 445 588 472; x_wconf 78' lang='grc' dir='ltr'>πάντων</span> <span class='ocrx_word' id='word_1_60' title='bbox 603 445 686 480; x_wconf 84' lang='grc' dir='ltr'>τιμάς</span> <span class='ocrx_word' id='word_1_61' title='bbox 699 453 706 461; x_wconf 86' lang='grc'><strong>·</strong></span> <span class='ocrx_word' id='word_1_62' title='bbox 733 443 793 472; x_wconf 81' lang='grc' dir='ltr'>εἶτα</span> <span class='ocrx_word' id='word_1_63' title='bbox 811 446 899 480; x_wconf 80' lang='grc' dir='ltr'>μηδα-</span> 
     </span>
    </p>
   </div>
   <div class='ocr_carea' id='block_1_12' title="bbox 116 490 901 527">
    <p class='ocr_par' dir='ltr' id='par_1_12' title="bbox 116 490 901 527">
     <span class='ocr_line' id='line_1_12' title="bbox 116 490 901 527; baseline 0.004 -11"><span class='ocrx_word' id='word_1_64' title='bbox 116 490 162 526; x_wconf 75' lang='grc' dir='ltr'>μοῦ</span> <span class='ocrx_word' id='word_1_65' title='bbox 189 492 285 524; x_wconf 81' lang='grc' dir='ltr'>στῆναι</span> <span class='ocrx_word' id='word_1_66' title='bbox 310 492 368 522; x_wconf 81' lang='grc' dir='ltr'>τοῖς</span> <span class='ocrx_word' id='word_1_67' title='bbox 392 491 536 526; x_wconf 77' lang='grc' dir='ltr'><strong>λογισμοῖς</strong></span> <span class='ocrx_word' id='word_1_68' title='bbox 556 492 714 526; x_wconf 84' lang='grc' dir='ltr'>δυνάμενοι,</span> <span class='ocrx_word' id='word_1_69' title='bbox 737 492 901 527; x_wconf 82' lang='grc' dir='ltr'>ὑποφυσῶν-</span> 
     </span>
    </p>
   </div>
   <div class='ocr_carea' id='block_1_13' title="bbox 115 537 900 571">
    <p class='ocr_par' dir='ltr' id='par_1_13' title="bbox 115 537 900 571">
     <span class='ocr_line' id='line_1_13' title="bbox 115 537 900 571; baseline 0.003 -9"><span class='ocrx_word' id='word_1_70' title='bbox 115 545 166 570; x_wconf 77' lang='grc' dir='ltr'>τοι,</span> <span class='ocrx_word' id='word_1_71' title='bbox 190 537 237 563; x_wconf 77' lang='grc' dir='ltr'>καὶ</span> <span class='ocrx_word' id='word_1_72' title='bbox 265 537 318 564; x_wconf 77' lang='grc' dir='ltr'>ὑπὸ</span> <span class='ocrx_word' id='word_1_73' title='bbox 340 537 389 571; x_wconf 85' lang='grc' dir='ltr'>τῆς</span> <span class='ocrx_word' id='word_1_74' title='bbox 413 537 508 568; x_wconf 79' lang='grc' dir='ltr'>ἀνοίας</span> <span class='ocrx_word' id='word_1_75' title='bbox 533 537 683 565; x_wconf 81' lang='grc' dir='ltr'>ἀπολαύειν</span> <span class='ocrx_word' id='word_1_76' title='bbox 709 538 821 565; x_wconf 85' lang='grc' dir='ltr'>δοκοῦσι</span> <span class='ocrx_word' id='word_1_77' title='bbox 846 539 900 565; x_wconf 85' lang='grc' dir='ltr'>τῶν</span> 
     </span>
    </p>
   </div>
   <div class='ocr_carea' id='block_1_14' title="bbox 115 583 901 620">
    <p class='ocr_par' dir='ltr' id='par_1_14' title="bbox 115 583 901 620">
     <span class='ocr_line' id='line_1_14' title="bbox 115 583 901 620; baseline 0.005 -12"><span class='ocrx_word' id='word_1_78' title='bbox 115 583 304 617; x_wconf 76' lang='grc' dir='ltr'><strong>ἐλπισθέντων,</strong></span> <span class='ocrx_word' id='word_1_79' title='bbox 318 583 354 615; x_wconf 85' lang='grc' dir='ltr'>ὡς</span> <span class='ocrx_word' id='word_1_80' title='bbox 370 584 421 620; x_wconf 72' lang='grc' dir='ltr'><strong>ἤδη</strong></span> <span class='ocrx_word' id='word_1_81' title='bbox 435 585 590 619; x_wconf 72' lang='grc' dir='ltr'>παρόντων,</span> <span class='ocrx_word' id='word_1_82' title='bbox 605 585 654 611; x_wconf 82' lang='grc' dir='ltr'>καὶ</span> <span class='ocrx_word' id='word_1_83' title='bbox 669 586 698 612; x_wconf 87' lang='grc' dir='ltr'>ὲν</span> <span class='ocrx_word' id='word_1_84' title='bbox 723 585 789 612; x_wconf 78' lang='grc' dir='ltr'>ποσὶ</span> <span class='ocrx_word' id='word_1_85' title='bbox 806 585 901 620; x_wconf 83' lang='grc' dir='ltr'>κειμέ-</span> 
     </span>
    </p>
   </div>
   <div class='ocr_carea' id='block_1_15' title="bbox 115 630 285 661">
    <p class='ocr_par' dir='ltr' id='par_1_15' title="bbox 115 630 285 661">
     <span class='ocr_line' id='line_1_15' title="bbox 115 630 285 661; baseline 0.012 -6"><span class='ocrx_word' id='word_1_86' title='bbox 115 638 165 656; x_wconf 79' lang='grc' dir='ltr'>νι-ιν</span> <span class='ocrx_word' id='word_1_87' title='bbox 180 630 285 661; x_wconf 78' lang='grc' dir='ltr'>αὐτοῖς.</span> 
     </span>
    </p>
   </div>
   <div class='ocr_carea' id='block_1_16' title="bbox 146 719 901 758">
    <p class='ocr_par' dir='ltr' id='par_1_16' title="bbox 146 719 901 758">
     <span class='ocr_line' id='line_1_16' title="bbox 146 719 901 758; baseline 0.005 -12"><span class='ocrx_word' id='word_1_88' title='bbox 146 719 254 754; x_wconf 71' lang='grc' dir='ltr'>Κοῦφον</span> <span class='ocrx_word' id='word_1_89' title='bbox 271 721 287 755; x_wconf 83' lang='grc' dir='ltr'>ὴ</span> <span class='ocrx_word' id='word_1_90' title='bbox 311 721 417 754; x_wconf 79' lang='grc' dir='ltr'>νεότης,</span> <span class='ocrx_word' id='word_1_91' title='bbox 439 721 486 748; x_wconf 77' lang='grc' dir='ltr'>καὶ</span> <span class='ocrx_word' id='word_1_92' title='bbox 501 721 644 756; x_wconf 77' lang='grc' dir='ltr'>εὐκίνητον</span> <span class='ocrx_word' id='word_1_93' title='bbox 668 722 737 757; x_wconf 74' lang='grc' dir='ltr'>πρὸς</span> <span class='ocrx_word' id='word_1_94' title='bbox 752 723 786 749; x_wconf 80' lang='grc' dir='ltr'><strong>τὰ</strong></span> <span class='ocrx_word' id='word_1_95' title='bbox 800 723 901 758; x_wconf 77' lang='grc' dir='ltr'>φαῦλα,</span> 
     </span>
    </p>
   </div>
   <div class='ocr_carea' id='block_1_17' title="bbox 115 766 903 804">
    <p class='ocr_par' dir='ltr' id='par_1_17' title="bbox 115 766 903 804">
     <span class='ocr_line' id='line_1_17' title="bbox 115 766 903 804; baseline 0.005 -12"><span class='ocrx_word' id='word_1_96' title='bbox 115 766 256 801; x_wconf 76' lang='grc' dir='ltr'>ἐπιθυμίαι</span> <span class='ocrx_word' id='word_1_97' title='bbox 280 766 471 800; x_wconf 79' lang='grc' dir='ltr'>δυσκάθεκτοι,</span> <span class='ocrx_word' id='word_1_98' title='bbox 497 767 580 802; x_wconf 77' lang='grc' dir='ltr'>ὀργαὶ</span> <span class='ocrx_word' id='word_1_99' title='bbox 607 767 771 802; x_wconf 83' lang='grc' dir='ltr'>θηριώδεις,</span> <span class='ocrx_word' id='word_1_100' title='bbox 798 771 903 804; x_wconf 75' lang='grc' dir='ltr'>προπέ-</span> 
     </span>
    </p>
   </div>
   <div class='ocr_carea' id='block_1_18' title="bbox 117 811 902 850">
    <p class='ocr_par' dir='ltr' id='par_1_18' title="bbox 117 811 902 850">
     <span class='ocr_line' id='line_1_18' title="bbox 117 811 902 850; baseline 0.005 -13"><span class='ocrx_word' id='word_1_101' title='bbox 117 820 193 843; x_wconf 74' lang='lat' dir='ltr'><strong>Istat,</strong></span> <span class='ocrx_word' id='word_1_102' title='bbox 209 811 298 846; x_wconf 79' lang='grc' dir='ltr'>ὕϐρις,</span> <span class='ocrx_word' id='word_1_103' title='bbox 310 813 510 848; x_wconf 82' lang='grc' dir='ltr'>ὑπερηφανίαι,</span> <span class='ocrx_word' id='word_1_104' title='bbox 524 814 572 839; x_wconf 84' lang='grc' dir='ltr'>καὶ</span> <span class='ocrx_word' id='word_1_105' title='bbox 587 813 747 847; x_wconf 67' lang='grc' dir='ltr'>φυσιώσεις,</span> <span class='ocrx_word' id='word_1_106' title='bbox 761 814 902 850; x_wconf 78' lang='grc' dir='ltr'>σύντροφα</span> 
     </span>
    </p>
   </div>
   <div class='ocr_carea' id='block_1_19' title="bbox 950 215 1747 252">
    <p class='ocr_par' dir='ltr' id='par_1_19' title="bbox 950 215 1747 252">
     <span class='ocr_line' id='line_1_19' title="bbox 950 215 1747 252; baseline 0.005 -12"><span class='ocrx_word' id='word_1_107' title='bbox 950 219 1063 249; x_wconf 79' lang='lat' dir='ltr'><strong>propter</strong></span> <span class='ocrx_word' id='word_1_108' title='bbox 1081 215 1222 242; x_wconf 70' lang='lat' dir='ltr'><strong>levitatem</strong></span> <span class='ocrx_word' id='word_1_109' title='bbox 1239 215 1345 242; x_wconf 87' lang='lat' dir='ltr'><strong>consilii</strong></span> <span class='ocrx_word' id='word_1_110' title='bbox 1375 223 1406 243; x_wconf 84' lang='lat' dir='ltr'><strong>ea</strong></span> <span class='ocrx_word' id='word_1_111' title='bbox 1430 223 1459 243; x_wconf 87' lang='lat' dir='ltr'><strong>se</strong></span> <span class='ocrx_word' id='word_1_112' title='bbox 1478 217 1580 244; x_wconf 84' lang='lat' dir='ltr'><strong>habere</strong></span> <span class='ocrx_word' id='word_1_113' title='bbox 1598 217 1654 252; x_wconf 80' lang='lat' dir='ltr'><strong>jam</strong></span> <span class='ocrx_word' id='word_1_114' title='bbox 1670 217 1747 244; x_wconf 80' lang='lat' dir='ltr'><strong>arbi-</strong></span> 
     </span>
    </p>
   </div>
   <div class='ocr_carea' id='block_1_20' title="bbox 955 261 1749 296">
    <p class='ocr_par' dir='ltr' id='par_1_20' title="bbox 955 261 1749 296">
     <span class='ocr_line' id='line_1_20' title="bbox 955 261 1749 296; baseline 0.004 -9"><span class='ocrx_word' id='word_1_115' title='bbox 955 264 1064 288; x_wconf 88' lang='lat' dir='ltr'><strong>trentur</strong></span> <span class='ocrx_word' id='word_1_116' title='bbox 1077 268 1137 296; x_wconf 63' lang='lat' dir='ltr'><strong>quat</strong></span> <span class='ocrx_word' id='word_1_117' title='bbox 1167 268 1215 296; x_wconf 89' lang='lat' dir='ltr'><strong>spe</strong></span> <span class='ocrx_word' id='word_1_118' title='bbox 1237 261 1455 296; x_wconf 71' lang='lat' dir='ltr'><strong>concupierunt;</strong></span> <span class='ocrx_word' id='word_1_119' title='bbox 1482 270 1544 290; x_wconf 89' lang='lat' dir='ltr'><strong>cttm</strong></span> <span class='ocrx_word' id='word_1_120' title='bbox 1561 264 1633 289; x_wconf 91' lang='lat' dir='ltr'><strong>cnim</strong></span> <span class='ocrx_word' id='word_1_121' title='bbox 1657 263 1749 295; x_wconf 75' lang='lat' dir='ltr'><strong>quies-</strong></span> 
     </span>
    </p>
   </div>
   <div class='ocr_carea' id='block_1_21' title="bbox 949 308 1747 342">
    <p class='ocr_par' dir='ltr' id='par_1_21' title="bbox 949 308 1747 342">
     <span class='ocr_line' id='line_1_21' title="bbox 949 308 1747 342; baseline 0.001 -8"><span class='ocrx_word' id='word_1_122' title='bbox 949 311 1033 339; x_wconf 88' lang='lat' dir='ltr'><strong>cunt,</strong></span> <span class='ocrx_word' id='word_1_123' title='bbox 1069 312 1115 334; x_wconf 89' lang='lat' dir='ltr'><strong>aut</strong></span> <span class='ocrx_word' id='word_1_124' title='bbox 1145 312 1227 334; x_wconf 88' lang='lat' dir='ltr'><strong>noctu</strong></span> <span class='ocrx_word' id='word_1_125' title='bbox 1265 308 1313 334; x_wconf 85' lang='lat' dir='ltr'><strong>soli</strong></span> <span class='ocrx_word' id='word_1_126' title='bbox 1347 313 1428 340; x_wconf 81' lang='lat' dir='ltr'><strong>sunt.</strong></span> <span class='ocrx_word' id='word_1_127' title='bbox 1462 308 1567 342; x_wconf 75' lang='lat' dir='ltr'><strong>lingunt</strong></span> <span class='ocrx_word' id='word_1_128' title='bbox 1604 308 1657 335; x_wconf 83' lang='lat' dir='ltr'><strong>sibi</strong></span> <span class='ocrx_word' id='word_1_129' title='bbox 1688 309 1747 336; x_wconf 85' lang='lat' dir='ltr'><strong>visa</strong></span> 
     </span>
    </p>
   </div>
   <div class='ocr_carea' id='block_1_22' title="bbox 949 352 1749 388">
    <p class='ocr_par' dir='ltr' id='par_1_22' title="bbox 949 352 1749 388">
     <span class='ocr_line' id='line_1_22' title="bbox 949 352 1749 388; baseline -0.001 -9"><span class='ocrx_word' id='word_1_130' title='bbox 949 360 1010 387; x_wconf 69' lang='lat' dir='ltr'><strong>qua:</strong></span> <span class='ocrx_word' id='word_1_131' title='bbox 1051 359 1184 386; x_wconf 81' lang='lat' dir='ltr'><strong>nusquam</strong></span> <span class='ocrx_word' id='word_1_132' title='bbox 1215 357 1288 385; x_wconf 86' lang='lat' dir='ltr'><strong>sunt,</strong></span> <span class='ocrx_word' id='word_1_133' title='bbox 1310 352 1438 379; x_wconf 85' lang='lat' dir='ltr'><strong>facilitate</strong></span> <span class='ocrx_word' id='word_1_134' title='bbox 1477 353 1576 388; x_wconf 81' lang='lat' dir='ltr'><strong>ingenii</strong></span> <span class='ocrx_word' id='word_1_135' title='bbox 1605 360 1654 387; x_wconf 81' lang='lat' dir='ltr'><strong>per</strong></span> <span class='ocrx_word' id='word_1_136' title='bbox 1690 361 1749 380; x_wconf 84' lang='lat' dir='ltr'><strong>om-</strong></span> 
     </span>
    </p>
   </div>
   <div class='ocr_carea' id='block_1_23' title="bbox 950 393 1748 434">
    <p class='ocr_par' dir='ltr' id='par_1_23' title="bbox 950 393 1748 434">
     <span class='ocr_line' id='line_1_23' title="bbox 950 393 1748 434; baseline -0.001 -9"><span class='ocrx_word' id='word_1_137' title='bbox 950 399 994 425; x_wconf 92' lang='lat' dir='ltr'><strong>nia</strong></span> <span class='ocrx_word' id='word_1_138' title='bbox 1018 397 1211 434; x_wconf 78' lang='lat' dir='ltr'><strong>cogitationem</strong></span> <span class='ocrx_word' id='word_1_139' title='bbox 1236 393 1480 429; x_wconf 85' lang='lat' dir='ltr'><strong>circumferentes.</strong></span> <span class='ocrx_word' id='word_1_140' title='bbox 1511 399 1667 433; x_wconf 85' lang='lat' dir='ltr'><strong>splendidas</strong></span> <span class='ocrx_word' id='word_1_141' title='bbox 1691 393 1748 426; x_wconf 66' lang='lat' dir='ltr'><strong>sibi</strong></span> 
     </span>
    </p>
   </div>
   <div class='ocr_carea' id='block_1_24' title="bbox 951 443 1746 480">
    <p class='ocr_par' dir='ltr' id='par_1_24' title="bbox 951 443 1746 480">
     <span class='ocr_line' id='line_1_24' title="bbox 951 443 1746 480; baseline 0 -9"><span class='ocrx_word' id='word_1_142' title='bbox 951 445 1013 472; x_wconf 59' lang='lat' dir='ltr'><strong>vitaz</strong></span> <span class='ocrx_word' id='word_1_143' title='bbox 1037 443 1213 472; x_wconf 87' lang='lat' dir='ltr'><strong>conditiones</strong></span> <span class='ocrx_word' id='word_1_144' title='bbox 1238 451 1417 480; x_wconf 83' lang='lat' dir='ltr'><strong>proponunt,</strong></span> <span class='ocrx_word' id='word_1_145' title='bbox 1443 444 1600 480; x_wconf 77' lang='lat' dir='ltr'><strong>magnificus</strong></span> <span class='ocrx_word' id='word_1_146' title='bbox 1618 445 1746 479; x_wconf 83' lang='lat' dir='ltr'><strong>nuptias.</strong></span> 
     </span>
    </p>
   </div>
   <div class='ocr_carea' id='block_1_25' title="bbox 951 491 1747 526">
    <p class='ocr_par' dir='ltr' id='par_1_25' title="bbox 951 491 1747 526">
     <span class='ocr_line' id='line_1_25' title="bbox 951 491 1747 526; baseline 0 -8"><span class='ocrx_word' id='word_1_147' title='bbox 951 491 1099 519; x_wconf 87' lang='lat' dir='ltr'><strong>liberorum</strong></span> <span class='ocrx_word' id='word_1_148' title='bbox 1121 491 1228 519; x_wconf 81' lang='lat' dir='ltr'><strong>felicem</strong></span> <span class='ocrx_word' id='word_1_149' title='bbox 1253 491 1481 526; x_wconf 70' lang='lat' dir='ltr'><strong>procreationem,</strong></span> <span class='ocrx_word' id='word_1_150' title='bbox 1499 495 1669 519; x_wconf 80' lang='lat' dir='ltr'><strong>senectutem</strong></span> <span class='ocrx_word' id='word_1_151' title='bbox 1688 491 1747 518; x_wconf 86' lang='lat' dir='ltr'><strong>lon-</strong></span> 
     </span>
    </p>
   </div>
   <div class='ocr_carea' id='block_1_26' title="bbox 951 537 1743 574">
    <p class='ocr_par' dir='ltr' id='par_1_26' title="bbox 951 537 1743 574">
     <span class='ocr_line' id='line_1_26' title="bbox 951 537 1743 574; baseline -0.003 -8"><span class='ocrx_word' id='word_1_152' title='bbox 951 546 1033 574; x_wconf 72' lang='lat' dir='ltr'><strong>3am.</strong></span> <span class='ocrx_word' id='word_1_153' title='bbox 1051 546 1082 566; x_wconf 87' lang='lat' dir='ltr'><strong>ac</strong></span> <span class='ocrx_word' id='word_1_154' title='bbox 1110 539 1228 565; x_wconf 84' lang='lat' dir='ltr'><strong>honores</strong></span> <span class='ocrx_word' id='word_1_155' title='bbox 1256 537 1308 565; x_wconf 85' lang='lat' dir='ltr'>sibi</span> <span class='ocrx_word' id='word_1_156' title='bbox 1333 537 1367 564; x_wconf 84' lang='lat' dir='ltr'><strong>ab</strong></span> <span class='ocrx_word' id='word_1_157' title='bbox 1388 537 1516 564; x_wconf 87' lang='lat' dir='ltr'><strong>omnibus</strong></span> <span class='ocrx_word' id='word_1_158' title='bbox 1542 537 1706 564; x_wconf 90' lang='lat' dir='ltr'><strong>deferendos</strong></span> <span class='ocrx_word' id='word_1_159' title='bbox 1734 546 1743 563; x_wconf 86' lang='lat'>:</span> 
     </span>
    </p>
   </div>
   <div class='ocr_carea' id='block_1_27' title="bbox 951 582 1748 618">
    <p class='ocr_par' dir='ltr' id='par_1_27' title="bbox 951 582 1748 618">
     <span class='ocr_line' id='line_1_27' title="bbox 951 582 1748 618; baseline -0.003 -7"><span class='ocrx_word' id='word_1_160' title='bbox 951 584 1052 611; x_wconf 89' lang='lat' dir='ltr'><strong>deinde</strong></span> <span class='ocrx_word' id='word_1_161' title='bbox 1068 591 1131 610; x_wconf 91' lang='lat' dir='ltr'><strong>cum</strong></span> <span class='ocrx_word' id='word_1_162' title='bbox 1160 591 1294 618; x_wconf 78' lang='lat' dir='ltr'><strong>nusquam</strong></span> <span class='ocrx_word' id='word_1_163' title='bbox 1320 582 1484 616; x_wconf 70' lang='lat' dir='ltr'><strong>cogitatione</strong></span> <span class='ocrx_word' id='word_1_164' title='bbox 1506 583 1660 610; x_wconf 84' lang='lat' dir='ltr'><strong>consistere</strong></span> <span class='ocrx_word' id='word_1_165' title='bbox 1684 591 1748 618; x_wconf 84' lang='lat' dir='ltr'><strong>pns-</strong></span> 
     </span>
    </p>
   </div>
   <div class='ocr_carea' id='block_1_28' title="bbox 951 629 1748 664">
    <p class='ocr_par' dir='ltr' id='par_1_28' title="bbox 951 629 1748 664">
     <span class='ocr_line' id='line_1_28' title="bbox 951 629 1748 664; baseline -0.001 -7"><span class='ocrx_word' id='word_1_166' title='bbox 951 630 1008 658; x_wconf 88' lang='lat' dir='ltr'><strong>sint</strong></span> <span class='ocrx_word' id='word_1_167' title='bbox 1021 650 1029 663; x_wconf 91' lang='lat'><strong><em>,</em></strong></span> <span class='ocrx_word' id='word_1_168' title='bbox 1046 630 1186 662; x_wconf 88' lang='lat' dir='ltr'><strong>inﬂantur,</strong></span> <span class='ocrx_word' id='word_1_169' title='bbox 1200 637 1232 656; x_wconf 86' lang='lat' dir='ltr'><strong>ac</strong></span> <span class='ocrx_word' id='word_1_170' title='bbox 1255 637 1310 664; x_wconf 62' lang='lat' dir='ltr'><strong>prae</strong></span> <span class='ocrx_word' id='word_1_171' title='bbox 1325 629 1438 656; x_wconf 86' lang='lat' dir='ltr'><strong>stultitia</strong></span> <span class='ocrx_word' id='word_1_172' title='bbox 1454 629 1568 664; x_wconf 76' lang='lat' dir='ltr'><strong>speratis</strong></span> <span class='ocrx_word' id='word_1_173' title='bbox 1585 636 1615 656; x_wconf 89' lang='lat' dir='ltr'><strong>se</strong></span> <span class='ocrx_word' id='word_1_174' title='bbox 1629 629 1680 656; x_wconf 84' lang='lat' dir='ltr'><strong>frui</strong></span> <span class='ocrx_word' id='word_1_175' title='bbox 1695 637 1748 664; x_wconf 91' lang='lat' dir='ltr'><strong>pu-</strong></span> 
     </span>
    </p>
   </div>
   <div class='ocr_carea' id='block_1_29' title="bbox 954 675 1711 711">
    <p class='ocr_par' dir='ltr' id='par_1_29' title="bbox 954 675 1711 711">
     <span class='ocr_line' id='line_1_29' title="bbox 954 675 1711 711; baseline -0.003 -7"><span class='ocrx_word' id='word_1_176' title='bbox 954 681 1023 709; x_wconf 86' lang='lat' dir='ltr'><strong>tant,</strong></span> <span class='ocrx_word' id='word_1_177' title='bbox 1041 680 1173 711; x_wconf 86' lang='lat' dir='ltr'><strong>tanquam</strong></span> <span class='ocrx_word' id='word_1_178' title='bbox 1191 675 1373 710; x_wconf 61' lang='lat' dir='ltr'><strong>prasrnlibus</strong></span> <span class='ocrx_word' id='word_1_179' title='bbox 1383 680 1411 702; x_wconf 87' lang='lat' dir='ltr'><strong>et</strong></span> <span class='ocrx_word' id='word_1_180' title='bbox 1430 680 1492 702; x_wconf 89' lang='lat' dir='ltr'><strong>ante</strong></span> <span class='ocrx_word' id='word_1_181' title='bbox 1505 675 1588 710; x_wconf 83' lang='lat' dir='ltr'><strong>pedes</strong></span> <span class='ocrx_word' id='word_1_182' title='bbox 1604 675 1711 710; x_wconf 82' lang='lat' dir='ltr'><strong>positis.</strong></span> 
     </span>
    </p>
   </div>
   <div class='ocr_carea' id='block_1_30' title="bbox 993 721 1746 755">
    <p class='ocr_par' dir='ltr' id='par_1_30' title="bbox 993 721 1746 755">
     <span class='ocr_line' id='line_1_30' title="bbox 993 721 1746 755; baseline 0 -7"><span class='ocrx_word' id='word_1_183' title='bbox 993 722 1128 749; x_wconf 82' lang='lat' dir='ltr'><strong>Juventus</strong></span> <span class='ocrx_word' id='word_1_184' title='bbox 1147 726 1188 748; x_wconf 90' lang='lat' dir='ltr'><strong>cst</strong></span> <span class='ocrx_word' id='word_1_185' title='bbox 1206 721 1274 748; x_wconf 83' lang='lat' dir='ltr'><strong>levis</strong></span> <span class='ocrx_word' id='word_1_186' title='bbox 1287 725 1314 747; x_wconf 88' lang='lat' dir='ltr'><strong>et</strong></span> <span class='ocrx_word' id='word_1_187' title='bbox 1328 721 1362 747; x_wconf 90' lang='lat' dir='ltr'><strong>ad</strong></span> <span class='ocrx_word' id='word_1_188' title='bbox 1373 721 1575 755; x_wconf 84' lang='lat' dir='ltr'><strong>improbitatem</strong></span> <span class='ocrx_word' id='word_1_189' title='bbox 1602 721 1746 755; x_wconf 75' lang='lat' dir='ltr'><strong>proclivis;</strong></span> 
     </span>
    </p>
   </div>
   <div class='ocr_carea' id='block_1_31' title="bbox 952 766 1747 803">
    <p class='ocr_par' dir='ltr' id='par_1_31' title="bbox 952 766 1747 803">
     <span class='ocr_line' id='line_1_31' title="bbox 952 766 1747 803; baseline 0 -8"><span class='ocrx_word' id='word_1_190' title='bbox 952 768 1087 803; x_wconf 84' lang='lat' dir='ltr'><strong>cupiditas</strong></span> <span class='ocrx_word' id='word_1_191' title='bbox 1102 767 1245 799; x_wconf 59' lang='lat' dir='ltr'><strong>effrenata,</strong></span> <span class='ocrx_word' id='word_1_192' title='bbox 1261 767 1413 794; x_wconf 78' lang='lat' dir='ltr'><strong>belluarum</strong></span> <span class='ocrx_word' id='word_1_193' title='bbox 1433 766 1483 799; x_wconf 86' lang='lat' dir='ltr'><strong>ira,</strong></span> <span class='ocrx_word' id='word_1_194' title='bbox 1507 767 1656 798; x_wconf 68' lang='lat' dir='ltr'><strong>temeritas,</strong></span> <span class='ocrx_word' id='word_1_195' title='bbox 1674 768 1747 800; x_wconf 77' lang='lat' dir='ltr'><strong>iniu-</strong></span> 
     </span>
    </p>
   </div>
   <div class='ocr_carea' id='block_1_32' title="bbox 954 813 1746 848">
    <p class='ocr_par' dir='ltr' id='par_1_32' title="bbox 954 813 1746 848">
     <span class='ocr_line' id='line_1_32' title="bbox 954 813 1746 848; baseline -0.001 -8"><span class='ocrx_word' id='word_1_196' title='bbox 954 814 1006 845; x_wconf 83' lang='lat' dir='ltr'><strong>ria.</strong></span> <span class='ocrx_word' id='word_1_197' title='bbox 1035 813 1162 848; x_wconf 75' lang='lat' dir='ltr'><strong>superbia</strong></span> <span class='ocrx_word' id='word_1_198' title='bbox 1177 833 1184 844; x_wconf 85' lang='lat'><strong>.</strong></span> <span class='ocrx_word' id='word_1_199' title='bbox 1203 817 1230 839; x_wconf 78' lang='lat' dir='ltr'><strong>et</strong></span> <span class='ocrx_word' id='word_1_200' title='bbox 1249 813 1417 844; x_wconf 78' lang='lat' dir='ltr'><strong>inflationes,</strong></span> <span class='ocrx_word' id='word_1_201' title='bbox 1444 814 1587 848; x_wconf 70' lang='lat' dir='ltr'><strong>magnique</strong></span> <span class='ocrx_word' id='word_1_202' title='bbox 1621 814 1746 848; x_wconf 76' lang='lat' dir='ltr'><strong>spiritus.</strong></span> 
     </span>
    </p>
   </div>
   <div class='ocr_carea' id='block_1_33' title="bbox 118 857 902 900">
    <p class='ocr_par' dir='ltr' id='par_1_33' title="bbox 118 857 902 895">
     <span class='ocr_line' id='line_1_33' title="bbox 118 857 902 895; baseline 0.004 -12"><span class='ocrx_word' id='word_1_203' title='bbox 118 859 145 891; x_wconf 76' lang='grc' dir='ltr'>τῇ</span> <span class='ocrx_word' id='word_1_204' title='bbox 160 857 266 892; x_wconf 80' lang='grc' dir='ltr'>νεότητι</span> <span class='ocrx_word' id='word_1_205' title='bbox 280 858 366 892; x_wconf 75' lang='grc' dir='ltr'>πάθη,</span> <span class='ocrx_word' id='word_1_206' title='bbox 386 858 479 891; x_wconf 77' lang='grc' dir='ltr'>φθόνοι</span> <span class='ocrx_word' id='word_1_207' title='bbox 501 858 570 893; x_wconf 77' lang='grc' dir='ltr'>πρὸς</span> <span class='ocrx_word' id='word_1_208' title='bbox 582 858 612 884; x_wconf 82' lang='grc' dir='ltr'>τὸ</span> <span class='ocrx_word' id='word_1_209' title='bbox 628 858 772 895; x_wconf 79' lang='grc' dir='ltr'>ὑπερέχον,</span> <span class='ocrx_word' id='word_1_210' title='bbox 790 860 902 894; x_wconf 77' lang='grc' dir='ltr'>ὑποψίαι</span> 
     </span>
    </p>
   </div>
   <div class='ocr_carea' id='block_1_34' title="bbox 963 857 1747 900">
    <p class='ocr_par' dir='ltr' id='par_1_34' title="bbox 963 859 1747 894">
     <span class='ocr_line' id='line_1_34' title="bbox 963 859 1747 894; baseline 0 -8"><span class='ocrx_word' id='word_1_211' title='bbox 963 859 1099 894; x_wconf 75' lang='lat' dir='ltr'><strong>:ongcnita</strong></span> <span class='ocrx_word' id='word_1_212' title='bbox 1125 863 1152 886; x_wconf 89' lang='lat' dir='ltr'><strong>et</strong></span> <span class='ocrx_word' id='word_1_213' title='bbox 1175 859 1273 886; x_wconf 82' lang='lat' dir='ltr'><strong>co:-lita</strong></span> <span class='ocrx_word' id='word_1_214' title='bbox 1292 860 1360 886; x_wconf 78' lang='lat' dir='ltr'><strong>mala</strong></span> <span class='ocrx_word' id='word_1_215' title='bbox 1385 861 1541 893; x_wconf 84' lang='lat' dir='ltr'><strong>juventutis</strong></span> <span class='ocrx_word' id='word_1_216' title='bbox 1571 859 1628 886; x_wconf 64' lang='lat' dir='ltr'><strong>haec</strong></span> <span class='ocrx_word' id='word_1_217' title='bbox 1654 864 1718 887; x_wconf 90' lang='lat' dir='ltr'><strong>sunt</strong></span> <span class='ocrx_word' id='word_1_218' title='bbox 1740 869 1747 886; x_wconf 91' lang='lat'><strong>:</strong></span> 
     </span>
    </p>
   </div>
   <div class='ocr_carea' id='block_1_35' title="bbox 116 903 902 939">
    <p class='ocr_par' dir='ltr' id='par_1_35' title="bbox 116 903 902 939">
     <span class='ocr_line' id='line_1_35' title="bbox 116 903 902 939; baseline 0.008 -12"><span class='ocrx_word' id='word_1_219' title='bbox 116 903 180 937; x_wconf 61' lang='grc' dir='ltr'>πρός</span> <span class='ocrx_word' id='word_1_220' title='bbox 200 903 230 929; x_wconf 83' lang='grc' dir='ltr'><strong>τὸ</strong></span> <span class='ocrx_word' id='word_1_221' title='bbox 244 903 346 930; x_wconf 76' lang='grc' dir='ltr'>οίκοῖον</span> <span class='ocrx_word' id='word_1_222' title='bbox 359 911 365 918; x_wconf 84' lang='grc'><em>’</em></span> <span class='ocrx_word' id='word_1_223' title='bbox 385 903 489 939; x_wconf 85' lang='grc' dir='ltr'>μυρίων</span> <span class='ocrx_word' id='word_1_224' title='bbox 506 904 602 931; x_wconf 80' lang='grc' dir='ltr'>κακῶν</span> <span class='ocrx_word' id='word_1_225' title='bbox 620 905 705 939; x_wconf 70' lang='grc' dir='ltr'>ἐσμὸς</span> <span class='ocrx_word' id='word_1_226' title='bbox 723 906 902 938; x_wconf 77' lang='grc' dir='ltr'>συνέζευκται</span> 
     </span>
    </p>
   </div>
   <div class='ocr_carea' id='block_1_36' title="bbox 118 947 901 986">
    <p class='ocr_par' dir='ltr' id='par_1_36' title="bbox 118 947 901 986">
     <span class='ocr_line' id='line_1_36' title="bbox 118 947 901 986; baseline 0.005 -11"><span class='ocrx_word' id='word_1_227' title='bbox 118 950 144 984; x_wconf 78' lang='grc' dir='ltr'>τῇ</span> <span class='ocrx_word' id='word_1_228' title='bbox 160 949 266 984; x_wconf 77' lang='grc' dir='ltr'>νεότητι</span> <span class='ocrx_word' id='word_1_229' title='bbox 280 958 286 965; x_wconf 94' lang='grc'><strong><em>-</em></strong></span> <span class='ocrx_word' id='word_1_230' title='bbox 303 947 340 976; x_wconf 80' lang='grc' dir='ltr'>ὦν</span> <span class='ocrx_word' id='word_1_231' title='bbox 359 951 469 977; x_wconf 82' lang='grc' dir='ltr'>πάντων</span> <span class='ocrx_word' id='word_1_232' title='bbox 486 950 594 985; x_wconf 78' lang='grc' dir='ltr'>ἀνάγκη</span> <span class='ocrx_word' id='word_1_233' title='bbox 609 951 758 978; x_wconf 82' lang='grc' dir='ltr'>ἀπολαύειν</span> <span class='ocrx_word' id='word_1_234' title='bbox 772 953 835 984; x_wconf 75' lang='grc' dir='ltr'>τοὺς</span> <span class='ocrx_word' id='word_1_235' title='bbox 851 952 901 986; x_wconf 80' lang='grc' dir='ltr'><strong>ἀρ-</strong></span> 
     </span>
    </p>
   </div>
   <div class='ocr_carea' id='block_1_37' title="bbox 116 994 900 1033">
    <p class='ocr_par' dir='ltr' id='par_1_37' title="bbox 116 994 900 1033">
     <span class='ocr_line' id='line_1_37' title="bbox 116 994 900 1033; baseline 0.005 -13"><span class='ocrx_word' id='word_1_236' title='bbox 116 994 255 1029; x_wconf 72' lang='grc' dir='ltr'>χομένους,</span> <span class='ocrx_word' id='word_1_237' title='bbox 277 995 346 1022; x_wconf 84' lang='grc' dir='ltr'>διότι</span> <span class='ocrx_word' id='word_1_238' title='bbox 367 995 401 1022; x_wconf 79' lang='grc' dir='ltr'><strong>τὰ</strong></span> <span class='ocrx_word' id='word_1_239' title='bbox 423 996 476 1022; x_wconf 82' lang='grc' dir='ltr'>τῶν</span> <span class='ocrx_word' id='word_1_240' title='bbox 509 996 648 1031; x_wconf 77' lang='grc' dir='ltr'>ἀρχόντων</span> <span class='ocrx_word' id='word_1_241' title='bbox 671 998 744 1026; x_wconf 63' lang='grc' dir='ltr'>κακὰ</span> <span class='ocrx_word' id='word_1_242' title='bbox 773 999 900 1033; x_wconf 58' lang='grc' dir='ltr'>συμτέορκ</span> 
     </span>
    </p>
   </div>
   <div class='ocr_carea' id='block_1_38' title="bbox 117 1041 483 1076">
    <p class='ocr_par' dir='ltr' id='par_1_38' title="bbox 117 1041 483 1076">
     <span class='ocr_line' id='line_1_38' title="bbox 117 1041 483 1076; baseline 0.008 -11"><span class='ocrx_word' id='word_1_243' title='bbox 117 1041 169 1071; x_wconf 80' lang='grc' dir='ltr'>τοῖς</span> <span class='ocrx_word' id='word_1_244' title='bbox 184 1041 348 1076; x_wconf 82' lang='grc' dir='ltr'>ἀρχομένοις</span> <span class='ocrx_word' id='word_1_245' title='bbox 366 1042 483 1075; x_wconf 85' lang='grc' dir='ltr'>γίνεται.</span> 
     </span>
    </p>
   </div>
   <div class='ocr_carea' id='block_1_39' title="bbox 956 905 1748 939">
    <p class='ocr_par' dir='ltr' id='par_1_39' title="bbox 956 905 1748 939">
     <span class='ocr_line' id='line_1_39' title="bbox 956 905 1748 939; baseline 0 -8"><span class='ocrx_word' id='word_1_246' title='bbox 956 905 1063 932; x_wconf 76' lang='lat' dir='ltr'><strong>invidiae</strong></span> <span class='ocrx_word' id='word_1_247' title='bbox 1078 905 1209 932; x_wconf 83' lang='lat' dir='ltr'><strong>adversus</strong></span> <span class='ocrx_word' id='word_1_248' title='bbox 1234 913 1289 932; x_wconf 91' lang='lat' dir='ltr'><strong>rem</strong></span> <span class='ocrx_word' id='word_1_249' title='bbox 1303 905 1500 937; x_wconf 79' lang='lat' dir='ltr'><strong>excellentem,</strong></span> <span class='ocrx_word' id='word_1_250' title='bbox 1524 905 1698 939; x_wconf 81' lang='lat' dir='ltr'><strong>suspiciones</strong></span> <span class='ocrx_word' id='word_1_251' title='bbox 1714 905 1748 931; x_wconf 80' lang='lat' dir='ltr'><strong>de</strong></span> 
     </span>
    </p>
   </div>
   <div class='ocr_carea' id='block_1_40' title="bbox 957 951 1746 986">
    <p class='ocr_par' dir='ltr' id='par_1_40' title="bbox 957 951 1746 986">
     <span class='ocr_line' id='line_1_40' title="bbox 957 951 1746 986; baseline -0.004 -7"><span class='ocrx_word' id='word_1_252' title='bbox 957 951 1151 980; x_wconf 78' lang='lat' dir='ltr'><strong>familiaribus.</strong></span> <span class='ocrx_word' id='word_1_253' title='bbox 1173 951 1293 986; x_wconf 81' lang='lat' dir='ltr'><strong>Denique</strong></span> <span class='ocrx_word' id='word_1_254' title='bbox 1311 951 1445 977; x_wconf 88' lang='lat' dir='ltr'><strong>malorum</strong></span> <span class='ocrx_word' id='word_1_255' title='bbox 1474 955 1603 985; x_wconf 79' lang='lat' dir='ltr'><strong>tanquam</strong></span> <span class='ocrx_word' id='word_1_256' title='bbox 1633 958 1746 977; x_wconf 68' lang='lat' dir='ltr'><strong>examen</strong></span> 
     </span>
    </p>
   </div>
   <div class='ocr_carea' id='block_1_41' title="bbox 956 995 1749 1032">
    <p class='ocr_par' dir='ltr' id='par_1_41' title="bbox 956 995 1749 1032">
     <span class='ocr_line' id='line_1_41' title="bbox 956 995 1749 1032; baseline -0.003 -10"><span class='ocrx_word' id='word_1_257' title='bbox 956 996 1093 1032; x_wconf 85' lang='lat' dir='ltr'><strong>juventuti</strong></span> <span class='ocrx_word' id='word_1_258' title='bbox 1111 1003 1268 1024; x_wconf 81' lang='lat' dir='ltr'><strong>connexum</strong></span> <span class='ocrx_word' id='word_1_259' title='bbox 1282 1001 1309 1023; x_wconf 90' lang='lat' dir='ltr'><strong>et</strong></span> <span class='ocrx_word' id='word_1_260' title='bbox 1321 995 1477 1029; x_wconf 83' lang='lat' dir='ltr'><strong>copulatum</strong></span> <span class='ocrx_word' id='word_1_261' title='bbox 1493 998 1546 1024; x_wconf 82' lang='lat' dir='ltr'><strong>est.</strong></span> <span class='ocrx_word' id='word_1_262' title='bbox 1559 1001 1674 1029; x_wconf 88' lang='lat' dir='ltr'><strong>quorum</strong></span> <span class='ocrx_word' id='word_1_263' title='bbox 1690 1001 1749 1020; x_wconf 88' lang='lat' dir='ltr'><strong>om-</strong></span> 
     </span>
    </p>
   </div>
   <div class='ocr_carea' id='block_1_42' title="bbox 957 1040 1746 1076">
    <p class='ocr_par' dir='ltr' id='par_1_42' title="bbox 957 1040 1746 1076">
     <span class='ocr_line' id='line_1_42' title="bbox 957 1040 1746 1076; baseline -0.006 -6"><span class='ocrx_word' id='word_1_264' title='bbox 957 1044 1033 1070; x_wconf 89' lang='lat' dir='ltr'><strong>nium</strong></span> <span class='ocrx_word' id='word_1_265' title='bbox 1053 1043 1173 1071; x_wconf 76' lang='lat' dir='ltr'><strong>fructum</strong></span> <span class='ocrx_word' id='word_1_266' title='bbox 1189 1049 1303 1070; x_wconf 82' lang='lat' dir='ltr'><strong>necesse</strong></span> <span class='ocrx_word' id='word_1_267' title='bbox 1317 1041 1400 1070; x_wconf 87' lang='lat' dir='ltr'><strong>estin</strong></span> <span class='ocrx_word' id='word_1_268' title='bbox 1411 1041 1550 1076; x_wconf 81' lang='lat' dir='ltr'><strong>subjectos</strong></span> <span class='ocrx_word' id='word_1_269' title='bbox 1567 1040 1722 1068; x_wconf 67' lang='lat' dir='ltr'><strong>redundare</strong></span> <span class='ocrx_word' id='word_1_270' title='bbox 1738 1060 1746 1072; x_wconf 84' lang='grc'><strong>,</strong></span> 
     </span>
    </p>
   </div>
   <div class='ocr_carea' id='block_1_43' title="bbox 116 1090 1170 1127">
    <p class='ocr_par' dir='ltr' id='par_1_43' title="bbox 116 1090 1170 1127">
     <span class='ocr_line' id='line_1_43' title="bbox 116 1090 1170 1127; baseline 0.002 -10"><span class='ocrx_word' id='word_1_271' title='bbox 116 1095 256 1124; x_wconf 79' lang='lat' dir='ltr'><strong>oropterea</strong></span> <span class='ocrx_word' id='word_1_272' title='bbox 270 1090 343 1124; x_wconf 85' lang='lat' dir='ltr'><strong>quod</strong></span> <span class='ocrx_word' id='word_1_273' title='bbox 360 1091 569 1125; x_wconf 75' lang='lat' dir='ltr'><strong>magistratuum</strong></span> <span class='ocrx_word' id='word_1_274' title='bbox 586 1091 650 1119; x_wconf 84' lang='lat' dir='ltr'><strong>vitia</strong></span> <span class='ocrx_word' id='word_1_275' title='bbox 667 1091 797 1126; x_wconf 83' lang='lat' dir='ltr'><strong>subjectis</strong></span> <span class='ocrx_word' id='word_1_276' title='bbox 812 1091 960 1127; x_wconf 85' lang='lat' dir='ltr'><strong>importem</strong></span> <span class='ocrx_word' id='word_1_277' title='bbox 976 1091 1170 1119; x_wconf 85' lang='lat' dir='ltr'><strong>calamitatem.</strong></span> 
     </span>
    </p>
   </div>
   <div class='ocr_carea' id='block_1_44' title="bbox 149 1137 898 1174">
    <p class='ocr_par' dir='ltr' id='par_1_44' title="bbox 149 1137 898 1174">
     <span class='ocr_line' id='line_1_44' title="bbox 149 1137 898 1174; baseline 0.003 -11"><span class='ocrx_word' id='word_1_278' title='bbox 149 1137 314 1171; x_wconf 78' lang='grc' dir='ltr'>Εὑρίπιστον</span> <span class='ocrx_word' id='word_1_279' title='bbox 331 1139 347 1173; x_wconf 85' lang='grc' dir='ltr'>ἡ</span> <span class='ocrx_word' id='word_1_280' title='bbox 364 1139 469 1172; x_wconf 79' lang='grc' dir='ltr'>νεότης,</span> <span class='ocrx_word' id='word_1_281' title='bbox 484 1140 530 1166; x_wconf 73' lang='grc' dir='ltr'>καὶ</span> <span class='ocrx_word' id='word_1_282' title='bbox 546 1139 646 1174; x_wconf 78' lang='grc' dir='ltr'>ῥᾳδίως</span> <span class='ocrx_word' id='word_1_283' title='bbox 660 1141 720 1170; x_wconf 77' lang='grc' dir='ltr'>ταῖς</span> <span class='ocrx_word' id='word_1_284' title='bbox 735 1140 829 1171; x_wconf 73' lang='grc' dir='ltr'>κεναῖς</span> <span class='ocrx_word' id='word_1_285' title='bbox 843 1139 898 1166; x_wconf 80' lang='grc' dir='ltr'>τῶν</span> 
     </span>
    </p>
   </div>
   <div class='ocr_carea' id='block_1_45' title="bbox 117 1183 902 1220">
    <p class='ocr_par' dir='ltr' id='par_1_45' title="bbox 117 1183 902 1220">
     <span class='ocr_line' id='line_1_45' title="bbox 117 1183 902 1220; baseline 0 -10"><span class='ocrx_word' id='word_1_286' title='bbox 117 1183 230 1211; x_wconf 65' lang='grc' dir='ltr'>ἐλπίδων</span> <span class='ocrx_word' id='word_1_287' title='bbox 254 1184 501 1220; x_wconf 75' lang='grc' dir='ltr'><strong>μετεωριζόμενον.</strong></span> <span class='ocrx_word' id='word_1_288' title='bbox 519 1186 548 1211; x_wconf 81' lang='lat' dir='ltr'><strong>El</strong></span> <span class='ocrx_word' id='word_1_289' title='bbox 563 1185 591 1212; x_wconf 79' lang='grc' dir='ltr'>δὲ</span> <span class='ocrx_word' id='word_1_290' title='bbox 607 1186 655 1212; x_wconf 86' lang='grc' dir='ltr'>καὶ</span> <span class='ocrx_word' id='word_1_291' title='bbox 668 1185 792 1218; x_wconf 76' lang='grc' dir='ltr'>ἐξουσίας</span> <span class='ocrx_word' id='word_1_292' title='bbox 816 1186 902 1218; x_wconf 83' lang='grc' dir='ltr'>ὑπερ-</span> 
     </span>
    </p>
   </div>
   <div class='ocr_carea' id='block_1_46' title="bbox 117 1230 900 1267">
    <p class='ocr_par' dir='ltr' id='par_1_46' title="bbox 117 1230 900 1267">
     <span class='ocr_line' id='line_1_46' title="bbox 117 1230 900 1267; baseline 0.004 -12"><span class='ocrx_word' id='word_1_293' title='bbox 117 1230 162 1264; x_wconf 58' lang='grc' dir='ltr'><strong>)ιὴ</strong></span> <span class='ocrx_word' id='word_1_294' title='bbox 182 1230 308 1266; x_wconf 71' lang='grc' dir='ltr'>προσείη,</span> <span class='ocrx_word' id='word_1_295' title='bbox 334 1231 435 1265; x_wconf 78' lang='grc' dir='ltr'>μείζων</span> <span class='ocrx_word' id='word_1_296' title='bbox 460 1232 509 1265; x_wconf 86' lang='grc' dir='ltr'>μὲν</span> <span class='ocrx_word' id='word_1_297' title='bbox 525 1233 541 1266; x_wconf 81' lang='grc' dir='ltr'>ἡ</span> <span class='ocrx_word' id='word_1_298' title='bbox 559 1231 705 1267; x_wconf 66' lang='grc' dir='ltr'>κουφότης,</span> <span class='ocrx_word' id='word_1_299' title='bbox 722 1232 762 1262; x_wconf 77' lang='grc' dir='ltr'><strong>εἰς</strong></span> <span class='ocrx_word' id='word_1_300' title='bbox 788 1231 900 1266; x_wconf 74' lang='grc' dir='ltr'>μείζονα</span> 
     </span>
    </p>
   </div>
   <div class='ocr_carea' id='block_1_47' title="bbox 117 1275 810 1312">
    <p class='ocr_par' dir='ltr' id='par_1_47' title="bbox 117 1275 810 1312">
     <span class='ocr_line' id='line_1_47' title="bbox 117 1275 810 1312; baseline 0.003 -10"><span class='ocrx_word' id='word_1_301' title='bbox 117 1275 142 1302; x_wconf 67' lang='grc' dir='ltr'><strong>εὶ</strong></span> <span class='ocrx_word' id='word_1_302' title='bbox 155 1275 249 1303; x_wconf 78' lang='grc' dir='ltr'>ἄνοιαν</span> <span class='ocrx_word' id='word_1_303' title='bbox 265 1276 314 1303; x_wconf 78' lang='grc' dir='ltr'>καὶ</span> <span class='ocrx_word' id='word_1_304' title='bbox 329 1277 442 1309; x_wconf 74' lang='grc' dir='ltr'>πτῶσιν,</span> <span class='ocrx_word' id='word_1_305' title='bbox 457 1276 495 1308; x_wconf 79' lang='grc' dir='ltr'>ὡς</span> <span class='ocrx_word' id='word_1_306' title='bbox 508 1277 542 1304; x_wconf 82' lang='grc' dir='ltr'>τὰ</span> <span class='ocrx_word' id='word_1_307' title='bbox 558 1277 644 1304; x_wconf 82' lang='grc' dir='ltr'>πολλὰ</span> <span class='ocrx_word' id='word_1_308' title='bbox 660 1278 810 1312; x_wconf 80' lang='grc' dir='ltr'>προχωρεῖ.</span> 
     </span>
    </p>
   </div>
   <div class='ocr_carea' id='block_1_48' title="bbox 153 1321 903 1359">
    <p class='ocr_par' dir='ltr' id='par_1_48' title="bbox 153 1321 903 1359">
     <span class='ocr_line' id='line_1_48' title="bbox 153 1321 903 1359; baseline 0.001 -12"><span class='ocrx_word' id='word_1_309' title='bbox 153 1321 316 1356; x_wconf 77' lang='grc' dir='ltr'>Εὑρίπιστος</span> <span class='ocrx_word' id='word_1_310' title='bbox 338 1323 355 1357; x_wconf 86' lang='grc' dir='ltr'><strong>ή</strong></span> <span class='ocrx_word' id='word_1_311' title='bbox 375 1323 482 1358; x_wconf 81' lang='grc' dir='ltr'>νεότης,</span> <span class='ocrx_word' id='word_1_312' title='bbox 500 1323 548 1350; x_wconf 74' lang='grc' dir='ltr'>καὶ</span> <span class='ocrx_word' id='word_1_313' title='bbox 573 1323 641 1358; x_wconf 74' lang='grc' dir='ltr'>πρὸς</span> <span class='ocrx_word' id='word_1_314' title='bbox 665 1323 765 1349; x_wconf 83' lang='grc' dir='ltr'>κακίαν</span> <span class='ocrx_word' id='word_1_315' title='bbox 789 1322 903 1359; x_wconf 77' lang='grc' dir='ltr'><strong>ὀξύῤῥο-</strong></span> 
     </span>
    </p>
   </div>
   <div class='ocr_carea' id='block_1_49' title="bbox 117 1368 903 1405">
    <p class='ocr_par' dir='ltr' id='par_1_49' title="bbox 117 1368 903 1405">
     <span class='ocr_line' id='line_1_49' title="bbox 117 1368 903 1405; baseline 0.003 -11"><span class='ocrx_word' id='word_1_316' title='bbox 117 1377 164 1399; x_wconf 80' lang='grc' dir='ltr'><strong>πος</strong></span> <span class='ocrx_word' id='word_1_317' title='bbox 178 1376 185 1384; x_wconf 92' lang='grc'>·</span> <span class='ocrx_word' id='word_1_318' title='bbox 208 1368 348 1404; x_wconf 82' lang='grc' dir='ltr'>διαφόροις</span> <span class='ocrx_word' id='word_1_319' title='bbox 369 1369 423 1404; x_wconf 82' lang='grc' dir='ltr'><strong>γὰρ</strong></span> <span class='ocrx_word' id='word_1_320' title='bbox 444 1370 616 1405; x_wconf 79' lang='grc' dir='ltr'>παθημάτων</span> <span class='ocrx_word' id='word_1_321' title='bbox 637 1369 832 1404; x_wconf 79' lang='grc' dir='ltr'>περικλύζεται</span> <span class='ocrx_word' id='word_1_322' title='bbox 855 1369 903 1396; x_wconf 87' lang='grc' dir='ltr'><strong>κύ-</strong></span> 
     </span>
    </p>
   </div>
   <div class='ocr_carea' id='block_1_50' title="bbox 117 1415 902 1452">
    <p class='ocr_par' dir='ltr' id='par_1_50' title="bbox 117 1415 902 1452">
     <span class='ocr_line' id='line_1_50' title="bbox 117 1415 902 1452; baseline 0.003 -11"><span class='ocrx_word' id='word_1_323' title='bbox 117 1424 194 1450; x_wconf 82' lang='grc' dir='ltr'>μασι.</span> <span class='ocrx_word' id='word_1_324' title='bbox 210 1415 301 1442; x_wconf 75' lang='grc' dir='ltr'>Δεῖται</span> <span class='ocrx_word' id='word_1_325' title='bbox 317 1415 407 1443; x_wconf 81' lang='grc' dir='ltr'>τοίνυν</span> <span class='ocrx_word' id='word_1_326' title='bbox 422 1416 470 1443; x_wconf 86' lang='grc' dir='ltr'><strong>τοῦ</strong></span> <span class='ocrx_word' id='word_1_327' title='bbox 485 1417 679 1452; x_wconf 76' lang='grc' dir='ltr'>ποδηγοῦντος,</span> <span class='ocrx_word' id='word_1_328' title='bbox 697 1416 742 1443; x_wconf 76' lang='grc' dir='ltr'>καὶ</span> <span class='ocrx_word' id='word_1_329' title='bbox 755 1416 825 1451; x_wconf 73' lang='grc' dir='ltr'>πρὸς</span> <span class='ocrx_word' id='word_1_330' title='bbox 838 1417 902 1448; x_wconf 73' lang='grc' dir='ltr'>τοὺς</span> 
     </span>
    </p>
   </div>
   <div class='ocr_carea' id='block_1_51' title="bbox 117 1461 443 1496">
    <p class='ocr_par' dir='ltr' id='par_1_51' title="bbox 117 1461 443 1496">
     <span class='ocr_line' id='line_1_51' title="bbox 117 1461 443 1496; baseline 0.009 -10"><span class='ocrx_word' id='word_1_331' title='bbox 117 1462 229 1496; x_wconf 65' lang='grc' dir='ltr'>λιμένας</span> <span class='ocrx_word' id='word_1_332' title='bbox 244 1461 443 1494; x_wconf 79' lang='grc' dir='ltr'>διευθύνοντος.</span> 
     </span>
    </p>
   </div>
   <div class='ocr_carea' id='block_1_52' title="bbox 150 1507 904 1546">
    <p class='ocr_par' dir='ltr' id='par_1_52' title="bbox 150 1507 904 1546">
     <span class='ocr_line' id='line_1_52' title="bbox 150 1507 904 1546; baseline 0.003 -13"><span class='ocrx_word' id='word_1_333' title='bbox 150 1508 184 1534; x_wconf 87' lang='grc' dir='ltr'>Τί</span> <span class='ocrx_word' id='word_1_334' title='bbox 200 1507 299 1542; x_wconf 70' lang='grc' dir='ltr'>σαρκὸς</span> <span class='ocrx_word' id='word_1_335' title='bbox 314 1508 488 1545; x_wconf 73' lang='grc' dir='ltr'>εὐπαθούσης</span> <span class='ocrx_word' id='word_1_336' title='bbox 504 1508 552 1536; x_wconf 80' lang='grc' dir='ltr'>καὶ</span> <span class='ocrx_word' id='word_1_337' title='bbox 569 1510 698 1545; x_wconf 73' lang='grc' dir='ltr'>νεότητος</span> <span class='ocrx_word' id='word_1_338' title='bbox 716 1509 904 1546; x_wconf 65' lang='grc' dir='ltr'>ωριφερομέι</span> 
     </span>
    </p>
   </div>
   <div class='ocr_carea' id='block_1_53' title="bbox 118 1554 398 1589">
    <p class='ocr_par' dir='ltr' id='par_1_53' title="bbox 118 1554 398 1589">
     <span class='ocr_line' id='line_1_53' title="bbox 118 1554 398 1589; baseline 0 -1"><span class='ocrx_word' id='word_1_339' title='bbox 118 1562 164 1588; x_wconf 67' lang='lat' dir='ltr'><strong>vn:</strong></span> <span class='ocrx_word' id='word_1_340' title='bbox 179 1554 398 1589; x_wconf 74' lang='grc' dir='ltr'>ἀφρονέστερον;</span> 
     </span>
    </p>
   </div>
   <div class='ocr_carea' id='block_1_54' title="bbox 151 1646 544 1681">
    <p class='ocr_par' dir='ltr' id='par_1_54' title="bbox 151 1646 544 1681">
     <span class='ocr_line' id='line_1_54' title="bbox 151 1646 544 1681; baseline 0 -8"><span class='ocrx_word' id='word_1_341' title='bbox 151 1647 255 1679; x_wconf 81' lang='grc' dir='ltr'>Νεότης</span> <span class='ocrx_word' id='word_1_342' title='bbox 272 1646 418 1681; x_wconf 79' lang='grc' dir='ltr'>βράσματα</span> <span class='ocrx_word' id='word_1_343' title='bbox 433 1646 544 1681; x_wconf 84' lang='grc' dir='ltr'>χρόνου.</span> 
     </span>
    </p>
   </div>
   <div class='ocr_carea' id='block_1_55' title="bbox 154 1691 903 1728">
    <p class='ocr_par' dir='ltr' id='par_1_55' title="bbox 154 1691 903 1728">
     <span class='ocr_line' id='line_1_55' title="bbox 154 1691 903 1728; baseline -0.001 -9"><span class='ocrx_word' id='word_1_344' title='bbox 154 1693 226 1725; x_wconf 77' lang='grc' dir='ltr'>Πρὸς</span> <span class='ocrx_word' id='word_1_345' title='bbox 255 1692 341 1727; x_wconf 78' lang='grc' dir='ltr'>θυμὸν</span> <span class='ocrx_word' id='word_1_346' title='bbox 369 1692 416 1719; x_wconf 83' lang='grc' dir='ltr'><strong>καὶ</strong></span> <span class='ocrx_word' id='word_1_347' title='bbox 445 1693 512 1728; x_wconf 76' lang='grc' dir='ltr'>πρὸς</span> <span class='ocrx_word' id='word_1_348' title='bbox 543 1691 692 1726; x_wconf 66' lang='grc' dir='ltr'>ἐπιθυμίας</span> <span class='ocrx_word' id='word_1_349' title='bbox 723 1691 903 1726; x_wconf 75' lang='grc' dir='ltr'>εὕεμπτωτος</span> 
     </span>
    </p>
   </div>
   <div class='ocr_carea' id='block_1_56' title="bbox 118 1738 905 1773">
    <p class='ocr_par' dir='ltr' id='par_1_56' title="bbox 118 1738 905 1773">
     <span class='ocr_line' id='line_1_56' title="bbox 118 1738 905 1773; baseline -0.001 -8"><span class='ocrx_word' id='word_1_350' title='bbox 118 1739 220 1773; x_wconf 78' lang='grc' dir='ltr'>μᾶλλόν</span> <span class='ocrx_word' id='word_1_351' title='bbox 246 1739 319 1765; x_wconf 74' lang='grc' dir='ltr'>ἐστιν</span> <span class='ocrx_word' id='word_1_352' title='bbox 342 1739 356 1764; x_wconf 80' lang='grc' dir='ltr'><strong>ὁ</strong></span> <span class='ocrx_word' id='word_1_353' title='bbox 382 1739 441 1769; x_wconf 82' lang='grc' dir='ltr'>νέος</span> <span class='ocrx_word' id='word_1_354' title='bbox 455 1747 462 1755; x_wconf 89' lang='grc'>·</span> <span class='ocrx_word' id='word_1_355' title='bbox 486 1739 526 1765; x_wconf 75' lang='grc' dir='ltr'><strong>διὸ</strong></span> <span class='ocrx_word' id='word_1_356' title='bbox 548 1739 594 1765; x_wconf 76' lang='grc' dir='ltr'><strong>καὶ</strong></span> <span class='ocrx_word' id='word_1_357' title='bbox 616 1738 739 1769; x_wconf 78' lang='grc' dir='ltr'>πλείονος</span> <span class='ocrx_word' id='word_1_358' title='bbox 754 1739 840 1764; x_wconf 85' lang='grc' dir='ltr'>δεῖται</span> <span class='ocrx_word' id='word_1_359' title='bbox 855 1740 905 1772; x_wconf 82' lang='grc' dir='ltr'>τῆς</span> 
     </span>
    </p>
   </div>
   <div class='ocr_carea' id='block_1_57' title="bbox 118 1784 905 1821">
    <p class='ocr_par' dir='ltr' id='par_1_57' title="bbox 118 1784 905 1821">
     <span class='ocr_line' id='line_1_57' title="bbox 118 1784 905 1821; baseline -0.003 -10"><span class='ocrx_word' id='word_1_360' title='bbox 118 1785 255 1821; x_wconf 78' lang='grc' dir='ltr'>φυλακῆς,</span> <span class='ocrx_word' id='word_1_361' title='bbox 281 1785 460 1820; x_wconf 72' lang='grc' dir='ltr'>σφοδροτέρου</span> <span class='ocrx_word' id='word_1_362' title='bbox 483 1793 530 1812; x_wconf 84' lang='grc' dir='ltr'><strong>του</strong></span> <span class='ocrx_word' id='word_1_363' title='bbox 548 1785 670 1820; x_wconf 73' lang='grc' dir='ltr'>χαλινοῦ,</span> <span class='ocrx_word' id='word_1_364' title='bbox 699 1784 905 1819; x_wconf 72' lang='grc' dir='ltr'>ἀσφαλεστέρου</span> 
     </span>
    </p>
   </div>
   <div class='ocr_carea' id='block_1_58' title="bbox 116 1830 597 1867">
    <p class='ocr_par' dir='ltr' id='par_1_58' title="bbox 116 1830 597 1867">
     <span class='ocr_line' id='line_1_58' title="bbox 116 1830 597 1867; baseline 0.006 -10"><span class='ocrx_word' id='word_1_365' title='bbox 116 1831 166 1858; x_wconf 80' lang='grc' dir='ltr'><strong>τοῦ</strong></span> <span class='ocrx_word' id='word_1_366' title='bbox 180 1832 282 1867; x_wconf 78' lang='grc' dir='ltr'>τοιχίου</span> <span class='ocrx_word' id='word_1_367' title='bbox 300 1831 347 1859; x_wconf 79' lang='grc' dir='ltr'>καὶ</span> <span class='ocrx_word' id='word_1_368' title='bbox 362 1830 408 1858; x_wconf 84' lang='grc' dir='ltr'>τοῦ</span> <span class='ocrx_word' id='word_1_369' title='bbox 425 1831 597 1867; x_wconf 81' lang='grc' dir='ltr'>κωλύματος.</span> 
     </span>
    </p>
   </div>
   <div class='ocr_carea' id='block_1_59' title="bbox 160 1876 908 1912">
    <p class='ocr_par' dir='ltr' id='par_1_59' title="bbox 160 1876 908 1912">
     <span class='ocr_line' id='line_1_59' title="bbox 160 1876 908 1912; baseline -0.001 -9"><span class='ocrx_word' id='word_1_370' title='bbox 160 1877 193 1903; x_wconf 82' lang='grc' dir='ltr'><em>Ἢ</em></span> <span class='ocrx_word' id='word_1_371' title='bbox 215 1876 297 1903; x_wconf 77' lang='grc' dir='ltr'>πολιὰ</span> <span class='ocrx_word' id='word_1_372' title='bbox 320 1877 380 1903; x_wconf 80' lang='grc' dir='ltr'>τότε</span> <span class='ocrx_word' id='word_1_373' title='bbox 396 1876 470 1903; x_wconf 78' lang='grc' dir='ltr'>ἐστὶν</span> <span class='ocrx_word' id='word_1_374' title='bbox 486 1877 634 1911; x_wconf 79' lang='grc' dir='ltr'>αἰδέσιμος,</span> <span class='ocrx_word' id='word_1_375' title='bbox 653 1878 718 1904; x_wconf 83' lang='grc' dir='ltr'>ὅταν</span> <span class='ocrx_word' id='word_1_376' title='bbox 733 1878 767 1904; x_wconf 83' lang='grc' dir='ltr'>τὰ</span> <span class='ocrx_word' id='word_1_377' title='bbox 781 1876 831 1912; x_wconf 83' lang='grc' dir='ltr'>τῆς</span> <span class='ocrx_word' id='word_1_378' title='bbox 858 1883 908 1902; x_wconf 68' lang='grc' dir='ltr'>πο-</span> 
     </span>
    </p>
   </div>
   <div class='ocr_carea' id='block_1_60' title="bbox 117 1921 908 1958">
    <p class='ocr_par' dir='ltr' id='par_1_60' title="bbox 117 1921 908 1958">
     <span class='ocr_line' id='line_1_60' title="bbox 117 1921 908 1958; baseline 0 -10"><span class='ocrx_word' id='word_1_379' title='bbox 117 1923 177 1953; x_wconf 78' lang='grc' dir='ltr'>λιᾶς</span> <span class='ocrx_word' id='word_1_380' title='bbox 193 1922 310 1957; x_wconf 75' lang='grc' dir='ltr'>πράττῃ·</span> <span class='ocrx_word' id='word_1_381' title='bbox 326 1922 390 1948; x_wconf 80' lang='grc' dir='ltr'>ὅταν</span> <span class='ocrx_word' id='word_1_382' title='bbox 405 1921 434 1947; x_wconf 69' lang='grc' dir='ltr'><strong>δὲ</strong></span> <span class='ocrx_word' id='word_1_383' title='bbox 449 1923 599 1958; x_wconf 73' lang='grc' dir='ltr'>νεωτερίζῃ</span> <span class='ocrx_word' id='word_1_384' title='bbox 610 1923 644 1949; x_wconf 76' lang='grc' dir='ltr'>τὰ</span> <span class='ocrx_word' id='word_1_385' title='bbox 658 1922 711 1948; x_wconf 88' lang='grc' dir='ltr'><strong>τῶν</strong></span> <span class='ocrx_word' id='word_1_386' title='bbox 730 1922 809 1955; x_wconf 74' lang='grc' dir='ltr'>νέων,</span> <span class='ocrx_word' id='word_1_387' title='bbox 820 1929 908 1948; x_wconf 81' lang='grc' dir='ltr'>κατα-</span> 
     </span>
    </p>
   </div>
   <div class='ocr_carea' id='block_1_61' title="bbox 117 1966 406 2000">
    <p class='ocr_par' dir='ltr' id='par_1_61' title="bbox 117 1966 406 2000">
     <span class='ocr_line' id='line_1_61' title="bbox 117 1966 406 2000; baseline 0.003 -8"><span class='ocrx_word' id='word_1_388' title='bbox 117 1966 301 2000; x_wconf 75' lang='grc' dir='ltr'>γελαστοτέρα</span> <span class='ocrx_word' id='word_1_389' title='bbox 319 1966 406 1993; x_wconf 72' lang='grc' dir='ltr'>ἔσται.</span> 
     </span>
    </p>
   </div>
   <div class='ocr_carea' id='block_1_62' title="bbox 163 2054 908 2091">
    <p class='ocr_par' dir='ltr' id='par_1_62' title="bbox 163 2054 908 2091">
     <span class='ocr_line' id='line_1_62' title="bbox 163 2054 908 2091; baseline -0.001 -9"><span class='ocrx_word' id='word_1_390' title='bbox 163 2055 224 2083; x_wconf 73' lang='grc' dir='ltr'><strong>Ἐπὶ</strong></span> <span class='ocrx_word' id='word_1_391' title='bbox 240 2056 340 2088; x_wconf 80' lang='grc' dir='ltr'>παντὸς</span> <span class='ocrx_word' id='word_1_392' title='bbox 352 2056 390 2088; x_wconf 85' lang='grc' dir='ltr'><strong>ὡς</strong></span> <span class='ocrx_word' id='word_1_393' title='bbox 410 2056 457 2083; x_wconf 78' lang='grc' dir='ltr'><strong>ἐπὶ</strong></span> <span class='ocrx_word' id='word_1_394' title='bbox 473 2056 541 2083; x_wconf 82' lang='grc' dir='ltr'>πολὺ</span> <span class='ocrx_word' id='word_1_395' title='bbox 564 2056 729 2091; x_wconf 84' lang='grc' dir='ltr'>πράγματος</span> <span class='ocrx_word' id='word_1_396' title='bbox 753 2054 908 2090; x_wconf 73' lang='grc' dir='ltr'>ἐπισφαλὴς</span> 
     </span>
    </p>
   </div>
   <div class='ocr_carea' id='block_1_63' title="bbox 119 2101 908 2137">
    <p class='ocr_par' dir='ltr' id='par_1_63' title="bbox 119 2101 908 2137">
     <span class='ocr_line' id='line_1_63' title="bbox 119 2101 908 2137; baseline -0.001 -9"><span class='ocrx_word' id='word_1_397' title='bbox 119 2101 272 2136; x_wconf 72' lang='grc' dir='ltr'>σύμδουλος</span> <span class='ocrx_word' id='word_1_398' title='bbox 288 2103 304 2136; x_wconf 87' lang='grc' dir='ltr'>ἠ</span> <span class='ocrx_word' id='word_1_399' title='bbox 320 2102 428 2137; x_wconf 77' lang='grc' dir='ltr'>νεότης,</span> <span class='ocrx_word' id='word_1_400' title='bbox 442 2102 489 2128; x_wconf 81' lang='grc' dir='ltr'>καὶ</span> <span class='ocrx_word' id='word_1_401' title='bbox 512 2102 562 2128; x_wconf 79' lang='grc' dir='ltr'>οὐκ</span> <span class='ocrx_word' id='word_1_402' title='bbox 588 2102 621 2129; x_wconf 76' lang='grc' dir='ltr'>ἄν</span> <span class='ocrx_word' id='word_1_403' title='bbox 641 2110 684 2133; x_wconf 81' lang='grc' dir='ltr'><strong>τις</strong></span> <span class='ocrx_word' id='word_1_404' title='bbox 709 2101 784 2136; x_wconf 82' lang='grc' dir='ltr'>εὕροι</span> <span class='ocrx_word' id='word_1_405' title='bbox 809 2109 908 2135; x_wconf 85' lang='grc' dir='ltr'>κατορ-</span> 
     </span>
    </p>
   </div>
   <div class='ocr_carea' id='block_1_64' title="bbox 119 2142 909 2181">
    <p class='ocr_par' dir='ltr' id='par_1_64' title="bbox 119 2142 909 2181">
     <span class='ocr_line' id='line_1_64' title="bbox 119 2142 909 2181; baseline -0.001 -9"><span class='ocrx_word' id='word_1_406' title='bbox 119 2146 207 2172; x_wconf 82' lang='grc' dir='ltr'>θωθέν</span> <span class='ocrx_word' id='word_1_407' title='bbox 234 2155 260 2173; x_wconf 92' lang='grc' dir='ltr'><strong>τι</strong></span> <span class='ocrx_word' id='word_1_408' title='bbox 286 2146 383 2181; x_wconf 76' lang='grc' dir='ltr'>ῥᾳδίως</span> <span class='ocrx_word' id='word_1_409' title='bbox 400 2145 454 2173; x_wconf 85' lang='grc' dir='ltr'><strong>τῶν</strong></span> <span class='ocrx_word' id='word_1_410' title='bbox 480 2146 598 2180; x_wconf 72' lang='grc' dir='ltr'>σπουδῆς</span> <span class='ocrx_word' id='word_1_411' title='bbox 625 2146 718 2179; x_wconf 74' lang='grc' dir='ltr'><strong>ἀξίων¹</strong></span> <span class='ocrx_word' id='word_1_412' title='bbox 744 2142 766 2179; x_wconf 84' lang='grc' dir='ltr'><strong>ᾧ</strong></span> <span class='ocrx_word' id='word_1_413' title='bbox 796 2146 834 2180; x_wconf 83' lang='grc' dir='ltr'>μὴ</span> <span class='ocrx_word' id='word_1_414' title='bbox 861 2144 909 2171; x_wconf 78' lang='grc' dir='ltr'>καὶ</span> 
     </span>
    </p>
   </div>
   <div class='ocr_carea' id='block_1_65' title="bbox 989 1136 1750 1172">
    <p class='ocr_par' dir='ltr' id='par_1_65' title="bbox 989 1136 1750 1172">
     <span class='ocr_line' id='line_1_65' title="bbox 989 1136 1750 1172; baseline -0.003 -7"><span class='ocrx_word' id='word_1_415' title='bbox 989 1138 1136 1166; x_wconf 83' lang='lat' dir='ltr'><strong>Juventute</strong></span> <span class='ocrx_word' id='word_1_416' title='bbox 1148 1138 1216 1165; x_wconf 90' lang='lat' dir='ltr'><strong>nihil</strong></span> <span class='ocrx_word' id='word_1_417' title='bbox 1232 1137 1372 1169; x_wconf 77' lang='lat' dir='ltr'><strong>mobilius.</strong></span> <span class='ocrx_word' id='word_1_418' title='bbox 1388 1142 1417 1164; x_wconf 87' lang='lat' dir='ltr'><strong>et</strong></span> <span class='ocrx_word' id='word_1_419' title='bbox 1436 1137 1516 1164; x_wconf 81' lang='lat' dir='ltr'><strong>facile</strong></span> <span class='ocrx_word' id='word_1_420' title='bbox 1528 1145 1595 1164; x_wconf 83' lang='lat' dir='ltr'><strong>vana</strong></span> <span class='ocrx_word' id='word_1_421' title='bbox 1612 1144 1661 1172; x_wconf 81' lang='lat' dir='ltr'><strong>spe</strong></span> <span class='ocrx_word' id='word_1_422' title='bbox 1670 1136 1750 1163; x_wconf 39' lang='lat' dir='ltr'><strong>offir-</strong></span> 
     </span>
    </p>
   </div>
   <div class='ocr_carea' id='block_1_66' title="bbox 957 1185 1748 1220">
    <p class='ocr_par' dir='ltr' id='par_1_66' title="bbox 957 1185 1748 1220">
     <span class='ocr_line' id='line_1_66' title="bbox 957 1185 1748 1220; baseline 0 -8"><span class='ocrx_word' id='word_1_423' title='bbox 957 1191 1001 1212; x_wconf 87' lang='lat' dir='ltr'><strong>tur</strong></span> <span class='ocrx_word' id='word_1_424' title='bbox 1031 1194 1038 1211; x_wconf 95' lang='lat'><strong>:</strong></span> <span class='ocrx_word' id='word_1_425' title='bbox 1068 1185 1140 1219; x_wconf 86' lang='lat' dir='ltr'><strong>quod</strong></span> <span class='ocrx_word' id='word_1_426' title='bbox 1169 1185 1191 1213; x_wconf 90' lang='lat' dir='ltr'><strong>si</strong></span> <span class='ocrx_word' id='word_1_427' title='bbox 1222 1189 1386 1220; x_wconf 79' lang='lat' dir='ltr'><strong>potestatem</strong></span> <span class='ocrx_word' id='word_1_428' title='bbox 1407 1193 1544 1213; x_wconf 81' lang='lat' dir='ltr'><strong>summum</strong></span> <span class='ocrx_word' id='word_1_429' title='bbox 1569 1186 1748 1220; x_wconf 76' lang='lat' dir='ltr'><strong>adipiScatur.</strong></span> 
     </span>
    </p>
   </div>
   <div class='ocr_carea' id='block_1_67' title="bbox 957 1231 1749 1266">
    <p class='ocr_par' dir='ltr' id='par_1_67' title="bbox 957 1231 1749 1266">
     <span class='ocr_line' id='line_1_67' title="bbox 957 1231 1749 1266; baseline 0 -8"><span class='ocrx_word' id='word_1_430' title='bbox 957 1236 1012 1258; x_wconf 89' lang='lat' dir='ltr'><strong>tmn</strong></span> <span class='ocrx_word' id='word_1_431' title='bbox 1030 1231 1126 1259; x_wconf 86' lang='lat' dir='ltr'><strong>levitas</strong></span> <span class='ocrx_word' id='word_1_432' title='bbox 1141 1231 1227 1266; x_wconf 87' lang='lat' dir='ltr'><strong>major</strong></span> <span class='ocrx_word' id='word_1_433' title='bbox 1246 1231 1274 1258; x_wconf 85' lang='lat' dir='ltr'><strong>fit</strong></span> <span class='ocrx_word' id='word_1_434' title='bbox 1286 1252 1294 1264; x_wconf 90' lang='lat'><strong>,</strong></span> <span class='ocrx_word' id='word_1_435' title='bbox 1308 1236 1365 1258; x_wconf 91' lang='lat' dir='ltr'><strong>tum</strong></span> <span class='ocrx_word' id='word_1_436' title='bbox 1391 1231 1418 1258; x_wconf 87' lang='lat' dir='ltr'><strong>in</strong></span> <span class='ocrx_word' id='word_1_437' title='bbox 1439 1231 1571 1265; x_wconf 87' lang='lat' dir='ltr'><strong>majorem</strong></span> <span class='ocrx_word' id='word_1_438' title='bbox 1607 1231 1749 1258; x_wconf 87' lang='lat' dir='ltr'><strong>stultitiam</strong></span> 
     </span>
    </p>
   </div>
   <div class='ocr_carea' id='block_1_68' title="bbox 956 1277 1375 1312">
    <p class='ocr_par' dir='ltr' id='par_1_68' title="bbox 956 1277 1375 1312">
     <span class='ocr_line' id='line_1_68' title="bbox 956 1277 1375 1312; baseline 0 -8"><span class='ocrx_word' id='word_1_439' title='bbox 956 1282 983 1305; x_wconf 90' lang='lat' dir='ltr'><strong>et</strong></span> <span class='ocrx_word' id='word_1_440' title='bbox 996 1278 1104 1304; x_wconf 76' lang='lat' dir='ltr'><strong>ruinam</strong></span> <span class='ocrx_word' id='word_1_441' title='bbox 1121 1277 1177 1304; x_wconf 81' lang='lat' dir='ltr'><strong>fere</strong></span> <span class='ocrx_word' id='word_1_442' title='bbox 1189 1278 1375 1312; x_wconf 77' lang='lat' dir='ltr'><strong>progreditur.</strong></span> 
     </span>
    </p>
   </div>
   <div class='ocr_carea' id='block_1_69' title="bbox 989 1323 1750 1358">
    <p class='ocr_par' dir='ltr' id='par_1_69' title="bbox 989 1323 1750 1358">
     <span class='ocr_line' id='line_1_69' title="bbox 989 1323 1750 1358; baseline 0.003 -9"><span class='ocrx_word' id='word_1_443' title='bbox 989 1323 1166 1350; x_wconf 75' lang='lat' dir='ltr'><strong>Mobilissiuna</strong></span> <span class='ocrx_word' id='word_1_444' title='bbox 1181 1323 1321 1356; x_wconf 81' lang='lat' dir='ltr'><strong>juventus,</strong></span> <span class='ocrx_word' id='word_1_445' title='bbox 1338 1327 1365 1350; x_wconf 88' lang='lat' dir='ltr'><strong>et</strong></span> <span class='ocrx_word' id='word_1_446' title='bbox 1386 1323 1419 1350; x_wconf 89' lang='lat' dir='ltr'><strong>ad</strong></span> <span class='ocrx_word' id='word_1_447' title='bbox 1445 1323 1508 1350; x_wconf 85' lang='lat' dir='ltr'><strong>vitia</strong></span> <span class='ocrx_word' id='word_1_448' title='bbox 1534 1330 1686 1358; x_wconf 69' lang='lat' dir='ltr'><strong>propensa;</strong></span> <span class='ocrx_word' id='word_1_449' title='bbox 1704 1323 1750 1351; x_wconf 77' lang='lat' dir='ltr'><strong>di-</strong></span> 
     </span>
    </p>
   </div>
   <div class='ocr_carea' id='block_1_70' title="bbox 952 1369 1750 1406">
    <p class='ocr_par' dir='ltr' id='par_1_70' title="bbox 952 1369 1750 1406">
     <span class='ocr_line' id='line_1_70' title="bbox 952 1369 1750 1406; baseline 0.003 -11"><span class='ocrx_word' id='word_1_450' title='bbox 952 1369 1039 1396; x_wconf 86' lang='lat' dir='ltr'><strong>versis</strong></span> <span class='ocrx_word' id='word_1_451' title='bbox 1052 1369 1126 1396; x_wconf 88' lang='lat' dir='ltr'><strong>enim</strong></span> <span class='ocrx_word' id='word_1_452' title='bbox 1141 1369 1377 1403; x_wconf 86' lang='lat' dir='ltr'><strong>perturbationum</strong></span> <span class='ocrx_word' id='word_1_453' title='bbox 1394 1369 1522 1396; x_wconf 82' lang='lat' dir='ltr'><strong>ﬂuctibus</strong></span> <span class='ocrx_word' id='word_1_454' title='bbox 1531 1369 1663 1403; x_wconf 75' lang='lat' dir='ltr'><strong>agitatur.</strong></span> <span class='ocrx_word' id='word_1_455' title='bbox 1681 1369 1750 1406; x_wconf 80' lang='lat' dir='ltr'><strong>Eget</strong></span> 
     </span>
    </p>
   </div>
   <div class='ocr_carea' id='block_1_71' title="bbox 952 1412 1642 1449">
    <p class='ocr_par' dir='ltr' id='par_1_71' title="bbox 952 1412 1642 1449">
     <span class='ocr_line' id='line_1_71' title="bbox 952 1412 1642 1449; baseline 0.004 -11"><span class='ocrx_word' id='word_1_456' title='bbox 952 1412 1037 1448; x_wconf 75' lang='lat' dir='ltr'><strong>igitur</strong></span> <span class='ocrx_word' id='word_1_457' title='bbox 1050 1413 1172 1447; x_wconf 85' lang='lat' dir='ltr'><strong>ductore,</strong></span> <span class='ocrx_word' id='word_1_458' title='bbox 1191 1413 1238 1449; x_wconf 87' lang='lat' dir='ltr'><strong>qui</strong></span> <span class='ocrx_word' id='word_1_459' title='bbox 1253 1412 1287 1441; x_wconf 85' lang='lat' dir='ltr'><strong>ad</strong></span> <span class='ocrx_word' id='word_1_460' title='bbox 1302 1418 1410 1449; x_wconf 87' lang='lat' dir='ltr'><strong>portum</strong></span> <span class='ocrx_word' id='word_1_461' title='bbox 1427 1418 1502 1442; x_wconf 86' lang='lat' dir='ltr'><strong>recta</strong></span> <span class='ocrx_word' id='word_1_462' title='bbox 1517 1414 1642 1444; x_wconf 79' lang='lat' dir='ltr'><strong>deducat.</strong></span> 
     </span>
    </p>
   </div>
   <div class='ocr_carea' id='block_1_72' title="bbox 990 1500 1750 1538">
    <p class='ocr_par' dir='ltr' id='par_1_72' title="bbox 990 1500 1750 1538">
     <span class='ocr_line' id='line_1_72' title="bbox 990 1500 1750 1538; baseline 0.004 -11"><span class='ocrx_word' id='word_1_463' title='bbox 990 1500 1122 1537; x_wconf 76' lang='lat' dir='ltr'><strong>Tlaeologi.</strong></span> <span class='ocrx_word' id='word_1_464' title='bbox 1139 1501 1209 1535; x_wconf 85' lang='lat' dir='ltr'><strong>Quid</strong></span> <span class='ocrx_word' id='word_1_465' title='bbox 1235 1502 1412 1538; x_wconf 89' lang='lat' dir='ltr'><strong>insipientius</strong></span> <span class='ocrx_word' id='word_1_466' title='bbox 1426 1509 1539 1537; x_wconf 83' lang='lat' dir='ltr'><strong>corpore</strong></span> <span class='ocrx_word' id='word_1_467' title='bbox 1553 1501 1623 1530; x_wconf 85' lang='lat' dir='ltr'><strong>bene</strong></span> <span class='ocrx_word' id='word_1_468' title='bbox 1647 1503 1750 1530; x_wconf 85' lang='lat' dir='ltr'><strong>consti-</strong></span> 
     </span>
    </p>
   </div>
   <div class='ocr_carea' id='block_1_73' title="bbox 956 1548 1750 1584">
    <p class='ocr_par' dir='ltr' id='par_1_73' title="bbox 956 1548 1750 1584">
     <span class='ocr_line' id='line_1_73' title="bbox 956 1548 1750 1584; baseline 0.004 -10"><span class='ocrx_word' id='word_1_469' title='bbox 956 1551 1014 1574; x_wconf 89' lang='lat' dir='ltr'><strong>tuto</strong></span> <span class='ocrx_word' id='word_1_470' title='bbox 1032 1555 1064 1574; x_wconf 91' lang='lat' dir='ltr'><strong>ac</strong></span> <span class='ocrx_word' id='word_1_471' title='bbox 1085 1548 1192 1576; x_wconf 86' lang='lat' dir='ltr'><strong>deliciis</strong></span> <span class='ocrx_word' id='word_1_472' title='bbox 1208 1548 1357 1576; x_wconf 80' lang='lat' dir='ltr'><strong>aﬂluente‘l</strong></span> <span class='ocrx_word' id='word_1_473' title='bbox 1371 1555 1419 1576; x_wconf 90' lang='lat' dir='ltr'><strong>aut</strong></span> <span class='ocrx_word' id='word_1_474' title='bbox 1437 1549 1581 1584; x_wconf 81' lang='lat' dir='ltr'><strong>juventute</strong></span> <span class='ocrx_word' id='word_1_475' title='bbox 1592 1554 1704 1578; x_wconf 83' lang='lat' dir='ltr'><strong>errante</strong></span> <span class='ocrx_word' id='word_1_476' title='bbox 1719 1553 1750 1577; x_wconf 84' lang='lat' dir='ltr'><strong>et</strong></span> 
     </span>
    </p>
   </div>
   <div class='ocr_carea' id='block_1_74' title="bbox 955 1594 1466 1624">
    <p class='ocr_par' dir='ltr' id='par_1_74' title="bbox 955 1594 1466 1624">
     <span class='ocr_line' id='line_1_74' title="bbox 955 1594 1466 1624; baseline 0.004 -4"><span class='ocrx_word' id='word_1_477' title='bbox 955 1594 1039 1621; x_wconf 88' lang='lat' dir='ltr'><strong>nullis</strong></span> <span class='ocrx_word' id='word_1_478' title='bbox 1049 1595 1133 1622; x_wconf 83' lang='lat' dir='ltr'><strong>certis</strong></span> <span class='ocrx_word' id='word_1_479' title='bbox 1147 1595 1259 1623; x_wconf 86' lang='lat' dir='ltr'><strong>sedibus</strong></span> <span class='ocrx_word' id='word_1_480' title='bbox 1270 1596 1443 1624; x_wconf 82' lang='lat' dir='ltr'><strong>consistente</strong></span> <span class='ocrx_word' id='word_1_481' title='bbox 1454 1595 1466 1622; x_wconf 74' lang='grc'><strong><em>2</em></strong></span> 
     </span>
    </p>
   </div>
   <div class='ocr_carea' id='block_1_75' title="bbox 990 1639 1436 1676">
    <p class='ocr_par' dir='ltr' id='par_1_75' title="bbox 990 1639 1436 1676">
     <span class='ocr_line' id='line_1_75' title="bbox 990 1639 1436 1676; baseline 0.004 -10"><span class='ocrx_word' id='word_1_482' title='bbox 990 1639 1124 1668; x_wconf 83' lang='lat' dir='ltr'><strong>Juveutus</strong></span> <span class='ocrx_word' id='word_1_483' title='bbox 1137 1642 1268 1676; x_wconf 87' lang='lat' dir='ltr'><strong>temporis</strong></span> <span class='ocrx_word' id='word_1_484' title='bbox 1285 1647 1327 1669; x_wconf 85' lang='lat' dir='ltr'><strong>est</strong></span> <span class='ocrx_word' id='word_1_485' title='bbox 1343 1647 1436 1669; x_wconf 84' lang='lat' dir='ltr'><strong>aestus.</strong></span> 
     </span>
    </p>
   </div>
   <div class='ocr_carea' id='block_1_76' title="bbox 991 1685 1748 1723">
    <p class='ocr_par' dir='ltr' id='par_1_76' title="bbox 991 1685 1748 1723">
     <span class='ocr_line' id='line_1_76' title="bbox 991 1685 1748 1723; baseline 0.005 -10"><span class='ocrx_word' id='word_1_486' title='bbox 991 1685 1020 1713; x_wconf 87' lang='lat' dir='ltr'><strong>S.</strong></span> <span class='ocrx_word' id='word_1_487' title='bbox 1039 1687 1176 1721; x_wconf 72' lang='lat' dir='ltr'><strong>C/irysost.</strong></span> <span class='ocrx_word' id='word_1_488' title='bbox 1203 1687 1243 1714; x_wconf 90' lang='lat' dir='ltr'><strong>Ira</strong></span> <span class='ocrx_word' id='word_1_489' title='bbox 1259 1693 1283 1715; x_wconf 89' lang='lat' dir='ltr'><strong>et</strong></span> <span class='ocrx_word' id='word_1_490' title='bbox 1314 1688 1508 1723; x_wconf 85' lang='lat' dir='ltr'><strong>cupiditatibus</strong></span> <span class='ocrx_word' id='word_1_491' title='bbox 1522 1688 1748 1722; x_wconf 84' lang='lat' dir='ltr'><strong>faciliusjnvencs</strong></span> 
     </span>
    </p>
   </div>
   <div class='ocr_carea' id='block_1_77' title="bbox 955 1731 1747 1769">
    <p class='ocr_par' dir='ltr' id='par_1_77' title="bbox 955 1731 1747 1769">
     <span class='ocr_line' id='line_1_77' title="bbox 955 1731 1747 1769; baseline 0.004 -10"><span class='ocrx_word' id='word_1_492' title='bbox 955 1731 1093 1759; x_wconf 85' lang='lat' dir='ltr'><strong>ducuntur</strong></span> <span class='ocrx_word' id='word_1_493' title='bbox 1105 1737 1132 1760; x_wconf 84' lang='lat' dir='ltr'><strong>et</strong></span> <span class='ocrx_word' id='word_1_494' title='bbox 1157 1733 1304 1760; x_wconf 86' lang='lat' dir='ltr'><strong>vincuntur</strong></span> <span class='ocrx_word' id='word_1_495' title='bbox 1325 1742 1332 1761; x_wconf 92' lang='lat'><strong>:</strong></span> <span class='ocrx_word' id='word_1_496' title='bbox 1353 1741 1435 1769; x_wconf 83' lang='lat' dir='ltr'><strong>quare</strong></span> <span class='ocrx_word' id='word_1_497' title='bbox 1450 1734 1578 1768; x_wconf 83' lang='lat' dir='ltr'><strong>majorem</strong></span> <span class='ocrx_word' id='word_1_498' title='bbox 1602 1735 1747 1769; x_wconf 86' lang='lat' dir='ltr'><strong>quamdam</strong></span> 
     </span>
    </p>
   </div>
   <div class='ocr_carea' id='block_1_78' title="bbox 956 1778 1748 1816">
    <p class='ocr_par' dir='ltr' id='par_1_78' title="bbox 956 1778 1748 1816">
     <span class='ocr_line' id='line_1_78' title="bbox 956 1778 1748 1816; baseline 0.006 -12"><span class='ocrx_word' id='word_1_499' title='bbox 956 1778 1109 1805; x_wconf 86' lang='lat' dir='ltr'><strong>custodiam</strong></span> <span class='ocrx_word' id='word_1_500' title='bbox 1127 1778 1283 1813; x_wconf 88' lang='lat' dir='ltr'><strong>requirunt,</strong></span> <span class='ocrx_word' id='word_1_501' title='bbox 1299 1787 1330 1807; x_wconf 90' lang='lat' dir='ltr'><strong>ac</strong></span> <span class='ocrx_word' id='word_1_502' title='bbox 1348 1780 1456 1807; x_wconf 89' lang='lat' dir='ltr'><strong>frenum</strong></span> <span class='ocrx_word' id='word_1_503' title='bbox 1471 1780 1576 1812; x_wconf 80' lang='lat' dir='ltr'><strong>durius,</strong></span> <span class='ocrx_word' id='word_1_504' title='bbox 1589 1780 1709 1816; x_wconf 85' lang='lat' dir='ltr'><strong>parietes</strong></span> <span class='ocrx_word' id='word_1_505' title='bbox 1719 1786 1748 1809; x_wconf 84' lang='lat' dir='ltr'><strong>et</strong></span> 
     </span>
    </p>
   </div>
   <div class='ocr_carea' id='block_1_79' title="bbox 956 1823 1239 1852">
    <p class='ocr_par' dir='ltr' id='par_1_79' title="bbox 956 1823 1239 1852">
     <span class='ocr_line' id='line_1_79' title="bbox 956 1823 1239 1852; baseline 0.007 -2"><span class='ocrx_word' id='word_1_506' title='bbox 956 1823 1077 1851; x_wconf 83' lang='lat' dir='ltr'><strong>claustra</strong></span> <span class='ocrx_word' id='word_1_507' title='bbox 1095 1824 1206 1852; x_wconf 87' lang='lat' dir='ltr'><strong>tutiora.</strong></span> <span class='ocrx_word' id='word_1_508' title='bbox 1235 1839 1239 1842; x_wconf 95' lang='lat'><strong><em>-</em></strong></span> 
     </span>
    </p>
   </div>
   <div class='ocr_carea' id='block_1_80' title="bbox 992 1868 1748 1907">
    <p class='ocr_par' dir='ltr' id='par_1_80' title="bbox 992 1868 1748 1907">
     <span class='ocr_line' id='line_1_80' title="bbox 992 1868 1748 1907; baseline 0.008 -12"><span class='ocrx_word' id='word_1_509' title='bbox 992 1868 1059 1896; x_wconf 87' lang='lat' dir='ltr'><strong>Cani</strong></span> <span class='ocrx_word' id='word_1_510' title='bbox 1077 1874 1135 1896; x_wconf 91' lang='lat' dir='ltr'><strong>tum</strong></span> <span class='ocrx_word' id='word_1_511' title='bbox 1152 1870 1260 1897; x_wconf 86' lang='lat' dir='ltr'><strong>demum</strong></span> <span class='ocrx_word' id='word_1_512' title='bbox 1274 1871 1446 1900; x_wconf 79' lang='lat' dir='ltr'><strong>venerabiles</strong></span> <span class='ocrx_word' id='word_1_513' title='bbox 1456 1871 1590 1899; x_wconf 80' lang='lat' dir='ltr'><strong>exsistunt</strong></span> <span class='ocrx_word' id='word_1_514' title='bbox 1609 1880 1671 1900; x_wconf 82' lang='lat' dir='ltr'><strong>enm</strong></span> <span class='ocrx_word' id='word_1_515' title='bbox 1686 1881 1748 1907; x_wconf 64' lang='lat' dir='ltr'><strong>qua!</strong></span> 
     </span>
    </p>
   </div>
   <div class='ocr_carea' id='block_1_81' title="bbox 957 1913 1749 1952">
    <p class='ocr_par' dir='ltr' id='par_1_81' title="bbox 957 1913 1749 1952">
     <span class='ocr_line' id='line_1_81' title="bbox 957 1913 1749 1952; baseline 0.005 -12"><span class='ocrx_word' id='word_1_516' title='bbox 957 1913 1034 1941; x_wconf 84' lang='lat' dir='ltr'><strong>canis</strong></span> <span class='ocrx_word' id='word_1_517' title='bbox 1049 1913 1131 1949; x_wconf 77' lang='lat' dir='ltr'><strong>digna</strong></span> <span class='ocrx_word' id='word_1_518' title='bbox 1158 1919 1235 1947; x_wconf 85' lang='lat' dir='ltr'><strong>sunt.</strong></span> <span class='ocrx_word' id='word_1_519' title='bbox 1256 1915 1325 1944; x_wconf 80' lang='lat' dir='ltr'><strong>fiunt</strong></span> <span class='ocrx_word' id='word_1_520' title='bbox 1342 1924 1349 1943; x_wconf 92' lang='lat'><strong>:</strong></span> <span class='ocrx_word' id='word_1_521' title='bbox 1364 1923 1426 1943; x_wconf 84' lang='lat' dir='ltr'><strong>cum</strong></span> <span class='ocrx_word' id='word_1_522' title='bbox 1442 1921 1533 1943; x_wconf 83' lang='lat' dir='ltr'><strong>autem</strong></span> <span class='ocrx_word' id='word_1_523' title='bbox 1548 1917 1706 1952; x_wconf 63' lang='lat' dir='ltr'><strong>juvenilitc-r</strong></span> <span class='ocrx_word' id='word_1_524' title='bbox 1716 1926 1749 1945; x_wconf 74' lang='lat' dir='ltr'><strong>se</strong></span> 
     </span>
    </p>
   </div>
   <div class='ocr_carea' id='block_1_82' title="bbox 957 1961 1748 1998">
    <p class='ocr_par' dir='ltr' id='par_1_82' title="bbox 957 1961 1748 1998">
     <span class='ocr_line' id='line_1_82' title="bbox 957 1961 1748 1998; baseline 0.005 -12"><span class='ocrx_word' id='word_1_525' title='bbox 957 1964 1059 1994; x_wconf 78' lang='lat' dir='ltr'><strong>gerunt</strong></span> <span class='ocrx_word' id='word_1_526' title='bbox 1088 1967 1187 1992; x_wconf 83' lang='lat' dir='ltr'><strong>senes,</strong></span> <span class='ocrx_word' id='word_1_527' title='bbox 1217 1961 1321 1996; x_wconf 87' lang='lat' dir='ltr'><strong>majore</strong></span> <span class='ocrx_word' id='word_1_528' title='bbox 1349 1962 1407 1989; x_wconf 90' lang='lat' dir='ltr'><strong>risu</strong></span> <span class='ocrx_word' id='word_1_529' title='bbox 1434 1970 1515 1997; x_wconf 90' lang='lat' dir='ltr'><strong>quam</strong></span> <span class='ocrx_word' id='word_1_530' title='bbox 1539 1962 1653 1998; x_wconf 79' lang='lat' dir='ltr'><strong>juvenes</strong></span> <span class='ocrx_word' id='word_1_531' title='bbox 1674 1963 1748 1998; x_wconf 73' lang='lat' dir='ltr'><strong>digni</strong></span> 
     </span>
    </p>
   </div>
   <div class='ocr_carea' id='block_1_83' title="bbox 959 2010 1052 2030">
    <p class='ocr_par' dir='ltr' id='par_1_83' title="bbox 959 2010 1052 2030">
     <span class='ocr_line' id='line_1_83' title="bbox 959 2010 1052 2030; baseline 0 0"><span class='ocrx_word' id='word_1_532' title='bbox 959 2010 1052 2030; x_wconf 87' lang='lat' dir='ltr'><strong>erunt.</strong></span> 
     </span>
    </p>
   </div>
   <div class='ocr_carea' id='block_1_84' title="bbox 996 2049 1749 2089">
    <p class='ocr_par' dir='ltr' id='par_1_84' title="bbox 996 2049 1749 2089">
     <span class='ocr_line' id='line_1_84' title="bbox 996 2049 1749 2089; baseline 0.007 -13"><span class='ocrx_word' id='word_1_533' title='bbox 996 2049 1075 2086; x_wconf 81' lang='lat' dir='ltr'><strong>Greg.</strong></span> <span class='ocrx_word' id='word_1_534' title='bbox 1093 2051 1178 2085; x_wconf 68' lang='lat' dir='ltr'><strong>Nysa.</strong></span> <span class='ocrx_word' id='word_1_535' title='bbox 1190 2051 1218 2078; x_wconf 91' lang='lat' dir='ltr'><strong>In</strong></span> <span class='ocrx_word' id='word_1_536' title='bbox 1235 2053 1309 2079; x_wconf 89' lang='lat' dir='ltr'><strong>omni</strong></span> <span class='ocrx_word' id='word_1_537' title='bbox 1327 2052 1382 2080; x_wconf 81' lang='lat' dir='ltr'><strong>fere</strong></span> <span class='ocrx_word' id='word_1_538' title='bbox 1399 2054 1507 2088; x_wconf 74' lang='lat' dir='ltr'><strong>negotio</strong></span> <span class='ocrx_word' id='word_1_539' title='bbox 1523 2055 1673 2089; x_wconf 81' lang='lat' dir='ltr'><strong>periculosa</strong></span> <span class='ocrx_word' id='word_1_540' title='bbox 1684 2059 1749 2082; x_wconf 78' lang='lat' dir='ltr'><strong>sum</strong></span> 
     </span>
    </p>
   </div>
   <div class='ocr_carea' id='block_1_85' title="bbox 961 2095 1748 2133">
    <p class='ocr_par' dir='ltr' id='par_1_85' title="bbox 961 2095 1748 2133">
     <span class='ocr_line' id='line_1_85' title="bbox 961 2095 1748 2133; baseline 0.004 -10"><span class='ocrx_word' id='word_1_541' title='bbox 961 2095 1042 2130; x_wconf 77' lang='lat'><strong>160</strong></span> <span class='ocrx_word' id='word_1_542' title='bbox 1058 2096 1276 2124; x_wconf 79' lang='lat' dir='ltr'><strong>adolescentium</strong></span> <span class='ocrx_word' id='word_1_543' title='bbox 1300 2098 1434 2131; x_wconf 85' lang='lat' dir='ltr'><strong>consilia,</strong></span> <span class='ocrx_word' id='word_1_544' title='bbox 1457 2107 1508 2126; x_wconf 90' lang='lat' dir='ltr'><strong>nec</strong></span> <span class='ocrx_word' id='word_1_545' title='bbox 1533 2099 1610 2126; x_wconf 81' lang='lat' dir='ltr'><strong>facile</strong></span> <span class='ocrx_word' id='word_1_546' title='bbox 1628 2099 1748 2133; x_wconf 82' lang='lat' dir='ltr'><strong>reperias</strong></span> 
     </span>
    </p>
   </div>
   <div class='ocr_carea' id='block_1_86' title="bbox 960 2141 1749 2180">
    <p class='ocr_par' dir='ltr' id='par_1_86' title="bbox 960 2141 1749 2180">
     <span class='ocr_line' id='line_1_86' title="bbox 960 2141 1749 2180; baseline 0.009 -14"><span class='ocrx_word' id='word_1_547' title='bbox 960 2141 1005 2174; x_wconf 88' lang='lat' dir='ltr'><strong>qui</strong></span> <span class='ocrx_word' id='word_1_548' title='bbox 1024 2141 1126 2175; x_wconf 83' lang='lat' dir='ltr'><strong>aliquid</strong></span> <span class='ocrx_word' id='word_1_549' title='bbox 1146 2147 1220 2169; x_wconf 81' lang='lat' dir='ltr'><strong>recte</strong></span> <span class='ocrx_word' id='word_1_550' title='bbox 1237 2145 1369 2177; x_wconf 76' lang='lat' dir='ltr'><strong>gesserint</strong></span> <span class='ocrx_word' id='word_1_551' title='bbox 1390 2152 1479 2172; x_wconf 89' lang='lat' dir='ltr'><strong>rerum</strong></span> <span class='ocrx_word' id='word_1_552' title='bbox 1500 2154 1668 2180; x_wconf 76' lang='lat' dir='ltr'><strong>magnarum.</strong></span> <span class='ocrx_word' id='word_1_553' title='bbox 1687 2146 1749 2180; x_wconf 87' lang='lat' dir='ltr'><strong>qui-</strong></span> 
     </span>
    </p>
   </div>
   <div class='ocr_carea' id='block_1_87' title="bbox 118 2186 902 2226">
    <p class='ocr_par' dir='ltr' id='par_1_87' title="bbox 118 2189 902 2226">
     <span class='ocr_line' id='line_1_87' title="bbox 118 2189 902 2226; baseline 0 -10"><span class='ocrx_word' id='word_1_554' title='bbox 118 2191 201 2217; x_wconf 79' lang='grc' dir='ltr'>πολιὰ</span> <span class='ocrx_word' id='word_1_555' title='bbox 227 2191 446 2226; x_wconf 83' lang='grc' dir='ltr'>συμπαρελήφθη</span> <span class='ocrx_word' id='word_1_556' title='bbox 473 2191 541 2226; x_wconf 72' lang='grc' dir='ltr'>πρὸς</span> <span class='ocrx_word' id='word_1_557' title='bbox 570 2191 714 2218; x_wconf 87' lang='grc' dir='ltr'>κοινωνίαν</span> <span class='ocrx_word' id='word_1_558' title='bbox 739 2189 787 2216; x_wconf 76' lang='grc' dir='ltr'><strong>τοῦ</strong></span> <span class='ocrx_word' id='word_1_559' title='bbox 823 2190 902 2225; x_wconf 84' lang='grc' dir='ltr'>σκέμ-</span> 
     </span>
    </p>
   </div>
   <div class='ocr_carea' id='block_1_88' title="bbox 963 2186 1745 2226">
    <p class='ocr_par' dir='ltr' id='par_1_88' title="bbox 965 2186 1745 2218">
     <span class='ocr_line' id='line_1_88' title="bbox 965 2186 1745 2218; baseline 0.008 -6"><span class='ocrx_word' id='word_1_560' title='bbox 965 2186 1016 2213; x_wconf 84' lang='lat' dir='ltr'><strong>bus</strong></span> <span class='ocrx_word' id='word_1_561' title='bbox 1031 2187 1092 2213; x_wconf 79' lang='lat' dir='ltr'><strong>cani</strong></span> <span class='ocrx_word' id='word_1_562' title='bbox 1120 2195 1173 2214; x_wconf 81' lang='lat' dir='ltr'><strong>non</strong></span> <span class='ocrx_word' id='word_1_563' title='bbox 1204 2188 1306 2215; x_wconf 79' lang='lat' dir='ltr'><strong>fuerint</strong></span> <span class='ocrx_word' id='word_1_564' title='bbox 1323 2190 1356 2216; x_wconf 89' lang='lat' dir='ltr'><strong>ad</strong></span> <span class='ocrx_word' id='word_1_565' title='bbox 1380 2191 1607 2218; x_wconf 74' lang='lat' dir='ltr'><strong>tonsideratiortis</strong></span> <span class='ocrx_word' id='word_1_566' title='bbox 1622 2200 1745 2218; x_wconf 89' lang='lat' dir='ltr'><strong>commn-</strong></span> 
     </span>
    </p>
   </div>
   <div class='ocr_carea' id='block_1_89' title="bbox 161 2245 216 2263">
    <p class='ocr_par' dir='ltr' id='par_1_89' title="bbox 161 2245 216 2263">
     <span class='ocr_line' id='line_1_89' title="bbox 161 2245 216 2263; baseline 0.018 -1"><span class='ocrx_word' id='word_1_567' title='bbox 161 2245 205 2263; x_wconf 79' lang='grc' dir='ltr'><strong>τος</strong></span> <span class='ocrx_word' id='word_1_568' title='bbox 209 2256 216 2263; x_wconf 75' lang='grc' dir='ltr'><strong>ι</strong></span> 
     </span>
    </p>
   </div>
   <div class='ocr_carea' id='block_1_90' title="bbox 120 2245 907 2318">
    <p class='ocr_par' dir='ltr' id='par_1_90' title="bbox 120 2245 907 2318">
     <span class='ocr_line' id='line_1_90' title="bbox 161 2245 216 2263; baseline 0.018 -1"><span class='ocrx_word' id='word_1_569' title='bbox 161 2245 190 2262; x_wconf 85' lang='grc' dir='ltr'><strong>το</strong></span> <span class='ocrx_word' id='word_1_570' title='bbox 209 2256 216 2263; x_wconf 93' lang='grc'><em>.</em></span> 
     </span>
     <span class='ocr_line' id='line_1_91' title="bbox 120 2245 907 2318; baseline 0 -9"><span class='ocrx_word' id='word_1_571' title='bbox 120 2245 261 2316; x_wconf 45' lang='lat' dir='ltr'><strong>“Nacti-:11;</strong></span> <span class='ocrx_word' id='word_1_572' title='bbox 279 2282 341 2317; x_wconf 85' lang='grc' dir='ltr'>μετ’</span> <span class='ocrx_word' id='word_1_573' title='bbox 368 2282 492 2315; x_wconf 75' lang='grc' dir='ltr'>ἐξουσίας</span> <span class='ocrx_word' id='word_1_574' title='bbox 509 2282 694 2317; x_wconf 85' lang='grc' dir='ltr'>αὐτοκρατοῦς</span> <span class='ocrx_word' id='word_1_575' title='bbox 713 2283 813 2318; x_wconf 81' lang='grc' dir='ltr'>ὁρμαῖς</span> <span class='ocrx_word' id='word_1_576' title='bbox 839 2282 907 2309; x_wconf 82' lang='grc' dir='ltr'>ἀκα-</span> 
     </span>
    </p>
   </div>
   <div class='ocr_carea' id='block_1_91' title="bbox 119 2328 769 2365">
    <p class='ocr_par' dir='ltr' id='par_1_91' title="bbox 119 2328 769 2365">
     <span class='ocr_line' id='line_1_92' title="bbox 119 2328 769 2365; baseline 0.003 -11"><span class='ocrx_word' id='word_1_577' title='bbox 119 2328 228 2359; x_wconf 65' lang='lat' dir='ltr'><strong>esum;</strong></span> <span class='ocrx_word' id='word_1_578' title='bbox 242 2329 383 2365; x_wconf 79' lang='grc' dir='ltr'>χρωμένη,</span> <span class='ocrx_word' id='word_1_579' title='bbox 395 2329 482 2356; x_wconf 76' lang='grc' dir='ltr'>κακὸν</span> <span class='ocrx_word' id='word_1_580' title='bbox 495 2329 635 2365; x_wconf 81' lang='grc' dir='ltr'>δύσμαχον</span> <span class='ocrx_word' id='word_1_581' title='bbox 650 2329 769 2364; x_wconf 83' lang='grc' dir='ltr'>γίνεται.</span> 
     </span>
    </p>
   </div>
   <div class='ocr_carea' id='block_1_92' title="bbox 154 2416 906 2454">
    <p class='ocr_par' dir='ltr' id='par_1_92' title="bbox 154 2416 906 2454">
     <span class='ocr_line' id='line_1_93' title="bbox 154 2416 906 2454; baseline 0.005 -12"><span class='ocrx_word' id='word_1_582' title='bbox 154 2416 259 2451; x_wconf 85' lang='grc' dir='ltr'>Νεότης</span> <span class='ocrx_word' id='word_1_583' title='bbox 285 2417 377 2444; x_wconf 83' lang='grc' dir='ltr'>πονεῖν</span> <span class='ocrx_word' id='word_1_584' title='bbox 396 2417 445 2444; x_wconf 81' lang='grc' dir='ltr'>οὐκ</span> <span class='ocrx_word' id='word_1_585' title='bbox 460 2417 602 2451; x_wconf 76' lang='grc' dir='ltr'>ἐθέλουσα,</span> <span class='ocrx_word' id='word_1_586' title='bbox 618 2417 687 2453; x_wconf 73' lang='grc' dir='ltr'>πρὸς</span> <span class='ocrx_word' id='word_1_587' title='bbox 701 2418 731 2445; x_wconf 79' lang='grc' dir='ltr'><strong>τὸ</strong></span> <span class='ocrx_word' id='word_1_588' title='bbox 748 2419 837 2454; x_wconf 76' lang='grc' dir='ltr'>γῆρας</span> <span class='ocrx_word' id='word_1_589' title='bbox 856 2427 906 2446; x_wconf 77' lang='lat' dir='ltr'><strong>xa-</strong></span> 
     </span>
    </p>
   </div>
   <div class='ocr_carea' id='block_1_93' title="bbox 118 2464 269 2497">
    <p class='ocr_par' dir='ltr' id='par_1_93' title="bbox 118 2464 269 2497">
     <span class='ocr_line' id='line_1_94' title="bbox 118 2464 269 2497; baseline 0 -9"><span class='ocrx_word' id='word_1_590' title='bbox 118 2464 269 2497; x_wconf 83' lang='grc' dir='ltr'>κοπραγεί.</span> 
     </span>
    </p>
   </div>
   <div class='ocr_carea' id='block_1_94' title="bbox 412 2509 613 2536">
    <p class='ocr_par' dir='ltr' id='par_1_94' title="bbox 412 2509 613 2536">
     <span class='ocr_line' id='line_1_95' title="bbox 412 2509 613 2536; baseline 0.005 -1"><span class='ocrx_word' id='word_1_591' title='bbox 412 2509 521 2536; x_wconf 86' lang='grc' dir='ltr'>ΛΟΓΟΣ</span> <span class='ocrx_word' id='word_1_592' title='bbox 547 2510 613 2536; x_wconf 79' lang='lat' dir='ltr'><strong>KA&#39;.</strong></span> 
     </span>
    </p>
   </div>
   <div class='ocr_carea' id='block_1_95' title="bbox 305 2553 720 2589">
    <p class='ocr_par' dir='ltr' id='par_1_95' title="bbox 305 2553 720 2589">
     <span class='ocr_line' id='line_1_96' title="bbox 305 2553 720 2589; baseline 0.005 -8"><span class='ocrx_word' id='word_1_593' title='bbox 305 2554 377 2588; x_wconf 68' lang='grc' dir='ltr'><strong>Περὶ</strong></span> <span class='ocrx_word' id='word_1_594' title='bbox 397 2553 554 2581; x_wconf 80' lang='grc' dir='ltr'>δεσποτῶν</span> <span class='ocrx_word' id='word_1_595' title='bbox 570 2555 720 2589; x_wconf 75' lang='grc' dir='ltr'>χρηστῶν.</span> 
     </span>
    </p>
   </div>
   <div class='ocr_carea' id='block_1_96' title="bbox 158 2597 905 2635">
    <p class='ocr_par' dir='ltr' id='par_1_96' title="bbox 158 2597 905 2635">
     <span class='ocr_line' id='line_1_97' title="bbox 158 2597 905 2635; baseline 0.004 -11"><span class='ocrx_word' id='word_1_596' title='bbox 158 2598 190 2625; x_wconf 76' lang='grc' dir='ltr'><strong>Εἰ</strong></span> <span class='ocrx_word' id='word_1_597' title='bbox 203 2597 337 2632; x_wconf 85' lang='grc' dir='ltr'>ὲφαύλισα</span> <span class='ocrx_word' id='word_1_598' title='bbox 352 2599 439 2634; x_wconf 84' lang='grc' dir='ltr'>κρίμα</span> <span class='ocrx_word' id='word_1_599' title='bbox 454 2599 620 2634; x_wconf 79' lang='grc' dir='ltr'>Θεράποντός</span> <span class='ocrx_word' id='word_1_600' title='bbox 637 2608 688 2634; x_wconf 85' lang='grc' dir='ltr'><strong>μου</strong></span> <span class='ocrx_word' id='word_1_601' title='bbox 704 2601 719 2635; x_wconf 86' lang='grc' dir='ltr'><strong>ἢ</strong></span> <span class='ocrx_word' id='word_1_602' title='bbox 736 2600 905 2635; x_wconf 85' lang='grc' dir='ltr'>θεραπαίνης</span> 
     </span>
    </p>
   </div>
   <div class='ocr_carea' id='block_1_97' title="bbox 117 2643 905 2680">
    <p class='ocr_par' dir='ltr' id='par_1_97' title="bbox 117 2643 905 2680">
     <span class='ocr_line' id='line_1_98' title="bbox 117 2643 905 2680; baseline 0.003 -10"><span class='ocrx_word' id='word_1_603' title='bbox 117 2643 292 2679; x_wconf 74' lang='grc' dir='ltr'>κρινομένων</span> <span class='ocrx_word' id='word_1_604' title='bbox 307 2644 395 2671; x_wconf 82' lang='grc' dir='ltr'>αὐτῶν</span> <span class='ocrx_word' id='word_1_605' title='bbox 411 2645 477 2678; x_wconf 87' lang='grc' dir='ltr'>παρ’</span> <span class='ocrx_word' id='word_1_606' title='bbox 496 2645 575 2679; x_wconf 73' lang='grc' dir='ltr'>ἐμοί·</span> <span class='ocrx_word' id='word_1_607' title='bbox 594 2645 707 2680; x_wconf 86' lang='grc' dir='ltr'>πότερον</span> <span class='ocrx_word' id='word_1_608' title='bbox 722 2645 771 2680; x_wconf 80' lang='grc' dir='ltr'>οὐχ</span> <span class='ocrx_word' id='word_1_609' title='bbox 794 2646 830 2677; x_wconf 76' lang='grc' dir='ltr'>ὼς</span> <span class='ocrx_word' id='word_1_610' title='bbox 849 2647 905 2680; x_wconf 80' lang='grc' dir='ltr'><strong>ἐγὼ</strong></span> 
     </span>
    </p>
   </div>
   <div class='ocr_carea' id='block_1_98' title="bbox 116 2691 905 2726">
    <p class='ocr_par' dir='ltr' id='par_1_98' title="bbox 116 2691 905 2726">
     <span class='ocr_line' id='line_1_99' title="bbox 116 2691 905 2726; baseline 0.003 -10"><span class='ocrx_word' id='word_1_611' title='bbox 116 2691 256 2726; x_wconf 77' lang='grc' dir='ltr'>ἐγενόμην</span> <span class='ocrx_word' id='word_1_612' title='bbox 274 2692 302 2716; x_wconf 69' lang='grc' dir='ltr'>ἐν</span> <span class='ocrx_word' id='word_1_613' title='bbox 318 2691 427 2726; x_wconf 83' lang='grc' dir='ltr'>γαστρὶ,</span> <span class='ocrx_word' id='word_1_614' title='bbox 445 2691 492 2717; x_wconf 76' lang='grc' dir='ltr'>καὶ</span> <span class='ocrx_word' id='word_1_615' title='bbox 509 2691 608 2718; x_wconf 75' lang='grc' dir='ltr'>ἐκεῖνοι</span> <span class='ocrx_word' id='word_1_616' title='bbox 632 2691 794 2725; x_wconf 79' lang='grc' dir='ltr'>γεγόνασιν;</span> <span class='ocrx_word' id='word_1_617' title='bbox 822 2693 905 2726; x_wconf 74' lang='grc' dir='ltr'>Γεγόο</span> 
     </span>
    </p>
   </div>
   <div class='ocr_carea' id='block_1_99' title="bbox 116 2738 906 2776">
    <p class='ocr_par' dir='ltr' id='par_1_99' title="bbox 116 2738 906 2776">
     <span class='ocr_line' id='line_1_100' title="bbox 116 2738 906 2776; baseline -0.001 -11"><span class='ocrx_word' id='word_1_618' title='bbox 116 2747 207 2775; x_wconf 77' lang='grc' dir='ltr'>ναμεν</span> <span class='ocrx_word' id='word_1_619' title='bbox 227 2739 255 2765; x_wconf 78' lang='grc' dir='ltr'><strong>δὲ</strong></span> <span class='ocrx_word' id='word_1_620' title='bbox 271 2740 300 2765; x_wconf 77' lang='grc' dir='ltr'>ἐν</span> <span class='ocrx_word' id='word_1_621' title='bbox 314 2741 348 2776; x_wconf 80' lang='grc' dir='ltr'><strong>τῇ</strong></span> <span class='ocrx_word' id='word_1_622' title='bbox 363 2740 432 2776; x_wconf 77' lang='grc' dir='ltr'>αὐτῇ</span> <span class='ocrx_word' id='word_1_623' title='bbox 448 2740 547 2775; x_wconf 82' lang='grc' dir='ltr'>κοιλίᾳ.</span> <span class='ocrx_word' id='word_1_624' title='bbox 566 2741 596 2767; x_wconf 77' lang='lat' dir='ltr'><strong>El</strong></span> <span class='ocrx_word' id='word_1_625' title='bbox 611 2740 639 2766; x_wconf 84' lang='grc' dir='ltr'><strong>δὲ</strong></span> <span class='ocrx_word' id='word_1_626' title='bbox 661 2739 709 2766; x_wconf 76' lang='grc' dir='ltr'><strong>καὶ</strong></span> <span class='ocrx_word' id='word_1_627' title='bbox 723 2739 854 2770; x_wconf 80' lang='grc' dir='ltr'>πολλάκις</span> <span class='ocrx_word' id='word_1_628' title='bbox 869 2738 906 2765; x_wconf 79' lang='grc' dir='ltr'><strong>εἵ-</strong></span> 
     </span>
    </p>
   </div>
   <div class='ocr_carea' id='block_1_100' title="bbox 117 2783 906 2820">
    <p class='ocr_par' dir='ltr' id='par_1_100' title="bbox 117 2783 906 2820">
     <span class='ocr_line' id='line_1_101' title="bbox 117 2783 906 2820; baseline 0 -10"><span class='ocrx_word' id='word_1_629' title='bbox 117 2792 173 2810; x_wconf 79' lang='grc' dir='ltr'><strong>πον</strong></span> <span class='ocrx_word' id='word_1_630' title='bbox 187 2784 216 2811; x_wconf 85' lang='grc' dir='ltr'><strong>αί</strong></span> <span class='ocrx_word' id='word_1_631' title='bbox 230 2784 393 2819; x_wconf 79' lang='grc' dir='ltr'>θεράπαιναί</span> <span class='ocrx_word' id='word_1_632' title='bbox 408 2793 459 2820; x_wconf 89' lang='grc' dir='ltr'><strong>μου</strong></span> <span class='ocrx_word' id='word_1_633' title='bbox 470 2792 477 2799; x_wconf 88' lang='lat'><strong>&#39;</strong></span> <span class='ocrx_word' id='word_1_634' title='bbox 495 2784 543 2816; x_wconf 87' lang='grc' dir='ltr'>Τίς</span> <span class='ocrx_word' id='word_1_635' title='bbox 559 2785 592 2811; x_wconf 82' lang='grc' dir='ltr'>ἂν</span> <span class='ocrx_word' id='word_1_636' title='bbox 615 2784 670 2820; x_wconf 77' lang='grc' dir='ltr'>δῴη</span> <span class='ocrx_word' id='word_1_637' title='bbox 685 2785 752 2819; x_wconf 79' lang='grc' dir='ltr'>ἡμῖν</span> <span class='ocrx_word' id='word_1_638' title='bbox 767 2783 821 2811; x_wconf 82' lang='grc' dir='ltr'><strong>τῶν</strong></span> <span class='ocrx_word' id='word_1_639' title='bbox 840 2793 906 2819; x_wconf 86' lang='grc' dir='ltr'>σαρ-</span> 
     </span>
    </p>
   </div>
   <div class='ocr_carea' id='block_1_101' title="bbox 117 2829 905 2867">
    <p class='ocr_par' dir='ltr' id='par_1_101' title="bbox 117 2829 905 2867">
     <span class='ocr_line' id='line_1_102' title="bbox 117 2829 905 2867; baseline 0.001 -12"><span class='ocrx_word' id='word_1_640' title='bbox 117 2830 178 2856; x_wconf 87' lang='grc' dir='ltr'>κῶν</span> <span class='ocrx_word' id='word_1_641' title='bbox 198 2830 280 2858; x_wconf 85' lang='grc' dir='ltr'>αὑτοῦ</span> <span class='ocrx_word' id='word_1_642' title='bbox 301 2830 510 2867; x_wconf 78' lang='grc' dir='ltr'>ὲμπλησθῆναι;</span> <span class='ocrx_word' id='word_1_643' title='bbox 527 2831 587 2858; x_wconf 83' lang='grc' dir='ltr'>λίαν</span> <span class='ocrx_word' id='word_1_644' title='bbox 605 2839 655 2865; x_wconf 83' lang='grc' dir='ltr'><strong>μου</strong></span> <span class='ocrx_word' id='word_1_645' title='bbox 677 2829 796 2866; x_wconf 74' lang='grc' dir='ltr'>χρηστοῦ</span> <span class='ocrx_word' id='word_1_646' title='bbox 810 2830 905 2862; x_wconf 78' lang='grc' dir='ltr'>αὐταῖς</span> 
     </span>
    </p>
   </div>
   <div class='ocr_carea' id='block_1_102' title="bbox 117 2877 210 2905">
    <p class='ocr_par' dir='ltr' id='par_1_102' title="bbox 117 2877 210 2905">
     <span class='ocr_line' id='line_1_103' title="bbox 117 2877 210 2905; baseline 0.032 -5"><span class='ocrx_word' id='word_1_647' title='bbox 117 2877 210 2905; x_wconf 72' lang='grc' dir='ltr'>δντος.</span> 
     </span>
    </p>
   </div>
   <div class='ocr_carea' id='block_1_103' title="bbox 961 2231 1205 2260">
    <p class='ocr_par' dir='ltr' id='par_1_103' title="bbox 961 2231 1205 2260">
     <span class='ocr_line' id='line_1_104' title="bbox 961 2231 1205 2260; baseline 0.008 -2"><span class='ocrx_word' id='word_1_648' title='bbox 961 2231 1068 2258; x_wconf 90' lang='lat' dir='ltr'><strong>nionem</strong></span> <span class='ocrx_word' id='word_1_649' title='bbox 1079 2233 1205 2260; x_wconf 83' lang='lat' dir='ltr'><strong>adhibiti.</strong></span> 
     </span>
    </p>
   </div>
   <div class='ocr_carea' id='block_1_104' title="bbox 998 2276 1744 2318">
    <p class='ocr_par' dir='ltr' id='par_1_104' title="bbox 998 2276 1744 2318">
     <span class='ocr_line' id='line_1_105' title="bbox 998 2276 1744 2318; baseline 0.009 -15"><span class='ocrx_word' id='word_1_650' title='bbox 998 2276 1128 2306; x_wconf 72' lang='lat' dir='ltr'><strong>Philonis.</strong></span> <span class='ocrx_word' id='word_1_651' title='bbox 1144 2278 1257 2307; x_wconf 80' lang='lat' dir='ltr'><strong>Juvenis</strong></span> <span class='ocrx_word' id='word_1_652' title='bbox 1271 2288 1405 2308; x_wconf 87' lang='lat' dir='ltr'><strong>summatn</strong></span> <span class='ocrx_word' id='word_1_653' title='bbox 1421 2286 1584 2316; x_wconf 83' lang='lat' dir='ltr'><strong>potestatem</strong></span> <span class='ocrx_word' id='word_1_654' title='bbox 1608 2283 1744 2318; x_wconf 85' lang='lat' dir='ltr'><strong>adeptus.</strong></span> 
     </span>
    </p>
   </div>
   <div class='ocr_carea' id='block_1_105' title="bbox 959 2323 1747 2364">
    <p class='ocr_par' dir='ltr' id='par_1_105' title="bbox 959 2323 1747 2364">
     <span class='ocr_line' id='line_1_106' title="bbox 959 2323 1747 2364; baseline 0.01 -15"><span class='ocrx_word' id='word_1_655' title='bbox 959 2323 1151 2357; x_wconf 77' lang='lat' dir='ltr'><strong>cupiditatibus</strong></span> <span class='ocrx_word' id='word_1_656' title='bbox 1175 2330 1254 2353; x_wconf 84' lang='lat' dir='ltr'><strong>utens</strong></span> <span class='ocrx_word' id='word_1_657' title='bbox 1279 2326 1428 2360; x_wconf 69' lang='lat' dir='ltr'><strong>effrenatis,</strong></span> <span class='ocrx_word' id='word_1_658' title='bbox 1455 2328 1555 2355; x_wconf 81' lang='lat' dir='ltr'><strong>malum</strong></span> <span class='ocrx_word' id='word_1_659' title='bbox 1585 2329 1615 2356; x_wconf 84' lang='lat' dir='ltr'><strong>tit</strong></span> <span class='ocrx_word' id='word_1_660' title='bbox 1632 2329 1747 2364; x_wconf 78' lang='lat' dir='ltr'><strong>inexpu-</strong></span> 
     </span>
    </p>
   </div>
   <div class='ocr_carea' id='block_1_106' title="bbox 963 2371 1083 2405">
    <p class='ocr_par' dir='ltr' id='par_1_106' title="bbox 963 2371 1083 2405">
     <span class='ocr_line' id='line_1_107' title="bbox 963 2371 1083 2405; baseline 0.025 -9"><span class='ocrx_word' id='word_1_661' title='bbox 963 2371 1083 2405; x_wconf 71' lang='lat' dir='ltr'><strong>gnabile.</strong></span> 
     </span>
    </p>
   </div>
   <div class='ocr_carea' id='block_1_107' title="bbox 993 2416 1747 2451">
    <p class='ocr_par' dir='ltr' id='par_1_107' title="bbox 993 2416 1747 2451">
     <span class='ocr_line' id='line_1_108' title="bbox 993 2416 1747 2451; baseline 0.009 -7"><span class='ocrx_word' id='word_1_662' title='bbox 993 2416 1106 2445; x_wconf 84' lang='lat' dir='ltr'><strong>Juveuis</strong></span> <span class='ocrx_word' id='word_1_663' title='bbox 1126 2418 1243 2446; x_wconf 89' lang='lat' dir='ltr'><strong>laborem</strong></span> <span class='ocrx_word' id='word_1_664' title='bbox 1257 2426 1388 2447; x_wconf 85' lang='lat' dir='ltr'><strong>recusans</strong></span> <span class='ocrx_word' id='word_1_665' title='bbox 1405 2419 1430 2447; x_wconf 92' lang='lat' dir='ltr'><strong>in</strong></span> <span class='ocrx_word' id='word_1_666' title='bbox 1446 2425 1588 2449; x_wconf 71' lang='lat' dir='ltr'><strong>senectute</strong></span> <span class='ocrx_word' id='word_1_667' title='bbox 1617 2422 1700 2450; x_wconf 74' lang='lat' dir='ltr'><strong>miser</strong></span> <span class='ocrx_word' id='word_1_668' title='bbox 1717 2427 1747 2451; x_wconf 80' lang='lat' dir='ltr'><strong>et</strong></span> 
     </span>
    </p>
   </div>
   <div class='ocr_carea' id='block_1_108' title="bbox 959 2463 1200 2492">
    <p class='ocr_par' dir='ltr' id='par_1_108' title="bbox 959 2463 1200 2492">
     <span class='ocr_line' id='line_1_109' title="bbox 959 2463 1200 2492; baseline 0.012 -4"><span class='ocrx_word' id='word_1_669' title='bbox 959 2463 1135 2491; x_wconf 83' lang='lat' dir='ltr'><strong>calamitosus</strong></span> <span class='ocrx_word' id='word_1_670' title='bbox 1149 2469 1200 2492; x_wconf 82' lang='lat' dir='ltr'><strong>est.</strong></span> 
     </span>
    </p>
   </div>
   <div class='ocr_carea' id='block_1_109' title="bbox 1163 2510 1544 2549">
    <p class='ocr_par' dir='ltr' id='par_1_109' title="bbox 1163 2510 1544 2549">
     <span class='ocr_line' id='line_1_110' title="bbox 1163 2510 1544 2549; baseline 0.005 -12"><span class='ocrx_word' id='word_1_671' title='bbox 1163 2510 1279 2538; x_wconf 77' lang='lat' dir='ltr'><strong>SERth</strong></span> <span class='ocrx_word' id='word_1_672' title='bbox 1302 2510 1361 2538; x_wconf 75' lang='lat' dir='ltr'><strong>XXI</strong></span> <span class='ocrx_word' id='word_1_673' title='bbox 1378 2511 1426 2547; x_wconf 81' lang='grc' dir='ltr'><strong>[αι.</strong></span> <span class='ocrx_word' id='word_1_674' title='bbox 1441 2511 1544 2549; x_wconf 74' lang='lat' dir='ltr'><strong>CXVI].</strong></span> 
     </span>
    </p>
   </div>
   <div class='ocr_carea' id='block_1_110' title="bbox 1128 2556 1571 2593">
    <p class='ocr_par' dir='ltr' id='par_1_110' title="bbox 1128 2556 1571 2593">
     <span class='ocr_line' id='line_1_111' title="bbox 1128 2556 1571 2593; baseline 0.007 -10"><span class='ocrx_word' id='word_1_675' title='bbox 1128 2556 1166 2584; x_wconf 87' lang='lat' dir='ltr'><strong>De</strong></span> <span class='ocrx_word' id='word_1_676' title='bbox 1188 2558 1261 2584; x_wconf 81' lang='lat' dir='ltr'><strong>bonis</strong></span> <span class='ocrx_word' id='word_1_677' title='bbox 1277 2562 1302 2584; x_wconf 77' lang='lat' dir='ltr'><strong>et</strong></span> <span class='ocrx_word' id='word_1_678' title='bbox 1319 2557 1435 2593; x_wconf 77' lang='lat' dir='ltr'><strong>benignis</strong></span> <span class='ocrx_word' id='word_1_679' title='bbox 1448 2559 1571 2586; x_wconf 75' lang='lat' dir='ltr'><strong>dominis.</strong></span> 
     </span>
    </p>
   </div>
   <div class='ocr_carea' id='block_1_111' title="bbox 997 2603 1745 2639">
    <p class='ocr_par' dir='ltr' id='par_1_111' title="bbox 997 2603 1745 2639">
     <span class='ocr_line' id='line_1_112' title="bbox 997 2603 1745 2639; baseline 0.001 -6"><span class='ocrx_word' id='word_1_680' title='bbox 997 2606 1046 2633; x_wconf 84' lang='lat' dir='ltr'><strong>Job</strong></span> <span class='ocrx_word' id='word_1_681' title='bbox 1063 2612 1139 2632; x_wconf 77' lang='lat' dir='ltr'><strong>xxxi.</strong></span> <span class='ocrx_word' id='word_1_682' title='bbox 1157 2603 1186 2632; x_wconf 88' lang='lat' dir='ltr'><strong>Si</strong></span> <span class='ocrx_word' id='word_1_683' title='bbox 1217 2604 1334 2637; x_wconf 82' lang='lat' dir='ltr'><strong>perverti</strong></span> <span class='ocrx_word' id='word_1_684' title='bbox 1351 2604 1483 2639; x_wconf 91' lang='lat' dir='ltr'><strong>judicium</strong></span> <span class='ocrx_word' id='word_1_685' title='bbox 1499 2606 1569 2633; x_wconf 85' lang='lat' dir='ltr'><strong>servi</strong></span> <span class='ocrx_word' id='word_1_686' title='bbox 1582 2611 1629 2634; x_wconf 87' lang='lat' dir='ltr'><strong>aut</strong></span> <span class='ocrx_word' id='word_1_687' title='bbox 1641 2614 1724 2634; x_wconf 71' lang='lat' dir='ltr'><strong>servm</strong></span> <span class='ocrx_word' id='word_1_688' title='bbox 1736 2627 1745 2639; x_wconf 82' lang='grc'><strong>,</strong></span> 
     </span>
    </p>
   </div>
   <div class='ocr_carea' id='block_1_112' title="bbox 957 2650 1743 2686">
    <p class='ocr_par' dir='ltr' id='par_1_112' title="bbox 957 2650 1743 2686">
     <span class='ocr_line' id='line_1_113' title="bbox 957 2650 1743 2686; baseline -0.004 -6"><span class='ocrx_word' id='word_1_689' title='bbox 957 2660 1019 2680; x_wconf 83' lang='lat' dir='ltr'><strong>eum</strong></span> <span class='ocrx_word' id='word_1_690' title='bbox 1035 2651 1107 2686; x_wconf 89' lang='lat' dir='ltr'><strong>apud</strong></span> <span class='ocrx_word' id='word_1_691' title='bbox 1121 2650 1318 2684; x_wconf 76' lang='lat' dir='ltr'><strong>melitigareut,</strong></span> <span class='ocrx_word' id='word_1_692' title='bbox 1329 2657 1362 2676; x_wconf 91' lang='lat' dir='ltr'><strong>an</strong></span> <span class='ocrx_word' id='word_1_693' title='bbox 1380 2658 1433 2677; x_wconf 89' lang='lat' dir='ltr'><strong>non</strong></span> <span class='ocrx_word' id='word_1_694' title='bbox 1452 2655 1481 2678; x_wconf 90' lang='lat' dir='ltr'><strong>ut</strong></span> <span class='ocrx_word' id='word_1_695' title='bbox 1507 2659 1557 2685; x_wconf 74' lang='lat' dir='ltr'><strong>ego</strong></span> <span class='ocrx_word' id='word_1_696' title='bbox 1568 2652 1594 2678; x_wconf 93' lang='lat' dir='ltr'>in</span> <span class='ocrx_word' id='word_1_697' title='bbox 1608 2657 1683 2679; x_wconf 79' lang='lat' dir='ltr'><strong>utero</strong></span> <span class='ocrx_word' id='word_1_698' title='bbox 1695 2653 1743 2684; x_wconf 79' lang='lat' dir='ltr'><strong>fui,</strong></span> 
     </span>
    </p>
   </div>
   <div class='ocr_carea' id='block_1_113' title="bbox 958 2695 1743 2726">
    <p class='ocr_par' dir='ltr' id='par_1_113' title="bbox 958 2695 1743 2726">
     <span class='ocr_line' id='line_1_114' title="bbox 958 2695 1743 2726; baseline -0.003 -1"><span class='ocrx_word' id='word_1_699' title='bbox 958 2699 998 2726; x_wconf 85' lang='lat' dir='ltr'><strong>sic</strong></span> <span class='ocrx_word' id='word_1_700' title='bbox 1012 2698 1048 2724; x_wconf 93' lang='lat' dir='ltr'><strong>illi</strong></span> <span class='ocrx_word' id='word_1_701' title='bbox 1059 2696 1191 2724; x_wconf 77' lang='lat' dir='ltr'><strong>fuerunt?</strong></span> <span class='ocrx_word' id='word_1_702' title='bbox 1206 2695 1319 2722; x_wconf 83' lang='lat' dir='ltr'><strong>Fuimus</strong></span> <span class='ocrx_word' id='word_1_703' title='bbox 1331 2699 1425 2722; x_wconf 88' lang='lat' dir='ltr'><strong>autem</strong></span> <span class='ocrx_word' id='word_1_704' title='bbox 1437 2695 1463 2722; x_wconf 92' lang='lat' dir='ltr'>in</span> <span class='ocrx_word' id='word_1_705' title='bbox 1481 2696 1575 2723; x_wconf 83' lang='lat' dir='ltr'><strong>eodem</strong></span> <span class='ocrx_word' id='word_1_706' title='bbox 1589 2700 1678 2723; x_wconf 89' lang='lat' dir='ltr'><strong>utero.</strong></span> <span class='ocrx_word' id='word_1_707' title='bbox 1693 2696 1743 2724; x_wconf 80' lang='lat' dir='ltr'><strong>Sin</strong></span> 
     </span>
    </p>
   </div>
   <div class='ocr_carea' id='block_1_114' title="bbox 958 2740 1744 2776">
    <p class='ocr_par' dir='ltr' id='par_1_114' title="bbox 958 2740 1744 2776">
     <span class='ocr_line' id='line_1_115' title="bbox 958 2740 1744 2776; baseline -0.003 -6"><span class='ocrx_word' id='word_1_708' title='bbox 958 2748 1046 2770; x_wconf 88' lang='lat' dir='ltr'><strong>autem</strong></span> <span class='ocrx_word' id='word_1_709' title='bbox 1060 2749 1131 2776; x_wconf 60' lang='lat' dir='ltr'><strong>sape</strong></span> <span class='ocrx_word' id='word_1_710' title='bbox 1153 2741 1234 2768; x_wconf 87' lang='lat' dir='ltr'><strong>etiam</strong></span> <span class='ocrx_word' id='word_1_711' title='bbox 1251 2741 1378 2768; x_wconf 79' lang='lat' dir='ltr'><strong>dixerunt</strong></span> <span class='ocrx_word' id='word_1_712' title='bbox 1390 2740 1495 2768; x_wconf 66' lang='lat' dir='ltr'><strong>ancillae</strong></span> <span class='ocrx_word' id='word_1_713' title='bbox 1513 2748 1579 2767; x_wconf 66' lang='lat' dir='ltr'><strong>mea:</strong></span> <span class='ocrx_word' id='word_1_714' title='bbox 1598 2740 1684 2774; x_wconf 84' lang='lat' dir='ltr'><strong>:Quis</strong></span> <span class='ocrx_word' id='word_1_715' title='bbox 1697 2741 1744 2769; x_wconf 84' lang='lat' dir='ltr'><strong>det</strong></span> 
     </span>
    </p>
   </div>
   <div class='ocr_carea' id='block_1_115' title="bbox 959 2785 1745 2821">
    <p class='ocr_par' dir='ltr' id='par_1_115' title="bbox 959 2785 1745 2821">
     <span class='ocr_line' id='line_1_116' title="bbox 959 2785 1745 2821; baseline -0.001 -5"><span class='ocrx_word' id='word_1_716' title='bbox 959 2789 1037 2816; x_wconf 90' lang='lat' dir='ltr'><strong>nobis</strong></span> <span class='ocrx_word' id='word_1_717' title='bbox 1056 2793 1085 2815; x_wconf 82' lang='lat' dir='ltr'><strong>ut</strong></span> <span class='ocrx_word' id='word_1_718' title='bbox 1099 2788 1229 2815; x_wconf 87' lang='lat' dir='ltr'><strong>carnibus</strong></span> <span class='ocrx_word' id='word_1_719' title='bbox 1246 2787 1306 2821; x_wconf 82' lang='lat' dir='ltr'><strong>ejus</strong></span> <span class='ocrx_word' id='word_1_720' title='bbox 1320 2786 1501 2821; x_wconf 73' lang='lat' dir='ltr'><strong>expleantur?</strong></span> <span class='ocrx_word' id='word_1_721' title='bbox 1516 2793 1578 2813; x_wconf 89' lang='lat' dir='ltr'><strong>cum</strong></span> <span class='ocrx_word' id='word_1_722' title='bbox 1596 2785 1652 2814; x_wconf 81' lang='lat' dir='ltr'><strong>illis</strong></span> <span class='ocrx_word' id='word_1_723' title='bbox 1664 2787 1745 2815; x_wconf 81' lang='lat' dir='ltr'><strong>value</strong></span> 
     </span>
    </p>
   </div>
   <div class='ocr_carea' id='block_1_116' title="bbox 958 2833 1404 2863">
    <p class='ocr_par' dir='ltr' id='par_1_116' title="bbox 958 2833 1404 2863">
     <span class='ocr_line' id='line_1_117' title="bbox 958 2833 1404 2863; baseline -0.009 0"><span class='ocrx_word' id='word_1_724' title='bbox 958 2843 1046 2863; x_wconf 80' lang='lat' dir='ltr'><strong>essent</strong></span> <span class='ocrx_word' id='word_1_725' title='bbox 1060 2834 1218 2862; x_wconf 87' lang='lat' dir='ltr'><strong>commodus</strong></span> <span class='ocrx_word' id='word_1_726' title='bbox 1231 2839 1257 2861; x_wconf 90' lang='lat' dir='ltr'><strong>et</strong></span> <span class='ocrx_word' id='word_1_727' title='bbox 1272 2833 1404 2860; x_wconf 77' lang='lat' dir='ltr'><strong>clemens.</strong></span> 
     </span>
    </p>
   </div>
  </div>
