1940 3104
139 134 211 165 1065

166 191 280 217 Οίκέται
296 190 373 225 σοφοὶ
388 190 620 222 ίδίουςδεσπότας
635 190 813 217 δανείσουσιν.

170 236 275 267 Γλυκὺς
295 237 308 263 ὁ
322 235 405 268 ὕπνος
420 236 467 263 τοῦ
483 236 586 269 δούλου,
602 236 658 262 είτε
681 235 782 269 ὀλίγον,
800 235 855 262 εῐτε
872 235 920 261 καὶ

132 280 201 307 πολὺ
217 281 343 315 φάγεται.

167 326 214 361 Μὴ
230 326 360 363 κακώσιος
371 327 481 362 οἰκέτην
494 327 678 362 ἐργαζόμενον
693 327 723 354 ἐν
738 326 864 362 ἀληθείᾳ.

167 415 282 449 Οἰκέτην
311 415 420 442 συνετὸν
451 414 584 450 ἀγαπάτω
601 423 648 442 σου
672 415 689 449 ή
708 414 794 450 ψυχὴ,
814 414 862 441 καὶ
880 414 918 449 μὴ

132 461 270 498 στερήσῃς
283 460 365 487 αὐτὸν
379 461 546 495 ὲλευθερίας.

167 505 267 540 Οἱκέτῃ
281 505 384 540 συνετῷ
401 505 538 540 ἐλεύθεροι
554 505 785 541 ὕπουργήσουσιν.

167 551 200 577 Οί
208 550 309 584 δοῦλοι,
318 552 442 586 ἀγαπᾶτε
453 552 516 583 τοὺς
527 552 599 579 κατὰ
608 551 695 588 σάρκα
707 552 819 584 κυρίους
828 551 917 586 ὑμῶν,

133 597 202 629 μετὰ
218 596 301 630 φόΰου
317 597 363 623 καὶ
377 597 490 632 τρόμου,
503 598 533 624 ὲν
546 598 679 632 ἁπλότητι
698 597 813 633 καρδίας
827 598 916 632 ὑμῶν,

131 641 296 676 φοϐούμενοι
324 643 369 669 τὸν
393 643 505 678 Κύριον,
522 644 568 671 καὶ
593 644 630 678 μὴ
652 644 713 670 κατ’
732 644 918 679 ὀφθαλμοδου-

131 686 220 720 λείαν,
234 687 272 718 ὡς
288 688 523 723 ἀνθρωπάρεσκοι,
539 689 597 716 ἀλλ’
610 690 649 721 ὡς
669 690 758 717 δοῦλοι
782 690 914 725 Χριστοῦ,

132 733 272 766 ποιοῦντες
288 735 320 761 τὸ
333 735 439 770 θέλημα
462 736 509 763 τοῦ
525 736 594 764 Θεοῦ
611 737 644 763 ἐκ
661 737 762 772 ψυχῆς,
788 737 848 771 μετ’
870 738 916 763 εὑ-

130 779 216 812 νοίας,
244 780 415 812 δουλεύοντες
438 781 477 816 τῷ
500 782 595 817 Κυρίῳ
618 783 666 809 καὶ
684 783 735 809 οὐκ
749 782 916 817 ἀνθρώποις,

131 824 233 856 εἰδότες
260 825 302 852 ὅτι
328 825 443 858 ἔκαστος
471 826 487 853 ὃ
516 828 624 861 ποιήσει
647 828 760 862 ἀγαθὸν,
777 828 856 855 τοῦτο
870 838 917 856 κο-

133 872 237 905 μιεῖται
249 872 324 907 παρὰ
339 872 454 907 Κυριου,
466 873 521 900 εἴτε
535 873 637 908 δοῦλος,
654 875 709 902 εῖτε
725 875 880 910 ἐλεύθερος.

169 960 200 987 ΟΞ
212 961 309 992 δοῦλοι,
322 962 475 990 ὑπακούετε
488 965 542 997 τοῖς
556 965 626 992 κατὰ
642 966 733 1000 σάρκα
745 966 860 1001 κυρίοις,
879 967 917 1001 μὴ

132 1007 162 1033 ὲν
187 1007 458 1044 ὀφθαλμοδουλείαις,
486 1010 525 1042 ὥς
552 1010 790 1047 ἀνθρωπάρεσκοι,
815 1013 873 1039 ἀλλ’
888 1014 917 1039 ὲν

130 1052 265 1088 ἁπλότητι
276 1054 400 1089 καρδίας,
416 1056 577 1090 φοσούμενοι
592 1058 637 1084 τὸν
651 1057 770 1092 Κύριονσ
787 1059 834 1084 καὶ
845 1058 859 1084 δ
871 1059 917 1085 ἐὰν

130 1099 236 1133 ποιῆτε,
253 1101 284 1126 ἐκ
297 1100 387 1136 ψυχῆς
398 1102 560 1136 ἐργάζεσθε,
579 1103 617 1134 ὡς
634 1103 673 1138 τῷ
690 1103 785 1139 Κυρίῳ
800 1104 847 1130 καὶ
867 1104 917 1130 οὐκ

130 1146 295 1180 ἀνθρώποις,
313 1148 414 1179 ειδότες
437 1149 478 1175 ὃτι
501 1149 579 1184 παρὰ
600 1151 703 1186 Κυρίου
724 1151 843 1186 λήψεσθε
866 1152 916 1186 τὴν

129 1192 264 1219 ἀντίδοσιν
279 1193 329 1228 τῆς
343 1194 527 1230 κληρονομίας
542 1196 631 1231 ὑμῶν.

163 1282 197 1308 Oi
226 1282 341 1315 οἰκέται,
372 1283 587 1319 ὑποτασσόμενοι
611 1285 640 1312 ὲν
667 1287 748 1313 παντὶ
769 1286 844 1320 φόὸῳ
859 1287 915 1318 τοῖς

128 1326 285 1360 δεσπόταις,
310 1329 339 1355 οὐ
367 1329 448 1363 μόνον
467 1330 524 1361 τοῖς
548 1330 661 1364 ἀγαθοῖς
684 1331 730 1357 καὶ
752 1332 913 1364 ιπιιικέσιν,

128 1373 197 1401 ἀλλὰ
212 1375 258 1400 καὶ
276 1376 330 1406 τοῖς
343 1375 469 1407 σκολιοῖς.
487 1376 571 1403 Τοῦτο
591 1377 646 1412 γὰρ
661 1378 741 1412 χάρις
753 1379 828 1413 παρὰ
843 1377 913 1413 Θεῷ,

127 1420 153 1445 εἰ
179 1419 222 1445 διὰ
239 1419 392 1456 συνείδησιν
416 1422 523 1457 ἀγαθὴν
551 1423 683 1459 ὑποφέρει
705 1432 747 1455 τις
760 1423 848 1455 λύπας
859 1424 914 1450 πά-

129 1473 202 1499 σχων
230 1465 339 1497 ἀδίκως.
363 1467 443 1494 Ποῖον
467 1468 522 1504 γὰρ
543 1468 630 1503 κλέος,
655 1470 680 1496 οἱ
710 1470 914 1505 ἁμαρτάνοντες

128 1513 175 1537 καὶ
203 1511 422 1547 κολαφιζόμενοι,
454 1514 621 1549 ὑπομένετες
663 1517 735 1542 Ἀλλ’
757 1517 782 1543 οἱ
812 1516 947 1562 ἀγαϐο-ε

127 1557 267 1588 ποιοῦντες
289 1559 335 1584 καὶ
366 1560 527 1594 πάσχοντες,

127 1603 203 1636 παρὰ
216 1602 285 1637 Θεῷ.

162 1649 193 1675 οι
207 1649 296 1676 δοῦλοι
314 1651 351 1684 μὴ
366 1651 509 1686 ἐράτωααν
523 1653 577 1680 ἀπὸ
589 1653 636 1679 τοῦ
648 1653 739 1680 κοινοῦ
754 1652 912 1688 ἐλευθεροῦ-

127 1694 189 1721 σοαι
200 1702 208 1710 ·
225 1695 283 1722 ἀλλ’
298 1697 338 1728 είς
354 1697 433 1730 δόξαν
449 1698 516 1725 Θεοῦ
531 1699 612 1726 πλέον
635 1699 846 1731 δουλευέτωσαν,
868 1700 912 1727 ἴνα

127 1742 282 1775 κρείττονος
299 1742 455 1778 ξλευοερίας
469 1744 524 1771 ἀπὸ
539 1739 606 1771 Θεου
623 1745 751 1780 τύχωσιν.

180 1788 211 1814 Οἱ
225 1787 253 1814 δὲ
266 1789 381 1822 οἰκέται,
398 1790 445 1816 καὶ
461 1790 578 1825 μάλιστα
590 1791 614 1817 οι
629 1791 708 1824 Θεοῦ,

179 1834 226 1869 Μὴ
241 1835 418 1870 φευγέτωσαν
432 1838 535 1865 εὐνοεῖν
550 1839 606 1870 τοῖς
623 1838 779 1870 δεσπόταις.

554 1561 716 1597 ὑπομένετε,
730 1562 809 1590 τοῦτο
830 1563 910 1598 χάρις

188 1925 338 1962 Ελεύοερον
353 1929 398 1954 καὶ
411 1928 503 1955 δοῦλον
520 1930 533 1955 ὁ
544 1929 646 1964 τρόπος
660 1930 772 1965 γράφει.

179 1972 234 1998 Καὶ
247 1973 364 2008 Χριστὸς
375 1973 453 2008 ὤφθη
465 1974 568 2009 δοῦλος,
583 1975 643 2003 ἀλλ’
654 1976 812 2011 ἠλευθέρου.

163 2109 279 2136 Duxerat
307 2110 407 2139 δούλων
433 2112 528 2143 ἀκοαῖς
563 2113 735 2142 δεσποτικῶν
763 2115 912 2152 Θαυμάτων

126 2155 264 2189 διήγησις-

531 134 616 180 ιυρι
636 132 856 164 COMMUNES.
881 141 918 150 -
939 131 1036 161 PARS
1057 132 1101 161 II.
1121 130 1250 161 SERMO
1271 130 1376 160 XXIV.

936 192 956 220 Α
1008 188 1086 215 Scrvi
1099 188 1238 222 sapientes
1251 185 1378 214 dominos
1388 192 1454 212 suos
1468 185 1549 211 utiles
1562 182 1617 211 sibi
1631 182 1757 209 reddunt.

1694 124 1761 157 1066

1006 232 1098 260 Dulcis
1109 239 1222 260 somnus
1238 231 1308 259 servi
1320 234 1371 263 est,
1384 231 1442 258 sive
1453 237 1561 265 parum,
1576 229 1634 256 sive
1645 227 1758 254 mullum

970 279 1025 306 cibi
1037 279 1198 314 sumpserit.

1007 324 1089 352 Eccli.
1107 333 1203 352 xxxtn.
1218 323 1342 351 Servum‘
1356 322 1461 350 sincere
1474 329 1542 357 opus
1552 321 1693 349 facientem
1725 326 1759 346 ne

970 371 1041 398 male
1067 374 1194 398 tractato.

1007 417 1170 445 Prudentem
1182 425 1291 446 servum
1308 426 1341 446 ex
1358 419 1450 446 animo
1473 416 1589 451 diligite,
1614 421 1664 440 nec
1692 419 1756 440 eum

969 463 1093 490 libertate
1103 463 1238 492 fraudato.

1006 508 1100 542 Sagaci
1114 517 1194 537 servo
1220 510 1298 538 liberi
1323 511 1525 538 ministrahunt.

1006 553 1104 587 Epltes.
1117 562 1156 582 vt.
1173 555 1262 588 Servi,
1275 557 1402 583 dominos
1420 561 1522 582 veslrns
1535 553 1683 581 secundum
1698 558 1758 578 car-

969 609 1029 628 nem
1048 600 1162 636 diligite,
1179 607 1332 630 metuentes
1350 602 1495 629 Dominum
1520 607 1581 628 cum
1612 599 1709 624 timore
1729 600 1757 621 ιιι

968 651 1088 676 tremore
1105 648 1133 676 in
1145 649 1236 677 cordis
1254 650 1336 677 vestri
1349 649 1544 684 simplicitate;
1562 653 1615 673 non
1634 644 1753 679 qni-lem.

968 698 998 720 ιιι
1010 694 1054 728 ιιιιὶ
1072 699 1177 722 tantum
1189 696 1311 723 serviunt
1326 695 1412 723 oculis
1427 694 1540 725 domini,
1557 691 1755 719 uthominibns

967 738 1106 773 placeatis,
1118 740 1166 768 sed
1188 745 1218 767 ut
1241 740 1342 768 Christi
1376 741 1446 767 servi
1473 739 1603 766 facientes
1629 736 1754 763 volunta-

967 789 1020 810 tem
1050 784 1096 812 Dei
1115 792 1148 817 cx
1164 786 1264 819 anima,
1292 794 1352 814 cum
1371 785 1554 813 benevolentia
1580 782 1704 812 Domino.
1729 785 1755 807 rt

968 836 1022 856 non
1038 830 1192 858 hominibus
1219 831 1369 858 servientes
1383 839 1391 864 ;
1407 831 1523 858 scientes
1538 829 1609 862 quod
1639 827 1754 862 quismm

932 863 953 891 Β
968 873 1032 901 boni
1048 874 1153 906 fecerit.
1171 875 1199 903 id
1225 883 1239 902 a
1258 875 1371 903 Domino
1383 883 1445 902 eum
1463 878 1678 909 reportaturum,
1696 871 1754 899 sive

968 927 1065 948 servus
1078 922 1125 952 sit,
1140 921 1198 949 sive
1215 922 1290 949 liber.

1002 965 1093 999 Servi,
1107 966 1215 994 obedite
1227 967 1345 994 dominis
1358 966 1457 994 vestris
1468 966 1618 993 secundum
1632 970 1752 991 carnem.

968 1019 1022 1038 non
1040 1011 1092 1039 illis
1103 1013 1137 1039 ad
1156 1012 1266 1040 Oculum
1283 1012 1445 1044 servientes,
1460 1010 1537 1046 quasi
1561 1010 1608 1044 qui
1634 1008 1753 1036 homini~

968 1058 1018 1085 bus
1027 1059 1114 1085 velitis
1125 1058 1243 1093 placere,
1254 1059 1302 1086 sed
1315 1058 1430 1093 simplici
1445 1057 1527 1085 conlo
1541 1056 1683 1083 Dominum
1698 1062 1751 1081 me

967 1107 1076 1131 tuentes
1091 1113 1096 1130 :
1109 1109 1137 1131 et
1152 1104 1283 1138 quidquid
1297 1103 1428 1138 feceritis,
1444 1104 1469 1130 id
1483 1111 1516 1130 ex
1531 1102 1622 1129 animo
1647 1100 1752 1127 faciem-

966 1150 1030 1176 dum
1046 1150 1186 1185 suscipite,
1198 1154 1328 1185 tanquam
1343 1150 1456 1176 Domino
1466 1154 1492 1176 et
1503 1155 1557 1175 non
1574 1147 1750 1175 hominibus:

966 1195 1032 1223 illud
1053 1203 1107 1222 non
1133 1196 1292 1231 ignorantes
1308 1195 1376 1227 fore,
1394 1199 1425 1222 ut
1446 1203 1460 1221 a
1476 1194 1591 1221 Domino
1613 1193 1753 1228 recipiatis

967 1241 1217 1269 remunerationem
1229 1240 1396 1268 haeretlitatis
1411 1244 1519 1267 vestrae.

1001 1286 1016 1313 1
1035 1286 1108 1314 Petr.
1138 1291 1169 1314 ll.
1189 1286 1277 1318 Servi,
1305 1286 1420 1321 subjecti
1447 1289 1535 1313 estote
1558 1285 1584 1311 in
1615 1285 1688 1310 Omni
1721 1283 1755 1308 ti-

965 1339 1041 1359 more
1055 1332 1172 1359 dominis
1188 1332 1297 1364 vestris,
1316 1339 1368 1358 non
1384 1331 1472 1358 solum
1487 1330 1566 1357 bonis
1580 1333 1606 1356 et
1634 1328 1755 1355 clemen-

965 1376 1048 1409 tibus,
1063 1376 1112 1404 sed
1127 1377 1209 1404 etiam
1224 1377 1387 1411 importunis
1407 1385 1414 1410 ;
1434 1377 1484 1403 hoc
1493 1375 1567 1402 enim
1592 1378 1700 1408 gratum
1710 1378 1753 1399 est

965 1422 1092 1455 Domino,
1111 1424 1135 1450 si
1146 1423 1209 1458 quis
1225 1423 1295 1449 bona
1305 1422 1472 1450 conscientia
1484 1421 1624 1448 molestias
1637 1423 1664 1447 et.
1674 1419 1751 1446 dolu-

965 1475 1009 1496 res
1023 1468 1142 1503 patiatur
1167 1469 1315 1496 immerito.
1346 1468 1415 1501 Quid
1443 1467 1514 1495 enim
1543 1467 1623 1494 habet
1648 1472 1680 1492 ea
1709 1473 1752 1491 res

964 1513 1067 1547 glorise,
1083 1513 1106 1541 si
1124 1519 1235 1549 propter
1249 1520 1360 1548 peccata
1377 1513 1502 1547 colaphis
1513 1512 1575 1539 ctesi
1606 1509 1753 1546 patimini?

963 1559 1017 1587 Sed
1033 1560 1054 1586 si
1072 1559 1184 1587 honeste
1198 1563 1225 1587 et
1238 1565 1332 1587 sancte
1344 1559 1466 1586 viventes
1483 1556 1606 1592 patimini
1635 1561 1662 1584 et
1694 1556 1753 1583 sul-

964 1605 1052 1639 l‘ertis,
1070 1606 1120 1634 hoc
1135 1607 1242 1634 demum
1262 1605 1316 1632 Deo
1332 1609 1373 1633 est
1388 1610 1504 1640 gratum.

998 1651 1105 1686 lgnau‘i.
1121 1651 1195 1679 Servi
1211 1659 1263 1678 non
1277 1656 1399 1687 quaerant
1410 1651 1574 1678 mundanam
1589 1649 1752 1680 libertatem,

963 1697 1011 1725 sed
1031 1698 1120 1732 potius
1137 1699 1162 1724 in
1190 1697 1268 1732 162
1284 1697 1328 1724 Dei
1347 1696 1458 1732 gloriam
1475 1697 1604 1729 serviant,
1618 1700 1646 1722 nt
1662 1694 1755 1723 motio"

963 1750 1019 1769 rem
1029 1751 1043 1769 a
1060 1742 1174 1770 Domino
1185 1747 1386 1778 consequantur
1402 1743 1566 1770 libertatem.

1036 1789 1103 1816 Cum
1120 1797 1223 1821 omnes,
1239 1794 1296 1816 tum
1314 1789 1429 1816 mavime
1447 1788 1492 1816 Dei
1509 1787 1579 1815 servi

1035 1835 1180 1863 Elaborare
1195 1836 1294 1864 debent
1309 1840 1337 1863 ut
1351 1835 1455 1868 Dimini
1475 1833 1686 1862 benevolentiam

1497 1879 1715 1911 lconscctcntur.

1036 1928 1163 1955 Liberum
1179 1932 1206 1954 et
1227 1935 1333 1955 servum
1355 1933 1443 1953 mores
1460 1925 1618 1957 ostendunt,

1038 1973 1142 2001 Etenim
1158 1973 1284 2001 Christus
1303 1974 1375 2000 visus
1389 1978 1431 1999 est
1444 1979 1550 2003 servus,
1571 1971 1616 1998 sed
1637 1970 1735 1997 liberos

1566 2022 1627 2047 ‘uos
1642 2019 1713 2047 fecit.

1499 2066 1655 2102 (Theologi.)
1679 2075 1682 2078 ’

1002 2113 1032 2141 S.
1055 2113 1192 2149 Chrysosl.
1218 2113 1370 2142 Jucnmlum
1395 2118 1436 2141 est
1463 2114 1573 2140 auribus
1596 2121 1749 2146 servorum,

965 2161 988 2189 si
1006 2161 1068 2194 quid
1085 2160 1244 2187 admirabile
1262 2161 1294 2187 tle
1310 2160 1427 2187 dominis
1439 2164 1574 2186 narretur.

161 2202 299 2235 Μέγιστον
311 2202 448 2236 ἐγκώμιον
468 2204 576 2236 οῑκέτου
592 2206 708 2241 μηδενὸς
720 2203 758 2234 ὤν
774 2207 808 2234 ἂν
825 2217 912 2243 προσ-

1002 2206 1133 2233 Philonis.
1170 2205 1314 2233 Maximum
1338 2211 1378 2233 est
1402 2206 1471 2232 scrvi
1494 2208 1647 2232 uncomium
1685 2206 1750 2232 nihil
1787 2206 1791 2210 “

129 2247 206 2280 τάξει
221 2248 235 2273 ό
249 2249 452 2284 οἰκοδεσπότης,
471 2250 624 2287 ὀλιγωρεῖν,
644 2252 749 2285 ἀόκνως
764 2253 792 2280 δὲ
805 2255 851 2280 καὶ
869 2263 915 2288 φι-

125 2294 245 2325 λοπόνως
260 2295 331 2330 ὑπὲρ
346 2295 460 2332 δύναμιν
475 2298 564 2325 πάντα
578 2299 738 2332 σπουδάζειν
751 2301 831 2336 αἰσίῳ
845 2301 915 2336 γνὼ-

128 2347 165 2374 μῃ
184 2340 344 2376 κατορθοῦν.

425 2450 535 2478 ΛΟΓΟΣ
552 2452 614 2479 ΚΔ’.

325 2508 395 2542 Περὶ
411 2508 531 2535 δούλων
539 2510 709 2544 μοχθηρῶν.

166 2563 268 2590 Ἰδοῦσα
283 2564 373 2601 ’Λγαρ
388 2566 429 2592 ὅτι
442 2567 471 2593 ὲν
486 2568 584 2602 γαστρὶ
597 2567 664 2602 ἔχει,
679 2569 818 2604 ἡτιμάσϐη
835 2571 850 2605 ἡ
866 2580 912 2597 κυ-

127 2609 172 2644 ρία
198 2610 283 2644 αὐτῆς
309 2611 426 2639 ἐνώπιον
454 2612 550 2647 αὐτῆς.
577 2611 645 2640 Eine
676 2615 704 2641 δὲ
729 2616 822 2650 Σᾶρῤα
844 2617 911 2652 πρῦς

131 2655 278 2691 ’Δῦραὰμ·
312 2657 470 2692 Ἀδικοῠμαι
494 2659 526 2686 ἐκ
553 2659 611 2686 σοῦ.
641 2660 711 2694 Ἐγὼ
734 2661 837 2688 δέδωκα
863 2663 910 2697 τὴν

126 2701 273 2736 παιδίσκην
291 2711 342 2736 μου
355 2704 395 2734 εἰς
411 2704 456 2730 τὸν
474 2705 572 2732 κόλπον
588 2714 633 2732 σου
647 2714 655 2722 ·
672 2706 762 2733 ἰδοῦσα
779 2708 806 2733 δὲ
827 2709 868 2734 ὃτι
881 2710 910 2735 ὲν

125 2750 223 2782 γαστρὶ
249 2748 313 2783 ἔχει,
335 2749 490 2785 ἡτιμάσθην
518 2751 639 2778 ἐναντίον
662 2753 759 2787 αὐτῆς.
786 2754 910 2789 Κρινεῖὸ

123 2794 189 2826 Θεδς
206 2795 257 2821 ἀνὰ
270 2796 351 2829 μέσον
362 2796 429 2830 ἐμοῦ
442 2797 488 2823 καὶ
502 2799 557 2823 σοῦ.
573 2796 639 2825 Eine
652 2798 679 2825 δὲ
692 2800 760 2834 αὐτῇ
771 2800 907 2835 Ἀϐραάμ·

129 2840 193 2866 Ἰδοὺ
210 2842 225 2876 ἡ
244 2841 372 2876 παιδίσκη
391 2851 436 2868 σου
454 2842 482 2868 ἐν
497 2845 557 2873 ταῖς
573 2844 652 2878 χερσί
674 2853 730 2872 σου.
746 2845 810 2879 Χρῶ
827 2846 906 2880 αὐτῇ,

269 2889 402 2919 PnnoL.
422 2890 479 2921 Gn.
496 2891 657 2921 CXXXVI.

967 2260 1060 2280 eorum
1086 2260 1145 2287 quae
1162 2252 1357 2286 pta-scripserit
1377 2251 1400 2278 ci
1417 2252 1542 2278 dominus
1563 2257 1749 2281 contemnere,

966 2299 1012 2326 sed
1030 2299 1143 2334 impigre
1155 2304 1182 2325 et
1197 2298 1328 2325 industrie
1342 2306 1423 2332 supra
1440 2298 1509 2324 vires
1530 2297 1672 2332 diligenter
1692 2305 1752 2325 om-

911 2366 916 2374 ,ι
966 2347 1010 2373 nia
1039 2353 1146 2377 curare,
1175 2350 1202 2371 ut
1221 2344 1292 2371 bono
1320 2344 1434 2370 comitio
1461 2343 1595 2374 absolvat,
1620 2348 1648 2370 ct
1678 2349 1751 2371 recte

965 2392 1147 2419 administrct.

1153 2458 1259 2485 smn.
1277 2456 1357 2484 xxxv
1384 2457 1433 2492 [ιιι.
1452 2456 1557 2492 CXIX].

1207 2515 1242 2541 De
1257 2515 1338 2542 seruis
1354 2514 1492 2547 improbis.

999 2572 1063 2600 Gen.
1083 2581 1137 2599 xvi.
1150 2572 1216 2599 Cum
1233 2570 1344 2597 vidisset
1358 2570 1429 2603 Agar
1443 2578 1472 2598 se
1481 2576 1663 2606 praegnantem
1675 2578 1746 2604 esse,

962 2617 1070 2653 probris
1088 2617 1177 2644 allccit
1199 2616 1335 2643 dominam
1357 2622 1444 2648 suam,
1458 2623 1490 2642 ac
1504 2624 1558 2650 pra:
1573 2623 1602 2642 sc
1627 2621 1748 2642 conteru-

964 2663 1025 2698 psit.
1045 2663 1113 2690 Sara
1138 2665 1227 2689 autem
1240 2661 1310 2696 apud
1325 2661 1507 2688 Abrahamum
1532 2661 1654 2695 queritur
1675 2661 1715 2686 sic
1737 2667 1746 2686 :

963 2709 1061 2744 lnjnria
1077 2709 1178 2736 alIicior
1197 2709 1245 2736 abs
1261 2712 1297 2736 te.
1318 2709 1373 2744 Ego
1387 2709 1455 2735 hanc
1470 2707 1583 2741 puellam
1608 2707 1633 2731 in
1658 2706 1745 2732 sinum

963 2762 1037 2783 tuum
1050 2755 1195 2787 collocavi;
1212 2759 1238 2781 at
1265 2759 1406 2789 postquam
1422 2761 1452 2779 se
1482 2755 1663 2786 prﬂ‘gnnntcm
1688 2758 1749 2778 esse

962 2801 1039 2832 vidit,
1053 2800 1183 2834 probrosa
1193 2800 1232 2826 illi
1248 2800 1304 2826 visa
1322 2806 1392 2826 sum.
1411 2796 1519 2823 Jntlicct
1537 2796 1606 2821 Deus
1623 2794 1692 2821 inter
1705 2803 1747 2822 me

959 2851 988 2873 et
1001 2851 1037 2872 te.
1054 2845 1226 2872 Abrahamns
1245 2848 1335 2871 autem
1352 2851 1360 2869 :
1379 2841 1494 2869 Ancilla.
1513 2840 1609 2873 inquit,
1627 2842 1676 2866 sub
1701 2846 1745 2868 tua

1455 2885 1492 2915 34
