1940 3104
206 146 276 178 106⁵1
835 148 972 179 ΛΝΤΟΝ]

1070 149 1184 179 mssa;
1394 192 1398 197 .
1759 149 1835 183 loss

205 210 286 230 manu
300 206 352 236 est,
377 207 463 231 tracta
477 210 536 232 eam
553 208 582 231 ut
602 203 652 231 tibi
669 203 817 232 videbitur.
835 204 904 232 Sara
919 204 971 232 mal

1068 213 1079 236 ς
1095 206 1129 232 ἄν
1147 214 1188 232 σοι
1206 205 1322 241 ἀρεστὸν
1395 206 1452 233 Καὶ
1469 205 1610 233 ἐκάκωσεν
1624 205 1710 241 αὐτὴν
1723 206 1834 244 Σάρρα.

205 249 289 283 capit
302 253 431 283 tractare,
447 251 484 278 ita
501 254 531 278 ut
545 250 683 285 aufugerit
696 258 711 277 ι
723 255 870 285 conspectu
882 251 952 285 eius.

787 255 870 285 apectu
882 251 952 285 eius.
1043 252 1090 278 καὶ
1106 251 1212 286 ἀπέδρα
1226 251 1281 278 ἀπὸ
1297 250 1444 286 προσώπου
1458 252 1553 287 αὐτῆς.

239 294 318 322 Prov.
331 303 407 323 xxix.
423 295 523 324 Servus
541 296 627 324 durus
644 302 671 324 et
691 296 815 331 pertinax
828 296 919 324 verbis
936 303 989 324 non

1079 295 1176 329 Λόγοις
1202 296 1234 322 οὺ
1250 296 1462 331 παιδευθήσεται
1485 296 1593 330 οἰκέτης
1613 295 1743 331 σκληρός.
1765 296 1836 323 Ἐὰν

200 341 361 374 erudietur;
377 348 439 368 nam
455 341 507 369 etsi
525 341 668 377 intelligat.
680 350 735 370 non
759 348 850 370 tamen
870 342 966 370 obedle

848 353 850 369 |
870 342 989 370 obedlet.
1043 342 1097 376 γὰρ
1114 341 1160 368 καὶ
1176 342 1270 378 νοήσῃ,
1285 342 1344 369 ἀλλ’
1356 343 1405 378 οὺχ
1419 342 1614 370 ὑπακούσεται.

235 386 294 414 Non
311 388 478 415 conveniunt
503 388 640 422 insipienti
672 389 796 417 delicia:
811 393 837 416 et
849 389 872 416 si
895 395 991 416 servus

1080 387 1117 412 Οὐ
1134 387 1267 422 συμφέρει
1281 388 1379 424 ἄφρονι
1390 388 1480 423 τρυφή
1488 395 1496 402 ⁸
1508 387 1555 413 καὶ
1565 386 1614 413 ἐὰν
1625 387 1733 423 οἰκέτης
1745 387 1835 423 ἄρξῃ,

201 429 364 468 magistratui
382 433 521 469 fungatur,
537 434 670 470 iniuriose
680 440 819 471 potestate
835 439 938 463 utetur.

643 443 670 462 ie
680 440 819 471 potestate
835 439 938 463 utetur.
1046 431 1105 464 μεθ’
1122 431 1227 467 ὕϐρεως
1240 432 1409 460 δυναστεύει.

237 476 318 506 Prov.
344 486 417 505 xxvr.
449 477 596 513 Flagellum
623 486 704 513 equo,
735 479 864 507 stimulus
884 480 990 507 asino,

1080 477 1187 510 Μάστιξ
1208 478 1294 513 ῐππῳ,
1312 478 1360 504 καὶ
1377 478 1490 514 κέντρον
1504 477 1569 513 δνῳ,
1584 478 1682 513 ῥάϐδος
1693 478 1723 506 δὲ
1735 478 1839 514 οἰκέτῃ

202 524 276 557 virga
292 531 372 550 servo
385 523 537 558 insipienti.

386 523 537 558 insipienti.
1045 523 1152 557 ἄφρονι.

240 568 327 596 Εαιί.
344 576 430 596 xxxtt.
446 568 559 601 Pabula,
578 569 666 604 virga,
682 572 709 596 et
723 576 806 596 onera
820 569 928 596 asinum
942 569 991 596 de-

1081 569 1265 603 Χορτάσματα
1279 570 1325 596 καὶ
1339 570 1436 605 ῥάϐδος
1445 571 1495 598 καὶ
1508 571 1606 607 φορτία
1623 570 1693 606 δνῳ·
1707 571 1794 606 ἄρτος
1807 571 1839 598 δὲ

197 619 286 642 cent:
305 622 413 642 servum
427 618 530 646 autem,
553 614 642 648 panis,
662 614 816 648 castigatio.
839 618 867 642 et
876 621 956 648 opus.

727 615 816 648 tgntio.
839 618 867 642 et
876 621 956 648 opus.
1047 614 1094 641 καὶ
1107 614 1214 641 παιδεία
1232 615 1279 641 καὶ
1295 615 1376 650 ἔργον
1391 617 1493 652 οἰκέτῃ.

237 661 307 688 Cura
319 665 349 687 ut
360 667 455 688 servus
466 668 535 695 opus
546 660 637 693 faciat,
645 665 671 688 et
683 661 801 695 requiem
818 660 940 689 invenies
951 668 961 688 :
970 661 993 689 si

1083 658 1219 694 Ἐργασσι
1231 661 1260 686 ἑν
1278 661 1366 693 παιδὶ,
1382 661 1430 688 καὶ
1440 661 1568 697 εὑρήσεις
1581 662 1736 689 ἀνάπαυσιν
1746 668 1754 677 ⁶
1771 661 1839 693 ἄνες

203 707 342 734 remiseris
357 714 466 733 manum
480 706 529 738 illi.
544 712 646 741 quaeret
654 706 817 734 libertatem.

1047 706 1125 740 χεῖρα
1145 706 1228 741 αὐτῷ,
1247 708 1293 734 καὶ
1307 708 1420 743 ζητήσει
1432 708 1600 743 ἐλευθερίαν.

239 753 325 780 Servo
334 752 457 787 improbo
464 760 498 780 ne
513 757 618 780 veretor
627 752 697 780 latus
709 753 742 780 ad
754 751 912 787 sanguinem
927 756 995 780 tun-

1083 751 1181 787 υῑκιτῃ
1197 752 1307 790 πονηρῷ
1319 753 1357 789 μὴ
1370 754 1520 789 αἰσχυνθῇς
1534 754 1655 789 πλευρὰν
1669 754 1799 789 αἱμάξαι.

203 799 280 827 dere.

237 846 336 881 Iugum
351 849 379 874 et
392 846 480 873 lorum
496 845 629 873 cervicem
644 844 764 881 [duram]
777 844 923 878 inilectent,
939 852 997 872 ser-

1083 841 1169 875 Ζυγδς
1196 843 1243 869 καὶ
1267 842 1332 877 ιμὰς
1357 842 1495 878 τράχηλον
1521 843 1696 878 κάμψουσιν,
1721 843 1838 876 οἰκέτην

203 900 266 920 vum
274 877 363 920 autem
373 891 520 927 malignum
529 877 662 919 tormenta
669 877 872 926 etquae—stiones.
880 891 919 919 Ad
927 898 969 925 opt

1071 887 1201 922 ικοῦργον
1224 888 1351 923 στρέϐλαι
1378 877 1428 915 καὶ
1443 877 1575 923 νβάσανοι.
1604 887 1728 922 Ἐμδαλε
1752 889 1837 914 atii-iv

202 937 358 968 faciendum
381 936 545 972 compellito,
561 944 596 964 ne
621 937 668 964 fiat
689 936 842 964 desidiosus
866 940 894 964 et
918 936 968 971 ign:

1076 941 1090 963 ς
1117 933 1261 968 ιργασίαν,
1285 934 1329 960 ἴνα
1359 934 1395 969 μὴ
1424 935 1513 969 (ιιργῇ⁵
1541 933 1641 968 πολλὴν
1657 934 1712 968 γὰρ
1735 934 1839 960 καχίιν

204 990 255 1010 vus
265 991 273 1010 :
283 983 366 1011 multa
376 983 450 1010 enim
459 982 524 1010 vitia
536 982 733 1010 docuitotium.
748 982 776 1010 ln
791 989 822 1010 ea
835 989 901 1018 ergo
910 989 970 1017 opet

1071 978 1167 1010 Βιδσξεν
1192 979 1208 1014 ἡ
1233 979 1329 1014 ἀργία.
1353 981 1400 1012 Et:
1420 980 1488 1015 ἔργα
1510 980 1681 1015 κατάστησον
1700 980 1785 1006 αὐτὸν
1799 979 1837 1009 ὡς

205 1028 341 1063 applicato
355 1035 429 1058 eum.
443 1035 504 1063 qua
529 1028 567 1055 illi
592 1027 861 1063 eonveoiuut:quod
888 1028 910 1056 si
940 1035 971 1056 ne

1071 1024 1150 1059 ρέπιι
1174 1025 1266 1059 αὐτῷ·
1284 1026 1332 1052 καὶ
1360 1026 1408 1052 ἑὰν
1434 1025 1472 1060 μὴ
1488 1025 1633 1060 πειθαρχῇ.
1649 1024 1767 1060 βάρυνον
1788 1026 1837 1055 τὰς

206 1077 314 1108 pareat.
329 1073 470 1108 graviores
480 1072 563 1108 iniice
587 1073 624 1100 illi
652 1073 808 1108 compedes.

480 1072 563 1108 iniice
587 1073 624 1100 illi
652 1073 808 1108 compedes.
1049 1070 1133 1101 πέδας
1150 1070 1241 1098 αὐτοῦ.

241 1118 372 1154 Theologt'.
382 1118 444 1147 Itali
458 1119 530 1147 enim
539 1119 611 1147 servi
619 1126 661 1147 est
669 1120 810 1147 dominutn
831 1119 994 1147 arridentem

985 1127 994 1146 ι
1084 1113 1184 1141 Δούλου
1199 1115 1285 1142 κακοῦ
1299 1116 1352 1151 γὰρ
1367 1115 1560 1151 προσγελῶντα
1574 1116 1623 1151 μὲν
1639 1116 1700 1142 σέὸε
1706 1124 1730 1142 ιν
1742 1123 1751 1132 ·

845 1164 958 1200 [colere,

244 1209 438 1246 Obiurgantem
448 1215 538 1238 autem
548 1215 575 1238 et
588 1211 764 1246 castigantem
780 1211 879 1238 malum
890 1215 993 1246 putare.

982 1222 993 1238 ι,
1085 1205 1137 1232 Τὸν
1151 1205 1284 1241 δεσπότην
1299 1206 1451 1241 πλήττοντα
1469 1207 1493 1233 δ’
1512 1207 1637 1242 ἡγεῖσθαι
1652 1207 1748 1234 κακόν.

245 1255 312 1283 Illud
333 1260 375 1283 est
396 1257 536 1291 proprium
554 1257 686 1284 malorum
704 1265 844 1284 strvorum
859 1262 888 1284 ut
915 1257 995 1284 heros

1084 1253 1192 1280 Δούλων
1212 1254 1328 1290 ὑπάρχει
1347 1254 1442 1281 κακῶν
1465 1254 1572 1281 ἀθετεῖν
1592 1253 1763 1286 δεσποτείαν,
1787 1255 1834 1280 καὶ

210 1309 275 1330 suos
290 1302 423 1337 rojiciant,
436 1307 463 1330 et
484 1302 603 1330 dominis
622 1304 759 1334 resistant.
770 1307 797 1330 et
817 1303 917 1331 liberos
931 1309 976 1330 cor

1067 1299 1245 1325 πανίστασοσι
1255 1300 1408 1334 κυριότητι,
1417 1299 1464 1327 καὶ
1474 1299 1618 1335 ὁμόδουλον
1629 1299 1737 1330 ἑαυτοῐς
1747 1300 1833 1325 ποιεῖ-

209 1357 303 1378 servos
332 1349 455 1377 reddent.

1050 1345 1111 1372 σθαι
1126 1344 1156 1371 τὸ
1169 1344 1317 1378 ἐλεύθερον.

246 1395 375 1424 Philonis.
382 1395 468 1423 Nemo
476 1401 530 1424 tam
540 1396 652 1429 insanit,
661 1403 742 1431 quam
749 1396 806 1431 qui,
815 1403 908 1424 servus
917 1396 995 1432 163

1084 1390 1177 1420 Οὐδεὶς
1193 1388 1264 1416 οὕτω
1277 1390 1310 1424 μέ
1315 1397 1408 1424 μηνεν,
1426 1390 1465 1422 ὡς
1478 1390 1569 1422 δοῦλος
1590 1390 1628 1416 ὢν
1641 1391 1832 1418 ἐναντιοῦσθαι

210 1448 272 1467 cum
281 1441 327 1474 sit,
345 1440 457 1468 domino
477 1441 646 1469 adversatur.

411 1441 457 1468 ino
477 1441 646 1469 adversatur.
1048 1436 1176 1471 δεσπότῃ.

248 1485 372 1521 Hermog.
401 1486 503 1514 Natura
531 1487 604 1514 enitn
629 1487 699 1514 servi
730 1486 902 1515 dominorum
929 1492 994 1515 sttnt

955 1492 994 1515 tnt
1083 1481 1164 1509 Φύσει
1176 1482 1229 1517 γὰρ
1241 1481 1337 1517 ιχθρδν
1349 1481 1379 1508 τὸ
1392 1481 1483 1509 δοῦλον
1499 1482 1554 1512 τοῖς
1570 1482 1721 1513 δεσπόταις.

212 1531 325 1559 inimici.

1006 1556 1028 1584 C

408 1631 523 1660 SERMO
549 1632 619 1659 XXV
635 1631 684 1668 ίηΙ.
709 1632 788 1666 LXI].

770 1633 788 1666 ι,
1341 1626 1450 1653 ΛΟΓΟΣ
1470 1627 1533 1653 KE'.

430 1690 467 1715 De
483 1689 568 1723 probis
583 1689 680 1716 credito
686 1689 768 1716 ribus.

1223 1683 1293 1717 Περὶ
1318 1682 1487 1710 δανειστῶν
1502 1682 1653 1717 χρηστῶν.

249 1746 337 1774 Exod.
356 1753 422 1773 xxtt.
447 1745 475 1773 Si
486 1745 637 1786 (pecuniam
661 1746 830 1774 mutuaveris
853 1745 930 1774 fratri
950 1751 997 1774 tuo

1089 1741 1153 1769 Ἐὰν
1183 1741 1315 1776 ἀργύριον
1339 1740 1497 1776 ὲκδανεῑσῃς
1521 1739 1560 1774 τῷ
1587 1739 1696 1773 ἀδελφῷ
1722 1748 1770 1766 σου
1797 1739 1834 1774 τῷ

216 1793 340 1830 pauperi,
359 1793 404 1828 qui
417 1793 488 1828 apud
507 1796 532 1820 te
547 1796 684 1826 versatur,
697 1800 760 1820 eum
773 1800 862 1828 neque
876 1793 982 1828 urgehis

1073 1787 1145 1821 ένητι
1160 1787 1198 1821 τῷ
1210 1787 1286 1821 παρὰ
1302 1786 1354 1818 σοὶ,
1371 1785 1422 1812 οὒκ
1436 1785 1485 1821 ἔσῃ
1498 1785 1572 1820 αὐτῷ
1585 1785 1771 1819 κατεπείγων,
1786 1786 1836 1812 οὐκ

217 1847 306 1874 neque
321 1847 432 1866 usuram
448 1839 482 1866 ab
495 1845 528 1866 eo
540 1838 643 1874 exiges.

1049 1832 1191 1868 ἐπιθήσεις
1206 1832 1251 1859 ἐπ’
1262 1831 1336 1867 αὑτῷ
1350 1833 1440 1860 τόκον.

251 1870 335 1913 Leuit.
350 1893 414 1912 xxv.
427 1883 529 1912 Tecum
542 1870 614 1913 vitet
627 1885 724 1912 fralrer
736 1889 809 1917 tutis,
825 1892 876 1912 nec
884 1885 907 1913 ei
923 1885 1000 1912 dabis

1085 1878 1203 1913 Ζήσεται
1218 1878 1232 1904 ὁ
1244 1877 1357 1911 ἁδελφός
1372 1886 1419 1904 σου
1435 1877 1503 1912 μετὰ
1515 1877 1574 1904 σοῦ.
1589 1877 1626 1904 Τὸ
1640 1876 1776 1912 ἀργύριόν
1790 1885 1836 1903 σου

216 1932 358 1967 pecuniam
379 1936 452 1959 tuam
469 1932 503 1959 ad
527 1939 652 1964 usuram,
667 1939 717 1959 nec
748 1935 778 1959 ut
800 1931 862 1966 plus
884 1930 982 1965 recipia

1070 1925 1082 1951 ὖ
1099 1924 1196 1955 δώσεις
1220 1923 1295 1959 αὐτῷ
1311 1923 1359 1950 ἐπὶ
1382 1924 1466 1960 τόκῳ,
1492 1924 1540 1951 καὶ
1560 1923 1607 1949 ἐπὶ
1626 1922 1794 1958 πλεονασμῷ
1807 1923 1836 1949 οὐ

215 1976 293 2004 dabis
309 1976 332 2004 ei
350 1976 383 2004 de.
398 1976 534 2004 alimentis
551 1976 616 2004 tuis.

1050 1970 1147 2002 δώσεις
1164 1969 1284 2005 αὐτῷ’τὰ
1300 1968 1432 2004 βρώματά
1447 1977 1504 1997 σου.

255 2022 332 2050 Deut.
350 2030 426 2050 xxtn.
442 2022 564 2050 Mutuum
580 2023 644 2050 dato
655 2023 778 2058 proximo
789 2028 846 2055 tuo,
863 2027 997 2058 quantum

1088 2016 1198 2043 Δάνειον
1210 2017 1311 2048 δανιεϊς
1333 2015 1372 2051 τῷ
1388 2015 1501 2051 πλησίον
1517 2024 1575 2046 σου.
1591 2015 1654 2042 ὅσου
1680 2015 1836 2042 ἐπιδέεται·

217 2069 242 2097 ei
266 2077 334 2104 opus
350 2074 402 2102 est,
420 2077 471 2097 nec
485 2074 595 2104 gravate
618 2074 666 2097 aut
688 2077 749 2096 ettm
769 2069 854 2096 animi
882 2077 983 2097 maeror

1072 2063 1100 2089 ai.
1117 2062 1147 2088 οὒ
1163 2062 1309 2098 λυπηθήσῃ
1325 2063 1358 2097 τῇ
1375 2061 1473 2097 καρδίᾳ
1487 2069 1534 2088 σου
1548 2061 1666 2092 διδόντος
1679 2069 1729 2088 σου
1743 2061 1820 2094 αὗτῷ
1831 2068 1838 2077 ·

219 2115 313 2148 dabis;
331 2122 393 2145 nam
418 2112 455 2142 ob
470 2115 548 2143 istam
571 2123 682 2144 causam
699 2114 850 2143 fortunabit
868 2115 914 2142 tibi
932 2115 985 2142 Deu

1073 2117 1093 2134 rt.
1108 2108 1152 2135 διὰ
1163 2108 1200 2139 pro
1217 2108 1294 2143 ῥῆμα
1308 2108 1388 2134 τοῦτο
1405 2107 1548 2142 εὖλογήσει
1566 2115 1596 2133 σε
1619 2106 1724 2142 Κῦριος
1737 2108 1751 2134 δ
1774 2108 1839 2138 Θεὸς

218 2162 310 2189 omnia
326 2169 406 2197 opera
424 2166 481 2190 tua.

1054 2163 1101 2182 σου
1117 2156 1146 2182 ὲν
1161 2155 1228 2181 πᾶσι
1243 2155 1299 2186 τοῖς
1315 2154 1405 2190 ἔργοις
1426 2161 1484 2181 σου.

252 2207 311 2236 Non
338 2207 517 2236 foenerabcris
543 2208 619 2236 fratri
647 2213 695 2236 tuo
721 2207 835 2241 cibaria,
863 2212 911 2235 aut
927 2208 1000 2236 aliud

1091 2202 1148 2228 Οὐκ
1174 2201 1308 2231 ὲκτοκιεϊς
1331 2199 1370 2235 τῷ
1385 2199 1492 2234 ἀδελφῷ
1507 2207 1554 2225 σου
1579 2199 1658 2225 τόκον
1674 2199 1839 2234 βρωμάτων.

219 2255 379 2290 quidquam,
398 2257 469 2290 quod
489 2255 567 2283 fratri
585 2259 632 2282 tuo
648 2255 826 2282 mutuaveris.

1074 2247 1102 2275 αὶ
1118 2249 1198 2274 τόκον
1222 2246 1323 2278 παντὸς
1344 2245 1518 2283 πράγματος,
1532 2241 1563 2272 οὗ
1580 2245 1628 2272 ἐὰν
1649 2245 1780 2281 ἑκδανιῇς
1804 2245 1840 2280 τῷ

1054 2294 1160 2329 ἀδελφῷ
1176 2302 1234 2321 σου.

257 2345 305 2373 Job
330 2344 604 2380 xxxt.Syngrapbam
637 2351 719 2378 quant
754 2344 885 2371 habebam
907 2348 1001 2371 contra

1096 2341 1253 2375 Ευγγραφὴν
1266 2339 1300 2374 ἦν
1320 2336 1391 2374 εἶχον
1407 2338 1478 2366 κατά
1501 2345 1584 2370 τινος,
1600 2337 1642 2363 ἐπ’
1658 2337 1746 2372 ὤμοις
1761 2346 1842 2372 περι*
1857 2357 1862 2362 .

220 2391 375 2426 quempiam
387 2391 510 2418 humeris
520 2390 718 2418 circumdatam
730 2394 859 2425 tanquam
871 2397 986 2417 coronat

1077 2388 1179 2420 ξμενος,
1193 2386 1231 2418 ὡς
1256 2385 1387 2420 στέφανον
1408 2384 1603 2418 ἀνεγίνωσκον,
1621 2383 1669 2410 καὶ
1691 2383 1780 2418 ῥήξας
1798 2384 1843 2409 αὺ-

221 2437 353 2472 legebam,
368 2442 396 2464 et
412 2444 470 2463 eam
487 2444 502 2463 a
527 2443 570 2464 me
584 2435 697 2463 fractam
711 2435 826 2469 reddidi,
839 2436 907 2463 nihil
933 2436 987 2463 acci

1077 2433 1103 2468 ἡν
1121 2432 1261 2465 ἀπέδωκα,
1287 2431 1370 2467 μηδὲν
1391 2429 1558 2466 παραλαϐὼν
1579 2429 1653 2464 παρὰ
1675 2430 1843 2464 χρεωφειὶέ-

222 2485 299 2518 piens
312 2491 326 2510 a
340 2483 463 2510 debitore
478 2490 549 2510 meo.

415 2491 463 2510 ore
478 2490 549 2510 meo.
1054 2487 1101 2506 του
1117 2486 1179 2513 μου.

258 2517 408 2556 ΡιαΙῘιιν.
423 2529 571 2563 Argentum
594 2537 648 2557 non
672 2529 746 2557 dedit
769 2529 877 2561 faenori,
896 2533 924 2556 et
945 2536 1004 2555 mu-

1091 2525 1128 2550 Τὸ
1155 2523 1287 2560 ἀργύριον
1310 2522 1393 2550 αὐτοῦ
1419 2521 1471 2549 οὐκ
1497 2521 1596 2548 ἔδωκεν
1623 2522 1669 2548 ἐπὶ
1693 2522 1781 2555 τόκῳ,
1799 2521 1844 2546 καὶ

224 2581 289 2601 nera
301 2578 396 2601 contra
411 2575 571 2602 innocentes
583 2583 637 2602 non
651 2575 756 2611 accepit
769 2584 776 2602 :
794 2575 841 2610 qui
855 2575 913 2602 haec
923 2581 986 2601 exer

1076 2571 1131 2607 ὥρα
1153 2571 1198 2596 ἐπ’
1215 2570 1314 2601 ἀθώοις
1333 2569 1383 2596 οὐκ
1411 2567 1517 2596 ἔλαϐεν.
1537 2567 1567 2594 ’0
1591 2567 1679 2594 ποιῶν
1701 2566 1795 2594 ταῦτα
1816 2568 1842 2592 οὐ

224 2625 285 2653 cet,‘
298 2627 351 2647 non
366 2621 595 2655 conqttassahitur
611 2622 668 2650 ullo
683 2627 815 2656 tempore.

720 2629 815 2656 npore.
1058 2616 1255 2650 σαλευθήσεται
1273 2616 1313 2646 εἰς
1327 2615 1373 2642 τὸν
1387 2615 1486 2642 αἰῶνα.

259 2666 307 2693 Vir
324 2667 412 2695 bonus
439 2671 481 2694 est
506 2667 529 2695 is
545 2668 592 2703 qui
618 2668 764 2695 miseretur
790 2671 816 2694 et
839 2666 1004 2698 commodat,

1094 2662 1218 2698 Χρηστὸς
1234 2661 1303 2697 ἀνὴρ
1319 2662 1334 2688 ὁ
1357 2661 1499 2696 οἰκτείρων
1519 2660 1566 2689 καλ
1590 2660 1714 2695 κιχρῶν·
1745 2660 1846 2686 οἰκονο-

224 2713 344 2748 disponit
360 2705 501 2741 sermones
517 2721 580 2742 suos
597 2714 623 2740 in
638 2713 752 2747 judicio.

1061 2710 1143 2745 μήσει
1156 2709 1218 2740 τοὺς
1234 2707 1330 2742 λόγους
1347 2706 1430 2734 αὐτοῦ
1449 2709 1476 2734 ὲν
1492 2707 1590 2741 κρίσει.

259 2758 353 2787 Justus
371 2760 514 2787 miseretur
529 2765 555 2787 et
567 2759 732 2788 commodat.

1097 2755 1205 2785 Δίκαιος
1221 2752 1350 2787 οἰκ-τείρει
1368 2753 1416 2779 καὶ
1429 2752 1521 2787 κιχρᾷ.

261 2803 397 2832 Solomon.
413 2805 581 2832 Cretlitorent
599 2805 683 2831 simul
709 2808 737 2831 et
771 2804 920 2831 debitorem
945 2810 1009 2831 cun—

1099 2799 1243 2826 Δανειστοῦ
1269 2799 1316 2824 καὶ
1341 2797 1540 2833 χρεωφεῡκέτου
1558 2795 1685 2829 ἀλλήλοις
1708 2793 1847 2821 συνελθόν-

227 2850 307 2877 corde
322 2850 441 2878 viventes
457 2852 565 2885 inspicit
587 2850 727 2877 Dominus.

1064 2854 1127 2878 των,
1143 2844 1294 2880 ἐπισκοπὴν
1309 2845 1470 2880 ἀμφοτέρων
1490 2844 1606 2870 ποιεῖται
1627 2842 1744 2877 Κύριος.
