1940 3104
116 131 185 164 1073

523 131 610 162 LOCI
632 129 854 162 COMMUNES.
873 143 907 150 -·-
922 130 1021 162 PARS
1044 130 1082 162 II.
1106 130 1234 161 SERMO
1251 130 1341 160 XXX.

1684 129 1753 162 1074

149 191 195 226 Μὴ
223 189 293 217 ἔστω
311 191 327 226 ἡ
348 190 409 226 χείρ
423 197 470 217 σου
488 190 657 226 ἐκτεταμένη
680 190 720 222 είς
745 190 775 217 τὸ
797 189 902 222 λαϐεῖν,

995 189 1080 217 Eccli.
1096 197 1133 217 tv.
1152 189 1193 221 Ne
1206 189 1243 216 sit
1262 196 1359 216 manus
1377 187 1672 223 tua-adaccipiendum
1687 197 1751 225 por-

113 239 163 266 καὶ
179 239 208 265 ἐν
223 238 261 272 τῷ
276 237 432 264 ἀποδιδόναι
450 238 667 272 συνεσταλμένη.

149 285 246 311 Πολλοὶ
259 284 296 316 ὡς
310 283 422 319 εὕρημα
435 285 567 318 ἐνόμισαν
580 284 671 318 δάνος,
695 284 743 312 καὶ
763 283 902 319 παρέσχον

113 331 214 361 κόπους
233 330 290 361 τοῖς
307 329 472 365 βοηθήσασιν
486 330 588 362 αὐτοῖς.

150 419 305 454 ’Λγρηστος
320 419 350 446 ἐν
365 419 470 455 διανοίᾳ
490 419 683 455 ἐγκαταλείψει
700 419 864 456 ῥυσάμενον.

148 510 195 545 Μὴ
221 510 302 546 μόνον
331 510 504 545 λαμϐάνοντα
532 509 646 537 σεαυτὸν
671 509 737 542 νόει,
761 509 830 536 ἀλλὰ
853 509 902 536 καὶ

113 556 325 591 ἀπαιτούμενον.
342 555 375 582 Τί
402 555 565 591 πολυπλόκῳ
589 555 678 591 θηρίῳ
703 555 799 583 ἐαυτὸν
813 564 901 591 παρα-

113 602 253 635 ζευγνύεις
263 610 271 634 ς

157 647 186 674 ’0
199 648 291 680 τόκοις
304 648 402 675 ἑαυτὸν
419 647 572 675 ὑπεύθυνον
587 648 775 683 καταστήσας,
793 645 832 674 ὧν
852 647 902 683 τὴν

114 703 211 728 κτησιν
229 694 278 729 οὐχ
296 694 454 728 ὑφίσταται,
471 694 594 721 δουλείαν
616 694 778 730 αὐθαίρετον
791 693 903 727 ἐδέξατο

114 741 159 766 διὰ
178 740 245 774 βίου.

156 787 280 822 Ὀρῶμεν
296 787 358 822 οὐχὶ
373 787 438 819 τοὺς
453 787 506 814 τῶν
525 788 682 820 ἀναγκαίων
701 789 799 819 ἐνδεεῖς
824 788 903 823 ἐρχο-

116 833 213 866 μένους
225 833 270 859 ὲπὶ
279 833 309 859 τδ
320 833 435 860 δάνειον¹
444 833 504 860 οὺδέ
515 834 568 869 γὰρ
584 834 676 869 ἔχουσι
687 834 750 866 τοὺς
762 835 902 861 πιστεύον-

115 886 182 908 τας·
206 879 276 905 ἀλλά
298 879 466 911 δανείζονται
495 868 636 914 ἄνθρωποι
665 881 801 912 δαπάναις
827 882 901 908 ἀνει-
917 868 939 898 Β

118 925 224 959 μέναις,
239 925 287 951 καὶ
311 924 498 956 πολυτελείαις
514 926 653 960 ἀκάρποις
680 926 794 958 ἑαυτοὺς
813 926 902 954 ἐπιδι-

115 971 216 998 δόντες.

151 1016 228 1045 Εἶδον
254 1017 310 1052 ἐγὼ
342 1019 459 1045 ἐλεεινὸν
487 1018 588 1053 Θὲαμα,
615 1019 712 1051 παῖδας
742 1019 903 1054 ἐλευθέρους

115 1064 186 1100 ὑπὲρ
211 1065 300 1100 χρεῶν
328 1066 470 1100 πατρικῶν
484 1066 649 1101 ἑλκομένους
673 1067 714 1098 εις
736 1066 767 1093 τὺ
796 1067 903 1102 πρατὴ-

115 1120 183 1145 ριον.

151 1171 187 1198 Οὐ
205 1171 303 1204 νύκτες
322 1172 361 1207 τῷ
377 1173 502 1210 χρεώστῃ
519 1173 674 1200 ἀνάπαυσιν
696 1172 835 1208 φέρουσιν,
854 1173 903 1208 οὐχ

115 1220 208 1254 ἡμέρα
223 1219 335 1255 φαιδρὰ,
350 1220 399 1255 οὔχ
415 1220 492 1256 ἥλιος
504 1221 632 1256 τερπνὸς,
647 1220 716 1247 ἀλλά
731 1220 903 1255 δυσχεραίνει

113 1266 160 1291 τὸν
176 1265 244 1300 βίον,
270 1267 346 1300 μισεῖ
358 1266 408 1298 τὰς
432 1267 540 1302 ἡμέρας
564 1266 634 1300 πρὸς
659 1266 710 1301 τὴν
732 1266 903 1302 προθεσμίαν

114 1311 309 1346 ἐπειγομένας,
327 1312 450 1346 φοϐεῖται
471 1312 536 1344 τοὺς
562 1313 649 1346 μῆνας
664 1314 702 1344 ὡς
716 1313 804 1339 τόκων
818 1314 903 1338 πατέ-

116 1368 176 1394 ρας.
192 1359 252 1385 Κᾶν
278 1358 408 1395 καθεύδῃ,
422 1358 548 1385 ἐνύπνιον
571 1358 664 1393 βλέπει
679 1358 725 1385 τὸν
747 1358 902 1393 δανειστὴν,

113 1405 198 1432 κακὸν
214 1405 278 1440 ὄναρ
291 1407 324 1440 τῇ
339 1405 444 1440 κεφαλῇ
460 1405 664 1440 παριστάμενον
676 1413 683 1420 ·
697 1405 750 1432 κᾶν
763 1406 900 1441 γρηγορῇ,

114 1451 203 1478 ἔννοια
217 1451 292 1486 αὐτῷ
307 1452 356 1477 καὶ
370 1450 481 1486 φροντὶς
494 1452 508 1478 ὁ
529 1452 607 1482 τόκος
619 1451 688 1478 ἐστί.

150 1541 278 1568 Τοιοῦτον
291 1542 308 1577 ὴ
326 1541 366 1572 είς
381 1541 444 1572 τοὺς
460 1540 625 1576 ἀχαρίστους
649 1539 739 1575 χάρις.
762 1539 835 1566 ’Δντὶ
848 1539 902 1573 γὰρ
915 1544 938 1574 c

113 1585 151 1615 ὧν
167 1588 358 1622 ὠφελήθησαν,
384 1588 538 1623 παρέχουσι
560 1588 610 1619 τὰς
637 1588 771 1622 μεγίστας
796 1586 902 1622 ζημίας

113 1635 169 1666 τοῖς
185 1635 411 1669 εὖεργετήσασιν.

414 1703 524 1729 ΛΟΓΟΣ
540 1701 605 1729 ΚΘ’.

114 1761 184 1796 Περὶ
205 1760 459 1795 ἐκμισθουμένων.
474 1759 541 1793 ἤτοι
563 1759 726 1796 κυριέρτων
750 1757 900 1794 χρηστῶν,

333 1796 383 1822 καὶ
391 1795 521 1829 μισθίων
537 1795 688 1829 χρηστῶν.

149 1853 215 1882 Eine
229 1853 322 1880 Λάϐαν
337 1852 376 1886 τῷ
392 1851 489 1878 Ἰακώϐ
499 1859 506 1866 ·
525 1851 586 1877 Ὀτι
600 1851 654 1885 γὰρ
677 1850 790 1884 ἀδελφός
807 1859 857 1884 μου
878 1847 904 1876 εἴ

114 1903 157 1934 σὺ,
174 1901 204 1928 οὗ
221 1900 378 1930 δουλεύσεις
392 1907 438 1934 μοι
459 1897 565 1931 δωρεάν
576 1905 583 1912 '
609 1897 769 1931 ἅνάγγειλόν
787 1905 833 1932 μοι
848 1898 862 1923 ὃ
876 1905 902 1922 τι

113 1956 161 1974 σου
178 1948 193 1974 ὁ
207 1946 304 1982 μισθός
318 1946 389 1971 ἐστι.

149 1993 187 2019 Οὐ
199 1991 399 2026 κοιμηϐήσεται
414 1991 428 2016 ὁ
443 1989 538 2025 μισθὸς
550 1988 598 2015 τοῦ
618 1987 755 2024 μισθωτοῦ
772 1988 847 2023 παρὰ
861 1987 904 2014 σοὶ

112 2041 164 2071 ’ἐως
179 2040 266 2076 πρωϊ.

149 2086 207 2112 Οὐκ
220 2084 400 2119 ἀπαδικήσεις
423 2083 519 2119 μισθὸν
533 2082 649 2116 πένητος
672 2081 721 2109 καὶ
737 2080 845 2112 ἐνδεοῦς
871 2081 903 2107 ἐκ

107 2134 166 2159 τῶν
179 2132 301 2166 ἀδελφῶν
314 2140 373 2163 σου,
386 2131 402 2166 ἢ
416 2132 446 2157 ἐκ
462 2129 516 2157 τῶν
529 2128 717 2164 προσηλύτων,
734 2128 786 2154 τῶν
802 2128 830 2153 ἐν
843 2128 902 2158 ταῖς

113 2179 207 2205 πόλεσί
219 2187 275 2204 σου.
291 2176 451 2212 Δὺοημερδν
463 2175 613 2206 ἀποδώσεις
630 2174 676 2201 τὸν
694 2173 791 2209 μισθὸν
806 2172 901 2199 αὑτοῦ.

961 243 1046 269 recta,
1060 241 1085 264 et
1097 237 1130 263 ad
1145 236 1314 264 reddendum
1331 240 1482 263 contracta.

992 283 1121 310 lb.xxtx.
1137 282 1213 310 Mulli
1245 287 1371 309 mutuum
1407 282 1486 317 quasi
1510 282 1650 310 inventum
1674 282 1750 310 msti-

956 334 1043 362 mant,
1058 328 1244 364 exhibeulque
1260 329 1402 356 molestias
1419 329 1460 356 eis
1479 329 1526 364 qui
1554 328 1620 363 ipsis
1650 329 1754 356 subveo

956 375 1058 412 perint.

998 422 1078 457 166
1094 421 1200 449 Stultus
1213 425 1240 448 et
1255 421 1379 456 ingratus
1393 428 1457 448 eum
1482 428 1497 447 ο
1510 428 1566 455 quo
1593 420 1680 448 fuerit
1698 422 1758 448 ali-7

957 468 1069 504 quando
1087 468 1234 499 liberatus.
1254 467 1374 495 deseret.

992 514 1052 542 Non
1082 514 1172 541 solum
1193 518 1237 541 est
1250 513 1428 548 cogitandum
1447 512 1497 539 tibi
1522 519 1584 540 esse
1610 512 1749 547 accipien-

957 561 1095 594 dum,sed
1115 560 1197 588 etiam
1220 559 1400 592 reddendum,
1430 566 1492 586 cum
1521 562 1659 592 repetetur
1673 558 1746 593 quod

956 606 1110 641 acceperis;
1132 614 1181 633 cur
1193 609 1220 632 te
1235 613 1297 632 eum
1314 605 1403 633 bestia
1423 605 1524 631 nodosa
1545 603 1711 639 conjungis?

993 653 1045 686 Qui
1071 661 1101 680 se
1130 651 1285 680 faenoribus
1315 650 1471 684 subjectum
1499 649 1601 683 reddit,
1627 656 1745 684 quorum

956 699 1158 734 possessionem
1178 705 1234 725 non
1253 701 1341 729 tenet,
1361 697 1545 733 voluntariam
1571 699 1759 731 perpetuam-Vr

959 753 1011 781 que
1025 745 1142 780 susciptt
1157 745 1329 772 servitutem.

992 791 1051 820 Non
1068 791 1191 818 videmus
1218 797 1265 817 eos
1289 789 1389 824 quibus
1413 790 1567 816 necessaria
1582 788 1692 816 'desunt
1711 788 1744 816 ad

956 843 1082 866 mutuum
1100 836 1262 865 sutnendum
1288 836 1437 868 accrdere;
1465 843 1519 862 non
1543 835 1617 863 enim
1643 835 1745 862 habent

954 885 1001 920 qui
1030 884 1098 919 ipsis
1130 883 1268 916 credant;
1292 882 1339 909 sed
1381 882 1398 908 ii
1423 882 1474 908 soli
1498 886 1669 912 mutuantur.
1696 882 1743 917 qui

954 930 1109 966 sumptibus
1134 929 1256 965 profusis
1268 933 1295 956 et
1311 929 1386 956 luxui
1403 928 1572 956 infructuoso
1589 935 1617 955 se
1633 927 1748 955 dedide-

954 980 1029 1003 rttnt.

990 1020 1058 1048 Rem
1089 1021 1274 1049 miserabilem
1301 1020 1442 1056 spectavi,
1469 1019 1572 1046 liberos
1601 1018 1742 1050 homines,

954 1074 1070 1102 quorum
1087 1067 1249 1102 patrimonia
1264 1071 1358 1095 essent
1374 1067 1504 1097 obmrata.
1518 1064 1564 1100 qui
1592 1064 1744 1091 traheban-

957 1118 1002 1140 tur
1018 1115 1048 1140 ut
1068 1112 1210 1140 vtenirent.

999 1171 1028 1200 S.
1044 1171 1150 1200 Basilii.
1179 1171 1239 1199 Non
1272 1177 1366 1200 noctes
1391 1171 1507 1199 debitori
1532 1170 1650 1205 quietem
1680 1168 1747 1196 affe-

955 1224 1031 1250 runt.
1045 1227 1099 1246 non
1115 1219 1173 1246 dies
1188 1219 1213 1247 ei
1225 1218 1358 1252 jucunda.
1375 1226 1429 1246 non
1457 1218 1498 1246 sol
1517 1217 1676 1248 delectans;
1696 1215 1744 1243 sed

955 1273 1003 1300 per
1017 1273 1124 1293 omnem
1143 1266 1227 1292 vitam
1253 1268 1281 1293 in
1301 1265 1415 1292 tristitia
1433 1268 1561 1291 versatur
1576 1271 1584 1290 ξ
1602 1263 1660 1290 dies
1675 1262 1747 1294 odit,

954 1312 1000 1346 qui
1025 1311 1059 1340 ad
1088 1312 1280 1347 praescriptum
1309 1315 1416 1346 tempus
1441 1314 1608 1346 properant;
1637 1316 1751 1336 menses-

955 1357 1095 1389 formidat.
1114 1359 1194 1393 quasi
1214 1366 1362 1385 usurarum
1378 1357 1533 1392 genitores;
1555 1358 1576 1384 si
1591 1355 1747 1387 dorntierit,

955 1406 982 1432 in
1004 1406 1109 1433 somnis
1123 1406 1197 1433 videt
1221 1406 1414 1434 fceneratorem
1435 1405 1518 1439 capiti
1545 1404 1749 1436 imminentem,

955 1450 1106 1478 infaustum
1136 1450 1293 1484 somnium;
1325 1451 1366 1477 sin
1398 1450 1529 1486 vigilat-it,
1561 1449 1696 1483 cogitatio
1719 1453 1747 1475 ct

955 1496 1113 1524 sollicitudo
1129 1496 1162 1523 de
1176 1497 1269 1524 usuris
1289 1501 1340 1524 est.

990 1541 1057 1570 Tale
1072 1543 1201 1577 quiddam
1220 1543 1246 1569 in
1265 1543 1388 1578 ingratos
1402 1542 1482 1571 eﬂicit
1496 1542 1622 1570 beneficii
1639 1541 1745 1578 gratia;

953 1595 1003 1622 pro
1019 1588 1053 1616 iis
1067 1588 1138 1616 enim
1163 1588 1304 1616 beneficiis
1327 1589 1427 1624 quibus
1449 1588 1533 1623 adjnti
1557 1593 1632 1620 sunt.
1652 1588 1751 1615 multis

953 1634 1062 1662 damnis
1077 1634 1198 1662 alliciunt
1214 1635 1247 1662 de
1261 1642 1291 1662 se
1309 1635 1379 1662 bene
1397 1635 1520 1663 meritos.

1147 1702 1265 1730 SERMO
1282 1702 1367 1730 XXIX
1386 1703 1437 1739 [ιιί.
1453 1703 1547 1737 CXX].

953 1761 993 1788 De
1006 1760 1123 1787 mercede
1134 1759 1350 1788 conducentibus.
1364 1768 1409 1786 seu
1425 1762 1614 1794 operariorum
1627 1759 1743 1786 dominis

1298 1795 1398 1828 probis.

990 1851 1056 1879 Gen.
1075 1858 1154 1878 sxtx.
1174 1851 1246 1878 Dixit
1280 1851 1408 1878 Labanus
1432 1851 1536 1878 Jacobo
1549 1859 1554 1878 :
1569 1851 1746 1885 Quandoqui-

954 1897 1013 1924 dem
1041 1904 1119 1924 meus
1152 1897 1235 1925 frater
1260 1905 1300 1930 es,
1333 1896 1398 1924 mibi
1426 1897 1512 1932 gratis
1537 1905 1590 1924 non
1623 1897 1744 1930 servies;

953 1943 1061 1970 declara
1079 1942 1160 1974 mihi,
1176 1950 1257 1977 quam
1276 1943 1428 1970 mercedem
1446 1943 1590 1979 postulas?

988 1987 1076 2014 Leuit.
1094 1995 1151 2014 xIx.
1170 1987 1229 2015 Non
1257 1988 1432 2022 pernoctabit
1453 1989 1621 2018 mercenarii
1639 1997 1754 2018 merces-

954 2034 1025 2068 apud
1044 2039 1070 2061 te
1088 2042 1175 2068 usque
1192 2035 1219 2062 in
1235 2035 1398 2063 crastinum.

991 2079 1049 2107 Non
1082 2073 1405 2116 fraudabis-pauperem
1442 2090 1493 2110 sua
1523 2083 1670 2117 mercede'.
1695 2091 1746 2112 nec

954 2130 1080 2161 egentem
1098 2135 1131 2154 ex
1148 2127 1282 2155 fratribus
1295 2129 1350 2156 tuis
1363 2133 1409 2156 aut
1425 2129 1551 2163 advenis,
1564 2131 1610 2165 qui
1629 2139 1744 2159 versan-

955 2178 999 2201 tur
1009 2174 1036 2201 in
1047 2175 1101 2202 tuis
1110 2175 1286 2208 civitatibus;
1298 2183 1330 2203 eo
1343 2177 1402 2211 ipso
1415 2177 1459 2204 die
1473 2179 1625 2205 mercedem
1637 2178 1744 2209 reddes.

113 2227 170 2251 01x
193 2225 349 2251 ὲπιδὺσεται
374 2224 387 2250 ὁ
402 2223 476 2258 ἥλιος
504 2221 548 2249 ἐπ’
565 2221 649 2257 αὐτῷ,
665 2221 707 2248 ὅτι
731 2221 815 2255 πένης
831 2219 901 2252 ἐστὶ,

969 2227 1005 2246 tec
1022 2221 1128 2247 occidet
1152 2221 1193 2248 sol
1219 2228 1301 2256 super
1323 2229 1374 2255 ea;
1399 2230 1503 2257 pauper
1520 2223 1594 2251 enim
1611 2227 1653 2252 est
1669 2228 1702 2252 er
1716 2225 1742 2252 in

111 2272 159 2297 καὶ
172 2271 215 2298 ἐπ’
231 2270 306 2304 αὺτῷ
321 2270 376 2304 ἔχει
388 2269 438 2304 τὴν
451 2268 556 2296 ἐλπίδα.

148 2317 192 2350 Μὴ
217 2316 346 2351 κακὼσῃς
377 2315 486 2349 οἰκέτην
515 2313 698 2348 ἐργαζόμενον
727 2314 757 2339 ἐν
774 2311 900 2347 ἀληθείᾳ,

112 2361 180 2396 μηδέ
195 2360 302 2395 μίσθιον
313 2360 418 2386 διδόντα
430 2359 479 2394 τὴν
493 2359 582 2394 ψυχὴν
596 2359 689 2385 αὑτοῦ.

146 2406 192 2441 Τῷ
205 2404 382 2441 ἐργαζομένῳ
396 2405 409 2430 ὁ
422 2404 517 2440 μισθὸς
529 2404 559 2430 οὐ
573 2404 709 2438 λογίζεται
725 2403 797 2430 κατὰ
808 2403 899 2438 χάριν,

109 2453 179 2479 ἀλλὰ
197 2452 268 2478 κατὰ
286 2452 438 2486 ὀφείλημα.

429 2518 539 2546 ΛΟΓΟΣ
551 2519 592 2545 A'.

110 2578 179 2612 Περὶ
200 2577 457 2612 ἐκμισθουμένιυν,
473 2576 540 2610 ἤτοι
562 2576 726 2611 κυριέργων
747 2576 898 2610 πονηρῶν.

146 2671 192 2706 Μὴ
209 2669 414 2704 καταϐοήσηται
431 2668 502 2695 κατά
520 2666 568 2694 σοῦ
593 2667 608 2693 ὁ
627 2667 733 2702 piutita;
758 2667 825 2702 πρὸς
841 2667 898 2693 Κύ-

111 2726 179 2748 ωον,
198 2717 244 2744 καὶ
255 2717 331 2743 ἔσται
347 2717 376 2742 ἐν
393 2715 433 2742 σοὶ
447 2715 580 2750 ἁμαρτία,

145 2764 364 2797 Ἐπικατάρατος
389 2763 404 2789 ό
428 2762 551 2797 ὑστερῶν
565 2762 660 2798 μισθὸν
677 2761 833 2797 μισθωτοῦ·
852 2762 898 2788 καὶ

109 2812 166 2846 ἐρεῖ
180 2812 233 2843 πᾶς
249 2811 262 2837 6
274 2811 349 2843 λαδζ,
367 2810 485 2842 Γένοιτο,
499 2809 615 2844 γένοιτο.

956 2274 986 2293 ea
1007 2265 1063 2298 ipsa
1081 2274 1160 2301 spem
1178 2267 1274 2294 habet.

993 2311 1076 2340 Eccli.
1093 2320 1139 2339 VH.
1154 2312 1268 2340 Servum
1283 2322 1352 2349 opus
1365 2321 1429 2342 vere
1457 2315 1603 2343 facientem
1626 2324 1659 2344 ne
1674 2318 1753 2346 maio

957 2362 1087 2392 tractato,
1105 2360 1155 2386 nec
1174 2361 1373 2387 mercenarium
1392 2362 1438 2395 qui
1457 2362 1502 2388 dat
1517 2362 1636 2389 animam
1655 2371 1743 2390 suam.

994 2404 1071 2431 Rom.
1096 2413 1132 2432 tv.
1148 2405 1223 2440 Opus
1255 2406 1365 2433 facienti
1393 2415 1499 2435 merces
1526 2416 1579 2434 nou
1607 2408 1744 2437 beneficii.

955 2451 1002 2479 sed
1022 2451 1105 2478 debiti
1122 2452 1182 2478 loco
1197 2450 1359 2479 aestimatur.

1149 2519 1265 2547 SERth
1284 2519 1356 2548 xxx
1375 2520 1424 2556 [aL
1441 2521 1546 2557 cqu.

954 2576 993 2604 De
1007 2576 1125 2603 mercede
1140 2575 1357 2608 conducentibus,
1373 2585 1418 2604 seu
1435 2579 1617 2612 operariorum
1628 2579 1740 2607 domini:

1279 2612 1416 2646 improbis.

992 2669 1074 2696 Leuit.
1091 2676 1148 2695 nx.
1168 2667 1235 2695 Vide
1251 2675 1285 2695 ne
1300 2669 1486 2697 mercenarius
1505 2674 1568 2697 tuus
1584 2670 1682 2697 clamet
1706 2671 1747 2696 ad»

955 2715 1098 2742 Dominum
1115 2719 1210 2742 contra
1241 2719 1277 2747 te,
1306 2719 1333 2742 et
1355 2720 1495 2750 peccatum
1517 2716 1543 2742 in
1569 2719 1596 2742 te
1619 2716 1666 2742 sit.

988 2760 1067 2787 Deut.
1086 2767 1172 2787 xxvn.
1206 2760 1371 2788 Exsecratus
1393 2760 1439 2792 sit,
1461 2761 1507 2795 qui
1539 2760 1738 2788 mercenarium

955 2808 1033 2843 167
1052 2807 1178 2835 mercede
1206 2806 1382 2836 fraudaverit.
1408 2811 1436 2834 et
1466 2807 1540 2834 dicat
1557 2812 1674 2835 cunctus
1691 2815 1738 2843 μοι

954 2855 1044 2889 putus,
1060 2853 1130 2887 Fiat,
1150 2853 1205 2881 fiat.
