1940 3104
131 118 198 151 Ῑοῑτ

537 117 622 147 LOCl
640 117 863 149 COMMUNES.
882 128 916 135 -
936 117 1033 147 PARS
1052 116 1093 147 ll.
1115 116 1244 146 SERth
1262 115 1370 148 XXXI.

1677 111 1745 144 1078

118 176 300 211 ιπιγνὼσεται
315 175 403 210 αὖτά;
417 176 485 203 διότι
498 176 602 203 εὐθεῖαι
614 177 641 203 αἱ
657 176 712 204 ὁδοὶ
728 176 843 211 Κυρίου,
858 176 903 204 καὶ

994 177 1051 204 haec
1066 176 1216 211 agnoscet?
1228 175 1301 211 quod
1313 179 1394 203 rectae
1403 178 1467 203 sunt
1481 173 1587 202 Domini
1605 173 1665 205 vise,
1676 181 1748 207 quas

120 223 221 249 δίκαιοι
237 222 421 257 πορεύσονται
437 223 466 250 ἐν
481 222 589 254 αὐταῖς.

155 268 260 295 Δίκαιος
278 269 319 300 είς
333 268 379 296 τὸν
398 269 486 296 αίῶνα
510 268 590 303 ζῶσι,
605 268 653 295 καὶ
667 271 696 295 ὲν
718 269 816 304 Κυρίῳ
831 270 844 296 ὁ
862 278 907 304 μι-

122 313 182 345 σθὸς
199 314 300 348 αὐτῶν,
323 315 370 341 καὶ
386 315 403 350 ὴ
429 315 540 350 φροντὶς
564 314 654 341 αὐτῶν
676 314 753 349 παρά
773 314 906 350 ’Υψίσ-τῳ.

121 360 170 386 Διὰ
185 359 262 387 τοῦτο
279 360 413 394 λήψονται
440 361 471 388 τὸ
493 360 630 395 βασίλειον
654 359 705 392 τῆς
729 360 907 396 εὐπρεπείας,

121 405 212 432 καὶτὸ
229 406 348 442 διάδημα
367 407 414 433 τοῦ
436 406 552 438 κάλλους
574 405 607 432 ὲκ
623 406 715 442 χειρὸς
731 407 851 442 Κυρίου·
868 407 909 433 ὅτι

121 452 156 487 τῇ
171 451 245 487 δεξιᾷ
260 452 343 479 αὑτοῦ
360 453 493 481 σκεπάσει
514 452 626 485 αὐτοὺς,
650 453 699 480 καὶ
721 451 761 487 τῷ
785 451 910 488 βραχίονι

123 498 291 533 ὑπερασπιεϊ
307 498 409 526 αὐτῶν.

157 545 267 577 Δίκαιος
297 545 345 573 ἑάν
369 545 460 582 φθάσῃ
483 546 668 582 τελευτῆσαι,
698 545 729 573 ὲν
754 543 910 573 ἀναπαύσει

122 590 212 618 ἔσται.

158 638 246 672 Χάρις
257 638 305 665 καὶ
317 637 391 670 ἔλεος
402 638 433 665 ὲν
448 639 504 671 τοῖς
517 639 656 672 ἐκλεκτοῖς
672 638 769 673 αὐτοῦ,
785 639 835 667 καὶ
849 638 911 666 ἔπι-

124 684 214 718 σκοπὴ
230 684 258 710 ἐν
274 685 332 715 τοῖς
348 685 433 716 ὁσίοις
450 684 546 712 αὑτοῦ.

164 728 268 763 ’Δγαθὰ
287 730 344 761 τοῖς
360 729 473 764 ἀγαθοῖς
498 730 625 758 ἔκτισται
651 730 699 758 ἀπ’
722 730 824 767 ἀρχῆς,
839 729 911 757 οὕτω

122 776 179 807 τοῖς
195 776 371 812 ἁμαρτωλοῖς
386 777 471 804 κακά.
800 800 805 802 .

164 822 194 850 '0
220 823 322 857 ἀγαθὸς
344 823 490 859 ἄνθρωπος
516 824 549 850 ἐκ
571 822 619 850 τοῦ
641 823 748 858 ἀγαθοῦ
770 822 910 859 θησαυροῦ

123 869 174 906 τῆς
186 869 299 904 καρδίας
311 870 396 897 αὐτοῦ
412 871 545 906 προφέρει
560 870 662 903 ἀγαθά.

159 915 263 950 Δικαίῳ
279 916 360 951 νόμος
377 917 407 943 οὐ
425 918 527 944 κεῖται.

166 963 196 989 Ὅ
214 963 316 996 ἀγαθὸς
329 963 440 997 ἀγαθῶν
454 964 513 989 ἐστι
528 963 709 998 παρεκτικός.

165 1009 277 1041 Ῥἀσδος
301 1009 406 1036 δικαίου
422 1009 588 1045 κρείσσωνῆ
605 1010 672 1045 τιμὴ
689 1010 787 1036 κακοῦ.

160 1101 191 1127 οι
205 1100 260 1135 γάρ
277 1100 383 1135 ἄριστοι
396 1099 443 1127 καὶ
458 1100 556 1134 ξείνοις
570 1101 711 1128 τελέθουσι
723 1101 886 1136 προσηνέες.

164 1189 217 1215 Τοῦ
235 1189 290 1223 γὰρ
304 1189 406 1223 ἀγαθοῦ
421 1189 468 1216 καὶ
490 1189 521 1216 τὺ
543 1190 630 1224 τραχὺ
650 1189 786 1225 προσηνὲς
800 1189 845 1216 διὰ
860 1189 913 1223 τὴν

128 1235 262 1269 ὠφέλειαν
273 1243 279 1250 ·
302 1234 348 1262 τοῦ
363 1235 392 1261 δὲ
407 1235 528 1271 πονηροῦ
549 1237 598 1263 καὶ
616 1235 646 1262 τὸ
659 1236 776 1271 χρηστὸν
791 1235 913 1262 ὓποπτον

127 1282 172 1308 διὰ
185 1282 214 1308 τὸ
229 1282 374 1316 κακόηοες.

165 1327 260 1359 Οὐδεὶς
282 1327 393 1361 ἀγαθὸς,
421 1328 445 1353 εί
466 1327 503 1361 μὴ
521 1327 602 1361 μόνος
617 1327 632 1353 ὁ
658 1327 742 1360 Θεός·
764 1328 795 1354 τὸ
820 1329 913 1363 ἄκρως

129 1373 240 1407 ἀγαθὸν,
256 1373 333 1407 φησὶ,
349 1372 430 1407 μόνου
448 1373 528 1400 Θεοῦ.

165 1419 217 1446 Τὸν
233 1419 418 1451 πνευματικὸν
436 1417 485 1446 καὶ
501 1419 640 1455 ἀπόνηρον
663 1417 735 1447 εἶναι
755 1421 796 1447 δεῖ
811 1421 914 1447 ἁπλοῦν

130 1466 178 1493 καὶ
202 1466 306 1498 ἄδολον,
330 1466 456 1501 καθάπερ
478 1467 493 1493 ὁ
510 1467 626 1502 Χριστός
645 1476 747 1502 φησιν·
776 1476 786 1493 ι
806 1467 861 1494 Εὰν
878 1467 914 1502 μὴ

130 1512 282 1547 στραφῆτε,
299 1514 346 1538 καὶ
361 1512 476 1547 γένησθε
498 1513 536 1544 ὡς
550 1514 584 1539 τὰ
600 1514 706 1547 παιδία,
722 1514 752 1540 οὺ
769 1515 806 1549 μὴ
828 1514 916 1540 εἰσέλ-

130 1559 195 1593 θητε
213 1559 254 1589 ei;
269 1558 317 1592 τὴν
332 1558 470 1592 βασιλείαν
484 1559 537 1584 τῶν
552 1560 686 1593 οὐρανῶν.
708 1570 718 1586 ι
894 1556 898 1557 ν

171 1604 228 1632 Ἀεὶ
252 1604 301 1639 μὲν
320 1604 366 1630 οὖν
380 1605 431 1639 χρὴ
456 1605 606 1639 θαυμάζειν
617 1606 667 1641 τὴν
681 1607 758 1641 ἰσχὺν
779 1607 834 1634 τῶν
850 1616 918 1642 μετ-

132 1651 225 1677 ιόντων
247 1651 297 1685 τὴν
317 1651 430 1686 ἀρετὴν,
448 1652 566 1686 μάλιστα
584 1652 613 1678 δὲ
629 1652 692 1679 ὅταν
711 1653 817 1680 πολλῶν
833 1654 918 1690 αὐτὴν

129 1697 330 1730 ἀπολιπόντων,
343 1697 477 1732 εὑρεθῶσί
492 1706 566 1730 τινες
580 1699 667 1734 αὐτῆς
691 1699 880 1735 ἀντεχόμενοι.

171 1788 201 1815 '0
218 1790 250 1822 τῇ
268 1787 348 1822 φύσει
359 1787 460 1822 ἀγαθὸς
475 1789 524 1816 καὶ
537 1789 648 1823 ἀγαθῶν
660 1789 771 1817 πάντων
787 1799 918 1826 παρεκτι-

131 1833 177 1865 κὸς
193 1834 308 1868 γίνεται.

167 1880 273 1914 Ὠσπερ
291 1881 326 1907 τά
345 1880 432 1916 εὐώδη
447 1881 503 1908 τῶν
525 1881 681 1916 ἀρωμάτων
708 1883 757 1918 τῆς
776 1883 843 1915 ιδίας
870 1884 918 1909 εὑ-

131 1918 287 1958 πνοίαςτὸν
301 1927 505 1962 παρακείμενον
528 1928 597 1963 ἀέρα
619 1928 710 1964 πλήρη
732 1930 815 1961 ποιεῖ,
831 1929 918 1962 οὕτως

130 1970 226 2005 ἀνδρὸς
239 1971 343 2005 ἀγαθοῦ
357 1972 493 2007 παρουσία
510 1974 573 2005 τοὺς
589 1973 678 2006 πέλας
692 1974 823 2010 ὀνίνησιν.

168 2017 250 2044 Ἱδιον
265 2018 366 2050 παντὸς
377 2018 480 2053 ἀγαθοῦ
492 2019 523 2046 τὸ
536 2019 660 2054 ὠφελεῖν.

169 2109 261 2136 Ἔστω
277 2108 377 2144 (ἔσται)
395 2117 445 2136 που
459 2109 569 2140 πάντως
583 2109 796 2145 γνωριμώτατος
810 2112 824 2138 ὁ
838 2111 919 2146 φιλά-

133 2164 219 2189 ρετος,
249 2156 295 2182 καὶ
320 2155 440 2189 ἀρίστων
469 2155 691 2190 ἐπιτηδευμάτων
723 2157 916 2192 ἀποτελεστής.

958 221 1036 257 probi
1054 222 1255 256 ingredientur.

992 267 1058 303 Sap.
1074 267 1131 295 Viri
1151 267 1213 295 boni
1234 267 1326 294 vivent
1339 271 1484 298 aeternum,
1500 272 1616 299 quorum
1640 271 1748 292 merces

959 311 985 338 in
1000 311 1116 339 Domino
1131 317 1185 344 est,
1200 315 1227 338 et
1240 319 1305 339 cura
1323 310 1394 345 apud
1409 310 1604 342 celsissimum,
1617 309 1651 336 ob
1665 317 1758 344 quami

959 363 1069 383 causam
1080 364 1192 392 regnum
1205 357 1333 384 decorum
1346 355 1543 390 adipiscentur,
1555 359 1582 381 et
1601 354 1750 388 pulclrerri<

960 409 1033 428 mum
1048 401 1172 429 diadema
1188 402 1313 429 manibus
1326 401 1433 429 Domini
1447 401 1487 428 eis
1501 400 1666 435 imponetur,
1683 399 1758 433 quia.

959 447 1070 475 dextera
1085 455 1134 475 sua
1147 451 1220 483 teget
1236 455 1295 481 eos,
1311 451 1339 475 et
1354 446 1468 474 brachio
1486 453 1537 473 suo
1556 445 1694 473 defendet.

994 535 1091 565 Justus
1104 536 1127 565 si
1147 545 1180 564 ex
1194 536 1245 564 hac
1259 537 1314 564 vita
1327 535 1489 567 decesserit,
1513 535 1541 562 in
1557 533 1652 569 requie
1675 532 1752 561 futu-

960 591 1009 612 1⁸υὸ
1024 588 1076 612 εει.

995 629 1090 658 Gratia
1102 635 1128 657 et
1143 628 1334 657 misericordia
1348 627 1376 656 in
1388 627 1485 656 electis
1500 627 1572 663 ejus,
1589 632 1616 657 et
1629 629 1757 658 visitatio

960 677 988 704 in
1003 675 1106 703 sanctis
1121 675 1193 710 ejus.
1271 687 1278 692 -
1734 678 1744 685 ‘

996 721 1081 750 Eccli.
1097 730 1190 749 xxxix.
1208 720 1242 750 Ut
1261 722 1331 749 bona
1353 723 1436 752 bonis
1460 731 1476 751 a
1496 723 1630 759 principio
1656 727 1757 758 parata

960 772 1035 800 sunt,
1047 769 1086 796 sic
1098 769 1169 796 mala
1186 769 1274 797 malis.

994 814 1061 842 Luc.
1076 823 1113 842 vr.
1136 815 1188 848 Qui
1217 816 1307 844 bonus
1321 820 1363 844 est
1377 823 1410 844 ex
1425 816 1498 844 bono
1521 815 1613 844 cordis
1629 815 1673 843 sui
1691 815 1752 843 tlre-

924 868 948 897 Β
962 868 1045 889 sauro
1059 862 1129 889 bona
1145 863 1255 897 promit.

997 907 1067 934 Tim.
1081 915 1102 934 ι.
1117 908 1196 935 Justo
1210 909 1282 936 nulla
1299 909 1341 937 lex
1357 909 1485 944 imposita
1504 913 1555 936 est.

997 953 1027 981 S.
1043 954 1150 981 Basilii.
1164 953 1256 982 Bonus
1268 956 1402 984 bonorum
1418 961 1461 984 est
1476 956 1600 991 largitor.

999 1000 1131 1035 Theologi.
1150 1000 1232 1037 Virga
1248 1002 1311 1031 boni
1327 1003 1379 1030 viri
1403 1003 1501 1030 melior
1519 1008 1573 1037 est,
1586 1010 1666 1038 quant
1687 1004 1756 1032 mali

963 1046 1098 1073 laudatio.

997 1093 1098 1127 Optimi
1117 1093 1188 1121 enim
1213 1094 1336 1122 externis
1357 1094 1439 1122 etiam
1463 1099 1529 1122 sunt
1555 1094 1630 1123 lenes
1654 1099 1682 1123 et
1700 1095 1751 1122 lm-

963 1146 1046 1167 mam.

1001 1185 1066 1214 Boni
1090 1187 1164 1214 cnim
1187 1187 1239 1214 viri
1262 1187 1306 1215 vel
1322 1188 1456 1223 asperitas
1473 1188 1542 1216 lenis
1563 1193 1616 1219 est.
1644 1192 1754 1223 propter

964 1233 1120 1266 utilitatem,
1134 1241 1216 1268 quam
1239 1234 1359 1261 continet
1374 1243 1380 1261 :
1395 1234 1457 1261 mali
1472 1238 1561 1261 autem
1579 1234 1659 1261 etiam
1679 1235 1756 1262 beni-

964 1280 1052 1314 gnitas
1067 1285 1193 1314 suspecta
1209 1285 1319 1315 propter
1333 1288 1437 1307 morum
1453 1281 1666 1316 improbitatem.

1005 1326 1102 1354 Nullus
1126 1327 1214 1353 bonus
1230 1327 1281 1353 nisi
1308 1327 1383 1353 solus
1406 1326 1495 1358 Deus:
1520 1328 1562 1354 his
1578 1328 1668 1355 verbis
1685 1327 1761 1362 quod

965 1376 1071 1397 srtmme
1093 1369 1194 1397 bonum
1211 1373 1253 1398 est
1269 1371 1403 1398 asseritur
1422 1371 1467 1398 Dei
1487 1372 1572 1399 solius
1587 1380 1658 1400 esse.

1000 1415 1029 1442 S.
1049 1416 1183 1451 Chrysosl.
1205 1417 1361 1452 Spiritualis
1378 1419 1452 1445 omni
1477 1419 1578 1445 malitia
1596 1427 1690 1447 carere
1707 1420 1756 1447 de-

965 1461 1021 1492 bet,
1033 1463 1133 1489 astutia
1145 1468 1171 1490 et
1184 1463 1257 1495 dolo,
1276 1464 1502 1498 quemadmodum
1512 1464 1638 1493 Christus
1651 1466 1755 1500 inquit:

969 1516 977 1532 ι
995 1506 1054 1534 Nisi
1070 1510 1267 1536 convertamini
1281 1514 1310 1537 et
1321 1509 1410 1538 effecti
1427 1511 1534 1538 fueritis
1546 1512 1648 1539 similes
1663 1513 1759 1548 parvis

969 1554 1072 1588 pueris,
1091 1563 1144 1581 non
1163 1555 1312 1583 introibitis
1330 1564 1442 1591 regnum
1460 1557 1581 1584 caeleste.
1604 1567 1612 1583 ι

1006 1601 1095 1634 Atque
1109 1600 1193 1628 robrrr
1207 1602 1315 1635 quidem
1342 1609 1436 1629 eorum
1452 1602 1508 1637 [qui
1532 1603 1656 1629 virtutem
1677 1611 1757 1630 exer-

970 1650 1046 1679 cent,
1063 1647 1244 1674 admiratione
1257 1653 1385 1683 perpetua
1404 1649 1513 1683 dignum
1528 1654 1589 1682 est;
1607 1650 1764 1684 prmsertinr

970 1699 1035 1719 vero
1051 1700 1112 1720 cum
1133 1693 1226 1721 turritis
1246 1701 1305 1722 eam
1332 1695 1522 1723 deserentibus
1544 1697 1666 1723 nonnulli
1683 1705 1759 1731 repe—

970 1738 1079 1765 riuntur
1094 1739 1139 1773 qui
1161 1739 1253 1767 virtuti
1268 1740 1465 1769 adhaarescant.

1006 1783 1084 1820 Greg.
1100 1784 1181 1820 Nysa.
1196 1786 1249 1819 Qui
1262 1791 1358 1815 natura
1372 1789 1461 1817 bonus
1476 1794 1527 1822 est,
1544 1789 1615 1818 idem
1636 1791 1668 1818 ad
1687 1791 1765 1818 bona

969 1832 1061 1858 omnia
1079 1831 1219 1866 largiendo
1236 1841 1389 1868 propensus
1406 1842 1458 1863 est.

1006 1875 1040 1902 Ut
1057 1876 1207 1912 fragrantia
1222 1884 1343 1906 aromata
1369 1888 1420 1908 suo
1444 1882 1531 1909 odore
1553 1883 1750 1911 circumfusum

969 1922 1105 1957 complent
1124 1930 1227 1957 aerem,
1250 1925 1291 1952 sic
1306 1925 1369 1953 boni
1385 1927 1434 1954 viri
1453 1930 1597 1962 praesentia
1617 1931 1755 1963 proximo.-

966 1968 1054 2003 juvat.

1004 2015 1033 2042 S.
1053 2016 1156 2052 Gya-illi.
1174 2018 1317 2053 Proprium
1344 2024 1387 2047 est
1411 2021 1544 2049 honorum
1559 2023 1680 2050 omnium
1699 2025 1769 2051 aliis-

968 2062 1111 2096 prodesse.

1005 2107 1063 2134 Erit
1078 2115 1144 2137 sane
1157 2110 1274 2138 maxime
1290 2111 1406 2148 insignis
1418 2114 1527 2142 virtutis
1539 2115 1638 2146 cultor.
1651 2122 1678 2143 et
1693 2125 1762 2151 prm-

969 2154 1184 2184 clarissimorum
1198 2165 1309 2192 operum
1322 2154 1429 2187 auctor.
1440 2160 1674 2193 Quemadmodum
1687 2164 1759 2190 enim

132 2201 236 2236 Ὅνπερ
248 2202 302 2235 γὰρ
321 2201 422 2236 τρόπον
436 2201 470 2228 τά
487 2201 542 2228 τῶν
566 2202 720 2237 ἀρωμάτων
745 2203 913 2238 εὐοσμότατα

983 2200 1160 2230 ιάοτοιίεδὶιηε
1187 2208 1310 2231 aromata
1338 2210 1365 2232 et
1385 2206 1503 2239 eximia,
1527 2208 1632 2235 etiamsi
1648 2209 1674 2236 in
1691 2217 1755 2236 vase

132 2246 179 2271 καὶ
192 2245 330 2279 ἐξαίρετα,
346 2245 398 2272 κᾶν
418 2247 446 2273 ὲν
463 2247 567 2281 ἀγγείῳ
583 2247 758 2282 κρύπτοιντο,
775 2248 824 2283 τῆς
846 2249 920 2275 ἐνού-

133 2300 183 2325 σης
200 2292 292 2323 αὐτοῖς
304 2292 438 2326 εὐοσμίας
453 2292 608 2327 ἐμπίπλησι
624 2293 674 2328 τὴν
697 2293 833 2329 αἴσθησιν,
857 2294 920 2330 οὐχὶ

131 2337 161 2362 δέ
173 2345 225 2363 που
239 2336 329 2371 μόνοις
342 2337 399 2368 τοῖς
415 2337 511 2370 ἐγγὺς,
523 2337 592 2364 ἀλλὰ
604 2338 658 2373 γὰρ
673 2340 718 2365 καὶ
730 2340 787 2370 τοῖς
800 2340 918 2375 μακράν·

133 2381 218 2413 οὓτως
238 2382 300 2408 ὁσία
313 2381 387 2417 ψυχὴ
405 2382 454 2409 καὶ
468 2382 613 2416 φιλάρετος
624 2403 631 2416 ,
657 2385 705 2410 καὶ
721 2384 777 2411 τῶν
792 2385 833 2416 εις
845 2385 921 2412 εὐσέ-

83 2439 86 2442 -
133 2427 208 2453 ϐειαν
224 2427 479 2461 ἀνδραγαθημάτων
505 2428 607 2463 ἔχουσα
633 2429 723 2463 λόγον,
741 2430 792 2457 κᾶν
811 2430 921 2466 λεληθό-

133 2483 197 2508 τως,
218 2476 306 2510 πάντη
319 2483 349 2502 τε
361 2476 408 2502 καὶ
423 2475 531 2508 πάντως
547 2476 624 2504 ἔσται
637 2478 848 2514 γνωριμωτάτηη

167 2564 360 2600 Φιλάνθρωπος
375 2565 390 2590 ὁ
404 2565 511 2597 ἀστεῖος
527 2566 576 2592 καὶ
589 2566 716 2602 εὐμενὴς,
735 2567 782 2594 καὶ
797 2568 920 2603 συγγνώ-

135 2619 204 2645 μων,
229 2610 317 2637 οὐδενὶ
341 2610 519 2646 μνησικακῶν
546 2611 576 2638 τὺ
595 2613 737 2646 παράπαν,
757 2613 825 2640 ἀλλά
841 2615 919 2650 νικᾷν

132 2657 195 2688 τοὺς
212 2656 327 2692 ἐχθροὺς
346 2656 442 2690 ἀξιῶν,
459 2657 488 2684 ἐν
504 2656 543 2692 τῷ
559 2658 647 2684 ποιεῖν
660 2657 691 2684 εὖ
707 2659 809 2692 μᾶλλον
823 2660 841 2696 ἢ
855 2659 919 2695 βλά-

133 2709 221 2727 πτειν.

170 2748 232 2779 Τοῖς
248 2747 361 2781 ἀγαθοῖς
390 2747 498 2782 ἀγαθάς
524 2748 636 2784 ὑπέχειν
653 2749 765 2786 γνώμας
793 2751 882 2779 ἔοικεν
904 2754 919 2780 ὁ

133 2793 209 2825 Θεὸς,
221 2793 255 2819 δι’
270 2791 307 2820 ὢν
319 2793 488 2828 ὠφελοῦντες
503 2795 738 2830 ὠφεληθήσονται.

164 2839 283 2874 ν’Δνδρες
295 2839 404 2874 ἀγαθοὶ,
418 2841 621 2876 τροπικώτερον
637 2842 737 2876 εἰπεῖν,
751 2841 839 2882 κίονές
850 2845 913 2879 εἰσι,

975 2246 1083 2274 condita
1097 2249 1162 2281 siut,
1180 2249 1327 2285 fragrantia
1341 2259 1390 2279 sua
1405 2258 1493 2280 tamen
1506 2254 1616 2288 explent
1627 2246 1762 2282 odorand'i

975 2299 1096 2326 sensum,
1116 2294 1196 2330 169
1207 2303 1259 2323 non
1274 2297 1361 2324 solum
1373 2306 1466 2325 eorum
1481 2299 1527 2334 qui
1543 2306 1628 2334 prope
1642 2300 1762 2333 adstant,

974 2339 1023 2365 sed
1036 2339 1117 2366 etiam
1130 2348 1224 2368 cerum
1241 2342 1287 2376 qui
1302 2343 1411 2377 longius
1425 2344 1526 2372 semoti
1538 2351 1602 2372 sunt
1618 2353 1625 2371 :
1647 2346 1683 2372 ita
1699 2354 1761 2374 san-

974 2387 1035 2410 ctus
1051 2384 1160 2412 animus
1178 2389 1206 2413 et
1222 2386 1332 2414 virtutis
1350 2388 1484 2422 cupidus.
1506 2393 1533 2416 et
1548 2389 1662 2418 honeste
1677 2391 1764 2419 faeto-

974 2437 1034 2457 rum
1049 2435 1075 2457 ct
1087 2431 1120 2458 ad
1135 2432 1262 2466 pietatem
1276 2434 1475 2468 pertinentium.
1486 2435 1619 2463 rationem
1645 2436 1759 2470 habens,

974 2475 1015 2501 vel
1032 2476 1100 2503 nihil
1116 2477 1168 2504 tale
1188 2477 1324 2512 cogitans,
1336 2479 1465 2508 omnibus
1478 2481 1566 2508 modis
1581 2481 1635 2508 erit
1648 2483 1761 2510 nobilis-

974 2521 1062 2550 simus
1079 2526 1106 2549 et
1121 2522 1304 2552 clarissimus.

1011 2569 1140 2597 Philonis.
1162 2569 1305 2599 Humanus
1321 2571 1443 2601 urbanus
1456 2577 1482 2600 et
1498 2576 1586 2602 contis
1596 2580 1623 2602 et
1636 2575 1669 2601 ad
1687 2575 1763 2610 igno-

973 2616 1104 2643 scendum
1120 2623 1281 2650 propensus,
1294 2618 1396 2645 nullius
1410 2618 1524 2646 onmino
1536 2619 1643 2654 injuriae
1657 2627 1762 2647 memor-

973 2665 1025 2693 est,
1043 2661 1092 2689 sed
1107 2662 1216 2690 vincere
1236 2663 1331 2692 hostes
1346 2665 1423 2700 cupit
1439 2665 1648 2698 bcnefaciendo,
1675 2666 1771 2700 magis.

973 2715 1054 2742 qnam
1067 2707 1202 2736 laadendo.

1009 2753 1091 2781 Bonis
1112 2754 1184 2783 Deus
1199 2756 1267 2783 bona
1282 2757 1439 2792 suppeditat
1460 2760 1489 2783 et
1509 2755 1605 2783 inserit
1629 2755 1762 2788 consllia,

965 2800 1084 2835 quibus,
1100 2809 1162 2829 cum
1178 2802 1241 2830 aliis
1253 2804 1370 2838 prosint,
1384 2803 1433 2837 ipsi
1445 2803 1561 2830 maxime
1572 2802 1714 2835 juvanlur.

1011 2847 1064 2874 Viri
1082 2848 1155 2881 boni,
1177 2855 1206 2876 ut
1226 2849 1340 2886 figurate
1353 2849 1453 2878 dicam.
1469 2848 1601 2875 columna:
1613 2852 1686 2880 sunt,
1708 2855 1755 2882 po-
