1940 3104
75 141 142 176 1081

453 110 537 169 εδει
554 137 776 170 COMMUNES.
794 150 830 156 —
844 137 943 169 PARS
961 136 1003 168 II.
1025 134 1155 166 SERMO
1173 134 1298 166 XXX".

1634 132 1702 166 1082

115 194 162 230 '0':
179 199 281 226 δίκαιον
290 199 384 234 ’κρίνει
409 198 455 225 τὸν
474 197 577 230 ἄδικον,
587 197 679 225 ἄδικον
696 197 725 223 δὲ
750 196 796 223 τδν
824 195 862 222 δί-

952 195 1003 228 Qui
1029 194 1133 229 justum
1160 193 1292 227 injustum
1315 191 1440 228 indicat:
1459 192 1630 226 etinjnstnm
1659 194 1704 227 jn-

73 254 164 278 xatov,
178 247 330 281 ἀκάθαρτος
343 244 391 272 καὶ
407 244 550 280 βδελυκτὺς
562 244 638 279 παρὰ
649 242 754 278 Κυρίῳ.

112 333 181 360 Τάδε
207 332 280 366 λέγει
308 331 412 367 Κύριος
434 330 650 365 παντοκράτωρ·
679 327 763 355 Αὐτοὶ
787 328 861 354 οἰκο-

78 378 246 413 δομήσουσι,
269 378 346 412 κάγὼ
376 377 571 412 καταστρέψω-
603 375 652 403 xei.
679 374 862 408 ὲπικληθήσε-

75 433 123 451 ται
141 423 233 455 αὐτοῖς
254 424 315 458 ὅρια
340 423 466 458 ἀνομίας,
486 422 534 450 καὶ
548 421 613 453 λαὸς
630 421 672 455 ἐφ’
687 421 716 447 ὃν
738 418 860 454 παρατέι

76 477 176 496 τακται
196 469 299 504 Κύριος
329 468 383 500 ἓως
408 468 518 501 αἰῶνος,
543 467 574 494 οὐ
592 466 630 502 μὴ
649 466 730 501 μείνῃ
756 466 797 497 είς
815 465 862 491 τὸν

76 515 164 540 αῖῶνα
176 514 272 548 χρόνου
289 514 400 548 σπέρμα
418 514 546 548 πονηρόν.

119 559 166 586 Ἐκ
181 560 337 594 σπέρματος
360 558 449 594 ὄφεως
464 559 637 592 ἐξελεύσεται
657 558 757 593 ἔγγονα
778 555 862 583 ἀσπίς

76 605 130 630 δων
144 624 150 636 ,
167 605 200 631 τὰ
219 606 246 632 δὲ
264 605 362 639 ἔγγονα
375 605 465 631 αὐτῶν
478 606 553 639 δφεις
568 604 722 639 πετόμενοι.

115 651 154 677 Τὰ
170 651 356 686 ἁμαρτήματα
373 651 451 685 ἡμῶν
467 651 601 685 διίστησιν
617 651 668 677 ἀνὰ
685 651 766 686 μέσον
783 651 862 686 ἡμῶν

76 698 124 722 καὶ
147 697 194 722 τοῦ
217 696 284 722 Θεοῦ
299 718 306 728 ,
337 697 384 723 καὶ
405 696 449 722 διὰ
467 697 516 728 τὰς
539 697 654 731 ἀνομίας
683 696 762 732 ἡμῶν
795 698 863 724 ἀπέ-

76 742 177 777 στρεψε
193 742 222 768 τὸ
238 744 384 777 πρόσωπον
398 743 480 770 αὑτοῦ
498 743 544 778 ἀφ’
562 743 651 778 ἡμῶν,
665 743 712 769 τοῦ
730 743 767 778 μὴ
783 743 858 778 ἐλεῆ-

77 797 134 816 σιμ

112 834 172 861 Υἱοὶ
186 833 301 868 ἄφρονές
318 834 382 865 είσι,
399 833 445 859 καὶ
461 833 492 859 οὗ
520 834 637 866 συνετοὶ,
651 833 729 868 σοφοὶ
743 833 791 861 τοῦ
810 842 861 861 κα-

74 880 220 914 κοποιῆσαι
231 887 239 896 ’
253 880 283 906 τὴ
300 880 328 906 δὲ
344 879 434 910 καλῶς
450 879 561 914 ποιῆσαι
574 879 624 906 οὐκ
641 879 778 914 ἔγνωσαν.

110 926 152 952 Τὰ
168 926 236 960 ἔργα
252 925 342 952 αὐτῶν
359 925 427 960 ἔργα
443 926 549 960 ἄνομασ
565 925 612 952 καὶ
634 927 658 952 οἱ
673 926 753 957 πόδες
770 926 861 953 αὐτῶν

73 973 116 1002 εἰς
135 972 234 998 κακίαν
248 972 403 1006 τρέχουσιν.

111 1017 142 1043 Εἰ
159 1017 302 1049 ἀλλάξεται
317 1017 414 1051 Αἰθίοψ
428 1017 458 1044 τὸ
475 1017 562 1052 δέρμα
579 1016 672 1050 αὐτοῦ,
689 1018 738 1044 καὶ
758 1017 862 1052 πάρδα-

847 1062 861 1073 τ

72 1063 115 1094 λις
133 1063 167 1089 τὰ
187 1063 354 1098 ποικίλματα
370 1063 467 1099 αὐτῆς,
491 1065 538 1090 καὶ
559 1063 639 1099 ὑμεῖς
658 1064 807 1100 δυνήσεσθε
831 1063 877 1106 εὖν

73 1110 186 1143 ποιῆσαι
205 1109 396 1144 μεμαθηκότες
411 1109 484 1136 κακά

110 1156 217 1186 Πτῶσις
231 1155 306 1190 κακῷ
319 1155 390 1182 κατὰ
405 1156 524 1191 σπουδὴν
538 1155 609 1191 ἥξει.

115 1201 189 1232 Ὀδδς
211 1201 382 1236 ἁμαρτωλῶν
405 1201 586 1236 ὡμαλισμένη
604 1202 660 1228 ἀπὸ
687 1201 780 1236 λίθων,
813 1203 862 1230 καὶ

74 1247 120 1273 ἐπ’
136 1247 258 1282 ἐσχάτων
270 1247 356 1281 αὐτῆς
376 1247 471 1282 βόθρος
491 1248 566 1283 ᾆδον.

111 1292 165 1319 Τὸν
187 1292 378 1327 ἁμαρτά-νοντα
400 1293 439 1324 είς
465 1294 514 1327 τὴν
538 1292 628 1328 ψυχὴν
651 1293 735 1320 αὑτοῦ
757 1293 798 1325 τίς
822 1293 862 1319 δι-

72 1338 189 1365 καιώσει
203 1347 212 1372 ;

112 1385 202 1412 Τέκνα
218 1385 346 1421 βδελυκτὰ
360 1385 464 1419 γίνεται
476 1386 558 1412 τέκνα
570 1385 755 1421 ἁμαρτωλῶν.

112 1432 219 1467 Ὀνομα
242 1431 396 1467 ἀνθρώπιον
435 1431 608 1466 ἁμαρτωλῶν
636 1432 862 1466 ἐξαλειφθήσεται

117 1479 148 1506 ’0
168 1478 286 1513 πονηρὸς
303 1477 445 1511 ἄνθρωπος
467 1477 498 1502 ὲκ
515 1476 562 1503 τοῦ
579 1477 699 1511 πονηριιῦ
722 1477 861 1512 θησαυροῦ

912 246 996 272 stum,
1014 239 1169 279 isipnpurus
1195 239 1267 274 apud
1297 237 1442 265 Dominum
1458 242 1486 265 et
1507 238 1704 266 abominandus

912 291 964 315 est.

948 333 1067 361 Molach.
1084 333 1216 360 Dominus
1234 331 1410 366 omnipotens
1429 331 1470 358 sic
1498 331 1620 364 loquitur
1640 339 1647 357 :
1665 331 1703 357 llIi

909 381 1096 411 mdiﬁcabunt,
1111 387 1162 414 ego
1184 386 1249 406 vero
1263 377 1381 410 dirnam,
1402 382 1431 404 ut
1446 381 1580 404 vocentur
1595 377 1703 404 termini

913 427 1075 460 iniquitatis,
1092 431 1120 453 et
1139 425 1256 460 populus
1275 425 1318 452 cui
1336 424 1470 451 Dominus
1493 431 1521 450 se
1537 427 1654 458 opponet
1676 423 1703 448 in

914 474 1043 500 saeculum
1069 482 1076 500 :
1103 480 1156 500 non
1174 479 1304 511 mansura
1319 477 1361 499 est
1382 471 1410 498 in
1426 469 1556 498 saeculum
1572 469 1706 503 temporis

912 519 1044 554 improba
1063 519 1218 554 progenies.

948 563 1007 591 Isa.
1021 572 1076 591 ur.
1091 563 1130 590 Ex
1148 562 1253 590 semine
1268 562 1404 598 serpentis
1419 561 1568 597 prodibnnt
1580 561 1703 595 aspidem

913 610 1008 643 catuli,
1021 614 1049 637 at
1066 610 1173 637 illarum
1190 608 1292 643 posteri
1309 607 1434 635 volantes
1447 611 1588 641 serpentes
1611 611 1704 632 erunt.

948 656 1065 684 Peccata
1079 660 1173 684 nostra
1185 656 1336 684 dissociant
1356 661 1407 681 nos
1424 660 1439 679 a
1456 653 1522 685 Deo,
1537 657 1705 687 propterque

915 703 1076 739 iniquitates
1089 707 1198 731 nostras
1223 701 1323 730 avertit
1339 708 1354 728 a
1381 699 1462 728 nobis
1479 699 1583 726 vultum
1600 705 1681 726 suum
1694 717 1703 728 .

914 755 1006 777 utnon
1017 749 1191 777 misereatur.

948 838 1113 873 insipientes
1125 843 1189 865 sunt
1205 844 1255 865 nec
1269 843 1391 871 sagaces,
1405 835 1478 863 docti
1493 835 1526 862 ad
1540 835 1703 862 malcticic-n—

879 875 899 902 Β
914 886 990 918 dum,
1008 886 1124 913 honeste
1138 884 1230 912 iacere
1243 891 1298 911 non
1315 887 1429 911 norunt.

950 931 1037 966 Opera
1053 930 1171 963 illorum,
1185 936 1268 964 opera
1285 929 1398 964 iniusta,
1415 932 1443 955 et
1461 927 1542 963 pedes
1564 935 1658 954 eorum
1676 927 1704 954 in

913 977 1076 1004 maleﬁcium
1090 979 1215 1003 currunt.
1227 997 1230 1000 .

948 1021 1048 1049 Jerem.
1069 1029 1128 1048 xm.
1145 1020 1172 1047 Si
1190 1019 1305 1047 mutabit
1320 1018 1448 1054 Ethiops
1463 1024 1551 1046 cutem
1569 1026 1660 1051 suam,
1677 1022 1707 1045 ct

913 1068 1035 1103 pardalis
1049 1066 1196 1094 varietates
1214 1073 1292 1098 suns,
1304 1070 1330 1092 et
1343 1072 1392 1092 vos
1408 1064 1533 1099 poteritis
1547 1063 1706 1091 benefacere

913 1121 973 1141 eum
989 1113 1058 1140 mala
1074 1112 1237 1140 didiceritis.

948 1159 1037 1187 Ruina
1056 1159 1172 1194 improbi
1188 1166 1250 1186 sero
1263 1157 1370 1186 tandem
1387 1157 1487 1186 veniet.

947 1206 996 1234 Via
1012 1205 1212 1233 scelerosorum
1237 1205 1372 1240 elapidata
1388 1209 1415 1232 et
1440 1203 1613 1238 complanata
1626 1222 1635 1236 ,
1655 1203 1705 1231 sed

913 1251 941 1278 in
955 1255 1077 1278 extrema
1097 1251 1155 1285 ipsa
1171 1250 1322 1277 inferorum
1336 1253 1376 1276 est
1389 1249 1474 1276 fossa.

947 1297 1109 1325 Peccantem
1125 1297 1153 1324 in
1169 1297 1287 1323 animam
1303 1303 1382 1324 suam
1396 1295 1458 1330 quis
1475 1295 1619 1322 absolvet?

949 1389 1039 1416 Liberi
1054 1386 1228 1415 abominandi
1245 1392 1309 1414 sunt
1323 1393 1354 1413 ex
1370 1385 1500 1420 improbis
1516 1385 1654 1420 prognati.

948 1433 1051 1459 Nomen
1067 1431 1262 1459 sceleratorum
1275 1431 1414 1457 hominum
1429 1430 1576 1457 delebitur.

949 1478 1045 1505 Matth.
1067 1485 1103 1505 ιη
1120 1483 1147 1505 et
1162 1476 1228 1505 Luc.
1249 1485 1288 1504 vt.
1308 1476 1396 1503 Malus
1419 1483 1452 1503 ex
1470 1475 1558 1503 cordis
1575 1475 1616 1502 sui
1635 1475 1707 1502 malo

74 1525 126 1558 τῆς
142 1523 257 1558 καρδίας
280 1522 365 1548 αὐτοῦ
389 1521 522 1556 προφέρει
546 1521 580 1548 τὰ
597 1522 714 1557 πονηρά.
736 1522 784 1548 Ἐκ
806 1523 861 1558 γὰρ

930 1524 1045 1551 ltesauro
1064 1531 1124 1558 quae
1149 1523 1219 1550 mala
1244 1527 1318 1556 sunt,
1345 1523 1445 1557 promit
1461 1531 1468 1550 :
1485 1530 1518 1549 ex
1535 1522 1704 1550 abundantia

74 1569 125 1596 τοῦ
143 1568 362 1605 περισσεύματος
375 1569 425 1602 τῆς
443 1568 556 1602 καρδίας
573 1568 649 1594 λαλεῖ
661 1568 693 1594 τὸ
709 1567 807 1602 στόμα.

113 1615 200 1643 Τοῦτο
214 1616 242 1642 δὲ
257 1616 418 1650 γινώσκετε,
427 1615 467 1641 ὃτι
484 1616 512 1641 ἐν
521 1616 581 1646 ταῖς
593 1615 721 1650 ἐσχάταις
734 1616 862 1650 ἡμέραις⁷

77 1662 253 1696 ἐνστήσονται
271 1661 363 1694 καιροὶ
373 1660 497 1695 χαλεποί.
514 1660 642 1687 Ἔσονται
657 1660 712 1696 γὰρ
724 1662 747 1688 oi
759 1661 864 1696 ἀνθρω-

78 1716 125 1733 ποι
144 1706 268 1740 φίλαυτοι
282 1727 289 1738 ,
307 1706 354 1732 καὶ¹
368 1705 402 1732 τὰ
417 1706 489 1740 ἑξῆς.

117 1752 163 1779 Ἐν
184 1751 312 1786 ἁμίλλαις
340 1752 474 1786 πονηρίας
504 1752 667 1787 ἀθλιώτερος
692 1752 707 1778 ὁ
731 1753 861 1788 νικήσας,

76 1799 144 1825 διότι
159 1799 310 1834 ἀπέρχεται
323 1798 353 1825 τὸ
369 1798 461 1824 πλεῖον
475 1798 546 1833 ἔχων
558 1798 608 1832 τῆς
626 1798 775 1833 ἁμαρτίας.

112 1889 149 1915 Τὸ
163 1889 276 1924 ἔσχατον
295 1889 325 1915 ἐν
350 1889 469 1924 πονηρίᾳ
484 1889 530 1915 καὶ
554 1887 621 1923 πρὸς
635 1888 724 1922 ἐαυτῷ
740 1889 815 1916 ἐστιν
831 1890 863 1917 ἀ-

78 1935 233 1969 σύμφωνον.

117 1981 212 2008 Πολλοί
236 1981 289 2007 είσι
310 1981 359 2012 τὰς
379 1981 504 2016 πονηρὰς
527 1982 643 2016 πράξεις
658 1983 865 2018 ἀποδεχόμενοι,

79 2028 127 2053 καὶ
142 2028 272 2061 χαρίεντα
295 2026 344 2060 μὲν
359 2025 404 2052 τὸν
425 2026 595 2062 εὐτράπελον
618 2027 756 2062 λέγοντες,
778 2028 824 2053 τὸν
836 2027 865 2054 δὲ

79 2073 256 2108 οἱσχρολόγον
272 2072 410 2099 πολιτικόν
420 2080 428 2088 ·
443 2073 489 2099 τὸν
504 2072 604 2108 πικρὸν
617 2073 665 2100 καὶ
677 2073 785 2108 ὀργίλον
798 2074 866 2099 ἀκα-

79 2119 248 2153 ταφρόνητον
262 2118 438 2152 ὀνομάζουσι·
450 2119 495 2145 τὸν
506 2118 636 2153 φειδωλὸν
649 2118 697 2146 καὶ
712 2118 865 2154 ἀκοινώνη-

80 2172 125 2189 τον
141 2163 177 2195 ὡς
192 2164 362 2197 οἰκονομικὸν
382 2164 543 2191 ἐπαινοῦσι·
563 2164 609 2191 τὸν
620 2165 724 2192 ἄσωτον
737 2165 774 2196 ὡς
791 2165 867 2192 ἐλεύ-

915 1571 986 1598 cnim
1001 1570 1092 1597 cordis
1106 1577 1138 1596 os
1153 1569 1285 1602 loquitur.

950 1616 963 1643 Ι
981 1615 1050 1643 Tim.
1067 1623 1108 1643 tu.
1122 1615 1191 1642 lllud
1204 1619 1292 1642 autem
1305 1614 1491 1649 cognoscitote
1502 1613 1572 1648 fore,
1583 1620 1611 1642 ut
1623 1615 1703 1650 171

915 1659 942 1686 in
958 1660 1061 1688 ultimis
1072 1660 1166 1688 diebus
1175 1660 1276 1687 instent
1287 1660 1385 1686 acerba
1397 1664 1422 1686 el
1436 1659 1558 1687 difﬁcilia
1570 1665 1705 1695 tempora.

916 1705 1002 1732 Erunt
1024 1706 1097 1732 enim
1116 1707 1240 1734 homines
1257 1708 1299 1735 sui
1313 1712 1444 1738 amantes,
1463 1711 1516 1734 etc.

952 1750 981 1777 S.
998 1750 1104 1779 Basilii.
1128 1750 1158 1779 In
1185 1752 1370 1787 improbitatis
1394 1751 1544 1780 certamine
1576 1751 1703 1780 miserior

915 1798 1013 1831 victor,
1031 1805 1113 1832 quam
1129 1797 1230 1831 victus,
1255 1804 1399 1833 propterea
1415 1798 1488 1833 quod
1512 1797 1558 1825 ille
1580 1797 1707 1832 pluribus

917 1842 1034 1877 peccatis
1054 1847 1171 1871 onustus
1193 1843 1322 1870 discedit.

945 1888 1046 1916 Ultima
1058 1889 1085 1916 in
1095 1889 1269 1923 improbitate
1278 1889 1358 1916 etiam
1368 1895 1462 1916 secum
1471 1888 1529 1924 ipsa
1541 1888 1707 1924 discrepant.

951 1980 1112 2014 Complures
1125 1985 1200 2013 sunt,
1222 1979 1268 2015 qui
1287 1979 1409 2008 actiones
1425 1987 1525 2015 pravas
1541 1980 1706 2014 approbent,

917 2032 950 2053 ac
968 2025 1101 2052 urbanum
1118 2025 1227 2060 quidem
1243 2025 1394 2060 gratiosum
1411 2025 1596 2058 nominantes,
1618 2028 1646 2053 et
1656 2026 1708 2053 ob-

918 2072 1056 2099 scenitate
1071 2072 1216 2099 verborum
1230 2075 1361 2103 utentem,
1373 2071 1482 2099 civilem
1504 2079 1512 2098 :
1534 2071 1662 2101 acerbum
1681 2076 1709 2098 et

918 2117 1078 2145 iracundum
1115 2117 1227 2144 minime
1245 2116 1475 2144 contemnendum
1497 2122 1598 2144 vocant
1619 2124 1627 2143 :
1647 2124 1709 2151 par-

918 2171 978 2202 cum
998 2167 1025 2191 et
1043 2163 1160 2191 alienum
1178 2170 1193 2190 a
1212 2163 1374 2191 liberalitate
1402 2162 1480 2198 quasi
1503 2163 1542 2190 rei
1567 2162 1709 2189 familiaris

81 2210 178 2243 (vspw'
200 2210 246 2236 τὸν
262 2210 362 2245 πόρνον
386 2211 434 2237 καὶ
454 2210 560 2246 ἀσελγῆ
584 2210 782 2238 ἀπολαυστικόν
803 2220 862 2238 τινα

930 2209 1142 2237 Idtninistranda:
1157 2209 1272 2244 peritum
1290 2209 1422 2243 laudant;
1445 2208 1588 2244 prodigum
1602 2228 1610 2239 ,
1628 2209 1708 2242 quasi

81 2255 130 2280 ml.
151 2256 301 2289 ἀνειμένον.
320 2257 351 2282 0i
375 2256 492 2283 τοιοῦτοι
522 2256 561 2292 τῷ
585 2257 700 2291 στόματι
723 2257 774 2292 μὲν
793 2257 867 2284 εὐλο-

81 2301 172 2334 γοῦσι,
188 2302 221 2336 τῇ
238 2300 266 2327 δὲ
284 2302 384 2336 καρδίᾳ
413 2302 599 2337 καταρῶνται.
619 2303 664 2329 Ἐν
682 2303 737 2338 γὰρ
761 2305 794 2339 τῇ
812 2304 868 2330 τῶν

83 2347 213 2382 ῥημάτων
229 2348 354 2383 εὐφημία
369 2349 461 2375 πᾶσαν
474 2350 596 2385 κατάραν
613 2350 763 2384 ἐπάγουσιν
779 2350 868 2377 αὐτῶν

82 2395 115 2425 τῇ
143 2392 212 2428 ζωῇ,
230 2393 373 2425 ὑποδίκους
393 2394 492 2425 αὐτοὺς
514 2397 548 2430 τῇ
573 2395 675 2429 αἰωνίῳ
694 2396 866 2430 κατακρίσει,

83 2437 115 2463 δι’
131 2436 168 2465 ὦν
182 2438 370 2473 ἀποδέχονται,
389 2439 584 2472 καθιστῶντες.

124 2573 228 2602 Ὄντως
250 2570 443 2604 ἀσυλλόγιστόν
466 2579 493 2597 τι
522 2572 640 2606 πρᾶγμα
666 2572 682 2606 ή
714 2571 868 2607 μοχθηρία,

84 2620 132 2646 καὶ
154 2618 231 2645 οὐδέν
256 2618 330 2643 ἔστιν
354 2617 368 2643 ὃ
392 2617 456 2648 τοὺς
483 2619 618 2651 πονηροὺς
644 2617 767 2652 βελτίους
791 2619 870 2654 ποιή-

86 2673 168 2692 σειεν.

120 2710 279 2746 Εόζήλωτον
297 2709 388 2744 μέντοι
402 2709 451 2736 καὶ
470 2708 617 2744 πρόχειρον
636 2709 754 2744 πρᾶγμα
775 2711 792 2743 ἡ
817 2719 868 2745 μο-

84 2759 195 2794 χ’)ηρία,
210 2757 256 2784 καὶ
271 2756 347 2783 οὐδὲν
367 2755 437 2782 οὕτω
459 2756 551 2792 ῥᾴδιον
574 2756 612 2788 ὡς
629 2757 660 2783 τὸ
676 2757 806 2790 γενέσθαι
818 2766 870 2784 κα-

86 2806 142 2835 κός.

123 2850 280 2877 Malm-nov
304 2849 352 2882 μὲν
366 2849 395 2876 rb
414 2849 518 2883 ἀγαθὸν
539 2850 573 2885 τῇ
591 2849 750 2885 ἀνθρωπίνῃ
775 2849 867 2884 φύσει,

918 2254 1080 2288 liberalem;
1103 2259 1283 2282 scortatorem
1312 2254 1499 2287 libidinosum,
1523 2252 1708 2287 voluptarium

919 2299 1063 2334 quemdam
1089 2303 1116 2326 ct
1139 2299 1338 2327 remissiorem.
1367 2297 1524 2326 Istiusmodi
1549 2297 1708 2325 laudatores

920 2346 973 2373 illis
983 2353 1031 2373 ore
1044 2345 1154 2380 quidem
1169 2345 1239 2372 bene
1251 2350 1407 2380 precantur,
1424 2348 1452 2371 at
1467 2344 1550 2372 corde
1563 2351 1708 2371 exsecran-

920 2396 973 2418 tur.
993 2391 1059 2419 Nam
1085 2392 1111 2418 in
1137 2391 1181 2418 illa
1205 2392 1350 2418 verborum
1375 2390 1488 2426 pulchra
1510 2397 1710 2418 commemora-

921 2439 995 2465 tione
1023 2445 1131 2466 otunem
1146 2437 1367 2464 exsecrationem
1389 2437 1417 2464 in
1437 2436 1544 2465 illorum
1566 2437 1648 2463 vitam
1667 2436 1709 2463 in-

920 2487 1034 2514 ducunt,
1052 2483 1108 2509 inm
1127 2491 1176 2510 eos
1190 2486 1300 2510 aeternae
1315 2483 1486 2510 damnationi
1500 2482 1634 2510 obnoxios
1650 2483 1710 2510 eili-

920 2531 1006 2561 cinnt,
1030 2530 1086 2563 ipsa
1101 2529 1165 2555 vilia
1181 2529 1374 2562 approbantes.

959 2574 1095 2609 Thcotogi.
1111 2574 1237 2601 Proiecto
1253 2581 1297 2601 res
1313 2578 1356 2602 est
1371 2575 1484 2603 rationis
1497 2582 1593 2610 expers
1611 2574 1711 2609 impru-

921 2620 993 2647 hitas
1009 2627 1016 2644 :
1035 2626 1087 2646 nec
1109 2619 1258 2653 quidquam
1275 2623 1317 2646 est
1343 2619 1417 2653 quod
1439 2620 1580 2655 improbos
1603 2620 1713 2647 efﬁcere

921 2665 1008 2701 possit
1027 2664 1161 2692 meliores.

957 2711 1120 2746 improbitas
1135 2711 1216 2738 facile
1233 2711 1277 2739 sui
1301 2711 1422 2740 studium
1438 2712 1549 2743 excitat.
1572 2714 1654 2745 atque
1682 2710 1711 2737 in

922 2763 1047 2793 promptu
1070 2761 1124 2791 est,
1149 2758 1272 2794 nihilque
1299 2762 1353 2796 tam
1378 2758 1461 2786 facile
1485 2763 1538 2791 est,
1554 2764 1634 2792 quam
1653 2756 1712 2784 ti--ri

922 2804 1035 2830 malum.

960 2849 1106 2878 indicium
1121 2851 1222 2878 bonum
1240 2851 1482 2887 comprehenditur
1499 2857 1516 2878 α
1538 2854 1635 2877 natma
1661 2850 1711 2875 tto.
