1940 3104
82 104 149 137 1085

449 106 534 136 LOCl
552 105 773 138 COMMUNES.
788 119 823 125 --
838 107 935 137 PARS
957 106 998 137 II.
1011 106 1139 136 SEllMO
1159 105 1299 138 XXXiII.

1635 108 1703 140 1086

80 163 208 196 Πέπρακε
229 163 284 197 γὰρ
308 163 394 200 ἡμᾶς,
415 162 463 190 καὶ
484 163 622 197 κατέφαγε
647 163 818 198 καταὸρὼσει
832 164 863 190 τὸ

929 165 1030 192 limata:
1045 164 1160 192 sumus?
1180 163 1301 191 vendidit
1319 163 1392 192 enim
1409 171 1469 197 nos,
1482 168 1510 191 et
1522 163 1602 199 plane
1620 165 1704 193 devo-

80 207 209 243 ἀργύριον
220 208 310 243 ἡμῶν.

117 255 251 288 Ἤγγισεν
272 254 415 290 Ἀὃιμέλεχ
438 255 490 287 ἕως
504 255 554 289 τῆς
568 255 655 290 πύλης
674 255 721 281 τοῦ
745 255 861 290 πύργου,

80 299 222 336 ἐμπρῆσαι
236 300 323 336 αὐτὴν
354 301 383 328 ἑν
406 300 483 336 πυρί.
508 301 563 328 Kal
590 301 687 337 ἔρριψε
715 301 783 336 γυνὴ
814 302 864 336 μία

80 347 190 382 κλάσμα
219 347 303 381 μύλου
333 347 382 373 ἐπὶ
408 346 459 382 τὴν
484 347 604 382 κεφαλὴν
636 347 791 381 ’Δνῦιμάλεχ⁷
816 347 865 373 καὶ

80 393 177 428 ἐϐόησε
191 393 258 428 ταχὺ
274 392 342 428 πρὸς
362 393 391 419 τδ
407 393 549 427 παιδάριον
573 393 604 419 τὸ
623 391 700 427 αῐρον
723 393 758 419 τὰ
779 392 863 427 σκεύη

80 438 173 471 αὑτοῦ,
191 439 237 465 καὶ
250 436 327 465 εἶπεν
344 438 418 473 αὐτῷ
431 445 438 453 ·
463 439 572 465 Σπάσαι
589 438 639 473 τὴν
653 437 790 473 ῥομφαίαν
805 446 865 470 σου,

80 485 126 512 καὶ
146 484 301 511 θανάτωσόν
320 493 364 520 με,
385 486 421 520 μή
438 493 502 511 ποτε
519 485 643 515 ετπωσιν.
666 484 707 510 ὅτι
723 483 792 518 γυνὴ
812 484 865 510 ἀπ-

80 529 199 556 έκτεινεν
213 531 306 557 αὐτόν.
321 531 376 558 Καὶ
389 531 566 565 ὲξεκέντησεν
586 529 668 557 αὐτὸν
681 529 711 556 τὸ
721 529 865 564 παιδάριον

79 575 174 609 αὑτοῦ,
186 577 234 603 καὶ
243 576 388 603 ἀπέθανεν.

120 621 278 655 ’Δνὴγγειλε
298 621 339 656 τῷ
356 620 438 648 Δαυτδ
452 621 558 656 Μελχὸλ
577 621 595 657 ἡ
618 621 688 656 γυνὴ
714 620 798 647 αὑτοῦ
819 620 865 648 λϐ-

48 697 54 703 ,
79 675 165 700 γουσα
177 674 184 681 “
204 667 267 693 Ἐὰν
285 668 322 702 μὴ
344 667 376 694 σὺ
393 667 484 703 σώσῃς
497 668 545 703 τὴν
560 667 650 703 ψυχὴν
674 667 790 694 σεαυτοῦ
815 669 865 703 τὴν

78 712 164 739 νύκτα
193 712 307 748 ταύτην,
325 712 419 748 αὔριον
447 713 640 749 θανατωθήσῃ.
670 713 724 740 Καὶ
750 713 864 747 κατάγει

79 757 192 793 Μελχὼλ
207 759 254 785 τὸν
269 759 352 786 Δαυῖδ
368 759 413 786 διὰ
427 760 475 794 τῆς
490 758 668 795 θνρίδος,“καὶ
683 759 800 794 ἀπῆλθε,
818 759 864 786 καὶ

79 804 175 838 ἔφυγε,
186 806 233 832 καὶ
249 805 351 840 ἐσώθη.

917 212 987 238 Γονίι
999 215 1140 247 argentum
1154 214 1293 238 nostrum.

949 256 1041 286 Judic.
1062 257 1240 297 tx._Accessit
1256 256 1450 285 Abimelechus
1469 265 1556 292 usque
1569 259 1602 285 ad
1620 259 1704 286 turris

915 307 1034 338 portam,
1051 307 1081 329 ut
1098 310 1160 330 eam
1172 302 1346 338 incenderetg
1364 302 1463 329 mulier
1479 308 1569 330 autem
1580 305 1703 338 quaedam

916 348 1095 383 fragmentum
1117 348 1196 375 mola:
1211 347 1239 375 in
1254 352 1338 382 caput
1351 347 1414 382 ejus
1426 347 1545 382 conjecit
1565 355 1573 374 :
1598 353 1625 375 et
1648 353 1705 376 sta-

916 395 964 421 tim
983 394 1106 421 clamans
1121 394 1240 421 accersit
1258 401 1385 428 puerum,
1402 394 1449 428 qui
1466 400 1541 420 arma
1556 394 1641 427 ipsius
1655 402 1704 432 ge-

917 441 1002 466 rebat.
1019 439 1081 470 Cui,
1109 440 1195 469 Educ.
1211 440 1308 474 inquit,
1324 438 1443 474 gladium
1461 444 1548 471 tuum.
1562 444 1589 466 et
1607 448 1649 466 me
1663 441 1706 466 ill-

917 484 1020 517 terﬂce,
1039 492 1074 512 ne
1086 486 1178 512 dicant
1188 485 1268 520 volgo
1285 493 1328 512 me
1343 492 1358 512 a
1380 485 1494 512 muliere
1517 484 1704 514 interfectum.

918 530 951 557 Et
966 538 1033 565 puer
1046 531 1106 564 ejus
1120 531 1236 566 pupugit
1251 538 1324 564 eum,
1342 535 1369 558 et
1387 535 1511 558 mrtuus
1528 535 1580 558 est.

952 618 966 647 1
988 619 1052 655 Reg.
1065 628 1122 648 xix.
1135 621 1251 648 Melchol
1267 628 1336 648 uxor
1352 621 1473 653 stidis,
1486 621 1653 648 renuntiavit
1666 622 1704 654 ei,

916 666 1010 694 dicens
1029 675 1037 693 :
1050 666 1108 693 Nisi
1123 667 1172 694 hac
1187 672 1268 694 nocte
1280 668 1435 694 servaveris
1447 667 1528 694 vitam
1542 672 1627 700 tuam,
1643 675 1706 695 cras

917 719 1002 740 morte
1017 713 1142 741 aﬂicieris
1155 723 1163 748 ;
1177 720 1202 741 et
1217 714 1319 741 dimisit
1335 714 1463 741 maritum
1480 721 1559 741 suum
1575 713 1703 741 Davidem

915 767 964 794 per
984 759 1141 787 fenestram.
1161 760 1262 795 Sicque
1277 760 1322 787 ille
1337 761 1414 792 exiit,
1431 759 1548 795 aufugit,
1566 765 1593 787 et
1608 767 1704 787 serva-

916 809 960 832 tus
976 811 1029 833 est.

116 851 164 882 Τίς
185 851 268 878 ἔδωκε
284 851 406 885 γυναιξὶν
430 852 592 888 ὑφάσματος
611 853 718 888 σοφίαν,
743 852 790 879 καὶ
805 859 864 878 ποι-

948 850 1010 879 Job.
1031 851 1097 884 Quis
1109 852 1182 879 dedit
1198 851 1358 879 mulieribus
1382 853 1490 880 texendi
1518 853 1679 888 sapientiam
1692 870 1702 884 ,

79 895 202 930 κιλτικὴν
218 897 374 933 ἐπιστήμην
387 905 396 931 ;

114 942 185 976 Γυνὴ
198 942 309 978 ἀνδρεία
325 944 456 977 στέφανος
468 943 506 979 τῷ
521 944 597 979 ἀνδρὶ
608 944 704 980 αὐτῆς.

114 987 187 1023 Γυνὴ
198 988 360 1024 εὐχάριστος
379 991 483 1025 ἐγεὶρει
497 990 574 1026 ἀνδρὶ
587 991 678 1023 δόξαν.

117 1035 165 1066 ’ος
176 1035 240 1070 εὗρε
259 1037 376 1069 γυναῖκα
390 1037 507 1072 ἀγαθὴν,
523 1034 585 1072 εὗρε
600 1038 727 1073 χάριτας,
743 1039 823 1067 ἐλαὸε
836 1042 865 1069 δὲ

79 1079 155 1115 παρὰ
171 1080 272 1114 Κυρίου
290 1080 448 1116 ἱλαρότητα.

117 1127 164 1157 "O;
178 1127 304 1153 ὲκῦάλλει
319 1129 438 1162 γυναῖκα
456 1129 573 1164 ἀγαθὴν,
587 1130 714 1158 ἐκϐάλλει
728 1133 818 1167 ἀγαθὰ.
832 1134 865 1160 ἑκ

78 1170 125 1196 τοῦ
140 1172 216 1198 οτκυυ
231 1172 325 1199 αὐτοῦ.

120 1219 204 1251 Σ’›φαὶ
219 1221 347 1252 γυναῖκες
358 1220 536 1256 ᾠκοδόμησαν
548 1223 639 1256 οίκους
649 1231 656 1239 ⁸
677 1226 693 1260 ἡ
718 1226 745 1252 δὲ
770 1227 864 1262 ἄφρων

80 1263 238 1298 κατέσκαψε
253 1267 313 1297 ταῖς
327 1268 420 1302 χερσὶν
435 1269 533 1302 αὐτῆς.

114 1311 235 1337 Γυναῖκα
263 1313 388 1348 ἀνδρείαν
414 1313 455 1346 τίς
479 1315 609 1350 εὑρήσει;
633 1318 784 1353 τιμιωτέρα
806 1320 864 1345 ἐστὶ

77 1355 160 1382 λίθων
175 1357 328 1384 πολυτελῶν
345 1359 361 1391 ἠ
376 1359 498 1394 τοιαύτη.
510 1360 612 1395 Θαρσεῖ
623 1362 667 1388 ἐπ’
682 1364 749 1398 αὐτῇ
766 1365 781 1398 ὴ
798 1372 864 1398 καρ-

76 1401 122 1427 δία
138 1401 185 1427 τοῦ
198 1403 293 1437 ἀνδρὸς
308 1403 402 1436 αὐτῆς.
422 1405 453 1431 'H
467 1406 577 1439 τοιαύτη
591 1407 682 1433 καλῶν
698 1409 804 1438 σκύλων
814 1410 865 1436 οὐκ

77 1447 224 1483 ἀπορήσει.
244 1449 366 1485 Ὲνεργεί
379 1450 418 1485 τῷ
433 1451 511 1486 ἀνδρὶ
539 1452 639 1486 ἀγαθὰ,
658 1454 704 1479 καὶ
727 1455 758 1481 οὐ
781 1456 864 1483 κακά.

77 1493 116 1520 Οὐ
142 1493 280 1530 φροντίζει
305 1496 358 1521 τῶν
372 1496 402 1521 ὲν
417 1497 484 1530 οἴκῳ
505 1496 575 1532 ἀνὴρ
589 1497 684 1532 αὐτῆς.
702 1498 786 1525 Ὅταν
813 1508 863 1526 που

75 1539 202 1576 χρονίξῃ,
224 1540 318 1572 δισσὰς
334 1541 446 1575 χλαίνας
473 1542 585 1577 ἐποίησε
608 1543 647 1578 τῷ
670 1543 746 1578 ἀνδρὶ
769 1545 864 1579 αὐτῆς.

83 1585 180 1612 Ἦνίχα
201 1585 234 1612 ἂν
249 1585 349 1621 καθίσῃ
364 1587 392 1612 ὲν
407 1586 540 1622 συνεδρίῳ
558 1588 628 1622 μετὰ
641 1588 694 1614 τῶν
714 1588 865 1623 πρεσϐυτέ-

78 1639 148 1667 ρων,
166 1631 254 1665 στόμα
267 1631 351 1666 αὐτῆς
367 1632 484 1666 διήνοιξε
502 1633 694 1667 προσεχόντως
718 1634 765 1660 καὶ
792 1635 866 1661 ἐννό-

79 1685 149 1711 μως,
166 1677 212 1703 καὶ
229 1677 307 1710 τάξιν
320 1677 473 1704 ἐνετείλατο
493 1679 526 1713 τῇ
550 1677 661 1714 γλώσσῃ
680 1679 775 1713 αὐτῆς.
801 1680 866 1706 Στε-

77 1723 123 1749 val
137 1722 164 1749 δὲ
178 1722 317 1758 διατριϐαὶ
339 1724 421 1750 οἴκων
445 1723 541 1758 αὐτῆς,
560 1724 622 1750 σῖτα
641 1724 670 1750 δὲ
685 1724 792 1760 smper
814 1725 865 1752 οὐκ

77 1767 193 1802 ἔφαγεν.

114 1814 215 1841 Πολλαὶ
247 1815 395 1851 θυγατέρες
425 1815 574 1850 ἐκτήσαντο
609 1816 733 1850 πλοῦτον,
766 1817 866 1844 πολλαὶ

77 1860 210 1896 ἐποίησαν
225 1861 339 1895 δύναμιν
350 1869 358 1876 ·
372 1861 404 1888 σὺ
421 1861 450 1887 δὲ
471 1861 633 1895 ὺπέρκεισαι
655 1863 702 1888 καὶ
724 1862 865 1897 ὑπερῆρας

77 1907 179 1937 πάσας.
200 1907 314 1939 Ψευδέῖς
328 1907 471 1942 ἀρέσκειαι
498 1909 546 1933 καὶ
564 1909 676 1942 μάταιον
700 1908 798 1939 κάλλος
815 1909 865 1935 οὐκ

76 1952 150 1978 ἐστιν
163 1954 191 1978 ἐν
210 1953 262 1980 σοί.

113 1998 184 2033 Γυνὴ
197 1999 294 2034 συνετὴ
308 1999 477 2033 εὐλογεῖται,
492 2000 574 2034 φόϐος
601 2000 628 2026 δὲ
655 2000 757 2035 Κυρίου
780 2000 866 2035 αὐτὴν

77 2045 199 2073 αἰνείτω.
210 2046 273 2072 Δότε
285 2047 354 2082 αὐτῇ
371 2048 425 2074 ἀπὸ
440 2047 554 2081 καρπῶν
573 2046 684 2082 χειλέων
701 2047 796 2082 αὐτῆς,
818 2048 866 2074 καὶ

77 2091 206 2118 αἰνείσθω
217 2092 247 2119 ὲν
260 2091 359 2125 πύλαις
375 2093 389 2118 6
402 2093 472 2128 ἀνὴρ
488 2093 584 2127 αὐτῆς.

113 2137 159 2172 Μὴ
174 2133 282 2172 ἀστόχει
304 2138 434 2173 γυναικὸς
455 2139 539 2173 σοφῆς
558 2138 606 2164 καὶ¹
632 2137 739 2173 ἀγαθῆς
751 2145 759 2153 '
780 2138 797 2173 ή
811 2138 865 2174 γὰρ

75 2183 158 2217 χάρις
175 2184 261 2219 αὐτῆς
275 2183 346 2218 ὑπὲρ
362 2185 393 2212 τὸ
408 2185 531 2220 χρυσίον.

113 2228 200 2262 Χάρις
228 2229 274 2254 ἐπὶ
298 2229 390 2264 χάριτι
415 2229 484 2264 γυνὴ
518 2229 637 2264 σιγηρά·
664 2229 712 2255 καὶ
732 2227 784 2254 οὐκ
805 2227 864 2254 ἐστι

77 2274 198 2309 σταθμὸς
213 2274 288 2308 ἄξιος
302 2275 453 2309 ἐγκρατοῦς
464 2275 556 2310 ψυχῆς
566 2274 661 2310 αὐτῆς.

113 2367 245 2399 Γυναικδς
267 2367 373 2402 ἀγαθῆς
391 2371 524 2402 μακάριος
548 2367 562 2392 ὁ
582 2365 662 2401 ἀνὴρ,
681 2366 727 2392 καὶ
751 2366 865 2401 ἀριθμὸς

75 2415 131 2442 τῶν
148 2413 259 2449 ἡμερῶν
274 2414 356 2440 αὑτοῦ
371 2413 523 2442 διπλάσιος.
539 2413 611 2448 Γυνὴ
622 2411 735 2447 ἀνδρεία
750 2412 864 2447 εὐφραί-

75 2469 119 2489 νει
136 2461 181 2487 τὸν
197 2460 281 2495 ἄνδρα
299 2459 395 2495 αὐτῆς,
408 2460 455 2486 καὶ
469 2460 504 2486 τὰ
517 2459 565 2494 ἔτη
582 2458 665 2486 αὑτοῦ
681 2458 822 2494 πληρώσει
839 2459 868 2484 ἐν

75 2507 184 2542 εἰρήνῃ,
200 2506 271 2541 Γυνὴ
286 2505 376 2540 ἀγαθὴ
396 2505 475 2540 μερὶς
490 2505 598 2540 ἀγαθή·
613 2504 660 2530 καὶ
672 2505 701 2530 ἐν
714 2504 806 2539 μερίδι
821 2512 868 2537 φο-

75 2554 127 2579 6ου
131 2553 222 2586 μένων
237 2551 339 2586 Κύριον
355 2551 508 2586 δοθήσεται.

112 2599 200 2633 Χάρις
211 2599 339 2631 γυναικὸς
351 2597 492 2633 εὐφραίνει
508 2597 553 2623 τὶν
567 2597 653 2632 ἄνδρα
662 2596 759 2631 αὐτῆς,
772 2596 820 2623 καὶ
831 2596 865 2622 τὰ

73 2646 146 2673 ὀστᾶ
161 2644 244 2672 αὑτοῦ
259 2645 361 2671 πιαίνει
376 2645 393 2679 ὴ
410 2646 549 2680 ἐπιστήμη
564 2645 660 2681 αὐτῆς.

75 2691 210 2723 Γυναικδς
224 2691 294 2726 ἀνὴρ
307 2691 393 2726 χρῆμ’
405 2691 481 2717 οὐδὲν
496 2691 621 2726 ληῖζεται

75 2738 196 2767 Κάλλιον
210 2738 320 2772 ἐσθλῆς,
335 2737 430 2773 ὥσπερ
441 2738 503 2764 οὐδὲ
517 2740 607 2773 χεῖρον
617 2737 667 2773 τῆς
681 2738 803 2769 ἐναντίας
812 2738 862 2774 (1).

916 902 942 924 et
959 902 1044 924 artem
1061 906 1112 925 acu
1128 899 1270 926 variandi?

952 943 1030 978 173
1047 943 1127 971 Prov.
1139 952 1187 971 xu.
1204 944 1277 971 Uxor
1295 945 1375 973 fortis
1401 952 1502 972 corona
1518 951 1560 974 est
1575 946 1625 973 viri
1649 946 1703 975 sui.

952 988 1028 1016 Uxor
1043 994 1118 1024 grata
1133 991 1236 1017 excitat
1248 991 1307 1018 viro
1326 991 1454 1026 gloriam.

950 1034 1001 1066 Qui
1022 1039 1119 1062 nactus
1147 1040 1189 1062 est
1215 1043 1328 1063 uxorem
1356 1037 1467 1070 bonam,
1483 1037 1507 1065 is
1533 1038 1638 1073 gratias
1662 1043 1706 1067 est

914 1079 1041 1114 adeptus,
1059 1085 1086 1108 ct
1104 1088 1119 1108 a
1132 1081 1249 1108 Domino
1264 1084 1369 1117 accepit
1385 1083 1563 1111 hilaritatem.

949 1125 1000 1159 Qui
1013 1126 1087 1161 ejicit
1101 1134 1213 1155 uxorem
1227 1129 1347 1163 probam,
1359 1128 1433 1164 ejicit
1443 1128 1514 1157 bona
1523 1138 1538 1157 e
1549 1130 1631 1157 domo
1641 1137 1705 1158 sua.

951 1216 1031 1244 Prov.
1047 1225 1105 1245 xtv.
1117 1217 1223 1246 Uxores
1236 1219 1374 1252 sapientes
1383 1219 1587 1247 aediﬁcaveruut
1597 1220 1704 1253 domos;

919 1267 947 1290 at
963 1263 1096 1297 insipiens
1106 1265 1164 1291 suis
1175 1265 1301 1292 manibus
1315 1265 1443 1292 demolila
1459 1270 1511 1293 est.

951 1307 1030 1336 Prov.
1048 1316 1124 1336 xxxi.
1139 1308 1256 1336 Uxorem
1283 1309 1381 1337 fortem
1406 1312 1467 1345 quis
1483 1304 1626 1339 inveniet?
1643 1312 1704 1340 talis

916 1354 1002 1389 pluris
1016 1358 1057 1381 est
1070 1355 1228 1381 aestimanda
1237 1363 1318 1388 quam
1332 1355 1433 1389 lapides
1448 1357 1577 1390 pretiosi;
1596 1364 1627 1384 ea
1640 1364 1706 1384 cou-

916 1399 1029 1426 liditcor
1039 1400 1087 1427 viri
1098 1409 1105 1433 ;
1116 1400 1173 1427 haec
1186 1401 1280 1436 spoliis
1293 1402 1417 1436 pulchris
1430 1410 1483 1428 non
1494 1402 1597 1430 carebit
1607 1411 1616 1436 ;
1626 1403 1705 1430 bouis

916 1446 997 1472 allicit
1010 1446 1096 1472 virutn
1109 1454 1200 1478 suum,
1215 1455 1268 1474 non
1285 1448 1378 1474 malis.
1392 1447 1502 1475 Viruou
1512 1453 1554 1476 est
1570 1449 1704 1476 sollicitus

918 1493 950 1520 de
962 1493 1045 1520 rebus
1058 1493 1228 1526 domesticis,
1241 1494 1328 1521 sicubi
1340 1500 1429 1522 autem
1453 1495 1555 1522 diutius
1581 1502 1704 1524 moratus

917 1538 1012 1571 fuerit,
1025 1539 1084 1573 ipsa
1102 1540 1211 1567 interea
1235 1540 1359 1575 geminas
1381 1541 1497 1568 confecit
1511 1546 1610 1569 vestes.
1636 1543 1703 1570 Cum

916 1590 1006 1612 autem
1026 1587 1052 1612 in
1068 1593 1199 1614 consessu
1212 1587 1352 1614 seniorum
1363 1587 1497 1621 considet,
1508 1588 1607 1622 ipsaus
1625 1597 1704 1616 suum

916 1632 1004 1666 aperit
1018 1637 1119 1659 attente
1133 1636 1160 1659 et
1173 1633 1301 1666 legitime,
1315 1640 1346 1659 ac
1360 1633 1483 1660 ordinem
1494 1635 1534 1661 ori
1549 1642 1600 1662 suo
1612 1640 1704 1662 tenen-

915 1675 979 1702 dum
991 1678 1151 1711 praescribit.
1165 1677 1320 1705 Taciturn-aa
1330 1683 1423 1706 autem
1442 1684 1506 1707 sunt
1536 1680 1632 1707 domus
1643 1681 1705 1716 ejus

916 1723 1138 1757 exercitationes,
1158 1723 1250 1751 cibum
1263 1724 1352 1752 otiosa
1370 1732 1422 1752 non
1435 1726 1519 1760 capit.

951 1814 1041 1842 Multae
1055 1815 1116 1843 lilia;
1129 1815 1236 1843 divitias
1248 1819 1276 1843 et
1301 1816 1453 1850 potentiam
1469 1823 1703 1852 comparaverunt,

916 1864 944 1888 tu
958 1866 1049 1887 autem
1065 1861 1198 1895 superasti
1210 1868 1316 1893 omnes,
1327 1865 1354 1889 et
1369 1869 1452 1896 super
1462 1863 1522 1889 illas
1534 1867 1558 1890 te
1568 1863 1704 1897 extulisti;

917 1905 985 1934 falsa
1002 1906 1147 1934 affabilitas
1163 1911 1190 1934 et
1205 1908 1295 1935 inanis
1307 1909 1481 1943 pulchritudo
1497 1917 1548 1936 non
1567 1915 1608 1937 est
1624 1910 1649 1936 in
1666 1914 1704 1937 te.

952 1995 1048 2024 Mulier
1063 2003 1146 2032 sagax
1161 1996 1343 2028 benedicitur,
1355 1998 1401 2024 sed
1414 2003 1500 2025 metus
1516 1998 1620 2026 Domini
1642 2007 1702 2026 eam

917 2043 1106 2075 commendet;
1121 2043 1184 2070 date
1201 2042 1226 2070 ei
1242 2042 1276 2070 de
1284 2041 1561 2072 fructibuslabiorum
1580 2053 1703 2078 suorum,

917 2092 944 2115 et
959 2089 1001 2115 vir
1011 2088 1071 2122 ejus
1082 2088 1211 2116 laudetur
1226 2088 1254 2115 in
1270 2088 1367 2123 portis.

953 2133 1036 2162 Eccli.
1053 2142 1101 2162 vn.
1128 2134 1196 2162 Vide
1212 2142 1247 2162 ne
1274 2135 1385 2163 excidas
1413 2143 1498 2163 uxore
1525 2137 1650 2172 sapiente
1676 2143 1704 2166 et

881 2185 904 2214 ι)
918 2179 986 2206 bona
998 2188 1006 2213 ;
1020 2188 1082 2208 nam
1094 2181 1181 2215 gratia
1194 2180 1254 2214 ejus
1265 2188 1332 2208 auro
1345 2185 1468 2216 praestat.

953 2225 1046 2253 Gratia
1068 2225 1203 2261 duplicata
1219 2226 1317 2253 mulier
1338 2227 1471 2253 taciturna
1482 2227 1564 2262 [alias
1580 2227 1701 2263 pudica],

919 2279 968 2298 nec
979 2276 1020 2298 est
1032 2272 1180 2306 quldquam
1192 2263 1265 2307 quod
1282 2278 1344 2299 cum
1354 2272 1448 2299 animo
1463 2273 1534 2299 illius
1546 2274 1704 2302 continente

918 2317 1070 2351 comparari
1088 2317 1183 2351 possit.

955 2362 1024 2390 Ibid.
1040 2362 1135 2390 Proba:
1150 2363 1272 2391 mulieris
1287 2363 1329 2390 vir
1338 2368 1379 2391 est
1391 2364 1498 2396 beatus,
1518 2369 1545 2391 et
1573 2372 1706 2392 numerus

918 2408 1023 2436 dierum
1049 2409 1111 2444 eius
1141 2409 1334 2444 duplicabitur.
1360 2408 1434 2436 Uxor
1462 2409 1543 2437 fortis
1571 2410 1704 2438 exhilarat

919 2456 1008 2483 virum
1023 2463 1114 2487 suum,
1127 2461 1155 2483 et
1169 2462 1257 2482 annos
1285 2455 1345 2490 ejus
1364 2463 1427 2482 cum
1456 2463 1524 2491 pace
1548 2457 1702 2491 complebit.

916 2503 1012 2530 Mulier
1026 2504 1111 2537 proba
1130 2502 1220 2537 portio
1235 2502 1306 2528 bona
1322 2506 1364 2529 est
1380 2511 1387 2534 ;
1402 2507 1430 2529 et
1447 2502 1473 2529 in
1488 2508 1565 2537 parte
1579 2509 1704 2531 metuen—

918 2549 984 2575 tium
998 2547 1141 2574 Dominum
1155 2548 1277 2575 dabitur.
1306 2577 1313 2581 η

955 2592 1055 2621 Uxoris
1080 2594 1168 2629 gratia
1190 2594 1279 2621 virum
1294 2594 1438 2628 exhilarat,
1466 2598 1494 2622 et
1506 2594 1620 2622 scientia
1643 2595 1704 2628 ejus

922 2647 986 2666 ossa
1004 2640 1055 2666 viri
1073 2641 1190 2674 saginat.

952 2686 1083 2720 Theolagi.
1099 2685 1146 2713 Vir
1160 2685 1265 2713 nullam
1279 2693 1334 2714 rem
1347 2685 1489 2722 acquirere
1505 2689 1596 2721 potest
1618 2691 1703 2712 uxore

917 2733 1001 2766 proba
1016 2732 1210 2765 honestiorem,
1223 2731 1453 2768 quemadmodum
1470 2732 1572 2759 nullam
1586 2729 1703 2758 deterio-

918 2786 973 2806 rem
989 2778 1121 2813 itnproba.

115 2828 155 2864 (ι)
171 2827 275 2858 Versus
289 2829 428 2858 constabit
448 2830 469 2858 si
486 2829 571 2865 legas,
588 2828 705 2856 Κάλλιον
718 2828 828 2863 suum,
840 2827 864 2854 οἳ

929 2827 1010 2862 ίεϊρον
1026 2826 1161 2857 ἐναντίας.
