1940 3104
97 130 161 161 1089

129 185 221 212 Πᾶσαν
235 184 370 219 πονηρίαν
387 185 434 211 καὶ
447 185 485 220 μὴ
500 185 633 220 πονηρίαν
650 183 793 218 γυναικύς.

129 232 175 267 Μὴ
188 231 241 267 δῷς
258 230 335 258 ὕδατι
349 230 474 264 διέξοδον,
493 231 561 266 μηδὲ
575 231 688 264 γυναικὶ
701 230 809 264 πονηρᾷ
821 229 881 255 ἆνε-

99 287 148 306 σιν.
162 278 193 305 Εἰ
211 277 248 312 μὴ
261 277 410 312 πορεύεται
427 277 498 304 κατὰ
512 277 607 312 χεῖράς
619 285 676 310 σου,
690 276 743 303 ἀπὸ
753 276 807 302 τῶν
817 283 883 310 σαρ-

100 324 152 350 κῶν
166 332 214 349 σου
226 324 349 358 ἀπότεμε
364 323 459 358 αὐτήν.

130 370 295 405 Συνοικῆσαι
307 369 395 396 λέοντι
412 369 463 396 καὶ
477 370 604 402 δράκοντι
622 369 778 404 εὐδόκησαι,
792 369 808 405 ἦ
822 377 883 396 συν-

98 417 205 450 οικῆσαι
224 417 293 451 μετὰ
307 416 436 450 γυναικὸς
448 424 516 452 πονη
522 417 582 451 ρᾶς.

132 462 227 498 Μικρὰ
241 463 315 489 πᾶσα
327 462 413 489 κακία
427 462 495 497 πρὸς
507 462 608 489 κακίαν
620 456 751 495 γυναικός
763 468 770 476 '
784 461 885 497 κλῆρος

101 507 262 544 ἀμαρτωλοῦ
277 508 394 543 ἐπιπέσῃ
411 509 452 534 ἐπ’
469 508 567 543 αὑτήν.

106 580 109 583 ,
142 555 207 581 Ἀπὸ
221 554 352 588 γυναικὸς
367 554 438 589 ἀρχὴ
451 554 602 590 ἁμαρτίας,
614 555 662 582 καὶ
676 555 700 581 δι
723 554 807 589 αὐτῆς
820 555 886 581 dum

101 601 253 636 θνῄσκομεν
269 600 381 632 πάντες.

133 645 180 680 Μὴ
194 645 247 680 δῷς
265 646 376 679 γυναικὶ
393 646 499 681 πονηρᾷ
512 647 681 682 παρρησίαν.

140 736 225 771 Ὀργὴ
242 736 348 772 μεγάλη
364 737 433 772 γυνὴ
451 736 576 771 μέθυσος.

136 784 243 819 Καρδία
266 783 375 817 πονηρὰ
400 783 449 811 καὶ
468 784 615 818 πρόσωπον
641 782 816 818 σκυθρωπὸν.
841 783 888 810 καὶ

101 829 193 865 πληγὴ
212 829 336 864 καρδίας,
353 829 422 864 γυνὴ
437 829 543 864 πονηρὰ
555 829 774 864 ἀντιτασσομὲνη
790 828 828 862 τῷ
842 829 888 855 ἀν-

104 877 147 910 δρὶ
163 875 260 909 αὐτῆς.

138 921 255 956 Πορνεία
272 920 402 954 γυναικὸς
414 921 442 947 ὲν
456 921 657 956 μετεωρισμοῖς
668 920 817 955 ὀφθαλμῶν
840 920 888 947 καὶ

104 969 132 992 ἐν
148 969 204 999 τοῖς
219 967 366 1002 βλεφάροις
384 967 468 1002 αὐτῆς
485 967 683 1002 γνωσθήσεται.

137 1014 273 1048 Κρεῖσσον
289 1012 407 1048 πονηρία
423 1013 519 1048 ἀνδρδς
533 1013 550 1048 ἢ
565 1013 730 1046 ἁγαθοποιὺς
742 1013 822 1046 γυνή.

140 1057 209 1083 Ἀπδ
224 1056 343 1092 ἱματίων
359 1056 538 1092 ἐκπορεύεται
557 1057 616 1092 σὴς,
633 1058 681 1084 κα)⁸
694 1058 748 1084 ἀπὸ
759 1056 889 1092 γυναικδς

103 1102 232 1137 πονηρία.

145 1147 209 1174 Ἐπὶ
226 1147 339 1181 γυναικὶ
354 1147 464 1183 πονηρᾷ
483 1147 565 1174 καλὸν
583 1148 712 1183 σφραγίς.

141 1193 211 1228 Γυνὴ
228 1193 418 1228 μεγαλόφωνος
432 1194 479 1220 καὶ
491 1193 654 1229 γλωσσώδης
666 1195 760 1231 ὥσπερ
772 1195 889 1230 σάλπιγξ

105 1239 242 1274 πολεμίων
256 1239 298 1270 εἰς
311 1239 414 1275 τροπὴν
430 1239 648 1275 θεωρηοήσεται.

141 1285 248 1320 Ὥσπερ
263 1285 319 1320 γὰρ
333 1285 367 1311 τὰ
381 1285 521 1320 ὲπίσαθρα
541 1286 596 1313 τῶν
611 1287 714 1314 πλοίων
733 1288 890 1322 καταιγίδες

106 1330 153 1357 καὶ
174 1330 253 1363 ζάλαι
278 1331 433 1366 ὑποϐρύχια
449 1332 587 1366 φέρουσιν,
611 1332 697 1365 οὕτως
720 1334 748 1360 αί
772 1337 890 1370 πονηραὶ

105 1376 159 1402 τῶν
186 1377 325 1411 γυναικῶν
352 1377 487 1408 διαθέσεις
514 1378 564 1410 τὰς
586 1378 711 1411 ἀσθενεῖς
732 1379 821 1416 ψυχὰς
836 1381 890 1407 τῶν

105 1423 306 1450 συνοικούντων
320 1423 581 1456 καταδαπτίζουσιν.

140 1469 208 1495 Τότε
236 1468 327 1504 [πότε]
356 1467 402 1495 οὖν
426 1469 515 1504 ψυχῆς
538 1471 735 1506 ἐπιμελήσεται
762 1472 776 1498 ὁ
796 1480 891 1506 γυναι-

105 1513 195 1545 κείαις
223 1514 381 1550 ἐπιθυμίαις
411 1515 627 1551 δεδουλωμένος;
654 1518 742 1549 οὐδεὶς
768 1518 822 1553 γὰρ
847 1519 925 1567 éE-C

104 1561 186 1595 αρκεῖ
211 1560 337 1595 πλοῦτος,
359 1562 529 1596 γυναικείαις
551 1563 710 1599 ἐπιθυμίαις
737 1565 890 1600 ὑπηρετού-

107 1614 198 1640 μενος.

139 1653 172 1680 Δί
187 1653 242 1679 τῶν
261 1653 400 1687 γυναικῶν
427 1655 637 1690 ἀφρονέσταται,
653 1656 804 1691 ἀποροῦσαι
827 1657 892 1684 κάλ-

106 1697 169 1730 λους
184 1699 299 1733 οἰκείου,
316 1699 385 1734 πρὸς
410 1700 444 1726 τὰ
458 1701 588 1736 χρήματα
607 1702 828 1736 καταφεύγουσι·
847 1705 892 1730 καὶ

106 1744 187 1776 είσὶν,
202 1744 239 1776 ὼς
269 1745 303 1772 ἂν
327 1746 443 1780 εἴποιμι,
467 1746 591 1781 κοσμίως
615 1747 835 1782 θεατριζόμεναι,
858 1749 891 1775 δι’

105 1791 315 1828 εὐσχημοσῠνην
344 1794 508 1828 ἀσχήμονες,
535 1793 583 1820 καὶ
604 1793 642 1822 δι’
662 1793 756 1831 α’ίσχος
782 1797 893 1832 αἰσχρό-

105 1845 194 1872 τεραι.

145 1883 177 1910 Ὦ
193 1885 278 1911 κακὸν
292 1887 378 1912 κακοῦ
392 1887 533 1920 κάκιστον,
550 1888 619 1924 γυνὴ
632 1889 750 1924 πονηρά.

142 1975 233 2001 Δεινὺν
247 1975 405 2010 δράκοντες,
421 1977 469 2004 καὶ
486 1978 642 2014 κακοῦργον
658 1979 782 2010 ἀσπίδες.

143 2021 228 2054 Διπλῆ
245 2021 377 2055 γυναικὸς
394 2023 514 2058 δεινότης
527 2025 556 2050 ὲν
575 2024 692 2059 θηρίοις.

143 2065 214 2100 Γυνὴ
233 2066 341 2102 πονηρὰ
363 2067 492 2094 οὐδέποτε
514 2068 678 2104 ἡμεροῦται,
701 2069 759 2096 ἀλλ’
777 2069 888 2105 ὑϐριζο-

107 2109 175 2144 μένη
190 2111 327 2146 μαίνεται,
343 2113 390 2138 καὶ¹
406 2113 611 2149 κολακευομένη
625 2115 781 2150 ἐπαίρεται.

144 2199 258 2235 Σίδηρον
272 2200 358 2235 ἑψείν,
370 2201 386 2236 ἢ
404 2201 541 2229 νουθετεῖν
554 2203 671 2237 γυναῖκα
685 2204 760 2239 ῥᾷον.

143 2289 305 2315 Γινωσκέτω
323 2290 336 2315 ὁ
349 2288 419 2323 ἔχων
429 2291 547 2322 γυναῖκα
559 2291 691 2324 πονηρὰν,
709 2291 750 2317 ὅτι
764 2290 813 2326 ἤδη
831 2290 894 2323 τοὺς

108 2335 222 2369 μισθοὺς
240 2335 322 2361 αὐτοῦ
337 2336 391 2361 τῶν
404 2335 525 2370 ἀνομιῶν
541 2336 701 2371 ἐκομίσατο.

145 2382 228 2408 Οὐδὲν
255 2383 284 2409 ὲν
304 2382 400 2417 κόσμῳ
416 2382 511 2418 θηρίον
526 2383 678 2418 ἐφάμιλλον
693 2384 823 2418 γυναικὸς
845 2394 894 2412 πο-

108 2428 207 2462 νηρᾶς.

146 2473 178 2499 Τί
190 2473 343 2508 δεινότερον
363 2474 470 2506 λέοντος
494 2475 523 2501 ἐν
543 2475 725 2510 τετράποσιν;
741 2477 768 2503 τί
780 2477 808 2503 δὲ
824 2477 897 2512 ὡμό-

107 2528 188 2554 τερον
202 2520 348 2554 δράκοντος
361 2520 389 2547 ὲν
407 2521 552 2556 ἑρπετοῖς
568 2521 639 2548 Ἀλλ’
657 2523 743 2555 οὐδὲν,
763 2522 831 2558 πλὴν
845 2531 896 2558 γυ-

107 2565 201 2596 ναικδς
217 2566 352 2601 πονηρᾶς.

146 2611 238 2638 Δεινδν
250 2612 446 2647 πενιχροτέραν
459 2613 557 2640 ἑαυτοῦ
569 2614 662 2640 λαϐεῖν
675 2615 802 2648 γυναῖκα,
810 2614 896 2641 δεινδν

109 2658 312 2694 εὐπορωτέραν.
327 2659 363 2686 Τὸ
377 2660 425 2695 μὲν
439 2660 493 2695 γὰρ
509 2661 548 2692 είς
559 2661 609 2697 τὴν
632 2662 727 2688 οὐσίαν
743 2662 853 2697 ἔϐλαψε,
867 2662 897 2690 τὸ

108 2705 137 2730 δὲ
151 2705 190 2736 είς
206 2705 353 2732 αὖθεντίαν
369 2706 416 2732 καὶ
435 2706 595 2741 ἐλευθερίαν
610 2708 655 2733 τὸν
667 2708 761 2743 ἄνδρα.

149 2750 218 2776 Ὑπὸ
231 2751 362 2785 γυναικὸς
376 2751 509 2786 ἄρχεσθαι
523 2752 602 2787 ὕϐρις
613 2752 646 2779 ἂν
657 2752 699 2788 εἴη
715 2755 826 2790 ἐσχάτη.

147 2796 238 2823 Δεινδν
253 2797 323 2832 γυνὴ
336 2796 451 2833 γνώμην
465 2798 563 2833 ἀνδρὸς
579 2798 734 2834 παραλῦσαι
751 2802 796 2827 καὶ
809 2811 896 2837 παρα⁵

109 2843 217 2876 γαγεῖν,
233 2842 280 2870 καὶ
298 2842 416 2877 μάλιστα
432 2843 546 2879 μάχλος.
563 2843 662 2870 Ἕνεκα
680 2846 733 2879 γὰρ
759 2846 805 2872 τοῦ
830 2856 893 2874 συν-

476 127 563 158 LOCl
583 126 801 157 COMMUNES.
825 137 848 142 -
873 124 968 154 PARS
988 123 1027 154 II.
1050 122 1178 152 SERMO
1194 121 1328 153 XXXIV.

891 184 918 213 Α
965 181 1079 208 Omnem
1098 181 1229 207 malitiam
1246 185 1273 207 et
1289 187 1342 206 non
1369 179 1499 206 malitiam
1517 177 1650 206 mulieris.

1649 119 1720 152 1000

968 228 1052 262 Aqua:
1068 235 1102 254 ne
1114 227 1163 253 des
1176 227 1280 254 exitum
1290 245 1297 258 ,
1308 234 1357 252 ucc
1371 225 1477 252 tuulieri
1493 225 1625 260 improba:
1639 225 1721 252 licen-

934 273 999 299 tiam
1013 273 1054 300 :sl
1068 273 1137 299 nolit.
1151 276 1305 299 monentem
1319 276 1345 299 te
1355 271 1460 303 audire,
1477 271 1606 298 desecato
1617 278 1676 298 eam
1688 271 1722 297 de

934 326 1017 347 carne
1036 324 1092 346 tua.

972 365 1051 400 175
1079 363 1145 392 Cum
1173 365 1251 392 leone
1278 368 1305 392 et
1323 364 1443 392 dracone
1458 363 1550 398 potius
1577 363 1720 395 babitato,

936 417 1017 445 quam
1038 417 1100 437 cum
1117 411 1229 438 muliere
1245 411 1380 445 improba.

971 455 1068 483 Omnia
1083 457 1148 484 vitia
1166 465 1248 491 parva
1268 463 1341 488 sunt.
1368 458 1390 484 si
1415 465 1476 484 cum
1504 456 1627 484 mulieris
1646 456 1721 483 vitiis

936 507 1143 536 comparentur.
1159 501 1225 529 Sors
1238 503 1365 530 scelerati
1382 504 1408 529 in
1427 510 1485 529 eam
1502 502 1616 529 incidat.

972 548 1012 576 Ex
1029 549 1143 576 muliere
1162 549 1265 583 peccati
1284 549 1391 576 initium
1413 553 1466 580 cst,
1480 553 1506 576 ct
1521 557 1568 584 per
1584 557 1644 576 eam
1663 557 1724 576 om-

938 603 986 622 nes
1006 595 1086 622 morti
1102 595 1245 622 debemur;

974 641 1107 676 lmprobze
1130 642 1234 669 mulieri
1259 642 1397 669 licentiam
1427 642 1555 677 loquendi
1580 650 1613 669 ne
1629 650 1725 669 conce-

938 687 1008 727 dito.

974 734 1015 760 Ira
1041 742 1136 769 magna
1160 740 1201 763 cst
1221 736 1317 762 mulier
1334 736 1452 764 ebriosa.

973 780 1027 807 Cor
1040 781 1140 807 malum
1156 785 1183 808 et
1209 783 1300 809 vultus
1327 783 1412 810 tristis
1431 783 1576 817 cordisque
1602 785 1702 811 vulnus
1715 803 1724 816 ,

941 825 1012 852 nuda
1028 826 1125 854 mulier
1139 828 1198 855 viro
1214 835 1263 854 suo
1282 829 1426 856 resistens.

977 912 1113 941 Seortatio
1136 914 1259 942 mulieris
1277 915 1304 942 in
1326 915 1446 944 elatione
1480 917 1621 945 oculorum
1645 923 1671 945 et
1697 919 1723 945 in

941 958 1078 993 palpebris
1093 959 1149 987 suis
1165 965 1341 994 aguoscetur.

979 1005 1090 1031 Praestat
1104 1005 1207 1032 malitia
1225 1007 1287 1039 viri,
1305 1015 1386 1042 quam
1405 1008 1526 1036 beneﬁca
1545 1010 1651 1037 mulier.

974 1050 1011 1076 Ex
1035 1051 1203 1079 \estimeutis
1230 1053 1371 1080 enascitur
1394 1053 1477 1087 tinea,
1506 1061 1533 1083 et
1553 1064 1586 1083 ex
1615 1058 1726 1085 muliere

941 1095 1056 1122 militia.

978 1139 1005 1166 in
1023 1141 1137 1169 muliere
1151 1141 1274 1176 improba
1296 1143 1396 1170 bonum
1409 1148 1450 1172 est
1466 1145 1597 1179 sigillum.

979 1187 1075 1215 Mulier
1094 1188 1214 1216 clamosa
1245 1195 1270 1217 et
1288 1189 1398 1225 liuguax
1419 1193 1496 1226 quasi
1517 1193 1582 1220 tuba
1607 1194 1725 1222 hostium

943 1231 975 1259 ad
994 1232 1083 1267 fugam
1097 1235 1275 1268 spectabitur.

978 1277 1009 1306 S.
1035 1278 1141 1307 Basilii.
1168 1279 1204 1307 Ut
1227 1282 1299 1308 enim
1325 1290 1408 1311 naves
1434 1289 1526 1318 putres
1552 1287 1675 1320 procella:
1699 1291 1727 1314 et

944 1329 1120 1359 tempestates
1151 1326 1324 1362 demergunt,
1354 1330 1393 1356 sic
1420 1330 1541 1365 improba
1580 1334 1724 1361 mulierqu

942 1372 1033 1399 studia
1049 1378 1076 1400 et
1104 1372 1261 1401 alTectiones
1276 1374 1427 1404 imbecillas
1440 1378 1654 1407 cohabitantium
1669 1382 1728 1408 ani-

943 1424 1002 1445 mas
1018 1417 1116 1445 misere
1131 1422 1312 1454 submergunt
1336 1425 1362 1448 et
1377 1423 1504 1457 perdunt.

978 1463 1093 1496 Quando
1119 1466 1200 1500 igitur
1237 1467 1319 1494 animi
1356 1468 1397 1495 sui
1428 1477 1522 1497 curam
1553 1477 1647 1506 geret,
1680 1481 1727 1508 qui

945 1509 1084 1538 amoribus
1107 1511 1250 1539 mulierum
1285 1514 1363 1548 quasi
1389 1522 1486 1543 servus
1511 1517 1635 1545 addictus
1662 1520 1727 1546 est?

943 1556 1029 1584 Nullae
1053 1559 1124 1585 enim
1151 1567 1216 1594 opes
1232 1560 1300 1588 satis
1319 1566 1383 1588 sunt
1408 1563 1602 1597 cupiditatibus
1628 1566 1725 1594 mulie-

944 1610 1015 1630 rum.

980 1648 1112 1685 Theo/agi.
1126 1650 1254 1679 Mulieres
1269 1653 1507 1688 insipientissimm
1523 1657 1727 1691 pulchritudine

945 1702 994 1722 sua
1007 1700 1133 1723 carentes
1148 1698 1180 1724 ad
1209 1699 1339 1732 pecunias
1354 1700 1535 1735 confugiunt:
1556 1709 1587 1728 ac
1606 1708 1670 1730 sunt
1688 1704 1728 1735 (ut

944 1742 986 1769 sic
998 1741 1098 1777 dicam)
1116 1743 1244 1771 theatrali
1258 1750 1354 1772 ornatu
1368 1747 1533 1780 conspicuae.
1550 1753 1660 1782 propter
1675 1747 1729 1775 for-

946 1794 1015 1813 mam
1040 1787 1175 1815 deformes
1208 1793 1235 1816 et
1270 1795 1379 1825 propter
1407 1790 1607 1818 deformitatem
1635 1791 1727 1819 defor-

945 1834 1057 1863 miores.

979 1881 1009 1909 S.
1025 1883 1160 1919 Chryaost.
1179 1884 1200 1912 0
1216 1884 1315 1912 malum
1334 1884 1431 1919 quovis
1447 1885 1519 1912 malo
1541 1884 1617 1920 pejus
1635 1886 1730 1912 mulie-

945 1935 1002 1957 rem
1021 1931 1171 1966 improbam
1187 1930 1193 1956 ι

980 1977 1075 2011 Asperi
1100 1981 1165 2003 sunt
1188 1977 1340 2010 dracones,
1362 1976 1472 2012 aspides
1498 1977 1651 2008 maleﬁcae;

982 2023 1035 2050 Sed
1051 2023 1172 2050 mulieris
1188 2023 1321 2057 asperitas
1341 2022 1466 2050 acerbior
1480 2030 1561 2057 quam
1578 2023 1709 2050 ferarum.

981 2068 1106 2104 lmproba
1140 2069 1236 2096 mulier
1253 2077 1391 2104 nunquam
1419 2070 1600 2102 mansuetiet;
1626 2070 1655 2098 .si
1680 2069 1731 2096 du-

946 2114 1003 2141 rius
1019 2119 1161 2148 tractetur,
1178 2115 1244 2142 furit
1260 2124 1267 2142 :
1284 2116 1306 2143 si
1321 2115 1458 2148 blandius,
1476 2115 1581 2156 tollitur
1610 2120 1636 2143 et
1661 2115 1730 2142 elata

944 2164 998 2188 est.

909 2204 932 2233 Β
982 2205 1095 2234 Ferrum
1106 2214 1324 2241 coquere,quam
1342 2207 1483 2235 mulierem
1501 2207 1647 2235 emendare
1661 2207 1730 2235 faci—

946 2252 1010 2280 lius.

982 2299 1033 2331 Qui
1059 2299 1140 2326 habet
1163 2290 1274 2326 uxorem
1297 2299 1404 2331 malum,
1423 2308 1535 2327 suorum
1555 2308 1584 2328 se
1604 2304 1728 2335 peccatu-

947 2352 1006 2372 rum
1025 2345 1178 2371 mercedem
1193 2345 1332 2378 accepisse
1348 2345 1488 2380 intelligat.

982 2390 1060 2417 Nulla
1076 2391 1102 2417 in
1118 2389 1217 2417 mundo
1228 2390 1317 2418 bellua
1329 2394 1381 2423 est,
1394 2399 1454 2425 quae
1469 2399 1530 2418 cum
1545 2392 1659 2419 uuilierc
1672 2392 1724 2420 im-

947 2437 1031 2472 probat
1046 2436 1212 2463 conferatur.

982 2482 1051 2513 Quid
1075 2482 1153 2508 leone
1176 2482 1247 2508 inter
1273 2482 1463 2517 quadrupedes
1496 2483 1632 2511 ferocius?
1658 2483 1728 2518 Quid

948 2527 1085 2555 crudelius
1100 2529 1216 2556 dracone
1237 2529 1306 2555 inter
1322 2529 1477 2564 serpentia?
1490 2530 1565 2558 Nihil
1591 2532 1642 2559 nisi
1670 2539 1730 2559 mu-

947 2573 998 2600 lier
1014 2574 1147 2608 improba.

983 2619 1116 2646 Acerbum
1132 2623 1174 2647 est
1184 2621 1372 2654 pauperiorem
1389 2621 1502 2649 duxisse
1516 2631 1641 2654 uxorem,
1655 2631 1731 2651 arer-

948 2666 1012 2692 bum
1029 2665 1092 2692 item
1107 2666 1303 2700 opulentiorem
1316 2675 1322 2693 :
1334 2667 1398 2695 illud
1409 2669 1480 2696 enim
1497 2677 1566 2701 rem,
1577 2670 1626 2696 hoc
1639 2675 1732 2697 aucto-

950 2712 1056 2737 ritatem
1075 2715 1101 2738 et
1116 2712 1268 2739 libertatem
1285 2714 1336 2740 viri
1355 2715 1454 2741 minuit
1471 2719 1498 2742 et
1518 2715 1599 2742 Ledit.

987 2755 1116 2784 Philonis.
1134 2757 1237 2785 Mulieri
1253 2766 1349 2793 parere
1361 2761 1526 2787 contumelia
1538 2765 1577 2787 est
1592 2767 1731 2793 suprema.

989 2803 1068 2838 176
1085 2802 1298 2832 Callidissituunt
1322 2810 1363 2832 est
1388 2807 1510 2833 mulieris
1537 2806 1674 2840 ingenium
1700 2807 1732 2833 ad

952 2853 1071 2876 mettum
1093 2849 1142 2876 viri
1160 2849 1306 2877 luxaudam
1323 2855 1349 2876 ct
1370 2855 1445 2878 stato
1463 2858 1512 2878 suo
1527 2850 1734 2883 dcturbandam,
