1940 3104
59 165 61 170 l
106 169 177 203 1113

471 169 557 199 LOCI
577 164 798 199 COMMUNES.
813 178 847 184 —
867 166 964 197 PARS
985 167 1026 198 ll.
1046 166 1176 197 SERMO
1194 166 1306 198 XLIII.

1663 166 1730 200 11H.

145 223 379 259 'Ym'taectittuﬂa
395 224 442 250 καὶ
461 223 531 259 Θεῷ,
547 224 595 250 καὶ
612 223 750 258 ἀλλήλοις,
766 222 814 248 καὶ
831 222 888 251 τοῖς

979 221 1309 258 Tlteologi.Suhjiciamur
1329 227 1386 250 tum
1407 221 1539 255 Deo,tum
1563 222 1642 250 nobis
1665 223 1732 250 tuvi~

106 271 151 300 ιπὶ
176 272 227 306 γῆς
244 270 369 305 ἄρχουσι·
384 267 444 303 οἷεῷ
461 269 504 296 διὰ
519 270 618 296 “civ-tr
635 268 679 296 διὰ
696 269 745 303 τὴν
767 267 890 302 φιλαδελ-

107 319 170 354 φίαν
184 317 310 352 ἀλλήλοις
322 324 328 332 ·
346 316 380 342 δι’
396 315 524 348 εὐταξίαν
546 317 600 348 τοῖς
619 307 734 350 ἄρχουσι
747 322 754 330 ·
778 314 825 340 καὶ
846 322 890 339 το-

108 365 203 391 σοῦτον
220 364 332 399 μᾶλλον,
348 364 459 398 ὅσῳπερ
485 362 518 389 ἂν
545 360 612 388 ὦσιν
642 362 817 396 ἡμερώτεροι
844 359 889 386 καὶ

107 410 287 445 χρηστότεροι
303 409 399 445 (δεινὸν
418 410 472 444 γὰρ
499 408 650 435 ἐπιείκειαν
669 407 824 441 δαπανῆσαι
848 405 886 440 τῷ

109 457 215 491 συνεχεῖ
229 457 278 489 τῆς
298 456 487 490 συγγνώμης),
505 455 549 482 ἵνα
574 455 611 489 μὴ
635 455 683 481 καὶ
704 454 755 487 τῆς
780 454 894 479 ἐκείνων

108 503 275 539 τραχύτητος
287 503 363 530 αὐτοὶ
371 503 448 534 δίκας
461 501 668 536 ἁπαιτηθῶμεν,
680 501 801 534 γαλήνην
810 499 893 526 ’κενεόν

109 547 333 582 ματιλύσαντες,
359 547 407 574 καὶ
432 548 502 581 φωτὶ
533 547 613 581 ζόφον
637 546 787 580 ἐπάγοντες
806 564 813 578 ,
844 546 893 573 καὶ

109 593 198 628 μὲλιτι
215 593 433 628 καταμιγνύντες
451 593 587 627 ὰψίνθιον.

144 683 177 710 Οἱ
194 683 298 719 κόσμου
313 683 477 719 χωρίζοντες
501 683 616 714 ἑαυτοὺς
628 702 636 715 ,
652 683 700 709 καὶ
725 681 774 717 τὴν
790 681 895 717 ἔρημον

108 727 306 762 ἀσπαζόμενοι,
325 727 394 759 ζῶσι
409 727 480 762 Θεῷ,
504 729 614 755 πάντων
640 727 742 761 μᾶλλον
758 727 895 762 τρεφομέ-

109 781 163 799 νων
174 773 202 798 tv
218 772 325 810 σώματι
339 780 345 788 ·
360 773 385 799 οι
410 773 489 808 μόνον
504 773 548 799 τὶν
564 772 653 806 πάντη
674 772 822 807 μοναδικὸν
838 772 895 799 δια-

110 818 336 853 θλοῦντσςξβίον,
353 819 460 849 ἑαυτοῖς
482 819 573 852 μόνοις
593 817 814 853 προσλαλοῦντες
843 818 892 844 καὶ

109 864 148 898 ’τῷ
161 863 231 898 Θεῷ,
243 865 292 890 καὶ
306 863 386 890 τοῦτο
400 864 479 898 μόνον
495 864 599 898 κόσμου
616 864 727 895 εἰδότες,
741 865 802 890 ὅσον
817 864 846 891 ὲν
861 864 893 899 τῇ

110 910 214 945 ἐρημίᾳ
228 909 403 944 γνωρίζουσι’
420 911 477 941 τοῖς
497 910 547 945 μὲν
562 910 656 941 ἄλλοις
670 910 832 945 τεθνηκότες
851 911 897 936 ἁν-

111 954 243 990 θρώποις,
265 955 313 982 καὶ
328 956 504 990 πράγμασιν,
519 956 570 984 ὅσα.
592 957 621 982 ίιν
639 956 714 991 μέσῳ
738 956 896 991 στρέφεται,

112 999 279 1035 στροὸοῠντά.
294 1009 323 1027 τε
339 1002 386 1028 καὶ
409 996 604 1036 στροῦοὖμενα.
619 1002 666 1028 καὶ
683 1001 814 1034 παίζοντα
826 1002 898 1037 ἡμᾶς

112 1046 172 1077 ταῖς
199 1039 393 1081 ἁγχιστρόφοις
433 1041 617 1081 μεταῦολαῖς·
646 1042 773 1081 ἀλλήλοις
798 1047 827 1073 δὲ
854 1047 898 1074 κό-

113 1094 182 1126 σμος
208 1092 299 1126 ὅντες,
316 1093 364 1120 καὶ
384 1088 418 1128 τῇ
447 1093 598 1127 παραθέσει
627 1095 659 1129 τῇ
685 1094 769 1129 ἀρετῇ
799 1087 897 1128 θήγον-

112 1147 169 1170 τις.

149 1186 186 1213 Τὸ
204 1181 332 1220 μονᾶζειν
354 1182 384 1212 ἐν
408 1182 441 1221 τῇ
466 1186 614 1221 εὐσταθείᾳ.
637 1185 685 1212 τοῦ
710 1186 813 1221 τρόπου
831 1186 899 1221 μᾶλ‹

112 1231 160 1258 λον
185 1231 202 1266 ἢ
221 1233 253 1267 τῇ
275 1231 321 1258 τοῦ
350 1232 477 1267 σώματος
497 1232 673 1268 ἀναχωρήσει
698 1232 900 1268 χαρακτηρίζε-

113 1285 171 1306 ται.

154 1325 237 1360 Ὁρᾷς
258 1324 321 1356 τοὺς
349 1323 443 1356 ἁϐίους
475 1324 591 1355 τούτους
621 1324 668 1351 καὶ
691 1324 835 1356 ἀνεστίους
852 1324 900 1351 καὶ

114 1365 262 1405 ἆσάρκους,
279 1371 394 1405 μικροὺς
414 1370 462 1397 καὶ
492 1370 653 1405 ἀναίμονας,
684 1370 731 1398 καὶ
751 1371 811 1406 Θέῷ
828 1371 900 1397 κατὰ

113 1415 195 1442 τοῦτο
223 1414 436 1450 πλησιάζοντας,
461 1416 526 1447 τοὺς
543 1416 751 1449 ἁνιπτόποδας,
776 1417 826 1443 καὶ
851 1425 900 1452 χα-

115 1461 260 1496 μαιεύνας,
275 1462 338 1493 τοὺς
364 1462 438 1488 κάτω
469 1461 517 1488 καὶ
543 1461 612 1497 ὑπὲρ
636 1461 671 1488 τὰ
688 1462 774 1493 κάτω.
788 1462 852 1494 τοὺς
871 1463 900 1489 ὲν

113 1506 269 1541 ἀνθρώποις
284 1508 331 1534 καὶ
344 1507 416 1542 ὑπὲρ
429 1507 463 1534 τὰ
477 1507 647 1542 ἀνθρώπινα,
662 1508 725 1540 τοὺς
741 1508 901 1543 δεδεμένους

113 1552 162 1579 καὶ
177 1552 363 1601 ἐλευθέρουςη
379 1548 444 1601 τοὺς
463 1554 688 1590 κεκρατημένους
714 1555 761 1582 κα)¹
777 1555 899 1601 ἀκρατηο
913 1571 935 1601 c

113 1605 186 1628 ’τους-
203 1594 239 1624 ὦν
258 1598 332 1625 οὐδὲν
357 1600 386 1625 ὲν
412 1599 519 1634 κόσμῳ,
547 1602 594 1626 καὶ
611 1600 699 1626 πάντα
720 1602 753 1627 τὰ
768 1599 839 1635 ὑπὲρ
853 1599 900 1626 κό-

114 1648 194 1676 σμον·
220 1639 257 1668 ὧν
270 1641 380 1668 διπλοῦν
398 1643 427 1670 τὸ
445 1643 506 1679 ζῇν,
519 1643 549 1670 τὺ
564 1644 613 1678 μὲν
629 1640 854 1680 ὕπερορώμενον,
869 1646 900 1673 τὸ

113 1681 143 1713 δὲ
168 1687 389 1722 σπουδαζόμενον
402 1697 408 1704 ·
429 1690 493 1721 τοὺς
507 1690 551 1716 διὰ
570 1690 619 1724 τὴν
640 1691 775 1726 νέκρωσιν
797 1692 901 1720 ἀθανά-

112 1741 186 1764 τους,
200 1733 262 1764 τοῦς
278 1734 322 1760 διὰ
347 1734 424 1761 λύσιν
445 1734 513 1769 ,Θεῷ
534 1736 737 1769 συνημμένους,
760 1737 826 1769 τοὺς
848 1737 900 1770 ἔξω

113 1778 208 1811 πόθου,
226 1780 273 1804 καὶ
291 1779 359 1813 μετὰ
380 1779 453 1806 θείου
478 1780 525 1806 καὶ
547 1780 671 1812 ἀπαθοῦς
689 1781 801 1816 ἔρωτος·
822 1779 860 1809 ὧν
872 1783 900 1809 αἱ

113 1824 203 1858 πηγαὶ
223 1824 270 1851 τοῦ
290 1825 390 1859 φωτὸς,
418 1826 467 1852 καὶ
496 1822 533 1853 ὧν
556 1826 607 1861 ήδη
624 1826 657 1853 τὰ
672 1827 898 1863 ἀπαυγάσματα⁸

112 1866 151 1897 ὧν
171 1871 199 1897 αι
219 1870 365 1905 ἅγγελικαὶ
387 1871 553 1906 ψαλμῳδίαι,
569 1873 616 1899 καὶ
640 1873 667 1899 αἱ
690 1873 819 1908 πάννυχοι
834 1874 899 1901 στά-

115 1917 183 1948 σεις,
202 1917 250 1943 καὶ
274 1917 289 1951 ἡ
317 1916 362 1943 τοῦ
389 1916 434 1943 νοῦ
457 1917 524 1952 πρδς
539 1917 605 1944 Θεὸν
623 1918 740 1953 ὲκδημία
755 1927 900 1954 προαρπα-

113 1961 244 1998 ζομένου·
271 1960 309 1989 ὧν
327 1963 344 1998 ἡ
362 1963 496 1998 κάθαρσις
509 1983 516 1996 ,
541 1963 590 1989 καὶ
606 1955 643 1990 ὧν
658 1964 690 1990 τὸ
706 1963 898 1999 καθαίρεσθαι.

150 2053 187 2078 To
201 2052 357 2086 φιλοσοφεῖν
374 2052 437 2078 ὅσον
455 2052 596 2087 μέγιστον,
610 2048 738 2079 τοσοῦτον
753 2054 801 2080 καὶ
818 2054 900 2089 χαλεα

114 2097 249 2134 πώτερον,
270 2098 319 2125 καὶ
331 2099 361 2126 οὐ
377 2097 485 2124 πολλῶν
506 2098 537 2124 τὸ
560 2099 727 2134 ἐγχείρημα,
746 2097 762 2134 ἢ
778 2099 832 2126 τῶν
847 2100 899 2127 ὕπο

113 2144 164 2179 τῆς
184 2144 260 2176 θείας
278 2144 458 2180 κεκλημένων
481 2144 674 2178 μεγαλονοίας,
694 2145 711 2180 ἢ
731 2146 787 2177 τοῖς
812 2154 900 2185 προῃ-

112 2191 247 2226 ρημένοις
261 2190 352 2222 καλῶς
372 2191 452 2226 χεῖρα
469 2190 586 2218 δίδωσιν.

946 276 1016 302 cem,
1036 274 1092 296 tum
1112 268 1155 296 his
1169 269 1328 304 quiinterra
1344 273 1503 300 potestatem
1520 273 1628 303 gerunt,
1639 276 1670 296 ac
1680 269 1734 296 Deo

947 307 1056 351 quidem
1069 314 1196 342 omnibus
1204 314 1311 347 modis;
1327 314 1442 341 invicem
1462 318 1570 348 propter
1583 315 1732 341 fraternam

949 358 1108 386 charitatem
1122 363 1149 386 et
1163 359 1337 391 societatem;
1351 357 1553 393 magistratibus
1567 364 1677 393 propter
1691 366 1735 386 or-

949 405 1019 432 dinis
1035 405 1279 437 ronservationem,
1290 412 1376 439 eoque
1392 401 1489 439 magis,
1505 404 1528 431 si
1545 404 1645 432 fuerint
1660 413 1735 432 man-

949 451 1081 478 suetiorcs
1095 456 1122 478 et
1135 451 1318 486 benigniores.
1334 451 1500 485 (improbum
1514 451 1585 477 enim
1597 455 1638 477 est
1652 451 1737 485 πληιιὶ-

949 501 1030 524 talcm
1047 504 1210 524 consumere
1223 501 1355 532 perpetuo
1370 492 1550 532 ignoscendo)
1567 501 1596 524 ιιι
1608 505 1640 523 ne
1652 499 1733 524 etiam

948 542 1055 570 illorum
1072 543 1226 577 asperitatis
1238 543 1290 577 ipsi
1306 550 1400 577 poenas
1421 543 1537 576 luamus,
1555 542 1736 578 tranquillita-

949 592 1002 616 tcm
1020 589 1144 616 introisse
1155 591 1235 615 vento
1246 589 1393 621 solventes,
1411 594 1439 617 et.
1456 590 1509 617 luci
1537 590 1676 617 tenebram
1693 591 1735 617 in-

951 635 1123 667 ducenles.et
1132 635 1211 662 melle
1222 635 1429 664 commiscentes
1438 636 1615 663 absinthium.

987 681 1037 714 Qui
1052 681 1135 716 seipsi
1162 682 1298 716 amando
1322 687 1494 715 separarum.
1510 685 1537 708 et
1561 680 1734 708 solitudinem

953 729 1164 761 amplectuntur,
1180 727 1233 754 Deo
1265 727 1368 757 vivunt.
1395 726 1518 754 omnium
1545 729 1660 754 maxime
1688 727 1736 762 qui

952 780 1066 806 corpore
1079 773 1188 800 aluntur
1201 782 1207 799 :
1219 773 1265 807 qui
1279 773 1451 800 solummodo
1464 780 1575 807 prorsus
1585 772 1734 800 solitariam

952 818 1125 852 p'aeferentes
1139 819 1220 845 vitam
1236 826 1328 846 Secum
1343 823 1370 845 et
1386 827 1447 846 cum
1461 819 1515 846 Deo
1528 819 1733 853 colloquuntur,

950 864 1014 891 illud
1032 869 1135 892 tantum
1150 865 1184 892 de
1200 865 1302 892 mumlo
1326 869 1531 900 cognoscentes.
1558 870 1690 900 quantum
1708 865 1735 892 in

951 911 1009 944 ipsa
1022 911 1170 938 solitudine
1191 917 1355 946 agnoscunt,
1369 911 1429 938 aliis
1446 911 1554 946 quidem
1570 913 1669 938 mortui
1687 912 1736 938 ho.

953 957 1083 988 minibus.
1101 962 1127 984 et
1141 957 1223 985 rebus
1236 965 1295 992 qua:
1307 958 1334 984 in
1351 958 1441 984 medio
1464 958 1604 984 hominum
1626 965 1736 985 versan-

950 1008 994 1030 tur
1008 1008 1063 1031 tum
1076 1004 1294 1038 agitantes,'tum
1311 1004 1418 1038 agitata;
1435 1004 1460 1031 in
1483 1011 1592 1031 omnem
1618 1010 1734 1038 partem.

951 1053 1007 1076 tum
1024 1057 1075 1077 nos
1090 1049 1262 1077 ludificantes
1278 1050 1442 1077 volubilibus
1456 1050 1669 1078 mutationibus:
1683 1050 1735 1077 sibi

950 1093 1067 1121 invicem
1090 1102 1154 1122 vero
1171 1095 1305 1123 rmundus
1331 1099 1405 1128 sunt,
1430 1099 1459 1123 et
1476 1100 1568 1123 mutua
1593 1088 1736 1124 collatione

951 1139 1076 1167 virtutem
1092 1145 1204 1167 acuunt.

986 1184 1079 1212 Solum
1093 1193 1164 1218 esse,
1179 1190 1284 1213 morum
1300 1186 1386 1222 magis
1399 1186 1550 1214 constantia
1564 1187 1643 1222 189
1654 1194 1740 1222 quam.

950 1231 1074 1266 corporis
1090 1239 1199 1260 secessu
1216 1232 1350 1260 formatur
1364 1241 1396 1261 ac
1408 1233 1581 1267 exprimitur.

991 1322 1072 1351 Vides
1090 1324 1157 1351 istos
1173 1323 1270 1359 opibus
1294 1327 1322 1351 et
1348 1322 1474 1352 domibus
1487 1327 1621 1354 carentes.
1640 1330 1735 1351 excar-

952 1375 1012 1402 nes.
1029 1369 1115 1397 exiles
1129 1373 1156 1396 et
1178 1376 1342 1404 exsangues,
1369 1368 1450 1396 etiam
1477 1367 1531 1396 Deo
1554 1368 1606 1396 hac
1631 1369 1734 1396 ratione

950 1416 1211 1450 appropinquantes,
1225 1415 1307 1442 illotis
1322 1415 1436 1450 pedibus
1452 1420 1480 1442 et
1494 1415 1568 1441 humi
1584 1415 1733 1443 cubantes:

951 1461 997 1497 qui
1012 1461 1082 1488 infra
1100 1468 1161 1489 eum
1180 1462 1246 1493 sint,
1262 1460 1390 1489 inferiora
1405 1465 1545 1496 superant,
1563 1453 1675 1488 et'inter
1687 1461 1734 1489 lto-

950 1508 1039 1535 miues
1051 1515 1132 1542 supra
1143 1507 1287 1535 humanam
1303 1507 1485 1535 conditionem
1500 1512 1574 1540 sunt,
1585 1508 1689 1535 vinctos
1707 1510 1734 1536 et

951 1552 1068 1584 liberos;
1084 1553 1209 1580 detentos
1238 1556 1266 1579 et
1281 1557 1370 1579 tamen
1389 1559 1443 1579 non
1460 1553 1563 1586 teneri;
1579 1560 1692 1587 quorum
1708 1553 1735 1579 in

952 1598 1054 1626 mundo
1066 1597 1133 1625 nihil
1148 1601 1200 1630 est,
1210 1602 1236 1625 et.
1247 1597 1339 1625 omnia
1355 1605 1438 1633 supra
1454 1598 1583 1624 mundum
1596 1606 1604 1631 ;
1618 1605 1734 1632 quorum

951 1644 1049 1679 duplex
1079 1648 1122 1672 est
1141 1644 1209 1677 vita,
1238 1651 1291 1670 una
1312 1651 1372 1678 qua:
1400 1644 1556 1678 despicitur,
1573 1643 1657 1671 altera
1674 1650 1735 1678 quat

951 1690 1104 1724 appetitur;
1120 1689 1165 1722 qui
1183 1695 1230 1722 per
1244 1687 1482 1715 mortificationem
1505 1692 1569 1716 sunt
1590 1689 1735 1715 immorta-

952 1734 1011 1768 les;
1029 1734 1074 1768 qui
1093 1742 1141 1769 per
1156 1734 1318 1762 solutionem
1332 1733 1387 1761 Deo
1405 1733 1523 1768 copulati
1536 1739 1561 1761 et
1578 1734 1632 1769 apti
1649 1739 1733 1768 sunt;

951 1781 996 1816 qui
1008 1783 1102 1808 carent
1116 1781 1217 1808 amoris
1228 1779 1371 1813 desiderio,
1384 1785 1411 1807 et
1430 1779 1458 1806 in
1475 1779 1567 1806 divino
1583 1785 1609 1807 et
1625 1783 1734 1815 pertur-

950 1826 1070 1854 bationis
1085 1831 1195 1861 experte
1209 1825 1355 1861 cupidine;
1373 1833 1489 1861 quorum
1507 1830 1571 1853 sunt
1586 1825 1674 1853 fontes
1692 1827 1735 1854 lu-

951 1873 1002 1904 eis,
1014 1877 1040 1899 et
1055 1879 1172 1907 quorum
1186 1872 1242 1906 jam
1256 1877 1320 1899 sunt
1333 1870 1524 1898 irradialiones
1534 1879 1541 1904 ;
1553 1877 1670 1906 quorum
1686 1879 1734 1899 an-

950 1918 1042 1954 gelicae
1060 1917 1227 1952 psalmodim,
1237 1919 1264 1945 et
1277 1921 1423 1952 pernoctes
1438 1917 1581 1950 stationes,
1595 1921 1621 1944 et
1636 1918 1733 1945 mentis

950 1964 983 1992 ad
1008 1963 1091 1991 Deum
1128 1968 1212 1998 rapta:
1238 1963 1437 1998 peregrinatio;
1469 1971 1585 1998 quorum
1616 1963 1734 2000 denique

950 2010 1085 2045 purgatio,
1102 2017 1276 2044 quorumque
1292 2010 1435 2045 repurgari
1450 2013 1503 2038 est.

986 2055 1176 2090 Philosopbari
1188 2059 1290 2090 quanto
1302 2060 1343 2084 est
1355 2056 1455 2091 majus,
1473 2060 1549 2084 tanto
1567 2057 1649 2084 etiam
1663 2058 1734 2085 dim-

950 2102 1043 2135 cilius,
1058 2101 1131 2138 quod
1149 2109 1202 2128 non
1228 2101 1307 2128 multi
1331 2101 1422 2129 facere
1438 2106 1584 2136 conantur,
1610 2103 1663 2131 nisi
1686 2112 1734 2138 per

949 2147 1047 2174 lelllm
1066 2146 1165 2174 mentis
1186 2145 1334 2173 invitentur
1356 2145 1556 2178 excelsitatem,
1583 2154 1644 2181 qua:
1667 2146 1732 2174 boni

949 2191 1087 2227 quippiam
1104 2190 1319 2225 proponentibus
1333 2197 1443 2218 manum
1460 2190 1582 2225 porrigit.

149 2234 197 2268 Οἷς
219 2238 278 2263 ἐστι
295 2236 384 2272 τρυφὴ
404 2237 566 2271 ἐγκράτεια,
583 2237 630 2263 καὶ
651 2237 787 2273 πρᾶξιςιὴ
804 2237 896 2274 ἀπρα-

984 2237 1091 2272 Gregor.
1109 2236 1186 2271 Nysa.
1196 2236 1300 2269 Quibus
1316 2236 1420 2264 delicia:
1430 2241 1494 2264 sunt
1511 2237 1690 2270 continentia,
1706 2240 1733 2265 et

112 2283 168 2319 ξία,
189 2285 236 2310 καὶ
250 2283 313 2315 δόξα
327 2283 357 2309 τὸ
372 2282 409 2318 μὴ
424 2282 619 2317 γινώσκεσθαι.

149 2329 238 2356 Καλὸν
252 2330 269 2364 ἠ
286 2327 405 2364 ἄσκησις
421 2329 491 2363 μετὰ
509 2329 681 2364 συμμετρίας
704 2329 752 2357 καὶ
771 2329 898 2364 γνώσεως

113 2374 243 2410 ἀληθοῦς.

149 2421 242 2452 Οὕτως
257 2420 359 2453 ὀφείλει
385 2421 398 2446 ὁ
424 2420 541 2454 μοναχὸς
560 2419 693 2448 πάντοθεν
707 2421 804 2449 ἑαυτὸν
822 2431 899 2458 περι-

113 2468 237 2499 σκοπεῖν,
256 2467 302 2493 καὶ
322 2466 450 2500 ἀκίνητον
465 2465 538 2500 ἔχειν
554 2466 622 2500 πρὸς
638 2466 687 2501 τὴν
701 2467 796 2494 ἑαυτοῦ
810 2469 899 2502 φυλα-

112 2513 166 2549 κὴν
180 2513 210 2539 τὸ
225 2513 274 2548 τῆς
286 2511 374 2547 ψυχῆς
398 2511 486 2546 ὄμμα,
502 2505 539 2542 ὥς
556 2511 585 2537 ὲν
614 2512 689 2548 μέσῳ
705 2513 828 2548 παγῖὂων
843 2513 898 2541 διο-

111 2560 196 2587 δεύων
214 2558 268 2586 ἀεί»

148 2650 181 2677 Οἱ
208 2650 258 2683 μὲν
283 2648 422 2684 μάρτυρες
448 2646 579 2678 πολλάκις
597 2647 645 2674 καὶ
671 2647 701 2674 ἐν
722 2648 777 2682 -μιᾷ
800 2642 898 2682 καιροῦ

113 2697 184 2733 ῥοπῇ
211 2695 412 2729 ἀγωνισάμενοι
434 2688 631 2727 ἐτελειώθησαν
645 2700 652 2708 ’
671 2693 688 2728 ή
703 2692 732 2719 δὲ
746 2693 800 2719 τῶν
816 2701 900 2727 μοναί

111 2744 168 2780 χῶν
193 2741 313 2769 πολιτεία
326 2760 334 2774 ,
352 2739 413 2767 καθ’
429 2739 549 2774 ἑκάστην
576 2738 686 2774 ἡμέραν
714 2738 835 2766 ἀθλοῦσα
854 2739 898 2766 διὰ

112 2789 160 2816 τὸν
187 2787 315 2823 Χριστὸν,
337 2785 490 2821 μαρτυρεῖ,
516 2784 548 2810 οὐ
566 2784 634 2819 πρὸς
660 2783 729 2819 αἷμα
746 2784 794 2810 καὶ
810 2784 900 2820 σάρκα

112 2832 358 2870 παρατασσομένη,
386 2831 454 2858 ἀλλὰ
486 2831 554 2866 πρὸς
572 2830 620 2861 τὰς
642 2830 739 2866 ἀρχὰς,
760 2830 828 2865 προς
851 2831 900 2864 τὰς

112 2882 265 2917 ιξουσίας,
285 2879 352 2915 πρὸς
377 2877 440 2911 τοὺς
460 2877 683 2914 κοσμοκράτορας
699 2875 754 2920 Εὖ
774 2877 899 2919 σκότους,

950 2285 1022 2312 actio
1038 2284 1135 2317 otium,
1151 2288 1176 2311 et
1193 2283 1277 2318 gloria
1294 2290 1309 2310 a
1326 2282 1433 2310 nemine
1447 2282 1590 2318 cognosci.

984 2418 1013 2447 S.
1034 2416 1183 2446 Athanasii.
1199 2412 1318 2446 Honesta
1334 2425 1377 2445 res
1393 2419 1436 2445 est
1466 2415 1637 2448 exercitatio,
1669 2423 1731 2444 cum

950 2465 1135 2492 moderatione
1154 2469 1181 2492 et
1205 2463 1360 2497 cognitione
1385 2470 1460 2490 vera.
1480 2462 1526 2491 Sic
1543 2463 1623 2491 debet
1639 2469 1732 2489 mona-

949 2511 1018 2539 chus
1034 2510 1154 2545 uudique
1167 2510 1285 2544 seipsum
1307 2508 1529 2543 circumspicere,
1558 2513 1584 2536 et.
1608 2507 1732 2535 immobis

950 2557 1002 2584 lem
1019 2561 1109 2584 tenere
1123 2555 1205 2582 animi
1217 2555 1327 2582 oculum
1338 2554 1372 2581 ad
1389 2561 1465 2582 suam
1477 2554 1641 2587 custodiam,
1653 2555 1732 2588 quasi

949 2610 998 2638 per
1013 2602 1118 2629 medios
1132 2602 1243 2636 laqueos
1259 2608 1365 2635 semper
1381 2601 1502 2628 incedat.

985 2648 1119 2684 Martyres
1138 2649 1249 2683 quidem
1276 2653 1347 2681 saepe
1373 2648 1414 2675 vel
1445 2655 1500 2676 uno
1520 2646 1651 2682 temporis
1673 2652 1732 2674 mo-

950 2699 1041 2724 mento
1050 2702 1111 2722 cum
1127 2697 1291 2725 certassent,
1304 2693 1498 2728 perfectionem
1515 2692 1631 2720 assecuti
1649 2694 1731 2724 sunt;

948 2745 978 2770 at
997 2740 1193 2768 monachorum
1211 2739 1266 2767 vita
1284 2739 1398 2774 singulis
1414 2738 1512 2767 diebus
1529 2746 1576 2773 per
1591 2737 1732 2765 Christum

950 2789 1060 2814 certans
1085 2789 1188 2821 martyr
1209 2788 1268 2817 est,
1288 2784 1314 2812 id
1345 2790 1397 2816 est.
1422 2784 1608 2812 testimonium
1624 2782 1734 2810 Christo

951 2831 1029 2864 dicit,
1044 2838 1098 2859 non
1112 2830 1243 2858 adversus
1257 2831 1417 2864 sanguinem
1441 2833 1469 2857 et
1488 2836 1600 2857 carnem
1627 2827 1654 2856 in
1672 2828 1732 2855 acie

952 2870 1094 2912 instructa,
1117 2877 1164 2906 sed
1181 2876 1312 2905 adversus
1334 2875 1517 2912 principatus,
1537 2873 1668 2903 adversus
1683 2879 1731 2909 po-
