1940 3104
130 173 200 204 ῙΙΞΕ)

423 229 532 256 ΛΟΓΟΣ
548 229 620 256 Μιν.

335 289 405 322 Περὶ
427 288 704 323 ἀναισθητοῦν-των.

170 346 233 373 Ἐὰν
251 347 396 380 μαστιγοῖς
418 345 465 371 τὸν
482 345 590 380 ἄφρονα
608 346 638 372 ἐν
656 345 732 381 μέσῳ
759 345 914 380 συνεδρίου,

127 392 158 419 οὐ
171 392 209 427 μὴ
221 391 354 427 περιέλῃς
375 391 519 426 ἀτιμάζων
536 391 585 427 τὴν
603 391 764 427 ἀφροσύνην
782 391 880 420 αὐτοῦ.

166 480 279 514 Ἀφρων
301 479 487 514 μαστιγωθεὶς
503 480 553 506 οὐκ
569 480 739 507 αἰσθάνεται.

170 525 371 561 ᾟσχύνοησαν,
387 527 435 553 καὶ
451 527 500 561 τὴν
518 525 631 560 ἀτιμίαν
649 525 740 552 αὐτῶν
756 527 806 552 οὐκ
829 526 916 560 ἔγνω-

129 579 191 602 σαν,
208 572 255 598 καὶ
273 572 323 607 οὺχ
337 571 374 602 ὡς
391 571 622 607 κατησχυμμένοι
640 570 825 606 ᾐσχύνθησαν.

168 661 214 693 Ὠς
233 661 247 687 ὁ
265 660 421 695 ἐξεγείρων’
434 658 616 689 καθεύδοντας
646 659 678 684 ἐκ
698 657 792 692 βαθέος
818 657 914 689 ὕπνου,

128 708 142 734 ὁ
155 707 335 742 διηγούμενος
350 706 459 740 ἄφρονι,
475 705 524 731 καὶ
536 704 582 731 ἐπὶ
596 704 668 730 τέλει
680 704 748 739 ἐρεῖ,
768 703 800 730 Τί
813 703 911 736 κῦτος

129 753 177 781 καὶ
197 754 243 779 ἐπὶ
258 752 402 788 συντελείᾳ
418 752 486 787 ἐρεῖ,
504 751 537 777 Τί
556 750 708 785 πρότερονς

165 840 242 868 Μετὰ
254 840 372 875 ἄφρονος
385 840 422 874 μὴ
438 839 565 873 πορεύου,
580 839 755 874 ἀναισθητῶν
768 839 823 873 γὰρ
839 838 917 871 ὲξου-

557 171 642 201 LOCI
660 169 885 200 COMMUNES.
903 181 936 187 -
951 169 1048 199 PARS
1071 169 1112 200 II.
1127 168 1256 199 SERMO
1275 168 1318 198 LI.

1690 166 1756 199 1130

1127 228 1247 256 δειλιιο
1278 226 1382 254 XLVIII
1403 225 1451 262 [(ιί.
1478 225 1584 261 XXIX].

1075 285 1114 312 De
1131 284 1203 311 nullo
1219 291 1297 311 sensu
1311 287 1357 310 aut
1373 282 1505 310 intellectu
1522 281 1651 316 prwditis.

1008 340 1145 368 Salomon.
1160 339 1188 368 Si
1210 339 1301 374 ﬂagris
1317 337 1490 372 insipientem
1505 336 1637 364 cecideris
1653 336 1680 363 in
1701 343 1757 362 mu-

968 389 1013 415 dio
1046 387 1175 420 concilio,
1206 385 1244 413 illi
1277 392 1332 413 non
1349 383 1501 412 detraxeris
1528 383 1580 411 hac
1602 382 1756 417 ignominia

968 433 1166 469 insipientiam.

1003 478 1110 506 Stultus
1126 477 1217 513 ﬂagris
1238 484 1326 505 caesus
1340 483 1394 504 non
1410 476 1489 511 sapit.

1003 524 1101 552 Jerem.
1138 524 1323 555 Erubuerunt,
1353 527 1381 550 et
1409 521 1549 549 infamiam
1590 528 1668 549 suam
1701 527 1755 547 non

967 574 1145 606 agnoverunt,
1169 576 1220 597 nec
1249 573 1278 596 ut
1301 568 1436 596 dedecore
1468 565 1560 595 aﬂecti
1578 565 1754 594 verecundati

967 621 1042 645 sunt.

1004 661 1085 690 Velut
1101 662 1146 697 qui
1162 662 1264 690 excitat
1280 661 1449 689 dormientes
1459 667 1492 688 ex
1516 660 1572 687 alto
1582 666 1692 691 somno,
1715 658 1756 686 sic

967 708 1013 743 qui
1027 708 1110 735 stulto
1120 707 1221 742 aliquid
1238 711 1332 734 narrat
1343 715 1350 733 :
1360 706 1408 741 qui
1425 706 1532 733 tandem
1553 705 1587 733 ad
1600 710 1755 732 extremum

967 754 1056 781 dicet:
1074 753 1144 787 Quid
1161 752 1233 781 istud
1248 752 1311 780 est?
1325 756 1352 779 et
1364 752 1391 778 in
1407 751 1655 782 consummatione,
1683 749 1754 783 Quid

967 800 1064 836 prius?

1004 846 1073 874 Cum
1094 846 1177 874 stulto
1192 853 1225 873 ne
1244 845 1429 881 congreditur,
1447 850 1510 871 nam
1532 849 1595 870 cum
1613 848 1695 869 sensu
1711 848 1758 869 ca-

131 889 203 915 θενεῖ
217 897 264 915 σου
283 888 318 915 τὰ
332 888 421 915 πάντα
434 895 441 903 ·
459 887 578 923 φύλαξαι
592 886 745 918 ἀπἀὺτοῦ,
758 886 803 914 ἴνα
821 887 859 922 μὴ
872 886 917 914 κό-

990 895 1042 926 :at,
1059 891 1149 919 omnia
1166 896 1212 918 tua
1225 891 1377 919 contemnit
1389 899 1397 918 -.
1411 896 1478 918 cave
1501 888 1589 921 illum,
1620 895 1654 914 ne
1669 885 1755 914 mole-

132 944 183 961 πον
195 934 271 961 ἕνης.

169 944 183 961 ν
195 943 207 961 ε
249 943 271 961 :.

169 943 331 1015 Συξῗολλῶν
350 979 486 1015 ὄστρακον
502 980 515 1006 ὁ
530 979 666 1007 διδάσκων
682 978 785 1006 αωοόν.

423 1037 532 1064 ΛΟΓΟΣ
549 1037 614 1065 MO’.

157 1095 227 1129 Περὶ
252 1095 397 1130 ὀνόματος
413 1095 549 1130 χρηστοῦ
573 1095 623 1122 καί
642 1095 731 1130 χάριν
749 1095 887 1130 ἔχοντος.

165 1150 219 1179 Ἦν
236 1153 339 1187 Κύριος
355 1154 423 1187 μετὰ
446 1152 555 1186 Ἰωσὴφ,
573 1152 620 1178 καὶ
640 1153 769 1187 κατέχεεν
783 1152 827 1179 ἐπ’
842 1150 918 1187 αὺτῷ

132 1197 215 1229 ἔλεος,
230 1199 277 1224 καὶ
290 1199 390 1225 ἔδωκεν
402 1197 476 1231 αὑτῷ
492 1198 573 1233 χάριν
583 1197 676 1225 ἔναντι
691 1196 738 1224 τοῦ
754 1197 919 1232 ἀρχιδεσμο-

132 1245 237 1279 φύλακα
243 1254 261 1276 ;.

163 1283 352 1326 Ἀίρετώτερον
368 1290 451 1325 ὄνομα
464 1289 547 1316 καλὸν
564 1290 580 1324 ἢ
595 1289 711 1321 πλοῦτος
726 1289 811 1321 πολύς
821 1298 828 1305 ·
847 1289 918 1323 ὑπὲρ

129 1338 158 1364 δὲ
176 1336 309 1373 ἀργύριον
324 1337 372 1364 καὶ
385 1336 497 1372 χρυσίον
511 1336 591 1372 χάρις
605 1335 706 1370 ἀγαθή.

167 1428 253 1463 Χάρις
269 1428 315 1454 καὶ
339 1428 416 1464 φιλία
441 1426 588 1462 ἐλευθεροῖ,
611 1425 644 1458 ἃς
657 1426 780 1462 τήρησον
800 1427 917 1462 σεαυτῷ,

132 1475 169 1511 μὴ
181 1475 360 1506 ἐπονείδιστος
374 1475 451 1511 γένῃ.

167 1521 348 1556 Περιποίησαι
365 1521 446 1557 χάριν
465 1522 512 1548 καὶ
527 1521 631 1548 ἔννοιαν
646 1519 755 1555 ἀγαθήν
773 1520 802 1546 ὲν
819 1518 919 1554 ὀφθαλ-

131 1569 190 1601 μοῖς
205 1568 273 1593 Θεοῦ
290 1567 338 1593 καὶ
351 1567 513 1603 ἀνθρώπων.

170 1613 284 1647 Ἀγαθὸν
298 1614 381 1648 ὄνομα
395 1613 466 1647 ὑπὲρ
480 1613 569 1640 ἔλαιον
583 1612 697 1647 ἀγαθόν.

167 1659 313 1692 Φρόντισον
329 1658 393 1693 περὶ
414 1657 556 1693 ὀνόματος·
574 1658 640 1685 αὐτὸ
657 1657 712 1694 γάρ
733 1665 774 1684 σοι
790 1665 919 1693 παραμε-

132 1707 173 1733 νεῖ
190 1706 206 1741 ἦ
225 1705 304 1740 χίλιοι
324 1705 438 1740 μεγάλοι
454 1704 594 1740 θησαυροί.

168 1752 254 1787 Χάρις
269 1753 306 1782 ὡς
320 1751 485 1786 παράδεισος
499 1750 636 1785 εὐλογίας.

172 1798 290 1833 Ἀγαθῆς
302 1797 374 1831 ζωῆς
389 1797 505 1832 ἀριθμὸς
520 1796 643 1832 ἡμερῶν,
661 1797 708 1823 καὶ
719 1796 820 1831 ἀγαθὸν
830 1796 914 1831 ὄνομα

129 1844 169 1875 είς
181 1843 226 1870 τὸν
240 1843 326 1870 αίῶνα
343 1842 434 1876 μένει.

163 1889 251 1925 Χάρις
267 1886 314 1916 κάι
328 1888 404 1921 ἕλιος
421 1888 450 1915 ὲν
463 1888 519 1920 τοῖς
531 1887 617 1919 ὁσίοις
629 1887 725 1916 αὑτοῦ.

431 1946 542 1975 ΛΟΓΟΣ
566 1945 608 1974 Ν’.

131 2007 198 2041 Περὶ
215 2007 362 2041 ὀνόματος
378 2005 513 2039 πονηροῦ
534 2003 583 2031 καὶ
601 2004 691 2038 χάριν
713 2002 756 2037 μὴ
777 2002 915 2037 ἔχοντος.

170 2065 276 2099 Ὀνομα
302 2064 420 2099 πονηρὸν
441 2062 573 2098 αἰσχύνην
597 2061 645 2089 καὶ
668 2060 769 2092 ὗνειδος
786 2059 918 2095 κληρονο-

172 2120 223 2139 σει.

172 2120 223 2139 σει.

131 2113 331 2194 μήἊνΘρω-πος
344 2157 443 2191 ἄχαρις
463 2154 546 2190 μῦθος
560 2154 685 2188 ἄκαιρος.

170 2205 276 2238 Ὀνομα
292 2203 444 2238 ἀνθρώπων
458 2202 508 2228 οὐκ
524 2201 636 2235 ἀγαθῶν
650 2199 883 2234 ἐξαλειφθήσεται.

968 938 1048 965 Sliam
1063 937 1208 972 suscipias.

1005 983 1161 1019 Agglntinat
1175 986 1272 1010 testam
1289 981 1334 1017 qui
1348 982 1463 1009 stultum
1480 981 1570 1008 docet.

1146 1039 1263 1067 SERMO
1293 1037 1377 1066 XLIX
1405 1038 1455 1075 [αι.
1473 1037 1578 1074 CXIII].

1088 1097 1125 1125 De
1137 1097 1240 1125 nomine
1255 1097 1322 1124 bono
1341 1102 1366 1124 et
1384 1096 1498 1132 gratiam
1513 1095 1631 1122 habente.

1005 1154 1071 1183 Gen.
1087 1162 1181 1182 xxxix.
1193 1152 1399 1181 FuitDominus
1419 1159 1481 1179 cum
1503 1150 1633 1186 Joscpbo,
1649 1155 1676 1178 et
1705 1150 1756 1177 im-

971 1201 1062 1237 pertiit
1074 1201 1097 1228 ci
1114 1200 1342 1231 misericordiam,
1359 1197 1486 1232 deditque
1506 1197 1530 1224 ei
1553 1197 1666 1232 gratiam
1683 1197 1754 1231 apud

970 1247 1125 1282 [traiectum
1151 1246 1278 1274 carceris.
1464 1275 1466 1278 ,

1005 1294 1084 1321 Prov.
1103 1301 1172 1320 χχιι.
1201 1291 1286 1328 Magis
1312 1291 1494 1327 expetendum
1521 1294 1563 1318 est
1589 1296 1687 1316 nomen
1706 1288 1756 1316 bo-

970 1343 1090 1372 nestnm,
1106 1347 1186 1375 quam
1197 1338 1298 1366 divitiae
1309 1339 1417 1366 multat:
1432 1341 1544 1373 argento
1560 1340 1584 1363 et
1595 1335 1675 1371 198
1688 1340 1756 1363 auro

969 1386 1143 1422 pnestantior
1158 1390 1201 1413 est
1226 1385 1297 1413 bona
1312 1384 1410 1420 gratia.

1006 1431 1098 1459 Gratia
1113 1435 1140 1459 et
1152 1431 1270 1459 amicitia
1283 1430 1397 1458 liberum
1415 1429 1529 1457 faciunt.
1548 1427 1694 1464 llasigitur
1711 1428 1757 1456 fac

970 1485 1061 1505 serves
1075 1477 1136 1510 tibi,
1151 1485 1185 1504 ne
1216 1477 1254 1505 sis
1273 1477 1433 1512 probrosus.

1005 1524 1140 1558 Compara
1151 1523 1266 1559 gratiam
1281 1528 1309 1551 et
1320 1523 1444 1551 notitiam
1457 1523 1555 1551 bonam
1570 1524 1597 1550 in
1609 1522 1695 1551 oculis
1707 1522 1755 1549 Dei

932 1580 954 1610 ο
970 1575 997 1597 et
1009 1570 1161 1597 hominum.

1007 1614 1097 1642 Eccte.
1111 1622 1160 1641 vn.
1191 1613 1297 1642 Bonum
1320 1621 1418 1642 nomen
1433 1614 1579 1649 pretiosius
1592 1614 1664 1642 bono
1683 1611 1762 1642 oieo.‘

1006 1659 1085 1688 Cura:
1102 1660 1328 1691 sittibinominis
1344 1659 1434 1694 fama;
1450 1660 1506 1694 ipsa
1521 1661 1591 1687 enim
1607 1660 1653 1687 tibi
1669 1661 1755 1695 magis

971 1706 1099 1740 proderit,
1116 1714 1196 1740 quam
1210 1706 1282 1733 mille
1309 1706 1401 1741 magni
1427 1705 1559 1734 thesauri.

1005 1751 1098 1779 Gratia
1115 1757 1157 1780 cst
1167 1752 1249 1779 veluti
1265 1752 1410 1787 paradisus
1422 1751 1635 1780 benedictionis.

1004 1796 1130 1825 Honesta:
1146 1798 1209 1826 vitae
1225 1806 1355 1827 numerus
1369 1798 1474 1826 dierum
1486 1807 1493 1826 :
1505 1802 1532 1826 et
1544 1800 1658 1827 honesta
1683 1798 1756 1828 fama

967 1847 1097 1871 aeternum
1127 1843 1215 1871 durat.

1003 1889 1094 1917 Gratia
1108 1894 1136 1917 et
1157 1890 1344 1918 misericordia
1360 1890 1385 1917 in
1406 1890 1509 1918 sanctis
1528 1890 1611 1918 illius.

1179 1947 1295 1974 SERMO
1311 1947 1331 1974 I.
1357 1947 1406 1982 [αι.
1436 1946 1541 1982 CXIII].

1044 2005 1081 2032 De
1100 2005 1203 2032 nomine
1218 2004 1288 2031 malo
1306 2009 1330 2032 et
1355 2005 1470 2040 gratiam
1487 2011 1538 2030 non
1565 2003 1685 2032 habente.

1005 2061 1112 2089 Sir-ach.
1125 2060 1230 2088 Nomen
1244 2061 1397 2096 improbum
1427 2060 1620 2095 turpitudinem
1640 2065 1668 2089 et
1677 2060 1757 2088 dede-

969 2116 1017 2136 cus
1030 2107 1232 2136 Itaereditarium
1246 2113 1439 2143 consequetur.

1006 2153 1092 2181 Ilomo
1105 2154 1190 2188 gratia
1205 2161 1313 2187 carens,
1339 2155 1545 2190 intempestivus
1560 2162 1665 2182 sermo.

1003 2198 1106 2227 Nomen
1123 2200 1241 2227 virorum
1253 2207 1307 2227 non
1321 2199 1455 2227 bonorum
1468 2200 1613 2228 delebitur.

164 2249 264 2284 Μωρὺς
280 2249 352 2284 ὲρεῖ·
365 2248 420 2283 Οὐχ
435 2247 554 2282 ὑπάρχει
569 2255 615 2282 μοι
627 2245 717 2281 φίλος,
730 2245 777 2272 καὶ
790 2244 841 2272 οὐκ
857 2243 915 2271 ἔστι

1005 2245 1110 2272 Stultus
1141 2250 1271 2280 queretur
1299 2245 1403 2273 nullum
1421 2247 1472 2273 sibi
1490 2254 1550 2274 esse
1577 2248 1706 2279 amicum,
1723 2250 1752 2274 et

130 2296 210 2331 χάρις
221 2296 277 2326 τοῖς
292 2293 404 2329 ἀγαθοῖς
423 2301 485 2328 μου.

426 2358 536 2388 ΛΟΓΟΣ
555 2359 619 2386 NA’.

144 2417 211 2452 Περί
231 2415 336 2452 ζυγῶν,
358 2415 408 2442 καί
421 2415 572 2450 σταθμῶν,
586 2415 633 2442 καί
645 2415 762 2450 μέτρων
773 2415 896 2443 ἀδίκων.

155 2475 202 2505 7οὐ
219 2474 343 2509 ποιήσεις
359 2473 450 2500 ἄδικον
463 2472 555 2508 κρίσιν
581 2472 610 2498 ἐν
630 2472 751 2506 μέτροις,
765 2471 812 2498 καὶ
828 2471 912 2498 σταθ-

131 2521 201 2555 μοῖς,
227 2520 274 2546 καὶ
290 2519 393 2553 ζυγοῖς.
419 2518 494 2553 Ζυγᾶ
517 2518 626 2549 δίκαια,
641 2517 689 2544 καὶ
707 2517 794 2553 μέτρα
812 2517 913 2551 δίκαια,

128 2566 174 2593 καὶ
187 2565 251 2601 χοῦς
264 2565 369 2596 δίκαιος
385 2564 461 2592 ἔσται
475 2564 550 2598 ὑμῖν.

127 2627 147 2642 ,ς
162 2613 219 2639 Οὐχ
238 2611 315 2639 ἔσται
331 2613 360 2638 ὲν
384 2611 423 2645 τῷ
450 2610 579 2646 μαρσὶπῳ
597 2618 643 2636 σου
664 2609 799 2645 σταθμίον
815 2609 914 2646 μικρὸν

128 2659 173 2686 καὶ
194 2659 267 2693 μέγα
279 2665 287 2672 ι
305 2659 355 2685 οὐκ
378 2658 453 2685 ἔσται
472 2659 500 2684 ἐν
513 2657 546 2692 τῇ
562 2656 637 2692 οίκίᾳ
663 2665 709 2682 σου
726 2657 827 2692 μέτρον
842 2657 915 2692 μέγα

127 2708 174 2733 καὶ
188 2705 296 2740 μικρόν.
305 2705 375 2731 21:10
380 2705 441 2739 μίον
451 2703 579 2738 ἀληθινὸν
591 2703 637 2729 καὶ
651 2702 754 2730 δίκαιον
771 2703 848 2730 ἔσται
861 2711 912 2735 σοι,

128 2752 170 2778 ἵνα
185 2751 358 2785 πολυήμερος
371 2753 438 2785 γένῃ
457 2749 502 2776 ἐπὶ
517 2750 565 2783 τῆς
576 2749 638 2784 γῆς.

161 2796 296 2832 Σταθμίον
310 2796 414 2823 δίκαιον
428 2795 524 2823 δεκτὸν
537 2795 643 2831 Κυρίῳ.

163 2841 248 2876 Ζυγὺς
263 2840 378 2873 δίκαιος,
393 2842 440 2868 καὶ
465 2841 565 2876 μέτρον
581 2841 696 2877 δίκαιον,
717 2843 763 2870 καὶ
777 2842 864 2879 χοῖνιξ
877 2842 914 2869 δί-

128 2897 202 2921 καιος
216 2887 292 2915 ἔσται
306 2887 381 2921 ὑμῖν.

287 2934 423 2967 ΡΑτιιοι.
448 2936 494 2966 Gn
530 2934 698 2966 CXXXVI.

967 2291 1070 2319 nullam
1085 2299 1146 2319 esse
1174 2293 1287 2327 gratiam
1304 2292 1330 2319 in
1344 2292 1422 2319 bonis
1435 2291 1503 2320 suis.

1192 2360 1310 2389 SERMO
1321 2360 1354 2388 LI
1368 2361 1417 2398 [aL
1434 2361 1527 2397 XLII].

1093 2417 1130 2444 De
1144 2417 1313 2452 ponderibus.
1331 2417 1438 2445 steteris
1451 2422 1475 2444 et
1490 2418 1630 2445 mensuris.

1002 2474 1084 2502 Leuit.
1096 2482 1152 2502 ιιι.
1165 2474 1338 2509 Nihilinique
1354 2475 1450 2503 feceris
1469 2474 1496 2502 in
1509 2474 1621 2508 judicio.
1636 2475 1662 2502 in
1674 2481 1752 2502 men-

966 2523 1049 2555 suris,
1065 2521 1174 2549 stateris
1195 2526 1222 2548 ct
1236 2521 1419 2556 ponderibus;
1446 2521 1566 2556 pondera
1595 2521 1673 2549 vobis
1697 2521 1753 2549 sint

963 2569 1048 2603 justa,
1065 2572 1091 2595 et
1100 2574 1234 2595 mensura:
1243 2571 1270 2594 et
1283 2567 1396 2602 congius
1409 2567 1510 2602 justus.

1002 2614 1080 2640 Deut.
1100 2619 1163 2639 xxv.
1176 2610 1235 2638 Non
1247 2612 1298 2638 erit
1314 2611 1340 2638 in
1361 2612 1502 2647 marsupio
1515 2615 1562 2638 tuo
1577 2612 1682 2647 pondus
1692 2619 1752 2646 ρπ-

965 2667 1028 2688 vum
1046 2663 1073 2686 et
1099 2665 1226 2692 magnum
1240 2678 1247 2690 ,
1278 2664 1328 2684 nec
1351 2665 1480 2685 mensura
1509 2665 1606 2693 magna
1629 2662 1657 2685 et
1669 2664 1751 2692 parva

966 2706 1038 2732 domi
1053 2702 1235 2731 tuae.Pondus
1246 2709 1342 2730 verum
1359 2707 1388 2731 et
1400 2703 1506 2739 justum
1520 2703 1574 2730 erit
1588 2702 1649 2736 tibi,
1663 2706 1692 2729 ut
1704 2701 1749 2729 diu

965 2751 1041 2778 viras
1051 2750 1078 2777 in
1093 2753 1174 2777 terra.

993 2796 1102 2824 Pondus
1120 2803 1225 2830 aequum
1241 2795 1356 2824 Domino
1371 2801 1413 2825 est
1423 2799 1576 2831 acceptum.

1001 2842 1097 2870 Ezech.
1115 2850 1178 2870 xxv.
1193 2842 1288 2870 Bilanx
1305 2850 1393 2878 aequa,
1409 2843 1532 2876 itemque
1561 2846 1691 2869 mensura
1721 2842 1753 2869 et

967 2889 1075 2917 cita-nix
1089 2895 1165 2924 aequa
1185 2889 1262 2917 vobis
1278 2889 1343 2917 sint.

1515 2931 1553 2963 36
