1940 3104
151 197 218 230 1137

555 197 643 228 LOCI
660 197 882 230 COMMUNBS.
901 209 936 215 —
951 196 1049 227 PARS
1069 197 1081 227 Ι
1087 197 1100 227 Ι
1130 196 1259 227 SERMO
1275 196 1350 228 LIV;

1706 194 1771 226 1138

145 260 185 285 δεῖ
199 257 354 293 μεμνῆσθαι
369 256 447 292 μόνον
457 264 464 272 ·
488 257 521 284 ἂν
540 257 596 283 τῶν
611 257 720 284 οἰκείων
739 256 933 292 μνημονεύσω·

996 257 1144 285 neminisse
1155 256 1284 284 debemus
1297 255 1385 284 solum
1397 263 1404 282 ε
1425 254 1499 289 quod
1510 254 1534 282 si
1547 259 1701 281 nostrorum
1718 262 1771 281 mc-

149 312 209 339 μεν,
226 304 354 331 οὐδέποτε
380 304 413 330 τὰ
425 303 555 337 ἀλλότρια
573 304 750 338 λογιούμεοα.

183 350 232 376 Ἂν
247 350 333 384 ἀφῆτε
348 350 402 380 τοῖς
420 350 528 385 ἐχθροῖς
556 350 645 384 ὑμῶν,
674 350 841 384 ἀφεθήσεται
859 350 933 384 ὑμῖν.

150 395 235 429 ’Ἄφες
246 395 360 422 δουλικὰ
377 396 578 431 ἁμαρτήματα,
597 395 641 422 ἵνα
656 395 742 431 λάϐῃς
760 394 936 430 συγχώρησιν

149 442 311 476 δεσποτικὴν
330 442 550 477 ἁμαρτημάτων.
570 442 601 468 El
625 442 653 469 δὲ
673 441 778 477 μεγάλα
792 441 940 476 ἠδίκησεν,Δ

149 487 258 523 ὅτῳπερ
277 488 310 514 ἂν
327 488 439 523 μείζονα
468 488 551 523 ἀφῇς,
578 488 700 523 τοσούτῳ
732 487 843 522 μιίζονα
862 487 936 523 λήψῃ

147 532 196 567 τὴν
212 532 396 568 συγχώρησιν.
415 534 465 561 Διὰ
477 534 531 569 γὰρ
545 534 625 561 τοῦτο
641 533 820 569 ἐδιδάχθημεν
833 533 934 567 λέγειν·

151 581 236 614 Ἀφες
251 582 317 615 ἡμῖν
338 581 429 613 καοὼς
453 582 591 617 ἀφίεμεν·
616 581 659 609 ἴνα
685 581 818 617 μάθωμεν
843 582 884 608 ὅτι
905 581 936 608 τὸ

151 627 250 662 μέτρον
277 629 326 662 τῆς
345 628 468 661 ἀφέσεως
497 629 653 663 παρ’ἠμῶν
677 629 785 664 πρῶτον
801 629 936 663 λαμϐάνει

149 671 199 704 τὴν
224 671 322 706 ἀρχήν.
341 672 422 699 ’Ὥστε
441 673 552 708 ὅσῳπερ
576 673 610 700 ἂν
629 675 644 700 6
662 674 757 709 ὶχῦρδς
771 674 935 709 ἐργάσηται,

150 717 197 743 καὶ
211 717 330 752 τοσούτῳ
345 719 476 752 μειζόνως
494 720 643 754 εὐεργετεῖ.
668 720 833 754 Σπεύδωμεν
847 721 936 747 τοίνυν

149 761 196 786 καὶ
208 762 384 797 ἐπειγώμεθα
401 764 634 792 καταλλάττεσθαι
649 766 717 801 πρὸς
733 766 795 798 τοὺς
813 766 936 799 λελυπη-

151 808 243 840 κότας,
257 808 290 835 ἄν
310 817 338 835 τε
352 809 475 840 δικαίως,
490 810 523 837 ἄν
536 819 566 837 τε
578 811 678 843 ἀδίκως
693 812 869 846 ὀργίζωνται.
887 811 936 838 “Av

152 852 271 887 μὲνγὰρ
286 853 405 881 ἐνταῦθα
424 854 613 891 καταλλαγῆς,
635 857 798 892 ἀπηλλάγης
813 857 864 892 τῆς
880 859 939 884 ἐκεῖ

150 900 283 934 κρίσεως·
312 902 345 928 ἂν
369 901 397 929 δέ
415 903 517 937 μεταξὺ
534 903 668 939 μενούσης
683 905 732 938 τῆς
759 904 869 940 ἔχθρας,
888 905 933 932 θά-

151 953 229 977 νατος
245 946 359 977 ἐπιστὰς
376 947 521 984 ἀπαγάγῃ,
546 948 596 984 τὴν
620 949 768 984 ἀπέχθειαν
784 950 937 986 μεσολαϐή-

151 998 210 1022 σας,
236 990 276 1022 εῐς
291 991 320 1017 τὺ
343 992 518 1028 δικαστήριον
539 994 634 1021 λοιπὸν
657 995 745 1021 έκεῖνο
760 995 791 1022 τὸ
819 995 936 1030 φοσερδν

149 1036 308 1072 εἰσαχθῆναι
337 1037 387 1071 τὴν
415 1038 492 1074 δίκην
517 1039 645 1075 ἀνάγκηο
677 1041 724 1067 καὶ⁸
753 1041 802 1075 τὴν
817 1042 936 1077 ἐσχάτην

149 1081 244 1113 δώσεις
256 1082 334 1117 δίκην
344 1083 389 1110 ἐπὶ
400 1085 433 1119 τῇ
448 1084 530 1119 ψήφῳ
542 1085 589 1112 τοῦ
601 1086 729 1113 δικαστοῦ
743 1087 847 1118 πάντας
865 1087 938 1114 ἐκεί-

150 1135 208 1154 νου.
225 1127 279 1154 Καὶ
297 1129 447 1163 ἀμφότεροι
465 1131 599 1166 τιμωρίαν
612 1132 796 1167 ὖποστήσεσϐε
812 1134 938 1168 ἀπαραί-

149 1181 239 1208 τητον,
256 1174 270 1200 6
288 1174 336 1208 μὲν
350 1175 450 1206 ἀδίκως
466 1176 644 1211 ὀργιζόμενος
657 1178 702 1204 διὰ
717 1179 806 1210 τοῦτο,
823 1180 863 1207 ὅτι
881 1181 938 1208 ἀδι-

151 1225 217 1250 κως,
229 1219 243 1244 6
259 1218 287 1245 δὲ
301 1219 413 1250 δικαίως
424 1220 469 1248 διὰ
482 1221 562 1248 τοῦτο
577 1221 654 1254 αὐτὸ,
669 1222 711 1249 ὅτι
727 1223 839 1256 δικαίως
850 1224 937 1260 ἐμνη-

153 1263 311 1298 σικάκησεν.

189 1354 223 1380 '0
237 1355 330 1381 τοίνυν
341 1354 384 1382 διὰ
398 1357 535 1391 νηστείας,
551 1357 598 1383 καὶ
609 1357 744 1392 ὀδυρμῶν,
763 1359 811 1386 καὶ
838 1360 936 1395 εὐχῶν,

152 1399 200 1426 καὶ
211 1400 324 1434 σάκκου,
338 1401 384 1428 καὶ
405 1402 516 1433 σποδοῦ.
533 1403 582 1431 καὶ
595 1403 695 1439 μυρίας
716 1396 938 1439 ἐξομολογήσᾶ

153 1445 228 1480 μόλις
243 1445 331 1481 ἕτεροι
346 1447 522 1482 κατορθοῦσι,
539 1448 570 1475 τὺ
584 1448 617 1476 τὰ
631 1449 818 1485 ἁμαρτήματα
833 1451 938 1484 ἐξαλεί-

153 1498 213 1525 φειν
229 1490 301 1524 λέγω
326 1491 360 1518 τὰ
377 1492 492 1526 ἑαυτῶν,
521 1494 600 1520 τοῦτο
623 1494 727 1526 ἔξεστιν
749 1496 815 1530 ἡμῖν
837 1497 938 1531 ῥᾳδίως

152 1535 240 1561 ποιεῖν
266 1537 350 1570 χωρὶς
379 1537 483 1564 σάκκου
511 1537 559 1564 καὶ
571 1539 671 1567 σποδοῦ
688 1540 734 1566 καὶ
748 1541 886 1574 νηστείας,
904 1541 937 1568 ἂν

987 310 1077 330 mores
1094 302 1208 334 erimus,
1225 310 1364 338 nunquam
1389 301 1477 329 aliena
1495 301 1714 335 supputabimus.

1023 349 1051 376 Si
1074 348 1295 376 condonavcrltis
1321 347 1441 375 inimicis
1457 346 1565 378 vestris,
1581 346 1657 373 vobis
1672 345 1772 372 condo-

988 396 1113 423 nabitur.
1143 394 1257 429 Ignosce
1283 401 1425 422 servorum
1447 394 1548 421 erratis
1564 412 1572 424 ,
1586 397 1642 419 uta
1658 392 1772 420 Domino

986 442 1093 470 veniam
1115 443 1244 476 impetres
1259 441 1339 476 202
1352 444 1538 476 peccatorum.
1553 439 1631 472 Quod
1643 439 1665 465 si
1682 438 1773 473 gravi-

988 491 1029 516 ter
1040 488 1170 523 peccarit,
1181 491 1208 515 et
1219 487 1364 519 telmserit,
1379 484 1483 522 quanto
1499 485 1603 519 majora
1619 485 1770 516 remiseris,

988 539 1064 562 tanto
1095 534 1226 568 majorem
1254 533 1411 568 impetrabis
1439 532 1559 559 veniam.
1582 527 1686 559 Idcirco
1701 531 1788 558 enim.

987 581 1117 609 docemur
1133 581 1225 609 dicere
1241 589 1248 607 :
1263 579 1381 607 Remitte
1405 579 1484 607 nobis
1508 578 1579 606 sicut
1593 578 1788 610 remittimus...

989 631 1018 654 ut
1033 627 1216 661 intelligamus
1233 625 1406 653 remissionis
1432 629 1460 652 et
1484 624 1695 652 condonationis
1713 631 1773 650 mo-

988 673 1051 700 dum
1077 679 1092 699 a
1123 672 1203 699 nobis
1231 671 1349 706 primum
1367 670 1477 699 initium
1490 677 1597 705 capere.
1614 670 1707 705 Itaque
1721 668 1774 697 ini-

988 718 1096 750 micus.
1119 721 1221 752 quanto
1248 716 1344 752 majori
1375 716 1497 744 aﬂ'ecerit
1525 716 1671 748 maleficio,
1698 718 1779 742 tanto

989 762 1085 798 majori
1109 762 1191 790 allicit
1215 761 1358 789 beneficio.
1376 760 1550 789 Festinemus
1567 761 1649 796 igitur
1664 767 1696 787 ac
1713 767 1773 794 pro-

989 816 1125 843 perennis,
1143 812 1173 835 nt
1188 815 1235 836 eos
1253 807 1299 842 qui
1317 807 1441 835 molestia
1457 811 1485 835 et
1504 807 1599 834 dolore
1615 813 1665 834 nos
1678 805 1773 833 affece-

990 853 1059 885 rint,
1088 852 1147 880 sive
1168 853 1230 887 jure
1255 852 1312 880 sive
1335 851 1435 886 injuria
1460 852 1632 884 irascantur,
1650 851 1773 878 reconci-

989 898 1096 925 liemus.
1112 897 1140 925 Si
1156 898 1229 926 enim
1246 897 1290 925 hic
1307 897 1500 926 reconciliatus
1512 897 1606 927 fueris.
1617 895 1775 930 illicjudicii

989 943 1216 971 rondemnatione
1236 943 1414 971 liberaberis:
1431 943 1474 970 sin
1490 947 1581 970 autem
1596 942 1698 970 interea
1717 950 1773 969 nia-

989 993 1070 1016 nente
1095 990 1146 1026 ira,
1175 997 1250 1017 mors
1272 989 1385 1017 adstans
1401 996 1452 1017 suo
1473 989 1628 1016 interventu
1648 988 1774 1019 abducet,

988 1034 1174 1062 interveniens
1197 1034 1347 1067 simultati,
1363 1035 1389 1061 in
1409 1034 1542 1070 judicium
1564 1034 1628 1061 illud
1649 1038 1774 1073 memen-

988 1079 1062 1112 dum,
1078 1080 1151 1114 quod
1178 1080 1311 1115 reliquum
1335 1083 1387 1112 est,
1408 1086 1520 1107 causam
1543 1079 1641 1107 adduci
1664 1086 1774 1106 necesse

988 1129 1040 1157 est,
1069 1130 1096 1152 et
1122 1130 1245 1153 extremo
1270 1124 1395 1152 aﬂlcicris
1420 1124 1556 1160 supplicio
1580 1132 1613 1152 ex
1639 1124 1773 1152 sententia

988 1171 1062 1199 illius
1074 1172 1195 1199 omnium
1206 1171 1316 1205 judicis.
1330 1170 1362 1198 Et
1377 1171 1458 1198 ambo
1471 1170 1634 1206 supplicium
1647 1170 1774 1198 subibilis

989 1218 1157 1250 inevitabile,
1168 1218 1235 1245 alter
1246 1217 1347 1252 injuste
1363 1217 1460 1248 iratus,
1477 1218 1538 1251 quia
1555 1216 1674 1251 injustus
1688 1226 1695 1245 :
1708 1211 1774 1245 alter

989 1272 1055 1291 vero
1077 1263 1151 1299 juste
1166 1269 1278 1299 prepter
1300 1263 1397 1298 ipsam,
1417 1269 1553 1299 utcunque
1568 1263 1684 1298 justam,
1705 1263 1774 1298 inju-

989 1310 1038 1338 ria:
1047 1317 1092 1336 nm
1107 1310 1275 1337 memoriam.

1025 1355 1102 1389 Quod
1126 1357 1209 1392 igitur
1228 1357 1332 1391 jejunio
1346 1361 1373 1384 et
1387 1357 1525 1390 lamentis,
1542 1357 1680 1392 precibus,
1695 1363 1783 1385 sacco-

989 1406 1016 1430 et
1029 1401 1121 1430 cinere
1140 1407 1168 1430 et
1189 1402 1294 1430 inﬁnita
1308 1403 1455 1431 conﬁtendi
1469 1403 1576 1430 ratione
1588 1403 1630 1430 vix
1648 1403 1694 1430 alii
1711 1410 1773 1437 per-

990 1449 1096 1482 ficiunt,
1117 1453 1146 1477 ut
1162 1454 1274 1484 peccata
1301 1450 1473 1485 abstergeant
1499 1457 1560 1484 sua,
1574 1450 1599 1477 id
1616 1449 1695 1477 nobis
1713 1450 1787 1477 licet’

989 1494 1070 1521 facile
1092 1495 1201 1530 assequi
1232 1495 1293 1523 sine
1325 1502 1416 1527 sacco,
1444 1494 1537 1522 cinere
1561 1500 1588 1522 et
1615 1494 1728 1529 jejunio,
1751 1495 1785 1523 si-

989 1540 1069 1567 modo
1097 1548 1130 1567 ex
1163 1540 1247 1568 animi
1280 1541 1447 1574 cogitatione
1475 1541 1544 1568 iram
1573 1540 1724 1572 deleamus,
1749 1547 1781 1568 etv

153 1579 233 1613 μόνον
248 1580 301 1606 ἀπὸ
317 1581 365 1615 τῆς
378 1582 497 1614 διανοίας
513 1582 702 1619 ἐξαλείψωμεν
712 1585 767 1619 τὴν
777 1586 872 1621 ὀργὴν,
891 1587 936 1616 καὶ

996 1586 1102 1614 ›ιηιιίηο
1118 1593 1152 1613 ex
1178 1586 1271 1614 animo
1296 1586 1330 1614 iis
1352 1587 1399 1622 qui
1423 1586 1502 1615 nobis
1518 1586 1648 1622 iniuriam
1662 1586 1775 1615 fecerint

153 1625 223 1659 μετὰ
242 1626 418 1662 είλικρινείας
432 1628 547 1664 ἀςρῶμεν
562 1631 618 1662 τοῖς
634 1631 793 1666 ἠδικηκόσιν
809 1634 893 1668 ἡμᾶς.

188 1670 293 1703 Παντὸς
306 1672 505 1708 ἁμαρτήματος
517 1675 548 1700 τὺ
563 1678 744 1710 μνησικακεῖν
761 1679 866 1713 χεῖρον.

188 1759 358 1796 Συγγνώμην
387 1762 545 1796 αἰτούμενος
561 1764 779 1799 ἁμαρτημάτων.
803 1766 937 1800 συγγίνω-

154 1813 202 1832 σκε
217 1806 264 1832 καὶ
276 1806 356 1837 αὐτὸς
370 1807 425 1837 τοῖς
440 1807 479 1838 είς
499 1808 528 1834 σὲ
542 1807 753 1843 πλημμελοῦσιν
763 1818 770 1827 ο
783 1811 825 1837 ὅτι
841 1812 937 1846 ἀφέσει

152 1851 314 1879 ἀντιδίδοται
341 1852 446 1886 ἄφεσις,
473 1853 522 1880 καὶ
549 1855 567 1889 ἡ
597 1855 665 1890 πρὸς
688 1856 752 1888 τοὺς
774 1857 937 1892 ὁμοδούλους

153 1897 232 1932 ἡμῶν
261 1898 419 1934 καταλλαγὴ
447 1899 498 1934 τῆς
515 1899 589 1932 θείας
608 1899 693 1937 ὀργῆς
724 1901 831 1936 γίνεται
851 1904 938 1931 ἀπαλ-

152 1943 234 1977 λαγή.

194 1988 238 2014 Ἐν
261 1986 302 2020 οἷς
321 1989 449 2025 πλήττειν
464 1993 561 2025 ἄλλους
579 1992 693 2027 ἐθέλεις,
711 1995 739 2020 ιν
753 1995 858 2026 τούτοις
874 1995 937 2030 βλά-

153 2033 203 2068 ϐην
216 2034 308 2067 ἔλπιζε
319 2036 369 2071 τὴν
386 2037 507 2071 μείζονα.

194 2081 305 2118 Ἐχοροῦ
319 2084 461 2119 δεηθέντος
478 2087 516 2122 μὴ
535 2088 716 2124 ἀποστραφῇς
732 2090 782 2126 τὴν
805 2090 935 2123 ἀξίωσιν·

153 2128 223 2164 πλὴν
235 2130 384 2165 ἀσφαλίζου
399 2133 522 2166 σεαυτόν,
543 2135 627 2162 Οὐδὲν
639 2136 693 2172 γὰρ
707 2138 787 2170 κυνὸς
802 2138 934 2174 διαφέρει.

187 2219 323 2253 Σπούδαζε
337 2222 386 2254 τὰς
402 2223 451 2257 μὲν
465 2223 565 2259 ἔχθρας
577 2225 774 2261 ὀλιγοχρονίους
787 2229 934 2262 ποιεῖσθαι,

150 2264 200 2296 τὰς
211 2265 238 2291 δὲ
249 2266 359 2299 ἁγάπας
371 2269 574 2303 πολυχρονίους.
887 2267 894 2270 Α

186 2311 378 2346 Μνησικακίαν
393 2313 517 2342 σϐέννυσι
533 2316 605 2351 δῶρα
615 2325 623 2333 ο
641 2317 688 2344 καὶ
703 2318 819 2346 πειθέτω
837 2329 867 2347 σε
885 2321 937 2348 Ἰα-

151 2355 219 2389 κὼό,
233 2356 277 2383 τὸν
295 2358 379 2385 Ἠσαῦ
400 2359 515 2394 δάμασεν
532 2361 654 2390 ὑπελθὼν
680 2365 750 2398 μετὰ
770 2367 937 2400 τριακοσίων

150 2402 190 2434 είς
205 2403 356 2438 ἀπάντησιν
368 2405 519 2438 ἐξελθόντα.
544 2408 614 2434 Ἀλλ’
631 2410 711 2444 ἡμεῖς
730 2411 844 2447 πένητες
858 2412 936 2445 ὄντες

149 2449 273 2485 τραπέζῃ
288 2450 336 2484 τὴν
351 2452 444 2486 χρείαν
462 2453 661 2488 πληρώσωμεν.

190 2538 220 2565 '0
233 2538 342 2574 δαίμοσι
359 2543 536 2576 μνησικακῶν
547 2543 701 2579 ἀνθρώποις
711 2547 741 2572 οὐ
755 2550 931 2582 μνησικακεῖ·

149 2586 283 2622 είρηνεύει
299 2588 327 2614 δὲ
344 2590 412 2624 μετὰ
429 2590 566 2625 δαιμόνων
578 2593 592 2618 6
603 2592 642 2627 τῷ
657 2592 763 2630 ἀδελφῷ
778 2596 894 2630 μηνιῶν.

184 2674 299 2707 Κροῖσος
311 2675 349 2710 τῷ
365 2677 517 2712 παιδοφόνῳ
527 2679 576 2713 τὴν
588 2680 674 2715 ὀργὴν
689 2682 797 2715 ἀφεῖναι
810 2682 929 2716 λέγεται,

146 2719 240 2745 ἑαυτὸν
256 2721 402 2755 παραδόντι
416 2723 456 2754 εἰς
475 2725 628 2759 τιμωρίαν,
646 2728 694 2752 καὶ
709 2726 799 2762 Κῦρος
815 2729 830 2754 6
845 2728 930 2763 μέγας

146 2765 218 2799 αὐτῷ
232 2767 317 2802 τούτῳ
330 2769 368 2803 τῷ
384 2769 495 2811 Κροίσῳ
509 2771 584 2804 φίλος
595 2772 721 2806 γενέσθαι
746 2775 816 2809 μετὰ
828 2776 878 2811 τὴν
891 2777 930 2804 νί-

145 2815 206 2843 κην.

991 1634 1178 1670 ignoscamus.

1026 1681 1128 1714 Quovis
1154 1686 1267 1717 peccato
1293 1681 1456 1716 injuriarum
1493 1681 1626 1709 memoria
1653 1680 1775 1708 deterior

990 1727 1043 1751 εει.

1025 1769 1095 1798 Cum
1107 1770 1267 1798 delictorum
1283 1771 1387 1798 veniam
1407 1771 1490 1807 petis.
1510 1770 1553 1798 fac
1568 1771 1628 1806 ipse
1647 1771 1775 1807 ignoscas

991 1817 1026 1845 iis
1041 1817 1086 1852 qui
1102 1817 1130 1844 in
1147 1821 1173 1845 te
1190 1817 1345 1851 peccarint,
1363 1817 1425 1852 quia
1443 1817 1610 1845 condonatio
1633 1817 1774 1844 condent»

991 1862 1066 1890 tione
1091 1867 1301 1894 remuneratur,
1332 1870 1364 1890 ac
1390 1870 1586 1890 conservorum
1619 1868 1774 1891 ηοειτοινυηι

989 1909 1147 1937 conciliatio
1159 1909 1238 1937 nobis
1254 1909 1284 1937 fit
1299 1917 1314 1937 a
1333 1909 1425 1937 divina
1439 1909 1478 1937 ira
1491 1909 1630 1937 liberatio.

1027 1996 1199 2025 Moschionis.
1217 1996 1245 2024 In
1261 1997 1361 2032 quibus
1376 1997 1445 2025 alios
1467 1997 1667 2032 reprehendere
1680 1999 1732 2031 vis,
1747 1999 1773 2026 in

990 2043 1024 2071 iis
1036 2043 1230 2071 detrimentum
1245 2043 1332 2076 majus
1346 2050 1407 2070 esse
1418 2043 1585 2071 existimato.

1026 2088 1144 2124 Epicuri.
1160 2088 1237 2116 llosti
1255 2089 1377 2123 precanti
1395 2097 1429 2116 ne
1443 2089 1575 2124 denegan
1602 2091 1673 2124 quod
1690 2091 1773 2125 petit:

990 2135 1036 2162 sed
1055 2140 1080 2161 te
1096 2134 1155 2169 ipse
1182 2134 1287 2161 munito
1317 2133 1449 2162 adversus
1468 2135 1553 2164 illum.
1579 2135 1652 2163 Nihil
1668 2136 1741 2163 enim
1759 2145 1774 2163 a

989 2186 1059 2206 cane
1073 2178 1172 2206 diﬂ‘ert.

1027 2224 1186 2259 Theopompi
1207 2225 1245 2251 Da
1268 2232 1376 2260 operam
1404 2229 1434 2252 ut
1458 2225 1615 2253 inimicitias
1642 2227 1774 2260 suscipias

950 2268 976 2298 υ
989 2271 1096 2302 breves.
1113 2271 1246 2298 amicitias
1265 2275 1354 2298 autem
1367 2271 1559 2306 sempiternas.

1025 2315 1145 2351 Evagrii.
1173 2315 1336 2350 lnjuriarnm
1362 2317 1521 2344 memoriam
1539 2325 1652 2345 munera
1667 2318 1772 2345 exstin-

987 2367 1085 2397 guunt,
1104 2363 1130 2390 id
1143 2363 1214 2396 quod
1242 2371 1275 2390 ex
1300 2362 1403 2390 Iacobo
1419 2364 1525 2390 discere
1544 2364 1618 2395 licet,
1635 2365 1724 2399 quise
1744 2366 1770 2392 in

987 2409 1100 2443 gratiam
1117 2408 1188 2436 Esau
1201 2409 1293 2436 fratris
1306 2409 1348 2436 sui
1362 2409 1520 2436 muneribus
1536 2409 1696 2442 insinuavit,
1710 2418 1771 2438 cum

987 2454 1114 2481 trecentis
1125 2454 1232 2482 obviam
1246 2454 1426 2482 occurrentis.
1441 2455 1493 2482 Sed
1505 2463 1556 2482 nos
1568 2463 1701 2491 pauperes
1711 2464 1772 2484 cum

986 2499 1072 2527 simus
1085 2508 1145 2534 quae
1156 2500 1254 2527 desunt
1266 2494 1366 2527 mens-.2
1380 2500 1578 2534 complcamus.

1020 2545 1133 2573 Martini
1147 2550 1324 2574 anachoreta.
1349 2546 1400 2580 Qui
1419 2555 1523 2575 memor
1540 2552 1582 2575 est
1597 2547 1703 2583 injuria!
1717 2549 1771 2576 da:-

985 2597 1107 2624 monum,
1125 2598 1177 2618 non
1195 2591 1319 2618 meminit
1335 2591 1442 2626 injuria:
1454 2592 1594 2620 hominum
1612 2601 1620 2622 :
1637 2597 1663 2620 et
1675 2601 1769 2628 pacem

983 2643 1044 2662 cuna
1060 2635 1229 2664 dmmonibus
1246 2636 1312 2672 agit,
1328 2637 1374 2672 qui
1388 2637 1462 2664 fratri
1476 2639 1619 2665 irascitur.

1018 2683 1098 2718 203
1121 2682 1239 2711 (ﬁrmus.
1263 2683 1375 2713 Croesus
1400 2684 1446 2712 lilii
1472 2683 1661 2716 interfectori,
1677 2684 1723 2718 qni
1740 2692 1769 2711 sc

982 2729 1015 2755 ad
1041 2728 1201 2763 supplicium
1227 2728 1368 2763 oﬂ'ercbat,
1385 2729 1494 2758 dedisse
1508 2730 1613 2757 veniam
1639 2729 1740 2757 dicitur
1757 2738 1765 2756 ι

980 2781 1008 2804 et
1031 2777 1094 2804 huic
1116 2776 1167 2812 ipsi
1188 2776 1284 2804 Croeso
1306 2785 1422 2812 magnus
1436 2777 1481 2805 ille
1496 2777 1582 2813 Cyrus
1599 2782 1658 2812 post
1670 2777 1758 2805 victo-

981 2823 1049 2851 riam
1064 2822 1171 2852 amicus
1187 2823 1277 2852 factus
1288 2831 1348 2851 esse
1365 2823 1462 2851 fertur.
