1940 3104
151 189 218 219 1141

555 186 639 216 LOCl
661 186 882 218 COMMUNES.
903 199 939 204 -
956 187 1053 218 PARS
1069 189 1108 218 [Ι.
1127 189 1255 219 ΞΕΙΚΜΟ
1273 190 1326 220 LV.

1715 191 1782 226 1142

184 248 294 275 Γίνεσθε
318 245 364 274 οὖν
381 248 421 279 είς
443 247 575 282 ἀλλήλους
591 247 724 281 χρηστοὶ,
743 245 937 281 εὔσπλαγχνοι,

1030 247 1123 275 Estote
1152 248 1235 283 igitur
1252 248 1299 276 alii
1324 249 1351 275 in
1379 248 1446 276 alios
1469 256 1566 276 suaves
1581 253 1609 276 et
1626 253 1760 278 commodi
1777 272 1783 284 ,

149 294 327 329 χαριζόμενοι
344 294 460 325 ἑαυτοῖς,
479 292 568 323 καθὼς
591 292 640 319 καὶ
662 293 676 318 6
701 291 819 326 Χριστὸς
848 292 941 327 ἐχαρί-

152 349 220 366 σατο
239 340 315 374 ὑμῖν.

190 386 300 412 Γίνεσθε
331 386 378 413 οὖν
402 386 520 421 μιμηταὶ
541 384 588 411 τοῦ
615 385 694 415 Θεοῦ,
721 385 758 415 ὡς
774 384 859 411 τέκνα
873 385 941 417 ἀγα-

151 433 239 467 πητὰ,
258 433 306 459 καὶ
320 433 495 467 περιπατεῖτε
508 432 536 457 ὲν
549 431 643 466 ἀγάπῃ
657 450 664 462 ,
680 429 771 462 καθὼς
786 431 833 456 καὶ
845 431 858 456 6
874 431 942 464 Χρι-

152 480 216 510 στὸς
233 480 377 514 ἠγάπησεν
397 479 484 514 ἡμᾶς,
509 478 557 505 καὶ
584 477 742 512 παρέδωκεν
762 477 858 503 ἑαυτὸν
873 476 942 511 ὑπὲρ

152 524 232 558 ἡμῶν
259 525 418 560 προσφορὰν
441 525 489 552 καὶ
514 524 608 551 θυείαν
631 523 670 559 τῷ
700 523 759 558 Θεῷ
789 523 828 553 εις
852 523 940 557 ὀσμὴν

156 571 283 603 εὐωδίας.

195 616 368 649 Ἐνδύσασθε,
395 616 431 647 ὡς
455 615 577 642 ἐκλεκτοὶ
609 614 654 641 τοῦ
678 614 756 646 Θεοῦ,
781 614 867 648 ἆγιοι,
893 615 942 640 καὶ

152 663 339 698 ὴγαπημένοι,
358 663 500 697 σπλάγχνα
520 661 675 697 οἰκτιρμοῦ,
696 661 880 696 χρηστότητα,
895 669 943 687 τα-

153 709 381 744 πεινοφροσύνην,
401 708 557 742 πραΰτητα,
583 707 792 742 μακροθυμίαν,
812 707 943 741 ἀνεχόμε-

150 763 192 781 νοι
206 754 340 788 ἀλλήλων,
356 754 404 780 καὶ
417 753 593 789 χαριζόμενοι
609 753 716 789 ἑαυτοῖς
728 773 735 785 ,
752 752 800 779 ἐάν
816 761 856 784 τις
875 752 943 787 πρὸς

154 809 217 827 τινα
233 800 283 836 ἔχῃ
300 799 429 834 μομφήνν
446 799 601 836 καθὼςήκαὶ
624 799 638 825 6
659 799 776 834 Χριστὸς
797 799 942 833 ἐχαρίσατο

152 846 231 880 ὑμῖν,
248 845 278 871 οὖ
286 854 320 872 τω
339 846 386 872 καὶ
403 845 493 879 ὑμεῖς,
552 837 555 841 λ

189 891 406 927 Παρακαλοῦμεν
429 891 512 926 ὑμᾶς,
540 891 665 925 ἀδελφοὶ,
693 890 845 917 νουθετεῖτε
876 889 942 919 τοὺς

153 920 305 970 ἀτάκίους,
331 920 538 972 παραμυθεῖσθε
562 920 624 968 τοὺς
647 920 845 972 ολιγοψύχους,
865 935 941 962 ἁντέ-
959 920 979 948 Β

152 986 234 1021 χεσοε
243 986 297 1012 τῶν
306 984 437 1016 ἀσθενῶν,
447 984 649 1019 μακροθυμεῖτε
658 983 698 1013 είς
709 984 824 1014 πάντας.
844 982 941 1017 Ὁρᾶτε

157 1033 195 1066 μή
209 1040 252 1062 τις
266 1030 352 1057 κακὸν
377 1030 438 1056 ἀντὶ
463 1028 549 1056 κακοῦ
575 1028 678 1062 ἀποδῷ,
695 1027 762 1054 ἀλλὰ
778 1029 893 1055 πάντοτε
912 1028 942 1055 τδ

151 1077 254 1112 ἀγαυὸν
272 1077 396 1109 διώκετε,
416 1076 464 1102 καὶ
482 1075 521 1106 είς
538 1074 680 1110 ἀλ).ήλου·,
706 1075 753 1100 καὶ.
768 1075 807 1106 εἰς
826 1073 940 1105 πάντας.

189 1212 308 1248 Εἰρήνην
322 1209 434 1237 διώκετε
449 1209 518 1244 μετὰ.
536 1209 652 1241 πάντων,
668 1208 715 1234 καὶ
731 1209 775 1234 τὸι
787 1208 936 1242 ἁγιασμὸν,

152 1256 183 1285 οὗ
202 1258 284 1293 χωρὶς
300 1256 389 1287 οὐδεὶς
404 1255 499 1290 ὄψεται
514 1255 560 1280 τδν
576 1254 688 1289 Κύριον.

187 1305 324 1334 ’Ἕκαστος
336 1303 384 1336 τὴν
399 1301 501 1328 κακίαν
518 1300 566 1327 τοῦ
586 1300 699 1335 πλησῖον
717 1300 798 1327 αὐτοῦ
817 1300 854 1335 μὴ
869 1299 941 1334 λογί-

151 1351 232 1383 (sui);
252 1350 280 1376 ἐν
294 1350 354 1380 ταῖς
371 1347 498 1380 καρδίαις
515 1346 603 1381 ὑμῶν.

188 1397 257 1427 Ἰὀὺς
273 1394 486 1429 ἁμαρτάνοντας
504 1392 620 1419 ἐνώπιον
636 1393 745 1419 πάιτων
765 1393 860 1427 ἔλεγχε
871 1412 878 1424 ,
898 1392 940 1418 ἵνα

150 1443 198 1469 καὶ
213 1443 237 1468 oi
251 1440 343 1467 λοιποὶ
360 1439 443 1474 φόϐον
459 1439 570 1472 ἔχωσιν.

186 1488 293 1523 ’Ὥσπερ
309 1488 334 1514 οῑ
352 1487 399 1513 ἐπὶ
420 1486 466 1512 τον
482 1484 608 1518 αἰγιαλὸν
629 1484 757 1517 ἑστῶτες,
774 1484 830 1516 τοῖς
845 1485 874 1511 ὲν
893 1484 940 1510 0a-

149 1535 236 1570 λάσθῃ
261 1533 470 1569 βαπτιζομένοις
495 1532 719 1567 συμπάσχοντες,
742 1531 772 1557 οὐ
799 1530 939 1566 προΐενται

151 1581 200 1616 τὴν
219 1579 323 1606 οἰκείαν
338 1578 489 1612 ἀσφάλειαν
516 1579 544 1604 ὲν
559 1579 593 1613 τῇ
609 1576 744 1618 περὶΙτῶν
769 1577 938 1603 κινδυνευόν-

149 1634 203 1652 των
216 1625 355 1660 φροντίδι·
374 1623 461 1655 οὕτως
475 1624 537 1650 οὐδὲ
562 1625 586 1650 οξ
604 1624 660 1654 τοῖς
682 1623 866 1657 ἁμαρτήμασι
884 1623 939 1648 τῶν

150 1670 235 1701 πέλας
252 1669 498 1702 ὲπιστυγνάζοντες
514 1670 563 1703 τὴν
575 1669 680 1694 οἰκείαν
697 1667 877 1702 ἀφανίζουσιν
892 1668 938 1693 εὑ-

149 1716 298 1752 φροσύνην·
314 1715 468 1741 τούναντίον
483 1715 533 1750 μὲν
548 1715 595 1742 οὖν
609 1715 657 1740 καὶ
673 1714 786 1748 μείζονα
810 1712 937 1739 ποιοῦσιν

150 1765 247 1799 αὐτὴν,
265 1762 335 1796 ὑπὲρ
351 1762 405 1788 τῶν
424 1762 464 1794 εἰς
479 1762 542 1793 τοὺς
557 1761 690 1795 ἀδελφοὺς
705 1760 832 1795 δακρύων
848 1759 938 1791 ἀξιοὺ-

151 1818 226 1845 μενοι
243 1811 292 1845 τῆς
313 1810 402 1844 χαρᾶς
417 1808 464 1835 τοῦ
490 1808 593 1843 Κυρίου
619 1807 663 1833 διὰ
682 1807 731 1842 τὴν
749 1806 935 1840 συμπάθειαν·

150 1856 244 1892 ἐπειδὴ
267 1856 297 1882 τὸ
314 1855 435 1882 τοιοῦτον
451 1855 568 1890 δάκρυον
588 1854 673 1881 οἱονεὶ
689 1853 801 1888 σπέρμα
820 1854 866 1880 καὶ
890 1853 937 1880 δά-

149 1911 249 1938 νειαμα
264 1903 370 1937 γίνεται
383 1904 433 1936 τῆς
450 1901 561 1928 αἰωνίου
576 1901 674 1936 χαρᾶς.

189 1992 220 2018 ’0
233 1992 303 2025 ὑπὲρ
319 1992 368 2026 τῆς
386 1991 432 2016 τοῦ
457 1990 573 2025 πλησίον
597 1990 736 2025 ἁμαρτίας
753 1990 854 2025 θερμὸν
868 1991 936 2017 ἀπο-

150 2038 251 2071 στάξας
264 2038 393 2073 δάκρυον,
409 2038 506 2064 ἑαυτὸν
520 2036 648 2069 ἐξιάσατο
658 2036 693 2062 δι’
709 2033 747 2063 ὧν
761 2038 806 2062 τὸν
817 2036 934 2070 ἀδελφὺν

149 2084 323 2119 ἁπωδύρατο.
641 2087 645 2092 ’

187 2132 216 2157 '0
229 2130 409 2166 ὲφησυχάζων
422 2131 469 2156 καὶ
484 2130 522 2165 μὴ
537 2129 657 2164 ἐλέγχων
668 2129 717 2164 τὴν
735 2128 875 2163 ἁμαρτίαν
889 2128 935 2154 τοῦ

148 2178 263 2212 ἀδελφοῦ
284 2177 379 2210 αὑτοῦ,
399 2177 572 2211 ἄσπλαγχνός
590 2177 674 2208 ἐστιν,
690 2175 784 2210 ὥσπερ
798 2175 812 2201 6
834 2175 880 2201 τὸν
898 2175 935 2201 ἰὸν

148 2225 256 2258 ὲναφεὶς
273 2225 313 2257 τῷ
329 2223 455 2258 δηχθέντι
471 2223 523 2249 ὑπὸ
540 2222 587 2249 τοῦ
607 2221 720 2248 ἰοδόλου.

182 2268 262 2300 Οίόας
277 2270 302 2295 τί
321 2270 443 2304 ποιήσεις
463 2269 502 2303 τῷ
527 2268 641 2303 πλησίον
659 2266 762 2298 καλόν;
783 2267 815 2293 Ὂ
829 2266 933 2301 σεαυτῷ
951 2271 972 2296 1)

148 2316 236 2351 βούλει
251 2316 317 2351 παρ’
331 2316 426 2350 ἐτέρου
443 2315 588 2350 γενέσθαι.

185 2362 216 2388 Ὀ
235 2362 350 2396 ἀγαπῶν
372 2364 418 2388 τὸν
444 2361 561 2396 πλησίον
575 2361 612 2393 ὡς
628 2361 724 2388 ἑαυτὸν
742 2361 820 2387 οὐδὲν
837 2370 933 2397 περισ-

148 2408 255 2443 σότερον
270 2409 400 2442 κέκτηται
418 2407 464 2433 τοῦ
486 2407 611 2442 πλησίον.

182 2454 267 2488 “Aes;
289 2455 302 2480 6
328 2453 452 2487 ἀφεθεὶς,
479 2453 619 2488 ὲλέησονὸ
639 2454 802 2489 ἠλεημένος·
830 2455 930 2489 κτῆσαι

146 2501 183 2536 τῷ
199 2500 384 2536 φιλανθρώπῳ
403 2500 433 2526 τὸ
452 2500 657 2535 φιλάνθρωπον.

180 2593 224 2628 Μὴ
242 2593 361 2628 ’,ἐλάσῃς
378 2592 478 2626 πτῶμα
494 2592 541 2618 τοῦ
559 2592 654 2624 πέλας·
666 2591 788 2619 διάϐαινε
802 2591 829 2618 δὲ
844 2592 930 2625 ἀσφα-

146 2641 203 2674 λὴς,
220 2638 274 2673 ὅση
286 2647 327 2664 σοι
341 2638 468 2673 δύναμις·
486 2638 553 2665 ἀλλὰ
574 2639 620 2665 καὶ
640 2638 712 2665 δίδου
734 2638 827 2672 χεῖρα⁸
844 2639 928 2671 χαμαὶ

145 2693 274 2718 κειμενῳ.

176 2728 406 2763 Συγχωρήσωμέν
419 2737 445 2754 τι
471 2728 579 2763 μικρὸν,
597 2728 641 2755 ἵνα
660 2727 754 2762 μεῖξον
778 2728 929 2755 ἀντιλάὸω-

148 2783 205 2808 μεν.
229 2774 325 2808 Ὁρᾶτε
339 2773 438 2808 νόμους
452 2774 603 2809 ἀθλήσεως,
618 2774 666 2800 καὶ
683 2774 842 2800 παλαιστῶν
859 2774 930 2808 ἀγω-

145 2821 269 2854 νίσματα,
285 2819 311 2846 οἳ
326 2819 364 2854 τῷ
380 2821 456 2847 κάτω
473 2821 580 2847 κεῖσθαι
596 2820 737 2853 πολλάκις,
751 2821 847 2847 νικῶσι
866 2821 928 2852 τοὺς

147 2867 369 2902 ὑπερκειμένους.

994 293 1208 327 misericordes,
1235 295 1421 322 condonautcs
1445 295 1582 327 vicissim,
1610 297 1783 330 quernadmo-

993 339 1057 366 dum
1069 339 1194 367 Christus
1210 340 1287 368 vobis
1308 340 1487 368 condonavit.

1025 384 1120 412 Estote
1140 386 1224 421 igitur
1248 386 1403 414 imitatores
1428 386 1474 413 Dei
1493 391 1619 421 tauquam
1649 388 1695 415 ﬁlii
1722 390 1783 416 cha-

993 429 1107 464 rissimi',
1126 439 1158 458 ac
1175 431 1203 458 in
1221 431 1367 459 dilectione
1378 431 1527 463 ambulate,
1551 433 1784 466 quemadmodum

993 475 1052 510 ipse
1064 476 1191 505 Christus
1207 485 1255 505 vos
1266 477 1371 510 dilexit,
1390 482 1416 505 ct
1429 477 1548 512 SCipStlm
1562 485 1610 512 pro
1626 479 1703 507 vobis
1722 480 1784 507 olle

993 522 1106 549 rendum
1135 526 1162 550 et
1184 523 1360 551 mactandum
1388 523 1443 551 Deo
1464 523 1577 550 tradidit
1609 524 1637 551 in
1673 526 1784 555 odorem

993 568 1205 595 suaveolentem.

1027 611 1174 639 lnduimini
1190 617 1219 639 ut
1236 613 1315 641 electi
1338 613 1395 648 Dei,
1421 615 1520 648 sancti,
1545 616 1578 643 ab
1604 617 1664 652 ipso
1682 616 1785 649 dilecti,

996 657 1101 685 viscera
1120 658 1324 692 miserationis,
1355 661 1517 688 suavitatem
1532 661 1628 696 animi,
1642 662 1785 690 demissio

993 709 1068 735 nem,
1085 703 1270 736 clementiam,
1289 704 1444 738 lenitatem,
1465 705 1583 734 ferentes
1597 714 1646 734 vos
1667 707 1783 736 invicem

993 753 1019 776 et
1040 755 1133 777 mutuo
1159 750 1356 782 rondonautes,
1373 751 1394 778 si
1413 752 1474 786 quis
1499 760 1561 779 cum
1589 753 1681 789 aliquo
1703 755 1785 781 habet

993 796 1240 829 expostulationcm
1257 805 1264 824 :
1284 801 1313 823 ut
1329 797 1455 824 Christus
1467 799 1630 826 condonavit
1645 800 1732 834 vobis,
1745 801 1785 828 sic

993 842 1075 868 etiam
1091 849 1137 869 vos
1153 843 1310 869 condonare
1322 843 1428 871 debetis
1442 844 1488 871 alii
1503 845 1575 872 aliis.

1030 888 1179 916 Hortamur
1196 896 1254 922 vos,
1271 889 1370 916 l'ratrcs
1386 910 1392 921 ,
1418 897 1446 916 ut
1464 898 1512 917 cos
1538 892 1583 926 qui
1602 892 1784 919 immoderato

995 933 1124 968 nulloque
1150 934 1247 962 ordine
1275 940 1384 962 servato
1408 943 1438 962 se
1456 941 1572 971 gerunt,
1604 937 1783 970 admonentis,

994 987 1041 1007 eos
1059 979 1105 1015 qui
1124 987 1209 1014 parvo
1224 980 1316 1008 animo
1338 987 1401 1008 sunt
1419 983 1610 1014 consolemini,
1634 989 1661 1010 et
1680 984 1782 1012 debile.

993 1027 1152 1054 sttstcntelis
1166 1047 1173 1060 ,
1203 1033 1229 1054 ct
1257 1028 1332 1055 lenes
1352 1035 1416 1062 erga
1441 1035 1537 1056 omnes
1558 1029 1630 1057 sitis.
1645 1028 1738 1058 Videte
1750 1039 1782 1057 na

993 1072 1056 1107 quis
1070 1073 1172 1100 malum
1192 1080 1241 1108 pro
1258 1073 1330 1100 malo
1344 1074 1450 1107 reddat,
1468 1082 1630 1109 semperque
1645 1076 1716 1110 quod
1733 1076 1782 1104 bo-

992 1126 1058 1146 num
1073 1123 1123 1152 est,
1137 1119 1350 1154 prosequimini,
1367 1124 1422 1147 tmn
1441 1127 1504 1156 ergo
1520 1129 1569 1148 vos
1584 1122 1711 1156 invicem,
1726 1127 1781 1150 tum

992 1171 1056 1199 erga
1070 1164 1138 1191 alios
1151 1172 1256 1192 omnes.

1027 1207 1124 1235 Pacem
1142 1215 1204 1235 cum
1217 1209 1347 1236 omnibus
1361 1215 1388 1237 et
1399 1211 1644 1239 sanetiticationem
1654 1213 1783 1248 expetite,

992 1254 1050 1280 sine
1064 1261 1116 1288 qua
1133 1253 1276 1282 Dominum
1294 1263 1374 1282 nemo
1393 1257 1503 1284 visurus
1515 1262 1568 1285 est.

1030 1298 1100 1326 Vitia
1115 1300 1231 1334 proximi
1246 1301 1288 1329 sui
1301 1308 1381 1329 nemo
1391 1307 1511 1330 vestrum
1530 1304 1557 1330 in
1570 1304 1661 1332 animo
1674 1310 1782 1340 cogitet.

1024 1389 1171 1418 Peccantes
1189 1398 1281 1419 coram
1304 1392 1433 1420 omnibus
1449 1394 1628 1428 reprehendo,
1645 1401 1674 1422 ut
1689 1396 1781 1422 caeteri

991 1443 1063 1464 metu
1077 1437 1103 1464 in
1120 1437 1208 1465 ollicio
1230 1438 1412 1466 retineantur.

1033 1481 1064 1510 S.
1083 1482 1191 1509 Basilii.
1210 1482 1244 1510 ιιι
1261 1484 1307 1518 qui
1325 1485 1351 1510 in
1372 1484 1463 1512 littore
1490 1486 1539 1512 ιιιιί
1555 1491 1637 1521 sunt,
1658 1496 1719 1514 cum
1736 1495 1782 1516 eo.

990 1536 1051 1556 rum
1067 1529 1114 1563 qui
1131 1529 1158 1556 in
1184 1537 1260 1558 mare
1281 1530 1477 1565 demerguntur
1492 1532 1646 1560 calamitate
1662 1534 1782 1561 alliciun-

993 1579 1046 1608 tur,
1076 1583 1152 1602 suam
1181 1576 1358 1603 securitatem
1388 1581 1415 1604 ct
1441 1582 1526 1604 tutam
1553 1580 1697 1607 stationem
1727 1588 1781 1608 non

992 1620 1121 1648 atnittunt
1149 1626 1260 1656 propter
1284 1621 1498 1649 sollicitudinem
1517 1631 1598 1657 quam
1624 1625 1656 1652 de
1673 1627 1782 1660 pericli-

991 1666 1112 1693 tantibus
1133 1667 1286 1701 suscipiunt
1303 1676 1310 1694 :
1330 1667 1370 1694 sic
1386 1669 1466 1694 etiam
1480 1670 1525 1702 qui
1542 1670 1575 1696 de
1592 1670 1778 1704 proximorum

991 1711 1108 1745 peccatis
1133 1717 1270 1746 mmrcnt,
1300 1721 1377 1741 suam
1409 1722 1463 1742 non
1489 1715 1616 1742 amittunt
1643 1717 1778 1746 lrtitiam.

992 1758 1037 1784 scd
1055 1763 1151 1784 contra
1169 1758 1299 1792 majorem
1325 1767 1384 1787 eam
1402 1761 1528 1792 reddunt,
1548 1761 1611 1788 dum
1629 1770 1677 1796 per
1690 1763 1779 1798 lact-y-

990 1810 1049 1830 mas
1076 1811 1144 1838 quas
1172 1804 1287 1832 fratrum
1325 1813 1409 1833 causa
1449 1807 1639 1841 profuderint,
1674 1809 1778 1838 Domitii

990 1850 1090 1884 gaudio
1113 1850 1186 1884 digni
1211 1850 1356 1884 habentur,
1383 1857 1493 1887 propter
1509 1854 1678 1882 affectionem
1705 1857 1776 1884 illam

988 1902 1041 1929 qua
1058 1895 1155 1922 alienis
1182 1896 1262 1924 malis
1288 1897 1544 1934 aﬂicitn~.tur:quia
1570 1901 1631 1928 talis
1658 1902 1778 1937 lacrytna

989 1941 1066 1975 quasi
1088 1949 1182 1968 semen
1196 1947 1223 1968 et
1240 1943 1330 1970 fmnus
1344 1945 1438 1971 mtcrni
1453 1946 1544 1979 gaudii
1561 1952 1613 1974 cst.

1024 1985 1076 2018 Qui
1091 1994 1140 2020 pro
1156 1992 1268 2021 peccato
1279 1989 1395 2023 proximi
1412 1989 1559 2018 ferventem
1576 1992 1725 2025 profuderit
1739 1994 1777 2022 la-

988 2039 1121 2067 crymaxn,
1136 2033 1180 2061 hic
1192 2032 1304 2062 fratrem
1320 2035 1489 2070 deplorando
1501 2037 1591 2073 seipse
1607 2040 1722 2067 sanavit.

1023 2123 1074 2156 Qui
1089 2124 1273 2159 conquiescit,
1292 2133 1341 2153 nec
1356 2125 1450 2154 fratris
1467 2128 1509 2154 sui
1525 2134 1666 2162 peccatum
1686 2139 1775 2166 rrpre~

988 2169 1091 2201 hendit,
1108 2169 1152 2197 hic
1178 2170 1377 2200 immisericors
1403 2179 1455 2206 cst,
1481 2175 1571 2209 utqui
1591 2176 1618 2202 in
1634 2176 1739 2211 plagam
1761 2185 1776 2204 a

987 2220 1116 2251 serpente
1133 2215 1232 2244 factam
1250 2225 1386 2246 venenum
1404 2219 1572 2248 intui-deret.

1030 2262 1126 2291 Scisne
1153 2265 1218 2299 quid
1250 2265 1312 2292 boni
1345 2265 1470 2300 proximo
1499 2266 1672 2295 faciendum?
1695 2269 1776 2305 205

986 2308 1063 2341 Quod
1080 2309 1127 2337 tibi
1147 2309 1204 2344 ipse
1219 2311 1258 2338 vis
1272 2312 1306 2337 ab
1324 2310 1411 2337 altero
1430 2312 1497 2338 fieri.

1020 2355 1071 2388 Qui
1096 2357 1254 2390 proximum
1281 2358 1351 2384 sicut
1367 2358 1487 2392 scipsutn
1512 2359 1617 2394 diligit,
1642 2361 1664 2388 is
1686 2361 1771 2389 nihilo

985 2411 1039 2430 non
1053 2403 1165 2437 capisco
1182 2404 1243 2438 plus
1259 2412 1340 2438 quam
1357 2406 1497 2439 proximus
1515 2408 1648 2441 possidet.

1021 2449 1157 2484 Tlteologi.
1183 2450 1312 2484 Remitte,
1332 2459 1394 2478 cum
1409 2452 1458 2480 tibi
1474 2454 1510 2480 sit
1535 2455 1677 2482 remissum
1696 2465 1702 2483 :
1724 2457 1774 2484 mi-

985 2502 1090 2528 serere,
1108 2495 1155 2530 qui
1179 2496 1396 2524 misericordiam
1413 2505 1577 2528 consecutus
1590 2508 1631 2534 es,
1648 2501 1773 2531 humani-

987 2545 1094 2575 Iathue
1109 2541 1157 2568 tibi
1174 2542 1375 2569 humanitatem
1392 2548 1499 2577 parato.

1022 2587 1126 2615 Casum
1140 2587 1258 2622 proximi
1280 2596 1314 2616 ne
1342 2589 1431 2617 ridete
1450 2600 1457 2618 :
1486 2596 1544 2620 tuto
1559 2598 1662 2626 autem,
1682 2595 1771 2629 quoad

984 2644 998 2662 a
1019 2639 1045 2662 te
1070 2635 1127 2662 fieri
1154 2635 1262 2669 poterit,
1281 2636 1416 2670 transito;
1435 2637 1500 2672 quin
1530 2638 1614 2666 etiam
1641 2640 1771 2675 porrigito

985 2688 1094 2708 Iuanum
1109 2681 1182 2707 humi
1197 2681 1311 2716 jacenti.
1494 2683 1496 2688 '

1019 2727 1208 2754 Concedamns
1225 2727 1325 2762 aliquid
1342 2730 1485 2765 exiguum,
1503 2736 1531 2758 ut
1544 2731 1631 2766 majus
1646 2732 1769 2765 impetre-

984 2779 1054 2804 mus,
1073 2779 1170 2806 nempe
1197 2773 1393 2807 concordiam;
1414 2776 1552 2809 patiamur
1577 2783 1627 2803 uos
1643 2775 1726 2808 vinci,
1742 2782 1769 2804 nt

983 2819 1136 2845 vincamus.
1155 2817 1253 2845 Videte
1280 2820 1444 2846 athletarqu
1469 2821 1694 2848 consuetudinem
1713 2843 1719 2854 ,
1743 2827 1769 2850 ct

983 2862 1150 2889 luctatorum
1167 2863 1318 2890 certamina
1334 2884 1342 2896 ,
1367 2865 1412 2897 qui
1433 2872 1620 2898 szrpcnumero
1637 2865 1687 2892 hoc
1711 2866 1769 2900 ipso

982 2908 1053 2942 quod
1069 2909 1204 2943 suppos.ti
1224 2913 1296 2941 sunt,
1315 2909 1486 2937 adversarios
1507 2909 1557 2937 sibi
1579 2909 1768 2937 incmubcntes

985 2960 1105 2980 \llll‘UlH.
