1940 3104
107 204 177 254 tuo

513 214 598 245 LOCI
620 212 840 244 COMMUNES.
858 223 890 228 —
913 209 1008 240 PARS
1024 209 1067 240 II.
1088 207 1217 238 SERMO
1241 205 1344 238 LVIII.

1664 199 1733 232 1150

141 276 288 311 Πρέπουσα
311 273 464 307 δοξο),ογίας
491 271 619 302 ὑπόθεσις
634 271 650 305 ἠ
667 270 720 296 τῶν
745 269 891 304 εὐεργετη-

981 265 1011 293 S.
1024 265 1130 292 Basilii.
1151 264 1347 292 Beneficiorum
1365 265 1540 295 acceptorum
1569 264 1723 285 eommemo

104 323 198 358 μάτων
212 321 349 355 διήγησις.

137 370 200 399 Τοῖς
215 367 374 402 εὐεργέταις
388 364 521 396 ἑκουσίως
535 364 626 390 πᾶσαν
639 362 744 389 εὔνοιαν
768 359 888 394 ἀποπλη-

104 416 207 451 ρῶμεν.

146 458 336 493 Ἀποδώσομεν
360 457 451 484 τοίνυν
468 456 516 482 σὺν
530 455 601 489 τόκῳ
618 453 649 480 τὸ
672 453 760 488 χρέος,
788 453 821 479 ἂν
837 451 892 487 ἄρα

102 504 230 531 τοσοῦτον
245 503 423 539 εὐποροῦντες
435 503 573 537 φανῶμεν.

146 550 255 584 Ἐπειδὴ
270 550 331 575 ὅσον
342 549 485 583 ὀφείλομεν
502 549 541 579 εἰς
559 543 740 585 ἐὐχαριστίαν
760 544 837 579 ὑμῶν
854 544 892 569 εί-

103 598 166 623 πεῖν
181 597 230 623 οὐκ
252 596 391 630 ίσχύομεν,
409 594 526 628 λέγομεν
540 594 601 620 ὅσον
615 591 764 626 δυνάμεθα.

147 685 229 711 Οὐδὲν
244 685 330 716 οὕτως
345 684 484 718 εὐάγωγον
499 684 538 715 είς
553 683 671 715 εὔνοιαν,
683 682 720 713 ὡς
730 681 809 717 ἡτῶν
817 681 894 715 εὐερ-

104 731 269 766 γετημάτων
283 729 421 775 εὐφημίαῖ

401 864 510 891 ΛΟΓΟΣ
529 862 597 891 NH'.

159 934 229 969 Περὶ
243 933 497 969 ἀγνωμονούντων
515 931 565 959 καί
583 930 840 965 ἁχαριστούντων.

149 1001 373 1028 Ἀνταπεδίδοσάν
389 1009 435 1036 μοι
452 1000 558 1036 πονηρὰ
569 1000 628 1026 ἀντὶ
639 999 762 1033 ἀγαθῶν.

150 1092 222 1118 Ἀντί
246 1091 292 1118 τοῦ
323 1091 434 1126 ἀγαπᾷν
458 1099 491 1126 με
518 1090 689 1118 ἐνδιέὸαλλόν
716 1098 769 1125 με·
796 1089 853 1124 ἐγὼ
866 1089 894 1115 δὲ

107 1138 318 1172 προσηυχόμιην,
335 1138 380 1164 καὶ
398 1137 490 1163 ἔθεντο
510 1136 570 1163 κατ’
581 1136 649 1171 ἐμοῦ
664 1136 737 1163 κακὰ
752 1135 812 1162 ἀντὶ
828 1136 895 1168 ἀγα-

107 1184 174 1215 θῶν,
189 1184 234 1210 καὶ
251 1185 326 1217 μῖσος
339 1183 399 1209 ἀντὶ
412 1183 462 1217 τῆς
475 1180 640 1217 ἀγαπήσεώς
658 1190 719 1215 μου.

146 1231 194 1261 '0,-
205 1229 351 1256 ἀποδίδωσι
369 1229 442 1255 κακὰ
455 1228 516 1255 ἀντὶ
536 1226 656 1261 ἀγαθῶν,
674 1227 704 1254 οὐ
718 1226 895 1262 κινηθήσεται

107 1275 181 1303 κακὰ
197 1276 229 1302 ἐκ
245 1275 293 1301 τοῦ
309 1274 386 1301 οἴκου
402 1274 496 1301 αὐτοῦ.

145 1322 212 1348 Οὐαὶ
227 1321 330 1354 αὐτοῖς,
356 1321 396 1347 ὅτι
413 1321 594 1355 ἀπεπήδησαν
619 1319 666 1346 ἀπ’
680 1319 748 1354 ἐμοῦ
759 1327 766 1335 ·
784 1318 895 1345 δείλαιοι

107 1367 185 1400 εἰσιν,
201 1367 241 1393 ὅτι
263 1366 402 1401 ἠσέϐησαν
429 1367 467 1397 είς
491 1366 551 1400 ἐμέ,
578 1364 649 1398 Ἐγὼ
669 1365 724 1399 γὰρ
739 1364 895 1399 ὲλυτρωσά-

109 1422 164 1448 μην
180 1413 290 1444 αὐτοὺς,
301 1413 376 1439 αὐτοὶ
391 1412 419 1439 δὲ
434 1412 621 1446 κατελάλησαν
637 1411 697 1438 κατ’
715 1410 781 1446 ἐμοῦ
796 1410 893 1445 ψευδῆ.

146 1460 256 1492 Ἄκουε,
280 1459 390 1494 οὐρανὲ,
409 1459 455 1486 καὶ
481 1458 630 1490 ἑνωτιζου,
654 1457 700 1492 γῆ,
727 1457 768 1483 ὅτι
793 1456 894 1491 Κύριος

107 1506 238 1540 ἐλάλησεν
251 1514 257 1520 ·
283 1515 292 1531 ι
313 1505 392 1536 Υἱοὺς
418 1505 550 1539 ἐγέννησα
573 1504 618 1530 καὶ
639 1503 745 1537 ὕψωσα.
772 1502 850 1529 αὐτοὶ
867 1502 896 1528 δὲ

109 1552 143 1586 μὲ
159 1552 304 1586 ἠθέτησαν.
321 1551 411 1585 Ἔγνω
433 1550 495 1585 βοῦς
510 1551 554 1576 τὸν
567 1550 749 1584 κτησάμενον,
768 1548 814 1575 καὶ
834 1547 894 1579 δνος

107 1598 157 1633 τὴν
175 1598 279 1632 φάτνην
301 1596 348 1623 τοῦ
377 1597 473 1631 κυρίου
497 1596 581 1624 αὑτοῦ
599 1604 604 1610 ·
627 1595 731 1631 Ἰσραὴλ
749 1595 776 1622 δὲ
796 1595 830 1630 μὲ
844 1595 893 1620 οὐκ
907 1614 930 1646 C

109 1643 190 1676 ἔγνω,
205 1643 252 1669 καὶ
267 1644 281 1669 ὁ
296 1642 361 1673 λαός
378 1650 428 1677 μου
444 1643 473 1668 οὐ
491 1641 616 1676 συνῆκεν.

150 1688 313 1723 Ἀχαρίστου
328 1688 405 1718 ἐλπὶς
417 1688 454 1718 ὡς
470 1688 610 1722 χειμέριος
628 1687 716 1722 πάχνη
731 1688 894 1722 τακησεται,

109 1734 158 1762 καὶ
170 1735 301 1769 ρυήσεται
313 1733 349 1765 ὡς
361 1733 432 1768 ὕδωρ
449 1733 595 1768 ἄχρηστον.

151 1779 309 1816 Ἀχάριστος
323 1780 353 1806 ὲν
369 1780 473 1815 διανοίᾳ
487 1778 679 1813 ἐγκαταλείψει
695 1779 859 1814 ῥυσάμενον.

142 1873 245 1905 Ξενιείς
261 1873 308 1899 καὶ
324 1874 427 1904 ποτιεῖς
441 1873 601 1908 ἀχάριστον,
617 1873 664 1900 καὶ
679 1873 749 1908 πρὸς
774 1873 820 1899 ἐπὶ
834 1872 896 1900 τού-

110 1929 168 1952 τοις
194 1921 281 1955 μικρὰ
308 1920 430 1956 ἀκούσῃ·
448 1919 577 1947 διπλάσια
608 1921 662 1955 γὰρ
679 1920 754 1947 κακὰ
783 1920 896 1956 εὑρήσει

111 1975 153 1994 σοι
169 1968 197 1994 ὲν
213 1967 298 1994 πᾶσιν
311 1968 435 2002 ἀγαθοῖς,
450 1963 491 1998 οἷς
507 1967 554 1993 ἐὰν
573 1968 653 2001 ποιῇς
668 1966 754 2001 αὐτῷ.

146 2070 236 2097 Δεινδν
264 2070 310 2097 τὸν
337 2070 565 2104 εὐεργετηθέντα,
588 2071 636 2098 καὶ
661 2071 721 2102 ταῖς
751 2071 895 2105 μεγίσταις

111 2117 252 2152 ὑπόχρεων
284 2117 482 2152 χάρισι,πρὸς
513 2117 552 2152 τῷ
586 2116 738 2152 ἀχαρίστῳ,
772 2117 814 2144 ἔτι
848 2119 896 2145 καὶ

110 2159 215 2195 ὕϐρεως
231 2161 279 2187 καὶ
293 2161 404 2196 ἀτιμίας
420 2161 571 2196 κατάρξαι·
585 2155 670 2188 δεινὸν
683 2161 732 2196 μὲν
743 2183 751 2194 ,
773 2163 841 2190 ἀλλὰ
858 2163 897 2199 τῷ

111 2206 231 2234 ποιοῦντι
248 2207 340 2242 μεῖζόν
353 2208 412 2234 ἐστι
424 2208 518 2241 κακὸν,
531 2207 548 2243 ἢ
560 2208 599 2244 τῷ
615 2208 757 2243 πάσχοντι.

146 2354 178 2380 Al
195 2353 337 2389 ἀχάριστοι
351 2353 436 2389 ψυχαὶ
451 2355 478 2380 ὲν
494 2355 528 2389 τῇ
549 2354 725 2389 ἀλλοτριώσει
742 2357 797 2382 τῶν
827 2356 898 2390 ἁγα-

112 2400 165 2426 οῶν
197 2400 248 2434 τῆς
273 2400 463 2435 παρελθούσης
487 2402 598 2436 χάριτος
618 2402 830 2429 ὲπαισθάνεσῦαι
847 2412 895 2429 πε-

111 2445 237 2479 φύκασιν.
255 2446 318 2472 Ὅτε
331 2447 384 2481 γὰρ
398 2447 535 2474 ἀπέλαυον
551 2447 606 2474 τῶν
630 2449 832 2484 χρηστοτέρων,
850 2451 894 2476 οὐ-

111 2491 204 2525 δεμίαν
221 2492 301 2527 χάριν
328 2493 366 2528 τῷ
390 2493 517 2520 δεδωκότι
540 2494 730 2528 γινώσκοντες,
758 2497 827 2530 μετὰ
845 2497 896 2532 τὴν

113 2537 238 2572 στέρησιν
254 2537 284 2563 τὸ
299 2538 432 2572 παρελθὸν
450 2540 657 2574 μακαρίζουσιν.

152 2592 304 2628 ’Υπερϐολὴ
317 2592 395 2620 τοῦτο
409 2602 441 2628 γε
454 2595 661 2631 ἀγνωμοσύνης,
677 2596 728 2632 τὴν
743 2597 896 2631 φιλανθρω-

113 2638 178 2664 πίαν
195 2638 242 2665 τοῦ
257 2640 402 2674 εὐεργέτου
417 2642 544 2677 ἀφορμὴν
558 2643 719 2678 ἀχαριστίας
734 2643 881 2669 ποιεῖσθαι.

146 2739 182 2766 Τδ
194 2739 247 2765 τῶν
261 2740 520 2778 δυσαρεστουμένων
537 2743 688 2779 πὰσχουσιν
703 2746 727 2771 οί
750 2745 853 2776 πολλοὶ,
867 2747 897 2773 τὸ

114 2785 162 2821 μὲν
175 2787 263 2821 παρὸν
280 2787 469 2820 ἀτιμάζοντες,
486 2790 539 2815 τῶν
551 2790 578 2816 δὲ
591 2790 716 2817 ἁπάντων
732 2792 897 2827 ἐπιθυμοῦν-

114 2840 166 2863 τες.
181 2832 219 2859 Οὔ
236 2833 290 2868 γὰρ
314 2835 376 2865 τοὺς
392 2834 603 2871 ὑποδεεστέρους
617 2837 708 2864 αὐτῶν
721 2839 895 2874 άπαριῠμού-

115 2887 187 2913 μενοι
200 2879 248 2913 τὴν
265 2880 334 2914 ὑπὲρ
344 2877 380 2907 ὧν
392 2881 498 2916 ἔχουσιν
513 2883 691 2918 εὐχαριστίαν
704 2885 895 2920 ἀπιιπιηροῦσι

113 2925 148 2958 τῷ
163 2926 295 2961 Δᾶστῑότῃ,
314 2927 379 2954 ἀλλὶ
403 2929 435 2964 τῇ
453 2929 520 2963 προς
543 2930 572 2956 το
601 2930 732 2966 ὑπερέχον
750 2932 893 2966 συγκρίσει

945 311 1015 340 ratio
1034 312 1148 339 honesta
1165 316 1207 338 est
1222 308 1350 338 laudandi
1374 307 1491 335 occasio.

981 358 1054 385 Bene
1075 357 1178 384 meritis
1196 355 1267 383 ultro
1289 355 1420 382 debemus
1442 358 1548 379 onmem
1573 349 1737 377 benevolen-

946 404 1010 430 tiam
1025 407 1164 438 praestare.

981 447 1115 482 Theologi.
1132 446 1286 474 Reddamus
1306 446 1389 481 igitur
1404 451 1464 471 cum
1486 443 1578 470 fenore
1607 441 1739 471 debitum.

946 494 968 521 si
981 494 1061 521 modo
1078 497 1151 520 tanta
1173 492 1249 527 copia
1268 491 1407 519 abundare
1422 490 1578 517 videamur.

982 540 1012 567 S.
1030 540 1164 575 Clirysost.
1183 538 1297 571 Quando
1313 541 1443 572 quantum
1471 535 1603 562 debemus
1625 532 1660 560 ad
1675 540 1738 567 gra-

948 587 1010 613 tiam
1023 585 1100 613 vobis
1111 585 1218 612 referen
1230 585 1282 610 lam
1296 583 1387 610 dicere
1404 589 1456 608 non
1473 581 1606 613 valemus,
1621 578 1738 606 dicimus

947 638 1077 669 quantum
1091 640 1246 668 possumus.

988 681 1115 708 Philonis.
1132 679 1204 706 Nihil
1215 684 1269 706 tam
1285 678 1358 706 valet
1381 677 1415 705 ad
1436 675 1655 705 benevolentiam
1671 681 1737 701 con-

948 729 1091 756 ciliandam
1122 733 1203 761 quam
1234 724 1430 753 beneficiorum
1469 721 1663 758 deprtetlicatio
1692 727 1739 747 ac-

948 779 1100 810 ceptorum.
1294 768 1302 783 '

1144 863 1260 892 SERMO
1278 862 1356 890 LVIII
1366 861 1415 899 [aL
1439 861 1543 897 XLIV].

1021 933 1057 961 De
1072 933 1182 969 ingralis
1199 938 1223 960 et
1241 932 1365 967 beneﬁcia
1387 939 1439 958 non
1455 930 1666 966 agnoscentibus.

984 1001 1058 1029 Ριαί.
1078 1009 1169 1028 xxx".
1197 1000 1280 1036 209
1305 999 1372 1027 Mala
1388 1006 1440 1034 pro
1459 998 1540 1025 bouis
1557 997 1621 1024 mihi
1648 996 1739 1024 reddi-

946 1047 1055 1076 derunt.

981 1093 1223 1121 Calumniabantur
1238 1098 1292 1123 me,
1305 1098 1366 1118 cum
1384 1089 1525 1124 diligerem
1547 1095 1604 1115 eos.
1619 1085 1676 1122 Ego
1689 1093 1742 1112 au-

947 1144 999 1167 tem
1014 1138 1145 1173 precabar
1158 1143 1183 1165 et
1201 1137 1269 1164 mala
1283 1144 1332 1172 pro
1348 1136 1428 1164 bonis
1454 1134 1521 1161 mihi
1537 1136 1699 1170 posuerunt,
1714 1135 1741 1158 et

946 1184 1038 1212 odium
1055 1183 1102 1219 pro
1115 1183 1260 1210 dilectione
1274 1190 1345 1209 mea.

983 1230 1065 1258 Prov.
1089 1238 1156 1258 xm.
1180 1229 1231 1263 Qui
1247 1229 1316 1256 mala
1334 1236 1383 1264 pro
1401 1228 1479 1256 bonis
1504 1226 1603 1260 reddit,
1622 1233 1656 1253 ex
1681 1225 1741 1260 ejus

947 1276 1046 1302 Iamilia
1060 1275 1130 1302 mala
1141 1282 1195 1302 non
1209 1274 1400 1301 movebuntur.

980 1321 1053 1349 Osete
1076 1329 1120 1349 ιιι.
1134 1320 1181 1348 Va:
1197 1320 1260 1351 illis,
1274 1321 1335 1355 quia
1352 1320 1506 1347 resilierunt
1517 1326 1531 1346 a
1545 1326 1604 1352 me;
1617 1319 1741 1347 infelices

946 1374 1021 1400 sunt,
1033 1368 1097 1403 quia
1117 1367 1191 1402 impii
1205 1367 1232 1393 in
1246 1373 1289 1393 me
1307 1365 1428 1393 fuerunt.
1448 1365 1502 1401 Ego
1515 1365 1587 1392 enim
1613 1365 1739 1391 redeme-

946 1423 1001 1441 ram
1018 1421 1076 1446 eos,
1091 1413 1140 1447 ipsi
1154 1420 1220 1440 vero
1236 1412 1355 1439 oblocuti
1374 1416 1438 1439 sunt
1454 1411 1517 1438 mihi
1535 1411 1613 1438 falso.

981 1460 1036 1487 Isa.
1051 1467 1069 1487 I.
1084 1459 1292 1491 Audi,cmlum;
1310 1458 1421 1485 auribus
1439 1457 1560 1492 percipe.
1576 1461 1660 1484 terra.
1676 1464 1740 1491 qu.a

946 1506 1076 1533 Dominus
1091 1505 1214 1540 loquilur
1232 1512 1238 1531 :
1260 1504 1342 1531 Filios
1368 1505 1506 1538 procreavi
1539 1508 1566 1530 et
1583 1503 1672 1534 evexi.
1687 1503 1738 1536 ipsi

945 1553 1062 1587 verolme
1077 1552 1242 1586 reiecerunt.
1252 1551 1380 1586 Agnoscit
1391 1551 1439 1577 hos
1448 1557 1634 1585 possessorem
1647 1558 1738 1582 suum,

947 1604 973 1626 et
989 1599 1083 1626 asinus
1110 1605 1230 1633 prmsepe
1257 1598 1359 1625 domini
1393 1598 1454 1629 sui;
1492 1597 1572 1624 Israel
1589 1602 1678 1624 autem
1695 1605 1738 1624 me

950 1653 1004 1673 non
1021 1645 1153 1681 agnoscit,
1181 1647 1208 1671 et
1227 1645 1343 1678 populus
1357 1651 1435 1670 meus
1455 1651 1508 1670 non
1526 1643 1669 1671 intellexit.

987 1691 1052 1726 Sap.
1068 1699 1124 1718 3m.
1146 1691 1244 1725 Ingrati
1270 1698 1333 1725 spes
1348 1695 1377 1718 ut
1392 1691 1506 1718 hiberna
1531 1691 1626 1725 pruina
1653 1691 1740 1726 lique-

950 1742 1017 1769 seet,
1035 1742 1060 1764 et
1071 1738 1170 1764 delluet
1187 1743 1216 1764 nt
1232 1737 1333 1764 inutilis
1344 1744 1423 1771 aqua.

986 1783 1079 1810 Sirae/1
1096 1791 1152 1810 xu.
1185 1783 1290 1818 Ingrata
1307 1791 1383 1810 mens
1399 1783 1505 1812 deseret
1520 1792 1580 1812 eum
1598 1793 1611 1811 a
1623 1793 1677 1820 quo
1687 1786 1739 1813 ali-

950 1830 1058 1865 quando
1071 1829 1153 1856 l'uerit
1163 1829 1287 1856 liberata.

987 1875 1055 1902 Ibid.
1078 1872 1201 1909 Hospitio
1218 1879 1245 1901 et
1258 1880 1323 1909 potu
1349 1875 1470 1910 excipies
1487 1875 1634 1910 ingratum,
1648 1881 1676 1904 et
1693 1877 1736 1903 in-

951 1929 1031 1956 super
1059 1921 1157 1948 acerba
1185 1920 1290 1948 audies.
1321 1921 1442 1956 Duplicia
1468 1922 1539 1949 enim
1572 1923 1640 1949 mala
1662 1930 1738 1949 com-

951 1968 1059 2003 parabis
1075 1967 1120 1994 tibi
1135 1975 1183 2002 pro
1196 1967 1323 1995 omnibus
1341 1968 1420 1995 bonis
1444 1976 1504 2003 qme
1521 1968 1546 1995 in
1565 1976 1626 1996 eum
1639 1973 1740 1996 conlu-

951 2015 1025 2043 leris.

986 2071 1015 2100 S.
1037 2072 1142 2100 Basilii.
1177 2073 1290 2106 Indigna
1307 2081 1351 2101 res
1364 2095 1370 2105 ,
1404 2081 1466 2100 eum
1488 2073 1534 2107 qui
1551 2073 1588 2100 sit
1607 2073 1740 2101 beneﬁcio

950 2119 1072 2152 allectus,
1094 2121 1135 2148 vel
1152 2121 1279 2148 maximis
1301 2121 1540 2156 oppigneratorum
1568 2120 1740 2148 remissioni-

950 2167 1000 2194 bus
1015 2171 1043 2194 et
1056 2167 1311 2197 condonationibus,
1329 2171 1507 2202 prmterquam
1527 2168 1598 2201 quod
1616 2167 1740 2202 ingratus

949 2213 995 2245 sit,
1011 2213 1091 2240 etiam
1107 2212 1205 2246 injuria
1221 2219 1247 2239 et
1262 2213 1410 2247 ignominia
1425 2213 1576 2246 lacessere;
1593 2212 1735 2247 indignum

952 2257 1057 2291 quidem
1074 2258 1100 2285 id
1112 2263 1163 2292 est,
1180 2259 1226 2287 sed
1242 2259 1353 2287 facienti
1369 2259 1464 2294 majori
1475 2263 1516 2287 est
1528 2259 1638 2293 damno,
1656 2266 1737 2294 quam

952 2305 1074 2339 patienti.

988 2361 1089 2396 Ingrati
1102 2361 1185 2388 animi
1201 2361 1228 2388 in
1245 2362 1412 2389 alienatione
1428 2361 1562 2389 bonorum
1575 2361 1740 2396 praeteritam

952 2407 1066 2442 gratiam
1084 2407 1186 2434 sentire
1208 2412 1420 2434 consueverunt.
1446 2407 1513 2434 Cum
1527 2409 1601 2434 enim
1626 2415 1741 2443 accepe-

953 2453 1008 2479 rint
1022 2461 1036 2479 a
1052 2453 1266 2485 Iiberalioribus,
1289 2453 1390 2480 nullam
1407 2454 1530 2489 largienti
1555 2454 1656 2482 habent
1679 2462 1742 2489 gra—

953 2498 1030 2530 tiam,‘
1044 2498 1141 2532 privati
1157 2502 1248 2525 autem
1262 2499 1398 2533 przelerita
1414 2499 1491 2526 beata
1507 2499 1668 2534 praedicant.

989 2599 1154 2626 Admiranda
1169 2599 1214 2626 illa
1226 2599 1335 2634 quidem
1352 2599 1520 2635 ingratitmlo
1534 2606 1585 2633 est,
1601 2609 1662 2636 quae
1673 2602 1742 2629 bene

955 2646 1085 2673 merentis
1099 2645 1316 2673 benevolentiam
1346 2645 1550 2681 ingratitudinis
1564 2648 1739 2675 occasionem

954 2691 1030 2719 facit.

992 2749 1121 2777 Permulti
1146 2754 1210 2777 sunt
1235 2750 1352 2778 morosis
1388 2750 1544 2778 hominibus
1569 2749 1692 2781 similes,
1717 2748 1745 2777 id

955 2796 1025 2831 quod
1040 2797 1117 2824 adest
1136 2802 1352 2829 contetmtentes,
1365 2801 1392 2824 et
1409 2805 1469 2832 qua:
1489 2797 1588 2824 absunt
1605 2804 1632 2824 re
1644 2797 1745 2830 [uiren-

955 2847 1007 2870 tes.
1022 2841 1091 2871 Non
1109 2843 1181 2870 enim
1198 2844 1392 2879 indigenum-es
1406 2843 1473 2877 ipsis
1486 2843 1681 2874 enumerando,
1696 2848 1746 2874 pro

955 2888 988 2916 iis
1004 2896 1064 2923 qua:
1082 2887 1220 2923 possident
1236 2889 1338 2924 gratias
1355 2892 1437 2922 agunt
1452 2887 1567 2913 Domino
1582 2894 1590 2920 ;
1605 2886 1652 2913 sed
1670 2894 1746 2912 com-

957 2940 1082 2966 parantes
1112 2942 1160 2963 sua
1194 2942 1256 2962 cum
1288 2931 1536 2964 excellentissimis,
1558 2938 1584 2959 ct
1612 2936 1745 2965 quantum
