1889 3085
195 143 261 176 1131

804 141 963 173 ΑΧΤΟΧΙΙ
983 140 1155 171 MELISSIE

1767 137 1839 168 H52

193 202 340 230 vincantur
352 203 512 236 cogitantes,
528 201 605 236 quasi
628 200 747 236 propriis
763 205 892 230 careant.
910 206 975 234 qum

1061 207 1094 224 ὀν
1112 196 1347 231 ἀπολιμπάνον;αι
1366 195 1548 230 λογιζόμενοι,
1575 195 1613 226 ὡς
1627 195 1741 221 οἰκείων
1775 203 1839 220 ors-

193 247 280 275 aliena
295 255 349 275 non
361 248 486 280 habeant,
505 247 660 274 cruciantur
671 250 698 273 et
708 249 868 280 queruntur.

229 340 258 367 S.
275 339 408 373 Chrysost.
426 337 523 364 Multos
541 337 684 364 hominum
700 335 792 362 videre
805 334 867 362 licet
895 333 977 361 benev

194 385 262 411 ﬁciis
279 383 398 418 acceptis
413 383 613 417 mancipiorum
629 382 681 408 ritu
691 382 725 408 de
738 388 768 407 se
782 379 852 406 bene
864 379 978 406 meritos

193 434 378 462 contemnere,
403 433 431 456 et
446 429 577 456 adversus
604 427 666 454 illos
696 425 840 461 supercilia
865 429 978 452 contra-

192 476 267 503 bere.

229 520 330 547 Vitium
360 521 507 548 maximqu
534 518 701 553 ingratitudo
730 514 986 547 mihivideturﬂu.

193 566 306 600 dignum
322 565 445 599 proiecto
457 569 484 592 et
502 571 632 599 perquam
644 562 783 597 indignum
796 561 902 588 vitium.
919 558 985 586 Nam

194 611 326 638 leuelieio
336 611 425 645 aliquo
434 610 559 638 aﬂ'ectum
579 616 633 636 non
646 609 714 636 velle
723 607 882 642 rependere,
893 606 916 633 si
932 612 985 632 non

192 658 256 684 licet
275 658 363 689 aliter,
393 661 421 684 at
446 656 543 684 saltem
576 655 680 690 gratias
699 654 788 681 verbis
802 652 918 688 agendo.
940 655 986 678 aut

193 704 305 731 omnino
317 703 398 737 210
415 703 490 730 stulti
506 706 534 730 et
548 700 679 729 beneﬁcia
696 707 751 727 non
766 698 923 730 sentientis,
939 701 986 724 aut

193 749 292 786 ingrati
311 750 428 777 hominis
440 754 491 776 est.

1036 244 1161 278 ρούμενοι
1176 241 1231 268 τῶν
1249 241 1353 276 ἑτέροις
1380 240 1547 277 προσόντων,
1573 240 1662 272 οὕτως
1685 239 1836 272 ἀνιῶνται,

1034 289 1081 315 καὶ
1094 288 1335 322 καταμέμφονται.

1073 334 1196 368 Ὀρῶμεν
1215 332 1329 364 πολλοὺς
1344 332 1398 359 τῶν
1414 332 1578 367 ἀνθρώπων,
1596 332 1664 367 μετὰ
1685 332 1739 363 τὰς
1752 332 1838 366 εὐερ-

1031 379 1138 413 γεσίας,
1166 378 1294 413 καθάπερ
1317 378 1495 413 ἀνδραπόδων
1522 378 1608 410 οὕτως
1627 370 1837 412 ύπερορῶντας

1031 424 1086 451 τῶν
1102 424 1354 459 εὐεργετησάντων,
1381 425 1430 450 καὶ
1459 424 1509 457 τὰς
1523 423 1610 459 ὀφρῦς
1636 423 1837 450 ἀνασπώντων

1034 470 1095 496 κατ’
1112 470 1213 496 αὐτῶν.

1066 516 1157 542 Δεινόν
1179 524 1223 550 μοι
1240 516 1256 550 ἡ
1276 515 1423 550 ἀχαριστία
1438 516 1647 550 καταφαίνεται,
1665 518 1770 550 δεινῖν,
1784 519 1833 545 καὶ

1035 561 1186 590 πάνδεινον.
1212 561 1337 587 Παοόντα
1362 561 1417 596 γάρ
1446 570 1472 588 τι
1500 563 1582 588 καλὸν
1604 564 1640 597 μὴ
1658 564 1834 597 ἁμείὸεσθαι

1036 607 1194 642 πειρᾶσθαι,
1211 608 1236 634 εί
1260 608 1308 634 καὶ
1334 607 1370 642 μὴ
1398 607 1488 638 ἄλλοις
1501 608 1622 641 δυνατὸν,
1637 609 1835 643 εὐχαριστία;ς

1039 655 1103 687 γοῦν
1121 655 1182 684 ταῖς
1197 654 1241 680 διὰ
1255 653 1352 687 λόγων,
1368 654 1384 688 ἢ
1401 654 1514 688 ἀνοήτου
1532 654 1672 686 παντελῶς
1689 656 1739 682 καὶ
1755 658 1834 683 ἀναι-

1039 700 1139 735 σθήτου
1156 700 1210 726 τῶν
1222 699 1398 734 εὐεργεσιῶν,
1413 700 1430 735 ἢ
1448 699 1616 736 ἀγνώμονος.

233 795 283 822 llic
296 795 374 822 deest
388 795 485 822 Sermo
499 794 569 827 LIX,
584 793 631 828 qui
648 791 809 820 inscribitur
831 799 838 817 :
863 789 902 816 De
919 788 1067 816 consultare
1085 793 1108 815 et
1126 788 1179 816 illi:
1201 789 1247 824 qui
1263 789 1403 816 consilium
1417 793 1442 817 et
1458 790 1715 825 reprehensionenem
1729 791 1836 818 admit-

193 847 263 874 tunt,
276 846 301 869 et
316 842 385 877 quod
408 841 554 875 intelligere
574 844 694 875 oporteat
712 837 799 873 qualis
812 837 846 864 sit
861 835 1006 863 consultor.

397 897 512 926 sentio
526 897 573 925 ω(
593 897 643 934 [αι.
662 895 747 923 xxm
752 895 774 932 1.

231 946 268 973 De
298 945 331 972 iis
360 945 404 980 qui
432 944 612 1005 consiliginem
637 942 863 976 reprehensionem
889 946 944 967 non

508 987 523 1005 α
545 983 660 1005 mittunt.
754 995 757 998 ι

508 983 660 1005 admittunt.

231 1028 367 1056 Salomon.
398 1026 428 1056 ιιι
457 1033 539 1054 aures
567 1024 722 1060 insipientis
752 1023 816 1050 nihil
834 1022 930 1053 dicito,
946 1027 981 1047 ne

192 1074 303 1108 quando
319 1079 461 1100 sermones
482 1075 543 1098 tuos
566 1069 716 1104 prudentia:
737 1068 831 1103 plenos
857 1065 980 1093 irrideat.

230 1119 310 1146 l’rov.
329 1126 374 1146 xv.
402 1117 486 1145 Malos
498 1125 532 1144 ne
557 1115 758 1151 reprehendite,
788 1117 818 1141 ut
844 1112 898 1139 illis
917 1111 981 1139 odio

192 1172 226 1192 ne
241 1166 289 1192 sis.

229 1209 416 1244 chreheusio
431 1207 515 1242 impio
530 1212 572 1234 est
585 1214 634 1241 pro
653 1203 798 1233 vibicibus.

229 1257 282 1289 Qui
296 1255 354 1283 odit
377 1253 618 1289 reprehensionem
643 1256 671 1279 et
685 1249 913 1285 castigationem,
942 1247 983 1274 in-

192 1305 294 1338 sipiens
311 1306 361 1330 est.

228 1349 281 1382 Qui
294 1349 380 1376 maloa;
393 1347 481 1379 docet,
499 1345 550 1373 sibi
567 1344 656 1380 pariet
671 1342 800 1370 dedecus.

226 1395 279 1428 Qui
304 1392 499 1428 castigationes
524 1391 617 1422 odere,
633 1389 749 1423 turpiter
765 1387 847 1415 vitam
874 1384 980 1412 ﬁniens.

229 1440 374 1475 [inperitus
387 1447 441 1467 non
457 1437 560 1465 amabit
575 1437 741 1472 castigantes
757 1434 858 1469 ipsum.

229 1489 307 1514 Amos
326 1494 353 1513 ν.
374 1485 496 1512 Oderunt
518 1484 545 1510 in
575 1482 661 1517 portis
684 1479 940 1516 reprehendentem.
955 1480 984 1506 et

193 1536 313 1560 sanctam
328 1530 479 1558 orationem
493 1527 643 1556 abominati
661 1530 735 1555 sunt.

1333 896 1444 924 ΛΟΓΟΣ
1482 896 1521 923 Ξ¹.

1032 941 1176 977 Περὶτῶν
1204 943 1400 1004 συμϐουλὴνέ
1417 942 1469 970 καὶ
1496 943 1643 977 ἐλέγχους
1664 943 1711 978 μὴ
1741 943 1831 978 δεχο-

1364 987 1384 1004 u
1402 986 1473 1004 νων.

1361 986 1473 1011 μενων.

1068 1022 1116 1054 Εἰς
1131 1019 1189 1050 ὦτα
1204 1023 1322 1057 ἄφρονος
1346 1023 1429 1058 μηδὲν
1458 1023 1533 1057 λέγι,
1551 1024 1589 1059 μή
1616 1032 1684 1050 ποτε
1716 1032 1827 1060 μυκτη-

1034 1068 1098 1102 ρίσῃ
1117 1068 1180 1098 τοὺς
1198 1068 1325 1100 συνετούς
1340 1077 1388 1095 σου
1407 1068 1516 1102 λόγους.

1067 1113 1114 1148 Μὴ
1128 1112 1223 1148 ἔλεγχε
1237 1113 1351 1146 κακοὺς,
1365 1113 1409 1141 ῐνα
1429 1115 1467 1150 μὴ
1484 1114 1623 1150 μισήσωσί
1635 1123 1681 1142 σε.

1069 1202 1100 1229 ut
1111 1202 1217 1237 ἔλεγχοι
1231 1202 1272 1237 τῷ
1285 1202 1379 1228 ἀσεϐεῖ
1391 1201 1525 1238 μώλωπες
1540 1203 1643 1232 αὐτῶν.

1073 1249 1103 1276 '0
1121 1249 1209 1284 μισῶν
1223 1249 1354 1285 ἐλέγχους
1378 1249 1489 1285 ἄφρων.

1075 1338 1105 1366 '0
1127 1338 1265 1366 παιδεύων
1281 1339 1382 1372 κακοὺς
1403 1340 1517 1376 λήψεται
1533 1341 1623 1376 ἑαυτῷ
1640 1341 1770 1377 ἀτιμίαν.

1069 1385 1102 1412 Oi
1122 1385 1267 1420 μισοῦντες
1291 1386 1422 1420 ἐλέγχους
1437 1386 1648 1422 τελευτήσουσιν
1666 1389 1806 1424 αἰσχρῶς.

1071 1430 1127 1458 Ούκ
1141 1431 1282 1466 ἀγαπήσει
1296 1431 1459 1463 ἀπαίδευτος
1474 1433 1538 1464 τοὺς
1552 1433 1718 1468 ἐλέγχοντας
1731 1435 1822 1462 αὐτόν.

1074 1475 1228 1511 Ἐμίσησαν
1245 1477 1274 1502 ὲν
1295 1475 1393 1508 πύλαις
1415 1477 1574 1513 ἐλέγχοντα,
1588 1478 1636 1504 καὶ
1655 1478 1738 1513 λόγον
1751 1481 1823 1508 ὅσιον

1034 1520 1223 1554 ἑϐδελὺξαντο.

228 1577 329 1604 Omnes
352 1574 583 1610 reprehendentes
599 1572 625 1599 in
641 1571 728 1607 portis
744 1577 792 1605 pro
818 1567 975 1597 ollendieult

1070 1567 1177 1600 Πάντας
1202 1569 1265 1600 τοὺς
1289 1568 1454 1605 ἐλέγχοντας
1478 1569 1506 1596 ὲν
1532 1569 1632 1603 πύλαις
1650 1571 1823 1608 πρόσκομμα

193 1623 343 1651 habebunt.

229 1668 329 1695 Jercm.
350 1666 470 1694 Locutus
489 1673 548 1693 sum
575 1665 623 1692 tibi
652 1663 680 1692 in
694 1662 791 1691 delicto
815 1667 872 1695 tuo,
895 1665 922 1689 et.
938 1669 982 1688 re-

193 1714 328 1749 spondisti
347 1718 372 1740 tu
385 1719 440 1740 non
460 1711 628 1751 auditurum.

231 1760 293 1787 Ua'c
318 1760 389 1787 ratur
410 1759 539 1786 Dominus
555 1765 564 1785 :
581 1757 651 1784 Ecce
671 1763 722 1791 ego
743 1753 822 1790 posui
842 1758 905 1781 ante
931 1760 980 1781 ve-

194 1812 282 1835 strum
301 1810 474 1841 conspectum
488 1804 559 1832 viam
573 1804 634 1830 vitae
646 1807 674 1831 et
689 1803 760 1830 viam
779 1801 885 1829 mortis.

231 1896 315 1925 Eccli.
329 1896 471 1932 Improbus
484 1895 711 1930 vituperationem
723 1892 859 1922 declinare
873 1891 951 1920 solet.

231 1942 278 1970 Vir
297 1943 410 1970 consilio
443 1949 552 1973 carens,
572 1940 709 1975 navigium
732 1945 773 1967 est
798 1938 980 1974 gubernatore

194 1989 366 2016 destitutum.

229 2034 325 2061 ΜαιιΙι.
341 2041 416 2060 xvm.
441 2032 469 2060 Si
484 2032 602 2067 peccarit
615 2031 698 2059 frater
718 2035 792 2063 tuus,
811 2030 980 2065 reprehendo

195 2081 283 2114 ipsum
299 2080 363 2107 dum
382 2079 432 2107 soli
450 2079 527 2106 estis.
544 2078 574 2106 Si
595 2081 622 2105 te
641 2076 770 2111 audierit,
803 2076 924 2103 lucratus
948 2083 978 2103 es

195 2125 303 2152 fratrem
319 2130 406 2152 tuum.

230 2169 261 2198 S.
275 2169 379 2197 Basilii.
399 2169 449 2203 Qui
466 2177 518 2197 non
541 2168 636 2203 recipit
650 2167 701 2196 sibi
724 2175 738 2194 a
762 2167 847 2195 fratre
872 2167 980 2195 adhibi-

198 2221 252 2242 tam
268 2217 449 2249 curationem,
471 2215 493 2242 is
506 2222 598 2243 secum
615 2214 671 2249 ipse
690 2213 816 2241 dissidet.

231 2305 365 2340 Tlieologi.
381 2303 477 2332 Omnis
493 2302 584 2330 anima
613 2302 758 2338 repudians
777 2302 978 2330 admonitiones

194 2351 356 2381 iucurabilis
368 2355 419 2378 est.

231 2399 324 2426 Amice
353 2395 553 2431 reprehendens
589 2402 642 2422 non
669 2399 711 2421 est
735 2399 811 2422 extra
844 2394 978 2422 terminos

193 2443 321 2471 amicitia
335 2442 496 2477 ejiciendus.

244 2486 312 2513 Nili.
328 2485 419 2512 Inanis
430 2489 472 2512 est
498 2485 587 2512 omnis
601 2485 698 2516 oratio,
717 2492 777 2519 qua
788 2484 821 2512 ad
839 2485 979 2519 corrigen-

193 2532 258 2559 dum
279 2531 435 2563 adhibetur,
448 2530 471 2557 si
486 2531 640 2558 auditorum
662 2531 789 2558 voluntas
806 2535 834 2558 et
847 2531 980 2563 studium,

193 2579 226 2606 ad
237 2577 356 2606 deterius
372 2577 516 2610 inclinans,
531 2577 646 2605 consilio
659 2583 754 2604 nostro
768 2577 942 2606 adversatur.

227 2665 361 2701 Chrysost.
377 2666 453 2694 Multi
467 2673 666 2701 saepenumero,
686 2673 720 2693 ne
735 2666 893 2693 viderentur
909 2665 979 2693 alle-

193 2712 248 2739 rius
267 2719 347 2747 egere
359 2711 486 2742 consilio.
507 2712 663 2738 maluerunt
683 2711 798 2745 prodere
812 2716 838 2738 et
853 2712 978 2739 amittere

191 2758 344 2790 utilitatem,
370 2765 431 2792 quze
447 2765 461 2784 a
483 2756 600 2784 consilio
619 2756 739 2790 profecta
757 2756 865 2789 luisset,
894 2765 976 2792 quam

190 2803 327 2830 audiendo
353 2803 556 2830 admonitiones
570 2807 660 2829 errata
676 2801 825 2836 corrigere,
853 2807 881 2830 et
894 2803 972 2838 igno-

190 2855 251 2875 rare
276 2855 358 2883 quam
386 2848 491 2876 discere
507 2847 673 2880 rualucrunt,
707 2846 858 2875 nescientes
882 2848 909 2875 in
932 2849 974 2876 di-

1033 1613 1172 1650 Θήσουσιν.

1074 1660 1209 1696 Ἐλᾴλησα
1226 1661 1294 1696 πρὸς
1310 1662 1340 1689 σε
1357 1662 1385 1690 ὲν
1398 1663 1432 1698 τῇ
1446 1662 1626 1698 παραπτώσει
1644 1671 1706 1695 σου,
1722 1666 1772 1691 καὶ
1784 1662 1822 1691 εἴ·

1033 1714 1099 1738 πας.
1116 1706 1173 1734 Οὐκ
1193 1707 1359 1743 ἀκούσομαι.

1067 1752 1137 1780 Τάδε
1151 1753 1224 1788 λέγει
1249 1754 1364 1790 Κύριος.
1384 1755 1450 1782 Ἰδοὺ
1463 1755 1519 1789 ἐγὼ
1539 1755 1643 1782 δέδωκα
1661 1757 1718 1793 πρὸ
1741 1766 1825 1792 12-mo-

1030 1799 1107 1827 ώπου
1140 1800 1217 1834 ὑμῶν
1237 1800 1286 1836 τὴν
1304 1800 1363 1828 ὁδὸν
1380 1801 1429 1835 τῆς
1446 1800 1520 1837 ζωῆς
1559 1803 1608 1829 καὶ
1627 1803 1677 1839 τὴν
1700 1804 1762 1830 ὁδὸν
1778 1804 1822 1830 τοῦ

1031 1845 1160 1884 θανάτου.

1068 1885 1228 1927 Ἀνθρωπος
1242 1891 1404 1927 ἁμαρτωλὸς
1419 1892 1540 1920 ἐκκλινεῖ
1564 1893 1698 1928 ἐλεγμόν.

1072 1936 1256 1972 ’Δσύμεουλος
1271 1938 1342 1974 ἀνὴρ
1356 1938 1448 1965 πλοῖόν
1470 1939 1546 1966 ἐστιν
1563 1940 1768 1976 ἀκυϐέρνητον.

1071 2026 1133 2053 Ἐὰν
1147 2027 1260 2063 ἁμάρτῃ
1275 2027 1289 2052 ὸ
1309 2026 1423 2061 ἀδελφός
1440 2035 1499 2059 σου,
1512 2026 1622 2061 ἔλεγξον
1637 2028 1725 2055 αὑτὸν
1741 2038 1820 2064 μετα-

1030 2071 1061 2105 ξὺ
1077 2071 1124 2098 σοῦ
1137 2072 1184 2098 καὶ
1192 2071 1277 2099 αὐτοῦ
1296 2071 1388 2107 μόνου.
1405 2071 1468 2099 Ἐάν
1482 2081 1529 2099 σου
1541 2073 1657 2110 ἀκούσῃ,
1667 2075 1819 2111 ἐκέρδησας

1029 2118 1075 2144 τὸν
1090 2117 1205 2153 ἀδελφόν
1221 2127 1268 2145 σου
1274 2140 1280 2147 .
1356 2114 1361 2119 ’

1071 2164 1102 2191 '0
1119 2164 1157 2199 μὴ
1171 2164 1390 2200 καταδεχόμενος
1404 2165 1454 2200 τὴν
1471 2165 1547 2201 παρὰ
1571 2166 1617 2192 τοῦ
1641 2167 1762 2202 ἀδελςοῦ
1778 2169 1819 2196 Θε-

994 2228 1016 2256 D
1033 2210 1160 2245 ραπείαν,
1181 2211 1390 2246 προσαγομένην
1404 2212 1488 2247 αὐτῷ,
1502 2212 1669 2247 ἀσύμφωνος
1695 2215 1756 2242 ἐστι
1775 2216 1818 2242 καὶ

1032 2256 1112 2288 αὐτὸς
1127 2256 1225 2292 ἐαυτῷ.

1068 2303 1150 2338 Ψυχὴ
1161 2304 1237 2330 πᾶσα.
1251 2303 1431 2342 ἀνουθέτητος
1445 2304 1645 2340 ἀθεράπευτος.

1065 2392 1102 2420 Οὐ
1115 2393 1154 2419 δεῖ
1166 2393 1281 2427 φιλικῶς
1294 2393 1464 2428 ἐγκαλοῦντα
1478 2395 1530 2428 ἔξω
1543 2403 1570 2422 τι
1587 2396 1642 2423 τῶν
1654 2398 1708 2433 τῆς
1725 2399 1816 2434 φιλίας

1030 2439 1103 2473 ὅρων
1116 2440 1213 2466 ποιεῖν.

1062 2484 1201 2520 Περισσὸς
1214 2484 1269 2516 πᾶς
1285 2484 1364 2518 λόγος
1376 2485 1445 2520 πρὸς
1460 2485 1615 2520 διόρθωσιν,
1637 2488 1706 2515 ὅταν
1722 2491 1739 2524 ἡ
1768 2490 1818 2516 τῶν

1031 2531 1186 2557 ἀκουόντων
1219 2530 1286 2565 πρὸς
1315 2531 1346 2557 τὸ
1372 2532 1465 2566 χεῖρον
1494 2532 1670 2560 ἀποκλίνασα
1711 2536 1813 2569 σπουδὴ

1029 2576 1087 2607 τοῖς
1115 2575 1184 2602 κατὰ
1218 2575 1372 2610 συμϐουλὴν
1410 2577 1567 2613 λεγομένοις
1597 2580 1732 2613 ἐναντίως
1761 2582 1816 2609 διὰ-

1031 2629 1133 2647 κειται.

1065 2666 1159 2693 Πολλοὶ
1181 2667 1309 2699 πολλάκις
1326 2667 1396 2702 ὑπὲρ
1412 2669 1459 2695 τοῦ
1486 2669 1524 2705 μὴ
1544 2671 1666 2706 φανῆναι
1689 2672 1808 2707 δεόμενοι

1029 2712 1188 2747 συμὸουλῆς
1202 2713 1250 2748 τῆς
1268 2713 1334 2748 παρ’
1352 2715 1455 2749 ἑτέρων
1483 2716 1587 2743 εἵλοντο
1604 2719 1753 2753 προδοῦναι

1026 2757 1164 2792 ὠφέλειαν
1183 2758 1234 2794 τὴν
1259 2759 1313 2785 ἁπῦ
1337 2760 1388 2794 τῆς
1412 2760 1535 2796 γνώμης,
1554 2761 1571 2796 ἢ
1595 2763 1743 2797 δεξάμενοι
1768 2765 1813 2799 τῂν

1027 2803 1203 2837 παραίνεσιν,
1223 2803 1370 2838 διορθῶσαι
1392 2805 1421 2832 τὸ
1440 2806 1615 2842 ἁμάρτημα·
1639 2810 1689 2836 καὶ
1713 2811 1812 2845 μᾶλλον

1027 2849 1144 2883 ἀγνοεῖν,
1159 2849 1174 2884 ἢ
1192 2849 1286 2885 μαοείν
1305 2851 1492 2887 κατεδέξαντο,
1517 2854 1568 2880 οὐκ
1595 2855 1698 2888 εἰδότες
1717 2857 1757 2884 ὅτι
1780 2857 1810 2883 οὲ
