1889 3085
140 151 206 184 1161

472 150 559 185 LOCI
580 152 796 184 COMMUNES.
818 164 850 169 —
870 150 967 181 PARS
987 150 1028 181 ΙΙ.
1049 148 1177 179 SERMO
1200 148 1334 179 LXVIII.

1686 144 1754 178 1162

794 207 910 237 δεῐιιιο
925 206 1019 235 vau
1033 207 1082 243 (ι).

616 259 653 286 De
668 258 809 289 chariton,
826 263 900 290 pace,
915 253 1054 282 concordia
1069 256 1093 280 et
1106 252 1234 288 paciﬁcis.

418 319 530 346 ΛΟΓΟΣ
548 319 611 347 ΞΙΙν.

122 362 193 398 Περὶ
207 365 320 400 μίσους
335 367 384 394 καὶ
411 366 523 428 tum)?
546 367 597 394 καὶ
621 366 680 394 τῶν
695 366 794 401 μάχας
819 373 911 393 συνα-

443 410 482 428 πτ
502 411 593 428 ντων.

424 428 429 433 _
443 410 593 429 πτοντων.

162 447 335 475 Ἀπέστειλεν
351 448 457 483 Ἰεφθάε
474 449 606 483 ἀγγέλους
632 449 699 483 πρὸς
717 447 830 483 βασιλέα
845 446 911 474 υιῶν

129 491 252 527 Ἀμμὼν,
283 493 378 528 λέγων,
401 494 435 521 Τι
459 495 520 529 ἐμοὶ
541 495 589 521 καὶ
621 494 673 526 σοὶ,
701 494 743 520 ὅτι
765 493 844 529 ἥκεις
867 493 911 520 ἐπ’

123 537 184 571 ἐμὲ,
200 539 355 574 πολεμῆσαί
375 548 409 574 με
425 541 454 567 ὲν
476 541 510 575 τῇ
527 541 563 576 γῇ
580 549 631 574 μου
645 548 652 574 ;
681 539 736 574 ἐγὼ
750 540 798 574 οὐχ
818 540 910 574 ἥμαρ-

122 583 168 610 τόν
180 593 233 617 σοι,
251 587 298 611 καὶ
314 585 346 612 σὺ
361 587 448 617 ποιεῖς
460 586 518 620 μετ’
535 585 600 620 ἐμοῦ
621 585 754 621 πονηρίαν
768 584 814 611 τοῦ
831 583 911 612 πολε-

124 629 210 664 μῆσαι
225 631 253 657 ὲν
268 631 338 665 ἐμοί.
358 631 457 666 Κρίναι
474 632 577 667 Κύριος
595 633 610 658 ό
634 633 745 666 κρίνων,
763 632 816 658 ἀνά
831 630 912 666 μέσον

124 676 190 702 υῐῶν
215 677 336 712 Ἰσραὴλ,
362 678 410 704 καὶ
432 678 484 705 ἀνὰ
509 678 592 712 μέσον
614 678 679 704 υίῶν
702 677 827 712 Ἃμμὼν.
857 677 913 704 Καὶ

123 721 173 748 οὐκ
201 723 345 758 είσήκουσε
375 724 501 759 βασιλεὺς
516 725 583 752 υἱῶν
601 725 716 760 Ἀμμὼν
740 725 795 752 τῶν
823 724 912 758 λόγων

129 764 246 799 Ἰεφθάε,
258 763 296 794 ὧν
307 768 452 795 ἀπέστειλε
469 769 539 804 πρὸς
553 769 644 803 αὐτὸν,
662 770 708 797 καὶ
722 769 854 806 ἐγεννήθη
865 769 912 796 ἐπὶ

129 807 234 844 Ἰεφθάε
248 812 360 847 Πνεῦμα
374 813 490 847 Κυρίου,
514 813 562 840 καὶ
575 814 652 849 διέϐη
667 815 735 849 πρὸς
750 814 813 846 τοὺς
835 814 912 844 υἱοὺς

130 855 253 890 ’Λμμὼν,
267 856 314 884 τοῦ
326 858 481 894 πολεμῆσαι
495 859 606 892 αὐτούς.
621 860 676 886 Καὶ
691 860 848 895 παρέδωκεν
860 860 911 888 αὐ-

123 901 186 933 τοὺς
203 902 306 938 Κύριος
321 905 350 932 ἐν
364 905 438 941 χειρὶ
461 906 545 933 αὑτοῦ
556 927 564 939 ,
581 908 628 934 καὶ
653 908 788 940 ἐπάταξεν
803 908 844 939 είς
861 908 912 935 αὺ-

123 946 188 978 τοὺς
202 948 288 975 εἴκοσι
300 949 403 983 πόλεις,
421 951 468 978 καὶ
478 951 669 987 ὲνετράπησαν
683 953 707 979 οἱ
721 953 775 979 uiui.
796 952 912 988 Ἀμμὼν

124 992 179 1019 ἀπὸ
192 993 337 1028 προσώπου
353 995 418 1022 υῐῶν
432 996 554 1032 Ἰσραήλ.

161 1039 268 1067 Παῦσαι
291 1040 346 1068 ἀπὸ
370 1041 467 1076 ὀργῆς,
483 1042 532 1069 καὶ
547 1043 716 1077 ἂγκατάλιπε
744 1043 830 1079 θυμόν
844 1049 852 1060 ⁸
875 1043 914 1079 μὴ

125 1084 285 1120 παραζήλου
301 1086 372 1113 ὥστε
386 1087 586 1123 πονηρεύεσθαι
598 1097 605 1104 ·
621 1089 663 1117 ὅτι
677 1089 703 1116 οἱ
723 1090 913 1126 πονηρευόμιο

125 1138 166 1157 νοι
183 1130 466 1169 ἐξολοθρευθήσονται.

159 1178 361 1214 Διασκόρπισον
378 1181 443 1216 ἔθνη
462 1182 497 1208 τὰ
512 1181 577 1214 τοὺς
597 1182 734 1218 πολέμους
753 1182 877 1210 θέλοντα.

160 1223 247 1256 Mica;
263 1225 367 1259 ἐγείρει
381 1227 481 1258 νεῖκος.

158 1266 197 1297 OB
207 1270 255 1297 ἐὰν
271 1271 379 1307 eum“
397 1271 486 1309 ὕϐρις,
499 1273 557 1301 ἐκεῖ
569 1274 615 1301 καὶ
630 1275 737 1310 ἀτιμία.

159 1359 242 1396 Ἀνὴρ
260 1360 389 1397 θυμώδης
404 1363 612 1398 παρασκευάζει
627 1363 729 1399 μάχας.

158 1404 327 1441 Ἀντιλογίας
342 1407 444 1443 ἐγείρει
457 1409 513 1440 πᾶς
527 1409 611 1441 κακός
621 1417 629 1427 -
645 1409 660 1436 ὁ
674 1409 702 1436 δὲ
719 1409 822 1445 Κύριος
831 1409 914 1446 ἄγγε-

123 1450 169 1478 λον
185 1451 354 1488 ἀνελεήμονα
369 1454 508 1490 ἑκπὲμπει
521 1455 607 1490 αὐτῷ.

161 1498 322 1535 Φιλαμαρτή
327 1509 386 1535 μων
396 1501 488 1537 χαίρει
503 1502 617 1537 μάχαις.

157 1544 244 1579 Λόγος
257 1545 380 1582 λυπηρὸς
393 1547 495 1583 ἐγείρει
508 1548 606 1583 ὀργάς.

158 1590 204 1622 Μὴ
219 1591 345 1628 ὲπίχαιρε
368 1593 418 1620 καὶ
435 1594 593 1629 πρόσπιπτε
619 1595 661 1627 είς
676 1595 767 1632 μάχην
792 1595 914 1631 ταχέως,

125 1637 169 1664 ινα
183 1638 221 1673 μὴ
234 1639 427 1674 μεταμεληθῇς
440 1639 485 1666 ἐπ’
498 1640 623 1675 ἐσχάτων
635 1649 695 1668 σου.

159 1685 273 1720 Σιδηρος
291 1685 402 1721 σίδηρον
415 1685 506 1718 ὸξύνει
516 1694 523 1703 ·
538 1687 611 1722 ἀνὴρ
621 1687 650 1714 δί
666 1687 815 1721 παροξύνει
827 1688 914 1724 πρόσ-
928 1675 952 1707 c

124 1738 199 1757 ωπον
212 1730 318 1766 ἑτέρου.

159 1775 205 1810 Μὴ
218 1775 415 1812 φιλεχθρήσεις
429 1776 499 1811 πρὸς
520 1775 665 1812 ἄνθρωπον
687 1776 789 1813 μάτην,
813 1778 859 1806 ἵνα
877 1778 915 1815 μή

123 1829 150 1848 τι
166 1821 206 1852 είς
222 1821 252 1848 σὲ
272 1821 424 1857 ἐργάσηται
446 1821 541 1850 κακόν.

160 1866 324 1903 Σύντριμμα
345 1868 394 1895 καὶ
417 1868 590 1904 ταλαιπωρία
607 1869 638 1896 ὲν
652 1871 713 1902 ταῖς
729 1870 800 1903 ὁδοῖς
813 1870 914 1904 αὐτῶν,

123 1914 171 1941 καὶ
183 1915 242 1941 ὁδον
256 1915 369 1950 εἰρήνης
382 1915 434 1942 οὐκ
451 1915 585 1950 ἔγνωσαν,
611 1917 659 1943 καὶ
671 1918 721 1944 οὐχ
744 1917 802 1944 ἐστι
825 1917 916 1952 κρίσις

123 1960 153 1987 ιν
164 1961 224 1992 ταῖς
233 1961 303 1993 ὁδοῖς
314 1961 415 1989 αὐτῶν.
432 1963 465 1989 Αἱ
477 1963 533 1998 γὰρ
548 1963 638 1998 τρίόοι
650 1963 741 1990 αὐτῶν
767 1963 916 1999 διεστραμ-

125 2007 205 2042 μέναι
219 2007 251 2039 ἃς
266 2007 400 2041 ὁδεύουσι,
414 2009 463 2036 καὶ
478 2010 530 2036 οὐκ
546 2010 649 2037 οἴδασιν
671 2011 810 2046 είρήνην.’

160 2053 218 2084 Πᾶς
231 2053 245 2080 ὁ
267 2051 342 2085 οἶκος
358 2053 469 2091 Ἰσραὴλ
490 2055 641 2090 φιλόνεικοι
669 2056 718 2083 καὶ
743 2056 917 2093 σκληροκάρ-

125 2098 186 2126 ὃιοι.

159 2145 243 2181 ’Λνὴρ
259 2146 421 2181 ἁμαρτωλὸς
436 2147 584 2183 παροξύνει
602 2148 707 2181 φίλους,
723 2150 771 2176 καὶ
794 2149 846 2176 ἀνὰ
867 2149 917 2185 μέ-

126 2199 171 2217 σον
188 2191 385 2227 είρηνευόντων
401 2192 493 2227 βάλλει
504 2193 644 2228 διαῦολήν.

163 2235 241 2270 Ἔρις
265 2237 514 2273 κατασπευδομένη
539 2239 646 2266 ἐκκαίει
679 2239 745 2275 πῦρ,
770 2239 819 2266 καὶ
842 2240 916 2276 μάχη

125 2282 371 2319 κατασπερδομένη
388 2284 478 2318 ὲκχέει
498 2282 578 2319 αἷμα.

163 2329 240 2356 Πᾶσα
255 2329 391 2365 βασιλεία,
411 2331 572 2366 μερισθεῖσα
584 2332 646 2358 καθ’
671 2331 783 2367 ἑαυτὴν,
795 2332 916 2368 ἐρημοῦ-

125 2381 187 2401 ται*
201 2375 248 2402 καὶ
265 2376 339 2402 πᾶσι
357 2376 435 2408 πόλις
451 2377 497 2403 καὶ
508 2377 592 2410 οιχια,
607 2377 770 2412 μερισθεῖσα
781 2378 844 2405 καθ’
858 2379 918 2405 ἐαυ-

126 2421 187 2457 τὴν.
201 2422 230 2448 οὐ
247 2421 402 2450 καθίσεται.

162 2468 212 2495 Διὰ
234 2467 265 2494 τὸ
293 2468 483 2504 πληθυνθῆναι
506 2470 556 2505 τὴν
578 2470 698 2505 ἀνομίαν
722 2470 878 2506 ψυγήσεται
901 2471 919 2506 ἡ

127 2514 220 2549 ἀγάπη
233 2514 288 2540 τῶν
309 2515 427 2542 πολλῶν.

161 2561 195 2587 Ei
208 2569 250 2593 τις
260 2561 335 2588 δοκεῖ
347 2561 498 2596 φιλόνεικος
513 2560 594 2595 εἶναι,
605 2563 685 2598 ἡμεῖς
693 2563 824 2598 τοιαύτην
838 2564 919 2600 συνή-

126 2608 203 2635 θειαν
218 2608 268 2634 οὐκ
279 2608 387 2642 ἔχομεν,
402 2608 463 2635 οὐδὲ
478 2609 624 2644 ἐκκλησίαι
642 2609 688 2636 τοῦ
701 2609 782 2637 θεοῦ.

168 2703 197 2730 '0
215 2703 360 2739 ταράσσων
392 2703 465 2739 ὑμᾶς
493 2702 574 2735 αὐτὸς
604 2701 735 2738 βαστάσει
764 2702 794 2728 τὸ
818 2702 918 2737 κρίμα,

126 2752 199 2784 ὅστις
214 2751 246 2778 ἂν

162 2824 200 2859 (Ι)
215 2823 312 2859 Sermo
336 2821 386 2849 iste
402 2821 470 2859 nihil
487 2821 544 2859 fere
568 2820 776 2859 continetquod
803 2828 856 2847 non
876 2821 913 2849 le—

126 2856 205 2894 gatu'r
220 2858 246 2885 iu
263 2864 389 2894 sermone
400 2857 435 2894 26
456 2856 658 2894 partisprimae,
677 2856 796 2894 ejusdem
809 2860 850 2883 est
871 2863 913 2884 ar-

130 2891 260 2931 ii'unenti,
276 2893 313 2919 De
332 2893 462 2919 charitute
489 2892 594 2920 scilicet
609 2899 654 2919 seu
670 2891 819 2925 dilectione,
834 2899 909 2927 pace,

285 2941 419 2972 PATROL.
446 2940 495 2972 Gn
533 2940 705 2972 CXXXVI.

1033 313 1212 349 εις-κιο
1229 310 1345 339 8Ε11Μο
1359 309 1462 339 LXVII!
1481 310 1530 347 [αι.
1543 309 1671 345 LXXVI].

1017 360 1056 388 De
1069 360 1130 388 odio
1144 364 1169 387 et
1192 358 1351 391 inimicitiis,
1367 362 1391 385 et
1418 365 1521 393 pugnas
1543 357 1702 385 carentibus.

998 449 1090 477 ludit.
1105 456 1135 476 ll.
1149 447 1265 484 Jephtha
1289 448 1401 476 nuntios
1425 447 1502 475 misit
1520 446 1553 474 ad
1581 453 1670 481 regem
1686 446 1754 473 Am-

963 495 1140 526 monitarum,
1156 501 1219 522 cum
1247 493 1405 528 huiusmodi
1432 492 1568 520 mandatis
1585 500 1594 520 :
1610 491 1682 525 Quid
1705 491 1754 521 tibi

962 549 1069 569 mecum
1091 541 1130 568 rei
1154 544 1207 572 est,
1228 540 1303 575 quod
1328 539 1407 568 venis
1432 540 1461 567 in
1487 540 1556 566 fines
1581 538 1640 574 agri
1664 537 1754 565 nostri

962 587 1112 616 bellatum?
1126 586 1195 614 nihil
1211 587 1238 614 in
1255 590 1281 613 te
1297 586 1418 622 peccavi,
1457 591 1485 613 et
1502 590 1529 612 tu
1544 591 1652 612 mecum
1675 583 1756 610 mali-

961 633 1031 661 tiose
1042 633 1112 667 agis.
1145 633 1192 668 qui
1214 632 1282 660 mihi
1298 631 1398 660 bellum
1421 630 1516 658 infers.
1538 628 1647 657 Judicet
1662 627 1754 655 Domi-

962 687 1016 707 nus
1034 679 1068 706 de
1086 685 1168 706 causa
1190 677 1377 706 lsraelitarum
1403 681 1431 704 et
1444 675 1676 703 Ammonitarum.
1696 674 1754 702 Rex

964 728 1054 751 autem
1095 723 1315 751 Ammonitarum
1360 729 1415 749 non
1457 721 1596 756 acquievit
1635 718 1754 748 orationi

961 767 1097 804 Iephtha,
1109 776 1162 804 qua
1189 776 1238 803 per
1251 767 1363 796 nuntios
1376 767 1449 802 apud
1466 767 1542 794 illum
1558 773 1624 794 usus
1637 769 1696 793 erat
1706 773 1714 791 :
1726 768 1755 792 et

962 815 1098 850 corripuit
1118 814 1266 850 Jcphtham
1284 814 1405 849 Spiritus
1423 813 1539 846 Domini,
1549 817 1576 841 et
1591 819 1753 848 progressus

962 865 1005 888 est
1024 860 1057 888 ad
1072 860 1172 888 bellum
1196 860 1368 888 inferendum
1385 860 1448 888 ﬁliis
1459 859 1611 892 Ammonis,
1628 857 1755 886 tradidit-

963 915 1017 942 quc
1029 914 1078 935 eos
1092 906 1225 935 Dominus
1241 907 1270 934 iu
1293 914 1394 934 manus
1411 906 1448 939 ei,
1465 905 1638 940 vastavitque
1657 902 1755 940 viginti

963 953 1045 982 urbes
1059 962 1067 982 :
1085 958 1114 982 et
1127 953 1291 981 Ammonius
1307 952 1460 982 timuerunt
1477 951 1627 980 lsraelitas.

999 1043 1098 1072 David.
1110 1043 1180 1071 Seda
1196 1042 1377 1076 iracundiam,
1390 1045 1417 1070 et
1432 1041 1501 1069 iram
1520 1039 1630 1073 omitte;
1646 1038 1702 1066 noli
1717 1038 1756 1066 ita

965 1090 1088 1118 simulari
1109 1094 1140 1117 ut
1156 1089 1280 1125 improbe
1299 1095 1386 1123 agas:
1402 1086 1467 1123 quia
1493 1085 1610 1122 improbi
1633 1084 1756 1112 funditus

964 1136 1104 1172 peribunt.

1001 1181 1131 1216 Dispcrge
1146 1185 1240 1217 gentes
1254 1187 1314 1216 quae
1330 1180 1402 1209 bella
1417 1179 1524 1208 volunt.

1002 1227 1100 1255 Odium
1114 1226 1215 1254 excitat
1225 1225 1439 1254 contentionem.

1000 1273 1171 1309 Quocunquc
1186 1272 1309 1307 ingressa
1329 1271 1414 1300 fuerit
1429 1270 1609 1303 contumelia,
1625 1276 1659 1298 eo
1673 1268 1756 1298 etiam

966 1320 1126 1356 ignominia.

1006 1365 1049 1394 Vir
1064 1365 1216 1394 iracundus
1233 1368 1369 1402 praeparat
1388 1371 1503 1400 pugnas.
1743 1397 1747 1402 ῃ

999 1412 1239 1440 Contradictiones
1254 1411 1358 1440 excitat
1377 1410 1468 1438 omnis
1494 1409 1604 1438 maius:
1622 1407 1757 1436 Dominus

966 1463 1056 1487 autem
1072 1458 1113 1485 illi
1127 1458 1218 1485 mittet
1232 1457 1357 1493 angelum
1369 1455 1631 1485 immisericordem.

1001 1504 1135 1533 Peccandi
1150 1504 1266 1539 cupidus
1281 1503 1380 1539 pugnis
1396 1501 1507 1538 gaudet.

1001 1550 1115 1579 Molesta
1130 1550 1220 1578 oratio
1231 1549 1335 1578 excitat
1352 1556 1418 1578 iras.

1000 1596 1041 1625 Ne
1067 1596 1183 1625 insultes
1198 1600 1246 1625 aut
1265 1596 1355 1624 irruas
1378 1596 1406 1624 in
1428 1595 1552 1631 praelium
1576 1595 1642 1630 cito,
1667 1603 1702 1624 ne
1723 1595 1758 1624 ad

965 1647 1120 1672 extremum
1141 1647 1168 1671 te
1182 1643 1245 1677 ejus
1259 1643 1401 1678 poeniteat.

1004 1690 1038 1718 Ut
1054 1690 1158 1718 ferrum
1176 1689 1251 1717 acuit
1272 1688 1388 1724 ferrum,
1406 1687 1447 1717 sic
1463 1689 1548 1717 homo
1565 1681 1705 1717 bominem
1719 1688 1759 1717 iro

966 1736 1043 1764 ritat.

1001 1781 1061 1810 Noli
1081 1782 1142 1810 sine
1154 1789 1237 1811 causa
1255 1781 1415 1809 inimicitias
1429 1787 1492 1809 cum
1507 1787 1645 1816 quoquam
1669 1780 1759 1810 susci-

966 1835 1042 1863 pere.
1060 1835 1095 1856 ne
1109 1828 1175 1864 quid
1191 1828 1219 1855 in
1233 1833 1261 1856 te
1275 1827 1336 1855 mali
1350 1827 1497 1862 excogitet.

1001 1874 1060 1902 Ira.
1083 1882 1140 1902 ιιι.
1156 1874 1293 1902 Contritio
1322 1878 1359 1902 et'
1373 1873 1485 1902 miseria
1511 1873 1539 1901 in
1567 1873 1621 1902 viis
1647 1880 1756 1905 eorum,

966 1927 1018 1948 nec
1033 1920 1105 1947 viam
1125 1920 1201 1955 pacis
1216 1923 1330 1953 norunt,
1344 1927 1396 1947 nec
1410 1923 1452 1948 est
1477 1919 1505 1952 in
1524 1919 1578 1947 viis
1605 1926 1703 1947 eorum
1717 1918 1761 1953 iu-

968 1966 1089 1999 dicium;
1108 1967 1159 1994 vize
1174 1966 1247 1994 enim
1263 1973 1333 2001 quas
1347 1965 1553 2001 ingrediuntur,
1572 1972 1664 2000 pravae
1683 1969 1758 1997 sunt,

967 2020 1019 2041 nec
1033 2020 1126 2048 pacem
1142 2016 1290 2040 noverunt.

1003 2058 1101 2087 Each.
1117 2058 1185 2086 Tota
1220 2058 1323 2086 familia
1346 2058 1496 2087 Israelitica
1520 2065 1553 2086 ex
1580 2056 1761 2085 contentiosis

967 2105 1050 2141 219
1064 2111 1092 2133 et
1106 2105 1296 2140 pervicacibus
1313 2109 1431 2133 constat.

1002 2151 1147 2186 Improbus
1161 2151 1310 2178 exacerbat
1323 2151 1439 2184 amicos,
1457 2154 1486 2179 et
1499 2154 1571 2178 Inter
1584 2148 1759 2177 concorditer

967 2197 1091 2225 viventes
1106 2197 1194 2233 injicit
1207 2197 1383 2225 calumniam.

1005 2242 1091 2269 Eccli.
1109 2250 1205 2270 xxvul.
1217 2242 1364 2270 Cunteutio
1387 2241 1514 2270 festinata
1538 2241 1638 2269 emittit
1656 2241 1757 2276 ignem,

969 2292 996 2316 et
1011 2296 1102 2323 pugna
1115 2289 1266 2316 accelerata
1282 2287 1397 2315 eﬂ‘undit
1414 2287 1586 2322 sanguinem.

1006 2332 1105 2360 Matth.
1120 2341 1169 2360 xu.
1192 2331 1279 2360 Omne
1306 2340 1420 2368 regnum
1439 2339 1535 2360 secum
1559 2330 1697 2359 dissidens
1711 2330 1761 2358 de-

970 2378 1087 2410 solatur,
1113 2378 1234 2412 itemque
1252 2376 1351 2405 civitas
1379 2377 1469 2405 omnis
1490 2384 1522 2404 ac
1543 2375 1647 2404 familia
1673 2376 1761 2404 divisa

969 2425 1101 2452 adversus
1119 2424 1248 2459 scipsam,
1265 2432 1319 2452 non
1337 2423 1433 2451 stabit.

1004 2471 1074 2504 Quia
1088 2471 1312 2506 multiplicabitur
1326 2470 1470 2505 iniquitas,
1486 2469 1614 2505 frigescat
1630 2469 1752 2497 charitas

971 2517 1133 2545 multorum.

1007 2565 1022 2593 1
1032 2565 1094 2594 Cor.
1110 2572 1149 2592 ιι.
1165 2563 1193 2592 Si
1206 2563 1268 2598 quis
1289 2563 1398 2591 videtur
1414 2563 1604 2591 contentiosus
1622 2571 1694 2595 esse,
1709 2569 1761 2589 uos

974 2612 1055 2640 talem
1073 2609 1301 2639 consuetudinem
1326 2616 1380 2637 non
1407 2609 1550 2642 habemus,
1566 2617 1616 2638 nec
1639 2609 1761 2636 ecclesia:

971 2658 1030 2686 Dei.

1006 2705 1057 2738 Qui
1073 2705 1218 2733 conturbat
1246 2711 1306 2738 vos,
1322 2702 1528 2731 damnationem
1556 2701 1686 2737 portabit,
1700 2701 1761 2736 qui-

969 2759 1077 2788 cunque
1091 2753 1136 2781 sit.

965 2823 1105 2850 concordia
1117 2827 1141 2850 et
1156 2822 1283 2858 paci/iris.
1302 2822 1386 2858 igitur
1399 2828 1430 2849 cx
1447 2820 1555 2848 duobus
1576 2826 1662 2846 unum
1693 2819 1760 2846 feci-

965 2867 1036 2886 lllUS.

1544 2934 1583 2964 37
