1889 3085
111 191 182 222 1165

520 190 607 222 LOCI
627 190 896 222 COMMUNES.-
915 190 1014 221 PARS
1034 189 1078 222 Ιῐ.
1095 190 1226 221 SERMO
1244 190 1348 222 LXIX.

1684 190 1751 223 1166

148 248 178 275 '0
193 249 345 276 διαϐάλλων
359 249 405 276 τδν
429 249 544 285 πλησίον
567 249 651 277 αὑτοῦ
678 249 810 285 ἀδελφικὰ
833 257 903 284 κρεα

1004 249 1024 279 Β.
1037 249 1175 286 Chrysoat.
1191 249 1243 283 Qui
1263 249 1374 277 fratrem
1397 257 1478 278 suum
1500 250 1674 284 criminatur,
1695 250 1752 278 fra-

111 294 224 329 ἔφαγεν,
251 295 387 330 ὑπόληψιν
404 296 524 332 τρώσας,
547 296 593 324 καὶ
610 296 697 332 μυρία
724 296 807 332 ἔτερα
824 297 906 332 ἔργα·

111 341 228 376 σάμενος
239 341 284 368 διὰ
303 341 349 369 τοῦ
364 342 444 375 λόγου
464 342 546 369 κακά.

149 387 256 423 Ὥσπερ
288 387 319 415 τὸ
346 388 439 420 καλῶς
451 388 543 423 λέγειν
556 389 602 416 καὶ
620 389 806 424 ἐγκωμιάζειν
833 390 906 425 ἀρχὴ

112 433 203 468 φιλίας
218 435 307 469 ἐστὶν,
336 434 408 461 οὕτω
421 434 452 461 τὸ
467 435 561 467 κακῶς
576 434 666 469 λέγειν
678 434 725 461 καὶ
752 434 907 462 διαϐάλλειν

114 480 216 515 ἔχθρας
227 480 277 507 καὶ
291 480 444 516 ἀπεχθείας
456 482 503 508 καὶ
522 481 630 517 μυρίων
645 481 739 508 κακῶν
765 481 836 516 ἀρχὴ
859 481 907 508 καὶ

115 526 244 558 ὕπὸθεσις
269 526 393 560 γέγονεν.

151 573 200 599 Ἂν
217 573 266 608 μὲν
281 574 402 610 ὀνειδίσῃ
422 583 452 602 σι
471 575 485 602 ὁ
499 575 598 611 ἐχθρὸς
611 575 776 611 ἁμάρτημα,
791 575 805 602 ὅ
829 583 909 602 σεαυ-

115 618 154 654 τῷ
169 619 305 653 σύνοιδας,
336 621 368 648 σὺ
384 621 414 648 δὲ
430 621 563 654 ἀκούσας,
584 622 690 650 ἐκεῖνον
707 622 758 653 μιν
777 621 815 656 μὴ
832 620 910 656 ὑδρί-

117 673 178 700 σῃς,
195 666 327 702 στενάξῃς
340 667 368 694 δὲ
385 668 496 703 πικρὴν,
517 670 565 695 καὶ
587 668 633 696 τδν
663 668 730 696 Θεὸν
752 667 910 703 παρακαλε-

120 719 182 747 σῃς,
198 712 300 744 εὐθέως
319 713 422 740 ἀπέθου
440 714 489 750 τὴν
503 714 643 750 ἁμαρτίαν
661 714 783 742 ἃπασαν.

153 757 298 793 Μηδέποτε
321 758 450 794 αἰδεσθῇς
476 759 522 786 τὸν
540 760 610 795 πρὸς
636 759 666 786 σὲ
692 759 909 792 καταλαλοϋντα,

121 802 166 836 μᾶ
176 802 221 829 λον
235 803 264 830 δὲ
277 803 349 838 λέγε,
366 804 486 837 Παῦσαι,
513 805 623 840 ἁδελφὲ,
652 804 708 839 ἐγὼ
725 805 787 832 καθ’
802 805 910 841 ἡμέραν

120 847 298 884 χαλεπώτερα
329 849 430 876 πταίω.
462 851 516 877 Καὶ
534 851 592 883 πῶς
616 852 721 878 ἐκεῖνον
747 851 910 886 κατακρῖναι

120 892 256 928 δύναμαι;
271 893 325 921 Δύο
338 896 392 931 γὰρ
408 897 559 931 κερδανεῖς,
575 897 604 923 ὲν
619 898 670 933 μιᾷ
680 896 849 932 ὲμπλάστρῳ
863 897 910 924 καὶ

122 940 235 968 σεαυτὸν
252 942 298 968 καὶ
316 942 360 970 τὸν
376 942 490 978 πλησίον
507 943 663 980 ἰασάμενος.

164 1031 290 1059 Πλάτωνί
304 1040 376 1064 τινος
394 1032 531 1068 λέγοντος,
552 1033 594 1060 ὅτι
608 1032 690 1065 Τινὲς
707 1033 860 1069 λοιδοροῦσί
874 1042 914 1066 σε,

123 1078 175 1113 ἔφη
191 1085 199 1093 ·
218 1077 290 1105 Ἀλλ’
304 1077 360 1113 ἐγὼ
372 1078 458 1112 οὕτως
474 1080 568 1117 διάξω,
584 1079 657 1107 ὥστε
675 1080 852 1109 ἀπιστεῖσθαι
867 1081 916 1108 αὖε

123 1123 199 1152 τούς.

161 1133 170 1151 J
191 1143 199 1152 .

161 1132 245 1198 "grav
271 1171 441 1208 λοιδορηοῇς.
469 1172 568 1200 σκόπει
595 1173 633 1208 μή
659 1173 687 1200 τί
703 1182 745 1201 σοι
760 1174 916 1211 πέπρακται

124 1216 174 1251 τῆς
186 1216 318 1252 λοιδορίας
335 1218 410 1250 ἄξιον
422 1226 428 1234 ι
442 1218 466 1244 εί
482 1218 510 1245 δὲ
531 1218 561 1245 οὐ
575 1219 745 1254 πέπρακται,
760 1219 863 1246 χαπνδν
879 1216 918 1245 εῖ-

124 1270 168 1289 ναι
181 1263 230 1297 τὴν
244 1262 377 1298 λοιδορίαν
394 1264 503 1299 νόμιζε.

162 1308 287 1344 Χαϐρίας
301 1309 354 1336 ὑπὸ
380 1310 503 1346 πονηροῦ
534 1311 621 1338 πολλὰ
637 1311 816 1347 λοιδορηθεὶς,
845 1310 914 1346 ἔφη·

125 1354 266 1382 Κάλλιστα
279 1355 425 1392 ἐποίησας,
448 1357 534 1392 μηδὲν
555 1357 609 1384 τῶν
626 1357 784 1393 προσόντων
804 1357 917 1384 καταλι-

129 1401 202 1428 πῶν.

165 1448 198 1476 Ἠ
212 1448 263 1485 μὲν
279 1450 402 1487 μάχαιρα
417 1451 522 1486 τέμνει,
540 1451 557 1487 ή
571 1451 599 1478 δὲ
615 1451 726 1486 διαϐολὴ
742 1451 854 1485 χωρίζει
875 1451 918 1485 φίο

125 1496 199 1523 λουε.

163 1515 232 1570 δῦτε
256 1544 400 1580 ἀρρώστου
430 1544 548 1580 πληγὴν,
575 1545 638 1572 οὔτε
662 1545 777 1581 ἀνοήτου
803 1545 918 1580 ἀπειλὴν

127 1590 169 1617 δεῖ
181 1591 367 1619 εὐλαϐεῖσθαι.

958 299 1051 324 ternas
1066 303 1165 323 carnes
1177 295 1244 329 edit,
1257 295 1462 324 existimatione
1474 297 1534 332 ejus
1549 297 1622 330 Iresa,
1635 301 1663 325 et
1678 297 1754 324 mille

958 342 1020 370 aliis
1039 341 1119 369 malis
1135 341 1227 376 lingua
1245 341 1369 376 patratis.

958 395 965 411 τ
994 387 1030 416 Ut
1047 388 1211 416 benedicere
1234 392 1263 415 et
1286 388 1397 416 laudare
1421 388 1528 416 initium
1546 389 1673 416 amicitiae
1686 395 1753 422 est,

959 434 1000 462 sic
1021 434 1183 462 maledicere
1205 437 1232 463 et
1257 433 1400 462 criminari
1429 434 1581 463 inimicitia:
1606 439 1634 463 et
1654 435 1709 462 odii
1725 439 1755 461 et

961 485 1155 510 sexcentorum
1173 481 1308 510 malorum
1337 481 1502 517 principium
1526 486 1553 510 et
1576 482 1683 510 occasio
1701 485 1752 508 est.

999 571 1028 599 Si
1051 572 1098 599 tibi
1116 576 1146 599 ut
1170 572 1301 606 probrum
1328 572 1422 607 objicit
1447 572 1578 600 inimicus
1599 577 1754 606 peceatum,

962 618 1041 653 cujus
1071 622 1100 645 tu
1130 618 1178 646 tibi
1205 618 1334 646 conscius
1353 626 1393 650 es,
1407 625 1459 646 nec
1487 623 1516 646 tu
1542 618 1656 647 audiens
1679 618 1754 645 illum

961 663 1160 693 contumeliose
1176 664 1291 700 excipis,
1311 665 1358 692 sed
1381 664 1480 692 acerbe
1500 664 1597 699 gemis,
1617 663 1758 699 Deumque

960 711 1092 747 precaris,
1108 712 1198 740 statim
1216 719 1298 741 Omne
1311 715 1455 747 peccatum
1472 720 1487 739 a
1503 716 1529 739 te
1547 712 1702 739 removisti.

997 757 1124 786 Clemeut.
1140 757 1194 786 Fac
1211 766 1350 793 nunquam
1376 758 1529 786 reverearis
1544 765 1606 786 eum
1621 757 1667 793 qui
1682 757 1757 792 apud

962 808 987 832 te
998 805 1113 834 alterum
1124 805 1273 839 proscindit
1283 825 1292 839 ,
1305 805 1352 834 sed
1376 805 1469 839 petius
1486 805 1561 832 illum
1579 805 1619 832 sic
1632 811 1756 836 moneas,

961 850 1083 878 dicens:
1107 851 1217 884 Desine,
1230 852 1325 879 frater.
1351 852 1407 886 Ego
1431 850 1554 886 quotidie
1579 851 1690 886 gravius
1715 851 1758 877 la-

962 897 1014 924 hor
1028 901 1055 925 et
1074 905 1156 931 pecco
1177 906 1184 925 :
1204 902 1232 926 et
1247 898 1292 932 qui
1316 905 1428 932 possunt
1446 897 1522 924 illum
1549 895 1758 925 condemnare?

923 936 948 966 Β
967 942 1040 972 Duos
1051 943 1123 971 enim
1139 943 1301 976 lueraberis,
1322 951 1378 972 uno
1388 943 1540 978 emplastro
1557 947 1585 971 et
1604 943 1719 978 teipsqu
1731 946 1759 970 et

967 989 1122 1024 proximum
1140 997 1252 1018 sanans.

1003 1034 1096 1063 Plato.
1109 1035 1187 1063 Plato
1202 1043 1263 1064 cum
1280 1035 1392 1071 quidam
1409 1036 1435 1064 ei
1458 1041 1589 1064 narraret
1612 1043 1675 1064 esse
1691 1043 1760 1063 non.

967 1080 1059 1108 nullos
1083 1080 1129 1115 qui
1156 1080 1245 1115 ipsum
1280 1081 1434 1109 maledictis
1464 1082 1666 1110 insectarentur
1692 1091 1699 1109 :
1724 1081 1762 1116 At

967 1133 1028 1161 ego,
1048 1127 1147 1162 inquit,
1167 1127 1207 1155 sic
1220 1127 1323 1161 vivam,
1339 1132 1368 1155 ut
1383 1127 1437 1155 illis
1462 1135 1516 1156 non
1532 1128 1667 1155 habeatur
1680 1127 1757 1155 fides.

1003 1172 1071 1200 Cum
1092 1173 1301 1208 reprehenderis
1327 1175 1500 1206 conviciose,
1515 1175 1575 1202 vide
1587 1183 1651 1201 num
1667 1175 1733 1208 quid
1746 1183 1762 1202 ιι

967 1222 996 1246 te
1012 1219 1138 1247 convicio
1163 1220 1275 1256 dignum
1301 1221 1473 1256 designatum
1492 1222 1548 1254 sit;
1567 1221 1588 1249 si
1615 1221 1684 1249 nihil
1707 1222 1762 1250 taie

967 1271 1058 1294 actum
1073 1270 1125 1298 est,
1143 1266 1246 1294 fumum
1261 1275 1322 1295 esse
1333 1268 1489 1296 convicium
1506 1268 1570 1295 illud
1588 1267 1759 1295 existimato.

1004 1311 1145 1340 Chabrias.
1159 1313 1293 1342 Chabrias
1315 1316 1350 1342 ab
1374 1314 1499 1349 improbo
1523 1314 1641 1350 quodam
1667 1313 1763 1341 multis

968 1360 1103 1388 conviciis
1120 1360 1232 1388 aﬂ‘ectus
1245 1369 1253 1388 :
1268 1360 1352 1394 Bene,
1373 1361 1472 1395 inquit,
1490 1361 1592 1392 fecisti,
1604 1361 1677 1396 quod
1695 1360 1763 1388 nihil

968 1413 1063 1434 eorum
1079 1414 1141 1441 quin
1155 1406 1249 1434 insunt
1265 1407 1477 1441 praetermisisti.

1002 1450 1116 1479 Gladius
1130 1456 1217 1484 secat,
1232 1452 1369 1479 calumnia
1385 1456 1477 1480 autem
1496 1451 1630 1487 disjungit
1646 1451 1761 1480 amicos.

1003 1538 1098 1574 Neque
1114 1539 1213 1567 inlirmi
1230 1540 1313 1574 ictus,
1326 1548 1415 1576 neque
1437 1541 1513 1569 stulti
1530 1541 1619 1570 minas
1638 1547 1760 1570 metuere

970 1585 1113 1615 debemus.

158 1636 293 1665 Φίλιππον
310 1637 357 1664 τὸν
383 1637 560 1673 Ἀλεξάνδρου
592 1639 700 1673 πατέρα
730 1638 861 1674 ἐλοιδόρει
880 1646 919 1670 τις

1010 1632 1162 1669 ΡΙιὶίίρριιε.
1178 1633 1331 1669 Philippum
1347 1634 1501 1664 Alexandri
1515 1641 1619 1671 patrem
1637 1637 1766 1665 convicio

127 1683 182 1710 τῶν
194 1683 392 1717 κακογλώττων
404 1683 496 1719 ἀνθρώ
502 1693 559 1711 πων
572 1692 581 1700 ν
603 1683 651 1712 καὶ
674 1683 815 1719 παρῄνουν
841 1684 866 1711 ot
879 1684 924 1718 φί-

129 1729 170 1756 λοι
183 1729 292 1756 διώκειν
306 1729 351 1756 τὸν
365 1729 495 1764 λοῖδορον.
519 1729 548 1756 '0
565 1730 594 1758 δι
621 1730 674 1764 εφη
690 1736 697 1744 ·
719 1731 777 1757 Οὐκ
802 1729 860 1757 ἔστι
872 1738 923 1757 κα-

131 1774 178 1802 λὸν
191 1775 272 1802 τοῦτο
287 1775 409 1811 ποιῆσαι,
423 1776 467 1806 ἵνα
489 1775 528 1811 μὴ
547 1777 578 1804 ἐν
595 1776 703 1804 πλείοσι
729 1776 923 1812 περιεχόμενος

131 1823 225 1854 κακῶς
240 1823 307 1859 λέγῃ
321 1823 404 1859 ἡμᾶς.

175 1914 204 1943 ’0
219 1914 300 1946 αὐτὸς
313 1914 417 1948 ἔλεγεν,
431 1914 472 1941 ὅτι
489 1915 576 1950 Χάριν
605 1914 659 1949 ἔχω
683 1915 741 1947 τοῖς
773 1914 925 1950 λοιδοροῦσί

135 1968 182 1994 με,
210 1960 251 1986 ὅτι
279 1959 403 1994 βελτίονα
431 1958 564 1988 ποιοῦσιν.
589 1959 660 1994 Ἐγὼ
686 1960 741 1996 γὰρ
767 1961 925 1992 σπουδάζων

133 2005 241 2040 ψευδεῖς
252 2005 353 2039 αὐτοὺς
369 2005 542 2041 ἀπελέγχειν,
556 2006 585 2033 εί
596 2015 623 2033 τι
635 2005 737 2041 φαῦλον
752 2006 832 2039 ποιῶ,
844 2014 926 2040 μετα-

135 2051 283 2087 ὃάλλομαι.

173 2142 298 2171 Εὐλασοῦ
313 2122 360 2175 τας
376 2142 514 2174 διαϐολὰς,
528 2141 580 2169 κᾶν
591 2141 701 2176 ψιυδεῖς
715 2138 794 2168 (eam.
813 2141 845 2168 Οἱ
873 2139 927 2174 γὰρ

137 2190 231 2217 πολλοὶ
244 2191 293 2225 τὴν
305 2190 355 2224 μὲν
372 2189 500 2225 ἀλήθειαν
511 2188 654 2222 ἀγνοοῦσι,
664 2189 732 2223 πρὸς
747 2187 776 2214 δὲ
788 2188 837 2223 τὴν
849 2187 928 2219 δόξαν

138 2236 336 2264 ἀποϐλέπουσι.

974 1677 1110 1706 adiciebat
1124 1679 1234 1714 quidam
1249 1680 1346 1708 etfreui
1362 1681 1455 1716 lingua
1475 1682 1625 1716 praeditus;
1646 1690 1766 1717 cumquo

974 1725 1055 1753 amici
1071 1726 1247 1754 hortarentur
1260 1732 1290 1756 ut
1309 1728 1521 1756 conviciatorcm
1539 1735 1765 1764 persequeretur:

975 1772 1055 1807 221
1068 1771 1126 1800 Non
1138 1778 1179 1800 est
1198 1773 1261 1805 hoc,
1282 1774 1372 1809 inquit
1397 1774 1454 1807 ille,
1473 1774 1640 1807 faciendum.
1660 1783 1694 1802 ne
1708 1783 1767 1802 ant-

975 1818 1047 1854 plius
1059 1818 1173 1847 aﬂ‘ectus
1183 1824 1212 1847 et
1225 1819 1381 1855 implicatus
1394 1820 1472 1855 plura
1486 1821 1513 1848 in
1527 1829 1577 1849 nos
1588 1821 1672 1856 jaciat
1683 1821 1768 1849 male-

975 1864 1058 1892 dicta.

1011 1911 1084 1939 Idem
1092 1911 1201 1940 dicebat
1212 1919 1241 1940 se
1253 1912 1310 1940 suis
1319 1913 1552 1942 conviciatoribus
1561 1913 1675 1948 gratiam
1685 1913 1770 1941 habev

977 1963 1017 1990 rc,
1033 1957 1105 1992 quod
1121 1965 1151 1985 se
1172 1957 1311 1985 meliorem
1328 1958 1484 1987 redderent.
1501 1959 1557 1994 Ego
1569 1959 1654 1992 enim,
1670 1959 1767 1994 inquit.

978 2003 1092 2031 studens
1107 2003 1168 2031 illos
1187 2004 1322 2032 mendacii
1340 2005 1515 2038 convincere,
1530 2005 1551 2031 si
1567 2005 1632 2039 quid
1648 2005 1771 2040 improbe

977 2049 1101 2082 fecerim,
1120 2055 1195 2078 muto
1218 2050 1379 2083 consilium,
1411 2055 1439 2078 et
1466 2051 1627 2086 pmttiteutia
1656 2051 1772 2080 emendo

979 2095 1092 2123 factum.

1015 2140 1159 2168 Democril.
1182 2141 1272 2169 Vitato
1288 2141 1441 2170 calumnias
1456 2142 1537 2169 etiam
1549 2142 1632 2170 falsas
1655 2151 1663 2170 ι
1690 2141 1770 2170 multi

979 2186 1051 2213 enim
1068 2188 1208 2214 veritatem
1222 2188 1378 2222 ignorantes
1401 2188 1612 2216 existimationis
1626 2192 1654 2215 ct
1669 2188 1773 2222 opinio-

980 2233 1024 2260 nis
1041 2234 1175 2262 rationew
1195 2238 1301 2261 tantum
1320 2234 1432 2262 habent.

173 2283 233 2309 Τινὶ
247 2281 322 2317 σοφῷ
347 2281 400 2316 ἔφη
417 2290 468 2313 τις.
493 2281 535 2308 ὅτι
555 2281 584 2307 '0
604 2281 679 2308 δεῖνα
700 2279 794 2311 κακῶς
815 2288 845 2306 σε
861 2280 916 2307 ὲλςι

1017 2279 1087 2307 Cum
1099 2280 1217 2315 sapienti
1235 2280 1342 2308 cuidam
1353 2280 1453 2315 aliquis
1468 2280 1582 2314 diceret,
1594 2288 1623 2308 sc
1640 2285 1774 2315 prtesente

138 2327 213 2364 δόρει
226 2328 272 2354 ἐπὶ
285 2327 364 2363 ἐμοῦ.
380 2327 414 2358 '0
429 2327 457 2354 δὲ
475 2327 527 2362 ἔφη
544 2335 551 2342 ·
569 2327 599 2354 Ei
613 2327 652 2362 μὴ
671 2327 704 2353 σὺ
715 2326 799 2362 ἡδέως
817 2326 929 2361 ἤκουες,

140 2374 191 2400 οὐκ
203 2373 235 2401 ἂν
247 2374 348 2405 ἐκεῖνός
369 2382 403 2408 με
423 2374 565 2409 ἐλοιδόρει.

175 2464 388 2501 Δοιδοροῠμειιός
403 2473 443 2496 τις
454 2464 506 2490 ὺπό
529 2472 601 2493 τινος
618 2463 759 2499 φαλακροῦ
781 2461 858 2490 εἶπεν
870 2471 878 2479 ·
897 2463 932 2490 Σὲ

142 2514 192 2550 μὲν
213 2512 262 2548 οὐχ
289 2511 405 2547 ύσρίπω,
428 2511 477 2542 τὰς
494 2510 522 2536 δὲ
547 2510 644 2546 τρίχας
665 2518 713 2537 σου
734 2510 880 2542 ἐπαινέσω,
892 2510 933 2537 ὅτι

141 2560 226 2588 κακὸν
235 2559 366 2594 ἐξέφυγον
381 2557 503 2594 κρανίον.

178 2604 390 2640 Λοιδοροὺμενὸς
419 2612 461 2635 τις
489 2603 541 2629 ὑπό
573 2611 645 2634 τινος
673 2603 818 2638 ἀνεχώρει·
844 2601 891 2628 τοῦ
905 2602 933 2630 δὲ

140 2652 334 2682 ἐπιδιώκοντος
363 2651 409 2678 καὶ
437 2650 574 2684 λέγοντος,
601 2649 745 2684 Φιύγειςς
771 2650 837 2681 Ναὶ,
854 2649 907 2684 εφη
925 2657 933 2666 ·

142 2698 190 2726 τοῦ
209 2698 324 2733 μὲνγὰρ
342 2697 436 2729 κακῶς
461 2696 552 2730 λέγειν
577 2697 609 2723 σὺ
633 2697 682 2730 τὴν
705 2695 830 2727 ἐξουσίαν
849 2696 932 2730 ἔχεις,

141 2744 190 2770 τοῦ
204 2744 234 2770 δὲ
247 2743 356 2772 duo“:
371 2743 436 2776 ἐγώ.

180 2790 324 2824 Πολὶαχῶς
349 2798 390 2821 τις
403 2789 601 2824 ὀνειδιζόμενος
630 2789 682 2816 ὑπό
702 2798 788 2822 τινος,
820 2790 868 2817 ἐπὶ
895 2790 935 2826 τῷ

142 2837 244 2870 γονέων
259 2836 381 2870 ἀγεννῶν
394 2834 472 2865 εἶναι,
492 2834 571 2863 εἶπεν
585 2843 592 2851 ·
612 2836 691 2871 Ἐμοὶ
705 2836 756 2871 μὲν
780 2836 884 2868 ὄνειδος
909 2837 933 2863 οἱ

143 2884 243 2919 γονεῖς,
260 2884 292 2911 σὺ
309 2883 338 2910 δὲ
359 2884 416 2915 τοῖς
430 2881 566 2916 γονεῦσιν.

983 2326 1034 2361 ipsi
1049 2334 1063 2354 a
1079 2331 1152 2355 certo
1167 2327 1284 2361 quodam
1300 2327 1451 2355 convicium
1488 2326 1602 2360 factum,
1629 2332 1684 2354 tum
1709 2327 1772 2354 ille:

983 2372 1040 2399 Nisi
1055 2376 1095 2405 tu,
1110 2372 1207 2407 inquit,
1226 2373 1343 2400 libenter
1362 2372 1529 2406 audivisses,
1561 2379 1701 2408 nunquam
1730 2372 1774 2398 ille

983 2417 1050 2445 mihi
1061 2417 1230 2447 conviciatus
1245 2422 1326 2445 esset.

1018 2464 1086 2491 Cum
1099 2464 1211 2499 quidam
1225 2463 1380 2492 adiceretur
1399 2465 1527 2494 convicio
1539 2473 1554 2494 a
1566 2466 1643 2494 calvo
1659 2467 1749 2501 aliquo
1764 2474 1772 2493 :

984 2509 1055 2542 Tibi,
1068 2510 1166 2545 inquit,
1187 2511 1381 2537 contumeliam
1397 2519 1450 2538 nou
1468 2512 1567 2545 dicam,
1590 2512 1638 2540 sed
1661 2513 1774 2547 capillos

985 2561 1046 2584 tuos
1056 2555 1185 2588 laudabo.
1197 2556 1267 2590 quod
1285 2557 1385 2584 malum
1398 2562 1480 2592 caput
1496 2559 1655 2593 reiugerint.

1020 2602 1150 2630 Convicio
1163 2603 1305 2630 lacessitus
1318 2603 1427 2638 quidam
1443 2604 1478 2631 ab
1494 2605 1581 2633 altero
1599 2603 1742 2632 discedcba
1766 2610 1774 2633 '.

984 2656 1047 2676 cum
1061 2654 1150 2676 autem
1165 2649 1332 2676 conviciator
1348 2655 1569 2685 persequeretur,
1596 2657 1629 2677 ac
1653 2649 1775 2678 diceret:

986 2695 1086 2730 Fugis?
1099 2695 1198 2727 Etiam,
1213 2695 1301 2731 inquit
1316 2704 1323 2729 ;
1337 2704 1398 2724 nam
1421 2701 1449 2723 tu
1472 2697 1581 2730 quidem
1598 2694 1776 2723 maledicendi

986 2747 1145 2778 potestatem
1157 2742 1254 2774 habes,
1276 2750 1327 2777 ego
1341 2747 1432 2770 autem
1445 2741 1585 2770 audiendi.

1022 2789 1090 2816 Cum
1110 2789 1219 2816 cuidam
1236 2789 1329 2817 multis
1346 2789 1434 2816 modia
1462 2788 1562 2823 aliquis
1589 2792 1618 2814 ut
1644 2786 1775 2821 probrum

987 2835 1130 2870 obiiceret,
1149 2834 1223 2869 quod
1241 2843 1256 2862 c
1268 2834 1426 2869 parentibus
1443 2837 1590 2868 prognatus
1608 2836 1682 2859 esset
1699 2832 1772 2866 igua

987 2880 1106 2908 bilihus:
1127 2880 1207 2913 Mihi,
1225 2880 1324 2915 inquit,
1340 2878 1466 2908 dedecori
1488 2881 1553 2907 sunt
1578 2880 1716 2912 parentes,
1745 2879 1775 2904 tu

1005 2934 1051 2955 ero
1068 2927 1237 2962 parentibus.
