1889 3085
155 151 222 184 1160

524 154 608 196 LOCI
631 155 851 187 COMMUNES.
865 169 900 174 —
919 156 1016 188 PARS
1036 157 1078 189 ῙΙ.
1098 157 1228 187 SERMO
1254 157 1357 188 LXXI.

1714 156 1787 189 ῘΠΟ

153 209 234 240 σθοὺς
244 217 251 224 ·
265 209 312 236 τοῦ
327 209 355 237 δὲ
369 210 418 246 τὴν
433 211 524 239 αἰτίαν
541 212 706 248 πυθομένου,
719 213 790 241 Ἐνα
805 214 854 249 μὲν
867 213 940 249 (ἔφη)

1032 222 1114 250 mque
1138 214 1183 242 ille
1210 221 1319 242 causam
1348 218 1592 248 percunctaretur:
1612 212 1710 248 Unam,
1739 216 1783 242 i-n-
1819 250 1823 253 .

154 256 196 282 ίνα
213 255 306 282 λαλεῖν
321 256 422 293 μάθῃς.
437 258 483 284 τδν
496 258 524 285 δὲ
537 258 642 294 ἕτερον,
657 260 701 286 ἵνα
718 261 807 295 σιγᾷν.

192 302 226 329 '0
247 302 287 337 μὴ
305 302 394 334 θέλεις
413 304 533 336 ἀκούειν,
555 305 624 340 μηδὲ
644 305 724 341 εἴπῃς
737 313 743 320 ·
762 306 776 332 ὂ
798 305 836 341 μὴ
856 306 942 338 θέλεις

155 348 255 381 λέγειν,
270 348 338 383 μηδὲ
351 348 444 377 ἄκουε.
457 350 544 377 Ὤτων
556 351 603 378 καὶ
615 350 742 387 γλώσσης
757 352 842 387 μέγας
857 352 871 378 δ
886 351 942 378 κίν-

152 394 239 422 δυνος.

184 403 320 480 ὶίίοὲεῐτιτόν
335 445 393 471 ἑστι
409 443 448 479 τῷ
468 444 530 471 ποδὶ
549 444 713 472 ὀλισθαίνειν
730 444 746 480 ἢ
762 445 796 480 τῇ
817 443 940 480 γλώσσῃ.

189 490 334 524 Πλεονεξία
347 491 377 518 τὺ
393 491 482 518 πάντα
495 490 586 525 λέγειν
596 510 605 525 ,
622 492 690 527 μηδὲ
704 491 814 519 ἀκούειν
826 491 940 519 ἐθέλειν.

191 576 342 611 Πολυλογία
366 577 453 610 πολλᾲ
478 577 626 614 σφάλματα
652 579 727 614 ἔχει,
752 578 783 605 τὸ
805 577 834 604 δὲ
861 577 941 613 σιγᾷν

155 623 285 658 ἀσφαλές.
775 655 780 658 .

194 670 226 696 ’Δ
242 670 333 705 λόγοις
349 671 536 707 ἀμάρτωμεν,
551 670 643 707 ἔργοις
657 671 708 707 τὴν
722 670 859 707 τιμωρίαν
875 669 942 706 ὑφέ-

156 716 248 750 ξομεν.

447 835 560 864 ΛΟΓΟΣ
585 834 647 863 OA'.

995 260 1064 295 quit,
1080 265 1110 287 ut
1125 260 1198 295 loqui
1217 260 1319 292 discas,
1335 259 1446 287 alteram
1461 265 1548 287 autem
1563 265 1592 286 ut
1610 264 1710 286 tacere.

1036 306 1176 335 Clitarchi.
1190 306 1255 340 Quae
1280 306 1351 334 nolis
1368 305 1471 336 audire.
1495 314 1527 333 ea
1540 313 1574 333 ne
1592 306 1675 333 dicito
1690 315 1698 333 :
1723 314 1783 341 qum

995 353 1067 380 nolis
1081 353 1184 386 dicere,
1198 361 1229 380 ea
1247 360 1282 380 ne
1299 352 1394 380 audito
1408 351 1528 387 quidem.
1544 352 1660 379 Auriutn
1672 353 1742 380 enim
1758 359 1784 380 et

994 399 1094 434 linguae
1109 406 1240 434 magnum
1261 403 1304 426 est
1317 398 1481 433 perieulum.

1032 445 1147 472 Prmstat
1156 445 1224 480 pede
1234 453 1315 481 quam
1331 445 1423 480 lingua
1435 445 1500 472 labi.

1029 490 1161 518 Socratis.
1177 491 1336 526 Arrogantia
1360 495 1404 519 est
1430 491 1524 519 cunila
1536 490 1638 524 dicere,
1654 491 1785 518 nihil'au-

994 544 1048 567 tem
1063 536 1158 564 audire
1169 537 1250 565 velle.

1030 582 1227 618 Theopltylacti.
1243 582 1441 618 lllultiloquium
1461 584 1573 610 multum
1586 585 1678 610 damni
1695 584 1785 618 allcrt,

992 628 1040 657 scd
1058 633 1148 656 tacere
1166 633 1251 656 tutum
1265 635 1318 656 est.

1028 674 1180 703 Simocata'.
1195 675 1261 708 Qum
1272 676 1363 704 verbis
1375 677 1662 712 pecearimus,eorum
1680 677 1787 713 suppli-

993 721 1066 749 cium
1080 721 1159 749 faelis
1177 721 1309 750 feremus.

1171 833 1288 862 saeuo
1301 832 1386 862 LXXI
1400 833 1451 870 [aL
1475 832 1607 870 LXXIX].

182 892 251 927 Περὶ
268 892 450 928 ἀντιλογίας,
465 893 514 920 καί
527 893 725 927 θρασύτητος.
741 892 790 920 καί
806 892 913 927 ἔριδος.

1036 881 1075 917 De
1097 890 1312 925 contradictione,
1340 895 1364 917 et
1381 890 1508 923 audacia,
1536 895 1560 918 et
1575 890 1747 919 contentione.

191 950 228 977 Σὺ
239 950 282 982 τίς
295 947 330 983 εἴ,
345 951 359 977 ὁ
372 950 637 985 ἀνταποκρινόμενος
646 949 684 986 τῷ
692 950 751 986 Θεῷ
762 958 771 984 ;
789 950 827 985 μὴ
839 950 898 985 ὲρεῖ
911 949 942 976 τὸ

157 997 270 1032 πλάσμα
283 996 323 1032 τῷ
346 997 493 1031 πλάσαντι,
510 996 544 1024 Τί
569 1005 604 1032 με
624 996 757 1032 ἐποίησας
786 996 892 1029 οὗτως;
925 995 942 1031 ἢ

155 1042 206 1069 οὐκ
219 1041 275 1078 [χιι
286 1041 412 1075 ἔξουσίαν
426 1042 440 1069 ὁ
460 1043 599 1078 κεραμεὺς
609 1042 657 1068 τοῦ
681 1041 780 1077 πηλοῦ,
793 1042 825 1068 ἐκ
835 1041 883 1068 τοῦ
896 1041 943 1068 αὖ-

157 1089 204 1116 τοῦ
228 1089 390 1124 φυράματος
406 1089 528 1125 ποιῆσαι,
543 1088 557 1115 δ
583 1089 634 1124 μὲν
649 1089 689 1121 είς
705 1089 789 1124 τιμὴν
805 1088 913 1121 σκεῦος,
929 1087 943 1114 ὂ

156 1135 185 1162 δὲ
200 1136 240 1167 είς
253 1135 366 1170 ἀτιμίαν
376 1144 383 1169 ;

196 1181 309 1216 Σίδηρος
322 1180 534 1217 σίδηρονζόεύνει
545 1187 553 1196 '
567 1180 636 1216 ἀνὴρ
650 1180 679 1207 δὲ
696 1179 842 1216 παροξύνει
856 1179 943 1214 πρόσ-

157 1235 232 1253 ωπον
247 1226 354 1262 ἑτέρου.
410 1239 414 1244 ·

197 1273 254 1308 Πρὸ
268 1273 356 1308 πυρὸς
367 1273 448 1308 ἀτμὶς
465 1272 580 1308 καμίνου
597 1272 645 1299 καὶ
659 1272 780 1304 καπνός·
798 1270 870 1299 οὕτω
890 1271 945 1308 πρδ

160 1319 284 1355 αἱμάτων
298 1319 439 1353 λοιδορίαι.

189 1367 273 1402 ,Ἔρις
301 1364 544 1400 κατασπευδομένη
561 1365 667 1392 ἐκκαίει
694 1364 767 1400 πῦρ,
792 1365 840 1392 καὶ
867 1363 943 1399 μάχη

160 1411 385 1440 κατασπεύδουσα
396 1412 486 1448 ὲκχέει
501 1409 583 1446 αἷμα.

161 1473 165 1477 ν
195 1460 359 1494 Ἀντιλογίαν
373 1459 489 1494 πραΰνει
504 1460 559 1491 πᾶς
573 1459 696 1494 σιγηρός.

196 1507 363 1542 ’Δντιλογίας
378 1507 479 1541 ἐγείρει
494 1507 547 1538 πᾶς
564 1506 665 1536 κακός·
680 1505 694 1532 ὁ
706 1504 734 1532 δὲ
748 1504 945 1540 Κύριοςηᾶγγε-

158 1554 204 1580 λον
220 1553 389 1588 ἁνελεήμονα
404 1552 545 1587 ἐκπέμπει
561 1551 647 1586 αὐτῷ.

205 1598 362 1634 Ἄνθρωπος
384 1598 592 1633 συνεθιζόμενος
617 1597 708 1632 λόγοις
733 1597 899 1632 ὀνειδισμοῦ,
917 1598 946 1624 ὲν

160 1646 262 1676 πάσαις
282 1646 342 1676 ταῖς
355 1645 474 1680 ἡμέραις
489 1645 572 1672 αὑτοῦ
588 1645 619 1671 οὗ
637 1644 675 1679 μὴ
690 1644 837 1679 παιδευθῇ.

199 1690 284 1717 Ὅπου
298 1690 403 1725 ἔχθραι,
420 1691 504 1726 ἕρεις,
520 1690 611 1726 θυμοὶ,
627 1692 803 1726 φιλονεικίαι⁷
814 1691 947 1727 θορύϐους

159 1737 307 1771 ἀσιγήτους
322 1737 382 1768 ταῖς
396 1737 496 1772 ψυχαῖς
520 1737 695 1771 ἐμποιοῦσαι,
709 1738 767 1764 ἐκεῖ
790 1738 821 1764 τὸ
837 1738 948 1772 πνεῦμα

159 1783 208 1818 τῆς
224 1783 376 1818 πραότητος
390 1782 440 1809 οὐκ
455 1782 638 1811 ἀναπαύεται.

202 1829 235 1856 Ἦ
249 1829 390 1863 ἀντιλογία
403 1829 434 1855 τὸ
447 1828 678 1864 αὖτοκρατορικὺν
697 1829 744 1856 καὶ
756 1829 947 1857 ἀνυπότακτον

158 1875 288 1906 δείκνυσι,
306 1874 358 1901 κᾶν
367 1874 396 1901 ἑν
409 1874 528 1910 σχήματι
545 1875 657 1910 γένηται
671 1876 873 1908 ταπεινώσεως.

195 1961 271 1988 Φιλετ
292 1961 346 1996 γὰρ
371 1961 407 1988 τὰ
436 1962 547 1995 γενναία
576 1962 736 1998 φρονήματα
765 1963 833 1998 πρὸς
847 1963 877 1990 τὸ
901 1963 947 1999 βίᾳ

161 2009 279 2042 κρατοῦν
296 2008 487 2040 αὑθαὸίξεσθαι
500 2028 508 2042 ,
524 2008 573 2035 καὶ
592 2008 717 2044 καθάπερ
733 2009 799 2044 φλὸξ
815 2010 861 2036 ὑπ’
882 2009 946 2036 ἀνέ-

162 2063 212 2088 μου
228 2055 389 2090 ριπιζομὲνη
402 2075 410 2088 ,
433 2056 554 2091 τοσούτῳ
568 2055 670 2090 μᾶλλον
685 2055 865 2088 ἀνάπτεσθαι,
879 2055 948 2091 ὅσῳ-

160 2109 213 2135 περ
225 2100 259 2128 ἂν
269 2101 447 2136 σφοδρότερον
462 2102 661 2138 καταπνέηται.

197 2148 229 2174 Et
243 2147 320 2179 τέλος
334 2147 458 2179 παιδείας
467 2148 498 2175 τὸ
515 2148 611 2175 ἑαυτὸν
625 2148 812 2183 αἰσχύνεσθαι,
829 2149 946 2184 ὲσχάτης

162 2193 337 2226 ἀπαιδευσίας
352 2194 383 2220 τὸ
395 2194 463 2229 μηδὲ
478 2194 542 2226 τοὺς
556 2194 651 2225 ἄλλους
666 2194 854 2230 αἰσχύνεσθαι.

1031 946 1108 975 Rom.
1122 955 1159 975 ix.
1180 947 1221 976 Tu
1235 947 1298 983 quis
1312 955 1353 980 es,
1382 948 1430 982 qui
1447 955 1481 976 ex
1509 948 1622 975 adverso
1637 949 1786 982 respondes

997 992 1070 1021 Deo?
1092 992 1162 1021 Num
1194 993 1266 1021 dicet
1295 993 1452 1028 figmentum
1470 993 1557 1020 lictori
1572 1000 1624 1022 suo
1648 1001 1655 1019 :
1673 994 1728 1021 Cur
1741 1001 1785 1021 me

996 1039 1037 1068 sic
1065 1039 1177 1067 fecisti?
1197 1046 1287 1067 annon
1305 1039 1386 1066 habet
1410 1043 1571 1074 potestatem
1610 1039 1708 1074 llgtllus
1724 1040 1785 1071 luti,

996 1094 1030 1114 ex
1042 1084 1139 1115 eadem
1167 1093 1258 1115 massa
1291 1086 1409 1114 faciendi
1437 1086 1510 1114 aliud
1526 1093 1574 1114 vas
1591 1086 1786 1119 honorificum,

997 1132 1068 1160 aliud
1085 1133 1300 1161 dedecorosum?

1033 1179 1114 1207 Prov.
1126 1187 1208 1207 xxvu.
1222 1179 1335 1208 Ferrum
1344 1179 1539 1212 acuitferrum,
1551 1178 1634 1206 homo
1644 1178 1782 1206 hominem

997 1230 1151 1261 exasperat.

1033 1272 1070 1301 Ut
1083 1277 1146 1300 ante
1161 1272 1250 1307 ignem
1266 1278 1353 1307 vapor
1368 1270 1467 1299 camini
1493 1275 1520 1300 et
1536 1270 1628 1299 fumus
1642 1270 1730 1306 praeit,
1746 1270 1786 1299 sic

998 1323 1062 1345 ante
1070 1318 1182 1345 vulnera
1196 1319 1358 1355 sanguinem
1369 1319 1503 1347 eonvrcia.

1037 1365 1120 1393 Eccli.
1138 1373 1235 1393 iuvui.
1269 1365 1415 1394 Contentio
1428 1366 1579 1394 aceelerata
1591 1365 1679 1401 ignem
1692 1373 1788 1393 accen—

999 1411 1047 1443 dit,
1061 1411 1142 1447 223
1154 1416 1181 1439 et
1193 1419 1282 1447 pugna
1297 1412 1430 1440 festinans
1448 1412 1612 1446 sanguinem
1627 1411 1757 1439 effundit,

987 1493 990 1496 ρ
1036 1457 1235 1485 Dissensiouem
1252 1458 1329 1486 sedat
1342 1459 1432 1486 omnis
1445 1459 1610 1486 taciturnus.

1040 1501 1230 1531 Dissensiones
1244 1504 1346 1531 excitat
1356 1504 1445 1531 omnis
1459 1504 1548 1532 malus
1567 1513 1574 1531 :
1592 1503 1723 1531 Dominus
1736 1511 1786 1531 au-

960 1562 982 1591 c
1001 1553 1054 1576 tem
1073 1549 1111 1576 illi
1128 1550 1254 1584 angelum
1273 1549 1515 1577 immisericordem
1532 1549 1624 1577 mittit.

1038 1595 1214 1623 Assuefaetus
1229 1595 1320 1623 verbis
1335 1595 1475 1629 probrosis
1492 1595 1520 1622 in
1536 1595 1665 1622 Omnibus
1692 1594 1790 1622 diebus

1000 1641 1057 1670 suis
1070 1649 1122 1669 non
1137 1641 1328 1676 castigabitnr.

1035 1687 1064 1716 S.
1083 1687 1190 1715 Basilii.
1207 1687 1258 1716 Ubi
1275 1687 1348 1721 odia,
1362 1687 1434 1719 lites,
1450 1687 1508 1719 irae.
1519 1687 1720 1720 contentiones,
1732 1694 1790 1714 ma-

999 1741 1068 1769 gnos
1083 1733 1217 1761 tumultus
1233 1733 1260 1760 in
1277 1733 1377 1761 animis
1389 1733 1521 1767 excitant,
1536 1732 1572 1760 ibi
1588 1732 1695 1768 Spirius
1711 1740 1790 1760 man-

999 1780 1153 1809 suetudinis
1170 1787 1224 1806 nou
1239 1779 1397 1814 requiescit.

1035 1825 1093 1860 Ipsa
1109 1826 1291 1853 contradictio
1306 1826 1515 1860 imperatorium
1543 1826 1672 1862 quiddam
1698 1828 1725 1854 et
1744 1833 1790 1854 vo-

998 1872 1132 1900 luntatem
1149 1871 1217 1899 nulli
1232 1879 1262 1900 se
1278 1872 1443 1907 subji'eiendi
1480 1873 1594 1907 indicat,
1626 1874 1732 1902 etiamsi
1762 1875 1789 1903 iu

999 1917 1096 1944 humili
1110 1917 1192 1945 fuerit
1207 1917 1313 1945 habitu.

1034 1963 1166 1999 Tlteotogi.
1192 1963 1285 1991 Solent
1326 1965 1398 1992 enim
1437 1972 1537 2001 magno
1549 1965 1646 2001 spiritu
1685 1966 1790 2000 praediti

999 2009 1125 2037 violentis
1156 2011 1356 2038 contumaciter
1381 2011 1578 2047 pr’rl‘racteque
1592 2012 1733 2043 resistere.
1763 2017 1791 2041 et

997 2055 1226 2090 quemadmodum
1242 2055 1349 2083 flamma
1369 2064 1384 2084 ιι
1400 2062 1479 2084 vento
1499 2058 1627 2090 excitata,
1642 2062 1715 2084 tanto
1731 2065 1791 2084 ma-

998 2102 1039 2138 gis
1052 2102 1176 2135 accendi,
1193 2107 1296 2134 quanto
1309 2096 1498 2131 vehementius
1511 2103 1645 2132 sumatur.

1034 2148 1063 2176 S.
1081 2148 1177 2184 Chrys.
1193 2148 1222 2176 Si
1241 2150 1301 2176 linis
1318 2149 1450 2177 doctrina:
1466 2153 1508 2176 (is!
1520 2149 1637 2183 seipsum
1654 2150 1787 2182 revereri,

998 2199 1128 2221 extremae
1137 2199 1179 2221 est.
1191 2194 1343 2228 imperitiae,
1360 2202 1393 2221 ne
1414 2194 1481 2221 alios
1502 2195 1612 2229 quidem
1627 2194 1752 2221 revereri.

202 2239 392 2274 ’Δναισχυντία
418 2239 469 2274 μὲν
496 2240 563 2267 ίδιον
585 2240 700 2275 φαύλου,
718 2240 801 2272 αίδὼς
820 2241 849 2267 δὲ
864 2248 940 2266 σπου-

1041 2238 1174 2266 Philanis.
1189 2239 1360 2274 lmpudentia
1376 2244 1418 2267 est
1445 2240 1554 2274 propria
1578 2240 1788 2273 sceleratorum,

162 2285 237 2312 δαίου
248 2293 256 2300 ·
268 2285 298 2312 τὸ
312 2285 339 2312 δὲ
356 2287 425 2322 μήτε
441 2286 629 2321 αἰσχύνεσθαι,
661 2287 732 2322 μήτε
749 2286 950 2321 ἀναισχυντεῖν,

163 2330 211 2358 τοῦ
224 2330 424 2366 ἀκαταλήπτως
441 2331 551 2367 ῑχοντος
565 2333 612 2360 καὶ
626 2332 864 2367 ἀσυγκαταθέτως.

199 2420 387 2456 Ἀριστοτέλης
402 2421 648 2457 βλασφημούμενος
659 2422 706 2448 ἀπ’
719 2422 864 2457 ἀνθρώπου
873 2421 952 2448 ἀσελ-

163 2467 238 2501 γοῦς,
254 2467 306 2502 ἔφη
317 2475 324 2482 ·
342 2468 378 2493 Σὶι
394 2467 443 2510 μὲν
454 2467 564 2498 ἀκούεις
583 2467 616 2494 τὰ
630 2468 703 2495 κακὰ
723 2468 834 2503 ῥᾳδίως,
850 2469 896 2494 καὶ
909 2468 952 2493 λέ-

163 2523 222 2548 γεις
231 2515 352 2550 εὐχερῶς
362 2523 369 2530 ·
386 2516 446 2550 ἐμοὶ
460 2516 488 2542 δὲ
501 2515 548 2542 καὶ
564 2515 653 2550 λέγειν
664 2515 759 2551 ἄηθες,
774 2516 821 2542 καὶ
838 2515 949 2542 ἀκούειν

161 2561 253 2589 ἀηδές.

198 2570 226 2588 οε
244 2580 253 2589 .

181 2570 242 2635 HT:
252 2607 289 2643 μὴ
302 2608 478 2644 αίσχῠνεσθαι
491 2608 578 2636 κακδν
589 2607 655 2636 ὄντα
669 2607 768 2639 κακίας
782 2607 931 2644 δπερὸηλή.

199 2698 311 2735 Γλώσσῃ
326 2699 441 2736 θρασείᾳ
458 2700 496 2735 μὴ
525 2700 662 2737 χρῆσθαιο
687 2700 817 2733 πολλάκις
842 2702 896 2736 γὰρ
920 2702 951 2728 τὸ

163 2744 264 2779 θράσος
288 2745 334 2772 καὶ
348 2746 433 2781 αὐτὴν
447 2745 560 2773 διώλεσε
575 2747 625 2780 τὴν
640 2746 772 2781 κεφαλήν.

199 2790 301 2825 Θράσει
329 2791 378 2827 μὲν
399 2791 485 2824 οὐδεὶς
502 2792 618 2825 οὐδέπω,
637 2794 711 2827 πόνῳ
725 2793 752 2820 δὲ
769 2794 815 2820 καὶ
828 2795 949 2828 γενναιό-

163 2845 224 2864 τῑτι
240 2837 287 2864 καὶ
297 2837 432 2873 ἐπιεικείᾳ
447 2838 548 2874 ἀρετὴν
561 2839 743 2874 ἐπεκτήσατο.

1004 2286 1093 2320 pudor
1109 2291 1200 2314 autem
1219 2287 1364 2313 bonorum.
1379 2286 1483 2313 Neutro
1498 2289 1588 2313 autem
1609 2286 1706 2312 horum
1723 2285 1791 2312 alle-

1004 2337 1096 2359 ctuum
1111 2333 1224 2366 moveri,
1245 2340 1340 2360 eorum
1353 2337 1395 2361 est
1417 2334 1463 2369 qui
1491 2333 1558 2360 nihil
1582 2333 1716 2360 allirmaut
1744 2337 1791 2360 aut

1003 2377 1204 2405 assentiuntur.

1040 2426 1202 2454 Aristotelis.
1219 2425 1380 2454 Aristotoles
1389 2434 1450 2454 eum
1463 2427 1497 2454 ab
1507 2427 1661 2462 impudente
1674 2428 1791 2462 quodam

1003 2471 1134 2499 conviciis
1151 2473 1326 2499 lacesseretur
1341 2481 1350 2500 :
1364 2472 1414 2505 Tu,
1433 2473 1530 2507 inquit,
1548 2481 1575 2500 et
1588 2474 1712 2500 convicia
1727 2473 1791 2501 faci-

1003 2517 1028 2544 le
1044 2517 1122 2544 audis
1138 2523 1163 2544 et
1174 2517 1290 2544 libenter
1302 2517 1370 2544 dicis
1384 2525 1391 2544 :
1414 2518 1480 2550 mihi
1497 2526 1562 2545 vero
1578 2523 1605 2545 et
1621 2519 1712 2546 dicere
1737 2527 1789 2545 non

1003 2569 1174 2596 consuetum,
1185 2568 1212 2591 et
1228 2563 1323 2590 audire
1334 2563 1525 2598 iniucundum.

1041 2608 1069 2636 Si
1085 2609 1146 2641 quis
1161 2609 1250 2636 malus
1265 2616 1327 2636 eutn
1352 2610 1390 2637 sit
1413 2617 1467 2637 non
1484 2610 1632 2642 erubescit,
1649 2611 1792 2645 insigniter

1004 2655 1147 2690 improbus
1160 2660 1212 2683 cst.

1041 2701 1169 2729 Sacratis.
1191 2701 1293 2738 Lingua
1316 2699 1446 2737 petulanti
1467 2710 1519 2730 non
1553 2703 1695 2730 utendum.
1714 2702 1792 2737 S.epe

1003 2748 1073 2775 enim
1089 2747 1201 2775 audacia
1213 2748 1301 2783 ipsum
1312 2749 1428 2784 perdidit
1439 2753 1531 2783 caput.

1038 2793 1185 2827 Euripidis.
1214 2793 1333 2822 Audacia
1358 2794 1469 2829 quidem
1496 2801 1576 2821 neuio
1599 2793 1688 2820 adhuc
1704 2793 1788 2821 virtu-

1004 2844 1056 2866 tum
1073 2841 1251 2875 comparavit.
1270 2841 1316 2869 sed
1331 2839 1475 2872 industria,
1488 2840 1668 2874 generositate
1685 2842 1712 2866 et
1734 2839 1791 2867 cleo

1002 2891 1114 2913 lllCllIla.
