1944 3074
181 160 256 195 1175

825 156 989 189 ΑΝΤΟΝῙΙ
1010 152 1185 190 MESISSE

1761 155 1831 189 H76

181 223 211 247 te
223 218 292 247 vtdit
307 226 315 245 :
329 221 357 246 et
368 217 471 253 meipse
486 215 565 246 nihili
591 213 655 250 ioci,
669 221 714 244 me
730 219 831 243 terram
847 216 874 242 et
901 208 979 241 cine-

1065 215 1171 251 ηθαλμός
1200 223 1251 250 μου
1270 211 1325 242 εἶδέ
1348 222 1398 247 σε,
1423 211 1471 240 καὶ
1493 212 1661 248 ἔξουθένητι
1690 213 1828 247 ἐμαυτόν·

181 272 240 292 rem
258 264 363 301 putavi.

218 310 318 343 Semel,
332 310 457 342 Domine,
474 309 583 337 loculus
599 316 671 341 sum,
685 308 733 337 sed
754 307 854 336 iterum
871 313 925 335 non
938 305 982 333 lo-

182 365 262 393 quar.
287 356 355 390 Quis
369 357 441 384 enim
458 363 518 383 sum
536 359 567 384 ut
587 362 699 384 causam
725 361 814 382 meam
846 360 924 390 agam
951 351 979 379 in

182 408 331 438 conspectu
348 407 395 430 tuo
409 402 421 427 Ἰ

218 449 299 485 226
306 449 380 477 Psal.
395 456 451 476 ut.
460 448 515 483 Ego
528 455 589 476 sum
598 448 699 476 vermis
709 452 735 476 et
747 455 800 475 non
814 447 907 483 homo,
921 455 984 484 pro-

181 495 262 522 brum
294 494 446 527 hominum,
461 493 721 528 eui-jectameutum
737 493 840 530 populi.

216 540 304 576 Prope
318 541 395 568 adest
411 540 543 568 Dominus
555 539 681 568 contritis
703 541 795 574 corde,
811 545 839 569 et
867 541 985 570 humiles

182 587 279 623 spiritu
290 587 382 614 salvos
395 586 474 614 facit.

219 631 389 660 Sacriﬁcium
404 632 459 661 Deo
481 633 594 668 spiritus
616 633 820 666 contritus,cor
835 634 983 662 contritum

183 683 211 706 ct
224 678 399 707 humiliatum
425 677 498 707 Deus
513 686 567 706 non
582 678 700 716 rejiciet.

217 771 250 798 ltt
266 770 421 798 humilitate
434 774 528 798 nostra
541 778 646 800 memor
660 771 711 799 fuit
725 771 810 799 nostri
833 769 982 804 Dominus,

183 821 210 845 et
222 817 336 844 redemit
348 824 396 845 nos
407 817 441 844 de
457 816 577 846 inimicis
591 818 704 846 nostris.

219 862 301 891 Prov.
312 870 387 891 χιιι.
398 863 535 892 Modestos
547 864 580 892 ad
593 864 707 899 gloriam
720 864 817 893 evehet
838 864 981 894 Dominus.

220 909 353 945 Superbis
370 909 502 939 Dominus
521 911 638 944 resistit,
656 911 810 939 humilibus
826 915 917 940 autent
935 912 985 940 dat.

185 956 316 992 gratiam.

220 1001 236 1028 1
252 1000 323 1028 Petr.
341 1009 366 1030 v.
385 1001 422 1030 0s
434 1001 579 1029 humilium
598 1002 759 1037 sapientiam
777 1003 933 1032 meditatur.

220 1046 350 1075 Sanctum
360 1048 516 1076 existimate
525 1055 597 1080 eum,
605 1049 652 1083 qui
662 1049 784 1078 animum
793 1051 985 1087 suum;dejicit.

221 1093 278 1121 Isa.
296 1102 366 1123 ιιι-ι.
383 1095 468 1128 Quem
485 1094 643 1129 respiciam,
658 1095 709 1123 nisi
725 1095 856 1124 humilem
871 1101 898 1125 et
909 1097 988 1132 quie-

187 1144 256 1172 tum.
273 1147 468 1176 sermonesque
484 1148 560 1168 meos
573 1148 636 1168 cum
663 1145 783 1169 trcmOre
808 1146 962 1170 servantem

223 1186 320 1213 Ezech.
339 1194 404 1214 svtt.
417 1186 474 1222 Ego
490 1186 624 1214 Dominus
644 1194 705 1214 sum
732 1187 777 1222 qui
808 1187 910 1223 lignum
938 1196 988 1217 ex-

187 1232 292 1261 celsum
306 1233 408 1260 humile
423 1232 519 1265 reddo,
533 1238 560 1260 et
573 1232 676 1267 lignum
693 1232 796 1260 humile
818 1234 908 1262 exulto
924 1242 931 1263 :
947 1234 987 1261 νὶ-

187 1279 248 1308 ride
262 1285 353 1307 autem
381 1279 510 1311 arefacio,
532 1283 559 1306 et
589 1278 694 1306 aridum
714 1278 811 1307 llorere
831 1280 911 1308 iacio.
931 1281 987 1316 Ego

190 1325 324 1354 Dominus
339 1326 406 1359 disi,
429 1330 456 1353 et
471 1325 582 1353 faciam.

225 1372 311 1400 Eccli.
325 1381 390 1401 xvu.
404 1372 468 1409 Igne
480 1373 613 1408 probatur
630 1379 740 1406 aurum,
754 1377 780 1401 et
796 1372 922 1401 homines
940 1381 988 1401 ac-

189 1419 260 1454 cepti
273 1419 435 1447 humilitatis
446 1419 566 1448 camino.

224 1464 334 1498 Quanto
357 1465 484 1500 majores,
508 1470 584 1494 tanto
597 1465 764 1495 submissius
790 1471 816 1494 te
842 1470 923 1501 aras
955 1467 982 1494 in

189 1514 339 1546 conspectu
355 1511 473 1545 Domini,
487 1512 638 1547 etgratiam
654 1511 824 1540 nancisceris
835 1521 842 1540 :
855 1513 918 1548 quia
929 1520 987 1541 ma-

1033 262 1141 297 ῆγημαι
1156 261 1278 297 ἐμαυτὸν
1294 261 1346 297 γῆν
1358 262 1407 287 καὶ
1425 259 1534 287 σποδόν.

1068 308 1168 344 Κύριε,
1199 306 1275 340 ἅπαξ
1303 306 1434 342 ἐλάλησα,
1460 305 1508 333 ἐπὶ
1532 305 1562 332 δὲ
1584 304 1624 340 τῷ
1651 304 1773 340 δευτέρῳ
1794 303 1828 330 ού

1034 355 1194 391 προσθήσω.
1213 354 1263 387 Τις
1282 354 1337 390 γάρ
1358 354 1428 390 εἰμι,
1442 353 1605 389 κρινόμενος
1631 351 1751 379 ἐναντίον
1773 351 1831 378 Κυ-

1035 402 1095 439 ρίου
1106 410 1115 435 ;

1076 449 1149 485 Ἐγὼ
1161 449 1191 476 δέ
1203 449 1262 485 είμι
1278 447 1399 484 σκώληξ,
1415 447 1464 475 καὶ
1482 446 1534 478 οὐκ
1556 445 1712 481 ἄνθρωπος,
1726 444 1830 476 δνειδος

1035 495 1200 532 ἀνθρώπων,
1216 495 1263 523 καὶ
1278 494 1450 529 έξουθένημα
1467 491 1544 521 λαοῦ.

1076 543 1179 578 Ἐγγῦς
1193 542 1298 578 Κύριος
1321 542 1379 573 τοῖς
1398 539 1644 576 συντετριμμένοις
1659 538 1694 573 τῇ
1716 536 1831 572 καρδίᾳ,

1036 590 1085 617 καὶ
1100 590 1164 621 τοὺς
1179 589 1326 620 ταπεινοὺς
1342 587 1382 622 τῷ
1397 585 1535 621 πνεύματι
1551 585 1645 612 σώσει.

1072 635 1160 663 Θυσία
1175 635 1215 671 τῷ
1237 634 1297 670 Θεῷ
1312 632 1422 668 πνεῦμα
1439 629 1676 667 συντετριμμένον
1687 636 1696 644 '
1713 627 1833 663 καρδίαν

1037 681 1273 719 συντετριμμένην
1301 681 1348 708 καὶ
1375 677 1618 713 τεταπεινωμένην
1644 677 1659 704 6
1685 674 1752 707 Θεὸς
1779 675 1832 701 οὐκ

1037 729 1209 763 ὲξουδενώσει
1215 748 1221 755 .

1079 775 1124 802 Ἐν
1136 776 1169 811 τῇ
1183 773 1350 802 ταπεινώσει
1362 771 1443 809 ἡμῶν
1457 770 1581 807 ἐμνήσθη
1594 768 1673 805 ἡμῶν
1687 768 1702 795 6
1714 768 1832 803 Κύριος,

1037 824 1086 850 καὶ
1098 823 1272 858 ἑλυτρώσατο
1283 821 1358 856 ἡμᾶς
1375 821 1408 847 ὲκ
1419 819 1476 846 τῶν
1490 818 1599 854 ἐχθρῶν
1610 815 1701 852 ἡμῶν.

1071 870 1142 902 Τοὺς
1160 867 1442 903 ταπεινοφρονοῦντας
1457 866 1550 900 ἐγερεῖ
1559 863 1662 900 Κύριος
1676 863 1717 895 εἰς
1732 861 1826 894 δόξαν.

1076 915 1179 951 Κύριος
1204 914 1390 951 ὑπερηφάνοις
1415 912 1620 945 ἀντιτάσσεται,
1641 910 1782 941 ταπεινοῖς
1799 908 1830 936 δὲ

1039 963 1131 990 δίδωσι
1147 962 1238 998 χάριν.

1076 1009 1169 1044 Στόμα
1183 1007 1320 1035 ταπεινῶν
1337 1007 1437 1043 μελετᾷ
1457 1006 1566 1042 σοφίαν.

1084 1053 1231 1088 ’Δγιάσατε
1245 1052 1291 1080 τὸν
1304 1051 1473 1087 φαυλίζοντα
1485 1050 1536 1087 τήν
1552 1049 1642 1085 ψυχὴν
1663 1047 1758 1076 αὐτοῦ.

1083 1101 1146 1129 Ἐπὶ
1158 1100 1219 1127 τινα
1234 1099 1374 1134 έπιὸλέψω
1390 1098 1450 1126 ἀλλ’
1465 1098 1482 1134 ἢ
1504 1098 1552 1125 ἐπὶ
1567 1096 1614 1123 τὸν
1628 1094 1767 1126 ταπεινὸν,
1783 1094 1833 1121 καὶ

1041 1147 1163 1183 ήσύχιον,
1181 1148 1229 1174 καὶ
1244 1145 1383 1182 τρέμοντά
1398 1153 1450 1180 μου
1465 1144 1529 1177 τοὺς
1543 1143 1659 1176 λόγους;

1087 1192 1158 1228 Ἐγὼ
1186 1192 1291 1228 Κύριος
1319 1194 1334 1220 6
1358 1191 1498 1226 ταπεινῶν
1523 1190 1601 1223 ξύλον
1633 1188 1753 1224 ὑψηλὸν,
1783 1187 1833 1213 καὶ

1042 1240 1117 1276 ὑψῶν
1135 1239 1212 1272 ξύλον
1227 1240 1356 1266 ταπεινόν
1367 1248 1375 1256 ·
1390 1238 1438 1266 καὶ
1458 1237 1595 1273 ξηραίνων
1618 1235 1696 1268 ξύλον
1713 1233 1830 1270 χλωρὸν,

1042 1287 1089 1313 καὶ
1103 1285 1264 1314 ἀναθάλλων
1279 1285 1358 1318 ξύλον
1374 1285 1468 1322 ξηρόν.
1491 1282 1563 1318 Ἐγὼ
1579 1282 1683 1318 Κύριος
1699 1280 1831 1316 ἐλάλησα,

1042 1333 1091 1360 καὶ
1102 1332 1209 1369 ποιήσω
1661 1329 1667 1335 ’

1083 1380 1129 1407 'Ev
1145 1379 1213 1415 πυρὶ
1230 1378 1409 1415 δοκιμάζεται
1421 1376 1524 1413 χρυσὸς
1534 1396 1542 1410 ,
1570 1376 1620 1405 καὶ
1637 1372 1832 1410 ἄνθρωποιδι-

1042 1426 1102 1454 κτοὶ
1120 1426 1149 1451 ὲν
1165 1424 1274 1460 καμίνῳ
1288 1422 1494 1455 ταπεινώσεως.

1076 1473 1153 1508 Ὅσῳ
1169 1471 1254 1507 μέγας
1271 1469 1307 1503 εί.
1331 1468 1453 1505 τοσούτῳ
1467 1468 1599 1496 ταπείνου
1616 1473 1716 1494 σαυτον
1741 1466 1832 1494 ἔναντι

1042 1519 1158 1554 Κυρίου,
1173 1518 1221 1545 καὶ
1242 1517 1371 1553 εὑρήσεις
1386 1516 1485 1552 χάριν·
1510 1515 1553 1543 ὅτι
1577 1513 1685 1550 μεγάλη
1712 1513 1729 1548 ή
1753 1513 1834 1540 δυνα-

190 1563 242 1592 ςιιιι
261 1556 366 1584 Domini
380 1561 501 1592 potestas
516 1561 568 1590 est,
583 1563 610 1585 et
622 1558 656 1585 ab
665 1557 816 1585 humilibus
827 1558 987 1594 magniﬁca-

1065 1564 1117 1592 ιεία
1137 1563 1250 1600 Κυρίου,
1267 1563 1315 1591 καὶ
1331 1562 1386 1591 ὑπὸ
1399 1562 1455 1590 τῶν
1471 1561 1608 1589 ταπεινῶν
1622 1559 1832 1595 δοξασθήσεται.

188 1603 273 1630 bitur.

224 1645 384 1680 Principum
405 1645 519 1673 thronos
534 1644 653 1673 detraxit
667 1645 812 1680 Dominus,
830 1650 857 1676 et
871 1655 921 1683 pro
934 1646 987 1676 illis

190 1691 325 1727 plantavit
343 1691 477 1726 abiectos.

226 1737 327 1764 Matth.
344 1745 368 1765 ν.
386 1737 463 1766 Beati
489 1746 625 1775 pauperes
653 1740 763 1776 spiritu,
783 1741 848 1777 quia
863 1741 985 1777 ipsorum

190 1787 232 1810 est
248 1790 360 1818 regnum
377 1784 522 1815 caelorum.

229 1830 324 1864 Amen,
342 1838 421 1858 amen
434 1831 497 1859 dico
514 1831 601 1866 vobis,
613 1832 665 1861 nisi
685 1833 812 1861 conversi
829 1832 947 1867 fueritis,
962 1838 990 1862 et

191 1873 257 1903 facti
279 1875 388 1905 fueritis
402 1880 432 1904 ut
445 1877 520 1912 parvi
533 1878 621 1913 pueri,
637 1886 692 1906 non
708 1879 897 1914 ingrediemini
908 1880 936 1907 in
948 1887 990 1909 re-

191 1930 273 1958 gnum
288 1923 433 1951 caelorum.
446 1924 499 1958 Qui
510 1924 595 1960 igitur
608 1933 639 1954 se
670 1927 802 1962 abiecerit
833 1932 863 1955 ut
890 1935 989 1963 parvus

192 1976 259 2004 puer
276 1969 368 2004 hic,in
380 1977 464 2006 regno
480 1970 613 1999 ctelorum
626 1971 650 2000 is
679 1972 731 2000 erit
755 1975 902 2001 maximus.

226 2060 389 2096 Quicunque
404 2060 462 2088 vult
474 2061 503 2089 in
515 2061 594 2090 vobis
606 2069 720 2098 magnus
734 2070 805 2096 esse,
817 2062 854 2091 sit
865 2063 990 2092 minister

192 2111 284 2135 vester
300 2116 307 2135 :
323 2113 349 2135 et
364 2107 524 2143 quicunque
537 2108 565 2136 in
580 2108 658 2136 vobis
674 2109 731 2136 vult
745 2109 848 2144 primus
867 2117 940 2144 esse,
953 2110 990 2138 sit

193 2154 317 2182 omnium
334 2161 432 2182 servus
448 2159 476 2182 et
489 2154 613 2182 omnium
638 2160 806 2190 postremus.
821 2155 929 2183 Etenim
946 2155 992 2184 Fi-

194 2201 247 2229 lius
262 2199 382 2230 hominis
397 2208 452 2229 non
468 2201 544 2230 venit
559 2201 649 2237 utipsi
666 2201 880 2234 ministraretur.
897 2202 946 2230 sed
961 2206 990 2230 ut

193 2248 253 2284 ipse
272 2248 334 2278 aliis
349 2249 528 2277 ministraret.

229 2294 283 2329 Qui
295 2302 325 2323 se
341 2295 400 2332 ipse
415 2295 485 2324 elate
500 2295 630 2331 gesserit,
651 2295 763 2323 humilis
778 2295 906 2323 reddetur
922 2296 991 2331 ;qui

195 2347 262 2369 vero
278 2341 425 2374 submisse,
441 2341 469 2369 in
486 2341 569 2369 altum
581 2341 694 2377 gradum
714 2341 854 2369 evehetur.

231 2385 297 2413 Luc.
313 2395 339 2415 v.
355 2386 428 2414 Dixit
447 2387 544 2415 Petrus
558 2386 625 2415 Jesu
642 2395 650 2415 :
666 2387 715 2414 Exi
733 2395 747 2414 a
763 2395 818 2420 me,
833 2387 897 2422 quia
915 2387 997 2415 homo

197 2436 327 2467 peccator
340 2440 414 2465 sum,
431 2433 557 2461 Domine.

235 2478 331 2506 Matth.
350 2479 423 2506 Dixit
437 2479 582 2508 centurio:
599 2478 658 2508 Non
673 2486 733 2507 sum
749 2479 860 2515 dignus.
874 2479 995 2512 Domine,

200 2531 230 2554 ιιι
245 2528 346 2553 tectum
360 2533 450 2553 meum
461 2526 571 2555 subeas.

236 2571 304 2599 Cum
317 2571 352 2599 ab
365 2571 458 2606 aliquo
471 2577 584 2600 vocatus
597 2572 683 2600 fueris
699 2572 732 2600 ad
748 2571 868 2608 nuptias,
885 2579 920 2600 ne
950 2578 996 2600 ac-

201 2618 317 2647 cumbas
333 2618 360 2645 in
373 2618 461 2653 pritno
474 2618 545 2653 loco,
572 2624 669 2655 etquae
681 2620 819 2655 deinceps.

237 2667 306 2694 Cum
324 2665 443 2695 feceritis
457 2667 550 2693 omnia
566 2675 626 2701 quae
638 2667 796 2702 pnescripta
825 2671 893 2695 sunt
908 2666 996 2699 vobis,

203 2713 289 2742 dicite
306 2721 314 2741 :
333 2713 412 2741 Servi
427 2712 539 2741 inutiles
554 2720 661 2748 sumus,
679 2713 746 2748 quia
762 2713 835 2749 quod
850 2713 998 2741 debuimus

205 2758 296 2786 facere
308 2758 434 2786 fecimus.

241 2804 323 2840 227
341 2804 419 2832 Rom.
437 2811 467 2832 tt.
485 2803 552 2831 Dico
569 2807 658 2831 autem
676 2811 725 2838 per
741 2804 855 2839 gratiam
871 2803 938 2832 mihi
951 2804 998 2831 da—

207 2855 261 2878 tam
275 2851 364 2878 cuivis
382 2851 502 2879 versanti
519 2851 591 2878 inter
607 2857 655 2879 vos
666 2870 675 2884 ,
690 2857 724 2879 ne
740 2850 842 2879 sentiat
861 2850 894 2879 de
908 2858 938 2878 se
953 2858 998 2878 su-

208 2905 257 2931 pra
288 2897 315 2925 id
343 2898 417 2933 quod
434 2898 536 2926 sentire
551 2897 632 2926 debet
653 2906 661 2925 :
687 2898 735 2926 sed
760 2897 797 2927 ita
830 2897 952 2931 sentiat,
969 2900 1008 2943 ut

161 2982 168 2988 κ
212 2943 351 2972 moderate
364 2947 390 2972 ct
402 2947 586 2980 temperanter
601 2944 711 2974 sentiat.

1077 1652 1196 1689 Θρόνους
1212 1651 1355 1689 ἀρχόντων
1381 1650 1508 1679 καθεῖλεν
1522 1650 1537 1678 6
1554 1648 1668 1686 Κύριος,
1695 1646 1742 1675 καὶ
1765 1644 1832 1681 ἐφύ-

1041 1708 1124 1728 τευσε
1139 1699 1286 1730 ταπεινοὺς
1303 1698 1363 1726 ἀντ’
1376 1697 1479 1726 αὐτῶν.

1078 1745 1219 1780 Μακάριοι
1233 1745 1258 1772 οἱ
1273 1744 1377 1780 πτωχοὶ
1389 1744 1429 1779 τῷ
1443 1743 1593 1779 πνεύματι,
1605 1742 1647 1769 δτι
1658 1740 1749 1768 αὐτῶν
1758 1739 1834 1766 ἐστιν

1042 1793 1059 1828 ἡ
1075 1791 1199 1828 βασιλεία
1218 1791 1273 1819 τῶν
1289 1791 1423 1826 οὐρανῶν.

1086 1838 1183 1874 ΙΔμὴν,
1204 1838 1289 1873 ἀμὴν,
1316 1837 1387 1872 λέγω
1404 1837 1479 1872 ὑμῖν,
1503 1836 1551 1863 ἐὰν
1563 1835 1601 1871 μὴ
1625 1834 1765 1870 στραφῆτε
1788 1833 1836 1860 καὶ

1043 1885 1162 1920 γένησθε
1180 1884 1218 1916 ὼς
1233 1883 1267 1910 τὰ
1281 1883 1390 1916 παιδία,
1401 1882 1432 1910 ού
1448 1883 1486 1918 μὴ
1502 1881 1645 1917 εεσέλθητε
1662 1881 1702 1913 al;
1717 1882 1768 1917 τὴν
1784 1880 1836 1915 βας

1044 1931 1148 1958 σιλείαν
1164 1930 1219 1958 τῶν
1243 1930 1379 1966 οὐρανῶν.
1398 1929 1493 1960 Ὅστις
1509 1926 1558 1956 οὖν
1579 1927 1745 1956 ταπεινώσει
1768 1928 1837 1954 tau-

1043 1977 1089 2003 τδν
1105 1976 1144 2008 ὡς
1160 1976 1191 2004 τδ
1208 1976 1316 2004 παιδίον
1336 1975 1425 2009 τοῦτο,
1452 1971 1529 2007 οὗτός
1550 1975 1609 2001 ἐστι
1634 1973 1737 2009 μείζων
1756 1973 1788 2000 ὲν
1801 1974 1836 2008 τῇ

1045 2022 1171 2058 βασιλείᾳ
1186 2022 1241 2050 τῶν
1257 2022 1393 2057 οὐρανῶν.

1081 2069 1129 2101 Ὃς
1142 2068 1190 2096 ἐὰν
1203 2068 1232 2095 ὲν
1246 2068 1311 2103 ὑμῖν
1327 2067 1392 2104 θέλῃ
1408 2068 1496 2103 μέγας
1513 2067 1657 2102 γενεσθαι,
1673 2067 1745 2093 ἔστω
1759 2066 1839 2100 ὑμῶν

1044 2115 1184 2147 διάκονος·
1210 2115 1259 2142 καὶ
1280 2114 1310 2147 ὃς
1328 2114 1377 2141 ἐὰν
1396 2114 1426 2141 ἐν
1451 2115 1517 2150 ὑμῖν
1542 2114 1608 2151 θέλῃ
1628 2114 1738 2149 πρῶτος
1753 2111 1838 2145 εἷναι,

1044 2161 1116 2188 ἔστω
1135 2161 1245 2189 πάντων
1259 2161 1363 2193 δοῦλος,
1379 2161 1427 2188 καὶ
1439 2161 1549 2188 πάντων
1565 2160 1691 2196 ἔσχατος.
1708 2159 1764 2186 Καὶ
1782 2160 1840 2194 γὰρ

1044 2209 1059 2236 6
1072 2207 1134 2239 υίὸς
1149 2207 1195 2235 τοῦ
1216 2207 1363 2243 ἀνθρώπου
1385 2207 1435 2235 οὐκ
1450 2205 1515 2243 ἦλθε
1534 2206 1741 2242 διακονηθῆναι,
1766 2205 1840 2233 ἀλλὰ

1006 2266 1030 2294 ι)
1044 2255 1214 2291 διακονῆσαι.

1086 2303 1181 2334 Ὅστις
1196 2301 1300 2336 ὑψώσει
1312 2302 1423 2334 ἑαυτὸν,
1434 2300 1689 2336 ταπεινωθήσεται·
1704 2300 1753 2327 καὶ
1763 2300 1842 2333 ὅστις

1048 2348 1214 2375 ταπεινώσει
1231 2348 1336 2381 ἑαυτὸν,
1352 2347 1540 2383 ὑψωθήσεται.

1084 2392 1168 2422 Εἷπεν
1185 2395 1199 2421 ὁ
1216 2395 1319 2431 Πέτρος
1351 2395 1420 2431 πρὸς
1440 2395 1487 2422 τὸν
1517 2394 1640 2430 Ἰησοῦν
1656 2392 1770 2427 Ἔξελθε
1792 2394 1842 2423 ἀπ’

1048 2441 1128 2476 ἐμοῦ,
1145 2441 1186 2468 ὅτι
1201 2441 1272 2477 ἀνὴρ
1286 2441 1451 2477 ἁμαρτωλός
1463 2442 1533 2477 εἰμι,
1550 2441 1649 2476 Κύριε.

1085 2484 1170 2514 Εἶπεν
1184 2488 1198 2514 6
1210 2487 1420 2524 ἑκατόνταρχος·
1437 2488 1536 2523 Κύριε,
1545 2488 1596 2515 οὐκ
1609 2489 1667 2522 ειμι
1683 2487 1789 2519 ίκανδς.
1799 2487 1844 2514 ἵνα

1049 2540 1100 2567 μου
1118 2532 1170 2558 ὑπὸ
1180 2531 1230 2567 τὴν
1247 2532 1347 2568 στέγην
1361 2532 1498 2568 είσέλθῃς.

1084 2577 1174 2604 Ὅταν
1190 2576 1297 2614 κληθῇς
1310 2577 1364 2604 ὑπό
1375 2586 1448 2609 τινος
1467 2578 1507 2609 είς
1522 2577 1640 2612 γάμους,
1657 2577 1696 2612 μὴ
1711 2577 1844 2604 κατακλι-

1053 2623 1104 2660 θῇς
1119 2624 1159 2656 είς
1173 2624 1224 2659 τὴν
1240 2624 1454 2660 πρωτοκλισίαν,
1470 2624 1563 2651 καὶτὰ
1575 2624 1649 2660 ἑξῆς.

1088 2670 1177 2698 Ὅταν
1202 2671 1335 2706 ποιήσητε
1362 2671 1452 2698 πάντα
1477 2670 1512 2698 τὰ
1537 2670 1742 2705 διατεταγμένα
1766 2669 1843 2704 ὑμῖν,

1048 2716 1144 2750 λέγετε
1155 2723 1163 2732 ”
1176 2715 1272 2743 Δοῦλοι
1287 2716 1395 2752 ἀχρεῖοί
1410 2717 1496 2751 ἐσμεν
1509 2737 1517 2749 ,
1533 2716 1575 2743 ὅτι
1589 2716 1604 2743 ὃ
1618 2715 1765 2751 ὀφείλομεν
1785 2723 1845 2741 τακ-

1049 2762 1117 2798 ἧσαι
1132 2763 1339 2798 πεποιήκαμεν.

1085 2807 1167 2841 Λέγω
1177 2807 1218 2842 δὲ,
1238 2807 1282 2834 διὰ
1296 2808 1345 2843 τῆς
1358 2807 1470 2844 χάριτος
1481 2809 1529 2843 τῆς
1545 2807 1670 2843 δοθείσης
1685 2816 1743 2842 μοι,
1761 2807 1845 2835 παντὶ

1049 2854 1088 2889 τῷ
1102 2854 1159 2881 δντι
1177 2855 1206 2882 έν
1222 2854 1296 2890 ὑμῖν,
1316 2854 1355 2890 μή
1380 2854 1563 2890 ὑπερφρονεῖν
1588 2854 1654 2889 παρ’
1669 2854 1684 2881 δ
1703 2853 1745 2881 δεῖ
1774 2861 1845 2889 φρο-

1051 2902 1117 2935 νεῖν,
1133 2901 1201 2930 ἁλλὰ
1221 2903 1334 2938 φρονεῖν
1345 2902 1385 2934 είς
1400 2902 1431 2929 τὸ
1445 2901 1608 2936 σωφρονεῖν.

1838 959 1846 1051 ἓ
