1889 3085
105 153 172 186 lilii

508 155 593 185 LOCI
613 155 831 186 COMMUNES.
853 148 999 184 -ῬΑΗΞ
1013 153 1054 186 Ii.
1075 152 1203 184 SERMO
1225 152 1356 184 LXXIV.

1664 147 1731 180 1132

104 213 157 241 τῶν
172 212 280 249 ἄστρων
296 212 343 248 θῇς
356 212 466 240 νοσσιὰν
481 221 541 247 σου,
553 212 659 240 ἐκεῖθεν
669 212 779 246 κατάξω
789 220 830 246 σε,
845 211 889 240 λέ-

982 219 1015 239 er
1027 215 1101 238 astra
1124 210 1218 238 nidum
1232 210 1360 246 posueris
1375 213 1464 243 tuum,
1490 207 1567 236 illinc
1590 207 1730 234 detraham

104 268 147 294 γει
162 259 274 295 Κῦριος.

145 305 348 340 Ἦφανίσοησαν
366 305 413 332 καὶ
426 305 549 338 πετεινὰ,
564 305 605 332 ὅτι
619 301 711 339 εἶπαν,
727 304 784 332 οὐκ
796 304 893 340 ὄψεται

105 351 209 386 Κύριος
223 352 298 384 ὀδοὺς
312 352 400 387 ἡμῶν.

143 398 250 430 Πάντας
263 399 326 430 τοὺς
342 398 543 435 πορευομένους
557 398 587 425 έν
598 397 772 434 ὑπερηφανία
797 405 895 424 ταπει-

108 447 191 473 νώσει
205 446 319 481 Κύριος.

144 493 211 519 Τότε
237 492 329 528 ἐροῦσι
349 492 418 528 πρὸς
435 491 549 522 ἑαυτούς
560 498 567 506 ·
584 491 618 518 Τί
638 490 780 526 ὠφέλησεν
797 489 864 525 ἡμῖν
877 489 895 525 ἠ

110 539 301 574 ὗπερηφανία;
330 539 376 565 καὶ
397 539 424 565 τί
447 540 461 565 ὁ
484 538 598 569 πλοῦτος
641 537 711 572 μετὰ
736 536 897 568 ἀλαζονείας

111 585 296 620 συμϐέϐληται
311 585 377 620 ἡμῖν
390 594 397 617 ;
411 584 537 620 Παρῆλοε
557 584 645 611 πάντα
658 583 697 615 ὡς
712 582 787 610 σκιά.

146 674 192 710 Μὴ
208 675 307 709 ὲξὺψου
332 674 456 707 σεαυτὸν,
476 674 519 700 ἴνα
537 673 577 708 μὴ
592 673 679 708 πέσῃς
693 671 740 699 καὶ
755 670 899 707 ὲπαγάγῃς

111 723 144 756 τῇ
157 721 230 756 ψυχῇ
248 729 294 747 σου
324 720 449 756 ἀτιμίαν,
473 721 521 747 καὶ
547 718 710 755 ἀποκαλύψῃ
736 717 839 752 Κύριος
865 717 900 744 τὰ

112 767 222 802 κρυπτά
245 775 303 799 σου,
319 767 365 793 καὶ
382 767 410 793 ὲν
427 766 503 801 μέσῳ
525 765 674 800 ἐκκλησίας
692 764 842 791 καταϐαλεῖ
857 771 899 790 σε.

148 814 259 849 Μισητὴ
286 813 375 840 ἔναντι
405 813 509 847 Κυρίου
535 813 582 839 καὶ
604 810 757 846 ἀνθρώπων
777 811 795 846 ὴ
827 819 902 838 κενο-

113 859 198 892 δοξία.

147 905 225 933 Εἰσὶν
245 905 270 933 οἱ
287 905 474 938 πλουτίζοντες
489 905 613 939 ἑαυτοὺς,
629 905 713 941 μηδὲν
727 905 845 940 ἔχοντες.

149 954 282 987 Κρεῖσσον
307 953 376 988 ἀνὴρ
399 954 429 980 ὲν
455 953 553 988 ἀτιμίᾳ
574 953 708 980 δουλεύων
730 952 861 988 ἐαυτῷ,ἢ
886 953 901 980 ὁ

113 1000 194 1034 τιμὴν
211 999 299 1035 ἐαυτῷ
315 997 449 1034 περιθεὶς,
465 1000 512 1026 καὶ
528 1000 727 1035 προσδεόμενος
743 1000 838 1035 ἄρτου.

148 1047 181 1074 Τί
196 1046 411 1081 ὑπερηφανεύει,
424 1046 460 1082 γῆ
475 1048 523 1074 καὶ
538 1047 652 1079 σποδός;

154 1087 238 1128 Ἀρχὴ
262 1086 453 1128 ὑπερηφανίας
482 1093 620 1129 ἁμαρτία·
636 1094 683 1121 καὶ
697 1093 710 1120 ὁ
727 1092 837 1128 κρατῶν
854 1093 901 1120 αὐ-

112 1139 162 1174 τῆς
175 1138 343 1175 ὲξομὸρήσει
358 1139 508 1175 βδέλυγμα.

154 1230 184 1257 '0
199 1231 351 1266 ἁπτόμενος
367 1230 468 1265 πίσσης
485 1229 682 1267 μολυνθήσεται
693 1238 701 1246 ”
715 1231 762 1259 καὶ
776 1231 790 1258 ὁ
803 1239 902 1258 κοινω-

113 1277 168 1305 νῶν
183 1277 351 1313 ὑπερηφάνῳ
362 1277 560 1313 ὁμοιωθήσεται
576 1277 660 1311 αὐτῷ.
692 1270 698 1274 ’

150 1323 294 1359 Βδέλυγμα
310 1323 500 1358 ὑπερηφάνοις
514 1323 689 1355 ταπείνωσις.

149 1369 196 1403 Μὴ
210 1368 424 1405 ὑπερηφανεύου
439 1368 556 1396 ἐνώπιον
573 1369 719 1404 βασιλέως.

155 1414 295 1448 Ἐξέλιπεν
305 1414 418 1450 ἄνομος,
426 1414 551 1443 ἀπώλετο
562 1415 751 1450 ὑπερήφανος,
758 1416 904 1443 πεσοῦνται

114 1461 140 1489 οἱ
158 1461 256 1497 ὑψηλοὶ
272 1463 408 1498 μαχαίρᾳ.

153 1507 237 1541 Δόξαν
250 1507 316 1543 παρ’
331 1507 455 1543 ἀλλήλων
471 1507 723 1543 λαμϐάνοντες,τὴν
735 1507 815 1540 δόξαν
830 1508 904 1543 παρὰ

119 1553 167 1581 τοῦ
183 1554 265 1590 μόνου
278 1554 345 1581 Θεοῦ
357 1555 386 1582 οὐ
400 1555 518 1590 ζητεῖτε.

151 1597 209 1632 Πᾶς
225 1601 238 1627 ὁ
253 1601 328 1636 ὑψῶν
346 1598 444 1628 ἑαυτὸν
458 1602 706 1637 ταπεινωθήσεται.

152 1646 190 1672 Τδ
227 1645 381 1682 ἀνθρώποις
413 1646 526 1683 ὑψηλὸν,
543 1647 683 1683 βδέλυγμα
712 1647 829 1675 ἐνώπιον
856 1647 903 1675 τοῦ

117 1692 199 1720 Θεοῦ.

149 1736 197 1774 Μὴ
211 1737 402 1774 ὖψηλοφρίνει,
413 1736 480 1765 ἀλλὰ
495 1738 589 1773 φοϐοῦ.

150 1786 197 1820 Μὴ
210 1784 355 1819 γενώμεθα
367 1784 510 1819 κενόδοξοι,
525 1784 658 1821 ἀλλήλους
674 1786 903 1822 προκαλούμενοι,

115 1832 241 1867 ἀλλήλοις
253 1831 428 1866 φθονοῦντες.

151 1878 190 1907 Oti
206 1879 238 1905 τὰ
254 1878 364 1913 ῥήματα
386 1877 492 1912 πέφυκε
509 1877 559 1910 τὰς
576 1877 666 1911 λύπας
696 1879 792 1911 κινεῖν,
806 1878 866 1906 ἀλλ’
886 1879 903 1911 ἡ

116 1925 165 1952 καὶ
189 1924 237 1952 τοῦ
259 1924 467 1960 λοιδορήσαντος
494 1924 568 1959 ἡμᾶς
585 1924 733 1960 ὑπεροψία,
748 1925 797 1953 καὶ
811 1926 828 1961 ὴ
841 1924 906 1951 ἑκά-

118 1980 181 1998 στου
198 1971 263 2006 περὶ
276 1970 366 1997 αὐτῶν
384 1970 531 2005 φαντασία.

153 2017 197 2052 Τῷ
214 2016 272 2044 δντι
288 2016 504 2052 θεραπευόμενα
524 2016 558 2043 τὰ
582 2016 746 2052 ὑπερήφανα
761 2016 815 2053 ἤθη
840 2018 905 2045 ἑαυ-

116 2064 172 2092 τῶν
185 2063 431 2099 ὑπεροπτικώτερα
446 2063 552 2098 πέφυκε
566 2063 699 2096 γίνεσθαι.

158 2110 276 2146 Ὁμοίως
295 2110 354 2136 ἐστὶ
379 2109 496 2144 χαλεπὸν
511 2109 539 2136 Εν
556 2117 587 2136 τε
601 2110 755 2142 δυσκολίαις
769 2111 904 2146 πραγμά-

117 2166 171 2185 των
194 2155 379 2184 ἀταπείνωτον
402 2155 452 2190 τὴν
478 2154 568 2190 ψυχὴν
592 2154 790 2189 διασώσασθαι,
803 2157 851 2184 καὶ
875 2157 905 2184 ὲν

117 2203 177 2234 ταῖς
193 2201 395 2236 ὑπερηφανίαις
412 2200 449 2236 μὴ
465 2199 631 2236 ἐπαρθῆναι.

945 262 981 292 ιε,
993 258 1082 292 inquit
1106 257 1249 286 Dominus.

978 301 1077 330 Jerem.
1104 304 1283 331 Evanuerunt
1308 302 1390 330 etiam
1416 301 1578 337 penuigera,
1600 301 1665 336 quia
1693 300 1735 328 di-

945 355 1046 377 xerunt
1063 349 1209 377 Dominum
1226 357 1280 377 non
1298 350 1421 377 visurum
1436 349 1494 376 vias
1511 349 1644 382 ipsorum.

980 396 1051 424 Dan.
1067 404 1104 424 Iv.
1134 395 1235 425 Omnes
1247 396 1293 432 qui
1312 395 1429 431 superbe
1447 395 1590 426 incedunt,
1606 394 1737 420 Dominus

946 443 1091 477 deprimet.

975 488 1047 524 ISap.
1072 497 1099 517 ν.
1117 489 1194 517 Tunc
1225 489 1317 517 diccnt
1340 489 1367 516 in
1395 487 1493 523 scipsis
1513 496 1520 514 :
1539 487 1609 520 Quid
1638 494 1668 522 pr
1689 485 1737 512 Γιιῑτ

947 536 1026 563 nobis
1054 536 1204 571 superbia!
1228 536 1295 572 quid
1320 536 1385 563 item
1411 535 1548 569 opulentia
1575 542 1636 560 cum
1661 542 1720 560 arw

949 583 1040 617 gantia
1052 583 1200 618 conjuncta
1214 583 1349 611 contulit?
1362 582 1461 610 Omnia
1476 582 1502 608 in
1517 582 1620 609 umbra:
1638 589 1728 606 ιιιω-«ιιι

949 628 1106 663 praeteriero
1111 634 1151 657 nt.

985 673 1047 702 Noli
1060 679 1086 703 te
1097 675 1240 706 extollere,
1256 683 1289 703 ne
1303 675 1397 709 cadas,
1411 679 1439 702 et
1449 675 1546 702 animm
1561 678 1614 701 tuae
1624 675 1741 709 ignomi—

951 721 1024 748 niam
1039 722 1146 754 inuras,
1164 727 1191 749 et
1206 722 1338 750 Dominus
1357 722 1504 757 patefaciat
1519 722 1626 748 occulta
1644 727 1701 752 tua,
1715 724 1742 748 ct

951 769 979 796 in
996 768 1086 796 medio
1097 769 1222 797 ecclesiae
1237 769 1348 802 deiiciat
1365 773 1401 796 te.
1673 802 1677 805 1

988 813 1074 843 Eccli.
1089 823 1117 842 ι.
1130 815 1228 844 Odiosa
1242 820 1284 844 est
1295 816 1323 843 in
1334 819 1482 850 conspectu
1498 814 1546 843 Dei
1558 819 1585 843 et
1597 814 1740 842 hominum

954 860 1042 889 inanis
1061 862 1158 896 gloria.

916 887 938 918 Β
965 887 968 888 ν
988 887 1270 943 semihiantes
1284 909 1446 944 praedicent,
1458 917 1521 937 cum
1533 909 1601 936 nihil
1612 909 1739 937 habeant.

966 960 972 966 '
986 954 1083 983 Melius
1099 960 1141 983 est
1155 955 1181 982 in
1195 949 1364 991 ignobilitate
1380 955 1431 983 sibi
1451 957 1563 988 servire,
1587 963 1669 990 quam
1691 955 1740 982 ho-

952 1008 1047 1030 norem
1062 1002 1113 1029 sibi
1133 1008 1273 1029 assumere
1288 1009 1349 1029 cum
1366 1002 1444 1035 panis
1457 1001 1582 1034 penuria.

991 1047 1063 1075 Ibid.
1081 1047 1151 1080 Quid
1165 1047 1301 1081 superbis,
1319 1051 1390 1074 terra
1405 1051 1432 1074 et
1444 1047 1531 1074 cinis?

989 1093 1062 1121 Ibid.
1085 1092 1227 1126 Superbia)
1251 1091 1361 1120 initium
1386 1096 1530 1128 peccaturo
1555 1097 1598 1120 est
1625 1093 1672 1127 (al.
1696 1103 1743 1122 su-

953 1140 1043 1176 perbia
1068 1140 1175 1167 initium
1202 1140 1302 1174 peccati
1329 1139 1393 1174 est),
1421 1143 1447 1166 et
1471 1140 1601 1174 prreditus
1627 1148 1658 1168 ea
1680 1148 1743 1175 pro-

953 1187 1051 1215 fundat
1065 1186 1255 1215 exsecrabilia.

990 1232 1075 1261 Eccli.
1094 1240 1155 1260 χιιι.
1173 1232 1225 1265 Qui
1251 1233 1338 1268 tangit
1365 1233 1464 1268 picem,
1490 1233 1742 1267 contaminabitur;

954 1279 999 1314 qui
1015 1285 1076 1306 cum
1092 1279 1216 1314 superbo
1233 1279 1428 1312 communicat,
1445 1279 1544 1307 similis
1558 1281 1581 1306 ei
1596 1281 1706 1307 evadet.

991 1324 1062 1351 Ibid.
1086 1325 1261 1352 Detestantur
1279 1326 1389 1360 superbi
1408 1325 1580 1353 modestiam.

992 1371 1030 1399 Ne
1043 1371 1162 1406 superbe
1176 1376 1201 1398 te
1213 1379 1293 1406 geras
1305 1371 1331 1398 in
1347 1377 1496 1407 conspectu
1521 1372 1604 1406 regis.

993 1416 1096 1444 Deiecit
1125 1416 1227 1450 exlex,
1258 1416 1339 1451 periit
1367 1417 1525 1452 superbus,
1555 1418 1656 1445 cadent
1681 1419 1746 1447 elati

955 1461 1057 1497 gladio.

993 1507 1113 1535 Laudem
1130 1507 1247 1536 invicem
1260 1509 1441 1544 accipientes,
1459 1510 1566 1538 laudem
1587 1519 1601 1538 ιι
1618 1510 1676 1538 solo
1692 1511 1747 1538 Dco

919 1561 942 1592 α
959 1554 1014 1581 non
1027 1554 1160 1589 quieritis.

991 1599 1124 1635 Quisquis
1139 1607 1169 1628 se
1183 1600 1245 1635 ipse
1258 1602 1375 1633 extollit,
1394 1601 1572 1637 deprimetur.

995 1646 1073 1681 Quod
1091 1648 1118 1675 in
1139 1647 1296 1676 hominibus
1310 1648 1450 1677 excelsum
1467 1653 1521 1684 est,
1537 1649 1564 1677 id
1584 1657 1678 1678 coram
1691 1649 1748 1679 Deo

959 1693 1138 1722 abominatio.

994 1739 1059 1767 Noli
1075 1740 1162 1777 elatus
1176 1748 1249 1774 esse,
1266 1741 1314 1769 sed
1329 1741 1407 1769 time.

997 1783 1088 1812 Galat.
1100 1793 1126 1813 ν.
1139 1785 1177 1813 Ne
1192 1786 1277 1814 simus
1288 1786 1377 1814 inanis
1395 1787 1487 1822 gloria:
1503 1788 1606 1823 cupidi,
1625 1789 1744 1817 invicem

959 1835 1154 1866 provocantes,
1172 1831 1289 1859 invicem
1305 1832 1470 1863 invidentes.

996 1876 1026 1904 S.
1043 1876 1148 1905 Basilii.
1166 1877 1226 1906 Non
1242 1879 1323 1906 verba
1342 1880 1399 1913 ipsa
1414 1881 1505 1907 solent
1519 1879 1613 1909 dolore
1628 1881 1750 1915 allicere,

959 1924 1006 1952 sed
1019 1924 1199 1952 conviciantis
1215 1925 1294 1953 nobis
1313 1931 1499 1962 contemptus,
1523 1931 1550 1954 et
1566 1927 1699 1963 cujusque
1712 1928 1748 1956 de

959 1977 989 1998 se
1005 1970 1063 2005 ipso
1079 1970 1182 2004 opinio.

995 2016 1084 2044 Mores
1103 2016 1223 2044 heminis
1242 2017 1354 2053 superbi
1370 2018 1393 2046 si
1412 2026 1476 2046 vere
1496 2018 1677 2056 sanati230
1689 2019 1751 2048 fuc-

959 2063 1025 2095 rint,
1041 2063 1130 2090 solent
1142 2071 1203 2090 esse
1215 2064 1256 2090 sui
1270 2063 1508 2100 despicientiores.

995 2108 1085 2143 Eque
1111 2108 1219 2136 dillicile
1236 2109 1326 2140 estin
1350 2118 1442 2138 rerum
1465 2111 1668 2141 dillicultatibus
1691 2114 1751 2140 ani-

960 2162 1033 2182 mum
1051 2155 1158 2182 ﬁrmum
1178 2163 1296 2189 scrvare,
1308 2164 1390 2192 quam
1403 2157 1430 2184 in
1448 2159 1674 2192 prosperitatibus
1691 2168 1750 2188 non

959 2200 1063 2228 ellhiii.

153 2247 298 2280 Κενόδοξός
315 2248 388 2273 ἐστιν
404 2248 418 2273 ὁ
431 2246 511 2282 ψιλῆς
525 2246 619 2274 ἕνεκεν
633 2246 684 2283 τῆς
705 2246 734 2274 ἐν
749 2247 788 2283 τῷ
809 2247 898 2284 κᾶσμιί

993 2245 1084 2275 Inanis
1097 2246 1189 2282 gloria!
1205 2251 1328 2282 captator
1342 2250 1395 2280 cst,
1415 2247 1462 2281 qui
1487 2247 1590 2283 aliquid
1611 2254 1656 2277 aut
1684 2249 1751 2279 facit

117 2295 206 2330 δόξης,
220 2293 271 2329 τῆς
299 2293 377 2329 παρὰ
389 2293 444 2320 τῶν
463 2292 590 2329 ὁρώντων
606 2293 622 2329 ἥ
636 2294 800 2329 ἀκουόντων,
820 2295 905 2323 ποιῶν

117 2351 145 2369 τι
159 2342 176 2377 ἢ
193 2340 290 2376 λέγων.

153 2388 200 2424 Μὴ
213 2387 336 2424 ιπαρθῇς
353 2386 434 2421 μέγα,
452 2386 495 2413 ῑνα
512 2386 550 2423 μὴ
569 2386 662 2423 μεῖζον
677 2387 854 2425 κατενεχοῇς.

152 2479 232 2513 Μέγα
254 2479 312 2510 τοῖς
337 2477 492 2514 ἀνθρώποις
506 2477 523 2513 ἡ
538 2477 604 2513 κενὴ
627 2476 692 2510 δόξα
716 2477 785 2513 πρὸς
807 2477 908 2515 ἀρετὴν

117 2524 130 2550 ὲ
135 2524 257 2559 μπὸδιον.

159 2571 271 2606 Ῥᾷστον
281 2571 378 2598 ἑαυτὸν
391 2571 510 2606 ἀπατᾷν,
522 2570 570 2598 καὶ
581 2569 686 2597 οίέσθαι
697 2568 768 2598 εἷναί
782 2578 820 2604 τι,
831 2570 908 2598 οὐδὲν

117 2617 193 2650 ὄντα,
211 2617 264 2643 ὑπὸ
279 2617 328 2652 τῆς
342 2617 424 2652 κενῆς
440 2617 520 2652 δόξης
534 2617 710 2652 φυσώμενον.

154 2664 190 2690 Τὸ
204 2663 309 2691 οἴεσθαι
321 2663 368 2690 τοῦ
383 2661 453 2691 εἶναι
468 2663 499 2690 τὸ
516 2663 645 2690 πλεῖστον
660 2663 830 2698 ἀφαιρεῖται.

153 2708 200 2745 Μὴ
210 2710 305 2746 φρόνει
317 2709 371 2737 τῶν
385 2709 480 2737 κακῶν
497 2708 641 2744 φαίνεσθαι
658 2709 791 2746 κρείττων
801 2717 808 2725 ο
822 2708 908 2736 λυποῦ

117 2757 146 2784 δὲ
160 2757 215 2783 τῶν
232 2757 341 2790 ἀγαθῶν
357 2756 527 2792 ἡττώμενος.

154 2802 254 2839 ’Υϐρις
270 2802 370 2838 μικρὸν
391 2802 545 2838 κρατοῦντα
564 2802 703 2838 φυσᾶσθαι
719 2802 801 2838 μέγα.

153 2892 187 2920 Τί
200 2892 246 2920 τοῦ
262 2892 347 2929 τύφου
363 2892 409 2922 καὶ
426 2893 474 2930 τῆς
490 2893 618 2927 ἀπονοίας
632 2893 812 2930 αἰσχρότερον
825 2901 833 2928 ;

961 2296 1008 2320 aut
1027 2293 1093 2320 dicit
1110 2293 1254 2320 mundana:
1265 2297 1292 2320 et
1307 2293 1386 2321 nudae
1402 2294 1495 2330 gloria:
1507 2303 1600 2328 causa,
1614 2303 1675 2331 quin
1698 2295 1750 2332 ipsi

959 2339 1026 2367 vela
1039 2339 1239 2374 spectatoribus
1260 2339 1302 2367 vel
1320 2339 1494 2368 auditoribus
1517 2341 1667 2368 tribuatur.

995 2385 1130 2421 Theologi.
1152 2384 1192 2414 Ne
1220 2385 1338 2413 multum
1364 2384 1480 2421 tollare,
1509 2396 1544 2416 nc
1571 2388 1656 2424 magis
1682 2388 1751 2424 deji-

959 2432 1043 2461 ciare.

994 2476 1084 2505 Inanis
1100 2477 1186 2514 gloria
1213 2483 1342 2513 magnum
1365 2481 1410 2505 est
1430 2477 1465 2505 ad
1487 2478 1615 2506 virtutem
1636 2478 1751 2515 impedis

959 2528 1094 2551 mentum.

1002 2567 1172 2596 Facillimum
1188 2574 1231 2597 est
1244 2569 1365 2604 seipsum
1390 2570 1493 2604 fallere,
1517 2578 1548 2599 ac
1576 2578 1633 2607 prae
1665 2573 1751 2608 gloria

960 2614 1034 2643 inani
1051 2613 1174 2641 inﬂatum
1195 2621 1226 2642 se
1239 2615 1341 2650 aliquid
1357 2619 1461 2651 putare,
1475 2624 1536 2644 cum
1549 2617 1618 2645 nihil
1634 2619 1683 2646 sis.

993 2661 1104 2696 Opinari
1119 2662 1152 2689 ab
1169 2669 1227 2689 esse
1242 2663 1388 2697 plurimum
1407 2663 1508 2692 diil‘ert.

995 2707 1055 2736 Noli
1072 2710 1195 2744 cogitare
1208 2713 1234 2737 te
1249 2710 1329 2737 malis
1343 2710 1387 2738 vid
1399 2711 1438 2738 eri
1455 2710 1673 2745 praestantiorem
1686 2718 1693 2738 :
1705 2711 1751 2738 scd

959 2754 1051 2789 potius
1071 2754 1181 2782 tristare
1194 2755 1269 2790 quod
1284 2756 1322 2784 sis
1338 2756 1416 2784 bonis
1436 2756 1561 2784 inferior.

997 2798 1099 2833 injuria
1116 2803 1168 2834 est,
1185 2799 1209 2828 si
1226 2799 1289 2835 quis
1311 2808 1374 2828 cum
1389 2802 1500 2836 paulum
1517 2803 1615 2835 valeat,
1634 2802 1750 2830 multum

961 2844 1085 2874 inﬂetur.

996 2893 1025 2922 S.
1042 2893 1177 2929 Clu‘most.
1187 2895 1258 2928 Quid
1274 2895 1346 2924 fastu
1360 2899 1388 2923 et
1402 2894 1557 2927 arrogantia
1574 2894 1704 2924 ιιιτυίυεῖ
