1889 3085
161 113 231 144 1183

196 170 265 198 Vere
277 169 350 198 dicta
379 172 421 198 est
432 169 467 197 ab
493 167 614 203 antiquis
642 167 732 195 inanis
761 166 859 202 gloria,
878 166 949 202 quod
965 169 988 198 Α

158 218 249 247 inanis
265 217 312 251 sit,
329 217 397 246 niltil
407 217 482 244 intus
497 216 599 243 habens
613 214 687 250 quod
703 214 770 242 utile
787 214 831 242 sit.

196 320 275 356 (ἕως.
293 318 375 355 Nyu.
387 316 501 346 Generis
526 316 655 344 nobilitas
674 319 702 343 et
732 314 818 343 fastus
839 314 949 350 superbi
977 332 980 335 -

160 367 351 403 cognationem
364 371 427 392 cum
442 363 544 399 ﬁgllnis
557 362 688 390 lateribus
707 361 820 390 habent.
837 361 877 396 (l)

196 414 351 441 Enr-enatus
365 415 392 439 et
414 415 560 446 protervus
574 416 632 439 tum
656 409 719 437 aliis
743 407 813 436 adiri
831 415 885 435 non
901 414 950 443 po-

162 465 226 494 test,
241 465 296 487 tum
313 459 372 494 ipse
386 458 438 487 sibi
454 457 582 486 inimicus
597 461 652 485 est.

196 516 224 544 Si
240 515 369 544 detrahas
400 514 537 545 fastuosos
553 521 656 547 mores,
670 513 718 542 ira:
744 512 836 541 nullus
867 513 951 540 relin-

160 567 261 599 quetttr
277 563 366 589 locus.

195 621 289 648 Elatus
302 624 344 647 est
360 625 469 653 semper
480 617 668 652 arrogantium
684 617 805 649 animus,
816 621 843 644 et
859 616 892 644 ad
905 623 951 644 su-

160 667 254 695 blimia
269 673 377 701 semper
394 665 491 697 fertur,
507 664 654 692 convivere
677 663 870 691 humilioribus
897 670 950 690 non

161 714 314 746 sustinens,
337 715 365 739 et
388 711 559 739 moderatum
581 714 611 738 et
638 709 770 737 hutuilem
793 709 950 744 despiciens

160 761 299 797 spiritum.

196 806 365 835 Laudatione
386 812 493 833 summa
518 803 616 839 dignus
640 808 693 836 est,
705 802 753 837 qui
777 806 950 838 arrogantem

160 854 229 887 odit,
247 852 372 881 videlicet
393 852 481 886 ipsum
498 838 661 885 arrogantia:
690 849 799 879 vitium.
812 848 885 884 quod
910 852 952 875 est
967 838 989 868 Β

163 900 286 928 omnium
309 898 443 926 malorum
472 895 667 926 foedissimum,
691 898 748 921 tum
772 894 842 927 apud
868 892 952 920 Deum

162 951 220 974 tum
232 945 302 980 apud
327 943 453 971 homines
473 941 600 970 odiosum
623 933 653 968 et
682 938 953 974 rejiciendum.Quis

161 992 234 1020 enim
264 993 479 1024 contemptorem
504 995 558 1014 non
584 990 662 1022 putat
685 985 827 1013 tnolestum
856 989 884 1011 et
910 983 955 1011 in-

161 1035 359 1065 tolerandum?
388 1034 451 1069 quis
475 1033 612 1068 turgidum
634 1038 689 1058 non
720 1031 776 1058 odit
805 1028 956 1065 spiritum?

161 1083 223 1119 quis
236 1090 289 1110 nott
302 1080 410 1109 inﬂatos
421 1078 604 1114 objurgandos
617 1077 712 1113 putati

198 1129 310 1163 Semper
326 1126 399 1154 ettim
414 1124 616 1161 quodammodo
631 1130 763 1158 arrogans
792 1127 833 1151 est
854 1121 954 1155 audax,

163 1184 254 1212 asper,
271 1173 430 1206 iracundus,
443 1177 469 1200 et
483 1170 618 1206 compesci
634 1178 688 1198 non
698 1174 796 1205 potest.

198 1220 328 1248 Clamant.
343 1217 460 1245 Excelso
474 1220 502 1243 et
516 1215 636 1251 glorioso
660 1215 739 1242 aﬂixa
763 1218 805 1242 est
830 1213 956 1242 volubilis

163 1268 196 1295 ad
217 1265 396 1294 humilitatem
411 1262 527 1291 mutatio
541 1266 568 1290 et
589 1269 683 1295 casus,
697 1265 728 1288 ut
753 1260 848 1289 divina
876 1260 957 1288 docet

163 1311 299 1343 doctrina.

198 1356 416 1386 Philonis.Aiuttt
430 1354 542 1391 quidam
567 1353 719 1389 sapientem
742 1353 866 1380 omnium
893 1359 958 1387 pos-

163 1408 280 1432 tremum
295 1409 395 1430 exuere
413 1400 505 1428 inanis
519 1399 616 1434 gloriae
634 1398 771 1430 tunicam;
791 1396 893 1425 etenim
927 1401 958 1424 ut

163 1450 232 1477 alias
253 1447 474 1484 perturbationes
493 1449 615 1481 superet,
630 1452 645 1472 a
665 1443 751 1480 gloria
773 1447 801 1472 et
824 1451 840 1470 ι
863 1442 957 1479 populi

164 1495 320 1523 laudatione
336 1494 458 1528 superari
473 1493 554 1520 solet.

200 1541 240 1569 Ex
264 1541 306 1569 his
322 1524 378 1576 qui-
390 1539 416 1567 in
443 1538 584 1574 republica
611 1543 768 1570 versantur,
781 1536 807 1564 si
829 1524 993 1563 detrahasc

165 1588 293 1615 materias
305 1587 345 1624 [id
360 1591 410 1618 ut,
427 1585 501 1621 quod
518 1582 694 1618 forinsecus],
706 1582 788 1610 inatte
803 1581 958 1616 sepulcrum

165 1634 244 1670 231
261 1633 382 1668 reperies
399 1635 491 1659 mente
506 1637 616 1658 carens.

199 1691 336 1719 Honorem
348 1693 394 1717 aut
409 1688 599 1723 magistratum
619 1686 680 1722 quis
694 1685 860 1720 contempsit
871 1684 883 1712 τ
895 1683 959 1712 Nul-

164 1739 208 1766 lus
220 1737 278 1765 iere
290 1736 397 1764 illorum
411 1734 458 1770 qui
472 1734 564 1762 adhuc
587 1732 710 1761 immersi
738 1731 854 1761 fuerunt
881 1731 956 1759 inani

165 1783 273 1820 gloriae.

200 1841 318 1876 Evagrii.
334 1840 473 1875 indignum
488 1844 531 1868 est
546 1843 577 1868 ut
610 1840 634 1868 is
658 1839 703 1874 qui
725 1845 821 1875 parum
834 1837 957 1873 prodest,

164 1887 440 1923 multumjglorietur.

199 1933 229 1961 in
246 1933 373 1962 omnibus
389 1932 472 1961 rebus
486 1931 580 1967 opinio
593 1930 708 1966 impedit
727 1930 792 1959 illud
817 1929 890 1966 quod
915 1933 958 1958 est

163 1988 270 2009 revera.

201 2023 351 2053 Ventilator
365 2025 477 2054 virtutis
490 2025 599 2053 animus
611 2025 759 2060 superbus.

198 2070 322 2099 Cisterna
339 2071 470 2099 destituta
483 2071 575 2106 aquis,
589 2071 698 2098 animus
712 2070 806 2106 gloria:
828 2071 955 2106 cupidus.

198 2116 339 2151 Superbus
357 2116 465 2145 animus
476 2116 657 2145 diversorium
678 2117 831 2144 latronum.

199 2163 280 2191 Jaan.
298 2163 378 2192 Clim.
391 2163 521 2200 Jejunans
535 2163 629 2199 gloriae
643 2164 734 2192 inanis
745 2164 862 2199 cupidus
878 2171 953 2198 sum,

162 2211 234 2239 abdo
249 2218 292 2239 me
305 2215 336 2238 ut
347 2197 458 2247 ignotus
480 2197 548 2242 sim,—
560 2215 690 2245 tanquam
711 2197 831 2245 prudens
858 2197 956 2239 rursus
972 2197 994 2225 θ

162 2257 280 2293 gloriam
297 2263 407 2292 appeto.
426 2255 574 2291 Splendide
590 2256 705 2284 vestitus
722 2255 756 2284 ab
774 2255 818 2283 illa
834 2256 953 2285 vincor:

161 2303 208 2331 vili
226 2303 319 2331 habitu
337 2307 434 2335 tectus,
449 2309 560 2330 rursum
585 2301 700 2338 gloriam
714 2302 795 2338 cupio
811 2310 819 2330 :
839 2302 955 2338 loquens

161 2350 269 2381 vincor,
286 2352 381 2377 tacens
395 2356 491 2377 rursus
514 2349 603 2377 victus
619 2356 679 2377 sum
694 2356 878 2385 :qltocunque
892 2357 955 2384 pro-

159 2394 259 2430 ieceris
271 2394 354 2423 istum
371 2394 511 2429 tribulutn,
524 2394 638 2423 aculeus
653 2399 708 2422 stat
725 2399 829 2423 rectus.

195 2451 310 2479 Ditiicile
317 2455 360 2479 est
368 2450 457 2479 inanis
468 2451 562 2487 gloriae
570 2452 719 2480 dtemonem
729 2451 847 2487 elIugere
865 2461 872 2486 ;
890 2460 953 2480 nam

160 2497 294 2532 quidquid
310 2497 423 2525 molitus
437 2497 532 2531 fueris,
547 2503 576 2526 ut
590 2498 661 2526 hanc
678 2498 953 2539 exstirpes,idipsum

160 2542 215 2570 erit
231 2541 344 2570 alterius
360 2542 449 2570 inanis
461 2542 555 2578 gloria:
572 2543 693 2570 initium.

195 2588 252 2616 Fur
269 2588 356 2617 solem
370 2588 531 2622 detestatur,
548 2590 683 2624 superbus
699 2590 840 2619 modestos
866 2590 956 2626 despi-

160 2634 209 2663 cit.

195 2681 291 2710 Melior
317 2687 360 2710 est
387 2689 449 2710 cum
466 2682 573 2709 ratione
593 2682 648 2709 vini
673 2683 758 2717 potio,
789 2690 870 2718 quam
886 2690 949 2710 cum

159 2728 231 2756 fastu
248 2735 334 2764 aqua.

204 2817 242 2853 (t)
252 2815 387 2844 Nimirum
400 2817 464 2853 quia
477 2823 574 2846 Omnes
590 2815 714 2846 homines
725 2824 758 2845 ex
773 2816 830 2846 luto
847 2821 877 2846 ut
891 2818 991 2848 lateres

781 109 940 140 ANTONlI
958 108 1130 141 MELISSAE

1730 107 1814 140 118$

1037 166 1159 198 Εἰκότως
1175 165 1286 202 εἴρηται
1313 165 1388 200 παρὰ
1414 165 1469 192 τῶν
1496 165 1620 192 πιλαιῶν
1647 164 1812 197 κενοδοξία.

1000 213 1131 245 Διάκενος
1147 213 1203 249 γάρ
1229 214 1304 240 ἐστιν
1332 213 1418 247 ἔνδον,
1440 213 1517 240 οὐδὲν
1532 212 1632 248 ἔχουσά
1653 221 1681 239 τι
1699 213 1815 248 χρήσι-

1002 267 1063 294 μον.

1042 317 1075 344 Ἦ
1101 317 1226 353 εὐγένεια
1247 318 1296 346 καὶ
1312 319 1328 353 ἡ
1344 317 1478 353 σεμνότης
1496 317 1544 344 τοῦ
1561 318 1750 353 ὑπερηφάνου
1774 319 1812 344 τὸ

1003 364 1135 398 συγγενὲς
1149 364 1218 401 πρὸς
1233 363 1283 400 τὴν
1302 363 1413 391 πλινοον
1428 363 1497 398 ἔχει.

1043 410 1073 438 ’0
1086 411 1194 446 ἀπηνὴς
1216 411 1264 437 καὶ
1289 408 1405 445 σοϐαρὸς
1422 409 1649 444 ἀπροσπέλαστός
1664 409 1730 435 ἔστι
1749 409 1816 440 τοῖς

1003 455 1156 490 ἐγγίζουσι,
1168 455 1216 483 καὶ
1230 455 1366 491 δυσμενὴς
1379 454 1480 491 ἐαυτῷ.

1043 511 1108 539 Ἐὰν
1129 511 1233 548 ὑφέλῃς
1254 510 1300 538 τοῦ
1317 511 1404 545 τύφου
1418 511 1449 538 τὸ
1462 508 1541 546 ἦθος,
1556 510 1653 547 καιρὸν
1670 511 1728 547 οὐχ
1747 510 1814 543 ἔξει

1002 559 1032 585 τδ
1045 558 1113 585 κατὰ
1125 558 1211 593 θυμὸν
1227 557 1389 592 ἐγγενέσθαι
1411 556 1509 588 πάθος.

1038 615 1182 650 Μετίωρός
1205 616 1280 642 ἑστιν
1299 614 1341 641 ἀει
1362 622 1422 644 πως
1449 613 1503 640 τῶν
1531 613 1672 646 ἀλαζόνων
1687 615 1702 641 ό
1725 614 1812 648 νοῦς,

1003 661 1050 688 καὶ
1066 660 1133 695 πρδς
1157 660 1192 687 τὰ
1215 660 1273 688 ᾶνω
1295 659 1421 695 φέρεται,
1439 658 1555 694 συζῆσαι
1570 658 1811 694 χθαμαλωτέροις

1003 707 1053 733 οὐκ
1069 706 1245 742 ἀνεχόμενος,
1260 706 1308 734 καὶ
1323 705 1354 732 τὸ
1370 705 1482 741 μέτριον
1496 705 1544 731 καὶ
1558 705 1688 732 ταπιινδν
1699 706 1813 739 ἀτιμά-

1004 750 1059 784 ζων
1074 752 1216 788 φρόνημα·

1039 809 1186 845 Εὐφημιας
1215 809 1265 844 τῆς
1288 809 1432 843 ἀνωτάτης
1460 808 1535 842 ἄξιος
1563 809 1578 835 ό
1607 808 1654 835 τὸν
1680 808 1811 840 ἀλαζόνα

1006 855 1104 889 μισῶν,
1130 855 1216 890 ἤγουν
1241 855 1308 882 αὐτὸ
1323 856 1354 881 τὸ
1378 855 1474 890 χρῆμα
1500 854 1550 890 τὴν
1580 854 1811 887 ἁλαζονείαν,τδ

1006 901 1116 929 πάντων
1141 901 1282 936 αἴσχιστον
1295 900 1351 928 τῶν
1365 901 1473 932 κακῶν,
1490 901 1538 927 καὶ
1562 900 1638 936 παρὰ
1664 900 1730 936 Θεῷ
1759 903 1810 927 καὶ

1005 947 1161 983 ἀνθρώποις
1189 947 1326 984 στυγηρὸν
1351 947 1398 974 καὶ
1423 946 1590 982 ἀπόϐλητον.
1616 947 1668 978 Τίς
1683 947 1745 981 γὰρ
1760 947 1810 973 τὸν

1006 994 1165 1030 ὑπιρδπτην
1181 994 1231 1030 οὐχ
1256 994 1365 1029 ἡγεῖται
1396 993 1599 1029 φορτικόν;τι;
1619 993 1650 1020 τδ
1683 993 1811 1028 ὑπέρογ-

1006 1049 1055 1068 κον
1076 1040 1108 1068 οὐ
1130 1041 1308 1076 παραιτεῖται
1332 1040 1461 1076 φρόνημα
1475 1048 1482 1073 ;
1496 1040 1553 1070 τοῖς
1571 1039 1645 1074 μέγα
1676 1041 1810 1075 φυσῶσιν

1006 1085 1049 1118 τις
1061 1086 1112 1114 οὐκ
1124 1087 1240 1122 ἐπιτιμᾶ
1252 1095 1260 1120 ;

1049 1132 1106 1159 ’Διὶ
1117 1132 1172 1167 γάρ
1187 1132 1245 1164 πώς
1259 1132 1335 1159 ιστιν
1348 1131 1362 1158 δ
1375 1131 1484 1165 ἀλαζὼν
1497 1131 1611 1168 θρασὺς,
1626 1131 1675 1159 καὶ
1690 1132 1808 1159 ἀτιθασ-

1008 1186 1065 1211 σος,
1081 1178 1213 1214 δύσοργός
1225 1187 1255 1205 τε
1271 1179 1320 1206 καὶ
1336 1178 1549 1211 ἀκατεύναστος.

1042 1223 1088 1259 Τῷ
1109 1223 1257 1260 ὓψουμένῳ
1281 1225 1329 1252 καὶ
1355 1220 1570 1261 μεγαλυνομένῳ
1593 1224 1809 1260 παραπεπηγεν

1007 1269 1190 1305 ἀγχίστροφος
1205 1270 1221 1306 ή
1240 1270 1309 1305 πρὸς
1324 1270 1355 1297 τὸ
1367 1270 1497 1298 ταπεινὸν
1513 1270 1649 1306 μεταϐολὴ
1662 1271 1714 1298 καὶ
1729 1271 1808 1298 πτῶ-

1009 1324 1062 1349 σις,
1079 1316 1117 1349 ὡς
1130 1317 1143 1344 ὁ
1159 1316 1230 1348 θεῖος
1241 1316 1364 1344 διδάσκει
1380 1317 1472 1352 λόγος.

1044 1362 1113 1389 Iliaci
1126 1370 1210 1396 τινες,
1222 1363 1264 1390 ὅτι
1281 1362 1397 1390 ὕστατον
1414 1363 1581 1390 ἀποδύσεται
1594 1363 1640 1390 τὸν
1653 1363 1706 1399 τῆς
1722 1373 1804 1391 κενο-

1008 1407 1098 1441 δοξίας
1121 1408 1224 1444 χιτῶνα
1239 1410 1253 1436 δ
1270 1409 1363 1445 σοφός.
1380 1410 1437 1437 Καὶ
1452 1409 1507 1444 γὰρ
1520 1409 1575 1435 τῶν
1600 1410 1692 1437 ἄλλων
1706 1411 1806 1437 παθῶν

1010 1457 1212 1490 πιρικρατήσει
1225 1464 1232 1471 ·
1249 1456 1318 1483 ἀλλὰ
1333 1457 1384 1492 τῆς
1399 1455 1479 1491 δόξης
1509 1457 1557 1483 καὶ
1579 1455 1627 1483 τοῦ
1650 1457 1732 1492 παρὰ
1751 1458 1808 1488 τοῖς

1009 1500 1118 1534 πολλοῖς
1136 1501 1251 1529 ἐπαίνου
1266 1502 1388 1537 πέφυκεν
1403 1501 1551 1538 ἡττᾶσθαι.

1045 1547 1107 1574 Τῶν
1123 1547 1269 1575 πολιτικῶν
1282 1548 1330 1575 ἐὰν
1343 1548 1393 1579 τὰς
1407 1547 1474 1581 ὕλας
1487 1548 1600 1585 ἀφέλῃς,
1615 1548 1700 1576 κενδν
1717 1549 1808 1584 τάφον

1010 1593 1151 1630 εὑρήσεις,
1167 1593 1229 1622 νοῦν
1255 1594 1306 1621 οὐκ
1322 1593 1428 1630 ἔχοντα.

1045 1693 1094 1726 Τίς
1120 1694 1204 1730 τιμῆς
1216 1694 1234 1730 ἦ
1248 1694 1337 1730 ἀρχῆς
1363 1696 1590 1732 καταπεφρόνηκε
1603 1705 1611 1730 ;
1625 1697 1729 1732 Σχεδὸν
1755 1697 1810 1723 τῶν

1011 1738 1053 1766 ἔτι
1078 1739 1264 1776 πεφυρμένων
1279 1741 1308 1767 ὲν
1325 1741 1420 1774 κεναῖς
1446 1740 1537 1774 δόξαις
1560 1742 1649 1774 οὐδεὶς
1665 1742 1698 1768 τὺ
1713 1742 1807 1778 παρά-

1009 1789 1075 1811 παν.

1046 1841 1138 1869 Δεινόν
1151 1842 1210 1869 ἐστι
1226 1841 1298 1878 μέγα
1312 1843 1422 1878 φρονεῖν
1437 1844 1525 1880 μικρὰ
1540 1843 1713 1878 πράττοντα.

1051 1930 1095 1957 Ἐν
1110 1931 1192 1957 παντὶ
1207 1931 1238 1958 τὺ
1249 1930 1353 1958 οἴεσθαι
1367 1931 1407 1968 τῷ
1424 1930 1493 1959 εῖναι
1506 1931 1658 1968 ἐμποδίζει.

1045 2029 1197 2065 Δικμήτωρ
1212 2030 1314 2066 ἀρετῆς
1325 2030 1457 2067 λογισμὸς
1472 2031 1661 2068 ὑπερήφανος.

1043 2076 1152 2107 Λάκκος
1165 2075 1278 2112 ἄνυδρος
1295 2077 1433 2112 φιλόδοξος
1447 2078 1533 2114 ψυχή.

1050 2120 1243 2157 ’Υπερήφανος
1257 2121 1330 2158 ψυχὴ
1343 2123 1501 2160 πανδοχεῖον
1523 2124 1640 2161 λῃστῶν.

1043 2168 1193 2204 Νηστεύων
1212 2169 1357 2202 κενοδοξῶ,
1375 2170 1503 2197 καταλύω
1517 2170 1562 2198 ἵνα
1577 2172 1615 2207 μὴ
1626 2174 1758 2207 γνωσθῶ,
1770 2175 1808 2205 ὡς

1010 2215 1144 2251 φρόνιμος
1156 2215 1238 2242 πάλιν
1254 2215 1398 2249 κενοδοξῶ.
1419 2217 1541 2251 Λαμπρὰ
1566 2219 1808 2255 περιὸεὸλημὲνςς

1010 2257 1134 2294 ἡττῶμαι
1147 2259 1261 2295 ταύτην,
1273 2260 1321 2286 καὶ
1338 2260 1435 2295 εὐτελῆ
1459 2260 1636 2292 ὲξαλλάσσων
1651 2263 1739 2290 πάλιν
1763 2274 1808 2291 κε-

1010 2303 1109 2336 νοδοξῶ
1121 2312 1129 2320 θ
1144 2304 1232 2331 λαλῶν
1249 2305 1388 2341 ἡττῶμαι,
1402 2306 1450 2332 καὶ
1474 2307 1619 2342 σιωπήσας
1644 2309 1733 2337 πάλιν
1761 2312 1807 2346 ἠτ-

1009 2349 1106 2384 τήθην.
1129 2350 1174 2382 Ὠς
1190 2351 1224 2378 ἂν
1241 2351 1324 2387 ῥίψῃς
1338 2352 1387 2388 τὴν
1401 2352 1524 2387 τρίὸολον
1539 2353 1655 2390 ταύτην,
1671 2356 1757 2391 ὀρθὸν
1780 2358 1807 2384 τὲ

1008 2395 1121 2431 κέντρον
1137 2396 1255 2424 ἵσταται.

1044 2451 1172 2478 Χαλεπὸν
1187 2452 1331 2487 διαφυγεῖν
1354 2453 1401 2482 τὸν
1418 2455 1467 2490 τῆς
1493 2457 1651 2491 κενοδοξίας
1676 2459 1805 2494 δαίμονα.

1011 2498 1044 2524 "0
1062 2499 1117 2533 γὰρ
1135 2497 1243 2534 ποιήσει
1259 2507 1301 2532 τις
1317 2500 1498 2538 καθαιρήσειν
1515 2503 1613 2539 αὐτὴν,
1626 2504 1711 2532 τοῦτο
1731 2507 1804 2542 ἁρχὴ

1008 2543 1162 2576 κενοδοξίας
1177 2544 1273 2580 ἑτέρας
1288 2546 1444 2580 γενήσεται.

1043 2589 1221 2616 Βδελύττεται
1233 2590 1310 2628 ἥλιον
1322 2591 1453 2628 κλέπτης,
1467 2593 1649 2630 ὑπερήφανος
1659 2596 1690 2624 δὲ
1704 2599 1800 2634 πραεῖς

1006 2635 1151 2670 ὲξουθενεῖ.

1043 2684 1173 2718 Ἄμεινον
1187 2685 1204 2721 ἡ
1223 2686 1294 2720 μετὰ
1306 2685 1386 2722 λόγου
1399 2688 1540 2716 οῐνοποσία
1553 2688 1606 2724 τῆς
1625 2692 1700 2727 μετὰ
1713 2692 1796 2728 τύφου

1005 2728 1179 2764 ὑδροποσίας.

1005 2819 1143 2855 originem
1157 2820 1269 2849 ducunt.
