1889 3085
127 171 196 204 113.3

488 170 568 201 LOCI
593 169 807 200 COMMUNES.
824 181 859 187 -
871 169 968 200 PARS
988 169 1029 200 li.
1047 169 1174 200 SERMO
1188 168 1301 201 LXXV.

1682 165 1749 198 “86

159 228 205 253 Δεῖ
219 225 274 252 τῶν
285 227 352 253 νέων
366 225 572 261 ἐκπνευματοῦν
588 226 618 251 τδ
631 226 726 260 οἴημα,
741 225 789 251 καὶ
801 224 847 251 τὸν
860 225 893 251 τῦ

999 223 1285 252 PlatonisExbaurire
1299 229 1407 259 oportet
1439 233 1470 252 ex
1485 224 1586 252 animis
1611 225 1746 259 juvcnnni

123 282 184 308 φον,
201 273 239 304 ὡς
253 273 308 300 τῶν
323 272 415 299 ἀσκῶν
430 272 475 299 τὸν
489 272 557 307 ἀέρα
574 273 636 303 τοὺς
662 272 767 306 ὲκχέειν
791 279 818 296 τι
848 270 910 306 βου-

123 319 253 354 λομένους
282 319 435 354 χρήσιμον·
449 317 516 344 εἰδὲ
539 316 588 352 μὴ,
600 316 730 352 γέμοντες
756 316 838 350 ὖγκου
862 315 912 344 καὶ

123 366 295 401 φυσήματος,
310 364 341 391 ού
359 363 564 399 προσδέχονται.

159 410 228 442 Τοὺς
247 410 296 445 μὲν
313 409 415 441 ἀσκοὺς
441 410 473 436 τὸ
500 407 610 444 πνεῦμα
638 407 769 443 διίστησι,
793 408 856 440 τοὺς
882 407 912 435 δὶ

125 457 256 492 ἀνοήτους
273 455 436 491 ἀνθρώπους
452 454 483 481 τὸ
497 453 593 490 οῐημι.

165 502 196 528 '0
221 501 316 536 τῦφος,
329 500 424 536 ὥσπερ
440 499 559 540 ποιμὴνι
567 496 596 526 οῦ
614 498 685 527 Θέλει
709 498 772 530 τοὺς
797 497 912 530 πολλοὺς

125 549 197 584 ἄγει.

166 594 340 630 Ἀλέξανδρος
354 595 470 629 νοσήσας
495 593 606 628 μακρὰν
632 592 720 626 νόσον,
738 592 775 624 ὡς
791 592 913 629 ἅνέῤῥω-

126 650 182 673 σεν,
210 642 285 668 οὐδὲν
307 641 359 675 ἔφη
388 639 546 674 διατεθῆναι
572 640 672 674 χεῖρον·
687 638 830 674 ὑπέμνησε
855 638 911 674 γὰρ

125 688 198 722 ἡμᾶς
216 689 232 722 ἡ
245 688 320 718 νόσος
337 686 375 722 μὴ
391 686 462 721 μέγα
477 686 587 721 φρονεῖν
603 684 719 721 Θνητοὺς
731 684 822 716 ὄντας.

166 778 228 805 Ἐὰν
246 779 304 815 ἴδῃς
319 778 437 814 πονηρὸν
452 778 491 810 είς
515 777 582 813 ὕψος
598 777 752 812 αἰρόμενον,

159 825 286 860 Λαμπρῷ
300 833 330 851 τε
347 824 453 859 πλούτῳ
470 824 516 850 καὶ
532 823 601 859 τύχῃ
617 822 816 857 γαυρούμενον,

167 871 269 905 Ὀφρύν
284 879 314 896 τε
346 870 439 905 μεῖζον
454 870 503 903 τῆς
517 870 603 904 τύχης
618 868 765 904 ἐπαίροντα
778 876 784 882 ·

161 915 262 943 Τούτου
278 915 371 950 τάχιον
391 914 541 950 μεταϐολὴν
556 913 704 948 προσδόκα,

165 962 324 996 Ἐπαίρεται
338 961 391 996 γὰρ
405 960 506 995 μεῖζον,
524 959 568 987 ἴνα
584 961 629 987 καὶ
646 959 739 991 μεῖζον
752 959 840 995 πέσῃ.

159 1006 194 1033 Ὠ
218 1007 382 1042 τρισάθλιοι,
396 1005 495 1037 πάντες
514 1004 539 1032 οἱ
560 1004 700 1039 φυσῶντες
728 1005 834 1037 ἑαυτοῖς
863 1012 911 1040 με-

126 1053 196 1087 γάλα
208 1053 215 1080 l

159 1099 243 1126 Αὐτοὶ
256 1099 310 1134 γὰρ
323 1097 372 1124 οὐκ
389 1098 478 1124 ἴσασιν
496 1096 642 1132 ἀνθρώπου
657 1097 749 1132 φύσιν.

167 1144 355 1182 Ἀριστοτέλης
367 1144 536 1178 θεασάμενος
548 1143 688 1170 νεανίσκον
702 1143 910 1178 κατωφρυωμέ-

126 1202 182 1227 νον,
199 1192 281 1228 μηδὲν
296 1191 324 1218 δὲ
337 1190 530 1225 ἐπιστάμενον,
548 1190 695 1223 Νεανίσκε,
717 1188 781 1224 ἔφη,
794 1187 848 1220 οἷός
865 1197 910 1224 μοι

103 1233 107 1235 ’
124 1241 212 1271 δοκεῖς
232 1238 314 1270 αὐτὸς
338 1235 418 1270 εἶναι,
435 1237 491 1271 ἐγὼ
512 1235 643 1271 γενοίμην
655 1243 662 1250 ·
681 1232 736 1266 οἷος
754 1235 781 1261 δὲ
798 1236 832 1270 τῇ
843 1235 911 1269 ἀλη-

126 1286 187 1322 θεία
201 1285 344 1320 ὑπάρχεις,
362 1283 480 1310 τοιοῦτοί
498 1291 543 1317 μοι
556 1282 582 1308 oi
599 1281 694 1317 ὲχοροὶ
704 1281 837 1315 γένοιντο.

165 1373 197 1400 '0
221 1372 302 1404 αὐτὸς
328 1371 499 1406 κατανοήσας
523 1369 666 1405 μειράκιον
684 1369 731 1395 ἐπὶ
749 1368 912 1404 πολυτελείᾳ

125 1421 174 1455 τῆς
188 1418 323 1455 χλαμύδος
335 1418 545 1453 σεμνυνόμενον,
557 1416 595 1442 Οὐ
612 1414 725 1448 παύσει,
735 1414 798 1451 ἔφη,
813 1414 911 1451 μειρά-

127 1475 195 1499 κιον,
206 1466 253 1493 επὶ
265 1464 403 1501 προϐάτου
420 1463 487 1498 δορᾷ
501 1461 716 1498 σεμνυνόμενος,

423 1509 534 1537 ΛΟΓΟΣ
551 1508 613 1537 OE'.

385 1556 455 1590 Περὶ
475 1555 649 1591 φιλαυτίας.

165 1605 196 1632 '0
210 1604 296 1639 φιλῶν
313 1603 362 1639 τὴν
375 1602 468 1637 ,ψυχὴν
484 1602 567 1629 αὑτοῦ
594 1600 724 1628 ἀπολέσει
748 1600 832 1635 αὑτήν
846 1607 853 1615 ·
865 1600 913 1626 καὶ

125 1651 140 1677 ὸ
154 1651 242 1686 μισῶν
255 1649 341 1684 αὐτὴν
355 1649 384 1675 ὲν
397 1648 436 1684 τῷ
451 1647 546 1682 κόσμῳ
559 1647 647 1682 τούτῳ
659 1648 699 1678 εἰς
715 1646 788 1681 ζωὴν
802 1645 914 1673 αἰώνιον

127 1696 239 1732 φυλάξει
255 1695 351 1730 αὑτήν.

162 1743 218 1778 Οὐχ
245 1742 259 1768 δ
282 1740 380 1768 ἑαυτὸν
407 1739 550 1773 συνιστῶν,
574 1740 677 1772 ἐκεῖνός
706 1740 765 1767 ἐστι
791 1740 913 1775 δόκιμος,

126 1788 183 1818 ἀλλ’
198 1789 227 1815 ὃν
243 1790 256 1815 ὁ
275 1788 376 1822 Κύριος
393 1787 560 1822 συνίστησιν.

162 1837 194 1864 οἱ
210 1836 306 1867 πάντες
317 1835 352 1861 τὰ.
364 1834 468 1861 ἑαυτῶν
484 1832 619 1868 ζητοῦσιν,
633 1833 662 1859 οὐ
676 1832 709 1859 τὰ
722 1832 768 1859 τοῦ
783 1832 914 1868 Χριστοῦ.

165 1928 222 1958 Πᾶς
238 1927 308 1962 ἀνὴρ
325 1925 450 1961 φαίνεται
467 1924 556 1959 ἑαυτῷ
572 1923 686 1955 δίκαιον
705 1923 866 1951 κατευθύνει
883 1922 913 1950 δὲ

127 1973 241 2008 καρδίας
257 1971 372 2006 Κύριος-

169 2029 384 2064 Ἐγκωμιαζέτω
398 2037 428 2055 σε
447 2029 462 2055 ὁ
476 2027 573 2060 πέλας,
588 2027 636 2054 καὶ
653 2025 692 2063 μὴ
708 2026 738 2054 τὸ
752 2025 797 2053 σὺν
813 2026 911 2061 στόμα,

126 2076 264 2111 ἀλλότρια,
282 2077 328 2101 καὶ
345 2074 382 2109 μὴ
395 2074 429 2101 τὰ
441 2074 476 2101 σὰ
490 2073 578 2109 χείλη.

163 2132 266 2163 Πάντες
291 2131 342 2166 μὲν
358 2130 479 2161 εὐσεὸεϊς
494 2129 524 2162 ἐξ
545 2129 606 2160 ἑνὸς
626 2128 675 2156 τοῦ
693 2127 912 2163 καταγινώσκειν

126 2179 249 2213 αλλήλων
263 2177 400 2204 ἀσέϐειαν·
423 2176 440 2212 ἢ
465 2175 521 2202 τῶν
548 2176 598 2210 μὲν
614 2175 688 2202 ίδίων
705 2176 787 2211 πρᾶοι
807 2174 912 2210 κριταὶ,

126 2225 181 2250 τῶν
191 2224 220 2250 δὲ
235 2222 383 2258 ἀλλοτρίων
397 2221 524 2258 ἀκρισιῖς
538 2221 695 2254 ἐξετασταί.

161 2324 290 2359 Συνῶμεν
301 2322 428 2357 ἀλλήλοις
448 2320 652 2356 πνευματικῶς,
671 2320 815 2356 γενώμεθα
832 2321 910 2357 φιλά-

124 2370 216 2405 δελφοι
230 2369 331 2404 μᾶλλον
347 2367 364 2404 ἢ
380 2367 515 2402 φίλαυτοι.

166 2427 196 2453 ’0
212 2426 250 2461 μὴ
279 2424 498 2459 καταδεχόμενος
528 2422 579 2459 τὴν
612 2423 688 2458 παρὰ
718 2423 766 2450 τοῦ
795 2423 912 2458 ἀδελφοῦ

125 2473 275 2509 θεραπείαν
290 2470 502 2506 προσαγομένην
518 2469 593 2504 αύτῷ
608 2469 774 2504 ὰσύμφωνός
789 2470 848 2496 ἐστι
862 2471 910 2496 καὶ

125 2520 205 2550 αὺτῖς
216 2518 314 2554 ἑαυτῷ.
326 2517 422 2549 Οὐδεὶς
434 2517 521 2552 φίλος,
531 2516 619 2548 οὐδεὶς
629 2515 752 2551 ἀδελφός
763 2517 797 2542 τὰ
809 2516 913 2543 ἑαυτῶν

125 2567 281 2601 σκοποῦμεν
295 2565 422 2595 ἕκαστος,
437 2563 483 2590 διὰ
501 2562 582 2589 τοῦτο
599 2563 646 2588 καὶ
663 2562 697 2589 τὰ
714 2563 818 2589 ἑαυτῶν
835 2562 914 2589 κολο-

124 2613 237 2649 εοῦμεν·
266 2611 314 2640 καὶ
345 2611 483 2643 ἀσθενεῖς,
515 2610 564 2637 καὶ
596 2609 830 2643 εὐκαταγών.στοι
866 2608 914 2636 καὶ

67 2682 75 2691 ,
123 2658 279 2692 ἀνθρώποις
300 2657 348 2684 καὶ
371 2656 488 2690 διαὸόλῳ
501 2655 586 2688 ἐσμὲν
601 2656 634 2682 ὲκ
650 2653 697 2681 τοῦ
724 2654 762 2690 μὴ
782 2654 914 2682 συνασπί-

123 2705 181 2737 ζειν
198 2703 333 2738 ἀλλήλοις.
354 2702 410 2729 Καὶ
423 2702 478 2738 γὰρ
493 2702 523 2728 ὲν
540 2701 652 2736 πολέμῳ
665 2701 713 2728 καὶ
727 2701 880 2736 παρατάξει
896 2702 910 2728 ὁ

125 2749 193 2785 πρὸς
213 2748 292 2775 τοῦτο
310 2748 391 2783 μόνον
414 2747 487 2783 ὁρῶν
509 2746 690 2782 στρατιώτης,
716 2747 790 2778 ὅπως
815 2746 911 2774 ἑαυτὸν

125 2795 245 2831 διασώσῃ
259 2793 366 2829 φυγὼν,
380 2793 427 2820 καὶ
440 2793 504 2825 τοὺς
519 2793 618 2824 ἄλλους
636 2792 698 2828 μεθ’
715 2791 812 2819 ἑαυτοῦ
826 2801 911 2828 προσ-

963 269 1059 296 falsam
1076 270 1232 305 opinionem
1247 274 1274 297 et
1295 270 1407 303 fastum,
1425 270 1496 298 sicut
1512 277 1602 298 aerem
1624 278 1657 298 ex
1677 270 1749 297 utri-

962 314 1013 342 bus
1027 315 1093 343 utile
1107 315 1245 351 quippiam
1260 315 1377 344 intusuri
1395 320 1532 352 exsugunt
1546 325 1554 344 :
1569 323 1649 344 secus
1677 316 1751 344 enim

964 361 1104 389 inﬂatione
1121 366 1149 390 et
1163 362 1259 396 spiritu
1274 366 1414 398 turgentes
1431 362 1499 389 nihil
1517 362 1677 389 admittunt.

997 407 1128 434 Socratis.
1150 407 1232 436 Utres
1258 415 1306 436 aer
1336 407 1479 441 distendit,
1503 407 1631 436 homines
1659 411 1751 435 autem

962 453 1060 482 stultos
1070 453 1172 489 opinio.

1001 498 1136 535 Diogenis.
1153 499 1252 528 Fastus
1271 500 1352 529 sicuti
1375 504 1480 537 pastor,
1491 507 1546 536 quo
1566 500 1629 528 libet
1652 499 1755 527 multos

963 544 1050 572 ducit.

999 590 1243 619 AleaAlexander
1263 592 1394 619 diuturno
1420 591 1516 619 morbo
1548 590 1705 622 albictatus,
1722 594 1753 617 ut

965 637 1112 670 convaluit,
1127 638 1237 673 negavit
1259 645 1289 665 se
1317 637 1396 672 pejus
1410 644 1470 665 esse
1497 637 1621 664 aliectum
1636 644 1645 669 ;
1661 636 1755 664 admo-

964 688 1012 710 net
1029 684 1102 711 enim
1131 691 1181 712 nos
1208 684 1353 720 aegritudo,
1375 683 1504 711 mortales
1525 691 1586 710 cum
1608 683 1705 716 simus,
1722 690 1756 710 tte

964 729 1109 764 magnifice
1127 731 1160 758 de
1176 731 1255 758 nobis
1271 731 1434 758 sentiamus.

1774 358 1790 392 ἑ

965 776 993 804 Si
1010 778 1111 806 videris
1137 778 1291 813 improbum
1320 778 1346 805 in
1365 777 1449 805 altum
1475 778 1589 814 gradum
1616 781 1755 810 evectum,
1782 789 1784 791 ·

963 823 1122 858 Magnisqne
1153 824 1251 859 opibus
1267 830 1292 852 et
1306 825 1415 852 fortuna
1443 826 1634 857 exsultantem.

965 869 1170 905 Superciliaque
1186 878 1267 906 supra
1289 870 1424 898 fortunam
1445 871 1619 898 extollentem
1632 890 1641 905 ,

926 897 948 925 Β
964 914 1030 949 Ejus
1050 897 1362 950 eelerrimam'exspecta
1379 917 1557 944 mutationem
1574 927 1582 951 ;

965 959 1082 987 Tollitur
1098 961 1171 988 enim
1184 961 1325 994 altissime,
1337 965 1368 988 ut
1384 962 1481 997 majori
1499 969 1563 989 casu
1579 967 1649 990 ruat.

997 1004 1150 1033 Menandri.
1167 1004 1189 1034 0
1213 1009 1255 1034 ter
1279 1007 1384 1040 miseri,
1413 1011 1545 1042 quotquot
1567 1007 1671 1042 magnis
1687 1010 1753 1035 sunt

961 1050 1046 1078 inﬂati
1063 1053 1145 1079 rebus
1156 1053 1163 1079 l

996 1097 1049 1131 ipsi
1085 1098 1155 1124 enim
1173 1097 1292 1126 hominis
1319 1103 1444 1126 naturam
1463 1106 1516 1125 non
1535 1102 1647 1126 norunt.

996 1143 1077 1170 Arist.
1088 1143 1246 1172 Aristoteles
1254 1144 1485 1172 adolescentulum
1503 1144 1654 1179 superciliis
1661 1144 1754 1173 subla-

962 1188 997 1216 tis
1010 1190 1210 1224 superbientem
1220 1191 1406 1226 conspicatus.
1417 1192 1464 1219 sed
1477 1191 1550 1219 nulla
1562 1191 1675 1220 scientia
1685 1199 1753 1227 pra:-

961 1234 1049 1262 ditnm
1068 1234 1311 1268 :Adolescentule,
1323 1236 1422 1272 inquit,
1439 1237 1541 1264 utinam
1571 1237 1632 1264 talis
1654 1244 1754 1271 celent,

961 1279 1051 1315 qualis
1067 1280 1124 1315 ipse
1146 1280 1193 1308 tibi
1214 1281 1326 1315 videris,
1348 1281 1439 1317 qualis
1466 1286 1556 1310 autem
1584 1289 1678 1310 revera
1711 1290 1754 1315 es.

962 1325 1029 1353 tales
1045 1325 1109 1352 ﬂant
1126 1326 1221 1354 hostes
1242 1327 1306 1354 mei.

997 1371 1070 1398 Idem
1090 1379 1152 1399 cum
1179 1372 1414 1400 animadvertisset
1427 1377 1587 1408 sumptuosa
1611 1372 1754 1408 chlamyde

961 1417 1195 1445 adolescentulum
1211 1426 1241 1446 se
1257 1411 1424 1453 jactantem:
1442 1418 1500 1445 Non
1513 1419 1635 1450 desines,
1649 1419 1752 1454 inquit,

962 1463 1171 1495 adolescentule,
1187 1465 1245 1491 ovis
1263 1465 1330 1499 pelle
1343 1465 1452 1499 gloriari
1466 1464 1478 1492 ἳ

1101 1510 1181 1546 232
1197 1509 1313 1538 SEltMO
1327 1510 1422 1538 Lxxv
1444 1511 1492 1547 [αι.
1509 1510 1643 1548 LXXXI].

1246 1557 1285 1584 De
1300 1565 1391 1585 amore
1404 1559 1447 1584 sui
1457 1577 1465 1585 .

1001 1603 1083 1631 Joan.
1097 1611 1146 1631 xu.
1164 1603 1215 1637 Qui
1235 1608 1308 1631 amat
1328 1603 1447 1631 animam
1462 1611 1553 1637 suam.
1567 1605 1661 1640 perdet
1674 1611 1752 1633 eam:

966 1653 992 1676 et
1004 1649 1051 1685 qui
1071 1649 1129 1676 odit
1145 1656 1204 1676 eam
1223 1649 1250 1676 in
1271 1650 1324 1676 hoc
1340 1649 1443 1676 mundo
1456 1669 1463 1682 ,
1491 1650 1519 1677 in
1545 1650 1628 1677 vitam
1652 1651 1753 1686 sempi-

967 1699 1070 1722 ternam
1087 1694 1223 1722 custodiet
1237 1702 1310 1722 eam.

1001 1740 1032 1768 II
1050 1740 1113 1768 Cor.
1130 1749 1156 1768 X.
1173 1741 1232 1768 Non
1249 1742 1296 1776 qui
1321 1741 1411 1777 seipse
1424 1743 1610 1776 commendat,
1627 1743 1671 1772 hic
1688 1750 1753 1779 pro-

965 1787 1050 1815 batus
1062 1793 1116 1819 est.
1133 1787 1181 1815 sed
1199 1795 1281 1822 quem
1297 1788 1368 1815 Deus
1383 1789 1556 1817 commendat

999 1832 1101 1861 Omnes
1126 1840 1187 1869 qua!
1201 1840 1251 1861 sua
1281 1839 1345 1862 sunt
1370 1839 1504 1870 quarunt,
1530 1842 1583 1864 non
1606 1843 1668 1872 qua:
1690 1841 1754 1865 sunt

965 1878 1079 1907 Christi.

999 1923 1136 1954 Salomon.
1163 1925 1259 1959 Quivit
1282 1926 1335 1954 sibi
1364 1926 1472 1955 videtur
1496 1925 1600 1961 justus,
1625 1926 1674 1955 sed
1703 1934 1752 1956 cor

964 1966 1097 1996 Dominus
1111 1969 1220 2004 dirigit-

1000 2022 1133 2059 Theologi.
1144 2023 1246 2052 Laudet
1264 2029 1289 2052 te
1301 2025 1455 2060 proximus,
1468 2034 1522 2054 non
1537 2034 1568 2055 os
1582 2032 1669 2060 tuum,
1681 2027 1751 2056 labia

963 2068 1050 2097 aliena
1058 2090 1066 2103 ,
1087 2077 1140 2097 non
1159 2074 1214 2097 tua.

998 2124 1100 2154 Omnes
1123 2126 1250 2154 videnlur
1272 2126 1310 2162 pii
1335 2127 1363 2155 in
1391 2127 1443 2156 hoc
1458 2135 1524 2162 uno,
1546 2129 1753 2159 condemnando

963 2171 1093 2199 videlicet
1116 2173 1161 2200 alii
1177 2172 1246 2201 alios
1261 2173 1430 2208 impietatis:
1447 2182 1561 2202 suorum
1576 2181 1751 2210 peccatorum

927 2238 949 2267 Β
965 2224 1060 2252 parum
1086 2219 1174 2246 severi
1197 2219 1315 2254 iudices,
1330 2220 1482 2249 alienorum
1509 2225 1600 2249 autem
1627 2223 1750 2252 accurati

962 2265 1175 2293 examinatores.

997 2321 1196 2349 Conversemur
1207 2321 1253 2348 alii
1273 2321 1335 2350 aliis
1352 2322 1540 2358 spiritualiter,
1554 2328 1581 2352 et
1596 2323 1682 2352 simus
1697 2323 1752 2352 fra-

961 2371 1034 2395 trum
1051 2367 1138 2403 magis
1153 2375 1235 2403 quam
1251 2368 1337 2396 nostri
1351 2372 1490 2397 amantes.

998 2425 1028 2453 S.
1043 2424 1180 2460 Chrysost.
1194 2424 1245 2458 Qui
1273 2432 1327 2453 non
1348 2424 1441 2453 fratris
1463 2426 1626 2460 obsequium
1654 2427 1751 2462 accipit

966 2472 1037 2507 quod
1050 2471 1094 2498 ille
1107 2471 1195 2504 oll‘ert,
1208 2478 1300 2499 secum
1317 2471 1375 2506 ipse
1385 2471 1521 2501 dissentit.
1531 2470 1616 2500 Nemo
1635 2474 1750 2508 anticus,

968 2525 1046 2545 nemo
1055 2517 1150 2549 frater,
1164 2517 1222 2544 suis
1233 2516 1351 2552 quisque
1366 2518 1451 2545 servit
1461 2517 1624 2551 commodis,
1634 2518 1751 2553 ideoque

963 2569 1014 2590 sua
1029 2562 1147 2598 quisque
1161 2562 1279 2590 minuit:
1292 2567 1319 2589 et
1339 2562 1441 2590 infirmi
1466 2568 1491 2591 et
1505 2563 1641 2592 debellatu
1658 2563 1752 2592 futiles

962 2613 1020 2636 tum
1037 2608 1207 2642 hominibus,
1221 2613 1280 2636 tum
1291 2608 1404 2637 diabolo
1415 2616 1522 2643 sumus,
1535 2610 1606 2646 quod
1625 2609 1671 2637 alii
1680 2610 1750 2638 alios

965 2662 1021 2682 non
1032 2654 1212 2682 delendimus.
1227 2653 1294 2681 Nam
1309 2655 1392 2683 etiam
1408 2655 1436 2682 in
1452 2663 1541 2692 pugna
1555 2661 1582 2685 et
1602 2656 1660 2684 acie
1674 2656 1752 2683 miles

963 2701 1009 2736 qui
1029 2708 1105 2729 suam
1123 2701 1208 2729 solius
1229 2701 1347 2729 salutem
1376 2702 1403 2729 in
1429 2703 1521 2730 animo
1546 2703 1626 2730 habet
1643 2702 1750 2730 caeteris

968 2754 1074 2782 quoque
1089 2747 1204 2782 proripit
1227 2751 1254 2775 et
1276 2748 1374 2783 perdit.
1391 2747 1412 2774 E
1424 2752 1518 2776 contra
1532 2749 1573 2776 vir
1590 2748 1666 2776 fortis
1680 2753 1707 2776 et
1722 2755 1753 2778 se

967 2798 993 2822 et
1010 2793 1079 2822 alios
1090 2797 1190 2821 servat.

128 2845 282 2872 λπόλλυσινι
304 2843 398 2878 ῶσπερ
438 2840 485 2870 οἶν
510 2843 524 2870 ὁ
550 2843 686 2878 γενναῖος,
721 2841 769 2870 καὶ
791 2842 862 2878 ὑπὲρ
888 2843 944 2871 τῶν
961 2842 1050 2872 ἀλλων
1073 2843 1108 2871 τὰ
1137 2841 1208 2871 ὅπλα
1235 2842 1387 2880 τιθέμενος,
1410 2843 1482 2880 μετὰ
1511 2843 1565 2874 τῶν
1590 2843 1679 2872 ἄλλων
1704 2844 1752 2871 καὶ

127 2891 219 2918 έαυτδν
236 2889 374 2922 διασώζει.
