1889 3085
91 168 150 200 “8‘3

469 167 555 196 LOCl
576 166 796 197 COMMUNES.
811 179 846 184 -
866 166 961 196 PARS
977 167 1016 198 Il.
1039 167 1168 198 SERMO
1184 166 1313 197 LXXVI.

1645 163 1717 197 1190

90 225 192 259 Μάρθα,
211 224 347 260 μεριμνᾷς
358 223 406 250 καὶ
427 223 550 258 τυρϐάζῃ
565 223 629 258 περὶ
643 221 738 249 πολλά.
759 221 836 252 Ἐνδς
851 221 878 248 δέ

972 234 986 256 ι,
1004 224 1119 256 Martha,
1136 224 1254 251 sollicita
1282 231 1312 251 es
1338 228 1362 251 et
1388 223 1508 253 turbaris
1522 223 1594 251 circa
1619 223 1717 250 multas

91 271 141 297 ἔστι
161 269 251 305 χρεία.
273 270 369 305 Μαρία
381 269 410 296 δὲ
423 269 472 304 τὴν
484 269 588 303 ἀγαθὴν
612 268 708 303 μερίδα
722 267 873 301 ἐξελέξατο,

91 316 143 352 ητις
159 316 208 342 οὐκ
222 315 441 351 ἀφαιρεθήσεται
458 314 506 342 ἀπ’
520 314 615 349 αὐτῆς.

122 362 277 398 Παρακαλῶ
293 362 340 389 οὖν
368 362 452 397 ὑμᾶς,
478 359 600 395 ἀδελφοὶ,
617 359 793 396 περισσεύειν
810 359 877 395 μᾶλ-

92 412 143 441 λον,
166 409 215 436 καὶ
228 408 432 443 φιλοτιμεῖσθαι
447 408 606 444 ἡσυχάζειν,
631 408 680 433 καὶ
695 405 829 441 πράσσειν
844 405 878 432 τὰ

92 454 151 487 tota,
167 454 214 481 καὶ
230 453 394 490 ἐργάζεσθαι
409 454 468 485 ταῖς
484 453 580 489 χερσὶν
594 451 682 487 ὑμῶν.

128 545 232 580 Ῥᾴδιον
253 545 362 578 ἑκάστῳ
387 545 464 578 ήμῶν
489 541 732 579 πολυπραγμονεῖν
751 541 785 567 τὰ
801 539 882 567 ἀλλό-

93 599 162 626 τρια,
174 591 190 624 ἢ
209 591 243 617 τά
255 591 342 617 οἰκεῖα
359 590 456 616 ἑαυτοῦ
471 588 701 616 διασκέπτεσθαι.

125 637 221 663 Πολλοὶ¹
250 637 298 671 μὲν
325 637 356 662 τὸ
379 636 486 670 κάρφος
513 636 544 661 τὸ
571 636 600 662 ὲν
626 634 665 670 τῷ
684 633 818 669 ὀφθαλμῷ
834 631 883 660 τοῦ

95 682 208 716 ἀδελφοῦ
233 681 408 713 κατανοοῦσι,
423 681 473 717 τὴν
496 681 525 708 δὲ
541 682 570 708 ὲν
582 680 621 716 τῷ
633 681 727 714 οἰκείῳ
752 679 885 714 ὀφθαλμῷ

99 728 173 754 δοκὸν
188 728 237 754 οὐκ
247 727 444 762 ἐμϐλέπουσιν.

129 773 233 808 Ὠσπερ
242 773 297 808 γὰρ
308 773 344 799 τὰ
359 772 441 807 θηρία
455 771 681 806 εὐκαταγώνιστά
695 773 753 798 ἐστι
764 771 887 806 καταψη-

96 818 201 854 χθὲντα,
215 817 303 849 οὕτως
329 818 484 851 ἐπιθυμίαι,
501 818 548 844 καὶ
567 817 658 853 ὀργαὶ,
672 817 720 844 καὶ
734 817 823 851 φόϐοι,
841 815 887 843 καὶ

97 865 192 896 λύπαι,
217 865 250 891 τὰ
269 864 363 891 ἰοσόλα
386 864 434 898 τῆς
450 864 539 899 ψυχῆς
560 864 644 895 κακὰ,
667 863 886 890 κατευνασθέντα

96 911 138 938 διὰ
153 911 202 946 τῆς
223 911 348 946 ἡσυχίας,
373 910 419 937 καὶ
436 910 474 946 μὴ
501 909 701 945 ὲξαγριοὺμενα
716 909 755 944 τῷ
780 910 886 943 συνεχεί

97 957 245 993 ἐρεθισμῷ,
258 957 548 992 εὖκαταγωνιστότερα
561 957 595 992 τῇ
613 955 728 992 δυνάμει
745 955 792 982 τοῦ
803 955 885 989 λόγου

97 1005 210 1039 γίνεται.

132 1048 169 1074 Τὸ
193 1045 395 1083 ἀπεσχισμένον
411 1049 459 1076 καὶ
479 1047 581 1080 ἰδιάζον
596 1049 643 1075 τοῦ
662 1045 824 1074 κοινωνικοῦ
840 1045 887 1073 καὶ

98 1095 237 1131 ἡνωμένου
251 1095 307 1126 τοῖς
324 1094 432 1125 πολλοῖς
442 1084 656 1130 ῗτροτιμότερον.

136 1140 262 1167 Συντελεῖ
281 1141 348 1175 πρὸς
368 1141 398 1167 τὸ
412 1141 561 1176 ἀμέριστον
571 1141 620 1175 τῆς
629 1140 717 1176 ψυχῆς
732 1141 763 1167 τὸ
777 1139 888 1173 ῐδιάζειν

97 1187 167 1214 κατὰ
182 1186 230 1221 τὴν
248 1186 365 1221 οἴκησιν.
381 1187 418 1213 Τὸ
434 1187 489 1222 γὰρ
505 1187 731 1222 ἀναμεμιγμένην
749 1186 820 1222 ἔχειν
839 1187 888 1221 τὴν

99 1233 171 1268 ζωὴν
186 1234 243 1263 τοῖς
267 1232 393 1267 ἀφρόνως
415 1233 463 1259 καὶ
477 1232 724 1267 καταφρονητικῶς
742 1233 811 1268 προς
836 1231 886 1267 τὴν

99 1279 199 1315 ἀκριϐῆ
217 1279 334 1314 τήρησιν
355 1278 412 1305 τῶν
435 1278 550 1305 ἐντολῶν
577 1278 760 1314 διακειμένοις
790 1277 889 1313 βλαστ-

100 1325 156 1360 ρόν;

139 1370 260 1405 Ἡσυχία
279 1369 325 1397 οὖν
354 1370 427 1405 ἀρχὴ
455 1369 616 1406 καθάρσεως
644 1371 678 1405 τῇ
705 1369 791 1404 ψυχῇ,
820 1369 890 1405 μήτε

99 1416 227 1450 γλώσσης
243 1415 378 1450 λαλούσης
393 1416 427 1442 τὰ
449 1416 503 1442 τῶν
519 1416 684 1452 ἀνθρώπων,
706 1417 774 1451 μήτε
789 1415 890 1450 ὀφθαλ-

102 1462 302 1498 μιῖινιεὺχροιας
327 1462 462 1498 σωμάτων
487 1463 534 1490 καὶ
559 1463 734 1498 συμμετρίας
757 1471 890 1498 περισκο-

100 1508 233 1541 πούντων,
249 1509 318 1544 μήτε
333 1502 417 1543 ἀκοῆς
429 1508 474 1535 τδν
484 1509 559 1535 τόνον
570 1508 620 1543 τῆς
633 1508 724 1543 ψυχῆς
739 1507 892 1542 ἐκλυούσης

926 276 981 303 res,
998 277 1081 297 unum
1099 274 1189 297 autem
1205 273 1247 296 est
1266 277 1345 304 opus.
1365 268 1447 296 Maria
1464 270 1594 305 optimam
1615 273 1718 304 partem

926 316 1018 350 elegit.
1030 324 1090 350 quae
1107 324 1163 344 non
1183 315 1325 343 auferetur
1342 315 1376 342 ab
1393 323 1436 342 ea.

963 360 1082 397 Philipp.
1101 369 1121 389 ι.
1136 361 1256 390 Obsecro
1279 362 1371 397 igitur,
1394 361 1502 394 fratres,
1528 365 1558 388 υι
1580 361 1666 397 magis
1687 368 1720 389 ac

929 408 1016 442 magis
1041 407 1204 441 abundctis,
1237 411 1265 435 et
1291 408 1376 443 quieti
1394 416 1441 435 vos
1464 407 1596 441 tradatis,
1612 412 1638 434 et
1663 408 1719 441 pri-

929 459 992 481 vata
1019 454 1128 490 negotia
1147 454 1259 490 geratis,
1279 459 1306 482 et
1323 454 1450 482 manibus
1467 454 1565 481 vestris
1586 461 1655 488 opus
1679 453 1720 480 fa-

931 501 1022 529 cialis.

968 546 997 574 S.
1021 546 1128 574 Basilii.
1154 545 1274 574 Facilius
1304 550 1346 573 est
1385 545 1485 580 cuique
1509 549 1632 571 nostrum
1669 543 1721 569 alia

934 593 1042 621 curiose
1057 597 1192 627 spectare,
1206 592 1396 627 quamfnostra
1411 591 1520 626 propria
1535 590 1720 618 considerare.

970 640 1046 668 Multi
1065 640 1196 668 festucam
1210 647 1271 674 quae
1286 642 1329 666 est
1351 639 1377 666 in
1391 638 1470 665 oculo
1488 637 1582 664 fratris
1595 634 1722 664 conside-

936 691 1009 720 rant,
1028 686 1131 714 trabem
1150 689 1240 712 autem
1254 685 1295 712 sui
1314 684 1386 713 oculi
1405 692 1459 711 non
1475 683 1578 710 vident.

974 777 1011 805 Ut
1026 777 1099 805 enim
1117 775 1180 804 ferae
1205 776 1284 803 facile
1304 778 1480 811 superantur,
1507 774 1530 802 si
1549 773 1723 805 demulceas;

940 824 980 852 sic
1006 823 1179 859 cupiditates,
1209 822 1266 854 iraa,
1294 822 1417 855 timores,
1446 821 1564 854 dolores,
1591 825 1724 848 venenata

941 869 1027 897 animi
1042 869 1124 901 mala,
1149 877 1198 904 per
1223 868 1343 904 quietem
1369 867 1521 903 consopita,
1547 873 1598 895 nec
1614 866 1725 894 efferata

940 920 1070 951 perpetua
1094 914 1269 947 irritatione,
1296 914 1321 942 vi
1348 913 1462 940 rationis
1484 911 1592 940 facilius
1620 911 1724 939 domari

940 962 1040 990 solent.

974 1051 1050 1084 Quod
1079 1054 1233 1085 separatum
1258 1054 1285 1078 et
1308 1050 1444 1085 privatum
1472 1053 1526 1082 est,
1546 1048 1633 1084 pluris
1656 1047 1727 1076 msti-

939 1101 1043 1128 matur,
1056 1105 1136 1130 quam
1149 1096 1221 1132 quod
1232 1103 1378 1123 commune
1392 1095 1485 1122 multis
1498 1100 1525 1122 et
1536 1095 1725 1129 coniunctum.

972 1143 1056 1179 23η
1071 1142 1142 1170 Utile
1161 1147 1203 1170 est
1228 1142 1356 1176 privatim
1373 1145 1400 1169 et
1422 1141 1569 1175 separatim
1593 1141 1726 1174 habitare,

938 1193 968 1217 ut
982 1190 1090 1216 animus
1104 1189 1129 1215 in
1146 1188 1237 1224 plures
1247 1192 1337 1223 partes
1348 1195 1401 1214 non
1421 1187 1608 1219 distrahatur;
1621 1195 1682 1214 nam
1699 1187 1727 1216 in

939 1236 994 1263 vita
1008 1235 1186 1262 commiscere
1203 1242 1232 1262 se
1246 1241 1306 1261 cum
1323 1233 1357 1261 iis
1367 1233 1412 1268 qui
1425 1233 1611 1266 imprudenter
1624 1237 1650 1260 et
1664 1240 1729 1260 eon-

939 1282 1063 1318 temptim
1084 1281 1116 1309 ad
1134 1281 1324 1309 mandatorum
1338 1280 1554 1307 observationem
1566 1279 1728 1314 exquisitam

941 1328 1031 1357 affecti
1051 1332 1127 1362 sunt,
1144 1327 1243 1355 inutile
1275 1331 1302 1354 et
1321 1326 1504 1361 perniciosum
1520 1330 1572 1354 est.

977 1375 1063 1408 Quies
1078 1374 1160 1409 igitur
1177 1373 1283 1400 initium
1301 1377 1342 1400 est
1360 1372 1529 1408 purgationis
1550 1372 1645 1404 animi,
1665 1379 1728 1398 cum

942 1428 1030 1455 neque
1046 1420 1136 1453 lingua
1158 1426 1201 1446 res
1220 1419 1354 1445 humanas
1368 1417 1499 1452 loquitur,
1516 1424 1565 1444 nec
1580 1417 1650 1443 oculi
1669 1424 1729 1443 cor-

942 1473 1040 1503 porum
1059 1465 1165 1493 colores
1180 1468 1208 1493 et
1222 1468 1300 1499 aptas
1313 1464 1498 1490 membrorum
1525 1463 1729 1498 compactiones

944 1512 1234 1547 circumspiciunt,nee
1246 1517 1326 1537 aures
1339 1509 1420 1537 attimi
1432 1509 1607 1536 intentionem
1621 1509 1731 1537 solvunt

100 1555 129 1580 ὲν
145 1555 276 1590 ἀκροάσει
292 1555 381 1590 μελῶν
396 1555 464 1591 nm;
479 1555 577 1590 ἡδονὴν
597 1555 804 1590 πεποιημένων,
821 1554 889 1590 μήτε

972 1557 1087 1585 tdicndis
1109 1556 1223 1584 canticis
1241 1557 1274 1583 ad
1300 1555 1466 1590 voluptatem
1493 1554 1651 1588 modulatis,
1683 1558 1730 1582 aut

102 1601 222 1636 ρὴμασιν
246 1601 422 1636 εὐτραπέλων
442 1602 488 1629 καὶ
503 1601 671 1635 γελοιαστῶν
697 1600 862 1636 ἀνθρώπων,
878 1600 893 1627 ὃ

103 1649 222 1684 μάλιστα
237 1648 311 1675 λύειν
326 1649 375 1682 τῆς
389 1648 481 1683 ψυχῆς
498 1648 544 1674 τὸν
557 1649 634 1675 τόνον
651 1647 785 1682 πέφυκεν.

138 1694 210 1726 Νοῦς
224 1695 272 1730 μὲν
284 1695 338 1729 γὰρ
355 1695 392 1730 μὴ
408 1694 625 1729 ακεδαννύμενος
637 1695 684 1721 ἐπὶ
698 1695 732 1721 τὰ
745 1694 810 1727 ἔξω,
826 1693 894 1729 μηδὲ

103 1741 157 1767 ὑπδ
180 1740 234 1767 τῶν
254 1741 441 1776 αἰσθητηρίων
460 1741 506 1766 ἐπὶ
520 1741 568 1766 τὸν
585 1739 687 1775 κόσμον
709 1740 895 1775 διαχεόμενος,

103 1787 230 1814 ἐπάνεισι
249 1787 298 1822 μὲν
323 1787 391 1820 πρὸς
403 1787 514 1819 ἑαυτὸν,
532 1786 572 1813 δι’
593 1785 691 1813 ἑαυτοῦ
707 1786 736 1813 δὲ
760 1787 828 1822 πρὸς
847 1786 897 1822 τὴν

104 1835 170 1869 περὶ
195 1833 262 1860 Θεοῦ
285 1833 389 1859 ἔννοιαν
419 1833 580 1860 ἀναϐαίνει·
603 1833 722 1868 κάκείνῳ
741 1833 780 1869 τῷ
804 1833 898 1860 κάλλει

106 1879 346 1915 περιλαμπόμενος
357 1888 387 1906 τε
399 1880 447 1906 καὶ
463 1880 679 1916 ἐλλαμπὸμενος,
694 1881 741 1907 καὶ
753 1881 837 1916 αὐτῆς
848 1881 897 1915 τῆς

106 1926 216 1961 φύσεως
231 1926 317 1961 λήθην
341 1925 485 1961 λαμϐάνει,
506 1927 575 1962 μήτε
603 1926 671 1961 πρὸς
692 1927 798 1962 τροφῆς
816 1936 899 1962 φρον-

104 1972 177 2004 τίδα,
194 1973 262 2007 μήτε
286 1972 354 2006 προς
371 1971 557 2006 περιὸολαίων
581 1972 728 2007 μέριμναν,
743 1973 791 2007 τὴν
809 1971 899 2007 ψυχὴν

107 2017 307 2052 καθελκόμενος
317 2025 324 2032 ·
341 2017 409 2043 ἀλλά
422 2017 520 2052 σχολὴν
535 2017 588 2044 ἀπὸ
601 2017 656 2044 τῶν
672 2015 775 2052 γηΐνων
789 2018 899 2053 φροντίς

107 2064 162 2090 δων
190 2065 275 2098 ἄγων,
303 2064 352 2098 τὴν
379 2064 471 2090 πᾶσαν
498 2063 596 2090 ἑαυτοῦ
627 2064 744 2100 σπουδὴν
776 2064 823 2091 ἐπὶ
850 2065 900 2100 τὴν

107 2110 206 2144 κτῆσιν
227 2109 281 2137 τῶν
300 2108 417 2136 αἰωνίων
436 2108 547 2143 ἀγαθῶν
568 2108 742 2143 μετατίθησι,
759 2109 817 2141 πῶς
834 2118 900 2136 κατ-

107 2156 217 2192 ορθωθῇ
241 2156 314 2191 αὐτῷ
343 2157 360 2192 ή
381 2154 544 2191 σωφροσύνη
560 2154 608 2181 καὶ
628 2155 643 2190 ἡ
662 2154 773 2190 ἀνδρία·
792 2155 852 2187 πῶς
872 2156 901 2182 δὲ

108 2203 280 2236 δικαιοσύνη,
294 2203 342 2229 καὶ
363 2203 380 2237 ἡ
404 2202 546 2237 φρόνησις,
571 2202 618 2229 καὶ
633 2201 661 2228 al
682 2201 775 2231 λοιπαὶ
793 2201 899 2236 ἀρεταί.

946 1604 1028 1632 dictis
1042 1602 1204 1631 scurrilibus
1218 1606 1245 1629 et
1262 1601 1395 1635 ridiculis,
1408 1609 1462 1637 qua
1475 1609 1504 1628 re
1514 1600 1596 1628 animi
1615 1600 1731 1627 intentio

946 1650 1122 1685 languescere
1142 1648 1262 1676 maxime
1275 1647 1355 1676 solet.

985 1696 1061 1724 Mens
1074 1696 1147 1723 enim
1164 1702 1225 1722 cum
1242 1694 1274 1722 ad
1291 1703 1334 1722 res
1364 1698 1490 1722 externas
1505 1701 1559 1722 non
1571 1694 1730 1729 dissipatur,

949 1750 998 1770 nec
1024 1742 1050 1769 in
1076 1741 1208 1769 mundum
1236 1749 1283 1776 per
1301 1745 1390 1775 partes
1418 1741 1444 1768 in
1476 1741 1575 1775 quibus
1600 1739 1644 1767 siti
1668 1743 1734 1779 sunt

949 1795 1048 1816 sensus
1065 1787 1238 1819 tiifl'unditnr.
1269 1787 1302 1815 ad
1329 1795 1358 1815 se
1384 1787 1441 1820 ipsa
1463 1787 1617 1818 revertitur,
1640 1793 1672 1813 ac
1686 1792 1734 1820 per

950 1843 1010 1863 sese
1026 1835 1059 1862 ad
1078 1834 1124 1862 Dei
1151 1834 1290 1861 notionem
1315 1833 1461 1866 ascendit;
1489 1837 1569 1866 atque
1599 1831 1643 1858 illa
1672 1831 1734 1866 pul-

950 1881 1106 1909 chritudine
1120 1888 1182 1908 cum
1196 1879 1434 1907 eircumlustratur
1450 1883 1531 1912 atque
1553 1877 1734 1907 itluminatnr,

950 1929 1039 1963 ipsius
1057 1933 1165 1962 quoque
1196 1929 1300 1952 natura:
1326 1924 1509 1956 obliviscitur,
1535 1931 1589 1950 non
1614 1922 1735 1949 alimenti

953 1981 1018 2001 cura
1032 1977 1080 2000 aut
1104 1971 1260 1999 vestimenti
1280 1970 1402 1997 animum
1427 1969 1588 2000 sollicitans,
1605 1967 1651 1995 sed
1668 1967 1736 1994 libe-

952 2025 1011 2047 rata
1024 2019 1139 2047 terrenis
1151 2017 1224 2045 curis
1235 2024 1342 2044 omnem
1358 2023 1438 2044 suum
1452 2015 1571 2042 studium
1584 2013 1615 2041 ad
1629 2019 1738 2046 compa-

954 2066 1037 2094 randa
1061 2065 1131 2092 bona
1172 2063 1336 2098 sempiterna
1361 2061 1501 2091 transfert.
1529 2068 1583 2094 quo
1608 2058 1736 2086 nimirum

953 2110 1159 2146 temperantiam
1185 2114 1212 2136 et
1237 2107 1435 2138 fortitudinem,
1451 2105 1585 2140 justitiam
1612 2108 1640 2132 et
1672 2111 1739 2138 pru-

954 2157 1085 2189 dentiam.
1099 2161 1125 2183 et
1141 2155 1258 2190 reliquas
1275 2155 1388 2181 virtutes
1407 2153 1505 2180 habeat
1521 2157 1548 2179 et
1568 2154 1703 2179 exerceat.

146 2249 207 2283 Χρή
225 2257 251 2274 τι
273 2248 319 2274 καὶ
332 2247 490 2283 ἡσυχάζειν,
507 2246 576 2273 ὥστε
594 2246 738 2278 ἀθολώτως
772 2255 890 2283 προσομι

993 2248 1126 2283 Theologi.
1143 2247 1255 2280 Quietos
1274 2252 1324 2271 nus
1341 2251 1404 2271 esse
1428 2245 1543 2278 oportet,
1561 2245 1590 2268 ut
1606 2248 1658 2267 non
1675 2244 1739 2266 .tnr-

108 2295 168 2321 λείν
181 2294 219 2329 τῷ
234 2293 305 2328 Θεῷ,
330 2295 377 2320 καὶ
394 2294 492 2329 μικρόν
513 2302 539 2320 τι
562 2293 692 2328 συνάγειν
712 2295 757 2320 τὶν
771 2293 834 2320 νοῦν
850 2294 905 2322 ἀπὸ

109 2341 167 2368 τῶν
182 2339 357 2367 πλανώντων.

149 2433 292 2469 Τηροῦμεν
307 2433 357 2464 τὰς
382 2431 505 2467 ἀλλήλων
526 2431 675 2467 ἁμαρτίας,
699 2431 754 2458 οὐδ’
773 2431 817 2458 ἵνα
839 2431 906 2468 θρη-

111 2482 252 2515 νήσωμεν,
275 2478 332 2505 ἀλλ’
355 2477 399 2504 ἵνα
422 2477 610 2512 ὀνειδίσωμεν,
631 2477 686 2504 οὐδ’
704 2477 747 2504 ἵνα
771 2477 906 2512 θεραπεύ-

112 2533 217 2560 σιυμεν,
245 2525 302 2552 ἀλλ’
331 2525 376 2551 ἵνα
401 2523 640 2559 ξπροσπλήξωμεν,
676 2523 723 2550 καὶ
755 2523 906 2556 ἀπολογίαν

113 2572 223 2606 ἔχωμεν
240 2571 294 2598 τῶν
311 2571 454 2607 ἡμετέρων
471 2569 562 2596 κακῶν
575 2570 610 2595 τὰ
624 2569 678 2596 τῶν
692 2569 808 2604 πλησίον
822 2568 904 2603 τραύ-

114 2625 199 2652 μαῖα.

157 2664 190 2691 Ἦ
214 2664 370 2699 ἀπράγμων
388 2663 488 2700 ἡσυχία
507 2662 555 2698 τῆς
573 2662 602 2688 ὲν
619 2661 767 2698 πράγμασι
788 2669 908 2696 περιφα-

115 2712 190 2742 νείας
205 2711 367 2746 τιμιωτέρα.

153 2757 214 2788 Birt;
231 2757 343 2792 ἡσύχως
363 2756 516 2792 χρημάτων
537 2755 642 2781 πολλῶν
661 2753 906 2790 περιφανέστερος.

159 2803 302 2835 Ἐπιτεονος
329 2805 385 2834 τοῖς
407 2802 505 2829 νεωστὶ
516 2801 747 2836 ἀποτασσομένοις
764 2800 780 2834 ἠ
796 2799 906 2834 ἡσυχία.

125 2850 186 2876 fore
202 2848 256 2883 γὰρ
269 2848 364 2883 καιρξν
379 2846 501 2873 λαϐοῦσα
516 2847 532 2881 ὴ
549 2846 655 2881 μνήμη,
675 2844 766 2871 πᾶσαν
784 2843 909 2870 ἀνακινεῖ

123 2895 169 2929 .ὴν
180 2893 344 2930 ὲγκειμένην
354 2893 539 2929 ἀκαθαρσίαν,
550 2893 580 2920 οὐ
592 2891 764 2928 σχολάζουσα
774 2889 907 2926 πρότερον

955 2296 1066 2324 bulcnte
1082 2303 1143 2321 cum
1156 2294 1210 2321 Deo
1225 2292 1427 2326 colloquamur,
1450 2295 1478 2318 et
1501 2288 1640 2324 paululum
1661 2295 1739 2314 revo-

955 2349 1050 2370 cetnus
1067 2345 1183 2368 mentem
1201 2339 1284 2377 abiis
1298 2345 1358 2373 quae
1376 2335 1513 2364 seducunt
1537 2340 1564 2362 et
1586 2333 1671 2361 errori
1700 2333 1741 2360 in-

956 2391 1076 2417 volvunt.

990 2436 1174 2463 Observamus
1186 2431 1301 2460 invicem
1323 2433 1425 2460 errata,
1443 2435 1497 2455 non
1516 2431 1544 2453 nt
1556 2426 1739 2461 deploremus,

956 2483 1002 2510 sed
1016 2486 1044 2508 ut
1065 2479 1260 2515 exprobremus
1277 2485 1284 2504 :
1303 2483 1353 2504 nec
1369 2479 1400 2502 ut
1422 2481 1561 2504 sanemus,
1582 2472 1628 2500 sed
1656 2476 1680 2497 nt
1699 2471 1740 2498 in.

956 2534 1037 2561 super
1053 2525 1245 2552 vulneremus:
1262 2527 1288 2549 et
1301 2528 1348 2556 pro
1358 2519 1514 2547 defensione
1528 2524 1682 2546 nostrorum
1702 2517 1741 2544 vi-

958 2572 1057 2599 tiorum
1071 2569 1206 2598 habemus
1221 2566 1406 2603 proximorum
1419 2564 1543 2592 vulnera.

993 2659 1101 2693 (ἕτερον.
1121 2657 1254 2692 Νυδεειιῑξ
1271 2655 1338 2683 Nili.
1358 2654 1450 2682 Otiosa
1469 2653 1546 2689 quies
1572 2652 1657 2687 pluris
1670 2651 1742 2678 aesti-

958 2706 1067 2740 manda,
1086 2712 1168 2740 quam
1183 2703 1354 2735 negotiorum
1374 2701 1488 2728 illustris
1503 2699 1638 2726 tractatio.

993 2751 1054 2779 Vita
1068 2753 1159 2786 quieta
1178 2750 1271 2777 multis
1285 2748 1408 2784 pecuniis
1432 2745 1618 2781 anteponenda
1638 2747 1690 2771 cst.

995 2788 1136 2826 Molestum
1155 2797 1187 2823 iis
1202 2796 1247 2830 qui
1260 2802 1356 2822 recens
1382 2795 1566 2822 secesserunt,
1590 2790 1673 2816 otium
1690 2791 1744 2820 est,

960 2844 1032 2879 quod
1059 2847 1124 2870 tunc
1149 2841 1321 2869 occasionem
1349 2841 1429 2865 nacta
1457 2836 1604 2868 memoria,
1635 2841 1743 2860 omnem

960 2889 1057 2925 repetit
1072 2892 1099 2916 et
1117 2891 1205 2915 movet
1226 2886 1336 2914 insitam
1353 2882 1562 2915 itmnutnlitiem,
1586 2887 1648 2908 cum
1665 2883 1745 2906 antea
