1889 3085
187 132 258 166 1191

817 124 977 156 ANTONII
989 125 1164 156 MELISSIE

1757 122 1836 154 “92

188 188 222 215 ad
250 187 276 215 id
301 186 454 214 iaciendum
496 185 614 220 spatium
638 189 691 210 non
719 181 843 213 haberet,
865 185 977 218 propter

1072 190 1107 208 ιτο
1121 181 1216 213 ποιεῖν,
1227 180 1270 207 διὰ
1286 180 1316 208 τδ
1330 179 1431 216 πλῆθος
1444 179 1499 207 τῶν
1507 176 1716 214 ’περισπώντων
1732 187 1835 213 πραγ-

189 233 393 261 multitudinem
420 230 630 259 distrahentium
648 228 829 263 negotiorum.

225 278 340 314 Sapiens
354 277 472 312 quietem
486 279 513 302 et
525 275 611 302 otium
636 273 822 310 persequitur,
839 276 868 299 ut
880 279 971 300 rerum

188 325 342 355 divinarum
355 326 508 358 opportune
518 327 630 355 compos
644 320 701 347 liat.
714 319 830 354 Sapiens
842 318 974 353 demigrat

187 375 215 398 et
243 368 391 400 transfugit
416 375 431 394 a
458 367 513 394 vita
544 365 659 394 confusa
695 370 724 392 et
754 364 912 399 perturbata
939 363 974 390 ad

188 418 292 444 beatam
308 415 390 442 vitam
405 418 433 442 et
449 412 570 448 paciﬁcis
582 411 802 440 convenientem.

225 461 280 489 Res
293 460 416 496 prol‘rcto
430 463 560 487 constans
575 463 602 486 et
620 465 681 486 vera
699 456 807 485 exsistit
821 455 974 492 sapientia';

190 508 238 542 qui
254 511 328 534 amat
343 506 416 533 illam
439 505 547 540 sapiens
565 503 690 536 exsistit;
708 510 827 538 cumque
847 502 910 530 talis
926 502 973 534 sit,

191 558 281 580 tamen
298 560 349 580 nos
365 551 505 587 improbos
534 550 657 585 praeterit
670 555 678 576 :
693 549 794 576 bonum
818 547 890 576 enim
907 547 977 575 male

188 599 349 627 comitatum
366 605 428 625 esse
446 605 500 625 non
516 596 585 624 vult.

225 643 354 671 Sacratis.
373 643 500 670 Socrates
527 642 732 676 interrogatus,
762 639 810 674 qui
838 638 898 666 sine
916 644 979 673 per-

189 690 346 718 turbatione
374 689 521 716 viverent:
549 686 612 720 Qui.
635 685 734 721 inquit,
748 684 816 712 nihil
835 684 888 712 sibi
911 691 979 711 con-

191 735 283 764 sciunt
303 734 377 760 mali.

226 781 306 817 235
324 780 465 815 Aristippi.
493 779 647 814 Aristippus
675 785 737 806 cum
754 777 866 813 quidam
884 775 910 804 ei
925 774 980 802 ob-

188 831 299 866 jiceret,
318 837 350 856 ac
363 830 481 857 diceret:
494 828 609 863 Propter
624 833 650 856 te
664 835 728 863 ager
743 827 841 863 periit;
860 825 900 852 An
914 831 979 856 non,

1028 228 1131 263 μάτων.

1055 274 1086 300 '0
1098 273 1180 307 σοφὸς
1189 272 1307 308 ἠρεμίαν
1316 271 1363 299 καὶ
1373 270 1588 307 ἀπραγμοσύνην
1598 270 1704 301 διώκει,
1715 269 1767 296 ἵνα
1777 269 1837 296 τῶν

1025 318 1104 346 θείων
1119 319 1149 345 ἓν
1163 317 1288 353 εὐκαιρίᾳ
1299 317 1426 352 ituram.
1439 317 1524 351 Σοφὺς
1538 315 1662 352 μέτοικος
1674 315 1725 342 καὶ
1742 323 1835 350 μετα-

1024 364 1124 400 νάστης
1141 363 1215 390 ἐστὶν
1231 365 1264 391 ὲκ
1277 363 1325 391 τοῦ
1339 362 1514 398 πεφυρμένου
1539 362 1597 397 βίου
1613 363 1682 398 πρὸς
1695 362 1754 398 τὴν
1779 371 1836 398 μα-

1025 409 1126 444 καρίαν
1144 409 1351 446 καὶνείρηναίοις
1365 409 1523 444 πριπουσαν
1537 408 1622 443 ζωήν.

1066 469 1146 495 Ἐστι
1161 468 1211 503 μὲν
1226 467 1366 503 ὑπαρκτδν
1377 467 1497 502 πρᾶγμα
1514 466 1611 502 σοφίας
1622 474 1630 482 ·
1657 467 1720 494 ἐστι
1735 467 1768 494 δὲ
1786 467 1836 494 καὶ

1027 514 1042 541 6
1057 513 1175 549 ἐραστὴς
1198 513 1285 546 αὐτῆς
1310 512 1402 547 σοφός.
1426 511 1567 547 ’Υπάρχον
1588 511 1617 538 δὲ
1636 512 1731 547 ὅμως,
1755 513 1836 547 ἡμᾶς

1026 559 1092 592 τοὺς
1114 558 1234 594 φαύλους
1266 558 1442 593 διελήλυθεν·
1459 557 1563 591 ἀγαθὸν
1584 558 1639 593 γὰρ
1669 558 1726 585 οὐκ
1745 558 1836 585 ἐθέλει

1027 605 1125 637 κακοῑς
1141 604 1332 639 συνέρχεσθαι.

1064 650 1214 685 Σωκράτης
1240 650 1393 686 ιρωτηθιὶς
1413 651 1487 684 τίνες
1510 650 1658 686 ἀταράχως
1680 650 1787 685 ζῶσιν,
1803 651 1835 678 0i.

1031 695 1115 732 μηδὲν
1130 695 1248 728 ἑαυτοῖς,
1267 691 1355 728 εἶπεν,
1378 695 1482 723 ἀτοπον
1499 695 1664 727 συνειδότες.

1071 773 1259 810 Ἀρίστιππος,
1275 773 1403 808 λέγοντος
1417 773 1490 810 αὐτῷ
1503 782 1586 806 τινος,
1601 774 1651 802 Διά
1668 773 1700 801 οὲ
1722 773 1834 801 ἀπόλω-

1032 820 1078 847 λεν
1103 820 1117 847 ὀ
1144 819 1249 854 ἀγρὸς,
1278 818 1397 853 Οὐκοῦν,
1413 819 1477 854 ἔφη,
1504 819 1614 846 κάλλιον
1639 817 1676 845 δι’
1705 819 1765 854 ἐμὲ
1793 818 1836 845 τὸν

192 864 291 910 inquit,
308 874 408 902 melius
434 882 477 901 me
498 878 610 910 propter
633 881 742 909 agrum,
765 879 847 908 quam
872 874 982 907 propter

1073 865 1148 902 ρδνῆ
1163 866 1208 893 διὰ
1220 865 1266 892 τὸν
1281 864 1365 900 ἀγρὸν
1381 865 1431 900 ἐμέ
1445 873 1453 898 ;

193 929 237 950 me
250 929 345 957 agrum
363 920 473 955 perire?

231 967 429 996 Demosthenes
446 973 510 994 cum
528 966 642 1001 quidam
669 965 773 993 diceret
799 972 861 992 eum
887 970 982 999 agrum

193 1014 343 1049 negligere,
362 1014 452 1049 ipsum
479 1020 569 1040 autem
588 1019 617 1039 se
640 1019 737 1040 curare
753 1020 761 1038 :
778 1010 817 1038 Ea
840 1009 924 1042 enim,
943 1010 986 1037 in-

194 1062 266 1096 quit,
281 1069 348 1088 curo
363 1065 474 1096 propter
491 1067 552 1095 qua!
569 1067 661 1094 agrum
679 1065 848 1094 comparavr.

231 1107 358 1135 Severini.
380 1107 522 1135 Thaletem
547 1107 574 1134 in
601 1105 701 1133 coelum
726 1104 942 1139 suspicientem.
960 1105 989 1129 et

195 1152 303 1187 lapsum
319 1152 345 1178 in
361 1151 520 1179 barathrum
536 1151 635 1179 ancilla
656 1150 826 1185 conspicata,
849 1148 944 1176 merito
960 1147 988 1175 id

195 1198 233 1226 il!i
248 1197 379 1226 accidisse
398 1198 515 1232 dicebat,
533 1197 591 1233 qui,
607 1204 669 1225 cum
685 1203 743 1232 quae
758 1199 822 1223 ante
836 1195 916 1230 pedes
942 1200 988 1221 es-

196 1249 258 1273 sent
279 1246 430 1281 ignoraret.
447 1244 547 1273 emlum
570 1243 803 1278 contemplaretur
829 1246 859 1269 ut
884 1248 988 1276 cognoo

197 1297 299 1320 SCPI’C‘L

236 1337 366 1365 Euctidis.
383 1336 485 1364 Valens
499 1339 613 1372 aegrotat
629 1335 720 1364 omnis
735 1334 873 1367 curiosus,
899 1333 989 1362 aliena

197 1384 316 1412 sollicite
329 1391 441 1411 curans.

233 1429 413 1457 Demonactis.
432 1428 500 1456 Cum
518 1427 628 1464 quidam
652 1427 839 1463 exquirerent,
852 1434 886 1454 an
907 1434 989 1455 mun-

199 1475 252 1503 dus
270 1479 344 1503 esset
362 1475 508 1506 animatus.
528 1478 556 1502 et
580 1481 689 1505 rursus.
705 1481 740 1500 an
757 1473 886 1508 globosus
902 1481 908 1500 :
924 1472 988 1506 Vos,

199 1520 290 1555 inquit
300 1520 451 1552 Demonax,
460 1519 494 1547 de
507 1519 609 1546 mundo
620 1518 731 1547 solliciti
743 1519 822 1551 estis,
835 1522 863 1546 at
870 1521 988 1547 vestram

200 1567 323 1602 ipsorum
340 1565 540 1596 immunditiem
556 1571 609 1592 non
627 1565 741 1593 curatis.

364 1610 480 1639 SERMO
496 1609 616 1638 LXXVII
635 1611 686 1647 [οί.
701 1609 833 1647 XXXVI].

271 1658 311 1686 De
327 1658 492 1693 negotiorum
507 1656 687 1684 sollicitudine
700 1661 726 1684 et
740 1657 920 1684 distractione.

236 1703 304 1731 Tota
319 1699 395 1738 impii
410 1703 463 1731 vita
479 1703 506 1730 in
524 1702 711 1731 sollicitudine
726 1705 779 1730 est.

236 1749 296 1778 Job.
315 1748 365 1776 Odi
381 1748 509 1784 equidem
523 1749 681 1776 universum
695 1748 831 1780 laborem,
850 1754 931 1782 quem
941 1747 993 1776 sub

201 1796 260 1824 sole
277 1795 410 1827 sustineo,
426 1794 491 1830 quia
524 1793 651 1828 relinquo
671 1801 734 1821 eum
759 1797 821 1829 post
843 1800 887 1821 me
903 1793 993 1821 futuro

202 1841 305 1869 haeredi
324 1845 374 1868 :et
388 1839 452 1876 quis
480 1839 557 1868 novit
579 1839 725 1874 sapiensne
747 1846 781 1866 an
799 1839 933 1874 insipiens
948 1838 992 1867 fu-

202 1893 281 1916 turus
296 1887 352 1914 sit?

239 1934 366 1962 Peccanti
382 1932 458 1961 dedit
478 1931 626 1960 distentam
643 1931 810 1959 anxietatem
833 1931 949 1967 augendi
967 1935 994 1958 et

202 1979 398 2013 coacervandi,
415 1983 446 2007 ut
461 1979 507 2007 det
518 1978 592 2006 bono
606 1977 633 2005 in
650 1981 799 2010 conspectu
814 1975 872 2005 Dei.

244 2066 327 2096 Eccli.
343 2074 378 2094 tv.
396 2066 459 2099 Fili,
475 2066 517 2094 fac
533 2073 567 2093 ne
582 2065 665 2094 variis
684 2065 838 2093 actionibus
857 2063 996 2092 distraha-

206 2112 254 2139 ris.
270 2111 298 2139 Si
315 2111 386 2139 enim
402 2115 499 2138 auctus
512 2110 609 2143 lueris,
623 2118 676 2138 non
704 2110 759 2138 eris
787 2110 920 2138 innocens
931 2118 939 2137 :
950 2109 996 2144 qui

206 2157 328 2192 sequitur
347 2161 494 2191 questum,
513 2155 696 2191 implicabitur
710 2156 815 2184 litibus.

240 2203 296 2231 Cor
316 2203 482 2230 malitiosum
498 2202 659 2230 onerabitur
674 2202 826 2230 laboribus.

242 2248 307 2277 Luc.
324 2257 379 2276 xxv.
394 2247 482 2276 Homo
504 2247 617 2283 quidam
633 2247 698 2276 fecit
713 2255 820 2276 comam
844 2254 970 2282 magnam
984 2267 993 2280 ,

206 2295 364 2330 multosque
391 2293 507 2326 vocavit,
533 2297 560 2320 et
584 2293 658 2321 misit
682 2301 792 2322 servum
818 2301 898 2321 suurn
927 2293 994 2320 hora

206 2348 305 2374 omne,
321 2340 366 2375 qui
389 2339 498 2373 iuberet
522 2339 651 2367 invitatos
667 2339 770 2372 venire,
786 2339 859 2374 quod
879 2338 936 2374 jam
951 2346 997 2374 pa-

208 2391 266 2414 rata
280 2389 375 2413 essent
391 2385 494 2413 omnia.
511 2385 545 2412 Et
561 2389 705 2420 ceperunt
727 2384 828 2419 pariter
849 2391 946 2412 omnes
967 2391 998 2411 se

206 2439 357 2465 excusare;
372 2439 404 2458 ac
419 2431 524 2466 primus
549 2432 619 2458 dixit
635 2438 664 2458 se
687 2437 781 2465 agrum
811 2430 921 2462 eruisse,
943 2433 997 2458 etc.

211 2476 276 2504 Dico
292 2476 377 2509 vobis,
394 2475 532 2503 neminem
548 2475 659 2504 illorum
674 2473 708 2503 de
724 2481 803 2503 creua
826 2481 885 2502 mea
904 2479 998 2510 gusta-

209 2527 313 2550 turum.
1012 2515 1017 2520 '

246 2567 366 2602 Philipp.
383 2574 413 2594 ll.
431 2565 532 2593 Omnes
550 2565 584 2594 de
600 2566 658 2593 suis
677 2566 759 2594 rebus
775 2566 888 2594 solliciti
913 2571 998 2600 sunt,

210 2621 265 2642 non
279 2613 313 2641 de
325 2613 359 2642 iis
379 2620 439 2648 quae
453 2611 590 2647 pertinent
606 2611 641 2639 ad
657 2611 809 2640 Christum.

249 2659 279 2687 S.
293 2658 402 2686 Basilii.
411 2658 484 2685 Fieri
497 2665 550 2684 non
566 2661 663 2692 potest,
675 2662 707 2685 ut
720 2658 840 2693 potiatur
850 2658 949 2693 aliquis
962 2657 1000 2685 la-

214 2706 324 2733 boriosa
338 2711 430 2732 rerum
444 2703 600 2730 divinarum
616 2703 803 2735 meditatione.
827 2703 900 2731 inter
917 2703 1002 2731 animi

215 2750 408 2778 distractiones
433 2752 461 2775 et
495 2748 690 2784 occupationes
718 2755 809 2775 rerum
836 2747 870 2775 ad
900 2747 1002 2775 victum

215 2794 419 2831 pertinentium.

255 2840 289 2868 Ut
305 2840 333 2868 in
351 2840 461 2873 speculo
486 2848 541 2869 non
564 2844 709 2874 repurgato
724 2838 798 2867 cerni
816 2846 871 2866 non
889 2843 1002 2874 possunt

1071 953 1262 989 Δημοσθένης,
1276 953 1403 988 λέγοντος
1422 953 1497 989 αὐτῷ
1511 961 1594 985 τινος,
1607 953 1650 980 ὃτι
1673 952 1735 980 Τοῦ
1751 952 1836 988 ἀγροῦ

1036 999 1160 1034 ἀμελεῖς,
1182 997 1272 1033 ἐαυτῷ
1293 998 1323 1025 δὶ
1348 998 1500 1033 σχολάζεις,
1532 997 1643 1025 Τούτων
1674 998 1748 1034 γὰρ,
1774 998 1835 1033 ἔφη,

1037 1044 1233 1080 ὲπιμελοῢμαι,
1247 1044 1281 1071 δι’
1293 1042 1332 1072 ὦν
1347 1045 1394 1071 καὶ
1408 1044 1557 1079 τὸν-ἀγρὸν
1569 1043 1750 1079 ἐκτησάμην.

1071 1089 1162 1124 Θάλην
1174 1089 1215 1121 είς
1230 1089 1274 1116 τὸν
1290 1089 1405 1125 οὐρανδν
1418 1089 1525 1125 ὁρῶντα
1541 1089 1590 1116 καὶ
1616 1089 1785 1124 ἐμπεσόντα
1797 1090 1834 1120 είς

1039 1133 1178 1171 βάραθρον
1193 1134 1348 1170 θεράπαινα
1361 1133 1516 1170 Θεωροῦσα,
1534 1134 1627 1162 δίκαια
1649 1134 1755 1162 παθεῖν
1768 1134 1835 1169 ἔστι,

1039 1181 1069 1214 ὃς
1083 1182 1117 1208 τὰ
1138 1181 1215 1216 παρά
1233 1182 1314 1209 ποσὶν
1330 1181 1449 1215 ἀγνοῶν,
1469 1181 1503 1209 τὰ
1524 1181 1554 1208 εν
1576 1180 1687 1216 οὐρανῷ
1711 1181 1835 1208 ἐσκόπει.

1081 1335 1230 1372 ’Υγιαίνων
1257 1334 1333 1363 vocs!
1348 1335 1402 1367 πᾶς
1430 1333 1588 1371 περίεργος,
1612 1335 1627 1360 ὸ
1649 1334 1686 1362 τὰ
1707 1334 1834 1369 ἀλλότρια

1039 1380 1290 1416 πολυπραγμονῶν.

1078 1428 1184 1459 ’Δλλων
1207 1427 1392 1460 ἐξεταζόντων
1416 1427 1442 1454 εί
1462 1426 1478 1454 6
1501 1426 1605 1459 κόσμος
1626 1425 1768 1462 ιμψυχος,
1791 1427 1834 1453 καὶ

1041 1473 1120 1506 αὖθις
1143 1474 1168 1500 ει
1192 1473 1377 1509 σφαιροειδὴς,
1399 1473 1506 1508 Ὑμεῖς,
1523 1469 1585 1500 εἷπε
1601 1473 1757 1506 Δημῶναξ,
1775 1472 1835 1507 περὶ

1043 1520 1093 1556 μὲν
1121 1519 1169 1548 τοῦ
1193 1520 1298 1556 κόσμου
1321 1520 1580 1555 πολυπραγμονεῖτε
1594 1520 1612 1550 .¹
1625 1519 1693 1555 περὶ
1728 1519 1761 1547 δι
1789 1520 1835 1554 τῆς

1040 1567 1145 1595 ἑαυτῶν
1159 1567 1295 1603 ἀκοσμίας
1304 1568 1336 1595 οὐ
1351 1566 1522 1603 φροντίζετε.
1765 1558 1776 1562 ”

1341 1612 1455 1640 ΛΟΓΟΣ
1470 1611 1532 1640 OZ'.

1042 1658 1114 1693 Περὶ
1144 1658 1286 1694 συνοχῆς
1312 1658 1493 1694 πραγμάτων
1527 1658 1579 1686 καὶ
1607 1658 1833 1694 περισπασμοῦ.

1076 1704 1135 1736 Πᾶς
1149 1705 1164 1731 ό
1175 1704 1233 1739 βίος
1249 1703 1366 1737 ἀσεϐοῦς
1378 1704 1408 1731 ιν
1421 1704 1553 1740 φροντίδι.

1085 1750 1221 1786 Ἐμίσησα
1247 1749 1304 1785 εγὼ
1335 1743 1483 1786 σύμπαντα
1513 1750 1613 1786 μόχθον
1636 1758 1703 1785 μου,
1731 1750 1763 1778 ὃν
1784 1750 1834 1784 ιγὺ

1045 1795 1139 1831 μοχθῶ
1155 1796 1208 1823 ὑπὸ
1229 1796 1277 1823 τὸν
1291 1795 1385 1831 ἥλιον·
1411 1796 1453 1823 ὅτι
1469 1795 1572 1831 ἀφίημι
1588 1795 1674 1823 αὐτὸν
1698 1796 1834 1832 ἀνορὸπιιι

1045 1841 1085 1876 τῷ
1103 1840 1163 1876 μετ’
1179 1841 1230 1877 ιμι
1240 1849 1247 1857 ·
1262 1843 1310 1869 καὶ
1321 1841 1365 1874 τίς
1379 1839 1450 1869 εῐδεν
1463 1842 1487 1869 εί
1502 1841 1584 1877 σοφὸς
1597 1841 1676 1869 ισται
1689 1843 1707 1877 ἢ
1725 1843 1835 1878 ipp-Iv;

1083 1930 1129 1965 Τῷ
1147 1930 1333 1965 ἁμαρτάνοντι
1343 1930 1426 1958 ἔδωκε
1440 1930 1631 1965 περισπασμδν
1645 1930 1694 1958 τοῦ
1713 1931 1838 1967 προσθεῖ-

1046 1985 1091 2004 ναι
1109 1976 1158 2003 καὶ
1171 1975 1220 2002 τοῦ
1243 1977 1420 2011 συναγαγεῖν,
1434 1976 1481 2003 τοῦ
1496 1975 1587 2004 δοῦναι
1608 1976 1649 2012 τῷ
1671 1977 1771 2013 ἀγαθῷ
1786 1978 1838 2012 πρὸ

1048 2022 1196 2059 προσώπου
1212 2021 1259 2049 τοῦ
1273 2021 1353 2051 Θεοῦ.

1085 2069 1199 2101 Τέκνον,
1216 2068 1255 2104 μὴ
1275 2069 1340 2103 περὶ
1360 2067 1447 2095 πολλά
1467 2067 1591 2094 ἔστωσαν
1603 2067 1631 2094 αἱ
1650 2068 1768 2103 πράξεις
1782 2077 1837 2095 σου.

1055 2114 1118 2141 Ἐὰν
1137 2114 1192 2149 γὰρ
1212 2114 1364 2150 πληθύν-ης,
1380 2113 1430 2141 οὐκ
1453 2113 1541 2145 ἀθῶος
1555 2113 1616 2148 ἔσῃ.
1632 2113 1746 2141 Aunwa
1760 2115 1839 2149 ἐργο-

1048 2160 1161 2188 λάὃειαν
1176 2160 1340 2196 ἐμπεσεῖται
1353 2160 1393 2192 είς
1405 2159 1523 2196 κρίσεις.

1010 2212 1033 2241 υ
1084 2205 1191 2240 Καρδία
1209 2205 1316 2241 πονηρὰ
1332 2205 1531 2241 βαρυνθήσεται
1546 2206 1648 2238 πόνοις.

1084 2251 1246 2287 Ἄνθρωπός
1260 2259 1302 2283 τις
1313 2251 1425 2286 εποίησε
1440 2251 1548 2279 δεῖπνον
1565 2251 1648 2287 μέγα,
1662 2252 1712 2279 καὶ
1729 2252 1841 2280 ἐκάλεσε

1046 2296 1172 2330 πολλοὺς
1203 2296 1249 2323 καὶ
1267 2296 1413 2324 ἀπίστιιλε
1438 2297 1485 2323 τὸν
1507 2297 1602 2324 δοῦλον
1620 2297 1706 2325 αὐτοῦ
1731 2299 1765 2332 τῇ
1785 2298 1843 2333 ὥρᾳ

1046 2342 1095 2368 τοῦ
1112 2341 1233 2374 δείπνου,
1258 2342 1347 2369 είπεῖν
1364 2343 1421 2374 τοῖς
1443 2342 1624 2377 κεκλημένοις
1644 2342 1790 2378 ἔρχεσθαι,
1806 2344 1844 2370 ὅτι

1048 2388 1148 2424 ἕτοιμά
1170 2389 1230 2415 ιστι
1252 2387 1352 2416 πάντα.
1374 2388 1431 2415 Καὶ
1451 2387 1569 2423 ἤρξαντο
1591 2387 1646 2415 ἀπὺ
1662 2389 1733 2422 μιᾶς
1746 2397 1845 2423 παραι-

1049 2434 1155 2461 τεῖσθαι
1171 2434 1290 2466 πάντιςο
1311 2434 1326 2460 6
1340 2433 1449 2470 πρῶτος
1462 2431 1540 2461 εἶπεν
1554 2432 1642 2468 αὐτῷ,
1661 2434 1766 2469 ’Δγρδν
1783 2435 1845 2469 ἠγέ-

1052 2487 1141 2517 ρασα·
1170 2480 1218 2507 καὶ
1242 2480 1279 2508 τὰ
1303 2480 1396 2508 λοιπά.
1413 2479 1494 2514 Διγω
1518 2479 1583 2515 ὑμῖν
1608 2480 1650 2507 ὅτι
1674 2480 1767 2512 οὐδεὶς

1050 2525 1156 2561 ἀνδρῶν
1171 2526 1282 2554 ἐκείνων
1296 2526 1422 2560 γεύσεταί
1438 2533 1491 2561 μου
1505 2525 1554 2553 τοῦ
1567 2525 1690 2554 δείπνου.

1085 2572 1119 2600 οι
1133 2572 1235 2604 πάντες
1245 2572 1281 2599 τὰ
1295 2571 1403 2599 ἑαυτῶν
1419 2571 1605 2608 μεριμνῶσιν,
1618 2572 1651 2599 οὐ
1667 2571 1702 2599 τὰ
1719 2572 1769 2600 τοῦ
1785 2573 1846 2608 Χρι-

1052 2626 1128 2646 στου·

1091 2663 1137 2691 Ἐν
1157 2664 1214 2695 τοῖς
1229 2663 1338 2690 ἕλκουσι
1360 2662 1410 2697 τὴν
1424 2662 1525 2698 ψυχὴν,
1545 2664 1595 2691 καὶ
1606 2663 1741 2699 ἀσχολίας
1758 2664 1848 2700 βιωτι-

1053 2709 1104 2741 κὶς
1120 2707 1275 2744 ιμποιοῦσι,
1291 2709 1484 2744 περιγενέσθαι
1505 2709 1555 2744 τῆς
1579 2709 1716 2737 ἐπιπόνου
1731 2710 1846 2744 μελέτης

1053 2755 1107 2782 τῶν
1117 2755 1164 2782 τοῦ
1182 2753 1250 2781 Θεοῦ
1265 2754 1415 2790 ἀμήχανον.

1088 2837 1156 2864 Οὖτε
1181 2837 1327 2872 κατόπτρῳ
1353 2837 1475 2871 ῥυπῶντι
1505 2837 1620 2866 δυνατὸν
1647 2839 1702 2866 τῶν
1727 2840 1849 2867 εἰκόνων.
