1889 3085
135 170 201 205 1209

479 168 561 198 LOCI
575 168 791 199 COMMUNES.
810 181 846 187 —
864 169 959 200 PARS
976 169 1014 201 II.
1035 168 1162 200 SERMO
1181 169 1377 201 LXXXVIII.

1671 169 1741 203 1210

168 227 305 262 Μακάριοι
329 227 355 254 oi
370 226 488 262 καθαροὶ
514 228 548 263 τῇ
563 227 674 263 καρδίᾳ,
699 228 741 255 ὅτι
759 228 837 255 αὐτοὶ
863 228 909 256 τὸν

993 227 1089 258 Matth.
1106 236 1131 256 v.
1159 228 1234 256 Beati
1258 235 1326 263 puro
1337 227 1430 261 corde,
1446 227 1509 263 quia
1529 228 1580 263 ipsi
1600 229 1683 256 Deum
1699 230 1739 256 vi-

133 274 198 300 Θεὺν
211 273 332 308 ὄψονται.

175 320 207 347 Ἡ
222 319 356 355 καύχησις
371 319 450 354 ήμῶν
470 318 539 355 αὕτη
561 319 630 352 ἐστὶ,
652 319 683 346 τὸ
697 319 847 356 μαρτύριον
860 320 911 355 τῆς

134 365 313 400 συνειδήσεως
327 365 416 400 ἡμῶν,
439 365 481 392 ὅτι
495 366 524 392 ἐν
545 365 670 400 ἁγιότητι
689 366 736 392 καὶ
750 365 911 402 είλικρινείᾳ

133 412 212 444 Θεοῦ,
227 412 277 438 οὐκ
300 413 330 439 δν
343 412 426 446 σοφίᾳ.
448 412 576 446 σαρκικῇ,
598 410 666 438 ἀλλὰ
686 411 716 438 ιν
735 411 827 447 χάριτι
842 412 910 439 Θεοῦ

134 459 344 495 ἀνεστράφημεν
359 459 389 485 ὲν
404 457 443 493 τῷ
458 458 564 493 κόσμῳ,
581 457 783 493 περισσοτέρως
799 458 828 486 δὲ
841 459 912 495 πρὸς

134 505 217 539 ὑμᾶς.
562 520 567 526 -

176 550 309 583 ’Δδελφοὶ,
329 550 513 586 προσεύχεσθε
539 551 716 586 περὶκήμῶν.
738 550 912 585 Πιποεθαμεν

135 596 189 630 γὰρ
205 596 246 622 ὅτι
268 595 355 631 καλὴν
374 596 527 631 συνείδησιν
550 596 660 632 ἔχομεν,
681 597 712 625 ὲν
727 597 795 624 πᾶσι
820 595 912 629 καλῶς

135 641 256 673 θέλοντες
270 642 498 677 ἀναστρέφεσθαι.
621 635 626 638 ’
649 661 656 667 ε

175 687 239 714 Ἐὰν
253 688 270 721 ἡ
283 687 382 723 καρδία
395 687 473 723 ἡμῶν
486 688 524 724 μὴ
536 688 727 724 καταγινώσκῃ
743 688 832 724 ἡμῶν,
844 689 914 724 παῤ-

136 732 233 766 ρησίαν
251 733 348 767 ἔχομεν
371 733 440 769 πρὸς
462 733 508 761 τδν
521 734 597 768 Θεὸν,
619 735 664 761 καὶ
680 734 695 761 δ
710 734 758 761 ἐὰν
781 733 912 766 αίτῶμεν,

135 778 311 813 λαμσάνομιν
334 779 401 813 παρ’
427 779 521 812 αὑτοῦ,
546 780 587 806 ὅτι
614 779 664 812 τὰς
692 779 809 810 ἐντολὰς
830 779 913 806 αὑτοῦ

135 823 284 858 τηροῦμεν,
301 824 348 850 καὶ
368 824 404 851 τὰ
421 825 526 860 ἀρεστὰ
542 824 658 851 ἐνώπιον
673 824 755 851 αὑτοῦ
769 824 912 859 ποιοῦμεν.

173 869 285 903 Πρῶτον
302 869 471 904 μακαριστὸν
485 869 516 896 τὸ
530 870 559 896 ὲν
574 871 606 906 τῇ
621 870 726 906 διανοίᾳ
741 870 819 905 ἡμῶν
829 870 914 896 καθα-

960 273 1073 302 dabunt.

994 319 1027 347 11
1042 320 1105 349 Cor.
1120 328 1141 348 ι.
1159 319 1290 348 Gloriatio
1304 323 1395 348 nostra
1410 320 1467 347 hac
1480 323 1533 352 est.
1552 320 1739 348 testimonium

961 367 1133 396 conscientiae
1149 370 1260 398 nostra,
1279 365 1350 399 quod
1364 366 1392 393 in
1409 366 1556 394 sanctitate
1569 370 1597 393 et
1622 366 1740 394 sinceri-

960 417 1015 441 tate
1030 413 1090 446 Dei,
1107 419 1161 440 non
1177 412 1205 440 in
1227 411 1360 448 sapientia
1386 412 1500 444 carnali,
1527 412 1573 440 sed
1597 413 1626 439 in
1650 413 1738 447 gratia

960 458 1008 488 Dei
1031 459 1059 487 in
1083 458 1186 486 mundo
1209 457 1309 486 versati
1334 465 1443 492 sumus,
1469 458 1518 486 sed
1545 458 1631 486 multo
1655 459 1741 494 magis

960 505 1033 540 apud
1049 512 1110 533 vos.

996 550 1118 584 Fratres,
1133 549 1284 586 precamini
1309 558 1360 586 pro
1380 551 1470 579 nobis.
1490 550 1657 579 Conﬁdimus
1670 551 1741 578 enim

961 605 1010 625 nos
1023 598 1120 624 bonam
1136 597 1332 625 conscientiam
1345 597 1456 630 habere,
1468 597 1494 624 in
1510 597 1638 625 omnibus
1654 597 1740 624 Itone-

961 647 1002 671 ste
1019 643 1124 671 versari
1139 643 1274 671 volentes.
1469 668 1470 671 η

996 687 1077 716 Joun.
1102 687 1132 716 Si
1146 696 1195 717 cor
1211 693 1334 716 nostrum
1357 696 1411 716 non
1435 688 1600 716 condemnat
1628 697 1688 722 nos,
1706 690 1739 717 ad

962 733 1047 761 Deum
1073 734 1158 762 libere
1178 735 1346 768 accedimus,
1370 741 1396 764 et
1415 735 1544 771 quidquid
1562 735 1689 770 petimus,
1709 737 1746 763 ab

963 778 1008 806 illo
1021 772 1170 814 accipimus
1184 789 1191 807 :
1204 780 1269 815 quia
1280 786 1416 815 praecepta
1429 780 1489 816 ejus
1503 788 1655 814 servamus,
1667 789 1743 816 quat-

963 830 1016 857 que
1030 823 1069 850 illi
1086 829 1162 859 grata
1179 829 1255 857 sunt,
1270 824 1399 853 facimus.

999 869 1030 897 δ.
1050 869 1155 899 Basilii.
1171 870 1291 899 Primum
1309 871 1551 906 beatissimumquo
1569 876 1612 899 est
1628 872 1700 907 quod
1715 872 1743 899 in

140 901 309 950 ρδνξὲπειδῆ
325 901 387 949 pica
408 914 462 942 τῶν
485 916 531 943 διὰ
556 901 606 942 rei;
621 901 912 951 σώματος’-ἐνεργειῶν

983 915 1042 950 ι45
1057 917 1138 943 corde
1154 922 1246 944 nostro
1261 925 1357 951 purum
1374 926 1382 944 :
1396 918 1459 951 quia
1480 917 1554 944 radix
1568 923 1610 945 est
1621 901 1740 945 omnium

136 959 166 986 τὺ
177 959 206 985 ὲν
218 961 251 995 τῇ
268 960 366 996 καρδία
381 960 530 996 βούλευμα.

172 1003 300 1040 Καθαρδς
324 1007 358 1041 τῇ
374 1006 473 1042 καρδίᾳ
496 1007 570 1034 ἐστὶν
598 1008 613 1034 ό
641 1007 679 1042 μὴ
708 1007 914 1043 λαμϐανόμενος

137 1051 234 1078 ἑαυτοῦ
244 1052 297 1090 δτι).
311 1053 421 1088 ἐντολῆς
434 1053 501 1080 Θεοῦ
517 1054 657 1090 ἀθετήσω,

172 1098 229 1124 Οὐκ
251 1098 281 1124 εν
295 1100 405 1134 μικροῖς
419 1099 449 1126 τὸ
473 1094 604 1133 εὺοεὸδςξ
619 1100 680 1128 οὐδὲ
695 1102 725 1128 ὲν
741 1101 780 1137 τῷ
796 1102 915 1137 κατηφεῖ

136 1143 166 1172 τὸ
182 1144 335 1178 φιλόσοφον,
349 1145 407 1172 ἀλλ’
417 1146 447 1172 ὲν
459 1145 547 1181 ψυχῆς
560 1148 730 1184 στερρότητι,
740 1148 787 1175 καὶ
797 1147 915 1180 διανοίας

137 1188 316 1223 καθαρότητι,
335 1191 382 1217 καὶ
404 1191 507 1227 γνησίᾳ.
519 1193 552 1227 τῇ
572 1193 643 1228 πρὸς
667 1193 697 1220 τὸ
712 1193 794 1221 καλὸν
811 1193 913 1221 νεύσει.

172 1280 254 1306 Οὐδὲν
267 1279 352 1313 οὕτως
369 1281 386 1316 ἠ
391 1282 444 1315 μᾶς
458 1280 613 1315 εὐφραίνειν
628 1280 734 1315 εἴωθεν,
746 1282 785 1314 ὡς
797 1283 916 1316 συνειδὸς

136 1325 256 1361 καθαρὸν
271 1327 318 1353 καὶ
333 1327 439 1358 ἐλπίδες
453 1326 556 1360 ἀγαθαί
562 1345 570 1353 .

172 1371 208 1398 Τὸ
224 1372 342 1404 συνειδὸς
368 1372 555 1408 ἀγαλλόμενον
581 1375 801 1408 συγκαλλωπίζει
825 1375 914 1411 ἑαυτῷ

136 1417 184 1444 καὶ
207 1417 238 1444 τὸ
254 1416 474 1453 πρόσωπον.”καὶ
505 1419 582 1454 ἄρδει
609 1421 659 1452 τὰς
676 1421 792 1456 παρειὰς
821 1421 838 1456 ἠ
865 1422 915 1456 τῆς

137 1461 226 1506 ψυχῆς
250 1463 394 1497 εὐρωστία,
413 1464 459 1490 καὶ
483 1464 532 1499 οὐχ
547 1465 640 1496 ἁπλῶς
655 1465 761 1501 εἴρηται
775 1467 813 1502 τῷ
830 1467 912 1503 σοφῷ-

138 1507 257 1543 Καρδίας
273 1509 488 1545 εὐφραινομένης
501 1511 645 1544 πρόσωπον
660 1511 761 1539 θάλλει.

963 959 1086 994 corporis
1099 961 1238 988 actionum
1253 962 1343 989 cordis
1362 962 1521 990 consilium.

1000 1005 1073 1033 Puro
1097 1007 1180 1034 corde
1207 1011 1250 1034 est
1266 1007 1291 1034 is
1314 1008 1402 1042 quise
1416 1008 1505 1042 ipsutn
1530 1014 1584 1035 non
1606 1008 1744 1035 convincit

963 1057 1158 1086 praeceptorum
1173 1051 1219 1078 Dei
1234 1052 1403 1086 contemptu.

999 1096 1130 1132 Tlteologi.
1145 1097 1205 1125 Non
1221 1102 1264 1125 est
1292 1098 1390 1132 pietatt'
1407 1098 1434 1127 in
1465 1105 1546 1126 renus
1577 1099 1678 1133 parvis,
1695 1104 1750 1125 ncc‘

964 1143 1107 1178 philosopb
1120 1151 1134 1170 a
1159 1144 1187 1171 in
1206 1145 1296 1172 vultus
1311 1144 1484 1177 demissione,
1499 1144 1547 1172 sed
1560 1144 1587 1172 in
1599 1144 1680 1171 animi
1697 1144 1744 1171 lir—

943 1179 947 1185 ’
964 1189 1059 1216 mitate
1073 1194 1100 1217 et
1115 1190 1287 1224 cogitationis
1312 1190 1428 1225 puritate
1448 1194 1476 1217 et
1496 1197 1557 1217 vera
1580 1190 1613 1218 ad
1633 1197 1675 1218 res
1698 1191 1746 1217 bo—

963 1238 1056 1262 nestas
1070 1236 1261 1270 propensione.

1000 1280 1071 1308 Nihil
1081 1285 1123 1308 est
1135 1281 1207 1316 quod
1223 1281 1262 1308 sic
1285 1289 1334 1309 nos
1353 1281 1488 1309 delectare
1513 1281 1608 1312 soleat.
1629 1285 1658 1308 ut
1672 1289 1738 1310 con-

964 1325 1078 1354 scientia
1093 1334 1160 1361 pura
1171 1333 1198 1354 et
1213 1334 1274 1362 spes
1285 1327 1367 1354 bona.

1001 1371 1175 1400 Conscientia
1195 1372 1255 1400 laeta
1273 1377 1300 1400 et
1313 1373 1462 1407 exsultans_
1478 1372 1528 1399 sibi
1542 1372 1622 1399 etiam
1642 1372 1746 1400 vultum

964 1416 1080 1445 hilarem
1093 1418 1190 1449 reddit,
1204 1426 1235 1446 ac
1247 1426 1330 1453 genas
1343 1418 1412 1453 rigat
1426 1417 1510 1446 animi
1526 1418 1596 1445 bona
1610 1417 1745 1449 valetudo,

965 1469 1015 1489 nec
1039 1463 1098 1490 sirte
1129 1470 1211 1490 causa
1232 1463 1335 1490 dictum
1361 1467 1402 1491 est
1428 1471 1442 1490 a
1459 1463 1608 1498 sapiente:
1633 1461 1684 1490 Ubi
1700 1470 1747 1489 cor

965 1511 1072 1538 laetatur
1088 1511 1178 1538 vultus
1195 1510 1323 1539 ﬂorescit.

173 1554 205 1580 Οἱ
227 1553 348 1589 λαμπροὶ
363 1554 413 1589 τὴν
437 1555 589 1590 συνείδησιν
606 1556 659 1584 υἱοὶ
679 1558 767 1592 φωτὸς
787 1559 835 1585 διαὶ
847 1558 913 1594 ήμέο

983 1557 1045 1592 ireg.
1063 1556 1144 1592 Nysa.
1174 1556 1224 1589 Qui
1252 1557 1379 1592 praeclara
1401 1561 1465 1584 sunt
1485 1556 1664 1588 conscientia,
1694 1555 1742 1582 ﬁlii

138 1608 187 1635 ρας
202 1601 425 1635 ἁναγορεύονται.

171 1645 227 1681 Οὐχ
244 1647 260 1680 ἡ
282 1647 337 1672 τῶν
352 1648 476 1682 πράξεων
493 1650 583 1686 ἀποχὴ
607 1649 708 1676 δικαιοῖ
735 1649 781 1676 τὸν
807 1650 914 1684 πιστὸν,

135 1691 194 1717 ἀλλ’
208 1692 224 1727 ὴ
239 1692 294 1718 τῶν
308 1692 419 1721 ἐννοιῶν
443 1694 540 1729 ἁγνεία
562 1695 610 1722 καὶ
633 1694 794 1730 είλικρίνεια
815 1695 915 1730 ἀκραι-

135 1736 213 1772 φνήςσ

171 1784 225 1810 Καὶ
239 1783 315 1818 λόγος
334 1784 463 1820 καθαρὸς.
485 1787 531 1813 καὶ
547 1786 604 1821 βίος
619 1787 797 1823 ἀκηλίδωτοςδ
819 1787 915 1823 θρόνος

135 1830 181 1856 καὶ
192 1830 255 1862 ναός
269 1831 342 1858 ἐστιν
355 1831 481 1866 ἀληθινὸς
493 1833 541 1860 τοῦ
555 1833 635 1861 Θεοῦ.
699 1837 700 1840 “

177 1876 302 1904 Ἀπαθῶν
316 1879 362 1904 καὶ
375 1878 502 1914 καθαρῶν
517 1880 591 1907 ἐστιν
607 1881 622 1916 ὴ
639 1881 782 1916 σωτηρίαη

169 1963 290 1998 Σώφρων
305 1965 404 2000 καρδία
420 1966 502 2003 λιμὴν
520 1968 721 2004 θεωρημάτων.

170 2010 227 2036 Οὐκ
248 2011 398 2048 ὲκριζωτὴς
415 2012 470 2040 τῶν
494 2014 599 2048 παθῶν,
627 2015 685 2042 ἀλλ’
709 2016 914 2054 ἀνταγωνιστής

134 2055 210 2081 ἐστιν
224 2057 238 2082 ό
253 2056 393 2092 λογισμός.

177 2099 340 2136 Ἐπειδὴ-περ
362 2102 486 2138 ἀοράτως
510 2104 548 2135 είς
573 2104 620 2131 τὸν
644 2105 694 2141 τῆς
709 2105 798 2141 ψυχῆς
825 2106 915 2142 χῶρον

134 2146 267 2173 εἰσδύεται
280 2148 294 2173 ό
309 2147 385 2179 Θεὸς,
402 2149 658 2184 παρασκευάζωμεν
676 2151 722 2177 τὸν
737 2152 913 2179 τόπον-ἐκεῖ-

134 2199 178 2218 νον
188 2191 224 2223 ὡς
238 2192 325 2219 ἔνεστι
338 2193 489 2226 κάλλιστον,
503 2194 661 2231 ἀξιόχρεων,
674 2197 834 2233 ἐνδιαίτημα
845 2198 912 2225 Θεοῦ

966 1603 1035 1631 lucis
1044 1607 1071 1630 et
1084 1603 1137 1630 diei
1152 1603 1344 1638 praedicantur.

998 1649 1056 1676 Non
1071 1648 1220 1683 facinorum
1237 1649 1402 1676 abstinentia
1415 1647 1519 1676 ﬁdelem
1536 1647 1676 1682 iustiﬁcat,
1699 1647 1746 1674 sed

964 1693 1158 1729 cogitationum
1168 1694 1279 1722 castitas
1292 1698 1318 1721 et
1328 1701 1395 1729 pura
1407 1693 1559 1722 sinceritas.

998 1781 1092 1810 Oratio
1118 1787 1205 1815 casta,
1233 1787 1260 1810 et
1286 1783 1340 1809 vita
1368 1782 1441 1809 nulla
1477 1782 1538 1809 labe
1562 1781 1745 1808 contaminata

965 1820 1080 1856 thronus
1099 1833 1126 1855 et
1141 1836 1232 1856 verum
1248 1827 1295 1855 Dei
1319 1826 1448 1863 templum
1465 1832 1517 1856 est.

1000 1873 1117 1909 Evagrii.
1145 1874 1224 1902 Salus
1249 1880 1400 1901 esteorum
1424 1873 1469 1908 qui
1495 1872 1746 1908 perturbationibus

964 1924 1056 1948 carent
1068 1927 1094 1947 et
1108 1921 1169 1955 puri
1184 1925 1259 1947 sunt.

998 1967 1114 2001 Iosephi.
1137 1966 1191 1994 Cor
1209 1970 1362 2001 temperans
1374 1965 1556 1992 doctrinarum
1583 1969 1678 1999 portus
1693 1969 1744 1992 cst.

998 2012 1056 2040 Non
1065 2012 1236 2047 exstirpatrix
1248 2012 1483 2046 perturbationum
1497 2016 1551 2044 est,
1564 2012 1610 2038 sed
1621 2011 1746 2037 adversa—

964 2060 1016 2086 trix
1033 2058 1113 2085 ratio.
1493 2056 1497 2061 '

1000 2103 1132 2130 Philonis.
1154 2102 1221 2136 Quia
1252 2103 1329 2129 nobis
1354 2110 1408 2129 non
1436 2101 1590 2130 videntibus
1616 2102 1642 2129 in
1662 2101 1744 2129 animi

964 2149 1052 2177 locum
1065 2150 1147 2176 intrat
1163 2148 1245 2179 Deus,
1259 2156 1442 2183 ppu-paremus
1457 2147 1543 2174 locum
1562 2147 1649 2178 illum,
1665 2155 1744 2181 qutu-

962 2195 1027 2222 licet
1046 2194 1259 2229 pulcherrimum
1281 2197 1307 2220 et
1323 2194 1448 2220 idoneum
1472 2193 1601 2224 maxime,
1626 2194 1745 2218 futurum

133 2238 326 2272 γενησόμενον.
353 2238 384 2265 Et
408 2240 436 2267 δὲ
461 2241 511 2276 μὴ,
539 2241 650 2276 λήσεται
674 2243 848 2277 μεταναστὰς
873 2246 913 2276 εἰς

983 2240 1015 2267 »οἱ
1027 2240 1222 2266 habitaculum.
1236 2238 1284 2265 Sin
1297 2245 1387 2269 secus.
1399 2237 1480 2265 nobis
1493 2245 1547 2264 non
1565 2236 1746 2264 sentientibus

132 2282 226 2317 ἓτερον
241 2281 315 2309 οῐκον
331 2284 345 2309 ὸ
362 2283 438 2316 Θεός.

170 2324 251 2359 Οἶκος
263 2328 330 2354 Θεοῦ
354 2329 572 2368 σοφοῦ-διάνοιω
595 2332 689 2359 τούτου
707 2333 830 2361 καλειται
847 2334 913 2365 Θεὸς

135 2372 207 2404 ἰδίως
222 2374 236 2400 ό
257 2374 312 2400 τῶν
329 2377 504 2410 συμπάντων,
522 2377 559 2409 ὥς
575 2387 658 2414 φησιν
670 2379 686 2405 ό
702 2380 855 2415 προφήτης,
876 2380 913 2410 ὼς

133 2418 199 2460 βεδε
211 2420 397 2458 ἐμπεριπατεί
412 2420 457 2449 οἷα
471 2422 612 2458 βασιλείῳ.

175 2464 338 2500 ὀφθαλμοῖς
355 2466 406 2501 μὲν
428 2467 463 2494 τὰ
487 2469 516 2494 ἐν
531 2469 640 2504 φανερῷ
653 2470 701 2496 καὶ
724 2471 759 2497 τα
783 2472 812 2497 ἐν
836 2472 915 2507 χερσὶ

133 2510 382 2545 καταλαμϐάνεται·
406 2512 537 2547 λογισμὸς
551 2513 580 2539 δὲ
600 2515 729 2550 ἀκέραιος
746 2515 842 2550 φθάνει
868 2517 913 2542 καὶ

133 2556 202 2595 πρὸς
213 2556 248 2583 τὰ
261 2557 362 2592 ἀόρατα
377 2559 424 2585 καὶ
443 2559 584 2594 μέλλοντα.

427 2647 535 2675 ΛΟΓΟΣ
556 2649 620 2675 IIH'.

131 2711 202 2746 Περὶ
226 2713 350 2746 καρδίας
376 2713 521 2749 πονηρᾶς,
545 2715 594 2742 καὶ
610 2715 786 2751 συνειδότος
809 2716 912 2746 κακοῦ.

173 2779 221 2807 Ἐκ
241 2780 296 2807 τῶν
323 2781 448 2817 κρυφίων
474 2791 526 2816 μου
541 2782 690 2818 καθάρισόν
716 2768 762 2819 pe;
787 2784 835 2811 καὶ
860 2785 913 2813 ἀπὸ

132 2825 280 2860 ἀλλοτρίων
297 2826 390 2859 φεῖσαι
405 2825 452 2853 τοῦ
467 2827 562 2854 δούλου
576 2836 634 2856 σου.

168 2871 378 2908 Διεστραμμένη
391 2873 488 2909 καρδία
503 2875 672 2904 τεκταίνεται
687 2877 770 2904 κακά.

965 2286 991 2313 in
1012 2285 1092 2313 aliam
1109 2285 1220 2313 domum
1232 2283 1303 2311 Deus
1319 2283 1458 2318 migrabit.

999 2331 1102 2359 Dotnus
1116 2330 1165 2358 Dei
1181 2329 1312 2366 cogitatio
1326 2329 1470 2365 sapientis,
1486 2336 1519 2356 ac
1535 2328 1617 2363 hujus
1635 2329 1745 2364 proprie

965 2382 1076 2405 vocatur
1089 2377 1173 2410 Deus,
1188 2377 1236 2412 qui
1248 2377 1440 2404 universorum
1456 2379 1498 2403 est
1514 2376 1554 2412 (ut
1568 2376 1655 2409 inquit
1685 2383 1747 2410 pro-
1803 2390 1806 2392 ν

964 2424 1069 2459 pheta),
1082 2423 1153 2459 quod
1168 2423 1239 2450 Deus
1254 2428 1380 2457 tanquam
1397 2422 1422 2449 in
1438 2423 1510 2457 regia
1528 2422 1555 2448 in
1570 2429 1600 2448 ea
1617 2421 1745 2449 ambulet.

998 2466 1093 2498 Oculis
1117 2477 1177 2505 qua:
1201 2474 1293 2504 aperta
1317 2473 1391 2502 sunt,
1419 2475 1533 2503 quaeque
1561 2468 1588 2494 in
1621 2469 1746 2496 manibus

964 2521 1037 2548 sunt,
1047 2515 1314 2550 comprehenduntur
1329 2523 1337 2548 ;
1352 2515 1398 2541 sed
1413 2515 1483 2542 ratio
1500 2515 1606 2542 sincera
1620 2520 1745 2550 penetrat

964 2563 1046 2590 etiam
1061 2569 1122 2596 qua:
1136 2561 1188 2588 sub
1203 2561 1297 2588 oculos
1317 2568 1371 2587 non
1386 2562 1486 2588 eadunt
1499 2566 1526 2588 et
1542 2561 1631 2588 futura
1648 2566 1722 2588 sunt.

1091 2649 1208 2677 SEBMO
1224 2649 1378 2677 LXXXVIII
1396 2649 1447 2686 [αί.
1470 2649 1624 2686 LXXXIII].

1035 2718 1074 2746 De
1090 2718 1169 2746 corda
1185 2723 1299 2752 versuto,
1311 2719 1393 2754 deque
1418 2719 1489 2747 mala
1506 2719 1675 2747 conscientia.

1002 2785 1077 2813 Paul.
1105 2794 1180 2813 xvnt.
1204 2786 1242 2814 Ex
1262 2786 1380 2814 oceuitis
1405 2787 1474 2814 meis
1495 2794 1579 2822 purga
1595 2794 1650 2821 me,
1668 2791 1696 2815 et
1709 2785 1745 2814 ab

965 2831 1062 2859 alienis
1077 2839 1157 2867 parce
1168 2840 1247 2860 servo
1257 2837 1314 2860 tuo.

998 2873 1078 2906 Prov.
1096 2886 1133 2908 vr.
1149 2877 1298 2907 Distortum
1310 2884 1357 2906 cor
1367 2876 1472 2910 perlicit
1485 2876 1566 2904 mala.
