1889 3085
190 172 257 204 i215

804 163 960 195 ΑΝΤΟΝΙΙ
980 161 1152 193 ΜΕΙᾸΒΞΑΞ

1691 175 1695 177 >
1738 155 1821 188 1216

186 230 338 265 postulante
350 227 497 255 occultabit
510 232 650 253 sermones
673 231 751 258 suos,
772 227 799 250 ct
815 223 961 250 multorum

1055 227 1108 250 ὀυς
1119 216 1213 250 αὑτοῦ,
1228 217 1276 244 καὶ
1290 215 1369 252 χιιλη
1385 214 1492 242 πολλῶν
1508 213 1704 249 ἐκδιηγήσιται
1725 213 1819 240 atin-

187 277 267 304 iabiis
283 268 610 307 enart-abitur‘prudentia
625 271 695 306 eius.

225 323 276 356 Qui
292 325 413 349 metuunt
430 319 584 348 Dominum.
603 322 754 353 praeparant
777 317 882 344 animas
895 318 968 346 suas‘.

187 377 220 396 ac
236 369 262 396 in
277 371 421 401 conspectu
435 365 493 400 ejus
516 364 697 392 humiliabunt
719 362 824 390 animas
846 369 921 394 suas,
944 367 971 390 et

190 416 300 444 lenitate
312 418 421 441 utentur
439 411 579 450 uSque.ad
597 415 703 445 tempus
723 407 887 436 visitationis
901 406 969 441 eius.

218 507 300 543 25.8
314 505 375 536 Fili,
388 505 521 533 siservire
530 501 645 530 Domino
654 500 784 532 instituis,
796 499 830 527 ad
847 497 972 526 tentstio-

184 562 245 582 nem
259 554 379 580 auimutu
400 557 475 578 tuum
493 553 644 586 praeparato
659 556 668 576 :
683 553 785 575 rectum
800 551 848 573 cor
861 544 970 576 habeto,

184 605 210 628 et
223 600 378 634 perdurato.

221 645 285 672 Vide
297 652 330 671 ne
349 643 459 671 festines
473 646 594 675 tempore
613 637 775 667 calamitatis
791 639 967 671 ;exspectato

186 691 318 726 patienter
333 690 428 721 Deum,
441 696 472 715 ac
482 687 519 714 illi
531 685 720 717 adherescito,
731 689 760 711 ut
774 683 806 710 ad
819 687 969 711 extremum

186 738 254 764 bene
269 736 316 763 tihi
331 735 418 762 cedat.

225 782 346 809 Lenitate
363 782 389 808 itt
403 779 590 816 respondendo
601 777 693 805 utitor.

222 828 437 862 Haudquaquam
454 825 570 853 tardabit
589 823 718 858 patientia
733 821 781 856 pii.
807 817 812 828 '

225 874 306 901 Ecrlt'.
321 882 347 901 χ.
364 872 414 905 Qui
432 871 629 906 perseverarint
640 876 724 904 usque
734 868 761 895 in
781 866 873 899 finem,
890 866 914 893 is
929 872 973 893 sa-

190 920 274 947 lutem
304 923 494 952 consequetur.

225 963 288 989 Lua
307 970 362 989 XXI.
373 961 504 989 Patientia
519 965 607 988 vestra
622 960 748 994 nitentes,
763 958 898 995 possidete
909 956 969 984 ani-

188 1017 246 1036 mas
259 1013 370 1035 vestras.

225 1053 318 1087 Ephes.
336 1061 372 1080 Iv.
389 1052 508 1080 Obsecro
522 1060 580 1085 vos,
595 1051 705 1083 fratres,
719 1057 768 1085 ego
781 1049 826 1084 qui
847 1049 971 1083 captivus

186 1108 245 1126 sum
259 1103 285 1126 et
301 1099 406 1125 vinctus
420 1097 525 1124 Domini
537 1098 657 1128 nomine,
675 1099 714 1127 ul,
738 1094 817 1121 sicuti
833 1097 876 1120 est
889 1100 970 1119 voca-

187 1145 259 1172 tione
273 1150 360 1171 vestra
372 1144 493 1179 dignum,
508 1141 650 1181 atnhuletis
661 1148 722 1168 cum
737 1139 809 1166 omni
824 1139 969 1171 modestia,

188 1190 394 1218 mansuetudine
417 1194 443 1217 et
458 1190 579 1223 lenitate,
596 1189 712 1216 ferentes
733 1193 780 1213 vos
800 1186 913 1212 invicem
943 1185 969 1212 in

188 1238 330 1264 citat-italo.

201 1272 205 1275 ’
224 1281 316 1308 Facite
326 1289 358 1308 ne
369 1284 484 1308 vestram
498 1280 525 1306 in
537 1278 652 1306 dicendo
661 1278 813 1305 libertatem
826 1275 971 1308 amittatis,

188 1336 249 1362 quae
259 1335 380 1361 magnam
396 1327 474 1354 habet
485 1326 647 1353 mercedem.
660 1323 792 1352 Patientia
805 1323 876 1350 enim
888 1321 966 1348 vobis

144 1380 148 1386 '
189 1382 259 1408 opus
267 1378 318 1404 est.
331 1378 361 1400 ut
373 1373 501 1400 voluntati
513 1372 609 1399 divinae
619 1371 846 1405 obtemperantes,
858 1367 972 1403 promis-

191 1420 280 1446 siones
295 1419 444 1453 accipiatis.

203 1466 322 1492 \Ccrttts
345 1470 386 1491 est
407 1471 518 1491 sermo:
534 1463 556 1491 si
575 1462 737 1491 commortui
761 1460 971 1494 sumus,convi-

191 1519 285 1538 vemus
309 1511 412 1538 etiam:
441 1510 463 1536 si
486 1509 604 1545 patimur
636 1508 785 1544 patienter,
814 1515 867 1534 una
889 1507 971 1534 etiam

191 1557 375 1591 rcgttaliimus.

226 1601 312 1629 Omne
324 1601 448 1636 gaudium
462 1601 623 1632 existimate,
635 1600 733 1627 fratres
749 1597 971 1633 mei‘prardilecti,

194 1647 217 1674 si
235 1648 260 1673 in
276 1647 437 1674 mutationes
453 1646 540 1673 varias
561 1645 720 1677 incideritis,
741 1645 807 1672 illud
825 1651 878 1670 non
895 1644 973 1678 igno-

192 1698 283 1720 rantes
297 1713 305 1725 ,
335 1692 520 1726 probationem
542 1692 604 1719 fidei
627 1696 722 1718 vestrae
742 1691 876 1725 patientiae
895 1689 975 1716 οπεο-

191 1738 287 1765 tricem
312 1744 371 1765 esse
398 1745 407 1764 :
431 1737 560 1771 patientia
585 1741 673 1764 autem
698 1735 847 1771 perfectum
879 1733 974 1761 habeat

192 1791 271 1818 opus,
287 1788 313 1809 ut
330 1783 440 1817 perfecti
454 1782 515 1809 sitis
526 1786 553 1813 et
565 1782 672 1817 integri,
687 1780 757 1808 nulla
770 1788 799 1807 re
811 1779 972 1814 indigentes.

227 1829 325 1863 Beatus
340 1828 384 1863 qui
401 1832 520 1857 tentatur
545 1833 572 1855 et
589 1827 724 1862 patienter
738 1826 790 1853 fert
807 1834 814 1852 ε
833 1826 894 1860 quia
911 1831 973 1859 pro-

193 1876 272 1902 batus
292 1882 353 1902 ett-tn
384 1874 475 1906 fuerit,
501 1873 562 1901 vita:
587 1880 716 1901 coronam
741 1871 867 1906 accipiet,
891 1878 972 1906 quain

195 1920 266 1948 Deus
282 1921 316 1948 iis
332 1920 466 1956 promisit,
481 1920 527 1955 qui
543 1919 657 1954 diligunt
671 1920 771 1953 ipsum.

227 2006 258 2033 Η
288 2007 359 2034 Petr.
392 2014 422 2034 il.
440 2006 496 2033 Hoc
509 2006 595 2041 gratia
624 2009 676 2038 est,
711 2005 734 2033 si
749 2006 818 2032 bona
833 2005 973 2033 conscien-

193 2054 228 2080 tia
246 2054 307 2088 quis
320 2053 426 2081 dolores
439 2053 557 2088 patiatur
578 2052 680 2086 inique.
703 2051 770 2084 Quae
793 2052 863 2079 enim
887 2051 972 2086 gloria

191 2105 244 2131 est,
277 2100 298 2127 si
326 2104 469 2134 peccantes
490 2098 612 2134 colaphis
633 2098 767 2126 ctedimini
782 2103 814 2125 et
829 2097 972 2132 patimini?

192 2145 244 2173 Sed
258 2146 279 2173 si
292 2145 490 2173 henefacientcs
500 2144 614 2171 cruciati
626 2144 758 2178 patienter
768 2143 857 2175 fertis,
867 2143 893 2170 id
906 2150 972 2170 sane

191 2197 296 2228 gratum
310 2195 353 2219 est
369 2190 432 2218 Deo.

771 2210 783 2223 Ι

228 2238 255 2264 Si
269 2237 358 2271 justus
373 2237 418 2264 vix
433 2236 547 2264 salutem
571 2236 757 2270 consequitur,
780 2235 929 2263 sceleratus
944 2239 971 2262 et
987 2255 1010 2283 Β

192 2283 292 2317 impius
308 2283 352 2309 ubi
367 2282 553 2317 comparebit?

228 2324 256 2355 Β.
266 2328 375 2363 Ignalt'i.
384 2328 511 2355 Firmiter
521 2329 584 2354 dum
596 2326 720 2357 caederis,
732 2330 762 2353 ut
785 2327 865 2355 incus
888 2331 976 2354 stato.

191 2373 321 2400 Generosi
337 2377 377 2399 est
392 2373 499 2399 athletae
513 2371 578 2399 caedi
591 2376 619 2398 et
634 2371 758 2398 vincere:
775 2373 891 2399 maxime
907 2380 971 2400 vero

191 2424 301 2453 propter
318 2418 401 2445 Deum
429 2418 513 2454 nobis
523 2416 614 2443 omnia
644 2416 752 2444 ferenda
769 2422 842 2449 sunt,
860 2423 889 2444 ut
911 2417 970 2452 ipse

190 2471 239 2490 nos
255 2463 330 2490 ferat.

227 2510 366 2537 Patienter
387 2509 433 2536 alii
450 2508 517 2535 alios
532 2516 593 2536 cum
609 2507 816 2536 mansuetudine
836 2507 970 2543 patimini.

191 2561 221 2584 ut
231 2563 339 2590 semper
355 2554 424 2582 Deus
438 2562 487 2581 vos
500 2554 597 2581 leniter
612 2554 690 2580 ferat.

226 2602 254 2630 S.
271 2601 375 2628 Basilii.
394 2601 445 2634 Qui
455 2600 618 2627 dcmissione
629 2600 711 2627 animi
721 2608 784 2628 suas
793 2600 971 2636 cogitationes

191 2648 385 2684 praemunierit,
403 2647 473 2681 apud
491 2647 573 2674 Deum
590 2646 679 2674 minus
692 2648 834 2674 dedecoris
849 2647 970 2675 inveniet

189 2704 269 2729 quam
292 2701 384 2722 revera
399 2694 497 2720 habeat
512 2702 519 2720 :
536 2701 568 2721 ac
580 2701 613 2721 ex
628 2693 756 2728 patientia
772 2693 824 2721 sibi
840 2700 968 2720 coronam

189 2742 305 2777 parabit,
321 2741 434 2768 alterius
448 2741 580 2768 insaniant
591 2747 648 2767 sua:
664 2740 818 2767 securitatis
833 2744 861 2767 et
872 2739 972 2774 quietis

187 2795 300 2815 causam
315 2787 428 2815 faciens.

226 2833 293 2860 Cum
312 2832 393 2868 igitur
407 2833 441 2860 ad
455 2831 576 2859 convicia
592 2830 724 2864 incitaris,
739 2831 824 2865 teipse
847 2832 874 2858 in
894 2832 968 2867 judi-

188 2877 261 2906 ciutu
281 2878 426 2906 adductum
446 2877 600 2906 existimato
616 2885 624 2904 :
641 2881 732 2904 utrutu
755 2877 789 2904 ad
812 2877 895 2905 Deum
923 2885 970 2912 per

1021 276 1065 294 σιν
1080 266 1174 294 αὐτοῦ.

1056 316 1088 342 Οἱ
1104 313 1265 349 φοϐούμενοι
1286 312 1332 339 τὸν
1353 312 1454 346 Κύριον
1483 310 1658 344 ἑτοιμάσουσι
1675 309 1731 340 τὰς
1760 309 1819 343 ψυσ

1021 362 1070 397 χὰς
1088 360 1196 391 αὐτῶν,
1219 359 1268 386 καὶ
1295 358 1410 384 ἐνώπιον
1427 355 1510 384 αὑτοῦ
1532 354 1740 382 ταπεινώσουσι
1763 354 1817 385 τὰς

1019 405 1109 441 ψυχὰς
1125 404 1225 436 αὐτῶν,
1241 404 1289 431 καὶ
1303 403 1562 439 μακροθυμήσουσιν
1577 401 1629 432 ἕως
1650 401 1816 434 ἐπισκοπῆς

1021 451 1114 478 αὑτοῦ.

1056 497 1168 528 τέκνον,
1188 497 1212 523 si
1232 496 1370 530 προσέρχῃ
1395 493 1530 521 δουλεύειν
1551 492 1591 527 τῷ
1607 491 1718 526 Κυρίῳ,
1735 490 1816 516 ἑτοί-

1023 551 1108 578 μασον
1126 542 1175 577 τὴν
1199 542 1290 577 ψυχήν
1306 550 1353 568 σου
1381 541 1421 571 εις
1439 540 1606 575 πειρασμόν·
1624 538 1745 565 εὔθυνον
1761 536 1816 571 τὴν

1021 587 1134 623 καρδίαν
1154 596 1213 620 σου,
1225 587 1274 615 καὶ
1287 587 1370 622 nupti
1376 595 1468 622 ρησον.

1057 635 1103 670 Μὴ
1119 635 1242 670 σπεύσῃς
1270 635 1299 660 ὲν
1329 633 1422 668 καιρῷ
1447 632 1618 666 ἐπαγωγῆς·
1646 631 1746 664 μεῖνον
1766 629 1817 663 τὴν

1021 681 1170 716 ἁναμονὴν,
1188 681 1235 706 καὶ
1264 679 1413 714 κολλήθητι
1441 678 1527 712 αὐτῷ,
1545 677 1590 703 καὶ
1607 676 1646 711 μὴ
1672 675 1817 708 ἀποστῇς,

1022 726 1068 753 ῑνα
1093 724 1214 761 αὑξηθῇς
1229 724 1272 752 ὑπ’
1286 725 1409 759 ισχάτων
1429 732 1490 750 σου.

1063 772 1110 799 Ἑν
1127 771 1306 808 μακροθυμίᾳ
1320 771 1440 805 φθέγγου
1458 771 1616 805 ἁπὸκρισιν.

1057 819 1095 846 Οὐ
1116 818 1153 854 μὴ
1167 818 1359 853 καθυστερήσῃ
1376 816 1500 852 ὑπομονὴ
1514 815 1661 846 εὐσεϐοῦς.

1064 865 1094 892 '0
1107 865 1258 901 ὑπομείνας
1276 865 1316 896 εις
1335 864 1424 896 τέλος,
1445 861 1521 894 οὗτος
1533 863 1702 898 σωθήσεται.

1060 955 1145 991 Ἔντῇ
1161 952 1284 990 ὑπομονῇ
1296 954 1374 989 ὑμῶν
1384 953 1522 989 κτήσατοε
1536 954 1585 985 τὰς
1600 953 1696 989 ψυχὰς
1713 955 1813 989 ὑμῶν.

1056 1043 1213 1078 Παρακαλῶ
1226 1043 1309 1075 ὑμᾶς,
1330 1041 1450 1075 ἀδελφοὶ,
1462 1041 1516 1075 ἐγὼ
1530 1042 1544 1067 ὁ
1563 1042 1677 1075 δέσμιος
1700 1042 1732 1067 ἐν
1757 1042 1815 1069 Ko-

1022 1091 1082 1126 ρίῳ,
1105 1090 1188 1123 ἀξίως
1200 1089 1389 1124 περιπατῆσαι
1407 1088 1456 1123 τῆς
1471 1088 1594 1123 κλήσεως
1612 1085 1645 1123 ἧς
1660 1088 1815 1123 ἐκλήθητε,

1022 1136 1091 1170 μιτὰ
1114 1137 1204 1168 πάσης
1235 1133 1487 1168 ταπεινοφροσύνης
1511 1134 1558 1160 καὶ
1577 1133 1752 1168 πραότητος,
1768 1143 1815 1167 με-

1020 1183 1055 1210 τὰ
1077 1181 1283 1218 μακροθυμίας,
1305 1180 1466 1216 ἀνεχόμενοι
1491 1179 1615 1214 ἀλλήλων
1641 1180 1672 1205 ὲν
1701 1181 1814 1216 ἀγάπῃ.

1056 1271 1101 1306 Μὴ
1115 1271 1271 1306 ἀποσάλητε
1285 1270 1334 1304 τὴν
1347 1267 1502 1303 παρρησίαν
1514 1267 1675 1302 ὑμῶν,ἦτι;
1692 1268 1755 1303 ἔχει
1769 1278 1816 1304 με-

1021 1318 1107 1352 γάλην
1125 1316 1347 1352 μισθαποδοσίαν.
1366 1312 1522 1348 ’Υπομονῆς
1535 1313 1589 1348 γὰρ
1604 1314 1686 1348 ἔχετε
1702 1316 1815 1350 χρείαν,

1021 1363 1067 1391 ἵνα
1081 1363 1111 1390 τὸ
1127 1363 1232 1398 θέλημα
1244 1362 1292 1389 τοῦ
1309 1361 1377 1388 Θεοῦ
1393 1360 1569 1394 ποιήσαντες,
1584 1360 1747 1396 κομίσησθε
1764 1363 1814 1393 τᾶς

1020 1410 1199 1443 ἐπαγγελίας.

1057 1456 1155 1487 Πιστὸς
1174 1458 1189 1483 6
1213 1457 1302 1491 λόγος.
1327 1456 1358 1483 El
1374 1457 1428 1492 γὰρ
1441 1456 1685 1490 συναπεθάνομεν.
1701 1457 1753 1483 καὶ
1769 1465 1814 1483 συ-

1022 1503 1150 1538 ζήσομεν·
1171 1505 1196 1531 εί
1209 1504 1392 1539 ὑπομένομεν,
1411 1504 1459 1530 καὶ
1482 1502 1761 1539 συμϐασιλεύσομεν.

987 1586 1026 1621 C.
1064 1593 1155 1619 Πᾶσαν
1169 1593 1258 1627 χαρὰν
1279 1571 1431 1628 ἡγήσασθε,
1450 1592 1560 1626 ἀδελφοί
1580 1600 1631 1626 μου
1656 1592 1812 1627 ἀγαπητοὶ,

1022 1639 1086 1665 ὅταν
1098 1638 1261 1672 πειρασμοῖς
1289 1638 1460 1672 περιπέσητε
1491 1637 1638 1667 ποικίλοις,
1659 1638 1814 1670 γινώσκον-

1023 1693 1069 1716 τες
1091 1686 1134 1711 ὅτι
1153 1684 1275 1718 δοκίμιον
1294 1683 1370 1718 ὑμῶν
1391 1684 1439 1718 τῆς
1460 1682 1578 1719 πίστεως
1603 1683 1812 1716 κατεργάζεται

1024 1731 1181 1765 ὑπομονὴν,
1211 1730 1228 1765 ἡ
1254 1731 1282 1757 δὲ
1311 1730 1434 1764 ὑπομονὴ
1463 1730 1544 1764 ἔργον
1569 1728 1677 1755 τέλειον
1705 1729 1812 1764 ἐχέτω,

1023 1777 1067 1804 ἵνα
1092 1776 1140 1813 ἦτε
1166 1778 1263 1805 τέλειοι
1289 1778 1338 1805 καὶ
1363 1777 1515 1812 ὁλόκληροι,
1544 1779 1574 1803 ὲν
1602 1777 1707 1811 μηδενὶ
1721 1776 1811 1803 λειπό-

1024 1831 1110 1858 μενοι.

1058 1868 1201 1904 Μακάριος
1214 1868 1285 1904 ἀνὴρ
1301 1869 1330 1900 ὃς
1346 1869 1478 1903 ὑπομένει
1496 1868 1663 1903 πειρασμόν
1684 1869 1730 1895 ὅτι
1745 1869 1812 1896 δόκι-

1030 1922 1078 1948 μος
1098 1915 1242 1948 γενόμενος
1255 1915 1369 1950 λήψεται
1382 1915 1428 1941 τὸν
1444 1915 1574 1947 στέφανον
1597 1916 1648 1949 τῆς
1672 1915 1764 1950 ζωῆς,
1784 1915 1811 1941 ὃν

1023 1960 1206 1994 ἐπηγγείλατο
1225 1962 1238 1988 ὁ
1251 1961 1317 1993 Θεὸς
1332 1961 1388 1991 τοῖς
1404 1961 1547 1994 ἀγαπῶσιν
1562 1961 1657 1987 αὑτὸν.

1064 2006 1151 2033 Τοῦτο
1176 2007 1270 2042 χάρις,
1290 2007 1314 2033 si
1342 2006 1385 2033 διὰ
1416 2007 1565 2041 συνείδησιν
1599 2007 1714 2041 ἀγαθὴν
1751 2009 1811 2035 ὑπτ-

1023 2054 1099 2088 φέρει
1127 2061 1170 2084 τις
1200 2052 1308 2083 λύπας,
1337 2052 1448 2087 πάσχων
1483 2052 1594 2083 ἀδίκως.
1625 2053 1711 2079 Ποῖον
1752 2055 1811 2088 ὑμῖν

1022 2099 1109 2132 κλέος,
1127 2099 1151 2125 εί
1174 2099 1375 2134 ἁμαρτάνοντες
1392 2098 1438 2124 καὶ
1465 2098 1679 2133 κολαφιζόμενοι
1710 2100 1812 2134 ὑπομέ-

1022 2153 1102 2178 νετε;
1125 2144 1194 2170 Ἀλλ’
1212 2145 1243 2171 ει.
1266 2144 1495 2177 ἀγαθοποιοῦντες
1510 2144 1556 2170 καὶ
1571 2145 1733 2179 πάσχοντες
1750 2148 1810 2173 ὑπο-

1023 2190 1130 2225 μένετε,
1152 2189 1232 2217 τοῦτο
1248 2191 1328 2224 χάρις
1342 2190 1417 2224 παρὰ
1434 2189 1503 2224 Θεῷ.

1063 2235 1094 2261 Ei
1122 2235 1136 2261 6
1151 2235 1255 2266 δίκαιος
1279 2234 1355 2269 μόλις
1384 2234 1513 2266 σώζεται,
1538 2234 1552 2260 ὁ
1578 2235 1752 2270 ἁμαρτωλὸς
1768 2239 1812 2264 καὶ

1021 2280 1123 2316 ἀσεϐὴς
1136 2280 1188 2307 ποῦ
1202 2281 1327 2314 φανεῖται
1339 2290 1346 2314 ;

1065 2326 1153 2360 Στῆκε
1167 2326 1205 2358 ὡς
1224 2326 1321 2361 ἄκμων
1343 2327 1521 2361 τυπτόμενος.
1539 2327 1671 2360 Μεγάλου
1688 2329 1811 2363 ἀθλητοῦ

1023 2372 1083 2398 ἔστι
1098 2371 1225 2408 δέρεσθαι
1251 2373 1300 2398 καὶ
1315 2370 1392 2407 νικᾷν
1404 2381 1412 2388 ·
1435 2372 1554 2406 μάλιστα
1572 2373 1601 2399 δὲ
1626 2374 1728 2400 ἕνεκεν
1745 2376 1810 2402 Θεοῦ

1023 2418 1112 2444 πάντα
1137 2418 1210 2452 ἡμᾶς
1238 2418 1383 2452 ὑπομένειν
1407 2417 1457 2450 δεῖ,
1486 2418 1529 2444 ἵνα
1556 2419 1604 2445 καὶ
1632 2419 1720 2451 αὐτὸς
1739 2422 1811 2456 ἡμᾶς

1025 2463 1169 2499 ὑπομείνῃ.

1063 2508 1274 2543 Μακροθυμείτε
1303 2507 1363 2542 μετ’
1384 2508 1504 2543 ἀλλήλων
1522 2509 1551 2535 ἂν
1569 2510 1724 2545 πραΰτητι,
1744 2511 1782 2543 ὡς
1798 2514 1810 2538 ὁ

1023 2553 1088 2585 Θεὸς
1107 2553 1167 2588 μεθ’
1184 2553 1264 2589 ἡμῶν
1280 2553 1437 2585 διαπαντός.
1700 2562 1705 2564 ‘

1066 2599 1096 2626 '0
1125 2600 1159 2635 τῇ
1191 2601 1426 2636 ταπεινοφροσύνῃ
1444 2603 1507 2633 τοὺς
1525 2601 1625 2628 ἑαυτοῦ
1656 2601 1811 2639 λογισμοὺς

1021 2644 1223 2679 προκατασχὼν
1239 2645 1330 2671 πᾶσαν
1345 2646 1459 2680 ἀτιμίαν
1480 2646 1612 2677 ἐλάττονα
1628 2648 1752 2683 εὑρήσει
1765 2649 1810 2683 τῆς

1021 2689 1172 2724 ἀληθείας·
1191 2691 1239 2718 καὶ
1260 2691 1306 2718 τὸν
1332 2692 1386 2718 ἀπὸ
1408 2693 1458 2727 τῆς
1482 2692 1627 2728 ὑπομονῆς
1643 2695 1810 2729 προξενήσιι

1020 2735 1110 2771 ἑαυτῷ
1126 2736 1257 2770 στέφανον
1272 2757 1279 2769 ,
1305 2737 1355 2771 τὴν
1373 2737 1468 2772 ἐτέρου
1498 2738 1600 2772 μανίαν
1617 2740 1756 2775 ἀφορμὴν
1773 2741 1809 2767 οι-

1021 2782 1098 2813 κείας
1113 2782 1265 2816 ἀσφαλείας
1280 2782 1450 2818 ποιούμενος.

1066 2828 1098 2855 Ι’0
1127 2827 1160 2863 Π.
1188 2828 1265 2864 ὅτανι
1296 2829 1343 2856 οὑν
1368 2837 1409 2855 σοι
1431 2830 1530 2865 κινηθῇ
1554 2831 1569 2857 ὁ
1593 2832 1644 2868 τῆς
1668 2832 1806 2870 λοιδορίας

1022 2877 1187 2910 πειρασμὸς.
1215 2876 1309 2912 νόμιζε
1328 2876 1467 2910 κρίνεσθαι
1497 2878 1597 2905 ἑαυτὸν
1622 2880 1741 2912 πότερον
1766 2881 1808 2908 διὰ
