1889 3085
104 147 171 181 ιειι

453 150 539 181 LOCI
557 148 776 181 COMMUNES.
795 161 830 168 ·-
848 149 946 180 PARS
967 150 1010 180 II.
1027 149 1154 182 SERMO
1174 151 1336 183 LXXXIX.

1648 152 1719 186 1218

105 206 295 243 μακροθυμίας
312 207 511 243 προσχωρήσῃς
526 206 565 242 τῷ
580 206 650 242 Θεῷ,
669 206 685 241 ἢ
700 207 745 234 διὰ
766 207 817 241 τῆς
837 206 880 241 ὀρ-

950 207 1076 235 enitatem
1100 215 1262 236 accessurus
1282 209 1333 241 sis.
1361 216 1395 236 an
1422 216 1472 244 per
1494 208 1661 238 iracundiam
1685 211 1718 238 al

102 253 153 287 γῆς
168 253 321 288 ἀποτρέχῃς
337 254 404 288 πρὸς
420 253 467 280 τὸν
481 254 638 280 ἀντίπαλον.

148 298 211 328 Τοῖς
228 298 369 324 εὐσεϐέσιν
381 299 542 331 ἀγωνισταῖς
557 297 701 334 προλαϐὼν
712 299 726 324 ὁ
740 298 883 333 προφήτης

104 343 247 377 ὑπέδειξεν
262 345 291 371 ὲν
307 345 377 380 ἀρχῇ
392 344 439 371 τοῦ
459 344 569 380 ψαλμοῦ
595 345 625 370 το
644 344 776 380 μακάριον
793 345 881 377 τέλος.

103 391 148 417 ἶνα
176 392 209 426 τῇ
238 391 326 417 ἑλπίδι
345 391 398 417 τῶν
414 391 605 426 ἀποκειμένων
630 390 740 424 ἀγαθῶν
771 391 882 423 ἀλύπως

103 437 152 463 τοῦ
177 438 234 472 βίου
256 438 290 464 τὰ
306 438 417 471 ἀλγεινὰ
433 438 570 473 φέρωμεν·
585 437 656 464 οὕτω
670 437 718 464 καὶ
730 437 883 475 ὁδοιπόροις

103 485 235 519 τραχεῖαν
249 484 311 511 ὁδὸν
327 484 522 519 πορευομένοις
537 485 583 511 καὶ
606 482 741 510 δύσϐατον
759 483 882 517 κουφίζει

103 530 149 556 τὸν
164 529 272 565 μόχθον,
288 530 442 564 ἐπιτήδειον
468 529 561 561 αὐτοῖς
585 528 770 564 προσδοκηθὲν
797 538 883 556 κατα-

103 576 214 609 γώγιον.
234 576 278 602 Διὸ
297 576 344 602 καὶ
357 577 370 602 ὁ
390 576 478 607 κοινὸς
494 576 539 603 τοῦ
555 575 788 611 βίου’διοροωτὴς,
803 577 817 602 ὁ
832 576 882 612 μέ-

103 630 154 655 γας
173 621 344 653 διδάσκαλος,
361 623 391 647 τὸ
406 621 516 655 Πνεῦμα
539 621 588 656 τῆς
615 621 743 656 ἀληθείας
758 642 766 654 ,
784 622 875 655 σοφῶς

103 667 151 693 καὶ
167 667 296 702 ἐντέχνως
314 668 376 698 τοὺς
399 667 512 702 μισθοὺς
540 666 717 703 προεϐάλετο,
735 667 779 694 ἵνα
796 668 897 702 ὑπερ-Δ

95 712 254 748 ¹κύπτοντες
265 713 327 744 τοὺς
341 713 370 738 ἐν
384 712 465 748 χερσὶ
490 712 602 746 πόνους,
623 715 655 748 τῇ
680 713 786 748 διανοίᾳ
809 713 878 748 πρὸς

103 759 152 793 τὴν
174 759 323 786 ἀπόλαυσιν
339 760 392 786 τῶν
417 759 533 797 altovle
558 759 668 793 ἀγαθῶν
696 759 881 795 ἐπειγώμεθα.

139 806 176 832 Οὐ
189 806 243 840 γὰρ
253 807 266 832 ὁ
279 806 389 840 ἀπορῶν
401 805 454 831 τῶν
467 806 624 840 ἀναγκαίων
636 807 808 840 καρτερικὸς,
824 806 881 833 ἀλλ’

103 853 118 879 ὁ
142 853 171 878 ἑν
197 851 313 886 ἀφθονίᾳ
340 851 392 886 τῆς
417 852 592 883 ἀπολαύσεως
619 852 797 888 ὲγκαρτερῶν
825 854 882 884 τοῖς

104 899 212 930 δεινοῖς.

141 945 288 980 Σωφρόνων
312 943 415 979 ἀνδρῶν
438 944 468 971 τὸ
494 944 531 979 μὴ
553 945 686 977 κινδύνοις
713 947 886 982 ἐπιρῤίπτειν

106 991 230 1022 ἑαυτούς·
246 990 379 1024 γενναίων
394 989 422 1016 δὲ
443 990 491 1017 καὶ
505 990 656 1025 φιλοσόφων
671 991 702 1018 τὺ
716 993 886 1026 ἐμπεσόντας

107 1040 202 1073 φέρειν
217 1037 357 1071 γενναίως.

145 1084 224 1111 Ἔστι
240 1093 267 1111 τι
283 1084 359 1119 παρὰ
371 1083 409 1117 τῷ
426 1083 503 1118 μύθῳ
513 1084 605 1118 φυτὸν,
621 1083 634 1110 ὕ
650 1084 740 1112 θάλλει
752 1085 886 1119 τεμνόμε-

105 1139 162 1162 νον,
182 1131 228 1157 καὶ
255 1131 323 1165 πρὸς
348 1130 392 1156 τὸν
409 1129 518 1164 σίδηρον
535 1130 710 1164 ἀγωνίζεται,
729 1132 776 1158 καὶ¹
794 1132 830 1168 (sl
845 1133 886 1159 δεῖ

105 1176 226 1211 ποιητῶν
248 1175 414 1211 ’μεμνῆσθαι
437 1176 528 1211 λόγου)
547 1176 654 1211 θανάτῳ
677 1177 722 1212 ζῇ,
749 1179 797 1206 καὶ
813 1179 884 1214 τομῇ

105 1222 213 1256 φύεται,
232 1223 279 1249 καὶ
308 1221 420 1255 αὔξεται
437 1221 647 1257 δαπανώμενον.
675 1222 767 1250 Ταῦτα
791 1224 840 1258 μὲν
871 1225 885 1251 ὁ

107 1268 200 1300 μῦθος,
225 1268 272 1294 καὶ
292 1268 309 1301 ὴ
334 1268 482 1302 αὐτονομία
509 1268 556 1294 τοῦ
583 1268 741 1302 πλάσματος
757 1278 764 1285 ·
781 1270 842 1305 ἐμοὶ
855 1270 884 1298 δὲ

103 1312 178 1339 δοκεῖ
196 1312 289 1346 σαφῶς
304 1312 409 1339 τοιοῦπο
426 1311 498 1347 εζναί
511 1321 537 1339 τι
554 1313 568 1338 ὁ
589 1313 745 1347 φιλόσοφος,
762 1314 790 1345 ὃς
809 1315 883 1342 εὐδο-

107 1359 185 1392 κιμεῖ
209 1359 265 1389 τοῖς
295 1358 406 1389 πάθεσι,
432 1359 477 1384 καὶ
504 1358 569 1393 ὕλην
600 1359 699 1394 ἀρετῆς
722 1361 839 1387 ποιεῖται
850 1361 884 1387 τὰ

104 1404 231 1439 λυπηρὰ,
251 1404 300 1431 καὶ
322 1405 378 1436 τοῖς
403 1405 534 1435 ἐναντίοις
561 1405 805 1439 ὲγκαλλωπὶξεται,
833 1407 884 1442 μή-

103 1459 133 1476 τε
155 1452 210 1481 τοῖς
229 1449 325 1482 δεξιοῖς
342 1449 435 1481 ὅπλοις
458 1451 507 1485 τῆς
532 1450 706 1485 δικαιοσύνης
721 1452 878 1487 αἰρόμενος,

106 1496 250 1530 μήτε.τοῖς
264 1496 419 1530 ἀριστεροῖς
432 1497 637 1531 καμπτόμενος·
654 1497 713 1523 ἀλλ’
727 1499 741 1524 ὁ
757 1499 837 1529 αὐτὸς
854 1501 882 1526 ἐν

933 253 1120 281 adversarium
1135 262 1271 282 recurras.
1438 280 1441 287 .

975 298 1055 334 249
1066 298 1120 326 Piis
1144 300 1324 327 certatoribus
1357 300 1490 336 Propheta
1522 302 1582 330 inde
1607 310 1621 330 a
1645 303 1722 337 prin-

937 344 1007 378 cipio
1021 344 1122 372 Psalmi
1139 346 1315 373 beatitudinis
1333 346 1411 374 linem
1429 349 1558 382 ostendit,
1587 354 1615 374 ut
1638 349 1722 376 bono-

933 398 991 418 rum
1004 399 1050 424 spe
1065 391 1217 418 futurorum
1236 393 1372 420 molestias
1387 394 1448 420 vitm
1475 401 1528 421 non
1555 401 1664 430 gravate
1684 396 1723 422 fe.

937 445 1040 464 ramus.
1067 437 1112 465 Sic
1128 443 1154 465 et
1169 438 1220 466 iter
1249 438 1407 467 facientium
1432 440 1550 468 laborem
1573 449 1675 476 aspera:
1696 447 1724 468 et

933 483 1077 511 salebrosa
1091 484 1139 512 viae
1153 485 1223 512 levat
1237 486 1371 513 commodi
1387 487 1553 521 exspectatio
1565 488 1721 515 diversmii.

933 528 1066 561 Quocirca
1085 530 1238 557 communis
1250 531 1312 558 vitae
1324 537 1422 564 rector,
1444 538 1472 560 et
1488 541 1603 568 magnus
1628 534 1724 561 doctor

933 574 1053 609 Spiritus
1068 575 1112 603 ille
1123 576 1256 609 veritatis.
1267 578 1403 611 sapienter
1417 583 1444 606 et
1458 585 1516 606 arte
1530 580 1647 607 maxima
1655 588 1724 614 pra:-

933 622 986 649 mia
1002 623 1152 657 proposuit,
1168 628 1198 650 ut
1214 623 1284 650 ultra
1300 624 1407 652 labores
1416 625 1559 653 etdolores
1574 631 1723 660 praesentes

934 668 1140 702 prmpicientes,
1150 670 1316 703 cogitatione
1327 678 1503 706 properemus
1515 673 1548 700 ad
1558 673 1724 708 sempiterna

932 715 1002 742 bona
1020 714 1191 750 perfruenda.

966 806 1025 834 Non
1034 806 1105 834 enim
1116 815 1205 835 rerum
1214 809 1427 836 necessariarum
1439 817 1521 844 egens
1532 810 1637 844 patiens
1661 813 1702 838 est
1713 831 1721 844 ,

935 851 981 880 sed
994 851 1041 887 qui
1057 852 1084 893 in
1101 852 1266 880 abundantia
1296 853 1466 888 voluptatum
1480 854 1581 889 perfert
1610 855 1721 882 malum.

970 940 1190 974 Temperantium
1203 946 1244 969 est
1258 950 1312 970 non
1329 950 1359 971 se
1370 943 1397 971 in
1427 944 1547 978 pericula
1573 946 1720 980 conjicere,

936 986 984 1013 scd
1001 986 1110 1014 fortium
1121 991 1148 1015 et
1162 988 1382 1024 philosophorum
1391 994 1443 1023 est,
1454 990 1476 1018 si
1486 991 1638 1024 inciderint,
1651 991 1721 1020 ferre

936 1031 1050 1060 fortiter.

975 1078 1106 1114 Theologi.
1119 1079 1168 1108 Est
1180 1080 1207 1107 in
1223 1080 1322 1108 fabulis
1333 1101 1341 1113 ,
1357 1081 1476 1116 plantam
1493 1083 1637 1118 quamdam
1652 1091 1722 1114 esse,

935 1130 995 1158 qua:
1010 1132 1070 1151 cum
1087 1125 1216 1153 inciditur
1247 1127 1390 1161 germinet,
1416 1135 1530 1163 quaeque
1557 1136 1619 1156 cum
1648 1128 1722 1156 ferro

934 1174 1039 1196 certare
1057 1171 1172 1204 dicatur,
1189 1179 1220 1199 ac
1237 1172 1259 1199 si
1285 1178 1425 1207 poetarum
1445 1175 1530 1202 'more
1553 1174 1627 1209 loqui
1643 1175 1718 1205 licet.

934 1223 993 1250 qua:
1010 1220 1095 1243 mnrte
1112 1217 1192 1248 vivat.
1206 1222 1231 1244 et
1244 1217 1375 1245 incisione
1386 1225 1523 1249 nascatur.
1548 1225 1573 1246 el
1595 1227 1722 1247 consum-

936 1262 1031 1296 ptione
1048 1268 1190 1297 augeatur.
1206 1263 1279 1290 Talis
1296 1264 1360 1291 mihi
1372 1265 1477 1292 videtur
1501 1273 1561 1293 esse
1573 1268 1680 1301 sapiens
1695 1273 1723 1294 et

935 1307 1121 1342 philosophus,
1139 1309 1185 1343 qui
1197 1309 1223 1336 in
1235 1310 1484 1343 perturbationibus
1496 1311 1645 1339 claritatem
1655 1319 1722 1339 con-

934 1353 1057 1386 sequitur
1076 1361 1085 1386 ;
1100 1353 1142 1380 cui
1157 1354 1265 1382 virtutis
1283 1356 1394 1381 materia
1415 1358 1456 1382 est
1472 1356 1605 1389 molestia,
1632 1362 1659 1384 et
1671 1357 1721 1384 ad-

933 1398 1019 1425 versis
1036 1399 1156 1426 ornatior
1172 1399 1301 1432 redditur,
1319 1408 1370 1428 nec
1379 1401 1618 1436 dexterisjustitim
1635 1403 1720 1430 armis

934 1444 1051 1476 tollitur},
1075 1453 1126 1473 nec
1149 1446 1268 1474 sinistris
1298 1446 1414 1475 ﬂectitur
1441 1452 1487 1475 aut
1513 1447 1653 1482 dejicitur,
1673 1451 1720 1476 sed

935 1489 1005 1518 idem
1017 1498 1123 1526 semper
1136 1497 1225 1520 manet
1237 1501 1289 1520 non
1306 1493 1413 1526 iisdem,
1424 1499 1470 1522 aut
1479 1494 1560 1522 etiam
1570 1495 1719 1530 probatior,

105 1543 161 1572 τοῖς
176 1542 226 1568 οὐκ
242 1542 333 1572 αὐτοῖς
349 1542 483 1577 διαμένων
507 1544 562 1574 ἀεὶ,
586 1543 602 1576 ἢ
627 1545 674 1570 καὶ
688 1544 881 1580 δοκιμώτερος,
896 1548 919 1578 c
934 1537 1159 1572 quemadm°dum
1174 1545 1268 1589 ³υ¹¹¹ξ¹η
1296 1539 1323 1567 in
1337 1540 1456 1568 Ῑοτηπεε

103 1586 198 1621 ὥσπερ
214 1588 243 1613 ὲν
255 1587 363 1621 καμίνῳ
376 1588 486 1622 χρυσὸς,
503 1589 708 1624 εὑρισκόμενος.

139 1633 246 1659 Βέλτιον
261 1633 308 1659 τοῦ
325 1634 424 1667 τάχους
443 1635 459 1668 ή
479 1634 656 1670 μακροθυμία
668 1655 676 1669 ,
697 1637 746 1663 καὶ
768 1637 818 1671 τῆς
835 1637 884 1664 αὺ-

74 1711 76 1715 ι
105 1678 212 1710 θαδείας
226 1679 242 1713 ἡ
257 1679 473 1712 συγκατάῦασις.

148 1726 263 1761 Ἀγαθὸν
278 1726 444 1761 χρηστότητι
467 1727 545 1762 νικᾷν
561 1728 716 1762 θρασύτητα
729 1749 747 1761 ,ς
757 1729 803 1755 καὶ
822 1728 884 1763 βελ-

105 1772 177 1804 τίους
191 1774 278 1799 ποιεῖν
290 1772 353 1803 τοὺς
369 1772 540 1805 ἀδικοῦντας,
557 1771 598 1805 οἷς
619 1774 808 1809 καρτεροῦμεν
824 1775 878 1802 πά-

106 1826 226 1853 σχοντες.

140 1863 223 1890 Οὐδὲν
240 1863 414 1899 ἰσχυρότερον
430 1864 485 1890 τῶν
501 1864 591 1892 πάντα
607 1865 702 1900 φέρειν
718 1865 846 1901 ἑτοίμων.

144 1911 272 1944 Ἀργοῦσι
296 1911 343 1937 καὶ
365 1911 389 1936 οἱ
412 1910 451 1945 τῷ
476 1911 572 1945 κόσμῳ
594 1911 821 1945 προστετηκότες,
835 1912 883 1939 καὶ

104 1956 193 1991 πολλῷ
222 1956 303 1983 πλέον
327 1957 377 1994 τῷη
392 1956 451 1991 Θεῷ
471 1956 651 1988 δουλευόντων
674 1964 682 1972 σ
696 1957 763 1984 ἀλλὰ
789 1958 882 1992 μισθὸς

103 2003 196 2034 αὐτοῖς
209 2004 238 2029 τὸ
251 2002 354 2036 ἀλγεῖν·
371 2003 436 2038 ἡμῖν
453 2002 481 2029 δὲ
494 2003 542 2030 καὶ
556 2003 586 2030 ca
603 2003 719 2039 πάσχειν
735 2004 880 2039 ἔμμισθον,

103 2051 166 2077 ὅταν
180 2050 224 2076 διὰ
241 2049 286 2076 τὸν
299 2049 365 2076 Θεὸν
378 2049 572 2084 καρτερῶμεν.

145 2096 191 2131 Μὴ
207 2095 348 2130 γενώμεθα
362 2095 450 2121 δούλοι
465 2094 556 2126 κακοὶ,
580 2094 742 2129 ἀγαθύνοντι
760 2094 810 2129 μὲν
823 2095 880 2127 ὲξο-

106 2142 298 2178 μολογούμενοι
308 2141 347 2175 τῷ
360 2141 482 2177 Δεσπότῃ
493 2149 500 2156 ⁸
517 2140 670 2167 παιδεύοντι
685 2141 724 2174 δὲ,
741 2142 778 2176 μὴ
795 2149 880 2176 προσ-

969 1626 1063 1654 Melior
1078 1628 1177 1656 lenitas
1188 1629 1336 1663 celeritate,
1349 1635 1376 1658 et
1390 1627 1540 1659 consensus
1555 1638 1636 1666 quam
1651 1639 1716 1660 con-

933 1675 1064 1701 tumacia.
1406 1684 1421 1705 κν

944 1720 947 1725 “
970 1719 1038 1748 Utile
1053 1726 1095 1748 est
1111 1721 1251 1749 audaciam
1268 1722 1478 1751 mansuetudine
1488 1723 1609 1757 vincere,
1623 1730 1649 1752 et
1660 1733 1717 1752 me-

933 1766 1012 1794 liores
1026 1767 1137 1794 reddere
1153 1768 1280 1802 injuriam
1294 1768 1434 1802 facientes,
1453 1777 1514 1805 quae
1541 1771 1621 1798 nobis
1633 1772 1716 1806 iinfe-

937 1816 1034 1839 runtur
1046 1813 1180 1847 patienter
1195 1813 1316 1842 ferendo.
1336 1840 1339 1843 .

965 1857 1037 1885 Nihil
1054 1862 1094 1885 est
1108 1858 1204 1886 fortius
1220 1859 1252 1885 iis
1268 1859 1313 1894 qui
1325 1859 1399 1887 ferre
1414 1860 1504 1887 omnia
1520 1861 1606 1894 parati
1637 1867 1712 1890 sunt.

966 1903 1060 1931 Dulent
1072 1905 1152 1931 etiam
1171 1905 1215 1938 qui
1232 1905 1290 1933 orbi
1305 1906 1424 1940 praefecti
1436 1911 1548 1939 sunt,ac
1562 1908 1646 1935 multo
1657 1916 1715 1936 ma-

932 1949 972 1985 gis
986 1958 1066 1985 quam
1086 1950 1132 1985 qui
1149 1950 1202 1978 Deo
1214 1951 1346 1983 serviunt,
1362 1953 1409 1980 sed
1426 1953 1565 1987 praemium
1591 1953 1644 1981 illis
1671 1958 1714 1983 est

931 1996 1008 2024 dolor
1025 2006 1033 2024 :
1048 1997 1127 2025 nobis
1143 2005 1206 2025 vero
1220 1998 1302 2026 etiam
1319 1999 1385 2033 pati.
1405 2007 1459 2027 non
1474 2005 1550 2028 caret
1576 2002 1713 2035 mercede,

932 2043 1078 2070 dummodo
1096 2048 1206 2078 propter
1221 2043 1303 2072 Deum
1317 2046 1464 2080 patiamur.

966 2087 1116 2116 Videndum
1130 2093 1171 2117 cst
1185 2098 1218 2118 ne
1230 2091 1300 2118 servi
1332 2091 1394 2119 mali
1423 2093 1509 2121 simus
1526 2101 1534 2121 :
1550 2098 1576 2122 et
1599 2095 1714 2130 benigne

931 2135 1039 2170 quidem
1054 2135 1163 2164 facienti
1181 2136 1294 2164 Domino
1311 2139 1404 2172 gratia:
1417 2146 1433 2166 a
1449 2139 1529 2167 nobis
1545 2145 1609 2168 sunt
1633 2149 1714 2176 agen-

105 2189 252 2224 τιθέμενοι.
267 2187 363 2214 Καίτοι
391 2186 456 2213 ποτὲ
486 2188 609 2221 κρεῖσσον
620 2186 713 2220 ὑγείας
728 2187 819 2221 πόνος,
834 2188 880 2215 καὶ

950 2189 971 2209 ιε
987 2190 995 2216 ;
1009 2186 1037 2210 et
1048 2182 1198 2218 castigante
1212 2184 1292 2211 etiam
1307 2192 1349 2216 eo.
1361 2193 1414 2213 non
1426 2193 1494 2221 aegre
1505 2187 1643 2214 ferendum
1659 2193 1712 2217 est.

110 2233 232 2267 ὑπομονὴ
249 2232 379 2263 ἀνέσεως.
394 2231 440 2258 καὶ
458 2230 602 2266 ἐπίσκεψις
618 2231 757 2265 ἀμελείας.

137 2321 220 2348 Οὐδὲν
235 2319 321 2352 οὕτως
343 2319 500 2356 αἰδεσίμους
526 2320 610 2353 ποιεῖ,
629 2320 667 2352 ὠς
685 2319 882 2356 ὑϐριζομένους

124 2369 206 2401 έρειν.

103 2377 272 2448 φεῗξάθάπερ
282 2413 338 2444 τοῖς
353 2412 526 2447 μετανοοῦσιν
547 2412 563 2448 ἡ
578 2411 624 2438 τοῦ
655 2411 723 2439 Θεοῦ
741 2413 879 2449 μακροθυ-

104 2460 154 2496 μία
173 2460 322 2495 ὼφέλιμος,
347 2458 420 2485 οὕτω
445 2459 501 2491 τοῖς
522 2458 672 2490 ἀνενδότοις
688 2458 737 2486 καὶ
752 2458 882 2495 σκληροῖς

104 2506 235 2541 μειζόνων
249 2505 355 2539 γίνεται
372 2505 510 2532 κολάσεων
522 2504 671 2540 πρόφασις.
815 2537 817 2542 ι

107 2548 115 2553 “
139 2552 220 2582 Ἐθος
244 2552 282 2587 τῷ
301 2551 360 2586 Θεῷ
376 2551 414 2586 μὴ
437 2551 469 2577 ἐκ
493 2550 645 2586 προοιμίων
659 2551 693 2578 τὰ
708 2550 782 2578 δεινά
798 2559 881 2578 κατα-

102 2599 187 2630 λύειν.
204 2598 260 2625 ἀλλ’
280 2599 343 2624 ὅταν
360 2598 506 2633 κορυφωθῇ
531 2597 548 2633 ἢ
566 2597 681 2634 αὐξηθῇ,
704 2599 770 2625 ὅταν
788 2598 880 2632 σχεδὸν

104 2645 185 2681 μηδὲν
207 2643 416 2679 ὐπολελειμένον
476 2644 524 2679 τῆς
549 2643 603 2670 τῶν
624 2643 814 2679 πολεμούντων
828 2649 880 2672 κσιἑ

105 2691 180 2724 κίας,
198 2691 260 2717 τότε
277 2690 383 2726 ἀθρόως
403 2690 491 2718 πάντα
508 2689 670 2725 μεταϐάλλει
688 2691 734 2717 ἐπὶ
747 2691 777 2717 τὸ
795 2690 880 2727 γαλη-

103 2737 166 2770 νδν,
190 2737 236 2764 καὶ
265 2736 332 2771 πρὸς
357 2735 580 2771 ἀπροσδοκήτους
606 2735 681 2768 τινὰς
699 2737 880 2769 καταστάσεις

103 2783 171 2811 αὐτὰ
185 2782 355 2821 πραγμάτων
370 2782 444 2816 ἄγει.

138 2829 223 2856 Ὅταν
238 2837 281 2860 τις
304 2828 458 2864 ὲπηρεάζῃ,
483 2827 522 2864 μὴ
543 2827 611 2862 πρὸς
627 2827 710 2855 αὐτὸν
725 2827 794 2864 ἴδῃς,
810 2829 878 2856 ἁλλά

106 2875 174 2909 πρὸς
189 2874 234 2901 τδν
251 2873 380 2902 κινοῦντα
393 2872 518 2908 δαίμονα,
534 2873 582 2900 καὶ
595 2873 646 2907 τὴν
662 2872 746 2908 ὀργὴν
768 2872 878 2901 ἅπασαν

931 2227 1035 2255 Etenim
1056 2233 1166 2264 praestat
1191 2229 1333 2264 aliquoties
1363 2231 1510 2258 valetudini
1536 2232 1657 2270 morbus,
1685 2238 1713 2261 et

932 2273 1060 2309 patientia
1076 2274 1240 2308 remissioni,
1255 2280 1282 2302 et
1297 2276 1381 2303 animi
1399 2276 1513 2304 intentio
1528 2278 1709 2313 negligentia.

967 2319 997 2347 S.
1010 2319 1146 2354 Chrysa“.
1159 2319 1238 2347 Nulla
1254 2328 1296 2348 res
1307 2329 1383 2356 a‘que
1397 2321 1464 2349 facit
1477 2323 1654 2357 venerabiles,
1668 2329 1711 2353 at-

930 2353 982 2399 que
993 2353 1117 2399 injuriam
1130 2366 1275 2393 sustinere.

966 2410 1196 2444 Quemadmodum
1212 2411 1408 2447 penitentibus
1430 2412 1521 2440 divina
1536 2414 1646 2453 prodest
1671 2415 1710 2443 le-

930 2456 1014 2488 nitas,
1029 2457 1069 2484 sic
1082 2456 1226 2484 obstinatis
1239 2461 1267 2486 et
1281 2457 1467 2493 pertinacibus
1480 2460 1603 2494 graviora
1632 2461 1710 2489 aﬂ’ert

931 2502 1072 2537 supplicia.

967 2548 1041 2577 Solet
1057 2549 1128 2579 Deus
1141 2557 1196 2576 non
1213 2556 1228 2576 ο
1243 2549 1378 2586 principio
1404 2550 1475 2578 mala
1500 2556 1632 2586 avertere,
1660 2553 1707 2580 sed

930 2602 993 2622 cum
1006 2603 1092 2630 usque
1104 2595 1137 2623 ad
1150 2595 1285 2623 summum
1294 2596 1416 2625 venerint
1424 2602 1451 2625 et
1477 2598 1620 2632 creverint,
1647 2606 1708 2626 cum

926 2633 986 2669 fere
999 2641 1065 2668 nihil
1088 2641 1250 2669 intentatum
1262 2641 1343 2670 fuerit
1353 2643 1387 2670 ab
1400 2643 1540 2677 hostibus,
1549 2649 1604 2672 tum
1629 2644 1710 2672 simul

930 2687 1020 2714 omnia
1034 2687 1061 2714 in
1087 2695 1219 2715 summam
1237 2689 1458 2724 tranquillitatem
1475 2690 1616 2722 convertit,
1629 2689 1711 2726 250

930 2740 963 2762 ac
975 2739 1069 2768 praeter
1095 2735 1216 2762 omnium
1230 2735 1457 2770 exspectationem
1468 2743 1513 2764 res
1524 2731 1597 2771 ipsas
1607 2737 1709 2771 optime

928 2779 1071 2816 constituit
1083 2783 1110 2806 et
1121 2779 1220 2808 firmat.

964 2823 1031 2852 Cum
1046 2824 1106 2860 quis
1128 2829 1155 2853 te
1175 2825 1297 2859 offendit,
1324 2827 1379 2854 noli
1404 2827 1437 2854 ad
1462 2827 1549 2861 ipsum
1575 2827 1710 2862 aspicere,

931 2871 977 2899 sed
993 2871 1028 2899 ad
1043 2872 1190 2900 daemonem
1206 2872 1398 2908 impellentem.
1413 2876 1439 2901 et
1453 2873 1521 2902 iram
1538 2877 1621 2901 totam
1636 2873 1663 2901 in
1679 2874 1709 2901 il-
