1944 3074
116 152 182 183 1277

503 153 714 186 EUSTATHII
734 154 784 185 ΤΗ
790 155 880 186 ESSA
886 155 1114 188 LONICENSIS
1134 156 1343 188 EPISTOLE.

1674 161 1744 193 1278

115 217 180 243 τους
208 209 305 237 ινδεια.
322 207 359 237 '0
375 210 537 246 πράγματα,
560 212 671 241 λάϐοιτέ
690 223 739 250 με’
752 211 775 242 ὦ
792 215 902 250 φροντι·
917 218 939 247 Α
956 216 1053 252 κλῆσις
1067 217 1118 252 τὴν
1133 217 1273 245 θάλασσαν
1289 217 1471 246 ἐπιλέλοιπεν.
1488 218 1567 246 οὕτω
1580 218 1608 246 δέ
1623 218 1678 254 ἀρα
1694 221 1743 247 καὶ

113 254 168 287 δες.
183 255 272 290 ἔχοιτέ
289 264 322 291 με
333 265 340 273 ·
363 254 386 284 ὦ
409 258 509 292 τύρόαι
527 260 575 286 καὶ
593 259 679 295 δχλοι,
696 261 770 296 ἀμφί
784 269 830 296 μοι
854 261 901 295 γί-

114 302 204 331 νοισθε
229 303 334 338 κύκλῳ,
348 304 372 331 εἰ
395 304 467 332 οὕτω
492 306 540 333 καὶ
563 307 678 342 τεχνοῦν
696 307 787 334 οἴδατε
810 308 857 335 καὶ
873 308 903 335 ὲν

115 347 269 376 καθεστῶτι
285 349 431 384 φυλάττειν
447 351 511 383 τοὺς
528 353 658 388 ῥήτορας.
677 353 774 386 ’Λλλος
787 354 838 389 μιν
856 353 903 382 οὖν

113 402 166 426 τις,
184 395 265 429 μέσος
278 395 479 432 ἐναποληφθεὶς
494 399 667 434 πραγμάτων
677 399 749 427 οὕτω
763 400 901 435 μεγάλων,

113 440 216 468 ἔπαθεν
242 442 276 470 ἂν
302 443 421 479 ἀληθῶς,
443 444 515 479 άπερ
534 446 586 473 οὐκ
613 446 722 481 ἀληθῶς
744 447 826 478 αὐτὸς
842 448 903 474 ἐπι-

112 488 211 523 γράψω
227 489 320 524 σαυτῷ
333 497 340 506 ’
353 490 403 525 οὐχ
419 489 474 522 οἷος
489 491 584 528 εί[ης],
598 492 785 527 προσθέμενος
796 493 900 527 λέγειν,

113 535 172 562 ἀλλ’
197 533 254 567 οἷος
278 536 310 564 ἄν
330 545 372 567 τις
398 537 515 571 γίνοιτο,
536 538 710 572 τηλικούτοις
739 539 902 574 πράγμασιν

112 581 262 616 ἐνσχεθείς.
288 583 325 609 Σὺ
343 580 390 610 οὖν
419 583 519 611 οὔκουν
543 584 662 617 τοιοῦτος
684 584 746 612 οὕτε
772 586 899 620 γέγονας,

112 626 172 653 ἀλλ’
195 627 256 654 ούδέ
285 628 430 663 μελλήσεις
456 630 578 658 ἔσεσθαι.
603 630 696 658 Αίτιον
711 631 748 664 δ’,
769 632 809 658 ὅτι
832 632 900 666 πρὸς

113 672 253 709 ὑπεροχὴν
272 674 322 709 τῆς
337 675 367 701 ἐν
383 675 474 709 λόγοις
497 676 629 711 ἐλήλυθας
647 676 745 709 ἕξεως,
762 677 809 704 καὶ
832 677 901 712 πρὸς

111 719 268 755 ἐπιστήμης
281 721 358 752 τέλος
384 722 533 756 ἐλήλακας.
556 722 662 750 οὐκοῦν
683 723 724 754 εἰς
742 722 829 758 ἀκρον
858 731 900 750 σοι

112 766 208 801 σοφίας
227 767 321 802 ήκοντι
337 768 417 804 ῥᾳδία
430 769 526 795 ἔπειτα
538 769 602 796 καθ’
615 769 751 801 Ἡσίοδον,
769 770 785 805 ἢ
803 770 900 805 πρῴην

112 813 217 848 χαλεπή
235 814 351 847 γέγονε⁸
376 815 423 841 καί
443 824 484 842 σοι
498 815 543 842 διὰ
552 815 641 842 ταῦτα
665 815 765 848 ἀπονος
782 816 798 851 ἡ
823 817 900 851 ἐνέρ-

111 867 185 893 γεια,
201 859 248 885 καὶ
270 859 304 885 τὰ
320 860 370 894 τῆς
390 862 606 896 μεταχειρίσεως
625 860 745 896 άμοχθα.
770 861 825 889 Καὶ
842 862 899 897 έχει

954 263 987 290 σὺ
1000 263 1030 289 τὺ
1040 263 1088 290 τοῦ
1105 263 1151 290 νοῦ
1170 279 1205 284 -
1223 264 1279 292 εἴτε
1304 264 1386 296 κύτος
1402 264 1486 298 φάναι
1500 265 1564 301 χρὴ,
1585 266 1641 292 είτε
1656 266 1743 293 ἀϐυσο

954 316 1012 340 σον,
1024 308 1083 335 εἴτε
1098 312 1145 336 καὶ
1160 310 1225 345 χάος
1243 309 1288 336 διὰ
1308 309 1339 336 τὴ
1351 309 1400 337 τοῦ
1418 310 1512 345 νοεροῦ
1523 310 1619 337 τούτου
1639 311 1741 346 χωρίου

953 354 1122 390 πολυχανδές
1145 368 1182 376 α·-
1204 355 1246 387 είς
1268 356 1404 391 ὑποδοχὴν
1425 357 1516 390 πάσης
1542 357 1742 391 χρηστοηθείας

953 401 1058 435 ἐξέθου,
1075 401 1124 428 καὶ
1143 401 1175 435 δὴ
1190 402 1280 433 πάσας
1294 401 1374 436 λόγου
1391 403 1484 438 πηγὰς
1501 403 1549 429 καὶ
1573 403 1675 434 πάντας
1694 413 1742 430 πο-

952 449 1057 482 ταμοὺς
1074 448 1214 482 εἰσεδέξω.
1233 449 1286 476 Καὶ
1310 448 1410 476 οὔκουν
1428 450 1469 481 εἰς
1493 448 1632 476 θάλασσαν
1655 450 1742 485 πέρας

953 494 1065 528 εἰδυῖαν,
1082 495 1144 522 ἀλλ’
1167 495 1210 526 εἰς
1235 495 1357 522 ὠκεανόν
1374 504 1419 530 μοι
1436 495 1471 522 τὰ
1486 495 1557 522 καλά
1571 495 1658 523 ταῦτα
1679 505 1741 522 συν-

953 540 1088 577 ἐρῤευσαν
1115 541 1253 576 χεύματα,
1280 542 1328 568 καὶ
1344 542 1440 568 τοῦτον
1465 542 1612 577 ἀψόρροον,
1629 542 1676 569 καὶ
1699 543 1740 573 εἰς

951 586 1048 613 ἐαυτδν
1065 586 1136 614 κατά
1155 587 1253 622 νοεράν
1276 587 1414 614 κύκλωσιν
1429 588 1586 619 ἐπανιόντα,
1605 587 1653 615 καὶ
1667 588 1738 615 κατά

951 641 1011 659 τινα
1027 633 1149 668 στροφὴν
1163 633 1306 667 ἀκάματον
1322 632 1504 668 έλιττόμενον.
1521 633 1570 659 καὶ
1585 634 1635 659 ούκ
1649 633 1738 659 εἰδότα

951 679 1050 713 πέρας.
1069 678 1176 706 Οὔκουν
1201 679 1232 706 τὺ
1258 679 1350 714 χεῦμα
1363 680 1443 706 τοῦτο
1458 679 1531 706 λίποι
1552 679 1585 705 ἀν
1608 678 1639 704 σέ
1660 687 1736 712 ποτε,

951 725 1058 752 οὐδ”ιί
1087 724 1215 759 βούλοιο,
1241 724 1316 757 ἀπαξ
1353 724 1503 760 ἐνδόσιμον.
1535 725 1573 751 Τὸ
1603 725 1739 751 κινεῖσθαι

950 769 1041 798 λαϐὼν
1055 772 1069 798 ό
1086 771 1211 806 ούρανδς,
1234 771 1265 797 ού
1291 772 1373 797 παύει
1395 770 1446 804 τὴν
1462 770 1581 806 κίνησιν.
1603 770 1682 797 Οὕτω
1708 770 1737 797 δέ

951 818 998 844 καὶ
1020 817 1035 844 ό
1065 817 1112 848 σδς
1136 817 1264 852 οὐράνιος
1278 816 1341 848 νοῦς
1360 816 1391 843 ού
1415 817 1551 844 παύσεται
1567 818 1738 851 κινούμενος,

952 863 1005 890 κᾶν
1018 863 1093 900 πάθῃ
1106 863 1179 890 κατά
1190 864 1240 898 τὴν
1253 863 1383 890 ἀνωτάτω
1395 863 1461 890 ποτὲ
1473 864 1591 898 σφαῖραν
1608 863 1739 899 βραχεῖαν

112 905 222 938 φύσεως
248 905 320 933 οὕτω
346 906 377 933 τὸ
408 908 535 942 πρᾶγμα.
556 907 613 935 Ούκ
638 908 723 941 ἔστιν,
746 908 797 935 οὐκ
822 908 896 935 ἔστιν
913 910 934 937 Β
948 910 1137 945 ἀντίκρουσιν·
1154 909 1222 936 ἀλλά
1237 909 1345 945 μικρὸν,
1359 910 1407 936 καὶ
1417 910 1522 943 γίνεται
1532 909 1587 936 τῶν
1597 910 1739 945 προτέρων

112 950 221 986 ἑδραῖόν
235 960 296 978 τινα
314 952 375 979 κατ’
390 953 547 988 ἐπιστήμην
568 953 728 989 γενόμενον,
747 963 897 989 μετακινη-

112 997 191 1032 θῆναι
208 998 255 1025 τοῦ
271 998 388 1032 ἀγαθοῦ.
408 999 469 1026 Ἐπ’
480 1000 588 1032 οὐδενὸς
603 1001 670 1034 τῶν,
687 1001 745 1027 ὅσοι
761 1001 830 1036 πρὸς
841 1001 899 1034 ἕξιν

111 1042 260 1077 ἐληλάκασι
278 1044 358 1078 λόγου
380 1045 427 1071 καὶ
441 1044 598 1080 τελειότητα
614 1046 798 1081 πραγμάτων,
819 1047 898 1082 ἐπιρ-

111 1087 161 1124 ῥοὴ
184 1088 234 1124 τὴν
253 1089 382 1125 τοιαύτην
404 1089 544 1123 ἀπήλλαξε
558 1091 609 1125 τῆς
633 1089 734 1125 ψυχῆς.
753 1089 834 1116 Ἀλλὰ
859 1090 897 1125 μή

112 1143 156 1170 μοι
172 1135 224 1170 τὴν
242 1135 424 1170 Ἑρμογένους
441 1136 564 1172 πρόφερε
577 1137 651 1171 κῆρα
665 1144 673 1151 ·
691 1137 708 1168 ἢ
722 1136 749 1162 ετ
760 1144 804 1168 τις
818 1136 898 1168 ἀλλος

110 1181 170 1208 κατ’
184 1182 287 1208 ἐκεῖνον
306 1183 339 1217 τῇ
356 1183 397 1215 εἰς
419 1182 504 1216 άκρον
520 1183 614 1218 εὐεξίᾳ
630 1183 744 1217 σφσλεὶς
767 1183 897 1219 ἐξεκρού-

110 1228 161 1263 σθη
175 1228 223 1255 τοῦ
247 1229 357 1262 εἰδέναι,
373 1229 419 1256 καὶ
435 1229 471 1256 δι’
489 1230 606 1265 ὀξύτητα
621 1230 731 1264 φύσεως
751 1231 820 1264 ταχὺ
850 1231 898 1257 καὶ

110 1274 212 1310 ἤνθησε
228 1276 276 1302 καὶ
303 1276 456 1311 ἀπήνθησε.
472 1275 514 1304 Τὰ
534 1276 590 1312 γὰρ
604 1277 717 1305 τοιαῦτα
736 1278 792 1304 τῶν
817 1286 898 1312 περι-

109 1321 266 1357 δειγμάτων
285 1323 334 1349 καὶ
361 1323 472 1357 σπάνια,
500 1324 547 1351 καὶ
570 1325 627 1351 οὐδ’
655 1325 826 1359 ἀσυμφανεῖς
847 1325 898 1357 τὰς

110 1368 202 1400 αἰτίας
226 1369 386 1404 ἐσχήκασιν.
406 1369 513 1397 Ούκοῦν
536 1369 585 1397 καὶ
600 1370 682 1402 αὐτὸς
702 1371 744 1401 είς
769 1370 898 1398 τοσοῦτον

109 1414 193 1447 ἕξεως
217 1414 305 1450 Ιἰνιων.
334 1418 383 1442 καὶ
407 1415 554 1443 δευσοποιὰ
570 1417 604 1451 τῇ
629 1416 702 1452 ψυχῇ
723 1416 758 1443 τὰ
784 1417 833 1452 τῆς
855 1426 899 1444 σο-

110 1460 174 1494 φίας
191 1460 306 1496 ἐντήξσς
326 1462 471 1497 χρώματα,
497 1463 690 1490 ἀναπόπλυτον
711 1462 783 1498 ἔχεις
803 1463 834 1490 τδ
851 1464 898 1491 άν-

110 1507 155 1538 θος
171 1509 218 1534 καὶ
237 1508 364 1543 λαμπρόν
383 1505 439 1535 οἷον
462 1509 628 1545 προλάμπον
645 1509 808 1544 ποικίλμασι
827 1509 898 1545 γνώ-

110 1561 190 1585 σεως,
221 1554 315 1589 Ἔχεις
344 1555 499 1590 κρατῆρας,
529 1556 675 1591 ῥητορικοῦ
706 1556 794 1592 πυρὸς
814 1556 897 1591 μένος

108 1599 239 1633 ἀφιέντας
249 1607 258 1616 ⁸
274 1600 320 1626 καὶ
333 1600 384 1628 ούκ
401 1601 476 1628 ἔστιν
496 1601 596 1634 αὐτοὺς
612 1602 758 1635 ἐπιλιπεῖν,
774 1603 826 1630 κάν
842 1610 894 1628 που

108 1645 206 1678 δόξωσι
236 1645 383 1674 διαλιπεῖν.
406 1646 487 1674 Ἀλλά
511 1647 542 1673 τὸ
569 1647 664 1682 νοερὸν
684 1647 763 1679 αὖθις
787 1647 896 1683 ’πνεῦμα

107 1690 281 1727 προσϐάλλον
295 1692 390 1725 αὐτοῖς
403 1693 506 1728 ἀνίησι,
530 1693 577 1721 καὶ
591 1694 633 1725 εἰς
652 1695 792 1729 ποταμοὺς
809 1694 896 1729 πυρὸς

108 1739 216 1774 ἐκφυσᾷ
237 1738 364 1774 λαμπρὸν
381 1739 538 1774 ἐπιλάμπον
555 1748 597 1766 σοι
614 1739 662 1767 τοῦ
679 1740 760 1776 λόγου
779 1741 810 1768 τὺ
825 1741 895 1776 φῶς.

113 1784 255 1812 Ἐντεῦθεν
278 1785 339 1813 ούδέ
360 1795 403 1814 σοι
430 1786 635 1822 (παροιμιακῶς
660 1788 760 1824 εἰπεῖν)
779 1790 793 1815 ό
817 1789 896 1823 λόγος

107 1831 261 1859 σϐέννυται.
274 1831 373 1864 Στῦλος
385 1833 471 1868 πυρὸς
486 1832 501 1859 ό
512 1833 590 1867 λόγος
601 1834 747 1869 προτρέχει
759 1835 807 1862 σοῦ
816 1843 824 1852 ο
838 1836 897 1867 πῶς

109 1880 142 1906 ἂν
153 1877 202 1907 οὖν
217 1879 271 1906 ύπδ
281 1879 371 1906 σκότει
387 1880 494 1914 γένοιος
512 1880 572 1916 Πῦρ
586 1881 617 1908 ού
630 1881 703 1909 κατὰ
719 1882 749 1909 τὸ
764 1883 793 1910 ἐν
816 1883 897 1918 Ἀθή-

108 1935 168 1958 ναις
186 1927 316 1962 μυστικὸν
333 1927 466 1956 ἄσϐεστον
487 1928 639 1963 ταμιεύεις,
662 1929 789 1964 Ἀττικῆς
807 1929 836 1956 δέ
852 1938 897 1956 σο-

108 1972 173 2007 φίας
184 1973 272 2006 άλλως
284 1975 463 2009 ὲμπύρευμα,
476 1976 528 2004 κᾶν
539 1976 571 2012 δὴ
582 1977 630 2003 καὶ
643 1976 786 2012 διακοπείη
799 1985 847 2003 σου
861 1977 896 2004 τὰ

106 2021 158 2056 τῆς
173 2021 300 2056 φαύσεως
311 2029 320 2038 ⁸
340 2022 446 2058 ἀνάγκη
464 2025 519 2058 γάρ
532 2031 597 2050 ποτε
619 2023 758 2059 ἀνθρώπῳ
775 2032 808 2058 γε
825 2023 894 2051 δντι.

112 2067 185 2095 Ἀλλ’
210 2069 261 2095 οὐκ
289 2069 329 2100 εἰς
354 2068 431 2100 τέλος
457 2069 546 2096 ἐκεῖνο
571 2069 602 2096 τὸ
627 2069 684 2105 πῦρ
708 2070 894 2098 ἀπέσϐεσται·

107 2114 279 2148 ὗποσώζεται
296 2115 324 2142 δὲ
346 2115 572 2151 ζωπυρούμενον,
589 2116 637 2142 καί
654 2125 726 2148 τινος
744 2117 833 2153 ἀρχῆς
847 2117 895 2145 λα-

106 2163 222 2197 ϐόμενον
245 2161 430 2197 ἐπεγείρεται,
450 2163 498 2188 καὶ
515 2161 680 2194 ἀνάπτεται,
697 2164 746 2190 καὶ
760 2164 801 2196 εἰς
825 2164 894 2199 λαμ-

106 2208 176 2243 πρὸν
197 2208 301 2243 πυρσὸν
317 2208 437 2243 αίρεται.
454 2207 574 2235 Τοιαῦτα
589 2209 664 2243 πυρὰ
680 2210 775 2243 πολλὰ,
796 2210 894 2242 ἐξυπο-

948 953 1037 987 αὖθις.
1054 957 1103 983 καὶ
1118 956 1346 992 όξυρροπώτερον
1369 957 1492 991 φέρεται.
1510 956 1644 982 Γινώσκει
1662 955 1710 982 καὶ
1725 956 1740 981 ὸ

949 1003 995 1034 σὸς
1009 1003 1084 1038 ἥλιος
1098 1003 1162 1035 νοῦς
1183 1003 1261 1030 δύσιν
1284 1003 1350 1030 ποτέ
1366 1002 1450 1038 (κατά
1464 1002 1511 1029 τὸν
1527 1001 1656 1037 αἰσθητὸν
1668 1001 1739 1036 ψάλ-

949 1049 1006 1075 λειν
1033 1047 1125 1082 Δαυτδ)
1141 1049 1189 1075 καὶ
1204 1048 1310 1081 δύεται,
1328 1048 1369 1080 εἰς
1395 1048 1492 1075 ἑαυτὸν
1517 1047 1643 1079 σταλείς·
1668 1047 1738 1074 ἀλλά

950 1095 1011 1130 μετ’
1026 1095 1057 1122 οὗ
1083 1095 1152 1122 πολὺ
1178 1095 1290 1130 ἀνέσχε,
1314 1095 1362 1121 καὶ
1389 1095 1441 1130 τὴν
1471 1093 1613 1128 προτέραν
1638 1093 1739 1128 φαῦσιν

948 1141 1096 1169 ἀπέλαϐεν.
1113 1139 1149 1168 Ὦ
1161 1142 1254 1176 ἡμεῖς,
1270 1140 1313 1173 οἷς
1327 1141 1437 1177 βράδιον
1450 1140 1572 1171 τοιοῦτος
1586 1140 1664 1175 ἥλιος
1676 1138 1740 1174 φαί-

948 1199 1000 1222 νει,
1012 1191 1060 1217 καὶ
1073 1190 1258 1225 πολυμήνους,
1272 1190 1370 1217 οὔκουν
1384 1189 1538 1224 ἑξαμήνους
1557 1188 1606 1218 τὰς
1631 1188 1734 1216 νύκτας

947 1237 1039 1263 τελεῖ·
1055 1237 1104 1264 καί
1129 1246 1156 1264 τι
1183 1237 1270 1272 βραχὺ
1292 1235 1469 1271 ἀναλάμψας,
1495 1234 1542 1261 καὶ
1559 1235 1621 1260 ὅσον
1645 1233 1679 1260 ἂν
1699 1233 1738 1264 είς

948 1283 1054 1319 Θούλην
1069 1284 1210 1319 χειμέριος
1226 1281 1305 1316 ἀῦθις
1320 1283 1422 1310 δύεται.
1441 1282 1478 1308 Σὺ
1492 1281 1520 1308 δέ
1539 1280 1594 1315 (ἵνα
1611 1279 1661 1314 τὴν
1676 1287 1739 1313 τρο-

950 1331 1098 1366 πολογικὴν
1115 1330 1271 1366 σκευωρίαν
1289 1330 1379 1364 ἀφεὶς,
1404 1329 1497 1360 αὐτοῖς
1513 1326 1602 1362 ψιλοῖς
1616 1325 1739 1351 ἐπιϐάλω

949 1378 1006 1409 τοῖς
1028 1377 1185 1412 πράγμασι)
1210 1378 1257 1404 καὶ
1284 1376 1410 1403 σπεύδων
1432 1376 1490 1406 τοῖς
1515 1375 1626 1407 ἄλλοις,
1648 1373 1740 1408 μένεις

948 1422 1132 1458 ἀξύμϐλητος,
1153 1423 1201 1450 καὶ
1216 1422 1358 1458 ῥᾳστώνην
1374 1422 1447 1453 ἀγων
1463 1421 1598 1456 ἀήττητος
1612 1427 1620 1435 ⁸
1640 1418 1687 1445 καὶ
1698 1419 1739 1448 εἰς

949 1470 1029 1505 ἔργον
1043 1469 1129 1505 ἥκων,
1147 1470 1202 1497 είτε
1220 1470 1274 1504 μὴν
1288 1469 1320 1495 ἐκ
1339 1468 1481 1503 παρέργου
1503 1476 1529 1494 τι
1545 1465 1666 1501 μετρῶν,
1683 1464 1739 1490 τῶν

949 1516 1037 1544 ἄλλων
1049 1517 1212 1551 ὑπέρκειται
1225 1525 1233 1532 ·
1250 1523 1344 1547 σαυτῳ
1359 1515 1452 1550 μέντοι
1473 1511 1738 1549 περιμετρούμενος,

949 1562 1123 1598 ὑπεραίρεις,
1139 1559 1180 1594 οἷς
1199 1562 1370 1594 σπουδάζεις,
1385 1561 1420 1587 τὰ
1434 1560 1573 1595 πάρεργα.
1586 1559 1632 1593 Μὴ
1648 1557 1738 1584 τοίνυν

947 1608 1061 1636 τοιαῦτα
1073 1609 1174 1644 γράφε,
1188 1607 1246 1635 ἀλλ’
1256 1607 1332 1641 ἀφίει
1354 1606 1405 1640 τὴν
1419 1605 1560 1639 γλῶτταν·
1575 1603 1738 1637 πλήμμυρε,

946 1656 960 1682 ό
980 1655 1114 1690 ἡμέτερος
1136 1653 1272 1683 ὠκεανός·
1298 1652 1406 1686 λάμπε,
1429 1652 1443 1678 ό
1458 1650 1519 1677 καθ’
1544 1650 1618 1685 ἡμᾶς
1640 1648 1715 1683 ἥλιος
1729 1654 1737 1663 ’

947 1701 996 1728 καὶ
1023 1701 1096 1728 ποίει
1123 1700 1158 1727 τὰ
1177 1699 1305 1727 σεαυτοῦ.
1323 1699 1419 1730 Ὅστις
1448 1698 1477 1724 δέ
1502 1704 1569 1724 ποτε
1587 1694 1623 1728 εἰ,
1650 1695 1682 1722 σὺ
1700 1692 1739 1729 μὴ

946 1747 1027 1780 λέγε·
1053 1746 1147 1781 ἐροῦσι
1170 1745 1199 1773 δέ
1215 1745 1301 1777 ἄλλοι,
1329 1745 1375 1772 καὶ
1397 1744 1457 1772 οὺδὶ
1473 1744 1522 1774 τάς
1537 1743 1647 1778 ψήφους
1661 1741 1739 1768 δικά-

948 1800 1058 1818 σουσιν
1075 1791 1169 1827 ἐροῦσι
1190 1791 1230 1822 δέ,
1246 1791 1288 1817 ὅτι
1309 1789 1382 1816 κατά
1397 1789 1507 1816 πάντων
1524 1787 1648 1823 ρητόρων
1664 1785 1737 1820 (ἀλλ’

947 1838 1059 1865 ἀπέστω
1077 1838 1186 1872 φθόνος)
1201 1837 1296 1872 φέρεις
1315 1835 1349 1862 τά
1364 1835 1521 1870 νικητήρια.
1538 1834 1574 1860 Σὺ
1590 1833 1645 1868 γὰρ
1655 1831 1686 1859 οὗ
1703 1840 1738 1866 με

945 1886 1075 1922 ἀρέσκεις
1085 1891 1093 1900 ⁸
1106 1883 1164 1910 ἀλλ’
1174 1883 1235 1910 οὐδὲ
1246 1882 1350 1912 πείθεις
1363 1890 1407 1916 με,
1419 1879 1532 1907 τοιαῦτα
1542 1879 1644 1914 κρίνων
1656 1879 1729 1905 κατά

947 1930 1059 1958 σαυτοῦ.
1070 1930 1106 1956 Ἦ
1128 1929 1290 1964 Ἀνάχαρσις
1305 1928 1364 1963 μὲν,
1377 1927 1505 1962 λαμπρὸν
1518 1924 1676 1957 ἀττικίζων,
1691 1923 1737 1951 τὸν

946 1977 1055 2009 Σκύθην
1069 1976 1135 2011 περὶ
1151 1975 1206 2005 τοῖς
1218 1973 1350 2001 ἀκούουσι
1363 1972 1491 2008 ψεύδεται
1501 1977 1510 1985 ⁸
1527 1970 1680 2006 Γρηγόριος
1694 1969 1736 2004 δέ,

946 2022 1117 2058 ὑπερφωνῶν
1132 2021 1194 2052 τοὺς
1209 2021 1264 2056 ὂπη
1286 2020 1353 2048 ποτὲ
1371 2019 1500 2055 ῥήτορας,
1514 2018 1559 2044 τὸν
1582 2017 1633 2044 οὐκ
1646 2017 1735 2044 εἰδότα

945 2069 977 2096 οὐ
1000 2068 1131 2104 ψεύσεται
1144 2075 1152 2101 ;
1169 2067 1221 2094 Τὸν
1238 2067 1373 2101 Τυρταῖον
1388 2067 1404 2101 ὴ
1418 2063 1659 2101 καλλιρρημοσύνῃ
1672 2071 1736 2098 μετ-

946 2115 1052 2152 έγραψε
1078 2115 1128 2141 καὶ⁸
1158 2113 1289 2149 μετέθετο
1300 2113 1352 2145 ζείς
1368 2112 1540 2146 Θεόφραστον
1551 2118 1558 2126 ·
1582 2110 1628 2137 καὶ
1642 2110 1657 2136 ὁ
1673 2109 1737 2144 βοὴν

946 2160 1049 2195 ἀγαθὸς
1073 2159 1226 2194 Γρηγόριος
1251 2159 1292 2190 εἰς
1315 2157 1424 2193 ἄφωνον
1445 2156 1527 2191 βάτον
1552 2155 1734 2190 γεγράψεται,

946 2206 995 2233 καὶ
1014 2206 1028 2232 ό
1049 2205 1196 2236 καλλιϐόας
1222 2205 1251 2231 ἐν
1269 2204 1378 2238 ἀφώνου
1397 2203 1481 2238 μοίρᾳ
1501 2202 1663 2235 τετάξεται;
1680 2201 1737 2227 Καὶ

107 2253 258 2288 σμύχοντα,
274 2254 473 2289 ἀναλάμποντα
483 2263 490 2271 ·
508 2254 537 2288 ἐξ
553 2252 590 2282 ὧν
607 2255 674 2289 ἡμῖν
698 2255 833 2283 ἀπόθετον
854 2257 894 2292 τῷ
911 2254 933 2282 ι)
947 2251 988 2283 τίς
1002 2251 1036 2278 ἂν
1050 2251 1116 2287 είπῃ
1130 2250 1228 2283 ταῦτα,
1239 2251 1288 2277 καὶ
1301 2251 1358 2281 τοῖς
1375 2248 1462 2280 οὕτως
1477 2248 1587 2281 ἀτίμοις
1603 2246 1737 2281 συνθήσε-

106 2298 180 2332 λόγῳ
205 2297 357 2331 φυλακτέον
381 2299 432 2334 τήν
459 2299 586 2332 τίτανον,
618 2301 691 2336 ἥπερ
717 2301 893 2338 ἐπιχυθέντος

107 2343 203 2375 ὓδατος
218 2343 326 2378 ἐνεργεῖ
337 2344 408 2371 κατὰ
424 2343 490 2380 πῦρ.
508 2345 667 2380 Λέγεταιδέ
684 2346 731 2374 καί
747 2355 789 2379 τις
810 2347 893 2383 τέχνη

104 2389 154 2421 τὰς
174 2389 319 2428 παπύρους
344 2388 404 2424 ἃμα
430 2397 461 2416 τε
493 2389 534 2422 εἰς
560 2389 633 2426 ὕδωρ
662 2391 815 2426 βάπτουσα,
845 2393 894 2421 καὶ

104 2435 229 2471 άχρόνως
254 2436 296 2467 εἰς
321 2435 377 2471 πῦρ
403 2435 574 2463 ἀνάπτουσαι.
599 2436 655 2463 Καί
683 2445 730 2472 μοι
746 2439 798 2473 τήν
821 2438 893 2471 τέως

104 2482 239 2509 ἀπόθετον
263 2481 373 2510 τίτανον
397 2482 426 2508 ἐν
445 2481 483 2517 τῷ
509 2481 579 2517 πρὸς
599 2483 765 2518 αἰτιολογίαν
790 2484 890 2518 λαϐὼν,

106 2528 314 2563 μετ‹ιχιιίρισαι⁸
341 2528 433 2564 ἐκείνη
462 2529 516 2563 γὰρ
533 2527 734 2564 ύποκαθημένη
760 2530 846 2563 ἐντὸς,
862 2530 893 2557 τὺ

105 2573 163 2608 πῦρ
180 2573 259 2600 τοῦτο
273 2573 344 2600 κατά
360 2581 420 2600 τινα
441 2572 566 2608 μηχανήν
579 2574 641 2604 ταῖς
656 2574 795 2610 παπύροις
811 2575 893 2609 ἀφίηο

106 2626 159 2644 σιν.
178 2616 257 2644 Οὖτω
274 2616 303 2643 δέ
319 2617 366 2644 καί
380 2625 410 2643 σε
425 2617 472 2644 τὸν
483 2617 619 2654 ἐμπόριον
635 2619 739 2655 ῥήτορα
757 2619 893 2655 βραχύτα-

103 2661 150 2687 τόν
176 2668 203 2687 τι
231 2660 284 2696 χρὴ
312 2660 459 2696 ἐνιδρῶσαι
475 2661 516 2697 τῷ
529 2661 619 2697 λόγῳ·
635 2664 682 2690 καὶ
697 2664 714 2698 ἡ
732 2666 806 2696 νοτὶς
822 2665 893 2702 αὕτη

103 2705 226 2741 αἰθέριον
251 2706 297 2733 τὸν
321 2706 467 2740 τοῦλόγου
484 2709 590 2744 πυρσόν
614 2717 654 2736 σοι
677 2709 784 2738 ἔνδοθέν
810 2713 894 2739 ποθεν

105 2752 302 2779 ἀνεκαλέσατο.
328 2753 495 2789 Μεσορῤαγῆ
513 2755 645 2787 κενεῶνες
662 2756 716 2791 γῆς
736 2756 894 2793 διασχόντες

104 2797 138 2834 ἦν
152 2799 196 2825 ὅτε
219 2797 317 2830 ὕδατος
339 2799 551 2828 ἐνεκολπίσαντο
564 2801 705 2837 χάσματα,
723 2804 770 2830 καὶ
790 2804 830 2836 είς
843 2804 894 2831 θα-

103 2846 207 2877 λάσσας
231 2845 441 2881 ὐπτιάσθησαν·
464 2847 511 2874 καὶ
537 2847 567 2875 τδ
591 2848 719 2876 ἐντεῦθεν
741 2850 840 2883 αἰῶνες
864 2851 895 2884 ἓξ

105 2893 173 2927 ὅλοι,
192 2893 240 2920 καὶ
265 2892 295 2920 τὸ
315 2893 385 2928 ὑπὲρ
402 2894 513 2930 αὐτοὺς,
534 2896 580 2924 καὶ
593 2894 655 2924 οὕτε
673 2895 703 2923 τὸ
719 2893 788 2925 εἰναι
803 2896 860 2925 οὔθ’
876 2899 892 2934 ἡ

947 2305 1014 2332 ται;
1034 2297 1134 2331 Ἐλεγέ
1151 2304 1218 2324 ποτε
1243 2296 1290 2323 καὶ
1315 2295 1477 2330 Σωκράτης,
1505 2293 1604 2320 εἰδέναι
1633 2292 1736 2327 μηδέν⁶

948 2345 1079 2380 προσεῖχε
1106 2343 1134 2371 δέ
1160 2343 1248 2375 οὐδεὶς
1266 2342 1364 2377 ἐκείνῳ
1381 2342 1428 2368 τὸν
1443 2340 1517 2368 νοῦν.
1534 2339 1669 2374 Διάπειρα
1681 2338 1736 2372 γὰρ

948 2390 1090 2426 ἐξήλεγχε,
1108 2389 1191 2424 σοφόν
1206 2390 1408 2424 ἀποφαίνουσα.
1423 2387 1462 2415 Οὐ
1485 2386 1601 2418 λέληθας
1622 2383 1668 2412 οὖν
1681 2384 1739 2411 οὔδ’

948 2436 1041 2469 αὐτὸς,
1064 2436 1105 2468 εἰς
1130 2435 1258 2471 τοιαύτην
1282 2434 1391 2462 πίπτων
1415 2433 1521 2467 σοφίαν.
1545 2431 1652 2466 Ἐρμῆς
1669 2430 1741 2466 ἡμῖν

949 2481 1013 2509 ἄνευ
1026 2481 1112 2517 ψόγου
1125 2482 1297 2516 τετράγωνος
1315 2481 1435 2516 ἵδρυσαι.
1449 2479 1494 2514 Μή
1511 2478 1576 2514 γοῦν
1591 2478 1673 2505 δέδιθι
1685 2478 1741 2511 τὴ*

937 2522 1145 2564 ’μετάπτωσινσ
1167 2529 1258 2564 μενεῖς
1279 2528 1333 2563 γὰρ
1354 2528 1394 2558 είς
1410 2526 1441 2554 τὸ
1466 2526 1522 2553 πᾶν
1545 2526 1663 2560 ἑδραῖος,
1687 2524 1740 2551 καὶ

948 2574 1000 2602 οὐκ
1014 2574 1257 2610 εὐμετακύλιστος.
1274 2573 1390 2600 Μουσῶν
1406 2572 1565 2608 οἰκητήριον
1581 2570 1606 2598 εἰ
1617 2579 1623 2586 ·
1639 2571 1690 2597 οὐκ
1702 2570 1743 2596 ἂνω

946 2618 994 2648 οὖν
1017 2629 1048 2648 σε
1073 2620 1244 2656 προλίποιεν,
1268 2618 1531 2654 ἑπαναπεπαυμέναι
1555 2615 1683 2647 καθάπαξ
1707 2617 1742 2642 ἐν

948 2667 1000 2695 σοί.
1015 2668 1052 2695 ’Ἢ
1075 2666 1208 2694 Ἑλικῶνα
1230 2665 1280 2700 μὲν
1296 2666 1345 2693 καὶ
1368 2665 1548 2701 Λειϐηθρίους
1566 2664 1616 2690 οὐκ
1641 2663 1740 2698 ἦθελου

948 2714 1113 2749 προλιπεῖν.
1139 2713 1189 2740 οὐκ
1208 2713 1272 2746 ἀξια
1293 2713 1374 2747 λόγου
1394 2713 1494 2749 χωρία,
1506 2711 1629 2742 Μούσαις
1641 2710 1741 2736 ἐπονο-

950 2760 1109 2798 μαζόμενα·
1136 2760 1166 2787 σὲ
1188 2760 1227 2792 δὲ,
1245 2759 1328 2786 καλὸν
1341 2759 1413 2786 οὕτω
1427 2759 1506 2792 λόγου
1522 2757 1622 2793 χωρίον
1640 2755 1740 2790 εὑροῦ-

949 2816 1006 2839 σαι,
1025 2805 1218 2843 προλείψουσιν
1231 2815 1238 2840 ;
1255 2806 1323 2842 Οὐχὶ
1339 2805 1464 2836 πάντως·
1477 2803 1547 2831 ἀλλὰ
1563 2804 1609 2830 καὶ
1627 2803 1739 2837 μένοντι

950 2852 1209 2889 συμπαραμενοῦσι,
1222 2853 1270 2880 καὶ
1282 2851 1470 2887 ἀποδημοῦντι
1482 2849 1735 2885 συνεκδημήσουσι,

949 2900 994 2928 καί
1016 2909 1046 2928 σε
1069 2900 1126 2933 τοῖς
1150 2900 1232 2928 πάλαι
1249 2899 1314 2927 ποτέ
1336 2898 1426 2934 σοφοῖς
1452 2897 1505 2926 κάν
1523 2895 1580 2929 τοῖς
1603 2894 1740 2930 τοιούτοις
