1944 3074
136 130 202 155 II'U'I

128 176 378 212 κατεργασάμενοι,
394 178 506 213 μεγάλῳ
519 177 559 213 τῷ
580 177 737 213 στρατηγῷ,
762 177 832 213 πρὸς
853 178 923 213 ὅπερ
936 181 961 211 Α

127 222 218 255 ἤθελε,
235 224 426 250 συνεϐάλοντο.
443 225 497 250 Καὶ
512 224 565 258 μὴν
582 224 598 259 ἠ
617 224 695 256 πόλις
706 224 796 260 ἐκείνη
815 224 921 260 μεγάλη

128 265 174 302 ἦν,
185 269 230 294 καὶ
241 268 311 302 καλὴ
321 268 363 303 ἦν,
374 269 421 295 καὶ
435 269 519 295 πολλὰ
533 267 589 304 εἶχε
599 270 632 296 τὰ
640 270 773 304 ἐπαγωγά
784 278 791 285 ·
804 271 850 297 καὶ
859 271 922 297 τοῦ-

129 322 160 339 το
169 313 231 340 οὔτε
239 314 302 345 τοὺς
311 315 545 346 ὲπιὸουλεύοντας,
554 314 616 342 οὗτε
629 316 683 350 μὴν
693 316 782 351 πολλῷ
791 317 924 351 πρότερον

129 361 193 392 τοὺς
219 360 392 402 ἐνοικοῦντας
417 361 572 388 ἐλάνθανεν.
609 362 687 396 Ἐμοὶ
713 363 742 390 δὲ
771 364 845 398 μόνῳ
866 363 922 389 τῶν

131 406 219 432 ἄλλων
237 406 286 441 (ὡς
312 406 395 440 ἔοικε)
429 407 510 442 μέχρι
531 408 579 434 καὶ
606 408 702 444 ἐσάρτι
725 409 756 435 τὸ
780 409 880 444 κήπιον
891 409 922 435 οὐ

132 452 255 478 πάνυιτι
281 454 309 479 ἐν
327 453 437 489 ἀριθμῷ
452 452 487 489 ἦν
499 462 506 470 ·
527 454 583 481 οὐδ’
607 454 679 482 οὕτω
696 455 851 491 περιέργως
866 456 925 483 ἐνέ-

133 497 232 524 ϐλεπον
252 499 308 530 τοῖς
336 499 442 526 αὑτοῦ·
468 501 522 527 οὐδ’
553 501 685 537 ὑπερλίαν
706 501 787 536 ἐμελέ
810 511 855 536 μοι
870 502 925 528 τῶν

133 544 194 570 κατ’
210 544 287 571 αὐτό.
311 545 481 580 Ἐκρύπτετο
491 548 546 581 γάρ
564 556 598 582 με
610 548 681 583 τάχα
697 547 788 574 καὶτὸ
804 547 901 579 κάλλος
914 556 923 564 ο

133 591 182 625 οὐχ
199 591 391 625 ὑπεξέφαινεν,
411 593 472 620 οὐδὲ
486 595 666 628 παρεγύμνου
682 593 733 624 τὰς
748 593 875 627 χάριτας.
892 592 926 619 Σὲ

134 636 163 662 δὲ
188 637 238 663 οὑκ
255 637 419 665 ἐλάνθανεν·
436 638 494 664 ἀλλ’
520 639 537 674 ή
559 640 625 674 παρ’
645 639 762 674 Ἡσιόδῳ
780 638 927 670 τεολυλάλος

135 683 215 718 φήμη
239 683 289 718 τὴν
317 686 413 711 τούτου
439 694 481 711 σοι
508 685 640 720 ἀλήθειαν
669 686 852 720 παρεκόμιζε,
879 687 928 713 καὶ

136 731 206 764 πρὸς
221 731 332 766 φίλτρον
346 731 470 764 ἐξέκαιεν.
491 727 601 766 Ἀμέλει
615 731 664 758 καὶ
680 732 743 763 τοὺς
763 732 927 764 ἐπιϐούλους

137 776 168 803 εὖ
191 777 264 812 μάλα
291 778 460 812 καταρτίσας
474 778 618 813 ἐπαφῆκας
635 778 702 814 ἡμῖν
715 786 722 794 ·
749 779 858 813 φθονῶν
878 780 927 814 μὲν

135 837 172 843 -
195 823 246 850 οὐκ
266 823 300 850 ἂν
328 823 436 858 εἴποιμι
462 824 520 858 (τοῦ
540 824 595 859 γὰρ
625 824 689 860 περὶ
706 824 736 851 σὺ
761 825 858 860 χοροῦι
873 825 927 851 τῶν

136 869 243 903 ἀρετῶν
265 869 412 905 ὑπερόριος
427 871 440 896 ὁ
458 871 555 904 φθόνος
579 870 739 906 ἐξώρισται)
751 879 758 887 ·
779 871 890 906 νέμεσιν
905 872 928 898 δ’
942 867 966 897 Β

136 913 171 942 αῦ
210 917 458 952 προσμαρτυρῆσαι
494 916 534 952 τῷ
574 918 718 952 πράγματι
755 917 827 944 όκνῶ
867 918 929 945 κατ’

138 963 271 997 ἐμαυτοῦ.
307 963 487 998 Νεμεσᾶσθαι
517 964 572 998 γὰρ
616 963 716 991 οὔκουν
749 964 928 1000 βεϐούλημαι.

139 1010 233 1044 Κρίνω
261 1010 336 1044 γοῦν,
370 1010 411 1037 ὄτι
445 1010 527 1046 ζῆλος
551 1011 566 1037 ό
597 1011 731 1047 κρείττων
756 1011 852 1038 ἐκκάει
887 1019 927 1044 σε,

139 1057 188 1084 καὶ
211 1057 229 1092 ἡ
254 1057 302 1084 τοῦ
331 1058 424 1093 κήποΰ
447 1058 528 1094 χάρις
555 1058 710 1094 ἐφέλκεται.
730 1059 786 1086 Καὶ
809 1058 872 1086 ἐπεὶ
893 1060 930 1096 μὴ

145 1105 315 1139 μεταστῆσαι
339 1114 385 1140 μοι
410 1105 441 1133 τδ
461 1106 543 1137 ἄλσος
567 1106 640 1142 ἔχεις
667 1107 849 1142 ἐπισπάστρῳ
876 1108 931 1134 τινὶ

139 1152 318 1187 παλαμναίῳ,
333 1153 401 1187 μηδὲ
418 1153 599 1188 μετακινῆσαι
614 1154 721 1191 ἀνάγκῃ
733 1154 788 1181 τινὶ
804 1154 931 1191 μηχανῆς

139 1199 347 1234 ἑκατόγχειρος,
364 1199 431 1226 αὑτδ
464 1200 514 1234 μὲν
538 1199 585 1227 καὶ
603 1199 679 1227 ἄκων
694 1200 742 1235 ἐᾷς
766 1201 813 1227 ἐπὶ
839 1200 932 1236 χώρας

141 1245 245 1279 μένειν,
257 1245 306 1272 καὶ
321 1247 389 1281 παρ’
399 1247 469 1282 ἡμῖν
479 1246 550 1275 εῐναι
562 1256 570 1264 ·
585 1248 753 1276 ἐπισπᾶσθαι
769 1248 799 1275 δέ
814 1249 931 1284 μελετᾷς

139 1291 229 1322 ἄλλως
256 1292 423 1327 εὐμηχάνως
450 1293 503 1328 τὴν
530 1294 706 1328 εὐδαιμονίαν
731 1294 829 1321 τούτου
862 1294 931 1329 πρὸς

139 1337 251 1365 ἑαυτόν·
267 1339 314 1366 καὶ
327 1339 367 1366 ὄτι
381 1340 419 1375 μὴ
431 1340 497 1366 αὐτὸ
510 1341 690 1376 περιαγαγεῖν
705 1339 788 1375 ἔχεις,
802 1340 932 1375 μετάγειν

140 1386 229 1416 θέλεις
242 1385 277 1413 τὰ
291 1387 321 1413 ἐν
335 1387 420 1421 αὐτῷ.
438 1386 517 1414 Οῦτω
534 1395 578 1422 μοι
592 1387 675 1419 καλὸς
695 1388 709 1414 ὁ
728 1388 817 1422 κῆπος
828 1395 835 1404 ·
860 1386 932 1413 οὕτω

141 1432 222 1459 πίων·
234 1432 320 1465 οὕτως
328 1432 445 1469 εὐθαλὴς
454 1441 461 1448 ·
469 1432 556 1465 οὕτως
563 1434 603 1465 είς
611 1433 798 1470 καρπογονίαν
808 1433 913 1469 εὐφυής
923 1441 931 1450 ·

139 1477 227 1509 οὕτως
255 1478 296 1510 είς
332 1478 416 1506 καλὸν
447 1478 521 1507 ἅπαν
557 1478 676 1511 εῦθετος.
709 1476 773 1509 Οἶος
815 1476 862 1506 οὖν
891 1479 931 1510 είς

141 1525 270 1560 ἀφέλειαν
292 1525 391 1560 ἔγωγε,
418 1526 499 1562 εἴπερ
523 1526 604 1558 αῢτδς
628 1527 678 1562 μὲν
699 1526 825 1554 τοιούτου
848 1527 931 1554 καλοῦ
946 1541 968 1569 c

142 1573 276 1607 ἐπήϐολος
308 1572 346 1599 ὢν
370 1573 421 1600 οὐκ
445 1573 523 1608 ἔσχον
550 1573 726 1607 ἐπίστασθαι,
753 1573 830 1601 ἄλλοι
851 1574 880 1600 δὲ
903 1573 933 1600 τὸ

144 1619 211 1653 ἐμόν
230 1619 333 1652 ἀγαθὸν
355 1619 498 1655 πόρρωθεν
521 1619 725 1654 φαντασάμενοι
741 1619 809 1653 ἐμοῦ
832 1620 934 1654 μᾶλλον

143 1665 375 1700 ἐξηκριϐὡσαντο.
406 1666 502 1697 Οὕτως
526 1666 637 1701 ἀμαθὴς
664 1665 721 1700 ἐγὼ
741 1666 789 1693 τοῦ
816 1666 933 1698 δέοντος,

144 1713 192 1739 καὶ
222 1713 367 1746 προσήκων
393 1712 600 1739 ὕποδιδάσκοντι
635 1712 794 1746 τάττεσθαι,
823 1713 871 1739 καὶ
903 1713 933 1740 τὸ

144 1757 292 1791 γινώσκειν
305 1758 347 1784 ἀεὶ
362 1758 428 1793 παρ’
443 1757 534 1790 ἄλλοις
549 1758 621 1795 ἔχων
640 1758 777 1793 κείμενον.
801 1758 886 1785 mm
910 1759 936 1785 τί

146 1803 215 1839 πρὸς
240 1804 331 1836 ἄλλοις
364 1804 487 1839 γίνομαι,
517 1804 581 1836 τοὺς
608 1804 713 1836 δεινοὺς
742 1803 934 1835 κατασκόπους

146 1851 226 1886 ἀφείς
239 1859 247 1885 ;
263 1851 326 1882 τοὺς
350 1851 492 1886 ὑποφήτας
508 1851 558 1886 τῆς
576 1852 701 1886 μηχανῆς
715 1859 722 1884 ;
740 1851 803 1883 τοὺς
819 1850 937 1885 ὑποδρη-

148 1898 252 1935 στῆρας
276 1897 328 1933 τῆς
352 1898 520 1932 ἐπιῦουλῆςς
548 1897 613 1929 τοὺς
627 1897 678 1933 τῆς
705 1897 777 1932 ἐμῆς
802 1896 937 1932 φυταλιᾶς

149 1943 246 1978 βαρεῖς
271 1943 453 1977 ἐπιϐούλουςς
486 1944 550 1976 τοὺς
576 1944 612 1970 τὰ
646 1944 696 1979 μὲν
727 1943 796 1971 ἄλλα
828 1943 938 1975 κοινοὺς

150 1991 277 2026 ἑταίρους
299 1991 347 2018 καὶ
359 1991 398 2023 ὡς
412 1991 458 2017 ἐπὶ
479 1989 600 2025 σταθμοῦ
614 1990 664 2026 τὴν
682 1989 774 2024 φιλίαν
790 1991 819 2017 ἐν
834 1989 938 2024 ίσότητι

149 2037 372 2071 ταλαντεύοντας,
396 2036 514 2063 ἐνταῦθα
532 2036 561 2063 δὲ
585 2037 655 2071 προς
672 2036 758 2071 ῥοπὴν
772 2035 937 2071 ἐτερόζηλον

150 2086 200 2117 τὴν
230 2082 386 2116 πλάστιγγα
417 2083 655 2118 μεταστήσαντας,
687 2082 735 2109 καὶ
759 2081 827 2117 πρὸς
851 2081 882 2108 τὸ
900 2081 938 2116 μὴ

151 2130 232 2155 καλὸν
271 2129 385 2160 ἑαυτοὺς
419 2127 658 2159 καθελκύσαντας;
685 2126 699 2153 ὃ
724 2126 756 2161 δὴ
794 2125 940 2160 προδοσίας

152 2177 244 2210 νόμος,
264 2177 287 2202 εί
306 2175 353 2202 καὶ
377 2175 457 2206 ὄκνος
482 2175 580 2201 εἰπεῖν.
611 2173 644 2199 Τί
666 2172 698 2207 δὴ
714 2172 777 2204 τοὺς
801 2171 940 2202 τοιούτους

836 125 1015 156 ADDENDA

974 179 1026 215 τὴν
1040 179 1218 214 ὑμνουμένην
1237 179 1434 215 Ἰεριχουντίαν
1448 179 1558 215 ἐκείνην
1573 181 1612 215 τῷ
1628 181 1676 208 τοῦ
1693 182 1775 216 ἐμοῦ

974 225 1058 252 τόπου
1085 225 1161 260 καλῷ
1187 226 1376 261 παρενέρριψε
1402 225 1490 260 (φιλία
1504 235 1547 258 τις
1566 226 1668 261 δηλαδὴ
1683 227 1775 253 πολυ-

975 271 1131 306 ρέμὸαστος
1144 271 1193 298 καὶ
1207 271 1289 298 καλὸν
1301 272 1419 299 δοκοῦσα
1431 287 1468 293 —
1483 273 1555 299 εἴποι
1572 273 1604 299 ἂν
1624 275 1640 308 ἡ
1660 272 1776 306 Σαπφὼ

973 332 1010 337 —
1023 317 1164 352 δημόσιον)
1177 327 1184 333 ·
1202 318 1270 344 ἀλλά
1283 319 1331 346 καὶ
1348 319 1468 354 καθαρὰ,
1487 319 1535 346 καὶ
1550 319 1621 346 κατὰ
1635 319 1685 354 τὴν
1700 319 1775 354 παρ’

981 362 1095 398 Ἡσιόδῳ
1116 363 1199 398 Δίκην
1217 364 1364 398 παρθένος,
1378 365 1436 390 καὶ
1458 364 1566 396 πολλοῖς
1589 364 1774 400 ἀνομίλητος.

976 406 1059 437 Οὗτοι
1074 410 1269 446 περιελθόντες
1285 410 1358 438 ἅπαν
1375 419 1420 446 μοι
1434 410 1464 437 τὸ
1480 411 1592 445 κήπιον,
1608 411 1635 437 εἰ
1648 419 1699 437 που
1715 410 1775 445 μὲν

977 458 1063 492 μῆλον
1077 454 1111 493 ἦν
1127 457 1258 492 ἑκάτερον
1269 465 1276 472 ·
1303 458 1366 484 ὅσον
1381 466 1412 483 τε
1425 459 1456 484 ἐκ
1472 457 1603 492 Περσίδος
1625 457 1682 491 ἔχει
1695 457 1775 491 τάχα

978 504 1027 539 μὲν
1043 504 1091 531 καὶ
1105 504 1155 539 τὴν
1168 504 1286 538 γένεσιν,
1300 504 1351 538 τὴν
1370 504 1398 530 δὲ
1412 503 1603 538 παρωνυμίαν,
1618 503 1655 535 ὡς
1666 503 1717 529 οὐκ
1735 504 1776 532 ἂν

976 552 1019 586 εἰη
1045 551 1198 586 ἁμφίῦολον
1211 559 1218 567 ⁸
1235 552 1284 578 καὶ
1307 552 1371 578 ὅσον
1393 551 1421 577 δέ
1437 551 1487 584 τὴν
1503 551 1596 582 ἁπλῶς
1615 550 1662 577 τοῦ
1679 550 1775 585 μήλου

977 597 1074 631 κλῆσιν
1091 597 1188 632 ἐλαχεν
1214 597 1408 628 άσυνδυάστως
1430 597 1499 633 πρὸς
1527 596 1673 623 ἐπίθετονσ
1698 596 1775 623 ἀλλὰ

977 643 1065 671 ταῦτα
1091 644 1158 678 παρ’
1169 643 1246 670 οὐδὲν
1263 644 1392 670 ἐτίθεντο.
1413 644 1588 678 Παρήρχοντο
1610 643 1637 668 δέ
1657 651 1703 677 μοι
1720 643 1775 668 καὶ

977 689 1025 721 τὰς
1041 690 1162 724 εὐγενεῖς
1181 689 1330 723 σταφυλὰς,
1345 689 1385 715 ὃτι
1400 689 1525 723 ὖμφακες
1537 696 1545 704 ο
1561 688 1609 715 καὶ
1622 688 1670 718 τὰς
1685 687 1775 714 καλὸν

978 737 1138 770 λαμπούσας
1165 736 1254 771 ῥοιὰς,
1283 736 1380 771 ὅτιπερ
1404 737 1433 762 ἐν
1457 736 1547 766 κενοῖς
1567 735 1698 769 λεπύροις
1729 734 1774 759 ἔτι

979 784 1024 810 καὶ
1049 783 1172 815 κάλυξιν.
1194 781 1234 810 Οὐ
1265 783 1412 817 προσεῖχον
1427 781 1456 808 δὲ
1481 781 1525 807 τὸν
1543 780 1605 807 νοῦν
1629 780 1692 806 οὐδὲ
1708 781 1776 808 ταῖς

980 830 1076 860 συκαῖς
1085 836 1092 844 “
1105 827 1182 856 οῦπω
1196 829 1251 864 γὰρ
1261 829 1291 854 τὸ
1304 827 1359 854 τῶν
1375 827 1467 854 σύκων
1480 827 1541 861 μέλι
1554 825 1774 862 προύὸέὸληντο,

979 875 1035 902 οὐδ’
1061 876 1101 906 εἰς
1130 875 1240 909 ὁμιλίαν
1273 873 1330 904 οἷον
1361 874 1518 908 ύπέχαινον.
1544 873 1576 899 Τί
1608 881 1653 908 μοι
1676 872 1776 907 μακρὰ

980 923 1089 956 λέγειν;
1111 922 1204 948 Πάντα
1219 922 1256 948 τὰ
1271 922 1328 948 ἐκεῖ
1344 921 1561 956 περιδραμόντες
1583 921 1618 947 τὰ
1637 920 1717 951 καλὰ,
1736 921 1774 945 τὰ

981 970 1077 1000 πολλὰ,
1101 969 1136 996 τὰ
1160 969 1288 1004 λαμπρὰ,
1316 968 1376 1000 ὲνδς
1406 969 1526 1002 ἐγίνοντο
1550 968 1595 994 καὶ
1617 968 1699 1002 μόνου
1722 967 1774 993 τοῦ

981 1015 1152 1051 περιπύστου
1168 1015 1288 1050 δένδρου,
1300 1013 1349 1041 τοῦ
1367 1013 1514 1046 ἐπιφθόνου
1525 1022 1533 1029 ο
1550 1014 1596 1039 καὶ
1609 1013 1662 1039 τῶν
1676 1012 1772 1039 ἄλλων

981 1064 1182 1100 ἀποκρίναντες
1205 1063 1255 1098 τὴν
1271 1062 1356 1097 καλὴν
1382 1062 1500 1097 μητέρα,
1525 1061 1576 1096 τὴν
1600 1059 1776 1096 ἀμυγδαλῆν,

982 1111 1047 1146 περὶ
1080 1109 1126 1136 τὸν
1156 1109 1244 1143 αὐτῆς
1271 1109 1362 1143 γόνον,
1393 1109 1439 1135 τδν
1463 1107 1523 1140 ἕνα,
1552 1107 1599 1134 τὸν
1627 1107 1775 1142 ἀγαπητῦν

983 1157 1150 1192 ἐκεχήνεσαν
1162 1165 1170 1172 ⁸
1184 1157 1231 1183 καὶ
1247 1156 1348 1188 ἰδόντες
1361 1155 1391 1182 τδ
1407 1155 1587 1188 ποθούμενον,
1602 1153 1775 1188 ἀποσχέσθαι

981 1206 1032 1232 οὒκ
1049 1205 1156 1239 ῆθελον,
1184 1202 1244 1231 ἀλλ’
1261 1204 1317 1231 ὅλοι
1345 1202 1410 1237 περὶ
1427 1202 1494 1229 αὐτὸ
1517 1199 1596 1237 ἦσαν.
1619 1201 1674 1227 Καὶ
1699 1201 1774 1235 ῥητὰ

983 1251 1075 1286 ῥητοῖς
1093 1250 1256 1277 συνέϐαλλον
1272 1250 1378 1284 ψίθυρα
1391 1258 1398 1265 ·
1416 1250 1464 1276 καὶ
1482 1249 1534 1275 οὐκ
1552 1247 1590 1274 ἔθ’
1609 1248 1661 1275 ὑπὸ
1677 1248 1774 1282 κόλπῳ

983 1297 1108 1332 συνεῖχον
1132 1296 1182 1327 τὰς
1212 1297 1317 1331 χεῖρας,
1344 1295 1414 1322 ἀλλὰ
1441 1293 1638 1330 παρεγύμνουν
1665 1293 1774 1328 ἠρέμα,

982 1341 1138 1373 δεικνύντες
1152 1341 1232 1375 ἡλίῳ.
1257 1341 1313 1367 Καὶ
1338 1338 1411 1375 ετχον
1426 1341 1456 1366 ἐν
1479 1340 1581 1374 ἑτοίμῳ
1607 1338 1774 1373 δράττεσθαι

981 1388 1030 1415 τοῦ
1044 1388 1162 1424 καρποῦ,
1181 1388 1254 1419 ὅπως
1267 1387 1301 1414 ἂν
1317 1387 1365 1414 καὶ
1378 1387 1477 1421 ἔχοιεν,
1492 1385 1548 1412 εἴτε
1563 1385 1630 1420 προς
1642 1385 1702 1420 βίαν
1715 1386 1775 1412 εἴτε

983 1435 1031 1462 καὶ
1047 1434 1116 1470 δόλῳ
1132 1433 1342 1470 περιγενόμενοι
1355 1442 1362 1449 ·
1388 1433 1439 1458 κᾶν
1457 1432 1623 1467 ἐξέπραξαν,
1644 1432 1669 1458 εί
1686 1440 1775 1466 κατη-

985 1481 1090 1516 μέλησα
1107 1480 1172 1514 ἐγώ.
1193 1481 1248 1507 Καὶ
1271 1479 1374 1515 ῷχοντο
1396 1479 1441 1510 ἂν,
1466 1479 1702 1518 ἁφαρπάσαντες·
1721 1479 1773 1504 καὶ

985 1525 1054 1554 εἶδεν
1068 1527 1101 1555 ἂν
1114 1527 1190 1562 ἥλιος
1206 1527 1346 1562 ἁρπαγὴν,
1364 1526 1412 1552 καὶ
1426 1525 1539 1559 ταύτην,
1556 1525 1591 1560 ἦν
1607 1525 1657 1551 οὐκ
1672 1521 1707 1559 ἧν
1721 1524 1776 1557 ἔξω

985 1573 1047 1608 ἐμοί
1064 1575 1091 1608 γ’
1107 1571 1155 1600 οὖν
1168 1573 1250 1607 λόγου
1268 1573 1374 1599 πεσεῖν.
1391 1571 1449 1598 Νῦν
1467 1571 1495 1598 δέ
1514 1579 1548 1605 με
1568 1570 1721 1606 περιελθὼν
1736 1571 1776 1601 ὡς

984 1620 1067 1656 τάχος
1095 1620 1221 1655 πτερόεις
1245 1627 1287 1651 τις
1313 1618 1454 1653 λογισμὸς,
1482 1618 1531 1644 καὶ
1559 1616 1701 1643 κατειπὼν
1724 1616 1778 1652 τὴν

986 1665 1144 1700 ἐπιϐουλὴν,
1183 1664 1342 1700 παρέστησε
1380 1672 1410 1690 τε
1443 1664 1501 1694 τοῖς
1538 1662 1693 1694 ἐπιϐούλοις
1727 1664 1778 1688 καὶ

985 1711 1099 1747 ἀπεῖρξε
1114 1711 1161 1738 τοῦ
1184 1710 1398 1746 ἐγχειρήματος,
1426 1709 1634 1745 ἐλεγχομένους,
1660 1709 1707 1735 καὶ
1726 1710 1778 1742 τῆς

987 1758 1135 1792 ἐπιϐουλῆς
1151 1757 1282 1791 ἐξάρνους
1299 1756 1337 1791 μὴ
1360 1756 1533 1790 γινομένους.
1558 1754 1690 1781 Ἐνταῦθα
1707 1755 1736 1781 εῖ
1750 1765 1778 1782 τι

987 1805 1035 1831 καὶ
1059 1803 1307 1838 περιαυτολογῆσαί
1326 1811 1360 1836 με
1385 1802 1449 1838 χρὴ,
1464 1801 1628 1837 τεθαύμακα
1644 1802 1776 1836 ἐμαυτὸν,

988 1850 1030 1878 ὃτι
1043 1849 1246 1886 πραῦθυμήσας
1261 1849 1308 1875 καὶ
1322 1848 1359 1884 μὴ
1373 1848 1573 1883 θυμομαχήσας
1588 1849 1637 1875 καὶ
1649 1847 1778 1874 ἐκπεσὼν

988 1896 1119 1932 ἐμαυτοῦ,
1137 1896 1211 1922 κακὰ
1225 1895 1354 1929 διεθέμην
1375 1896 1438 1933 τοὺς
1454 1894 1504 1930 τὴν
1520 1894 1590 1929 ἐμὴν
1606 1893 1659 1928 γῆν
1672 1893 1775 1928 ταύτην

990 1943 1263 1978 περιεργασαμένους
1290 1941 1341 1968 οὐκ
1369 1939 1502 1967 εῦσκοπα.
1527 1941 1606 1968 Καλὰ
1629 1941 1696 1976 γοῦν
1729 1949 1779 1976 μοι

989 1989 1076 2016 ταῦτα
1090 1988 1196 2015 οἴκοθεν
1208 1987 1444 2023 πολιορκουμένῳ,
1463 1987 1509 2014 καὶ
1521 1988 1569 2022 ἀφ’
1583 1989 1675 2019 ἑστίας
1687 1987 1779 2024 ἔχοντι

989 2036 1024 2063 τὰ
1037 2036 1087 2071 τῆς
1103 2035 1260 2070 ἐπιϐουλῆς.
1277 2034 1310 2062 Τί
1324 2031 1372 2061 οῦν
1383 2034 1415 2062 ἂν
1428 2034 1468 2060 ἔτι
1484 2043 1530 2069 μοι
1543 2034 1620 2069 παρὰ
1631 2034 1686 2061 τῶν
1701 2035 1779 2062 ἀλλο-

990 2082 1085 2110 δαπῶν
1102 2082 1236 2118 μήκιστον
1258 2081 1382 2116 γένηται,
1407 2081 1432 2108 εί
1454 2080 1518 2112 τοὺς
1543 2082 1627 2116 ἐμοὺς
1648 2082 1678 2108 ἐν
1706 2082 1780 2108 οὓτω

991 2127 1111 2163 καιρίοις
1136 2127 1300 2159 ἐπιϐούλους
1322 2127 1480 2162 ἐξεύρηκα;
1504 2127 1536 2154 Τί
1555 2127 1577 2154 δ’
1593 2128 1625 2155 ἂν
1648 2128 1688 2158 εἰς
1710 2129 1780 2155 ἀπο-

993 2174 1084 2210 φυγὴν
1095 2174 1207 2209 ἐνέδρας
1220 2173 1300 2204 αὐτὸς
1314 2174 1531 2208 μηχανήσωμαι,
1542 2174 1606 2205 τοὺς
1619 2174 1782 2209 συμμάχους

154 2222 355 2258 παραδραμὼν.
372 2222 409 2253 ὡς
421 2221 507 2255 ἔφθην
524 2219 620 2253 εἰπὼν,
637 2219 702 2254 περὶ
715 2219 783 2246 ἄλλα
799 2218 845 2245 τὸν
862 2218 941 2251 λόγον
955 2230 981 2260 υ
993 2221 1161 2256 αὐτομόλους
1173 2220 1234 2248 καθ’
1248 2220 1327 2256 ἡμῶν
1340 2219 1459 2255 ἐξευρών
1472 2228 1480 2253 ;
1491 2220 1574 2247 Οὐδὲν
1585 2220 1649 2247 ἄλλο
1662 2220 1782 2252 πάντως,

154 2269 270 2302 πλανῶ;
297 2268 322 2295 οῖ
352 2267 453 2303 μικροῦ
479 2264 536 2293 οἷον
561 2266 594 2294 ἄν
620 2275 654 2301 με
678 2265 807 2292 διέθεντο.
834 2264 942 2299 Ἡμέρα

154 2316 313 2350 ἐπέλαμπεν
331 2315 392 2350 ἤδη,
420 2313 467 2340 καὶ
486 2313 510 2340 οἱ
537 2311 710 2340 κατάσκοποί
736 2320 793 2344 σου,
809 2310 856 2337 τοῦ
872 2309 943 2337 κατὰ

155 2361 234 2395 λόγον
249 2360 351 2395 ὑψηλὸν
369 2359 517 2394 νοουμένου
537 2366 581 2393 μοι
597 2358 671 2384 θείου
692 2358 739 2384 καὶ
753 2355 846 2383 θεόθεν
856 2356 944 2390 δημα-

156 2407 260 2441 γωγοῦ,
290 2406 451 2437 ἐπιστάντες
477 2405 516 2440 τῷ
542 2405 630 2437 ἄλσει,
661 2403 893 2439 περιεργάζονται
910 2402 946 2428 τὰ

157 2453 220 2480 κατ’
235 2453 302 2480 αὑτό
316 2461 324 2469 ·
340 2454 355 2479 ό
367 2453 417 2488 μὲν
431 2452 522 2484 πολιὸς
538 2452 600 2488 ἤδη,
615 2452 663 2479 καὶ
678 2450 768 2487 χρόνῳ
784 2449 834 2486 τὴν
848 2446 947 2484 ἐμπεμ

160 2502 221 2537 ρίαν
257 2499 366 2534 μακρὰν
394 2499 615 2533 συλλεξάμενος·
648 2498 713 2534 ἡδὺς
736 2497 835 2530 είπεῖν,
862 2495 947 2531 ταχὺς

159 2545 335 2576 ἐπιτελέσαι·
372 2545 435 2578 ὀξὺς
468 2545 608 2580 προϊδεῖν,
644 2545 739 2580 βριθὺς
777 2543 946 2579 ὲπιθέσθαμ

162 2593 276 2629 σφοδρδς
292 2592 342 2627 τὴν
356 2591 459 2627 ῥύμην,
472 2591 575 2625 πτηνὸς
589 2592 619 2618 τδ
633 2591 715 2626 τάχος
730 2599 737 2606 ·
756 2591 835 2622 am;
852 2590 948 2625 ὥσπερ

160 2639 266 2668 ἄνωθέν
277 2638 359 2665 ποθεν
374 2637 549 2672 καταρῤἀξας
563 2638 639 2672 ἡμῖν.
659 2637 688 2664 ’0
699 2636 728 2663 δέ
743 2645 776 2671 γε
792 2636 886 2668 λοιπὸς
902 2637 950 2664 καὶ

163 2686 289 2722 δεύτερος
313 2683 453 2715 ’ἀετιδεὺς,
484 2682 532 2709 τοῦ
567 2682 790 2717 προφρασθέντος
818 2683 949 2716 ἔκγονος·

164 2730 240 2757 arma)
269 2730 320 2765 μὲν
345 2728 380 2755 τὰ
407 2727 490 2754 πτίλα
517 2725 585 2762 πρὸς
612 2726 789 2761 ὁξυκινησὶαν
813 2727 887 2754 κατὰ
904 2727 951 2754 τὺν

163 2776 242 2803 ἀετὸν
257 2775 449 2808 εὐθετισμένος
468 2774 588 2808 πατέρα,
610 2773 737 2808 γαμψοὺς
754 2774 783 2801 δὲ
798 2774 873 2810 ὅμως
888 2774 953 2801 ὑπέ-

164 2828 220 2854 χων
234 2819 297 2850 τοὺς
314 2818 414 2854 ὄνυχας
433 2820 480 2845 καὶ
497 2818 570 2849 οἴους
587 2818 761 2851 ἀφαρπάζειν
783 2820 814 2846 τὸ
834 2828 954 2854 προστυ-

168 2866 225 2901 χόν.
238 2865 355 2897 Τούτους
372 2873 418 2892 σου
435 2865 496 2896 τοὺς
519 2865 710 2897 κατασκόπους
727 2866 757 2892 οὐ
777 2866 862 2901 πόρνη
883 2866 952 2893 κατὰ

995 2269 1064 2295 ἀλλά
1082 2277 1123 2294 σοι
1141 2267 1335 2302 ἀποπληρώσω
1357 2267 1388 2294 τδ
1406 2267 1523 2302 θέλημα,
1545 2266 1594 2293 καὶ
1616 2267 1646 2294 τὸ
1672 2267 1784 2294 ἐπιϐου-

994 2315 1139 2349 λευόμενον
1155 2314 1226 2341 έκὼν
1248 2314 1338 2340 ἀέκων
1352 2322 1394 2340 σοι
1414 2313 1615 2348 διαπέμψομαι.
1634 2312 1713 2340 Οὕτω
1728 2314 1784 2348 γὰρ

995 2362 1058 2393 τούς
1080 2370 1110 2388 τε
1126 2361 1317 2391 κατασκόπους
1343 2359 1512 2394 ἀμυνοῦμαι,
1543 2360 1590 2386 καὶ
1613 2359 1667 2386 ἀπὸ
1694 2358 1785 2393 θυμοῦ

997 2409 1092 2436 πεσεῖν
1110 2417 1151 2435 σοι
1168 2407 1283 2443 ποιήσω,
1295 2407 1375 2434 διαπε
1384 2408 1474 2439 σόντος
1488 2407 1581 2438 αὐτοῖς
1597 2407 1644 2433 τοῦ
1662 2407 1766 2433 σκοποῦ
1776 2416 1786 2424 ο

997 2456 1045 2482 καὶ
1061 2455 1116 2482 οὐδ’
1132 2454 1333 2490 άντιστήσομαί
1349 2462 1397 2480 σου
1413 2453 1452 2489 τῷ
1470 2453 1634 2488 βουλήματι,
1653 2454 1694 2480 ὃτι
1716 2454 1788 2489 μηδὲ

999 2503 1086 2537 πάρος
1102 2502 1167 2528 ποτὲ
1177 2502 1227 2535 τῆς
1243 2501 1292 2536 σῆς
1303 2500 1473 2527 ἀπεστάτουν
1485 2500 1583 2534 φρενός
1597 2499 1687 2535 (τοῦτο
1707 2500 1741 2532 δὴ
1758 2500 1789 2526 τὸ

999 2548 1183 2583 Σοφόκλειον).
1199 2548 1293 2583 Ἔχεις
1305 2546 1352 2574 οὖν
1367 2547 1415 2573 καὶ
1429 2547 1461 2582 δὴ
1475 2546 1504 2572 τὸ
1515 2546 1581 2580 ἐμὸν
1598 2546 1679 2572 τοῦτο
1691 2545 1788 2576 καλὸν,

999 2595 1030 2621 τὸ
1051 2595 1133 2630 μέγα,
1148 2594 1179 2620 τὸ
1195 2594 1313 2629 μονῆρες
1323 2601 1330 2609 ⁸
1351 2593 1366 2620 ὃ
1383 2593 1453 2627 τάχα
1471 2591 1550 2626 μόνον
1565 2591 1595 2618 ἓν
1608 2589 1684 2626 εῖχεν
1699 2592 1713 2618 ὸ
1727 2591 1791 2618 καθ’

1002 2641 1077 2677 ἡμᾶς
1092 2641 1155 2673 ἄρτι
1179 2639 1248 2675 βίος,
1271 2639 1309 2670 ὡς
1331 2638 1376 2666 τὸν
1395 2634 1441 2664 τοῦ
1458 2637 1588 2672 Περιόζου
1611 2637 1677 2664 ποτὲ
1702 2638 1793 2672 μέγαν

1001 2687 1049 2713 καὶ
1072 2686 1217 2713 κάλλιστον
1241 2685 1395 2720 μάργαρον.
1419 2684 1512 2718 Ἔχεις
1536 2682 1567 2709 τὸ
1585 2681 1632 2708 τοῦ
1663 2683 1726 2708 κατ’
1742 2683 1793 2717 ἐμὲ

1002 2732 1103 2761 ἄλσους
1117 2730 1269 2765 ἀγλάϊσμα,
1283 2729 1333 2765 τὴν
1342 2728 1390 2756 τοῦ
1404 2728 1470 2763 ἐμοῦ
1484 2727 1572 2763 κήπου
1586 2726 1793 2759 καλλιτεχνίαν,

1004 2778 1042 2808 εἰς
1059 2777 1073 2804 ὃ
1097 2777 1147 2810 τὴν
1170 2776 1262 2802 πᾶσαν
1279 2773 1469 2808 καλλιτεχνίαν
1489 2772 1506 2807 ἡ
1535 2770 1618 2805 φύσις
1642 2771 1795 2805 φιλοτίμως

1005 2821 1245 2857 ἐγκαταὸέὸληται
1256 2829 1264 2837 υ
1289 2817 1374 2855 οὗπερ
1390 2820 1424 2846 τὰ
1440 2818 1509 2845 καλὰ
1525 2818 1574 2853 τὴν
1593 2817 1663 2852 πρὸς
1679 2816 1715 2842 τὰ
1730 2817 1790 2851 όμεν

1006 2869 1073 2896 νενῆ
1095 2868 1250 2898 ἐκπέφευγε
1274 2867 1425 2896 συμϐολήν.
1444 2865 1546 2893 Τούτου
1570 2861 1718 2897 στερηθεὶς
1740 2864 1796 2896 ἐγὼ
