1944 3074
98 139 191 187 Διειι

834 136 963 168 ADDEN
971 136 1015 169 DA

1685 136 1756 169 131?.

122 198 161 227 εἷς
177 197 287 229 εὐγενὲς
303 197 442 229 εὐσταλῶς
463 197 578 232 μέγεθος
602 197 773 236 διαςτήσασα
784 204 791 212 ·
808 193 868 222 εἶτα
881 195 910 221 δὲ
925 193 949 224 Α
962 194 1017 220 τῶν
1033 193 1180 229 χαρτιδίων
1197 194 1330 229 φήσομεν,
1355 193 1379 220 εί
1406 194 1469 230 περὶ
1486 193 1572 222 ταῦτα
1599 194 1647 220 καὶ
1662 194 1701 228 τῷ
1713 196 1758 220 τι·

123 242 170 267 καὶ
183 242 278 277 κόσμῳ
294 240 351 269 οἷον
366 243 472 278 χρυσέῳ
485 242 523 276 τῷ
537 242 659 277 λαμπρῷ
672 241 720 268 τοῦ
735 241 841 276 καρποῦ
856 249 915 267 στο-

123 287 352 321 λισθῆσεταιοώς
379 289 427 315 νῦν
444 297 475 323 γε
503 289 553 315 οὐκ
583 289 694 322 ἐξαρκεῖ
718 289 749 315 τὸ
775 288 914 322 νεοτήσιον

122 333 202 359 τοῦτο
220 333 267 358 τοῦ
290 333 399 368 δένδρου
415 334 514 365 κάλλος
539 335 698 369 μερίζεσθαι
723 334 791 368 πρὸς
817 334 912 368 πολλὰ,

126 378 181 404 οὐδ’
195 380 339 413 αὐτάρκως
354 380 409 414 ἔχει
425 380 531 412 φύσεως
545 381 613 414 πρός
628 389 658 406 τε
673 379 830 412 διαστάσεις
843 381 915 413 ἀξιο-

125 424 222 457 λόγους
238 425 481 460 καταμερίζεσθαι,
498 427 545 453 καὶ
560 426 598 461 τῷ
610 426 710 461 καρπῷ
725 426 815 460 πολλῷ
832 435 917 452 κατα-

125 469 276 503 θρέθεσθαι.
296 471 351 497 Καὶ
368 471 385 506 ἡ
405 472 478 497 αἰτία
496 472 570 506 παρά
596 472 641 498 τὸν
670 473 777 506 χρόνον.
798 471 835 497 οὐ
859 473 915 505 γὰρ

124 514 201 548 ἡλίου
228 516 340 548 πολλαῖς
365 517 621 544 ἀποκαταστάσεσιν
638 519 654 552 ή
683 518 780 545 τούτου
808 519 916 552 γένεσις

127 562 370 597 συμμεμέτρηται,
386 563 453 589 ἀλλά
466 563 594 598 πέμπτον
606 565 623 599 ἦ
640 565 719 591 ἕκτον
734 564 793 596 ἔτος
807 564 838 590 τὸ
855 565 916 591 τού-

126 616 175 634 του
191 608 270 640 θάλος
289 610 394 644 μετρεῖ.
413 610 505 644 Ἔχεις
530 608 586 644 οὖν,
603 612 754 647 τιμιωτάτη
770 611 843 647 ψυχὴ
868 612 913 638 καὶ

127 653 174 680 τοῦ
200 655 300 687 παντὸς
322 656 384 688 ἀξία
410 665 455 688 μοι
480 656 599 691 κεφαλὴ,
616 657 647 683 τὺ
671 657 701 683 ἓν
723 658 769 684 καὶ
786 658 839 684 πᾶν
866 657 916 692 τῆς

127 701 198 734 ἐμῆς
215 701 348 735 κηπαίας,
365 702 412 727 τὸν
435 703 574 737 ἐγγυητήν
601 712 646 738 μοι
662 703 713 738 τῆς
729 703 869 738 εὐφορίας,
886 704 916 730 τὸ

127 746 211 772 καλόν
240 755 286 782 μοι
308 748 338 773 ἐν
359 747 446 774 ἐλπίδι
474 749 662 784 πληροφορίας
685 749 849 784 ἀρχέτυπον,
869 750 917 776 τὸν

127 793 178 827 τῆς
192 794 317 825 είσαῦθις
339 795 530 829 καρποφορίας
549 803 594 828 μοι
613 795 779 830 πρόδρομον.
796 796 916 829 Φύλαξον

127 839 174 865 οὖν
186 839 268 866 αὐτὸν
286 841 428 872 ἀπόθετον,
446 841 494 868 καὶ
512 841 549 873 ὡς
566 841 653 877 ἀρχὴν
672 842 798 877 περιεπε,
815 843 863 869 καὶ
877 843 915 874 ὡς

127 885 271 920 κειμήλιον
284 885 389 921 σύνεχε,
407 887 455 913 καὶ⁹
466 888 505 918 ὡς
519 888 658 922 ἐγγυητὴν
670 887 828 923 περίστελλε
841 897 849 905 ⁸
863 889 913 924 ἤδη

127 930 156 956 δὲ
169 930 217 956 καὶ
236 930 272 962 ὼς
291 931 402 966 ἔλεγχον
425 931 594 967 σύγκρυπτε.
609 933 662 960 Καί
685 943 731 968 μοι
749 934 818 969 πρὸς
834 935 915 961 αὑτὸν

127 978 157 1003 ἐν
173 977 262 1013 καιρῷ
288 978 438 1013 συγκρίνας
459 980 487 1006 τὸ
507 979 637 1012 ἐσόμενον
661 980 707 1007 τοῦ
724 981 842 1016 καρποῦ,
867 981 915 1008 καὶ

129 1023 234 1056 μαθὼν,
249 1024 274 1050 ιί
293 1024 441 1060 ψεύσομαι,
459 1025 609 1059 ἀπέλεγξόν
631 1035 661 1052 τε
678 1027 724 1054 καὶ
739 1028 913 1063 ἐπιτίμησον.

129 1067 161 1094 Εἰ
176 1069 204 1095 δὲ
221 1070 266 1095 καὶ
283 1070 447 1103 μεταλαῦεῖν
467 1071 549 1100 αὐτοῦ
571 1073 677 1108 βούλοιο
694 1073 763 1109 (οἶδα
778 1075 843 1110 γὰρ,
858 1073 915 1101 οἷον

129 1115 175 1142 τοῦ
188 1116 296 1151 καρποῦ
308 1117 338 1143 τὸ
353 1118 519 1153 ἐπαγωγὸν),
534 1122 602 1156 μήτε
617 1121 697 1156 μόνος
710 1122 740 1148 τὸ
751 1122 834 1149 καλὸν
848 1123 916 1150 ἀπο-

128 1162 217 1189 λαῦὼν
231 1163 287 1198 ἔχε,
313 1163 380 1198 μήτε
396 1165 497 1201 ἄθρουν
516 1168 546 1194 τὸ
563 1168 634 1202 μέγα
656 1168 736 1195 τοῦτο
759 1171 914 1205 προσφέρου

127 1210 204 1246 (τί[ς]
220 1212 273 1246 γὰρ
290 1212 324 1239 ἂν
339 1213 424 1245 οὕτως
448 1213 530 1240 αὑτοῦ
553 1216 811 1252 κατακαυχήσηται,
827 1218 851 1244 εί
877 1219 913 1253 μὴ

127 1258 193 1284 αὐτὸ
218 1259 297 1285 τοῦτο
314 1259 453 1294 βουθοίνας
478 1261 523 1295 εῐη
552 1261 700 1296 ἐκεῖνος;)·
724 1263 863 1299 κατάτεμε
887 1265 915 1291 δὲ

127 1306 299 1339 κερματίσας
317 1308 357 1338 είς
372 1308 468 1341 πλείω,
492 1310 540 1336 καὶ
555 1311 610 1342 τοῖς
625 1311 655 1337 τὸ
673 1312 755 1339 καλὸν
770 1313 852 1340 εἰδόσι
868 1315 914 1341 καὶ

128 1352 236 1386 φιλοῦσι
259 1353 408 1388 διάνειμαι.
438 1356 603 1393 Ἀποχρήσει
629 1359 685 1392 γὰρ
704 1356 764 1385 οἶδα
781 1360 914 1392 τοιούτοις

125 1398 234 1430 πολλοῖς
245 1407 254 1416 ·
268 1400 293 1425 εί
308 1401 354 1426 καὶ
371 1401 408 1436 μὴ
424 1402 533 1434 πάντως
548 1405 616 1438 πρὸς
632 1404 737 1440 τροφὴν
759 1406 913 1441 πλησμίαν,

127 1444 196 1471 ἀλλά
208 1453 239 1478 γε
254 1446 361 1482 τρυφήν
375 1454 382 1462 ·
398 1448 422 1473 εἰ
438 1447 476 1482 μὴ
493 1448 560 1482 πρδς
583 1448 673 1484 κόρον,
692 1449 760 1476 ἀλλὰ
783 1451 850 1485 πρὸς
865 1451 915 1485 χάρ

131 1499 173 1525 ριν
185 1499 192 1506 ·
207 1491 231 1517 εί
250 1491 286 1527 μὴ
305 1492 373 1527 πρὸς
390 1493 562 1527 πανδαισίαν,
578 1493 643 1521 ἀλλά
658 1494 727 1529 πρὸς
740 1495 849 1529 ἥδιστον
863 1497 914 1531 ἀρ-

966 240 1094 274 μιωτάτῳ
1109 239 1228 275 δεσπότῃ
1252 248 1303 274 μου
1318 240 1357 275 τῷ
1372 240 1513 273 δεῖνι,λκαὶ
1529 240 1568 275 τῷ
1585 240 1660 274 καλῷ
1677 241 1757 267 δεῖνι.

966 286 1020 312 Καὶ
1034 285 1099 317 ἴσως
1116 286 1166 312 οὐκ
1182 286 1372 312 ἐπαινέσονταί
1392 295 1432 317 σε,
1450 284 1487 313 ὧν
1506 289 1592 318 ποιεῖς
1604 295 1611 302 ⁸
1625 289 1650 313 εί
1673 288 1700 313 δὲ
1715 288 1759 313 εὗ-

964 331 1111 366 λογήσουσί
1137 340 1178 364 σε,
1202 332 1307 366 σχάσας
1328 332 1379 366 τὴν
1397 333 1530 367 γραφίδα,
1547 334 1611 366 μένε
1636 333 1757 366 ἄφωνος.

1328 378 1391 406 MA’.

1092 424 1134 457 Τῷ
1149 425 1227 452 νέων
1242 424 1367 459 Πατρῶν
1380 426 1473 460 κυρίῳ
1484 426 1631 460 Εὐθυμίῳ.

1003 473 1195 508 Πανιερώτατε
1211 473 1273 506 ἆγιέ
1290 482 1341 507 μου
1365 472 1499 499 δέσποτα·
1516 473 1576 500 οὐδὲ
1594 474 1627 499 τὰ
1641 473 1708 500 ἄλλα
1724 471 1758 499 εὖ

966 519 1106 553 πράττων,
1119 518 1271 552 δυσπραγῶ
1285 518 1435 550 κάνταῦθα,
1448 518 1488 545 ὅτι
1503 519 1591 553 λύπην
1602 518 1660 545 κατ’
1671 519 1760 552 ἐμου-

964 564 1013 590 τοῦ
1035 564 1145 598 τρέφειν
1170 564 1219 598 τὴν
1240 563 1288 599 σὴν
1313 564 1470 598 ἁγιωσύνην
1492 565 1756 600 πεπληροφόρημαι.

965 610 1021 636 Καὶ
1038 610 1134 645 ἤθελον
1151 611 1200 645 μὲν
1216 611 1253 645 μὴ
1279 610 1379 645 λέγειν,
1396 612 1437 637 ὅτι
1458 611 1489 637 οὑ
1506 611 1598 642 καλῶς
1612 619 1619 626 ·
1633 611 1683 637 οὐκ
1700 611 1758 645 ἔχω

965 656 993 683 δὲ
1018 657 1055 692 μὴ
1073 658 1171 683 εἰπεῖν.
1198 657 1252 684 Καὶ
1277 658 1336 689 πῶς
1358 658 1413 692 γὰρ
1437 658 1470 684 ἃν
1497 657 1603 689 καλῶς;
1623 657 1680 691 εἴγε
1708 657 1758 683 τὸν

966 703 1086 729 ἀναίτιον
1106 703 1135 729 ἐν
1152 703 1226 738 αἰτίᾳ
1241 704 1361 730 τίθεσθαι
1376 704 1489 739 κρίνεις,
1506 703 1554 729 καὶ
1573 703 1757 737 ἀποστέργεις

966 749 1013 776 τὸν
1027 749 1145 775 πνέοντά
1162 758 1203 781 σε,
1219 750 1266 775 καὶ
1282 750 1469 783 ἀπραγμόνως
1483 750 1693 782 ἀποδοκιμάζεις
1708 750 1758 774 τὸν

967 797 999 822 ἐκ
1013 796 1119 830 μακροῦ
1143 796 1265 830 δόκιμον.
1283 797 1313 822 El
1330 796 1362 827 δ’,
1377 796 1417 822 ὅτι
1431 796 1468 831 μὴ
1491 795 1642 822 ἐπιστέλλω
1657 796 1756 829 συχνὰ,

965 842 1047 869 τοῦτό
1063 851 1093 868 σε
1108 842 1252 877 δοκιμάζει
1268 843 1329 869 καθ’
1348 843 1436 878 ἡμῶν,
1452 842 1524 878 εἶχον
1543 844 1592 878 μὲν
1610 843 1657 869 καὶ
1673 841 1758 872 αὐτὸς

931 870 952 897 Β
968 870 1345 929 ἀντεπαγαγεῖνιξι-τοιοῦτον
1358 870 1372 905 ί.
1381 890 1418 924 μή
1431 870 1524 924 ,μοιῆδὲ
1540 870 1653 923 γένοιτο.
1675 888 1712 914 To'
1724 870 1757 913 τε

966 934 1021 969 γὰρ
1033 935 1063 961 ἐν
1077 937 1133 967 τοῖς
1146 935 1278 967 τοιούτοις
1293 935 1442 970 ἀμυντικὸν
1458 936 1488 962 οὐ
1504 935 1572 969 πρὸς
1592 935 1695 969 ἀγαθοῦ
1708 936 1758 961 ἀν-

965 980 1040 1015 δρδς,
1063 982 1110 1008 καὶ
1126 981 1186 1008 οὐδὲ
1201 982 1350 1017 τεκμήριον
1371 982 1507 1017 σταθηρδν
1529 983 1560 1008 τὸ
1576 982 1689 1017 γράμμς
1710 989 1758 1015 φι-

965 1028 1037 1059 λίας.
1060 1028 1142 1060 Ἀλλά
1162 1029 1244 1055 καλὸν
1260 1029 1320 1063 μὲν,
1337 1029 1361 1055 εἰ
1381 1029 1517 1061 πέμποιτο
1529 1037 1535 1044 ·
1555 1029 1592 1063 μὴ
1610 1027 1759 1062 στελλόμεο

966 1081 1011 1100 νον
1023 1073 1051 1100 δὲ
1065 1074 1110 1100 διά
1124 1083 1151 1101 τι
1162 1075 1355 1110 παρεμπῖπτον
1369 1075 1502 1110 ἀνάγκης,
1514 1074 1591 1101 οὐδὲν
1603 1074 1652 1109 τὴν
1664 1074 1758 1109 φιλίαν

966 1120 1113 1154 ἐλύπησεν,
1144 1121 1204 1147 οὐδὲ
1232 1121 1458 1156 παρενεπόδιοεν.
1482 1122 1539 1147 Οὔκ
1563 1120 1757 1154 ἀντεπάγομεν

966 1166 1013 1194 οὖν
1030 1166 1074 1193 διὰ
1090 1166 1176 1193 ταῦτα
1191 1167 1221 1193 τὸ
1247 1167 1304 1194 ῖσον
1320 1169 1369 1202 τῆς
1388 1166 1757 1200 αἰτιάσεως.’Δπολογοῦμαι

966 1216 1005 1247 δὲ,
1023 1215 1203 1250 ὑποφητεύων
1225 1216 1256 1250 τῇ
1278 1215 1411 1250 ἀληθείᾳ·
1430 1215 1477 1241 καὶ
1504 1214 1642 1246 πέποιθα,
1670 1215 1706 1248 μὴ
1722 1215 1758 1240 ἂν

967 1262 1069 1288 ἁλῶναι
1093 1261 1220 1296 ψεύδους,
1235 1261 1277 1295 ἐφ’
1305 1259 1345 1292 οἷς
1363 1261 1428 1296 ἐρῶ.
1446 1261 1503 1287 Οὐκ
1531 1260 1691 1292 ἐπιστέλλω,
1711 1260 1759 1286 δέ-

968 1317 1066 1341 σποτα,
1092 1308 1135 1334 διὰ
1159 1308 1224 1339 τοὺς
1248 1307 1357 1342 φαύλως
1376 1307 1568 1338 διακονοῦντας
1590 1309 1647 1338 τοῖς
1666 1308 1758 1341 γράμ-

967 1364 1045 1390 μασι,
1064 1355 1111 1381 καὶ
1125 1355 1170 1381 τδν
1191 1354 1280 1381 κοινὴν
1299 1353 1460 1385 ἀδικοῦντας
1478 1353 1583 1389 Ἑρμῆν
1595 1362 1602 1369 ·
1621 1353 1645 1380 οἳ
1670 1355 1757 1388 χειρῖ-

967 1402 1064 1428 σασθαι
1083 1401 1133 1436 μὲν
1146 1400 1297 1427 ἐπιστολῶν
1323 1400 1397 1426 ἀετοὶ
1411 1400 1563 1432 ὼκυπετεῖς
1582 1400 1755 1434 ἐφίπτανται,

965 1447 1079 1482 κομίσαι
1094 1447 1121 1473 δὲ
1143 1447 1183 1482 τῷ
1207 1447 1276 1482 φίλῳ
1290 1446 1336 1472 καὶ
1348 1446 1417 1480 ὑπὲρ
1432 1446 1495 1477 τοὺς
1514 1446 1592 1477 ὅνους
1607 1445 1756 1479 νωθρεύον-

965 1493 1177 1528 ται.Κερδαλέοι
1206 1493 1291 1526 τινὲς,
1315 1491 1403 1528 οἶμαι,
1426 1490 1498 1537 οὗτρι
1527 1493 1675 1528 ἄνθρωποι,
1703 1493 1756 1527 πρὸ

127 1546 211 1571 τυμα.
233 1537 289 1563 Καὶ
311 1538 386 1564 ἔσται
404 1539 461 1569 τοῖς
484 1539 534 1572 μὲν
557 1539 711 1573 φιλοκάλοις
725 1540 764 1570 ὡς
785 1540 894 1575 ἥδυσμα
907 1549 914 1556 ·
929 1538 951 1568 C
967 1541 1051 1576 ἔργου
1067 1540 1214 1575 τιθέμενοι,
1238 1540 1375 1575 χαρτὰρια
1396 1540 1576 1574 ἐπισωρεύειν
1595 1540 1690 1575 συχνὰ,
1708 1541 1755 1565 καὶ

124 1585 184 1615 ’τοῖς
205 1584 234 1610 δὲ
252 1584 402 1619 ὀψοφάγοις
423 1586 462 1617 ὡς
482 1585 557 1620 δψον,
574 1586 635 1621 ἔχον
655 1595 680 1613 τι
699 1587 821 1621 χάριτος.
844 1586 915 1618 Τοὺς

126 1637 159 1662 γε
187 1630 241 1664 μὴν
269 1630 464 1665 χαριεστέρους
493 1631 609 1665 λυπήσει
638 1632 815 1666 κατατμηθὲν
844 1632 916 1659 οὕτω

125 1675 206 1701 τοῦτο
229 1676 259 1702 τδ
284 1677 375 1709 τίμιον
397 1677 545 1712 κάρπιμον.
568 1677 742 1713 Θεωρήσουσι
768 1678 823 1713 γὰρ
837 1677 916 1704 τοῦτο

127 1722 198 1748 κατά
212 1730 244 1756 γε
259 1721 322 1753 τοὺς
338 1722 394 1749 ἀνω
411 1723 506 1756 λόγους
518 1723 564 1750 καὶ
579 1723 616 1755 ὡς
630 1725 729 1759 ἀρχὴν,
744 1725 792 1751 καὶ
807 1724 845 1756 ὡς
859 1734 917 1752 κει-

128 1770 236 1805 μήλιον,
249 1770 295 1796 καὶ
309 1770 347 1801 ὡς
370 1770 508 1805 ἐγγυητήν
520 1777 528 1785 ·
545 1766 582 1797 ὧν
596 1770 704 1801 οὐδενός
725 1771 809 1804 ἐσμεν
823 1771 916 1798 ἀνεπί-

128 1825 239 1851 στροφοι
265 1815 414 1851 ἀνθρωττοι.
436 1816 473 1842 Ἦ
495 1824 526 1842 τε
552 1815 607 1851 γὰρ
636 1817 707 1852 ἀρχὴ
738 1817 766 1844 ἐν
791 1819 916 1852 τιμηταῖς

129 1863 296 1896 σπουδαίοις,
314 1863 361 1890 καὶ
375 1863 406 1889 τὸ
421 1863 564 1898 κειμήλιον
581 1864 732 1899 συνέχεται,
748 1865 794 1891 καὶ
810 1866 823 1891 ό
839 1865 917 1899 ἐξεγ-

127 1908 268 1942 γυώμενος
291 1909 463 1944 περιέπεται.
486 1910 666 1945 Μεμνήσεται
682 1910 711 1937 δὲ
726 1912 739 1937 ό
760 1910 807 1937 τοῦ
832 1911 914 1938 καλοῦ

127 1955 222 1982 τούτου
236 1955 332 1990 φαγὼν
346 1956 395 1990 τῆς
411 1955 552 1991 ήδΰτητος,
565 1957 603 1989 ὡς
618 1958 642 1984 εἰ
658 1957 706 1984 καὶ
722 1957 809 1985 λωτοῦ
823 1959 917 1993 ἐνεφο-

130 2001 211 2037 ρήθη,
226 2001 282 2028 εἴτε
299 2001 354 2038 μὴν
370 2002 524 2038 ἀμϐροσίας
539 2004 586 2029 καὶ
604 2003 736 2039 νέκταρος

491 2049 556 2076 MI".

411 2093 451 2126 Τῷ
470 2094 634 2129 δισυπάτῳ.

165 2139 246 2166 Ἀλλο
261 2140 290 2166 οὐ
317 2140 454 2175 γράφεις;
470 2141 570 2168 Οὐκέτι
585 2142 695 2175 λαλετςς
717 2143 802 2170 Τοῦτο
818 2145 916 2171 κατάν-

126 2193 202 2220 τημα
220 2187 274 2213 τῶν
289 2186 395 2222 συχνῶν
409 2188 522 2215 ἐκείνων
541 2188 640 2222 λόγων,
654 2189 684 2215 τὸ
699 2190 760 2225 μηδ’
785 2189 853 2222 ὅλως
868 2191 916 2218 λα-

126 2232 199 2265 λεῖνς
235 2232 334 2267 Ἐχρῆν
348 2233 393 2260 ἁσί
409 2233 516 2270 [γητον]
542 2234 663 2267 λιάζειν,
692 2235 739 2262 καὶ
770 2235 813 2262 ἀεὶ
838 2235 916 2262 τοῦτο

127 2277 223 2308 ποιεῖν,
249 2277 321 2312 ἥπερ
347 2278 483 2313 ἀλάμενον
508 2279 604 2306 τοσάδε
624 2279 727 2314 (θετέον
751 2279 783 2312 δ’,
800 2280 841 2307 ὅτι
869 2280 916 2306 καὶ

128 2322 243 2357 μακρὰ),
261 2321 321 2350 εἶτα
338 2324 555 2360 συμποδισθῆναι
576 2325 623 2351 καὶ
641 2325 809 2360 ἀκινητίζειν
824 2326 864 2357 είς
886 2326 917 2352 τὸ

126 2368 190 2395 πᾶν.
207 2369 262 2395 Καὶ
277 2369 324 2396 τοῦ
339 2371 457 2406 σωλῆνος
477 2371 559 2398 καλὸν
575 2372 603 2398 τὸ
620 2371 767 2407 σύστομον,
785 2372 823 2404 ὡς
838 2372 871 2398 ἂν
886 2372 917 2398 τδ

126 2415 257 2450 ἐπιρρέον
282 2415 354 2451 ὕδωρ
372 2417 538 2452 πνιγόμενον
559 2418 609 2453 ῥέῃ
633 2419 809 2453 παράμονον·
827 2418 873 2444 ἐὰν
888 2417 917 2444 δέ

125 2460 213 2487 πλατὺ
227 2461 307 2498 χαίνῃ
323 2462 532 2499 [ἀνεῳγμέ]νον,
545 2463 576 2490 τὸ
583 2465 638 2491 πᾶν
651 2464 776 2499 ἐξήμεσε,
791 2464 838 2490 καὶ
850 2464 913 2490 οὑκ-

125 2507 164 2534 ἐτ¹
177 2508 280 2539 ἐκεῖνος
301 2507 463 2544 εὔχρηστος.
477 2510 658 2546 Συρφετώδης
683 2511 742 2546 μὲν,
756 2511 806 2537 οὐκ
818 2510 917 2546 ἄχαρις

125 2552 154 2579 δὲ
176 2553 264 2586 λόγος,
283 2553 312 2585 ὃς
329 2554 403 2587 φιλεῖ
416 2554 498 2582 καλὸν
515 2555 545 2582 τὸ
559 2556 651 2590 ὀλίγον
672 2557 721 2583 καὶ
741 2556 867 2583 πάντοτε.
884 2555 916 2583 Εἰ

122 2595 153 2621 δὲ
178 2596 208 2622 τὸ
234 2597 390 2624 Δωδωναῖόν
420 2606 466 2632 μοι
495 2600 658 2634 περιφέρεις
685 2599 822 2635 χαλκεῖον,
848 2599 916 2626 ἀλλὰ

124 2642 245 2678 φλύαρος
261 2644 363 2674 ἐκεῖνος
377 2644 391 2670 ὸ
405 2642 484 2679 ἦχος,
504 2646 551 2671 καὶ
564 2646 639 2672 οὐδέν
656 2654 682 2672 τι
702 2646 836 2681 προσήκει
856 2647 917 2677 ταῖς

125 2689 302 2724 φιλουμέναις
313 2691 479 2722 ἐπιστολαῖς.
498 2692 528 2717 El
543 2691 571 2717 δὲ
590 2691 627 2726 μὴ
642 2691 768 2726 θαμίζειν
782 2693 810 2723 ἐς
825 2691 915 2725 φίλου,

126 2736 195 2770 μηδὲ
212 2737 297 2772 συχνὰ
319 2737 398 2774 τοῦτο
413 2738 512 2770 ποιεῖν,
525 2738 539 2763 ό
551 2737 580 2769 ἐξ
603 2738 707 2773 ἀγορᾶς
721 2737 801 2773 λόγος
821 2737 896 2764 λαλεῖ
908 2745 916 2753 ’

126 2782 186 2808 ἀλλ’
205 2782 266 2808 οὗτε
283 2783 349 2819 περὶ
361 2784 416 2810 τῶν
433 2784 471 2812 ὡς
487 2783 596 2818 ἀληθῶς
611 2783 696 2818 φίλων
713 2785 728 2819 ὴ
746 2783 854 2818 γνώμη,
870 2786 917 2812 καὶ

125 2829 188 2855 οὐδέ
205 2830 304 2856 ταυτὸν
320 2830 383 2857 ποσὶ
396 2830 524 2866 Θαμίζειν
540 2831 588 2858 καὶ
604 2831 760 2866 γράμμασι.
775 2831 851 2866 Τάχα
863 2831 916 2858 τοί-

129 2885 176 2902 νυν
193 2877 362 2912 ἁπέστερξας
386 2878 458 2912 ἡμᾶς
472 2885 480 2894 ο
499 2877 528 2903 οὺ
547 2878 599 2913 γὰρ
622 2876 707 2912 δήπου
731 2876 870 2910 φείδεσθαί
885 2885 916 2903 σε

970 1587 1010 1619 είς
1038 1586 1224 1622 ὀψαρτυτικὴν
1259 1587 1394 1620 ἐμπορίαν
1429 1586 1626 1621 φορτίζεσθαι·
1650 1586 1755 1620 τρυφῆς

969 1633 1100 1668 ἐπιϐολὴν
1122 1633 1296 1668 εὐπόριστον.
1321 1632 1442 1667 ἐμπολὴν
1463 1633 1580 1667 τρυφαῖς
1602 1631 1754 1667 ἀγώγιμον,

970 1679 1006 1711 ὡς
1024 1680 1057 1707 ἂν
1077 1680 1163 1714 ἔχοιεν
1180 1680 1235 1710 τοῖς
1249 1679 1325 1714 ὄψοις
1344 1679 1488 1714 ἡδύσματα
1511 1678 1753 1706 καταλλάττεσθαι.

972 1726 1008 1752 ’Ἠ
1031 1726 1058 1752 τί
1084 1726 1131 1752 καὶ
1148 1725 1304 1760 βουλόμενοι
1327 1725 1422 1759 ἕτερον
1445 1725 1578 1760 φορυτοὺς
1606 1725 1756 1751 ἐπιστολῶν

970 1773 1112 1807 ἀγείρουσι
1129 1772 1190 1806 μὲν,
1214 1772 1343 1806 ἐπέχουσι
1359 1771 1404 1804 δές
1425 1771 1460 1799 Ὃ
1477 1771 1504 1798 δὲ
1520 1772 1568 1798 τοῦ
1593 1772 1756 1806 πράγματος

970 1817 1183 1853 φορτικώτατον,
1208 1817 1296 1843 ἐκεῖνό
1324 1818 1409 1849 ἐστιν,
1430 1817 1473 1843 ὅτι
1498 1817 1592 1843 πολλοὶ
1617 1817 1672 1842 τῶν
1696 1818 1757 1848 ταῖς

970 1865 1090 1900 γραφαῖς
1118 1855 1327 1898 ὑπουργούντων
1349 1863 1397 1890 καὶ
1422 1864 1451 1890 ἐν
1472 1863 1612 1897 ἀξιώσεως
1635 1863 1755 1890 τίθενται

970 1910 1049 1945 μέρει
1056 1910 1086 1935 τὺ
1095 1910 1222 1944 πρᾶγμα,
1234 1911 1282 1936 καὶ
1290 1908 1444 1940 λιτάζονται
1453 1909 1754 1944 χειρίσεσθαιγράμμα,

968 1956 1018 1982 καὶ
1045 1955 1184 1990 ἐξαίρουσι
1206 1954 1244 1989 τῷ
1271 1955 1344 1989 λόγῳ
1361 1954 1407 1980 τὸν
1427 1954 1578 1989 ᾲπόδημον,
1605 1955 1653 1981 καὶ
1679 1954 1758 1988 φίλον

970 2002 1076 2036 ἑταῖρον
1094 2001 1294 2036 ἐπιγράφονται
1308 2008 1316 2016 ·
1333 2000 1380 2027 καὶ
1394 1998 1412 2036 ἦ
1432 2001 1485 2035 μὴν
1500 2000 1567 2036 παρ’
1587 2001 1669 2027 αὐτὸν
1686 2001 1757 2027 κατὰ

971 2047 1090 2082 σπουδὴν
1109 2046 1196 2073 ἐλθεῖν
1212 2047 1393 2082 βεὸαιοῦνται,
1409 2047 1447 2077 ὡς
1463 2047 1494 2073 ἐκ
1511 2047 1645 2080 πελάγους
1662 2049 1703 2078 εἰς
1716 2048 1758 2073 λι-

972 2093 1050 2127 μένα,
1065 2091 1113 2119 καὶ
1129 2092 1158 2125 ἐξ
1174 2092 1328 2125 ὁδοιπορίας
1343 2092 1453 2126 μακρᾶς
1464 2092 1504 2122 είς
1516 2091 1687 2119 ἀνάπαυλαν.
1702 2093 1759 2119 Καὶ

970 2139 1053 2173 ἡμεῖς
1069 2137 1219 2173 τηνικαῦτα
1234 2137 1303 2172 πρὸς
1318 2137 1410 2168 αὐτοῖς
1431 2137 1531 2172 ἔχομεν
1553 2138 1601 2165 τὸν
1616 2138 1689 2170 νοῦν,
1709 2140 1760 2165 καὶ

968 2183 1102 2218 δοκοῦμεν
1116 2182 1224 2218 ἐρμαίῳ
1237 2183 1367 2218 ἐντυχεῖν,
1385 2182 1432 2209 καὶ
1446 2183 1627 2218 ὲπιτρέχομεν
1641 2183 1681 2218 τῷ
1694 2192 1760 2217 φαι-

969 2229 1086 2264 νομένῳ.
1103 2229 1145 2254 Τὰ
1156 2229 1185 2255 δὲ
1206 2227 1277 2265 ἦσαν
1294 2228 1381 2262 οὐδὲν,
1406 2229 1464 2255 ἀλλ’
1480 2229 1495 2264 ἢ
1513 2229 1594 2264 χάρις
1617 2229 1757 2264 γλώσσης,

969 2275 1016 2301 καὶ
1033 2275 1074 2306 εἰς
1094 2274 1163 2309 ἀέρα
1190 2274 1286 2309 ψόφος,
1305 2275 1352 2301 καὶ
1368 2275 1475 2309 κόμπος
1499 2275 1586 2306 κενός.
1609 2275 1663 2302 Καὶ
1680 2275 1759 2301 αὐτοὶ

970 2320 1020 2355 μὲν
1031 2321 1173 2356 γράφομεν
1187 2321 1221 2346 τὰ
1232 2320 1374 2352 δοκοῦντα,
1387 2321 1433 2346 καὶ
1449 2321 1499 2347 ὅσα
1513 2321 1584 2348 εἰσὶν
1596 2323 1624 2347 ἐν
1637 2322 1759 2357 ἀνάγκη,

969 2366 1170 2402 τεθαρρηκότες
1203 2368 1236 2402 τῇ
1264 2366 1470 2402 ἐπιπολαζούσῃ
1496 2367 1535 2402 τῷ
1564 2368 1760 2404 ἀγγελιαφὰρῳ

969 2413 1136 2449 χρηστότητι
1148 2420 1156 2428 ο
1170 2414 1184 2439 ὁ
1197 2412 1224 2439 δὲ
1239 2412 1273 2439 τὰ
1288 2412 1374 2439 πολλὰ
1390 2414 1481 2440 ἐκεῖνα
1495 2413 1593 2447 λόγους
1607 2414 1703 2444 κενοὺς
1719 2413 1761 2440 εἱ-

968 2467 1013 2486 ναι
1044 2459 1217 2494 πραγμάτων
1245 2459 1337 2492 ἀφεὶς,
1361 2458 1579 2494 ἀτελεσφόρητον
1602 2459 1679 2486 ἔθετο
1707 2459 1760 2494 τὴν

967 2505 1063 2532 ἐλπίδα
1078 2505 1117 2540 τῷ
1132 2505 1278 2532 στείλαντι.
1302 2505 1330 2532 ’0
1350 2505 1399 2540 μὲν
1415 2506 1470 2540 γὰρ
1484 2506 1512 2531 ἐν
1526 2505 1614 2531 ἐλπίδι
1630 2506 1708 2541 φέρει
1723 2507 1759 2532 τὰ

966 2550 1026 2586 τῆςι
1037 2551 1160 2586 γραφῆς,
1183 2551 1234 2585 τὴν
1249 2549 1381 2585 φιλτάτην
1396 2551 1458 2585 δψιν
1480 2551 1574 2578 αὐτόθι
1596 2551 1759 2585 καραδοκῶν

968 2594 1023 2623 οἷον
1043 2596 1274 2631 ἐνοπτρίσασθαι·
1296 2596 1327 2623 τὸ
1341 2596 1365 2623 δ’
1385 2596 1473 2628 ἄλλως
1496 2598 1603 2624 πίπτει.
1622 2597 1676 2623 Καὶ
1693 2596 1759 2623 οὔτε

968 2644 998 2670 τὸ
1025 2642 1192 2679 ποθούμενον
1212 2643 1330 2678 γίνεται,
1359 2643 1406 2670 καὶ
1425 2644 1442 2679 ἡ
1470 2643 1548 2678 φιλία
1570 2643 1759 2671 διαϐάλλεται.

968 2690 1028 2717 Τίνι
1043 2690 1110 2724 γοῦν
1121 2690 1185 2721 τοὺς
1205 2690 1344 2721 τοιούτους
1360 2690 1547 2725 τιμησάμενός
1561 2698 1603 2722 τις
1626 2690 1708 2726 κρίνῃ
1723 2691 1761 2717 ἂν

969 2737 1116 2769 εὐθύτατα,
1132 2736 1149 2772 ἢ
1166 2736 1236 2772 τάχα
1251 2736 1284 2763 ἂν
1299 2736 1407 2772 θανάτῳ
1422 2745 1431 2771 ;
1448 2737 1503 2763 Καὶ
1526 2738 1580 2771 μὴν
1595 2737 1644 2771 οὐχ
1663 2738 1760 2769 ἱκανὸς

969 2783 1048 2819 ἀνδρὶ
1062 2783 1177 2819 τοιούτῳ
1201 2784 1315 2815 θάνατος
1335 2781 1387 2817 εἷς,
1401 2783 1474 2810 οὕτω
1489 2783 1553 2815 τοὺς
1567 2783 1660 2817 φίλους
1682 2784 1754 2818 διχα-

970 2829 1054 2862 ζοντι.
1077 2829 1231 2857 Ἐπίόουλοι
1246 2830 1338 2864 φιλίας
1352 2830 1378 2856 οἱ
1397 2829 1523 2861 τοιοῦτοι,
1539 2829 1667 2864 ἀληθείας
1684 2829 1761 2864 ἱερό-

971 2876 1056 2909 συλοι,
1068 2876 1208 2911 κακόξενοι
1220 2883 1228 2892 ·
1241 2875 1366 2903 ἀδικοῦσι
1375 2875 1421 2903 τὸν
1437 2875 1597 2909 Ἑταιρείον,
1610 2874 1761 2908 ψεύδονται
