3930 6232
1091 305 1804 400 TRADITIO
1911 302 2758 398 CATI—IOLICA.

1285 502 1716 566 SECULUM
1761 500 1916 577 XII,
1963 498 2178 564 ΑΝΝΙ
2211 499 2586 562 1190-1200.

1491 888 2323 1020 ELENCHUS

345 1111 854 1227 sucronunl
894 1161 1014 1224 nr
1055 1159 1451 1223 omnum
1495 1159 1657 1237 om
1697 1160 1800 1223 IN
1837 1161 2026 1223 HOC
2064 1160 2329 1222 τοωο
2372 1159 2728 1225 cxxxvr
2768 1161 3467 1231 commemora;

1701 1405 2146 1436 «II—“*—

906 1631 1409 1696 EUSTATHIUS
1455 1631 1764 1695 THESSA
1775 1629 2246 1695 LONICENSIS
2283 1629 2904 1696 METROPOLITA.

494 1819 773 1881 Ορειιωι
795 1817 829 1854 ’⁸
864 1832 1323 1880 CONTINUATIO.

378 1928 464 1988 De
501 1921 961 1987 Thessalonica
1011 1924 1168 1986 urbe
1203 1939 1239 1985 a
1285 1920 1524 1985 Latinis
1571 1926 1778 2002 capta.
3393 1917 3428 1975 9

378 2032 676 2095 Laudatio
724 2031 788 2093 S.
837 2029 1154 2095 Philothei
1187 2027 1541 2110 Opsiciani.
3321 2020 3424 2082 141

376 2137 440 2197 S.
499 2134 798 2196 Demetrii
849 2132 1144 2212 martyris
1175 2132 1640 2194 Invocationes.
3315 2123 3420 2183 161

378 2235 808 2314 Panegyricus
846 2251 1057 2297 sermo
1094 2233 1174 2296 de
1225 2232 1480 2297 eodem.
3321 2224 3426 2287 169

375 2340 468 2403 Ad
531 2341 815 2422 Stylitam
871 2340 1214 2422 quemdam
1247 2339 1917 2403 Thessalonicensem.
3310 2331 3422 2394 217

377 2447 464 2508 De
493 2448 599 2510 SS.
642 2443 893 2526 Alpheo
927 2451 989 2508 et
1032 2446 1225 2509 sociis
1277 2445 1688 2526 martyribus.
3312 2440 3428 2504 263

375 2553 466 2615 De
503 2553 610 2616 SS.
645 2552 1031 2632 martyribus
1068 2552 1330 2626 Anania,
1363 2554 1580 2616 Azaria
1627 2559 1690 2616 et
1717 2552 1982 2616 Misaele
2010 2553 2076 2615 in
2111 2551 2443 2617 fornacem
2486 2553 2815 2632 conjectis.
3312 2548 3426 2609 289

379 2660 471 2721 De
515 2659 878 2724 obedientia
908 2659 1306 2738 magistratui
1345 2659 1702 2724 Christiano
1748 2660 1982 2723 debita.
3311 2655 3422 2718 301

377 2767 690 2846 Prologus
742 2766 822 2830 ad
853 2765 1210 2831 Pindarica.
3311 2759 3426 2823 359

381 2869 467 2932 De
499 2867 932 2931 simulatione.
2717 2889 2720 2892 ~
3310 2867 3425 2926 373

377 2975 604 3038 Contra
641 2974 1016 3055 injuriarum
1049 2975 1447 3039 memoriam.
3308 2977 3417 3038 407

373 3083 705 3162 Expositio
740 3082 965 3166 hymni
1003 3085 1450 3166 pentecostalis
1487 3083 1880 3165 Damasceni,
1926 3104 2005 3152 ex
2036 3087 2319 3152 editione
2352 3091 2661 3152 Romana.
3309 3088 3419 3148 501

375 3187 701 3268 Epistolm.
1611 3229 1614 3232 ~
3279 3189 3431 3253 1245

1531 3327 1948 3392 ANTONIUS
1986 3327 2348 3392 MELISSA.

375 3477 718 3540 Sententiae
767 3479 896 3540 sive
943 3475 1070 3541 loci
1121 3493 1497 3542 communes
1527 3496 1606 3541 ex
1636 3481 1834 3543 sacris
1863 3488 1927 3544 et
1963 3481 2251 3562 profanis
2277 3481 2648 3545 auctoribus
2673 3480 2948 3545 collecti.
3308 3477 3423 3537 765

374 3583 582 3646 Index
618 3583 702 3646 ad
727 3583 995 3647 Antonii
1023 3583 1292 3647 Melissa:
1334 3584 1528 3648 Locos
1557 3604 1936 3650 communes.
3277 3581 3426 3643 1333

438 3925 460 3946 '
487 3927 730 3980 Eustathii
761 3928 945 3994 scripta
978 3931 1059 3983 hic
1092 3933 1386 3985 enumerata
1419 3935 1472 3983 et
1506 3943 1566 3983 ea
1604 3943 1718 3994 quae
1751 3933 1913 3982 tomus
1943 3928 2174 3994 superior
2214 3930 2585 3994 complectitur,
2619 3929 2777 3982 latine
2807 3928 3059 3993 prodeunt
3093 3940 3156 3978 ex
3193 3929 3454 3991 interpre-

345 4015 537 4065 tatione
572 4020 761 4068 nostra.

2253 5753 2496 5812 Parisiis.
2531 5787 2598 5799 ——
2624 5757 2700 5814 Ex
2726 5755 2893 5830 'l'ypis
2923 5753 3065 5812 J.-P.
3099 5752 3333 5822 MIGNE,
