3930 6232
376 353 431 424 11
1100 358 1518 421 EUSTATHll
1559 349 2308 421 THESSALONICENSIS
2344 354 2906 424 METROPOLIT/E

3535 344 3604 410 1'2

373 473 604 528 tucnlari
627 487 733 527 non
760 482 877 528 erat
905 470 1189 542 possibile.
1214 471 1419 526 Deinde
1442 470 1827 525 lamentatione
1850 470 1947 524 de-

2084 472 2183 524 ‘Oatt
2204 471 2263 523 τό
2295 486 2355 537 γε
2388 467 2624 536 πρῶτον.
2675 462 2805 517 Εἶτα
2829 463 3223 533 καθιστάμενος
3286 460 3376 514 τοῦ
3408 460 3618 525 οτκτου,

373 570 574 635 posita,
601 564 923 633 auctorique
953 564 1081 618 mali
1114 573 1164 617 et
1189 562 1413 617 asseclis
1438 563 1582 617 illius
1603 563 1741 616 facta
1766 562 1947 629 aliqua

374 654 816 722 exprobratione,
852 654 1013 722 plane
1054 652 1442 722 sapienterque
1491 666 1686 720 magna
1732 665 1951 720 quoque

374 751 534 798 erunt
575 742 829 797 dicenda.
884 743 1061 812 Atque
1099 744 1186 797 hic
1219 757 1403 798 sermo
1440 743 1636 812 partim
1686 741 1954 811 simplici-

376 842 479 896 ter,
523 846 578 887 ut
610 834 916 900 opoitebat,
948 833 1143 901 put‘lim
1189 833 1495 902 elegantius
1524 850 1550 884 ιι
1596 838 1777 903 capite
1813 833 1952 886 inci-

378 927 507 992 piet,
558 927 701 994 quod
757 923 1073 994 importune
1117 924 1468 994 praepositum
1520 925 1826 979 contextim
1859 939 1950 978 or-

378 1018 719 1087 dinatintque
759 1019 811 1070 in
848 1016 1105 1070 habentia
1175 1017 1338 1070 linem
1402 1017 1657 1085 loquendi
1721 1015 1948 1070 recidet.

378 1107 722 1177 Rursumque
769 1123 890 1177 quae
949 1117 1077 1162 sunt
1123 1109 1550 1176 expugnationis
1605 1108 1781 1162 fusius
1827 1117 1949 1162 tan-

381 1207 489 1267 get,
523 1214 645 1252 cum
673 1208 725 1252 et
756 1199 870 1268 ipsa
907 1199 977 1252 sit
997 1199 1160 1269 hujus
1179 1201 1362 1267 aperis
1387 1199 1693 1269 pracipuus
1731 1214 1948 1269 scapus.

2048 561 2139 613 καί
2159 578 2209 611 τι
2229 559 2359 628 πρός
2383 557 2547 626 βάρος
2575 553 3044 624 ύπομεμψάμενος
3066 552 3155 605 τὸν
3178 552 3351 605 αῐτιον
3382 550 3476 603 καὶ⁵
3504 568 3627 603 συν-

2050 653 2221 704 αἱτιον
2268 649 2360 701 τοῦ
2393 648 2588 712 κακοῦ,
2645 649 2935 717 γενήσεται
2965 643 3058 698 τοῦ
3083 645 3176 698 καὶ
3210 643 3478 714 εὐκρινῶς
3513 644 3612 695 καὶ

2052 747 2260 812 σαφῶς,
2289 742 2378 794 ἐπί
2400 758 2452 793 τι
2481 741 2537 792 δὲ
2560 741 2654 792 καὶ
2687 737 2992 809 μεγαλείως
3022 735 3377 806 ἀφηγεῖσθαι.
3408 736 3518 787 Καὶ
3546 735 3626 804 πῆ

2054 836 2153 904 μὲν
2181 833 2415 902 ἀφελῶς,
2442 832 2515 896 ὡς
2545 833 2729 902 ἐχρῆν,
2763 830 2839 900 πῆ
2866 829 2922 883 δὲ
2945 830 3039 882 καὶ
3066 827 3485 898 γλαφυρώτερον
3534 829 3630 883 καὶ

2056 925 2163 979 ἀπὸ
2194 924 2443 994 κεφαλῆς
2474 922 2773 993 ἠργμένος,
2802 916 2871 994 ἦς
2902 920 3055 973 οὐδὲν
3112 919 3340 989 καιρίως
3376 916 3623 988 πρεσϐύο

2057 1034 2232 1085 τερον,
2263 1014 2636 1084 καταϐήσεται
2668 1016 2749 1075 είς
2780 1013 2847 1065 τὰ
2879 1010 3115 1083 ἐχόμενα
3165 1009 3287 1063 καθ’
3314 1010 3508 1080 εἱρμὸν
3537 1009 3634 1060 καὶ

2056 1109 2208 1174 τάξιν
2235 1108 2295 1159 ού
2322 1107 2501 1176 πάντη
2526 1103 2945 1173 ἀπεριλάλητον.
2976 1102 3083 1155 Καὶ
3109 1099 3307 1170 ἅψεται
3335 1100 3500 1152 πάλιν
3520 1098 3631 1150 τῶν

2055 1201 2153 1268 τῆς
2206 1198 2460 1260 ἁλώσεως
2538 1194 2872 1264 πλατύτερον
2925 1193 3067 1247 κατὰ
3124 1192 3305 1247 πᾶσαν
3358 1191 3631 1275 ἀνάγκην⁹

379 1294 503 1348 ἐπεὶ
531 1292 625 1345 καὶ
658 1290 800 1360 αὕτη
855 1292 1096 1362 μάλιστα
1125 1294 1232 1363 πρὸ
1262 1292 1424 1363 ἔργου
1461 1293 1834 1360 ὑποϐέϐληται
1879 1293 1947 1362 τῇ
1982 1293 2294 1363 συγγραφῇ.

453 1384 505 1437 5.
527 1379 794 1448 Quoniam
822 1398 950 1436 vero
977 1386 1027 1437 in
1061 1384 1144 1439 bis
1162 1384 1317 1454 signa
1339 1383 1645 1438 manifestat
1666 1382 1953 1446 Divinitas,

383 1490 502 1541 qum
532 1475 753 1542 quidem
798 1480 961 1529 etiam
1013 1484 1145 1530 tunc
1194 1485 1583 1545 apparuerunt,
1628 1476 1695 1530 de
1731 1474 1957 1544 quibus-

386 1565 511 1616 dam
568 1578 749 1619 sermo
786 1574 974 1619 noster
1022 1567 1208 1621 sobrie
1258 1567 1529 1635 loquetur.
1591 1563 1708 1619 Non
1758 1565 1957 1620 tacebit

2134 1350 2222 1451 γ’..
2248 1350 2398 1435 ’.Ὅτι
2439 1380 2615 1433 δὲκαὶ
2666 1378 2865 1448 σημεῖα
2901 1377 2960 1429 ὲν
3017 1350 3131 1439 τοῖς
3181 1373 3447 1435 τοιούτοις
3505 1388 3638 1442 προ-

2068 1474 2250 1543 φαίνει
2277 1474 2338 1526 τδ
2363 1473 2539 1538 Θείον,
2570 1471 2605 1524 δι
2644 1470 2709 1541 δὴ
2735 1468 3018 1524 κάνταῦθα
3042 1467 3300 1538 ἐμφανῶς
3352 1464 3634 1535 προέλαμ-

2063 1566 2153 1636 ψε,
2188 1564 2602 1635 προσεφάψεται
2657 1564 2752 1617 καὶ
2780 1562 3045 1616 τοιούτων
3114 1561 3278 1613 τινῶν
3316 1561 3344 1613 ό
3366 1559 3526 1625 λόγος
3553 1560 3635 1622 είς
3695 1564 3698 1568 ’

385 1672 601 1728 quoque
645 1673 840 1712 causas
892 1659 1328 1727 peccaminosas,
1366 1666 1587 1728 propter
1629 1672 1766 1726 quas
1823 1658 1964 1710 cala-

2084 1655 2410 1725 σύμμετρον.
2448 1654 2562 1708 Οὐκ
2583 1653 2951 1723 ἀποστήσεται
2980 1650 3038 1704 δὲ
3072 1650 3192 1703 οὐδὲ
3224 1649 3320 1702 τοῦ
3377 1648 3639 1702 ἐκθέσθαι

391 1750 633 1819 mitutes,
673 1748 887 1818 ipsique
925 1751 1052 1802 item
1096 1764 1350 1803 aucores
1409 1749 1462 1802 in
1508 1763 1673 1817 opere
1704 1749 1825 1816 jure
1862 1760 1959 1816 ρο⁴

394 1851 622 1893 nuntur.
677 1839 925 1909 lnquirel
962 1855 1086 1895 vero
1126 1840 1406 1910 paululum
1458 1840 1556 1894 bas
1585 1854 1781 1894 causas
1829 1838 1964 1892 scri-

392 1938 545 2000 ptum
612 1934 665 1985 in
733 1934 837 1985 tinc
888 1933 1066 1984 omnis
1127 1940 1393 1987 tractatus
1447 1933 1604 2002 juxta
1648 1931 1964 1986 methodum

393 2024 778 2077 tloclrittnlcn'.
831 2022 948 2077 Non
986 2024 1131 2077 enim
1165 2024 1217 2077 in
1248 2025 1354 2079 alio
1398 2033 1641 2093 tempore
1673 2023 1969 2093 recognitaa

393 2115 477 2166 vel
517 2114 714 2168 audita:
763 2123 911 2178 sum,
955 2116 1045 2169 sed
1070 2131 1195 2169 cum
1238 2117 1728 2171 sermocinationcs
1756 2115 1966 2168 dierum

395 2216 710 2260 sanctorum
739 2207 930 2274 jcjunii
968 2208 1198 2263 auribus
1238 2207 1608 2275 excipiuntur,
1659 2207 1797 2259 utin
1833 2221 1970 2274 pra-

393 2297 726 2352 dicationeiu
751 2314 963 2353 sacram
988 2298 1231 2362 finiatur,
1267 2311 1447 2352 sermo
1472 2305 1657 2352 noster
1680 2297 1786 2350 alio
1808 2294 1969 2349 modo

398 2391 721 2454 inchoatur,
779 2391 993 2444 sciliCcl
1048 2408 1076 2442 a
1124 2390 1284 2444 malis
1338 2403 1462 2459 qua:
1519 2402 1681 2458 passa
1747 2397 1831 2442 est
1886 2385 1969 2440 ci-

290 2540 293 2544 ,
396 2483 558 2537 vitas.

642 2598 935 2653 Exordium
982 2599 1380 2668 expugnationis
1446 2606 1701 2650 narratur.

472 2715 525 2769 1.
579 2714 814 2783 Tempus
854 2717 956 2768 hoc
990 2730 1249 2784 praesens,
1278 2714 1322 2768 si
1381 2714 1521 2778 quod
1577 2712 1721 2764 aliud
1786 2724 1968 2764 rerum

402 2815 604 2861 statum
636 2807 794 2868 vidit,
819 2822 978 2874 quem
1001 2806 1162 2860 homo
1191 2806 1461 2875 passionis
1489 2820 1681 2873 expers
1715 2815 1972 2870 stansque

2069 1744 2446 1816 ἀμαρτητικάς
2482 1745 2679 1809 αίτίας,
2703 1738 2778 1798 ὧν
2810 1744 2998 1798 ἕνεκεν
3023 1745 3093 1796 τά
3122 1740 3289 1806 δεινὰ,
3319 1740 3347 1795 δ
3371 1741 3466 1795 καὶ
3512 1741 3644 1794 αὐτὸ

2066 1838 2116 1891 οἱ
2150 1838 2593 1907 συγγραφόμενοι
2626 1839 2683 1891 ὲν
2740 1837 2883 1907 ἔργῳ
2909 1835 3144 1901 ἐλλόγως
3199 1834 3458 1888 τίθενται.
3485 1832 3645 1886 Ἀνα-

2072 1929 2359 1983 σκαλεύσει
2416 1929 2475 1982 δὲ
2517 1929 2777 1998 ἀμυδρῶς
2827 1929 2880 1998 ἡκ
2942 1926 3236 1997 συγγραφὴ
3279 1927 3348 1979 τά
3419 1924 3644 1979 τοιαῦτα

2072 2021 2220 2073 αἴτια
2250 2021 2306 2073 ἐν
2341 2019 2552 2090 ὑστέρῳ
2581 2018 2675 2071 τοῦ
2704 2019 2827 2072 ὅλου
2857 2017 3020 2086 λόγου
3076 2016 3218 2071 κατὰ
3253 2014 3475 2086 μέθοδον
3498 2012 3646 2066 διδα-

2077 2111 2365 2180 σκαλιιιήν.
2404 2110 2478 2162 Οὐ
2538 2110 2646 2179 γὰρ
2679 2110 2738 2161 ὲν
2786 2108 3011 2178 ἑτεροίῳ
3068 2105 3245 2176 καιρῷ
3280 2105 3375 2158 καὶ
3407 2103 3649 2173 ἀνέγνω-

2078 2218 2202 2253 σται
2234 2202 2327 2255 καὶ
2376 2202 2675 2263 ἐκδέδοται,
2708 2200 2825 2254 ἀλλ’
2855 2202 2940 2254 ὅτε
2969 2202 3017 2252 οἱ
3050 2198 3377 2268 προεισόδιοι
3402 2193 3511 2248 τῶν
3555 2211 3649 2263 νηί

2078 2292 2285 2361 στίμων
2317 2292 2487 2360 ἁγίων
2540 2291 2763 2361 ἡμερῶν
2798 2289 3165 2360 κατηχοῦνται
3222 2290 3303 2349 είς
3365 2284 3532 2347 ἀκοὰς
3565 2282 3644 2347 ὡς

2076 2383 2442 2451 ἀποτελευτᾷν
2468 2381 2559 2435 τὸν
2582 2381 2736 2450 λόγον
2755 2384 2836 2444 εἰς
2865 2379 3216 2433 διδασκαλίαν
3250 2377 3635 2448 ἐκκλησιαστι-

2074 2472 2194 2544 κὴν,
2227 2473 2531 2542 ἀρξάμενον
2555 2472 2749 2535 ἄλλως,
2772 2473 2865 2541 ἀφ’
2883 2465 2957 2525 ὧν
2981 2472 3163 2526 κακῶν
3183 2472 3215 2539 ἡ
3242 2469 3392 2527 πόλις
3414 2466 3638 2521 ἔπαθεν.

2066 2580 2253 2652 Ἀρχὴ
2270 2584 2453 2639 αὐτοῦ
2467 2584 2571 2637 τοῦ
2590 2585 3006 2655 cvm-pascuo?)
3022 2587 3212 2653 λόγου
3225 2583 3334 2651 τῆς
3345 2581 3651 2646 ἁλώσεως.

2134 2697 2201 2752 α’.
2241 2699 2442 2767 Ἔφτδνε
2470 2700 2561 2751 καὶ
2590 2702 2616 2751 ὁ
2646 2699 2762 2751 καθ’
2798 2701 2940 2767 ἡμᾶς
2977 2698 3100 2768 ἄρτι
3132 2698 3345 2767 χρόνος,
3372 2696 3531 2765 εἴπερ
3560 2711 3647 2757 τις

2074 2790 2255 2861 ἕτερος
2321 2791 2429 2844 τῶν
2481 2792 2665 2853 πάλαι,
2731 2792 3008 2855 ὑπόθεσιν,
3058 2791 3126 2860 ἢν
3176 2788 3392 2857 ἀπαθὴς
3437 2785 3535 2857 μὲν
3555 2787 3654 2841 ἄν·

407 2905 561 2969 ionge
620 2900 687 2953 ab
738 2899 902 2968 hujus
938 2899 1238 2968 ,periculo,
1286 2913 1535 2966 magnum
1593 2912 1697 2950 non
1754 2893 1968 2949 dubita-

2084 2885 2292 2954 θρωπος
2353 2886 2444 2937 καὶ
2476 2883 2693 2952 μτικρὰν
2753 2884 2922 2943 ἑστὼς
2982 2881 3072 2933 τοῦ
3110 2879 3231 2933 κατ’
3276 2879 3444 2948 αὐτὴν
3473 2876 3652 2931 κινδύ-

408 2991 487 3046 bit
533 2990 733 3053 dicere,
787 3006 1029 3058 gravem,
1062 2990 1206 3042 omni
1243 2988 1546 3042 calan'iitate
1606 2988 1841 3051 plenum,
1871 2984 1970 3038 ab-

410 3082 774 3146 horrentium,
824 3083 937 3135 fere
1017 3081 1455 3143 intolerabilem,
1492 3079 1717 3131 omnino
1774 3078 1979 3131 lamen-

410 3174 652 3237 tabilem,
697 3173 1003 3239 exigentem
1052 3172 1418 3239 laciymarnm
1457 3168 1659 3231 fontes,
1691 3175 1745 3220 et
1776 3164 1859 3218 bis
1905 3163 1980 3217 si-

411 3264 579 3317 milia.
618 3263 720 3329 Qui
755 3279 903 3323 vero,
939 3272 992 3315 ιιι
1027 3262 1201 3326 aiunt,
1243 3269 1435 3328 captus
1483 3259 1713 3341 retibus,
1762 3266 1978 3311 nostro-

409 3371 516 3422 que
579 3366 795 3422 negotio
840 3365 920 3407 εει
955 3352 1288 3422 implicatus,
1321 3350 1551 3405 forsitan
1611 3364 1717 3403 non
1780 3348 1982 3403 valeret

413 3452 806 3505 convenienter
865 3450 1145 3519 appellare
1186 3447 1334 3504 istud
1385 3446 1621 3511 malum,
1680 3445 1733 3498 in
1775 3445 1983 3512 cogita-

416 3545 655 3598 tionibus
700 3542 816 3596 suis
863 3543 1113 3595 turbatus
1145 3538 1494 3595 multitudine
1527 3537 1984 3603 succcssioneque

411 3644 707 3688 eventuum
741 3633 832 3703 qui
866 3633 1020 3702 quasi
1048 3632 1410 3687 absm-bcbaut
1435 3642 1872 3698 unamquamque
1890 3642 1985 3680 cav

418 3728 744 3803 latuitatum,
787 3728 985 3780 multas
1031 3740 1093 3779 ac
1139 3725 1317 3779 varias
1354 3720 1746 3793 appellationes
1768 3721 1987 3789 exigen—

419 3827 520 3872 tes.
553 3818 814 3884 Quamvis
854 3835 983 3873 vero
1008 3821 1323 3884 exceptare
1369 3826 1549 3884 posset
1576 3816 1700 3867 mali
1736 3814 1986 3868 denomi-

417 3898 731 3974 nationem,
759 3913 858 3964 hoc
900 3926 1005 3963 non
1062 3910 1336 3963 itnmerito
1382 3907 1526 3961 dicet
1552 3907 1728 3977 magni
1767 3906 1985 3960 luminis

422 4003 693 4055 umbram.
745 4003 837 4056 llle
874 4001 1009 4054 nihil
1050 4001 1120 4055 ad
1164 3999 1587 4055 commovendos
1645 3998 1861 4053 animos
1908 3996 1989 4051 di-

422 4104 558 4143 cens
599 4089 775 4160 (alias
823 4090 1048 4142 vocibus
1103 4088 1225 4143 aliis
1264 4087 1457 4143 fuisset
1498 4087 1989 4165 utendum),recte

424 4193 604 4237 tamen
641 4181 1001 4251 magnitudini
1036 4181 1302 4233 malorum
1347 4186 1662 4234 nostrorum
1695 4178 1875 4232 addet.

2082 2995 2174 3029 νου
2211 2977 2451 3046 μεγάλην
2479 2978 2617 3029 είποι
2648 2977 2732 3038 ἂν,
2787 2978 2878 3028 καὶ
2914 2973 3356 3043 βαρυσύμφορον,
3383 2975 3477 3027 καὶ
3507 2970 3651 3023 πάν-

2081 3071 2273 3134 δεινον,
2312 3070 2406 3122 κοιλ¹
2433 3070 2788 3134 ἀπευκταίαν,
2824 3068 2920 3119 καὶ
2964 3066 3026 3119 ού
3062 3068 3192 3136 ῥᾷον
3227 3063 3489 3136 φορητὴν,
3556 3062 3658 3115 καὶ

2083 3158 2416 3228 πολυπενθῆ,
2470 3159 2564 3211 καὶ
2606 3158 2855 3229 δακρύων
2884 3158 3063 3226 πηγὰς
3095 3156 3415 3215 ἐθέλουσαν,
3433 3151 3527 3205 καὶ
3549 3167 3660 3205 τοι-

2082 3251 2223 3306 αύτά
2273 3267 2417 3305 τινα.
2457 3249 2516 3304 '0
2564 3251 2620 3304 δὲ
2657 3250 2909 3314 δικτύων,
2939 3250 2967 3301 ὃ
3021 3263 3172 3315 φασι,
3235 3242 3516 3313 πειραθεὶς
3562 3241 3660 3293 atati.

2082 3341 2206 3396 καθ’
2235 3343 2384 3413 ἡμᾶς
2416 3342 2712 3411 ἐνειληθεὶς
2741 3340 2816 3411 τῷ
2847 3339 3153 3411 πράγματι,
3186 3335 3314 3397 ἴσως
3345 3332 3442 3402 μὲν
3471 3332 3570 3385 οὐκ
3590 3331 3661 3383 ἂν

2083 3433 2404 3504 εὐπορήσοι,
2435 3433 2571 3502 πρὸς
2602 3432 2756 3498 ἀξίαν
2798 3430 3061 3499 ὀνομάσαι
3081 3427 3142 3481 τὸ
3173 3425 3363 3488 κακὸν,
3398 3420 3660 3492 ἐκκρουό-

2089 3543 2251 3597 μενος
2272 3518 2446 3593 οὗπερ
2478 3524 2649 3577 ἐθέλει
2677 3525 2839 3585 νοεῖν,
2863 3522 2939 3594 τῷ
2966 3519 3194 3589 ποικίλῳ
3224 3517 3317 3571 καὶ
3372 3513 3661 3584 ἐπαλλήλῳ

2086 3618 2192 3671 τῶν
2227 3617 2541 3689 συμφορῶν,
2568 3619 2688 3670 ὅσαι
2718 3614 3053 3685 κατέχασκον
3079 3613 3309 3666 ἑκάστου
3335 3610 3444 3662 τῶν
3467 3607 3664 3661 δυστυ-

2085 3710 2342 3779 χούντων,
2361 3707 2577 3769 πολλαῖς
2598 3708 2692 3761 καὶ
2705 3707 2980 3777 διαφόροις
3003 3702 3365 3773 οίκειούμεναι
3382 3698 3660 3768 κλήσεσιν.

2088 3801 2149 3853 El
2175 3801 2341 3854 δὲκαὶ
2398 3801 2684 3869 δυνήσεται
2733 3796 3157 3866 κατευστοχῆσαι
3184 3791 3275 3846 τοῦ
3321 3788 3490 3844 κακοῦ
3522 3786 3662 3857 πρὸς

2088 3889 2239 3955 ἔπος,
2276 3891 2390 3959 ὲροϊ
2414 3888 2477 3941 ἂν
2500 3886 2631 3940 αὐτὸ
2651 3887 2750 3939 οὐκ
2768 3884 3072 3943 ἀπεικότως
3103 3879 3388 3948 φωστῆρος
3422 3872 3661 3943 μεγάλου

2088 3981 2383 4052 ἀφάνειαν*
2414 3978 2562 4032 οὐδὲν
2589 3978 2687 4047 μὲν
2710 3977 2911 4038 ἐκεῖνος
2934 3974 3105 4040 λέγων
3131 3969 3262 4041 πρὸς
3291 3961 3663 4033 πάθος,(ἐχρῆν

2090 4073 2198 4144 γὰρ
2220 4072 2401 4134 ἄλλοις
2420 4071 2674 4138 ὀνόμασιν
2696 4065 2924 4120 ἐνταῦθα
2965 4058 3350 4132 παθήνασθαι),
3373 4055 3451 4124 τῷ
3486 4069 3661 4123 μεγα-

2090 4162 2219 4234 λείῳ
2238 4161 2294 4216 δὲ
2321 4161 2468 4231 ὅμως
2493 4157 2667 4229 ὀρθῶς
2692 4155 2996 4208 ἐπιϐάλλων
3039 4152 3132 4205 τοῦ
3178 4146 3660 4218 δυσπραγήματος.

495 4275 552 4329 2.
606 4273 744 4328 Num
773 4273 916 4328 enim
950 4273 1091 4327 inter
1120 4272 1367 4326 civitates
1410 4286 1529 4341 quae
1558 4271 1659 4325 sub
1695 4268 1832 4325 coelo
1863 4276 1977 4324 sunt

2169 4253 2236 4325 β’.
2262 4247 2343 4305 Ἦ
2371 4252 2478 4321 γὰρ
2504 4250 2562 4302 οὐ
2586 4248 2823 4302 τοιοῦτόν
2846 4263 2896 4298 τι
2922 4245 2982 4297 τὸ
3017 4242 3113 4312 τὴν
3140 4243 3199 4294 ἐν
3221 4241 3338 4302 ταῖς
3377 4237 3468 4290 ὑπ’
3498 4237 3664 4302 ούρα-

431 4369 665 4421 maxime
717 4365 916 4420 florens
940 4363 1331 4418 Thessalonica
1385 4374 1592 4417 tantum
1654 4363 1760 4432 pati
1787 4361 1995 4428 debuit,

428 4466 695 4528 quantum
751 4472 896 4511 nunc
965 4456 1189 4525 patitur.
1250 4454 1331 4510 Eo
1395 4463 1574 4509 autem
1644 4454 1893 4514 devenit,
1941 4462 1999 4508 ut

428 4551 531 4620 ipsi
567 4549 749 4604 hostes
794 4548 1095 4615 horreant;
1130 4546 1296 4602 facies
1343 4545 1564 4600 amasiae
1636 4554 1815 4599 amota
1869 4559 2000 4598 con-

426 4644 609 4696 tristat
673 4639 834 4693 etiam
891 4637 983 4708 qui
1037 4646 1194 4692 antea
1231 4652 1339 4691 non
1386 4640 1626 4690 amabat.
1689 4634 1802 4689 ileu
1845 4637 1858 4687 l
1899 4635 2001 4688 ini-

429 4734 602 4786 micus
655 4738 821 4785 tanta:
881 4728 1121 4785 civitatis
1176 4727 1379 4783 divitiis
1436 4726 1671 4782 infestus
1726 4725 1999 4781 destruxit

427 4842 544 4877 cam
578 4838 640 4875 ac
669 4825 1002 4889 consumpsit
1028 4838 1042 4885 ;
1071 4820 1373 4875 devastavit
1395 4832 1572 4873 autem
1600 4820 1672 4873 ila
1704 4826 1760 4871 ut
1789 4818 1997 4871 nullum

433 4914 674 4981 pristina
717 4909 1136 4978 pulchritudinis
1168 4909 1457 4977 vestigium
1515 4916 1814 4961 remaneat.
1862 4906 1998 4959 Muri

434 5007 551 5072 ijus
636 5001 800 5058 diruti
876 5014 1177 5067 mnuesque
1245 5000 1388 5052 :edes
1467 5011 1640 5052 sacra:
1709 5000 2001 5052 destructas
2050 5063 2067 5073 ﬂ

436 5102 550 5149 loca
618 5094 872 5148 omnibus
924 5090 1253 5144 venerabilia
1314 5106 1327 5140 :
1370 5090 1581 5144 nobiles
1633 5088 1828 5142 demus
1884 5090 1997 5142 vio-

437 5192 555 5245 luaa
599 5202 613 5240 :
653 5198 893 5255 opesque
938 5181 1148 5236 "civium
1208 5180 1325 5234 aliae
1383 5180 1593 5244 ablatio,
1632 5179 1750 5233 alia;
1792 5178 1997 5245 effusa»,

438 5280 557 5333 alia:
596 5277 875 5345 dispersae.
911 5272 1051 5339 Quid
1099 5271 1297 5341 plura?
1328 5270 1416 5324 hic
1450 5285 1555 5322 non
1587 5280 1671 5325 est
1721 5271 1899 5333 locus,
1941 5279 2001 5325 ut

442 5381 738 5440 oporteret,
776 5368 892 5421 haec
959 5380 1055 5434 per
1101 5364 1318 5430 singula
1381 5356 1675 5417 referendi.
1707 5360 1998 5416 Multitudo

444 5476 572 5516 vuro
615 5459 851 5514 civitatis
887 5474 988 5508 non
1043 5455 1220 5510 solum
1258 5451 1532 5512 militaris,
1565 5451 1659 5507 sed
1696 5455 1858 5506 etiam
1896 5466 2001 5506 cte-

437 5567 575 5618 tera,
607 5563 717 5607 tam
751 5550 926 5605 clerus
955 5547 1255 5609 saecularis,
1289 5560 1451 5615 quam
1489 5544 1634 5610 laici,
1687 5544 1813 5610 quis
1862 5544 1997 5598 satis

440 5649 637 5702 habeat
682 5644 1040 5711 lacrymarum
1073 5640 1096 5692 '!
1134 5637 1353 5699 Necnon
1382 5644 1435 5690 et
1461 5635 1555 5705 qui
1588 5637 1883 5691 tumultum
1913 5626 1999 5690 fu-

440 5748 651 5809 gerant.
701 5751 826 5791 cum
872 5735 925 5789 hi
959 5732 1189 5791 solitarii
1244 5732 1298 5787 in
1336 5737 1554 5801 portum
1599 5739 1997 5803 ρςιιιωιεεθηι,

2100 4347 2189 4401 νδν
2213 4345 2402 4399 πόλεσι
2433 4341 2574 4395 πάνυ
2606 4340 2860 4411 λαμπρὸν
2925 4336 3220 4406 φαίνουσαν
3257 4328 3663 4395 Θεσσαλονίκην

2098 4442 2241 4496 οὕτω
2272 4441 2485 4503 παθεῖν,
2515 4439 2590 4501 ὡς
2610 4436 2702 4490 νῦν
2732 4435 2867 4506 ἔχεις
2902 4433 3056 4503 Ἔχει
3085 4430 3163 4491 δὲ,
3190 4429 3263 4490 ὡς
3288 4428 3353 4480 ἂν
3376 4420 3667 4488 ἀπεύξαιν-

2098 4554 2160 4590 το
2193 4537 2288 4589 καὶ
2343 4534 2552 4606 ἐχθροίο
2585 4532 2717 4585 ὡσεὶ
2738 4531 2832 4584 καὶ
2878 4525 3042 4580 καλὸν
3076 4518 3214 4585 εῐδος
3248 4517 3545 4589 ἀφανισθὲν
3571 4514 3669 4606 λυ-

2101 4631 2194 4682 πεῖ
2216 4626 2310 4681 καὶ
2335 4627 2427 4679 τὸν
2448 4605 2525 4696 δῆν
2547 4624 2637 4676 ὅτε
2666 4619 3029 4690 άπόστοργον,
3085 4614 3225 4684 ὦμοι
3275 4608 3549 4681 δαίμονοςί
3603 4605 3665 4668 ὃς

2100 4719 2242 4773 οὕτω
2275 4716 2463 4788 βριθὺς
2492 4711 2824 4783 τηλικαύτης
2860 4708 3065 4768 πόλεως
3121 4702 3381 4772 εὐετηρίᾳ
3442 4697 3669 4788 ἐνήλατο

2100 4813 2197 4868 καὶ
2231 4787 2622 4879 κατέστρεψεν.
2649 4803 2936 4872 ’Δπήγαγε
2965 4798 3064 4869 μὲν
3097 4795 3191 4849 οὖν
3240 4792 3410 4861 αὐτὴν
3456 4787 3665 4851 τέλεον,

2101 4904 2176 4966 ὼς
2232 4901 2366 4971 μηδὲ
2412 4900 2661 4968 λείψανον
2707 4894 3062 4965 ὲναπομεῖναι
3115 4885 3351 4946 παλαιᾶς
3383 4879 3669 4971 καλλονῇς.

2104 4995 2212 5049 Καὶ
2233 4968 2396 5061 -τενίχη
2433 4992 2532 5062 μὲν
2557 4989 2723 5057 αὐτῆς
2762 4983 3130 5056 ἠχρειωμένα,
3162 4980 3257 5032 καὶ
3285 4975 3404 5046 ἱερὰ
3431 4972 3501 5025 τὰ
3531 4968 3671 5023 πάν-

2102 5104 2169 5140 τα
2198 5082 2600 5155 κατῃκισμένα,
2636 5082 2714 5141 εἱς
2772 5079 2894 5130 ὅσον
2922 5075 3044 5127 οὐδὲ
3067 5072 3224 5124 τόποι
3253 5066 3513 5136 τολμητοὶ
3534 5061 3674 5115 πᾶσι

2105 5178 2199 5229 καὶ
2224 5171 2361 5227 οἶκοι
2388 5171 2683 5240 εὐπρεπεῖς
2717 5161 3200 5238 κατῃσχυμμένοι·
3232 5160 3325 5211 καὶ
3356 5152 3672 5226 περιουσίαι

2102 5266 2353 5333 πολιτῶν,
2377 5265 2433 5317 ad.
2465 5264 2562 5333 μὲν
2581 5256 2988 5332 ὴντλημέναι,α1
3013 5254 3056 5307 δ’
3081 5249 3567 5322 ἐπικεχυμέναιμαλ.
3584 5244 3680 5298 ἄλ-

2102 5362 2207 5422 λως
2233 5359 2289 5412 δὲ
2312 5354 2724 5426 διεσπαρμέναι,
2748 5352 2801 5404 τί
2838 5351 2904 5404 ἂν
2926 5346 3188 5417 λέγοιντο,
3225 5345 3353 5397 ἔνθα
3370 5342 3468 5394 οὐκ
3497 5339 3669 5403 ἐστιν,

2103 5447 2177 5515 ὡς
2209 5448 2397 5520 ἐχρῆν,
2429 5446 2569 5500 αύτά
2594 5440 2877 5508 διίξεσθαι;
2907 5439 2978 5493 Τὸ
3003 5439 3059 5492 δὲ
3088 5441 3144 5490 ὲν
3170 5438 3237 5505 τῇ
3263 5434 3414 5486 πόλει
3439 5430 3666 5500 πλῆθος,

2106 5544 2165 5596 οὺ
2199 5543 2360 5614 μόνον
2391 5541 2449 5593 τὸ
2471 5536 2888 5609 στρατιωτικὸν,
2937 5532 3073 5586 ἀλλά
3101 5527 3277 5582 καὶτὸ
3301 5523 3509 5614 λοιπὸν,
3540 5522 3669 5585 ὅσον

2106 5637 2163 5689 ἐν
2195 5632 2317 5706 ἱερᾷ
2348 5628 2592 5702 πολιτείᾳ
2618 5631 2682 5701 τῇ
2708 5627 2851 5683 κατὰ
2906 5625 3129 5692 κόσμον,
3202 5619 3296 5672 καὶ
3320 5618 3441 5670 ὅσον
3462 5613 3519 5669 δὲ
3545 5613 3670 5706 λαῖ-

2107 5727 2224 5793 κδν,
2276 5704 2354 5790 τις
2378 5725 2443 5781 ἂν
2470 5724 2527 5787 ἐς
2547 5722 2705 5789 ἀξίαν
2746 5716 3058 5790 δακρύσειε;
3110 5711 3218 5768 Ναὶ
3266 5709 3373 5781 μὴν
3413 5708 3506 5762 καλ⁸
3546 5704 3680 5760 ὅσον
