3950 6242
1659 187 1690 196 Α

312 362 370 428 13
1063 364 1165 426 DE
1211 365 1791 428 THESSALONICA
1829 368 2035 430 URBE
2078 371 2123 431 Α
2163 373 2478 435 LATINIS
2531 373 2788 440 CAPTA.
3490 375 3556 440 ιι
3642 350 3644 352 ’

307 471 395 525 τοῦ
427 470 544 542 βίον
576 471 672 526 τὸν
703 472 958 544 φλοῖσϐον
1015 475 1507 547 διακρουσάμενον,
1532 481 1607 543 ὡς
1636 480 1712 542 εἰς
1735 479 1876 550 λιμέ-

1989 496 2177 538 οιιιιιυε
2203 487 2358 554 quasi
2391 488 2636 555 locustae,
2681 489 2736 543 in
2771 503 2947 546 messe
2991 488 3113 562 igne
3147 489 3362 561 fugatae,
3397 491 3555 562 igneo

307 579 368 613 να
397 563 717 632 κατήντησε
743 564 803 616 τὸ
823 566 1084 635 ἀπρόῖτον
1110 568 1207 636 τῆς
1268 570 1618 638 ἐνοικήσεως,
1678 569 1877 632 πάντες

304 644 445 704 οὗτοι
478 653 612 705 ὡσεὶ
644 656 738 707 καὶ
789 655 1031 726 ἀκρίδες.
1062 658 1196 728 πυρὶ
1236 660 1376 712 κατὰ
1399 659 1548 729 λήϊον
1583 658 1872 729 ἐλαυνόμε-

305 762 406 809 ναι,
433 749 498 815 τῇ
539 749 832 817 καυστηρᾷ
865 748 1011 818 μάχῃ
1037 751 1168 817 arpi»;
1195 749 1415 819 ὀλεθρον
1446 749 1872 815 ἐξετενάσσοντο.

307 838 407 890 Καὶ
431 839 480 890 οἱ
501 837 598 907 μὲν
622 838 871 908 πολέμιοι
892 841 1399 910 περιστοιχεζοντες,
1429 841 1598 911 θυμοῦ
1626 840 1734 910 πῦρ
1766 840 1880 905 ἐξέ-

307 948 452 983 καιον
480 931 574 982 ἐπὶ
594 932 654 982 τδ
679 931 957 984 πολιτικὶν
989 931 1133 984 ἅπαν
1156 948 1168 961 ·
1196 934 1392 984 ἐκεῖνοι
1431 934 1485 986 δὲ
1511 935 1557 985 οἱ
1619 934 1716 1002 μὲν
1742 935 1872 986 ἐπι-

306 1021 865 1092 καταλαμϐανόμενοι,
897 1024 991 1077 καί
1016 1042 1119 1077 που
1149 1027 1241 1077 καὶ
1266 1025 1742 1096 σπαργανούμενοι
1775 1044 1877 1079 πυ-

310 1117 358 1181 ρὶ
397 1117 631 1186 τοιούτῳ
673 1117 957 1183 πάντοθεν,
989 1120 1104 1170 οὐκ
1134 1110 1280 1184 εἶχον
1331 1117 1698 1182 διεκπίπτειν,
1737 1117 1874 1170 ἀλλά

1986 577 2286 630 certamine
2363 579 2430 634 ad
2481 589 2710 633 mortem
2770 582 3143 636 trahebantur.
3211 580 3406 636 Hostes
3459 597 3556 635 au-

1987 670 2094 716 tem
2135 664 2660 735 circumcurrentes,
2698 669 2750 723 in
2806 685 2967 724 mune
2990 669 3280 725 aedilicium
3312 671 3552 724 civitatis

1988 751 2164 821 ignem
2221 756 2508 811 mittebant
2580 761 2695 812 ine.
2740 757 2816 812 Illi
2868 772 3019 824 vero,
3073 759 3165 812 alii
3227 759 3553 827 deprehensi

1988 846 2297 916 passimque
2319 858 2370 931 et
2395 849 2634 920 undique
2657 851 2757 906 hoc
2778 853 2896 921 igne
2919 851 3256 915 circumfusi,
3272 867 3378 919 quo
3401 852 3552 920 fuge-

1988 950 2104 990 rent.
2136 954 2241 991 non
2276 943 2566 1005 habebant,
2620 943 2711 996 sed
2757 943 3091 997 multiforme
3129 945 3432 1012 perienlmn
3471 945 3549 997 vi-

1982 1027 2215 1096 debant;
2253 1033 2342 1086 alii
2391 1048 2516 1086 vero
2545 1035 2759 1105 sagittis
2790 1035 2948 1104 quasi
2981 1036 3255 1103 scintillis,
3278 1051 3309 1091 e
3342 1037 3552 1106 longin-

1980 1133 2090 1187 quo
2118 1123 2477 1178 vexabantur.

308 1209 557 1277 πολυειδῆ
585 1211 674 1263 τὸν
703 1211 945 1264 κίνδυνον
963 1207 1106 1281 εἶχον
1128 1228 1141 1242 ·
1168 1212 1216 1264 οἱ
1245 1212 1302 1265 δὲ
1333 1212 1433 1265 ὅσα
1465 1212 1559 1265 καὶ
1591 1211 1883 1282 σπινθῆρσι
1918 1214 2032 1276 τοῖς
2060 1213 2238 1282 βέλεσι
2274 1218 2555 1288 πόρρωθεν
2588 1221 2827 1291 ἔπασχον
2856 1221 2914 1274 τδ
2942 1223 3136 1276 κακόν.

369 1301 442 1371 γ’.
513 1300 720 1364 Ἠέλιος
757 1303 856 1369 μὲν
917 1305 1036 1356 νέον
1083 1304 1452 1373 προσέϐαλλεν
1476 1303 1738 1376 ἀρούρας,
1773 1304 1873 1356 οὐκ

308 1394 427 1464 ἐσχε
455 1394 514 1448 δέ
543 1395 643 1464 τὴν
676 1394 881 1457 θανάσι,
913 1412 971 1447 ον
1019 1394 1270 1449 διαλῦσαι
1301 1397 1472 1450 νύκτα
1529 1411 1542 1425 ·
1575 1395 1712 1448 ἀλλὰ
1744 1413 1872 1448 κατ-

307 1488 580 1555 εκαυχᾶτο
628 1486 724 1538 τοῦ
781 1488 954 1556 φωτὸς
1011 1490 1042 1557 ἡ
1110 1488 1221 1540 τῶν
1260 1489 1571 1541 πιπτόντων
1617 1488 1872 1555 ζόφωσις.

308 1579 468 1632 Οὔπω
498 1595 585 1640 τις
612 1577 749 1649 ἔφθη
780 1579 871 1631 τὸν
898 1579 1103 1644 γλυκὺν
1151 1579 1318 1633 ὕπνον
1351 1580 1646 1633 ἀποθέσθαι
1675 1596 1689 1610 ⁶
1725 1581 1752 1632 ὁ
1783 1597 1873 1632 πι-

307 1670 432 1737 κρὸς
458 1669 553 1720 καὶ
597 1669 891 1737 ἀνέγερτος
925 1669 1086 1722 αὑτὸν
1108 1669 1392 1737 διεδέχετο,
1426 1673 1517 1724 καὶ
1543 1672 1674 1741 ὖναρ
1700 1672 1872 1724 κακὸν

2053 1304 2107 1359 5.
2146 1305 2301 1362 Modo
2335 1325 2496 1379 supra
2528 1325 2748 1380 campos
2785 1313 2865 1366 sol
2888 1322 3215 1381 apparuerat
3259 1327 3358 1366 nec
3403 1312 3544 1364 banc

1984 1395 2245 1450 nefastaiu
2279 1407 2488 1453 noctem
2531 1401 2740 1456 solvere
2776 1410 3046 1472 potuerat,
3093 1404 3186 1458 sed
3233 1403 3417 1456 lumen
3444 1399 3538 1455 de-

1985 1485 2234 1543 ridebant
2285 1505 2548 1546 caesorum
2605 1495 2856 1549 tenebrae.
2939 1493 3189 1548 Nondum
3253 1494 3542 1564 quisquam

1984 1590 2235 1632 somnum
2299 1581 2512 1636 dulcem
2547 1593 2802 1639 excutere
2858 1592 3128 1653 potuerat,
3167 1585 3263 1639 sed
3318 1597 3540 1638 amarus

1981 1667 2231 1738 altusque
2280 1675 2516 1739 tenebat,
2579 1677 2904 1745 somnioque
2967 1677 3110 1730 malo
3166 1676 3212 1730 ei
3279 1675 3547 1730 successit

311 1761 568 1830 ἐφίστατο
600 1759 749 1832 ῦπαρ
771 1763 838 1832 τῇ
884 1761 1092 1831 κεφαλῇ
1119 1778 1132 1792 °
1171 1763 1265 1815 καὶ
1288 1765 1313 1815 ὁ
1343 1763 1555 1833 βλέπων
1582 1764 1712 1816 αὐτὸ
1739 1781 1872 1817 κατ-

1985 1757 2118 1812 visio
2146 1775 2294 1823 vera,
2318 1761 2579 1833 illamque
2601 1767 3037 1834 contemplantes
3061 1768 3117 1819 in
3137 1773 3311 1820 morte
3335 1764 3546 1818 occlusi

309 1855 474 1924 ἐμυεν
505 1855 586 1916 εἰς
622 1853 874 1909 θάνατον.
936 1854 1340 1925 ’Λπηλλάττετο
1379 1856 1571 1925 κλίνης
1600 1856 1873 1927 ἐγρηγόρο

310 1964 437 2010 σεως
485 1946 666 2016 λόγῳ·
698 1947 791 2001 καὶ
819 1948 848 1999 ό
894 1946 1151 2016 πολέμιος
1211 1947 1432 2016 σίδηρος
1489 1948 1660 2011 ἄλλως
1710 1950 1874 2003 αὐτὸν

311 2037 651 2098 κατέκλινεν,
676 2037 753 2097 ὼς
781 2039 990 2098 ἐκεῖνος
1024 2037 1205 2106 χαίρει
1233 2037 1522 2102 κοιτάζων.
1555 2038 1776 2100 Πολλοῖς
1816 2035 1874 2092 δὲ

311 2132 400 2184 καὶ
457 2131 794 2198 ήμιγύμνοις
833 2128 912 2181 ἐτι
946 2129 1006 2180 τὸ
1047 2130 1217 2182 κακον
1260 2128 1420 2182 τοῦτο
1460 2129 1646 2200 θηρίον
1689 2129 1874 2199 ἐνεφύο

310 2235 418 2284 ετο,
449 2219 538 2270 ἵνα
575 2217 710 2286 μηδέ
730 2217 898 2286 κάμοι
931 2219 1055 2280 τοὺς
1083 2217 1304 2281 ὀδόντας
1334 2219 1578 2289 ἐντρίόον
1603 2222 1874 2287 σωμάτων

308 2310 654 2378 καλύμματι.
691 2311 802 2363 Καὶ
855 2310 1206 2380 στρατιωτῶν
1240 2311 1362 2380 μὲν,
1401 2311 1502 2380 ἤδη
1535 2311 1592 2363 δέ
1628 2313 1723 2364 καὶ
1757 2313 1865 2365 τῶν

312 2401 489 2464 ἄλλως
523 2402 845 2471 ρωμαλέων,
877 2401 910 2471 ἢ
943 2403 1036 2455 καὶ
1066 2403 1204 2464 ὅλως
1230 2397 1486 2471 ἀκμαίων
1525 2402 1685 2472 εἴπερ
1718 2406 1745 2457 ό
1773 2403 1873 2457 πό-

307 2494 472 2564 λεμος
494 2491 781 2562 ἐδράττετο
800 2492 895 2545 καὶ
922 2493 1140 2556 διέσπα,
1169 2493 1443 2564 ἐμπείρας
1467 2493 1625 2559 ὀξέας
1654 2495 1874 2565 ὄνυχας,

311 2583 700 2653 ἐκαινοπράγει
732 2583 907 2638 οὐδέν’
936 2585 1148 2656 φιληδεῖ
1179 2584 1287 2653 γὰρ
1336 2584 1553 2654 σώμασι
1611 2587 1876 2651 τοιούτοις

309 2674 537 2735 ἐκεῖνος,
559 2672 671 2740 ὑφ’,
704 2666 778 2726 ὧν
806 2672 902 2726 καὶ
928 2676 1226 2743 συγκροτού
1237 2691 1395 2744 μενος
1421 2674 1781 2744 θεραπεύεται
1801 2679 1877 2741 ὡς

308 2766 375 2818 τὰ
419 2765 591 2817 πολλά
615 2782 627 2794 ο
659 2766 707 2816 εἱ
759 2764 815 2816 δέ
849 2765 941 2817 καὶ
976 2765 1176 2834 ἄνδρας
1234 2766 1453 2830 ἀθλίους
1513 2769 1876 2839 ἐφιλοτιμεῖτο

309 2857 568 2923 ἀπάγειν,
601 2856 702 2926 ἠδη
760 2845 1201 2927 τυμὸογέροντας
1280 2858 1456 2924 ὄντας,
1495 2863 1589 2913 καὶ
1643 2865 1722 2924 εἰς
1772 2863 1876 2932 γῆν

309 2950 636 3016 κεκυφότας,
696 2946 788 2999 καί
831 2963 976 3007 που,
1020 2947 1188 3016 πρινὴ
1211 2949 1303 3000 καὶ
1331 2949 1626 3020 πληγῆναι,
1656 2955 1876 3023 γινομέ-

308 3057 433 3102 νους
459 3039 554 3090 τοῦ
586 3039 871 3109 Χάρωνος,
905 3031 987 3100 οἷς
1013 3038 1089 3107 τῷ
1116 3037 1225 3090 δέει
1251 3041 1514 3109 παρίεντο
1541 3058 1556 3073 ’
1588 3043 1680 3096 καὶ
1703 3045 1874 3115 γραῦς

1979 1856 2108 1899 sunt
2146 1850 2312 1904 oculi.
2346 1851 2576 1908 Ratione
2643 1857 2841 1927 vigiliae
2906 1867 3146 1912 mutatus
3202 1866 3284 1910 cst
3348 1859 3542 1921 lectus,

1979 1935 2286 2008 hostileque
2310 1942 2512 1996 ferrum
2540 1945 2696 2000 aliter
2715 1947 2996 2000 reclinavit
3018 1964 3142 2001 eum
3178 1948 3270 2017 qui
3306 1947 3546 2016 gaudens

1979 2027 2358 2089 discubuerat.
2394 2033 2592 2089 Multos
2622 2052 2753 2092 vero
2800 2039 2978 2093 adhuc
3024 2039 3342 2094 seminudos
3389 2039 3546 2091 iuva-

1979 2121 2050 2174 sit
2083 2122 2199 2178 hmo
2246 2125 2357 2179 fera
2395 2128 2486 2182 cui
2535 2145 2647 2184 non
2684 2132 2818 2185 satis
2851 2131 2953 2185 fuit
2984 2131 3098 2184 suis
3135 2131 3390 2184 dentibus
3421 2145 3548 2183 cor-

1977 2227 2167 2281 porum
2228 2217 2534 2273 velamenta
2584 2221 2898 2276 dilaniasse.
2965 2221 3020 2277 Si
3099 2221 3318 2290 ungulis
3370 2223 3545 2276 acutis

1976 2306 2257 2362 dilacerati
2319 2322 2446 2365 sunt
2528 2312 2767 2378 milites,
2811 2323 2972 2384 atque
3045 2315 3134 2367 alii
3189 2313 3400 2368 robusti
3463 2314 3545 2367 vel

1975 2397 2066 2467 qui
2124 2401 2346 2455 omnino
2392 2411 2548 2459 actate
2592 2403 2786 2459 florent
2835 2404 2887 2458 iu
2934 2404 3290 2474 pugna,nihil
3341 2403 3543 2456 mirum

1977 2485 2292 2554 hujusmodi
2340 2495 2659 2563 corporibus
2730 2495 2926 2550 bellum
2971 2495 3224 2549 delectari
3277 2492 3547 2562 siquidem

1976 2576 2030 2630 in
2078 2579 2146 2633 iis
2196 2583 2528 2650 praecipuum
2584 2585 2975 2640 nutrimentum
3024 2585 3252 2661 invenit.
3282 2582 3386 2637 Sed
3431 2596 3553 2650 qu'n

1977 2670 2146 2734 gloria
2180 2674 2248 2725 sit
2271 2689 2429 2729 senes
2463 2675 2760 2731 imbecilles
2787 2677 3084 2738 trucidare.
3110 2677 3200 2745 qui
3225 2675 3334 2744 jam
3368 2680 3551 2729 astant

1971 2756 2154 2826 ianuis
2181 2765 2397 2829 tumuli,
2451 2767 2504 2820 in
2559 2776 2759 2821 terram
2808 2768 3323 2835 inclinati,quique,
3369 2766 3552 2834 prius-

1976 2867 2138 2921 quam
2206 2855 2491 2924 feriantur,
2549 2859 2842 2915 Cbaroutis
2903 2868 3063 2925 sunt,
3113 2859 3272 2928 cujus
3309 2873 3552 2928 praesen-

1977 2944 2050 2996 tia
2083 2945 2263 3002 timori
2292 2960 2413 3017 est;
2449 2967 2721 3022 anusque,
2771 2953 3062 3022 plerasque
3111 2951 3290 3005 oculis
3335 2957 3546 3018 captas.

1979 3033 2173 3090 surdas
2205 3051 2311 3105 pra
2339 3047 2580 3096 extrema
2617 3051 2899 3097 senectute
2927 3083 2941 3109 ,
2973 3055 3072 3095 nec
3113 3055 3387 3094 armorum
3447 3038 3553 3093 ful-

306 3127 382 3192 δὲ,
408 3127 507 3190 τάς
535 3126 751 3190 πλείους
777 3130 870 3180 καὶ
892 3126 951 3190 ἐξ
975 3126 1238 3196 ὀμμάτων
1270 3126 1328 3179 οὗ
1340 3145 1435 3189 σας
1481 3130 1572 3183 καὶ
1593 3133 1873 3201 κωφευού-

1985 3138 2110 3192 gnra
2150 3128 2417 3199 videntes,
2450 3147 2550 3188 nec
2610 3134 2852 3187 tonitrua
2918 3131 3180 3186 minantia
3227 3132 3546 3196 audientes;

307 3235 404 3280 σας
461 3218 551 3271 διά
579 3217 715 3288 βαθὺ
773 3218 969 3286 γῆρας,
1026 3218 1120 3270 καὶ
1170 3215 1294 3270 οὔτε
1335 3218 1636 3288 βλεπούσας
1674 3224 1734 3275 τὸ
1788 3225 1884 3277 τῶ-

305 3307 516 3361 νὶπ).ων
551 3308 906 3375 ἁστραπαῖον,
939 3304 1061 3359 οὔτε
1090 3305 1318 3376 βροντῆς
1359 3307 1754 3378 αἰσθανομένας
1782 3317 1881 3385 τῆς

1989 3224 2091 3279 hoc
2124 3239 2228 3277 non
2277 3225 2512 3294 prudens
2536 3225 2700 3288 Mars,
2722 3225 2814 3280 sed
2844 3225 2996 3280 basta
3037 3223 3222 3280 furens
3263 3239 3325 3277 ac
3342 3223 3552 3293 gladius

1988 3318 2266 3372 insaniens
2297 3325 2571 3385 operatur.

303 3399 364 3467 ἒξ
403 3401 662 3466 ἀπειλῶν,
695 3396 830 3455 ἀλλᾶ
872 3403 1028 3455 τοῦτο
1081 3403 1140 3456 οὐ
1171 3402 1444 3474 φρενήρης
1485 3407 1678 3477 Ἀρης,
1723 3410 1859 3465 άλλά
1884 3413 2010 3486 δόρυ
2037 3417 2255 3483 ἐνήργει
2285 3411 2629 3481 μαινόμενον,
2663 3413 2756 3465 καὶ
2792 3409 2940 3479 ξίφος
2963 3412 3063 3463 οὐκ
3089 3407 3446 3475 εύδιάκριτον.

373 3495 438 3549 δ’.
479 3497 740 3549 Οῖκτιστα
774 3497 838 3564 δὴ
877 3495 1048 3550 ταῦτα
1087 3497 1333 3566 βροτοῖς·
1374 3497 1741 3555 ἐλεεινότατον
1778 3503 1869 3570 δέ,

301 3589 387 3642 ὅτι
412 3590 508 3643 καὶ
533 3588 708 3659 βρέφη
738 3588 1047 3642 συνέκειντο
1069 3591 1180 3652 τοῖς
1206 3589 1565 3654 παντοδαπῶς
1592 3593 1873 3662 πίπτουσι,

299 3681 373 3736 τὰ
410 3682 508 3751 μὲν
543 3681 1049 3761 συνεκκεντούμενα
1082 3683 1202 3744 ταῖς
1234 3682 1534 3752 φερούσαις
1569 3685 1836 3752 ἀγκάλαις
1859 3729 1872 3754 ,

300 3773 371 3827 τά.
397 3773 456 3826 δέ
481 3774 557 3842 τῷ
584 3771 1054 3844 καταῤῥίπτεσθαι
1083 3773 1186 3826 ὑπὸ
1212 3773 1364 3835 δέους
1389 3775 1421 3846 ἦ
1453 3775 1545 3828 καὶ
1577 3776 1738 3846 φόνου
1765 3780 1875 3832 τῶν

302 3863 722 3932 βασταζόντων,
765 3864 832 3916 τὰ
873 3863 1038 3916 πλείω
1080 3864 1137 3916 δὲ
1185 3871 1772 3936 συγκαταπατούμενα.
1809 3872 1876 3924 Ἡ

302 3956 418 4025 γὰρ
447 3957 538 4009 τοῦ
571 3955 797 4025 φεύγειν
823 3955 1038 4025 ἀνάγκη
1071 3955 1165 4007 καὶ
1189 3957 1434 4010 τοιοῦτον
1461 3959 1683 4028 ἀπλῆγα
1713 3961 1872 4028 φόνον

301 4045 620 4115 ἐτυράννει,
647 4044 740 4098 τὸν
773 4045 901 4113 μὲν,
933 4043 1036 4096 ἔσω
1063 4044 1173 4098 τῶν
1202 4045 1512 4116 ἐκκλησιῶν
1541 4047 1872 4118 ὠθιζομένου

301 4135 402 4188 τοῦ
444 4137 613 4203 λαοῦ,
651 4138 744 4190 καὶ
778 4139 842 4209 τῇ
889 4140 1221 4211 σνμπιλήσει
1260 4142 1649 4212 δυστυχοῦντος
1685 4143 1874 4216 ψυχῶν

299 4231 618 4301 ἀπαγωγήν
638 4246 653 4260 ο
681 4231 775 4284 τὸν
799 4230 855 4283 δὲ
879 4233 1009 4302 περί
1033 4234 1131 4304 τῆς
1156 4234 1501 4303 ἀκροπόλεως
1524 4234 1622 4306 τὴν
1647 4237 1874 4305 εἴσοδον,

299 4322 418 4388 ὅτε,
447 4322 748 4392 πολεμικοῦ
772 4321 996 4393 δόρατος
1017 4323 1131 4379 ἄνω
1150 4323 1245 4377 τοῦ
1271 4325 1414 4380 κατά
1438 4325 1714 4381 θάλασσαν
1737 4328 1873 4398 ἐῲου

298 4415 522 4484 πύργου
558 4415 814 4484 ἀρθέντος
845 4417 957 4479 τοῖς
990 4416 1326 4488 ἀντιμάχοις
1359 4419 1440 4481 εἰς
1475 4417 1756 4490 σύσσημον
1785 4421 1881 4475 τοῦ

297 4503 402 4571 τὴν
427 4502 586 4556 πόλιν
607 4503 709 4573 ἤδη
736 4506 1243 4576 καταπεπονῆσθαι,
1267 4507 1343 4568 ὡς
1368 4507 1460 4559 καὶ
1485 4507 1886 4580 ἀναρριχᾶσθαι

293 4597 428 4657 τοὺς
458 4594 819 4666 βουλομένους
842 4595 1060 4661 ἔξωθεν,
1084 4596 1146 4649 τὸ
1174 4597 1270 4666 μὲν
1292 4597 1439 4650 κάτω
1464 4600 1730 4668 περιεῖναι
1753 4601 1891 4654 ἀπέ-

2049 3508 2253 3564 4.11αεο
2283 3507 2535 3577 equidem
2570 3506 2820 3560 luctuosa
2874 3502 3216 3557 mortalibus.
3252 3499 3356 3554 Sed
3407 3494 3552 3566 quod

1981 3599 2248 3669 praecipue
2270 3597 2510 3650 animum
2531 3604 2837 3651 commovet
2861 3613 2874 3648 :
2899 3593 3133 3648 infantes
3153 3593 3459 3660 ubicunque
3481 3589 3561 3642 si-

1981 3689 2089 3742 mul
2115 3704 2238 3742 cum
2271 3688 2426 3742 ca‘sis
2449 3686 2716 3756 iacentes,
2744 3684 2834 3748 alii
2862 3682 3130 3738 interfecti
3158 3683 3297 3736 inter
3335 3678 3558 3733 brachia

1979 3788 2188 3832 mortua
2215 3817 2228 3840 ,
2264 3777 2355 3830 alii
2415 3776 2606 3845 dejecti
2638 3790 2667 3828 a
2701 3774 3048 3844 portantibus
3079 3787 3172 3826 seu
3205 3786 3312 3839 pra:
3349 3770 3547 3821 timore

1979 3881 2072 3920 seu
2096 3880 2205 3934 prae
2234 3864 2401 3930 caede,
2417 3864 2664 3934 plerique
2688 3862 3175 3917 conculcabantur.
3196 3859 3382 3914 Caedes
3408 3858 3551 3911 enim

1977 3959 2094 4012 sine
2119 3958 2227 4010 ictu
2258 3954 2509 4026 fugienda
2530 3962 2668 4017 erat,
2701 3964 2812 4007 tum
2838 3952 3020 4022 populi
3047 3953 3100 4006 in
3131 3950 3393 4006 ecclesias
3424 3963 3555 4000 con-

1976 4043 2234 4116 fugientis
2270 4053 2432 4115 atque
2471 4044 2528 4100 in
2553 4045 2710 4099 turba
2748 4051 2974 4098 mortem
2999 4043 3250 4097 acerbam
3281 4040 3561 4095 invenien-

1976 4140 2067 4202 tis,
2086 4147 2198 4193 tum
2232 4137 2556 4208 iningressu
2589 4141 2921 4202 arcis,cum,
2943 4136 3093 4190 basta
3116 4133 3302 4188 hostili
3333 4133 3399 4186 de
3425 4132 3561 4184 turri

1981 4229 2232 4286 orientali
2257 4243 2377 4299 qua:
2403 4229 2650 4282 imminet
2675 4229 2903 4297 aequori,
2943 4225 3149 4280 elevata
3223 4232 3412 4278 contra
3466 4223 3564 4275 ad-

1983 4322 2256 4379 versarios
2286 4321 2339 4374 in
2373 4319 2581 4390 signum
2617 4319 2768 4375 urbis
2793 4319 2904 4388 jam
2952 4317 3205 4379 redactaz,
3259 4315 3412 4385 quasi
3450 4314 3560 4367 vel-

1986 4413 2100 4480 lent
2129 4409 2338 4480 egredi.
2384 4424 2451 4463 au
2482 4407 2818 4478 superfuerit
2857 4407 3102 4475 ignotum
3136 4419 3219 4459 est
3251 4423 3263 4458 :
3306 4403 3556 4472 plerique

1993 4479 2187 4559 autem,
2211 4503 2529 4566 levaverant
2554 4499 2743 4554 oculos
2775 4498 2831 4551 in
2863 4512 3043 4552 arcem
3079 4497 3233 4566 quasi
3263 4496 3316 4548 in
3345 4503 3555 4547 montes

1999 4598 2141 4655 unde
2175 4596 2278 4653 sibi
2309 4609 2596 4652 venturum
2631 4595 2893 4648 auxilium
2929 4594 3239 4660 sperabant.

298 4701 542 4752 γνωστοο
562 4663 700 4758 ἦραν
716 4687 772 4740 δέ
796 4687 920 4750 τοὺς
940 4663 1254 4758 ὀφθαλμοὺς
1271 4689 1319 4740 οἱ
1341 4663 1555 4753 πλείους
1569 4691 1643 4755 ὡς
1655 4693 1734 4756 εἰς
1755 4690 1856 4763 ὅρη
1877 4692 1973 4766 τὴν
1993 4691 2310 4762 ἀκρόπολιν,
2328 4689 2454 4743 ἔνθα
2478 4687 2724 4758 βοήθειαν
2745 4663 3106 4756 ἐκαραδόκουν
3127 4684 3308 4744 αὐτοῖς
3324 4681 3563 4736 ἔσεσθαι.

369 4785 436 4829 ε’.
493 4779 555 4830 '0
599 4779 657 4832 δὲ
706 4778 943 4847 μάλιστα
988 4777 1087 4848 τὴν
1135 4779 1227 4832 τοῦ
1278 4779 1454 4834 κακοῦ
1504 4782 1876 4854 πολυφθορίαν

2052 4783 2104 4837 5.
2137 4781 2290 4848 Quod
2316 4789 2496 4834 autem
2515 4782 2749 4834 maxime
2773 4778 2935 4847 hujus
2953 4776 3285 4831 calamitatis
3305 4777 3566 4829 extremi-

293 4867 551 4921 ἐνταῦθα
575 4871 893 4936 κατηγορεῖ,
922 4868 1068 4921 τοῦτ’
1092 4866 1182 4940 ἦν,
1212 4871 1295 4923 ὅτι
1324 4874 1444 4934 ταῖς
1472 4877 1756 4944 νεκρικαῖς
1785 4874 1881 4945 θη-

296 4959 546 5030 μωνίοιις
592 4961 685 5012 καὶ
729 4959 941 5026 ἀλόγων
989 4960 1146 5025 ζώων
1193 4961 1454 5032 σώρευμα
1506 4964 1877 5033 παρετέθειτο.

305 5053 631 5121 ’Δχωρήτου
671 5054 781 5123 γάρ
821 5052 972 5115 ὄντος
1012 5054 1110 5123 μιᾷ
1146 5053 1290 5124 πύλῃ
1324 5054 1416 5106 τοῦ
1460 5056 1883 5127 συνερρευκότος

291 5145 414 5198 ἅνω
447 5143 582 5196 λαοῦ
605 5185 617 5208 ,
650 5143 747 5198 καὶ
781 5143 1120 5213 βιαζομένων
1155 5145 1255 5214 μὲν
1287 5145 1668 5215 παραδύεσθαι
1689 5187 1701 5210 ,
1739 5145 1882 5201 ὦατε

293 5233 605 5300 σώζεσθαι,
637 5237 710 5306 μὴ
739 5236 973 5305 ἐχόντων
999 5237 1056 5288 δὲ
1083 5235 1456 5306 παραδύεσθαι
1484 5237 1747 5303 ἐκάστων,
1777 5239 1886 5292 τῶν

286 5345 350 5382 τε
383 5325 597 5392 πεζῶν,
625 5328 730 5382 τῶν
754 5345 815 5380 τε
841 5327 966 5381 καθ’
987 5329 1213 5391 ἴππους,
1239 5329 1266 5381 ὁ
1294 5328 1525 5382 κατόπιν
1552 5328 1689 5382 θέων
1718 5330 1886 5400 βαρὺς

291 5421 462 5490 δχλος
489 5418 586 5472 τὸν
610 5420 945 5491 προάγοντα,
970 5421 1066 5475 καὶ
1087 5425 1152 5492 τῇ
1179 5421 1482 5474 ἐπιπτώσει
1511 5421 1734 5490 πάσχων
1758 5425 1888 5475 ἐκεῖ·

290 5530 383 5574 νος
413 5511 484 5562 τὸ
510 5511 691 5578 ὅμοιον
715 5512 822 5566 ύπδ
845 5513 952 5566 τῶν
979 5513 1359 5582 ὀπισθαίτερον
1385 5514 1746 5582 ἐγκειμένων,
1774 5515 1884 5566 οὐδ’

292 5604 497 5658 αὐτῶν
521 5604 952 5677 ἀπηλλαγμένων
975 5603 1066 5658 τοῦ
1096 5603 1221 5658 καθ’
1245 5605 1433 5674 εἱρμὸν
1460 5605 1602 5658 οὕτω
1630 5607 1882 5676 πάσχειν,

288 5695 375 5760 εἰς
412 5692 658 5751 κολωνὸν
691 5694 1116 5766 θανατουμένων
1151 5691 1421 5764 ἐκορύφου
1453 5695 1510 5747 τὸ
1545 5697 1882 5764 σύμπτωμα,

1987 4883 2146 4929 tatem
2179 4873 2492 4936 accusabat,
2529 4876 2648 4924 erat
2690 4885 2919 4923 acervus
2945 4868 3322 4938 jumentorum
3352 4868 3565 4921 acervis

1986 4974 2325 5034 nter-tuorum
2347 4963 2582 5017 additus.
2601 4961 2737 5016 Cum
2764 4963 2910 5016 enim
2934 4977 3097 5015 unam
3122 4961 3186 5013 ad
3211 4968 3566 5028 portamcon-

1987 5049 2223 5107 Venisset
2271 5052 2337 5106 ad
2389 5049 2793 5104 ascendentium
2842 5050 3166 5105 innumeros
3196 5050 3452 5118 populus.
3502 5063 3562 5102 se

1989 5145 2351 5198 intromittere
2401 5157 2626 5207 conans,
2682 5149 2903 5211 propter
2961 5142 3226 5205 salutem,
3264 5139 3564 5209 imusquis-
3625 5167 3629 5170 ~

1991 5251 2098 5306 que
2132 5243 2313 5289 autem
2377 5242 2664 5304 penetrare
2698 5248 2806 5288 non
2839 5241 3043 5303 posset,
3081 5233 3170 5285 alii
3197 5232 3428 5300 pedites,
3461 5231 3560 5284 alii

1996 5330 2047 5380 iu
2081 5329 2236 5400 equis
2266 5326 2541 5387 sedentes.
2582 5325 2742 5379 turba
2784 5325 2955 5379 densa
3006 5325 3084 5378 illi
3126 5341 3246 5394 quae
3301 5322 3560 5393 praecedit

1992 5428 2140 5472 retro
2178 5419 2461 5483 insistens,
2486 5432 2549 5474 ac
2576 5429 2798 5488 propter
2829 5418 3018 5487 lapsus
3072 5416 3213 5469 idem
3251 5415 3462 5484 patiens
3490 5414 3558 5467 ab

1996 5511 2081 5564 bis
2109 5511 2202 5581 qui
2236 5519 2566 5579 sequuntur,
2604 5511 2860 5564 omnibus
2893 5508 3033 5563 idem
3065 5505 3395 5576 patientibus
3430 5504 3555 5572 qui-

1991 5603 2095 5657 bus
2124 5604 2210 5656 via
2232 5603 2420 5658 eadem
2459 5611 2562 5668 est,
2589 5617 2843 5657 acervum
2865 5608 3198 5655 mortuorum
3223 5597 3552 5666 complebat,

1995 5695 2249 5751 omnibus
2292 5709 2398 5750 una
2443 5693 2752 5764 iacentibus
2798 5691 3130 5757 hominibus,
3158 5687 3335 5758 cquis,
3369 5686 3550 5748 mulis,
