3950 6242
352 286 460 350 15η

1108 291 1529 358 EUSTATIIII
1571 295 2328 359 TIIESSALONICENSIS
2349 294 2923 358 METROPOLszE
3528 299 3596 363 i6

347 401 540 465 asinis,
572 402 662 470 qui
700 402 1089 473 supellectilem
1122 405 1174 458 in
1206 405 1369 461 dorso
1406 407 1717 475 portabant.
1751 408 1909 462 Collis

2029 407 2242 460 πάντων
2269 407 2402 477 ὁμοῦ
2435 405 2822 479 πεφυρμένων,
2850 406 3177 475 ἀνθρώπω),
3208 408 3409 470 ἵππων,
3438 409 3598 478 ἡμιό-

348 493 437 545 hie
466 492 536 546 ibi
576 493 709 545 turri
741 493 893 547 urbis
935 493 1308 564 juxtapesitus
1360 505 1497 557 erat,
1564 502 1674 551 fere
1723 498 1916 551 similis

346 583 582 638 molibus
610 594 802 638 contra
836 578 1024 639 muros
1047 588 1342 643 exstructis
1395 604 1529 658 quas
1593 590 1787 643 bellum
1819 592 1918 643 ali-

345 675 559 740 quoties
590 674 1085 731 consu'uit.Eth:ee
1113 677 1252 729 facta
1280 692 1405 730 sunt
1440 678 1504 732 ad
1538 687 1750 748 portam
1776 680 1917 734 arcis

344 779 466 831 qtue
510 764 580 818 ob
616 767 810 820 oculos
858 776 962 823 est.
996 765 1142 832 Quos
1169 784 1295 822 vero
1316 769 1626 823 continebat
1651 786 1770 839 quae
1800 780 1918 825 erat

344 858 513 919 intus,
542 872 664 910 cum
703 857 810 910 dux
850 857 1140 912 imbecillis
1172 874 1291 912 eam
1342 858 1525 929 fregit,
1569 859 1708 930 fugae
1771 861 1913 915 male

348 946 552 1007 l‘avens,
582 947 682 1017 ipsi
719 949 842 1001 novi
877 950 1089 1017 generis
1129 949 1393 1017 tragoedia
1425 965 1484 1004 se
1512 949 1729 1005 obtulit.

2026 515 2152 560 νων,
2186 498 2357 560 ὄνων,
2391 494 2473 563 οἷς
2507 500 2922 569 ἐπισεσαγμένα
2957 496 3097 571 ἦσαν
3130 499 3195 554 τὰ
3228 504 3342 564 τοῖς
3378 502 3596 565 πολλοῖς

2024 590 2316 658 ἀναγκαῖα.
2351 592 2461 646 Καὶ
2495 591 2684 661 βουνὸς
2720 594 2927 655 ἐκεῖνος
2961 593 3204 656 τοιοῦτος
3237 593 3597 647 ἀντανίστατο

2022 681 2100 750 τῷ
2132 684 2227 752 τῆς
2263 682 2470 745 πόλεως
2509 685 2691 736 ἐκεῖσε
2728 682 3096 753 πυργώματι,
3136 682 3337 753 μικροῦ
3372 701 3592 752 παρεοι-

2022 773 2131 838 κὼς
2167 776 2277 839 τοῖς
2321 776 2693 845 ἐγειρομένους
2733 775 2840 844 πρὸ
2872 775 3100 844 τειχέων
3134 774 3386 844 χώμασιν
3410 819 3423 835 .
3458 774 3494 829 ἀ
3530 776 3594 847 δὴ

2021 863 2116 916 καὶ
2157 865 2297 917 αὐτὰ
2341 866 2611 932 σκευωρεῑ
2655 881 2783 918 ποτε
2832 864 3087 933 πόλεμος.
3128 865 3239 918 Καὶ
3277 865 3454 919 ταῦτα
3496 867 3597 935 μὲν

2020 956 2157 1026 πρὸς
2186 958 2250 1027 τῇ
2282 955 2424 1026 πύλῃ
2450 956 2547 1023 τῆς
2576 956 2945 1024 ἀκροπόλεως,
2973 959 3040 1027 τῇ
3066 973 3129 1024 γε
3156 958 3590 1029 προφαινομένῃ.

343 1035 448 1095 οὓς
474 1037 530 1089 δὲ
562 1039 788 1108 συνέσχε
819 1039 912 1092 καὶ
942 1040 972 1108 ὴ
1001 1040 1283 1111 ἐνδοτέρω,
1313 1041 1402 1093 ὅτε
1434 1040 1462 1091 6
1493 1042 1710 1112 ἀχρεῖος
1739 1044 1908 1115 αὐτὴν
1949 1046 2192 1118 ἀκαίρως
2225 1049 2501 1118 κατήραξε
2539 1050 2866 1119 στρατηγὸς,
2897 1049 3330 1121 παρεισφθαρεὶς
3393 1051 3452 1102 ἐν
3515 1049 3593 1116 τῷ

364 1134 568 1198 εὐγειν,
599 1133 734 1202 ἄλλη
770 1134 1051 1203 τραγῳδία
1085 1129 1229 1187 οὗτοι
1261 1137 1640 1208 καινὸτροπος.

411 1228 465 1281 6.
500 1226 664 1292 Quasi
716 1227 859 1281 enim
914 1244 1022 1282 non
1086 1230 1221 1283 satis
1273 1232 1426 1284 multi
1475 1233 1744 1289 interfecti
1781 1235 1908 1290 alibi

341 1317 593 1381 fuissent,
621 1318 707 1370 ille
740 1332 939 1387 parvus
971 1320 1196 1388 pulchre
1220 1322 1388 1389 gestis
1419 1322 1513 1377 sed
1543 1338 1770 1393 magnus
1797 1341 1911 1394 pra-

340 1410 502 1461 vitate
532 1409 682 1461 auxit
715 1409 913 1463 malum
944 1426 958 1475 ;
989 1426 1051 1464 ac
1078 1412 1300 1479 insuper
1328 1419 1584 1482 tauquam
1615 1415 1909 1471 calamitati

338 1498 791 1566 complementum
829 1498 977 1554 dedit
1003 1515 1112 1555 non
1160 1502 1274 1570 ipsa
1312 1518 1471 1557 manu
1498 1504 1679 1576 gladio
1706 1507 1913 1562 interli-

347 1590 499 1642 cicns
531 1605 671 1659 quos
699 1589 842 1644 malo
872 1590 1102 1645 consilio
1142 1591 1375 1658 fiderat,
1404 1596 1497 1648 sed
1536 1596 1824 1667 prmciptte,
1854 1609 1913 1655 ut

339 1696 524 1733 verum
562 1681 763 1744 dicam,
792 1681 997 1736 collisis
1035 1681 1242 1735 viribus
1282 1698 1377 1751 pro
1429 1700 1604 1754 pugna
1640 1702 1703 1742 ac
1726 1697 1912 1743 custo-

2089 1235 2165 1301 ς’.
2198 1236 2407 1306 ’Ὠσπερ
2437 1235 2544 1305 γὰρ
2579 1234 2654 1306 μὴ
2683 1235 2996 1304 ἀρκούντων
3028 1235 3139 1288 τῶν
3160 1234 3332 1296 ἄλλως
3364 1252 3584 1289 πεπτω·

2017 1328 2212 1391 κὸτων,
2245 1328 2667 1399 προσεπηύξησε
2694 1328 2753 1379 τὸ
2782 1329 2952 1382 κακὸν
2976 1330 3182 1390 ἐκεῖνος
3209 1328 3237 1379 ὁ
3266 1327 3462 1397 μικρὸς
3491 1327 3591 1396 μὲν

2016 1418 2086 1472 τά
2118 1419 2290 1480 καλὰ,
2325 1419 2498 1488 μέγας
2527 1420 2583 1472 δὲ
2615 1420 2712 1489 τὴν
2742 1419 3010 1489 πονηρίαν
3033 1435 3046 1447 ·
3081 1417 3174 1470 καὶ
3203 1412 3315 1469 οἷόν
3349 1434 3471 1470 τινα
3499 1434 3589 1469 κο-

2020 1513 2218 1581 ρωνίδα
2254 1512 2345 1563 καὶ
2382 1512 2544 1573 αὐτὸς
2577 1509 2653 1580 τῷ
2689 1511 3068 1581 δυστυχήματι
3103 1508 3594 1578 ἐκεφαλαιώσατο,

2013 1603 2117 1657 οὐκ
2161 1604 2533 1673 ἀνασχόμενος
2572 1604 2645 1674 μὴ
2683 1602 2781 1655 καὶ
2815 1603 3098 1673 αὐτόχειρι
3133 1603 3279 1673 φόνῳ
3322 1617 3591 1670 προσεπι-

2013 1694 2249 1763 suam,
2284 1694 2377 1758 οὒς
2411 1694 2759 1757 δυσϐουλίαις
2792 1696 3279 1766 κατεστρατήγησε
3302 1736 3316 1756 ,
3354 1693 3591 1763 μάλιστα

336 1769 447 1832 dia,
477 1780 533 1823 ut
569 1786 749 1824 sermo
769 1772 1071 1841 procedens
1106 1772 1251 1826 clare
1296 1774 1711 1833 demonstrabit.
1746 1779 1820 1833 ita
1854 1791 1905 1834 ut

2018 1786 2060 1838 δ’
2090 1759 2266 1839 sitrst
2322 1786 2578 1855 τάληθὲς,
2610 1789 2730 1850 ταῖς
2761 1789 2841 1848 εἰς
2875 1759 3056 1856 μάχην
3204 1759 3464 1853 ⁷φυλακὴν
3490 1801 3591 1836 xa-

335 1861 831 1916 machiuationibus
863 1863 977 1917 suis
1011 1864 1194 1918 hostes
1215 1881 1242 1918 a
1269 1868 1280 1917 Ι
1314 1880 1371 1919 5e
1405 1870 1759 1936 converterit,
1785 1871 1910 1926 licet

340 1953 481 2007 hanc
509 1954 781 2006 civitatem
819 1954 897 2007 sie
935 1955 1111 2024 perire
1141 1956 1431 2018 dimiserit,
1462 1970 1759 2030 auctorque
1802 1978 1909 2018 (τωο

335 2038 482 2092 dium
554 2038 756 2106 ίιιιτίι,
820 2042 1113 2099 immolans
1163 2046 1279 2112 ipse
1331 2048 1532 2117 quibus
1606 2051 1910 2109 indulserat

335 2137 565 2200 tempus.
590 2132 702 2184 Non
734 2134 877 2186 enim
901 2136 1040 2188 alius
1060 2138 1225 2203 jussit
1257 2138 1400 2191 illam
1430 2143 1752 2211 praecipuam
1785 2159 1908 2214 por—

337 2229 445 2274 tam
477 2222 786 2287 demittere,
826 2241 989 2293 supra
1023 2229 1273 2282 machina
1319 2230 1621 2297 elevatam;
1658 2235 1750 2288 sed
1796 2237 1910 2304 ipse

337 2314 638 2367 machinam
660 2316 901 2381 solvens,
920 2320 1105 2371 statim
1132 2320 1377 2387 demisit,
1404 2323 1798 2395 includcusque
1819 2327 1909 2396 qui

334 2406 865 2474 peuetrarant,erpit
885 2424 977 2463 eos
1003 2411 1091 2478 qui
1123 2412 1261 2465 mala
1289 2424 1432 2468 surtc
1457 2427 1815 2471 accurrerqu
1855 2420 1907 2472 in

334 2512 494 2551 suum
530 2498 1242 2570 exitium,strangulationis
1274 2514 1445 2561 morte
1475 2510 1637 2561 vita'n
1668 2526 1911 2564 commu-

336 2597 534 2649 tantes,
585 2592 737 2643 triste
772 2593 1145 2659 spectaculum
1176 2593 1485 2657 offerentes,
1516 2597 1746 2653 dimidio
1784 2616 1908 2653 cor-

336 2679 480 2747 poris
515 2679 568 2733 in
610 2682 842 2736 interius
871 2683 1142 2746 inclinati,
1184 2686 1389 2756 reliqua
1431 2700 1581 2755 parte
1636 2690 1895 2745 exteriusi

334 2774 632 2841 tonspecti,
666 2781 859 2828 merito
893 2777 1131 2845 lugendi.

2017 1875 2307 1945 θυφέσεσιν
2330 1916 2344 1942 ,
2374 1877 2447 1939 ὼς
2479 1879 2507 1928 ὁ
2539 1876 2696 1944 λόγος
2731 1876 3047 1946 προϐαίνων
3079 1875 3332 1944 ἐκφανῶς
3362 1873 3595 1940 διαγράο

2014 1965 2208 2039 ψεται’
2248 1969 2322 2032 ὡς
2366 1968 2453 2035 ἂν,
2492 1963 2671 2037 οἶμαι,
2708 1969 2831 2030 τοὺς
2876 1965 3170 2037 πολεμίους
3216 1965 3349 2033 πρὸς
3392 1962 3589 2016 ἑαυτοῦ

2017 2062 2381 2129 ποιησάμενος
2415 2059 2783 2128 ἐκμειλίξαιτο
2805 2099 2819 2125 ,
2850 2058 2967 2125 εἴγε
3003 2058 3097 2111 καὶ
3129 2057 3285 2109 πόλιν
3315 2055 3594 2122 τοσαύτην

2013 2153 2227 2221 ἀφῆκεν
2257 2151 2400 2203 οὕτω
2431 2153 2638 2212 πεσεῖν,
2674 2153 2765 2203 καὶ
2800 2149 2976 2218 φόνων
3007 2148 3064 2201 δὲ
3094 2148 3317 2217 γέγονεν
3347 2146 3589 2216 αὐτουρ-

2011 2241 2125 2310 γὸς,
2175 2242 2587 2305 ὲπικαταθύσας
2630 2242 2725 2294 καὶ
2770 2241 2953 2304 αὐτὸς,
3000 2238 3092 2301 οὓς
3140 2239 3519 2307 ἐπεμέτρησεν
3559 2236 3595 2289 ὁ

2011 2333 2227 2403 καιρός.
2257 2336 2333 2386 Οὐ
2363 2335 2472 2404 γὰρ
2500 2335 2684 2397 ἄλλοις
2710 2332 2939 2400 ἐπέταξε
2968 2331 3309 2402 χαλασθῆναι
3333 2331 3431 2399 τὴν
3458 2346 3591 2398 κρυ-

2012 2423 2180 2494 φαίαν
2217 2424 2439 2494 ἐκείνην
2478 2424 2676 2496 πυλην,
2720 2424 2994 2494 μετέωρον
3027 2420 3279 2492 ἠρμένην
3314 2422 3378 2472 ἐκ
3415 2436 3592 2491 μηχα-

2012 2516 2141 2585 νῆςο
2182 2515 2297 2569 ἀλλ’
2322 2516 2483 2576 αὐτὸς
2520 2516 2579 2566 τὸ
2615 2517 2893 2584 τέχνασμα
2934 2513 3139 2582 σχάσας
3176 2511 3316 2564 κατά
3353 2509 3588 2581 σπουδὴν

2011 2607 2324 2674 κατήνεγκε
2347 2624 2359 2637 ο
2394 2607 2488 2660 καὶ
2517 2606 2659 2659 κατά
2686 2606 2792 2658 τῶν
2824 2603 3304 2675 παρεισδυομένων
3337 2599 3590 2668 συγκλεί-

2007 2714 2105 2758 σας
2129 2737 2143 2762 ,
2177 2697 2503 2767 ἐπαγίδευσε
2534 2699 2660 2760 τοὺς
2695 2695 3023 2767 ὑποτρέχειν
3056 2694 3321 2764 λαχόντας
3355 2693 3435 2755 εἰς
3468 2690 3590 2744 5).:-

2010 2787 2163 2858 θρον,
2208 2788 2457 2859 σφιγκτῷ
2502 2788 2726 2858 Θανάτῳ
2773 2785 3180 2856 μετηλλαχότας
3221 2788 3281 2837 τὸ
3327 2783 3445 2854 ζῇν,
3490 2793 3586 2847 καὶ

333 2865 617 2932 κειμένους
647 2867 862 2935 οἰκτρὸν
893 2867 1094 2937 θέαμα,
1127 2866 1201 2937 τῷ
1238 2868 1336 2937 μὲν
1366 2868 1555 2938 ἡμίσει
1584 2870 1678 2924 τοῦ
1713 2872 1966 2944 σώματος
2001 2879 2420 2948 προκόπτοντας
2457 2882 2549 2935 ἐπὶ
2582 2880 2651 2935 τὰ
2721 2880 2903 2944 ἐντὸς,
2974 2880 3052 2951 τῷ
3086 2877 3144 2930 δὲ
3212 2877 3383 2947 λοιπῷ
3449 2892 3584 2944 προι

331 2958 688 3026 φαινομένους
721 2960 832 3020 τοῖς
893 2960 1040 3021 κτὸς.
1075 2958 1218 3012 ὥστε
1250 2960 1558 3018 κλαίεσθαι.

404 3048 453 3100 7.
488 3048 611 3102 Fuit
648 3062 825 3102 autem
861 3050 1022 3103 homo
1049 3064 1236 3105 noster
1257 3054 1393 3106 adeo
1423 3066 1707 3124 promptus
1737 3056 1789 3110 in
1822 3058 1909 3113 de-

2094 3062 2157 3135 ξ·
2199 3065 2258 3117 ὀ
2301 3063 2357 3119 δὲ
2402 3064 2496 3118 καὶ
2543 3065 2625 3128 εἷς
2665 3063 2921 3121 τοσοῦτον
2960 3059 3029 3135 ἦν
3066 3063 3310 3133 ἀνδρεῖος
3352 3060 3587 3114 διολέσαι

332 3135 487 3194 lentia
540 3143 693 3207 urbe,
731 3152 789 3195 ut
825 3143 892 3197 de
962 3145 1094 3197 turri
1145 3159 1265 3213 quae
1320 3150 1687 3215 supereminet
1734 3150 1902 3217 portis

329 3232 522 3286 vicinis
575 3233 760 3287 funem
829 3235 1116 3290 demiserit
1163 3235 1216 3289 in
1267 3237 1453 3292 hostes
1503 3237 1570 3291 ad
1626 3238 1777 3294 illum
1811 3255 1904 3296 ae-

329 3335 609 3379 eurrcntcs
637 3365 652 3390 ,
708 3326 780 3381 ita
813 3337 871 3379 ut
909 3327 1106 3382 milites
1141 3327 1196 3383 in
1225 3328 1359 3382 turri
1396 3327 1529 3382 nihil
1558 3330 1899 3400 prodessent,

328 3424 381 3468 ct
413 3417 662 3470 semitam
699 3418 815 3487 ejus
848 3418 1140 3487 funemque
1167 3434 1261 3489 per
1283 3421 1452 3475 risum
1486 3419 1862 3479 decantarent.

2011 3153 2109 3223 τὴν
2140 3152 2268 3223 ὃλην
2302 3154 2475 3220 πόλιν,
2507 3153 2582 3216 ὡς
2612 3152 2729 3223 ἅμα
2758 3170 2816 3206 τε
2846 3152 2940 3206 τοῦ
2972 3153 3185 3222 πύργου
3218 3149 3493 3219 γενέσθαι,
3526 3148 3588 3212 ὃς

2010 3246 2441 3316 ὑπερανίσταται
2466 3247 2576 3300 τῶν
2603 3248 2780 3300 ἐκεῖσε
2811 3244 3018 3310 πυλῶν,
3045 3243 3140 3298 καὶ
3167 3242 3284 3313 ἅμα
3310 3241 3400 3295 διά
3432 3241 3588 3310 σχοί-

2007 3350 2099 3388 νου
2139 3336 2384 3390 καθεῖναι
2418 3340 2497 3401 είς
2529 3339 2655 3400 τοὺς
2691 3335 3089 3405 ἐπιδραμόντας
3126 3332 3422 3404 πολεμίους
3459 3333 3589 3385 ἐαυ-

2006 3426 2128 3492 τὸν,
2160 3426 2401 3483 ἐάσαντα
2425 3430 2548 3491 τοὺς
2579 3430 2672 3483 ἐπὶ
2701 3429 2798 3482 τοῦ
2832 3428 3049 3498 πύργου
3082 3426 3423 3496 στρατιώτας
3451 3423 3587 3478 κενά

331 3506 561 3578 μελετᾷν
595 3506 735 3579 ὑπὲρ
767 3511 860 3563 τοῦ
904 3511 1176 3580 ἐρύματος
1198 3554 1211 3576 ,
1248 3515 1341 3564 καὶ
1378 3513 1478 3584 τὴν
1511 3512 1696 3585 τρίϐον
1733 3515 1896 3570 αὐτοῦ
1930 3519 2025 3574 καὶ
2049 3520 2147 3592 τὴν
2175 3522 2383 3592 σχοῖνον
2438 3522 2650 3593 ταύτην
2703 3522 3009 3592 ἐπαράτους
3059 3518 3464 3591 ἐξιχνιάζεσθαι
3492 3518 3587 3570 καὶ

330 3605 707 3675 περιᾴδεσθαι.

400 3703 454 3757 8.
489 3702 587 3756 llic
610 3714 918 3758 commotus
952 3704 1181 3759 inducor
1212 3702 1277 3757 ad
1332 3706 1509 3759 virum
1561 3706 1901 3777 compellen-

330 3795 460 3849 dum
504 3797 585 3851 sic
639 3796 1049 3866 iuquisiturus:
1086 3794 1197 3851 Cur
1249 3796 1491 3867 tandem,
1527 3800 1730 3868 optimc
1769 3800 1903 3865 dux,

331 3890 607 3940 civitatem
636 3878 925 3942 destruere
951 3887 1160 3950 Sillt‘lls,
1185 3899 1366 3956 partes
1403 3888 1580 3945 editas
1602 3890 1906 3958 occupasti,

331 3982 614 4048 latereque
644 3978 910 4032 l'cstiuasti
940 3981 1109 4047 intus,
1131 3983 1175 4035 si
1212 3984 1289 4035 sic
1309 3983 1454 4035 brevi
1488 3998 1606 4037 eam
1636 3984 1775 4036 inter
1802 3998 1914 4037 ma-

330 4089 434 4128 nus
476 4071 712 4125 hostium
736 4073 1006 4139 captivam
1046 4087 1196 4127 esses
1245 4073 1579 4127 relicturus?
1608 4073 1717 4127 Cur
1749 4075 1914 4129 mise-

330 4180 443 4219 ram
464 4178 649 4218 vocem
680 4164 744 4217 ad
779 4162 1210 4218 misericordiam
1237 4166 1556 4221 movendam
1586 4181 1695 4219 non
1713 4166 1913 4219 extuli-

330 4260 434 4319 sti,
457 4264 747 4323 antequam
794 4252 1092 4308 suﬂ‘ocares
1114 4271 1251 4323 quos
1302 4263 1455 4324 porta
1489 4255 1707 4310 tenebat
1747 4264 1913 4325 atque

333 4359 563 4402 (umeros
581 4346 604 4398 ?
620 4344 903 4412 Quomodo
922 4360 1029 4400 non
1051 4356 1290 4400 moveret
1310 4347 1501 4409 risum,
1518 4347 1668 4401 illum
1690 4362 1912 4403 currere

2077 3715 2148 3780 η’.
2187 3708 2453 3763 Ἐνταῦθα
2487 3670 2881 3778 παθαινόμενος,
2918 3707 3231 3778 προάγομαί
3264 3725 3316 3760 τι
3349 3708 3581 3778 λαλῆσαι

2012 3799 2149 3871 πρὸς
2179 3799 2271 3853 τὸν
2300 3799 2488 3868 ἄνδρα,
2521 3796 2616 3851 καὶ
2649 3792 2919 3850 πυθέσθαι
2951 3794 3116 3849 αὑτοῦ
3137 3810 3151 3826 ·
3185 3796 3251 3848 Τί
3282 3796 3504 3866 δήποτε,
3537 3793 3586 3853 ὦ

2018 3893 2263 3965 βέλτιστε
2300 3890 2570 3961 στρατηγὲ
2592 3930 2606 3955 ,
2641 3888 2741 3959 τὴν
2773 3887 2923 3940 κάτω
2957 3886 3587 3953 πόλιν-κατακόπτεσθαι

2019 3984 2198 4052 ἀφεὶς,
2226 3982 2410 4048 ἐγένου
2435 3978 2533 4048 τῆς
2560 3980 2672 4032 ἄνω
2700 3978 2916 4049 μοίρας.
2945 3978 3040 4032 καὶ
3069 3978 3318 4033 σπεύδων
3343 3978 3587 4051 ὲκρύόης

2019 4073 2192 4139 ἐντὸς,
2221 4057 2268 4124 έι
2295 4071 2437 4124 οὕτω
2463 4071 2601 4141 ταχὺ
2629 4070 2795 4143 ἐχρῆν
2824 4087 2883 4123 σε
2912 4071 3006 4124 καὶ
3032 4070 3202 4141 αὐτὴν
3229 4072 3591 4141 ἀφεῖναιοτοῖς

2019 4162 2234 4232 ἐχθροῖς
2275 4161 2623 4230 ὑποχείριον;
2669 4161 2711 4213 Τ
2717 4162 2732 4211 ί
2776 4159 2832 4212 δὲ
2876 4160 2954 4231 μὴ
2996 4160 3093 4230 τὴν
3137 4159 3338 4229 ἀγεννῆ
3378 4162 3590 4231 φωνὴν,

2017 4253 2117 4323 τὴν
2142 4252 2235 4305 τοῦ
2266 4251 2551 4322 ἐλεηθῆναί
2583 4268 2662 4314 σε,
2694 4250 3068 4320 προέκρωξας,
3097 4251 3265 4320 πρινὴ
3295 4251 3390 4306 καὶ
3420 4269 3598 4307 κατα-

2020 4341 2203 4407 πνίξαι
2229 4334 2354 4404 τοὺς
2380 4341 2437 4394 ἐν
2465 4342 2530 4410 τῇ
2565 4339 2708 4410 πύλῃ
2737 4337 3026 4410 σχεθέντας
3055 4340 3150 4394 καὶ
3173 4341 3299 4404 τοὺς
3328 4341 3550 4404 λοιπούς
3575 4360 3596 4408 ;

331 4437 383 4489 in
424 4452 602 4491 arcem
647 4447 904 4506 tanquam
945 4436 999 4490 in
1045 4434 1392 4506 prasidium,
1419 4435 1826 4506 ascendereque
1851 4438 1905 4492 in

2020 4434 2143 4497 Πῶς
2188 4433 2249 4486 οὐ
2298 4433 2506 4503 γελοῖον
2548 4431 2866 4503 είσδραμεῖν
2905 4431 3003 4502 τὴν
3045 4431 3343 4500 ἀκρόπολιν
3385 4432 3460 4496 ὡς
3507 4434 3599 4499 εἰς

330 4528 523 4582 turrim
557 4536 811 4598 tanquam
845 4527 897 4580 in
920 4527 1099 4582 locum
1134 4527 1417 4582 altitudine
1452 4536 1627 4581 tutum
1649 4568 1664 4593 ,
1698 4530 1909 4583 statim-

2018 4526 2259 4597 ίμυναν,
2296 4525 2391 4578 καὶ
2425 4524 2774 4595 ἀναπηδῆσαι
2808 4523 2888 4587 είς
2922 4523 3133 4594 πύργον
3166 4523 3244 4588 ὡς
3282 4525 3371 4578 ἐπ’
3397 4526 3600 4600 ἀγαθῷ

330 4636 436 4689 que
480 4635 539 4675 se
583 4619 868 4675 demittere
911 4635 1009 4690 per
1063 4618 1501 4690 ﬁtnetu,bocque
1549 4620 1715 4675 Citius
1745 4634 1909 4690 quant

2018 4616 2119 4672 τῶν
2159 4618 2273 4672 ἀνω
2314 4615 2586 4683 ἐστὼτων,
2630 4618 2726 4669 καὶ
2767 4615 2968 4668 αὐτίκα
3005 4614 3308 4685 δράξασθαι
3347 4617 3597 4687 σχοίνου,

330 4711 493 4766 situla
539 4713 593 4765 in
640 4715 767 4766 luue
803 4714 988 4783 putei?
1048 4712 1091 4766 0
1119 4714 1355 4767 maxime
1385 4713 1496 4767 risu
1531 4713 1753 4783 dtgnum
1782 4727 1908 4766 cum

329 4805 437 4859 dux
469 4805 698 4859 illustris
726 4806 1059 4861 constitutus
1087 4816 1213 4860 ante
1252 4815 1437 4876 portas
1462 4805 1761 4859 orientales
1790 4815 1910 4858 tan-

329 4914 491 4970 quam
530 4898 596 4952 ad
621 4897 887 4953 illustrem
928 4913 1161 4969 pugnam
1187 4936 1202 4963 ,
1225 4899 1350 4953 dein
1400 4897 1588 4955 videns
1619 4896 1910 4976 quemdam

332 5010 400 5047 ex
428 4993 682 5049 hostibus
714 4992 1032 5045 velociorem
1069 5000 1530 5061 superantemque
1555 4989 1781 5055 vallum,
1814 4989 1915 5042 ha-

336 5085 504 5139 benas
539 5083 978 5152 dimisetit‘equo
1012 5080 1077 5134 ad
1109 5081 1444 5144 irruendnm,
1465 5080 1767 5150 procedens
1783 5093 1915 5134 con-

333 5185 418 5229 tra
451 5191 667 5230 omnem
696 5177 868 5230 aciem
887 5172 1186 5230 esercitus.
1211 5173 1508 5244 Postquam
1562 5181 1743 5227 autem
1774 5186 1913 5240 quos

334 5269 616 5322 invenerat
673 5267 980 5336 subegisset
1030 5275 1084 5321 et
1126 5264 1438 5334 irrupissel-
1465 5264 1740 5333 superius,
1781 5262 1909 5318 dein

336 5361 533 5417 multos
558 5359 922 5415 interfecisset
938 5371 1115 5428 porta,
1135 5359 1203 5414 de
1224 5372 1330 5429 qua
1358 5357 1524 5411 locuti
1549 5371 1758 5420 sumus,
1779 5355 1914 5412 alios

336 5454 427 5507 illa
481 5461 637 5523 porta
665 5467 727 5506 ex
777 5452 885 5505 alto
936 5451 1195 5516 demissa,
1220 5450 1357 5505 alios
1399 5462 1531 5503 vero
1553 5447 1645 5519 qui
1672 5448 1915 5503 exterius

337 5553 495 5599 erant
520 5586 534 5609 ,
574 5545 676 5600 :ito
705 5543 948 5600 ascendit
977 5553 1315 5615 pugnaturus
1348 5556 1381 5596 e
1404 5540 1560 5606 turri,
1588 5540 1746 5597 cuius
1786 5553 1915 5594 vero

342 5637 625 5695 descendit
679 5638 745 5693 ad
780 5644 1083 5707 capturam,
1111 5636 1164 5689 in
1194 5636 1297 5690 hoc
1319 5648 1429 5688 uno
1449 5633 1606 5690 fortis
1634 5633 1778 5704 quod
1805 5649 1916 5690 non

351 5731 406 5783 in
438 5738 622 5801 sporta
657 5728 867 5785 tardius
898 5728 1161 5785 dimissus
1202 5725 1325 5795 fuit,
1362 5725 1459 5782 sed
1496 5735 1775 5783 momento
1818 5724 1915 5781 ad-

2010 4710 2113 4764 καλ
2139 4708 2335 4762 θᾶττον
2368 4709 2519 4761 κάτω
2553 4706 2846 4776 γενέσθαι,
2880 4707 3028 4778 ἤπερ
3063 4708 3278 4761 καδδίον
3310 4708 3368 4761 ἐν
3402 4709 3602 4782 ίμονίᾳ,

2013 4802 2154 4855 κατὰ
2179 4800 2412 4872 φρέατος
2431 4815 2447 4867 ;
2466 4799 2531 4851 Ὢ
2556 4797 2792 4866 γέλωτος
2815 4798 3031 4865 τούτου,
3057 4799 3140 4853 ὅτι
3166 4816 3241 4852 πα
3251 4801 3606 4871 ρατεταγμέ-

2012 4910 2102 4956 νος
2130 4896 2158 4947 ὁ
2185 4891 2437 4963 λαμπρὸς
2467 4890 2692 4960 ἡγεμὼν
2724 4891 2833 4961 πρὸ
2859 4889 2969 4943 τῶν
2999 4889 3151 4961 ἑῴων
3181 4890 3366 4944 πυλῶν
3391 4891 3467 4953 ὡς
3497 4893 3607 4947 ἐπὶ

2016 4984 2167 5057 μάχῃ
2194 4982 2424 5055 λαμπρᾷ
2441 5019 2455 5044 ,
2491 4976 2611 5035 εἶτα
2645 4980 2769 5034 ἰδὼν
2797 4980 2894 5033 ἕνα
2922 4981 3046 5035 τινά
3077 4982 3336 5052 πολέμιον
3364 4983 3612 5054 ἐλαφρο-

2015 5076 2211 5130 σθέντα
2241 5078 2335 5130 καὶ
2366 5072 2748 5145 ὑπερφανέντα
2777 5074 2921 5126 κατὰ
2948 5071 3055 5126 τῶν
3085 5073 3387 5141 ἐπάλξεων,
3416 5073 3609 5143 ἀνῆκε

2014 5168 2105 5221 τὸν
2141 5167 2355 5239 ῥυτῆρα
2387 5162 2464 5236 τῷ
2502 5165 2656 5235 ἵππῳ
2690 5164 2834 5217 θέειν
2854 5205 2872 5230 ,
2906 5163 3227 5235 προτρέχων
3258 5161 3356 5216 τοῦ
3389 5166 3614 5230 παντὸς

2014 5260 2203 5332 ὁμίλου
2231 5259 2333 5331 τῆς
2368 5258 2625 5329 στρατιᾶς
2650 5273 2665 5287 ·
2698 5257 2794 5311 καὶ
2831 5255 3193 5325 συμπατήσας
3223 5256 3350 5318 τοὺς
3383 5242 3612 5325 παρευ-

2019 5353 2311 5426 ρημένους,
2338 5351 2434 5404 καὶ
2460 5349 2768 5420 εἰσδραμων
2793 5346 2927 5411 ἄνω,
2957 5340 3075 5399 εἶτα
3101 5348 3197 5400 καὶ
3225 5346 3433 5417 βλάψας
3462 5348 3615 5401 πολ-

2016 5446 2141 5508 λοὺς
2171 5444 2261 5498 διὰ
2288 5443 2464 5516 πύλης
2483 5483 2498 5509 ,
2529 5443 2595 5510 ἣν
2626 5436 3069 5511 προεξεθέμεθα,
3094 5439 3219 5502 τοὺς
3253 5438 3351 5508 μὲν
3380 5438 3473 5490 ὑπ’
3495 5441 3616 5492 αὑ-

2016 5536 2115 5607 τῆς
2142 5537 2358 5608 ἐκείνης
2386 5533 2809 5604 κατενεχθείσης
2838 5533 2903 5585 ἐκ
2933 5529 3233 5603 μετεώρου,
3258 5530 3384 5594 τοὺς
3409 5529 3468 5584 δὲ
3502 5536 3619 5589 καὶ

2018 5626 2099 5696 οἷς
2123 5630 2227 5697 ἐξω
2252 5628 2727 5696 συνεκλείσθησαν,
2752 5624 2888 5696 ταχὺ
2917 5624 3016 5694 μὲν
3037 5622 3206 5694 ἀνέϐη
3236 5625 3619 5694 πυργομαχή-

2022 5740 2158 5789 σων,
2190 5722 2373 5790 τάχιον
2399 5720 2457 5774 δέ
2489 5717 2697 5788 κατέϐη
2725 5714 3125 5787 δουλωσόμενος
3144 5753 3160 5782 ,
3189 5713 3347 5769 τοῦτο
3375 5716 3469 5768 καὶ
3498 5716 3621 5784 μό-
