  <div class='ocr_page' id='page_1' title='image "/cluster/home/n/w/nwhite01/storage/ocr_20150623/136/mdp.39015038093210/016.png"; bbox 0 0 3950 6242; ppageno 0'>
   <div class='ocr_carea' id='block_1_1' title="bbox 327 450 3554 532">
    <p class='ocr_par' dir='ltr' id='par_1_1' title="bbox 327 450 3554 532">
     <span class='ocr_line' id='line_1_1' title="bbox 327 450 3554 532; baseline 0.004 -17"><span class='ocrx_word' id='word_1_1' title='bbox 327 450 386 515; x_wconf 74' lang='grc' dir='ltr'>Π</span> <span class='ocrx_word' id='word_1_2' title='bbox 1061 461 1165 520; x_wconf 89' lang='lat' dir='ltr'><strong>DE</strong></span> <span class='ocrx_word' id='word_1_3' title='bbox 1210 462 1790 524; x_wconf 68' lang='lat' dir='ltr'><strong>THESSALONlCA</strong></span> <span class='ocrx_word' id='word_1_4' title='bbox 1838 464 2048 528; x_wconf 81' lang='lat' dir='ltr'><strong>URBE</strong></span> <span class='ocrx_word' id='word_1_5' title='bbox 2094 470 2136 527; x_wconf 85' lang='lat' dir='ltr'><strong>A</strong></span> <span class='ocrx_word' id='word_1_6' title='bbox 2188 470 2500 530; x_wconf 81' lang='lat' dir='ltr'><strong>LATINIS</strong></span> <span class='ocrx_word' id='word_1_7' title='bbox 2536 469 2792 530; x_wconf 77' lang='lat' dir='ltr'><strong>CAPTA.</strong></span> <span class='ocrx_word' id='word_1_8' title='bbox 3490 465 3554 532; x_wconf 83' lang='lat'>18</span> 
     </span>
    </p>
   </div>
   <div class='ocr_carea' id='block_1_2' title="bbox 315 566 1869 652">
    <p class='ocr_par' dir='ltr' id='par_1_2' title="bbox 315 566 1869 647">
     <span class='ocr_line' id='line_1_2' title="bbox 315 566 1869 647; baseline 0.01 -31"><span class='ocrx_word' id='word_1_9' title='bbox 315 582 398 618; x_wconf 87' lang='grc' dir='ltr'><strong>νον</strong></span> <span class='ocrx_word' id='word_1_10' title='bbox 438 566 848 636; x_wconf 68' lang='grc' dir='ltr'>ἀνδρισάμενος,</span> <span class='ocrx_word' id='word_1_11' title='bbox 890 570 970 623; x_wconf 87' lang='grc' dir='ltr'>ὄτι</span> <span class='ocrx_word' id='word_1_12' title='bbox 1018 572 1095 641; x_wconf 81' lang='grc' dir='ltr'>μὴ</span> <span class='ocrx_word' id='word_1_13' title='bbox 1136 574 1225 626; x_wconf 76' lang='grc' dir='ltr'><strong>διὰ</strong></span> <span class='ocrx_word' id='word_1_14' title='bbox 1271 577 1548 644; x_wconf 72' lang='grc' dir='ltr'><strong>σαργάνης</strong></span> <span class='ocrx_word' id='word_1_15' title='bbox 1603 578 1869 647; x_wconf 79' lang='grc' dir='ltr'>ἐχαλάσθη</span> 
     </span>
    </p>
   </div>
   <div class='ocr_carea' id='block_1_3' title="bbox 1975 566 3553 652">
    <p class='ocr_par' dir='ltr' id='par_1_3' title="bbox 1983 580 3553 652">
     <span class='ocr_line' id='line_1_3' title="bbox 1983 580 3553 652; baseline 0 -19"><span class='ocrx_word' id='word_1_16' title='bbox 1983 582 2203 649; x_wconf 75' lang='lat' dir='ltr'><strong>volavit,</strong></span> <span class='ocrx_word' id='word_1_17' title='bbox 2245 593 2509 651; x_wconf 83' lang='lat' dir='ltr'><strong>tanquam</strong></span> <span class='ocrx_word' id='word_1_18' title='bbox 2576 582 2819 652; x_wconf 78' lang='lat' dir='ltr'><strong>vulgaris</strong></span> <span class='ocrx_word' id='word_1_19' title='bbox 2843 581 2956 638; x_wconf 87' lang='lat' dir='ltr'><strong>ales</strong></span> <span class='ocrx_word' id='word_1_20' title='bbox 3007 580 3072 636; x_wconf 88' lang='lat' dir='ltr'><strong>ad</strong></span> <span class='ocrx_word' id='word_1_21' title='bbox 3109 593 3321 652; x_wconf 79' lang='lat' dir='ltr'><strong>pasmm</strong></span> <span class='ocrx_word' id='word_1_22' title='bbox 3370 598 3553 647; x_wconf 81' lang='lat' dir='ltr'><strong>suum,</strong></span> 
     </span>
    </p>
   </div>
   <div class='ocr_carea' id='block_1_4' title="bbox 316 657 1876 739">
    <p class='ocr_par' dir='ltr' id='par_1_4' title="bbox 316 657 1876 739">
     <span class='ocr_line' id='line_1_4' title="bbox 316 657 1876 739; baseline 0.012 -32"><span class='ocrx_word' id='word_1_23' title='bbox 316 657 666 727; x_wconf 73' lang='grc' dir='ltr'><strong>σχολαίτερον,</strong></span> <span class='ocrx_word' id='word_1_24' title='bbox 718 659 854 716; x_wconf 82' lang='grc' dir='ltr'>ἀλλὰ</span> <span class='ocrx_word' id='word_1_25' title='bbox 900 664 1101 733; x_wconf 82' lang='grc' dir='ltr'><strong>μικροῦ</strong></span> <span class='ocrx_word' id='word_1_26' title='bbox 1151 670 1551 739; x_wconf 84' lang='grc' dir='ltr'>κατεπετάσθη,</span> <span class='ocrx_word' id='word_1_27' title='bbox 1603 671 1733 724; x_wconf 75' lang='grc' dir='ltr'>ὡσεὶ</span> <span class='ocrx_word' id='word_1_28' title='bbox 1782 675 1876 724; x_wconf 74' lang='grc' dir='ltr'>καὶ</span> 
     </span>
    </p>
   </div>
   <div class='ocr_carea' id='block_1_5' title="bbox 1986 671 3239 742">
    <p class='ocr_par' dir='ltr' id='par_1_5' title="bbox 1986 671 3239 742">
     <span class='ocr_line' id='line_1_5' title="bbox 1986 671 3239 742; baseline -0.002 -17"><span class='ocrx_word' id='word_1_29' title='bbox 1986 687 2091 725; x_wconf 89' lang='lat' dir='ltr'><strong>non</strong></span> <span class='ocrx_word' id='word_1_30' title='bbox 2127 688 2253 727; x_wconf 83' lang='lat' dir='ltr'><strong>vero</strong></span> <span class='ocrx_word' id='word_1_31' title='bbox 2297 684 2353 727; x_wconf 82' lang='grc' dir='ltr'><strong>ιιι</strong></span> <span class='ocrx_word' id='word_1_32' title='bbox 2399 674 2578 742; x_wconf 79' lang='lat' dir='ltr'><strong>aquila</strong></span> <span class='ocrx_word' id='word_1_33' title='bbox 2618 674 2685 727; x_wconf 86' lang='lat' dir='ltr'><strong>ad</strong></span> <span class='ocrx_word' id='word_1_34' title='bbox 2719 671 2955 727; x_wconf 85' lang='lat' dir='ltr'><strong>nobilem</strong></span> <span class='ocrx_word' id='word_1_35' title='bbox 2979 672 3239 741; x_wconf 85' lang='lat' dir='ltr'><strong>pra-dam.</strong></span> 
     </span>
    </p>
   </div>
   <div class='ocr_carea' id='block_1_6' title="bbox 315 739 2908 833">
    <p class='ocr_par' dir='ltr' id='par_1_6' title="bbox 315 739 2908 833">
     <span class='ocr_line' id='line_1_6' title="bbox 315 739 2908 833; baseline 0.01 -40"><span class='ocrx_word' id='word_1_36' title='bbox 315 739 724 813; x_wconf 75' lang='grc' dir='ltr'>βοσκηματῶὂες</span> <span class='ocrx_word' id='word_1_37' title='bbox 750 749 950 818; x_wconf 79' lang='grc' dir='ltr'>πτηνὸν</span> <span class='ocrx_word' id='word_1_38' title='bbox 974 751 1066 804; x_wconf 72' lang='grc' dir='ltr'><strong>ἐπὶ</strong></span> <span class='ocrx_word' id='word_1_39' title='bbox 1089 756 1259 826; x_wconf 85' lang='grc' dir='ltr'>νομήν</span> <span class='ocrx_word' id='word_1_40' title='bbox 1280 773 1294 788; x_wconf 79' lang='grc'>⁶</span> <span class='ocrx_word' id='word_1_41' title='bbox 1319 757 1380 811; x_wconf 85' lang='grc' dir='ltr'>οὐ</span> <span class='ocrx_word' id='word_1_42' title='bbox 1407 758 1516 828; x_wconf 81' lang='grc' dir='ltr'>γὰρ</span> <span class='ocrx_word' id='word_1_43' title='bbox 1539 760 1713 830; x_wconf 83' lang='grc' dir='ltr'>δήπου</span> <span class='ocrx_word' id='word_1_44' title='bbox 1738 762 1870 814; x_wconf 86' lang='grc' dir='ltr'>ὼσεὶ</span> <span class='ocrx_word' id='word_1_45' title='bbox 1898 763 1991 816; x_wconf 84' lang='grc' dir='ltr'><strong>καί</strong></span> <span class='ocrx_word' id='word_1_46' title='bbox 2018 781 2068 817; x_wconf 89' lang='grc' dir='ltr'><strong>τι</strong></span> <span class='ocrx_word' id='word_1_47' title='bbox 2099 765 2329 828; x_wconf 78' lang='grc' dir='ltr'><strong>ἀετῶδες</strong></span> <span class='ocrx_word' id='word_1_48' title='bbox 2360 739 2465 817; x_wconf 45' lang='grc' dir='ltr'><strong>ἐπὶ-</strong></span> <span class='ocrx_word' id='word_1_49' title='bbox 2481 766 2659 833; x_wconf 81' lang='grc' dir='ltr'>ἄγραν</span> <span class='ocrx_word' id='word_1_50' title='bbox 2689 765 2908 833; x_wconf 82' lang='grc' dir='ltr'><strong>εὐγενῆ.</strong></span> 
     </span>
    </p>
   </div>
   <div class='ocr_carea' id='block_1_7' title="bbox 377 839 1883 931">
    <p class='ocr_par' dir='ltr' id='par_1_7' title="bbox 377 839 1883 931">
     <span class='ocr_line' id='line_1_7' title="bbox 377 839 1883 931; baseline 0.016 -41"><span class='ocrx_word' id='word_1_51' title='bbox 377 839 439 891; x_wconf 82' lang='grc' dir='ltr'><strong>θ’.</strong></span> <span class='ocrx_word' id='word_1_52' title='bbox 481 840 724 913; x_wconf 74' lang='grc' dir='ltr'>Καὶξούκ</span> <span class='ocrx_word' id='word_1_53' title='bbox 764 847 932 918; x_wconf 78' lang='grc' dir='ltr'>ἐχρῆν</span> <span class='ocrx_word' id='word_1_54' title='bbox 975 850 1073 920; x_wconf 74' lang='grc' dir='ltr'>μὲν</span> <span class='ocrx_word' id='word_1_55' title='bbox 1115 851 1335 920; x_wconf 72' lang='grc' dir='ltr'>ἄνδρα..</span> <span class='ocrx_word' id='word_1_56' title='bbox 1371 857 1537 909; x_wconf 81' lang='grc' dir='ltr'>πάλαι</span> <span class='ocrx_word' id='word_1_57' title='bbox 1580 858 1883 931; x_wconf 80' lang='grc' dir='ltr'>μεμελετη-</span> 
     </span>
    </p>
   </div>
   <div class='ocr_carea' id='block_1_8' title="bbox 314 933 1879 1018">
    <p class='ocr_par' dir='ltr' id='par_1_8' title="bbox 314 933 1879 1018">
     <span class='ocr_line' id='line_1_8' title="bbox 314 933 1879 1018; baseline 0.015 -35"><span class='ocrx_word' id='word_1_58' title='bbox 314 933 437 984; x_wconf 81' lang='grc' dir='ltr'>κότα</span> <span class='ocrx_word' id='word_1_59' title='bbox 464 935 655 1003; x_wconf 81' lang='grc' dir='ltr'>χεῖρας</span> <span class='ocrx_word' id='word_1_60' title='bbox 682 936 935 994; x_wconf 79' lang='grc' dir='ltr'>ἁπλῶσαι</span> <span class='ocrx_word' id='word_1_61' title='bbox 961 946 1297 1009; x_wconf 83' lang='grc' dir='ltr'>γυναικικῶς</span> <span class='ocrx_word' id='word_1_62' title='bbox 1321 950 1432 1012; x_wconf 78' lang='grc' dir='ltr'>τοῖς</span> <span class='ocrx_word' id='word_1_63' title='bbox 1458 950 1770 1018; x_wconf 83' lang='grc' dir='ltr'><strong>διώκουσιν,</strong></span> <span class='ocrx_word' id='word_1_64' title='bbox 1797 954 1879 1018; x_wconf 80' lang='grc' dir='ltr'><strong>είς</strong></span> 
     </span>
    </p>
   </div>
   <div class='ocr_carea' id='block_1_9' title="bbox 312 1024 1879 1108">
    <p class='ocr_par' dir='ltr' id='par_1_9' title="bbox 312 1024 1879 1108">
     <span class='ocr_line' id='line_1_9' title="bbox 312 1024 1879 1108; baseline 0.015 -33"><span class='ocrx_word' id='word_1_65' title='bbox 312 1024 484 1094; x_wconf 75' lang='grc' dir='ltr'>ἔρυμα</span> <span class='ocrx_word' id='word_1_66' title='bbox 518 1029 945 1097; x_wconf 83' lang='grc' dir='ltr'>παρεισδύεσθαι</span> <span class='ocrx_word' id='word_1_67' title='bbox 965 1073 981 1099; x_wconf 91' lang='grc'><strong>,</strong></span> <span class='ocrx_word' id='word_1_68' title='bbox 1015 1035 1108 1088; x_wconf 69' lang='grc' dir='ltr'>καὶ</span> <span class='ocrx_word' id='word_1_69' title='bbox 1141 1037 1345 1103; x_wconf 81' lang='grc' dir='ltr'>κόπους</span> <span class='ocrx_word' id='word_1_70' title='bbox 1375 1040 1576 1096; x_wconf 82' lang='grc' dir='ltr'>διδόναι</span> <span class='ocrx_word' id='word_1_71' title='bbox 1609 1046 1721 1108; x_wconf 78' lang='grc' dir='ltr'>τοῖς</span> <span class='ocrx_word' id='word_1_72' title='bbox 1757 1038 1879 1099; x_wconf 62' lang='grc' dir='ltr'>ὲῆτι-</span> 
     </span>
    </p>
   </div>
   <div class='ocr_carea' id='block_1_10' title="bbox 310 1117 1867 1201">
    <p class='ocr_par' dir='ltr' id='par_1_10' title="bbox 310 1117 1867 1201">
     <span class='ocr_line' id='line_1_10' title="bbox 310 1117 1867 1201; baseline 0.016 -33"><span class='ocrx_word' id='word_1_73' title='bbox 310 1117 574 1187; x_wconf 75' lang='grc' dir='ltr'>τρέχουσι,</span> <span class='ocrx_word' id='word_1_74' title='bbox 617 1121 695 1192; x_wconf 86' lang='grc' dir='ltr'>μὴ</span> <span class='ocrx_word' id='word_1_75' title='bbox 736 1127 829 1176; x_wconf 83' lang='grc' dir='ltr'>καὶ</span> <span class='ocrx_word' id='word_1_76' title='bbox 870 1125 951 1189; x_wconf 81' lang='grc' dir='ltr'><strong>είς</strong></span> <span class='ocrx_word' id='word_1_77' title='bbox 993 1128 1176 1182; x_wconf 85' lang='grc' dir='ltr'>πλεῖον</span> <span class='ocrx_word' id='word_1_78' title='bbox 1219 1134 1518 1201; x_wconf 78' lang='grc' dir='ltr'>μαίνοιντο.</span> <span class='ocrx_word' id='word_1_79' title='bbox 1558 1136 1617 1190; x_wconf 88' lang='lat'><strong>&#39;0</strong></span> <span class='ocrx_word' id='word_1_80' title='bbox 1656 1138 1698 1191; x_wconf 80' lang='grc' dir='ltr'>δ’</span> <span class='ocrx_word' id='word_1_81' title='bbox 1734 1139 1867 1193; x_wconf 70' lang='grc' dir='ltr'>ἀλλὰ</span> 
     </span>
    </p>
   </div>
   <div class='ocr_carea' id='block_1_11' title="bbox 311 1211 1872 1299">
    <p class='ocr_par' dir='ltr' id='par_1_11' title="bbox 311 1211 1872 1299">
     <span class='ocr_line' id='line_1_11' title="bbox 311 1211 1872 1299; baseline 0.013 -36"><span class='ocrx_word' id='word_1_82' title='bbox 311 1211 400 1270; x_wconf 72' lang='grc' dir='ltr'>τὶς</span> <span class='ocrx_word' id='word_1_83' title='bbox 420 1211 622 1279; x_wconf 70' lang='grc' dir='ltr'>φρένας</span> <span class='ocrx_word' id='word_1_84' title='bbox 648 1214 865 1284; x_wconf 79' lang='grc' dir='ltr'>βλαϐεὶς</span> <span class='ocrx_word' id='word_1_85' title='bbox 886 1217 1079 1287; x_wconf 70' lang='grc' dir='ltr'>ἔφευγε</span> <span class='ocrx_word' id='word_1_86' title='bbox 1105 1221 1229 1290; x_wconf 77' lang='grc' dir='ltr'>μὲν,</span> <span class='ocrx_word' id='word_1_87' title='bbox 1252 1223 1326 1287; x_wconf 87' lang='grc' dir='ltr'><strong>ὡς</strong></span> <span class='ocrx_word' id='word_1_88' title='bbox 1351 1225 1441 1278; x_wconf 74' lang='grc' dir='ltr'><strong>ἐπὶ</strong></span> <span class='ocrx_word' id='word_1_89' title='bbox 1466 1227 1702 1299; x_wconf 76' lang='grc' dir='ltr'>φυλακῇ,</span> <span class='ocrx_word' id='word_1_90' title='bbox 1725 1230 1837 1284; x_wconf 75' lang='grc' dir='ltr'>ἄνω</span> <span class='ocrx_word' id='word_1_91' title='bbox 1856 1246 1872 1263; x_wconf 73' lang='grc'><strong><em>⁸</em></strong></span> 
     </span>
    </p>
   </div>
   <div class='ocr_carea' id='block_1_12' title="bbox 313 1303 1879 1389">
    <p class='ocr_par' dir='ltr' id='par_1_12' title="bbox 313 1303 1879 1389">
     <span class='ocr_line' id='line_1_12' title="bbox 313 1303 1879 1389; baseline 0.015 -37"><span class='ocrx_word' id='word_1_92' title='bbox 313 1303 639 1371; x_wconf 71' lang='grc' dir='ltr'>κατεφέρετο</span> <span class='ocrx_word' id='word_1_93' title='bbox 675 1306 719 1358; x_wconf 82' lang='grc' dir='ltr'>δ’</span> <span class='ocrx_word' id='word_1_94' title='bbox 745 1308 908 1371; x_wconf 78' lang='grc' dir='ltr'>εὐθὺς</span> <span class='ocrx_word' id='word_1_95' title='bbox 948 1311 1178 1376; x_wconf 75' lang='grc' dir='ltr'>ἐκεῖθεν,</span> <span class='ocrx_word' id='word_1_96' title='bbox 1219 1315 1294 1379; x_wconf 84' lang='grc' dir='ltr'>ὡς</span> <span class='ocrx_word' id='word_1_97' title='bbox 1336 1315 1402 1369; x_wconf 83' lang='grc' dir='ltr'>ἂν</span> <span class='ocrx_word' id='word_1_98' title='bbox 1436 1317 1520 1387; x_wconf 82' lang='grc' dir='ltr'><strong>εῐη</strong></span> <span class='ocrx_word' id='word_1_99' title='bbox 1558 1318 1617 1371; x_wconf 75' lang='grc' dir='ltr'><strong>τὸ</strong></span> <span class='ocrx_word' id='word_1_100' title='bbox 1655 1320 1879 1389; x_wconf 81' lang='grc' dir='ltr'>ἀγεννὲς</span> 
     </span>
    </p>
   </div>
   <div class='ocr_carea' id='block_1_13' title="bbox 315 1395 1891 1483">
    <p class='ocr_par' dir='ltr' id='par_1_13' title="bbox 315 1395 1891 1483">
     <span class='ocr_line' id='line_1_13' title="bbox 315 1395 1891 1483; baseline 0.013 -36"><span class='ocrx_word' id='word_1_101' title='bbox 315 1395 469 1448; x_wconf 66' lang='grc' dir='ltr'>αὑτοῦ</span> <span class='ocrx_word' id='word_1_102' title='bbox 501 1397 725 1463; x_wconf 77' lang='grc' dir='ltr'>ἄτοπον,</span> <span class='ocrx_word' id='word_1_103' title='bbox 750 1403 842 1455; x_wconf 71' lang='grc' dir='ltr'>καὶ</span> <span class='ocrx_word' id='word_1_104' title='bbox 874 1401 949 1471; x_wconf 85' lang='grc' dir='ltr'>μὴ</span> <span class='ocrx_word' id='word_1_105' title='bbox 972 1404 1258 1477; x_wconf 77' lang='grc' dir='ltr'><strong>δοξασθείη</strong></span> <span class='ocrx_word' id='word_1_106' title='bbox 1290 1409 1427 1478; x_wconf 77' lang='grc' dir='ltr'>πρός</span> <span class='ocrx_word' id='word_1_107' title='bbox 1454 1427 1638 1471; x_wconf 80' lang='grc' dir='ltr'>τινων,</span> <span class='ocrx_word' id='word_1_108' title='bbox 1667 1412 1742 1476; x_wconf 85' lang='grc' dir='ltr'>ὡς</span> <span class='ocrx_word' id='word_1_109' title='bbox 1770 1413 1891 1483; x_wconf 75' lang='grc' dir='ltr'>ἄρα·</span> 
     </span>
    </p>
   </div>
   <div class='ocr_carea' id='block_1_14' title="bbox 313 1485 1868 1568">
    <p class='ocr_par' dir='ltr' id='par_1_14' title="bbox 313 1485 1868 1568">
     <span class='ocr_line' id='line_1_14' title="bbox 313 1485 1868 1568; baseline 0.013 -31"><span class='ocrx_word' id='word_1_110' title='bbox 313 1485 448 1539; x_wconf 73' lang='grc' dir='ltr'>ἑάλω</span> <span class='ocrx_word' id='word_1_111' title='bbox 474 1489 810 1557; x_wconf 80' lang='grc' dir='ltr'>μαχόμενος.</span> <span class='ocrx_word' id='word_1_112' title='bbox 839 1493 1062 1562; x_wconf 79' lang='grc' dir='ltr'>’Ᾱνέϐης</span> <span class='ocrx_word' id='word_1_113' title='bbox 1087 1498 1167 1560; x_wconf 74' lang='grc' dir='ltr'><strong>εἰς</strong></span> <span class='ocrx_word' id='word_1_114' title='bbox 1194 1497 1324 1566; x_wconf 70' lang='grc' dir='ltr'><strong>ιἷιψος</strong></span> <span class='ocrx_word' id='word_1_115' title='bbox 1351 1499 1600 1568; x_wconf 81' lang='grc' dir='ltr'>φροῦδος.</span> <span class='ocrx_word' id='word_1_116' title='bbox 1627 1497 1672 1555; x_wconf 79' lang='grc' dir='ltr'><strong>ὦ</strong></span> <span class='ocrx_word' id='word_1_117' title='bbox 1697 1497 1868 1566; x_wconf 73' lang='grc' dir='ltr'>οὗτος,</span> 
     </span>
    </p>
   </div>
   <div class='ocr_carea' id='block_1_15' title="bbox 313 1577 1869 1665">
    <p class='ocr_par' dir='ltr' id='par_1_15' title="bbox 313 1577 1869 1665">
     <span class='ocr_line' id='line_1_15' title="bbox 313 1577 1869 1665; baseline 0.013 -38"><span class='ocrx_word' id='word_1_118' title='bbox 313 1577 368 1627; x_wconf 53' lang='grc' dir='ltr'><strong>τό</strong></span> <span class='ocrx_word' id='word_1_119' title='bbox 390 1578 486 1646; x_wconf 85' lang='grc' dir='ltr'>τῆς</span> <span class='ocrx_word' id='word_1_120' title='bbox 515 1580 859 1650; x_wconf 76' lang='grc' dir='ltr'>ἀκροπόλεως</span> <span class='ocrx_word' id='word_1_121' title='bbox 879 1602 892 1615; x_wconf 90' lang='grc'><strong>·</strong></span> <span class='ocrx_word' id='word_1_122' title='bbox 919 1588 1347 1658; x_wconf 76' lang='grc' dir='ltr'>ῂχμαλώτευσας</span> <span class='ocrx_word' id='word_1_123' title='bbox 1377 1594 1776 1660; x_wconf 70' lang='grc' dir='ltr'>αἰχμαλωσίαν,</span> <span class='ocrx_word' id='word_1_124' title='bbox 1804 1597 1869 1665; x_wconf 84' lang='grc' dir='ltr'>ἣν</span> 
     </span>
    </p>
   </div>
   <div class='ocr_carea' id='block_1_16' title="bbox 314 1670 1874 1747">
    <p class='ocr_par' dir='ltr' id='par_1_16' title="bbox 314 1670 1874 1747">
     <span class='ocr_line' id='line_1_16' title="bbox 314 1670 1874 1747; baseline 0.013 -29"><span class='ocrx_word' id='word_1_125' title='bbox 314 1670 397 1719; x_wconf 71' lang='grc' dir='ltr'>καὶ</span> <span class='ocrx_word' id='word_1_126' title='bbox 416 1670 538 1721; x_wconf 75' lang='grc' dir='ltr'>ἐκεῖ</span> <span class='ocrx_word' id='word_1_127' title='bbox 562 1674 668 1735; x_wconf 79' lang='grc' dir='ltr'>τοῖς</span> <span class='ocrx_word' id='word_1_128' title='bbox 696 1676 975 1744; x_wconf 84' lang='grc' dir='ltr'>πολεμίοις</span> <span class='ocrx_word' id='word_1_129' title='bbox 993 1679 1333 1747; x_wconf 80' lang='grc' dir='ltr'>προῦδωκας.</span> <span class='ocrx_word' id='word_1_130' title='bbox 1367 1684 1722 1747; x_wconf 80' lang='grc' dir='ltr'>’Λπεναντίας</span> <span class='ocrx_word' id='word_1_131' title='bbox 1747 1686 1874 1739; x_wconf 83' lang='grc' dir='ltr'><strong>ταῦ-</strong></span> 
     </span>
    </p>
   </div>
   <div class='ocr_carea' id='block_1_17' title="bbox 307 1757 1871 1847">
    <p class='ocr_par' dir='ltr' id='par_1_17' title="bbox 307 1757 1871 1847">
     <span class='ocr_line' id='line_1_17' title="bbox 307 1757 1871 1847; baseline 0.009 -31"><span class='ocrx_word' id='word_1_132' title='bbox 307 1775 388 1817; x_wconf 75' lang='grc' dir='ltr'><strong>τι.</strong></span> <span class='ocrx_word' id='word_1_133' title='bbox 404 1757 488 1825; x_wconf 74' lang='grc' dir='ltr'>οἷς</span> <span class='ocrx_word' id='word_1_134' title='bbox 514 1761 704 1830; x_wconf 73' lang='grc' dir='ltr'>ψάλλει</span> <span class='ocrx_word' id='word_1_135' title='bbox 730 1767 910 1834; x_wconf 62' lang='lat' dir='ltr'><strong>Ast-.16,</strong></span> <span class='ocrx_word' id='word_1_136' title='bbox 933 1764 993 1823; x_wconf 68' lang='grc' dir='ltr'>οὗ</span> <span class='ocrx_word' id='word_1_137' title='bbox 1009 1771 1106 1841; x_wconf 79' lang='grc' dir='ltr'>τὴν</span> <span class='ocrx_word' id='word_1_138' title='bbox 1131 1773 1319 1842; x_wconf 80' lang='grc' dir='ltr'>κλῆσιν</span> <span class='ocrx_word' id='word_1_139' title='bbox 1347 1775 1522 1845; x_wconf 77' lang='grc' dir='ltr'>φέρων</span> <span class='ocrx_word' id='word_1_140' title='bbox 1544 1776 1871 1847; x_wconf 67' lang='grc' dir='ltr'>ἠχρείωσας.</span> 
     </span>
    </p>
   </div>
   <div class='ocr_carea' id='block_1_18' title="bbox 376 1852 1872 1936">
    <p class='ocr_par' dir='ltr' id='par_1_18' title="bbox 376 1852 1872 1936">
     <span class='ocr_line' id='line_1_18' title="bbox 376 1852 1872 1936; baseline 0.009 -31"><span class='ocrx_word' id='word_1_141' title='bbox 376 1852 426 1906; x_wconf 89' lang='grc' dir='ltr'><strong>ι’.</strong></span> <span class='ocrx_word' id='word_1_142' title='bbox 468 1854 582 1909; x_wconf 81' lang='grc' dir='ltr'><strong>Καὶ</strong></span> <span class='ocrx_word' id='word_1_143' title='bbox 629 1859 703 1927; x_wconf 85' lang='grc' dir='ltr'>μή</span> <span class='ocrx_word' id='word_1_144' title='bbox 736 1877 825 1928; x_wconf 89' lang='grc' dir='ltr'><strong>μοι</strong></span> <span class='ocrx_word' id='word_1_145' title='bbox 868 1865 1150 1931; x_wconf 74' lang='grc' dir='ltr'>νεμεσάτω</span> <span class='ocrx_word' id='word_1_146' title='bbox 1181 1867 1367 1933; x_wconf 75' lang='grc' dir='ltr'>μηδεὶς</span> <span class='ocrx_word' id='word_1_147' title='bbox 1394 1867 1628 1920; x_wconf 81' lang='grc' dir='ltr'>ἐνταῦθα</span> <span class='ocrx_word' id='word_1_148' title='bbox 1658 1867 1872 1936; x_wconf 77' lang='grc' dir='ltr'>γέροντι</span> 
     </span>
    </p>
   </div>
   <div class='ocr_carea' id='block_1_19' title="bbox 2054 860 3551 934">
    <p class='ocr_par' dir='ltr' id='par_1_19' title="bbox 2054 860 3551 934">
     <span class='ocr_line' id='line_1_19' title="bbox 2054 860 3551 934; baseline 0.001 -18"><span class='ocrx_word' id='word_1_149' title='bbox 2054 861 2107 916; x_wconf 88' lang='grc'><strong>9.</strong></span> <span class='ocrx_word' id='word_1_150' title='bbox 2148 860 2338 916; x_wconf 80' lang='lat' dir='ltr'><strong>Virum</strong></span> <span class='ocrx_word' id='word_1_151' title='bbox 2375 878 2591 933; x_wconf 89' lang='lat' dir='ltr'><strong>quoque</strong></span> <span class='ocrx_word' id='word_1_152' title='bbox 2645 864 2738 932; x_wconf 85' lang='lat' dir='ltr'><strong>qui</strong></span> <span class='ocrx_word' id='word_1_153' title='bbox 2784 864 3036 919; x_wconf 85' lang='lat' dir='ltr'><strong>inimicos</strong></span> <span class='ocrx_word' id='word_1_154' title='bbox 3081 863 3318 919; x_wconf 84' lang='lat' dir='ltr'><strong>molliter</strong></span> <span class='ocrx_word' id='word_1_155' title='bbox 3365 878 3551 934; x_wconf 83' lang='lat' dir='ltr'><strong>persc-</strong></span> 
     </span>
    </p>
   </div>
   <div class='ocr_carea' id='block_1_20' title="bbox 1982 953 3546 1011">
    <p class='ocr_par' dir='ltr' id='par_1_20' title="bbox 1982 953 3546 1011">
     <span class='ocr_line' id='line_1_20' title="bbox 1982 953 3546 1011; baseline 0 -4"><span class='ocrx_word' id='word_1_156' title='bbox 1982 963 2142 1008; x_wconf 78' lang='lat' dir='ltr'><strong>Cutus</strong></span> <span class='ocrx_word' id='word_1_157' title='bbox 2182 953 2361 1008; x_wconf 62' lang='lat' dir='ltr'><strong>fuerat</strong></span> <span class='ocrx_word' id='word_1_158' title='bbox 2417 970 2525 1009; x_wconf 91' lang='lat' dir='ltr'><strong>non</strong></span> <span class='ocrx_word' id='word_1_159' title='bbox 2580 954 2765 1011; x_wconf 86' lang='lat' dir='ltr'><strong>decuit</strong></span> <span class='ocrx_word' id='word_1_160' title='bbox 2809 956 2863 1009; x_wconf 90' lang='lat' dir='ltr'><strong>in</strong></span> <span class='ocrx_word' id='word_1_161' title='bbox 2920 970 3107 1009; x_wconf 86' lang='lat' dir='ltr'><strong>muros</strong></span> <span class='ocrx_word' id='word_1_162' title='bbox 3168 956 3465 1010; x_wconf 85' lang='lat' dir='ltr'><strong>ascendere</strong></span> <span class='ocrx_word' id='word_1_163' title='bbox 3492 964 3546 1007; x_wconf 82' lang='lat' dir='ltr'><strong>et</strong></span> 
     </span>
    </p>
   </div>
   <div class='ocr_carea' id='block_1_21' title="bbox 1979 1040 3559 1113">
    <p class='ocr_par' dir='ltr' id='par_1_21' title="bbox 1979 1040 3559 1113">
     <span class='ocr_line' id='line_1_21' title="bbox 1979 1040 3559 1113; baseline 0.004 -19"><span class='ocrx_word' id='word_1_164' title='bbox 1979 1040 2313 1098; x_wconf 80' lang='lat' dir='ltr'><strong>adversariis</strong></span> <span class='ocrx_word' id='word_1_165' title='bbox 2382 1046 2667 1099; x_wconf 87' lang='lat' dir='ltr'><strong>molestum</strong></span> <span class='ocrx_word' id='word_1_166' title='bbox 2732 1060 2854 1101; x_wconf 82' lang='lat' dir='ltr'><strong>esse</strong></span> <span class='ocrx_word' id='word_1_167' title='bbox 2910 1060 2977 1099; x_wconf 91' lang='lat' dir='ltr'><strong>ne</strong></span> <span class='ocrx_word' id='word_1_168' title='bbox 3040 1045 3213 1113; x_wconf 79' lang='lat' dir='ltr'><strong>magis</strong></span> <span class='ocrx_word' id='word_1_169' title='bbox 3272 1044 3559 1100; x_wconf 37' lang='lat' dir='ltr'><strong>furerent;</strong></span> 
     </span>
    </p>
   </div>
   <div class='ocr_carea' id='block_1_22' title="bbox 1972 1133 3537 1205">
    <p class='ocr_par' dir='ltr' id='par_1_22' title="bbox 1972 1133 3537 1205">
     <span class='ocr_line' id='line_1_22' title="bbox 1972 1133 3537 1205; baseline 0.006 -23"><span class='ocrx_word' id='word_1_170' title='bbox 1972 1133 2238 1187; x_wconf 61' lang='lat' dir='ltr'><strong>(laterum</strong></span> <span class='ocrx_word' id='word_1_171' title='bbox 2292 1142 2474 1190; x_wconf 86' lang='lat' dir='ltr'><strong>tuente</strong></span> <span class='ocrx_word' id='word_1_172' title='bbox 2510 1150 2803 1204; x_wconf 84' lang='lat' dir='ltr'><strong>percussus</strong></span> <span class='ocrx_word' id='word_1_173' title='bbox 2832 1134 2967 1205; x_wconf 79' lang='lat' dir='ltr'><strong>fugit</strong></span> <span class='ocrx_word' id='word_1_174' title='bbox 3014 1135 3234 1205; x_wconf 81' lang='lat' dir='ltr'><strong>quidem</strong></span> <span class='ocrx_word' id='word_1_175' title='bbox 3286 1138 3537 1205; x_wconf 72' lang='lat' dir='ltr'><strong>superius</strong></span> 
     </span>
    </p>
   </div>
   <div class='ocr_carea' id='block_1_23' title="bbox 1974 1225 3531 1294">
    <p class='ocr_par' dir='ltr' id='par_1_23' title="bbox 1974 1225 3531 1294">
     <span class='ocr_line' id='line_1_23' title="bbox 1974 1225 3531 1294; baseline 0.003 -18"><span class='ocrx_word' id='word_1_176' title='bbox 1974 1229 2234 1290; x_wconf 83' lang='lat' dir='ltr'><strong>tanquam</strong></span> <span class='ocrx_word' id='word_1_177' title='bbox 2270 1226 2320 1278; x_wconf 93' lang='lat' dir='ltr'><strong>iu</strong></span> <span class='ocrx_word' id='word_1_178' title='bbox 2354 1225 2702 1294; x_wconf 72' lang='lat' dir='ltr'><strong>prmsidiunt:</strong></span> <span class='ocrx_word' id='word_1_179' title='bbox 2738 1225 2864 1281; x_wconf 85' lang='lat' dir='ltr'><strong>inde</strong></span> <span class='ocrx_word' id='word_1_180' title='bbox 2894 1242 3025 1279; x_wconf 84' lang='lat' dir='ltr'><strong>vero</strong></span> <span class='ocrx_word' id='word_1_181' title='bbox 3049 1226 3197 1279; x_wconf 82' lang='lat' dir='ltr'><strong>brevi</strong></span> <span class='ocrx_word' id='word_1_182' title='bbox 3225 1225 3531 1290; x_wconf 85' lang='lat' dir='ltr'><strong>descendit,</strong></span> 
     </span>
    </p>
   </div>
   <div class='ocr_carea' id='block_1_24' title="bbox 1973 1314 3543 1387">
    <p class='ocr_par' dir='ltr' id='par_1_24' title="bbox 1973 1314 3543 1387">
     <span class='ocr_line' id='line_1_24' title="bbox 1973 1314 3543 1387; baseline 0.001 -18"><span class='ocrx_word' id='word_1_183' title='bbox 1973 1322 2032 1369; x_wconf 85' lang='lat' dir='ltr'><strong>ut</strong></span> <span class='ocrx_word' id='word_1_184' title='bbox 2058 1314 2296 1370; x_wconf 77' lang='lat' dir='ltr'><strong>dedecus</strong></span> <span class='ocrx_word' id='word_1_185' title='bbox 2364 1315 2483 1381; x_wconf 84' lang='lat' dir='ltr'><strong>ejus</strong></span> <span class='ocrx_word' id='word_1_186' title='bbox 2517 1317 2792 1372; x_wconf 71' lang='lat' dir='ltr'><strong>insolitum</strong></span> <span class='ocrx_word' id='word_1_187' title='bbox 2838 1324 3170 1385; x_wconf 86' lang='lat' dir='ltr'><strong>appareret,</strong></span> <span class='ocrx_word' id='word_1_188' title='bbox 3216 1332 3391 1386; x_wconf 81' lang='lat' dir='ltr'><strong>neque</strong></span> <span class='ocrx_word' id='word_1_189' title='bbox 3420 1319 3543 1387; x_wconf 86' lang='lat' dir='ltr'><strong>qui-</strong></span> 
     </span>
    </p>
   </div>
   <div class='ocr_carea' id='block_1_25' title="bbox 1975 1405 3541 1478">
    <p class='ocr_par' dir='ltr' id='par_1_25' title="bbox 1975 1405 3541 1478">
     <span class='ocr_line' id='line_1_25' title="bbox 1975 1405 3541 1478; baseline 0.002 -20"><span class='ocrx_word' id='word_1_190' title='bbox 1975 1405 2200 1460; x_wconf 78' lang='lat' dir='ltr'><strong>busdam</strong></span> <span class='ocrx_word' id='word_1_191' title='bbox 2231 1406 2506 1462; x_wconf 72' lang='lat' dir='ltr'><strong>videretur</strong></span> <span class='ocrx_word' id='word_1_192' title='bbox 2527 1407 2671 1461; x_wconf 80' lang='lat' dir='ltr'><strong>inter</strong></span> <span class='ocrx_word' id='word_1_193' title='bbox 2692 1406 3034 1478; x_wconf 73' lang='lat' dir='ltr'><strong>pugnandum</strong></span> <span class='ocrx_word' id='word_1_194' title='bbox 3060 1416 3278 1476; x_wconf 82' lang='lat' dir='ltr'><strong>captus.</strong></span> <span class='ocrx_word' id='word_1_195' title='bbox 3295 1407 3541 1473; x_wconf 46' lang='lat' dir='ltr'><strong>Frustra,</strong></span> 
     </span>
    </p>
   </div>
   <div class='ocr_carea' id='block_1_26' title="bbox 1977 1498 3545 1568">
    <p class='ocr_par' dir='ltr' id='par_1_26' title="bbox 1977 1498 3545 1568">
     <span class='ocr_line' id='line_1_26' title="bbox 1977 1498 3545 1568; baseline 0.002 -16"><span class='ocrx_word' id='word_1_196' title='bbox 1977 1511 2009 1552; x_wconf 90' lang='grc' dir='ltr'><strong>ο</strong></span> <span class='ocrx_word' id='word_1_197' title='bbox 2057 1499 2157 1567; x_wconf 66' lang='lat' dir='ltr'><strong>tu,l</strong></span> <span class='ocrx_word' id='word_1_198' title='bbox 2183 1498 2236 1552; x_wconf 92' lang='lat' dir='ltr'><strong>in</strong></span> <span class='ocrx_word' id='word_1_199' title='bbox 2274 1499 2421 1554; x_wconf 83' lang='lat' dir='ltr'><strong>arcis</strong></span> <span class='ocrx_word' id='word_1_200' title='bbox 2453 1500 2704 1554; x_wconf 76' lang='lat' dir='ltr'><strong>verticem</strong></span> <span class='ocrx_word' id='word_1_201' title='bbox 2746 1498 3060 1563; x_wconf 81' lang='lat' dir='ltr'><strong>aseendisti,</strong></span> <span class='ocrx_word' id='word_1_202' title='bbox 3094 1516 3112 1549; x_wconf 68' lang='grc' dir='ltr'><strong>ι</strong></span> <span class='ocrx_word' id='word_1_203' title='bbox 3148 1500 3414 1568; x_wconf 83' lang='lat' dir='ltr'><strong>captivam</strong></span> <span class='ocrx_word' id='word_1_204' title='bbox 3445 1502 3545 1555; x_wconf 87' lang='lat' dir='ltr'><strong>du-</strong></span> 
     </span>
    </p>
   </div>
   <div class='ocr_carea' id='block_1_27' title="bbox 1979 1590 3543 1659">
    <p class='ocr_par' dir='ltr' id='par_1_27' title="bbox 1979 1590 3543 1659">
     <span class='ocr_line' id='line_1_27' title="bbox 1979 1590 3543 1659; baseline 0.005 -19"><span class='ocrx_word' id='word_1_205' title='bbox 1979 1601 2105 1643; x_wconf 87' lang='lat' dir='ltr'><strong>cens</strong></span> <span class='ocrx_word' id='word_1_206' title='bbox 2156 1590 2521 1657; x_wconf 83' lang='lat' dir='ltr'><strong>captivitatem</strong></span> <span class='ocrx_word' id='word_1_207' title='bbox 2554 1592 2593 1654; x_wconf 83' lang='lat'><strong>&#39;,</strong></span> <span class='ocrx_word' id='word_1_208' title='bbox 2629 1609 2649 1642; x_wconf 68' lang='grc' dir='ltr'><strong>ι</strong></span> <span class='ocrx_word' id='word_1_209' title='bbox 2707 1606 2867 1659; x_wconf 88' lang='lat' dir='ltr'><strong>quam</strong></span> <span class='ocrx_word' id='word_1_210' title='bbox 2905 1592 3151 1646; x_wconf 75' lang='lat' dir='ltr'><strong>hostibus</strong></span> <span class='ocrx_word' id='word_1_211' title='bbox 3200 1593 3543 1657; x_wconf 83' lang='lat' dir='ltr'><strong>tradideras;</strong></span> 
     </span>
    </p>
   </div>
   <div class='ocr_carea' id='block_1_28' title="bbox 1980 1680 3547 1753">
    <p class='ocr_par' dir='ltr' id='par_1_28' title="bbox 1980 1680 3547 1753">
     <span class='ocr_line' id='line_1_28' title="bbox 1980 1680 3547 1753; baseline 0.003 -19"><span class='ocrx_word' id='word_1_212' title='bbox 1980 1680 2073 1734; x_wconf 87' lang='lat' dir='ltr'><strong>sed</strong></span> <span class='ocrx_word' id='word_1_213' title='bbox 2108 1681 2222 1734; x_wconf 68' lang='lat' dir='ltr'><strong>lucc</strong></span> <span class='ocrx_word' id='word_1_214' title='bbox 2253 1680 2317 1732; x_wconf 82' lang='lat' dir='ltr'><strong>iis</strong></span> <span class='ocrx_word' id='word_1_215' title='bbox 2345 1696 2465 1749; x_wconf 77' lang='lat' dir='ltr'><strong>qua:</strong></span> <span class='ocrx_word' id='word_1_216' title='bbox 2496 1681 2660 1735; x_wconf 85' lang='lat' dir='ltr'><strong>David</strong></span> <span class='ocrx_word' id='word_1_217' title='bbox 2693 1692 2874 1735; x_wconf 80' lang='lat' dir='ltr'><strong>cantat</strong></span> <span class='ocrx_word' id='word_1_218' title='bbox 2902 1690 3222 1752; x_wconf 78' lang='lat' dir='ltr'><strong>repugnant,</strong></span> <span class='ocrx_word' id='word_1_219' title='bbox 3255 1693 3423 1753; x_wconf 83' lang='lat' dir='ltr'><strong>tuque</strong></span> <span class='ocrx_word' id='word_1_220' title='bbox 3449 1700 3547 1739; x_wconf 81' lang='lat' dir='ltr'><strong>no-</strong></span> 
     </span>
    </p>
   </div>
   <div class='ocr_carea' id='block_1_29' title="bbox 1980 1771 2619 1842">
    <p class='ocr_par' dir='ltr' id='par_1_29' title="bbox 1980 1771 2619 1842">
     <span class='ocr_line' id='line_1_29' title="bbox 1980 1771 2619 1842; baseline 0 -19"><span class='ocrx_word' id='word_1_221' title='bbox 1980 1786 2100 1825; x_wconf 87' lang='lat' dir='ltr'><strong>men</strong></span> <span class='ocrx_word' id='word_1_222' title='bbox 2135 1771 2278 1825; x_wconf 88' lang='lat' dir='ltr'><strong>illius</strong></span> <span class='ocrx_word' id='word_1_223' title='bbox 2323 1773 2619 1842; x_wconf 77' lang='lat' dir='ltr'><strong>usurpasti.</strong></span> 
     </span>
    </p>
   </div>
   <div class='ocr_carea' id='block_1_30' title="bbox 2052 1860 3544 1933">
    <p class='ocr_par' dir='ltr' id='par_1_30' title="bbox 2052 1860 3544 1933">
     <span class='ocr_line' id='line_1_30' title="bbox 2052 1860 3544 1933; baseline 0.002 -20"><span class='ocrx_word' id='word_1_224' title='bbox 2052 1860 2325 1914; x_wconf 68' lang='lat' dir='ltr'><strong>{0.‘Nemo</strong></span> <span class='ocrx_word' id='word_1_225' title='bbox 2357 1861 2443 1914; x_wconf 91' lang='lat' dir='ltr'><strong>hic</strong></span> <span class='ocrx_word' id='word_1_226' title='bbox 2478 1862 2604 1915; x_wconf 89' lang='lat' dir='ltr'><strong>mihi</strong></span> <span class='ocrx_word' id='word_1_227' title='bbox 2634 1862 2833 1915; x_wconf 85' lang='lat' dir='ltr'><strong>seniori</strong></span> <span class='ocrx_word' id='word_1_228' title='bbox 2856 1862 3200 1932; x_wconf 81' lang='lat' dir='ltr'><strong>pusillanlmo</strong></span> <span class='ocrx_word' id='word_1_229' title='bbox 3233 1862 3544 1933; x_wconf 78' lang='lat' dir='ltr'><strong>indignetur</strong></span> 
     </span>
    </p>
   </div>
   <div class='ocr_carea' id='block_1_31' title="bbox 311 1945 1869 2026">
    <p class='ocr_par' dir='ltr' id='par_1_31' title="bbox 311 1945 1865 2026">
     <span class='ocr_line' id='line_1_31' title="bbox 311 1945 1865 2026; baseline 0.007 -28"><span class='ocrx_word' id='word_1_230' title='bbox 311 1945 657 2016; x_wconf 70' lang='grc' dir='ltr'>μικροψύχῳ,</span> <span class='ocrx_word' id='word_1_231' title='bbox 716 1952 939 2006; x_wconf 71' lang='grc' dir='ltr'>τοιαῦτα</span> <span class='ocrx_word' id='word_1_232' title='bbox 999 1954 1349 2023; x_wconf 76' lang='grc' dir='ltr'>καταλέγοντι</span> <span class='ocrx_word' id='word_1_233' title='bbox 1405 1957 1628 2025; x_wconf 76' lang='grc' dir='ltr'>ἀνδρὸς,</span> <span class='ocrx_word' id='word_1_234' title='bbox 1694 1952 1865 2026; x_wconf 74' lang='grc' dir='ltr'>οὗπερ</span> 
     </span>
    </p>
   </div>
   <div class='ocr_carea' id='block_1_32' title="bbox 1975 1945 3541 2026">
    <p class='ocr_par' dir='ltr' id='par_1_32' title="bbox 1975 1953 3541 2024">
     <span class='ocr_line' id='line_1_32' title="bbox 1975 1953 3541 2024; baseline 0 -16"><span class='ocrx_word' id='word_1_235' title='bbox 1975 1955 2032 2008; x_wconf 87' lang='lat' dir='ltr'><strong>de</strong></span> <span class='ocrx_word' id='word_1_236' title='bbox 2066 1953 2262 2007; x_wconf 83' lang='lat' dir='ltr'><strong>talibus</strong></span> <span class='ocrx_word' id='word_1_237' title='bbox 2285 1956 2565 2008; x_wconf 86' lang='lat' dir='ltr'><strong>accusanti</strong></span> <span class='ocrx_word' id='word_1_238' title='bbox 2596 1954 2767 2008; x_wconf 82' lang='lat' dir='ltr'><strong>virum</strong></span> <span class='ocrx_word' id='word_1_239' title='bbox 2799 1974 2815 2005; x_wconf 81' lang='grc' dir='ltr'><strong>ι</strong></span> <span class='ocrx_word' id='word_1_240' title='bbox 2847 1956 3004 2024; x_wconf 88' lang='lat' dir='ltr'><strong>cujus</strong></span> <span class='ocrx_word' id='word_1_241' title='bbox 3035 1956 3267 2009; x_wconf 90' lang='lat' dir='ltr'><strong>medium</strong></span> <span class='ocrx_word' id='word_1_242' title='bbox 3296 1955 3443 2024; x_wconf 87' lang='lat' dir='ltr'><strong>iecur</strong></span> <span class='ocrx_word' id='word_1_243' title='bbox 3477 1956 3541 2008; x_wconf 67' lang='lat' dir='ltr'><strong>lio</strong></span> 
     </span>
    </p>
   </div>
   <div class='ocr_carea' id='block_1_33' title="bbox 312 2035 1871 2114">
    <p class='ocr_par' dir='ltr' id='par_1_33' title="bbox 312 2035 1871 2114">
     <span class='ocr_line' id='line_1_33' title="bbox 312 2035 1871 2114; baseline 0.012 -30"><span class='ocrx_word' id='word_1_244' title='bbox 312 2051 331 2084; x_wconf 76' lang='grc' dir='ltr'><strong>ι</strong></span> <span class='ocrx_word' id='word_1_245' title='bbox 367 2035 535 2103; x_wconf 75' lang='grc' dir='ltr'>ἡδέως</span> <span class='ocrx_word' id='word_1_246' title='bbox 568 2037 636 2091; x_wconf 83' lang='grc' dir='ltr'>ἂν</span> <span class='ocrx_word' id='word_1_247' title='bbox 667 2042 832 2106; x_wconf 78' lang='grc' dir='ltr'>μέσον</span> <span class='ocrx_word' id='word_1_248' title='bbox 861 2037 1014 2113; x_wconf 85' lang='grc' dir='ltr'>ἦπαρ</span> <span class='ocrx_word' id='word_1_249' title='bbox 1046 2042 1245 2114; x_wconf 76' lang='grc' dir='ltr'>ἔχοιμι,</span> <span class='ocrx_word' id='word_1_250' title='bbox 1278 2044 1407 2108; x_wconf 69' lang='grc' dir='ltr'><strong>ὀδὰξ</strong></span> <span class='ocrx_word' id='word_1_251' title='bbox 1440 2046 1640 2114; x_wconf 75' lang='grc' dir='ltr'>ἐμφὺς,</span> <span class='ocrx_word' id='word_1_252' title='bbox 1677 2066 1698 2100; x_wconf 70' lang='grc' dir='ltr'><strong>ι</strong></span> <span class='ocrx_word' id='word_1_253' title='bbox 1731 2049 1871 2102; x_wconf 82' lang='grc' dir='ltr'>κατὰ</span> 
     </span>
    </p>
   </div>
   <div class='ocr_carea' id='block_1_34' title="bbox 304 2126 1869 2219">
    <p class='ocr_par' dir='ltr' id='par_1_34' title="bbox 304 2126 1869 2219">
     <span class='ocr_line' id='line_1_34' title="bbox 304 2126 1869 2219; baseline 0.01 -42"><span class='ocrx_word' id='word_1_254' title='bbox 304 2126 394 2195; x_wconf 73' lang='grc' dir='ltr'>τὴν</span> <span class='ocrx_word' id='word_1_255' title='bbox 427 2127 740 2199; x_wconf 72' lang='grc' dir='ltr'>Ὁμηρικὴν</span> <span class='ocrx_word' id='word_1_256' title='bbox 772 2134 947 2185; x_wconf 80' lang='grc' dir='ltr'>εἰπεῖν</span> <span class='ocrx_word' id='word_1_257' title='bbox 981 2137 1195 2202; x_wconf 80' lang='grc' dir='ltr'>γραῖαν,</span> <span class='ocrx_word' id='word_1_258' title='bbox 1233 2135 1349 2189; x_wconf 81' lang='grc' dir='ltr'>ἀνθ’</span> <span class='ocrx_word' id='word_1_259' title='bbox 1377 2129 1451 2189; x_wconf 82' lang='grc' dir='ltr'>ὧν</span> <span class='ocrx_word' id='word_1_260' title='bbox 1486 2138 1576 2190; x_wconf 76' lang='grc' dir='ltr'>καὶ</span> <span class='ocrx_word' id='word_1_261' title='bbox 1610 2139 1869 2219; x_wconf 65' lang='grc' dir='ltr'>τηλικαύ-</span> 
     </span>
    </p>
   </div>
   <div class='ocr_carea' id='block_1_35' title="bbox 305 2220 1868 2301">
    <p class='ocr_par' dir='ltr' id='par_1_35' title="bbox 305 2220 1868 2301">
     <span class='ocr_line' id='line_1_35' title="bbox 305 2220 1868 2301; baseline 0.009 -31"><span class='ocrx_word' id='word_1_262' title='bbox 305 2235 397 2287; x_wconf 84' lang='grc' dir='ltr'><strong>της</strong></span> <span class='ocrx_word' id='word_1_263' title='bbox 431 2237 450 2270; x_wconf 76' lang='grc' dir='ltr'><strong>ι</strong></span> <span class='ocrx_word' id='word_1_264' title='bbox 490 2220 702 2285; x_wconf 78' lang='grc' dir='ltr'>πόλεως</span> <span class='ocrx_word' id='word_1_265' title='bbox 736 2224 997 2277; x_wconf 77' lang='grc' dir='ltr'>κατέλυσε</span> <span class='ocrx_word' id='word_1_266' title='bbox 1030 2227 1262 2296; x_wconf 74' lang='grc' dir='ltr'>κάρηνα,</span> <span class='ocrx_word' id='word_1_267' title='bbox 1296 2230 1387 2283; x_wconf 79' lang='grc' dir='ltr'>καὶ</span> <span class='ocrx_word' id='word_1_268' title='bbox 1421 2230 1631 2283; x_wconf 82' lang='grc' dir='ltr'>πολλῶν</span> <span class='ocrx_word' id='word_1_269' title='bbox 1664 2231 1868 2301; x_wconf 79' lang='grc' dir='ltr'>ἀνδρῶν</span> 
     </span>
    </p>
   </div>
   <div class='ocr_carea' id='block_1_36' title="bbox 302 2311 1869 2392">
    <p class='ocr_par' dir='ltr' id='par_1_36' title="bbox 302 2311 1869 2392">
     <span class='ocr_line' id='line_1_36' title="bbox 302 2311 1869 2392; baseline 0.01 -29"><span class='ocrx_word' id='word_1_270' title='bbox 302 2311 516 2373; x_wconf 77' lang='grc' dir='ltr'>γούνατ’</span> <span class='ocrx_word' id='word_1_271' title='bbox 540 2313 714 2371; x_wconf 70' lang='grc' dir='ltr'>ἔλυσε.</span> <span class='ocrx_word' id='word_1_272' title='bbox 752 2334 770 2367; x_wconf 77' lang='grc' dir='ltr'><strong>ι</strong></span> <span class='ocrx_word' id='word_1_273' title='bbox 800 2317 1014 2372; x_wconf 78' lang='grc' dir='ltr'>Γένοιτο</span> <span class='ocrx_word' id='word_1_274' title='bbox 1041 2319 1097 2372; x_wconf 72' lang='grc' dir='ltr'>δὲ</span> <span class='ocrx_word' id='word_1_275' title='bbox 1129 2320 1204 2389; x_wconf 80' lang='grc' dir='ltr'>μὴ</span> <span class='ocrx_word' id='word_1_276' title='bbox 1235 2322 1328 2374; x_wconf 72' lang='grc' dir='ltr'>καὶ</span> <span class='ocrx_word' id='word_1_277' title='bbox 1356 2324 1522 2375; x_wconf 80' lang='grc' dir='ltr'>είσέτι</span> <span class='ocrx_word' id='word_1_278' title='bbox 1549 2324 1797 2392; x_wconf 80' lang='grc' dir='ltr'>λυθῆναι,</span> <span class='ocrx_word' id='word_1_279' title='bbox 1823 2319 1869 2378; x_wconf 83' lang='grc' dir='ltr'><strong>ὦ</strong></span> 
     </span>
    </p>
   </div>
   <div class='ocr_carea' id='block_1_37' title="bbox 302 2404 1865 2488">
    <p class='ocr_par' dir='ltr' id='par_1_37' title="bbox 302 2404 1865 2488">
     <span class='ocr_line' id='line_1_37' title="bbox 302 2404 1865 2488; baseline 0.014 -31"><span class='ocrx_word' id='word_1_280' title='bbox 302 2404 393 2457; x_wconf 78' lang='grc' dir='ltr'><strong>Θεὲ</strong></span> <span class='ocrx_word' id='word_1_281' title='bbox 427 2406 677 2476; x_wconf 89' lang='grc' dir='ltr'>βασιλεῦ,</span> <span class='ocrx_word' id='word_1_282' title='bbox 711 2411 805 2463; x_wconf 80' lang='grc' dir='ltr'>καὶ</span> <span class='ocrx_word' id='word_1_283' title='bbox 836 2405 882 2464; x_wconf 83' lang='grc' dir='ltr'><strong>ὧ</strong></span> <span class='ocrx_word' id='word_1_284' title='bbox 918 2412 1155 2480; x_wconf 84' lang='grc' dir='ltr'>θεράπον</span> <span class='ocrx_word' id='word_1_285' title='bbox 1186 2415 1371 2481; x_wconf 79' lang='grc' dir='ltr'>αὐτοῦ,</span> <span class='ocrx_word' id='word_1_286' title='bbox 1405 2417 1653 2488; x_wconf 80' lang='grc' dir='ltr'>πολιοῦχε</span> <span class='ocrx_word' id='word_1_287' title='bbox 1688 2418 1865 2488; x_wconf 78' lang='grc' dir='ltr'>ἡμῶν.</span> 
     </span>
    </p>
   </div>
   <div class='ocr_carea' id='block_1_38' title="bbox 303 2499 1868 2575">
    <p class='ocr_par' dir='ltr' id='par_1_38' title="bbox 303 2499 1868 2575">
     <span class='ocr_line' id='line_1_38' title="bbox 303 2499 1868 2575; baseline 0.009 -25"><span class='ocrx_word' id='word_1_288' title='bbox 303 2499 373 2567; x_wconf 77' lang='grc' dir='ltr'>μὴ</span> <span class='ocrx_word' id='word_1_289' title='bbox 406 2501 501 2553; x_wconf 76' lang='grc' dir='ltr'>καὶ</span> <span class='ocrx_word' id='word_1_290' title='bbox 536 2502 860 2573; x_wconf 82' lang='grc' dir='ltr'>ὲπεκταθείη</span> <span class='ocrx_word' id='word_1_291' title='bbox 895 2504 969 2566; x_wconf 68' lang='grc' dir='ltr'><strong>είς</strong></span> <span class='ocrx_word' id='word_1_292' title='bbox 1008 2505 1272 2575; x_wconf 86' lang='grc' dir='ltr'>μήκιστον</span> <span class='ocrx_word' id='word_1_293' title='bbox 1300 2508 1359 2560; x_wconf 83' lang='grc' dir='ltr'>τὸ</span> <span class='ocrx_word' id='word_1_294' title='bbox 1392 2509 1578 2562; x_wconf 89' lang='grc' dir='ltr'>κακόν.</span> <span class='ocrx_word' id='word_1_295' title='bbox 1613 2510 1721 2563; x_wconf 78' lang='grc' dir='ltr'><strong>Καὶ</strong></span> <span class='ocrx_word' id='word_1_296' title='bbox 1751 2507 1868 2564; x_wconf 76' lang='grc' dir='ltr'>οἴδα</span> 
     </span>
    </p>
   </div>
   <div class='ocr_carea' id='block_1_39' title="bbox 307 2592 1869 2671">
    <p class='ocr_par' dir='ltr' id='par_1_39' title="bbox 307 2592 1869 2671">
     <span class='ocr_line' id='line_1_39' title="bbox 307 2592 1869 2671; baseline 0.01 -31"><span class='ocrx_word' id='word_1_297' title='bbox 307 2592 397 2653; x_wconf 80' lang='grc' dir='ltr'>μὲν</span> <span class='ocrx_word' id='word_1_298' title='bbox 425 2593 698 2646; x_wconf 83' lang='grc' dir='ltr'>συνιστῶν</span> <span class='ocrx_word' id='word_1_299' title='bbox 729 2592 841 2661; x_wconf 74' lang='grc' dir='ltr'><strong>ἐγὼ</strong></span> <span class='ocrx_word' id='word_1_300' title='bbox 868 2594 961 2648; x_wconf 78' lang='grc' dir='ltr'>τὸν</span> <span class='ocrx_word' id='word_1_301' title='bbox 988 2595 1158 2665; x_wconf 77' lang='grc' dir='ltr'>ἄνδρα</span> <span class='ocrx_word' id='word_1_302' title='bbox 1183 2595 1371 2652; x_wconf 80' lang='grc' dir='ltr'>τοῦτον</span> <span class='ocrx_word' id='word_1_303' title='bbox 1399 2597 1469 2651; x_wconf 71' lang='grc' dir='ltr'><strong>τὰ</strong></span> <span class='ocrx_word' id='word_1_304' title='bbox 1500 2599 1606 2670; x_wconf 81' lang='grc' dir='ltr'>πρὸ</span> <span class='ocrx_word' id='word_1_305' title='bbox 1635 2601 1735 2671; x_wconf 84' lang='grc' dir='ltr'>τῆς</span> <span class='ocrx_word' id='word_1_306' title='bbox 1766 2603 1869 2670; x_wconf 86' lang='grc' dir='ltr'><strong>μά-</strong></span> 
     </span>
    </p>
   </div>
   <div class='ocr_carea' id='block_1_40' title="bbox 302 2683 1865 2761">
    <p class='ocr_par' dir='ltr' id='par_1_40' title="bbox 302 2683 1865 2761">
     <span class='ocr_line' id='line_1_40' title="bbox 302 2683 1865 2761; baseline 0.011 -29"><span class='ocrx_word' id='word_1_307' title='bbox 302 2700 413 2753; x_wconf 76' lang='grc' dir='ltr'>χης,</span> <span class='ocrx_word' id='word_1_308' title='bbox 447 2683 547 2737; x_wconf 77' lang='grc' dir='ltr'>καὶ</span> <span class='ocrx_word' id='word_1_309' title='bbox 581 2684 819 2753; x_wconf 77' lang='grc' dir='ltr'>εὐλογῶν</span> <span class='ocrx_word' id='word_1_310' title='bbox 848 2689 906 2740; x_wconf 74' lang='grc' dir='ltr'>ὲν</span> <span class='ocrx_word' id='word_1_311' title='bbox 935 2689 1155 2760; x_wconf 76' lang='grc' dir='ltr'>εἰρήνης</span> <span class='ocrx_word' id='word_1_312' title='bbox 1191 2690 1370 2761; x_wconf 82' lang='grc' dir='ltr'>καιρῷ</span> <span class='ocrx_word' id='word_1_313' title='bbox 1396 2691 1467 2745; x_wconf 81' lang='grc' dir='ltr'>τὰ</span> <span class='ocrx_word' id='word_1_314' title='bbox 1500 2692 1710 2747; x_wconf 69' lang='grc' dir='ltr'>ἐκείνου</span> <span class='ocrx_word' id='word_1_315' title='bbox 1732 2710 1747 2724; x_wconf 89' lang='grc'><strong>·</strong></span> <span class='ocrx_word' id='word_1_316' title='bbox 1777 2695 1865 2749; x_wconf 80' lang='grc' dir='ltr'>ὅτε</span> 
     </span>
    </p>
   </div>
   <div class='ocr_carea' id='block_1_41' title="bbox 301 2775 1867 2852">
    <p class='ocr_par' dir='ltr' id='par_1_41' title="bbox 301 2775 1867 2852">
     <span class='ocr_line' id='line_1_41' title="bbox 301 2775 1867 2852; baseline 0.01 -27"><span class='ocrx_word' id='word_1_317' title='bbox 301 2775 344 2825; x_wconf 80' lang='lat'><strong>0!</strong></span> <span class='ocrx_word' id='word_1_318' title='bbox 376 2776 472 2844; x_wconf 84' lang='grc' dir='ltr'>μὲν</span> <span class='ocrx_word' id='word_1_319' title='bbox 500 2777 733 2846; x_wconf 79' lang='grc' dir='ltr'>κέρδους</span> <span class='ocrx_word' id='word_1_320' title='bbox 763 2780 1079 2850; x_wconf 71' lang='grc' dir='ltr'>πρηκτῆρες</span> <span class='ocrx_word' id='word_1_321' title='bbox 1108 2783 1320 2838; x_wconf 82' lang='grc' dir='ltr'>πολῖται</span> <span class='ocrx_word' id='word_1_322' title='bbox 1351 2785 1711 2852; x_wconf 78' lang='grc' dir='ltr'>λαλαγοῦντες</span> <span class='ocrx_word' id='word_1_323' title='bbox 1740 2787 1867 2840; x_wconf 79' lang='grc' dir='ltr'><strong>ἐπέ-</strong></span> 
     </span>
    </p>
   </div>
   <div class='ocr_carea' id='block_1_42' title="bbox 301 2869 1867 2947">
    <p class='ocr_par' dir='ltr' id='par_1_42' title="bbox 301 2869 1867 2947">
     <span class='ocr_line' id='line_1_42' title="bbox 301 2869 1867 2947; baseline 0.011 -31"><span class='ocrx_word' id='word_1_324' title='bbox 301 2883 471 2920; x_wconf 66' lang='lat' dir='ltr'><strong>aestv-:0</strong></span> <span class='ocrx_word' id='word_1_325' title='bbox 504 2869 629 2920; x_wconf 78' lang='grc' dir='ltr'>κατ’</span> <span class='ocrx_word' id='word_1_326' title='bbox 648 2869 835 2935; x_wconf 78' lang='grc' dir='ltr'>αὐτοῦ,</span> <span class='ocrx_word' id='word_1_327' title='bbox 869 2872 1012 2942; x_wconf 75' lang='grc' dir='ltr'>ἅπερ</span> <span class='ocrx_word' id='word_1_328' title='bbox 1044 2874 1232 2946; x_wconf 71' lang='grc' dir='ltr'>ἤθελον</span> <span class='ocrx_word' id='word_1_329' title='bbox 1252 2894 1266 2908; x_wconf 78' lang='grc' dir='ltr'><strong>ο</strong></span> <span class='ocrx_word' id='word_1_330' title='bbox 1298 2878 1456 2947; x_wconf 74' lang='grc' dir='ltr'>ἡμεῖς</span> <span class='ocrx_word' id='word_1_331' title='bbox 1484 2878 1539 2931; x_wconf 75' lang='grc' dir='ltr'>δὲ</span> <span class='ocrx_word' id='word_1_332' title='bbox 1567 2879 1760 2944; x_wconf 78' lang='grc' dir='ltr'>ἄλλως,</span> <span class='ocrx_word' id='word_1_333' title='bbox 1790 2878 1867 2944; x_wconf 84' lang='grc' dir='ltr'>ὡς</span> 
     </span>
    </p>
   </div>
   <div class='ocr_carea' id='block_1_43' title="bbox 300 2956 1862 3043">
    <p class='ocr_par' dir='ltr' id='par_1_43' title="bbox 300 2956 1862 3043">
     <span class='ocr_line' id='line_1_43' title="bbox 300 2956 1862 3043; baseline 0.01 -37"><span class='ocrx_word' id='word_1_334' title='bbox 300 2956 553 3023; x_wconf 75' lang='grc' dir='ltr'>ἔπρεπεν,</span> <span class='ocrx_word' id='word_1_335' title='bbox 590 2961 996 3029; x_wconf 82' lang='grc' dir='ltr'>ήρμοττόμεθα.</span> <span class='ocrx_word' id='word_1_336' title='bbox 1038 2967 1148 3018; x_wconf 68' lang='grc' dir='ltr'><strong>Καὶ</strong></span> <span class='ocrx_word' id='word_1_337' title='bbox 1181 2966 1342 3031; x_wconf 78' lang='grc' dir='ltr'>αὐτὸς</span> <span class='ocrx_word' id='word_1_338' title='bbox 1375 2969 1432 3022; x_wconf 81' lang='grc' dir='ltr'>δὲ</span> <span class='ocrx_word' id='word_1_339' title='bbox 1470 2972 1862 3043; x_wconf 73' lang='grc' dir='ltr'>ἀντιστρέφων,</span> 
     </span>
    </p>
   </div>
   <div class='ocr_carea' id='block_1_44' title="bbox 297 3050 1861 3133">
    <p class='ocr_par' dir='ltr' id='par_1_44' title="bbox 297 3050 1861 3133">
     <span class='ocr_line' id='line_1_44' title="bbox 297 3050 1861 3133; baseline 0.013 -35"><span class='ocrx_word' id='word_1_340' title='bbox 297 3050 353 3101; x_wconf 82' lang='grc' dir='ltr'><strong>τὺ</strong></span> <span class='ocrx_word' id='word_1_341' title='bbox 374 3051 550 3119; x_wconf 78' lang='grc' dir='ltr'>φίλιον</span> <span class='ocrx_word' id='word_1_342' title='bbox 573 3052 796 3120; x_wconf 78' lang='grc' dir='ltr'>ἔφαινεν</span> <span class='ocrx_word' id='word_1_343' title='bbox 822 3054 962 3125; x_wconf 83' lang='grc' dir='ltr'>ὑπὲρ</span> <span class='ocrx_word' id='word_1_344' title='bbox 985 3056 1142 3129; x_wconf 70' lang='grc' dir='ltr'>ἡμῶν</span> <span class='ocrx_word' id='word_1_345' title='bbox 1166 3060 1256 3111; x_wconf 75' lang='grc' dir='ltr'><strong>καὶ</strong></span> <span class='ocrx_word' id='word_1_346' title='bbox 1283 3058 1523 3130; x_wconf 75' lang='grc' dir='ltr'>βλέμμα,</span> <span class='ocrx_word' id='word_1_347' title='bbox 1548 3065 1642 3116; x_wconf 77' lang='grc' dir='ltr'><strong>καὶ</strong></span> <span class='ocrx_word' id='word_1_348' title='bbox 1665 3066 1861 3133; x_wconf 81' lang='grc' dir='ltr'>νεῦμα,</span> 
     </span>
    </p>
   </div>
   <div class='ocr_carea' id='block_1_45' title="bbox 300 3142 1865 3224">
    <p class='ocr_par' dir='ltr' id='par_1_45' title="bbox 300 3142 1865 3224">
     <span class='ocr_line' id='line_1_45' title="bbox 300 3142 1865 3224; baseline 0.014 -34"><span class='ocrx_word' id='word_1_349' title='bbox 300 3142 386 3193; x_wconf 79' lang='grc' dir='ltr'>καὶ</span> <span class='ocrx_word' id='word_1_350' title='bbox 408 3142 468 3194; x_wconf 78' lang='grc' dir='ltr'><strong>τὸ</strong></span> <span class='ocrx_word' id='word_1_351' title='bbox 495 3143 557 3194; x_wconf 77' lang='grc' dir='ltr'>ἑν</span> <span class='ocrx_word' id='word_1_352' title='bbox 580 3145 876 3212; x_wconf 76' lang='grc' dir='ltr'>πρακτέοις</span> <span class='ocrx_word' id='word_1_353' title='bbox 903 3145 1157 3217; x_wconf 77' lang='grc' dir='ltr'>βάδισμα.</span> <span class='ocrx_word' id='word_1_354' title='bbox 1189 3149 1302 3206; x_wconf 84' lang='grc' dir='ltr'><strong>Νῦν</strong></span> <span class='ocrx_word' id='word_1_355' title='bbox 1325 3153 1369 3206; x_wconf 82' lang='grc' dir='ltr'>δ’</span> <span class='ocrx_word' id='word_1_356' title='bbox 1388 3153 1521 3206; x_wconf 77' lang='grc' dir='ltr'><strong>ἀλλᾶ</strong></span> <span class='ocrx_word' id='word_1_357' title='bbox 1545 3156 1596 3207; x_wconf 83' lang='grc' dir='ltr'><strong>τί</strong></span> <span class='ocrx_word' id='word_1_358' title='bbox 1621 3155 1713 3209; x_wconf 75' lang='grc' dir='ltr'>καὶ</span> <span class='ocrx_word' id='word_1_359' title='bbox 1736 3157 1865 3224; x_wconf 74' lang='grc' dir='ltr'>δρά-</span> 
     </span>
    </p>
   </div>
   <div class='ocr_carea' id='block_1_46' title="bbox 297 3233 1866 3314">
    <p class='ocr_par' dir='ltr' id='par_1_46' title="bbox 297 3233 1866 3314">
     <span class='ocr_line' id='line_1_46' title="bbox 297 3233 1866 3314; baseline 0.013 -34"><span class='ocrx_word' id='word_1_360' title='bbox 297 3247 481 3299; x_wconf 82' lang='grc' dir='ltr'>σομεν,</span> <span class='ocrx_word' id='word_1_361' title='bbox 520 3233 821 3303; x_wconf 73' lang='grc' dir='ltr'>εὑρηκότες</span> <span class='ocrx_word' id='word_1_362' title='bbox 852 3237 943 3290; x_wconf 87' lang='grc' dir='ltr'>τὸν</span> <span class='ocrx_word' id='word_1_363' title='bbox 979 3238 1290 3294; x_wconf 70' lang='grc' dir='ltr'>ἔπαινετέον</span> <span class='ocrx_word' id='word_1_364' title='bbox 1325 3244 1531 3298; x_wconf 81' lang='grc' dir='ltr'>ἐκεῖνον</span> <span class='ocrx_word' id='word_1_365' title='bbox 1569 3248 1866 3314; x_wconf 79' lang='grc' dir='ltr'>μεταϐαλό-</span> 
     </span>
    </p>
   </div>
   <div class='ocr_carea' id='block_1_47' title="bbox 299 3326 1870 3408">
    <p class='ocr_par' dir='ltr' id='par_1_47' title="bbox 299 3326 1870 3408">
     <span class='ocr_line' id='line_1_47' title="bbox 299 3326 1870 3408; baseline 0.013 -36"><span class='ocrx_word' id='word_1_366' title='bbox 299 3338 472 3387; x_wconf 81' lang='grc' dir='ltr'>μενον,</span> <span class='ocrx_word' id='word_1_367' title='bbox 506 3326 602 3378; x_wconf 80' lang='grc' dir='ltr'>καὶ</span> <span class='ocrx_word' id='word_1_368' title='bbox 635 3329 833 3396; x_wconf 77' lang='grc' dir='ltr'>μηκέτι</span> <span class='ocrx_word' id='word_1_369' title='bbox 859 3329 1056 3392; x_wconf 82' lang='grc' dir='ltr'>τόπους</span> <span class='ocrx_word' id='word_1_370' title='bbox 1086 3331 1166 3395; x_wconf 81' lang='grc' dir='ltr'><strong>είς</strong></span> <span class='ocrx_word' id='word_1_371' title='bbox 1196 3332 1470 3404; x_wconf 83' lang='grc' dir='ltr'>εὐφημίαν</span> <span class='ocrx_word' id='word_1_372' title='bbox 1499 3337 1870 3408; x_wconf 78' lang='grc' dir='ltr'>ὑποϐαλλόμε-</span> 
     </span>
    </p>
   </div>
   <div class='ocr_carea' id='block_1_48' title="bbox 294 3412 1869 3491">
    <p class='ocr_par' dir='ltr' id='par_1_48' title="bbox 294 3412 1869 3491">
     <span class='ocr_line' id='line_1_48' title="bbox 294 3412 1869 3491; baseline 0.015 -27"><span class='ocrx_word' id='word_1_373' title='bbox 294 3412 511 3479; x_wconf 73' lang='grc' dir='ltr'>νονςἯ</span> <span class='ocrx_word' id='word_1_374' title='bbox 542 3417 763 3480; x_wconf 86' lang='grc' dir='ltr'>πάντως</span> <span class='ocrx_word' id='word_1_375' title='bbox 792 3416 1142 3491; x_wconf 76' lang='grc' dir='ltr'>ἐνθυμητέον,</span> <span class='ocrx_word' id='word_1_376' title='bbox 1176 3425 1249 3490; x_wconf 84' lang='grc' dir='ltr'>ὡς</span> <span class='ocrx_word' id='word_1_377' title='bbox 1283 3429 1470 3482; x_wconf 74' lang='grc' dir='ltr'>καινὸν</span> <span class='ocrx_word' id='word_1_378' title='bbox 1500 3430 1652 3484; x_wconf 82' lang='grc' dir='ltr'>οὐδέν</span> <span class='ocrx_word' id='word_1_379' title='bbox 1677 3448 1690 3462; x_wconf 77' lang='grc'><strong><em>⁸</em></strong></span> <span class='ocrx_word' id='word_1_380' title='bbox 1725 3433 1869 3488; x_wconf 70' lang='grc' dir='ltr'>καθὰ</span> 
     </span>
    </p>
   </div>
   <div class='ocr_carea' id='block_1_49' title="bbox 298 3508 1871 3594">
    <p class='ocr_par' dir='ltr' id='par_1_49' title="bbox 298 3508 1871 3594">
     <span class='ocr_line' id='line_1_49' title="bbox 298 3508 1871 3594; baseline 0.014 -39"><span class='ocrx_word' id='word_1_381' title='bbox 298 3508 538 3576; x_wconf 75' lang='grc' dir='ltr'>στέργων</span> <span class='ocrx_word' id='word_1_382' title='bbox 572 3511 781 3573; x_wconf 79' lang='grc' dir='ltr'>ἐκεῖνος</span> <span class='ocrx_word' id='word_1_383' title='bbox 814 3512 883 3563; x_wconf 81' lang='grc' dir='ltr'>τὰ</span> <span class='ocrx_word' id='word_1_384' title='bbox 926 3513 1117 3584; x_wconf 81' lang='grc' dir='ltr'>πρώην</span> <span class='ocrx_word' id='word_1_385' title='bbox 1152 3517 1331 3586; x_wconf 80' lang='grc' dir='ltr'>ἡμᾶς,</span> <span class='ocrx_word' id='word_1_386' title='bbox 1369 3516 1487 3573; x_wconf 80' lang='grc' dir='ltr'>εἶτα</span> <span class='ocrx_word' id='word_1_387' title='bbox 1527 3524 1586 3575; x_wconf 79' lang='grc' dir='ltr'>ἐν</span> <span class='ocrx_word' id='word_1_388' title='bbox 1621 3523 1871 3594; x_wconf 79' lang='grc' dir='ltr'>ὑστέροις</span> 
     </span>
    </p>
   </div>
   <div class='ocr_carea' id='block_1_50' title="bbox 293 3601 1869 3680">
    <p class='ocr_par' dir='ltr' id='par_1_50' title="bbox 293 3601 1869 3680">
     <span class='ocr_line' id='line_1_50' title="bbox 293 3601 1869 3680; baseline 0.012 -31"><span class='ocrx_word' id='word_1_389' title='bbox 293 3601 388 3653; x_wconf 72' lang='grc' dir='ltr'>οἰκ</span> <span class='ocrx_word' id='word_1_390' title='bbox 418 3601 629 3669; x_wconf 78' lang='grc' dir='ltr'>ἡγὰπα“</span> <span class='ocrx_word' id='word_1_391' title='bbox 649 3604 995 3673; x_wconf 78' lang='grc' dir='ltr'>ἐλέγχοντας,</span> <span class='ocrx_word' id='word_1_392' title='bbox 1027 3601 1114 3660; x_wconf 76' lang='grc' dir='ltr'><strong>οἷα</strong></span> <span class='ocrx_word' id='word_1_393' title='bbox 1152 3610 1286 3679; x_wconf 81' lang='grc' dir='ltr'>μηδὲ</span> <span class='ocrx_word' id='word_1_394' title='bbox 1320 3613 1481 3680; x_wconf 71' lang='grc' dir='ltr'>σοφὸς</span> <span class='ocrx_word' id='word_1_395' title='bbox 1512 3614 1695 3678; x_wconf 80' lang='grc' dir='ltr'>αὐτὸς,</span> <span class='ocrx_word' id='word_1_396' title='bbox 1729 3614 1869 3669; x_wconf 83' lang='grc' dir='ltr'>κατὰ</span> 
     </span>
    </p>
   </div>
   <div class='ocr_carea' id='block_1_51' title="bbox 292 3695 1872 3775">
    <p class='ocr_par' dir='ltr' id='par_1_51' title="bbox 292 3695 1872 3775">
     <span class='ocr_line' id='line_1_51' title="bbox 292 3695 1872 3775; baseline 0.009 -31"><span class='ocrx_word' id='word_1_397' title='bbox 292 3695 376 3744; x_wconf 73' lang='grc' dir='ltr'>τδν</span> <span class='ocrx_word' id='word_1_398' title='bbox 399 3696 569 3766; x_wconf 71' lang='lat' dir='ltr'><strong>[11pm</strong></span> <span class='ocrx_word' id='word_1_399' title='bbox 577 3695 831 3766; x_wconf 80' lang='grc' dir='ltr'>μιαστὴν,</span> <span class='ocrx_word' id='word_1_400' title='bbox 856 3696 998 3751; x_wconf 74' lang='grc' dir='ltr'>οὕτω</span> <span class='ocrx_word' id='word_1_401' title='bbox 1020 3699 1113 3753; x_wconf 72' lang='grc' dir='ltr'>καὶ</span> <span class='ocrx_word' id='word_1_402' title='bbox 1136 3702 1277 3772; x_wconf 69' lang='grc' dir='ltr'>ἡμᾶς</span> <span class='ocrx_word' id='word_1_403' title='bbox 1302 3702 1422 3757; x_wconf 88' lang='grc' dir='ltr'>τότε</span> <span class='ocrx_word' id='word_1_404' title='bbox 1453 3705 1549 3774; x_wconf 84' lang='grc' dir='ltr'>μὲν</span> <span class='ocrx_word' id='word_1_405' title='bbox 1572 3705 1707 3775; x_wconf 72' lang='grc' dir='ltr'>πρὸς</span> <span class='ocrx_word' id='word_1_406' title='bbox 1732 3708 1872 3759; x_wconf 76' lang='grc' dir='ltr'>ὲκεί-</span> 
     </span>
    </p>
   </div>
   <div class='ocr_carea' id='block_1_52' title="bbox 295 3782 1867 3868">
    <p class='ocr_par' dir='ltr' id='par_1_52' title="bbox 295 3782 1867 3868">
     <span class='ocr_line' id='line_1_52' title="bbox 295 3782 1867 3868; baseline 0.01 -33"><span class='ocrx_word' id='word_1_407' title='bbox 295 3802 400 3846; x_wconf 78' lang='grc' dir='ltr'>νοις</span> <span class='ocrx_word' id='word_1_408' title='bbox 440 3782 584 3839; x_wconf 80' lang='grc' dir='ltr'>εἶναι</span> <span class='ocrx_word' id='word_1_409' title='bbox 625 3787 713 3840; x_wconf 75' lang='grc' dir='ltr'>διὰ</span> <span class='ocrx_word' id='word_1_410' title='bbox 751 3788 811 3840; x_wconf 76' lang='grc' dir='ltr'>τὸ</span> <span class='ocrx_word' id='word_1_411' title='bbox 852 3789 1019 3854; x_wconf 85' lang='grc' dir='ltr'>ὅσιον,</span> <span class='ocrx_word' id='word_1_412' title='bbox 1063 3790 1144 3843; x_wconf 79' lang='grc' dir='ltr'>ὅτι</span> <span class='ocrx_word' id='word_1_413' title='bbox 1191 3793 1327 3862; x_wconf 82' lang='grc' dir='ltr'>μηδὲ</span> <span class='ocrx_word' id='word_1_414' title='bbox 1371 3795 1490 3848; x_wconf 85' lang='grc' dir='ltr'>λίαν</span> <span class='ocrx_word' id='word_1_415' title='bbox 1532 3797 1735 3864; x_wconf 85' lang='grc' dir='ltr'>θρασὺς</span> <span class='ocrx_word' id='word_1_416' title='bbox 1776 3792 1867 3868; x_wconf 81' lang='grc' dir='ltr'>ἦν,</span> 
     </span>
    </p>
   </div>
   <div class='ocr_carea' id='block_1_53' title="bbox 296 3878 1871 3960">
    <p class='ocr_par' dir='ltr' id='par_1_53' title="bbox 296 3878 1871 3960">
     <span class='ocr_line' id='line_1_53' title="bbox 296 3878 1871 3960; baseline 0.008 -31"><span class='ocrx_word' id='word_1_417' title='bbox 296 3879 431 3932; x_wconf 71' lang='grc' dir='ltr'>κατὰ</span> <span class='ocrx_word' id='word_1_418' title='bbox 461 3878 592 3941; x_wconf 82' lang='grc' dir='ltr'>τοὺς</span> <span class='ocrx_word' id='word_1_419' title='bbox 626 3879 994 3944; x_wconf 77' lang='grc' dir='ltr'>αὐθεκάστους</span> <span class='ocrx_word' id='word_1_420' title='bbox 1030 3883 1101 3936; x_wconf 86' lang='grc' dir='ltr'>τὰ</span> <span class='ocrx_word' id='word_1_421' title='bbox 1137 3886 1291 3937; x_wconf 72' lang='grc' dir='ltr'>κοινὰ</span> <span class='ocrx_word' id='word_1_422' title='bbox 1334 3888 1573 3939; x_wconf 75' lang='grc' dir='ltr'>σίνεσθαι</span> <span class='ocrx_word' id='word_1_423' title='bbox 1599 3903 1613 3917; x_wconf 84' lang='grc'>⁶</span> <span class='ocrx_word' id='word_1_424' title='bbox 1650 3885 1769 3941; x_wconf 72' lang='grc' dir='ltr'>εἶτα</span> <span class='ocrx_word' id='word_1_425' title='bbox 1806 3889 1871 3960; x_wconf 81' lang='grc' dir='ltr'>δὴ</span> 
     </span>
    </p>
   </div>
   <div class='ocr_carea' id='block_1_54' title="bbox 295 3969 1869 4047">
    <p class='ocr_par' dir='ltr' id='par_1_54' title="bbox 295 3969 1869 4047">
     <span class='ocr_line' id='line_1_54' title="bbox 295 3969 1869 4047; baseline 0.006 -26"><span class='ocrx_word' id='word_1_426' title='bbox 295 3969 512 4040; x_wconf 76' lang='grc' dir='ltr'>ὄλεθρον</span> <span class='ocrx_word' id='word_1_427' title='bbox 543 3971 604 4035; x_wconf 78' lang='grc' dir='ltr'><strong>ἒξ</strong></span> <span class='ocrx_word' id='word_1_428' title='bbox 645 3972 856 4026; x_wconf 76' lang='grc' dir='ltr'>ἐκείνου</span> <span class='ocrx_word' id='word_1_429' title='bbox 893 3976 1313 4046; x_wconf 79' lang='grc' dir='ltr'>προορωμένους</span> <span class='ocrx_word' id='word_1_430' title='bbox 1355 3982 1529 4047; x_wconf 83' lang='grc' dir='ltr'>μισεῖν</span> <span class='ocrx_word' id='word_1_431' title='bbox 1561 3980 1636 4041; x_wconf 83' lang='grc' dir='ltr'>ὠς</span> <span class='ocrx_word' id='word_1_432' title='bbox 1676 3981 1869 4047; x_wconf 79' lang='grc' dir='ltr'>αἴτιον,</span> 
     </span>
    </p>
   </div>
   <div class='ocr_carea' id='block_1_55' title="bbox 296 4064 1871 4139">
    <p class='ocr_par' dir='ltr' id='par_1_55' title="bbox 296 4064 1871 4139">
     <span class='ocr_line' id='line_1_55' title="bbox 296 4064 1871 4139; baseline 0.006 -24"><span class='ocrx_word' id='word_1_433' title='bbox 296 4064 416 4129; x_wconf 79' lang='grc' dir='ltr'>ἄρτι</span> <span class='ocrx_word' id='word_1_434' title='bbox 448 4064 505 4118; x_wconf 80' lang='grc' dir='ltr'>δὲ</span> <span class='ocrx_word' id='word_1_435' title='bbox 542 4064 639 4117; x_wconf 65' lang='grc' dir='ltr'><strong>καλ⁵</strong></span> <span class='ocrx_word' id='word_1_436' title='bbox 672 4064 1119 4136; x_wconf 83' lang='grc' dir='ltr'>ὡλοθρευμένους</span> <span class='ocrx_word' id='word_1_437' title='bbox 1152 4068 1358 4122; x_wconf 80' lang='grc' dir='ltr'>ἐθέλειν</span> <span class='ocrx_word' id='word_1_438' title='bbox 1389 4069 1480 4121; x_wconf 81' lang='grc' dir='ltr'><strong>καί</strong></span> <span class='ocrx_word' id='word_1_439' title='bbox 1509 4087 1561 4121; x_wconf 88' lang='grc' dir='ltr'><strong>τι</strong></span> <span class='ocrx_word' id='word_1_440' title='bbox 1598 4070 1741 4139; x_wconf 82' lang='grc' dir='ltr'>μέγα</span> <span class='ocrx_word' id='word_1_441' title='bbox 1773 4089 1871 4124; x_wconf 81' lang='grc' dir='ltr'>κα·-</span> 
     </span>
    </p>
   </div>
   <div class='ocr_carea' id='block_1_56' title="bbox 296 4153 1871 4232">
    <p class='ocr_par' dir='ltr' id='par_1_56' title="bbox 296 4153 1871 4232">
     <span class='ocr_line' id='line_1_56' title="bbox 296 4153 1871 4232; baseline 0.007 -28"><span class='ocrx_word' id='word_1_442' title='bbox 296 4153 387 4204; x_wconf 57' lang='grc' dir='ltr'><strong>κδν</strong></span> <span class='ocrx_word' id='word_1_443' title='bbox 417 4154 618 4225; x_wconf 77' lang='grc' dir='ltr'>ἐκείνῳ</span> <span class='ocrx_word' id='word_1_444' title='bbox 660 4155 1100 4223; x_wconf 77' lang='grc' dir='ltr'>προσϐάξασθαι,</span> <span class='ocrx_word' id='word_1_445' title='bbox 1135 4158 1291 4228; x_wconf 72' lang='grc' dir='ltr'>ἀνδρὶ</span> <span class='ocrx_word' id='word_1_446' title='bbox 1331 4160 1505 4219; x_wconf 79' lang='grc' dir='ltr'>ἄλλως</span> <span class='ocrx_word' id='word_1_447' title='bbox 1548 4159 1647 4226; x_wconf 72' lang='grc' dir='ltr'>μὲν</span> <span class='ocrx_word' id='word_1_448' title='bbox 1679 4161 1871 4232; x_wconf 83' lang='grc' dir='ltr'>ἀγαθῷ</span> 
     </span>
    </p>
   </div>
   <div class='ocr_carea' id='block_1_57' title="bbox 293 4243 1871 4323">
    <p class='ocr_par' dir='ltr' id='par_1_57' title="bbox 293 4243 1871 4323">
     <span class='ocr_line' id='line_1_57' title="bbox 293 4243 1871 4323; baseline 0.007 -27"><span class='ocrx_word' id='word_1_449' title='bbox 293 4243 503 4310; x_wconf 65' lang='grc' dir='ltr'>δόξαντι</span> <span class='ocrx_word' id='word_1_450' title='bbox 530 4246 616 4315; x_wconf 80' lang='grc' dir='ltr'><strong>(οὐ</strong></span> <span class='ocrx_word' id='word_1_451' title='bbox 644 4248 754 4314; x_wconf 84' lang='grc' dir='ltr'>γὰρ</span> <span class='ocrx_word' id='word_1_452' title='bbox 783 4251 1178 4319; x_wconf 85' lang='grc' dir='ltr'>σκορακιστέον</span> <span class='ocrx_word' id='word_1_453' title='bbox 1201 4251 1270 4305; x_wconf 81' lang='grc' dir='ltr'>τὰ</span> <span class='ocrx_word' id='word_1_454' title='bbox 1297 4252 1433 4320; x_wconf 74' lang='grc' dir='ltr'>πρὸς</span> <span class='ocrx_word' id='word_1_455' title='bbox 1460 4252 1760 4323; x_wconf 77' lang='grc' dir='ltr'>ἀλήθειαν),</span> <span class='ocrx_word' id='word_1_456' title='bbox 1790 4249 1871 4319; x_wconf 72' lang='grc' dir='ltr'>οἷς</span> 
     </span>
    </p>
   </div>
   <div class='ocr_carea' id='block_1_58' title="bbox 292 4336 1868 4415">
    <p class='ocr_par' dir='ltr' id='par_1_58' title="bbox 292 4336 1868 4415">
     <span class='ocr_line' id='line_1_58' title="bbox 292 4336 1868 4415; baseline 0.007 -26"><span class='ocrx_word' id='word_1_457' title='bbox 292 4336 345 4390; x_wconf 76' lang='grc' dir='ltr'>δὲ</span> <span class='ocrx_word' id='word_1_458' title='bbox 380 4338 632 4410; x_wconf 84' lang='grc' dir='ltr'>στρεῦλῷ</span> <span class='ocrx_word' id='word_1_459' title='bbox 665 4340 848 4395; x_wconf 86' lang='grc' dir='ltr'>κανόνι</span> <span class='ocrx_word' id='word_1_460' title='bbox 883 4342 1250 4415; x_wconf 77' lang='grc' dir='ltr'>συνδιεγράςρη</span> <span class='ocrx_word' id='word_1_461' title='bbox 1282 4344 1357 4413; x_wconf 86' lang='grc' dir='ltr'><strong>τῷ</strong></span> <span class='ocrx_word' id='word_1_462' title='bbox 1388 4344 1481 4398; x_wconf 78' lang='grc' dir='ltr'>τοῦ</span> <span class='ocrx_word' id='word_1_463' title='bbox 1515 4346 1868 4413; x_wconf 72' lang='grc' dir='ltr'>δεσπόζοντος</span> 
     </span>
    </p>
   </div>
   <div class='ocr_carea' id='block_1_59' title="bbox 306 4431 1869 4513">
    <p class='ocr_par' dir='ltr' id='par_1_59' title="bbox 306 4431 1869 4513">
     <span class='ocr_line' id='line_1_59' title="bbox 306 4431 1869 4513; baseline 0.006 -31"><span class='ocrx_word' id='word_1_464' title='bbox 306 4431 688 4501; x_wconf 81' lang='grc' dir='ltr'>Ἀνδρονίκου,</span> <span class='ocrx_word' id='word_1_465' title='bbox 748 4434 863 4486; x_wconf 83' lang='grc' dir='ltr'>ἀλλ’</span> <span class='ocrx_word' id='word_1_466' title='bbox 900 4436 1133 4488; x_wconf 78' lang='grc' dir='ltr'>ἐνταῦθα</span> <span class='ocrx_word' id='word_1_467' title='bbox 1188 4435 1531 4491; x_wconf 72' lang='grc' dir='ltr'>δοεκπεσόντι</span> <span class='ocrx_word' id='word_1_468' title='bbox 1582 4440 1639 4502; x_wconf 78' lang='grc' dir='ltr'>ἐς</span> <span class='ocrx_word' id='word_1_469' title='bbox 1692 4441 1869 4513; x_wconf 74' lang='grc' dir='ltr'>ἄκραν</span> 
     </span>
    </p>
   </div>
   <div class='ocr_carea' id='block_1_60' title="bbox 295 4525 1870 4599">
    <p class='ocr_par' dir='ltr' id='par_1_60' title="bbox 295 4525 1870 4599">
     <span class='ocr_line' id='line_1_60' title="bbox 295 4525 1870 4599; baseline 0.009 -25"><span class='ocrx_word' id='word_1_470' title='bbox 295 4525 626 4595; x_wconf 78' lang='grc' dir='ltr'>φαυλότητα.</span> <span class='ocrx_word' id='word_1_471' title='bbox 654 4525 791 4579; x_wconf 73' lang='grc' dir='ltr'>Οὔτε</span> <span class='ocrx_word' id='word_1_472' title='bbox 820 4528 927 4597; x_wconf 73' lang='grc' dir='ltr'><strong>γὰρ</strong></span> <span class='ocrx_word' id='word_1_473' title='bbox 954 4528 1185 4595; x_wconf 77' lang='grc' dir='ltr'>ἀγαπῶν</span> <span class='ocrx_word' id='word_1_474' title='bbox 1211 4525 1276 4599; x_wconf 79' lang='grc' dir='ltr'>ἦν</span> <span class='ocrx_word' id='word_1_475' title='bbox 1309 4532 1535 4596; x_wconf 79' lang='grc' dir='ltr'>ἐκεῖνον,</span> <span class='ocrx_word' id='word_1_476' title='bbox 1562 4532 1635 4596; x_wconf 82' lang='grc' dir='ltr'>ὡς</span> <span class='ocrx_word' id='word_1_477' title='bbox 1663 4534 1870 4587; x_wconf 79' lang='grc' dir='ltr'>ὑποκα-</span> 
     </span>
    </p>
   </div>
   <div class='ocr_carea' id='block_1_61' title="bbox 1972 2044 3542 2117">
    <p class='ocr_par' dir='ltr' id='par_1_61' title="bbox 1972 2044 3542 2117">
     <span class='ocr_line' id='line_1_61' title="bbox 1972 2044 3542 2117; baseline 0.001 -19"><span class='ocrx_word' id='word_1_478' title='bbox 1972 2044 2165 2098; x_wconf 89' lang='lat' dir='ltr'><strong>benter</strong></span> <span class='ocrx_word' id='word_1_479' title='bbox 2196 2045 2449 2099; x_wconf 89' lang='lat' dir='ltr'><strong>haberem</strong></span> <span class='ocrx_word' id='word_1_480' title='bbox 2484 2046 2696 2099; x_wconf 78' lang='lat' dir='ltr'><strong>fortiter</strong></span> <span class='ocrx_word' id='word_1_481' title='bbox 2741 2048 2998 2111; x_wconf 86' lang='lat' dir='ltr'><strong>retinens,</strong></span> <span class='ocrx_word' id='word_1_482' title='bbox 3026 2066 3044 2098; x_wconf 69' lang='grc' dir='ltr'><strong>ι</strong></span> <span class='ocrx_word' id='word_1_483' title='bbox 3068 2047 3220 2117; x_wconf 76' lang='lat' dir='ltr'><strong>juxta</strong></span> <span class='ocrx_word' id='word_1_484' title='bbox 3256 2057 3407 2113; x_wconf 81' lang='lat' dir='ltr'><strong>vetus</strong></span> <span class='ocrx_word' id='word_1_485' title='bbox 3432 2046 3542 2101; x_wconf 78' lang='lat' dir='ltr'><strong>llo-</strong></span> 
     </span>
    </p>
   </div>
   <div class='ocr_carea' id='block_1_62' title="bbox 1971 2137 3538 2209">
    <p class='ocr_par' dir='ltr' id='par_1_62' title="bbox 1971 2137 3538 2209">
     <span class='ocr_line' id='line_1_62' title="bbox 1971 2137 3538 2209; baseline 0.001 -19"><span class='ocrx_word' id='word_1_486' title='bbox 1971 2137 2107 2191; x_wconf 90' lang='lat' dir='ltr'><strong>meri</strong></span> <span class='ocrx_word' id='word_1_487' title='bbox 2127 2137 2354 2201; x_wconf 88' lang='lat' dir='ltr'><strong>dictum,</strong></span> <span class='ocrx_word' id='word_1_488' title='bbox 2378 2157 2397 2189; x_wconf 77' lang='lat' dir='ltr'><strong>t</strong></span> <span class='ocrx_word' id='word_1_489' title='bbox 2418 2139 2645 2207; x_wconf 80' lang='lat' dir='ltr'><strong>ecquod</strong></span> <span class='ocrx_word' id='word_1_490' title='bbox 2667 2148 2827 2193; x_wconf 62' lang='lat' dir='ltr'><strong>tanta:</strong></span> <span class='ocrx_word' id='word_1_491' title='bbox 2857 2140 3005 2193; x_wconf 88' lang='lat' dir='ltr'><strong>urbis</strong></span> <span class='ocrx_word' id='word_1_492' title='bbox 3039 2156 3217 2192; x_wconf 80' lang='lat' dir='ltr'><strong>arcem</strong></span> <span class='ocrx_word' id='word_1_493' title='bbox 3247 2140 3538 2209; x_wconf 80' lang='lat' dir='ltr'><strong>prostravit</strong></span> 
     </span>
    </p>
   </div>
   <div class='ocr_carea' id='block_1_63' title="bbox 1971 2229 3529 2299">
    <p class='ocr_par' dir='ltr' id='par_1_63' title="bbox 1971 2229 3529 2299">
     <span class='ocr_line' id='line_1_63' title="bbox 1971 2229 3529 2299; baseline 0 -16"><span class='ocrx_word' id='word_1_494' title='bbox 1971 2234 2378 2297; x_wconf 87' lang='lat' dir='ltr'><strong>multorumque</strong></span> <span class='ocrx_word' id='word_1_495' title='bbox 2398 2245 2570 2299; x_wconf 79' lang='lat' dir='ltr'><strong>genua</strong></span> <span class='ocrx_word' id='word_1_496' title='bbox 2620 2229 2944 2284; x_wconf 84' lang='lat' dir='ltr'><strong>debilitavit.</strong></span> <span class='ocrx_word' id='word_1_497' title='bbox 2982 2249 3001 2282; x_wconf 68' lang='grc' dir='ltr'><em>θ</em></span> <span class='ocrx_word' id='word_1_498' title='bbox 3032 2229 3248 2285; x_wconf 83' lang='lat' dir='ltr'><strong>Utinam</strong></span> <span class='ocrx_word' id='word_1_499' title='bbox 3284 2247 3391 2285; x_wconf 89' lang='lat' dir='ltr'><strong>non</strong></span> <span class='ocrx_word' id='word_1_500' title='bbox 3418 2232 3529 2299; x_wconf 87' lang='lat' dir='ltr'><strong>jam</strong></span> 
     </span>
    </p>
   </div>
   <div class='ocr_carea' id='block_1_64' title="bbox 1968 2321 3527 2391">
    <p class='ocr_par' dir='ltr' id='par_1_64' title="bbox 1968 2321 3527 2391">
     <span class='ocr_line' id='line_1_64' title="bbox 1968 2321 3527 2391; baseline -0.003 -15"><span class='ocrx_word' id='word_1_501' title='bbox 1968 2321 2355 2388; x_wconf 80' lang='lat' dir='ltr'><strong>diasolvamur,</strong></span> <span class='ocrx_word' id='word_1_502' title='bbox 2387 2321 2527 2376; x_wconf 88' lang='lat' dir='ltr'><strong>Deus</strong></span> <span class='ocrx_word' id='word_1_503' title='bbox 2551 2336 2666 2387; x_wconf 76' lang='lat' dir='ltr'><strong>rex,</strong></span> <span class='ocrx_word' id='word_1_504' title='bbox 2693 2321 3054 2391; x_wconf 85' lang='lat' dir='ltr'><strong>ministerque</strong></span> <span class='ocrx_word' id='word_1_505' title='bbox 3074 2321 3217 2390; x_wconf 85' lang='lat' dir='ltr'><strong>ejus,</strong></span> <span class='ocrx_word' id='word_1_506' title='bbox 3248 2328 3527 2390; x_wconf 82' lang='lat' dir='ltr'><strong>protector</strong></span> 
     </span>
    </p>
   </div>
   <div class='ocr_carea' id='block_1_65' title="bbox 1969 2405 3534 2479">
    <p class='ocr_par' dir='ltr' id='par_1_65' title="bbox 1969 2405 3534 2479">
     <span class='ocr_line' id='line_1_65' title="bbox 1969 2405 3534 2479; baseline -0.004 -14"><span class='ocrx_word' id='word_1_507' title='bbox 1969 2419 2175 2474; x_wconf 87' lang='lat' dir='ltr'><strong>noster,</strong></span> <span class='ocrx_word' id='word_1_508' title='bbox 2210 2410 2613 2479; x_wconf 73' lang='lat' dir='ltr'><strong>nelougiasituc</strong></span> <span class='ocrx_word' id='word_1_509' title='bbox 2647 2411 3000 2479; x_wconf 88' lang='lat' dir='ltr'><strong>protrahatur</strong></span> <span class='ocrx_word' id='word_1_510' title='bbox 3030 2408 3254 2462; x_wconf 87' lang='lat' dir='ltr'><strong>malum.</strong></span> <span class='ocrx_word' id='word_1_511' title='bbox 3293 2406 3425 2477; x_wconf 77' lang='lat' dir='ltr'><strong>Ego.</strong></span> <span class='ocrx_word' id='word_1_512' title='bbox 3453 2405 3534 2459; x_wconf 83' lang='lat' dir='ltr'><strong>l‘a-</strong></span> 
     </span>
    </p>
   </div>
   <div class='ocr_carea' id='block_1_66' title="bbox 1946 2500 3538 2572">
    <p class='ocr_par' dir='ltr' id='par_1_66' title="bbox 1946 2500 3538 2572">
     <span class='ocr_line' id='line_1_66' title="bbox 1946 2500 3538 2572; baseline -0.001 -16"><span class='ocrx_word' id='word_1_513' title='bbox 1946 2510 2106 2569; x_wconf 61' lang='lat' dir='ltr'><strong>teor,</strong></span> <span class='ocrx_word' id='word_1_514' title='bbox 2121 2510 2246 2557; x_wconf 86' lang='lat' dir='ltr'><strong>ante</strong></span> <span class='ocrx_word' id='word_1_515' title='bbox 2259 2517 2492 2572; x_wconf 81' lang='lat' dir='ltr'><strong>pugnant</strong></span> <span class='ocrx_word' id='word_1_516' title='bbox 2512 2503 2680 2554; x_wconf 85' lang='lat' dir='ltr'><strong>virum</strong></span> <span class='ocrx_word' id='word_1_517' title='bbox 2700 2502 2839 2556; x_wconf 85' lang='lat' dir='ltr'><strong>hunc</strong></span> <span class='ocrx_word' id='word_1_518' title='bbox 2857 2500 3170 2570; x_wconf 78' lang='lat' dir='ltr'><strong>probabam,</strong></span> <span class='ocrx_word' id='word_1_519' title='bbox 3191 2509 3538 2570; x_wconf 83' lang='lat' dir='ltr'><strong>temporeque</strong></span> 
     </span>
    </p>
   </div>
   <div class='ocr_carea' id='block_1_67' title="bbox 1967 2591 3546 2664">
    <p class='ocr_par' dir='ltr' id='par_1_67' title="bbox 1967 2591 3546 2664">
     <span class='ocr_line' id='line_1_67' title="bbox 1967 2591 3546 2664; baseline -0.004 -15"><span class='ocrx_word' id='word_1_520' title='bbox 1967 2595 2115 2664; x_wconf 87' lang='lat' dir='ltr'><strong>pacis</strong></span> <span class='ocrx_word' id='word_1_521' title='bbox 2135 2595 2298 2648; x_wconf 76' lang='lat' dir='ltr'><strong>rebus</strong></span> <span class='ocrx_word' id='word_1_522' title='bbox 2333 2595 2450 2664; x_wconf 82' lang='lat' dir='ltr'><strong>ejus</strong></span> <span class='ocrx_word' id='word_1_523' title='bbox 2504 2594 2681 2649; x_wconf 80' lang='lat' dir='ltr'><strong>fausta</strong></span> <span class='ocrx_word' id='word_1_524' title='bbox 2723 2593 3139 2663; x_wconf 87' lang='lat' dir='ltr'><strong>precabar;eum</strong></span> <span class='ocrx_word' id='word_1_525' title='bbox 3159 2591 3546 2656; x_wconf 81' lang='lat' dir='ltr'><strong>eives,utilita-</strong></span> 
     </span>
    </p>
   </div>
   <div class='ocr_carea' id='block_1_68' title="bbox 1967 2683 3540 2753">
    <p class='ocr_par' dir='ltr' id='par_1_68' title="bbox 1967 2683 3540 2753">
     <span class='ocr_line' id='line_1_68' title="bbox 1967 2683 3540 2753; baseline -0.004 -13"><span class='ocrx_word' id='word_1_526' title='bbox 1967 2694 2041 2742; x_wconf 85' lang='lat' dir='ltr'><strong>Its</strong></span> <span class='ocrx_word' id='word_1_527' title='bbox 2056 2700 2168 2742; x_wconf 72' lang='lat' dir='ltr'><strong>sua:</strong></span> <span class='ocrx_word' id='word_1_528' title='bbox 2186 2693 2507 2748; x_wconf 83' lang='lat' dir='ltr'><strong>sectatores,</strong></span> <span class='ocrx_word' id='word_1_529' title='bbox 2550 2684 2910 2740; x_wconf 79' lang='lat' dir='ltr'><strong>vociferantes</strong></span> <span class='ocrx_word' id='word_1_530' title='bbox 2939 2693 3059 2753; x_wconf 89' lang='lat' dir='ltr'><strong>post</strong></span> <span class='ocrx_word' id='word_1_531' title='bbox 3078 2685 3228 2737; x_wconf 91' lang='lat' dir='ltr'><strong>illum</strong></span> <span class='ocrx_word' id='word_1_532' title='bbox 3251 2683 3540 2745; x_wconf 86' lang='lat' dir='ltr'><strong>instarent,</strong></span> 
     </span>
    </p>
   </div>
   <div class='ocr_carea' id='block_1_69' title="bbox 1967 2775 3538 2841">
    <p class='ocr_par' dir='ltr' id='par_1_69' title="bbox 1967 2775 3538 2841">
     <span class='ocr_line' id='line_1_69' title="bbox 1967 2775 3538 2841; baseline -0.004 -8"><span class='ocrx_word' id='word_1_533' title='bbox 1967 2796 2069 2834; x_wconf 86' lang='lat' dir='ltr'><strong>nos</strong></span> <span class='ocrx_word' id='word_1_534' title='bbox 2096 2788 2275 2832; x_wconf 85' lang='lat' dir='ltr'><strong>autem</strong></span> <span class='ocrx_word' id='word_1_535' title='bbox 2299 2794 2329 2832; x_wconf 88' lang='lat' dir='ltr'><strong>e</strong></span> <span class='ocrx_word' id='word_1_536' title='bbox 2351 2788 2560 2841; x_wconf 82' lang='lat' dir='ltr'><strong>contra,</strong></span> <span class='ocrx_word' id='word_1_537' title='bbox 2582 2787 2637 2831; x_wconf 91' lang='lat' dir='ltr'><strong>ut</strong></span> <span class='ocrx_word' id='word_1_538' title='bbox 2658 2777 2903 2840; x_wconf 88' lang='lat' dir='ltr'><strong>decebat,</strong></span> <span class='ocrx_word' id='word_1_539' title='bbox 2925 2776 2999 2830; x_wconf 90' lang='lat' dir='ltr'><strong>illi</strong></span> <span class='ocrx_word' id='word_1_540' title='bbox 3041 2775 3538 2832; x_wconf 89' lang='lat' dir='ltr'><strong>consentiebamus.</strong></span> 
     </span>
    </p>
   </div>
   <div class='ocr_carea' id='block_1_70' title="bbox 1967 2868 3534 2939">
    <p class='ocr_par' dir='ltr' id='par_1_70' title="bbox 1967 2868 3534 2939">
     <span class='ocr_line' id='line_1_70' title="bbox 1967 2868 3534 2939; baseline -0.004 -13"><span class='ocrx_word' id='word_1_541' title='bbox 1967 2872 2058 2926; x_wconf 91' lang='lat' dir='ltr'><strong>Ille</strong></span> <span class='ocrx_word' id='word_1_542' title='bbox 2077 2886 2203 2926; x_wconf 85' lang='lat' dir='ltr'><strong>vero</strong></span> <span class='ocrx_word' id='word_1_543' title='bbox 2221 2886 2280 2925; x_wconf 89' lang='lat' dir='ltr'><strong>se</strong></span> <span class='ocrx_word' id='word_1_544' title='bbox 2320 2882 2665 2935; x_wconf 85' lang='lat' dir='ltr'><strong>convertens,</strong></span> <span class='ocrx_word' id='word_1_545' title='bbox 2709 2884 2835 2939; x_wconf 81' lang='lat' dir='ltr'><strong>erga</strong></span> <span class='ocrx_word' id='word_1_546' title='bbox 2883 2883 2983 2922; x_wconf 88' lang='lat' dir='ltr'><strong>nos</strong></span> <span class='ocrx_word' id='word_1_547' title='bbox 3027 2868 3317 2921; x_wconf 85' lang='lat' dir='ltr'><strong>amicitiam</strong></span> <span class='ocrx_word' id='word_1_548' title='bbox 3354 2869 3534 2930; x_wconf 72' lang='lat' dir='ltr'><strong>oculo,</strong></span> 
     </span>
    </p>
   </div>
   <div class='ocr_carea' id='block_1_71' title="bbox 1965 2957 3541 3032">
    <p class='ocr_par' dir='ltr' id='par_1_71' title="bbox 1965 2957 3541 3032">
     <span class='ocr_line' id='line_1_71' title="bbox 1965 2957 3541 3032; baseline -0.004 -16"><span class='ocrx_word' id='word_1_549' title='bbox 1965 2972 2098 3017; x_wconf 87' lang='lat' dir='ltr'><strong>nutu</strong></span> <span class='ocrx_word' id='word_1_550' title='bbox 2116 2963 2382 3032; x_wconf 84' lang='lat' dir='ltr'><strong>modoque</strong></span> <span class='ocrx_word' id='word_1_551' title='bbox 2400 2962 2662 3016; x_wconf 85' lang='lat' dir='ltr'><strong>tractandi</strong></span> <span class='ocrx_word' id='word_1_552' title='bbox 2681 2960 2894 3031; x_wconf 81' lang='lat' dir='ltr'><strong>negotia</strong></span> <span class='ocrx_word' id='word_1_553' title='bbox 2913 2959 3251 3014; x_wconf 82' lang='lat' dir='ltr'><strong>monstravit.</strong></span> <span class='ocrx_word' id='word_1_554' title='bbox 3270 2957 3372 3012; x_wconf 85' lang='lat' dir='ltr'><strong>Sed</strong></span> <span class='ocrx_word' id='word_1_555' title='bbox 3397 2973 3541 3011; x_wconf 90' lang='lat' dir='ltr'><strong>nunc</strong></span> 
     </span>
    </p>
   </div>
   <div class='ocr_carea' id='block_1_72' title="bbox 1965 3050 3536 3123">
    <p class='ocr_par' dir='ltr' id='par_1_72' title="bbox 1965 3050 3536 3123">
     <span class='ocr_line' id='line_1_72' title="bbox 1965 3050 3536 3123; baseline -0.002 -17"><span class='ocrx_word' id='word_1_556' title='bbox 1965 3056 2094 3123; x_wconf 88' lang='lat' dir='ltr'><strong>quid</strong></span> <span class='ocrx_word' id='word_1_557' title='bbox 2125 3069 2368 3121; x_wconf 72' lang='lat' dir='ltr'><strong>agemus,</strong></span> <span class='ocrx_word' id='word_1_558' title='bbox 2400 3065 2684 3123; x_wconf 81' lang='lat' dir='ltr'><strong>postquam</strong></span> <span class='ocrx_word' id='word_1_559' title='bbox 2709 3066 2774 3105; x_wconf 89' lang='lat' dir='ltr'><strong>eu</strong></span> <span class='ocrx_word' id='word_1_560' title='bbox 2801 3070 2830 3103; x_wconf 82' lang='grc' dir='ltr'><strong>η</strong></span> <span class='ocrx_word' id='word_1_561' title='bbox 2863 3051 3192 3105; x_wconf 86' lang='lat' dir='ltr'><strong>laudandum</strong></span> <span class='ocrx_word' id='word_1_562' title='bbox 3227 3050 3536 3103; x_wconf 83' lang='lat' dir='ltr'><strong>invenimus</strong></span> 
     </span>
    </p>
   </div>
   <div class='ocr_carea' id='block_1_73' title="bbox 1967 3145 3539 3217">
    <p class='ocr_par' dir='ltr' id='par_1_73' title="bbox 1967 3145 3539 3217">
     <span class='ocr_line' id='line_1_73' title="bbox 1967 3145 3539 3217; baseline -0.005 -14"><span class='ocrx_word' id='word_1_563' title='bbox 1967 3156 2253 3213; x_wconf 88' lang='lat' dir='ltr'><strong>mutatum,</strong></span> <span class='ocrx_word' id='word_1_564' title='bbox 2310 3159 2473 3217; x_wconf 90' lang='lat' dir='ltr'><strong>atque</strong></span> <span class='ocrx_word' id='word_1_565' title='bbox 2528 3147 2840 3214; x_wconf 86' lang='lat' dir='ltr'><strong>neutiquam</strong></span> <span class='ocrx_word' id='word_1_566' title='bbox 2901 3145 3017 3198; x_wconf 80' lang='lat' dir='ltr'><strong>loca</strong></span> <span class='ocrx_word' id='word_1_567' title='bbox 3053 3145 3286 3213; x_wconf 72' lang='lat' dir='ltr'><strong>gloriosa</strong></span> <span class='ocrx_word' id='word_1_568' title='bbox 3336 3145 3539 3212; x_wconf 76' lang='lat' dir='ltr'><strong>eligen-</strong></span> 
     </span>
    </p>
   </div>
   <div class='ocr_carea' id='block_1_74' title="bbox 1970 3236 3545 3307">
    <p class='ocr_par' dir='ltr' id='par_1_74' title="bbox 1970 3236 3545 3307">
     <span class='ocr_line' id='line_1_74' title="bbox 1970 3236 3545 3307; baseline -0.005 -13"><span class='ocrx_word' id='word_1_569' title='bbox 1970 3239 2390 3294; x_wconf 85' lang='lat' dir='ltr'><strong>tetn?0muino</strong></span> <span class='ocrx_word' id='word_1_570' title='bbox 2439 3255 2567 3307; x_wconf 80' lang='lat' dir='ltr'><strong>ergo</strong></span> <span class='ocrx_word' id='word_1_571' title='bbox 2631 3252 2815 3292; x_wconf 88' lang='lat' dir='ltr'><strong>verum</strong></span> <span class='ocrx_word' id='word_1_572' title='bbox 2883 3245 2989 3300; x_wconf 81' lang='lat' dir='ltr'><strong>est,</strong></span> <span class='ocrx_word' id='word_1_573' title='bbox 3025 3256 3043 3287; x_wconf 76' lang='grc' dir='ltr'><strong>ε</strong></span> <span class='ocrx_word' id='word_1_574' title='bbox 3095 3236 3228 3289; x_wconf 85' lang='lat' dir='ltr'><strong>nihil</strong></span> <span class='ocrx_word' id='word_1_575' title='bbox 3279 3250 3397 3289; x_wconf 88' lang='lat' dir='ltr'><strong>esse</strong></span> <span class='ocrx_word' id='word_1_576' title='bbox 3448 3251 3545 3288; x_wconf 86' lang='lat' dir='ltr'><strong>tto-</strong></span> 
     </span>
    </p>
   </div>
   <div class='ocr_carea' id='block_1_75' title="bbox 1971 3326 3537 3401">
    <p class='ocr_par' dir='ltr' id='par_1_75' title="bbox 1971 3326 3537 3401">
     <span class='ocr_line' id='line_1_75' title="bbox 1971 3326 3537 3401; baseline -0.007 -14"><span class='ocrx_word' id='word_1_577' title='bbox 1971 3350 2142 3398; x_wconf 86' lang='lat' dir='ltr'><strong>vum;</strong></span> <span class='ocrx_word' id='word_1_578' title='bbox 2185 3352 2203 3384; x_wconf 75' lang='grc' dir='ltr'><strong>ι</strong></span> <span class='ocrx_word' id='word_1_579' title='bbox 2274 3330 2751 3401; x_wconf 82' lang='lat' dir='ltr'><strong>quemadmodum,</strong></span> <span class='ocrx_word' id='word_1_580' title='bbox 2802 3329 2894 3398; x_wconf 82' lang='lat' dir='ltr'><strong>qui</strong></span> <span class='ocrx_word' id='word_1_581' title='bbox 2944 3342 3103 3382; x_wconf 68' lang='lat' dir='ltr'><strong>antea</strong></span> <span class='ocrx_word' id='word_1_582' title='bbox 3152 3343 3251 3382; x_wconf 79' lang='lat' dir='ltr'><strong>nos</strong></span> <span class='ocrx_word' id='word_1_583' title='bbox 3299 3326 3537 3392; x_wconf 77' lang='lat' dir='ltr'><strong>amabat,</strong></span> 
     </span>
    </p>
   </div>
   <div class='ocr_carea' id='block_1_76' title="bbox 1972 3419 3538 3492">
    <p class='ocr_par' dir='ltr' id='par_1_76' title="bbox 1972 3419 3538 3492">
     <span class='ocr_line' id='line_1_76' title="bbox 1972 3419 3538 3492; baseline -0.006 -14"><span class='ocrx_word' id='word_1_584' title='bbox 1972 3424 2169 3478; x_wconf 84' lang='lat' dir='ltr'><strong>deinde</strong></span> <span class='ocrx_word' id='word_1_585' title='bbox 2196 3424 2249 3477; x_wconf 87' lang='lat' dir='ltr'><strong>itt</strong></span> <span class='ocrx_word' id='word_1_586' title='bbox 2278 3433 2557 3492; x_wconf 82' lang='lat' dir='ltr'><strong>posterum</strong></span> <span class='ocrx_word' id='word_1_587' title='bbox 2588 3422 2980 3490; x_wconf 84' lang='lat' dir='ltr'><strong>exprobrantes</strong></span> <span class='ocrx_word' id='word_1_588' title='bbox 3008 3436 3115 3473; x_wconf 86' lang='lat' dir='ltr'><strong>non</strong></span> <span class='ocrx_word' id='word_1_589' title='bbox 3152 3419 3433 3487; x_wconf 78' lang='lat' dir='ltr'><strong>diligebat,</strong></span> <span class='ocrx_word' id='word_1_590' title='bbox 3471 3432 3538 3470; x_wconf 91' lang='lat' dir='ltr'><strong>co</strong></span> 
     </span>
    </p>
   </div>
   <div class='ocr_carea' id='block_1_77' title="bbox 1971 3510 3528 3585">
    <p class='ocr_par' dir='ltr' id='par_1_77' title="bbox 1971 3510 3528 3585">
     <span class='ocr_line' id='line_1_77' title="bbox 1971 3510 3528 3585; baseline -0.006 -17"><span class='ocrx_word' id='word_1_591' title='bbox 1971 3518 2114 3585; x_wconf 86' lang='lat' dir='ltr'><strong>quod</strong></span> <span class='ocrx_word' id='word_1_592' title='bbox 2169 3532 2274 3570; x_wconf 91' lang='lat' dir='ltr'><strong>non</strong></span> <span class='ocrx_word' id='word_1_593' title='bbox 2311 3516 2425 3585; x_wconf 85' lang='lat' dir='ltr'><strong>ipse</strong></span> <span class='ocrx_word' id='word_1_594' title='bbox 2455 3522 2596 3567; x_wconf 78' lang='lat' dir='ltr'><strong>esset</strong></span> <span class='ocrx_word' id='word_1_595' title='bbox 2663 3514 2901 3581; x_wconf 79' lang='lat' dir='ltr'><strong>sapiens,</strong></span> <span class='ocrx_word' id='word_1_596' title='bbox 2951 3512 3103 3581; x_wconf 66' lang='lat' dir='ltr'><strong>juxta</strong></span> <span class='ocrx_word' id='word_1_597' title='bbox 3160 3510 3528 3580; x_wconf 84' lang='lat' dir='ltr'><strong>proverbium,</strong></span> 
     </span>
    </p>
   </div>
   <div class='ocr_carea' id='block_1_78' title="bbox 1972 3604 3535 3671">
    <p class='ocr_par' dir='ltr' id='par_1_78' title="bbox 1972 3604 3535 3671">
     <span class='ocr_line' id='line_1_78' title="bbox 1972 3604 3535 3671; baseline -0.006 -8"><span class='ocrx_word' id='word_1_598' title='bbox 1972 3613 2040 3663; x_wconf 82' lang='lat' dir='ltr'><strong>ita</strong></span> <span class='ocrx_word' id='word_1_599' title='bbox 2076 3611 2128 3663; x_wconf 88' lang='lat' dir='ltr'><strong>itt</strong></span> <span class='ocrx_word' id='word_1_600' title='bbox 2161 3610 2265 3663; x_wconf 83' lang='lat' dir='ltr'><strong>illis</strong></span> <span class='ocrx_word' id='word_1_601' title='bbox 2295 3624 2392 3662; x_wconf 90' lang='lat' dir='ltr'><strong>nos</strong></span> <span class='ocrx_word' id='word_1_602' title='bbox 2429 3624 2533 3660; x_wconf 85' lang='lat' dir='ltr'><strong>non</strong></span> <span class='ocrx_word' id='word_1_603' title='bbox 2572 3606 2917 3661; x_wconf 86' lang='lat' dir='ltr'><strong>sanctitatem</strong></span> <span class='ocrx_word' id='word_1_604' title='bbox 2956 3606 3220 3667; x_wconf 70' lang='lat' dir='ltr'><strong>Iresiuzus,</strong></span> <span class='ocrx_word' id='word_1_605' title='bbox 3250 3604 3393 3671; x_wconf 89' lang='lat' dir='ltr'><strong>quod</strong></span> <span class='ocrx_word' id='word_1_606' title='bbox 3427 3618 3535 3655; x_wconf 91' lang='lat' dir='ltr'><strong>non</strong></span> 
     </span>
    </p>
   </div>
   <div class='ocr_carea' id='block_1_79' title="bbox 1970 3696 3538 3767">
    <p class='ocr_par' dir='ltr' id='par_1_79' title="bbox 1970 3696 3538 3767">
     <span class='ocr_line' id='line_1_79' title="bbox 1970 3696 3538 3767; baseline -0.004 -12"><span class='ocrx_word' id='word_1_607' title='bbox 1970 3703 2135 3758; x_wconf 89' lang='lat' dir='ltr'><strong>nimis</strong></span> <span class='ocrx_word' id='word_1_608' title='bbox 2159 3709 2302 3756; x_wconf 85' lang='lat' dir='ltr'><strong>esset</strong></span> <span class='ocrx_word' id='word_1_609' title='bbox 2332 3699 2531 3760; x_wconf 75' lang='lat' dir='ltr'><strong>audax,</strong></span> <span class='ocrx_word' id='word_1_610' title='bbox 2557 3699 2711 3767; x_wconf 80' lang='lat' dir='ltr'><strong>juxta</strong></span> <span class='ocrx_word' id='word_1_611' title='bbox 2747 3712 2970 3752; x_wconf 81' lang='lat' dir='ltr'><strong>severos</strong></span> <span class='ocrx_word' id='word_1_612' title='bbox 3003 3696 3273 3758; x_wconf 83' lang='lat' dir='ltr'><strong>homines.</strong></span> <span class='ocrx_word' id='word_1_613' title='bbox 3303 3696 3355 3749; x_wconf 92' lang='lat' dir='ltr'><strong>in</strong></span> <span class='ocrx_word' id='word_1_614' title='bbox 3384 3710 3538 3748; x_wconf 84' lang='lat' dir='ltr'><strong>cout-</strong></span> 
     </span>
    </p>
   </div>
   <div class='ocr_carea' id='block_1_80' title="bbox 1977 3785 3535 3860">
    <p class='ocr_par' dir='ltr' id='par_1_80' title="bbox 1977 3785 3535 3860">
     <span class='ocr_line' id='line_1_80' title="bbox 1977 3785 3535 3860; baseline -0.004 -14"><span class='ocrx_word' id='word_1_615' title='bbox 1977 3793 2236 3847; x_wconf 83' lang='lat' dir='ltr'><strong>munibus</strong></span> <span class='ocrx_word' id='word_1_616' title='bbox 2268 3790 2622 3860; x_wconf 72' lang='lat' dir='ltr'><strong>diripiendis.</strong></span> <span class='ocrx_word' id='word_1_617' title='bbox 2668 3789 2869 3842; x_wconf 83' lang='lat' dir='ltr'><strong>Deinde</strong></span> <span class='ocrx_word' id='word_1_618' title='bbox 2902 3787 2994 3855; x_wconf 85' lang='lat' dir='ltr'><strong>qui</strong></span> <span class='ocrx_word' id='word_1_619' title='bbox 3021 3802 3082 3840; x_wconf 84' lang='lat' dir='ltr'><strong>ex</strong></span> <span class='ocrx_word' id='word_1_620' title='bbox 3110 3789 3204 3839; x_wconf 90' lang='lat' dir='ltr'><strong>illo</strong></span> <span class='ocrx_word' id='word_1_621' title='bbox 3243 3785 3535 3855; x_wconf 78' lang='lat' dir='ltr'><strong>perniciem</strong></span> 
     </span>
    </p>
   </div>
   <div class='ocr_carea' id='block_1_81' title="bbox 1972 3882 3537 3957">
    <p class='ocr_par' dir='ltr' id='par_1_81' title="bbox 1972 3882 3537 3957">
     <span class='ocr_line' id='line_1_81' title="bbox 1972 3882 3537 3957; baseline -0.006 -18"><span class='ocrx_word' id='word_1_622' title='bbox 1972 3885 2362 3957; x_wconf 72' lang='lat' dir='ltr'><strong>pra&#39;videbant,</strong></span> <span class='ocrx_word' id='word_1_623' title='bbox 2395 3882 2545 3935; x_wconf 90' lang='lat' dir='ltr'><strong>illum</strong></span> <span class='ocrx_word' id='word_1_624' title='bbox 2582 3892 2639 3936; x_wconf 90' lang='lat' dir='ltr'><strong>ut</strong></span> <span class='ocrx_word' id='word_1_625' title='bbox 2678 3895 2897 3934; x_wconf 84' lang='lat' dir='ltr'><strong>causam</strong></span> <span class='ocrx_word' id='word_1_626' title='bbox 2949 3882 3197 3940; x_wconf 85' lang='lat' dir='ltr'><strong>oderam,</strong></span> <span class='ocrx_word' id='word_1_627' title='bbox 3230 3894 3373 3932; x_wconf 87' lang='lat' dir='ltr'><strong>nunc</strong></span> <span class='ocrx_word' id='word_1_628' title='bbox 3410 3891 3537 3930; x_wconf 89' lang='lat' dir='ltr'><strong>vero</strong></span> 
     </span>
    </p>
   </div>
   <div class='ocr_carea' id='block_1_82' title="bbox 1972 3967 3538 4044">
    <p class='ocr_par' dir='ltr' id='par_1_82' title="bbox 1972 3967 3538 4044">
     <span class='ocr_line' id='line_1_82' title="bbox 1972 3967 3538 4044; baseline -0.004 -16"><span class='ocrx_word' id='word_1_629' title='bbox 1972 3976 2061 4044; x_wconf 89' lang='lat' dir='ltr'><strong>qui</strong></span> <span class='ocrx_word' id='word_1_630' title='bbox 2088 3974 2304 4028; x_wconf 81' lang='lat' dir='ltr'><strong>luerunt</strong></span> <span class='ocrx_word' id='word_1_631' title='bbox 2347 3972 2579 4025; x_wconf 70' lang='lat' dir='ltr'><strong>victima:</strong></span> <span class='ocrx_word' id='word_1_632' title='bbox 2632 3970 2793 4040; x_wconf 89' lang='lat' dir='ltr'><strong>hujus</strong></span> <span class='ocrx_word' id='word_1_633' title='bbox 2851 3968 3004 4023; x_wconf 78' lang='lat' dir='ltr'><strong>exitii</strong></span> <span class='ocrx_word' id='word_1_634' title='bbox 3041 3968 3226 4021; x_wconf 89' lang='lat' dir='ltr'><strong>volunt</strong></span> <span class='ocrx_word' id='word_1_635' title='bbox 3255 3967 3418 4021; x_wconf 84' lang='lat' dir='ltr'><strong>etiam</strong></span> <span class='ocrx_word' id='word_1_636' title='bbox 3469 3968 3538 4022; x_wconf 86' lang='lat' dir='ltr'><strong>de</strong></span> 
     </span>
    </p>
   </div>
   <div class='ocr_carea' id='block_1_83' title="bbox 1972 4059 3540 4134">
    <p class='ocr_par' dir='ltr' id='par_1_83' title="bbox 1972 4059 3540 4134">
     <span class='ocr_line' id='line_1_83' title="bbox 1972 4059 3540 4134; baseline -0.005 -14"><span class='ocrx_word' id='word_1_637' title='bbox 1972 4067 2064 4120; x_wconf 92' lang='lat' dir='ltr'><strong>illo</strong></span> <span class='ocrx_word' id='word_1_638' title='bbox 2101 4064 2370 4134; x_wconf 86' lang='lat' dir='ltr'><strong>quoddam</strong></span> <span class='ocrx_word' id='word_1_639' title='bbox 2410 4062 2611 4116; x_wconf 89' lang='lat' dir='ltr'><strong>malum</strong></span> <span class='ocrx_word' id='word_1_640' title='bbox 2641 4076 2893 4130; x_wconf 80' lang='lat' dir='ltr'><strong>maguum</strong></span> <span class='ocrx_word' id='word_1_641' title='bbox 2917 4060 3226 4129; x_wconf 75' lang='lat' dir='ltr'><strong>praedicere,</strong></span> <span class='ocrx_word' id='word_1_642' title='bbox 3251 4059 3342 4128; x_wconf 91' lang='lat' dir='ltr'><strong>qui</strong></span> <span class='ocrx_word' id='word_1_643' title='bbox 3377 4065 3540 4112; x_wconf 62' lang='grc' dir='ltr'>ρατιο-</span> 
     </span>
    </p>
   </div>
   <div class='ocr_carea' id='block_1_84' title="bbox 1972 4151 3541 4225">
    <p class='ocr_par' dir='ltr' id='par_1_84' title="bbox 1972 4151 3541 4225">
     <span class='ocr_line' id='line_1_84' title="bbox 1972 4151 3541 4225; baseline -0.006 -11"><span class='ocrx_word' id='word_1_644' title='bbox 1972 4175 2089 4214; x_wconf 87' lang='lat' dir='ltr'><strong>rum</strong></span> <span class='ocrx_word' id='word_1_645' title='bbox 2110 4158 2280 4212; x_wconf 87' lang='lat' dir='ltr'><strong>bonus</strong></span> <span class='ocrx_word' id='word_1_646' title='bbox 2311 4156 2522 4211; x_wconf 84' lang='lat' dir='ltr'><strong>videtur</strong></span> <span class='ocrx_word' id='word_1_647' title='bbox 2550 4157 2567 4225; x_wconf 93' lang='lat'>(</span> <span class='ocrx_word' id='word_1_648' title='bbox 2596 4169 2700 4208; x_wconf 87' lang='lat' dir='ltr'><strong>non</strong></span> <span class='ocrx_word' id='word_1_649' title='bbox 2721 4155 2864 4208; x_wconf 88' lang='lat' dir='ltr'><strong>enim</strong></span> <span class='ocrx_word' id='word_1_650' title='bbox 2897 4152 3251 4223; x_wconf 87' lang='lat' dir='ltr'><strong>respuendum</strong></span> <span class='ocrx_word' id='word_1_651' title='bbox 3277 4151 3541 4220; x_wconf 87' lang='lat' dir='ltr'><strong>quidquid</strong></span> 
     </span>
    </p>
   </div>
   <div class='ocr_carea' id='block_1_85' title="bbox 1969 4244 3543 4319">
    <p class='ocr_par' dir='ltr' id='par_1_85' title="bbox 1969 4244 3543 4319">
     <span class='ocr_line' id='line_1_85' title="bbox 1969 4244 3543 4319; baseline -0.006 -15"><span class='ocrx_word' id='word_1_652' title='bbox 1969 4260 2055 4304; x_wconf 85' lang='lat' dir='ltr'><strong>est</strong></span> <span class='ocrx_word' id='word_1_653' title='bbox 2082 4247 2373 4319; x_wconf 81' lang='lat' dir='ltr'><strong>veritatis).</strong></span> <span class='ocrx_word' id='word_1_654' title='bbox 2397 4247 2593 4316; x_wconf 86' lang='lat' dir='ltr'><strong>quibus</strong></span> <span class='ocrx_word' id='word_1_655' title='bbox 2618 4244 2987 4312; x_wconf 86' lang='lat' dir='ltr'><strong>conscriptum</strong></span> <span class='ocrx_word' id='word_1_656' title='bbox 3012 4252 3096 4298; x_wconf 81' lang='lat' dir='ltr'><strong>est</strong></span> <span class='ocrx_word' id='word_1_657' title='bbox 3130 4257 3333 4295; x_wconf 88' lang='lat' dir='ltr'><strong>canone</strong></span> <span class='ocrx_word' id='word_1_658' title='bbox 3374 4256 3543 4295; x_wconf 86' lang='lat' dir='ltr'><strong>curvo</strong></span> 
     </span>
    </p>
   </div>
   <div class='ocr_carea' id='block_1_86' title="bbox 1972 4334 3545 4409">
    <p class='ocr_par' dir='ltr' id='par_1_86' title="bbox 1972 4334 3545 4409">
     <span class='ocr_line' id='line_1_86' title="bbox 1972 4334 3545 4409; baseline -0.006 -15"><span class='ocrx_word' id='word_1_659' title='bbox 1972 4340 2319 4409; x_wconf 85' lang='lat' dir='ltr'><strong>imperatoris</strong></span> <span class='ocrx_word' id='word_1_660' title='bbox 2350 4335 2668 4396; x_wconf 83' lang='lat' dir='ltr'><strong>Andronici,</strong></span> <span class='ocrx_word' id='word_1_661' title='bbox 2695 4336 2786 4389; x_wconf 73' lang='lat' dir='ltr'><strong>sed</strong></span> <span class='ocrx_word' id='word_1_662' title='bbox 2825 4343 2957 4389; x_wconf 93' lang='lat' dir='ltr'><strong>tunc</strong></span> <span class='ocrx_word' id='word_1_663' title='bbox 2986 4334 3039 4387; x_wconf 91' lang='lat' dir='ltr'><strong>iu</strong></span> <span class='ocrx_word' id='word_1_664' title='bbox 3083 4343 3382 4388; x_wconf 76' lang='lat' dir='ltr'><strong>extremam</strong></span> <span class='ocrx_word' id='word_1_665' title='bbox 3422 4347 3545 4400; x_wconf 82' lang='lat' dir='ltr'><strong>per-</strong></span> 
     </span>
    </p>
   </div>
   <div class='ocr_carea' id='block_1_87' title="bbox 1970 4424 3537 4498">
    <p class='ocr_par' dir='ltr' id='par_1_87' title="bbox 1970 4424 3537 4498">
     <span class='ocr_line' id='line_1_87' title="bbox 1970 4424 3537 4498; baseline -0.006 -11"><span class='ocrx_word' id='word_1_666' title='bbox 1970 4433 2284 4487; x_wconf 82' lang='lat' dir='ltr'><strong>versitatem</strong></span> <span class='ocrx_word' id='word_1_667' title='bbox 2337 4430 2587 4498; x_wconf 58' lang='lat' dir='ltr'><strong>delapsus</strong></span> <span class='ocrx_word' id='word_1_668' title='bbox 2615 4425 2891 4481; x_wconf 82' lang='lat' dir='ltr'><strong>erat.an</strong></span> <span class='ocrx_word' id='word_1_669' title='bbox 2917 4427 3061 4480; x_wconf 88' lang='lat' dir='ltr'><strong>enim</strong></span> <span class='ocrx_word' id='word_1_670' title='bbox 3086 4425 3341 4493; x_wconf 80' lang='lat' dir='ltr'><strong>diligebat</strong></span> <span class='ocrx_word' id='word_1_671' title='bbox 3365 4424 3537 4485; x_wconf 79' lang='lat' dir='ltr'><strong>illum,</strong></span> 
     </span>
    </p>
   </div>
   <div class='ocr_carea' id='block_1_88' title="bbox 1972 4515 3541 4591">
    <p class='ocr_par' dir='ltr' id='par_1_88' title="bbox 1972 4515 3541 4591">
     <span class='ocr_line' id='line_1_88' title="bbox 1972 4515 3541 4591; baseline -0.008 -12"><span class='ocrx_word' id='word_1_672' title='bbox 1972 4535 2030 4579; x_wconf 87' lang='lat' dir='ltr'><strong>ut</strong></span> <span class='ocrx_word' id='word_1_673' title='bbox 2058 4523 2403 4591; x_wconf 88' lang='lat' dir='ltr'><strong>postmodum</strong></span> <span class='ocrx_word' id='word_1_674' title='bbox 2463 4519 2822 4583; x_wconf 77' lang='lat' dir='ltr'><strong>staldliemus,</strong></span> <span class='ocrx_word' id='word_1_675' title='bbox 2858 4533 2958 4571; x_wconf 90' lang='lat' dir='ltr'><strong>nec</strong></span> <span class='ocrx_word' id='word_1_676' title='bbox 3003 4517 3240 4571; x_wconf 52' lang='lat' dir='ltr'><strong>vicissim</strong></span> <span class='ocrx_word' id='word_1_677' title='bbox 3281 4515 3541 4585; x_wconf 75' lang='lat' dir='ltr'><strong>diligeba-</strong></span> 
     </span>
    </p>
   </div>
   <div class='ocr_carea' id='block_1_89' title="bbox 293 4609 1869 4692">
    <p class='ocr_par' dir='ltr' id='par_1_89' title="bbox 293 4615 1866 4692">
     <span class='ocr_line' id='line_1_89' title="bbox 293 4615 1866 4692; baseline 0.007 -26"><span class='ocrx_word' id='word_1_678' title='bbox 293 4615 643 4680; x_wconf 77' lang='grc' dir='ltr'>τασαίνοντες</span> <span class='ocrx_word' id='word_1_679' title='bbox 678 4620 1143 4688; x_wconf 73' lang='grc' dir='ltr'>παραστησόμεθα</span> <span class='ocrx_word' id='word_1_680' title='bbox 1167 4658 1181 4679; x_wconf 87' lang='grc'><strong>.</strong></span> <span class='ocrx_word' id='word_1_681' title='bbox 1214 4621 1335 4673; x_wconf 73' lang='grc' dir='ltr'>οὔτε</span> <span class='ocrx_word' id='word_1_682' title='bbox 1367 4618 1431 4674; x_wconf 77' lang='grc' dir='ltr'>αὖ</span> <span class='ocrx_word' id='word_1_683' title='bbox 1464 4624 1866 4692; x_wconf 75' lang='grc' dir='ltr'>ἀγαπώμενος,</span> 
     </span>
    </p>
   </div>
   <div class='ocr_carea' id='block_1_90' title="bbox 1975 4609 3538 4692">
    <p class='ocr_par' dir='ltr' id='par_1_90' title="bbox 1975 4609 3538 4685">
     <span class='ocr_line' id='line_1_90' title="bbox 1975 4609 3538 4685; baseline -0.008 -13"><span class='ocrx_word' id='word_1_684' title='bbox 1975 4626 2082 4682; x_wconf 89' lang='lat' dir='ltr'><strong>tur,</strong></span> <span class='ocrx_word' id='word_1_685' title='bbox 2114 4633 2213 4671; x_wconf 90' lang='lat' dir='ltr'><strong>nec</strong></span> <span class='ocrx_word' id='word_1_686' title='bbox 2243 4617 2479 4685; x_wconf 84' lang='lat' dir='ltr'><strong>aliquam</strong></span> <span class='ocrx_word' id='word_1_687' title='bbox 2528 4611 2829 4667; x_wconf 84' lang='lat' dir='ltr'><strong>mercedem</strong></span> <span class='ocrx_word' id='word_1_688' title='bbox 2868 4610 3202 4677; x_wconf 80' lang='lat' dir='ltr'><strong>concipiens,</strong></span> <span class='ocrx_word' id='word_1_689' title='bbox 3249 4609 3343 4664; x_wconf 83' lang='lat' dir='ltr'><strong>sed</strong></span> <span class='ocrx_word' id='word_1_690' title='bbox 3373 4609 3538 4662; x_wconf 87' lang='lat' dir='ltr'><strong>etiam</strong></span> 
     </span>
    </p>
   </div>
   <div class='ocr_carea' id='block_1_91' title="bbox 294 4706 1866 4782">
    <p class='ocr_par' dir='ltr' id='par_1_91' title="bbox 294 4706 1866 4782">
     <span class='ocr_line' id='line_1_91' title="bbox 294 4706 1866 4782; baseline 0.008 -24"><span class='ocrx_word' id='word_1_691' title='bbox 294 4710 382 4759; x_wconf 72' lang='grc' dir='ltr'>καὶ</span> <span class='ocrx_word' id='word_1_692' title='bbox 411 4706 537 4761; x_wconf 76' lang='grc' dir='ltr'>οὔτε</span> <span class='ocrx_word' id='word_1_693' title='bbox 571 4710 651 4770; x_wconf 77' lang='grc' dir='ltr'><strong>είς</strong></span> <span class='ocrx_word' id='word_1_694' title='bbox 682 4711 859 4776; x_wconf 80' lang='grc' dir='ltr'>γέρως</span> <span class='ocrx_word' id='word_1_695' title='bbox 892 4712 1102 4764; x_wconf 72' lang='grc' dir='ltr'>ἔννοιάν</span> <span class='ocrx_word' id='word_1_696' title='bbox 1132 4729 1252 4765; x_wconf 89' lang='grc' dir='ltr'>τινα</span> <span class='ocrx_word' id='word_1_697' title='bbox 1284 4713 1573 4782; x_wconf 75' lang='grc' dir='ltr'>καθήκων,</span> <span class='ocrx_word' id='word_1_698' title='bbox 1605 4716 1739 4769; x_wconf 78' lang='grc' dir='ltr'>ἀλλὰ</span> <span class='ocrx_word' id='word_1_699' title='bbox 1770 4717 1866 4771; x_wconf 74' lang='grc' dir='ltr'>καὶ</span> 
     </span>
    </p>
   </div>
   <div class='ocr_carea' id='block_1_92' title="bbox 290 4788 1868 4878">
    <p class='ocr_par' dir='ltr' id='par_1_92' title="bbox 290 4788 1868 4878">
     <span class='ocr_line' id='line_1_92' title="bbox 290 4788 1868 4878; baseline 0.006 -27"><span class='ocrx_word' id='word_1_700' title='bbox 290 4799 483 4871; x_wconf 73' lang='grc' dir='ltr'>ποινὴν</span> <span class='ocrx_word' id='word_1_701' title='bbox 526 4801 933 4871; x_wconf 76' lang='grc' dir='ltr'>προορώμενος.</span> <span class='ocrx_word' id='word_1_702' title='bbox 975 4802 1118 4873; x_wconf 83' lang='grc' dir='ltr'>ἆπερ</span> <span class='ocrx_word' id='word_1_703' title='bbox 1161 4805 1291 4872; x_wconf 76' lang='grc' dir='ltr'>ἡμῖν</span> <span class='ocrx_word' id='word_1_704' title='bbox 1335 4788 1584 4873; x_wconf 50' lang='grc' dir='ltr'>φαλαείται</span> <span class='ocrx_word' id='word_1_705' title='bbox 1622 4806 1868 4878; x_wconf 80' lang='grc' dir='ltr'>λυμηνά-</span> 
     </span>
    </p>
   </div>
   <div class='ocr_carea' id='block_1_93' title="bbox 294 4890 1868 4965">
    <p class='ocr_par' dir='ltr' id='par_1_93' title="bbox 294 4890 1868 4965">
     <span class='ocr_line' id='line_1_93' title="bbox 294 4890 1868 4965; baseline 0.006 -20"><span class='ocrx_word' id='word_1_706' title='bbox 294 4910 451 4962; x_wconf 82' lang='grc' dir='ltr'>μενα.</span> <span class='ocrx_word' id='word_1_707' title='bbox 481 4892 657 4947; x_wconf 77' lang='grc' dir='ltr'>Τοῦτο</span> <span class='ocrx_word' id='word_1_708' title='bbox 683 4910 739 4945; x_wconf 87' lang='grc' dir='ltr'><strong>τε</strong></span> <span class='ocrx_word' id='word_1_709' title='bbox 764 4890 857 4947; x_wconf 79' lang='grc' dir='ltr'><strong>οὖν</strong></span> <span class='ocrx_word' id='word_1_710' title='bbox 880 4894 1023 4947; x_wconf 72' lang='grc' dir='ltr'>οὓτω</span> <span class='ocrx_word' id='word_1_711' title='bbox 1049 4896 1265 4965; x_wconf 74' lang='grc' dir='ltr'>ῥητέον,</span> <span class='ocrx_word' id='word_1_712' title='bbox 1296 4897 1390 4949; x_wconf 78' lang='grc' dir='ltr'>καὶ</span> <span class='ocrx_word' id='word_1_713' title='bbox 1415 4898 1497 4950; x_wconf 83' lang='grc' dir='ltr'>ὅτι</span> <span class='ocrx_word' id='word_1_714' title='bbox 1523 4898 1622 4950; x_wconf 75' lang='grc' dir='ltr'>οὐκ</span> <span class='ocrx_word' id='word_1_715' title='bbox 1649 4899 1713 4953; x_wconf 79' lang='grc' dir='ltr'>ἄν</span> <span class='ocrx_word' id='word_1_716' title='bbox 1739 4917 1868 4955; x_wconf 77' lang='grc' dir='ltr'>ποτε</span> 
     </span>
    </p>
   </div>
   <div class='ocr_carea' id='block_1_94' title="bbox 292 4986 1878 5065">
    <p class='ocr_par' dir='ltr' id='par_1_94' title="bbox 292 4986 1878 5065">
     <span class='ocr_line' id='line_1_94' title="bbox 292 4986 1878 5065; baseline 0.006 -26"><span class='ocrx_word' id='word_1_717' title='bbox 292 4987 612 5055; x_wconf 82' lang='grc' dir='ltr'>προστήσας</span> <span class='ocrx_word' id='word_1_718' title='bbox 641 4986 703 5039; x_wconf 78' lang='grc' dir='ltr'>τὸ</span> <span class='ocrx_word' id='word_1_719' title='bbox 731 4987 954 5055; x_wconf 77' lang='grc' dir='ltr'>φιλητὸν</span> <span class='ocrx_word' id='word_1_720' title='bbox 986 4988 1095 5054; x_wconf 74' lang='grc' dir='ltr'><strong>ἐγὼ</strong></span> <span class='ocrx_word' id='word_1_721' title='bbox 1116 5029 1132 5054; x_wconf 92' lang='grc'><strong>,</strong></span> <span class='ocrx_word' id='word_1_722' title='bbox 1164 4990 1395 5042; x_wconf 80' lang='grc' dir='ltr'>κατόπιν</span> <span class='ocrx_word' id='word_1_723' title='bbox 1428 4989 1579 5059; x_wconf 87' lang='grc' dir='ltr'>θείην</span> <span class='ocrx_word' id='word_1_724' title='bbox 1608 4993 1706 5065; x_wconf 78' lang='grc' dir='ltr'>τὴν</span> <span class='ocrx_word' id='word_1_725' title='bbox 1737 4995 1878 5065; x_wconf 72' lang='grc' dir='ltr'><strong>ἁλή.</strong></span> 
     </span>
    </p>
   </div>
   <div class='ocr_carea' id='block_1_95' title="bbox 293 5076 1874 5155">
    <p class='ocr_par' dir='ltr' id='par_1_95' title="bbox 293 5076 1874 5155">
     <span class='ocr_line' id='line_1_95' title="bbox 293 5076 1874 5155; baseline 0.006 -25"><span class='ocrx_word' id='word_1_726' title='bbox 293 5076 446 5132; x_wconf 81' lang='grc' dir='ltr'>θειαν</span> <span class='ocrx_word' id='word_1_727' title='bbox 472 5095 487 5109; x_wconf 90' lang='grc'><strong>·</strong></span> <span class='ocrx_word' id='word_1_728' title='bbox 522 5077 663 5131; x_wconf 79' lang='grc' dir='ltr'>ἀλλὰ</span> <span class='ocrx_word' id='word_1_729' title='bbox 691 5078 762 5131; x_wconf 80' lang='grc' dir='ltr'>τὰ</span> <span class='ocrx_word' id='word_1_730' title='bbox 799 5078 1149 5148; x_wconf 83' lang='grc' dir='ltr'>συμπεσόντα</span> <span class='ocrx_word' id='word_1_731' title='bbox 1184 5080 1591 5152; x_wconf 78' lang='grc' dir='ltr'>προϐαλόμενος</span> <span class='ocrx_word' id='word_1_732' title='bbox 1623 5087 1707 5148; x_wconf 87' lang='grc' dir='ltr'><strong>είς</strong></span> <span class='ocrx_word' id='word_1_733' title='bbox 1742 5102 1874 5155; x_wconf 88' lang='grc' dir='ltr'>συγ-</span> 
     </span>
    </p>
   </div>
   <div class='ocr_carea' id='block_1_96' title="bbox 292 5165 1878 5248">
    <p class='ocr_par' dir='ltr' id='par_1_96' title="bbox 292 5165 1878 5248">
     <span class='ocr_line' id='line_1_96' title="bbox 292 5165 1878 5248; baseline 0.006 -26"><span class='ocrx_word' id='word_1_734' title='bbox 292 5171 548 5241; x_wconf 77' lang='grc' dir='ltr'>γραφὴν,</span> <span class='ocrx_word' id='word_1_735' title='bbox 584 5165 653 5241; x_wconf 78' lang='grc' dir='ltr'>ἧς</span> <span class='ocrx_word' id='word_1_736' title='bbox 688 5170 858 5238; x_wconf 78' lang='grc' dir='ltr'>ἀρετὴ</span> <span class='ocrx_word' id='word_1_737' title='bbox 888 5171 949 5224; x_wconf 79' lang='grc' dir='ltr'>τὸ</span> <span class='ocrx_word' id='word_1_738' title='bbox 986 5172 1279 5241; x_wconf 78' lang='grc' dir='ltr'>φιλάληθες</span> <span class='ocrx_word' id='word_1_739' title='bbox 1301 5213 1315 5232; x_wconf 88' lang='grc'><strong>,</strong></span> <span class='ocrx_word' id='word_1_740' title='bbox 1349 5174 1449 5227; x_wconf 74' lang='grc' dir='ltr'>οὐκ</span> <span class='ocrx_word' id='word_1_741' title='bbox 1485 5172 1552 5227; x_wconf 86' lang='grc' dir='ltr'>ἂν</span> <span class='ocrx_word' id='word_1_742' title='bbox 1581 5177 1641 5229; x_wconf 81' lang='grc' dir='ltr'>τὸ</span> <span class='ocrx_word' id='word_1_743' title='bbox 1672 5177 1878 5248; x_wconf 83' lang='grc' dir='ltr'>ταύτης</span> 
     </span>
    </p>
   </div>
   <div class='ocr_carea' id='block_1_97' title="bbox 294 5261 1873 5337">
    <p class='ocr_par' dir='ltr' id='par_1_97' title="bbox 294 5261 1873 5337">
     <span class='ocr_line' id='line_1_97' title="bbox 294 5261 1873 5337; baseline 0.006 -25"><span class='ocrx_word' id='word_1_744' title='bbox 294 5261 624 5325; x_wconf 66' lang='grc' dir='ltr'>ἑπισκιάσας</span> <span class='ocrx_word' id='word_1_745' title='bbox 664 5263 779 5330; x_wconf 71' lang='grc' dir='ltr'><strong>φῶς</strong></span> <span class='ocrx_word' id='word_1_746' title='bbox 817 5263 1205 5333; x_wconf 80' lang='grc' dir='ltr'>ἀχρειώσαιμι.</span> <span class='ocrx_word' id='word_1_747' title='bbox 1244 5267 1401 5320; x_wconf 81' lang='grc' dir='ltr'>Κατὰ</span> <span class='ocrx_word' id='word_1_748' title='bbox 1433 5267 1544 5336; x_wconf 85' lang='grc' dir='ltr'>γὰρ</span> <span class='ocrx_word' id='word_1_749' title='bbox 1575 5267 1667 5322; x_wconf 70' lang='grc' dir='ltr'><strong>τὸν</strong></span> <span class='ocrx_word' id='word_1_750' title='bbox 1698 5268 1873 5337; x_wconf 77' lang='grc' dir='ltr'>ὀρθῶς</span> 
     </span>
    </p>
   </div>
   <div class='ocr_carea' id='block_1_98' title="bbox 293 5353 1866 5427">
    <p class='ocr_par' dir='ltr' id='par_1_98' title="bbox 293 5353 1866 5427">
     <span class='ocr_line' id='line_1_98' title="bbox 293 5353 1866 5427; baseline 0.006 -22"><span class='ocrx_word' id='word_1_751' title='bbox 293 5353 733 5423; x_wconf 73' lang='grc' dir='ltr'>ἀποφηνάμενον,</span> <span class='ocrx_word' id='word_1_752' title='bbox 778 5374 796 5406; x_wconf 77' lang='grc' dir='ltr'><strong>ι</strong></span> <span class='ocrx_word' id='word_1_753' title='bbox 823 5356 978 5419; x_wconf 75' lang='grc' dir='ltr'>Φίλος</span> <span class='ocrx_word' id='word_1_754' title='bbox 1020 5356 1120 5426; x_wconf 80' lang='grc' dir='ltr'>μὲν</span> <span class='ocrx_word' id='word_1_755' title='bbox 1157 5358 1185 5409; x_wconf 81' lang='grc' dir='ltr'>ὁ</span> <span class='ocrx_word' id='word_1_756' title='bbox 1225 5358 1393 5427; x_wconf 81' lang='grc' dir='ltr'>ἀνὴρ,</span> <span class='ocrx_word' id='word_1_757' title='bbox 1431 5357 1680 5427; x_wconf 71' lang='grc' dir='ltr'>φίλτερον</span> <span class='ocrx_word' id='word_1_758' title='bbox 1713 5361 1768 5413; x_wconf 82' lang='grc' dir='ltr'>δὲ</span> <span class='ocrx_word' id='word_1_759' title='bbox 1803 5362 1866 5414; x_wconf 74' lang='grc' dir='ltr'><strong>τὸ</strong></span> 
     </span>
    </p>
   </div>
   <div class='ocr_carea' id='block_1_99' title="bbox 298 5446 1863 5521">
    <p class='ocr_par' dir='ltr' id='par_1_99' title="bbox 298 5446 1863 5521">
     <span class='ocr_line' id='line_1_99' title="bbox 298 5446 1863 5521; baseline 0.005 -22"><span class='ocrx_word' id='word_1_760' title='bbox 298 5446 519 5515; x_wconf 76' lang='grc' dir='ltr'>ἀληθές.</span> <span class='ocrx_word' id='word_1_761' title='bbox 573 5467 591 5498; x_wconf 72' lang='grc' dir='ltr'><strong>ι</strong></span> <span class='ocrx_word' id='word_1_762' title='bbox 630 5448 748 5501; x_wconf 81' lang='grc' dir='ltr'><strong>ΙἘτι</strong></span> <span class='ocrx_word' id='word_1_763' title='bbox 789 5448 844 5500; x_wconf 81' lang='grc' dir='ltr'>δὲ</span> <span class='ocrx_word' id='word_1_764' title='bbox 889 5450 1293 5520; x_wconf 83' lang='grc' dir='ltr'>συνθεωρητέον</span> <span class='ocrx_word' id='word_1_765' title='bbox 1336 5451 1427 5504; x_wconf 74' lang='grc' dir='ltr'>καὶ</span> <span class='ocrx_word' id='word_1_766' title='bbox 1469 5452 1543 5514; x_wconf 84' lang='grc' dir='ltr'>ὡς</span> <span class='ocrx_word' id='word_1_767' title='bbox 1585 5454 1863 5521; x_wconf 79' lang='grc' dir='ltr'>ἐγκωμιὰ-</span> 
     </span>
    </p>
   </div>
   <div class='ocr_carea' id='block_1_100' title="bbox 298 5533 1862 5609">
    <p class='ocr_par' dir='ltr' id='par_1_100' title="bbox 298 5533 1862 5609">
     <span class='ocr_line' id='line_1_100' title="bbox 298 5533 1862 5609; baseline 0.007 -23"><span class='ocrx_word' id='word_1_768' title='bbox 298 5533 454 5598; x_wconf 82' lang='grc' dir='ltr'>ζουαι</span> <span class='ocrx_word' id='word_1_769' title='bbox 491 5536 588 5603; x_wconf 80' lang='grc' dir='ltr'>μὲν</span> <span class='ocrx_word' id='word_1_770' title='bbox 620 5536 963 5602; x_wconf 77' lang='grc' dir='ltr'>ἑπιλεκτὲον,</span> <span class='ocrx_word' id='word_1_771' title='bbox 998 5539 1097 5591; x_wconf 83' lang='grc' dir='ltr'>ὅσα</span> <span class='ocrx_word' id='word_1_772' title='bbox 1131 5539 1376 5609; x_wconf 80' lang='grc' dir='ltr'>χρηστὰ,</span> <span class='ocrx_word' id='word_1_773' title='bbox 1410 5541 1502 5594; x_wconf 86' lang='grc' dir='ltr'><strong>καί</strong></span> <span class='ocrx_word' id='word_1_774' title='bbox 1540 5558 1637 5595; x_wconf 85' lang='grc' dir='ltr'><strong>που</strong></span> <span class='ocrx_word' id='word_1_775' title='bbox 1674 5548 1768 5596; x_wconf 78' lang='grc' dir='ltr'>καὶ</span> <span class='ocrx_word' id='word_1_776' title='bbox 1795 5544 1862 5598; x_wconf 63' lang='grc' dir='ltr'><strong>τὰ</strong></span> 
     </span>
    </p>
   </div>
   <div class='ocr_carea' id='block_1_101' title="bbox 297 5627 1863 5706">
    <p class='ocr_par' dir='ltr' id='par_1_101' title="bbox 297 5627 1863 5706">
     <span class='ocr_line' id='line_1_101' title="bbox 297 5627 1863 5706; baseline 0.006 -25"><span class='ocrx_word' id='word_1_777' title='bbox 297 5627 484 5695; x_wconf 66' lang='grc' dir='ltr'>φαῦλα</span> <span class='ocrx_word' id='word_1_778' title='bbox 527 5631 942 5700; x_wconf 74' lang='grc' dir='ltr'>μεταχρωστέον</span> <span class='ocrx_word' id='word_1_779' title='bbox 974 5631 1467 5704; x_wconf 82' lang='grc' dir='ltr'>δικηγορικώτερον</span> <span class='ocrx_word' id='word_1_780' title='bbox 1494 5651 1508 5665; x_wconf 75' lang='grc' dir='ltr'><strong><em>ο</em></strong></span> <span class='ocrx_word' id='word_1_781' title='bbox 1547 5652 1863 5706; x_wconf 83' lang='grc' dir='ltr'>συγγραφο-</span> 
     </span>
    </p>
   </div>
   <div class='ocr_carea' id='block_1_102' title="bbox 300 5721 1859 5799">
    <p class='ocr_par' dir='ltr' id='par_1_102' title="bbox 300 5721 1859 5799">
     <span class='ocr_line' id='line_1_102' title="bbox 300 5721 1859 5799; baseline 0.007 -26"><span class='ocrx_word' id='word_1_782' title='bbox 300 5722 485 5789; x_wconf 80' lang='grc' dir='ltr'>μένοις</span> <span class='ocrx_word' id='word_1_783' title='bbox 509 5721 563 5773; x_wconf 85' lang='grc' dir='ltr'>δὲ</span> <span class='ocrx_word' id='word_1_784' title='bbox 592 5723 666 5793; x_wconf 79' lang='grc' dir='ltr'>μὴ</span> <span class='ocrx_word' id='word_1_785' title='bbox 692 5721 862 5787; x_wconf 77' lang='grc' dir='ltr'>οὕτως</span> <span class='ocrx_word' id='word_1_786' title='bbox 882 5739 896 5755; x_wconf 83' lang='lat'><strong><em>°</em></strong></span> <span class='ocrx_word' id='word_1_787' title='bbox 919 5724 1059 5779; x_wconf 80' lang='grc' dir='ltr'>ἀλλὰ</span> <span class='ocrx_word' id='word_1_788' title='bbox 1079 5725 1476 5799; x_wconf 84' lang='grc' dir='ltr'>διαχειριστέον</span> <span class='ocrx_word' id='word_1_789' title='bbox 1496 5730 1621 5794; x_wconf 82' lang='grc' dir='ltr'>τοὺς</span> <span class='ocrx_word' id='word_1_790' title='bbox 1647 5729 1859 5799; x_wconf 84' lang='grc' dir='ltr'>λόγους,</span> 
     </span>
    </p>
   </div>
   <div class='ocr_carea' id='block_1_103' title="bbox 379 5836 868 5902">
    <p class='ocr_par' dir='ltr' id='par_1_103' title="bbox 379 5836 868 5902">
     <span class='ocr_line' id='line_1_103' title="bbox 379 5836 868 5902; baseline 0.004 -11"><span class='ocrx_word' id='word_1_791' title='bbox 379 5840 395 5869; x_wconf 80' lang='grc'>⁸</span> <span class='ocrx_word' id='word_1_792' title='bbox 458 5836 600 5893; x_wconf 80' lang='lat' dir='ltr'><strong>Psal.</strong></span> <span class='ocrx_word' id='word_1_793' title='bbox 645 5839 868 5902; x_wconf 78' lang='lat' dir='ltr'><strong>xvu,l9.</strong></span> 
     </span>
    </p>
   </div>
   <div class='ocr_carea' id='block_1_104' title="bbox 1978 4700 3544 4781">
    <p class='ocr_par' dir='ltr' id='par_1_104' title="bbox 1978 4700 3544 4781">
     <span class='ocr_line' id='line_1_104' title="bbox 1978 4700 3544 4781; baseline -0.006 -19"><span class='ocrx_word' id='word_1_794' title='bbox 1978 4726 2195 4781; x_wconf 74' lang='lat' dir='ltr'><strong>pinnam</strong></span> <span class='ocrx_word' id='word_1_795' title='bbox 2236 4709 2555 4778; x_wconf 64' lang='lat' dir='ltr'><strong>prmvidens,</strong></span> <span class='ocrx_word' id='word_1_796' title='bbox 2584 4702 2728 4771; x_wconf 86' lang='lat' dir='ltr'><strong>quod</strong></span> <span class='ocrx_word' id='word_1_797' title='bbox 2765 4701 2920 4753; x_wconf 81' lang='lat' dir='ltr'><strong>nobis</strong></span> <span class='ocrx_word' id='word_1_798' title='bbox 2948 4700 3337 4768; x_wconf 84' lang='lat' dir='ltr'><strong>deplorandum</strong></span> <span class='ocrx_word' id='word_1_799' title='bbox 3391 4700 3544 4753; x_wconf 82' lang='lat' dir='ltr'><strong>vide-</strong></span> 
     </span>
    </p>
   </div>
   <div class='ocr_carea' id='block_1_105' title="bbox 1973 4793 3546 4869">
    <p class='ocr_par' dir='ltr' id='par_1_105' title="bbox 1973 4793 3546 4869">
     <span class='ocr_line' id='line_1_105' title="bbox 1973 4793 3546 4869; baseline -0.005 -13"><span class='ocrx_word' id='word_1_800' title='bbox 1973 4810 2082 4856; x_wconf 90' lang='lat' dir='ltr'><strong>tur.</strong></span> <span class='ocrx_word' id='word_1_801' title='bbox 2127 4800 2216 4856; x_wconf 88' lang='lat' dir='ltr'><strong>Sic</strong></span> <span class='ocrx_word' id='word_1_802' title='bbox 2245 4813 2374 4869; x_wconf 80' lang='lat' dir='ltr'><strong>ergo</strong></span> <span class='ocrx_word' id='word_1_803' title='bbox 2415 4795 2702 4851; x_wconf 85' lang='lat' dir='ltr'><strong>dicendum</strong></span> <span class='ocrx_word' id='word_1_804' title='bbox 2733 4809 2835 4853; x_wconf 83' lang='lat' dir='ltr'><strong>tne,</strong></span> <span class='ocrx_word' id='word_1_805' title='bbox 2886 4793 3186 4860; x_wconf 63' lang='lat' dir='ltr'><strong>antepo~izo</strong></span> <span class='ocrx_word' id='word_1_806' title='bbox 3217 4806 3424 4854; x_wconf 83' lang='lat' dir='ltr'><strong>amore.</strong></span> <span class='ocrx_word' id='word_1_807' title='bbox 3453 4809 3546 4848; x_wconf 82' lang='lat' dir='ltr'><strong>ve-</strong></span> 
     </span>
    </p>
   </div>
   <div class='ocr_carea' id='block_1_106' title="bbox 1974 4880 3541 4957">
    <p class='ocr_par' dir='ltr' id='par_1_106' title="bbox 1974 4880 3541 4957">
     <span class='ocr_line' id='line_1_106' title="bbox 1974 4880 3541 4957; baseline -0.008 -11"><span class='ocrx_word' id='word_1_808' title='bbox 1974 4893 2190 4946; x_wconf 86' lang='lat' dir='ltr'><strong>ritatem</strong></span> <span class='ocrx_word' id='word_1_809' title='bbox 2222 4885 2615 4957; x_wconf 76' lang='lat' dir='ltr'><strong>postposuissc,</strong></span> <span class='ocrx_word' id='word_1_810' title='bbox 2638 4883 2734 4939; x_wconf 82' lang='lat' dir='ltr'><strong>sed</strong></span> <span class='ocrx_word' id='word_1_811' title='bbox 2762 4880 2902 4934; x_wconf 79' lang='lat' dir='ltr'><strong>facta</strong></span> <span class='ocrx_word' id='word_1_812' title='bbox 2937 4895 3216 4948; x_wconf 76' lang='lat' dir='ltr'><strong>exponens</strong></span> <span class='ocrx_word' id='word_1_813' title='bbox 3239 4882 3291 4934; x_wconf 93' lang='lat' dir='ltr'><strong>iu</strong></span> <span class='ocrx_word' id='word_1_814' title='bbox 3315 4883 3541 4950; x_wconf 89' lang='lat' dir='ltr'><strong>scripto,</strong></span> 
     </span>
    </p>
   </div>
   <div class='ocr_carea' id='block_1_107' title="bbox 1983 4973 3541 5054">
    <p class='ocr_par' dir='ltr' id='par_1_107' title="bbox 1983 4973 3541 5054">
     <span class='ocr_line' id='line_1_107' title="bbox 1983 4973 3541 5054; baseline -0.006 -15"><span class='ocrx_word' id='word_1_815' title='bbox 1983 4984 2140 5054; x_wconf 76' lang='lat' dir='ltr'><strong>cujus</strong></span> <span class='ocrx_word' id='word_1_816' title='bbox 2176 4983 2427 5037; x_wconf 84' lang='lat' dir='ltr'><strong>meritum</strong></span> <span class='ocrx_word' id='word_1_817' title='bbox 2463 4975 2725 5030; x_wconf 80' lang='lat' dir='ltr'><strong>veracitas</strong></span> <span class='ocrx_word' id='word_1_818' title='bbox 2758 4983 2862 5038; x_wconf 89' lang='lat' dir='ltr'><strong>est,</strong></span> <span class='ocrx_word' id='word_1_819' title='bbox 2911 4974 3074 5043; x_wconf 84' lang='lat' dir='ltr'><strong>hujus</strong></span> <span class='ocrx_word' id='word_1_820' title='bbox 3110 4973 3315 5028; x_wconf 62' lang='lat' dir='ltr'><strong>umbrat</strong></span> <span class='ocrx_word' id='word_1_821' title='bbox 3358 4973 3541 5029; x_wconf 89' lang='lat' dir='ltr'><strong>lumen</strong></span> 
     </span>
    </p>
   </div>
   <div class='ocr_carea' id='block_1_108' title="bbox 1983 5065 3542 5137">
    <p class='ocr_par' dir='ltr' id='par_1_108' title="bbox 1983 5065 3542 5137">
     <span class='ocr_line' id='line_1_108' title="bbox 1983 5065 3542 5137; baseline -0.005 -9"><span class='ocrx_word' id='word_1_822' title='bbox 1983 5092 2087 5131; x_wconf 90' lang='lat' dir='ltr'><strong>non</strong></span> <span class='ocrx_word' id='word_1_823' title='bbox 2146 5073 2335 5128; x_wconf 84' lang='lat' dir='ltr'><strong>velabo</strong></span> <span class='ocrx_word' id='word_1_824' title='bbox 2392 5070 2554 5137; x_wconf 84' lang='lat' dir='ltr'><strong>idque</strong></span> <span class='ocrx_word' id='word_1_825' title='bbox 2612 5066 2913 5121; x_wconf 85' lang='lat' dir='ltr'><strong>secundum</strong></span> <span class='ocrx_word' id='word_1_826' title='bbox 2982 5075 3127 5119; x_wconf 79' lang='lat' dir='ltr'><strong>recte</strong></span> <span class='ocrx_word' id='word_1_827' title='bbox 3180 5066 3382 5119; x_wconf 85' lang='lat' dir='ltr'><strong>dictum</strong></span> <span class='ocrx_word' id='word_1_828' title='bbox 3412 5065 3542 5120; x_wconf 89' lang='lat' dir='ltr'><strong>illud</strong></span> 
     </span>
    </p>
   </div>
   <div class='ocr_carea' id='block_1_109' title="bbox 1983 5157 3576 5234">
    <p class='ocr_par' dir='ltr' id='par_1_109' title="bbox 1983 5157 3576 5234">
     <span class='ocr_line' id='line_1_109' title="bbox 1983 5157 3576 5234; baseline -0.008 -12"><span class='ocrx_word' id='word_1_829' title='bbox 1983 5189 2001 5222; x_wconf 74' lang='grc' dir='ltr'><strong>ι</strong></span> <span class='ocrx_word' id='word_1_830' title='bbox 2036 5167 2255 5221; x_wconf 75' lang='lat' dir='ltr'><strong>Amicus</strong></span> <span class='ocrx_word' id='word_1_831' title='bbox 2285 5162 2504 5234; x_wconf 87' lang='lat' dir='ltr'><strong>quidem</strong></span> <span class='ocrx_word' id='word_1_832' title='bbox 2540 5170 2630 5216; x_wconf 87' lang='lat' dir='ltr'><strong>est</strong></span> <span class='ocrx_word' id='word_1_833' title='bbox 2656 5160 2761 5225; x_wconf 85' lang='lat' dir='ltr'><strong>vir,</strong></span> <span class='ocrx_word' id='word_1_834' title='bbox 2815 5158 2912 5214; x_wconf 77' lang='lat' dir='ltr'><strong>sed</strong></span> <span class='ocrx_word' id='word_1_835' title='bbox 2963 5157 3137 5228; x_wconf 74' lang='lat' dir='ltr'><strong>magis</strong></span> <span class='ocrx_word' id='word_1_836' title='bbox 3189 5158 3361 5211; x_wconf 86' lang='lat' dir='ltr'><strong>amica</strong></span> <span class='ocrx_word' id='word_1_837' title='bbox 3404 5157 3576 5234; x_wconf 24' lang='lat' dir='ltr'><strong>veri--</strong></span> 
     </span>
    </p>
   </div>
   <div class='ocr_carea' id='block_1_110' title="bbox 1974 5249 3541 5320">
    <p class='ocr_par' dir='ltr' id='par_1_110' title="bbox 1974 5249 3541 5320">
     <span class='ocr_line' id='line_1_110' title="bbox 1974 5249 3541 5320; baseline -0.006 -7"><span class='ocrx_word' id='word_1_838' title='bbox 1974 5271 2076 5314; x_wconf 88' lang='lat' dir='ltr'><strong>tas.</strong></span> <span class='ocrx_word' id='word_1_839' title='bbox 2124 5277 2142 5309; x_wconf 77' lang='grc' dir='ltr'><strong>ι</strong></span> <span class='ocrx_word' id='word_1_840' title='bbox 2178 5251 2579 5311; x_wconf 74' lang='lat' dir='ltr'><strong>Memoraudum</strong></span> <span class='ocrx_word' id='word_1_841' title='bbox 2614 5258 2694 5305; x_wconf 88' lang='lat' dir='ltr'><strong>cst</strong></span> <span class='ocrx_word' id='word_1_842' title='bbox 2735 5251 3012 5320; x_wconf 89' lang='lat' dir='ltr'><strong>quomodo</strong></span> <span class='ocrx_word' id='word_1_843' title='bbox 3050 5265 3178 5304; x_wconf 88' lang='lat' dir='ltr'><strong>suos</strong></span> <span class='ocrx_word' id='word_1_844' title='bbox 3202 5249 3396 5304; x_wconf 83' lang='lat' dir='ltr'><strong>heroes</strong></span> <span class='ocrx_word' id='word_1_845' title='bbox 3424 5250 3541 5303; x_wconf 89' lang='lat' dir='ltr'><strong>lau-</strong></span> 
     </span>
    </p>
   </div>
   <div class='ocr_carea' id='block_1_111' title="bbox 1971 5342 3540 5413">
    <p class='ocr_par' dir='ltr' id='par_1_111' title="bbox 1971 5342 3540 5413">
     <span class='ocr_line' id='line_1_111' title="bbox 1971 5342 3540 5413; baseline -0.008 -7"><span class='ocrx_word' id='word_1_846' title='bbox 1971 5353 2125 5413; x_wconf 84' lang='lat' dir='ltr'><strong>dent,</strong></span> <span class='ocrx_word' id='word_1_847' title='bbox 2157 5352 2229 5404; x_wconf 92' lang='lat' dir='ltr'><strong>ita</strong></span> <span class='ocrx_word' id='word_1_848' title='bbox 2261 5357 2342 5410; x_wconf 88' lang='lat' dir='ltr'><strong>ut,</strong></span> <span class='ocrx_word' id='word_1_849' title='bbox 2375 5344 2656 5400; x_wconf 87' lang='lat' dir='ltr'><strong>coloribus</strong></span> <span class='ocrx_word' id='word_1_850' title='bbox 2691 5342 2933 5404; x_wconf 85' lang='lat' dir='ltr'><strong>mutatis,</strong></span> <span class='ocrx_word' id='word_1_851' title='bbox 2979 5342 3159 5396; x_wconf 88' lang='lat' dir='ltr'><strong>omnia</strong></span> <span class='ocrx_word' id='word_1_852' title='bbox 3191 5343 3353 5396; x_wconf 88' lang='lat' dir='ltr'><strong>etiam</strong></span> <span class='ocrx_word' id='word_1_853' title='bbox 3398 5342 3540 5395; x_wconf 88' lang='lat' dir='ltr'><strong>utala</strong></span> 
     </span>
    </p>
   </div>
   <div class='ocr_carea' id='block_1_112' title="bbox 1970 5434 3538 5516">
    <p class='ocr_par' dir='ltr' id='par_1_112' title="bbox 1970 5434 3538 5516">
     <span class='ocr_line' id='line_1_112' title="bbox 1970 5434 3538 5516; baseline -0.01 -15"><span class='ocrx_word' id='word_1_854' title='bbox 1970 5443 2209 5516; x_wconf 87' lang='lat' dir='ltr'><strong>pulchris</strong></span> <span class='ocrx_word' id='word_1_855' title='bbox 2226 5441 2404 5497; x_wconf 86' lang='lat' dir='ltr'><strong>verbis</strong></span> <span class='ocrx_word' id='word_1_856' title='bbox 2431 5442 2568 5494; x_wconf 87' lang='lat' dir='ltr'><strong>bona</strong></span> <span class='ocrx_word' id='word_1_857' title='bbox 2597 5439 2746 5490; x_wconf 82' lang='lat' dir='ltr'><strong>llant.</strong></span> <span class='ocrx_word' id='word_1_858' title='bbox 2768 5436 2907 5490; x_wconf 87' lang='lat' dir='ltr'><strong>Idem</strong></span> <span class='ocrx_word' id='word_1_859' title='bbox 2940 5450 3068 5490; x_wconf 83' lang='lat' dir='ltr'><strong>vero</strong></span> <span class='ocrx_word' id='word_1_860' title='bbox 3090 5451 3194 5489; x_wconf 85' lang='lat' dir='ltr'><strong>non</strong></span> <span class='ocrx_word' id='word_1_861' title='bbox 3217 5444 3300 5490; x_wconf 87' lang='lat' dir='ltr'><strong>est</strong></span> <span class='ocrx_word' id='word_1_862' title='bbox 3318 5436 3382 5488; x_wconf 89' lang='lat' dir='ltr'><strong>de</strong></span> <span class='ocrx_word' id='word_1_863' title='bbox 3398 5434 3538 5488; x_wconf 87' lang='lat' dir='ltr'><strong>scri-</strong></span> 
     </span>
    </p>
   </div>
   <div class='ocr_carea' id='block_1_113' title="bbox 1969 5528 3532 5608">
    <p class='ocr_par' dir='ltr' id='par_1_113' title="bbox 1969 5528 3532 5608">
     <span class='ocr_line' id='line_1_113' title="bbox 1969 5528 3532 5608; baseline -0.008 -18"><span class='ocrx_word' id='word_1_864' title='bbox 1969 5539 2076 5608; x_wconf 83' lang='lat' dir='ltr'><strong>ptis</strong></span> <span class='ocrx_word' id='word_1_865' title='bbox 2101 5553 2116 5602; x_wconf 84' lang='lat'><strong>;</strong></span> <span class='ocrx_word' id='word_1_866' title='bbox 2150 5533 2242 5591; x_wconf 88' lang='lat' dir='ltr'><strong>sed</strong></span> <span class='ocrx_word' id='word_1_867' title='bbox 2267 5533 2427 5588; x_wconf 83' lang='lat' dir='ltr'><strong>verba</strong></span> <span class='ocrx_word' id='word_1_868' title='bbox 2452 5528 2781 5584; x_wconf 88' lang='lat' dir='ltr'><strong>moderanda</strong></span> <span class='ocrx_word' id='word_1_869' title='bbox 2807 5534 2955 5590; x_wconf 90' lang='lat' dir='ltr'><strong>sunt,</strong></span> <span class='ocrx_word' id='word_1_870' title='bbox 2997 5534 3053 5579; x_wconf 82' lang='grc' dir='ltr'><strong>ιιι</strong></span> <span class='ocrx_word' id='word_1_871' title='bbox 3075 5541 3174 5595; x_wconf 90' lang='lat' dir='ltr'><strong>pro</strong></span> <span class='ocrx_word' id='word_1_872' title='bbox 3202 5539 3532 5593; x_wconf 68' lang='lat' dir='ltr'><strong>unoquoque</strong></span> 
     </span>
    </p>
   </div>
   <div class='ocr_carea' id='block_1_114' title="bbox 1969 5615 3538 5697">
    <p class='ocr_par' dir='ltr' id='par_1_114' title="bbox 1969 5615 3538 5697">
     <span class='ocr_line' id='line_1_114' title="bbox 1969 5615 3538 5697; baseline -0.009 -11"><span class='ocrx_word' id='word_1_873' title='bbox 1969 5631 2170 5686; x_wconf 81' lang='lat' dir='ltr'><strong>veritas</strong></span> <span class='ocrx_word' id='word_1_874' title='bbox 2197 5626 2453 5697; x_wconf 85' lang='lat' dir='ltr'><strong>postulat.</strong></span> <span class='ocrx_word' id='word_1_875' title='bbox 2490 5621 2587 5675; x_wconf 92' lang='lat' dir='ltr'><strong>llic</strong></span> <span class='ocrx_word' id='word_1_876' title='bbox 2612 5636 2718 5673; x_wconf 87' lang='lat' dir='ltr'><strong>non</strong></span> <span class='ocrx_word' id='word_1_877' title='bbox 2751 5627 2834 5673; x_wconf 89' lang='lat' dir='ltr'><strong>est</strong></span> <span class='ocrx_word' id='word_1_878' title='bbox 2885 5618 3039 5671; x_wconf 89' lang='lat' dir='ltr'><strong>locus</strong></span> <span class='ocrx_word' id='word_1_879' title='bbox 3069 5615 3280 5670; x_wconf 74' lang='lat' dir='ltr'><strong>dit-cudi</strong></span> <span class='ocrx_word' id='word_1_880' title='bbox 3302 5615 3538 5672; x_wconf 88' lang='lat' dir='ltr'><strong>eucomii</strong></span> 
     </span>
    </p>
   </div>
   <div class='ocr_carea' id='block_1_115' title="bbox 1970 5708 3537 5787">
    <p class='ocr_par' dir='ltr' id='par_1_115' title="bbox 1970 5708 3537 5787">
     <span class='ocr_line' id='line_1_115' title="bbox 1970 5708 3537 5787; baseline -0.017 -7"><span class='ocrx_word' id='word_1_881' title='bbox 1970 5738 2120 5780; x_wconf 84' lang='lat' dir='ltr'><strong>more</strong></span> <span class='ocrx_word' id='word_1_882' title='bbox 2147 5760 2164 5787; x_wconf 87' lang='lat'><strong>,</strong></span> <span class='ocrx_word' id='word_1_883' title='bbox 2203 5719 2297 5778; x_wconf 85' lang='lat' dir='ltr'><strong>sed</strong></span> <span class='ocrx_word' id='word_1_884' title='bbox 2327 5716 2643 5774; x_wconf 81' lang='lat' dir='ltr'><strong>festinanter</strong></span> <span class='ocrx_word' id='word_1_885' title='bbox 2676 5712 2730 5768; x_wconf 93' lang='lat' dir='ltr'><strong>in</strong></span> <span class='ocrx_word' id='word_1_886' title='bbox 2760 5718 2941 5766; x_wconf 84' lang='lat' dir='ltr'><strong>mente</strong></span> <span class='ocrx_word' id='word_1_887' title='bbox 2985 5723 3171 5764; x_wconf 89' lang='lat' dir='ltr'><strong>eorum</strong></span> <span class='ocrx_word' id='word_1_888' title='bbox 3213 5708 3305 5779; x_wconf 88' lang='lat' dir='ltr'><strong>qui</strong></span> <span class='ocrx_word' id='word_1_889' title='bbox 3344 5722 3537 5779; x_wconf 81' lang='lat' dir='ltr'><strong>super.</strong></span> 
     </span>
    </p>
   </div>
  </div>
