3930 6232
356 351 420 415 19
1073 361 1493 427 EUSTATHII
1544 366 2303 443 THESSALONICENSIS
2342 356 2901 449 METDOPOLITIE
3511 387 3585 451 νο

320 478 446 522 sunt
465 469 722 540 iungendi
743 484 865 540 qua;
888 473 1120 529 volando
1146 485 1363 565 tempus
1390 482 1663 550 exposuit.
1693 483 1749 539 Si
1779 500 1902 541 vero

2011 491 2087 558 ὡς
2117 495 2175 548 τί,
2214 498 2355 568 ὑπὲρ
2392 501 2638 554 ἑκάστων
2673 501 2873 573 ἀληθὲς
2906 504 3128 558 ἀπαιτεῖ
3152 520 3166 535 ο
3202 502 3332 556 ἔνθα
3363 504 3423 556 ού
3459 522 3583 558 καιο

317 557 432 630 jam
464 568 619 618 antea
652 563 818 618 David
850 576 1059 635 gratam
1107 554 1309 626 faveret
1386 582 1599 641 partem
1654 575 1770 641 Dei,
1797 592 1899 632 au-

320 652 506 708 diatur
574 670 790 726 quoque
837 657 1004 726 gistud
1067 677 1081 714 :
1133 661 1388 718 audiatur
1453 667 1615 721 simul
1701 670 1898 739 quod,

323 757 457 811 parv
482 744 683 809 obono,
721 765 917 809 tnnglto
981 766 1109 806 vero
1150 755 1291 808 malo
1344 757 1511 812 allato
1534 800 1548 823 ,
1575 760 1781 828 aliquot
1814 778 1902 817 re-

322 833 428 888 bus
454 835 701 899 salvatis.
748 840 831 894 his
874 853 928 895 et
956 843 1062 897 illis
1099 845 1300 899 deinde
1355 853 1563 914 nocuit,
1602 869 1793 909 omnes
1839 856 1894 910 in

322 928 647 982 substantiis
727 933 882 997 suis,
937 934 1365 1005 innunterosilue
1439 943 1492 995 in
1569 946 1673 996 vita
1739 947 1899 1004 besit.

321 1013 509 1084 Neque
535 1018 677 1071 dicat
708 1023 904 1089 aliquis
939 1041 1022 1077 me
1052 1042 1195 1081 nunc
1222 1031 1568 1099 resipiscere,
1592 1036 1893 1107 ultimoque

326 1107 623 1171 prudenter
654 1113 879 1177 sentire,
907 1124 964 1167 ut
999 1117 1161 1168 David
1192 1119 1649 1190 ahiit,poslquam
1678 1126 1894 1181 scilicet

328 1197 538 1267 Siceleg
565 1211 615 1252 et
639 1200 986 1259 Maurozome
1020 1207 1286 1275 primitias
1318 1214 1511 1281 prtcdae
1539 1219 1750 1270 mittere
1772 1234 1905 1273 con-

325 1289 614 1345 demnatus
635 1294 1238 1370 l‘uerit,spoliorumque
1260 1314 1572 1358 nostrorum
1592 1307 1897 1365 delectum:

326 1399 487 1448 quem
511 1387 695 1454 aliquo
717 1393 877 1443 modo
896 1394 1191 1460 disponere
1214 1396 1480 1451 debebant
1495 1400 1735 1470 harpyiae
1751 1412 1905 1456 ante-

326 1490 489 1540 quam
523 1478 1020 1565 lpcriremus.'Non
1077 1488 1222 1540 enim
1275 1505 1419 1543 nunc
1482 1491 1534 1544 in
1591 1503 1770 1547 mente
1819 1512 1904 1549 re-

334 1570 513 1632 volvo,
543 1575 635 1627 sed
674 1574 726 1628 in
762 1586 923 1631 omne
958 1589 1172 1650 tempus
1200 1599 1308 1651 quo
1342 1584 1392 1635 in
1426 1585 1566 1639 bello
1594 1588 1900 1654 imperavit.

336 1659 451 1717 Nos
482 1667 868 1734 opprimebant
907 1670 1111 1736 hostes,
1150 1689 1359 1743 egoque
1396 1676 1546 1729 illum
1581 1681 1901 1748 arguebam,

322 1752 729 1824 vituperabam.
797 1763 1104 1817 rcvclabam
1145 1766 1348 1834 ubique
1394 1778 1572 1822 errata
1614 1771 1780 1834 illius,
1824 1774 1906 1826 di-

2008 586 2097 655 ρ²ις
2130 588 2482 657 ἐπιλέγεσθαι
2510 593 2579 645 τὰ
2620 594 2756 662 πρὸς
2790 594 3041 663 εὐλογίαν
3075 596 3352 665 ὲγκωμίου
3385 595 3535 666 νόμῳ
3556 638 3571 661 ,

1974 678 2139 731 ,ἀλλὰ
2180 682 2432 735 σπεύδειν
2466 684 2767 756 πολυωρεῖν
2803 687 2882 751 είς
2923 688 3144 757 μνήμην
3175 691 3283 739 τῶν
3316 688 3579 742 ἐπιόντων
3624 720 3627 725 ‹

2003 766 2134 820 αὐτὸ
2173 769 2422 833 ἕκαστον,
2455 765 2638 845 ὧνπερ
2674 775 2702 826 6
2741 774 2930 844 χρόνος
2965 777 3176 845 τρέχων
3217 776 3582 845 παρέῤῥιψεν.

2003 859 2066 911 Εἰ
2101 860 2156 913 δὲ
2194 861 2403 928 φθάσας
2436 865 2463 916 6
2499 865 2768 935 ἡμέτερος
2803 860 2959 927 οὗτος
2992 866 3155 919 Δαυῒδ
3189 865 3482 934 ὰγαθύνων
3513 861 3582 936 ἦν

2002 952 2062 1004 τὸ
2096 953 2189 1005 τοῦ
2230 953 2366 1007 Θεοῦ
2404 956 2600 1027 λάχος,
2641 957 2922 1010 ἀκουέσθω
2967 957 3064 1028 μὲν
3102 958 3210 1011 ἰδοὺ
3255 958 3347 1011 καὶ
3382 957 3579 1010 τοῦτο’

2006 1047 2386 1099 συνακουέσθω
2410 1047 2464 1101 δὲ
2495 1050 2587 1102 καὶ
2613 1049 2695 1102 ὅτι
2721 1049 2976 1117 ὲξὼλεσε,
3007 1050 3181 1121 μικρά
3211 1049 3307 1119 μὲν
3334 1049 3502 1118 ήδύνα
3520 1068 3533 1110 ς
3551 1089 3568 1111 ,

2005 1136 2277 1204 πικράναε
2300 1138 2355 1190 δὲ
2384 1141 2640 1209 μέγιστα,
2663 1138 2744 1204 οἷς
2771 1142 3269 1213 περιποιησάμενός
3291 1160 3343 1193 τι
3369 1158 3582 1210 χρημαο

2005 1225 2193 1287 τιδίου,
2222 1228 2432 1292 τούτοις
2454 1229 2485 1301 ἢ
2513 1230 2740 1293 ἐκείνοις
2761 1232 2915 1295 τέλος
2938 1232 3239 1302 ἐζημίωκε,
3263 1233 3389 1296 τοὺς
3413 1231 3582 1286 ᾶπαν-

2003 1333 2102 1381 τας
2133 1319 2231 1387 μὲν
2260 1321 2339 1382 εις
2364 1323 2543 1377 πάντα
2566 1325 2635 1378 τὰ
2661 1325 2843 1388 αὐτοῖς
2870 1326 3018 1392 ὄντα,
3050 1325 3276 1395 μυρίους
3300 1325 3356 1377 δὲ
3384 1329 3475 1377 καὶ
3501 1326 3582 1387 εἰς

2005 1405 2172 1477 ζωήν.
2202 1413 2308 1464 Καὶ
2340 1415 2413 1483 μή
2440 1432 2521 1478 τις
2550 1414 2871 1487 ὑποφερέτω
2895 1415 2989 1469 νῦν
3016 1417 3337 1485 ἀναφρονεῖν
3367 1434 3456 1486 με,
3486 1419 3583 1470 καὶ

2008 1502 2219 1570 ὑστέρῳ
2259 1505 2432 1574 χρόνῳ
2475 1507 2824 1577 ἐπιμηθικῶς
2856 1509 3176 1573 αίσθέσθαι,
3215 1504 3325 1571 οἷος
3359 1508 3386 1561 6
3419 1508 3583 1562 Δαυῒδ

2005 1592 2221 1662 ἀπ’ὅη,
2274 1596 2495 1649 ἐπειδὰν
2542 1597 2741 1667 δηλαδὴ
2793 1598 3084 1669 ἐδικαιώθη
3137 1598 3457 1668 πεμφθῆναι
3503 1600 3583 1668 τῷ

2006 1683 2211 1755 Σικελῷ
2248 1685 2345 1739 σύν
2376 1703 2440 1753 γε
2474 1687 2548 1758 τῷ
2579 1687 2936 1760 Μαυροζὼμῃ
2972 1690 3322 1759 πρωτόλειον,
3361 1691 3452 1742 καὶ
3486 1691 3585 1757 τῆς

2009 1775 2166 1843 ἡμῶν
2213 1776 2490 1841 ἀπωλείας
2540 1780 2848 1850 ἀκροθίνιον
2879 1797 2891 1812 ·
2946 1779 3005 1834 6v
3055 1781 3282 1850 ὤφειλον
3316 1781 3584 1853 Ἅρπυιαι

326 1844 540 1912 cebam,
573 1853 824 1919 quamvis
887 1853 1182 1924 inutiliter,
1232 1873 1570 1928 ιιιιωοιιιιιιιιιξ
1632 1878 1694 1916 ex
1755 1865 1900 1929 aliis,

2012 1855 2288 1935 φθάσασαι
2320 1867 2464 1922 οὕτω
2498 1889 2613 1934 πως
2646 1871 2925 1925 διαθέσθαι
2947 1914 2961 1938 ,
2999 1875 3163 1943 πρινὴ
3200 1874 3291 1927 καὶ
3326 1872 3586 1937 ἐξαπολὲ-

326 1938 435 1991 nisi
474 1942 776 1997 tacuissent
833 1947 1125 2013 audiisset.
1158 1966 1332 2020 neque
1352 1952 1588 2008 civitatis
1616 1956 1902 2012 calamitas

322 2028 435 2085 illis
465 2045 560 2085 ora
593 2034 926 2092 occluderct.

2013 1974 2102 2010 σαι
2133 1959 2299 2028 ἡμᾶς.
2333 1963 2406 2014 Οὐ
2441 1964 2545 2032 γὰρ
2575 1964 2700 2032 ἄρτι
2734 1966 2789 2026 ἐς
2825 1965 2948 2016 νοῦν
2978 1966 3090 2034 ἐγὼ
3121 1966 3420 2036 ὲστράφην,
3451 1964 3587 2018 ἀλλὰ

2008 2050 2100 2103 τὸν
2132 2052 2252 2106 ὅλον
2281 2055 2380 2123 τῆς
2415 2057 2506 2106 ἐπὶ
2546 2057 2765 2126 πολέμῳ
2803 2059 3138 2129 στρατηγίας
3167 2060 3331 2112 αὐτοῦ
3367 2059 3581 2130 χρόνον.

331 2116 516 2189 Ἠμᾶς
552 2122 652 2189 μὲν
686 2124 897 2179 ἔθλιϐον
928 2129 978 2180 οἱ
1012 2128 1197 2200 ἐχθροί
1221 2148 1236 2163 ·
1271 2134 1382 2200 ἐγὼ
1415 2134 1471 2187 δὲ
1509 2136 1715 2188 ἐκεῖνον
1737 2179 1750 2200 ,
1787 2137 2025 2207 ἐλέγχων
2047 2184 2060 2206 ,
2092 2116 2430 2208 ὲξονειδίξων
2452 2186 2466 2209 ,
2500 2116 2774 2216 ἐκφαίνων
2804 2116 2884 2204 τὲ.
2934 2116 3033 2213 ὡς.
3080 2116 3340 2204 ἑκάστοτε
3368 2116 3584 2218 nesciit-

325 2225 472 2279 ματα
492 2251 506 2277 ,
538 2212 750 2281 λαλῶν,
782 2220 832 2270 εί
868 2220 963 2272 καὶ
996 2221 1075 2284 είς
1107 2223 1400 2292 ἀνήνυτον,
1434 2225 1577 2296 ἅπερ
1609 2228 1807 2296 ἤκουεν
1839 2229 1904 2283 ἂν
1943 2233 2038 2285 καὶ
2068 2236 2124 2301 ἐξ
2153 2237 2352 2302 ἄλλων,
2385 2238 2545 2311 εἴπερ
2576 2212 3072 2314 ἐπαρρησιάζοντο,
3106 2247 3197 2298 καὶ
3231 2245 3305 2314 μὴ
3371 2244 3431 2297 τὸ
3459 2212 3588 2310 ’τῆς

320 2303 532 2370 πόλεως
561 2313 859 2382 κακοτυχὲς
887 2314 1097 2369 ἐκλειεν
1132 2319 1311 2378 αὐτοῖς
1339 2321 1403 2373 τὰ
1439 2326 1706 2394 στόματα.

395 2400 482 2454 ll.
521 2400 888 2472 Snl‘llcicnter,
910 2410 1464 2477 pittoneutonstravi
1491 2432 1576 2469 me
1609 2418 1741 2470 nihil
1780 2423 1906 2477 novi

320 2504 505 2560 agerc,
556 2495 916 2566 vituperando
965 2498 1224 2556 Davidem
1264 2502 1904 2580 utinsipientem,qﬁuem

321 2585 623 2654 sapientem
657 2598 816 2644 antea
862 2591 1235 2649 laudaveram.
1270 2596 1398 2650 Item
1434 2615 1566 2653 vero
1613 2601 1909 2671 imperato-

322 2691 436 2731 rem
487 2679 886 2748 Andronicum,
937 2701 1098 2754 quem
1150 2687 1482 2758 indulgendo
1538 2691 1592 2745 in
1646 2693 1904 2749 omnibus

323 2781 431 2820 non
462 2781 680 2839 possem
716 2772 963 2839 laudare,
1001 2777 1139 2833 alias
1171 2779 1405 2836 miratus
1438 2798 1582 2848 sum,
1615 2798 1738 2838 cum
1772 2785 1904 2840 ει·ιί-

322 2860 502 2926 gendo
552 2864 758 2932 Optima
786 2866 938 2922 illius
970 2870 1352 2937 praedicarem.
1400 2874 1514 2929 Non
1561 2877 1706 2931 enim
1748 2880 1903 2944 juxta

323 2955 460 3011 viles
486 2958 789 3027 sophistas,
825 2962 973 3017 inter
1000 2980 1059 3019 se
1079 2966 1449 3037 discrepantia
1480 2972 1684 3026 scribo.
1719 2973 1774 3025 In
1803 2975 1904 3029 hac

321 3063 453 3103 vero
507 3051 735 3107 historia
783 3071 1128 3126 quzecunque
1161 3062 1404 3127 quotidie
1450 3073 1753 3118 evenerunt
1791 3082 1899 3119 nou

323 3147 455 3194 sunt
486 3145 975 3213 praetermittenda,
1024 3149 1171 3203 sicut
1227 3149 1466 3205 frustum
1524 3152 1798 3208 facundia!
1832 3156 1897 3209 ad

319 3232 484 3287 vilem
550 3234 914 3293 laudationem
971 3240 1221 3305 videtur,
1258 3244 1377 3312 apis
1415 3245 1589 3300 instar
1616 3248 1902 3316 sapientis,

323 3338 434 3379 non
467 3325 642 3380 solum
683 3343 746 3382 ex
773 3330 1027 3385 dulcibus
1054 3332 1281 3390 ﬂoribus
1319 3337 1648 3407 caeterisquc
1673 3341 1903 3409 paribus

326 3415 434 3470 sibi
465 3429 803 3488 unguentum
836 3417 1148 3479 dulcedinis
1176 3442 1529 3497 componere,
1566 3433 1659 3485 sed
1695 3433 1901 3499 passim

322 3507 485 3560 etiam
527 3523 593 3563 ex
640 3510 786 3565 aliis.
824 3510 1072 3583 Namque
1138 3530 1205 3571 ex
1265 3518 1513 3589 reliquiis
1561 3537 1670 3576 non
1717 3524 1904 3577 suavi-

327 3599 428 3653 bus
456 3601 561 3655 mel
597 3604 899 3673 componit,
937 3607 1188 3678 eligendo
1219 3616 1362 3680 quod
1392 3616 1766 3669 necessarium
1796 3626 1902 3683 est,

320 3690 473 3759 juxta
503 3692 647 3761 quod
683 3695 941 3750 examina
977 3699 1249 3754 condendi
1280 3702 1441 3769 periti
1495 3704 1903 3758 animadverte-
1941 3706 1944 3710 ’

325 3791 493 3849 runt;
528 3783 963 3858 lmjusmodique
1014 3791 1217 3863 colligit
1249 3804 1516 3862 quantum
1554 3810 1692 3861 Opus
1725 3806 1807 3851 est
1836 3796 1901 3849 ad

326 3876 619 3932 lirmaudos
637 3882 1154 3953 connectoudosque
1172 3885 1432 3942 alveolos.
1454 3887 1664 3957 Apibus
1718 3886 1900 3941 llermi

331 3964 645 4034 huiusmodi
679 3970 996 4035 praebebant
1035 3972 1204 4028 David
1235 3985 1399 4045 atque
1430 3975 1804 4043 Andronicus,
1841 3990 1906 4032 ac

327 4059 600 4130 praecipue
654 4064 1005 4121 Andronicus
1026 4108 1041 4133 ,
1092 4068 1313 4122 mobilis
1345 4069 1435 4124 ille
1469 4071 1574 4136 vir,
1606 4071 1902 4133 versatilis,

325 4150 515 4222 sicque
543 4152 695 4209 visus
721 4164 806 4211 est
841 4173 949 4212 non
986 4158 1051 4213 ad
1083 4161 1307 4214 modum
1353 4162 1789 4226 cltautzelcoutis,
1824 4161 1906 4215 vel

324 4243 532 4315 polypi,
563 4246 658 4301 sed
696 4249 879 4316 potius
921 4248 1126 4317 Protei,
1155 4252 1612 4321 potissimumque
1652 4252 1907 4318 Enipnsze

325 4352 448 4406 quae
477 4337 779 4398 horrendas
835 4358 924 4400 res
973 4346 1198 4400 invenit.
1245 4347 1416 4408 Idem,
1459 4344 1614 4412 juxta
1648 4345 1782 4398 freta
1814 4345 1906 4413 (ob

325 4437 521 4484 aestum
569 4431 785 4505 maris),
815 4434 1138 4491 inconstans
1168 4447 1307 4503 erat,
1336 4437 1753 4505 secundumque
1787 4451 1906 4489 ma-

2089 2419 2178 2476 ια’.
2220 2423 2498 2477 Δέδεικταί
2534 2443 2622 2495 μοι
2661 2426 2999 2496 ἀρκούντως,
3034 2421 3210 2496 οἶμαι,
3243 2427 3316 2492 ὡς
3349 2428 3501 2483 οὐδέν
3534 2447 3588 2484 τι

2016 2515 2387 2585 καινοπραγῶ,
2422 2520 2737 2586 κακολογῶν
2767 2521 3249 2590 ἀλλοφρονήσαντα
3278 2522 3368 2573 τὸν
3400 2522 3584 2586 Δαυῖδ,

2009 2601 2070 2655 ὃν
2103 2607 2481 2678 σωφρονοῦντα
2513 2610 2724 2678 φθάσας
2756 2612 3032 2679 εὐλόγουν.
3069 2611 3209 2682 Ἐγὼ
3240 2611 3294 2665 δὲ
3324 2613 3464 2666 οὕτω
3495 2615 3587 2667 καὶ

2008 2697 2100 2752 τὸν
2138 2701 2357 2769 βασιλέα
2393 2701 2753 2773 Ἀνδρόνικον,
2793 2705 2850 2757 ὂν
2887 2706 3237 2769 ὑποκαταϐὰς
3280 2709 3380 2761 οὐκ
3422 2706 3488 2761 ἂν
3523 2707 3584 2762 εὖ

2009 2790 2187 2855 λέγειν
2218 2793 2298 2856 εἰς
2327 2794 2387 2846 τὸ
2420 2797 2529 2848 πᾶν
2561 2795 2764 2867 ἔχοιμι,
2797 2799 2854 2850 ὲν
2884 2796 3065 2860 ἄλλοις
3098 2799 3410 2867 ἐθαύμασα,
3442 2799 3584 2866 φρά-

2011 2898 2106 2938 σας
2139 2884 2425 2952 ὲπιλέγδην
2447 2925 2462 2950 ,
2492 2886 2520 2939 δ
2549 2904 2600 2939 τι
2631 2886 2741 2939 τῶν
2772 2888 3095 2957 κρειττόνων
3126 2889 3320 2960 ἐκείνῳ
3348 2888 3583 2959 ἐνέλαμο

2010 2986 2131 3022 πεν.
2175 2972 2247 3024 Οὐ
2293 2973 2402 3045 γάρ
2439 2994 2490 3029 τι
2536 2979 2677 3030 κατᾶ
2720 2978 2846 3041 τοὺς
2892 2978 3127 3045 φαύλους
3164 2979 3274 3032 τῶν
3316 2978 3585 3047 σοφιστῶν

2008 3060 2310 3134 ἀναγράφω
2352 3066 2650 3133 ἀντίφωνα.
2691 3067 2828 3136 Πρὸς
2868 3067 2923 3120 δὲ
2967 3069 3348 3139 συγγραφικήν
3380 3067 3584 3139 ταύτην

2011 3150 2250 3220 ἱστορίαν
2279 3153 2378 3205 οὐκ
2408 3154 2517 3223 ἔχω
2550 3155 2843 3223 κρύπτειν,
2876 3157 2974 3209 ὅσα
3005 3160 3115 3220 τοῖς
3146 3157 3271 3228 ἄρτι
3304 3158 3439 3227 πρὸς
3466 3158 3582 3226 εἱρ-

2012 3244 2111 3311 μὸν
2144 3246 2564 3314 συμϐαίνουσιν,
2597 3249 2673 3313 ὡς
2701 3250 2734 3321 ἦ
2767 3266 2828 3318 γε
2860 3250 3020 3321 λοιπὴ
3053 3251 3310 3321 ῥητορεία
3331 3292 3345 3316 ,
3376 3254 3408 3318 ἡ
3444 3236 3583 3323 προς

2008 3334 2161 3402 ψιλὸν
2194 3336 2438 3403 ἔπαινον,
2476 3338 2624 3393 δοκεῖ
2660 3343 2801 3395 κατὰ
2835 3342 2931 3411 τὴν
2970 3342 3139 3413 σοφὴν
3177 3344 3270 3395 καὶ
3310 3342 3448 3411 αὑτὴ
3490 3341 3587 3412 μέ·-

2009 3426 2197 3481 λισσαν
2225 3429 2286 3480 οὐ
2322 3430 2483 3500 μόνον
2511 3432 2569 3496 ἐξ
2599 3432 2805 3486 ἀνθέων
2834 3434 3080 3502 γλυκέων
3109 3438 3201 3487 καὶ
3227 3434 3419 3504 λοιπῆς
3447 3452 3583 3505 χρη-

2010 3520 2298 3590 σιμότητος
2333 3524 2501 3594 ἑαυτῇ
2540 3527 2860 3596 συγκροτεῖν
2895 3528 2955 3581 τὸ
2994 3527 3294 3598 μυρέψημα
3328 3526 3420 3579 τοῦ
3455 3526 3584 3593 γλυ-

2009 3614 2323 3683 κάσματος,
2360 3615 2495 3671 ἀλλά
2533 3636 2636 3671 που
2674 3621 2768 3671 καὶ
2802 3621 2866 3674 ἐκ
2905 3621 2977 3690 μὴ
3011 3621 3287 3672 τοιούτων.
3326 3621 3435 3674 Καὶ
3472 3619 3582 3689 γάρ

2005 3723 2088 3758 τοι
2132 3707 2225 3758 καὶ
2266 3709 2328 3759 ὲκ
2372 3711 2808 3778 περιττωμάτων
2848 3714 2948 3763 οὐκ
2993 3711 3354 3781 εύαποφόρων
3398 3711 3583 3778 ἐκείνη

2008 3796 2347 3862 τιθαιδὼσει,
2380 3799 2715 3870 ὲκλεγομένη
2744 3801 2811 3854 τὰ
2843 3802 3199 3865 συντείνοντα,
3233 3801 3373 3855 καθὰ
3404 3818 3585 3870 παρα-

2010 3886 2374 3957 τετηρηκότες
2415 3888 2464 3939 οί
2508 3886 2671 3953 δεξιοὶ
2719 3889 3089 3960 σιμῆλοποιείν
3135 3891 3309 3942 οἴδασι
3335 3907 3346 3920 ο
3391 3891 3485 3944 καί
3529 3909 3583 3944 τι

2011 3981 2321 4053 συναγείρει
2363 3981 2637 4046 κάκεῖθεν,
2678 3983 2757 4048 εἰς
2802 3983 2924 4037 ὅσον
2961 3982 3030 4036 τὰ
3075 3983 3240 4054 κηρία
3284 3982 3586 4054 στύφεσθαι

2008 4073 2103 4124 καὶ
2151 4073 2491 4144 συνέχεσθαι.
2531 4075 2724 4129 Ὀποῖα
2772 4075 2836 4147 δή
2886 4094 3004 4129 τινα
3056 4076 3335 4147 μελίτταις
3370 4075 3581 4145 Ἐρμοῦ

2008 4162 2344 4232 ὑποκείμενα
2384 4167 2475 4218 καὶ
2512 4169 2538 4219 6
2573 4167 2739 4219 Δαυῒό
2777 4168 2992 4237 εἰχέτην
3029 4170 3122 4220 καὶ
3159 4169 3187 4220 6
3222 4167 3580 4234 Ἀνδρόνικος,

2008 4255 2348 4317 παντοδαπὸς
2375 4257 2579 4318 ἐκεῖνος
2607 4257 2914 4326 ἅνθρωπος,
2945 4257 3040 4308 καὶ
3070 4258 3459 4326 παμποίκιλος,
3488 4258 3584 4311 καὶ

2006 4345 2164 4398 τοῦτο
2200 4346 2258 4396 οὐ
2297 4347 2687 4415 χαμαιλέοντος
2725 4346 2879 4416 δίκην
2919 4348 3029 4400 εἴτε
3069 4347 3387 4416 πολύποδος,
3427 4349 3587 4419 Πρω·-

2005 4437 2141 4500 τέως
2182 4435 2238 4490 δὲ
2286 4436 2506 4507 μᾶλλον,
2553 4436 2648 4490 καὶ
2700 4437 2937 4506 μάλιστα
2980 4438 3123 4492 κατὰ
3156 4440 3498 4509 Ἔμπουσαν,
3546 4441 3582 4513 ἢ

326 4523 523 4576 teriam
569 4522 861 4581 informem
896 4529 1234 4598 primitivatn
1260 4529 1531 4589 omnibus
1585 4543 1644 4582 se
1673 4527 1902 4582 diversis

2009 4527 2211 4598 φρικτά
2259 4527 2583 4595 ἐφάνταζεν.
2621 4529 2678 4580 '0
2723 4529 2766 4581 δ’
2795 4530 2960 4594 αὐτὸς
3001 4531 3095 4583 καὶ
3139 4531 3281 4585 κατά
3323 4532 3586 4602 εὑρίπους

327 4613 507 4670 modis
559 4616 845 4672 visendum
880 4619 1190 4689 praebebat;
1218 4634 1450 4687 quorum
1483 4620 1585 4674 alia
1611 4619 1905 4684 laudanda,

327 4704 433 4758 alia
471 4720 597 4761 vero
632 4725 742 4763 non
772 4721 982 4766 essent.
1019 4711 1342 4765 Addendqu
1383 4724 1514 4764 vero
1543 4711 1645 4765 hoc
1673 4719 1757 4765 est
1803 4711 1904 4776 illi,

327 4796 541 4851 scilicet
576 4800 819 4870 aliquam
851 4800 906 4854 in
940 4816 1006 4855 eo
1039 4801 1453 4856 miserationem
1501 4800 1681 4855 inesse.
1712 4801 1907 4854 simul-

325 4903 432 4953 que
480 4888 722 4941 animum
755 4904 1052 4958 magnum;
1086 4899 1350 4960 praeterea
1379 4892 1483 4942 hoc
1514 4903 1733 4958 quoque
1765 4890 1905 4959 adji-

326 4975 581 5031 ciendum
616 4988 701 5031 cst
744 4990 759 5029 :
800 4977 995 5031 Omnia
1026 4977 1277 5056 simuloiu
1322 4992 1388 5029 eo
1433 4987 1590 5031 erant
1639 4981 1906 5047 quasique

323 5068 749 5123 commixtorum
783 5067 913 5123 unio
943 5077 1063 5123 erat
1109 5069 1164 5122 in
1193 5084 1259 5123 eo
1292 5068 1621 5139 diverseque
1663 5068 1903 5123 sentien-

326 5161 464 5214 tium
497 5174 829 5226 consensus;
870 5161 997 5215 inde
1034 5168 1218 5216 tamen
1253 5162 1541 5216 harmonia
1568 5177 1675 5217 non
1702 5163 1902 5227 oritur,

326 5252 422 5306 sed
487 5251 761 5308 conlusio.
798 5251 973 5310 Homo
1018 5257 1164 5311 enim
1217 5255 1429 5311 varium
1491 5254 1623 5325 quid
1664 5265 1718 5309 et
1769 5253 1907 5308 scri-

324 5340 577 5413 ptoribus
638 5347 927 5400 materiam
976 5346 1030 5403 in
1084 5355 1374 5418 utramque
1438 5356 1649 5417 partem
1721 5346 1899 5402 offert.

328 5437 706 5507 impelleretur
735 5439 939 5510 aliquis
979 5440 1047 5496 ad
1096 5442 1325 5510 sphazrte
1361 5440 1512 5494 illum
1557 5441 1906 5510 aequiparan-

325 5530 482 5593 dum,
517 5544 625 5585 non
673 5539 895 5587 mutata:
931 5541 1126 5585 natura
1155 5531 1313 5600 juxta
1356 5532 1588 5602 antiqua
1620 5531 1902 5598 miracula,

330 5620 422 5674 scd
455 5620 773 5679 diversitate
805 5640 1045 5680 morum.
1066 5625 1123 5680 Si
1162 5627 1215 5679 in
1234 5641 1299 5682 eo
1327 5634 1549 5681 exstare
1576 5624 1715 5680 duos
1741 5624 1907 5680 cados

327 5714 530 5784 aliquis
550 5715 779 5785 diceret,
804 5734 970 5774 unum
1002 5718 1159 5773 bonis
1187 5719 1433 5790 plenum,
1461 5718 1692 5770 alterum
1721 5714 1903 5778 malis,

327 5821 450 5881 qua:
515 5808 607 5864 ille
692 5810 949 5868 hauriens
1022 5815 1370 5883 miscensque
1434 5807 1739 5869 ell'undcret
1805 5808 1876 5863 de

2008 4616 2382 4686 πολύστροφος
2420 4612 2648 4688 ἦν,νκαὶ
2693 4617 2833 4672 κατὰ
2871 4620 2969 4689 τὴν
3009 4621 3303 4691 ἀρχέγονον
3347 4621 3584 4675 ἀνείδεον

2009 4707 2142 4776 ὓλην
2168 4709 2372 4763 ἅπασιν
2398 4709 2712 4763 ύποτέθειτο
2739 4711 2904 4764 εἴδεσι
2934 4711 3227 4774 πολυειδῶς
3247 4728 3262 4745 ·
3288 4707 3363 4765 ὧν
3387 4712 3452 4764 τὰ
3484 4710 3584 4780 μὲν

2008 4800 2280 4853 ἐπαινοῖτο
2301 4839 2316 4864 ,
2347 4800 2414 4854 τά
2446 4800 2489 4854 δ’
2516 4801 2615 4856 οὐκ
2647 4802 2731 4857 ἀν.
2761 4803 2918 4857 Ἔστι
2951 4804 2997 4856 δ’
3022 4804 3108 4857 ἐπ’
3132 4806 3295 4858 αὑτοῦ
3334 4823 3582 4876 προσαρ-

2011 4894 2173 4963 μόσαι
2207 4892 2298 4945 καὶ
2324 4891 2385 4945 τὸ
2416 4887 2553 4946 εἶναι
2590 4895 2689 4964 μέν
2715 4912 2837 4948 τινα
2869 4897 3003 4966 παρ’
3029 4897 3177 4967 αὐτῷ
3210 4893 3411 4963 οἶκτον,
3441 4894 3585 4951 εἶναι

2007 4984 2063 5036 δὲ
2095 4985 2185 5037 καὶ
2217 4983 2388 5046 θυμὸν
2419 4985 2625 5054 μέγανο
2658 4984 2737 5038 ἔτι
2768 4985 2827 5039 δὲ
2859 4987 3195 5057 συμὸιόἀσαι
3228 4990 3322 5041 καὶ
3352 4991 3410 5040 τό
3433 5004 3449 5020 ⁸
3473 4985 3584 5042 Ἦν

2010 5072 2143 5142 ὁμοῦ
2186 5075 2243 5126 ἐν
2278 5072 2424 5144 αὐτῷ
2461 5077 2718 5143 χρήματα
2757 5077 2956 5142 πάντα,
2991 5079 3086 5130 καὶ
3122 5079 3196 5141 ὡς
3231 5079 3583 5147 πολυμιγέων

2007 5165 2203 5227 ἓνωσις
2240 5161 2309 5235 ἦν
2340 5182 2424 5228 τις
2465 5168 2559 5219 καὶ
2597 5167 2727 5236 παρ’
2753 5168 2902 5238 αὐτῷ
2947 5170 3040 5221 καὶ
3078 5170 3201 5238 δίχα
3243 5171 3584 5239 φρονεόντων

2011 5254 2390 5325 συμφρόνησις
2412 5272 2423 5284 ·
2460 5257 2522 5309 οὗ
2562 5258 2705 5329 μὴν.
2742 5259 2867 5312 ὅθεν
2897 5262 3277 5329 συγκροτεῖται
3315 5262 3585 5331 ἁρμονίας

2007 5345 2197 5417 ἀρετὴ,
2239 5346 2379 5401 ἀλλὰ
2414 5348 2583 5402 κακία
2620 5350 2959 5419 συγχύσεως.
3005 5350 3350 5421 Πολύτροπον
3386 5353 3495 5422 γάρ
3531 5369 3584 5407 τι

2007 5440 2200 5511 χρῆμα
2241 5442 2270 5493 6
2310 5441 2473 5513 ἀνὴρ,
2509 5443 2601 5494 καὶ
2643 5442 3042 5512 πολυπόριστον
3077 5445 3189 5506 τοῖς
3234 5444 3316 5512 ἐφ’
3344 5445 3585 5516 ἑκάτερα

2008 5532 2241 5602 γράφειν
2288 5532 2503 5596 δεινοῖς.
2557 5533 2840 5603 Ἐναχθείη
2889 5534 2933 5587 δ’
2973 5535 3040 5589 ἄν
3088 5551 3171 5597 τις
3220 5537 3314 5588 καὶ
3366 5536 3584 5607 σφαίρῳ

2008 5624 2172 5677 αὐτὸν
2217 5623 2575 5693 παρεικάσαι,
2623 5624 2684 5676 οὐ
2728 5622 2806 5693 τῷ
2858 5624 3399 5694 μεταλαμϐανομένῳ
3444 5627 3584 5696 πρὸς

2008 5718 2224 5786 γένεσιν
2256 5717 2400 5769 κατά
2436 5713 2670 5768 παλαιὰν
2701 5717 3024 5786 τερατείαν,
3057 5715 3194 5769 ἀλλὰ
3228 5720 3363 5786 πρῖς
3397 5733 3583 5770 manv

2009 5806 2128 5859 λίαν
2156 5804 2323 5875 ἠθῶν.
2356 5803 2419 5858 ΕΞ
2450 5806 2504 5858 δὲ
2536 5805 2628 5859 καὶ
2658 5806 2713 5858 ὲν
2741 5804 2887 5876 αὐτῷ
2916 5804 3009 5860 δύο
3035 5805 3223 5871 πίθους
3253 5808 3475 5863 ἑστάναι
3498 5827 3583 5874 τις
