3930 6232
299 380 354 443 21
1013 376 1109 437 DE
1144 375 1725 437 TIIESSALONICA
1762 376 1967 439 UBBE
2001 382 2049 440 A
2090 383 2400 445 LATINIS
2438 384 2702 448 CAPTA.
3442 384 3515 448 2?

301 473 437 543 φαίη,
463 471 559 526 τὸν
591 471 692 543 μιν
721 466 941 539 ἀγαθῶν
973 468 1179 540 πλήρη,
1211 468 1396 521 κακῶν
1429 469 1487 521 δὲ
1518 468 1610 521 τὸν
1638 470 1848 538 ἕτερον,

1968 488 2141 540 super,
2199 476 2457 547 pleraque
2489 492 2615 533 vero
2649 493 2713 531 ex
2762 493 2870 532 uno
2902 478 3039 531 cado
3086 477 3371 569 malorum,
3422 477 3515 530 illa

296 558 362 619 ὧν
396 563 697 634 ἀρυόμενος
738 562 831 614 καὶ
877 561 1265 629 καταμιγνύων
1306 561 1509 622 ἐκεῖνος
1552 560 1846 629 ὲπεμέτρει

293 656 389 717 τοῖς
413 654 502 707 ὕπ’
525 652 711 715 αὑτὸν,
738 652 804 705 τὰ
833 651 1003 704 πλείω
1026 651 1083 702 δέ
1111 667 1173 716 γε
1201 649 1362 718 μόνου
1387 647 1479 701 τοῦ
1507 648 1614 700 τῶν
1638 648 1843 713 κακῶν,

291 745 537 811 αίνίξαιτο
565 745 633 797 ἀν
660 743 1101 813 προσφυέστατα.
1125 737 1233 793 Ἦν
1258 741 1367 809 γάρ
1396 740 1724 809 σύμμικτος,
1751 742 1844 794 καὶ

1952 566 2054 619 sibi
2084 581 2206 621 esse
2241 569 2425 622 innata
2460 570 2784 625 insinuaret.
2833 570 2964 624 Erat
2995 571 3137 625 cnim
3173 566 3515 632 cOmiuistus,

1953 656 2021 708 de
2065 658 2394 727 integritatis
2432 669 2613 713 autem
2650 660 2854 730 ‘gratia,
2886 676 2986 717 nec
3015 670 3135 715 erat
3181 676 3285 714 non
3326 660 3518 716 mistus

1957 762 2056 802 nec
2108 750 2239 805 bene
2271 752 2486 807 mistus.

290 840 408 912 πρὸς
450 839 736 910 ἀκραιφνῆ
781 841 940 907 χάριν
981 839 1081 889 οὐκ
1125 835 1398 904 ἄκρατος,
1441 836 1562 889 οὐδὲ
1609 837 1714 906 μὴν
1754 837 2038 911 εὔκρατος.

354 935 432 1002 ιβ’.
472 933 617 985 Ἀλλ’
635 931 780 984 οὕτω
803 931 899 999 μὲν
925 928 1096 981 ταῦτα
1119 927 1574 997 παρεκὸεὸάσθω,
1598 930 1849 999 καιρίως,

2026 938 2111 992 12.
2158 939 2222 991 At
2263 939 2355 992 illa
2385 939 2475 993 hic
2519 937 2805 1000 liniantur,
2854 952 3182 1009 opportune.
3217 952 3373 1010 puto,
3416 957 3518 999 nec

290 1020 447 1092 οἶμαι,
483 1022 581 1073 καὶ
625 1020 746 1074 οὐδὲ
797 1021 937 1072 πάνυ
967 1035 1020 1071 τι
1049 1018 1348 1085 ἀμεθὸδως.
1390 1016 1530 1085 Ἐγὼ
1570 1018 1625 1071 δὲ
1677 1018 1851 1089 βραχύ

1968 1031 2177 1083 »ηιιιῑιιο
2223 1031 2340 1085 sine
2381 1030 2661 1085 methodo.
2697 1030 2803 1098 Ego
2837 1046 2965 1085 vero
3004 1033 3149 1085 brevi
3183 1033 3413 1087 devenio
3450 1034 3517 1089 ad

289 1132 335 1167 τι
372 1113 562 1182 ἄνειμι
616 1110 756 1181 πρὸς
806 1111 895 1162 τὸν
932 1105 1001 1179 ἦν
1048 1110 1145 1179 μὲν
1172 1110 1259 1161 ὅτε
1307 1109 1354 1180 (ὃ
1412 1109 1651 1179 μακρὰν)
1710 1112 1854 1174 τινὸς

1968 1118 2230 1183 )avidem,
2263 1129 2505 1190 tempore
2535 1137 2644 1189 quo
2676 1121 2840 1192 (quod
2872 1133 2957 1177 est
2990 1123 3169 1194 longe)
3195 1124 3377 1194 aliqua
3402 1137 3521 1181 erat

292 1203 460 1273 φιλίας
494 1200 681 1265 Δαυῒδ,
714 1198 811 1252 νῦν
836 1199 890 1251 δὲ
923 1200 1112 1269 μίσους
1143 1199 1490 1267 παγκοπμίου
1510 1198 1681 1264 ἀξιον.
1701 1200 1851 1270 Ταχὺ

1968 1210 2188 1263 Imicitia
2239 1210 2473 1279 dignus,
2507 1226 2654 1265 nunc
2683 1228 2809 1267 vero
2859 1212 3056 1283 dignus
3106 1215 3273 1269 totius
3306 1216 3521 1285 generis

290 1294 378 1362 μὲν
397 1292 676 1362 ἔστρεψας
710 1290 875 1353 νῶτα,
896 1287 941 1341 ὦ
961 1304 1127 1356 γεννα
1137 1288 1332 1351 ιότατε,
1371 1286 1594 1356 φεύγειν
1615 1301 1629 1316 ⁸
1657 1288 1849 1341 θᾶττον

1968 1299 2102 1353 adio.
2144 1298 2439 1369 Promptus
2474 1302 2539 1356 ad
2579 1310 2794 1371 tergunt
2826 1306 3153 1358 vertendum
3198 1304 3268 1359 ob
3317 1304 3521 1374 fugam,

287 1384 337 1439 δὲ
385 1383 808 1453 ἀντιμέτωπος,
846 1384 947 1437 οὐκ
1000 1383 1081 1445 είς
1128 1382 1574 1453 ἀντιπαράταξιν,
1612 1381 1727 1435 ἀλλ’
1767 1383 1849 1444 είς

1968 1403 1987 1442 9
2030 1388 2352 1454 fortissime,
2395 1392 2697 1461 promptior
2729 1406 2859 1446 vero
2906 1392 2972 1446 ad
3009 1394 3327 1447 vertendum
3370 1392 3521 1448 fron~

286 1477 542 1531 δούλωσιν
568 1477 833 1547 ἔδραμες,
856 1477 938 1538 είς
961 1473 1215 1528 τοσοῦτον
1232 1478 1297 1546 τῇ
1321 1478 1468 1545 φυγῇ
1489 1474 1844 1546 προσμείνας,

284 1571 354 1633 είς
381 1570 513 1623 ὅσον
563 1568 825 1638 ἄνανδρον
876 1566 975 1637 τὴν
1025 1567 1263 1639 στροφὴν
1319 1566 1721 1633 ἐπιδείξασθαι·
1761 1567 1847 1619 ἵνα

290 1659 453 1730 μηδέν
477 1676 534 1712 τι
564 1658 951 1726 γενναιότητος
974 1657 1118 1729 ἴχνος
1143 1660 1202 1711 ὲν
1232 1659 1316 1711 σοὶ
1352 1658 1697 1729 εὑρίσκηται,
1726 1642 1850 1729 μήτ’
1884 1652 1925 1707 Β

284 1756 336 1807 ιν
360 1756 431 1826 τῇ
465 1753 777 1824 πολιορκίᾳ,
800 1753 867 1823 ἢν
899 1755 993 1805 καὶ
1020 1753 1315 1823 εὐχόμενός
1349 1769 1452 1805 που
1480 1748 1621 1823 ἦσθα
1658 1769 1852 1819 συγκε-

285 1843 658 1914 φαλαωθῆναι
691 1846 899 1913 τάχιον,
936 1842 1011 1905 ὡς
1041 1844 1097 1895 ὲν
1128 1844 1242 1906 τοῖς
1285 1842 1480 1911 ἐφεξῆς
1514 1843 1851 1912 ὐποκρουσό-

290 1934 444 2006 μεθα,
478 1935 619 2005 μήτε
654 1936 794 2003 μετά
842 1935 943 2003 τὴν
979 1934 1200 1997 ἅλωσιν,
1233 1935 1290 1986 ἐν
1389 1934 1603 2003 ἐψεύσω
1634 1934 1728 1987 καὶ
1760 1936 1851 1987 τὸν

283 2030 664 2099 ἀνδριζόμενον
700 2030 795 2083 καὶ
822 2031 914 2083 τὸν
940 2028 1231 2099 φεύγοντα,
1268 2021 1347 2090 οἷς
1372 2026 1596 2096 φεύγειν
1623 2025 1851 2097 τραπεὶς

283 2120 613 2183 ἑπιδέδωκας
662 2120 890 2173 σεαυτὸν
951 2121 1063 2182 τοῖς
1115 2117 1252 2189 μηδὲ
1306 2115 1613 2171 διώκουσιν.
1657 2116 1851 2178 Αύτοϊς

284 2211 388 2281 γὰρ
434 2212 574 2266 ἄλλα
627 2214 687 2264 ὲν
732 2212 893 2282 φρεσὶ
941 2210 1237 2280 μεμέλητο,
1264 2209 1331 2262 τά
1380 2208 1486 2279 πρὸ
1535 2208 1723 2278 ἔργου,
1755 2206 1850 2260 καὶ

284 2304 558 2370 ἀναγκαῖα
599 2301 754 2370 σφίσι
779 2300 919 2354 ιρσοῦ
940 2301 997 2354 δὲ
1025 2302 1125 2354 οὐκ
1155 2300 1242 2365 ἂν,
1276 2295 1453 2369 οἶμαι,
1478 2297 1850 2367 οὐδὲεμνήμην

285 2392 460 2462 ἔσχον,
495 2394 545 2447 εί
575 2393 651 2464 μὴ
679 2391 1009 2462 ἐνεφάνισας
1042 2393 1285 2447 σεαυτόν.
1320 2392 1507 2445 Οῐόασι
1548 2390 1655 2461 γάρ
1684 2390 1734 2441 οί
1766 2388 1853 2441 εὐ-

286 2483 456 2549 γενῶς
506 2482 746 2553 ἀνδρεῖοι
790 2482 1125 2552 ἐξαθερίζειν
1160 2481 1250 2535 τὸν
1298 2483 1372 2552 μὴ
1403 2480 1643 2533 τοιοῦτον
1686 2496 1851 2548 στρα-

287 2572 475 2640 τηγὸν,
495 2574 681 2626 ὁποῖον
706 2572 771 2644 δή
796 2591 916 2626 τινα
940 2574 1218 2637 κατέγνων
1249 2574 1343 2626 καὶ
1377 2572 1458 2636 σὲ,
1488 2568 1569 2634 οἷς
1612 2570 1721 2624 τῶν
1751 2573 1851 2642 τῆς

287 2666 382 2735 σῆς
418 2664 755 2734 ἀὸελτηρίας
786 2665 1140 2734 πεπείραντο.

354 2755 445 2823 ιγ’.
488 2757 652 2809 Ἀλλά
684 2755 739 2809 τί
767 2756 831 2826 δὴ
875 2744 1232 2827 παρενεχθεὶς
1262 2756 1365 2809 ὑπὸ
1394 2754 1488 2809 τοῦ
1526 2757 1729 2820 πάθους
1759 2758 1853 2811 καὶ

287 2844 392 2897 τῶν
435 2845 587 2915 ἄρτι,
626 2850 724 2900 καὶ
773 2848 832 2899 ὲν
879 2845 1177 2917 ὀφθαλμοῖς
1210 2846 1523 2917 γενόμενος,
1556 2847 1853 2903 ἀποπλανῶ

204 3008 207 3011 Α
291 2936 378 2988 τον
399 2937 576 3007 χρόνῳ
610 2937 731 2990 ποθ’
764 2936 996 3008 ὕστερον
1027 2939 1397 3007 ἀκουσόμενον
1425 2937 1517 2990 τοῦ
1548 2955 1851 3009 συγγραφι·

294 3028 401 3089 κῶς
444 3027 646 3080 εἰδέναι
692 3028 763 3080 τά
808 3027 914 3080 τῶν
955 3029 1078 3082 καθ’
1104 3030 1250 3099 ἡμᾶς
1282 3030 1340 3092 ἐξ
1384 3030 1557 3098 ἀρχῆς
1590 3029 1718 3100 ἄχρι
1760 3029 1854 3081 καὶ

296 3121 549 3189 πέρατος,
583 3123 669 3174 ἱνα
728 3119 1157 3190 παρακολουθῶν
1205 3120 1410 3190 εἰδείη,
1464 3120 1524 3185 ἐξ
1570 3123 1697 3174 οἴων
1746 3122 1854 3174 τῶν

299 3209 461 3262 πάλαι
519 3207 608 3263 οἷα
652 3210 722 3263 τὰ
768 3209 864 3265 νῦν
888 3226 903 3239 ⁸
938 3214 1034 3264 καὶ
1066 3211 1131 3264 τὰ
1170 3213 1271 3281 μὲν
1322 3212 1639 3265 παθαίνοιτο
1661 3251 1677 3278 ,
1705 3214 1771 3266 τὰ
1799 3214 1857 3266 δὲ
1884 3192 1930 3254 C

299 3295 469 3360 ἄλλως
497 3297 775 3367 θαυμάζοι
793 3315 807 3329 ·
842 3297 910 3350 τά
936 3299 993 3352 δὲ
1021 3299 1136 3362 καὶ,
1165 3300 1320 3371 εἴπερ
1355 3299 1549 3365 ἐθέλοι,
1596 3301 1858 3370 μανθάνοι

299 3387 412 3441 καθ’
448 3390 695 3459 ἱστορίαν
724 3392 1146 3461 ὲπιλεγομένην,
1175 3393 1276 3444 ὅσα
1318 3394 1428 3453 τοῖς
1457 3390 1552 3445 νῦν
1584 3394 1863 3463 συγκυρή-

301 3495 429 3548 μασι
455 3484 739 3551 χρήσιμας
764 3481 830 3536 Τί
860 3482 917 3535 δὲ
948 3482 1021 3553 μὴ
1047 3483 1286 3552 κεφαλήν
1318 3500 1441 3538 τινα
1465 3484 1695 3548 ὲφιστῶ,
1717 3485 1862 3538 καθά

300 3587 400 3624 τινι
431 3574 668 3642 σώματι,
700 3577 765 3644 τῇ
800 3579 1090 3643 συγγραφῇ
1115 3574 1309 3644 ταύτῃ,
1327 3574 1396 3626 δι’
1417 3570 1483 3646 ἧς
1515 3575 1861 3628 καταϐαίνων

299 3661 518 3735 τῷλόγῳ
531 3663 847 3732 προποδίσω
857 3664 1204 3729 εὐόδω;,ἐνθα
1218 3665 1280 3716 τὸ
1293 3663 1691 3734 ἕσχατον,ἔνθεν
1704 3667 1859 3733 eam;

369 3758 445 3811 ιδ’.
476 3758 691 3811 Μέλλον
721 3752 860 3811 εἶναι
894 3759 1170 3827 φαίνεται,
1194 3758 1338 3812 καθὰ
1363 3758 1483 3829 Θεῷ
1502 3759 1859 3830 εὐηρέστητο,

303 3849 513 3904 πεσόντι
543 3850 625 3919 τῷ
654 3849 928 3920 Κομνηνῷ
973 3851 1184 3918 βασιλεῖ
1228 3851 1486 3921 Μανουὴλ
1515 3868 1865 3920 συγκαταπε-

306 3943 412 3995 «iv
432 3944 524 3996 καὶ
557 3943 613 3995 ετ
636 3959 691 3995 τι
722 3943 782 3995 ιν
825 3942 1124 4011 Ῥωμαίοις
1152 3943 1355 4014 ὄρθιον,
1377 3944 1473 3997 xa‘t
1500 3943 1575 4007 ὡς
1600 3938 1687 3997 οἷα
1710 3941 1862 4014 ἡλίου

304 4033 505 4086 ἑκείνου
532 4032 907 4097 ἐπιλιπόντος,
951 4034 1214 4104 ἀμαυράν
1262 4035 1519 4103 γενέσθαι
1555 4036 1738 4089 πᾶσαν
1765 4034 1863 4107 τὴν

306 4124 419 4177 καθ’
449 4126 623 4195 ἡμᾶς.
669 4123 886 4177 Οὐκοῦν
928 4124 1171 4194 ἀπῆλθεν
1215 4126 1439 4193 ὲκεῐνο;,
1494 4123 1623 4180 ἔνθα
1675 4127 1863 4196 ἐχρῆν,

302 4214 541 4288 διαδοχὴν
572 4217 737 4287 ἀφεὶς
782 4218 1000 4285 γένους,
1032 4218 1132 4287 οὐχ
1158 4218 1274 4270 οἵαν
1321 4218 1512 4288 ἐχρῆν.
1552 4219 1727 4273 Παῖδα
1753 4219 1863 4287 γάρ

304 4309 490 4377 μικρόν
515 4326 571 4361 τι
633 4307 1034 4377 παρηλλαχότα
1062 4308 1153 4361 τὸν
1178 4310 1550 4379 παναφήλικα,
1587 4309 1662 4380 μὴ
1689 4311 1770 4363 ὅτι
1799 4327 1863 4378 γε

304 4394 568 4465 βασιλείας
597 4398 866 4466 μεγίστης
889 4398 1114 4465 κρατεῖν
1165 4398 1266 4450 οὐκ
1309 4399 1502 4467 ἔχοντα
1533 4398 1600 4451 δι’
1641 4399 1863 4466 ἑαυτοῦ,

301 4487 411 4540 ἀλλ’
431 4490 553 4542 οὐδὲ
576 4490 722 4542 κα.τά
746 4489 949 4552 παῖδας
988 4488 1354 4544 διατεθεῖσθαι
1385 4491 1640 4562 στερεῶς,
1672 4492 1864 4561 ἀμέλει

1896 4532 1943 4592 D

1957 1492 2082 1545 tem,
2114 1498 2220 1537 non
2252 1484 2318 1537 ad
2351 1497 2672 1539 conversam
2706 1484 2903 1550 aciem,
2938 1486 3030 1540 sed
3055 1485 3121 1539 ad
3152 1486 3520 1556 captivitatem

1955 1574 2285 1637 cucurristi,
2335 1576 2523 1627 tandiu
2578 1574 2630 1627 iu
2685 1574 2810 1645 fuga
2867 1590 3228 1645 perseverans
3275 1577 3516 1646 quandiu

1955 1666 2244 1735 ignobilem
2274 1667 2701 1722 conversionem
2737 1668 3187 1733 demonstrares;
3213 1669 3286 1723 ita
3317 1676 3374 1722 ut
3408 1670 3525 1721 ιιιιισ

1955 1758 2068 1811 lum
2106 1758 2449 1813 fortitudinis
2482 1761 2775 1830 vestigium
2808 1761 2861 1814 in
2902 1771 2952 1815 te
2974 1761 3252 1815 inventum
3293 1762 3387 1825 sit,
3426 1777 3526 1815 nec

1954 1854 2197 1916 tempore
2229 1849 2554 1913 obsidionis,
2589 1865 2708 1920 qua:
2741 1860 2796 1905 ut
2823 1851 2989 1905 citius
3020 1852 3287 1915 finiretur,
3322 1852 3522 1919 passim

1953 1946 2080 1991 vota
2147 1937 2437 2004 fundebas,
2497 1940 2642 1994 sicut
2699 1942 2754 1995 in
2820 1926 3100 2010 posterum
3142 1944 3523 2011 exprobraturi

1954 2041 2183 2092 sumus;
2223 2042 2321 2081 nec
2362 2039 2484 2096 post
2515 2029 3000 2099 expugnationem,
3040 2045 3147 2097 quo
3177 2042 3415 2098 tempore
3448 2030 3523 2083 fe-

1956 2119 2141 2173 fellisti
2177 2128 2231 2174 ct
2263 2120 2456 2173 fortem
2502 2129 2557 2175 et
2600 2119 2921 2189 fugientem,
2971 2122 3195 2189 quibus,
3242 2122 3295 2176 in
3339 2122 3521 2190 fugam

1957 2225 2182 2276 versus,
2214 2212 2448 2277 tcipsum
2483 2210 2757 2265 tradidisti
2794 2212 3011 2265 minimc
3044 2213 3523 2281 persrqtleulibtts.

1958 2301 2074 2354 Alia
2105 2302 2246 2354 enim
2270 2300 2379 2355 illis
2408 2315 2550 2355 cura:
2570 2309 2750 2365 erant,
2777 2301 3153 2355 antecedentia
3179 2317 3317 2371 opus
3343 2314 3528 2354 neccs-

1954 2394 2209 2460 sariaque
2245 2391 2372 2446 sibi.
2410 2390 2509 2444 Tui
2549 2406 2676 2445 vero
2725 2392 2968 2456 minime,
3020 2394 3300 2452 existimo,
3335 2393 3528 2445 memi-

1954 2480 2186 2545 nissent,
2230 2481 2335 2536 nisi
2365 2481 2715 2550 temetipsum
2746 2481 3066 2537 revelasses.
3101 2481 3234 2535 Nam
3272 2482 3442 2535 fortes
3474 2482 3527 2534 bi

1954 2571 2059 2626 viri
2089 2583 2438 2626 contemnere
2476 2562 2653 2627 solent
2678 2573 2870 2626 ducem
2920 2588 3030 2625 non
3084 2574 3273 2637 talem,
3309 2572 3526 2641 qualem

1955 2663 2079 2719 novi
2116 2672 2187 2729 te,
2217 2663 2375 2732 cujus
2407 2664 2620 2734 ignavia
2659 2664 2766 2719 illis
2796 2667 2932 2720 satis
2963 2675 3243 2733 comperta
3274 2674 3378 2718 est.

2027 2759 2113 2812 15.
2155 2759 2222 2811 At
2247 2773 2436 2828 parum
2458 2760 2636 2812 elatus
2662 2757 2923 2826 passione
2954 2766 3117 2825 atque
3146 2757 3527 2825 praesentibus.

1957 2849 2314 2918 intentusque
2341 2848 2515 2903 solum
2546 2849 2688 2902 visui
2719 2848 2976 2916 objectis,
3011 2863 3038 2899 a
3076 2846 3160 2899 via
3194 2846 3408 2901 deduco
3436 2862 3529 2916 qui

1957 2939 2252 3009 aliquando
2287 2949 2501 2993 remoto
2549 2949 2795 3008 tempore
2847 2954 2912 2992 ex
2966 2936 3198 2991 historia
3234 2937 3531 2991 auditurus

1955 3035 2037 3084 est
2058 3028 2199 3098 quod
2223 3027 2289 3081 ad
2318 3042 2416 3083 nos
2445 3030 2677 3097 pertinet
2705 3043 2733 3081 a
2759 3028 3030 3097 principio
3053 3041 3226 3093 usque
3249 3027 3317 3079 ad
3348 3026 3530 3090 linem,

1958 3121 2034 3174 ita
2060 3121 2447 3213 φθεγγοιὶοηί
2484 3120 2797 3181 intendens,
2826 3119 2894 3173 ab
2928 3120 3032 3173 illis
3061 3135 3182 3188 qua:
3221 3117 3530 3184 antiquitus

1962 3209 2028 3262 ad
2067 3207 2179 3263 haec
2229 3225 2350 3278 quae
2401 3224 2544 3262 nunc
2576 3220 2889 3276 cognoscat.
2942 3208 3058 3260 Alia
3090 3215 3271 3261 autem
3321 3207 3531 3267 ﬂetuiii,

1962 3288 2069 3356 alia
2132 3300 2744 3368 admirationcm'ejus-
2774 3301 3187 3366 movebunt;cx
3228 3298 3358 3353 aliis
3411 3309 3534 3354 tau-

1963 3395 2107 3456 dem,
2151 3394 2195 3447 si
2228 3397 2366 3456 vult,
2411 3395 2461 3445 in
2497 3393 2598 3446 hac
2636 3390 2864 3446 historia
2910 3401 3197 3454 accurata,
3231 3404 3353 3460 qum
3396 3405 3535 3461 pra!-

1963 3488 2101 3541 seuti
2131 3486 2237 3541 sint
2269 3486 2421 3539 utilia
2447 3485 2643 3540 discet.
2672 3485 2786 3539 Cur
2818 3500 2947 3540 vero
2978 3484 3105 3538 huic
3138 3484 3365 3553 scripto,
3391 3484 3535 3538 sicut

1965 3576 2187 3646 corpori
2232 3576 2470 3639 cuidam,
2510 3584 2677 3645 caput
2724 3590 2834 3629 non
2881 3575 3128 3643 impono,
3163 3584 3225 3628 ex
3267 3586 3377 3641 quo
3419 3585 3535 3625 ser-

1970 3670 2296 3723 mocinando
2322 3669 2466 3723 felici
2511 3669 2596 3722 via
2629 3669 2763 3721 irem
2794 3682 2967 3737 usque
3003 3667 3070 3720 ad
3098 3667 3257 3718 tinem
3296 3663 3538 3732 incepti?

2038 3762 2125 3817 14.
2173 3760 2230 3816 Si
2260 3760 2466 3831 aliquid
2500 3769 2708 3815 rectum
2730 3770 2811 3813 est
2841 3760 2895 3813 in
2926 3758 3210 3821 Romanis,
3246 3771 3343 3809 nos
3370 3757 3535 3809 simul

1965 3871 2088 3911 cum
2117 3857 2450 3924 imperatore
2477 3852 2723 3907 Manuele
2741 3852 3021 3906 Comneno
3038 3848 3329 3911 cecidisse,
3347 3844 3537 3915 quem;

1966 3946 2257 4001 admodum
2329 3944 2440 3999 Deo
2488 3946 2698 4016 placuit
2756 3943 2930 3997 fatum
2982 3948 3234 3996 nostrum
3293 3940 3535 3998 videtur,

1969 4054 2031 4094 ac
2102 4038 2247 4095 sicut
2322 4038 2457 4093 solis
2534 4035 2845 4091 deficientis
2920 4034 3234 4089 obscuritas
3310 4031 3536 4085 omnino

1968 4137 2169 4185 terram
2226 4126 2488 4182 obvolvit.
2537 4124 2775 4179 Decessit
2805 4122 2969 4192 igitur
2997 4121 3086 4175 ille
3111 4136 3234 4175 cum
3284 4118 3536 4183 debebat,

1970 4235 2348 4279 successorem
2376 4234 2406 4275 e
2432 4234 2531 4273 sua
2563 4216 2769 4272 familia
2795 4216 3131 4284 relinquens,
3157 4212 3247 4280 qui
3285 4226 3388 4264 non
3420 4218 3539 4262 erat

1972 4313 2391 4383 relinquendus.
2433 4309 2576 4365 Puer
2607 4308 2751 4365 enim
2779 4315 2899 4362 erat
2924 4305 3104 4360 socios
3134 4300 3537 4371 aliquantulum

1971 4419 2264 4474 superans,
2301 4417 2412 4457 non
2453 4401 2615 4455 modo
2647 4398 2861 4469 imperii
2894 4396 3071 4466 magni
3107 4394 3329 4463 regendi
3368 4393 3539 4460 impo-

1974 4506 2093 4551 tens
2128 4508 2224 4565 per
2255 4495 2523 4563 seipsum,
2552 4491 2646 4546 sed
2681 4505 2779 4545 nec
2811 4489 2977 4543 etiam
3012 4484 3357 4557 projuveuili
3379 4491 3539 4537 aetate

304 4582 392 4632 καὶ
417 4581 692 4652 ιπὲτρεψε
719 4581 935 4650 φθάσας
979 4580 1241 4650 κηδεμόνι
1286 4583 1378 4634 τὸν
1412 4582 1524 4635 υιὸν
1555 4586 1621 4653 τῇ
1673 4583 1859 4653 μητρὶ¹

1976 4587 2208 4642 ﬁrmiter
2240 4585 2548 4655 dispositus
2581 4582 2782 4645 fuerat,
2819 4578 3031 4634 scilicet
3078 4587 3232 4646 pater
3264 4574 3413 4627 illum
3447 4572 3540 4625 de-

302 4671 516 4741 ιρώτων
570 4672 709 4744 οὔσῃ
756 4671 972 4742 ὡραία,
1011 4675 1059 4725 εἰ
1119 4673 1217 4726 καὶ
1276 4672 1618 4745 κρύπτεσθαι
1674 4675 1871 4739 αὐτοὺς

306 4762 668 4834 ἐπηγγείλατο
695 4763 1017 4831 enim,th
1050 4762 1146 4816 τοῦ
1179 4764 1410 4827 κάλλους
1436 4765 1589 4835 ἥλιον
1624 4784 1869 4835 πνευμα-

307 4859 465 4919 τικῶς
503 4856 804 4924 νεφώσασα
854 4854 1001 4907 κατά
1040 4855 1336 4927 περιϐολὴν
1371 4856 1653 4927 μέλαιναν.
1702 4860 1765 4911 Ol
1807 4858 1872 4930 δὴ

308 4943 500 5014 (parte;
541 4947 749 4999 ἐκεῖνοι
782 4944 1216 5015 πυρσεύσαντες,
1241 4945 1314 5009 ὡς
1352 4946 1417 4999 ἂν
1467 4947 1656 5000 εἰδεῖεν
1695 4948 1871 5016 αὐτοὶ,

307 5037 512 5107 ἀνῆψαν
562 5038 736 5091 κακὸν
797 5037 1089 5107 κοσμικόν.
1118 5039 1228 5091 Καὶ
1274 5034 1419 5109 ἦσαν
1460 5037 1561 5109 μὲν
1592 5040 1685 5093 καὶ
1723 5040 1873 5095 ἄλλοι

307 5129 394 5181 τοῦ
438 5130 850 5203 δπιτροπεύειν,
882 5130 944 5182 ἐν
971 5123 1054 5192 οἷς
1082 5128 1177 5183 καὶ
1206 5132 1235 5182 ὁ
1274 5128 1456 5199 λαχὼν
1491 5135 1868 5202 πατριάρχεῖν,

311 5221 340 5270 ό
363 5222 454 5275 καὶ
479 5224 580 5286 τάς
612 5222 821 5291 ἀρετὰς
851 5222 949 5274 καὶ
978 5221 1070 5274 τδν
1098 5222 1254 5294 λόγον
1287 5221 1539 5291 περιττὸς
1569 5223 1869 5289 Θεοδόσιος,

307 5310 366 5364 δν
407 5316 439 5383 ἠ
480 5314 591 5368 τῶν
644 5313 974 5384 Ἀντιοχέων
1026 5315 1093 5384 τῇ
1135 5312 1509 5380 Μεγαλοπόλει
1539 5314 1875 5384 ἐχορήγησεν

310 5405 502 5472 ἀγαθὸν
527 5407 934 5477 πολυτίμητον.
972 5404 1114 5457 Ἀλλ’
1143 5406 1177 5475 ἠ
1209 5403 1347 5474 γυνὴ
1370 5407 1645 5474 προεῖχεν,
1672 5401 1759 5458 οἷα
1780 5407 1875 5459 καὶ

314 5500 440 5569 γυνὴ
457 5503 547 5555 καὶ
577 5503 791 5574 μήτηρ.
826 5498 942 5553 Καὶ
965 5494 1034 5569 ἦν
1059 5499 1152 5551 τοῦ
1185 5497 1377 5551 λοιποῦ
1406 5499 1609 5562 σκοπὸς
1628 5500 1767 5569 αὐτὴ
1787 5500 1875 5553 διὰ

315 5590 372 5642 τὸ
390 5594 804 5661 προφαίνεσθαι.
843 5591 959 5644 Καί
990 5605 1133 5652 τινες
1157 5587 1357 5657 ἔρωτος
1380 5589 1531 5658 νόμῳ
1560 5587 1875 5652 ὲτοξάζοντο

318 5684 427 5733 κατ’
449 5685 635 5753 αὐτῆς,
663 5682 1058 5746 λανθάνοντες,
1082 5679 1135 5732 εί
1160 5695 1278 5741 πως
1328 5679 1641 5748 μεσιτεύσει
1671 5682 1740 5733 τὰ
1778 5680 1874 5749 τῆς

319 5767 483 5843 βολῆς,
506 5776 577 5839 ὡς
618 5775 786 5845 ἐῴκει
824 5770 970 5843 πρὸς
1000 5766 1280 5837 βασιλείας
1326 5769 1625 5839 ἐπιτυχίαν.
1672 5769 1871 5838 ’Υπερ-

1973 4680 2326 4733 mandaverat
2369 4688 2512 4729 cura:
2533 4672 2748 4737 matris,
2767 4686 2885 4739 qtae
2913 4667 3101 4721 ﬂorida
3131 4674 3246 4719 erat
3274 4665 3328 4718 in
3358 4671 3538 4725 aetate,

1970 4770 2072 4826 etsi
2126 4767 2483 4823 occultandos
2555 4768 2822 4826 curasset,
2881 4759 3052 4814 solem
3110 4754 3539 4826 pulchritudinis

1970 4860 2325 4932 spiritualiter
2347 4858 2543 4912 nebula
2602 4855 2755 4925 nigra
2809 4852 3050 4921 undique
3077 4850 3542 4919 dbtegens.Amo-

1972 4970 2060 5009 res
2116 4954 2168 5007 bi
2224 4952 2390 5006 undas
2444 4957 2802 5017 torquentes,
2841 4955 2901 4999 ut
2954 4942 3538 5005 consueverunt,‘in-

1974 5046 2228 5100 cendium
2260 5040 2571 5097 universale
2598 5040 2996 5094 excitaverunt.
3034 5036 3137 5088 Alii
3169 5049 3384 5104 quoque
3413 5034 3541 5089 huic

1974 5134 2247 5189 curationi
2285 5131 2565 5201 praepositi
2596 5137 2775 5194 erant,
2806 5128 2948 5181 inter
2977 5140 3138 5195 quos,
3174 5124 3267 5193 qui
3306 5124 3541 5192 patriar-

1974 5229 2191 5282 cbatnm
2236 5226 2465 5280 sortitus
2518 5223 2717 5288 fuerat,
2753 5219 3100 5275 Theodosius
3133 5215 3426 5271 virtutibus
3460 5227 3542 5269 at-

1975 5332 2083 5387 que
2130 5318 2443 5385 eloquentia
2495 5315 2753 5379 eximius,
2807 5326 2966 5377 quem
3008 5306 3324 5362 omnimodo
3372 5321 3541 5358 vene-

1977 5406 2204 5461 randum
2223 5406 2541 5476 Megalopoli
2573 5406 2734 5475 elegit
2768 5402 3104 5455 Antiochena
3126 5395 3396 5451 Ecclesia.
3431 5394 3541 5448 Sed

1977 5499 2173 5551 mulier
2208 5497 2559 5567 praevalebat,
2586 5495 2852 5550 utmulier
2877 5500 2931 5545 et
2960 5498 3152 5553 mater,
3167 5495 3391 5551 eratque
3413 5482 3540 5539 ﬂuis

1976 5588 2221 5643 omnium
2269 5602 2393 5658 qua:
2440 5589 2495 5641 in
2542 5588 2717 5655 palam
2754 5582 3070 5638 adducenda
3102 5585 3272 5629 crant.
3303 5573 3535 5637 Quidam

1975 5687 2180 5743 autem,
2208 5680 2325 5750 lege
2348 5681 2573 5744 amoris,
2596 5678 2661 5732 ad
2694 5678 2837 5731 illam
2871 5670 3244 5740 suspirabant,
3276 5666 3535 5729 latentes,

1978 5786 2089 5825 non
2112 5784 2332 5841 seraper
2356 5770 2595 5839 suspiria
2620 5769 3032 5835 dedignaturam
3058 5766 3363 5826 sperantes,
3389 5766 3534 5818 quo-
