3930 6232
284 313 356 379 23
1043 316 1465 377 EUSTATHII
1488 317 1606 376 1TH
1617 314 1954 378 ESSALON
1968 318 2261 382 lCENSlS
2298 323 2858 388 METROPOLITIE
3461 331 3534 393 2i

281 417 404 457 rum
455 401 579 456 fluis
624 401 907 457 videbatur
952 403 1261 473 imperium.
1294 403 1532 459 Caeteros
1563 419 1690 458 vero
1710 407 1843 458 Vicit

1966 409 2214 475 ηκὸντιξε
2264 411 2319 463 δὲ
2373 414 2497 477 τοὺς
2555 415 2779 480 λοιποὺς
2842 417 3078 483 Ἀλέξιος
3138 420 3165 471 ὀ
3211 419 3531 490 Κομνηνδς,

280 497 508 549 Διετίας
554 495 893 559 Coinuenus.
938 511 1108 565 nepos
1163 495 1430 550 Manuelis
1479 497 1848 564 imperatoris,

280 586 706 655 primi-Augusti
767 603 961 642 zonam
1016 587 1237 652 ferens;
1285 587 1518 656 aliisque
1566 587 1851 641 videbatur

277 678 499 733 i-bat'ior
540 679 799 743 dominae,
820 680 1167 748 imperatoris
1201 679 1381 733 matri.
1415 679 1545 733 lude
1578 678 1741 749 igitur
1768 677 1852 732 in.

281 772 426 827 vidia
461 774 661 837 oritur,
693 774 981 843 illumque,
1026 774 1168 843 quod
1202 792 1221 825 ‹
1256 783 1401 828 sorte
1441 773 1720 827 communi
1764 773 1852 826 lu-

275 865 405 919 dere
445 883 465 918 ι
508 866 726 930 dicunt,
774 866 1110 936 suspicit-ns,
1146 867 1326 921 varias
1367 865 1656 920 machinas
1685 864 1856 918 ordiri

278 968 383 1010 non
421 966 622 1023 cessat,
657 959 701 1012 si
739 956 875 1013 forte
912 957 992 1011 illi
1039 958 1275 1027 aliquam
1306 957 1744 1011 vicissitudinem
1778 955 1857 1010 af-

275 1050 434 1105 ferat.
465 1048 557 1104 Sic
591 1066 722 1118 ergo
754 1067 876 1104 cum
911 1052 1120 1120 opinati
1155 1059 1338 1105 essent
1368 1057 1502 1104 tunc
1530 1049 1596 1105 de
1628 1045 1860 1119 pulcbrt'

273 1146 461 1215 gestis,
519 1162 780 1201 assensus
818 1147 1131 1202 communis
1195 1146 1272 1200 illi
1330 1146 1554 1217 pallium
1616 1144 1860 1201 contexi-

275 1237 513 1307 ttir,lquo
572 1238 659 1292 ille
710 1254 816 1292 non
876 1238 942 1291 ad
1006 1238 1333 1307 voluptatein
1400 1254 1553 1292 suam
1608 1238 1861 1290 induere-

206 1316 209 1319 ’
275 1335 382 1382 tur.
417 1330 532 1383 lloc
584 1345 715 1383 vero
774 1329 998 1400 pallium
1066 1331 1218 1383 multi
1281 1330 1370 1383 alii
1430 1336 1857 1395 contexuerunt,

271 1427 326 1472 et
391 1419 502 1474 duo
552 1436 772 1490 quoque
820 1420 912 1475 lilii
967 1421 1302 1487 Andronici,
1347 1421 1438 1491 qui
1486 1437 1552 1474 ex
1627 1420 1861 1475 Conme—

274 1513 391 1579 nis;
423 1512 516 1582 qui
563 1515 832 1583 patruelis
871 1522 990 1567 erat
1035 1512 1300 1567 lllanuelis
1345 1513 1690 1582 imperatoris
1721 1555 1735 1581 ,
1770 1528 1855 1578 ac,

272 1604 417 1656 sicut
451 1603 634 1672 lingua
671 1603 946 1675 pedestris
995 1603 1408 1669 dieerei,natus
1451 1619 1516 1659 ex
1557 1602 1746 1658 fratre.
1798 1603 1857 1658 In

271 1699 473 1748 throno
508 1696 676 1765 regali
723 1695 865 1750 sedit
899 1696 1132 1750 ultimus
1189 1712 1298 1749 non
1343 1697 1569 1750 omnino
1602 1694 1855 1763 feliciter,

273 1802 372 1840 nec
398 1787 524 1851 sibi,
558 1803 656 1842 nec
679 1788 818 1843 suis.
846 1786 1076 1842 Nomina
1107 1788 1301 1841 horum
1335 1802 1634 1859 puerorum
1670 1798 1854 1856 erant,

265 1882 442 1952 priori
475 1892 607 1937 natu
649 1883 887 1947 Manucl;
925 1882 1167 1938 Joannes
1200 1900 1330 1938 vero
1357 1885 1667 1954 posteriori,
1694 1897 1853 1953 quem

272 1973 449 2039 ipsum
486 1973 634 2025 novit
689 1973 1004 2043 imperium,
1035 1973 1496 2042 quemadmodum
1529 1981 1584 2028 et
1608 1982 1846 2043 patrem,

1961 500 2273 570 ἀδελφιδοῦς
2316 506 2415 571 μὲν
2466 503 2541 558 ὢν
2593 508 2668 577 τῷ
2711 508 3071 580 αὐτοκράτορι
3127 509 3405 578 Μανουὴλ,
3437 509 3533 579 τὴν

1959 590 2053 642 τοῦ
2088 594 2542 662 πρωτοιεϐαστοῦ
2561 597 2617 649 δὲ
2640 597 2817 668 ζώνην
2845 599 3046 668 φέρων.
3074 600 3181 653 Kal
3214 601 3534 670 προσείχετο

1961 683 2024 749 τῇ
2059 679 2338 756 δεσποίνῃ,
2370 688 2434 755 τῇ
2495 686 2590 738 τοῦ
2646 686 2908 756 βασιλέως
2973 692 3166 759 μητρὶ,
3214 689 3375 742 πλέον
3423 689 3533 743 τῶν

1963 775 2158 829 ἄλλων.
2208 776 2477 845 ’Υφέρπει
2527 774 2618 831 οὖν
2664 780 2820 849 ζῆλος
2865 780 3149 835 ἐντεῦθενο
3184 784 3274 837 καὶ
3308 783 3335 835 ὅ
3366 801 3531 852 φασιν

1959 865 2286 935 ὀστρακίνδα
2348 872 2489 923 κατᾶ
2546 868 2638 922 τοῦ
2684 871 2875 940 ἀνδρὸς
2919 871 3403 940 ύποϐὶεψάμενος,
3433 872 3532 925 οὐκ

1959 958 2101 1011 ἀνίει
2150 958 2374 1010 ἑλίττων
2431 958 2670 1028 στροφὰς
2729 958 3019 1023 ποικίλας,
3071 959 3124 1010 εῐ
3173 975 3292 1022 πως
3336 957 3533 1027 ἐκείνῳ

1932 1048 2271 1118 ,μεθεδεύσει
2327 1051 2675 1118 μετάστασιν.
2735 1050 2842 1104 Καί
2900 1069 3017 1112 πως
3057 1050 3201 1104 οὕτω
3228 1050 3383 1113 δόξαν
3421 1051 3533 1111 τοῖς

1959 1141 2264 1203 τηνικαῦτα
2295 1140 2630 1210 προφέρουσι
2660 1141 2768 1194 τῶν
2797 1141 2858 1195 εὖ
2890 1141 3217 1209 γεγονότων,
3246 1139 3533 1204 συνθεσίας

1960 1235 2076 1286 κατ’
2111 1234 2276 1286 αὐτοῦ
2325 1235 2529 1290 πέπλος
2562 1236 2849 1307 ῥάπτεται,
2888 1237 3194 1306 περιδύσων
3223 1235 3406 1295 αὐτὸν,
3438 1234 3533 1287 καὶ

1961 1325 2196 1390 συνέξων
2250 1327 2311 1378 ού
2374 1325 2509 1397 πρὸς
2579 1327 2795 1396 ἡδονήν.
2857 1327 3110 1397 ’Υφαναν
3176 1326 3232 1379 δὲ
3291 1325 3532 1378 τοιοῦτον

1962 1405 2230 1485 πέπλωμα
2262 1419 2363 1470 οὐκ
2395 1419 2566 1486 ὀλίγοι
2613 1437 2671 1472 τε
2727 1420 2928 1490 ἕτεροι,
2961 1420 3056 1472 καὶ
3110 1420 3158 1472 οἱ
3208 1418 3302 1470 δύο
3347 1419 3533 1482 παῖδες

1971 1509 2338 1579 ’Λνδρονίκου,
2368 1510 2462 1563 τοῦ
2498 1513 2562 1563 ὲκ
2598 1512 2934 1580 Κομνηνῶν·
2969 1511 3026 1575 ὃς
3068 1511 3392 1581 αὐτανέψιος
3432 1513 3533 1581 μὲν

1955 1599 2025 1674 ἦν
2050 1603 2128 1674 τῷ
2160 1605 2371 1674 βασιλεῖ
2390 1607 2672 1678 Μανουὴλ,
2706 1608 2800 1659 καὶ
2829 1606 2902 1668 ὡς
2936 1608 3000 1661 ἂν
3027 1608 3059 1678 ἡ
3087 1608 3277 1659 πεδινὰ
3297 1606 3535 1662 λαλοῦσα

1958 1697 2103 1749 είποι
2136 1697 2376 1765 γλῶσσα,
2428 1699 2642 1768 πρῶτος
2698 1699 3011 1768 ἐξάδελφος,
3043 1701 3125 1762 εἰς
3175 1698 3443 1765 βασίλειον
3474 1697 3534 1751 δὲ

1959 1786 2149 1856 θρόνον
2187 1789 2381 1843 ἑαυτὸν
2418 1790 2668 1844 ἐκάθισεν
2727 1791 2953 1862 ὕστερον
2991 1791 3051 1845 ού
3092 1791 3234 1844 πάνυ
3267 1789 3532 1860 εὐτυχῶς,

1957 1881 2068 1933 οὐδ’
2103 1879 2273 1950 αὐτῷ,
2302 1880 2427 1934 ούτε
2468 1885 2579 1945 τοῖς
2630 1882 2760 1953 περὶ
2821 1884 3003 1937 αὐτόν.
3050 1883 3319 1952 Ὀνόματα
3344 1882 3398 1934 δὲ
3423 1883 3534 1933 τοῖν

1959 1969 2171 2022 παίδοιν
2198 1971 2356 2039 ήτην,
2379 1969 2457 2040 τῷ
2476 1972 2677 2043 πρώτῳ
2698 1973 2799 2039 μὲν
2823 1973 2963 2025 κατὰ
2992 1973 3243 2042 γέννησιν
3255 1970 3533 2040 Μανουὴ).,

269 2079 379 2119 non
416 2065 590 2117 multo
622 2073 765 2132 post.
806 2062 869 2118 ili
910 2065 1075 2119 ambo
1105 2065 1324 2135 quidem
1370 2072 1501 2119 tunc
1528 2064 1853 2133 coniurave-

1972 2063 2222 2133 Ἰωάννης
2261 2064 2315 2116 δὲ
2355 2065 2429 2134 τῷ
2462 2065 2579 2135 μετ’
2605 2067 2801 2119 αὐτόν’
2830 2065 2889 2118 δν
2917 2067 3006 2118 καὶ
3042 2065 3203 2118 αὑτὸν
3235 2063 3533 2136 ἐγνώρισεν

270 2165 420 2209 ιἰιιιι.
454 2153 513 2208 in
552 2155 666 2208 illis
703 2164 824 2208 erat
868 2155 1115 2218 Alexius,
1153 2153 1420 2224 dignitate
1468 2153 1690 2224 quidem
1742 2151 1851 2207 dux

268 2261 540 2309 summus,
593 2245 869 2314 legitimus
923 2245 1181 2300 sobrinus
1237 2245 1705 2313 charissimusque
1748 2242 1854 2296 im-

271 2339 506 2405 peratori
584 2337 854 2403 Manueli;
897 2338 1119 2407 insuper
1173 2335 1412 2392 Joannes
1484 2348 1701 2404 quoque
1746 2331 1855 2387 Du-

269 2446 388 2494 cas,
427 2430 559 2493 dux,
601 2444 761 2499 quem
795 2443 859 2481 ex
888 2427 1010 2498 ipso
1042 2430 1162 2482 visu
1212 2428 1412 2498 aliquis
1451 2428 1718 2497 optimum
1761 2426 1853 2495 ju-

267 2524 507 2578 dicasset
537 2520 751 2594 (magna
791 2535 919 2573 vero
949 2519 1179 2574 materia
1206 2528 1323 2573 erat
1363 2520 1415 2573 in
1443 2519 1552 2572 illis
1578 2516 1851 2585 invidiae);

267 2616 537 2680 Caesares,
569 2612 738 2667 Maria
765 2627 794 2666 e
832 2613 1097 2682 sanguine
1131 2610 1512 2680 imperatorio,
1545 2624 1707 2680 quam
1751 2608 1854 2663 sub

267 2707 600 2776 imperatore
657 2702 905 2758 Manuele
941 2702 1091 2757 frena
1145 2701 1413 2757 Gei-i‘naua
1462 2711 1653 2756 sancto
1693 2709 1852 2769 partu

268 2803 478 2872 genuit,
520 2814 870 2869 sponsusque
914 2800 1034 2869 ejus
1079 2796 1323 2852 Joannes
1377 2795 1700 2859 Mareesius,
1756 2794 1850 2864 ju-

266 2895 422 2949 venis
469 2902 657 2957 elate,
707 2890 801 2944 sed
844 2893 923 2942 \‘ir
952 2890 1159 2942 animo.
1210 2888 1331 2942 liter
1364 2887 1547 2940 omnia
1584 2894 1643 2939 ut
1684 2887 1851 2939 multa

270 2987 412 3041 male
450 2992 677 3048 cedunt,
713 2982 804 3036 ubi
851 2981 1066 3037 insidia:
1138 2983 1304 3033 latere
1338 2994 1558 3046 semper
1590 2993 1694 3031 non
1731 2992 1855 3047 pos-

267 3085 418 3141 sunt,
465 3080 561 3131 sed
596 3072 902 3145 patefiunt;
954 3087 1145 3125 omnes
1191 3070 1500 3141 hujusuiodi
1552 3070 1853 3145 deprell-

270 3085 418 3141 sunt,
465 3080 561 3131 sed
596 3072 902 3145 patefiunt;
954 3087 1145 3125 omnes
1191 3071 1500 3141 hujusuiodi
1552 3071 1717 3139 depre
1808 3085 1853 3121 i-

270 3170 499 3234 duutur,
533 3183 643 3221 uno
675 3168 738 3220 ek
778 3164 994 3219 insidiis
1031 3163 1330 3225 revelantc,
1363 3177 1643 3230 causaque
1683 3071 1854 3236 ὴλ-

267 3274 471 3319 matur.
522 3262 728 3318 Prmest
776 3258 996 3329 quidem
1055 3258 1297 3312 curati'ix
1360 3266 1551 3322 mater,
1609 3255 1854 3309 omnium

267 3356 488 3413 domina
506 3356 618 3425 jam
643 3353 921 3409 communi
956 3350 1222 3421 suifragio
1248 3350 1527 3413 damnata,
1560 3350 1706 3420 quod
1742 3364 1849 3402 non

270 3450 506 3515 licebat;
545 3457 668 3517 post
712 3460 834 3500 eam
881 3459 1009 3499 vero
1043 3443 1202 3499 sedet
1255 3442 1402 3497 illius
1441 3443 1853 3510 imperatorque

267 3541 515 3597 Alexius.
541 3540 789 3596 Primum
831 3537 1136 3606 Augustum
1194 3550 1303 3589 non
1358 3534 1547 3587 leviter
1607 3532 1854 3586 odientcs

269 3637 552 3695 accusant,
593 3639 823 3699 postque
858 3627 1025 3680 multa
1086 3639 1373 3680 causarum
1433 3624 1659 3676 aliarum
1719 3636 1853 3675 con-

268 3728 553 3787 demnant,
604 3721 891 3792 iudicante
934 3721 988 3773 in
1026 3719 1174 3774 omni
1208 3733 1287 3780 re,
1325 3732 1449 3772 eum
1489 3716 1579 3770 illa
1631 3715 1854 3769 rectitu-

266 3818 396 3871 dine
448 3826 598 3876 nota.
651 3812 1084 3883 profundissimo
1159 3809 1495 3872 Theodoro,
1551 3805 1852 3870 oinuiscio,

268 3911 449 3981 primo
510 3909 698 3978 judice
756 3907 1160 3977 praepositoque
1221 3903 1440 3972 palatio.
1515 3900 1640 3954 Ideo
1707 3907 1855 3953 stare

271 4005 415 4058 inter
445 4000 785 4071 patriarchas
814 4001 1010 4052 solitus
1036 3997 1101 4051 ad
1135 3996 1363 4049 nihilum
1397 3991 1604 4062 redegit
1632 4005 1852 4046 omnem

271 4092 756 4149 machinationem.
795 4091 921 4143 Erat
954 4090 1099 4144 enim
1161 4095 1439 4149 versutus,
1465 4100 1591 4138 vere
1640 4083 1850 4137 omnis-

270 4187 415 4238 cius.
447 4180 783 4237 Vinciuntur
831 4194 962 4249 ergo
1014 4179 1065 4231 in
1107 4192 1306 4248 magno
1354 4175 1578 4244 palatio,
1633 4174 1852 4233 fratres,

268 4276 484 4332 Manucl
508 4287 562 4330 et
588 4274 851 4340 Joannes,
878 4275 1103 4344 insuper
1128 4282 1183 4329 et
1212 4284 1461 4325 summus
1495 4268 1601 4323 dux
1630 4267 1853 4320 Alexius

268 4381 321 4424 ct
355 4368 684 4439 praefectus;
730 4367 1175 4436 reliquorumque
1220 4362 1311 4415 alii
1372 4361 1748 4420 dimittuntur,
1800 4358 1855 4411 in

269 4458 500 4511 veritate
529 4455 746 4525 quidem
778 4455 833 4510 in
871 4456 1184 4511 hesternam
1210 4466 1448 4516 ccenam,
1481 4458 1696 4518 propter
1733 4446 1855 4501 illos

270 4549 363 4618 qui
424 4563 644 4605 camare
695 4548 971 4611 volebant,
1017 4554 1340 4615 apparenter
1388 4557 1516 4595 vero
1562 4542 1631 4594 oh
1665 4539 1858 4593 amici-

272 4644 400 4693 tiam
445 4650 610 4709 atque
657 4639 1073 4694 innocuitateni.
1111 4635 1215 4687 Alii
1253 4648 1380 4687 vero
1442 4632 1660 4685 diverso
1694 4630 1855 4684 modo

272 4732 551 4800 perierunt
610 4744 675 4784 ac
728 4728 935 4784 nemini
999 4735 1155 4782 noto.
1204 4724 1358 4779 Multi
1417 4739 1545 4779 vero
1604 4723 1852 4778 exsilium

270 4822 540 4876 obeuntes
573 4820 788 4889 seipsos
815 4820 1135 4886 punierunt,
1169 4817 1315 4870 inter
1357 4830 1498 4885 quos
1546 4822 1665 4868 erat
1696 4828 1853 4882 egre-

270 4912 392 4981 gius
428 4909 732 4980 Lapardas,
779 4910 915 4963 artis
961 4909 1220 4963 militaris
1250 4904 1635 4978 peritissimus,
1687 4919 1877 4974 quent'

272 5003 586 5072 accipitrem
620 5002 905 5057 nominare
931 5001 1294 5055 constituerat
1318 4998 1624 5054 Turcarum
1660 4998 1852 5053 Sultan

272 5097 342 5149 ob
366 5094 588 5149 consilii
615 5093 959 5161 actionisque
992 5093 1351 5147 celeritatem.
1386 5089 1492 5156 Qui
1552 5099 1684 5143 tunc
1727 5097 1850 5144 erat

273 5183 505 5239 feliciter
532 5182 795 5247 salvatus,
834 5191 1022 5249 postea
1052 5179 1344 5235 infeliciter
1377 5180 1432 5234 in
1466 5179 1687 5236 insidiis
1734 5180 1848 5233 An.

272 5271 489 5327 dronici
528 5270 878 5341 imperatoris
915 5280 1111 5342 captus
1144 5273 1325 5340 periit.

1959 2157 1989 2220 ἦ
2023 2155 2292 2224 βασιλεία,
2341 2158 2485 2210 καθᾶ
2524 2160 2616 2211 καὶ
2643 2158 2733 2210 τδν
2758 2159 2970 2227 πατέρα
3001 2157 3119 2228 μετ’
3152 2157 3210 2209 ού
3244 2156 3402 2209 πολύ.
3430 2156 3534 2208 Kal

1957 2240 2102 2300 οὗτοι
2135 2247 2232 2313 μὲν
2262 2248 2354 2302 δύο
2381 2250 2526 2307 ,τότε
2582 2249 3166 2320 συνωμοσάσθψέΕν
3210 2248 3268 2302 δὲ
3307 2249 3416 2311 τοῖς
3442 2246 3535 2301 καὶ

1974 2296 2202 2403 Ἀλέξῶς
2223 2335 2313 2412 ἦν,
2344 2296 2785 2412 πρωτοστράτωιρ
2802 2341 2902 2411 μὲν
2929 2296 3025 2412 τέην
3042 2296 3219 2406 θείαν,
3253 2296 3536 2409 ἀνεψιδοῦς

1956 2428 2011 2482 δὲ
2029 2430 2363 2502 γνήσιοςοιαὶ
2382 2432 2644 2502 ὑπερλίαν
2664 2433 2886 2503 φιλητὸς
2912 2431 2990 2501 τῷ
3011 2431 3226 2501 βασιλεῖ
3245 2430 3499 2499 Μανουὴλ
3513 2445 3529 2461 ο

1957 2522 2095 2592 πρὸς
2122 2522 2178 2574 δὲ
2223 2525 2317 2576 καὶ
2361 2523 2615 2594 Ἰωάννης
2644 2524 2875 2588 Δούκας,
2902 2526 2930 2576 6
2965 2525 3226 2593 ἔπαρχος,
3257 2522 3317 2576 δν
3350 2521 3445 2574 καὶ
3472 2520 3533 2585 ἐξ

1957 2611 2127 2681 αὐτῆς
2145 2612 2272 2675 θέας
2293 2614 2617 2683 τεκμήραιτ’
2641 2615 2707 2669 ἄν
2720 2631 2804 2677 τις
2824 2613 3197 2668 καλλιστεύειν
3224 2614 3281 2665 ἐν
3307 2611 3532 2679 ἀγαθοῖς

1961 2704 2194 2774 (μεγάλη
2221 2705 2266 2757 δ’
2294 2707 2351 2759 ἐν
2379 2708 2590 2769 τούτοις
2628 2712 2790 2776 μοῖρα
2816 2707 3022 2778 ζήλου)’
3040 2708 3133 2760 καὶ
3156 2704 3210 2759 οί
3231 2706 3528 2773 Καίσαρες,

1959 2799 1992 2866 ἡ
2027 2802 2531 2871 πορφυρογένιητος
2567 2802 2777 2869 Μαρία,
2811 2802 2876 2870 ἣν
2916 2799 3022 2852 ὑπὸ
3053 2800 3129 2869 τῷ
3163 2797 3375 2868 βασιλεῖ
3413 2796 3535 2850 Μα-

1959 2892 2120 2961 νουὴλ
2175 2896 2207 2962 ὴ
2261 2894 2319 2959 ἐξ
2364 2891 2688 2962 Ἀλαμανῶν
2746 2892 2951 2961 Εἰρήνη
3004 2890 3063 2943 τὸ
3124 2889 3280 2956 ἆγιον
3345 2887 3532 2956 ἐκείνη

1958 2986 2203 3055 γέννημα
2236 2987 2505 3054 ἐγείνατο,
2540 2988 2633 3038 καὶ
2667 2988 2694 3038 6
2739 2983 2989 3050 συζυγῶν
3040 2983 3175 3052 αύτῇ
3225 2980 3476 3049 Ἰωάννης
3504 2981 3533 3032 6

1957 3076 2293 3146 Μαρκέσιος,
2327 3077 2543 3139 νεανίας
2578 3076 2677 3145 μὲν
2724 3076 2822 3145 τὴν
2855 3074 3093 3143 ἠλικίαν,
3127 3072 3327 3133 τέλειος
3352 3070 3407 3122 δὲ
3433 3069 3532 3137 τὴν

1957 3166 2201 3237 ἀνδρίαν.
2249 3168 2438 3220 ὐποία
2464 3167 2519 3218 δὲ
2552 3168 2607 3218 ὲν
2641 3165 2905 3226 τοιούτοις
2937 3165 3010 3226 ὡς
3039 3165 3109 3216 τὰ
3139 3163 3308 3216 πολλά
3331 3162 3535 3229 ξυμπί-

1958 3277 2103 3325 πτει,
2129 3259 2259 3313 ἔνθα
2290 3262 2317 3312 6
2362 3258 2514 3328 λόχος
2545 3259 2645 3311 οὐκ
2685 3260 2799 3328 ἔχει
2837 3258 3175 3326 κρύπτεσθαι
3222 3255 3302 3317 είς
3355 3253 3530 3318 τέλος,

1958 3350 2071 3403 ἀλλ’
2097 3350 2423 3418 ἑκφαίνεται
2448 3365 2461 3378 ·
2507 3350 2799 3418 φωρῶνται
2825 3348 3026 3407 πάντες
3057 3346 3106 3397 οἱ
3133 3344 3388 3407 τοιοῦτοι,
3414 3341 3532 3403 ἑνός

1880 3424 1921 3481 C
1956 3461 2116 3495 τινων
2142 3442 2251 3495 τῶν
2271 3441 2505 3510 λοχιτῶν
2534 3437 3022 3509 καταμηνύσειντος
3046 3453 3058 3467 ·
3092 3437 3189 3489 καὶ
3216 3434 3534 3501 συγκροτεῖ-

1956 3552 2044 3588 ται
2076 3535 2220 3602 δίκη.
2256 3534 2366 3586 Kal
2408 3532 2750 3602 προκάθηται
2789 3530 2887 3599 μὲν
2915 3532 2947 3596 ἡ
2994 3530 3289 3597 ἐπίτροπ)ς
3326 3527 3530 3593 μήτηρ,

1957 3628 2125 3694 κυρία
2157 3626 2374 3680 πάντων
2421 3624 2523 3694 ἤδη
2572 3623 2992 3692 προῆεϐλημένη
3037 3621 3203 3690 ψήφῳ
3241 3623 3415 3689 κοινῇ,
3456 3617 3533 3680 ὡς

1962 3719 2036 3789 μὴ
2057 3717 2263 3787 ὤφελεν
2289 3735 2301 3747 ·
2329 3716 2673 3784 ὑποκάθηται
2696 3714 2754 3766 δὲ
2778 3716 2805 3765 ὁ
2833 3713 2945 3775 υίὸς
2970 3716 3058 3764 καὶ
3090 3711 3344 3781 βασιλεὺς
3385 3708 3535 3760 Ἀλέ-

1961 3813 2091 3878 ξιος.
2150 3812 2263 3864 Kal
2323 3806 2755 3876 κατηγοροῦνται
2825 3808 2875 3859 οί
2925 3805 3015 3858 τὸν
3078 3801 3534 3873 πρωτοσεϐαστὸν

1956 3906 2018 3957 οὐ
2052 3904 2266 3972 φαύλως
2304 3902 2625 3974 μισοῦντες·
2653 3899 2747 3952 καὶ
2777 3898 2915 3969 μετὰ
2946 3895 3118 3950 πολλὰ
3146 3898 3213 3947 τὰ
3239 3896 3329 3947 διὰ
3355 3896 3534 3963 μέσων

1959 3995 2403 4065 κατακρίνονται,
2445 3992 2798 4063 βραὸεύοντος
2842 3991 2922 4052 είς
2963 3987 3026 4041 τὸ
3056 3988 3163 4039 πᾶν
3207 3988 3273 4056 τῇ
3311 3983 3537 4055 τοιαύτῃ

1959 4089 2241 4157 εὐθυδικίᾳ
2269 4087 2362 4139 τοῦ
2392 4085 2698 4156 βαθυτάτου
2732 4081 3035 4152 Θεοδώρου,
3065 4078 3158 4132 τοῦ
3202 4075 3534 4146 παντεχνοῦ,

1957 4181 2051 4233 τοῦ
2091 4179 2426 4231 δικαιοδοτου
2460 4164 2569 4231 ’καὶ
2620 4175 2713 4227 ἐπὶ
2758 4174 2870 4226 τῶν
2913 4171 3242 4224 οῑκειακῶν·
3300 4169 3420 4222 καθ’
3474 4161 3535 4223 οὗ

1959 4271 2190 4340 θελήσας
2222 4270 2479 4337 ἐνστῆναι
2532 4270 2560 4319 ὁ
2603 4267 2779 4336 μέγας
2822 4267 2879 4315 ὲν
2916 4263 3305 4333 πατριάρχαις,
3337 4262 3535 4332 ἔσχασε

1960 4362 2142 4412 πᾶσαν
2191 4360 2249 4411 ὲν
2292 4358 2469 4419 κενοῖς
2518 4355 2786 4425 μηχανήν.
2822 4346 2930 4404 Ἦν
2988 4350 3098 4420 γὰρ
3153 4352 3180 4403 6
3227 4349 3536 4419 παντεχνὴς

1958 4450 2174 4521 ἀληθῶς
2210 4449 2537 4518 παντεχνής.
2554 4444 2987 4514 Καθείργνυνται
3017 4437 3110 4495 οὖν
3133 4443 3189 4494 ὲν
3212 4441 3289 4510 τῷ
3313 4440 3536 4511 μεγάλῳ

1960 4541 2204 4610 παλατίῳ
2234 4543 2329 4594 καὶ
2358 4541 2409 4593 οἱ
2437 4538 2682 4608 ἀδελφοὶ,
2710 4540 2737 4590 6
2771 4538 3028 4609 Μανουὴλ
3059 4537 3154 4587 καὶ
3188 4538 3215 4588 6
3256 4536 3536 4599 Ἰωάνης,

1960 4633 2095 4704 πρὸς
2119 4633 2177 4686 δὲ
2215 4634 2309 4686 καὶ
2351 4634 2380 4686 6
2411 4633 2852 4703 πρωτοστρὰτωρ
2896 4621 3155 4694 ’Ᾱλέξιος,
3184 4627 3265 4681 ἔτι
3301 4627 3356 4679 δὲ
3390 4629 3483 4679 καὶ
3512 4630 3540 4680 ὁ

1960 4727 2200 4798 ἔπαρχος
2219 4742 2236 4758 ⁸
2271 4725 2380 4780 τῶν
2410 4725 2467 4777 δὲ
2513 4724 2717 4777 λοιπῶν
2749 4724 2797 4776 οἱ
2832 4723 2933 4793 μὲν
2963 4721 3294 4790 ἀφείθησαν,
3320 4718 3540 4788 ἀληθῶς

1964 4819 2062 4888 μὲν
2114 4821 2195 4882 εἰς
2266 4818 2433 4873 ἕωλον
2504 4819 2718 4870 δεῖπνον
2772 4818 2888 4878 τοῖς
2945 4815 3293 4886 βουλομένοις
3357 4813 3539 4865 αὐτῶν

1960 4910 2338 4981 θοινήσασθαι,
2367 4910 2710 4980 φαινομένως
2738 4907 2794 4960 δὲ
2821 4908 2960 4960 κατὰ
2985 4905 3168 4974 φιλίαν
3199 4904 3295 4957 καὶ
3319 4902 3378 4956 τὸ
3398 4900 3541 4958 εἶναι

1958 5001 2284 5056 ἀνύποπτοι.
2317 5004 2456 5055 Οἱδέ
2486 5018 2629 5063 τινες
2660 5000 2941 5054 ἀπώλοντο
2976 4996 3262 5060 ποικίλως,
3316 4995 3413 5048 καὶ
3461 4993 3539 5058 ὡς

1957 5097 2058 5149 οὐκ
2087 5096 2152 5150 ἄν
2178 5113 2261 5159 τις
2308 5094 2492 5146 ἴδοιτο.
2530 5092 2717 5147 Πολλοῖ
2767 5091 2823 5144 δὲ
2882 5090 2976 5143 καὶ
3016 5088 3293 5158 ὑπερορίᾳ.Δ
3318 5088 3538 5147 ἑκόντες

1959 5189 2288 5242 ἐδικαίωσαν
2322 5185 2581 5249 ἑαυτούς’
2615 5180 2688 5238 ὧν
2718 5180 2786 5254 ἦν
2826 5185 2916 5236 καὶ
2945 5184 2973 5235 6
3013 5181 3173 5244 καλὸς
3215 5181 3539 5250 Λαπαρδᾶς,

1962 5282 1992 5332 6
2045 5279 2317 5344 πάνσοφος
2367 5278 2433 5330 τὰ
2462 5277 2826 5347 στρατηγικὰ,
2866 5274 2925 5326 ὃν
2985 5273 3179 5342 ἱέρακα
3224 5272 3311 5325 διὰ
3350 5272 3410 5323 τὸ
3441 5271 3544 5342 τῆς

272 5368 585 5438 φρονήσεως
615 5370 707 5418 καὶ
735 5365 796 5419 τὸ
820 5366 961 5420 κατὰ
994 5367 1188 5437 πρᾶξιν
1210 5366 1467 5432 ὀξυπετὲς
1490 5370 1516 5420 6
1546 5370 1654 5423 τῶν
1680 5371 1936 5442 Τούρκων
1976 5373 2205 5427 σουλτὰν
2232 5372 2518 5440 ὀνομάζειν
2559 5372 2846 5441 ἐπέκρινεν
2872 5384 2887 5400 ·
2950 5372 2978 5423 ὁ
3040 5370 3163 5422 τότε
3229 5370 3327 5437 μὲν
3383 5368 3523 5422 εύτυη

274 5459 381 5531 χώς
411 5456 765 5527 περισωθεὶς,
799 5460 938 5524 μετὰ
988 5458 1047 5512 δέ
1074 5475 1137 5527 γε
1172 5459 1371 5524 ἀθλίως
1422 5463 1541 5524 ταῖς
1572 5462 1665 5515 τοῦ
1708 5464 1976 5533 βασιλέως

275 5551 368 5601 καὶ
394 5547 510 5613 ὲξολ
519 5549 694 5612 ωλώς,

343 5645 431 5700 15.
456 5646 524 5700 Ει
542 5647 613 5700 ita
644 5662 729 5702 res
749 5661 809 5702 sc
843 5647 1137 5702 habebant.
1160 5647 1221 5701 Et
1244 5663 1372 5704 vero
1404 5649 1458 5703 in
1483 5663 1591 5703 uno
1613 5647 1700 5703 die
1719 5665 1855 5718 qua-

275 5749 401 5796 tuor
432 5738 678 5794 infamati
721 5742 1120 5827 coniurationis
1152 5742 1390 5798 convicti
1429 5750 1583 5805 sunt,
1639 5742 1851 5799 scilicet

2054 5463 2400 5534 Ἀνδρονίκου
2473 5464 2568 5515 καὶ
2609 5461 2770 5524 αὐτὸς
2832 5460 3037 5527 πάγαις
3097 5458 3542 5529 περιτετυχηκὼς

2042 5652 2127 5701 ιε’.
2159 5642 2268 5699 ἿΙν
2300 5647 2356 5698 δὲ
2407 5643 2580 5698 ταῦτα
2611 5646 2752 5699 τότε.
2785 5644 2891 5698 Kal
2928 5645 3060 5705 τέως
3102 5642 3199 5712 μὲν
3249 5642 3374 5713 περὶ
3409 5640 3539 5708 μίαν

1966 5742 2180 5812 ἡμέραν
2206 5743 2253 5793 οἱ
2284 5741 2541 5808 τέσσαρες
2578 5740 2911 5810 ἠτιμωμένοι
2960 5735 3205 5790 ἑάλωσαν
3230 5735 3388 5805 δῆθεν
3417 5731 3543 5797 ξυν-
