3950 6242
389 341 462 406 27
1121 343 1544 407 EUSTATHII
1576 339 1966 403 THESSALO

2079 338 2328 402 ENSIS
2368 340 2928 403 METROPOLlT/E
3577 343 3646 403 '28

396 462 514 520 lum
547 465 730 536 Ipsum
765 477 888 518 esse
927 463 1303 532 proditurum,
1336 462 1735 532 propemodum
1778 458 1844 512 ad
1879 472 1966 511 ex-

2079 454 2170 508 τοῦ
2207 455 2445 525 μεγάλου
2467 455 2601 509 Θεοῦ
2635 457 2726 509 καὶ
2753 456 3001 524 Σωτῆρος
3030 456 3203 525 ἡμῶν,
3232 455 3322 509 τοῦ
3352 457 3633 527 Χριστοῦ),

393 559 610 626 emplar
646 556 825 625 magni
861 554 950 609 Dei
982 564 1035 610 et
1070 553 1368 608 Salvatoris
1405 554 1599 614 nostri.
1628 547 1853 617 Christi)
1897 563 1964 603 ne

393 647 600 704 rediret
655 648 994 716 sacrilegus,
1028 647 1081 700 in
1120 646 1204 698 via
1250 646 1316 698 ad
1365 643 1624 713 palatium
1678 649 1958 706 moratur;

392 738 570 796 Oseuli
603 737 770 792 soluti
807 740 862 792 lit
891 737 1105 802 dilatio,
1141 731 1204 790 ac
1249 734 1688 804 procrastinatnr
1741 732 1795 785 in
1830 732 1964 783 alte-

399 844 520 883 rum
557 838 773 898 tempus
819 827 887 883 de
930 843 1038 896 quo
1072 828 1274 881 certior
1309 825 1486 879 factus
1520 833 1604 879 est
1645 824 1962 890 imperator.

395 917 635 986 Eratque
667 918 760 968 illa
810 930 1106 986 paraseeve
1157 914 1448 968 admodum
1502 912 1675 965 tristis
1722 909 1962 979 generis,

394 1019 556 1078 atque
593 1007 951 1062 hebdomadis
981 1017 1105 1075 post
1139 1006 1484 1059 Duminicum
1518 1001 1746 1057 Pascha.
1782 1002 1836 1054 In
1863 1002 1966 1054 ista

394 1102 625 1156 collecta
669 1099 1045 1164 multitudine,
1081 1114 1184 1168 qua
1219 1099 1441 1154 solitum
1466 1107 1550 1151 est
1579 1107 1706 1151 tunc
1753 1096 1966 1164 impleri

392 1193 684 1261 palatium,
712 1192 1001 1260 perficitur
1033 1201 1164 1243 tune
1187 1192 1411 1259 quidem
1435 1189 1718 1256 amplexus
1746 1187 1960 1259 (super-

392 1283 580 1339 ﬂuitas
615 1283 1000 1353 inventionis),
1041 1281 1326 1351 perﬁcitur
1357 1281 1521 1336 simul
1571 1296 1634 1334 ac
1667 1289 1964 1343 secretum,

394 1376 674 1430 damnatio
709 1374 1036 1444 patriarchae
1071 1389 1134 1428 ex
1168 1373 1441 1438 absentia,
1475 1372 1638 1426 modo
1688 1385 1798 1439 quo
1839 1370 1964 1439 quis

395 1481 536 1534 aegre
565 1466 930 1534 eloqueretur.
970 1465 1213 1517 Aliorum
1249 1465 1394 1518 enim
1458 1460 1962 1531 archipresbyteri.)-

397 1571 519 1611 rum
540 1555 812 1610 calliditas
833 1555 901 1626 (si
935 1555 1215 1609 fatendum
1240 1554 1356 1622 sit),
1380 1554 1612 1607 aliorum
1639 1553 1967 1607 verecundia

397 1649 469 1705 ob
500 1663 752 1717 magnum
793 1648 1069 1708 timorem,
1110 1647 1345 1700 aliorum
1379 1646 1564 1700 odium
1600 1645 1850 1698 insanum
1883 1659 1970 1697 ar-

395 1739 908 1810 ebipresbyteratus
933 1738 1015 1792 sic
1046 1737 1203 1792 facile
1228 1747 1550 1806 peregerunt
1577 1751 1763 1790 casum
1797 1735 1966 1797 illius,

2072 551 2166 600 καὶ
2195 549 2386 600 ἐδεδίει
2416 550 2626 617 ἀνθρωῖ
2649 549 2774 610 ίνως
2806 551 3033 614 ἐκεῖνος,
3078 550 3475 619 εὐλαϐούμενος
3506 553 3623 603 ἁπο-

2075 639 2239 703 ϐἦναι
2272 641 2630 709 κατάσχετος,
2661 642 2753 692 καὶ
2787 640 2999 710 ὤκνησε
3030 641 3128 710 τήν
3160 643 3240 705 είς
3283 643 3349 695 τὰ
3395 642 3637 711 βασίλεια

2066 733 2214 784 ὀδοψ
2249 737 2462 796 γίνεται
2508 732 2744 800 ἀναϐολή
2790 733 2884 784 τοῦ
2937 734 3272 801 καθήκοντος
3317 735 3637 803 ἀσπασμοῦ,

2068 825 2162 878 καὶ
2195 825 2547 894 ὑπερτίθεται
2569 825 2647 887 είς
2679 825 2872 892 ἑτέραν
2899 825 3068 895 ὥραν,
3101 826 3532 896 μαθητευθεῖσαν
3567 825 3638 895 τῷ

2071 915 2302 986 βασιλεῖ.
2340 917 2449 971 Καὶ
2477 912 2543 987 ἦν
2575 917 2756 987 ἐκείνη
2793 919 3145 986 Παρασκευὴ,
3180 920 3274 970 καὶ
3318 918 3505 970 ἀλλοία
3545 921 3638 988 μέν

2068 1025 2146 1059 τις
2182 1007 2380 1076 φαύλη,
2434 1009 2526 1060 καὶ
2561 1008 2853 1078 ἑϐδομάδος
2893 1009 2949 1060 δὲ
2984 1010 3081 1077 τῆς
3116 1011 3251 1078 μετὰ
3295 1008 3392 1079 τὴν
3425 1010 3638 1076 πασχά-

2068 1099 2180 1150 λιον
2222 1101 2509 1169 Κυριακήν
2538 1115 2552 1129 ’
2587 1100 2711 1152 καθ’
2759 1101 2824 1170 ἣν
2858 1100 3209 1166 συλλεγέντος
3240 1099 3332 1152 τοῦ
3382 1099 3639 1169 πλήθους,

2068 1189 2195 1242 ὅσον
2228 1191 2414 1243 εἴωθεν
2449 1192 2507 1242 ἐν
2539 1193 2653 1251 τοίς
2686 1193 2950 1253 τοιούτοις
2981 1190 3226 1268 ιεεληροῦν
3266 1193 3331 1242 τά
3369 1191 3641 1260 βασίλεια,

2068 1281 2309 1333 τελεῖται
2346 1281 2442 1350 μὲν
2472 1282 2564 1334 καὶ
2601 1281 2662 1334 τὸ
2695 1282 3046 1334 ἀσπάσασθαι
3073 1283 3153 1344 (τὸ
3190 1282 3521 1344 ἐπιπολάζον
3547 1284 3643 1348 τῆς

2072 1372 2368 1443 μηχανῆς),
2403 1373 2738 1426 συντελεῖται
2777 1373 2834 1425 δὲ
2861 1375 2953 1425 καὶ
2983 1373 3044 1425 τὸ
3079 1373 3330 1441 κρύφιον,
3363 1374 3395 1441 ὴ
3431 1373 3490 1436 ἐξ
3517 1374 3644 1440 ἐρή-

2073 1481 2181 1535 μης
2218 1464 2311 1517 τοῦ
2353 1466 2699 1536 πατριάρχου
2743 1466 3084 1536 καθαίρεσις,
3121 1467 3195 1529 ὼς
3229 1466 3328 1518 οὐκ
3377 1465 3441 1519 ἂν
3481 1468 3645 1534 εὐφή‹

2074 1572 2187 1625 μως
2220 1557 2392 1609 είπείν
2415 1556 2528 1627 ἔχοι
2555 1574 2657 1613 τις.
2687 1557 2805 1608 Τῶν
2836 1558 2932 1625 μὲν
2959 1558 3066 1626 γὰρ
3097 1560 3396 1628 ἀρχιερέων
3431 1557 3503 1624 (εί
3537 1559 3642 1626 χρὴ

2072 1647 2260 1715 φάναι)
2298 1649 2683 1718 κερδαλεότης,
2714 1648 2824 1701 τῶν
2875 1649 2930 1702 δὲ
2972 1649 3229 1701 εὐλάϐεια
3283 1649 3421 1700 κατὰ
3473 1649 3641 1700 ποὶὺν

2073 1735 2258 1802 φόϐον,
2307 1735 2414 1788 τῶν
2445 1735 2500 1787 δὲ
2545 1736 2638 1789 καὶ
2670 1738 2822 1803 μῖσος
2856 1737 2957 1788 οὐκ
3000 1737 3321 1805 ιεύλόγιστον
3370 1736 3512 1789 κατὰ
3548 1736 3643 1787 τοῦ

397 1833 598 1888 additis
630 1799 756 1887 aliis
789 1833 1114 1902 quibusdam
1155 1839 1400 1896 senatus,
1435 1832 1722 1900 strepitum
1759 1831 1966 1885 facien-

2079 1827 2558 1897 άρχιερατεύοντος
2606 1826 2750 1880 οὕτω
2797 1828 2992 1898 ῥᾳδίως
3045 1828 3249 1894 ἤνυσαν
3283 1828 3383 1896 τήν
3431 1826 3641 1879 ἐκείνου

395 1925 565 1990 tibus,
606 1934 845 1994 quantus
883 1910 1007 1987 luit,
1033 1940 1155 1978 Clllll
1187 1924 1329 1977 nutri
1367 1923 1586 1978 Jericbo
1625 1922 1834 1978 obsessi
1884 1931 1970 1976 tu-

395 2018 482 2075 bis
514 2016 836 2072 sonantibus
865 2027 1217 2070 corruerunt.

2075 1918 2402 1989 καταϐολήν,
2435 1918 2830 1988 ἐπιτιθεμένων
2848 1925 2940 1972 καὶ
2970 1920 3077 1972 τῶν
3099 1938 3262 1975 τινων
3286 1921 3383 1988 τῆς
3408 1921 3645 1990 συγκλή-

2073 2027 2166 2063 του
2199 2010 2416 2079 βουλῆς›
2441 2009 2960 2077 κατακτυπούντων,
2986 2011 3060 2074 ὡς
3093 2013 3191 2066 οὐκ
3223 2013 3290 2066 ἂν
3317 2012 3435 2065 ούδέ
3478 2011 3642 2082 Ἱερι-

394 2106 650 2180 χούντεια
719 2107 872 2175 τείχη
929 2105 1314 2176 κατηχούμενα
1374 2103 1664 2172 σάλπιγξιν
1725 2105 1964 2166 ἐκείναις
1997 2102 2247 2156 ἔπιπτον.

466 2197 556 2252 19.
587 2199 656 2254 Ut
685 2197 814 2252 illud
835 2213 1054 2266 quoque
1077 2196 1314 2251 breviter
1339 2194 1634 2268 referatur,
1661 2197 1709 2262 (e
1725 2211 1788 2248 ur
1820 2194 1966 2247 enim

394 2290 614 2362 longum
637 2290 901 2358 scriptum
939 2288 1263 2356 prolongare
1281 2286 1349 2353 Ἰ),
1375 2286 1613 2341 turbatio
1639 2301 1832 2356 magna
1853 2296 1970 2338 erat

397 2383 454 2439 in
488 2383 692 2454 palatio
716 2423 732 2448 ,
767 2390 970 2451 quanta
1002 2389 1086 2435 est
1117 2395 1216 2449 pro
1265 2379 1372 2433 Deo
1402 2387 1624 2447 propter
1670 2377 1789 2446 ejus
1821 2378 1963 2431 veri-

399 2483 587 2538 tatem,
621 2474 860 2543 itemque
887 2473 1070 2542 populi
1105 2470 1358 2536 civitatis,
1385 2485 1448 2523 ae
1476 2470 1646 2536 ipsius
1677 2468 1923 2523 ecclesiae
1948 2507 1962 2532 ,

399 2564 568 2633 hujus
601 2563 746 2618 enim
799 2561 956 2632 pauci
993 2562 1047 2613 in
1083 2561 1186 2614 ista
1220 2562 1522 2622 irruerunt,
1555 2559 1805 2626 plerique
1837 2575 1966 2614 vero

399 2655 570 2712 Deum
606 2655 882 2709 habebant
913 2653 967 2707 in
1005 2651 1265 2706 omnibus
1299 2666 1407 2719 prae
1432 2651 1633 2714 oculis,
1656 2651 1965 2706 eventibus-

397 2762 503 2817 que
527 2762 586 2800 se
615 2745 825 2799 fortiter
854 2745 1226 2814 apponebant.
1289 2742 1626 2795 Scinduntur
1673 2758 1823 2812 ergo.
1861 2743 1966 2796 Alii

393 2838 606 2909 iuniori
654 2837 976 2907 imperatori
1027 2837 1420 2904 obsequuntur.
1450 2836 1744 2903 Postquam
1789 2844 1969 2890 autem

400 2953 572 3011 aetnel
603 2953 1018 3022 respondissent
1059 2951 1160 3014 illi,
1194 2959 1270 3012 et,
1297 2953 1502 3004 utinam
1535 2966 1642 3003 non
1676 2949 1928 3004 fecissent
1955 2952 1968 3004 l

401 3043 726 3099 didicissent
753 3040 1161 3095 damnatione-in
1198 3038 1684 3107 archipresbyteri,
1723 3051 1973 3104 perman-

2147 2214 2233 2269 ιθ’.
2271 2215 2381 2269 Καὶ
2412 2215 2472 2268 τὸ
2511 2216 2720 2269 ἐκεῖθεν
2761 2215 3169 2286 βραχυλογικῶς
3208 2220 3301 2272 καὶ
3336 2220 3466 2275 αὐτὸ
3498 2222 3639 2276 ίστοη

2079 2305 2238 2374 ρῆσαι
2285 2307 2358 2373 (τί
2417 2307 2524 2377 γὰρ
2572 2310 2977 2379 ἀναμετρητέον
3037 2309 3103 2362 τὰ
3156 2313 3296 2378 πέρα
3353 2312 3638 2383 μέτρου;)

2072 2397 2310 2466 τάραχος
2339 2399 2512 2467 μέγας
2545 2399 2655 2452 τῶν
2684 2402 2775 2452 τοῦ
2818 2402 3101 2466 πολατίου,
3136 2403 3261 2455 ὅσον
3288 2399 3355 2474 ἦν
3387 2406 3519 2473 πρὸς
3549 2405 3640 2456 τοῦ

2073 2486 2208 2538 Θεοῦ
2241 2487 2334 2539 καὶ
2357 2491 2453 2558 τῆς
2480 2489 2603 2543 κατ’
2634 2492 2796 2544 αὐτὸν
2824 2493 3099 2562 ἀληθείας,
3131 2496 3236 2548 τῶν
3267 2497 3357 2548 τοῦ
3385 2496 3511 2548 λαοῦ
3541 2497 3642 2566 τῆς

2075 2578 2299 2641 πόλεως,
2334 2580 2442 2631 τῶν
2470 2582 2641 2651 αὐτῆς
2689 2583 2752 2653 δὴ
2802 2585 2901 2653 τῆς
2941 2587 3256 2655 ἐκκλησίας.
3295 2589 3402 2640 Καὶ
3431 2589 3642 2657 ἐκείνης

2074 2670 2181 2737 γὰρ
2210 2671 2380 2738 ὀλίγοι
2409 2675 2848 2744 κατεσκίρτησαν
2878 2678 2970 2729 ἐπὶ
2991 2681 3102 2739 τοῖς
3134 2679 3450 2749 πραχθεῖσιν
3473 2695 3486 2709 ·
3516 2682 3561 2733 οί
3586 2681 3642 2734 δέ

2075 2775 2139 2827 γε
2174 2758 2389 2824 πλείους
2436 2763 2799 2833 προεωρῶντο
2842 2766 2934 2818 τὸν
2977 2768 3180 2836 Κύριον
3209 2769 3437 2822 ἐνώπιον
3463 2771 3642 2823 αὐτῶν

2075 2850 2160 2903 διὰ
2196 2853 2418 2919 παντὸς,
2471 2857 2733 2908 καὶκατὰ
2774 2856 2883 2910 τῶν
2928 2860 3334 2929 πεπραγμένων
3382 2860 3636 2928 ἐγίνοντο.

2078 2944 2286 2996 Οὐκοῦν
2317 2945 2410 2997 καὶ
2441 2945 2775 3016 μερίζονται.
2811 2947 2920 3000 Καὶ
2947 2950 2995 3000 οί
3033 2949 3130 3018 μὲν
3155 2948 3230 3017 τῷ
3266 2950 3450 3020 μικρῷ
3487 2951 3640 3019 βασι-

2075 3033 2157 3086 λεῖ
2179 3036 2512 3104 ἐκομίζοντο.
2535 3038 2645 3090 Kal.
2666 3039 2921 3103 καθάπαξ
2938 3041 3410 3109 ὑπαγορεύσαντες
3426 3041 3639 3110 ἐκείνῳ,

402 3141 598 3189 serunt
647 3135 698 3185 in
741 3132 941 3200 quibus
969 3138 1372 3199 peccaverunt,
1407 3127 1853 3193 inStittttioniqne
1885 3126 1966 3177 in-

2079 3127 2170 3178 καὶ
2200 3127 2274 3188 ὡς
2322 3129 2420 3180 οὐκ
2455 3127 2682 3195 ὤφελον,
2733 3129 3041 3194 διδάξαντες
3087 3133 3185 3199 τήν
3215 3131 3308 3183 τοῦ
3345 3133 3643 3201 ἀρχιερέως

401 3225 684 3287 ειίιοτιιιιι,
719 3238 947 3292 puerum
989 3221 1054 3275 ad
1086 3221 1391 3274 doctrinam
1424 3219 1742 3281 incitantes,
1781 3228 1838 3268 ut
1872 3218 1966 3270 ob—

2079 3217 2314 3284 Ξιτιμίαν,
2359 3217 2624 3286 ἐπέμενον
2667 3217 2746 3285 οἷς
2795 3223 3231 3292 ἐκακούργησαν,
3272 3234 3364 3278 καὶ
3427 3226 3525 3295 τὴν
3569 3227 3644 3277 δι-

402 3329 627 3371 servare
702 3320 1130 3376 consueverant;
1209 3312 1557 3377 maximeque
1625 3309 1966 3376 omnipotens

2079 3305 2364 3360 Βασκαλίαν
2397 3309 2779 3378 ἠσφαλίζοντο,
2809 3315 2901 3367 καὶ
2924 3314 3013 3368 τὸν
3044 3315 3210 3369 παῖδα
3233 3317 3312 3387 τῷ
3350 3317 3636 3387 μαθήματι

402 3413 617 3468 mater,
667 3410 898 3471 postque
971 3402 1150 3465 illam,
1215 3402 1625 3468 protosebastus
1681 3396 1773 3463 qui
1848 3408 1966 3449 tunc

2079 3398 2448 3467 ἐνερείδοντες,
2476 3406 2662 3472 τηρεῖν
2689 3405 2819 3456 αὐτὸ
2850 3405 3046 3468 εῐθιζον
3071 3421 3086 3436 ο
3130 3407 3221 3458 καὶ
3249 3406 3482 3475 μάλιστα
3511 3410 3544 3478 ή
3575 3408 3637 3460 τὺ

405 3493 686 3547 nitebatur
741 3505 837 3560 per
897 3489 1182 3543 ecclesiam
1240 3488 1356 3541 lieri
1409 3496 1642 3554 potens,
1707 3485 1975 3554 juxtaque

403 3581 748 3652 proverbium
776 3596 1011 3650 pugnam
1044 3595 1167 3633 cum
1197 3579 1518 3633 mulieribus
1559 3577 1902 3630 instituerat.

2073 3489 2181 3539 πᾶν
2201 3489 2473 3560 δυναμένη
2509 3492 2710 3562 μήτηρ,
2748 3493 2886 3547 καὶὸ
2933 3493 3048 3560 μετ’
3089 3494 3256 3564 αὐτὴν
3286 3496 3638 3565 πρωτοσεϐα-

2077 3578 2218 3643 στδς,
2259 3578 2286 3629 ὀ
2319 3579 2460 3632 κατὰ
2496 3582 2592 3649 τῆς
2633 3583 2928 3653 ἐκκλησίας
2973 3585 3093 3638 τότε
3148 3586 3446 3654 μελετήσας
3483 3587 3642 3640 δυνα-

401 3679 495 3740 «re;
544 3677 820 3745 γενέσθαι,
864 3677 959 3729 καὶ
992 3677 1088 3728 σὺν
1119 3674 1330 3743 γυναιξὶ
1365 3675 1660 3744 συστήσας,
1696 3673 1836 3727 κατὰ
1877 3673 1973 3743 τὴν
2007 3674 2325 3744 παροιμίαν,
2345 3675 2544 3746 μάχην.

471 3771 664 3826 20.11:
696 3771 919 3840 quidam
973 3778 1220 3839 egerunt,
1259 3771 1400 3824 malo
1452 3769 1725 3838 exemplo.
1780 3769 1975 3822 Caeteri

402 3877 535 3918 vero
585 3864 910 3932 patriarchae
950 3861 1361 3916 damnationem
1403 3859 1686 3926 deﬂentes,
1735 3859 1968 3915 infortu-

402 3955 668 4022 niumque
708 3956 1009 4018 Caesarum,
1043 3954 1351 4008 calamitate
1383 3967 1575 4023 magna
1611 3967 1673 4007 ae
1706 3953 1855 4006 luctu
1914 3953 1974 4005 li-

405 4047 586 4100 ninnt.
642 4043 711 4098 Ut
750 4047 894 4098 enim
952 4047 1193 4100 breviter
1244 4045 1464 4110 dicam,
1512 4044 1712 4099 bellum
1749 4059 1966 4098 sacrum

407 4134 600 4200 initur,
646 4143 703 4188 nt
736 4133 1134 4188 rationabiliter
1165 4145 1350 4201 posset
1375 4134 1504 4188 dici.
1531 4133 1680 4188 Intus
1714 4134 1770 4188 in
1801 4134 1974 4188 eccle-

404 4226 487 4280 sia
514 4240 574 4280 se
590 4225 845 4279 muniunt
865 4225 1021 4296 quasi
1049 4225 1102 4277 in
1134 4224 1440 4286 obsidione.
1460 4225 1652 4288 armis,
1679 4225 1974 4294 imperato-

406 4317 477 4372 rii
517 4333 646 4372 vero
692 4317 828 4371 loris
886 4317 1150 4385 impetum
1191 4316 1402 4370 faciunt
1454 4315 1608 4370 multi
1663 4330 1726 4369 ae
1774 4315 1967 4370 fortes.

402 4409 523 4465 Non
555 4409 710 4478 pauci
743 4423 932 4462 eorum
966 4410 1060 4476 qni
1097 4417 1226 4462 sunt
1273 4409 1327 4462 in
1361 4409 1595 4463 ecclesia
1627 4408 1850 4470 eadunt,
1888 4407 1972 4460 in-

407 4501 618 4555 numeri
645 4516 775 4560 vero
830 4489 1194 4569 imperatorii.
1234 4499 1407 4570 llujus
1438 4515 1630 4570 pugnae
1659 4499 1868 4566 aliquid
1911 4499 1965 4552 in

407 4591 589 4645 forum
627 4589 905 4642 transivit.
935 4587 1137 4643 Multos
1167 4590 1528 4659 apprehendit
1562 4603 1743 4658 pugna
1791 4588 1964 4656 impe-

408 4681 629 4738 ratoris,
662 4679 785 4733 aliis
815 4679 1038 4747 quidem
1089 4679 1312 4733 diverse
1347 4679 1558 4741 nocuit,
1594 4679 1730 4732 altos
1763 4691 1892 4730 vero
1940 4691 1970 4730 e

404 4771 514 4825 vita
564 4769 784 4837 eripuit.
839 4769 1024 4838 Longe
1074 4771 1291 4838 lateque
1317 4769 1596 4839 impletum
1647 4780 1732 4822 est
1785 4767 1968 4820 odium

408 4865 795 4934 impcratricis,
827 4877 1128 4931 omnesque
1180 4862 1351 4916 ferme
1399 4861 1530 4913 illud
1565 4859 1773 4929 experti
1822 4865 1966 4910 sunt.

404 4953 514 5010 Ora
546 4954 788 5009 omnium
828 4955 1050 5007 nomine
1084 4953 1208 5022 ejus
1240 4951 1615 5021 replebantur,
1644 4965 1750 5004 non
1781 4949 1836 5001 in
1879 4948 1970 5000 be-

407 5044 795 5106 nedictionem,
832 5054 998 5112 atque
1027 5042 1082 5097 in
1111 5042 1314 5097 malum
1348 5042 1496 5095 illius
1531 5039 1967 5109 depositioncm-

405 5152 512 5205 que
547 5138 960 5206 conspirabant.

2149 3767 2220 3822 κ’.
2263 3771 2367 3822 Καὶ
2401 3771 2543 3825 οὕτω
2571 3774 2672 3844 μέν
2710 3777 2944 3838 τινεςοί
2993 3775 3086 3830 τοῦ
3145 3777 3220 3848 μή
3271 3777 3456 3832 καλοῦ.
3501 3781 3559 3832 Ol
3586 3778 3643 3832 δὲ

2074 3857 2250 3912 λοιποὶ
2302 3861 2393 3912 ἐπί
2445 3879 2505 3914 τε
2560 3863 2638 3933 τῷ
2681 3865 3066 3936 πατριαρχικῷ
3113 3867 3642 3933 καταστυγνάζοντες

2077 3948 2524 4020 δυσπραγήματι,
2575 3953 2667 4004 ἐπί
2694 3970 2753 4004 τε
2790 3957 2854 4023 τῇ
2904 3953 3010 4008 τῶν
3044 3957 3332 4026 Καισάρων
3361 3957 3640 4028 δυστυχία,

2077 4042 2474 4108 καταλήγουσιν
2513 4045 2592 4106 είς
2623 4044 2791 4096 κακὸν
2825 4047 2966 4113 μέγα
3008 4049 3103 4098 καὶ
3141 4049 3424 4101 οῐκτιστον.
3456 4050 3641 4102 Εξπεῖν

2077 4131 2182 4199 γὰρ
2220 4131 2277 4181 ἐν
2318 4131 2676 4203 βραχυτάτῳ·
2707 4135 2942 4203 πόλεμος
2969 4137 3242 4205 κροτεῖται
3277 4138 3437 4205 ἱερῦς,
3472 4140 3544 4201 ὡς
3577 4140 3644 4192 ἂν

2081 4221 2304 4290 καιρίως
2332 4224 2464 4291 φαίη
2515 4241 2615 4286 τις.
2648 4225 2756 4278 Καὶ
2788 4225 3171 4293 στεγανοῠνται
3206 4230 3302 4296 μὲν
3331 4231 3380 4279 οἱ
3413 4231 3509 4298 τῆς
3553 4234 3641 4283 ἐκ-

2081 4313 2309 4381 κλησίας
2337 4313 2485 4374 ἐντὸς
2514 4313 2590 4376 ὡς
2637 4315 2729 4366 ἐπὶ
2761 4316 3044 4386 πολιορκίᾳ
3096 4318 3216 4386 μεθ’
3253 4319 3430 4370 ὅπλων
3455 4333 3467 4346 ⁶
3497 4323 3547 4371 οἱ
3585 4321 3643 4372 δὲ

2080 4400 2350 4468 βασιλικοὶ
2379 4403 2576 4466 ἔξωθεν
2607 4406 2982 4472 ἐπιπίπτουσι,
3033 4409 3123 4459 καὶ
3161 4409 3344 4462 πολλοὶ
3386 4410 3479 4462 καὶ
3518 4429 3641 4480 γεν-

2079 4495 2237 4546 ναῖοι.
2277 4493 2384 4544 Καὶ
2413 4494 2666 4546 πίπτουσι
2715 4496 2811 4563 μὲν
2839 4499 2936 4548 οὐκ
2969 4498 3138 4564 ὀλίγοι
3183 4500 3289 4551 τῶν
3321 4501 3378 4550 ἐν
3434 4503 3496 4569 τῇ
3551 4504 3645 4551 ὲκ-

2075 4581 2294 4652 κλησῐᾳ,
2326 4583 2432 4634 τῶν
2461 4585 2518 4636 δὲ
2557 4585 2848 4652 βασιλικῶν
2877 4589 3164 4655 ἀμύθητοι.
3187 4590 3347 4659 Διέϐη
3371 4591 3425 4642 δέ
3459 4608 3512 4644 τι
3545 4591 3641 4643 τοῦ

2078 4672 2318 4723 τοιούτου
2361 4673 2530 4725 κακοῦ
2565 4676 2658 4726 καὶ
2697 4679 2776 4733 είς
2809 4679 2905 4746 τὴν
2937 4680 3162 4747 αγοράν.
3197 4680 3269 4731 Τὸ
3299 4682 3402 4750 γὰρ
3433 4681 3641 4749 βασιλιο

2078 4763 2170 4812 κον
2209 4766 2552 4832 συμμαχικὸν
2592 4767 2804 4828 πολλοῖς
2837 4771 3167 4839 ἐνεπήδησε·
3220 4776 3312 4823 καὶ
3362 4774 3484 4824 tota;
3541 4780 3639 4841 μέν

2075 4851 2248 4914 ἄλλως
2279 4853 2498 4921 ἔϐλαψε,
2521 4862 2670 4919 τινὰς
2695 4858 2873 4934 δὲκαὶ
2898 4862 2991 4912 τοῦ
3018 4863 3114 4931 ζῇν
3140 4864 3443 4932 ἀπήγαγεν.
3483 4865 3646 4917 ὐθεν

2078 4949 2170 4998 καὶ
2207 4947 2506 4998 πλατυνθὲν
2533 4949 2593 4998 τὸ
2618 4951 2784 5002 καλὸν
2813 4951 3082 5020 ἐπλήθυνε
3107 4955 3168 5006 τὸ
3192 4955 3334 5008 κατὰ
3366 4955 3464 5023 τῆς
3492 4955 3648 5024 βασι-

2077 5036 2215 5096 λίδος
2266 5039 2440 5102 μῖσος,
2479 5039 2567 5088 καὶ
2613 5040 2831 5108 ἦπλωσε
2886 5045 3083 5113 μικροῦ
3114 5047 3221 5096 δεῖν
3254 5047 3329 5108 εἰς
3377 5045 3643 5108 ἅπαντας.

2081 5128 2185 5178 Καὶ
2215 5125 2409 5196 ἔγεμον
2435 5131 2603 5199 αὐτῆς
2628 5133 2695 5184 τὰ
2729 5137 2944 5187 πάντων
2978 5137 3244 5206 στόματα,
3275 5141 3375 5192 οὐκ
3399 5142 3476 5202 εἰς
3505 5141 3645 5209 ἀγα-

407 5227 520 5289 θδν,
547 5227 638 5280 καὶ
665 5226 1009 5280 ἐϐουλεύοντο
1037 5224 1107 5278 τὰ
1136 5225 1217 5288 είς
1237 5222 1485 5277 κάκωσιν
1512 5219 1680 5287 αὐτῆς
1707 5220 1798 5270 καὶ
1829 5215 2148 5270 ἀπόστασιν.

476 5320 568 5373 2|.
601 5318 656 5372 In
697 5319 780 5372 his
812 5333 934 5387 (Iure
973 5319 1154 5372 solent
1183 5315 1320 5384 fieri,
1354 5331 1464 5370 non
1514 5315 1689 5369 solum
1731 5309 1973 5363 vindicta

403 5411 760 5479 expetebatur
791 5426 854 5462 ex
904 5408 1406 5478 praesentibus,sed
1459 5407 1620 5460 etiam
1673 5404 1723 5456 in
1755 5402 1968 5468 longin-

401 5519 571 5573 quum
599 5503 958 5572 cogitationes
989 5518 1047 5556 se
1079 5501 1467 5556 extendebant.
1495 5497 1606 5550 illis
1643 5497 1696 5548 in
1735 5505 1968 5547 mentem

401 5599 555 5650 venit
586 5594 902 5648 Comnenus
934 5593 1308 5656 Andronicus,
1343 5606 1506 5660 quem
1553 5587 1805 5657 superius
1855 5598 1970 5637 mc-

407 5683 768 5740 moravimus.
820 5683 874 5737 In
916 5683 1024 5738 illis
1057 5685 1200 5736 enim
1233 5679 1523 5736 eventibus
1571 5678 1726 5730 fortis
1777 5676 1968 5738 miles,

408 5775 672 5828 auxilium
709 5774 1058 5841 salvatorque
1083 5771 1308 5825 futurus
1341 5769 1650 5833 videbatur,
1674 5783 1782 5821 non
1815 5783 1880 5821 eo
1913 5773 1970 5819 ut

407 5867 683 5925 laboraret
714 5865 778 5920 ad
812 5865 916 5922 sibi
950 5862 1336 5920 vindicandum
1383 5861 1568 5930 jugum
1605 5859 1839 5928 imperii,
1875 5859 1968 5915 scd

2151 5319 2255 5370 κα’.
2305 5317 2495 5371 Ὅποῖα
2533 5319 2589 5372 δὲ
2629 5322 2688 5371 ἐν
2736 5324 2846 5382 τοῖς
2889 5323 3155 5386 τοιούτοις
3206 5327 3349 5392 φιλεῖ
3375 5327 3643 5395 γίνεσθαι,

2080 5406 2140 5456 οὐ
2169 5410 2330 5475 μένον
2355 5409 2418 5458 ἐκ
2447 5409 2555 5461 τῶν
2586 5412 2734 5479 παρὰ
2767 5411 2932 5473 πόδας
2963 5413 3278 5483 ἐπορίζοντο
3303 5419 3370 5470 τά
3395 5421 3472 5481 είς
3501 5422 3644 5491 ἄμυ-

2077 5512 2190 5558 ναν,
2235 5497 2368 5550 ἁλλά
2406 5501 2500 5552 καὶ
2553 5502 2633 5563 είς
2697 5503 2767 5554 τά
2822 5504 3104 5574 πόρρωθεν
3151 5510 3470 5574 ἀνεϐίϐαζον
3519 5517 3645 5577 τοὺς

2078 5587 2390 5656 λογισμούς.
2433 5592 2543 5644 Καὶ
2587 5591 2751 5664 ἀνέϐη
2793 5597 2976 5661 αὐτοῖς
3013 5598 3105 5649 ἐπὶ
3135 5598 3258 5651 νοῦν
3303 5601 3330 5651 ὁ
3361 5602 3643 5670 Κομνηνὸς

2092 5678 2446 5750 Ἀνδρόνικος,
2477 5681 2680 5764 ὃνᾶνω
2704 5685 2796 5736 τοῦ
2827 5687 2986 5754 λόγου
3019 5689 3457 5759 παρερρίψαμεν.
3497 5692 3639 5744 Ἐδό-

2079 5786 2162 5822 κει
2221 5771 2330 5841 γὰρ
2389 5771 2684 5844 ἀξιόμαχος
2741 5776 3032 5847 ἐπίκουρος
3078 5779 3522 5849 ἀναφανήσεσθαι
3571 5780 3638 5834 ἂν

2081 5865 2214 5934 πρὸς
2243 5864 2310 5916 τά
2337 5865 2701 5935 ξυμπεσόντα,
2736 5870 2828 5923 καὶ
2864 5871 3199 5934 ἀλεξίκακος,
3228 5873 3321 5940 οὐχ
3355 5873 3490 5924 ὥστε
3527 5871 3632 5942 μὴν
