3930 6232
407 302 482 368 35
864 273 885 293 1
1111 298 1537 364 EUSTATHII
1575 292 2336 357 THESSALONJCENSIS
2375 292 2939 355 METROPOLITIE
3601 288 3672 355 Pii

411 435 516 476 nos
577 417 686 474 illis
756 415 1082 487 subiiciendi
1130 417 1482 481 allicientes;
1524 412 1636 483 iam
1691 412 1862 465 etiam
1929 409 1996 463 ad

2116 407 2401 477 Ῥωμαίων
2449 408 2799 480 στέργεσθαι,
2844 404 3195 474 ἀπέϐ).εψαν“
3220 403 3303 468 είς
3334 403 3461 467 τοὺς
3502 405 3676 457 Λατί-

411 510 772 566 inchoaudam
814 524 1049 580 pugnam
1087 506 1466 572 adduxissent,
1489 504 1592 559 nisi
1641 501 1993 557 Andronicus

409 602 524 657 cito
576 600 1008 657 transfretasset.
1062 602 1126 654 Hi
1184 609 1387 660 autem,
1431 606 1491 652 ut
1526 597 1731 649 dictum
1778 601 1881 659 est,
1920 592 1988 646 ad

411 693 614 747 bellum
649 709 868 747 sacrum
899 693 1268 763 peragendum
1315 690 1713 743 eotleeti'erant
1743 687 1987 756 quidem;

414 788 543 855 quia
590 797 771 839 autent
837 784 971 837 illud
1021 785 1167 839 brevi
1210 782 1540 838 dissolutum
1587 780 1653 834 iri
1714 778 1993 839 videbant,

409 879 747 932 otiabantur.
780 876 853 931 De
888 879 989 930 hoc
1022 891 1128 929 non
1172 876 1444 928 immerito
1477 879 1806 925 accusantur
1847 866 1997 920 Lati-

410 972 465 1023 ni
486 986 502 1034 ;
524 969 656 1022 nihil
680 969 862 1023 dicere
907 969 1198 1029 habebant,
1220 965 1351 1020 nihil
1386 974 1531 1020 certe
1554 965 1698 1016 unde
1729 961 1994 1014 innocen-

411 1070 493 1114 tes
525 1059 1017 1113 constituerentur.
1048 1056 1104 1110 ln
1138 1058 1247 1120 his,
1289 1056 1426 1109 heu!
1475 1053 1847 1121 imprudenter
1869 1064 1998 1104 sus-

409 1150 584 1221 ceptis
632 1151 834 1203 malum
875 1164 1129 1218 magnum
1204 1161 1402 1216 magno
1440 1145 1585 1198 malo
1617 1158 1812 1198 sanare
1848 1141 1996 1194 vole-

410 1242 539 1296 bant
569 1241 962 1310 l’aphlagnnes.
1004 1240 1138 1294 Cum
1163 1240 1306 1292 cutim
1342 1235 1571 1309 ingressi
1601 1243 1786 1290 essent
1815 1231 1995 1301 Mega-

409 1333 631 1403 lopolim
662 1344 824 1405 atque
842 1331 1067 1386 Latinos
1084 1330 1577 1385 circumvenissent
1596 1326 1839 1397 (omnino
1868 1336 1995 1376 vero

409 1424 708 1478 verisimile
754 1423 1041 1477 videbatur
1071 1421 1209 1475 alios
1236 1436 1299 1474 ex
1332 1430 1485 1490 parte
1512 1425 1835 1472 novaturum
1874 1415 1997 1467 illos

411 1514 748 1584 adjuturos),
797 1513 1029 1568 Latinos
1066 1529 1165 1567 nec
1201 1513 1456 1583 opinatos
1501 1509 1892 1582 aggrediuntur
1946 1513 2004 1560 et

410 1606 793 1661 crudelissime
830 1616 1084 1659 tractant.
1112 1602 1268 1658 Tunc
1288 1603 1452 1658 etiam
1486 1602 1694 1657 semina
1716 1607 1998 1668 spargunt,

411 1710 648 1763 quorum
691 1711 792 1750 nos
839 1696 1106 1765 multique
1141 1694 1235 1747 alii
1262 1694 1546 1747 nobiscum
1589 1691 1641 1744 in
1672 1691 1840 1759 pratis
1873 1688 2004 1742 Prn—

2106 517 2252 564 νους,
2278 500 2372 553 καὶ
2402 498 2598 568 δώροις
2625 500 2931 568 ἐπάραντες
2960 496 3055 552 καὶ⁴
3088 495 3324 565 μάλιστα
3346 495 3679 566 ὑποσχέσεσι

2103 591 2200 644 τοῦ
2239 592 2341 661 τὴν
2394 592 2550 645 πόλιν
2590 608 2651 645 τε
2696 588 3092 660 προνομεῦσαι,
3136 590 3230 639 καὶ
3280 588 3385 640 ὑπὸ
3428 587 3677 640 δουλείαν

2104 683 2289 745 αὐτοῖς
2327 684 2453 746 τοὺς
2490 682 2796 752 Ῥωμαίους
2838 681 3048 743 θέσθαι,
3097 680 3394 732 ἀνέπεισαν
3439 678 3538 749 ἤδη
3584 681 3680 730 καὶ

2108 775 2246 845 πρὸς
2275 775 2457 844 μάχην
2502 774 2884 843 ἐξαρτύεσθαι,
2913 775 2961 826 εἰ
2999 773 3075 843 μὴ
3100 772 3236 841 ταχὺ
3269 773 3297 824 ὁ
3341 770 3680 839 Ἀνδρόνικος

2108 866 2488 936 ἐπεραιὼσατο
2508 881 2524 895 ·
2553 865 2607 918 οἴ
2634 881 2699 934 γε
2723 864 2820 918 καὶ
2849 863 2965 929 τοῦ,
2993 863 3068 926 ὡς
3096 864 3323 934 ἐρρέθη,
3349 862 3492 931 ἱεροῦ
3525 861 3681 915 πολέ-

2113 975 2217 1026 μου
2256 957 2668 1027 συνεφάψασθαι
2697 958 2819 1011 τότε
2853 956 3312 1027 προσελήφθησαν
3345 953 3465 1023 μὲν,
3497 953 3679 1024 ῆργη-

2110 1067 2210 1103 σαν
2234 1049 2291 1102 δὲ
2315 1050 2403 1103 διὰ
2435 1050 2495 1103 τὸ
2526 1050 2665 1121 ταχὺ
2703 1051 2908 1101 ἐκεῖνον
2938 1048 3186 1116 λυθῆναι.
3231 1045 3529 1099 Ἐπεκλᾶτο
3580 1046 3680 1114 μὲν

2108 1141 2202 1195 οὖν
2244 1144 2355 1205 τοῖς
2407 1142 2659 1207 Λατίνοις
2705 1139 2844 1210 αὕτη
2876 1139 3114 1202 αἱτίασις
3164 1138 3224 1192 ού
3278 1136 3522 1208 ψευδής·
3570 1134 3685 1189 οὐδ’

2109 1233 2258 1305 εἶχον
2278 1236 2473 1297 εἰπεῖν,
2503 1234 2628 1288 οὗτε
2659 1235 2767 1304 μὴν
2795 1233 2971 1303 ἔχοιεν
2997 1232 3089 1298 ἂν,
3114 1230 3188 1295 ὡς
3210 1226 3348 1296 ἦσαν
3373 1229 3683 1298 ἄμεμπτοι.

2114 1326 2381 1397 Ἐμελλον
2409 1326 2491 1391 δέ,
2511 1325 2659 1397 οἶμοι
2678 1327 2693 1381 !
2715 1327 2869 1396 κακῷ
2903 1324 3126 1395 μεγάλῳ
3163 1324 3304 1394 μέγα
3331 1323 3503 1376 κακὸν
3531 1319 3690 1373 ἐκθε-

2114 1418 2388 1492 ραπεῦσαι
2405 1419 2456 1473 oi
2473 1419 2849 1489 Παφλαγόνες,
2874 1412 2956 1481 οἷς
2973 1417 3271 1487 ἀλογίστως
3293 1412 3683 1484 ἐθρασύναντο.

2115 1510 2462 1573 Είσελθόντες
2480 1511 2590 1581 γὰρ
2615 1511 2712 1579 τὴν
2737 1509 3140 1578 Μεγαλόπολιν,
3167 1508 3261 1562 καὶ
3283 1506 3688 1574 πλαγιάσαντες

2114 1604 2209 1658 ἐπὶ
2235 1603 2361 1665 τοὺς
2389 1604 2652 1666 Λατίνους
2700 1603 2867 1672 (εἰκὸς
2892 1603 2949 1654 δὲ
2983 1601 3203 1665 πάντως
3242 1599 3333 1654 καὶ
3355 1599 3546 1660 ἄλλους
3574 1595 3686 1650 τῶν

2112 1694 2336 1748 τοιαῦτα
2379 1693 2801 1764 νεωτερίζεσθαι
2844 1693 3142 1763 φιλούντων
3182 1689 3533 1762 συναίρεσθαι
3583 1689 3687 1743 αῦ-

412 1787 669 1856 serpinae,
700 1796 762 1839 ut
808 1788 879 1839 ita
907 1763 1112 1848 dicam,
1150 1784 1461 1853 manipulos
1500 1783 1847 1852 collegimus.
1875 1777 2002 1834 Inde

2116 1789 2266 1853 τοῖς),
2295 1763 2623 1858 ἐπέρχονται
2656 1788 2770 1850 τοῖς
2815 1785 3091 1849 Λατίνοις,
3122 1785 3223 1837 οὐκ
3262 1783 3327 1838 ἃν
3357 1782 3644 1848 ἐλπίζουσι
3667 1794 3685 1819 ε

411 1878 556 1932 enim
588 1878 728 1931 mala
761 1877 1050 1945 praesentia
1087 1876 1247 1930 nobis
1292 1886 1617 1930 evenerunt.

2109 1884 2203 1933 καὶ
2223 1881 2551 1933 διατίθενται
2568 1879 2639 1934 τὰ
2660 1879 3022 1934 ἐλεεινότατα.
3052 1878 3165 1932 Kal
3187 1879 3475 1950 σπέρματα
3496 1878 3686 1932 ἐκεῖνα

412 1973 971 2042 προκαταϐἁλλονται,
1009 1973 1100 2040 ἀφ’
1134 1964 1210 2023 ὧν
1250 1971 1414 2041 ἡμεῖς
1453 1971 1544 2024 καὶ
1586 1969 1773 2023 πολλοὶ
1834 1969 2015 2040 ἕτεροι
2053 1977 2149 2028 σὺν
2196 1977 2328 2043 ἡμῖν
2372 1975 2739 2046 τεθερίκαμεν
2802 1974 3069 2046 λειμῶνος
3137 1975 3507 2046 Περσεφόνης,
3540 1974 3688 2029 οὕτω

414 2067 603 2137 φάναι,
653 2066 963 2136 δράγματα.
1033 2064 1273 2119 Ἐκεῖθεν
1317 2069 1426 2134 γὰρ
1473 2064 1604 2133 ἡμῖν
1641 2063 1873 2134 καθήκει
1944 2066 2009 2119 τὰ
2052 2068 2292 2137 παρόντα
2318 2069 2488 2123 κακά.

485 2182 577 2237 29.
607 2180 781 2234 Porro
826 2189 1006 2233 autem
1055 2193 1294 2232 narrare
1320 2177 1615 2243 horrenda,
1664 2194 1784 2247 qua:
1824 2178 2005 2232 vider-

417 2282 548 2329 runt
575 2271 750 2326 Latini
775 2287 792 2337 ;
826 2271 966 2339 ignis
991 2270 1104 2338 qui,
1123 2270 1365 2337 exceptis
1395 2269 1556 2323 rebus
1582 2270 1631 2322 vi
1664 2269 1883 2335 ablatis,
1910 2286 2005 2323 nu-

416 2367 617 2421 triebat
651 2361 963 2417 incendium
1000 2360 1143 2430 quod
1181 2359 1440 2423 Romani,
1462 2361 1553 2427 qui
1591 2361 1642 2413 in
1668 2374 1835 2414 naves
1869 2378 2005 2414 cott-

415 2457 691 2530 fugerant,
718 2458 861 2508 eirca
906 2453 1136 2522 compita
1163 2491 1179 2516 ,
1205 2467 1300 2522 per
1351 2456 1532 2506 littora
1590 2452 1860 2518 fecerunt,
1882 2453 2003 2505 lon-

417 2568 544 2621 gum
581 2558 731 2604 esset
774 2562 936 2616 opus,
975 2561 1081 2599 non
1130 2545 1305 2601 salum
1364 2546 1507 2614 quod
1532 2554 1723 2598 contra
1763 2534 2004 2598 armatos

417 2644 648 2700 Latinos
716 2643 1000 2692 irruebant
1062 2639 1259 2691 milites
1296 2636 1637 2699 'Andronici,
1690 2635 1787 2689 sed
1858 2636 2003 2704 quod

416 2738 581 2793 etiam
604 2743 861 2803 ergatam
904 2732 1102 2784 inultos
1133 2731 1331 2784 misere
1360 2738 1413 2784 et
1459 2729 1688 2782 sceleste
1726 2737 2000 2797 ageretur.

418 2829 675 2884 Mulieres
704 2826 846 2878 enim
892 2825 1135 2892 ipsorum
1200 2836 1322 2875 cum
1387 2821 1628 2890 parvulis
1675 2819 1859 2888 gladio
1904 2833 2006 2871 ne-

420 2921 708 2973 cabantur.
747 2913 813 2966 At
854 2912 957 2965 hoc
1008 2920 1091 2965 est
1149 2910 1418 2977 imprimis
1468 2909 1845 2961 horrendum:
1889 2907 2002 2960 sci-

422 3011 555 3067 licet
611 3010 897 3063 Venti-ilus
972 3014 1205 3057 matrum
1275 3000 1498 3054 dillissis
1562 2997 1764 3053 ferrum
1844 2995 2009 3051 {uitiis

2182 2182 2287 2240 κθ’.
2324 2182 2431 2236 Kal
2469 2182 2804 2252 ἀφηγεῖσθαι
2838 2180 2939 2251 μὲν
2972 2182 3041 2236 τὰ
3064 2183 3184 2236 τότε
3211 2182 3382 2246 δεινὰ,
3412 2182 3515 2237 ὅσα
3541 2177 3687 2235 εἶδον

2109 2280 2159 2331 oi
2190 2278 2430 2338 Λατῖνοι,
2487 2275 2547 2328 τὸ
2580 2277 2715 2345 πῦρ,
2763 2273 2792 2326 ὃ
2835 2274 2906 2327 τὰ
2961 2276 3081 2327 κατ’
3107 2274 3306 2336 αὐτοὺς
3354 2273 3687 2342 ἐπενείματο

2110 2371 2232 2439 δίχα
2283 2386 2347 2436 γε
2402 2367 2511 2420 τῶν
2553 2366 3014 2436 ἀφαρπαγέντων,
3057 2368 3184 2427 τοὺς
3224 2367 3364 2419 κατὰ
3405 2366 3685 2421 θάλατταν

2111 2461 2477 2530 ἐμπρησμοὺς
2527 2460 2591 2511 ἐκ
2630 2459 2725 2511 τοῦ
2770 2457 2924 2528 παρὰ
2967 2458 3263 2527 Ῥωμαίοις
3309 2457 3682 2528 ὡμϐρημένου

2113 2556 2285 2621 πυρὸς
2323 2555 2435 2615 τοῖς
2476 2552 2568 2603 ἐπὶ
2609 2550 2813 2605 πλοίων
2856 2550 3081 2619 φεύγειν
3126 2550 3425 2619 ὁρμήσασι,
3463 2550 3531 2602 τὰ
3557 2548 3686 2601 κατ’

2112 2643 2412 2712 αἰγιαλοὺς,
2437 2643 2506 2695 τὰ
2529 2643 2657 2713 περὶ
2683 2642 2781 2704 τὰς
2801 2641 3098 2711 ἅμφόδους,
3130 2640 3289 2711 ἔργον
3313 2640 3378 2694 ἂν
3400 2642 3485 2710 εἴη
3518 2640 3685 2707 πολὺ⁹

2113 2738 2205 2789 καὶ
2230 2734 2303 2797 ὡς
2334 2736 2396 2787 οὐ
2433 2736 2594 2804 μόνον
2636 2735 2746 2787 τῶν
2779 2734 3122 2787 ἀνθοπλιτῶν
3157 2733 3405 2787 Λατίνων
3451 2733 3690 2800 κατεφέ-

2113 2845 2268 2891 ροντο
2298 2828 2348 2880 οἱ
2390 2827 2485 2880 τοῦ
2527 2828 2892 2897 Ἀνδρονίκου,
2922 2826 3059 2880 ἀλλὰ.
3088 2826 3182 2879 καὶ
3214 2828 3360 2889 ὅσοις
3400 2841 3690 2895 περιεποι-

2110 2924 2222 2974 εῖτο
2252 2920 2401 2975 ἔλεον
2430 2921 2489 2973 τὸ
2527 2920 2872 2987 ἀπάλαμνον.
2918 2919 3029 2973 Kal
3061 2921 3322 2988 γυναῖκες
3364 2921 3474 2988 γὰρ
3500 2916 3684 2971 αὐτῶν

2111 3013 2469 3086 ἐρῤιπτοῦντο
2491 3012 2667 3083 ξίφεσι
2692 3016 2785 3067 καὶ
2811 3013 3009 3084 βρέφη,
3041 3014 3150 3065 Kal
3166 3012 3324 3066 τοῦτο
3348 3013 3445 3081 μὲν
3468 3010 3642 3063 δεινόν
3664 3026 3681 3041 ⁶

423 3100 1044 3167 obstetrieahat,sicque
1069 3098 1116 3150 ei
1145 3095 1235 3162 qui
1262 3095 1438 3147 lucetn
1469 3091 1621 3155 solis,
1643 3105 1748 3144 non
1774 3088 2003 3154 viderat,

2240 3105 2384 3160 οὕτω
2413 3106 2490 3168 δὲ,
2522 3082 2593 3169 ὦς
2623 3107 2712 3159 ὅτε
2746 3082 3156 3173 καὶὴ-γαστέρων
3184 3103 3687 3175 άναρῤηγνυμέγων

422 3198 536 3251 Orci
576 3194 817 3249 tenebrae
841 3194 1253 3246 successerant:
1279 3194 1531 3237 mortuus
1575 3191 1690 3236 erat
1715 3190 2007 3251 antequam

424 3299 616 3339 revera
654 3286 898 3334 vixisset.
929 3279 1043 3332 Iloc
1072 3277 1249 3331 ferum
1304 3284 1470 3343 atque
1498 3274 1758 3329 furiosius
1782 3282 1868 3328 est
1905 3288 2011 3327 cae-

426 3387 561 3431 teris
618 3377 872 3429 insanits.
913 3369 1065 3423 Tune
1097 3382 1320 3439 quoque
1374 3367 1535 3437 periit
1564 3369 1649 3421 vir
1683 3380 1840 3420 sacer
1870 3367 2012 3418 inter

425 3470 679 3534 Latinos,
713 3467 902 3521 nescio
963 3480 1032 3517 an
1067 3478 1135 3517 ex
1177 3462 1348 3517 veteri
1400 3461 1571 3514 lioma
1603 3460 1814 3529 legatus
1846 3472 2011 3512 vene-

428 3567 525 3629 rit,
557 3577 626 3615 an
659 3575 727 3614 ex
775 3558 1005 3622 Sicilia;
1042 3563 1188 3609 certe
1219 3565 1400 3607 autem
1464 3560 1585 3606 erat
1639 3553 1756 3606 sive
1807 3547 2011 3603 Bouia-

427 3673 556 3719 nus,
594 3656 711 3710 sive
765 3651 1007 3707 Suulus.
1067 3652 1271 3703 Athon
1322 3645 1644 3715 simpliciter
1686 3644 1871 3713 periit,
1913 3640 2009 3696 sed

428 3753 655 3808 indutus
679 3748 938 3823 omnibus
958 3744 1135 3800 sacris
1155 3739 1518 3801 vestimentis,
1547 3752 1671 3807 quae
1704 3744 1762 3791 ut
1792 3744 2009 3791 scutqu

426 3854 621 3901 contra
672 3855 824 3897 arma
867 3841 1108 3893 hostium
1176 3835 1468 3899 induerat,
1523 3832 1570 3887 si
1621 3829 1765 3886 forte
1833 3829 2008 3899 ipsum

428 3937 530 3992 viri
566 3933 783 3992 scclcsﬂ
815 3929 1103 3988 reverituri
1136 3936 1339 3984 essent.

501 4246 594 4299 50.
632 4246 759 4296 ilice
791 4252 969 4295 autem
1002 4238 1161 4293 nobis
1185 4237 1403 4291 fuerunt
1439 4244 1650 4289 tantum
1679 4233 1820 4287 levia
1854 4233 2009 4300 signa

431 4353 622 4393 eorum
659 4350 779 4407 quae
808 4334 950 4404 passi
981 4349 1195 4387 sumus.
1218 4330 1441 4400 Templa
1470 4330 1615 4383 enim
1649 4326 1739 4380 Dei
1764 4326 1875 4395 jam
1899 4340 2007 4378 non

2115 3201 2396 3270 μητρικῶν
2444 3198 2706 3270 ἐμαιοῦτο
2757 3199 2978 3269 σίδηρος
3029 3197 3098 3250 τὰ
3146 3196 3382 3268 ἔμϐρυα,
3435 3197 3528 3250 καὶ
3571 3194 3686 3265 πρδ

2112 3293 2262 3360 ὥρας
2302 3292 2592 3362 βλέποντος
2623 3290 2776 3362 ἡλίου
2802 3291 2865 3342 τὸ
2909 3289 3105 3360 μικρὸν
3132 3291 3160 3342 ό
3189 3288 3284 3341 τοῦ
3316 3286 3445 3359 ᾅδου
3488 3288 3688 3352 σκότος

2115 3382 2496 3452 μετεξεδέχετο
2536 3381 2688 3444 αὐτὸ,
2735 3378 3021 3450 τεθνηκὸς,
3060 3376 3228 3449 πρινὴ
3277 3378 3372 3431 καὶ
3414 3377 3577 3448 ζῆσαι
3620 3376 3687 3431 τὸ

2112 3474 2339 3529 τέλειον.
2392 3473 2671 3544 Θηριῶδες
2729 3473 2888 3526 τοῦτο
2942 3472 3037 3524 καὶ
3079 3470 3416 3541 ἀσύγκριτον
3459 3469 3689 3540 μανίαις

2112 3566 2350 3635 ἑτέραις.
2391 3566 2598 3619 "Emere
2641 3565 2761 3617 τότε
2808 3563 2905 3617 καὶ
2939 3561 3080 3633 ἀνὴρ
3121 3561 3265 3633 ἱερὸς
3309 3564 3368 3616 ἐν
3405 3561 3684 3629 Λατίνοις,

2111 3659 2212 3710 οὐκ
2266 3653 2364 3709 οἶδ’
2401 3657 2511 3710 εἴτε
2549 3656 2656 3710 ἀπὸ
2710 3655 2808 3724 τῆς
2842 3654 3220 3725 πρεσϐυτέρας
3261 3655 3416 3725 ἥκων
3461 3652 3687 3723 Ῥώμης

2112 3752 2255 3804 κατὰ
2291 3748 2608 3818 πρεσϐείαν,
2640 3746 2750 3800 εἴτε
2775 3745 3113 3811 Σικελίαθεν,
3143 3746 3358 3807 πάντως
3379 3744 3437 3797 δὲ
3473 3744 3507 3816 ἢ
3545 3743 3687 3798 Ῥω·-

2116 3844 2272 3914 μαῖος
2305 3840 2382 3897 ὢν
2410 3840 2444 3912 ἢ
2477 3839 2716 3903 Σικελός.
2758 3839 2870 3892 Kal
2911 3838 3012 3909 οὐχ
3055 3836 3246 3899 ἁπλῶς
3297 3835 3514 3897 ἔπεσεν.
3546 3835 3689 3896 ἀλλὰ

2115 3937 2253 4007 μετὰ
2299 3938 2395 4002 τῆς
2452 3932 2584 4001 παρ’
2634 3931 2827 4002 ἐκείνῳ
2879 3931 3030 4000 ἱερᾶς
3064 3928 3192 3999 ὅλης
3242 3927 3559 4001 περιϐολῆς,
3613 3927 3686 3999 ἢν

2112 4027 2293 4078 ὃπλων
2320 4023 2611 4095 πρόϐλημα
2643 4022 2948 4093 περιέθετο,
2978 4025 3032 4078 εί
3050 4040 3166 4088 πως
3198 4024 3359 4078 αὑτὸν
3377 4022 3686 4078 αἰδέσονται

2109 4117 2157 4167 οἱ
2198 4117 2377 4168 κακοί.

2146 4240 2147 4243 ¹
2182 4252 2245 4308 λ’.
2279 4255 2386 4308 Kal
2409 4254 2604 4323 γέγονε
2637 4255 2731 4307 καὶ
2756 4255 2929 4309 ταῦτα
2955 4256 3090 4327 ἡμῖν
3122 4256 3574 4325 προκεντήματα,
3604 4250 3688 4312 ὧν

2113 4343 2410 4414 ἐπάῗομεν.
2458 4345 2620 4414 Ἡμῖν
2653 4349 2762 4417 γὰρ
2789 4348 2910 4400 οὐδὲ
2940 4348 2990 4399 oi
3020 4349 3141 4400 ναοὶ
3170 4346 3263 4400 τοῦ
3301 4345 3440 4400 Θεοῦ
3466 4347 3683 4404 ἄσυλοι.

435 4432 660 4487 luerunt
708 4429 871 4483 nobis
903 4427 1074 4497 asyla.
1127 4423 1452 4491 Neutiqnam
1488 4419 1818 4474 inviolabilia
1857 4433 2003 4470 inan-

2116 4436 2250 4488 Οὐδὲ
2285 4438 2393 4508 γὰρ
2440 4437 2548 4491 οὐδ’
2591 4438 2749 4491 αὐτοὶ
2785 4439 3046 4508 ἄχραντοι
3088 4437 3339 4510 ἔμειναν,
3366 4439 3456 4493 ὅτε
3493 4440 3686 4509 νεκροὶ

435 4530 647 4585 serunt,
682 4536 802 4575 eum
835 4522 1035 4589 ubique
1071 4517 1378 4588 pavimenta
1416 4527 1604 4567 eorum
1647 4510 2007 4566 cadaveribus

437 4622 715 4673 constrata
747 4613 1084 4674 visebantur,
1135 4608 1277 4661 inter
1324 4621 1446 4674 quae
1485 4605 1583 4658 viri
1621 4605 1783 4660 sacri.
1818 4621 1837 4655 ι
1864 4604 2007 4657 San-

440 4704 611 4775 guine
647 4702 930 4771 conspersi
966 4709 1096 4753 sunt
1125 4698 1264 4752 muri
1309 4711 1607 4765 omnesque
1634 4695 1874 4765 pulchrae
1901 4705 2009 4749 tra-

438 4797 532 4848 bes
581 4813 597 4845 ι
641 4806 805 4862 supra
833 4806 968 4860 quas
993 4804 1151 4845 sacra
1183 4796 1325 4841 tecta
1361 4786 1588 4840 humilia
1629 4786 2004 4856 erigebantur.

435 4888 503 4940 At
541 4888 655 4941 haec
694 4893 899 4953 postea.
926 4881 1080 4935 Tunc
1116 4894 1245 4935 vero
1289 4888 1436 4933 tanta
1474 4880 1615 4933 mala
1650 4879 1854 4949 operati
1882 4889 2009 4933 sunt

440 4976 644 5040 Latini,
673 4982 733 5028 ut
772 4988 936 5027 causa
965 4971 1263 5025 Andronici
1296 4971 1502 5027 absolvi
1536 4986 1567 5026 a
1605 4971 1785 5036 nobis,
1813 4986 2010 5026 causa-

435 5083 543 5138 que
570 5081 757 5121 eorum
780 5080 807 5118 a
839 5063 945 5117 Deo
967 5063 1143 5116 audiri
1191 5063 1487 5117 videretur.

470 5159 598 5214 ,δὴ
663 5158 754 5208 Sic
821 5155 989 5219 igitur
1048 5154 1524 5217 Antlronicus,ut
1585 5153 1714 5208 alibi
1751 5153 2005 5223 legimus,

439 5251 493 5303 in
526 5248 716 5301 urbem
744 5245 847 5298 viis
873 5246 997 5299 latis
1036 5255 1261 5299 stratam
1306 5247 1584 5317 ingressus
1607 5253 1711 5300 est.
1731 5246 1882 5301 Finis
1900 5261 2006 5300 εαξ-

438 5349 677 5393 terorum
705 5345 925 5390 actuum
953 5339 1073 5406 ejus
1103 5337 1228 5402 fuit,
1261 5352 1357 5407 pro
1396 5352 1564 5408 pario
1615 5338 1834 5407 quidem
1877 5350 2012 5393 tem-

439 5416 607 5501 pore.
642 5431 927 5498 imperium
961 5428 1127 5484 certis
1172 5429 1585 5491 [conditionibus
1641 5429 1847 5498 juniori
1890 5432 2011 5484 Ale-

440 5524 529 5579 xio
585 5522 944 5588 contirmare,
1006 5536 1036 5575 a
1090 5528 1355 5592 potestate
1407 5537 1535 5578 vero
1599 5534 1824 5578 matrem
1893 5524 2010 5593 ejus

442 5629 720 5680 amovere,
764 5626 1054 5686 postquam
1145 5613 1516 5684 supradictum
1569 5616 2007 5685 protosebastum

441 5708 621 5779 ipsum
652 5709 968 5779 amovisset,
1011 5707 1108 5766 has
1156 5706 1426 5781 primitias
1454 5707 1750 5781 Erinnydis
1780 5710 2008 5765 donans.

2119 4526 2217 4596 μὲν
2239 4524 2577 4597 ἐστρώννυον
2608 4529 2789 4591 αὐτοῖς
2819 4530 2917 4591 τὰς
2943 4529 3217 4600 κρηπῖδας
3245 4528 3596 4595 παντοδαποὶ,
3622 4530 3687 4583 ἐν

2114 4613 2193 4681 οἷς
2227 4619 2320 4671 καὶ⁵
2353 4617 2478 4686 ἱερὰ
2511 4618 2811 4689 πρόσωπαο
2847 4637 2867 4670 ι
2907 4619 3111 4687 Αἷματι
3139 4620 3184 4673 δ’
3222 4619 3486 4691 ἐῤῥάδατο
3512 4621 3688 4691 τοῖχοι

2115 4709 2279 4763 καλαί
2334 4727 2393 4762 τε
2450 4710 2739 4781 μεσόδμαι,
2783 4729 2803 4762 ι
2851 4711 2985 4783 παρ’
3029 4711 3175 4775 ὅσοις
3200 4702 3262 4764 ἀί
3307 4711 3451 4783 ἱεραὶ
3489 4711 3688 4779 στέγαι

2114 4801 2371 4852 ταπειναὶ
2403 4799 2622 4871 ᾔροντο.
2676 4797 2839 4851 Ἀλλὰ
2866 4799 3039 4854 ταῦτα
3063 4800 3164 4871 μὲν
3190 4798 3437 4871 ὕστερον.
3470 4800 3602 4853 Τότε
3625 4799 3689 4853 δὲ

2114 4892 2335 4963 τηλίκον
2365 4887 2432 4962 ῆν
2466 4892 2527 4943 τὸ
2560 4890 2734 4945 κακὸν
2757 4890 2871 4953 τοῖς
2893 4892 3165 4957 Λατίνοις,
3204 4892 3280 4954 ὡς
3310 4891 3689 4961 ἐκϐοήσαντας

2116 4979 2257 5034 κατὰ
2279 4978 2371 5032 τοῦ
2406 4978 2750 5049 Ἀνδρονίκου
2771 4978 2951 5031 δοκεῖν
2973 4978 3334 5046 δικαιωθῆναι
3360 4978 3484 5033 καθ’
3500 4978 3690 5049 ἡμῶν,

2117 5074 2211 5126 καὶ
2244 5073 2517 5133 ἀκουστὰς
2545 5073 2665 5143 Θεῷ
2705 5071 2958 5140 γενέσθαι
2988 5071 3086 5134 τὰς
3118 5068 3365 5141 αἰτήσεις
3402 5069 3608 5125 αὐτῶν.

2184 5166 2286 5221 λα’.
2338 5168 2448 5220 Kal
2512 5165 2655 5220 οὕτω
2721 5166 2842 5235 μὲν,
2897 5165 2972 5228 ὡς
3023 5163 3161 5232 ἔφθη
3204 5162 3688 5234 στενολεσχήσαςό

2114 5259 2293 5325 λόγος,
2328 5259 2521 5312 κατέδυ
2571 5260 2726 5312 πόλιν
2771 5257 2984 5326 ἐκείνην
3028 5255 3364 5324 εὐρυάγυιαν
3393 5256 3420 5308 ό
3465 5255 3689 5325 Ἀνδρό-

2115 5367 2286 5413 νικος.
2335 5351 2443 5404 Kal
2482 5347 2548 5422 ῆν
2579 5349 2781 5412 σκοπὸς
2814 5347 2962 5415 αὐτῷ
3008 5346 3103 5400 τοῦ
3136 5347 3323 5401 λοιποῦ
3350 5345 3457 5400 τῶν
3485 5346 3689 5418 ἐφεξῆς

2117 5442 2373 5512 πράξεων
2402 5443 2496 5495 καὶ
2540 5441 2756 5510 ἀληθῶς
2788 5437 3051 5509 προύργῳ
3084 5438 3384 5509 στερεῶσαι
3417 5438 3515 5507 μὲν
3545 5439 3690 5508 πρδς

2119 5534 2318 5604 μικρὸν
2340 5534 2438 5601 τὴν
2464 5532 2741 5603 βασιλείαν
2767 5531 3085 5602 ὲμπορικῶς
3113 5530 3187 5599 τῷ
3217 5530 3398 5601 μικρῷ
3437 5531 3689 5603 Ἀλεξίῳ,

2120 5629 2449 5679 κατασεῖσαι
2497 5624 2554 5678 δὲ
2606 5625 2704 5693 τῆς
2761 5623 3151 5693 κραταιότητος
3189 5624 3290 5691 τήν
3339 5639 3399 5675 τε
3444 5623 3689 5692 μητέρα,

2122 5718 2244 5771 ἐπεὶ
2283 5716 2373 5769 τὸν
2417 5715 2801 5788 ἱστορούμενον
2854 5713 3307 5784 πρωτοσεϐαστὸν
3366 5712 3686 5768 ἀποσκευά-
