3950 6242
262 349 331 414 37
1059 344 1156 408 DE
1194 345 1764 409 THESSALONICA
1795 342 2005 406 unus
2054 346 2091 404 ι
2131 302 2441 407 LATINIS
2486 345 2744 407 carm.
3473 340 3543 404 33

265 480 430 529 σοιτο,
469 460 813 535 πρωτόλειον
859 442 1071 516 ἐκεῖνον
1114 461 1424 533 Ἐριννύοιν
1473 462 1686 523 ἐκδούς.
1720 462 1850 532 ,Καὶ

1964 461 2023 517 In
2079 461 2164 515 his
2211 462 2405 530 primis
2463 476 2645 516 rerum
2694 458 2955 531 auspiciis
3019 460 3343 531 permansit.
3383 457 3539 513 Tunc

263 559 567 624 κατέμενεν
598 554 749 608 οὕτω
784 552 1165 622 προκεντῆσαι
1220 553 1320 616 τὰς
1385 552 1495 605 τῶν
1560 552 1852 621 πρακτέων

264 638 460 719 ἀξχᾶς.
496 649 611 700 Καὶ
649 645 942 699 ὼσιώσατο
977 647 1074 716 μὲν
1109 643 1340 698 ἐνταῦθα
1374 645 1468 697 καὶ
1505 644 1724 716 ὅρκους,
1758 643 1855 695 καὶ

265 740 464 801 αὐτοὺς
491 734 639 799 οἴους
671 738 768 790 καὶ
801 737 983 800 ὅσους,
1002 730 1074 787 ὧν
1093 731 1174 797 εἷς
1191 734 1283 787 καὶ
1310 735 1338 788 ὁ
1366 735 1461 787 ἐπὶ
1486 732 1580 786 τοῦ
1612 734 1851 804 μεγάλου

264 826 650 881 Μνσεσάστου
690 827 944 897 βήματος
975 825 1442 895 τεθεμελιωμένος
1475 826 1556 883 είς
1587 825 1849 896 κρηπῖδα,

263 919 330 988 ἢν
351 920 454 971 οῦκ
474 919 599 970 ἐστι
626 920 956 970 κττασείσαι
985 916 1358 985 Χριστιανοϊς.
1386 916 1481 978 Εἰς
1498 915 1628 968 αὐτὸ
1652 916 1760 984 γὰρ
1785 909 1851 984 ἦν

265 1011 657 1080 συμπεπηνὼς
713 1009 775 1062 τὸ
814 1008 956 1079 αἷμα
1001 1008 1095 1061 καὶ
1137 1008 1198 1062 τὸ
1249 1008 1417 1078 σῶμα
1463 1008 1559 1060 τοῦ
1594 1009 1850 1076 Σωτῆρος

263 1105 532 1172 Χριστοῦ,
577 1103 650 1155 τὰ
679 1103 815 1155 πᾶσι
850 1101 1055 1171 φρικτὰ
1100 1101 1196 1153 καὶ
1234 1101 1504 1169 πάντιμα.
1547 1100 1752 1152 Ἐδίδου
1793 1099 1849 1152 δὲ

266 1197 521 1249 ὓπονιεῖι
555 1195 865 1262 ἀσφάλειαν
900 1193 1138 1256 πίστεως
1170 1192 1459 1263 βασιλικῆς
1505 1193 1600 1244 καὶ
1640 1191 1702 1244 τὸ
1750 1190 1847 1258 τῆς

261 1287 658 1357 ταπεινῆτητος
716 1286 1188 1356 ψευδεπίγραφον.
1257 1284 1419 1339 Πεδοῖ
1475 1285 1585 1357 γὰρ
1656 1283 1847 1338 ἑαυτὸν

266 1379 432 1450 ῥίψας
488 1382 518 1430 ὁ
575 1379 940 1450 ’Δνδρόνικος,
986 1377 1085 1433 καὶ
1138 1378 1347 1432 ἁπαλὸν
1383 1377 1665 1449 βασιλικὸν
1711 1377 1845 1430 πόδα

261 1472 410 1542 χειρὶ
462 1471 609 1540 ἄρας
659 1472 869 1541 ἡρέμα,
901 1469 978 1540 τῷ
1026 1469 1254 1541 σκληρῷ
1305 1469 1566 1543 τραχήλῳ
1594 1469 1841 1534 ἐπέθετο,

263 1561 581 1630 φαντάζων,
622 1561 697 1625 ὡς
732 1560 909 1623 οὕτως
944 1561 1049 1614 ὑπὸ
1082 1562 1225 1615 πόδα
1257 1559 1337 1631 τῷ
1375 1559 1589 1630 βασιλεῖ
1620 1560 1708 1613 ἀεὶ
1735 1576 1843 1611 πα-

261 1655 510 1723 τήσεται.
568 1656 678 1708 Καὶ
701 1655 763 1707 οὐ
793 1654 955 1724 μόνον
974 1670 989 1686 ο
1017 1655 1154 1709 ἀλλὰ
1187 1653 1283 1709 καὶ
1314 1655 1619 1725 έλαφρίσας
1643 1653 1844 1706 ἐπεκά-

1956 553 2273 624 jusjuranda
2332 555 2497 620 fecit,
2550 554 2701 608 varia
2747 561 2803 608 et
2852 552 3058 618 multa,
3100 565 3333 624 quorum
3364 566 3539 605 unum

1959 641 2062 697 fuit
2108 642 2525 713 pronuntiatum
2581 657 2747 712 super
2804 656 3006 713 magno
3062 650 3116 697 et
3154 640 3536 697 sacratissimo

1955 744 2215 805 suggesto
2271 736 2325 790 in
2353 737 2531 791 media
2598 744 2804 794 statuto
2873 736 3130 801 ecclesia,
3174 734 3320 802 quod
3375 734 3540 788 Chri-

1954 830 2148 884 stianis
2176 829 2486 884 inviolabile
2516 837 2620 892 est,
2666 830 2829 898 idque
2866 845 2932 885 eo
2969 831 3143 899 magis
3177 828 3320 898 quod
3346 841 3536 882 coram

1952 920 2218 989 sanguine
2245 932 2298 973 et
2329 935 2557 989 corpore
2577 919 2782 974 Christi
2805 919 3124 983 Salvatoris,
3140 936 3261 990 qum
3279 918 3537 974 omnibus

1951 1012 2237 1064 tremenda
2267 1018 2397 1064 sunt
2422 1025 2486 1065 ac
2521 1011 2849 1077 veneranda,
2871 1010 3115 1080 iuratum
3157 1010 3352 1066 fuerat.
3380 1010 3535 1066 Fecit

1950 1116 2077 1154 vero
2110 1111 2169 1155 ut
2200 1101 2618 1169 suspicarentur
2657 1104 3019 1158 constantiam
3057 1102 3180 1158 fidei
3228 1103 3531 1173 imperato-

1950 1192 2045 1245 riae
2071 1192 2246 1261 deque
2295 1195 2560 1272 obsequio
2588 1194 2760 1263 ipsius
2805 1194 3040 1250 mendax
3066 1197 3354 1265 scriptum.
3394 1194 3535 1249 Cum

1948 1285 2093 1338 enim
2129 1285 2278 1337 lunai
2317 1286 2705 1353 procubuisset
2733 1287 3102 1352 Andronicus,
3142 1287 3531 1355 modicumque

1948 1390 2110 1427 manu
2172 1376 2510 1431 sublevasset
2591 1377 2779 1446 pedem
2864 1376 3156 1430 delicatmn
3227 1375 3538 1442 imperato—

1947 1466 2045 1531 ris,
2065 1473 2244 1520 erecto
2296 1469 2438 1521 collo
2482 1470 2755 1532 surrexit,
2788 1468 3104 1538 significans
3126 1482 3186 1522 se
3220 1469 3298 1521 sic
3323 1482 3540 1536 semper

1945 1558 2047 1614 sub
2096 1559 2319 1629 pedibus
2372 1560 2712 1630 imperatoris
2766 1561 3006 1614 futurum
3053 1574 3194 1615 esse.
3272 1557 3382 1614 Nee
3431 1560 3540 1612 boc

1945 1651 2143 1717 solum,
2213 1650 2305 1706 sed
2349 1668 2537 1707 eorum
2577 1655 2828 1722 exemplo
2880 1653 3144 1708 insistens
3212 1651 3541 1723 signiﬁcavit

267 1745 416 1799 θισεν
448 1745 589 1815 ὤμῳ
618 1746 889 1816 σφετέρῳ,
920 1744 1060 1814 πρὸς
1095 1745 1367 1814 σύμϐολον
1415 1742 1696 1799 καὶτοῦτο
1740 1741 1837 1796 τοῦ

1952 1743 2090 1812 quod
2118 1757 2239 1811 qua:
2270 1743 2501 1798 habebat
2540 1742 2598 1798 in
2621 1744 2826 1811 animo,
2852 1759 2975 1799 eum
3012 1742 3273 1814 religione
3304 1741 3542 1797 associa-

267 1834 344 1896 τίς
368 1833 620 1901 κεσαλὴν
643 1833 806 1886 αὐτὸν
835 1833 1005 1903 ἔχειν,
1034 1834 1289 1903 καθάπερ
1313 1835 1483 1891 ὅσιον.

336 1923 438 1994 λβ’.
472 1920 653 1978 Ἦσαν
678 1925 873 1979 ταῦτα.
916 1928 1024 1980 Καὶ
1052 1929 1101 1981 οἱ
1134 1927 1233 1997 μὲν
1263 1927 1704 1997 ἀγχινούστιροι,
1744 1942 1838 1978 και

266 2009 366 2069 οἷοι
390 2015 544 2086 ἔχειν
589 2018 654 2070 τὸ
699 2017 921 2087 ἀληθῶς
949 2019 1302 2088 εὐεπήδολον,
1344 2019 1554 2073 ὤκνουν
1596 2017 1732 2089 πρὸς
1756 2016 1839 2088 τῷ

268 2108 416 2179 ἀνδρὶ
448 2105 616 2174 εἶναι,
652 2111 715 2163 ού
750 2110 896 2163 πάνυ
939 2110 1125 2165 πολλοὶ
1150 2113 1373 2177 έκεῖνοι,
1415 2110 1475 2164 εὖ
1514 2113 1840 2182 ὁτιμαλιστα

268 2199 489 2265 ειδότες,
521 2196 636 2265 οἷος
677 2201 993 2256 πέπλαστο·
1042 2205 1090 2257 oi
1144 2205 1202 2256 δὲ
1261 2203 1480 2266 πλείους
1529 2203 1842 2274 παρήγοντο

265 2291 355 2343 τοῦ
395 2291 668 2361 ἁληθοῦςο
713 2296 806 2347 καὶ
853 2295 1186 2365 ἠνθισμένας
1229 2298 1332 2359 τὰς
1372 2297 1582 2350 ἐκείνου
1619 2295 1842 2366 τρίϐους

268 2380 523 2448 ὁρῶντες,
543 2383 669 2445 τοὺς
698 2382 954 2452 βοθύνους
981 2385 1078 2455 οὐχ
1100 2384 1489 2445 ὑπεϐλέποντο.
1517 2386 1715 2454 ἀγαθοὶ
1748 2386 1844 2439 καὶ

268 2462 409 2524 οὗτοι
426 2488 491 2539 γε
516 2470 675 2535 ὄντες
700 2474 1038 2542 Χριστιανοὶ,
1068 2476 1161 2528 καὶ
1180 2474 1429 2544 λογισμῷ
1457 2473 1840 2544 διοικούμενοι,

269 2561 342 2625 ῶς
369 2562 471 2615 οὐκ
500 2563 613 2632 ἄρα
647 2565 923 2627 τοιούτους
950 2566 1146 2634 ὅρκους
1181 2565 1407 2635 συγχέαι
1436 2563 1844 2635 κατατολμήσει

272 2652 579 2723 ἄνθρωπος,
631 2658 819 2722 γένους
867 2653 927 2711 εὖ
962 2656 1123 2726 ἔχων,
1158 2657 1252 2710 καὶ
1279 2657 1421 2728 ὀρῶν
1466 2655 1536 2710 τὰ
1574 2655 1668 2711 τοῦ
1706 2654 1844 2709 Θεοῦ

273 2745 446 2810 ἄλλως
474 2748 792 2820 ἐπιρρεπῶς
832 2749 1025 2819 ἔχοντα
1058 2750 1194 2820 πρὸς
1230 2749 1415 2813 αὐτὸν,
1440 2752 1533 2804 καὶ
1564 2765 1845 2804 πεπιστω-

278 2837 432 2907 μένος
464 2839 669 2910 χρῆναι
701 2840 1012 2906 βασιλεῦσιν
1050 2842 1240 2908 εἴκειν,
1283 2836 1367 2905 οἷς
1402 2844 1437 2913 ἡ
1470 2843 1632 2912 φύσις
1662 2842 1850 2896 ἀλυσι-

275 2928 492 2984 δώσασα
522 2933 627 3002 τὴν
669 2933 947 3003 βασιλείαν
974 2936 1276 3005 ἡρμόσατο,
1319 2936 1416 2990 καὶ
1446 2939 1506 2991 τὸ
1536 2938 1638 3008 τῆς
1667 2936 1848 3008 ἀρχῆς

279 3024 546 3094 μήρυγμα
574 3021 637 3078 εὖ
670 3026 1068 3082 συνεκλώσατο.

1865 1801 1915 1862 Β
1946 1801 2058 1887 tum
2088 1801 2227 1889 l'o're.

2008 1926 2095 1981 '52.
2146 1923 2300 1979 Talia
2359 1926 2463 1981 ista
2514 1935 2690 1981 erant.
2740 1927 2843 1981 Alii
2886 1937 3064 1981 autem
3117 1925 3528 1996 prudentiores,

1940 2017 2240 2089 meliusque
2293 2018 2678 2087 dignoscentes
2714 2020 2844 2088 quid
2900 2020 2971 2074 sit
3007 2021 3114 2075 veri
3177 2019 3230 2074 in
3271 2020 3540 2090 speciosis

1940 2108 2122 2173 dictis,
2158 2109 2233 2163 illi
2286 2110 2561 2163 adhaerere
2616 2110 3090 2176 dubitabant,non
3115 2121 3295 2164 tamen
3335 2123 3534 2180 magno

1944 2194 2173 2256 numero
2209 2239 2225 2265 ,
2270 2208 2454 2271 utpote
2502 2200 2711 2270 Optime
2784 2213 3072 2258 noscentes
3143 2201 3294 2271 quali
3356 2201 3544 2256 indole

1941 2299 2111 2348 esset.
2146 2293 2400 2363 Plerique
2448 2307 2575 2346 vero
2620 2295 2754 2346 citra
2811 2309 2998 2348 verum
3046 2303 3239 2358 erant;
3295 2292 3525 2348 tioribus

1945 2399 2167 2454 sparsos
2200 2400 2422 2455 gressus
2455 2386 2575 2454 ejus
2599 2385 2870 2451 videntes,
2897 2386 3122 2456 abyssos
3147 2402 3252 2440 non
3280 2384 3534 2452 suspica-

1944 2476 2147 2532 bantur
2189 2478 2242 2532 Ιιί
2282 2478 2408 2531 boni
2430 2476 2756 2542 Christiani,
2784 2479 2996 2547 hocque
3022 2479 3315 2532 ratiocinio
3349 2475 3528 2540 ducti,

1947 2583 2054 2623 non
2093 2567 2219 2620 talia
2254 2582 2317 2621 ac
2340 2574 2490 2622 tanta
2514 2568 3169 2636 juratnemaviolaturum
3195 2583 3320 2623 esse
3354 2569 3540 2623 homi-

1947 2672 2073 2713 nem
2097 2658 2251 2713 bona
2281 2659 2503 2724 indolis,
2537 2661 2807 2713 videntem
2834 2661 2970 2714 alias
3003 2662 3141 2714 bona
3165 2660 3253 2714 Dei
3275 2659 3341 2713 ad
3371 2673 3429 2712 se
3453 2660 3541 2712 in-

1947 2750 2110 2816 ﬂexa,
2153 2749 2460 2821 decereque
2507 2767 2629 2807 esse
2662 2754 2869 2806 tidelem
2906 2754 3360 2817 imperatoribus,
3414 2751 3539 2820 qui-
3583 2761 3609 2782 ο

1949 2844 2055 2899 bus
2087 2853 2280 2898 natura
2303 2884 2317 2909 ,
2349 2844 2508 2914 quasi
2565 2853 2841 2909 catenam,
2885 2845 3205 2915 dignitatem
3241 2845 3538 2911 imperato-

1948 2940 2086 2993 riam
2117 2938 2378 3008 alligavit,
2415 2939 2753 3008 staminaque
2793 2946 2910 2992 arte
2957 2938 3230 2992 convolvit
3263 2936 3544 3007 principa-

1952 3038 2066 3084 tus.

342 3116 442 3183 λγ’.
480 3118 591 3170 Καὶ
624 3116 770 3171 οὕτω
802 3119 902 3187 μὲν
932 3121 982 3172 οί
1013 3119 1344 3190 ξύμπαντες.
1385 3110 1445 3175 Ὅ
1469 3122 1525 3175 δὲ
1552 3121 1622 3175 τὰ
1652 3123 1847 3193 πρῶτα

2021 3123 2110 3177 33.
2155 3115 2387 3179 Omnes
2415 3126 2630 3194 quidem
2695 3125 2777 3180 sic
2828 3125 3212 3195 opinabantur.
3264 3121 3358 3175 Ille
3388 3134 3536 3184 vero,

278 3206 565 3260 κολακείαν
583 3210 964 3277 σκευωρήσας,
988 3209 1060 3272 ὡς
1080 3211 1459 3281 ὑπαγαγέσθαι
1478 3214 1539 3265 τὸ
1550 3213 1845 3278 πολιτικὸν,

280 3298 370 3350 καὶ
387 3296 620 3360 ἀνύσας,
648 3298 677 3351 ὃ
709 3296 997 3370 προύθετο,
1031 3297 1152 3354 εῐτα
1181 3304 1276 3355 καὶ
1319 3302 1642 3368 ἀκκίζεσθαι
1688 3321 1852 3374 προε-

279 3388 492 3454 δάλετο,
528 3381 618 3442 οἷα
643 3392 702 3443 ὲν
731 3389 809 3459 τῷ
837 3392 1133 3462 προρρέειν
1163 3394 1255 3446 ἐπὶ
1286 3394 1476 3462 ἀγαθῷ
1502 3397 1599 3465 τῆς
1640 3394 1851 3458 πόλεως

281 3479 660 3551 ἐπιτυγχάνων
713 3480 1152 3556 καταρράκταις,
1190 3488 1352 3557 οἷπερ
1395 3488 1542 3559 αύτῷ
1572 3488 1855 3558 ἀναχαιτί-

280 3569 429 3631 ζουσι
462 3571 527 3623 τὸ
559 3570 740 3641 ῥεῦμα
767 3572 841 3636 ὡς
878 3576 957 3638 είς
984 3574 1260 3654 ἀνάρρουν
1286 3577 1428 3631 τινά.
1463 3578 1555 3631 Διὸ
1588 3582 1681 3632 καὶ
1716 3581 1851 3633 ἀνα-

282 3664 474 3731 χωρεῖν
524 3663 736 3717 ἐθέλειν
792 3665 873 3727 είς
924 3668 1022 3741 τὴν
1078 3669 1188 3721 τῶν
1251 3671 1625 3741 Παφλαγόνων
1694 3671 1850 3735 αὖθις

280 3755 607 3824 ἐσκήπτετο.
654 3756 738 3810 Τὰ
773 3757 820 3810 δ’
843 3752 912 3829 ἦν
958 3760 1114 3823 κότος
1154 3762 1296 3814 κατὰ
1332 3762 1440 3815 τῶν
1476 3765 1569 3817 καὶ
1612 3764 1853 3832 εὐγενῶν

283 3848 375 3898 καὶ
407 3849 653 3918 ἰσχυρῶν
674 3850 754 3912 είς
782 3851 842 3905 τὺ
860 3853 991 3919 πᾶν,
1012 3851 1104 3916 οὒς
1125 3855 1366 3923 μελετῶν
1383 3856 1851 3912 κενὰὺπώπτευεν

284 3938 781 4009 ἐναντιωσομένους
807 3941 975 4012 αὐτῷ.
1016 3939 1122 3997 Ἦν
1162 3943 1219 3997 δὲ
1253 3945 1313 3996 ὲν
1341 3946 1524 4008 αὐτοῖς
1556 3948 1851 4015 κορυφαῖον

288 4030 448 4097 μέρος
479 4030 532 4082 οι
565 4029 644 4094 ῶς
673 4030 877 4102 ἐρρέθη
917 4032 1010 4085 ἐπὶ
1042 4032 1147 4101 γῆς
1194 4033 1436 4102 ἄγγελοι,
1477 4034 1644 4102 φῦλον
1674 4037 1850 4089 ἐκεῖνο

287 4123 374 4173 καὶ
415 4124 609 4191 γένους
648 4122 770 4192 έχον
803 4124 863 4177 τὸ
903 4124 1193 4195 ὑπερέχον,
1227 4125 1324 4180 καὶ
1364 4127 1585 4197 ἀνδρίας
1623 4124 1683 4182 εὖ
1716 4125 1852 4199 ἧκον

285 4217 375 4270 καὶ
406 4218 645 4281 πίστεως
694 4219 978 4290 βασιλικῆς
1001 4221 1095 4276 καὶ
1130 4221 1434 4286 συνέσεως·
1471 4220 1565 4274 καὶ
1613 4221 1647 4275 ὅ
1680 4222 1852 4293 μέγας

287 4308 426 4375 δοὺξ,
458 4311 487 4363 ὁ
517 4311 980 4380 Κοντοστέφανος,
1014 4312 1157 4384 ἀνὴρ
1191 4312 1481 4384 δραστικὸς
1511 4312 1605 4368 καὶ
1632 4312 1851 4385 φρενῶν

286 4403 487 4468 γέμων,
517 4403 615 4457 καὶ
640 4403 818 4475 ἓτεροι
867 4405 1049 4476 μυρίοι
1081 4406 1216 4460 ὅσοι.
1266 4405 1555 4461 Ἐλάνθανε
1586 4405 1643 4459 δὲ
1678 4404 1851 4459 ταῦτα

1953 3215 2183 3283 primum
2255 3217 2563 3272 ambitiosis
2641 3217 3144 3270 rnaebinationilms
3217 3213 3359 3283 quod
3420 3220 3543 3264 ten-

1951 3307 2115 3361 debat
2172 3311 2453 3375 pervenit,
2495 3325 2553 3363 se
2594 3307 2793 3362 deinde
2849 3306 3205 3361 ditiicilinrem
3247 3303 3540 3359 ostendere

1951 3399 2152 3468 cmpit,
2194 3408 2253 3453 ut
2285 3415 2408 3452 cum
2454 3411 2675 3461 torrens
2722 3414 2914 3469 aquam
2953 3410 3195 3468 optatam
3244 3399 3309 3450 ad
3346 3397 3538 3451 urbem

1952 3491 2133 3554 atiert,
2203 3492 2425 3559 quidam
2454 3500 2513 3545 nt
2534 3491 2794 3547 ﬂuentum
2833 3492 2951 3559 ejus
2983 3501 3128 3545 retro
3168 3490 3299 3544 ﬂuat
3324 3488 3539 3542 eﬂicere

1956 3594 2250 3640 conantur.
2311 3586 2435 3638 Ideo
2496 3586 2694 3639 iterum
2752 3586 2893 3654 apud
2955 3585 3338 3654 Paphlagones
3404 3580 3541 3636 resi-

1954 3676 2086 3731 dere
2114 3678 2273 3731 enixe
2323 3678 2562 3732 volebat.
2610 3679 2738 3741 Erat
2779 3680 3004 3730 omnino
3047 3676 3298 3729 infensus
3338 3671 3543 3726 nobili-

1954 3766 2056 3819 bus
2083 3781 2145 3819 ac
2184 3767 2528 3834 potentibus,
2563 3766 2706 3834 quos
2736 3766 2885 3818 nullo
2920 3764 3043 3830 jure
3079 3765 3182 3819 sibi
3220 3763 3542 3817 adversatu-

1957 3876 2051 3914 rns
2088 3859 2501 3926 suspicabatur.
2542 3859 2717 3924 Caput
2752 3871 2880 3910 vero
2903 3870 3094 3909 eorum
3118 3853 3412 3923 supradicti
3438 3867 3540 3906 an-

1954 3952 2054 4019 geli
2082 3961 2366 4005 terreStres
2393 3958 2574 4012 erant,
2601 3948 2746 4017 quod
2772 3946 2987 4016 generis
3009 3946 3311 4008 nobilitate,
3334 3945 3540 4011 animo,

1954 4043 2212 4097 tidelitatc
2235 4055 2359 4110 erga
2396 4030 2779 4108 imperatoiem
2801 4048 2964 4105 atque
2995 4036 3280 4106 prudentia
3316 4043 3544 4106 ρηοδιυ-

1953 4134 2045 4188 bat
2079 4150 2093 4199 ;
2122 4132 2228 4185 dux
2249 4145 2463 4200 quoque
2494 4144 2740 4200 magnus,
2761 4116 3260 4198 Coutostepbanns,
3298 4127 3379 4179 vir
3409 4135 3542 4181 stre.

1912 4252 1913 4255 η
1954 4240 2096 4280 unus
2139 4224 2464 4292 ingenioque
2522 4221 3026 4291 pr:estani,aliique
3087 4219 3383 4273 innumeri.
3414 4217 3541 4272 Haec

1953 4326 2134 4372 autem
2160 4317 2364 4385 plebem
2404 4314 2643 4368 latebant
2680 4328 2777 4367 nec
2809 4313 3058 4368 sciebant
3078 4312 3257 4380 ipsum
3280 4312 3432 4366 hisce
3463 4312 3543 4363 vi-

1954 4409 2031 4464 ris
2072 4408 2369 4463 infensum.
2400 4408 2527 4461 ideo
2554 4419 2798 4460 remeare
2816 4404 3179 4472 recedereque
3204 4403 3538 4471 opinantem,

287 4492 371 4546 τὸν
399 4495 578 4564 ὄχλον,
607 4497 699 4547 καὶ
724 4497 825 4549 οὐκ
845 4496 1063 4567 ᾔδεσαν,
1091 4498 1171 4551 ὅτι
1198 4498 1338 4553 κατὰ
1356 4497 1612 4580 τοιούτων
1639 4496 1846 4580 ἀνδρῶν

1954 4501 2096 4555 unde
2152 4510 2464 4562 venerat,eo
2519 4497 2664 4567 quod
2699 4496 2830 4550 nihil
2864 4495 2994 4549 utile
3040 4510 3200 4564 agere
3239 4502 3422 4563 posset
3446 4491 3542 4545 ad-

293 4585 522 4655 μέμηνε.
550 4588 642 4640 Διὸ
665 4588 759 4641 καὶ
782 4586 1038 4654 ἀξιοῦντα
1065 4589 1391 4658 μεταπλέειν
1405 4592 1498 4643 καὶ
1523 4588 1850 4658 ὑποχωρεῖν,

288 4678 407 4732 ὅθεν
431 4674 588 4750 ἦλθε,
647 4678 739 4732 διὰ
788 4680 852 4733 τὸ
886 4681 1049 4752 μηδὲν
1086 4681 1232 4752 ἔχειν
1265 4682 1552 4735 σπουδαῖον
1588 4682 1854 4752 πράττειν

289 4771 351 4840 τῇ
410 4772 473 4824 ὲκ
529 4771 640 4824 τῶν
687 4771 899 4826 πολλῶν
950 4773 1198 4847 κωλύμῃ,
1251 4776 1469 4845 ἐπεῖχον
1520 4774 1853 4845 ἐγκείμενοι,

293 4863 742 4933 προσκλαίοντες,
815 4865 1197 4937 ποτνιώμενοι,
1265 4867 1653 4936 γουναζόμενοι
1719 4868 1856 4938 πρὶς

290 4955 423 5010 Θεοῦ
468 4958 566 5010 καὶ
595 4957 777 5026 ψυχῆς
809 4959 903 5011 καὶ
940 4958 1051 5012 τῶν
1087 4959 1384 5029 φιλτάτων,
1417 4961 1511 5013 καὶ
1561 4960 1855 5022 ἐνδιδόντες

292 5048 491 5112 ἐξεῖναι
546 5049 696 5119 αὐτῷ
747 5030 892 5105 κατὰ
944 5052 1163 5105 πάντων
1208 5053 1451 5122 κρατεῖν,
1492 5052 1574 5115 είς
1619 5052 1756 5124 ὅπερ
1790 5053 1856 5106 ἂν

293 5140 513 5204 αἱροίτο.
548 5141 640 5209 Μὴ
688 5140 798 5212 γὰρ
836 5141 902 5196 ἄν
931 5159 1066 5210 φασι
1115 5141 1207 5196 διὰ
1241 5143 1427 5196 τούσδε
1457 5142 1493 5213 ἢ
1524 5143 1767 5206 ἐκείνους
1797 5142 1858 5195 τὺ

296 5231 400 5283 πᾶν
420 5229 724 5297 ἐξολέσθαι.
767 5230 1013 5303 Ἀφίησιν
1060 5229 1153 5287 οὖν
1203 5234 1297 5286 ἐπὶ
1334 5235 1543 5297 τούτοις
1575 5237 1603 5288 ὁ
1651 5234 1861 5307 Ἀνδρό-

297 5336 437 5384 νικος
465 5320 568 5390 τὴν
597 5320 794 5391 ορύψιν
817 5322 1051 5394 ἐκείνην.
1082 5324 1191 5377 Καὶ
1222 5323 1457 5393 βαθμίδα
1481 5322 1685 5394 ταύτην
1711 5327 1860 5397 πρώ-

297 5426 392 5480 την
431 5411 718 5474 ὑπαναῦὰς
748 5410 842 5466 τοῦ
877 5415 1110 5483 μέγιστα
1140 5413 1399 5468 δύνασθαι
1432 5415 1518 5468 διὰ
1568 5415 1666 5486 τὴν
1695 5416 1863 5487 δημο-

300 5503 450 5575 τικὴν
472 5507 653 5575 ἰσχὺν,
675 5505 820 5560 οὕτω
842 5507 1332 5578 προσκολλωμένην
1350 5508 1518 5579 αὐτῷ,
1545 5512 1637 5562 καὶ
1659 5510 1716 5563 τὸ
1740 5510 1860 5564 κατ’

301 5595 454 5648 αὑτὸν
479 5595 661 5662 ὀλίγον
685 5598 764 5659 είς
788 5598 980 5668 μυρίον
1003 5598 1367 5665 έπαύξουσαν,
1392 5599 1610 5670 βαθύνει
1636 5600 1860 5671 σκέμμα

302 5685 714 5757 λαδυρινθῶδες.
748 5691 859 5745 Καὶ
890 5692 1028 5753 τέως
1059 5691 1320 5762 τρέπεται
1360 5708 1501 5745 κατα
1546 5691 1641 5745 τοῦ
1673 5695 1860 5763 ἀρχιε-

313 5776 463 5846 ρέως,
496 5779 558 5833 ού
585 5778 787 5849 δεσμοῦ
820 5781 1006 5853 μόνον,
1031 5779 1166 5837 ἀλλὰ
1196 5783 1286 5837 καὶ
1316 5782 1409 5838 τοῦ
1444 5782 1520 5855 μὴ
1554 5778 1694 5838 εἶναι
1722 5782 1860 5848 ὅλως

1958 4591 2306 4646 versantibus
2332 4590 2535 4650 multis,
2562 4591 2803 4643 retinere
2825 4586 3197 4646 enitebantur,
3235 4585 3535 4653 plorantes.

1957 4683 2337 4752 deprecantes,
2375 4697 2549 4752 geitua
2605 4680 2998 4743 amplectentes
3054 4691 3153 4743 pro
3192 4677 3320 4740 beo,
3353 4673 3534 4726 anima

1959 4786 2122 4841 atque
2159 4776 2521 4839 rbar‘issiinis.
2556 4786 2723 4840 seque
2755 4769 2831 4823 illi
2868 4768 3252 4822 sulnnittentes
3287 4779 3384 4835 pro
3416 4780 3540 4819 om-

1959 4869 2118 4923 nibus
2177 4883 2294 4935 quu:
2350 4867 2623 4933 elegisset.
2692 4861 2842 4915 Haud
2894 4860 3074 4921 enim,
3117 4858 3404 4926 inquiunt,
3457 4855 3540 4913 fas

1959 4969 2045 5015 est
2093 4970 2153 5013 ut
2193 4971 2408 5026 propter
2435 4958 2533 5011 hos
2565 4957 2749 5008 illosve
2785 4962 2957 5006 totum
2987 4959 3192 5021 pereat.
3223 4949 3333 5005 lloc
3362 4950 3538 5018 primo

1960 5050 2128 5120 gradu
2183 5049 2434 5103 maximae
2485 5047 2771 5117 potestatis
2825 5045 3073 5109 obtento,
3126 5042 3307 5112 populi
3360 5042 3536 5111 bratia

1964 5141 2044 5196 sic
2104 5141 2178 5194 illi
2214 5140 2503 5208 acquisita,
2574 5153 2810 5206 moxque
2857 5137 2910 5191 in
2969 5135 3298 5189 immensum
3352 5141 3536 5198 aucta,

1961 5232 2245 5287 consilium
2303 5231 2684 5285 inextricabile
2743 5231 3059 5284 meditatur.
3121 5226 3304 5280 Primo
3347 5225 3551 5279 δύνει-υ·

1961 5338 2058 5379 sus
2122 5323 2596 5392 archiepisCOpum
2649 5323 2898 5383 vertitur,
2923 5324 3013 5390 qui
3048 5336 3154 5373 non
3208 5320 3384 5374 solum
3416 5334 3541 5374 ear-

1964 5430 2179 5478 cerem,
2232 5415 2322 5470 sed
2394 5424 2449 5468 ut
2513 5416 2737 5469 omnino
2806 5429 2914 5467 non
2971 5413 3202 5467 exsistat
3271 5422 3542 5481 mereatur

1965 5521 2089 5561 eum
2151 5506 2426 5575 judicans,
2475 5515 2533 5559 ιιι
2565 5507 2668 5560 sibi
2736 5506 3119 5569 reluctantem,
3163 5504 3541 5574 imprimisque

1965 5591 2134 5667 quod'
2162 5600 2336 5653 sensit
2363 5598 2513 5652 illiilli
2578 5599 2967 5668 praevidentem
3018 5596 3158 5652 mala
3187 5609 3304 5664 quae
3349 5604 3541 5650 contra

1942 5691 2353 5771 imperatorem
2382 5702 2606 5746 acturus
2635 5700 2755 5746 erat
2787 5706 2853 5746 ex
2891 5690 3122 5745 diversis
3147 5686 3365 5745 indiciis
3405 5687 3539 5742 illud

1963 5782 2154 5851 sensit,
2184 5796 2416 5854 quorum
2446 5799 2610 5839 unum
2652 5783 2809 5853 vulgo
2840 5791 3025 5839 notum
3048 5790 3151 5837 est.
3199 5776 3217 5787 '
