3930 6232
403 270 475 331 39
1087 259 1515 324 EUSTATHII
1557 254 2332 320 THESSALONIFENSIS
2356 251 2927 315 METROPOLiTr‘E
3608 249 3679 311 40

403 374 571 439 ἁξιιῖν
610 374 841 439 ἐκεῖνον,
878 371 954 434 ὡς
1013 372 1193 443 ἐαυτῷ
1227 371 1585 441 δύσχρηστον.
1626 371 1721 420 καὶ
1758 364 2001 437 μάλισθ’,
2045 363 2130 417 ὅτι
2186 379 2282 418 και
2313 364 2511 435 ᾔσθετο
2540 362 3020 435 προορώμενον,·ἀ
3054 361 3253 434 πράξει
3273 354 3428 429 οὗτος
3468 362 3546 428 είς
3587 367 3680 415 τὶν

402 467 633 538 βασιλέα
670 467 838 522 κακά.
873 466 1110 540 ’ῌσθετο
1136 466 1193 520 δέ
1223 466 1447 536 τρόποις
1485 464 1725 528 πολλοῖς,
1774 455 1850 517 ὧν
1901 452 1985 520 εἷς
2024 459 2118 510 καὶ
2151 451 2307 522 οὗτος
2332 459 2791 529 διακεκήρυκται.

471 563 560 618 54.
596 562 882 628 Quondam
946 570 1140 616 sancto
1195 562 1312 616 seni
1361 561 1718 631 exprobravit
1784 557 1997 611 Andro-

2175 555 2270 609 λδ¹.
2326 555 2583 610 Ὠνείδισέ
2640 572 2771 609 ποτε
2826 556 2853 607 ὀ
2895 554 3234 624 Ἀνδρόνικος
3263 552 3353 606 τὸν
3402 556 3458 605 ἐν
3504 554 3685 621 ἀγίοις

403 655 560 710 niens
593 653 740 721 quod
784 669 845 709 se
886 655 1031 709 sicut
1087 654 1445 724 imperatoris
1476 665 1685 722 patrem
1735 650 1987 722 gerebat,

403 748 644 817 dumque
671 747 994 815 imperantis
1042 746 1268 799 tutelam
1305 746 1451 815 agit,
1511 745 1633 797 talis
1678 741 1830 812 pueri
1895 754 1991 807 pro

406 837 517 892 lilio
535 838 639 893 sibi
675 837 952 891 commissi
988 836 1166 889 minus
1195 836 1475 889 studiosus
1512 831 1788 889 esset.llle
1808 842 1990 884 autem

406 931 689 1001 respondit
721 930 769 983 ei
803 930 1077 986 sulIicere.
1108 930 1152 983 si
1180 934 1283 981 tot’
1309 935 1364 982 et
1402 928 1568 981 tantis
1621 927 1856 994 negotiis
1881 924 1994 981 dis-

403 1032 616 1079 tractus
653 1024 916 1077 brevibus
952 1019 1258 1075 intervallis
1297 1034 1468 1088 puero
1500 1019 1833 1089 invigilaret.
1856 1017 1991 1071 Cum

405 1130 538 1170 vero
574 1114 652 1170 sic
701 1112 936 1182 benigne
983 1110 1504 1179 exprobrationibus
1544 1106 1846 1163 AndrOnici
1904 1122 1995 1163 re-

408 1205 748 1273 spondisset.
785 1204 908 1258 dein
942 1203 1149 1256 ferrum
1182 1212 1403 1256 acutum
1438 1200 1638 1261 infixit.
1692 1200 1945 1254 addendo
1979 1218 1992 1253 :

410 1316 429 1349 ι
464 1297 613 1352 Alias
645 1294 800 1349 valde
829 1294 1124 1364 inquietus.
1157 1295 1249 1349 ubi
1284 1302 1335 1346 te
1374 1308 1554 1361 regem
1589 1295 1642 1345 in
1677 1290 1855 1345 medio
1903 1306 1997 1359 po-

403 1386 514 1456 puli
534 1387 870 1440 inveneram.
899 1404 916 1436 ι
954 1383 1298 1437 ὓίεἰίειιηεε.
1332 1382 1678 1436 Andronicus
1699 1395 1827 1436 vero
1858 1388 1997 1443 (erat

403 1478 549 1531 enim
577 1476 861 1546 perspicax
880 1477 933 1531 in
954 1475 1226 1546 loquendo
1246 1486 1300 1530 et
1329 1472 1563 1529 aliorum
1586 1484 1820 1529 mentem
1843 1471 2000 1529 facile

403 1575 698 1638 penetrans
753 1569 1004 1637 quamvis
1071 1564 1505 1635 involutam)cx
1550 1566 1798 1635 sapiente
1870 1581 2000 1620 sene

404 1662 894 1732 Qumritqttoniotlo
923 1661 1106 1715 dicere
1137 1674 1304 1716 ausus
1346 1660 1509 1713 fuerit
1534 1674 1631 1727 per
1664 1659 1839 1729 ipsum
1893 1667 2001 1714 tre-

404 1754 621 1824 pidasse
669 1754 1050 1822 imperatorem
1104 1750 1126 1804 ?
1169 1751 1538 1819 Magnanimos
1609 1764 1772 1805 senex
1852 1752 2004 1805 anci-

405 1846 515 1917 pite
567 1846 736 1901 verbo
794 1845 1175 1915 inquietudini:
1240 1845 1431 1909 fretu,
1464 1843 1674 1896 clarum
1712 1855 1837 1897 esse
1883 1858 2003 1896 vcr-

405 1911 536 1995 bum
616 1939 777 2003 dixit,
852 1911 1049 1992 reum.
1081 1948 1370 2008 postquam
1427 1937 1481 1989 in
1527 1935 1780 1990 columna
1838 1935 1992 1990 ﬁuna
2034 1911 2073 1965 θ

382 2038 461 2085 ,ιθ
485 2030 785 2085 stabilieris
814 2030 878 2083 ad
916 2028 1242 2083 sustinenda
1281 2044 1402 2096 qua:
1451 2028 1605 2097 pueri
1645 2036 1796 2086 sunt.
1845 2029 1992 2082 mul-

408 2129 517 2175 tam
551 2119 984 2174 sollicitudinem
1037 2120 1409 2187 deposuerim,
1465 2121 1520 2172 in
1566 2119 1742 2187 teipso
1777 2117 1991 2174 fortiori

408 2212 648 2281 pondere
687 2215 887 2281 posito.
932 2231 950 2262 ι
1015 2212 1172 2266 Tune
1227 2212 1581 2267 Andronicus
1652 2214 1847 2278 tacuit,
1912 2214 1993 2267 ira

407 2304 511 2361 sub
541 2314 765 2375 pectore
802 2320 1011 2374 pressa,
1063 2306 1278 2375 hocque
1314 2322 1422 2361 uno
1481 2306 1685 2375 duplici
1737 2316 1795 2362 et
1828 2318 1995 2363 acuto

405 2397 640 2466 strepitu
671 2405 861 2450 contra
920 2412 1106 2451 senem
1155 2400 1381 2458 intorto.
1438 2408 1628 2468 utpote
1655 2409 1852 2454 acutus
1898 2402 1999 2454 Ar-

407 2489 647 2546 menius.
704 2488 807 2544 Ira:
869 2490 1109 2559 iungens
1186 2490 1444 2560 injuriarn
1514 2502 1567 2546 et
1623 2493 1880 2559 ironiam,
1927 2497 1997 2549 ab

408 2583 515 2636 hoc
545 2591 788 2652 tempore
824 2582 1001 2652 pilam
1050 2597 1242 2653 gerere
1285 2598 1477 2638 curam
1541 2586 1771 2651 statuit;
1820 2602 1997 2657 eoque

303 2698 327 2719 .
407 2675 555 2727 venit
593 2673 675 2728 vir
725 2672 1212 2743 diligentissimus,
1264 2687 1322 2730 ut
1353 2678 1515 2746 paulo
1545 2687 1670 2748 post
1729 2682 1997 2737 molestia'

408 2766 655 2835 repetitae
689 2768 803 2822 sint
836 2771 903 2821 ad
935 2768 1077 2821 bane
1129 2767 1375 2824 audaciae
1408 2772 1844 2838 extremitatem,
1891 2790 1999 2845 qua

407 2862 519 2917 vita
571 2864 971 2936 archiepiscopi
1028 2867 1083 2919 in
1138 2867 1463 2922 discriminc
1514 2867 1680 2924 fuerit
1732 2879 1858 2938 post
1903 2885 2001 2938 op-

408 2956 626 3023 probria
663 2956 853 3020 multa,
887 2958 1145 3025 qualibus
1193 2958 1364 3013 Judaei
1404 2963 1568 3016 Deum
1632 2974 1997 3033 operuerunt.

408 3043 521 3101 Nisi
550 3060 681 3116 ergo
720 3061 889 3103 senex
926 3049 1220 3116 providens
1259 3066 1371 3106 suae
1399 3052 1587 3119 saluti,
1642 3072 1674 3110 e
1724 3057 1905 3113 medio
1941 3075 2000 3113 se

405 3140 758 3205 sustulisset,
817 3143 1274 3213 archipraasnlatn
1343 3145 1633 3216 depOsito.
1689 3150 1836 3220 quod
1904 3168 2002 3208 no-

407 3231 603 3288 luisset
634 3232 829 3288 luisset
862 3248 1087 3303 passus.

2094 650 2347 719 γέροντα,
2384 651 2466 702 ὅτι
2502 648 2960 720 βασιλεωπάτορα
2988 647 3152 700 τόπον
3189 646 3425 716 ἐπέχων,
3451 641 3532 710 οἷς
3566 650 3688 703 ἐπι-

2095 742 2351 813 τροπεύει
2390 741 2484 795 τοῦ
2544 741 2949 811 βασιλεύοντος,
3000 742 3060 794 οὐ
3099 739 3273 812 συχνά
3330 739 3686 809 παραϐάλλει

2097 838 2528 892 ἐπισκέπτεσθαι
2594 837 2689 889 τὸν
2748 838 2829 898 είς
2880 836 2996 889 υἱὸν
3052 835 3392 905 τεθειμένον,
3441 832 3689 888 τοιοῦτον

2097 932 2247 985 ὄντα.
2292 931 2353 984 Ὀ
2396 930 2442 983 δ’
2484 929 2734 983 ὑπειπὼν
2774 930 2990 999 ἀρκεῖν,
3040 931 3089 982 εἰ
3143 926 3438 981 διαλείπων
3476 926 3689 998 βραχέα

2097 1024 2222 1095 ἥκει
2246 1024 2383 1091 πρὸς
2410 1023 2703 1092 ἐπίσκεψιν
2725 1022 2820 1077 τοῦ
2854 1023 3062 1086 παιδὸς,
3095 1021 3379 1090 ἄνθρωπος
3408 1022 3691 1083 τοσούτοις

2103 1113 2460 1184 μεριζόμενος
2521 1114 2834 1183 πράγμασι.
2893 1111 3003 1165 Kal
3033 1109 3205 1173 οὕτως
3254 1109 3435 1180 ὴπίως
3484 1110 3561 1180 τῷ
3591 1106 3688 1161 τοῦ

2112 1207 2453 1276 Ἀνδρονίκου
2496 1204 2887 1275 προσενεχθεὶς
2926 1202 3241 1273 ὀνειδισμῷ,
3273 1202 3397 1257 εἶτα
3422 1202 3518 1256 καὶ
3548 1219 3691 1256 καυ-

2102 1305 2245 1372 τῆρα
2277 1301 2476 1373 δριμὺν
2509 1301 2785 1370 ἐπήγαγε,
2824 1295 3246 1368 προσεπειπὼν,
3278 1296 3353 1359 ὼς
3388 1295 3601 1360 Ἄλλως
3633 1312 3693 1347 τε

2102 1397 2197 1449 καὶ
2232 1394 2616 1465 ἐξεφρόντισα,
2653 1392 2754 1464 ἤδη
2792 1392 2882 1445 τὸν
2917 1390 3152 1461 βασιλέα
3187 1390 3596 1459 ἐνδεδημηκότα
3630 1405 3691 1440 σε

2104 1486 2364 1553 ἐξευρών.
2401 1481 2569 1540 Eiet-ev
2602 1488 2631 1539 ὀ
2660 1485 2865 1555 γέρων.
2903 1484 3016 1537 Kal
3057 1483 3398 1551 Ἀνδρόνικος
3445 1475 3535 1552 (ἦν
3579 1479 3693 1548 γάρ

2104 1581 2256 1647 ὀξὺς.
2314 1578 2505 1650 ὥσπερ
2556 1577 2794 1648 στρεϐλὰ
2842 1577 3041 1640 εἰπεῖν,
3071 1573 3215 1626 οὕτω
3266 1573 3361 1626 καὶ
3393 1570 3695 1641 ὑπονοῆσαι

2102 1673 2172 1728 τὰ
2202 1672 2275 1742 μὴ
2309 1670 2520 1742 βαθέως
2554 1668 2769 1735 ἐλικτά)
2811 1664 3146 1720 πυνθάνεται
3178 1662 3272 1718 τοῦ
3303 1661 3467 1732 σοφοῦ
3495 1661 3690 1733 γέρον-

2105 1780 2213 1826 τος,
2246 1762 2365 1825 πῶς
2409 1778 2540 1814 ποτε
2570 1761 2638 1815 ἂν
2679 1760 2846 1822 εἴποι,
2881 1757 2952 1810 δι’
3002 1756 3169 1810 αὑτὸν
3200 1754 3696 1823 ἐκπεφροντικέναι

2104 1859 2197 1913 τὸν
2248 1856 2520 1926 βασιλέας
2582 1855 2693 1908 Καὶ
2761 1854 2790 1906 ὀ
2853 1852 3028 1921 μέγας
3085 1850 3304 1920 θατέρῳ
3359 1848 3541 1901 σκέλει
3595 1845 3695 1900 τοῦ

2107 1951 2514 2021 σημαινομένου
2547 1947 2647 2018 τῆς
2675 1945 3081 2015 ἐκφροντίσεως
3112 1941 3554 2014 ἐνερεισάμενος,
3585 1939 3700 2009 φά-

2104 2064 2194 2101 ναι
2234 2042 2355 2099 εἷπε
2380 2046 2473 2096 τὸν
2502 2042 2694 2109 λόγον,
2734 2039 2927 2094 καθότι
2964 2058 2982 2091 ι
3029 2037 3132 2092 Σοῦ
3163 2039 3243 2100 είς
3258 2035 3508 2106 ἀστραϐῆ
3539 2034 3698 2089 κίονα

2100 2139 2508 2207 ὑποστήσαντος
2535 2134 2750 2201 ἑαυτὸν,
2780 2132 3075 2204 βαστάζειν
3099 2132 3167 2186 τὰ
3186 2128 3327 2199 ὑπὲρ
3351 2128 3444 2182 τοῦ
3475 2128 3691 2191 παιδὸς.

2099 2232 2260 2294 aee;
2290 2228 2757 2298 ἁπεφορτισάμην
2797 2227 2858 2280 τὸ
2889 2225 3026 2278 πολὺ
3070 2224 3164 2277 τοῦ
3195 2221 3526 2294 φροντίζειν,
3555 2220 3696 2273 ἀνα-

2099 2324 2325 2391 θέμενος
2353 2321 2427 2384 ὡς
2458 2320 2663 2390 ἰσχυρῷ
2688 2336 2770 2373 σοι
2809 2317 2958 2388 αὐτῷ
2992 2316 3061 2369 τά
3112 2315 3408 2385 βαρὴματα
3456 2331 3477 2364 ι
3522 2310 3699 2365 Ἡσυ-

2099 2416 2255 2487 χάζει
2288 2413 2521 2467 ἐνταῦθα
2569 2415 2600 2466 ὀ
2644 2411 3004 2481 Ἀνδρόνικος,
3057 2409 3149 2462 καὶ
3178 2408 3269 2460 τὸν
3312 2406 3485 2475 θυμὸν
3523 2405 3701 2457 ὑπεν-

2098 2507 2304 2572 δακὼν,
2332 2506 2425 2558 καὶ
2450 2505 2609 2558 τοῦτο
2636 2504 2800 2575 μόνον
2824 2501 3329 2572 ἀκροὸολισάμενος
3355 2499 3481 2568 δίχα
3508 2499 3695 2569 ῥοίζου

2100 2602 2279 2668 λιγέος
2308 2600 2450 2653 κατά
2476 2597 2570 2651 τοῦ
2609 2597 2891 2668 γέροντος,
2919 2595 2996 2658 ὡς
3026 2595 3136 2664 ἀρα
3163 2591 3333 2664 βαθὺς
3378 2589 3695 2661 Ἀρμένιος.

2104 2696 2213 2750 Kal
2253 2692 2572 2763 παραμίξας
2610 2693 2675 2763 τῇ
2734 2690 3003 2761 βαρύτητι
3057 2692 3154 2741 καὶ
3207 2686 3534 2758 σαρκασμδν
3592 2684 3693 2737 τὸν

2100 2789 2230 2859 ἄχρι
2260 2788 2350 2839 καὶ
2384 2785 2764 2854 μειδιάματος,
2804 2783 2983 2853 ἀρχὴν
3044 2779 3256 2834 ἐκεῖθεν
3296 2779 3450 2832 εθετο
3490 2776 3695 2848 τρανέ-

2103 2898 2297 2952 στερον
2331 2879 2587 2950 μελετᾷν.
2641 2878 2752 2932 Kal
2797 2877 2877 2940 είς
2912 2874 3167 2928 τοσοῦτον
3205 2872 3418 2938 ἐξίκετο
3456 2870 3698 2940 δραστη-

2104 2975 2377 3045 ριότητος,
2402 2971 2633 3063 ὡςμετά
2659 2970 2856 3041 μικρὸν
2878 2967 3255 3028 ἐπαναστῆσαι
3276 2966 3371 3019 καὶ
3394 2964 3698 3033 ἐπιστῆσαι

2101 3065 2228 3127 τοὺς
2251 3062 2422 3135 χύδην
2453 3054 2691 3133 πικροὺς
2720 3060 2826 3123 ἕως
2850 3059 2946 3113 καὶ
2969 3058 3050 3122 είς
3080 3056 3320 3128 ἐσχάτην
3347 3054 3696 3128 θρασύτητα,

2101 3157 2177 3221 ὡς
2212 3158 2305 3211 καὶ
2328 3154 2732 3226 διαχρησθῆναι
2761 3153 3010 3207 κίνδυνον
3029 3149 3285 3219 γενέσθαι
3313 3149 3406 3203 τὸν
3429 3148 3700 3218 ἀρχιερέα

2021 3247 2066 3305 C
2104 3251 2242 3321 μετὰ
2263 3248 2463 3310 πολλάς
2490 3228 2700 3315 ὓδρὲις,
2727 3243 2920 3307 ὁποίας
2952 3243 3048 3298 καὶ
3086 3242 3338 3297 Ἰουδαῖοι
3363 3240 3701 3306 ἐτοξάσαντσ

406 3325 476 3381 ἂν
529 3328 673 3381 κατὰ
700 3327 859 3382 θεοῦ.
911 3331 1021 3382 Καὶ
1080 3332 1129 3383 εί
1164 3330 1242 3403 μὴ
1267 3330 1676 3402 τεχνησάμενος
1728 3336 1757 3389 ὀ
1811 3338 1994 3410 γέρων
2028 3343 2209 3414 ἑαυτῷ
2265 3343 2335 3397 τά
2396 3341 2667 3410 σωτήρια,

2758 3338 2825 3390 ἐκ
2885 3335 3069 3407 μέσων
3120 3332 3345 3407 κρυδεὶς
3410 3332 3696 3403 ἀπεσύρη,

405 3420 842 3491 ἀποδυσάμενος,
890 3421 970 3485 ὡς
1028 3424 1219 3494 ἐχρῆν,
1262 3424 1323 3477 τὸ
1373 3423 1590 3494 ἄρχειν,
1654 3426 1857 3483 ἔπαθεν
1902 3434 1990 3502 ἂν,
2031 3437 2170 3506 ὅπερ
2198 3437 2300 3489 οὐκ
2321 3430 2389 3505 ἦν
2407 3431 2560 3502 αὐτῷ
2589 3429 2852 3484 ἐθέλοντι.

477 3513 570 3569 55.
614 3514 709 3570 Ille
741 3514 962 3585 quidem
1000 3516 1081 3570 sic
1108 3514 1352 3586 seipsum
1395 3518 1684 3583 subduxit,
1719 3521 1989 3579 adversus

2166 3525 2262 3582 λε’.
2301 3525 2413 3581 Kal
2441 3524 2605 3586 αὐτὸς
2636 3522 2735 3593 μὲν
2757 3520 2904 3576 οὕτω
2938 3517 3281 3586 ξυνέστειλεν
3315 3517 3501 3580 αὐτὸν,
3529 3519 3699 3585 ἀφεὶς

407 3608 547 3663 alios
570 3606 755 3663 furere
790 3607 1162 3663 Andronicum
1199 3610 1540 3680 permittens.
1580 3609 1677 3663 Hic
1715 3628 1847 3668 vero
1896 3617 1991 3671 ubi

2107 3618 2448 3687 καθέτέρων
2502 3613 2809 3685 μεμηνέναι
2855 3611 2945 3664 τὸν
2990 3610 3351 3676 Ἀνδρόνικον.
3399 3608 3460 3662 Ὀ
3497 3606 3544 3661 δ’
3569 3611 3699 3662 ἐπεὶ

408 3701 517 3757 hoc
560 3716 755 3756 saxum
795 3702 1152 3771 procminens
1194 3702 1574 3770 repressisset,
1626 3704 1855 3759 exitium
1904 3707 1999 3762 ad-

408 3807 601 3849 versus
668 3806 860 3847 omnes
914 3791 1177 3855 evomuit,
1231 3791 1372 3845 adeo
1398 3800 1626 3847 ut.nou
1673 3807 1838 3860 posse
1888 3795 1997 3851 dici

410 3884 554 3937 hunc
617 3898 736 3937 esse
787 3892 1022 3942 sontem.
1048 3882 1202 3936 illum
1265 3897 1396 3937 vero
1465 3899 1570 3938 non
1604 3902 1749 3950 esse,
1796 3889 1893 3941 sed
1935 3890 2001 3942 ad

411 3987 603 4027 versus
630 3988 726 4028 eos
773 3974 860 4042 qui
889 3974 1114 4028 omnino
1154 3974 1399 4029 insontes
1427 3986 1589 4030 erant
1624 3979 1793 4048 (quod
1819 3980 2005 4049 nequi-

410 4066 497 4118 tia:
524 4067 773 4120 cumulus
803 4064 1240 4134 est).Postqnam
1267 4066 1612 4137 imperatoris
1658 4082 1890 4125 matrem
1917 4073 1999 4125 in-

411 4154 667 4207 clusisset
696 4155 750 4207 in
780 4155 1022 4208 sacrario
1059 4157 1251 4210 medici
1281 4157 1564 4212 Diomedis
1594 4159 1736 4213 inter
1764 4169 1990 4214 sanctos

412 4247 713 4316 conSpicni,
748 4247 933 4317 ibique
988 4263 1095 4302 non
1128 4249 1219 4302 diu
1267 4249 1614 4313 retinuisset,
1636 4251 1827 4303 eduxit
1869 4250 2000 4305 inde

415 4351 582 4413 atque
633 4344 956 4409 submersit,
1011 4343 1283 4398 ministris
1322 4359 1479 4404 usus,
1509 4357 1747 4413 quorum
1780 4343 1999 4411 aliquos

413 4436 674 4505 superbia
708 4435 833 4504 ejus
890 4436 1055 4504 paulo
1087 4445 1216 4506 post
1262 4436 1644 4490 condemnans
1681 4434 1878 4487 merito
1916 4447 2000 4486 re-

414 4528 729 4583 numeravit
762 4544 775 4581 :
806 4527 919 4583 Deo
964 4528 1047 4583 sic
1087 4542 1187 4582 nos
1233 4526 1488 4589 docente,
1514 4524 1989 4594 quemadmodum

414 4621 648 4692 pessima
679 4620 987 4689 iubentem,
1013 4620 1082 4675 ita
1111 4620 1308 4690 ignave
1341 4616 1684 4673 obedientem
1718 4631 1746 4669 a
1767 4615 1878 4672 Deo
1898 4633 2003 4688 pu-

415 4713 545 4779 niri,
585 4720 729 4766 teste
773 4711 995 4767 Davide.

482 4804 573 4860 36.
608 4802 683 4859 Ita
707 4820 838 4874 ergo
890 4805 1077 4874 inique
1129 4800 1279 4857 iecit.
1344 4801 1609 4858 Praeterea
1680 4804 1999 4859 convocatis

413 4897 670 4953 omnibus
741 4898 930 4952 electis
1000 4895 1136 4949 viris
1190 4895 1408 4965 generis
1484 4895 1839 4951 illustrissimi
1913 4897 2000 4950 die

413 4989 689 5059 quadam,
750 4988 907 5051 cuius
973 4986 1259 5065 horrorem
1322 4984 1614 5040 nefandum
1660 4986 1862 5055 aliquis
1896 4987 1989 5041 de-

416 5080 641 5144 scribet,
695 5095 885 5133 munies
928 5077 1342 5143 comprehendit
1397 5077 1542 5131 sicut
1583 5078 1842 5146 piscesin
1897 5077 1999 5133 reti

416 5172 589 5237 fatali,
609 5170 852 5239 exceptis
883 5172 1038 5225 bonis
1067 5170 1294 5239 angelis,
1322 5171 1413 5240 qui
1468 5171 1572 5226 sibi
1635 5171 1760 5241 fuga
1795 5187 2000 5228 consu-

416 5274 592 5335 lentes
645 5262 876 5330 dispersi
939 5271 1084 5318 sunt.
1138 5263 1450 5332 Omnesque
1503 5272 1700 5318 tractat
1786 5265 1984 5320 deinde

370 5405 380 5418 ,
417 5365 567 5409 nmre
600 5353 829 5424 iniquo;
867 5370 1015 5419 nam,
1041 5355 1292 5426 privatim
1321 5370 1764 5426 unumquemque
1827 5358 2011 5425 arguit

414 5462 539 5502 esse
577 5453 788 5503 secreto
839 5460 935 5517 pro
993 5462 1135 5515 rege,
1170 5447 1315 5502 illius
1376 5448 1518 5517 (qua:
1558 5455 1643 5502 est
1688 5446 1837 5516 justa
1885 5447 2015 5516 vox)

418 5542 611 5595 hostis.
671 5540 750 5594 Ad
830 5554 1105 5594 carcerem
1194 5555 1396 5608 paucos
1452 5540 1715 5609 quosdam
1774 5530 2015 5594 'damna-

416 5632 491 5686 vit
534 5629 707 5687 Fuere
738 5631 829 5703 qui
860 5631 1116 5689 obcaecati
1145 5642 1293 5699 sunt,
1330 5632 1479 5703 iique
1533 5630 1990 5701 plerique.Quos—

420 5722 542 5779 dam
603 5736 733 5779 vero
796 5740 862 5780 ex
918 5724 985 5780 iis
1045 5726 1098 5779 in
1162 5724 1417 5781 exsilium
1491 5732 1814 5792 perpetuum
1894 5722 2025 5794 egit.

2101 3712 2287 3767 οὐκέτι
2318 3707 2588 3780 προϐλῆτι
2622 3705 2873 3774 σκοπέλῳ
2890 3704 3001 3755 τινὶ
3021 3699 3376 3772 ἀνεκρούετο,
3400 3698 3702 3768 ἐξεκύμαι-

2105 3786 2448 3873 νεῖὀλέθρια
2490 3798 2634 3851 κατά
2667 3799 2913 3860 πάντων,
2953 3795 3053 3863 οὐχ
3083 3792 3226 3846 ὥστε
3255 3793 3350 3847 καὶ
3388 3793 3588 3856 εἰπεῖν,
3636 3793 3701 3854 ὃς

2110 3914 2166 3950 τε
2200 3895 2394 3961 αἴτιος,
2420 3894 2480 3955 ὃς
2512 3908 2567 3944 τε
2597 3888 2694 3943 καὶ
2726 3887 2869 3958 οὐχὶ.
2896 3886 3032 3939 ἀλλά
3061 3885 3202 3939 κατὰ
3221 3884 3332 3938 τῶν
3363 3884 3530 3953 μηδὲν
3554 3882 3701 3948 ὅλως

2107 3987 2302 4040 αἰτίων
2337 3987 2356 4055 (
2380 3985 2440 4038 τὸ
2470 3979 2843 4051 ἀδικώτατον)
2868 3996 2881 4010 ·
2920 3980 3017 4032 καὶ
3050 3978 3153 4049 τήν
3188 3994 3250 4031 τε
3283 3977 3381 4031 τοῦ
3423 3975 3700 4048 βασιλέως

2106 4076 2458 4147 περιγράψας
2493 4076 2705 4145 μητέρα
2762 4074 2820 4125 ἐν
2870 4070 2951 4141 τῷ
2999 4072 3236 4141 σεμνείφ
3267 4069 3359 4123 τοῦ
3400 4071 3458 4123 ἐν
3514 4070 3700 4136 ἁγίοις

2107 4167 2275 4235 σοφοῦ
2336 4166 2559 4235 ἱατῆρος
2586 4163 2910 4233 Διομήδους,
2933 4160 3174 4233 ἐπισχὼν
3198 4162 3261 4213 οὐ
3288 4161 3454 4214 πολὺν
3477 4160 3695 4232 χρόνον,

2102 4256 2287 4327 ἀπῆγέ
2333 4274 2392 4309 τε
2439 4255 2534 4308 καὶ
2563 4252 2838 4316 ἐδύθισεν,
2885 4252 3184 4324 ύπουργοῖς
3214 4251 3587 4322 χρησάμενος,
3615 4244 3698 4304 ὦν

2107 4349 2283 4413 ἐνίους
2317 4351 2345 4401 ὀ
2374 4346 2808 4418 καταδραδεύων
2832 4345 3001 4401 αὐτοῦ
3032 4345 3202 4415 θυμὸς
3226 4344 3287 4397 οὐ
3325 4342 3505 4412 πολλῷ
3528 4342 3698 4397 ὕστε-

2111 4458 2205 4513 ρον
2258 4439 2318 4495 εὖ
2365 4440 2539 4494 ποιῶν
2572 4440 2812 4503 ἐτίσατο,
2846 4438 3199 4500 παιδεύοντος
3247 4437 3397 4506 ἡμᾶς
3424 4433 3520 4488 καὶ
3547 4432 3699 4487 οὕτω

2107 4528 2204 4583 τοῦ
2227 4527 2390 4593 Θεοῦ,
2421 4530 2499 4593 ὡς
2548 4530 2644 4585 καὶ
2671 4532 2699 4584 ὀ
2722 4528 3039 4582 ἐπιτάσσων
3069 4529 3137 4581 τὰ
3167 4526 3485 4593 φαυλότατα
3539 4529 3639 4581 καὶ
3667 4528 3700 4579 ὁ

2111 4621 2556 4691 ὑποτασσόμενος
2589 4620 2683 4675 τοῦ
2710 4618 3009 4690 προσώπου
3035 4618 3338 4689 πειρῶνται
3374 4615 3469 4669 τοῦ
3525 4615 3695 4685 Θεοῦ,

2110 4715 2297 4767 ὁποίου
2327 4708 2435 4767 οἶδε
2472 4714 2658 4769 Δαυῖδ.

2175 4810 2284 4872 λς’.
2324 4807 2366 4861 Τ
2370 4808 2495 4861 οὗτὸ
2529 4824 2589 4861 τε
2614 4803 2875 4875 οὖν,οὖτω
2912 4805 3213 4877 ἐξήμαρτε.
3243 4804 3355 4857 Καὶ
3377 4803 3697 4872 σύγκλητον

2105 4898 2164 4952 δέ
2191 4898 2417 4969 θέμενος
2442 4897 2653 4970 ἀνδρῶν
2688 4898 2931 4967 λογάδων
2956 4898 3215 4970 ἁπάντων
3247 4894 3358 4950 τῶν
3396 4896 3493 4961 τρῦ
3527 4897 3694 4963 μιγέ-

2110 5006 2237 5043 στου
2266 4990 2480 5058 γένους,
2506 4968 2651 5043 κατά
2677 5006 2803 5043 τινα
2827 4991 3064 5061 ἡμέραν.
3096 4968 3167 5060 ἦν
3203 4987 3297 5040 καὶ⁵
3335 4985 3693 5056 ἐγγράζαητάί

2108 5099 2194 5146 τις
2233 5082 2299 5136 ἂν
2348 5084 2431 5144 εἰς
2485 5082 2779 5152 ἀποφράδα
2807 5082 3009 5152 δεινὴν,
3041 5078 3415 5150 συλλαμϐάνει
3444 5079 3695 5143 ἐκείνους

2109 5175 2243 5227 ὡσεὶ
2274 5177 2366 5229 καὶ
2396 5173 2584 5244 ἰχθύας
2623 5175 2779 5238 τινάς
2798 5175 2858 5227 ἐν
2883 5174 3114 5243 ἀφύκτῳ
3154 5172 3443 5241 πανάγρῳ,
3473 5170 3601 5240 δίχα
3628 5188 3697 5237 γε

2109 5266 2219 5320 τῶν
2240 5265 2427 5320 καλῶν
2454 5266 2724 5336 ἀγγέλων,
2752 5266 2803 5320 οἳ
2827 5265 2922 5320 καὶ
2950 5262 3040 5319 οἷα
3076 5263 3482 5336 πτερυξάμενοι
3509 5264 3567 5323 ἐς
3592 5279 3702 5330 φυ-

2110 5355 2235 5426 γὴν,
2269 5357 2736 5428 ἐσκορπίσθησαν.
2767 5358 2873 5411 Καὶ
2892 5356 3194 5411 διατίθεται
3224 5356 3457 5419 πάντας,
3483 5353 3561 5417 ὡς
3588 5357 3701 5406 οὐκ

2113 5447 2179 5501 ἂν
2199 5448 2485 5519 εὐλογήσοι
2518 5467 2624 5513 τις,
2656 5450 2824 5512 λαϐὰς
2857 5450 3138 5502 ἐπικαλῶν
3170 5449 3423 5509 ἑκάστοις
3449 5444 3513 5499 τὸ
3549 5452 3703 5499 κατά

2114 5539 2380 5609 βασιλέως
2431 5540 2787 5611 ἐνδομυχεῖν,
2841 5541 3056 5593 ἐκείνου
3111 5541 3422 5608 (εὐστόχως
3475 5538 3697 5605 εἰπεῖν)

2115 5629 2414 5700 ἀλιτήριος.
2464 5631 2576 5683 Kal
2607 5631 2826 5700 ὀλίγους
2881 5631 2982 5700 μέν
3033 5646 3181 5691 τινας
3222 5627 3544 5680 ἐδικαίωσεν
3609 5629 3704 5688 είς

2113 5722 2359 5791 εἱρκτήν.
2410 5715 2592 5775 Ἦσαν
2640 5722 2696 5775 δέ
2752 5722 2803 5777 οἶ
2854 5723 2950 5776 καὶ
2998 5723 3059 5787 ἐξ
3106 5723 3374 5793 ὀμμάτων
3412 5718 3698 5787 ἐγένοντο,
