3930 6232
276 265 328 329 tt
1054 277 1152 337 ne
1190 276 1765 338 THESSALONICA
1804 276 2013 339 unus
2079 279 2123 335 Α
2166 278 2479 339 LATINIS
2519 279 2781 339 CAPTA.
3463 260 3543 343 is

279 380 574 451 κλείουςγε
603 374 774 439 οὗτοι.
810 385 975 447 Τινάς
1001 387 1059 442 δὲ
1099 390 1193 442 καὶ
1224 392 1280 452 ἐς
1337 391 1627 458 ἀειφυγίαν
1675 392 1843 461 ὑπερ-

1965 391 2120 445 Paulo
2171 400 2293 460 pust
2350 392 2572 449 selectis
2636 393 2746 449 hiis
2812 392 2906 464 qui
2972 392 3354 463 comprehensi
3419 395 3537 451 fuc-

276 472 449 543 ορίους
477 474 714 532 ἔστειλε.
744 479 903 560 Βίετά
934 478 1110 550 βραχὺ
1140 481 1199 534 δὲ
1228 482 1321 535 καὶ
1346 482 1468 543 τοὺς
1498 482 1851 552 καθειρχθέν-

277 583 365 631 τας
397 567 718 634 ὕποδιελὼν,
747 570 1008 641 ἐμέρισεν
1042 571 1122 634 είς
1150 590 1209 626 τε
1243 573 1478 642 τυφλοὺς
1503 576 1567 628 ἐκ
1603 574 1847 645 σιδήρου,

278 662 361 712 καὶ
395 660 475 730 μὴ
522 661 839 725 τοιούτους*
890 661 965 725 ὡς
1016 663 1105 727 ἂν,
1136 660 1309 732 οἶμαι,
1364 665 1653 736 βλέποντες
1696 667 1852 721 αὐτοὶ

276 750 393 815 τοὺς
408 755 872 823 πεπηρωμένους,
894 755 983 808 ἀεὶ
1003 754 1171 821 ζῶσιν
1190 756 1440 824 ἐμφοδοι,
1466 761 1569 813 καὶ.
1583 759 1853 812 συνεπαύ-

278 843 434 907 ξωσιν
466 843 610 899 οὕτω
647 846 709 899 τὸ
740 849 912 901 κακὸν
937 849 1038 918 τῆς
1078 839 1434 921 καθείρξεως.
1486 848 1563 906 Οὐ
1596 851 1766 905 πολὺν
1796 850 1851 903 δὲ

279 936 470 1005 χρόνον
518 938 735 1007 μείνας,
770 940 1050 995 ἐπιϐαλεῖν
1088 940 1299 1009 ἐφίεται
1351 941 1549 1011 καὶτῷ
1581 944 1853 1013 ὑπερανε·

280 1028 499 1095 οτηκότι
528 1028 752 1099 suam},
775 1033 1083 1100 καταγνοὺς
1104 1032 1206 1103 τῆς
1231 1034 1456 1105 πρώτης
1477 1033 1690 1105 ἐκείνης
1723 1034 1855 1104 βαθ-

281 1120 425 1189 μίδος
459 1120 535 1179 ὡς
560 1123 853 1193 ταπεινῆς.

340 1211 438 1276 λζ’.
470 1213 794 1283 Γογγυσμὺς
844 1215 1022 1270 τοίνυν
1052 1211 1211 1281 αὖθις
1268 1218 1419 1290 αὐτῷ
1445 1219 1729 1290 τεχνᾶται,
1759 1223 1856 1274 καὶ

281 1302 517 1373 βαρύτης
545 1305 935 1375 προϐάλλεται,
963 1311 1061 1365 καὶ
1104 1309 1301 1380 φόρτος
1350 1311 1619 1381 φορτίδων
1652 1311 1713 1364 οὐ
1761 1329 1856 1380 φο-

283 1395 461 1462 ρητὸς.
490 1396 588 1449 καὶ
632 1395 711 1460 ὥς
740 1398 845 1451 οὐκ
891 1400 958 1453 ἂν
993 1399 1079 1472 εἴη
1114 1399 1269 1471 αὐτῷ
1303 1402 1591 1469 στερκτέα,
1633 1403 1682 1455 εί
1712 1402 1855 1457 οὓτω

296 1485 506 1556 τάσχειν
527 1489 831 1543 κινδυνεύει
860 1492 1080 1560 τρόποις
1113 1494 1351 1559 πολλοῖς.
1387 1488 1634 1566 Ἔπασχε
1656 1495 1712 1548 δὲ
1744 1495 1854 1566 ἄρα

292 1566 449 1644 cae»,
476 1579 595 1632 ἀλλ’
641 1582 937 1653 ἐνδόμυχος
970 1580 1060 1656 ἦν,
1103 1584 1338 1651 πολλοὺς
1365 1587 1529 1650 αὐτὸς
1562 1586 1854 1642 ὐποόαλεῖν

275 1669 370 1721 stat
399 1671 651 1735 εἰσαῦθις
682 1673 937 1746 ἀτλήτοις
992 1676 1339 1747 παθήμασιν.
1400 1680 1489 1742 Ὠς
1512 1680 1569 1733 δὲ
1592 1679 1850 1749 ἐπέμενε.

1953 491 2096 547 rant,
2148 498 2246 538 eos
2297 484 2485 539 divisit
2541 486 2594 539 in
2639 494 2872 541 caecatos
2919 486 3092 555 ferro,
3120 487 3287 556 inque
3310 488 3411 542 hos
3435 489 3530 556 qui

1954 590 2063 630 non
2088 574 2328 641 fuerant,
2367 579 2576 647 utipsi,
2598 578 2868 643 existimo,
2899 580 2998 635 hos
3024 580 3307 635 mutilatos
3341 581 3534 636 viden-

1954 676 2054 733 tes,
2072 678 2194 720 cum
2234 673 2381 723 metu
2430 678 2646 737 setnper
2676 672 2920 723 viverent
2951 670 3140 740 sicque
3176 670 3536 741 adaugeretur

1954 772 2111 828 pinna
2130 754 2482 829 captivitatis.
2505 760 2699 831 Aliquo
2716 774 2963 835 tempore
2988 780 3111 820 cum
3135 776 3433 836 exspectas
3453 774 3531 829 et,

1954 851 2145 921 projici
2205 853 2256 905 in
2310 852 2486 908 locum
2539 855 2881 922 superiorem
2925 856 3105 926 jubet.
3164 857 3526 913 humilitatem

1957 943 2115 1012 primi
2150 944 2254 1000 loci
2286 946 2510 1000 nimiam
2544 946 2824 1014 judicans.

2024 1214 2114 1267 37.
2150 1213 2396 1268 Murmur
2421 1217 2640 1271 interim
2668 1232 2887 1274 rursum
2916 1218 3183 1274 adversus
3205 1219 3356 1273 illum
3381 1217 3534 1272 exci-

1956 1310 2140 1357 tatur:
2176 1308 2386 1358 morum
2421 1306 2652 1362 durities
2702 1312 3075 1379 exprobratur
3109 1309 3536 1379 imposituruun

1956 1394 2024 1448 ab
2057 1410 2126 1448 eo
2159 1396 2375 1466 pondus
2427 1398 2812 1467 intolerabile,
2858 1411 2915 1456 et
2972 1402 3116 1472 quod
3188 1401 3337 1470 ipse,
3366 1399 3411 1453 si
3457 1400 3524 1452 ad

1956 1484 2117 1538 talem
2189 1501 2406 1554 pinnam
2488 1494 2983 1555 condemnaretur,
3035 1493 3256 1562 indigne
3329 1492 3536 1546 laturus

1956 1574 2111 1628 foret.
2126 1574 2274 1643 Nihil
2297 1579 2440 1632 enim
2461 1580 2766 1649 patiebatur
2782 1582 2918 1650 ipse,
2939 1582 3032 1637 sed
3051 1597 3115 1637 ex
3137 1580 3377 1642 insidiis,
3397 1582 3532 1633 mul-

1955 1673 2043 1720 tos
2102 1669 2411 1739 exponi-bat
2480 1672 2659 1740 prunis
2699 1672 3160 1728 intolerabilibus.
3205 1673 3342 1727 Cum
3409 1684 3541 1725 veru

284 1764 466 1831 μακρά
501 1763 814 1831 γογγύζων,
848 1768 944 1820 καὶ
1001 1770 1155 1823 κατά·
1179 1771 1363 1843 σχῆμα
1413 1770 1851 1841 δυσανασχετῶν,

1965 1767 2208 1811 maneret
2247 1773 2354 1813 non
2402 1760 2526 1814 sine
2579 1763 2811 1831 gemitu,
2843 1773 2897 1816 et
2931 1777 3046 1817 rem
3086 1777 3229 1832 a'gre
3267 1763 3437 1816 ferret
3485 1762 3541 1814 in

281 1852 373 1906 καὶ
404 1856 475 1927 τῇ
501 1856 601 1924 μὲν
631 1861 779 1929 ψυχῇ
812 1861 1115 1929 νεμόμενος
1142 1862 1445 1932 βασιλικῶς
1473 1864 1573 1934 τὴν
1611 1865 1860 1934 Μεγαλό-

283 1948 449 2010 πολιν,
475 1954 542 2020 τῇ
565 1951 621 2005 δὲ
647 1952 871 2028 γλώσσῃ
894 1957 990 2027 τὴν
1013 1958 1401 2028 Παφλαγονίαν
1423 1963 1598 2032 προφὲ
1608 1980 1737 2032 ρων,
1759 1965 1858 2018 καὶ

281 2037 419 2110 imp
448 2044 614 2109 αὐτὸς
641 2047 1011 2120 ἐρρητόρευεν
1034 2052 1215 2105 ἐκεῖσε
1237 2051 1401 2117 καλὰ,
1412 2048 1498 2107 ὧν
1517 2054 1679 2121 δῆθεν
1704 2057 1858 2110 Κων-

282 2135 722 2202 σταντινούπολις
752 2140 1030 2212 ἐστέρετο.
1061 2145 1154 2199 καὶ
1189 2143 1504 2217 θησαυροὺς
1545 2148 1858 2217 ἐκόμπαζεν

282 2224 396 2278 ἐκεῖ
444 2227 914 2299 πεφυλαγμένους
964 2236 1137 2307 αὐτῷ,
1164 2238 1360 2293 Φανίου
1389 2239 1452 2310 δή
1490 2250 1615 2294 τινα
1664 2240 1857 2312 θύραν,

284 2315 374 2367 καὶ
404 2317 574 2383 αὐτὸς
608 2320 820 2393 ταύτην
858 2325 1345 2398 ἀναπλαττόμενος
1393 2334 1512 2395 τοῖς
1549 2333 1856 2401 ἀγνοοῦσιν,

283 2407 367 2478 οἵᾳ
393 2409 534 2483 τύχῃ
562 2413 730 2467 αὑτὸν
754 2417 823 2472 τὰ
849 2417 958 2490 πρὸ
983 2419 1190 2476 τούτων
1215 2422 1416 2490 illam
1440 2440 1454 2456 ·
1496 2425 1595 2478 καὶ
1624 2421 1861 2496 ἦσαν·τά

285 2500 503 2556 τοιαῦτα
534 2506 904 2578 προϐλήματα
936 2513 1372 2584 φωνασκούμενα
1396 2518 1474 2586 τῷ
1494 2518 1649 2587 ἀνδρὶ
1678 2520 1737 2571 ἐν
1764 2536 1858 2572 συ-

286 2594 425 2659 χνοῖς
454 2595 640 2666 ὄχλοις
676 2604 772 2652 καὶ
804 2603 1070 2673 συνεχῶς,
1108 2606 1206 2658 καί
1253 2623 1386 2663 ποτε
1418 2612 1515 2665 καὶ
1563 2611 1718 2681 παρά
1746 2628 1858 2664 τισι

283 2683 387 2774 τῶν
416 2684 772 2761 θερμοτέρων
798 2693 858 2746 ἐν
886 2692 963 2763 τῷ
991 2697 1178 2767 κοινῷ,
1204 2701 1299 2752 καὶ
1318 2698 1413 2763 οὓς
1439 2702 1593 2755 οὐδέν
1617 2720 1670 2757 τι
1690 2705 1860 2774 ἐκφο-

284 2773 384 2837 σει.
408 2777 498 2831 διὰ
532 2780 597 2833 τὺ
627 2784 705 2852 μὴ
732 2783 878 2854 ἐχειν
928 2788 1182 2857 πρᾶγμα,
1212 2790 1348 2844 καθὸ
1377 2791 1709 2860 δεδίξονταιο
1756 2795 1860 2850 καὶ

283 2868 442 2936 ἤρεσε
467 2874 586 2936 τοῖς
620 2875 886 2940 τοιούτοις
911 2879 1234 2950 ἀναϐοῆσαι,
1286 2881 1362 2942 ὡς
1403 2885 1466 2938 Ei
1501 2885 1577 2957 μὴ
1606 2888 1749 2942 καλά
1776 2907 1858 2944 σοι

285 2960 346 3011 τὰ
377 2962 639 3027 ἐνταῦθα,
656 2967 769 3020 οὐδ’
790 2968 906 3023 ἐστι
936 2972 1268 3041 προσμένειν
1294 2976 1384 3029 ἐπ’
1406 2977 1597 3049 ἀγαθῷ
1616 2980 1718 3048 τῆς
1740 2981 1857 3035 Με-

286 3053 652 3120 γαλο-πόλεως,
690 3060 773 3124 τίς
805 3059 874 3113 ἂν
904 3062 989 3134 εἴη
1018 3063 1046 3115 ὁ
1072 3065 1472 3134 προσίστασθαι
1500 3071 1717 3142 φρονῶν
1747 3090 1855 3127 σωο
1886 3104 1931 3169 c

286 3146 445 3217 τηρίᾳ
499 3149 751 3202 τοιούτου
811 3152 1040 3222 ἀνδρὸς;
1101 3156 1195 3209 καὶ
1229 3158 1313 3211 ὃτι
1372 3160 1435 3215 Ἠ
1464 3163 1854 3238 ὁδηγήτρια,ἠ

286 3241 567 3325 πολιοῦχος
598 3244 781 3313 ἡμῶν,
834 3246 1060 3318 ἀρκέσει
1092 3252 1231 3321 αὐτὴ
1263 3253 1386 3307 ἀντὶ
1438 3256 1659 3311 πάντων
1688 3266 1859 3315 κατα-

290 3333 587 3400 πράξεσθαι
610 3336 680 3389 τά
703 3338 835 3405 ἡμῖν
858 3337 1134 3410 σύμφορα’
1173 3341 1249 3407 ὡς
1274 3345 1477 3412 τοίνυν,
1505 3347 1594 3416 ἐφ’
1622 3343 1703 3411 οἷς
1732 3350 1860 3405 παί-

287 3423 390 3488 ζων
415 3426 625 3493 ἐλάλει,
653 3427 828 3494 οὕτως
875 3432 1322 3504 ἐμπεφορόίωτο,
1381 3440 1511 3510 σιγᾷ
1540 3441 1726 3508 εὐθὺς,
1761 3443 1861 3512 τὴν

288 3518 653 3592 ὑποκριτικὴν
702 3524 912 3594 σκηνὴν
976 3525 1244 3592 καθελὼν,
1269 3533 1366 3585 καὶ
1409 3532 1578 3602 μηδὲν
1619 3550 1672 3587 τι
1697 3533 1860 3591 πὶέον

272 3596 459 3664 Ἡπεῖν
497 3613 899 3684 προσθέμενος.
932 3615 1046 3669 Καὶ
1072 3617 1203 3685 γοῦν
1229 3600 1337 3689 τὴν
1380 3596 1631 3691 μηχανὴν
1655 3625 1862 3691 ταύτην

286 3704 366 3766 εις
399 3706 559 3759 κενὸν
598 3705 724 3760 ἰδὼν
763 3707 1068 3777 σηχάσασαν,
1092 3708 1185 3761 καί
1210 3726 1314 3763 που
1345 3712 1438 3764 καὶ
1479 3713 1642 3776 αὐτὸς
1673 3730 1864 3783 παροι-

292 3797 498 3862 μεωδῶς
520 3798 717 3869 εἰπὼν,
756 3798 832 3862 ὡς
859 3798 1013 3869 Αὕτη
1046 3798 1145 3867 μὲν
1175 3802 1207 3868 ἡ
1247 3800 1512 3873 μήρινθος
1552 3805 1685 3874 ἡμῖν
1708 3805 1862 3858 οὐδὲν

289 3887 513 3953 ἔσπασε,
543 3889 644 3944 καὶ
669 3889 765 3943 τὸν
789 3891 1068 3960 ἀκκισμὸν
1092 3892 1187 3945 τοῦ
1215 3892 1422 3947 ἐθέλειν
1443 3894 1700 3949 ἀπελθεῖν
1722 3913 1864 3964 γνω-

292 3982 561 4050 ματεύσας
596 3983 699 4036 οῦκ
742 3982 953 4053 ἀγαθὸν
1009 3980 1172 4051 εἶναι,
1223 3981 1311 4039 οἵα
1348 3985 1444 4039 τοῦ
1477 3986 1861 4057 σχηματισμοῦ

289 4072 508 4127 καὶτοῦ
541 4073 837 4143 χρώματος
895 4073 1326 4140 ἀναποιοῦντος,
1370 4075 1515 4148 ἅπερ
1563 4078 1706 4132 κατὰ
1762 4079 1862 4149 τῆς

291 4163 569 4233 βασιλείας
598 4164 991 4231 ἐϐουλεύσατο,
1026 4168 1125 4221 καὶ
1142 4168 1532 4234 ἀποτελοῦντος
1555 4171 1719 4223 αὐτὸν
1739 4171 1862 4225 ἀντὶ

290 4255 545 4326 ἄρχοντος
610 4255 883 4327 ὕπαρχον,
921 4257 1120 4329 ἐτέρας
1172 4261 1385 4327 γίνεται
1418 4261 1736 4332 σοφωτέρας
1768 4281 1865 4316 πε-

288 4347 554 4417 ριεργίας.
599 4349 666 4401 Ἥ
700 4348 757 4401 δὲ
809 4344 881 4419 ἦν
910 4349 1113 4417 μηκέτι
1160 4350 1383 4419 ἀμέσως
1433 4350 1561 4414 τοὺς
1612 4350 1861 4420 δχλικοὺς

1961 1846 2147 1901 animo
2211 1863 2449 1918 pascens
2507 1851 2916 1921 magniﬁcentia
2981 1853 3334 1923 imperatoria
3393 1851 3543 1910 Con-

1960 1937 2411 2008 Stantinopolim,
2447 1956 2702 1998 sermone
2732 1953 2913 1998 autem
2954 1943 3382 2015 Paphlagoniam
3420 1959 3542 1998 am-

1963 2029 2208 2098 plcctens
2229 2073 2245 2098 ,
2280 2033 2369 2089 ubi
2424 2033 2694 2103 plurimos
2726 2037 2986 2105 pulchros
3011 2051 3296 2092 sermones
3321 2052 3544 2106 compo-

1959 2132 2171 2188 suerat,
2199 2124 2400 2192 quibus
2434 2127 2781 2194 postmodum
2811 2128 3128 2197 privahatur
3148 2130 3544 2184 Constantinu-

1964 2214 2126 2282 polis,
2156 2216 2496 2286 gloriabatur
2520 2220 2624 2274 sibi
2659 2231 2908 2277 servatos
2951 2237 3076 2278 esse
3106 2222 3184 2277 ibi
3225 2223 3543 2285 thesauros,

1961 2305 2255 2372 quamdam
2308 2316 2521 2375 portam
2566 2311 2793 2380 quidem
2844 2311 3061 2377 Phanii,
3114 2328 3279 2384 quam
3330 2314 3545 2369 insutu-

1961 2394 2120 2449 rabat
2155 2394 2544 2464 ignorantibus
2595 2417 2705 2472 qua
2744 2414 2895 2459 sorte
2955 2420 3055 2474 pro
3085 2406 3193 2461 illis
3226 2406 3344 2475 ipse
3376 2421 3550 2460 vexa-

1961 2496 2136 2540 retur.
2167 2486 2297 2544 Ilaze
2321 2499 2479 2547 erant
2501 2504 2821 2561 argumenta
2853 2495 2922 2549 ab
2944 2495 3261 2564 illojactata
3281 2496 3336 2549 in
3365 2496 3545 2551 turbis

1962 2575 2151 2635 densis
2202 2590 2259 2635 et
2311 2581 2434 2650 plus
2468 2584 2662 2650 semel,
2690 2600 2756 2640 ac
2794 2586 3032 2655 quadam
3059 2588 3148 2643 die
3181 2604 3370 2645 coram
3420 2589 3540 2657 qui-

1963 2669 2193 2724 busdam
2214 2686 2277 2727 ex
2309 2673 2713 2730 liberalim-ibus
2745 2679 2942 2747 plebis,
2970 2695 3109 2747 quos
3140 2680 3276 2735 nihil
3303 2695 3549 2752 unquam

1962 2769 2259 2828 terruerat,
2301 2781 2368 2820 eo
2398 2769 2545 2836 quod
2598 2771 2745 2825 nulla
2777 2786 2944 2826 causa
2979 2772 3063 2827 eis
3094 2780 3214 2827 erat
3258 2775 3330 2827 ub
3383 2788 3544 2843 quam

1966 2850 2258 2919 timerent;
2298 2861 2352 2907 et
2386 2855 2593 2922 placuit
2629 2857 2736 2912 illis
2789 2860 3100 2916 exclamare
3121 2900 3137 2927 ,
3170 2864 3465 2932 quomodo.
3499 2862 3548 2918 si

1963 2940 2111 2995 nulla
2163 2942 2249 2996 hic
2281 2944 2647 3015 sibijucunda
2678 2958 2886 3014 essent,
2919 2967 3028 3007 nun
3086 2963 3394 3009 remaneret
3435 2952 3550 3009 Me-

1964 3033 2198 3103 galopoli
2251 3052 2350 3107 pro
2410 3040 2561 3096 urbis
2598 3039 2891 3099 felicitate:
2935 3045 3059 3115 quis
3103 3044 3218 3116 jam
3283 3048 3430 3102 enim
3480 3048 3551 3102 do

1965 3122 2090 3175 talis
2126 3123 2221 3176 viri
2251 3127 2433 3182 salute
2467 3129 2651 3185 animo
2699 3133 3144 3191 curaverit?Viae
3166 3135 3276 3191 dux
3317 3145 3549 3203 patrona

1966 3222 2164 3269 nostrae
2202 3215 2354 3272 urbis
2390 3218 2548 3274 nobis
2595 3221 2829 3279 sufﬁciet
2872 3224 2940 3279 ad
2992 3230 3335 3294 procuranda
3390 3228 3548 3289 nobis

1968 3305 2121 3361 utilia
2179 3309 2447 3366 adversus
2496 3316 2701 3369 omnia.
2740 3313 3039 3387 Postquam
3105 3334 3236 3389 ergo
3291 3319 3377 3374 his
3427 3336 3549 3389 quas

1960 3402 2221 3469 nngando
2251 3404 2575 3473 loquebatur
2632 3423 2728 3465 eos
2775 3410 3125 3480 refrenasset,
3177 3413 3361 3469 subito
3387 3424 3550 3479 tacet,

1961 3504 2123 3545 scena
2153 3496 2364 3550 comica
2406 3496 2580 3564 ﬁnita,
2606 3500 2853 3572 nihilque
2893 3504 3131 3571 amplius
3184 3506 3368 3559 dicere
3406 3520 3550 3573 pra:-

1961 3587 2148 3644 sumit.
2181 3587 2314 3644 Cum
2341 3591 2508 3662 igitur
2534 3593 2649 3649 haec
2675 3595 3011 3653 machinatio
3044 3598 3179 3653 nihil
3206 3598 3551 3667 profecisset,

1960 3677 2239 3737 fonticulus
2276 3683 2538 3753 ipsius,ut
2562 3686 2852 3757 allegorice
2870 3690 3104 3754 dicebat,
3127 3690 3266 3745 nihil
3295 3705 3360 3745 ex
3390 3691 3552 3745 nobis

1960 3762 2403 3839 elicuisset_,nec
2449 3776 2635 3831 ﬁctum
2695 3781 3030 3848 propositum
3060 3780 3376 3837 discedendi
3430 3782 3554 3836 nul-

1960 3858 2063 3915 lius
2090 3878 2209 3918 esse
2241 3866 2509 3935 potuisset
2540 3868 2793 3923 utilitatis
2813 3878 2894 3932 ,et
2938 3884 3062 3925 cum
3091 3871 3274 3925 omnia
3294 3869 3553 3940 ﬁgmenta

1960 3968 2014 4010 et
2054 3956 2297 4012 colorata
2334 3972 2455 4027 qua;
2498 3959 2753 4028 adjutnra
2795 3958 3012 4016 fuerant
3043 3961 3147 4032 ipsi
3193 3963 3249 4017 in
3302 3962 3553 4018 consiliis

1960 4045 2028 4098 de
2068 4046 2206 4099 solio
2231 4047 2609 4117 imperatorio,
2642 4052 2924 4119 adjuvisse
2960 4064 3020 4107 ut
3072 4068 3172 4123 pro
3202 4053 3384 4127 primo
3413 4056 3554 4109 duce

1961 4137 2070 4190 dux
2132 4148 2277 4194 esset
2331 4142 2608 4197 secundus
2673 4143 2944 4209 vidisset,
3000 4160 3194 4201 novam
3257 4146 3551 4215 quamdam

1961 4233 2101 4285 viam
2139 4232 2332 4300 aperit.
2369 4231 2699 4304 Neutiquam
2739 4237 2842 4290 l'uit
2879 4236 2995 4290 haec
3050 4245 3109 4290 ut
3154 4238 3327 4292 turba:
3370 4240 3554 4292 omnis

1961 4326 2174 4397 generis
2196 4336 2457 4397 protenus
2483 4329 2551 4382 ad
2575 4331 2751 4400 ipsum
2777 4330 3124 4397 accederent,
3148 4331 3241 4386 sed
3271 4332 3365 4400 qui
3393 4342 3554 4385 erant

289 4438 381 4491 καὶ
409 4437 717 4508 ξύγκλυδας
745 4439 826 4502 είς
860 4438 1083 4508 ὁμιλίαν
1118 4439 1304 4505 ἀξιοῦν
1327 4441 1487 4511 ἥκειν
1530 4441 1701 4512 αὐτῷ,
1722 4444 1859 4498 ἀλλὰ

1965 4421 2019 4475 iu
2065 4420 2173 4478 illis
2197 4422 2531 4489 eminentes,
2562 4440 2703 4492 quos
2747 4439 2946 4493 magno
2997 4438 3225 4478 numero
3260 4423 3368 4479 huc
3422 4423 3553 4478 illuc

286 4530 408 4592 τοὺς
434 4532 493 4581 ἐν
519 4531 706 4592 αὐτοῖς
735 4527 1100 4600 προῦχοντας,
1124 4531 1217 4583 καὶ
1233 4530 1378 4595 οἴους
1408 4531 1555 4600 ἔχειν
1575 4532 1867 4603 περιάγειν

290 4620 411 4684 τοὺς
431 4620 711 4685 πλείονας,
749 4623 848 4675 καὶ
884 4620 1256 4694 κεφαλαρχείν
1284 4622 1360 4687 ὡς
1401 4626 1459 4677 ἐν
1477 4625 1689 4694 οὐραῖς.
1719 4625 1868 4681 Ἀλι-

291 4712 464 4781 τήριοι
498 4711 782 4782 ἀνθριο-τοι
802 4713 1031 4777 ἐκεῖνοι,
1061 4711 1534 4782 φιλοστασιασταὶ,
1553 4713 1865 4785 ὀχλοκοποι,

293 4799 528 4867 βασιλεῖς
553 4798 668 4857 οἷον
699 4804 939 4867 ἕκαστος
972 4803 1102 4874 περὶ
1125 4804 1254 4866 τοὺς
1286 4804 1562 4876 ὁμοήθεις.
1599 4807 1868 4878 Φιλοῦμξν

291 4890 398 4961 γάρ
424 4894 472 4945 oi
498 4892 867 4961 ἐλαφρότεροι
891 4892 1131 4954 εὐκόλως
1161 4893 1397 4947 ἔπεσθαι
1444 4896 1727 4952 κελεύουσι
1756 4902 1868 4962 τοῖς

294 4982 424 5051 πρὸς
447 4982 484 5038 ἀ
511 4983 851 5052 πεφύκαμεν
890 4983 1150 5050 ὁδηγοῦσι
1178 5000 1192 5013 ·
1219 4984 1551 5054 πεφύκαμεν
1573 4988 1629 5041 δὲ
1657 4989 1708 5040 οἱ
1740 4989 1872 5043 πολ-

294 5072 372 5127 λοὶ
418 5075 553 5148 πρὸς
583 5079 645 5128 τὸ
676 5075 1019 5145 φιλόκαινον,
1071 5075 1412 5145 ἐπιθυμηταὶ
1458 5077 1612 5142 ὄντες
1661 5081 1868 5135 καινῶν

299 5167 687 5239 ξυμδαμάτων,
725 5168 828 5223 καὶ
862 5167 960 5221 τὸν
992 5167 1183 5237 χρόνον
1228 5169 1590 5236 ἀπαιτοῦντες
1618 5174 1867 5244 ἐγκαινί-

296 5260 400 5323 ζειν
423 5264 550 5334 ἡμῖν
575 5265 773 5318 ἄλλοτε
803 5260 950 5315 ἄλλα
976 5258 1270 5326 ξενίζοντα.

355 5353 447 5425 λη’.
488 5357 551 5411 Ol
581 5357 767 5411 τοίνυν
795 5354 911 5412 τῶν
936 5351 1033 5406 τοῦ
1067 5352 1240 5423 δήμου
1260 5355 1328 5408 τὰ
1360 5354 1555 5426 πρῶτα
1589 5357 1866 5427 φέροντες,

294 5448 375 5498 καὶ
404 5450 715 5521 ἀνεγείρειν
748 5447 883 5509 τοὺς
916 5444 1144 5508 λοιποὺς
1201 5445 1441 5515 ἔχοντες,
1489 5448 1871 5518 προϐληματι-

288 5536 491 5605 «eam
512 5538 628 5597 οἷον
663 5540 779 5596 ὑπὸ
804 5536 905 5591 τοῦ
934 5535 1284 5605 Ἀνδρονίκου
1316 5538 1377 5590 τὸ
1409 5537 1701 5608 βουλητέον
1730 5537 1872 5591 ἐκεί-

283 5649 370 5702 νῳ,
401 5630 516 5689 εἶτα
548 5637 760 5695 τόπους
794 5627 964 5684 αὐτοὶ
999 5625 1317 5698 ἐξεύρισκον
1345 5627 1487 5682 κατὰ
1516 5629 1643 5693 τοὺς
1664 5629 1869 5693 δεινοὺς

276 5728 490 5785 ιοιαῦτα
522 5726 894 5798 σοφίζεσθαι,
952 5719 1024 5771 δι’
1050 5712 1123 5771 ὧν
1169 5723 1624 5790 ἐπιχειρήσαντες
1656 5738 1865 5790 quem.

618 5822 918 5883 PATBUL.
972 5812 1085 5872 Gn.
1144 5812 1485 5874 CXXXVI.

1970 4529 2266 4585 sparsurus
2332 4525 2450 4570 erat
2512 4526 2569 4571 et
2632 4518 3025 4589 praepositurum
3082 4515 3240 4586 quasi
3303 4524 3553 4572 extremo

1970 4610 2197 4679 aginini.
2247 4607 2310 4662 Hi
2342 4609 2594 4664 homines
2633 4617 2791 4663 erant
2837 4608 3153 4676 reipublicae
3184 4618 3388 4677 pestes,
3434 4606 3549 4660 iac-

1971 4702 2121 4765 tiosi,
2159 4700 2451 4765 seditiosi,
2493 4716 2649 4771 reges
2717 4699 3099 4770 unusquisque
3165 4700 3308 4754 inter
3364 4713 3550 4769 pares.

1968 4789 2216 4862 Namque
2257 4807 2355 4862 pro
2397 4792 2612 4848 levitate
2655 4802 2841 4846 nostra
2873 4792 3031 4860 sequi
3056 4806 3308 4847 amamus
3335 4806 3430 4846 eos
3453 4791 3545 4862 qui

1969 4887 2180 4943 ducunt
2230 4886 2299 4941 ad
2334 4902 2396 4941 ea
2441 4885 2507 4939 ad
2559 4900 2682 4954 qua:
2733 4884 2966 4954 impellit
3017 4895 3248 4951 natura;
3298 4886 3545 4956 plerique

1969 4981 2114 5033 enim
2150 4989 2346 5033 natura
2374 4978 2703 5048 impellimur
2726 4980 2792 5033 ad
2833 4994 3003 5035 novas
3027 4993 3135 5045 res,
3166 4979 3347 5048 cupidi
3377 4993 3549 5033 novu‘

1971 5087 2090 5125 rum
2138 5079 2472 5137 eventuum,
2527 5071 2870 5140 postulantes
2906 5082 2965 5127 ut
3006 5079 3225 5141 tempus
3270 5070 3544 5125 interdum

1971 5181 2059 5221 res
2112 5164 2360 5221 insolitas
2397 5175 2642 5220 renovet.

2039 5343 2127 5398 '58.
2164 5342 2266 5408 Qui
2298 5341 2464 5412 igitur
2494 5341 2791 5412 primatum
2828 5339 3012 5409 p0puli
3057 5346 3269 5404 tenent,
3301 5344 3355 5391 et
3382 5348 3543 5393 crete-

1969 5451 2060 5491 ros
2083 5439 2323 5489 excitare
2348 5439 2709 5503 praesumunt,
2734 5431 3051 5487 defensores
3067 5427 3360 5484 Andronici
3379 5427 3538 5494 juxta

1970 5526 2299 5582 voluntatem
2318 5528 2779 5597 cjus,argumenta
2794 5538 2954 5593 quam
2973 5530 3197 5593 possunt
3212 5515 3540 5570 validissima

1971 5623 2223 5676 ettiittunt
2258 5622 2311 5673 in
2338 5619 2528 5686 fortes,
2560 5620 2759 5690 quibus
2796 5620 3015 5674 insolita
3058 5613 3384 5676 etabsurda.
3411 5628 3538 5677 cum

1972 5729 2103 5783 pace
2126 5713 2380 5779 dixerim,
2406 5713 2558 5784 periit
2578 5714 2714 5767 iunt.
2746 5711 2997 5781 Mysteria
3029 5709 3186 5760 etiam
3212 5720 3316 5760 non
3345 5718 3476 5756 sane
3506 5720 3537 5756 ει

2986 5802 3024 5856 2
