3950 6242
358 228 437 290 43
1077 232 1504 295 EUSTATIIII
1540 234 1641 295 ΤΗ
1652 232 1958 295 ESSALOI

2063 235 2303 302 IENSIS
2331 244 2894 309 METROPOLITE
3578 249 3651 307 “-

366 345 632 406 facientes
670 346 734 401 ad
774 348 877 402 hoc
909 356 1295 417 pervenerunt,
1330 356 1389 403 ut
1426 346 1481 401 in
1519 347 1696 403 lucem
1731 347 1958 403 adduce-

2076 358 2300 423 ρανοῢσι
2320 360 2381 413 τδ
2411 360 2664 429 ἔκτοπον,
2693 363 2788 417 καὶ
2813 360 3073 432 ὀκνητέον
3094 359 3151 416 δὲ
3172 359 3370 425 εἰπεῖν,
3398 362 3494 417 καί
3518 364 3638 419 ἄτο-

364 449 487 494 rent
524 454 645 507 qua:
676 439 918 495 tenebris
949 448 1078 494 sunt
1106 440 1291 511 digna,
1330 440 1789 510 multitudinique
1830 454 1957 510 per-

363 531 660 589 suaderent
699 533 844 602 quod
883 534 1076 587 civitas
1128 533 1348 587 ruinam
1396 548 1508 589 non
1548 531 1792 603 ell'ugiet,
1847 532 1953 589 nisi

368 639 494 679 cum
530 641 699 695 parvo
730 635 785 679 et
819 626 1112 697 inexperto
1147 626 1338 682 Alexio
1371 626 1426 682 in
1459 624 1677 693 imperii
1725 638 1960 681 consor-

364 719 503 771 tium
545 718 928 774 admitteretur
964 720 1331 785 Andronicus,
1382 718 1603 789 optitnaa
1637 716 1867 779 indolis,
1901 726 1957 770 et

365 810 422 864 in
453 811 719 883 regnandi
753 821 873 867 arte
900 811 1036 867 adeo
1064 820 1341 877 versatus,
1372 820 1434 867 ut
1464 826 1590 867 cum
1623 810 1720 864 illo
1744 805 1957 878 imperii

364 882 734 971 gubernacula
768 902 905 957 bene
936 910 1187 957 recturus
1222 899 1367 955 foret
1393 918 1411 969 ;
1437 915 1541 955 non
1573 902 1645 954 ita
1673 910 1731 955 ut
1760 898 1960 954 avelle-

365 1001 543 1059 retur,
600 994 694 1048 sed
748 1005 805 1047 ιιι
846 992 1246 1063 produceretur
1299 992 1540 1047 maxime
1569 991 1959 1062 magniﬁcare-

363 1093 567 1153 turque
612 1083 860 1152 parvitas
894 1084 1051 1154 ejus;
1096 1083 1500 1138 communitate
1534 1081 1755 1152 quidem
1789 1081 1955 1136 unius

364 1173 646 1244 dignitatis
664 1214 679 1239 ,
709 1174 993 1229 consortio
1047 1189 1176 1231 vero
1195 1173 1439 1229 laborum
1467 1185 1957 1241 :erumnarumque

365 1268 567 1338 quibus
633 1268 759 1336 plus
814 1267 950 1323 satis
1008 1266 1357 1324 assuefactus
1405 1275 1527 1323 erat
1576 1264 1953 1329 Andronicus,

365 1360 692 1415 multimoda
718 1361 1058 1430 experientia
1085 1361 1443 1417 exercitatus.
1475 1359 1592 1416 Non
1609 1358 1798 1430 paucis
1835 1373 1956 1427 per-

367 1462 661 1507 suaserunt
691 1463 748 1508 ut
767 1453 1043 1509 benevolis
1066 1454 1295 1509 auribus
1325 1452 1579 1507 audirent
1600 1467 1665 1506 ac
1688 1449 1956 1505 int-alesc-

367 1552 491 1594 rent
521 1540 588 1595 ad
618 1544 1152 1598 consummationem
1181 1544 1495 1598 communis
1526 1542 1746 1613 imperii
1775 1541 1957 1595 Alexii

365 1643 418 1686 et
452 1631 772 1690 Andronici.
803 1635 861 1689 in
903 1636 1176 1706 principio
1210 1635 1433 1706 quidem
1454 1635 1521 1690 de
1554 1634 1957 1690 machinatione

367 1727 798 1792 mussitabatur,
856 1739 1043 1798 postea
1098 1745 1281 1785 sermo
1339 1730 1536 1794 ﬁebat,
1599 1729 1766 1797 paulo
1826 1737 1955 1797 post

368 1820 547 1890 palam
599 1822 763 1876 etiam
823 1824 1191 1878 clamabatur.
1255 1822 1526 1879 Carterum
1589 1821 1816 1893 publice
1881 1821 1951 1875 ad

361 1913 732 1982 principatum
772 1914 1088 1970 imitandus
1126 1924 1249 1969 erat
1290 1914 1680 1981 Andronicus;
1708 1915 1805 1985 qui
1843 1912 1954 1969 nisi

365 2004 645 2068 cbediret,
671 2005 917 2076 jamjam.
950 2006 1224 2076 rogandus
1252 2015 1437 2074 esset;
1471 2007 1518 2061 si
1556 2022 1686 2061 vero
1737 2021 1840 2062 nec
1880 2006 1957 2061 ita

363 2099 676 2163 exaudiret,
712 2099 1034 2156 inﬂexibilis
1084 2116 1439 2171 permanens,
1506 2101 1592 2157 vis
1642 2100 1956 2156 adhibenda

368 2188 530 2245 foret.
578 2188 774 2245 Dicunt
801 2204 855 2247 et
912 2192 1020 2248 hoc
1055 2209 1180 2248 esse
1211 2194 1436 2259 melius,
1466 2194 1621 2248 illum
1659 2194 1771 2264 pati
1807 2191 1957 2264 quod

366 2300 478 2339 non
506 2285 644 2350 vult,
674 2287 889 2342 scilicet
922 2302 1175 2357 regnare,
1219 2302 1385 2356 quam
1434 2288 1699 2342 mundum
1738 2288 1954 2342 ruinam

369 2378 500 2444 rati.
533 2376 671 2433 Huic
708 2380 1019 2434 assentiunt
1055 2382 1208 2435 multi
1241 2396 1306 2436 ex
1344 2381 1520 2450 plebe.
1549 2381 1608 2436 lu
1647 2382 1795 2437 hunc
1824 2396 1956 2437 vero

366 2477 671 2526 torrentem
706 2472 825 2526 ﬂuit
856 2473 1100 2543 quatdam
1129 2473 1397 2530 colluvies
1427 2490 1494 2530 ex
1523 2476 1956 2547 congregatione

366 2563 628 2630 aliorum,
659 2568 766 2619 non
795 2565 1084 2621 abundans
1102 2566 1344 2636 quidem,
1369 2567 1464 2624 sed
1485 2583 1689 2624 nocens
1720 2567 1956 2638 ideoque

366 2669 399 2708 a
426 2655 586 2711 nobis
620 2656 1055 2712 abhorrendum.
1084 2655 1204 2711 Non
1257 2659 1404 2713 enim
1428 2658 1750 2728 simpliciter
1804 2658 1956 2714 dete-

369 2749 625 2804 stabatur
671 2759 886 2805 aetatem
925 2751 1191 2821 puerilem
1239 2752 1416 2805 Alexii
1449 2752 1807 2822 imperatoris
1839 2754 1953 2804 An-

364 2843 579 2898 dronici
612 2845 808 2912 gratia,
847 2845 942 2899 sed
991 2843 1176 2899 furore
1208 2860 1309 2899 suo
1345 2859 1432 2900 res
1477 2846 1744 2912 turbavit,
1783 2854 1955 2916 utque

370 2938 726 2993 Andronicus
753 2938 963 2993 fureret
999 2937 1107 2993 fuit
1144 2953 1337 2994 causa.

439 3216 529 3270 59.
565 3216 710 3271 Inter
742 3216 865 3271 illos
893 3223 1056 3270 erunt
1081 3215 1327 3271 celebres
1363 3214 1397 3270 ii
1453 3215 1545 3286 qui
1589 3214 1808 3272 fuerunt
1838 3224 1953 3270 tum

370 3311 586 3377 ﬁdeles,
637 3310 1036 3365 Constantinus
1088 3310 1393 3371 Patronus,
1456 3310 1634 3380 imago
1692 3318 1950 3365 accurata

369 3402 737 3469 adulationis,
769 3412 827 3457 et
854 3403 1059 3457 imbelli
1109 3419 1273 3458 manu
1308 3401 1557 3469 Michael,
1591 3404 1675 3457 vir
1705 3401 1956 3460 difﬁcilis

373 3493 709 3564 gubernatu,
767 3496 942 3552 fac'lis
974 3511 1102 3550 vero
1152 3495 1222 3550 ad
1255 3498 1603 3566 pravitatem.
1655 3496 1787 3552 Erat
1826 3512 1958 3553 vero

368 3587 429 3640 in
462 3587 571 3642 illis
598 3589 679 3640 vir
709 3587 945 3655 insignis
968 3589 1126 3658 quasi
1152 3586 1335 3642 ferens
1361 3590 1577 3657 signum
1610 3589 1785 3643 ruina:
1812 3591 1958 3658 (erat

370 3679 517 3734 forte
549 3687 681 3735 tunc
728 3680 783 3733 in
832 3679 1007 3734 media
1046 3678 1229 3750 aetate)
1281 3689 1444 3734 natus
1489 3696 1555 3735 ex
1588 3693 1742 3750 patre
1777 3681 1958 3752 perito

373 3771 442 3826 de
477 3788 533 3826 re
555 3771 768 3842 publica
793 3771 1082 3841 judicandi
1103 3786 1275 3844 seque
1307 3772 1361 3826 in
1408 3771 1699 3829 latrocinia
1734 3774 1953 3829 immer-

375 3864 535 3934 gendi
594 3880 608 3916 :
653 3862 962 3934 Stephanus
999 3865 1217 3936 quidem
1273 3864 1494 3921 nomine
1547 3866 1871 3936 appellatus,
1904 3875 1959 3922 et

370 3959 651 4027 superillo
676 3958 1329 4030 Hagiochristophorites,
1367 3962 1459 4031 qui
1489 3969 1829 4024 tnutatus,ex
1849 3975 1960 4031 quo

375 4056 642 4110 adversus
699 4053 865 4109 Deum
911 4065 1208 4123 operatur,
1250 4055 1829 4125 antichristophorites
1869 4071 1963 4112 co-

376 4149 731 4217 gnominatur
759 4148 826 4202 ab
852 4147 918 4204 iis
949 4147 1043 4220 qui
1073 4154 1219 4204 recte
1236 4147 1499 4203 sentiunt.
1521 4147 1659 4204 Huic
1681 4150 1790 4221 jam
1827 4159 1964 4204 tem-

376 4259 482 4312 pus
536 4251 773 4299 statuam
817 4242 931 4296 vitii
968 4252 1239 4299 erexerat.
1272 4241 1410 4296 Cum
1448 4244 1594 4297 enim
1633 4242 1959 4299 afﬁnitatem

377 4352 489 4392 non
528 4336 802 4408 iunxisset
851 4351 977 4391 eum
1032 4336 1355 4406 semetipso,
1403 4335 1499 4391 sed
1544 4337 1777 4407 nequius
1815 4337 1959 4405 egis-

376 4443 458 4487 set
478 4445 643 4501 quam
668 4443 767 4500 pro
799 4429 1072 4485 connubio
1096 4429 1289 4492 nobili,
1316 4428 1466 4483 dedit
1500 4432 1664 4485 etiam
1687 4431 1956 4500 insignem

379 4525 695 4580 vindictam.
747 4523 920 4579 Nares
960 4522 1104 4579 enim
1171 4522 1290 4593 ejus
1330 4523 1530 4578 dilissae
1569 4531 1717 4588 sunt,
1766 4524 1838 4577 ita
1905 4532 1958 4578 ut

377 4635 488 4674 non
518 4621 654 4673 bene
677 4619 997 4688 rcspirarct,
1024 4615 1236 4675 scilicet
1256 4630 1321 4671 ex
1352 4633 1457 4686 qua
1481 4633 1586 4673 non
1610 4618 1862 4682 decebat,
1888 4621 1964 4674 lo-

379 4728 549 4782 raque
571 4710 894 4781 castigantia
935 4725 1098 4780 super
1132 4711 1356 4765 dorsum
1384 4711 1505 4779 ejus
1529 4727 1636 4766 non
1666 4727 1835 4781 pauca
1877 4729 1963 4770 ce-

377 4807 652 4862 ciderunt.
675 4803 852 4874 Eque
869 4814 1049 4860 autem
1070 4805 1501 4871 inverecundus,
1528 4806 1677 4859 omni
1700 4806 1909 4877 pudore
1932 4824 1964 4863 e

379 4901 561 4953 fronte
584 4897 856 4967 deposito,
884 4912 994 4951 non
1044 4898 1315 4952 abstinuit
1346 4896 1401 4952 in
1438 4898 1661 4966 publico
1696 4914 1963 4969 apparere

383 5000 443 5048 ut
472 4995 525 5046 in
569 4991 813 5046 derisum
845 4998 1176 5057 \erterclur,
1209 4991 1300 5047 sed
1334 4993 1491 5062 quasi
1517 4994 1717 5047 tnalttm
1752 4993 1961 5048 nullum

384 5087 417 5141 f:
438 5087 611 5149 cisset
657 5084 1061 5146 deambulabat,
1112 5083 1256 5139 sicut
1289 5095 1472 5148 antea,
1509 5086 1736 5142 audacia
1773 5102 1965 5155 super-

382 5185 519 5246 bus,
547 5178 953 5246 ostendensque
981 5192 1088 5231 non
1120 5191 1178 5231 se
1203 5176 1430 5246 pudere,
1464 5186 1518 5233 et
1544 5178 1624 5234 sic
1654 5178 1707 5233 vi
1734 5193 1962 5245 persua-

385 5276 523 5332 dens
553 5273 756 5327 malum
797 5269 935 5325 nihil
971 5284 1120 5336 esse,
1153 5270 1268 5326 sive
1301 5270 1465 5325 iaciat
1499 5272 1618 5328 sive
1662 5271 1959 5326 sustineat.

383 5365 525 5419 Cum
563 5361 751 5427 itaque
785 5360 854 5416 ab
892 5362 1151 5416 omnibus
1189 5361 1598 5433 despicerctur,
1631 5373 1685 5418 et
1727 5362 1963 5418 illustris

386 5451 723 5509 matrimonii
796 5468 892 5523 spe
956 5450 1590 5523 l'rusuatus,nullaque
1663 5454 1767 5508 alia
1838 5471 1966 5524 spes

387 5546 760 5618 promotionis
809 5543 1052 5611 adesset,
1084 5546 1179 5600 sed
1214 5545 1418 5605 frustra
1463 5545 1652 5599 limina
1716 5546 1961 5615 impera-

385 5642 530 5694 toria
565 5646 790 5703 tereret,
817 5638 1053 5707 quadam
1087 5637 1178 5693 die
1204 5636 1343 5692 forte
1367 5636 1540 5692 edidit
1574 5640 1803 5693 verbum
1827 5638 1965 5694 alias

389 5730 607 5813 quidem
632 5728 891 5812 eil‘ectum
917 5728 1657 5811 malumrsortiturum,quod
1700 5730 1803 5802 ipsi
1833 5747 1965 5789 vero

2062 468 2165 506 πον
2187 468 2202 483 ’
2243 453 2340 508 καὶ
2378 457 2884 528 μυστηριασθέντες
2916 455 2978 510 τὸ
3031 454 3108 526 μὴ
3135 453 3286 510 ὅσιον
3310 496 3326 521 ,
3365 457 3645 512 ἐτελοῦντο

2063 551 2201 615 πρὸς
2225 547 2424 613 ἐκεῖνο,
2462 549 2556 602 καὶ
2586 548 2908 620 ὲδᾳδούχουν
2942 551 3024 615 είς
3051 549 3293 621 ἐμφανὲς
3321 547 3390 603 τὰ
3421 551 3652 615 σκότους

2059 641 2209 705 ἄξια,
2252 642 2349 694 καὶ
2371 642 2770 709 ἀναπείσαντες
2795 643 2920 707 τοὺς
2942 643 3137 715 ὄχλους
3162 642 3238 715 μὴ
3277 643 3344 700 ἂν
3384 644 3683 729 ὲκφυγεῖνρ

2060 733 2161 802 τὴν
2182 733 2340 786 πόλιν
2374 733 2436 785 τὸ
2475 734 2821 801 ἀπολεῖσθαι,
2874 735 2922 789 εί
2954 735 3030 806 μὴ
3061 735 3140 804 τῷ
3176 734 3357 806 μικρῷ
3384 734 3480 789 καὶ
3508 737 3647 803 ἀγυ-

2066 826 2290 896 μνάστῳ
2326 825 2553 896 Ἀλεξίῳ
2592 828 2659 879 τὰ
2716 828 2796 891 είς
2835 827 3118 898 βασιλείαν
3159 829 3253 881 τὸν
3303 827 3663 905 Ἀνδρονικὸτς

2063 916 2478 979 συνδυάςουσιν,
2510 912 2570 971 εὖ
2610 918 2755 988 μάλα
2789 917 3140 984 δεδασμένον,
3182 918 3278 971 καὶ
3302 918 3374 971 τὰ
3410 918 3492 979 είς
3530 934 3648 969 τοι·

2061 1008 2233 1073 αύτας
2253 1010 2448 1080 τέχνας
2484 1004 2599 1062 οἷόν
2627 1026 2687 1062 τε
2737 1007 2869 1063 ὄντα
2903 1009 3288 1078 συνδιαφέρειν
3323 1008 3524 1078 ἐκείνῳ
3555 1006 3649 1060 τὸν

2062 1099 2341 1170 βασίλειον
2395 1100 2558 1168 ζυγόν
2583 1115 2596 1130 ·
2645 1100 2745 1170 οὑχ
2782 1100 2924 1153 ὥστε
2960 1100 3068 1170 μὴν
3096 1100 3192 1155 καὶ
3223 1099 3644 1169 καταρῤιπτεῖν,

2060 1192 2196 1245 ἀλλὰ
2228 1194 2324 1245 καὶ
2359 1192 2597 1260 μάλιστα
2627 1192 2943 1263 ύπανέχειν,
2973 1194 3066 1246 καὶ
3090 1192 3192 1263 τὴν
3231 1192 3443 1245 ἐκείνου
3478 1207 3651 1260 μεγα-

2058 1279 2241 1333 λύνειν
2275 1280 2620 1351 σμικρότητα
2644 1298 2659 1314 ⁸
2700 1283 2961 1352 κοινωνίᾳ
2986 1285 3084 1349 μὲν
3120 1281 3278 1348 ἀξίας
3304 1282 3454 1352 μιᾶς,
3475 1282 3652 1351 ὑπερ-

2058 1374 2162 1443 οχῇ
2201 1373 2258 1425 δὲ
2294 1374 2482 1427 κόπων
2507 1375 2604 1428 καὶ
2629 1375 2832 1437 πόνων,
2886 1370 2968 1437 οἷς
2998 1375 3026 1427 ὁ
3054 1374 3398 1445 ’Δνδρόνικος
3441 1372 3651 1427 είθιστο

2060 1463 2245 1531 ᾶδδην,
2278 1465 2645 1531 πολυπλάνοις
2673 1468 2907 1532 πλάναις
2939 1468 3080 1522 κατὰ
3107 1468 3200 1521 τὸν
3230 1468 3455 1521 εἰπόντα
3481 1484 3653 1536 γεγυ-

2066 1558 2373 1628 μνασμένος
2392 1575 2406 1590 θ
2438 1559 2677 1630 ἤγειραν
2705 1560 2805 1613 οὐκ
2843 1560 3060 1628 ὀλίγους
3084 1559 3514 1630 ἀναπεισθῆναι,
3556 1560 3652 1628 ὀρ·

2064 1652 2174 1716 θῶς
2214 1652 2436 1707 ἀκούειν
2465 1653 2559 1707 καὶ
2613 1653 3085 1723 διαθερμανθῆναι
3116 1656 3199 1717 είς
3245 1653 3497 1717 ἐξάνυσιν
3548 1650 3649 1705 τοῦ

2064 1746 2356 1816 συνάρχειν
2378 1745 2678 1816 βασιλικῶς
2699 1746 2792 1799 τόν
2823 1762 2883 1799 τε
2912 1745 3173 1811 Ἀλέξιον,
3205 1745 3298 1798 τόν
3333 1763 3392 1800 τε
3424 1729 3651 1818 Ἄνδρό-

2063 1854 2237 1892 νικον.
2276 1837 2386 1892 Καὶ
2414 1842 2513 1909 τὴν
2543 1838 2720 1910 ἀρχὴν
2748 1839 2846 1909 μὶν
2882 1838 3312 1910 ὕπεψιθυρίζετο
3342 1839 3531 1910 ἠρέμα
3585 1837 3650 1892 τὺ

2062 1930 2306 2002 σόφισμα
2328 1946 2341 1957 ·
2382 1931 2524 2001 μετὰ
2542 1930 2599 1983 δὲ
2630 1930 2897 1995 ελαλεϊτο,
2931 1931 3129 2002 μικρὸν
3150 1931 3208 1984 δὲ
3242 1932 3369 1984 ὅσον
3405 1929 3502 1984 καὶ
3529 1929 3651 1995 ἐξε-

2060 2022 2224 2077 ϐοᾶτο
2273 2024 2672 2093 τρανέστερονο
2703 2023 2799 2078 καὶ
2846 2023 2953 2077 ἔδει
2979 2022 3168 2077 λοιπὸν
3207 2022 3471 2095 ἐμφανῶς
3512 2038 3652 2093 προ-

2060 2114 2334 2187 κληθῆναι
2374 2115 2455 2180 είς
2480 2115 2580 2187 τὴν
2601 2116 2779 2188 ἀρχὴν
2805 2114 2898 2169 τὸν
2931 2114 3274 2187 Ἀνδρόνικον
3295 2131 3311 2148 ·
3337 2115 3434 2170 καὶ
3489 2116 3538 2169 εί
3566 2112 3649 2185 μὴ

2060 2209 2322 2273 πείθοιτο,
2353 2208 2488 2263 ἀλλὰ
2509 2209 2630 2264 τότε
2654 2209 3084 2281 δυσωπηθήναι·
3131 2210 3181 2263 εί
3227 2209 3283 2263 δὲ
3329 2207 3466 2280 μηδὲ
3500 2206 3649 2261 οὕτω

2061 2301 2464 2367 κατακλίνοιτο,
2521 2301 2731 2365 ἀτενῶς
2790 2300 2956 2371 ἔχων,
3016 2300 3350 2371 πειραθῆναι
3375 2302 3471 2354 καὶ
3498 2300 3644 2371 βίας.

2060 2395 2170 2447 Καὶ
2195 2392 2416 2448 κάλλιόν
2451 2410 2619 2464 φασιν
2642 2392 2704 2447 ὃν
2731 2393 2926 2447 παθεῖν
2947 2395 3176 2458 ἐκεῖνον,
3201 2393 3229 2447 δ
3257 2392 3333 2463 μὴ
3363 2392 3644 2463 βούλεται,

2058 2486 2120 2538 τὸ
2150 2485 2470 2556 βασιλεῦσαι
2495 2485 2721 2557 δηλαδὴ,
2752 2486 2899 2557 ήπερ
2936 2485 3220 2554 ἐξολέσθαι
3263 2485 3333 2539 τὰ
3373 2486 3642 2555 κοσμικά.

2058 2578 2170 2631 Καὶ
2196 2577 2569 2649 ἑταιρίξονται
2604 2580 2702 2649 μὲν
2724 2579 2806 2643 είς
2829 2580 2988 2633 τοῦτο
3015 2578 3202 2632 πολλοὶ⁵
3229 2578 3341 2631 τῶν
3363 2576 3463 2631 τοῦ
3483 2574 3642 2631 λαοῦο

2060 2672 2414 2744 συνεπιρρέει
2438 2672 2495 2725 δὲ
2523 2672 2604 2740 τῷ
2629 2672 2862 2726 κλύδωνι
2887 2671 3065 2743 τούτῳ
3096 2670 3193 2724 καὶ
3234 2669 3510 2743 ἀπόρροιά
3555 2687 3646 2732 τις

2054 2764 2167 2818 τῶν
2192 2764 2288 2834 τῆς
2315 2762 2648 2834 συγκλήτου,
2680 2764 2741 2817 οὐ
2767 2764 2936 2835 πολλή
2960 2765 3081 2834 μὲν,
3107 2763 3407 2833 ἒπίῤῥητος
3434 2760 3645 2824 δὲ,λκαὶ

2057 2858 2219 2913 τοῦτό
2252 2874 2317 2926 γε
2345 2859 2478 2928 ἡμῖν
2506 2857 2845 2929 ἀπόρρητος.
2881 2855 2959 2910 Οὐ
2983 2854 3092 2924 γὰρ
3114 2853 3301 2918 ἁπλῶς
3331 2850 3648 2923 ἀφωσιοῦτο

2057 2950 2197 3022 αὕτη
2232 2950 2334 3021 τὴν
2366 2948 2511 3004 κατὰ
2554 2949 2653 3003 τοῦ
2700 2949 2969 3019 βασιλέως
3029 2945 3273 3012 Ἀλεξίου
3324 2943 3646 3013 νεωτέρισιν

1978 3044 2025 3104 C
2060 3043 2200 3097 κατὰ
2252 3043 2416 3113 χάριν
2488 3042 2855 3112 ’Δνδρονίκου,
2883 3040 3003 3095 ἀλλ’
3031 3040 3166 3094 ὡσεὶ
3217 3040 3312 3094 καὶ
3361 3038 3644 3109 μεμηνυῖα

2060 3136 2324 3207 βυσσόθεν
2353 3136 2613 3202 ἐκυκᾶτο,
2646 3135 2853 3190 καὶτὸν
2887 3133 3228 3204 Ἀνδρόνικον
3261 3131 3639 3200 συνεξέμαινε.

2127 3227 2229 3283 λθ’.
2271 3229 2382 3282 Kal
2403 3228 2621 3282 ἔσονται
2642 3228 2878 3298 ἀοίδιμοι
2906 3228 2962 3281 ὲν
2990 3225 3207 3288 τούτοις
3234 3225 3285 3278 oi
3305 3223 3405 3293 τῆς
3423 3222 3643 3294 ἡμέρας

2059 3323 2260 3376 ἐκεῖνοι
2304 3322 2510 3388 πιστοὶ,
2567 3320 2981 3382 Κώνσταντϊνος
3031 3318 3062 3371 ὁ
3095 3315 3401 3388 Πατρηνδς,
3449 3314 3512 3369 τὸ
3537 3315 3639 3383 τῆς

2059 3413 2355 3477 κολακείας
2407 3412 2794 3484 ὴκρισωμένον
2820 3411 3127 3480 ἀφίδρυμα,
3159 3411 3256 3463 καὶ
3279 3412 3308 3464 ὁ
3333 3406 3641 3478 ἁπλούχειρ

2058 3506 2300 3577 Μιχαὴλ,
2336 3506 2478 3575 ἀνὴρ
2517 3505 2698 3574 γλοιὸς
2735 3503 2835 3574 μὲν
2885 3502 3332 3565 πολιτεύσασθαι,
3368 3498 3642 3572 στρυφνὸς

2058 3598 2117 3651 δὲ
2150 3597 2620 3668 πονηρεύσασθαι.
2681 3592 2790 3650 Ἦν
2816 3596 2874 3650 δὲ
2901 3596 2995 3649 καί
3022 3612 3108 3659 τις
3156 3593 3298 3665 ἀνὴρ
3321 3592 3557 3664 λάμπων
3580 3593 3642 3646 ἐν

2060 3693 2175 3754 τοῖς
2206 3689 2472 3754 τοιούτοις
2494 3690 2628 3743 ὡσεί
2656 3707 2759 3743 που
2788 3689 2884 3742 καὶ
2915 3687 3158 3758 φρυκτὸς
3183 3685 3431 3755 ὀλέθριος
3447 3683 3643 3754 (μέσος

2058 3777 2129 3855 ἦν
2157 3783 2250 3836 ὅτε
2281 3783 2382 3853 τήν
2407 3781 2624 3852 τύχην),
2657 3782 2865 3849 πατρὸς
2896 3779 3068 3849 ὲκφῦς
3099 3776 3276 3845 δεξιοῦ
3323 3775 3642 3845 λογίζεσθαι

2059 3876 2130 3929 τὰ
2158 3874 2415 3946 δημόσια,
2448 3874 2543 3927 καὶ
2575 3872 2911 3944 ἐμϐαθύνειν
2955 3869 3277 3939 κλέμμασιν
3297 3883 3313 3901 ο
3369 3868 3644 3937 Στέφανος

2066 3969 2167 4039 μὲν
2188 3967 2247 4022 τὸ
2275 3967 2485 4036 κύριον,
2518 3965 2579 4018 τὸ
2626 3965 2684 4018 δὲ
2714 3964 2800 4017 ἐπ’
2840 3963 2991 4033 αὐτῷ
3031 3960 3641 4034 ’Δγιοχριττοφορίτης’

2063 4063 2121 4126 ὃς
2151 4062 2545 4133 μεταθέμενος,
2575 4059 2636 4125 ἐξ
2661 4052 2736 4114 ὧν
2760 4059 2786 4110 ὁ
2818 4058 2961 4112 κατὰ
3001 4056 3135 4109 Θεὸν
3165 4056 3462 4122 διάκειται,
3525 4055 3647 4107 Ἀν-

2065 4156 2543 4228 τιχριστοφορίτης
2570 4153 2956 4224 παρωνυμεῖτο
2982 4154 3099 4207 τοῖς
3118 4150 3256 4219 ὀρθὰ
3285 4149 3489 4204 νοοῦσι.
3510 4148 3649 4202 Τοῦ-

2064 4265 2156 4301 τον
2178 4250 2205 4301 ὁ
2237 4247 2335 4318 μὲν
2361 4247 2575 4316 φθάσας
2601 4244 2792 4316 χρόνος
2815 4244 3255 4313 παρεσημήνατο
3284 4243 3366 4306 είς
3389 4240 3648 4312 ἀνδριάν-

2066 4357 2134 4392 τα
2166 4337 2524 4409 φαυλότητος.
2562 4336 2851 4405 Κηδεύσας
2883 4336 2994 4406 γὰρ
3017 4333 3078 4386 οὐ
3112 4332 3237 4387 καθ’
3267 4331 3483 4388 ἑαυτὸν.
3505 4330 3647 4385 ἀλλὰ

2070 4431 2626 4503 πανουργευσίιμενος
2650 4427 2791 4497 ὑπὲρ
2818 4427 2978 4495 ἀξίαν
3004 4426 3181 4496 γάμον
3200 4423 3424 4496 εὐγενῆ,
3443 4424 3647 4479 δέδωκε

2064 4523 2340 4594 τιμωρίαν
2374 4523 2475 4576 οὐκ
2497 4523 2724 4593 ἀγεννῆ.
2750 4519 2863 4583 Τὰς
2894 4519 3050 4591 ῥῖνάς
3070 4535 3131 4570 τε
3161 4517 3273 4589 γὰρ
3311 4516 3645 4586 ἀπεσχίσθη,

2066 4617 2101 4672 ἃ
2132 4634 2191 4670 τε
2224 4615 2299 4687 μὴ
2332 4614 2510 4678 καλῶς
2529 4612 2970 4685 φριμαξάμενος,
3002 4609 3126 4663 καθ’
3151 4604 3220 4682 ἧς
3246 4610 3348 4663 οὐκ
3395 4609 3606 4681 ἔπρεπε
3627 4625 3644 4639 ·

2064 4711 2162 4765 καὶ
2190 4710 2300 4763 τῶν
2338 4705 2504 4761 αὑτοῦ
2552 4706 2740 4761 νώτων
2771 4702 3216 4776 σωφρονιστῆρες
3263 4702 3485 4769 ἱμάντες
3514 4719 3650 4757 κατ-

2066 4804 2387 4873 εχόρευσαν.
2427 4800 2534 4860 Καὶ
2576 4800 2727 4871 ὅμως
2765 4798 2956 4867 ίταμὸς
2986 4795 3085 4860 ὣν,
3121 4796 3218 4848 καὶ
3244 4796 3344 4865 τὴν
3377 4794 3647 4865 αίσχύνην

2066 4898 2176 4952 ἀπὸ
2219 4893 2517 4967 προσώπου
2557 4893 2805 4961 θέμενος,
2861 4890 2962 4943 οὐκ
2993 4888 3284 4957 ἀπήγαγεν
3310 4887 3521 4941 ’ἑαυτὸν
3550 4888 3646 4940 τοῦ

2067 4986 2488 5063 προφαίνεσθαι,
2560 4987 2636 5056 μὴ
2687 4987 2782 5038 καὶ
2814 4982 3061 5053 γελῷτο’
3113 4973 3341 5035 ἀλλὀἶα
3398 4980 3564 5050 μηδέν
3593 4997 3646 5034 τι

2068 5084 2238 5138 κακὸν
2275 5078 2574 5152 δεδρακὼς,
2602 5078 2958 5149 περιήρχετο,
2988 5073 3119 5126 ἔνθα
3146 5074 3243 5126 καὶ
3277 5072 3489 5142 πρώην,
3526 5072 3649 5141 φιλ·

2066 5176 2355 5230 ενδεικτῶν
2408 5171 2469 5227 τὸ
2522 5170 2743 5243 θράσος,
2787 5171 2880 5223 καὶ
2931 5166 3388 5234 ἐπιδεικνύμενος
3446 5165 3509 5218 τὸ
3575 5165 3649 5236 μή

2067 5270 2359 5335 αἰδεῖσθαι,
2397 5268 2491 5320 καὶ
2537 5265 2680 5320 οὕτω
2720 5262 3042 5334 βιαζόμενος
3064 5260 3126 5314 τὸ
3160 5259 3330 5330 μηδέν
3352 5275 3403 5311 τι
3442 5256 3652 5326 φαῦλον

2069 5362 2100 5431 ἢ
2140 5363 2383 5429 ποιήσαι,
2420 5359 2453 5429 ἢ
2488 5358 2700 5410 παθεῖν.
2740 5355 2829 5416 Ὦς
2861 5353 2918 5406 δὲ
2961 5351 3303 5420 περιεωρᾶτο
3337 5348 3473 5419 πρὸς
3508 5350 3651 5403 πάν-

2069 5472 2201 5520 των,
2243 5451 2337 5508 καὶ
2373 5451 2468 5505 τοῦ
2525 5449 2702 5518 γάμου
2759 5463 2819 5499 τε
2849 5445 2947 5502 τοῦ
2981 5443 3190 5514 ὑψηλοῦ
3219 5438 3290 5515 ἦν
3337 5440 3647 5506 ἔκπτωτος,

2070 5547 2165 5601 καὶ
2190 5547 2312 5600 οὐδέ
2349 5561 2471 5598 τινα
2503 5538 2648 5612 εἶχεν
2686 5540 2859 5611 ἄλλην
2903 5536 3191 5599 ἀνάϐασιν,
3227 5533 3346 5590 ἀλλ’
3378 5536 3436 5588 ἑν
3467 5536 3647 5599 κενοῖς

2069 5638 2170 5700 τὰς
2198 5635 2503 5707 βασιλείους
2532 5633 2705 5699 θύρας
2730 5630 2996 5703 ὲξέτριϐε,
3021 5629 3282 5697 λαγχάνει
3315 5627 3447 5680 ποτὲ
3473 5645 3648 5698 προη-

2073 5732 2313 5800 κάμενος
2346 5729 2497 5796 ἔπος,
2537 5725 2714 5791 ἄλλως
2757 5726 2856 5798 μὲν
2889 5723 3181 5796 σφαλερὶν,
3216 5720 3396 5793 ἐιυτῷ
3426 5719 3479 5774 δὲ
3516 5726 3650 5783 ἀνα..
