3950 6242
377 204 452 267 45
1158 204 1258 266 DE
1294 205 1867 268 THESSALONICA
1906 206 2118 269 URBE
2168 209 2211 266 A
2255 207 2569 271 LATINIS
2602 211 2859 273 CAPTA.
3564 213 3635 281 ιϐ

377 319 669 387 στάσιμον.
722 318 809 382 Ὠς
846 319 954 390 γάρ
1008 322 1036 374 ό
1069 320 1456 395 Μαυροζὼμης
1504 325 1803 396 Θεόδωρος,
1839 327 1919 380 ὀὶ

2023 370 2028 384 ,
2058 327 2219 381 vitam
2255 329 2523 383 restituit.
2553 329 2656 384 Ubi
2694 329 2837 383 enim
2873 325 3248 383 Maurozomcs
3281 322 3632 392 Theodorus,

374 410 814 482 Πελοποννῆσου,
842 412 1129 483 ἄνθρωπος
1162 415 1547 486 πολυμεμφὴς,
1574 419 1658 483 ἐφ’
1688 412 1769 480 οἷς
1807 418 1948 487 ὑπὲρ

372 501 580 554 esro
638 502 791 571 ἕδρα,
836 504 974 572 μετὰ
1013 503 1246 558 θάνατον
1304 505 1400 560 τοῦ
1468 507 1946 579 Ἀγιοθεοδωρίτου

373 595 624 666 Μιχαὴλ,
676 597 774 652 τοῦ
822 600 881 651 ὲν
938 597 1321 670 ὑπογραφεῦσι
1357 601 1655 671 βασιλικοῖς
1689 603 1945 673 μεγάλου,

369 683 607 752 ἔγγιστα
637 687 716 758 τῷ
750 687 964 758 βασιλεῖ
1006 689 1246 759 γεγονὼς
1296 692 1721 762 ὑπερεφαίνετο.
1764 694 1812 746 οι
1848 692 1946 762 μὲν

367 776 526 829 ἄλλοι
581 779 1004 848 exeamus-ivra;
1067 779 1311 848 ἐπεττον,
1374 782 1430 835 εἴ
1453 783 1506 835 τί
1536 800 1639 835 που
1668 782 1825 852 χόλου
1853 783 1945 835 καὶ

368 861 541 936 εῖχον,
570 869 657 938 ἔφ’
686 866 768 932 οἷς
804 871 880 939 μὴ
904 871 1189 926 άνέϐαινον
1212 889 1226 902 ·
1264 875 1292 926 ό
1320 873 1378 926 δὲ
1412 873 1517 944 πρὸ
1545 874 1646 941 τῆς
1672 873 1943 943 βασιλείου

369 960 582 1030 σκηνῆς
604 963 936 1032 καθήμενος,
961 963 1249 1034 ἐξεϐόησεν
1273 966 1353 1027 είς
1376 965 1585 1020 πολλῶν
1610 966 1778 1026 ἀκοάς
1800 967 1944 1038 λόγῳ

368 1052 741 1122 σχετλιασμοῦ
773 1054 935 1109 άδικα
966 1055 1219 1124 πάσχειν,
1256 1057 1420 1127 εἴπερ
1463 1058 1492 1110 ό
1522 1057 1671 1111 δεῖνα
1721 1058 1820 1127 μὲν
1848 1060 1944 1113 καὶ

365 1142 589 1210 όδεϊνα,
632 1145 733 1197 οὐκ
786 1147 867 1208 είς
908 1145 1162 1200 τοσοῦτον
1220 1149 1383 1201 κακοὶ
1427 1149 1772 1220 πεφηνότες,
1824 1146 1943 1204 εἶτα

364 1232 655 1305 θψοῦνται,
687 1235 851 1299 αὐτος
879 1236 934 1290 δὲ
984 1237 1433 1309 φαυλεπίφαυλος
1469 1240 1566 1303 ὢν,
1620 1241 1735 1308 καὶ,
1761 1242 1835 1304 ὡς
1875 1242 1942 1296 άν

359 1341 447 1385 τις
488 1327 938 1393 κωμικευόμενος
991 1328 1161 1393 εἴποι,
1216 1331 1432 1400 μιαρὸς,
1471 1332 1566 1385 καὶ
1592 1333 1936 1402 παμμίαρος,

360 1416 459 1468 καὶ
510 1418 881 1486 μιαρώτατος,
936 1419 1031 1472 καὶ
1063 1419 1221 1483 ἄνθος
1270 1422 1492 1487 κακίας,
1535 1424 1629 1475 καὶ
1672 1425 1938 1495 πονηρίας

358 1505 624 1570 ἄϐυσσος,
664 1510 758 1561 καὶ
789 1503 904 1571 οἷος
924 1510 1230 1577 διορᾶσθαι,
1258 1513 1356 1565 ὅσα
1399 1513 1493 1566 καὶ
1516 1514 1745 1584 δαίμων,
1778 1515 1928 1583 άφίεο

357 1615 447 1650 ται
474 1597 578 1669 ζῇν
601 1599 749 1669 είκῆ,
775 1601 869 1653 καὶ
891 1601 989 1653 οὐκ
1012 1603 1091 1665 είς
1122 1604 1287 1671 μέσον
1307 1604 1642 1673 παράγεται,
1669 1605 1736 1658 τὰ
1756 1606 1933 1660 οἰκεῖα

358 1688 781 1758 ἐπιδειξόμενος,
811 1693 907 1744 καὶ
935 1693 1151 1762 άρέσων
1183 1694 1264 1757 είς
1294 1694 1932 1766 πλουτοποιίαν.⁹1ζπῆγε

355 1779 411 1832 δὲ
438 1780 622 1850 ἑαυτῷ
648 1784 741 1836 καὶ
766 1783 928 1853 ὅρκον
957 1783 1233 1852 μέγιστον,
1265 1785 1338 1856 μὴ
1364 1787 1430 1841 ἂν
1461 1788 1794 1859 εὑρήσεσθαι
1839 1790 1931 1842 τ³ν

356 1871 447 1923 ἐπὶ
475 1875 648 1944 κακίᾳ
683 1872 815 1928 ἴσον.
869 1875 1015 1945 Ἔφη
1044 1875 1220 1930 ταῦτα
1277 1878 1677 1947 στηλογραφῶν
1715 1880 1927 1945 ἑαυτόν,

354 1963 448 2016 καὶ
468 1964 937 2033 περιαυτολογῶν,
966 1965 1040 2028 ὡς
1078 1964 1228 2036 αὐτῷ
1261 1966 1492 2037 ἔπρεπε,
1525 1967 1618 2021 καὶ
1641 1968 1733 2022 ἐπὶ
1762 1970 1929 2022 πᾶσιν

352 2054 642 2120 ἕστεναξεν
668 2054 744 2118 ὡς
775 2055 1157 2126 βαρυπενθῶν,
1193 2059 1290 2112 καὶ
1331 2058 1651 2132 ἐξεποριῦοη
1701 2061 1840 2131 χόλῳ
1868 2060 1931 2115 τὸ

352 2145 666 2215 πρόσωπον.
699 2146 812 2200 Καὶ
833 2148 885 2199 οί
919 2148 1018 2217 μὲν
1041 2148 1194 2203 ἄλλοι
1226 2150 1615 2222 ἐταράχθησαν
1656 2151 1794 2223 πρὸς
1838 2151 1929 2207 τὸν

349 2235 530 2307 λόγον,
582 2237 679 2292 καὶ
732 2238 1099 2310 ἐκαραδόκουν
1149 2241 1319 2305 κακὰ,
1357 2241 1723 2314 λογιζόμενοι,
1752 2242 1829 2308 ὡς
1864 2242 1926 2297 οὐ

352 2329 513 2399 μόνον
541 2331 707 2393 αὐτὸς
735 2330 885 2386 δεινὰ
916 2332 1170 2387 πείσεται
1224 2332 1445 2401 αὐτίκα,
1476 2335 1575 2404 τῆς
1612 2334 1746 2405 βοῆς
1776 2336 1927 2400 ἐντὸς

348 2420 736 2490 ἀκουσθείσης,
782 2425 881 2476 καὶ
925 2424 1006 2488 εις
1029 2423 1189 2495 ὓϐριν
1210 2425 1289 2496 τῷ
1319 2425 1533 2496 βασιλεῖ
1551 2426 1920 2497 λογισθείσης,

350 2512 486 2567 ἀλλὰ
504 2515 600 2566 καὶ
624 2514 781 2568 αὐτοὶ
807 2515 948 2584 προς
974 2516 1236 2587 μέμψεως
1264 2516 1500 2582 ἔσονται,
1529 2518 1613 2572 ὅτι
1651 2519 1724 2590 μὴ
1753 2518 1926 2589 θυμὸν

348 2605 492 2660 κατὰ
529 2606 778 2659 τοιούτου
805 2607 998 2677 ἀνδρὸς
1024 2608 1309 2662 ἀνέλαϐον.
1371 2611 1481 2665 Καὶ
1510 2611 1663 2664 αὐτοὶ
1700 2611 1800 2681 μὲν
1829 2612 1921 2664 ob-

346 2713 474 2763 τως.
500 2698 613 2752 Τοῦ
638 2699 695 2751 ὁὶ
726 2699 850 2753 καθ’
876 2700 1026 2769 ἡμᾶς
1052 2700 1171 2770 βίου
1201 2702 1265 2754 τὸ
1291 2699 1469 2774 χρεὼν
1490 2699 1570 2766 οἷς
1601 2704 1922 2774 ἡμάρτομεν

344 2789 464 2843 τότε
498 2791 601 2861 μὲν
623 2790 802 2844 ἀθῶον
829 2792 1009 2861 ἀφῆκε
1042 2794 1227 2862 μεῖναι
1261 2792 1355 2846 τὸν
1383 2794 1553 2866 ἄνδρα
1573 2835 1589 2860 ,
1630 2794 1771 2863 μέγα
1826 2797 1922 2848 καὶ

345 2880 504 2935 τοῦτο
542 2881 738 2936 δοκοῦν
790 2877 953 2937 εἶναι.
1005 2885 1083 2937 Οὐ
1126 2884 1335 2956 μακρὸς
1372 2885 1429 2939 δὲ
1468 2886 1646 2958 διέσχε
1705 2887 1918 2957 χρόνος,

2050 429 2116 470 ex
2175 415 2552 488 Pel0ponneso
2584 459 2600 484 ,
2647 419 2810 474 homo
2876 418 3022 473 omni
3085 416 3490 487 vituperatione
3549 416 3636 473 tli-

2050 523 2209 579 guns,
2238 513 2417 565 omnis
2507 511 2798 581 pravitatis
2862 517 3141 574 sectator,
3202 519 3419 563 mortuo
3470 510 3636 581 Agio-

2049 598 2359 652 theodoritn
2440 599 2740 659 Michanie,
2795 598 2942 652 inter
2992 598 3206 653 scribas
3276 597 3627 666 imperatoris

2048 688 2270 761 insigni,
2330 689 2421 761 qui
2480 691 2754 746 secundus
2781 690 2848 746 ab
2882 692 3216 761 imperatore
3248 682 3392 749 erat.
3437 687 3627 743 caeteri

2047 781 2432 851 prudentiores
2477 782 2544 836 ad
2609 780 2781 836 illum
2821 781 3240 850 confugiebant,
3293 778 3338 834 si
3386 778 3626 846 aliquam

2047 870 2350 926 molest'am
2384 871 2765 941 experirentur
2792 871 2938 940 quod
2992 884 3102 925 non
3146 877 3629 939 promoverentur.

2045 960 2141 1016 llle
2177 977 2309 1017 vero
2353 973 2483 1017 ante
2532 963 2886 1031 imperatoris
2940 961 3359 1030 tabernaculum
3405 960 3627 1024 sedens,

2045 1055 2098 1109 in
2143 1054 2393 1109 omnium
2444 1069 2607 1109 aures
2649 1069 2783 1110 voce
2842 1053 3186 1108 lamentabili
3239 1051 3516 1108 clamabat
3568 1065 3631 1105 se

2043 1144 2235 1215 iniqua
2272 1145 2406 1215 pati,
2442 1161 2564 1199 cum
2600 1146 2688 1200 hic
2709 1152 2763 1200 et
2787 1145 2898 1211 hic,
2920 1144 3012 1215 qui
3044 1159 3150 1198 non
3177 1145 3229 1197 in
3271 1151 3483 1198 tantum
3524 1141 3629 1196 cri-

2042 1234 2250 1288 minum
2296 1234 2672 1305 profecerant.
2708 1243 3152 1305 promoveantur,
3199 1233 3317 1302 ipse
3349 1247 3500 1294 vero,
3531 1231 3627 1301 qui

2040 1331 2126 1378 est
2157 1325 2452 1393 pessimus.
2480 1335 2668 1395 atque,
2705 1335 2765 1380 ut
2794 1324 2931 1396 stylo
2958 1324 3171 1379 comico
3198 1324 3430 1384 dixeris.
3456 1322 3625 1376 vitio.

2041 1414 2311 1479 sus,omnl
2332 1415 2461 1471 vitio
2485 1416 2719 1471 vitiosus
2735 1430 2799 1470 ac
2815 1413 3230 1475 vitiosissimus,
3247 1410 3627 1484 perversitatis

2040 1507 2161 1573 llos,
2182 1507 2462 1578 pravitatis
2481 1509 2734 1579 abyssus,
2763 1507 2989 1563 scientia
3010 1505 3137 1561 mali
3156 1521 3257 1561 nec
3316 1520 3345 1559 a
3379 1506 3627 1561 daemone

1966 1588 2008 1646 Β
2037 1597 2235 1663 victus,
2268 1600 2361 1669 qui
2415 1601 2603 1655 vivere
2637 1600 2938 1662 sineretur,
2969 1607 3135 1668 atque
3179 1600 3234 1653 in
3276 1597 3498 1668 publico
3518 1609 3627 1650 non

2038 1696 2347 1758 appareret,
2392 1703 2518 1743 cum
2570 1692 2791 1762 proprio
2846 1699 3110 1760 apparatu
3176 1699 3231 1745 et
3311 1687 3627 1742 divitiarum

2033 1779 2344 1850 iactatione.
2373 1780 2691 1838 Juramento
2737 1783 2963 1850 insuper
3015 1792 3209 1851 sponte
3256 1778 3624 1841 confirmavit,

2038 1883 2143 1922 non
2199 1870 2462 1938 aequalem
2526 1872 2633 1927 sibi
2655 1872 2860 1926 malitia
2897 1885 3135 1942 unquam
3179 1867 3411 1924 inveniri
3444 1881 3625 1937 pose.

2037 1958 2163 2014 Haec
2190 1961 2409 2017 dicebat
2434 1962 2713 2017 infamiam
2755 1964 2862 2018 sibi
2892 1963 3118 2018 inurens
3156 1976 3221 2016 ac
3245 1950 3542 2016 detrahens
3566 1969 3625 2014 ιιι

2035 2052 2214 2122 ipsum
2246 2052 2499 2117 decebat,
2549 2053 2618 2108 de
2663 2054 2919 2110 omnibus
2968 2055 3218 2124 [emebat
3269 2064 3329 2106 ιιι
3383 2066 3619 2107 mterore

2033 2146 2317 2202 confectus
2345 2130 2758 2218 ,ittdigtiatiotte
2789 2157 2972 2201 autem
3030 2144 3391 2201 erubescebat
3417 2147 3621 2198 vultus.

2034 2236 2149 2291 Hoc
2206 2251 2339 2291 vero
2389 2251 2641 2293 sermone
2676 2238 2856 2292 czeterl
2893 2236 3207 2292 conturbati
3266 2243 3416 2302 sunt,
3461 2235 3624 2291 anxie

2032 2329 2172 2384 mala
2204 2338 2586 2401 exspectantes
2616 2346 2680 2408 ac
2707 2330 2952 2387 dicentes
2976 2347 3085 2385 non
3109 2331 3285 2386 solum
3331 2329 3472 2382 maia
3494 2342 3618 2382 eum

2033 2422 2216 2476 statim
2246 2437 2637 2493 perpessurum
2663 2438 2811 2490 esse,
2854 2424 3062 2478 auditis
3108 2424 3257 2477 intus
3287 2421 3376 2476 his
3418 2420 3622 2475 clamo-

2030 2514 2184 2570 ribus
2209 2522 2375 2586 atque
2414 2515 2465 2569 itt
2494 2517 2852 2586 opprobrium
2892 2515 3242 2587 imperatoris
3295 2514 3496 2578 versis,
3520 2510 3617 2568 scd

2028 2607 2191 2663 etiam
2210 2609 2353 2678 ipsos
2371 2608 2575 2679 pariter
2597 2623 2718 2664 esse
2739 2608 3153 2678 vituperandos,
3181 2607 3327 2677 quod
3372 2620 3480 2660 non
3508 2605 3619 2685 ira-

2029 2709 2256 2755 scantur
2278 2700 2658 2771 hujuscemodi
2713 2700 2940 2756 homini.
2988 2699 3080 2754 Sic
3121 2700 3222 2759 illi.
3253 2698 3463 2753 Nostrae
3495 2701 3617 2751 vita:

2030 2801 2228 2847 auctor
2254 2792 2328 2847 ob
2356 2804 2580 2863 peccata
2611 2799 2800 2848 nostra
2855 2792 3187 2861 impunitum
3238 2791 3400 2845 talem
3439 2792 3613 2844 virum

2027 2882 2252 2938 dimittit
2293 2890 2352 2936 et
2386 2891 2685 2949 servatum,
2709 2880 2855 2953 quod
2884 2882 3060 2951 ipsum
3101 2897 3355 2952 magnum
3378 2881 3613 2935 videtur.

344 2973 439 3026 καὶ
466 2972 681 3044 ἤρξατο
715 2973 1099 3046 παρυψοῦσθαι
1187 2944 1477 3047 ἄνθρωπος
1496 2992 1510 3009 ο
1549 2944 1644 3032 agn
1672 2944 1919 3050 κῖρύξας

2025 2973 2145 3030 Non
2196 2976 2366 3029 multo
2416 2986 2567 3044 post,
2626 2976 2710 3029 vir
2762 2985 2950 3029 noster
3001 2973 3316 3044 promoveri
3369 2971 3610 3042 incepit;

345 3065 540 3119 ἑαυτὸν
604 3067 1022 3138 πονηρότατον,
1077 3066 1316 3145 εὕρηκεν
1376 3069 1469 3123 ἐπὶ
1523 3071 1691 3143 πείρᾳ
1752 3072 1922 3143 γέρας

343 3156 549 3223 ὅμοιον,
578 3159 716 3212 ὡσεὶ
740 3159 836 3212 καὶ
856 3158 1032 3224 δεινός
1052 3177 1138 3223 τις
1170 3160 1428 3215 κλέπτειν
1467 3159 1606 3216 εἶναι
1634 3163 1921 3238 ἀνακηρύ-

344 3246 459 3315 ξας,
490 3250 869 3324 προσληφθείη
900 3254 1087 3308 ποθέν.
1116 3256 1225 3308 Καὶ
1248 3257 1461 3309 ἐκεῖθεν
1486 3256 1795 3328 ἀρξάμενος
1820 3257 1916 3314 τοῦ

344 3342 486 3395 κατά
520 3339 635 3410 βίον
658 3340 852 3413 ὕψους,
874 3343 1088 3411 γίνεται
1117 3348 1211 3399 ἐπὶ
1240 3345 1334 3400 τοῦ
1365 3349 1620 3418 στρατοῦ,
1651 3351 1742 3402 καὶ
1760 3351 1919 3421 εὐρε-

344 3430 458 3495 θεὶς
488 3433 581 3485 ἐπὶ
606 3433 704 3487 τοῦ
750 3434 1095 3506 Ἀνδρονίκου
1119 3435 1382 3505 τοιοῦτος,
1409 3437 1912 3509 προσλαμϐάνεται.

342 3522 452 3577 Καὶ
475 3525 511 3595 ἡ
542 3524 671 3579 καθ’
715 3527 875 3596 ἡμῶν
902 3528 1247 3599 πηρωθείσα
1297 3530 1554 3602 συμφορὰ
1581 3532 1723 3602 αῐρει
1753 3533 1917 3586 αὐτὸν

340 3613 431 3665 ἐπὶ
457 3615 624 3669 πλέον
650 3617 817 3687 ὑψοῦ,
843 3618 940 3672 καὶ
979 3621 1060 3685 είς
1107 3620 1289 3691 ψυχὴν
1325 3623 1545 3692 ἑντήκει
1582 3624 1779 3694 φιλέως
1834 3623 1914 3696 τῷ

352 3703 694 3777 Ἀνδρονίκῳ,
725 3708 814 3764 ῐνα
854 3711 1034 3780 πάγχυ
1088 3713 1259 3774 κακὸς
1288 3716 1459 3769 κακὸν
1486 3715 1765 3786 ἡγηλάζῃ.
1819 3718 1913 3771 καὶ

343 3800 507 3871 μῆλά
541 3802 684 3857 καλὰ
718 3804 831 3868 τοῖς
880 3807 1074 3868 κακοῖς
1110 3805 1491 3879 συμφύρηται,
1525 3810 1619 3863 καὶ
1666 3811 1695 3864 ό
1724 3811 1911 3879 ὅμοιος

338 3893 414 3955 είς
464 3892 562 3947 τὸν
613 3894 803 3965 ὅμοιον
827 3895 1052 3964 ἄγηται.
1094 3898 1205 3951 Καὶ
1259 3899 1405 3953 οὕτω
1445 3903 1910 3971 φρονηματισθεὶς

339 3983 419 4045 εἰς
446 3983 633 4050 πλέον,
652 3987 749 4039 καὶ
775 3986 877 4040 οὐκ
905 3988 1303 4059 ἀνασχόμενος,
1326 3992 1374 4044 εί
1402 3991 1594 4063 καιρὸν
1614 3992 1741 4063 ἄρτι
1761 3994 1913 4061 ἐξευ-

340 4072 450 4143 ρὼν
479 4076 544 4129 οὐ
582 4077 935 4145 πτερύξεται,
992 4080 1138 4135 καθά
1181 4097 1236 4135 τι
1285 4081 1561 4152 δαιμόνιον
1593 4082 1906 4154 πρόσωπον,

335 4166 592 4236 πειρᾶται
634 4166 966 4236 ὕπερπαὲειν
991 4169 1157 4234 αὐτὸς
1197 4171 1276 4234 είς
1303 4173 1367 4225 τὸ
1400 4170 1573 4226 κακὸν
1604 4172 1812 4238 πάντας
1845 4191 1906 4228 τε

331 4255 456 4319 τοὺς
483 4256 562 4320 ὡς
593 4258 793 4329 ἐρρέθη
823 4259 918 4314 τοῦ
947 4260 1126 4331 δήμου
1158 4263 1530 4334 προάγοντας.
1590 4267 1685 4321 καὶ
1715 4265 1778 4337 δὴ
1809 4268 1905 4321 καὶ

2020 3081 2259 3138 cumque
2296 3066 2680 3123 denuntiasset
2735 3081 2796 3123 se
2848 3080 2974 3122 esse
3038 3068 3361 3136 pessimum,
3392 3063 3448 3118 in
3488 3072 3608 3116 ten-

2022 3166 2264 3216 tamento
2309 3157 2510 3229 reperit
2562 3159 2794 3215 similem
2837 3157 3147 3214 mercedem
3189 3198 3206 3224 ,
3251 3155 3611 3226 quemadmo-

2018 3253 2148 3308 dum
2188 3267 2311 3306 cum
2353 3252 2550 3322 aliquis
2574 3267 2634 3306 se
2673 3253 2907 3321 peritum
2938 3250 3154 3306 furandi
3196 3250 3602 3312 denuntiasset,

2018 3345 2220 3402 alicubi
2254 3345 2754 3414 comprehenditur.
2801 3344 3095 3416 Postquam
3138 3344 3220 3398 sic
3264 3342 3332 3396 ad
3373 3341 3610 3394 honores

2015 3439 2325 3509 promoveri
2357 3436 2677 3507 incepisset,
2704 3436 2969 3492 exercitui
3004 3435 3327 3506 praeficitur,
3360 3433 3604 3502 talisque

2014 3528 2269 3584 inventus
2318 3528 2388 3583 ab
2452 3527 2786 3592 Andronico,
2852 3536 3202 3598 aggregatur.
3258 3524 3450 3579 Fatum
3503 3538 3607 3576 no-

2014 3630 2194 3677 strum
2230 3620 2512 3675 velocibus
2548 3618 2652 3673 alis
2691 3619 2743 3672 in
2776 3618 3041 3688 majorem
3070 3617 3418 3673 altitudinem
3449 3615 3602 3669 illum

2016 3713 2249 3776 extollit,
2295 3722 2348 3767 et
2392 3726 2491 3782 pro
2524 3712 2704 3766 amico
2732 3726 2857 3768 sese
2910 3711 3154 3766 insinuat
3210 3709 3263 3763 in
3301 3702 3605 3763 Andronici

2015 3804 2277 3869 animam,
2312 3804 2384 3858 ita
2432 3812 2492 3857 ut
2520 3803 2697 3859 maius
2735 3804 2938 3857 malum
2985 3804 3211 3860 omnino
3256 3807 3441 3869 posset
3475 3813 3603 3868 age-

2011 3913 2095 3962 re,
2123 3912 2302 3967 neque
2326 3898 2469 3952 bona
2491 3912 2614 3952 cum
2648 3898 2809 3951 malls
2833 3896 3221 3960 miscerentur,
3247 3909 3389 3964 eque
3405 3901 3599 3948 contra

2011 3987 2193 4043 simile
2236 3985 2406 4043 simili
2436 3987 2785 4058 jungeretur.
2838 3987 2897 4042 ltt
2931 3988 3031 4042 hac
3068 3985 3361 4040 altitudine
3394 3983 3602 4053 majore

2009 4079 2187 4136 adhuc
2224 4074 2642 4150 cupidissimus,
2673 4094 2777 4136 nec
2825 4088 3135 4144 contentus,
3171 4078 3219 4133 si
3253 4077 3597 4133 occasionem

2008 4180 2201 4228 nactus
2230 4187 2334 4228 non
2362 4172 3198 4245 advolaverit,quemadmodum
3220 4169 3601 4240 geniusinfer-

2010 4265 2171 4329 nalis,
2199 4265 2317 4334 ipse
2348 4267 2618 4337 pravitate
2650 4281 2841 4323 omnes
2868 4264 3218 4337 supradictas
3241 4264 3429 4337 populi
3457 4277 3599 4332 prae-

331 4346 546 4402 ἑαυτόν.
579 4349 691 4403 Καὶ
721 4350 1144 4422 συλλαϐόμενος,
1173 4353 1289 4408 ὅσοι
1309 4354 1412 4425 τῆς
1447 4354 1624 4426 καλῆς
1660 4358 1900 4430 συγκλή-

2023 4354 2154 4413 iides
2202 4358 2420 4414 vincere
2448 4370 2700 4424 conatur,
2745 4361 3023 4429 etiamque
3077 4359 3341 4429 seipsutn.
3378 4358 3461 4412 Ab
3502 4355 3596 4410 illo

329 4455 424 4493 του
451 4437 652 4510 βουλῆς
679 4443 1171 4512 παραπτυσθὲντες
1196 4445 1613 4518 ὶξεϐράσθησαν
1660 4450 1782 4502 κατ’
1805 4450 1906 4504 αὐ-

329 4530 438 4595 τὸν,
471 4529 721 4600 κύμασιν
753 4532 1126 4604 ἐλαυνόμενοι,
1160 4536 1197 4591 ἃ
1229 4535 1452 4610 πνεῦμα
1483 4542 1725 4612 πονηρὸν
1752 4544 1905 4614 ἤγει-

328 4635 421 4689 ρεν
443 4616 552 4692 (ἦν
576 4622 687 4693 γὰρ
709 4623 806 4676 καί
832 4641 918 4689 τις
949 4625 1416 4699 δαιμονοφόρητος
1442 4628 1609 4703 λέσχη
1658 4632 1900 4706 σύγκλη-

323 4728 435 4777 τος,
478 4711 560 4777 ὡς
618 4714 996 4784 προέκκειται,
1031 4718 1251 4786 εὐφυῶς
1291 4720 1490 4792 ἔχουσα
1518 4724 1643 4778 κατ’
1690 4727 1901 4785 ἐκεῖνον

324 4801 698 4875 ἀλλοφρονεῑν)
731 4809 792 4859 οὐ
835 4806 943 4877 μὴν
977 4808 1035 4862 δὲ
1066 4809 1203 4863 άλλὰ
1226 4813 1319 4865 καὶ
1348 4811 1450 4876 τάς
1475 4814 1689 4883 φαύλας
1722 4834 1898 4888 κεφα-

323 4893 418 4955 λὰς
441 4894 539 4948 τοῦ
573 4893 774 4966 δήμου,
811 4898 948 4968 πρὸς
974 4899 1033 4953 δὲ
1052 4901 1261 4955 καὶτὸν
1286 4903 1591 4973 τηνικαῦτα
1623 4924 1896 4982 πατριαρ·

320 4986 539 5055 χοῦντα,
567 4988 662 5041 τὸν
687 4989 1025 5061 Καματηρὺν
1044 4991 1346 5058 Βασίλειον,
1370 4995 1542 5066 ἄνδρα
1564 4997 1771 5069 θερμὸν
1800 5004 1895 5054 καὶ

319 5070 428 5129 οἷον
458 5076 781 5146 καθομιλεῖν
809 5076 935 5143 τοὺς
961 5080 1208 5151 καιροὺς,
1240 5082 1316 5146 ὡς
1350 5082 1412 5135 τὸ
1438 5084 1569 5156 παρ’
1596 5086 1746 5156 αὐτῷ
1773 5088 1897 5159 βου-

320 5165 543 5237 λόμενον
567 5167 783 5238 ἔκρινεν
816 5168 911 5241 (ὃς
939 5169 1037 5223 τοῦ
1072 5172 1311 5242 μεγάλου
1341 5173 1646 5244 Θεοδοσίου,
1677 5179 1779 5250 τῆς
1806 5180 1892 5250 φί-

319 5256 417 5327 λης
469 5258 900 5329 καθαρειότητος
934 5264 1225 5331 γενομένου
1248 5302 1265 5329 ,
1313 5266 1691 5337 ἀντεισῆκται,
1754 5271 1816 5326 ὃν
1861 5274 1891 5328 ό

330 5349 670 5422 ’Δνδρόαικος
696 5350 880 5423 ἤθελε,
927 5355 1026 5407 καὶ
1065 5356 1390 5429 ἀνακάμψαι
1437 5359 1537 5431 τὴν
1572 5363 1795 5434 φράσιν,
1830 5365 1888 5430 ὃς

316 5441 403 5495 τὸν
466 5442 811 5512 Ἀνδρόνικον
863 5444 1090 5517 ἤθελεν·
1126 5446 1188 5501 ἓν
1219 5452 1380 5520 μένος
1429 5445 1576 5508 οὗτοι
1609 5455 1882 5524 πνέοντες,

2014 4450 2396 4516 comprehensi
2425 4466 2615 4507 omnes
2667 4451 2762 4522 qui
2814 4451 2870 4506 in
2921 4452 3025 4506 hoc
3059 4451 3289 4520 pulchro
3318 4455 3595 4505 conventu

2014 4536 2277 4595 ﬂuctibus
2310 4542 2605 4611 compulsi,
2644 4541 2911 4598 adversus
2966 4542 3146 4611 ipsum
3200 4540 3591 4602 eﬁ‘erbuerant,

2010 4641 2134 4696 qua;
2164 4630 2392 4700 spiritus
2422 4630 2595 4686 malus
2620 4631 2926 4701 inspirabat
2954 4630 3067 4702 (hic
3097 4631 3242 4687 enim
3284 4638 3591 4684 conventus

2004 4729 2123 4775 erat
2164 4723 2321 4790 quasi
2370 4738 2401 4776 a
2434 4723 2708 4777 dwmonio
2739 4737 3053 4792 possessus,
3080 4722 3225 4778 sicut
3274 4722 3588 4792 expositum

2004 4823 2087 4868 est
2140 4814 2432 4883 superius,
2488 4814 2725 4869 feliciter
2788 4828 3096 4884 propensus
3147 4815 3215 4871 ad
3264 4810 3587 4871 certandum

2004 4903 2268 4961 adversus
2314 4905 2514 4976 illum),
2557 4906 2650 4960 alii
2676 4922 2802 4967 veno
2826 4907 2988 4962 etiam
3014 4907 3269 4963 homines
3298 4908 3587 4964 seditiosos

2006 4996 2216 5066 populi.
2253 5009 2521 5067 ptazterea
2563 4997 2658 5069 qui
2691 5008 2823 5054 tunc
2868 5000 3091 5070 gerebat
3125 5000 3578 5070 patriarchatum,

2001 5087 2346 5145 Camaterum
2371 5089 2654 5160 Basilium,
2679 5093 2856 5149 virum
2881 5094 3211 5158 studiosum,
3232 5092 3441 5164 quique
3457 5109 3580 5149 cum

2000 5196 2062 5239 se
2089 5182 2245 5237 daret
2266 5186 2488 5242 occasio
2519 5187 2758 5259 colloqui
2791 5196 3007 5258 poterat
3034 5189 3193 5258 juxta
3223 5188 3376 5258 quod
3406 5187 3483 5242 'ab
3515 5202 3580 5242 co

1998 5277 2321 5346 exigebatur
2387 5278 2498 5349 (qui
2548 5296 2749 5353 magno
2789 5281 3126 5348 Theodosio,
3163 5282 3217 5337 in
3258 5291 3449 5337 sancta
3498 5282 3582 5336 in-

1996 5369 2253 5440 tegritate
2306 5369 2523 5437 relicto,
2590 5384 2960 5439 successerat,
3000 5389 3167 5445 quem
3226 5375 3576 5429 Andronicus

1993 5461 2207 5517 volebat
2262 5472 2338 5528 et,
2403 5472 2464 5518 ut
2515 5467 2837 5524 emendetur
2890 5468 3134 5539 phrasis,
3215 5467 3306 5537 qui
3357 5465 3575 5520 volebat

319 5535 410 5588 καὶ
438 5528 552 5589 οἷον
580 5535 652 5590 δι’
698 5536 950 5608 ἀλλήλων
976 5539 1209 5610 ἥκοντες
1260 5543 1401 5631 κατά
1451 5562 1574 5601 τινα
1628 5547 1883 5619 σύντηξιν

2023 5553 2648 5623 tndronicum;fortiter
2680 5528 3025 5631 navigantes,
3059 5567 3119 5613 ut
3174 5528 3278 5611 sibi
3326 5557 3564 5610 invicem

322 5627 502 5698 moue,
535 5626 633 5682 καὶ
682 5626 1062 5697 ταυτιζόμκνοι
1105 5632 1228 5697 ταῖς
1261 5625 1340 5691 ὧν
1367 5633 1637 5709 ἔπραττον
1665 5639 1881 5711 αἱρέσε-

1994 5647 2309 5707 consimiies
2347 5646 2508 5722 juxta
2539 5648 2957 5723 dispositionem
2993 5661 3206 5706 morum
3231 5658 3398 5720 utque
3429 5661 3561 5703 con-
