3950 6242
268 244 338 304 47
951 240 1378 302 EUSTATHII
1411 240 1858 300 TIIESSALON

1976 242 2169 301 SNSIS
2210 240 2768 301 METROPOLITEE
3446 232 3514 297 48

273 361 573 418 sentientes
601 358 933 427 unanimiter
967 361 1018 413 in
1065 359 1148 415 his
1179 376 1298 429 qum
1330 359 1684 429 peragebant)
1718 377 1730 423 ;
1767 359 1838 414 ita

1984 374 2056 412 ιν·
2081 363 2121 427 )·
2178 358 2321 413 οὕτω
2353 360 2414 429 δὴ
2448 355 2541 412 οὖν
2574 355 2952 426 προσειληφὼς
3007 353 3101 407 καὶ
3133 351 3321 408 τοῦτον
3346 356 3373 407 ὁ
3407 355 3519 406 τῶν

274 469 401 510 τοι-ο
430 455 529 508 ἱεεο
558 453 847 522 adjunctus
864 467 1080 522 quoque
1103 453 1230 508 hinc
1261 469 1548 521 pravorum
1576 465 1734 507 acuto
1765 453 1844 506 lo-

271 546 504 618 gotheta:
533 544 847 614 (damnatus
895 543 1040 598 enim
1091 544 1158 598 ad
1193 545 1454 600 ululetam
1513 545 1686 600 fuerat
1735 548 1843 600 Att-

271 644 466 706 gustus
492 632 696 694 vocari,
736 647 842 686 non
875 633 1053 701 reipsa
1105 633 1424 701 hujusmodi
1459 633 1524 688 ad
1564 635 1843 703 negotium

273 732 453 798 aptus)
504 729 772 784 accedunt
809 744 932 782 cum
983 743 1047 782 eo
1108 729 1172 782 ad
1205 728 1608 792 Andronicum,
1657 740 1846 799 tyran-

275 823 456 875 nidem
507 821 896 884 celebrantes,
967 819 1118 872 illum
1177 820 1443 874 terribilia
1501 834 1693 888 parare
1742 835 1846 872 una

275 913 591 966 dictitantes
631 912 683 965 in
713 913 932 966 modum
961 911 1499 976 communicationis,
1526 911 1573 966 si
1599 927 1722 966 cum
1755 910 1850 964 Dei

275 1005 481 1060 auxilio
514 1006 605 1073 qui
660 1005 760 1074 ipsi
797 1005 1140 1060 conﬁdentes
1193 1004 1464 1074 perierint
1522 1004 1849 1076 neglexerit,

277 1112 385 1148 non
436 1097 615 1150 solum
660 1096 956 1149 maximam
1001 1095 1143 1149 hanc
1186 1095 1494 1160 civitatem,
1522 1093 1617 1149 sed
1657 1108 1851 1148 omnes

277 1188 530 1254 regiones
561 1203 699 1258 quas
726 1189 908 1251 habet,
937 1188 1051 1243 sive
1078 1187 1144 1241 ad
1173 1186 1467 1251 orientem,
1493 1186 1607 1241 sive
1655 1186 1725 1240 ad
1756 1198 1851 1240 oc-

273 1279 903 1348 cidentem,omnesque
945 1289 1194 1334 eteteras.
1255 1279 1491 1334 Parvum
1544 1287 1724 1333 autem
1769 1293 1855 1331 re-

279 1389 400 1444 gem
433 1373 840 1428 venerabantur
873 1371 946 1427 ob
1003 1372 1177 1427 bonas
1225 1379 1438 1425 natura:
1467 1371 1646 1425 dotes.
1698 1370 1856 1436 Quod

279 1482 408 1521 vero
425 1464 490 1520 ad
519 1479 760 1536 praesens
793 1464 929 1519 nihil
957 1464 1109 1520 illum
1145 1478 1270 1520 esse
1301 1473 1550 1518 sanctum
1576 1464 1854 1528 dicebant,

280 1556 700 1626 orphanumque
753 1554 1169 1626 despiciebant;
1214 1555 1282 1610 ad
1341 1556 1506 1624 pedes
1555 1554 1676 1625 ejus
1731 1571 1859 1624 pro-

279 1647 606 1704 sternebant
625 1662 686 1703 se
705 1647 940 1702 maxime
967 1647 1378 1702 adulationibus
1397 1647 1764 1719 indulgentes,
1789 1650 1853 1704 ad

287 1737 608 1793 tid'elitatem
645 1753 804 1792 suam
846 1738 1169 1806 imperatori
1219 1737 1624 1794 testiﬁcandam
1690 1749 1854 1809 atque

287 1829 355 1884 ad
389 1829 630 1886 habenas
661 1829 883 1899 imperii
931 1830 1097 1886 simul
1133 1845 1259 1885 cum
1303 1831 1397 1886 illo
1445 1831 1736 1898 tenendas,
1791 1847 1861 1887 ne

285 1936 398 1977 non
467 1921 622 1993 juxta
684 1921 928 1978 fabulam
995 1921 1221 1992 juvenis
1281 1921 1682 1992 Phaethontis,
1763 1925 1859 1994 qtti

284 2028 413 2068 cum
439 2011 650 2070 inscius
703 2029 870 2070 curru
922 2022 1152 2084 paterno
1209 2014 1288 2070 uti
1330 2015 1618 2081 voluerat,
1673 2019 1859 2072 omnia

287 2104 490 2163 misere
518 2105 839 2176 perdiderit.
890 2103 1026 2160 Cum
1060 2122 1192 2164 vero
1229 2121 1258 2161 a
1290 2107 1523 2178 pedibus
1553 2108 1872 2164 Andronici.

286 2196 579 2252 rediissem
637 2199 828 2262 erecti,
861 2202 1068 2252 ‘manus
1108 2199 1406 2260 extendere
1457 2211 1744 2270 coeperunt
1794 2199 1861 2254 ad

291 2285 498 2354 Deum,
558 2297 613 2344 et
675 2289 863 2344 eadem
912 2298 1268 2358 rogaverunt.
1304 2289 1402 2351 llle
1453 2305 1584 2352 vero
1630 2291 1714 2348 his
1750 2290 1861 2361 jam

290 2378 684 2445 visis..erectis,
750 2378 884 2448 quid
943 2380 1093 2433 intus
1141 2387 1444 2450 pateretur,
1485 2384 1866 2450 quamquein-

288 2467 605 2526 credibilter
656 2469 940 2540 gauderet,
964 2469 1088 2540 quis
1119 2485 1228 2525 non
1253 2473 1674 2540 suspicaretur?
1703 2473 1867 2529 Foris

289 2568 470 2614 autem
509 2560 648 2617 alias
692 2559 912 2614 fucabat
960 2560 1247 2631 'seipsum,
1299 2562 1710 2632 videbaturque
1765 2580 1869 2620 nec

291 2649 473 2704 valere
499 2663 599 2704 nec
635 2665 794 2719 posse
828 2652 1012 2721 vivere
1031 2652 1075 2708 si
1097 2654 1228 2708 talia
1265 2655 1504 2719 audiret,
1535 2656 1696 2724 quasi
1732 2657 1871 2712 utﬁ-

292 2739 508 2795 duciam
531 2741 845 2799 destrueret
872 2745 1198 2801 laborasset.
1219 2745 1356 2812 Quis
1377 2762 1497 2800 sum
1523 2763 1644 2816 ego,
1665 2748 1868 2814 aiebat,

292 2843 350 2886 et
375 2834 650 2901 quomodo
689 2834 802 2904 jam
851 2839 1112 2906 possem?
1142 2843 1419 2908 quomodo
1478 2839 1702 2910 fugiam,
1734 2856 1870 2909 quo-

297 2926 457 2980 modo
481 2927 704 2982 mutabo
725 2929 948 2984 vivendi
970 2931 1237 2985 rationem
1263 2932 1366 2986 nisi
1387 2933 1872 2988 recessero?Tunc

1947 450 2164 519 φαύλων
2194 449 2480 520 ῥινηλάτης
2507 449 2793 517 λογοθέτης
2823 446 3012 518 (τοῦτό
3040 464 3097 500 τε
3128 446 3237 515 γὰρ
3258 446 3519 516 ἐτιμήθη,

1949 543 2041 594 καὶ
2066 542 2126 593 τὸ
2164 542 2423 603 σεϐαστὸς
2457 541 2742 610 κληθῆναι,
2774 540 2834 591 οὐ
2857 540 3030 608 δήπου
3057 540 3150 591 καὶ
3180 538 3255 590 ῶν
3277 540 3521 600 τοιοῦτος

1949 632 2080 702 πρδ;
2127 634 2427 700 πρᾶγμα),
2485 632 2676 701 ἥκουσι
2714 630 2860 698 παρὰ
2906 629 2996 682 τὸν
3031 629 3393 698 Ἀνδρόνικον,
3425 630 3524 696 τὴν

1949 724 2235 794 τυραννίδα
2267 723 2760 793 χοροόατήσαντες,
2793 721 2942 775 δειλά
2974 723 3146 774 ποιεῖν
3202 721 3411 772 ἐκεῖνον
3440 720 3527 770 λο-

1950 815 2295 885 γοποιοῦντες
2328 818 2478 884 κοινῇ
2515 815 2591 878 ὼς
2632 816 2689 866 ὲν
2723 813 3095 881 ὲπικ).ήματος
3129 813 3296 881 λόγῳ,
3328 813 3376 863 εἰ
3400 813 3526 872 τοὺς

1952 906 2100 976 αὐτῷ
2148 907 2532 970 πιστευθέντας
2581 905 2729 975 παρᾶ
2789 905 2924 958 Θεοῦ
2980 905 3300 973 περιόψεται
3340 903 3530 972 ὀλομέ-

1953 1015 2109 1063 νουςο
2139 1001 2236 1052 καὶ
2256 1000 2316 1052 οὐ
2352 1002 2513 1069 μόνον
2545 999 2700 1051 πόλιν
2732 997 2938 1068 ταύτην
2967 997 3256 1067 μεγίστην,
3278 995 3416 1048 ἀλλά
3439 995 3532 1047 καὶ

1952 1090 2094 1144 ὅσων
2137 1091 2321 1160 μερῶν
2350 1090 2485 1159 αὐτὴ
2516 1089 2699 1159 ἔχεται
2754 1089 2891 1159 πρός
2945 1106 3004 1141 τε
3035 1089 3188 1158 ἥλιον
3219 1088 3532 1156 ἀνίσχοντα,

1955 1191 2047 1243 καὶ
2077 1189 2210 1260 πρὸς
2231 1189 2460 1257 δυσμὰς,
2495 1189 2590 1240 καὶ
2613 1188 2713 1240 ὅσα
2749 1186 2932 1240 λοιπά.
2978 1184 3087 1236 Καὶ
3106 1181 3401 1252 ὲσέμνυνον
3434 1182 3535 1251 μὲν

1955 1280 2046 1334 τὸν
2075 1281 2270 1350 μικρὸν
2325 1280 2549 1350 βασιλέα
2589 1280 2731 1340 κατά
2782 1295 2845 1347 γε
2879 1279 2938 1330 τὸ
2968 1276 3130 1345 φύσει
3155 1275 3320 1328 καλόν
3342 1288 3357 1303 ⁶
3399 1276 3535 1345 πρδς

1954 1373 2012 1426 δέ
2038 1389 2100 1440 γε
2130 1372 2194 1425 τὸ
2225 1372 2394 1444 παρὸν
2420 1372 2573 1425 οὐδὲν
2613 1371 2758 1442 ἱερὸν
2784 1369 2945 1424 αὑτὸν
2971 1371 3211 1437 ἔφασκον
3237 1363 3399 1436 εἶναι,
3440 1368 3537 1422 καὶ

1956 1463 2362 1534 ἀπεδοκίμαζον
2419 1463 2798 1534 μονούμενον·
2860 1463 2950 1517 καὶ
3013 1462 3356 1532 προέπιπτον
3385 1461 3541 1529 αὐτῷ

1957 1555 2068 1608 τῶν
2093 1554 2270 1608 ποδῶν
2300 1557 2349 1608 οί
2379 1557 2479 1625 τὴν
2515 1555 2803 1608 κολακείαν
2835 1555 3213 1624 περιττότεροι
3248 1553 3540 1622 πεισθῆναι

1966 1646 2044 1707 είς
2078 1643 2379 1714 βασιλείαν,
2439 1643 2536 1696 καὶ
2587 1643 2696 1696 τῶν
2739 1642 2911 1710 αὐτῆς
2956 1643 3122 1710 ἠνίων
3153 1639 3543 1709 συνεπιδράξα-

1967 1735 2112 1797 σθαι,
2145 1734 2221 1805 μὴ
2260 1737 2355 1788 καὶ
2386 1735 2526 1788 κατὰ
2579 1734 2748 1804 μῦθον
2796 1736 2824 1786 ὁ
2853 1735 3072 1796 νεανίας
3115 1729 3272 1796 οὗτος
3297 1734 3542 1798 Φαέθων,

1958 1827 2199 1897 ἀτέχνως
2225 1827 2286 1879 τὸ
2318 1818 2471 1898 ἆρ’μα
2508 1827 2610 1894 τῆς
2641 1827 2817 1896 ἀρχῆς
2841 1825 3240 1896 χειριζόμενος,
3273 1825 3460 1886 κακῶς
3481 1825 3546 1877 τὸ

1961 1916 2069 1968 πᾶν
2114 1916 2454 1986 διαθήσεται.
2512 1916 2646 1970 "Ore
2679 1916 2865 1969 δὲκαὶ
2911 1915 3022 1970 τῶν
3054 1915 3230 1970 ποδῶν
3294 1917 3548 1971 ἀπαλλαο

1961 2010 2108 2077 γεῖεν
2132 2009 2226 2062 τοῦ
2272 2008 2612 2078 ’Δνδρονίκου
2656 2008 3002 2080 ὀρθούμενοι,
3055 2009 3111 2061 αἱ
3141 2011 3320 2079 χεῖρες
3359 2011 3546 2071 αὐτοῖς

1961 2100 2038 2161 ὡς
2062 2099 2140 2162 εἰς
2170 2099 2304 2153 Θεὸν
2350 2101 2688 2154 ἀνετείνοντο
2711 2115 2724 2130 ·
2780 2101 2874 2153 καὶ
2930 2099 3286 2153 ὲθεοκλύτουν
3311 2102 3403 2154 ἐπὶ
3432 2104 3548 2163 τοῖς

1964 2192 2172 2254 αὐτοῖς.
2220 2193 2280 2243 Ὀ
2314 2191 2370 2243 δὲ
2402 2191 2839 2262 κατορθούμενον
2869 2192 2968 2262 ἤδη
2996 2193 3210 2261 βλέπων
3239 2194 3300 2244 τὸ
3331 2195 3545 2262 ἐφετὸν,

1966 2285 2113 2340 ἔνδον
2139 2285 2239 2354 μὲν
2265 2281 2352 2339 οἷα
2379 2284 2618 2356 ἔπασχεν
2647 2285 2734 2348 ἂν,
2786 2289 2878 2340 καὶ
2905 2291 2980 2351 ὡς
3015 2288 3236 2358 ἔχαιρεν
3262 2290 3548 2361 ἀμύθητα,

1965 2377 2048 2439 τίς
2075 2378 2174 2431 οὐκ
2205 2378 2270 2430 ἂν
2294 2379 2669 2447 τεκμήραιτο;
2695 2381 2760 2431 τὰ
2792 2379 2890 2448 μέν
2903 2397 2976 2433 τοι
3000 2381 3157 2444 ἐκτὸς
3179 2381 3353 2444 ἄλλως
3377 2382 3550 2451 ἔχρω-

1969 2465 2058 2531 ζεν
2089 2467 2305 2531 ἑαυτὸν,
2356 2467 2451 2520 καὶ
2474 2468 2652 2520 ἐδόκει
2687 2469 2762 2538 μὴ
2804 2470 2870 2522 ἂν
2925 2470 3116 2540 φέρειν
3158 2471 3294 2540 μηδὲ
3324 2471 3446 2541 ζῇν,
3498 2475 3551 2526 εί

1967 2557 2197 2612 τοιαῦτα
2235 2558 2447 2624 ἀκούοι,
2494 2559 2587 2612 καὶ
2625 2561 2702 2622 ὼς
2735 2562 2815 2624 εἰς
2865 2561 3127 2615 ἀπιστίαν
3182 2563 3548 2631 γυμνάζοιτο.

1971 2653 2078 2706 Καὶ
2105 2653 2188 2716 τίς
2221 2653 2354 2722 ἐγὼ,
2399 2654 2580 2723 ἔλεγε,
2611 2658 2706 2708 καὶ
2741 2655 2859 2719 πῶς
2917 2657 2983 2710 ἂν
3015 2657 3281 2727 δυναίμην
3307 2674 3320 2724 ;
3352 2659 3446 2713 καὶ
3475 2660 3554 2722 ὡς

1973 2745 2298 2816 φευξοῦμαι,
2353 2748 2448 2802 καὶ
2479 2748 2555 2811 ὼς
2603 2751 2929 2818 μεταστήσω
2965 2751 3058 2802 τοῦ
3093 2749 3243 2819 βιοῦν
3289 2753 3552 2820 ἐμαυτὸν.

1973 2831 2022 2890 εἰ
2051 2839 2124 2908 μὴ
2154 2839 2410 2908 ἁφίεμαι.
2444 2842 2554 2895 Καὶ
2579 2841 2882 2912 ὲρῤάπιζεν
2909 2843 3126 2907 ἑαυτὸν,
3157 2844 3252 2898 καὶ
3274 2847 3397 2907 ταῖς
3435 2845 3556 2915 θρι-

1976 2931 2056 2996 ξὶν
2083 2932 2359 3002 ὲνύόριζε,
2411 2936 2506 2987 καὶ
2540 2934 2814 3004 πολλαχοῦ
2851 2936 3070 3002 εἰλεῖτο,
3105 2937 3279 2991 δοκῶν
3314 2939 3412 3007 μὲν
3438 2938 3557 2990 ἐθέ-

296 3033 418 3074 sese
483 3022 862 3088 percutiebat,
903 3024 1162 3079 sazviebat
1207 3024 1260 3080 in
1318 3025 1523 3088 crines,
1555 3041 1618 3080 ac
1671 3027 1870 3094 ubique

1977 3022 2090 3075 λειν
2139 3024 2410 3077 διέκδυσιν
2437 3025 2512 3089 ὡς
2545 3027 2622 3088 είς
2651 3025 2853 3097 φυγὴν,
2894 3027 3068 3090 διδοὺς
3105 3027 3160 3080 δὲ
3189 3028 3362 3090 ἄλλως
3393 3029 3556 3081 τόπον

297 3112 622 3177 secedebat,
667 3114 821 3169 visus
870 3115 1076 3185 eligere
1126 3127 1339 3171 secreta
1399 3117 1515 3172 loca
1582 3132 1680 3186 pro
1724 3115 1872 3186 fuga,

299 3218 360 3256 se
390 3205 612 3258 tradens
651 3204 790 3260 alias
823 3207 962 3260 clam
999 3207 1200 3262 Iretitiae
1225 3216 1280 3263 et
1321 3207 1631 3273 cachinnis,
1661 3215 1875 3262 mutata

299 3296 442 3352 facie
499 3297 589 3352 hic
637 3307 692 3353 et
732 3298 864 3365 illic,
905 3299 1084 3376 qualis
1137 3299 1252 3364 ille,
1297 3301 1559 3369 pessima.

369 3388 459 3444 40.
491 3389 628 3446 Cum
666 3405 792 3448 vero
819 3392 1162 3448 commodius
1188 3392 1483 3448 tentorium
1509 3395 1672 3464 (igere
1707 3406 1876 3447 cona-

301 3488 390 3538 tus
427 3482 644 3547 fuisset,
688 3483 1062 3554 ita‘disposuit
1089 3485 1223 3540 illud
1252 3494 1312 3539 ut
1352 3500 1516 3554 supra
1549 3485 1732 3542 cubile
1761 3494 1877 3542 sta-

305 3582 410 3640 ret,
444 3583 505 3630 ut
546 3575 685 3632 forte
719 3577 801 3632 sic
833 3578 1022 3634 multis
1050 3592 1370 3648 persuasum
1409 3578 1560 3633 ﬂeret
1606 3577 1784 3646 ipsum
1819 3578 1876 3632 in

304 3674 655 3724 antecessum
691 3669 1048 3726 constituisse
1096 3672 1288 3726 horam
1325 3679 1448 3741 post
1475 3685 1638 3740 quam
1665 3671 1879 3741 fugeret

308 3762 634 3832 turbamque
663 3780 775 3818 non
798 3764 1083 3840 excitaret,
1133 3765 1447 3821 adulatores
1480 3767 1716 3836 ineptias
1751 3782 1878 3821 suas

305 3855 726 3920 concinnantes,
758 3865 836 3911 tot
865 3849 1020 3912 multi
1051 3867 1109 3913 ut
1131 3874 1236 3913 non
1263 3858 1488 3924 fuerint,
1525 3874 1690 3914 voces
1725 3867 1883 3913 extu-

306 3945 506 4013 lerant,
560 3951 842 4006 custodias
912 3953 1306 4012 ordinaverant
1348 3952 1879 4023 observationesque

306 4039 521 4094 viarum
565 4056 688 4111 qua:
751 4041 877 4096 illuc
920 4041 1200 4098 ducebant
1229 4045 1704 4116 exquirebantqne
1752 4045 1882 4113 quid

306 4138 635 4186 eventurum
695 4143 864 4187 esset.
895 4131 1052 4187 Tunc
1097 4135 1413 4202 patriarcha
1447 4136 1570 4191 illos
1604 4135 1883 4192 extricans

311 4223 474 4278 modo
515 4239 624 4292 quo
671 4240 771 4281 nos
825 4225 1008 4281 audito
1045 4226 1266 4282 risimus
1327 4242 1584 4296 nuncque
1653 4228 1887 4283 maxime

309 4315 576 4382 ridemus,
633 4315 778 4372 inter
841 4330 942 4370 nos
1007 4324 1320 4385 repetentes
1381 4315 1487 4370 hoc
1548 4315 1882 4370 scurrilius:

1976 3117 2122 3185 χαρᾷ
2155 3117 2247 3169 καὶ
2268 3117 2467 3184 γέλωτι
2496 3116 2800 3186 λεληθότως
2846 3120 2905 3170 ἐν
2938 3117 3015 3186 τῷ
3043 3121 3297 3189 στρέφειν
3326 3113 3426 3172 ὦδε
3459 3122 3555 3173 καὶ

1978 3207 2094 3260 ἐκεῖ
2119 3207 2178 3260 τὸ
2218 3209 2536 3276 πρόσωπον,
2575 3210 2756 3273 ὁποῖος
2794 3211 3021 3274 ἐκεῖνος,
3053 3211 3115 3264 τὸ
3160 3213 3554 3284 περιπόνηρον.

2051 3388 2124 3460 μ’.
2160 3391 2250 3453 Ὠς
2275 3390 2332 3443 δὲ
2356 3390 2454 3461 τὴν
2486 3390 2691 3461 σκηνὴν
2711 3388 2915 3457 ταύτην
2952 3391 3335 3461 συμπήξεσθαι
3367 3407 3561 3460 τεχνα-

1981 3484 2218 3552 σάμενος
2264 3483 2693 3554 ἀσφαλέστερον,
2737 3487 3182 3555 προσεποιήσατο
3213 3484 3561 3554 πλασάμενος

1980 3576 2074 3628 καὶ
2104 3577 2198 3628 τοῦ
2243 3575 2494 3646 ὑπερῴου
2539 3575 2816 3643 γενέσθαι,
2865 3577 2919 3629 εἰ
2956 3593 3073 3638 πως
3117 3574 3262 3629 οὕτω
3293 3577 3560 3644 φαντάσει

1979 3668 2107 3730 τοὺς
2150 3667 2421 3732 πολλοὺς,
2473 3667 2550 3731 ὡς
2616 3668 2991 3739 ὑπερθέμενος
3050 3668 3148 3739 τὴν
3207 3669 3563 3738 ἐνεστηκυῖαν

1982 3761 2154 3832 ὥραν,
2187 3761 2468 3830 φευξεῖται
2503 3760 2620 3830 μετ’
2649 3761 2842 3829 αὐτὴν,
2876 3762 2971 3816 καὶ
2993 3760 3440 3831 ἀπαλλαγήσεται
3467 3761 3563 3814 τοῦ

1983 3854 2424 3924 ὀχλοκοπεῖσθαι,
2467 3854 2515 3906 οἱ
2555 3854 2787 3916 κόλακες
2819 3853 3190 3923 ὲντεινάμενοι
3247 3855 3345 3924 τὴν
3388 3855 3565 3924 ἁρμο-

1984 3943 2105 3998 νίαν
2137 3944 2234 3998 τοῦ
2287 3946 2476 4012 λήρου,
2521 3947 2602 4013 sic
2632 3947 2757 3998 ὅσον
2801 3944 2962 3998 πλέον
3015 3946 3114 3999 οὐκ
3166 3941 3255 4014 ἦν,
3291 3946 3478 4014 φωνάς
3506 3963 3568 3999 τε

1984 4031 2152 4106 ἦραν,
2186 4039 2280 4090 καὶ
2330 4037 2579 4105 φυλακὰς
2621 4039 2926 4092 ὲπέταττον
2949 4040 3042 4094 καὶ
3072 4038 3432 4108 συντηρήσεις
3458 4039 3578 4091 τῶν·

1987 4128 2101 4180 ἐκεῖ
2145 4123 2416 4194 διεξόδων,
2461 4130 2556 4183 κα)⁵
2601 4129 2981 4199 διηποροῦντο,
3021 4130 3073 4183 τί
3105 4131 3172 4184 ἂν
3198 4131 3294 4184 καὶ
3332 4132 3566 4198 γένοιτο.

1988 4221 2098 4274 Καὶ
2134 4221 2163 4274 δ
2197 4223 2542 4292 πατριάρχης
2579 4223 2939 4292 ὲπιλυόμενος
2991 4223 3181 4287 αὐτοῖς
3229 4225 3291 4277 τὸ
3338 4224 3567 4295 ἄπορον,

1990 4313 2065 4377 ὡς
2095 4315 2258 4385 ἡμεῖς
2297 4318 2392 4368 καὶ
2429 4318 2551 4369 τότε
2587 4315 2954 4386 μανθάνοντες
2995 4317 3295 4386 ἐγελῶμεν,
3332 4319 3424 4372 καὶ
3472 4320 3570 4372 νῦν

317 4405 537 4472 «Lude,
600 4407 728 4463 lude
777 4407 846 4464 de
896 4383 1410 4474 malis‘eventibus,
1442 4426 1460 4459 ι
1527 4407 1618 4461 ille
1652 4406 1870 4470 ,diceba

1995 4410 2052 4463 δὲ
2239 4411 2510 4479 γελῶμεν,
2559 4383 2938 4480 παρορδοῦντες
2969 4383 3200 4472 ἕκαστος
3247 4411 3425 4478 ἐαυτῷ
3453 4424 3570 4464 κω-

312 4497 630 4568 cotnpedes,
682 4499 926 4554 manicas
973 4501 1308 4568 collariaque
1351 4498 1636 4554 Conmeno
1678 4489 1883 4567 parari,

313 4590 516 4660 quibus
561 4591 913 4647 retineretur.
951 4589 1073 4646 llaec
1125 4591 1217 4646 ille
1258 4589 1501 4660 quidem.
1539 4589 1689 4644 Multi
1739 4591 1886 4659 aspi-

314 4685 530 4739 ciebant
577 4685 644 4738 ad
706 4685 1078 4739 inventionem
1130 4684 1423 4751 cujusdam
1462 4683 1597 4738 aenei
1649 4685 1883 4752 operis:

315 4774 458 4841 Quid
492 4776 622 4830 ﬁent
651 4775 803 4832 ista?
844 4778 1082 4830 aiebant.
1120 4775 1214 4831 Ille
1250 4790 1381 4832 vero
1411 4775 1630 4846 oblique
1672 4785 1888 4830 vertens

318 4874 692 4936 trgumentum
731 4869 926 4936 capitis
954 4867 1315 4937 dextramque
1337 4868 1389 4921 in
1409 4868 1575 4922 altum
1599 4867 1816 4933 erigens
1835 4869 1887 4921 iu

319 4958 536 5028 signum
584 4958 790 5025 crucis,
825 4961 1067 5020 vincula,
1099 4961 1449 5030 alligantibus
1480 4961 1886 5030 applattdebat;

318 5061 434 5108 tum
487 5051 676 5106 habitu
715 5053 1232 5123 arcltipreshyterali
1271 5052 1652 5108 Andronicum
1688 5054 1891 5108 retine-

321 5147 442 5210 bat,
496 5146 675 5200 locum
722 5145 1161 5218 designans,ubi
1215 5156 1524 5202 manentem
1569 5148 1890 5209 invenerat;

319 5241 722 5310 lnsistebatque
778 5253 846 5295 ne
896 5239 1235 5308 relinqueret
1280 5240 1563 5293 civitatem
1613 5253 1783 5307 seque
1825 5237 1891 5296 ad

321 5331 484 5386 aliam
535 5341 900 5408 converteret.
953 5329 1053 5386 llic
1093 5347 1222 5386 vero
1268 5331 1481 5387 scilicet
1534 5333 1745 5385 invitus
1797 5345 1892 5399 pa-

324 5423 493 5486 tiens,
525 5421 788 5476 adversus
819 5424 1190 5494 patriarchatu
1221 5424 1520 5487 exclamat,
1542 5439 1609 5477 eo
1641 5422 1784 5490 quod
1818 5422 1899 5476 sic

324 5513 504 5584 ipsum
555 5515 623 5570 ad
679 5514 862 5584 fugam
910 5526 1162 5585 paratum
1216 5514 1543 5584 alligaverit.
1602 5513 1754 5568 Heu!
1805 5515 1892 5566 in-

323 5610 466 5678 quit,
500 5608 632 5678 quid
661 5609 800 5680 agis,
842 5607 1112 5678 despota?
1140 5609 1216 5662 Ac
1255 5616 1550 5675 postquam
1603 5607 1706 5660 hoe
1742 5621 1886 5675 saepe

327 5702 658 5771 tepetiisset,
694 5700 894 5758 desinit
928 5702 1035 5756 alta
1095 5715 1226 5756 voce
1271 5697 1562 5754 lamentari
1623 5700 1782 5767 quasi
1831 5699 1898 5755 ob

1996 4503 2303 4573 μικώτερον
2336 4502 2432 4558 τό⁶
2470 4521 2489 4554 ι
2527 4504 2698 4564 Παίζε
2727 4541 2742 4565 ,
2793 4501 2946 4565 παῖζ’
3005 4503 3099 4553 ἐπὶ
3161 4507 3496 4572 συμφοραῖς,
3547 4525 3567 4556 ι

1993 4595 2156 4658 αὐτὸς
2216 4594 2320 4664 ἔφη
2377 4595 2473 4648 καὶ
2522 4593 2876 4661 ποδοκάκην,
2929 4593 3025 4647 καὶ
3079 4595 3424 4663 χειροπέδας,
3477 4600 3572 4648 καὶ

1995 4684 2175 4742 κλοιὸν
2200 4683 2647 4754 περιτραχήλιον,
2672 4683 2766 4736 καὶ
2797 4684 2900 4736 ὅσα
2929 4683 3108 4735 τοιάδε
3141 4685 3572 4753 μηχανήσασθαι

1995 4779 2070 4847 τῷ
2104 4777 2394 4848 Κομνηνῷ,
2433 4777 2500 4829 δι’
2555 4771 2631 4830 ὧν
2683 4777 2970 4844 κατέχοιτο
3009 4777 3096 4831 ἄν.
3147 4774 3315 4828 Εἶπεν
3363 4779 3575 4841 ἐκεῖνος

1995 4872 2189 4925 ταῦτα.
2231 4873 2340 4924 Καὶ
2367 4873 2416 4924 οἱ
2453 4870 2637 4922 πολλοὶ
2667 4870 2936 4939 ἀφεώρων
2966 4870 3101 4937 πρὸς
3149 4869 3396 4924 ἐπίνοιάν
3428 4879 3574 4934 τινος

1999 4962 2375 5033 χαλκεύματος
2395 4978 2408 4991 ⁶
2433 4962 2544 5025 καὶ,
2589 4961 2711 5024 Πῶς
2761 4960 2914 5013 ἔσται
2943 4960 3157 5025 ταῦτα;
3187 4962 3396 5030 ἔλεγον.
3437 4964 3496 5015 Ὀ
3529 4964 3576 5015 δ’

1999 5055 2160 5118 εὐθὺς
2192 5055 2506 5122 πλαγιάσας
2551 5054 2610 5106 τὸ
2661 5053 2764 5118 τῆς
2823 5054 3072 5121 κεφαλῆς
3110 5053 3379 5122 κάλυμμα
3408 5093 3421 5114 ,
3479 5057 3576 5106 καὶ

1999 5147 2098 5217 τὴν
2119 5147 2298 5212 δεξιὰν
2326 5147 2613 5206 εὐθετίσας
2643 5145 2726 5207 είς
2753 5146 2938 5213 ἀέριον
2965 5146 3257 5213 σταυρικὸν
3285 5145 3574 5214 χάραγμα,

2001 5242 2330 5309 κατακροτεῖ
2353 5239 2586 5307 δεσμοὺς
2607 5238 2738 5298 τοὺς
2772 5239 3099 5306 ἁρέσαντας·
3128 5235 3224 5289 καὶ
3251 5238 3579 5306 ἀμφιϐαλὼν

2004 5334 2335 5404 ἱεραρχικῶς
2373 5334 2562 5403 ἐπέχῖι
2603 5332 2689 5385 τὸν
2744 5329 3112 5397 Ἀνδρόνικον,
3163 5331 3256 5382 καὶ
3301 5330 3575 5399 ἀφορίζει,

2003 5427 2127 5480 ὅποι
2157 5418 2284 5494 εὗρε
2316 5426 2571 5494 μένοντα’
2605 5423 2700 5476 καὶ
2728 5421 3108 5491 κατασκήπτει
3138 5421 3231 5491 μὴ
3266 5421 3331 5474 ἂν
3361 5423 3580 5488 ἀφεῖναι

2005 5519 2105 5585 τὴν
2147 5509 2446 5582 πόλιν,’καὶ
2475 5517 2646 5586 ἄλλην
2684 5516 2984 5584 τραπῆναι.
3027 5514 3088 5568 Ὀ
3115 5515 3168 5566 δὲ
3195 5512 3268 5575 ὡς
3301 5514 3582 5583 ἀϐούλητα

2007 5610 2165 5676 δῆθεν
2230 5608 2441 5672 παθὼν,
2505 5607 2843 5660 καταϐοᾶται
2901 5606 3018 5661 τοῦΔ
3059 5605 3433 5674 πατριάρχουί,
3492 5599 3580 5654 οἷα

2009 5699 2150 5754 οὕτω
2173 5699 2579 5768 καταδήσαντος
2603 5698 2693 5750 τὸν
2724 5697 2943 5767 τρέχειν
2969 5696 3209 5765 ἕτοιμονο
3247 5696 3360 5761 καὶ,
3390 5695 3579 5764 Ὤμοι,
