3950 6242
359 406 430 468 Li
1123 403 1221 463 DE
1251 403 1816 464 THESSALONICA
1865 404 2071 467 URBE
2114 409 2154 466 A
2200 409 2506 471 LATINIS
2545 411 2797 473 CAPTA.
3531 414 3602 478 50

360 517 521 586 φησι,
563 515 612 568 τί
646 514 837 577 ποιεῖς,
863 513 1138 579 δέσποτας
1190 515 1297 568 Kal
1359 516 1526 584 συχνὰ
1577 514 1734 570 τοῦτο
1783 516 1936 580 λογο-

2059 519 2241 573 ualum
2295 537 2571 592 magnum.
2612 521 2749 576 Tum
2797 522 3114 594 patriarcha
3163 524 3326 581 verba
3375 527 3602 597 probata

363 610 648 676 κοπὴσας,
680 605 887 656 ἄνεισιν
933 602 1070 672 ὑψοῦ
1119 602 1415 669 στενάζων,
1457 603 1532 666 ὼς
1583 605 1677 656 ἐπὶ
1711 606 1934 676 μεγάλῳ

296 702 302 714 ⁸
363 697 547 764 κακῷ.
589 697 698 750 Kal
747 695 775 747 6
826 692 1176 764 πατριάρχης
1229 693 1477 748 ὑπειπὼν
1527 695 1597 750 τὰ
1649 696 1932 761 δοκοῦντα,

362 789 630 860 ἡσύχαζε.

439 909 551 971 μα’.
596 903 705 955 Kal
742 901 838 954 τοῦ
895 901 1087 954 λοιποῦ
1121 902 1233 966 (ἵνα
1267 902 1344 972 μὴ
1393 903 1494 974 τὴν
1529 905 1802 976 κοσμικὴν
1835 906 1938 974 ἀη-

364 997 489 1047 δίαν
511 993 811 1064 ἀδολεσχῶ)
852 993 1061 1062 γίνεται
1108 993 1218 1047 τῶν
1262 996 1450 1049 κακῶν
1496 997 1696 1066 δρόμος
1735 1001 1815 1060 είς
1847 999 1938 1050 τὸν

364 1085 652 1154 περίδοξον
680 1084 806 1138 ναὸν
862 1083 961 1137 τοῦ
1011 1084 1262 1154 Σωτῆρος
1307 1087 1566 1154 Χριστοῦ,
1604 1086 1695 1139 τοῦ
1734 1087 1939 1142 Χαλκί-

364 1177 488 1240 τοῦ,
523 1179 620 1230 καὶ
650 1176 896 1246 εὐφημία
924 1175 1016 1228 τοῦ
1056 1177 1398 1246 Ἀνδρονίκου
1429 1179 1651 1242 ἄκοντος
1708 1180 1790 1242 είς
1843 1178 1938 1247 βα-

373 1269 549 1333 σιλέα,
573 1269 646 1330 ὡς
673 1266 741 1321 ἂν
769 1269 865 1320 καὶ
892 1267 1046 1320 αὐτοὶ
1069 1267 1164 1319 καὶ
1191 1269 1399 1330 ἐκεῖνος
1433 1270 1660 1321 εἴποιεν
1693 1265 1811 1323 εἶτα
1846 1269 1940 1323 καὶ

375 1363 468 1431 βία
493 1363 575 1425 είς
598 1362 825 1422 ἐκεῖνον,
847 1358 922 1421 ὡς
946 1359 1055 1411 Kal
1079 1360 1154 1428 μὴ
1173 1358 1372 1412 ἐθέλων
1401 1362 1643 1429 ἀρχηγὸς
1661 1363 1694 1431 ἡ
1703 1361 1820 1430 μῶν
1849 1379 1940 1430 γε·

367 1453 485 1506 νοῦο
511 1453 607 1505 καὶ
624 1451 904 1522 περίθεσις
936 1452 1283 1520 παρασήμων
1305 1453 1370 1522 τῇ
1405 1452 1653 1523 βασιλείᾳ
1683 1453 1936 1516 πεδίλων,

370 1546 588 1598 ἐκείνου
623 1544 697 1614 μὴ
746 1542 1112 1606 καθιστῶντος
1141 1543 1268 1606 τοὺς
1323 1543 1510 1607 πόδας,
1537 1545 1632 1598 καὶ
1658 1543 1937 1614 περίδυσις

367 1637 703 1706 διαδήματος
732 1649 745 1663 ⁸
784 1636 876 1686 καὶ
907 1633 1056 1702 ρίψις
1109 1634 1208 1701 μὲν
1267 1634 1539 1687 καπνικοῦ
1583 1633 1939 1703 καλύμματος

374 1727 472 1780 τοῦ
511 1729 642 1796 περὶ
667 1725 932 1793 κεφαλὴν,
969 1725 1108 1793 ὅπερ
1127 1725 1370 1789 Λαζόθεν
1403 1721 1516 1794 εἶχε
1541 1726 1641 1794 τὴν
1685 1725 1939 1796 ἀφορμὴν

368 1821 454 1880 είς
499 1817 798 1886 σύμϐολον,
829 1811 908 1870 ῶν
939 1815 1134 1886 ἔμελλε
1171 1815 1364 1887 καπνῷ
1395 1815 1586 1886 φῦραι,
1617 1818 1939 1886 κατεμπρή-

375 1930 478 1975 σας
514 1912 576 1963 τὸ
630 1913 755 1970 πᾶν,
791 1907 1147 1979 ἀντιφόρησις
1184 1908 1239 1960 δὲ
1267 1907 1526 1978 ἐρυθροῦ,
1568 1908 1939 1976 αἰνιττομένη,

373 2006 520 2057 ὅσων
555 2000 810 2070 κεφαλῶν
844 1989 1314 2070 καταψηφιεῖσθαι
1343 1999 1530 2067 μέλλει
1564 2001 1795 2068 αἵματα.
1828 2001 1940 2052 Kal

371 2093 720 2164 συγκαθηται
749 2092 811 2145 τὸ
826 2091 1078 2144 ἐντεῦθεν
1101 2092 1176 2160 τῷ
1204 2091 1417 2159 βασιλεῖ
1441 2090 1684 2160 Ἀλεξίῳ,
1708 2095 1800 2144 καὶ
1818 2108 1946 2160 προ-

2040 607 2276 674 dicente,
2303 611 2593 665 conticuit.

2111 881 2200 933 tl.
2250 881 2515 936 Caeterum
2577 885 2688 952 (ne
2742 899 2864 942 cum
2934 886 3098 942 taedio
3159 888 3425 959 omnium.
3481 905 3611 960 gar-

2039 975 2201 1040 riam)
2245 975 2512 1028 malorum
2563 990 2864 1032 concursus
2913 977 2970 1031 ﬁt
3020 980 3074 1032 in
3128 979 3595 1048 gloriosissimum

2040 1066 2298 1135 templum
2339 1067 2644 1122 Salvatnris
2689 1070 2918 1133 Christi,
2948 1070 3234 1137 Chalcitis,
3255 1073 3478 1144 jamque
3514 1090 3612 1144 pa-

2040 1157 2144 1210 lam
2179 1156 2517 1214 Andronicus
2571 1159 2854 1228 imperium
2907 1175 3140 1218 renuere
3204 1162 3478 1218 ferebatur
3514 1178 3613 1218 an-

2040 1248 2190 1317 cipiti
2229 1247 2404 1314 tanta;
2438 1247 2496 1302 ﬁt
2543 1247 2738 1302 deinde
2773 1249 2856 1304 vis
2897 1251 2951 1303 in
2985 1251 3178 1305 illum:
3224 1251 3338 1306 Dux
3378 1254 3462 1307 vel
3511 1255 3612 1307 iu—

2025 1340 2187 1408 .vitus
2215 1351 2396 1396 noster
2423 1351 2566 1396 esto.
2606 1342 2808 1398 Deinde
2828 1345 3082 1400 cothurni
3109 1345 3445 1414 imperatorii
3470 1385 3486 1411 ,
3518 1345 3616 1400 illo

2044 1433 2208 1503 pedes
2259 1449 2365 1487 non
2413 1436 2708 1502 praebente,
2741 1450 2804 1489 ac
2831 1435 3078 1490 diadema
3116 1437 3468 1502 atteruntur;
3511 1452 3604 1492 ca-

2043 1525 2170 1592 pitis
2227 1525 2402 1577 velum
2460 1525 2658 1580 fumosi
2724 1525 2927 1581 coloris
2981 1537 3216 1589 amovet,
3263 1527 3409 1596 quod
3463 1527 3610 1581 Lazo

2042 1624 2204 1671 tenus
2243 1615 2567 1680 quibusdam
2605 1615 2943 1688 temporibus
2991 1619 3246 1687 portabat
3291 1620 3346 1672 in
3396 1619 3613 1688 signum

2041 1721 2231 1762 eorum
2262 1723 2384 1778 qua:
2423 1709 2572 1764 tumo
2611 1709 2890 1765 miscenda
2923 1717 3121 1775 erant;
3159 1725 3397 1780 cumque
3431 1711 3617 1766 omnia

2044 1799 2404 1866 incendisset,
2443 1802 2669 1856 rubrum
2717 1811 2909 1857 contra
2961 1802 3118 1870 jubet
3158 1801 3367 1866 all’erri,
3400 1801 3617 1872 signiti-

2041 1905 2175 1944 cans
2203 1900 2536 1960 quantorum
2570 1894 2808 1960 capitum
2840 1895 3064 1962 sanguis
3085 1893 3428 1948 damnandus
3450 1900 3619 1947 esset.

2046 1979 2182 2034 Dein
2229 1997 2355 2037 cum
2406 1982 2734 2048 imperatore
2789 1984 2987 2038 Alexio
3041 1986 3195 2038 sedet
3238 1997 3302 2038 ac
3334 1983 3607 2053 pratsidet.

2046 2069 2255 2124 Exinde
2278 2070 2420 2126 enim
2444 2085 2607 2141 supra
2629 2072 2781 2126 illum
2818 2071 3064 2137 sedebat,
3084 2081 3137 2125 et
3156 2087 3293 2141 quos
3323 2071 3625 2141 condignol

374 2162 640 2251 κάθηται.
681 2182 1038 2252 ’Υπερὲκειτο
1065 2181 1176 2251 γὰρ
1212 2180 1462 2250 αὐθωρδν
1503 2181 1718 2233 ἐκείνου
1747 2180 1807 2233 τὸ
1837 2181 1945 2234 ἀπὸ

2056 2162 2326 2230 iudicabat
2378 2163 2754 2217 cohonestavi.
2788 2162 3020 2216 Dimittit
3049 2163 3420 2229 magistratus,
3455 2169 3624 2230 atque

366 2279 553 2341 τοῦδε,
584 2277 679 2331 καὶ
734 2277 992 2346 συντιμᾷ,
1033 2273 1126 2336 οὓς
1153 2273 1316 2336 αὐτὸς
1370 2273 1645 2342 ὲπέκρινε·
1685 2274 1780 2326 καὶ⁸
1818 2289 1948 2342 προ-

368 2370 637 2425 emam
678 2369 875 2438 ἀρχὰς,
928 2367 986 2434 ἐξ
1033 2367 1214 2420 αὐτῶν
1268 2365 1534 2436 βαλϐίδων
1569 2365 1627 2418 τὺ
1673 2365 1775 2435 τῆς
1824 2363 1945 2418 κατ’

372 2461 539 2514 αὐτὸν
565 2461 842 2530 βασιλείας
875 2460 1032 2528 ἅρμα
1075 2457 1311 2527 πρόσθεν
1342 2456 1542 2528 βαλών.
1578 2457 1689 2510 Kal
1712 2457 1774 2509 τὸ
1803 2455 1947 2526 μέγα

369 2552 547 2605 κακὸν
574 2547 654 2618 τῷ
686 2547 870 2618 μικρῷ
907 2546 1058 2616 καλῷ
1089 2548 1469 2616 συγκίρναται.

450 2662 561 2732 μβ’.
594 2661 816 2729 Βραχὺς
847 2661 875 2713 6
914 2662 974 2711 ἐν
1018 2657 1169 2727 μέσῳ
1209 2657 1423 2727 χρόνος,
1462 2657 1554 2709 καὶ
1583 2655 1946 2724 περιγίνεταιο

368 2759 468 2812 καὶ
496 2755 570 2819 ὡς
601 2754 672 2807 ἂν
713 2753 790 2821 μὴ
821 2752 1021 2820 θρήνου
1056 2749 1294 2818 μεγάλου
1321 2747 1546 2818 ἔξαρχος
1581 2746 1950 2816 καθισταίμην

371 2851 488 2910 τοῖς
527 2843 862 2914 φιλαλεξίοις
888 2883 903 2908 ,
958 2840 1054 2895 εῐτ’
1093 2839 1186 2893 οὖν
1229 2838 1665 2908 φιλοδασιλεῦσι,
1702 2839 1953 2891 λεπτοτο-

377 2940 497 3008 μῶν
529 2938 770 3006 παχεῖαν
808 2932 1255 3003 σκυθρωπότητα
1296 2933 1360 2984 ὲκ
1411 2932 1588 2984 ποδῶν
1623 2931 1832 2998 ἀπάγει
1860 2931 1951 2984 τὸν

373 3028 741 3100 συμϐασιλέα.
782 3026 892 3079 Kal
920 3025 1015 3078 τοῦ
1047 3021 1216 3091 ζυγοῦ
1243 3023 1332 3076 τὸν
1367 3022 1604 3088 ’Δλὲξιον
1635 3021 1948 3087 ὲκτινάξας,

2047 2269 2074 2306 a
2127 2255 2400 2324 repagulis
2459 2269 2682 2308 currum
2748 2254 3166 2324 imperatorium
3223 2253 3474 2324 projecit.
3530 2251 3626 2307 Sic

2049 2361 2212 2416 parvo
2245 2344 2390 2401 bono
2420 2348 2622 2403 malum
2659 2362 2914 2415 magnum
2947 2347 3233 2402 miscetur.

2118 2658 2328 2715 42.11ἰε
2361 2661 2523 2714 rebus
2559 2660 2721 2713 breve
2761 2659 3026 2728 temporis
3077 2657 3417 2713 intervallum
3459 2656 3630 2711 inter~

2047 2753 2194 2808 cedit
2224 2763 2276 2808 et
2317 2763 2495 2806 tamen
2536 2750 2892 2821 superﬂuum,
2917 2765 2981 2804 ac
3037 2751 3192 2819 quasi
3231 2747 3410 2818 magni
3449 2749 3631 2803 luctus

2049 2849 2378 2903 constitutus
2404 2861 2579 2901 essem
2607 2844 2715 2898 dux
2744 2843 3057 2914 pbilalexiis
3088 2852 3140 2898 et
3170 2843 3629 2912 pbilimperatort-

2051 2938 2176 3003 bus,
2233 2939 2376 2992 idem
2427 2932 2664 3005 tempus,
2718 2935 3007 2988 humorem
3063 2940 3295 2988 densmn
3352 2932 3626 2987 maestitiae

2054 3033 2341 3095 minuens,
2386 3030 2838 3099 coimperatorcm
2904 3028 3092 3098 abigit.
3144 3025 3219 3078 Et
3281 3025 3415 3094 jugo
3485 3033 3631 3092 post-

371 3124 483 3175 είτε
525 3119 752 3188 πνιγμῷ
797 3117 878 3186 τῷ
925 3115 992 3169 δι’
1043 3115 1305 3184 ἀγχόνης,
1336 3115 1412 3177 ὡς
1457 3115 1700 3184 διαρρέει
1736 3114 1892 3182 λόγος
1923 3116 1950 3166 6

2056 3140 2214 3192 quam
2270 3123 2520 3179 Alexium
2565 3124 2962 3192 praecipitasset
3021 3121 3136 3175 sive
3188 3116 3625 3186 strangulatione

371 3213 600 3279 πλείων,
659 3210 769 3262 εἴτε
831 3209 926 3260 καὶ
983 3207 1158 3260 ἄλλως
1185 3243 1200 3267 ,
1239 3205 1315 3269 ὡς
1367 3206 1572 3265 ἐκεῖνος
1611 3202 1720 3257 οἶδε
1759 3205 1852 3258 καὶ
1897 3206 1948 3257 oi

2056 3234 2177 3271 cum
2204 3216 2350 3275 fune.
2375 3225 2433 3269 ut
2465 3213 2632 3270 refert
2665 3214 2803 3268 lanna
2843 3213 3013 3284 magis
3036 3212 3270 3277 credita,
3304 3226 3416 3265 slve
3443 3210 3627 3272 aliter,

373 3301 818 3370 αναγκακοῦργοι,
867 3297 1232 3366 ἀντεμϐάλλει
1263 3296 1354 3348 τὸν
1391 3296 1506 3348 υἱὸν
1550 3295 1827 3364 Ἰωάννην,
1859 3294 1952 3346 τὸν

373 3397 474 3448 τοῦ
522 3391 806 3460 Μανουὴλ,
854 3389 1103 3458 ὕστερον,
1156 3389 1254 3457 οὐχ
1299 3387 1380 3440 ὅτι
1432 3387 1666 3440 καλλίων
1698 3383 1788 3455 ἦν,
1838 3384 1953 3438 ἀλλ’

375 3490 460 3542 ὅτι
500 3488 530 3539 6
570 3485 671 3555 μὲν
715 3481 971 3551 Μανουὴλ
1013 3479 1312 3547 ἀπεστύγει
1356 3479 1424 3532 τὰ
1474 3477 1570 3530 τοῦ
1601 3477 1829 3547 πατρὸς,
1861 3476 1956 3530 καί

375 3589 495 3634 πως
539 3571 773 3624 ἔϐλεπεν
807 3570 886 3631 εἰς
916 3567 978 3620 τὸ
1029 3566 1247 3637 μέλλον,
1275 3566 1368 3618 καὶ¹
1405 3566 1496 3619 τδν
1528 3565 1664 3618 Θεὸν
1700 3565 1956 3634 ἐπίστροο

375 3682 478 3732 φον
535 3659 681 3717 εἶναι
733 3661 845 3715 τῶν
898 3660 1202 3729 γινομένων
1252 3661 1441 3713 κακῶν
1499 3659 1780 3731 ὑπελάλειέ
1821 3661 1848 3711 6
1897 3658 1956 3711 δὲ

387 3755 645 3823 Ἰωάννης
675 3753 923 3824 ἔστεργε,
954 3753 1050 3806 καὶ
1077 3752 1188 3814 τοίς
1224 3751 1740 3823 πλημμελουμένοις
1770 3749 1955 3820 ἔχαιρε

381 3845 895 3916 συνεφαπτόμενος.

457 3967 548 4032 μτθ
617 3963 688 4016 ’Δ
734 3961 794 4013 δὲ
837 3959 899 4013 τὸ
963 3960 1218 4014 ἐντεῦθεν
1257 3961 1286 4012 6
1343 3959 1681 4030 Ἀνδρόνικος
1713 3959 1774 4012 οὐ
1813 3958 1956 4024 λέγω

383 4057 652 4124 ἥμαρτεν,
703 4054 736 4119 ἢ
771 4053 1202 4124 ἐπλημμέλησεν
1239 4051 1436 4113 (ἄλλως
1463 4051 1573 4119 γὰρ
1612 4053 1662 4103 οἱ
1698 4049 1959 4118 θερμότε·

393 4160 475 4210 ροι
521 4142 854 4210 ὀνομάσαιεν
885 4142 994 4207 ἂν),
1025 4139 1278 4209 γλώττης
1321 4141 1493 4193 δεῖται
1525 4140 1784 4208 νεανικῆς
1813 4139 1957 4209 φρά·

385 4234 522 4298 ζειν,
555 4234 652 4286 καὶ
689 4233 796 4302 πρὸ
843 4233 1018 4300 αὐτῆς
1051 4231 1317 4301 λογισμοῦ
1350 4230 1548 4301 βαθέος
1590 4233 1684 4284 καὶ
1713 4231 1831 4284 οἴου
1865 4231 1959 4284 εὖ.

384 4340 549 4393 στοχα
593 4323 812 4393 βάλλειν
835 4363 851 4385 ,
887 4323 1012 4376 καθ’
1043 4316 1120 4376 ὧν
1166 4323 1235 4376 ἂν
1275 4321 1532 4375 ὲπιϐαλεῐ
1555 4335 1568 4350 °
1618 4321 1763 4390 άπερ
1796 4323 1959 4391 ἡμεῖς

386 4414 794 4476 ἀπολωλεκότες
827 4413 905 4481 τῷ
937 4414 1106 4483 γήρα,
1137 4413 1399 4474 τοσοῦτόν
1431 4430 1614 4481 φαμεν
1636 4413 1960 4480 ἐπιτέμνον-

2057 3325 2111 3363 re
2191 3310 2404 3378 cognita
2481 3307 2570 3360 ille
2638 3318 2689 3360 et
2763 3317 3046 3360 consortes
3109 3302 3268 3372 ejus,
3343 3300 3631 3356 substituit

2052 3401 2353 3464 Joannem,
2421 3399 2587 3454 lilium
2645 3400 2914 3454 Manuclis
2969 3399 3261 3460 ultimum,
3309 3411 3419 3449 non
3484 3394 3634 3464 quod

2053 3494 2405 3559 eratmclior,
2443 3492 2534 3548 sed
2565 3493 2708 3565 quod
2756 3493 2968 3546 Mauuel
2994 3499 3201 3562 patrem
3237 3486 3633 3550 detestabatur,

2053 3601 2117 3638 eo
2146 3586 2289 3655 quod
2320 3588 2483 3640 etiam
2530 3585 2771 3640 futurum
2826 3583 3170 3654 providebat,
3217 3581 3495 3650 Deumque
3527 3577 3639 3632 cito

2056 3679 2138 3731 vel
2184 3679 2394 3732 tardius
2435 3678 2704 3732 vindicem
2767 3691 2891 3731 esse
2933 3677 3200 3730 malorum
3245 3686 3474 3741 cperum
3510 3683 3638 3724 sen-

2056 3769 2244 3824 tiebat.
2272 3768 2515 3825 Joannes
2548 3783 2679 3823 vero
2711 3767 3010 3823 dissolutos
3055 3765 3293 3831 amabat,
3335 3774 3639 3830 eorumque

2055 3861 2383 3915 commercio
2414 3859 2806 3915 delectabatur.

2129 3954 2218 4007 45.
2257 3953 2392 4018 Quae
2415 3951 2613 4006 deinde
2641 3949 2989 4005 Andronicus
3055 3963 3163 4003 non
3210 3948 3336 4003 dico
3383 3944 3634 4017 peccavit

2059 4050 2240 4122 (aliter
2271 4049 2418 4104 enim
2468 4047 2782 4104 severiores
2823 4062 2947 4102 eum
2982 4043 3370 4113 recensebant)
3406 4058 3468 4098 ea
3511 4057 3640 4096 nar-

2057 4157 2178 4198 rare
2197 4143 2468 4212 juniorem
2505 4141 2746 4212 linguam
2770 4140 2938 4211 exigit
2959 4147 3013 4194 ct
3035 4155 3157 4210 qua:
3181 4137 3518 4191 examinabit
3548 4151 3636 4188 res

2059 4244 2349 4307 antequam
2383 4251 2476 4291 eas
2519 4236 2574 4290 in
2603 4235 2840 4289 medium
2873 4231 3134 4303 proferet.
3157 4230 3430 4297 Quantum
3460 4228 3640 4296 perdi-
3672 4251 3676 4254 -

2059 4332 2240 4387 dimns
2275 4330 2327 4384 in
2361 4336 2640 4384 senectute
2661 4336 2869 4381 tantum
2891 4323 3460 4396 repetimus,scilicct,
3499 4318 3643 4373 sicut

2063 4422 2232 4478 David
2275 4419 2528 4475 meminit
2563 4419 2632 4474 de
2663 4416 2792 4472 Uria
2825 4423 2877 4472 et
2920 4430 3090 4471 uxore
3127 4429 3410 4484 peccasse,
3461 4411 3640 4466 virum

386 4523 498 4572 τες,
530 4506 637 4567 ὅτι,
689 4504 848 4557 ὀποῖά
895 4523 978 4566 τις
1025 4504 1187 4558 Δαυῒδ
1224 4503 1614 4574 μεμελετηκὼς
1639 4504 1948 4572 άπεκϐἧναι

2061 4516 2473 4584 imperatorem,
2520 4511 2768 4566 Alexiutn
2817 4508 3229 4580 praecipitasse,
3277 4505 3401 4559 vita:
3447 4503 3643 4558 termi-

389 4598 444 4648 ἐν
482 4615 549 4664 γε
592 4597 672 4666 τῷ
722 4597 868 4650 κατὰ
923 4597 1015 4649 τὸν
1049 4598 1254 4667 Οὐρίαν
1297 4596 1392 4649 καὶ
1423 4595 1524 4666 τὴν
1563 4595 1832 4666 γαμετὴν,
1867 4596 1959 4649 τὸν

391 4689 490 4754 μὲν
538 4687 711 4758 ἄνδρα
751 4687 1000 4757 βασιλέα,
1048 4688 1140 4739 τὸν
1180 4687 1440 4751 Ἀλέξων,
1477 4688 1770 4756 προῖάπτει
1807 4687 1960 4740 κάτω

388 4778 763 4848 παραστείλας
795 4778 890 4831 τοῦ
923 4781 1045 4848 ζῇν,
1090 4775 1210 4834 εἶτα
1243 4780 1334 4830 καὶ
1366 4777 1514 4848 βυθῷ
1561 4777 1840 4847 θαλάσσης
1874 4795 1963 4831 πι-

391 4870 642 4934 στεύσας,
679 4869 824 4924 καθά
849 4871 995 4933 τινές
1027 4888 1214 4938 φασιν,
1249 4871 1324 4933 ὡς
1352 4872 1452 4922 οὐκ
1494 4869 1561 4923 ἂν
1593 4869 1706 4936 ἐγὼ
1733 4870 1963 4938 ἀνακρίο

393 4979 570 5032 ναιμι,
625 4963 881 5029 καθάπαξ
923 4965 1334 5032 άπεστυγηκὼς
1384 4965 1484 5032 τὴν
1512 4963 1727 5033 φαύλην
1757 4964 1961 5034 ταύτην

391 5057 736 5125 περίστασιν,
773 5056 885 5109 Kal
913 5057 1122 5117 ἐκεῖνος
1147 5057 1248 5125 μὲν
1277 5055 1420 5108 οὕτω
1461 5056 1554 5106 τὸν
1597 5056 1767 5109 παῖδα
1808 5055 1957 5125 βασι-

389 5143 484 5200 λέα
513 5145 888 5210 συνέστειλεν,
941 5148 990 5200 εί
1024 5149 1119 5202 καὶ
1164 5147 1315 5216 λόγοι
1358 5147 1507 5208 τινὲς
1556 5145 1783 5217 ὕστερον
1816 5145 1962 5215 ζωὴν

389 5236 594 5289 ἐκείνου
637 5237 1068 5306 κατεψεύσαντοο
1116 5240 1198 5298 είς
1245 5237 1272 5290 ὃ
1305 5237 1518 5301 παίζων
1552 5239 1578 5289 6
1621 5237 1962 5308 Ἀνδρόνικος

388 5325 680 5398 ἑξελάλησὲ
712 5345 765 5379 τι
797 5328 985 5397 δριμύο
1019 5329 1077 5392 δς
1113 5329 1353 5388 ἀκούσας
1387 5331 1514 5395 περί
1549 5345 1654 5379 που
1704 5327 1770 5380 τὰ
1811 5329 1958 5380 κατὰ

393 5418 644 5471 Σικελίαν
675 5419 1038 5486 τημελεῖσθαι
1085 5419 1176 5472 τὸν
1220 5419 1458 5482 ’Δλὲξιον
1510 5418 1829 5486 βασιλικῶς,
1863 5419 1959 5487 ἡδὺ

391 5509 642 5573 γελάσας,
672 5503 749 5561 ἾΙ
787 5510 875 5580 δὴ,
933 5511 1036 5580 ἔφη
1062 5551 1076 5572 ,
1113 5510 1335 5582 aptato;
1388 5509 1764 5580 κολυμϐητὴς,
1800 5512 1962 5580 εἴπερ

391 5602 444 5652 ἐν
479 5603 1054 5655 Κωνσταντινουπόλει
1088 5602 1577 5672 κατακυόιστήσας
1613 5604 1694 5664 είς
1737 5603 1962 5671 βαθεῖαν

393 5692 682 5760 θάλασσαν,
718 5697 985 5749 ἀπνευστὶ
1028 5696 1234 5760 διεξέδυ
1271 5695 1399 5765 περὶ
1459 5695 1548 5749 τὸν
1588 5696 1765 5747 ἐκεῖσε
1825 5712 1962 5765 mp-

393 5783 546 5854 θμόν.

2063 4620 2189 4660 num
2225 4605 2478 4675 posuisse
2508 4602 2814 4670 deindeque
2841 4601 3040 4669 abysso
3071 4597 3242 4652 maris
3274 4595 3643 4660 commisisse,

2058 4697 2212 4767 juxta
2265 4698 2530 4770 quosdam
2554 4737 2567 4760 ,
2613 4695 2756 4750 sicut
2792 4708 2890 4746 nos
2935 4706 3040 4745 non
3070 4687 3477 4757 judicabimus,
3500 4687 3646 4741 banc

2063 4792 2310 4847 odiosam
2355 4787 2832 4846 circumstantiam
2870 4785 2924 4842 in
2967 4791 3294 4854 perpetuum
3328 4788 3646 4837 horrentes.

2063 4885 2328 4954 ﬂauoque
2355 4884 2446 4937 ille
2479 4897 2646 4951 puero
2675 4877 2994 4950 imperatori
3021 4879 3362 4948 sepulturam
3395 4874 3647 4936 donavit,

2062 4977 2166 5033 etsi
2201 4987 2382 5047 postea
2418 4973 2568 5028 illum
2599 4973 2782 5028 vivere
2825 4970 2966 5026 falso
3013 4969 3238 5041 quidam
3272 4963 3536 5025 dixerint.
3586 4957 3648 5020 lu

2061 5086 2172 5139 quo
2211 5069 2475 5124 cavillans
2507 5067 2854 5122 Andronicus
2902 5065 3121 5121 crudele
3169 5062 3374 5133 aliquid
3447 5071 3650 5115 temere

2063 5164 2224 5220 dixit.
2273 5163 2406 5216 Cum
2464 5162 2735 5217 audiissct
2791 5162 2844 5215 in
2897 5158 3133 5230 quodam
3187 5157 3307 5212 loco
3352 5157 3407 5210 in
3457 5151 3647 5209 Sicilia

2065 5257 2422 5324 imperatorio
2459 5255 2666 5310 honore
2699 5262 2978 5323 receptum
3011 5251 3182 5305 fuisse
3215 5249 3490 5313 Alexium,
3526 5232 3650 5300 laate

2066 5352 2230 5405 risit:
2285 5347 2579 5417 Equidem,
2630 5348 2734 5410 ait,
2781 5347 3032 5400 urinator
3082 5343 3325 5412 Optimus
3374 5349 3480 5404 est,
3521 5355 3647 5394 cum

2065 5441 2542 5511 Constantinopoli
2596 5442 2650 5494 in
2711 5437 3040 5509 profundum
3095 5450 3246 5491 mare
3296 5448 3538 5499 morsus,
3591 5431 3647 5485 in

2067 5537 2212 5590 hunc
2248 5543 2466 5606 portum
2495 5550 2603 5590 uno
2633 5545 2819 5590 tenore
2853 5531 3178 5603 pcrnatavit.
