3950 6242
344 414 413 504 511.
1017 410 1443 476 EUSTATHII
1480 405 1927 469 THESSALON

2033 409 2242 470 επις
2287 409 2851 471 ΜΕΤΠΟΡΟΠΤίΕ
3521 409 3592 472 52

411 527 501 582 44.
557 523 691 580 Viro
746 525 936 579 Alexio
985 525 1066 578 sic
1107 527 1361 592 expulso,
1409 523 1553 594 apud
1609 537 1668 576 se
1713 518 1918 587 recepit

2096 518 2198 590 μδ’.
2258 521 2579 582 Ἀποικίσας
2639 521 2694 572 δὲ
2756 519 2900 572 οὕτω
2949 518 3040 572 τὸν
3089 519 3260 590 ἄνδρα
3329 519 3591 586 Ἀλέξιον.

340 635 593 684 uxorem,
624 619 761 672 heu!
793 618 954 670 etiam
984 617 1147 685 hujus
1179 616 1303 669 mali
1335 625 1575 670 teneram
1603 615 1790 676 ﬁliam,
1815 613 1920 665 hoc

340 713 747 770 matrimonium
807 711 949 778 regis
996 707 1239 761 Franci-as
1293 708 1708 772 horrentem,ut
1749 704 1921 757 refer—

341 812 449 858 tur.
515 799 633 855 iam
682 799 825 852 enim
890 798 1144 864 superbia
1180 805 1417 860 tumens,
1467 795 1713 860 aliasque
1751 805 1919 858 expe-

341 894 437 948 tita
488 892 555 945 ab
589 889 796 942 amasio
827 887 1065 940 maxime
1108 884 1297 954 polito,
1344 883 1504 936 istius
1548 882 1691 934 feros
1734 893 1919 932 mores

338 982 738 1041 detestabatur.
790 976 1101 1045 Aliquando
1154 976 1208 1028 in
1252 977 1458 1027 somnis
1488 972 1554 1026 de
1579 971 1784 1040 juvene
1831 983 1920 1020 so-

337 1076 579 1130 mniasse
602 1088 718 1124 eam
745 1069 1012 1130 referunt,
1038 1077 1110 1130 et,
1133 1066 1177 1122 0
1205 1065 1382 1130 Alexi,
1413 1066 1769 1126 exclamasse;
1797 1075 1919 1129 qua:

334 1181 499 1237 passa
540 1163 728 1229 fuerit,
765 1164 882 1230 ipsa
916 1162 1090 1214 t10vit.

408 1343 496 1397 45.
553 1343 632 1396 Ad
693 1341 882 1395 vitium
944 1340 1156 1394 modice
1222 1352 1474 1406 pronus,
1539 1335 1914 1403 onerabatur,

337 1434 609 1503 siquidem
669 1448 794 1486 cttm
831 1432 896 1486 ad
948 1433 1118 1487 istum
1159 1427 1390 1500 gradum
1447 1427 1764 1497 iniquitatis
1795 1440 1920 1494 per-

337 1527 597 1592 venisset,
629 1523 934 1578 cessaverit
965 1531 1021 1578 et
1046 1535 1347 1574 conversus
1381 1519 1453 1573 sit
1481 1517 1535 1572 in
1570 1532 1762 1572 verum
1818 1515 1921 1571 lto-

336 1619 576 1680 minem,
623 1625 677 1672 et
726 1630 952 1684 regnum
991 1627 1283 1683 aggressus
1326 1611 1433 1667 sibi
1489 1623 1745 1678 magnam
1795 1621 1921 1660 mo-

338 1708 552 1762 lestiam
602 1705 911 1760 attraxerit.
952 1705 1048 1756 Ille
1094 1714 1272 1757 autem
1307 1703 1359 1755 in
1396 1716 1610 1755 morum
1645 1698 1916 1753 feritatem

339 1803 610 1871 relapsus,
635 1810 901 1854 terrorem
965 1798 1223 1852 omnibus
1270 1796 1582 1848 meditatur.
1612 1792 1772 1846 Pater
1801 1791 1922 1859 ejus

339 1894 432 1964 qui
481 1894 629 1947 mitis
695 1901 833 1958 erat,
862 1892 914 1944 in
962 1891 1202 1944 furorem
1269 1888 1668 1942 intolerabilem
1705 1886 1916 1941 incidit.

342 1984 434 2039 Sic
464 1992 645 2040 autem
695 1999 860 2053 parva
902 1983 1043 2036 mala
1089 1983 1442 2051 operabatur,
1484 1978 1704 2050 quando
1743 1977 1919 2032 Alexii

341 2075 694 2144 imperatoris
729 2074 963 2128 salutem
1015 2073 1372 2142 praetexebat,
1416 2086 1514 2140 pro
1551 2072 1668 2125 suis
1711 2083 1921 2138 proque

339 2180 513 2234 puero
552 2164 760 2218 Joanne
807 2164 1043 2233 satagit;
1100 2173 1260 2232 atque
1312 2164 1366 2216 in
1424 2170 1536 2215 tam
1590 2163 1753 2214 altam
1821 2173 1922 2214 co-

339 2257 586 2311 lumnam
632 2255 807 2309 erexit
857 2255 1132 2318 furorem,
1185 2263 1241 2306 ut
1279 2253 1520 2307 Joannes
1574 2253 1689 2320 ipse
1741 2253 1924 2322 suspi-

340 2347 497 2402 ciens
533 2347 802 2416 vertigine
841 2347 930 2400 die
966 2345 1203 2416 quadam
1258 2343 1423 2398 fuerit
1454 2353 1764 2414 correptus.
1813 2342 1922 2398 Re-

340 2439 546 2495 velavit
594 2455 728 2510 ergo
767 2440 861 2494 ille
906 2441 1025 2507 ipse
1071 2439 1308 2508 quadam
1361 2437 1449 2492 die
1484 2435 1625 2506 patri
1674 2431 1920 2491 dolorem

343 2533 545 2587 mentis
587 2547 738 2594 sua,
788 2530 1198 2598 declaravitque
1231 2545 1291 2584 se
1341 2544 1438 2596 pro
1479 2528 1660 2583 futuro
1706 2530 1922 2592 timere,

341 2625 410 2679 de
432 2625 636 2694 quibus
655 2638 801 2678 nunc
831 2624 885 2678 in
949 2636 1145 2692 magna
1176 2620 1371 2675 ﬁducia
1400 2628 1715 2675 versaretur
1737 2629 1921 2689 pater;

344 2716 603 2783 lugetque
650 2714 910 2778 mollius,
954 2728 1057 2767 nec
1099 2723 1264 2767 vexat
1301 2721 1512 2781 patrem
1567 2720 1624 2763 ut
1670 2711 1723 2763 in
1769 2709 1925 2762 malis

341 2805 577 2858 viriliter
593 2813 716 2874 agat
741 2803 1122 2872 terribiliaque
1144 2801 1374 2856 consilia
1396 2815 1581 2856 secum
1609 2797 1922 2854 meditetur.

343 2896 587 2966 Ideoque
641 2910 774 2949 voce
829 2895 1151 2965 praphetica
1219 2893 1324 2947 hoc
1386 2892 1678 2962 pulchrum
1737 2891 1923 2945 consi-

344 2986 481 3040 lium
533 2987 810 3056 aperiens,
847 2985 1112 3049 mulieres.
1153 2999 1218 3039 ac
1271 2983 1413 3038 ﬁlios
1458 2983 1772 3052 compellat,
1807 2997 1924 3036 am-

343 3079 586 3148 plectens
613 3092 836 3147 quoque
867 3078 1044 3146 ipsum
1077 3076 1414 3140 Manuelcm,
1445 3075 1644 3129 deinde
1676 3090 1798 3130 cum
1827 3076 1926 3127 im-

2022 611 2375 676 είσοικίζεται
2427 611 2526 681 τὴν
2575 611 2722 680 αύτῴ
2771 612 3036 680 μνηστὴν,
3067 611 3112 664 ὣ
3141 614 3233 664 καὶ
3265 612 3476 665 ἐκείνου
3501 630 3595 665 κα-

2021 703 2118 756 κοῦ
2149 705 2367 757 νεάνιδα
2423 704 2724 772 θυγατέρα,
2783 703 2879 754 τοῦ
2933 704 3033 767 τῆς
3071 701 3351 772 Φραγγίεις
3400 703 3592 772 ρηγλς.

2020 795 2287 848 ὀκνοῦσαν
2319 797 2443 864 μὲν,
2486 797 2562 858 ὡς
2621 795 2967 865 περιᾲδεται,
3006 795 3106 864 τὴν
3143 798 3410 864 συναφὴν.
3453 795 3590 861 Ἤδη

2019 887 2130 954 γὰρ
2163 887 2258 938 καὶ
2298 886 2513 955 φρενῶν
2545 886 2961 956 ὑπεπίμπλατοο
2995 887 3093 938 καὶ
3123 885 3506 954 πεπειραμίνη
3536 884 3593 936 δὲ

2021 976 2200 1039 ἄλλως
2249 977 2527 1047 λειότητος
2582 978 2816 1047 ἐραστοῦ
2872 977 2958 1030 τὸν
3012 979 3218 1045 τραχὺν
3264 977 3591 1042 ἀπέστεργε.

2021 1069 2130 1120 Καί
2171 1085 2323 1135 ποτε,
2353 1070 2509 1135 φασὶ,
2542 1070 2665 1124 καθ’
2697 1070 2899 1131 ὕπνους
2930 1069 3316 1136 φαντασαμένη
3355 1068 3447 1119 τδν
3473 1085 3598 1120 νεα-

2020 1157 2162 1221 νίαν,
2195 1159 2314 1223 καὶ,
2344 1154 2415 1211 Ὦ
2461 1159 2696 1224 Ἀλέξιε,
2724 1160 3109 1230 ἀνακράξασα,
3136 1153 3224 1213 οἷα
3255 1156 3480 1222 ἔπαθεν,
3511 1153 3590 1210 οἷ.

2021 1249 2110 1302 δεν
2143 1249 2307 1317 αὐτή.

2096 1349 2202 1412 με’.
2248 1344 2357 1396 Kal
2383 1337 2453 1414 ἦν
2490 1343 2588 1413 μὲν
2620 1344 2753 1406 ἴσως
2796 1344 3016 1414 μέτριος
3053 1343 3152 1414 τὴν
3179 1343 3401 1408 κακίαν,
3436 1343 3594 1411 εἴπερ

2021 1435 2258 1489 ἐνταῦθα
2285 1435 2459 1489 ἐλθὼν
2488 1436 2848 1505 ἀδικήματος,
2877 1436 3036 1505 ἔληξε
3065 1437 3157 1488 καὶ
3181 1436 3424 1507 ἐστράφη
3457 1437 3594 1507 πρὸς

2019 1527 2113 1582 τὸν
2145 1529 2366 1598 ἀληθῶς
2401 1528 2714 1599 ἄνθρωπον,
2750 1529 3022 1598 ἀδικήσας
3053 1531 3136 1591 εἰς
3169 1529 3468 1598 βασιλείαν,
3499 1530 3596 1582 καὶ

2025 1621 2265 1689 μεγάλου
2317 1620 2497 1691 τυχὼν
2531 1621 2878 1691 πράγματος·
2916 1623 2942 1674 6
2970 1622 3016 1674 6’
3065 1622 3205 1676 ἀλλά
3233 1623 3370 1693 προς
3399 1621 3593 1684 δεινὸν,

2027 1713 2170 1783 μέγα
2210 1714 2616 1780 μεταπλασθεδς
2666 1716 2733 1784 τῇ
2780 1714 3068 1785 θηριωδίᾳ,
3098 1714 3158 1766 τὸ
3197 1715 3342 1769 κατά
3376 1716 3596 1768 πάντων

2024 1804 2258 1873 φοϐερδν
2313 1805 2792 1873 πραγματεύεται.
2846 1805 2960 1856 Kal
3015 1805 3211 1875 ἀφίησι
3253 1804 3353 1874 μὲν
3407 1804 3591 1875 πατὴρ

2023 1897 2100 1962 ὣς
2151 1899 2313 1968 ἧπιος
2353 1893 2492 1950 εῖναι
2519 1937 2533 1959 ,
2593 1897 2936 1966 άνθαιρεῖται
2989 1897 3046 1950 δὲ
3088 1896 3374 1967 μαίνεσθαι
3420 1896 3599 1952 ονῖικέτ⁹

2024 1989 2292 2052 ἀνεκτῶς.
2339 1988 2450 2041 Kal
2507 1988 2585 2042 ὡς
2641 1989 2799 2056 εἴπερ
2836 1989 3010 2058 μικρὰ
3072 1989 3248 2042 ἐποίει
3297 1987 3468 2052 κακὰ,
3509 1989 3599 2042 ὅτε

2023 2080 2297 2148 πρδφασιν
2331 2075 2444 2148 εἶχε
2478 2077 2576 2147 τὴν
2602 2078 2696 2132 τοῦ
2731 2079 2998 2148 βασιλέως
3040 2077 3276 2132 Ἀλεξίου
3309 2080 3602 2150 περιποίη-

2029 2188 2137 2237 σιν,
2176 2169 2645 2234 πολλαπλασιάζει
2683 2170 2751 2222 τὰ
2785 2171 2924 2240 ὑπὲρ
2960 2171 3154 2225 ἑαυτοῦ
3193 2173 3289 2224 καὶ
3335 2171 3432 2224 τοῦ
3471 2189 3602 2226 παι-

2023 2262 2110 2325 ab;
2152 2263 2424 2342 Ἰωάννου·
2455 2264 2552 2318 καὶ
2586 2264 2665 2324 είς
2698 2261 2871 2325 οὕτως
2898 2263 3147 2317 ἄποπτον
3171 2266 3476 2334 ὲκκορυφοῖ
3506 2264 3600 2318 τδν

2023 2359 2123 2427 τῆς
2171 2359 2369 2428 μανίας
2399 2358 2657 2423 κολωνὶν,
2702 2359 2779 2424 ὡς
2821 2361 2916 2413 καὶ
2956 2360 3049 2413 τὸν
3086 2361 3340 2430 Ἰωάννην
3370 2360 3605 2416 ἀναϐλέ-

2023 2448 2205 2518 ψαντά
2239 2466 2371 2502 ποτε
2410 2451 2604 2502 παθεῖν
2634 2449 2865 2518 ἴλιγγον.
2906 2451 3013 2503 Kal
3046 2449 3226 2503 τοίνυν
3257 2449 3351 2503 καὶ
3401 2449 3604 2504 ἀνεκά-

2024 2541 2160 2610 λυψέ
2192 2559 2321 2594 ποτε
2363 2541 2440 2610 τῷ
2495 2543 2664 2612 πατρὶ
2725 2543 2822 2596 καὶ
2877 2544 3086 2604 ἐκεῖνος
3135 2541 3196 2594 τὸ
3245 2543 3387 2596 κατὰ
3415 2543 3599 2612 ψυχὴν

2027 2633 2224 2694 πάθος,
2269 2633 2366 2686 καὶ
2389 2632 2561 2698 ἔδειξε
2591 2633 2755 2698 φόϐον
2780 2635 2926 2703 ἔχειν
2955 2636 3034 2698 είς
3065 2634 3126 2687 τὸ
3161 2635 3377 2706 μέλλον,
3403 2635 3490 2704 ἐφ’
3519 2631 3604 2694 οἷς

2035 2727 2061 2778 6
2095 2727 2279 2796 πατὴρ
2314 2725 2442 2796 ἄρτι
2480 2725 2832 2791 θρασύνεται.
2873 2726 2983 2779 Kal
3011 2725 3301 2779 ὕποκλαίει
3335 2727 3434 2795 μὲν
3464 2725 3604 2796 ’μαλ-

2027 2816 2341 2885 θακώτερον
2369 2857 2384 2879 ,
2431 2818 2531 2870 οὐκ
2583 2818 2874 2871 ἀποκναίει
2914 2817 2970 2871 δὲ
3017 2818 3108 2870 τὸν
3149 2818 3362 2890 πατέρα
3397 2817 3492 2872 τοῦ
3542 2820 3602 2872 ἐν

2025 2911 2220 2972 κακοῖς
2270 2909 2620 2979 ἀνδρίζεσθαι
2667 2911 2760 2962 καὶ
2797 2909 2945 2962 δεινά
2991 2909 3302 2980 βούλεσθαι.
3363 2910 3454 2963 Διὸ
3509 2910 3602 2964 καὶ

2031 3003 2439 3070 προαναφωνῶν
2469 3004 2528 3054 τὸ
2560 3002 2726 3054 καλὸν
2754 3005 2965 3066 ἐκεῖνος
3002 3002 3298 3071 βούλευμα,
3332 3003 3599 3070 γυναῖκάς

2026 3109 2083 3145 τε
2115 3095 2242 3154 τοὺς
2277 3096 2428 3158 υἶοὺς
2469 3095 2744 3165 προσέφη,
2777 3094 3080 3160 ὲπιπλέξας
3121 3093 3359 3147 ἐνταῦθα
3387 3093 3483 3148 καὶ
3511 3095 3602 3145 τὴν

343 3172 659 3241 precatione
702 3170 990 3238 promittit,
1026 3183 1095 3222 ne
1137 3177 1328 3238 postea
1368 3168 1521 3223 locus
1561 3169 1722 3222 detur
1753 3166 1924 3220 ambi-

2033 3183 2309 3254 Μανουήλ’
2349 3187 2442 3238 καὶ
2494 3189 2770 3255 ἐπαρᾶται
2807 3187 2881 3257 μὴ
2906 3185 2971 3239 ἃν
3006 3187 3087 3250 είς
3124 3187 3274 3252 ἀξιον
3302 3185 3478 3239 ἐλθεῖν
3507 3185 3600 3237 τοῦ

347 3263 478 3318 tioni
511 3279 526 3327 ;
561 3262 685 3316 illos
731 3262 879 3316 solos
953 3261 1167 3316 futuros
1229 3272 1352 3316 esse
1405 3275 1656 3329 magnos,
1709 3269 1926 3313 mortuo

350 3366 544 3419 patre;
609 3353 1094 3422 pastinatoresque
1145 3353 1251 3424 (ut
1312 3352 1453 3408 sicut
1480 3354 1596 3422 ipse
1661 3349 1920 3423 loquar),

346 3448 626 3514 pistores,
694 3445 1088 3516 unguentarios
1164 3455 1328 3515 atque
1391 3444 1704 3515 bnjusmodi
1761 3459 1929 3511 geneo

347 3541 423 3594 ris
446 3540 802 3594 dimissurum
836 3553 895 3594 se
924 3552 1046 3593 esse
1087 3538 1412 3606 jactitahat,
1441 3552 1580 3606 quos
1623 3537 1728 3606 ipsi
1775 3537 1930 3591 dein-

347 3652 478 3705 ceps
515 3635 858 3706 imperaturi,
893 3649 1042 3689 nunc
1077 3634 1215 3688 forte
1253 3635 1478 3700 timent;
1514 3634 1669 3688 valde
1699 3633 1928 3687 extolle-

347 3730 439 3782 bat
469 3726 596 3781 ftliis
638 3724 958 3795 dignitatem
995 3725 1365 3796 imperatoris,
1394 3736 1449 3777 ut
1485 3724 1744 3778 libentius
1777 3722 1927 3792 parvi

348 3822 706 3889 imperatores
726 3818 938 3882 ﬁerent,
969 3818 1125 3888 quasi
1159 3818 1436 3887 gigantum
1464 3832 1630 3887 regno
1657 3817 1925 3883 spolians,

347 3913 622 3968 consolari
689 3912 975 3978 voluisset,
1038 3911 1332 3982 imperium
1392 3911 1768 3981 Pygmteorum
1814 3908 1925 3962 illis

350 4008 699 4076 promittens.

417 4192 507 4248 46.
533 4191 620 4246 Fit
650 4204 782 4262 ergo
812 4189 981 4243 homo
1000 4187 1120 4258 plus
1154 4202 1318 4256 quam
1344 4185 1702 4248 inhumanus,
1726 4197 1792 4237 ex
1819 4196 1929 4250 quo

352 4286 524 4342 feram
589 4283 786 4338 induit.
857 4281 1170 4337 Couventus
1219 4279 1310 4348 qui
1368 4277 1522 4331 illum
1589 4291 1695 4331 non
1765 4274 1928 4342 juva-

353 4381 482 4433 bant
543 4376 607 4430 ad
659 4373 986 4429 firmandum
1035 4373 1353 4442 imperium,
1395 4369 1484 4422 ubi
1532 4377 1612 4422 tot
1685 4376 1740 4422 et
1791 4368 1927 4422 tales

350 4471 572 4541 quidem
627 4467 936 4522 adducebat
973 4481 1176 4535 eosque
1211 4464 1507 4536 plurimos,
1536 4464 1678 4518 alios
1718 4477 1848 4518 vero
1897 4477 1928 4517 e

354 4563 532 4618 medio
571 4561 680 4616 alio
731 4559 1138 4623 transferebat,
1188 4560 1626 4626 innumerosque
1661 4557 1802 4611 alios
1847 4555 1928 4611 sic

355 4653 702 4722 proﬁciebat,
735 4650 1035 4706 ordinatim
1095 4647 1643 4720 comprehendendo,
1705 4663 1815 4701 non
1863 4646 1932 4700 ob

327 4751 517 4814 talem
561 4761 814 4808 causam,
849 4744 942 4799 sed
1025 4753 1312 4814 propterea
1346 4743 1490 4812 quod
1526 4742 1600 4795 illi
1638 4742 1935 4812 placuisset

354 4840 504 4907 ipsos
564 4839 771 4902 vivere,
816 4839 934 4906 ipse
975 4838 1130 4893 solus
1183 4838 1349 4891 homo
1401 4837 1675 4892 exsistere
1721 4839 1937 4894 deside-

355 4947 504 4994 rans,
525 4939 748 5002 pmpter
769 4930 1110 4999 suspiciones
1143 4931 1313 4985 malas
1353 4941 1562 4986 natura:
1590 4931 1695 4986 alte
1719 4931 1934 4997 insitas,

354 5023 554 5090 quibus
591 5021 813 5076 dolosus
849 5037 1061 5090 semper
1116 5021 1294 5077 fuerat
1354 5023 1408 5077 in
1462 5025 1583 5081 illos
1642 5025 1734 5094 qui
1772 5040 1937 5094 supra

355 5129 416 5167 se
449 5123 644 5179 erant;
693 5113 835 5168 unde
865 5129 1056 5168 omnes
1094 5115 1456 5184 imperatores
1490 5132 1676 5172 secum
1711 5132 1937 5187 compa-

359 5203 531 5259 rando
553 5203 858 5271 judiCabat.
892 5202 1000 5258 Nec
1023 5203 1148 5258 dico
1179 5205 1584 5261 multitudinem
1615 5222 1806 5262 eorum
1843 5205 1938 5274 qui

361 5295 509 5366 passi
541 5304 690 5360 sunt;
726 5311 833 5349 non
870 5295 935 5350 de
962 5296 1189 5366 singulis
1210 5297 1404 5363 refero;
1431 5315 1537 5354 non
1570 5314 1783 5368 expono
1803 5313 1941 5368 quas

362 5392 550 5438 contra
583 5385 707 5438 illos
722 5386 1176 5443 machinationes
1200 5398 1566 5459 conceperat;
1617 5405 1717 5445 nec
1751 5389 1942 5443 modos

363 5490 465 5530 nec
498 5476 613 5530 loca
661 5476 843 5531 refero
887 5477 1044 5546 juxta
1089 5496 1208 5550 qua:
1259 5497 1321 5536 ac
1355 5482 1630 5549 quomodo
1669 5489 1937 5537 tentatum

371 5569 530 5622 fuerit
582 5572 810 5632 malum,
856 5571 991 5625 nihil
1040 5573 1353 5642 liujusmodi
1389 5577 1648 5645 amplius,
1685 5591 1753 5630 ne
1782 5574 1944 5629 ta-dio

370 5660 820 5717 fastidiam.lllud
879 5680 1047 5717 unum
1092 5666 1237 5727 dico,
1275 5682 1399 5719 eum
1460 5667 1788 5722 execlluisse
1850 5682 1941 5720 vc-

375 5767 493 5806 rum
547 5752 778 5806 dicendo
833 5754 901 5808 de
942 5757 1404 5824 promissionibus
1456 5757 1582 5810 ﬁliis
1609 5757 1775 5811 datis.
1825 5755 1943 5811 Non

377 5845 520 5901 enim
555 5846 724 5901 multo
751 5857 872 5916 post
915 5863 1105 5917 parum
1138 5847 1313 5900 abfuit
1358 5848 1489 5916 quin
1531 5848 1809 5916 praeclaris
1843 5849 1944 5902 lio-

2029 3277 2203 3344 ἡσυχῆ
2239 3277 2451 3346 ζήσειν,
2506 3280 2832 3348 μεγαλείους
2889 3280 3086 3349 μόνους
3131 3279 3372 3341 ἐκείνους
3415 3279 3603 3346 ἐσομὲ·

2029 3387 2176 3432 νους,
2217 3371 2354 3423 ἐπὰν
2393 3374 2419 3424 6
2454 3373 2637 3442 πατὴρ
2677 3372 2850 3427 θάνοι.
2892 3373 3002 3425 Kal
3045 3371 3348 3440 κομπάζει,
3392 3371 3602 3440 μακελ-

2029 3460 2252 3528 λαρίους
2297 3464 2494 3526 (sin:st
2555 3463 2678 3516 κατ’
2732 3464 2962 3532 ἐκεῖνον)
3014 3465 3111 3517 καὶ
3170 3463 3452 3533 μάγγιπας
3507 3464 3602 3516 καὶ

2034 3559 2222 3626 μύρων
2283 3557 2490 3626 ἑψητάς
2553 3558 2773 3624 μέλλειν
2833 3558 3066 3626 ἀφήσειν
3134 3561 3444 3626 περιεῖναι,
3506 3558 3602 3611 καὶ

2029 3650 2271 3702 τοιούσδε
2305 3651 2493 3713 τινάς,
2531 3645 2606 3704 ὧν
2661 3651 2817 3704 αὐτοὶ
2883 3649 3146 3720 ἄρξοντες
3199 3649 3445 3717 ὕστερον,
3481 3649 3601 3718 εἰκῆ

2030 3741 2155 3811 ἀρτι
2190 3739 2542 3794 δειλαίνονται
2572 3754 2585 3769 ’
2645 3741 2856 3809 μεγάλα
2917 3739 3196 3809 σεμνύνων
3237 3742 3445 3802 ἐκεῖνος
3496 3740 3597 3807 τὴν

2032 3831 2310 3901 βασιλείαν
2343 3835 2458 3895 τοῖς
2493 3834 2710 3899 παισὶν,
2742 3835 2790 3886 εί
2836 3833 2980 3885 οὕτω
3011 3831 3426 3902 μικροϐασιλεϊς
3467 3831 3604 3884 ἀπο-

2032 3925 2316 3993 ϐήσονται,
2363 3927 2553 3995 ὅμοιον
2605 3925 2678 3989 ὡς
2724 3927 2771 3978 εί
2823 3926 2918 3979 καὶ
2952 3924 3228 3993 γιγάντων
3280 3923 3604 3992 ἀποστερῶν

2031 4016 2205 4070 ἀθέλοι
2241 4016 2714 4088 παραμυθεῖσθαι,
2749 4011 2830 4082 οἷς
2866 4018 3167 4088 Πυγμαίων
3194 4016 3385 4087 ἄρξειν
3407 4015 3608 4079 αὐτοὺς

2031 4107 2339 4178 ὑπόσχοιτο.

2107 4199 2226 4269 μς’.
2266 4201 2480 4254 Γίνεται
2505 4200 2599 4254 οὖν
2632 4201 2660 4254 6
2689 4199 2979 4271 ἄνθρωπος
3004 4201 3097 4254 ἐπὶ
3127 4201 3289 4255 πλέον
3313 4201 3607 4271 ἀπάνθρω-

2036 4309 2157 4355 πος,
2183 4291 2275 4345 τὸν
2301 4291 2447 4361 θῆρα
2485 4292 2974 4362 μετενδυσάμενος.
3017 4295 3126 4348 Καὶ
3165 4287 3254 4346 οἶα
3296 4292 3371 4363 μὴ
3403 4291 3608 4362 ἀρκοῦν

2033 4384 2183 4454 αὐτῷ
2220 4384 2526 4452 στερεῶσαι
2569 4382 2872 4452 βασιλείαν,
2902 4386 2951 4438 si
2983 4384 3277 4448 τοσούτους
3301 4385 3395 4438 καὶ
3432 4385 3608 4436 τοιοῦ-

1961 4508 2006 4564 D
2033 4491 2159 4537 τους
2196 4474 2454 4542 λογάδας,
2486 4475 2615 4539 τοὺς
2651 4475 2748 4544 μὲν
2771 4475 3060 4545 ἀπήγαγεν
3087 4479 3165 4539 είς
3185 4477 3311 4538 τοὺς
3335 4474 3608 4538 πλείονας,

2037 4569 2163 4631 τοὺς
2199 4568 2243 4620 δ’
2272 4567 2448 4631 άλλως
2479 4569 2546 4621 ἐκ
2577 4567 2746 4637 μέσου
2777 4567 2996 4639 ἔστησε,
3030 4566 3612 4637 προσεπικατασάλλει

2037 4660 2130 4713 καὶ
2157 4659 2352 4721 ἄλλους
2383 4657 2610 4729 μυρίους
2639 4658 2819 4720 ὅσους,
2857 4657 3124 4726 μάρπτων
3154 4653 3356 4724 ἑξείης,
3387 4655 3448 4707 οὗ
3471 4654 3615 4707 κατὰ

2038 4751 2220 4805 αἰτίαν
2254 4750 2444 4817 οὖσαν,
2499 4749 2617 4803 ἀλλ’
2653 4750 2844 4810 ὁποίας
2905 4748 3163 4802 πλάσαιτ’
3205 4749 3273 4802 ἂν
3307 4749 3448 4801 κατὰ
3479 4747 3616 4810 ζών-

2037 4859 2168 4905 των,
2219 4840 2507 4908 ἄνθρωπος
2537 4839 2698 4901 αὐτὸς
2757 4839 2916 4909 μόνος
2973 4839 3260 4909 ἐφιέμενος
3295 4837 3396 4908 ζῇν
3441 4839 3530 4892 διὰ
3556 4837 3616 4890 τί)

2042 4933 2202 5003 φύσει
2233 4930 2610 5000 καχύποπτον,
2643 4930 2671 4983 ὂ
2712 4931 2927 4998 παγίως
2961 4930 3110 4999 αὐτῷ
3155 4929 3500 5000 ὲνερῤίζωτο,
3535 4924 3617 4992 οἷς

2041 5024 2180 5092 αὑτὴ
2236 5023 2322 5077 ἀεὶ
2356 5021 2561 5075 ὲδολίου
2611 5021 2750 5075 κατὰ
2803 5021 2910 5076 τῶν
2950 5021 3057 5092 πρὸ
3091 5021 3285 5074 αὐτοῦ’
3328 5022 3452 5074 ὅθεν
3482 5020 3620 5092 ῷετο

2044 5117 2253 5178 πάντας
2284 5114 2526 5184 βασιλεῖς
2562 5114 2686 5165 κατ’
2719 5112 2906 5169 αὐτόν.
2941 5113 3052 5167 Kal
3099 5114 3160 5166 οὐ
3196 5113 3344 5182 λέγω
3392 5112 3454 5165 τδ
3482 5112 3622 5183 πλῆ-

2044 5207 2133 5270 θος
2165 5206 2272 5258 τῶν
2323 5205 2698 5258 πεπονθότων·
2739 5205 2802 5258 οὐ
2837 5207 3230 5278 προσάπτομαι
3279 5208 3378 5274 τῆς
3407 5206 3623 5275 ποιότη-

2043 5314 2156 5361 τος·
2178 5297 2299 5350 ιοὺκ
2341 5296 2632 5366 ἑκτίθεμαι
2667 5295 2735 5349 τά
2765 5297 2887 5349 κατ’
2927 5295 3154 5350 ἐκείνων
3181 5296 3620 5366 συμιιτλόισματα⁹

2043 5392 2107 5443 οὗ
2153 5391 2528 5461 περιηγοῦμαι
2583 5391 2824 5461 τρόπους
2861 5392 2893 5461 ἧ
2927 5392 3149 5456 τόπους,
3208 5391 3332 5446 καθ’
3378 5390 3472 5453 οὓς
3529 5392 3626 5444 καὶ

2047 5481 2196 5542 ὅπως
2233 5497 2298 5532 πε
2309 5481 2535 5551 ρανθείη
2563 5480 2624 5532 τὸ
2661 5481 2852 5538 κακόν·
2880 5480 2980 5533 οὐκ
3007 5480 3136 5534 ἄλλο
3163 5479 3406 5533 τοιοῦτον
3439 5479 3618 5534 οὐδέν·

2051 5571 2125 5641 μὴ
2161 5572 2256 5625 καὶ
2300 5571 2494 5641 ἀηδίας
2533 5572 2858 5641 ἀναταράξω
2891 5572 3176 5642 βῦρεορον.
3222 5572 3431 5624 Ἐκεῖνο
3459 5572 3624 5640 μόνον

2047 5662 2212 5730 λέγω,
2261 5661 2336 5725 ὡς
2382 5661 2674 5730 ήρίστευεν
2735 5662 3019 5732 ἀληθεύων
3063 5665 3157 5716 ἐπὶ
3208 5666 3273 5734 τῇ
3306 5664 3444 5733 πρὸς
3495 5667 3624 5724 τοὺς

2049 5757 2198 5818 υἱοὺς
2239 5755 2550 5823 ὑποσχέσει.
2585 5754 2659 5806 Οὐ
2720 5753 2918 5807 πολλοῦ
2951 5756 3060 5824 γὰρ
3109 5755 3327 5807 ἐνέλιπε
3382 5752 3616 5822 ψιλῶσαν

2053 5847 2358 5918 ἀνθρώπων
2393 5845 2658 5923 ἐπιδόξων
2712 5846 2811 5918 τὴν
2864 5847 3265 5914 Μεγαλόπολιν.
3325 5847 3437 5901 Kal
3478 5845 3622 5901 οὕτω
