3930 6232
288 392 359 456 δθ
1100 395 1198 457 DE
1229 388 1804 456 THESSALONICA
1844 381 2052 449 URBE
2090 379 2137 439 A
2168 377 2476 440 LATINIS
2530 354 2825 440 CAPTA:
3502 374 3576 437 ξι

298 511 395 579 μὲν
430 512 589 563 κατὰ
659 512 885 564 πάντων
939 510 1102 572 αὐτός
1125 527 1138 540 ⁸
1171 506 1313 582 ἦσαν
1368 509 1426 562 δὲ
1475 508 1584 562 οὐδ’
1615 507 1666 561 oi
1697 504 1900 566 πάντες

2006 494 2244 550 minibus
2294 492 2828 564 Constantinopolim
2879 490 3190 547 denudarit.
3242 488 3387 545 Salis
3441 505 3575 558 ergo

304 600 646 661 ἁπεοικότες
684 600 906 654 ἐκείνου
955 601 1091 671 πρός
1137 617 1202 668 γε
1249 600 1308 652 τὸ
1350 603 1527 670 μῖσος.
1557 594 1895 664 Μισούμενοι

248 690 261 718 ‘
315 694 420 763 γὰρ
440 694 886 764 ἐφιλοτιμοῦντο
902 695 1343 764 ἀπιμισιίν,ὀύκ
1370 690 1745 761 εὖαγγελικῶς
1775 689 1893 760 μὲν,

316 787 453 841 κατᾶ
495 786 785 854 βασιλικὸν
826 787 884 841 δὲ
916 788 1094 840 ἑκείνο
1132 787 1505 858 παράδειγμα.
1556 786 1666 838 Καὶ
1698 783 1892 837 συλλε-

321 876 500 944 γὲντες
532 880 603 947 τῇ
636 877 829 948 ἀμύνῃ
863 877 998 943 πρός
1026 895 1081 930 τι
1112 876 1192 942 ἓν,
1235 876 1371 948 δρᾷν
1394 875 1590 948 ἤθελον
1620 875 1718 928 καὶ
1744 875 1895 928 ἀντι·

321 971 507 1023 λυπεῖν
544 970 644 1023 τὸν
697 970 1070 1041 κατάρξαντα.
1122 966 1306 1023 Ἷισαν
1345 969 1402 1023 δὲ
1460 970 1518 1021 ἑν
1563 970 1675 1031 τοῖς
1729 967 1896 1037 δρῶσι

322 1060 459 1129 πρὶς
507 1058 757 1128 ἄμυναν,
804 1061 888 1115 ὅτι
934 1062 1025 1114 καὶ
1056 1063 1115 1114 ἑν
1147 1063 1260 1124 τοῖς
1291 1058 1550 1124 παθοῦσι,
1578 1062 1674 1114 xal
1719 1059 1770 1112 οί
1799 1061 1898 1129 τῆς

326 1150 529 1218 Ἅγαρ.
579 1148 663 1203 Τὰ
692 1149 810 1220 γὰρ
851 1151 993 1205 κατὰ
1043 1150 1300 1206 Νικαέων
1347 1149 1518 1220 πάθη,
1562 1149 1657 1204 καὶ
1700 1150 1800 1204 ὅσα
1849 1150 1899 1203 οί

324 1243 633 1311 Προυσαεῖς
675 1243 949 1311 ἔτλησαν,
993 1243 1205 1313 ἥψαντο
1260 1243 1355 1298 καὶ
1380 1244 1620 1311 ἐκείνης,
1668 1243 1763 1297 καὶ
1819 1244 1900 1307 είς

322 1333 457 1386 πολὺ
516 1334 778 1405 ἑχθίστην
833 1336 966 1405 ἡμῖν
1015 1334 1342 1406 ἐνέγραψαν.
1401 1334 1638 1399 Πολλοὺς
1665 1335 1773 1405 γὰρ
1805 1335 1901 1388 καὶ

320 1421 431 1475 τῶν
466 1423 642 1495 αὐτῇς
675 1424 970 1495 ἑπιλὲγδην
1007 1424 1293 1496 ήΝίκαια,
1318 1425 1408 1479 ναὶ
1447 1425 1509 1478 δὲ
1540 1424 1638 1480 καὶ
1669 1426 1702 1496 ἠ
1729 1423 1904 1494 Προῦ-

323 1530 390 1566 σα
451 1517 596 1585 μετὰ
626 1516 937 1571 πολύπονον
981 1517 1185 1572 ἅλωσιν
1226 1516 1690 1589 μετεωρισθέντας
1737 1513 1898 1583 εἶδον,

320 1605 443 1660 ὅθεν
469 1606 589 1661 ἑστι
615 1607 926 1677 καταϐῆναι
956 1609 1037 1672 εις
1057 1607 1192 1681 ᾅδην
1212 1611 1307 1665 καὶ
1334 1608 1468 1679 ταχὺ
1504 1609 1596 1663 καὶ
1626 1607 1900 1663 οίκτιστα.

1999 585 2089 639 ille
2129 600 2257 654 erga
2308 596 2500 640 omnes
2553 595 3001 650 erat;nonrero
3050 595 3243 635 omnes
3294 590 3451 634 erant
3498 578 3573 633 illi

1996 674 2299 731 dissimiles
2332 675 2483 729 odio.
2525 672 2723 730 Odium
2768 673 2914 729 enim
2950 671 3078 726 odio
3126 671 3420 725 reddentes
3460 670 3577 741 glo-

1960 779 1966 783 '
2001 767 2311 831 riabantur,
2342 782 2449 821 non
2502 768 2724 837 quidem
2779 767 2933 834 juxta
2970 764 3322 834 Evangelium
3355 764 3457 817 hoc
3489 760 3573 815 fa-

1996 869 2237 934 cientes,
2256 868 2352 923 sed
2390 866 2543 936 jt‘lxta
2567 864 2980 935 imperatorium
3005 863 3335 932 exemplum.
3353 860 3574 916 Ceadu-

1998 965 2197 1013 nantes
2227 972 2288 1013 se
2327 957 2398 1011 ad
2435 955 2736 1010 vindictam
2787 962 2981 1009 contra
3012 968 3180 1007 unum
3216 966 3383 1020 agere
3428 951 3575 1006 vole.

1998 1050 2153 1116 bant,
2172 1048 2526 1118 vicissimque
2547 1046 2837 1102 molestare
2861 1060 2984 1101 eum
3012 1045 3104 1115 qui
3125 1045 3380 1114 imperat.
3404 1044 3578 1100 Eran‘.

2006 1159 2143 1198 vero
2172 1141 2271 1211 qui
2313 1141 2617 1196 vindictam
2665 1139 3074 1203 desiderabant,
3102 1137 3232 1207 quia
3269 1148 3432 1192 erant
3476 1137 3574 1207 qui

2000 1234 2219 1292 fuerant
2250 1233 2420 1305 passi,
2463 1240 2519 1287 et
2553 1232 2699 1302 Agar
2745 1229 2864 1284 ﬁlii.
2907 1227 3040 1295 Quae
3085 1230 3231 1283 enim
3269 1228 3578 1284 Nicaeenses

2000 1332 2164 1395 atque
2208 1324 2512 1379 Prusenses
2569 1321 2988 1386 sustinuerunt,
3038 1319 3406 1374 accenderunt
3451 1334 3571 1374 eam

2001 1416 2550 1484 funestissimamque
2582 1413 2743 1468 nobis
2770 1411 3147 1467 reddiderunt.
3193 1413 3372 1466 Nicma
3423 1412 3570 1466 enim

2001 1506 2246 1577 itemque
2306 1505 2483 1561 Prusa
2531 1512 2657 1575 post
2702 1504 3057 1559 durissimam
3109 1503 3573 1573 expugnationem

2004 1598 2210 1653 multos
2243 1596 2450 1652 electos
2486 1595 2801 1666 hujusmodi
2840 1594 3092 1651 homines
3121 1594 3178 1649 in
3213 1609 3342 1649 aere
3389 1596 3577 1649 suhla-

2004 1700 2092 1749 tos
2126 1690 2402 1754 viderunt,
2433 1687 2580 1743 unde
2629 1688 2686 1742 in
2734 1687 3010 1753 infernum
3074 1687 3297 1759 rapidus
3322 1695 3380 1744 et
3414 1687 3580 1742 misc—

2004 1783 2209 1840 randus
2233 1791 2326 1837 est
2359 1783 2684 1838 descensus.

392 1877 502 1948 μζ.
538 1879 655 1934 Καὶ
676 1873 770 1933 οἷα
806 1878 905 1949 μὲν
938 1878 1188 1937 ἐντεῦθεν
1212 1879 1263 1933 οί
1286 1879 1626 1935 Ἀνατολικοὶ
1672 1879 1897 1947 ἔπαθον,

2074 1877 2163 1932 47.
2221 1875 2417 1942 Qualia
2471 1875 2671 1931 deinde
2715 1873 3024 1931 Orientales
3077 1873 3285 1930 fuerint
3318 1875 3489 1946 passi,
3526 1874 3581 1930 in

320 1975 400 2036 εἰς
425 1975 673 2043 μνήμην,
704 1974 755 2025 εί
782 1974 880 2027 καὶ
910 1973 987 2042 μὴ
1016 1972 1134 2043 μετ’
1164 1973 1459 2042 ἑγκωμίων
1495 1971 1587 2026 τοῦ
1627 1971 1900 2043 Ἀνδρονί-

319 2078 440 2127 κου,
474 2061 890 2134 συγγραφέσθω
918 2064 1130 2133 ἕτερος,
1160 2061 1471 2133 ἐκεχειρίαν
1514 2081 1574 2115 τε
1600 2063 1750 2132 ἄγων
1784 2064 1901 2115 lxa-

318 2154 441 2223 νὴν,
472 2154 613 2207 ἀλλὰ
644 2154 741 2208 καὶ
769 2154 1031 2224 δακρύοις
1065 2155 1318 2208 πλουτῶν
1340 2172 1354 2187 ·
1393 2157 1539 2227 ἡμᾶς
1581 2156 1690 2225 γὰρ
1715 2154 1901 2209 ἑπέλι-

319 2262 420 2297 πον
443 2245 542 2298 καὶ
573 2247 740 2300 αὑτά.
790 2247 955 2317 Ἡμῖν
993 2248 1050 2301 δὲ
1077 2242 1166 2301 οἷα
1196 2248 1409 2302 ἐκεῖθεν
1448 2249 1769 2314 συνέπεσον,
1808 2245 1902 2301 καὶ

316 2334 390 2398 ὡς
423 2338 460 2407 ἡ
490 2338 589 2390 τοῦ
627 2339 1002 2408 ’Δνδρονίκου,
1038 2339 1260 2410 ὁμαλῶς
1296 2340 1469 2407 λέξαι,
1494 2340 1556 2392 οὐ
1603 2340 1903 2409 προσήνεια

317 2429 586 2483 καθίκετο
638 2431 736 2486 καὶ
770 2430 930 2501 ἡμῶν
978 2431 1219 2503 ὀλεθρία,
1260 2432 1485 2502 φράσων
1532 2431 1792 2503 ἔρχομαι,
1839 2430 1900 2484 οὐ

318 2523 459 2590 πρὸς
492 2521 828 2592 εὐρυλογίαν
858 2523 969 2576 οὐδ’
998 2523 1161 2589 αὐτὰ,
1197 2524 1272 2595 μὴ
1299 2525 1392 2577 καὶ
1423 2522 1598 2577 πλατὺ
1635 2522 1782 2592 μάλα
1824 2522 1905 2592 βι-

319 2611 755 2680 ϐλιογραφήσειν
783 2612 1033 2682 ἀνάγκην
1052 2609 1295 2683 εὑρήσω,
1316 2612 1433 2666 ἀλλ’
1457 2612 1533 2674 ὡς
1558 2613 1695 2682 πρὸς
1717 2613 1903 2665 ἑσκια·

318 2700 693 2769 γραφημένην
722 2700 837 2754 τῶν
869 2702 1278 2773 πεπραγμένων
1313 2701 1608 2771 ὐπόδειξιν.

393 2875 518 2947 μη’.
541 2879 607 2931 Οί
635 2877 928 2949 βλαϐέντες
957 2880 1177 2948 ἑκείνοι,
1213 2882 1260 2935 οί
1314 2882 1520 2949 πολλοὶ,
1552 2884 1600 2935 οἱ
1645 2884 1900 2953 ποικίλοι,

321 2971 374 3024 οἱ
413 2970 821 3038 πολύγλωσσοι,
854 2972 1247 3044 διασπαρέντες
1280 2973 1431 3028 ἄλλοι
1460 2974 1705 3042 ἄλλοθεν,
1738 2975 1902 3040 εἴτις

322 3063 545 3131 φρήτρη
601 3063 665 3114 ἑκ
713 3062 910 3132 Πίσης,
964 3063 1018 3118 εἴ
1079 3079 1166 3126 τις
1215 3064 1324 3117 ἀπὸ
1386 3065 1656 3135 Γενούης·
1695 3066 1756 3120 τὸ
1795 3067 1902 3120 τῶν

324 3149 590 3206 Τούσκων
625 3151 816 3221 φῦλον,
870 3154 964 3206 καί
1009 3172 1062 3208 τι
1103 3155 1531 3226 Λαμπαρδικόν·
1562 3157 1663 3211 οὐκ
1717 3157 1905 3211 ἀπελί-

326 3260 462 3295 πετο
491 3242 549 3296 δὲ
595 3244 722 3297 οὐδὲ
748 3246 812 3297 τὸ
860 3246 926 3297 ἑκ
955 3246 1345 3317 Λογγιϐἀρδων
1396 3247 1615 3317 βλαϐὲν,
1664 3248 1771 3302 οὐδ’
1800 3252 1903 3304 ὅσα

326 3335 464 3390 ἄλλα
484 3352 500 3367 -
534 3336 598 3389 οὐ
638 3337 746 3407 μὴν
772 3336 830 3390 δὲ
854 3338 991 3392 ἀλλὰ
1025 3341 1121 3394 καὶ
1149 3340 1259 3394 τῶν
1294 3339 1587 3410 Εὐγενείας
1621 3342 1906 3411 ἑπιτεταγ-

330 3428 532 3496 μένων.
574 3429 846 3495 Μαὶεῖνος
890 3429 948 3483 δέ
981 3448 1087 3497 τις,
1127 3431 1223 3485 καὶ
1260 3416 1592 3504 Δαλασηνδς,
1625 3434 1721 3490 καὶ
1755 3434 1902 3490 Κλά-

323 3518 454 3585 δων,
487 3522 585 3574 καί
632 3538 779 3584 τινες
829 3524 1063 3576 τοιοῦτοι
1098 3523 1211 3578 τῶν
1237 3524 1338 3594 τῆς
1387 3525 1711 3597 ὑφειμένης,
1766 3526 1905 3595 πρὸς

324 3608 383 3661 δὲ
439 3610 538 3663 καὶ
597 3612 937 3683 θεραπευταὶ
987 3614 1284 3685 ἀρχόντων,
1339 3616 1434 3680 οὓς
1482 3619 1510 3670 ὁ
1568 3617 1904 3689 Ἀνδρόνικος

327 3700 551 3768 φαύλως
573 3701 783 3757 δέθετο
800 3721 816 3734 '
841 3698 989 3757 οὗτοι
1012 3704 1097 3776 δὴ,
1123 3706 1216 3759 καὶ
1238 3708 1351 3759 ὅσοι
1370 3707 1427 3760 δὲ.
1450 3705 1599 3761 ἄλλοι
1620 3708 1678 3759 ἑν
1702 3709 1906 3779 ὁμοίοις

329 3794 519 3855 κακοῖς
567 3789 730 3863 ἦσαν,
768 3794 1149 3865 ἐπρέσϐευσαν
1202 3797 1354 3866 παρὰ
1382 3797 1608 3861 πολλοὺς
1647 3800 1755 3853 τῶν
1805 3801 1904 3873 μὲ-

328 3898 492 3948 γιστα
522 3882 866 3953 δυναμένων,
907 3886 1035 3956 περί
1062 3903 1118 3939 τε
1151 3888 1218 3941 τὰ
1249 3889 1346 3957 τῆς
1378 3888 1517 3960 ἑῴας
1548 3889 1773 3961 λήξεως,
1813 3893 1906 3947 καὶ

326 3972 397 4025 τὰ
439 3975 697 4043 ἑσπέρια.
731 3975 845 4028 Καὶ
871 3977 922 4028 oi
957 3976 1055 4047 μὲν
1099 3978 1190 4032 τὸν
1239 3979 1468 4033 σουλτὰν
1518 3980 1803 4049 ἠρέθισαν,
1839 3987 1907 4036 τὰ

330 4062 504 4117 πλείω
532 4082 611 4135 πρ
640 4067 922 4136 ἲσχόμενοι
952 4071 1033 4129 είς
1064 4069 1342 4125 δυσωπίαν
1370 4071 1462 4126 τὸν
1489 4072 1582 4125 τοῦ
1609 4073 1905 4143 βραχυΰίυυ

332 4154 602 4223 βασιλέως
643 4158 890 4225 ’Δλεξίου
924 4159 1175 4227 θάνατον,
1214 4155 1365 4233 ᾧπερ
1401 4162 1599 4233 ὤφειλε
1628 4166 1795 4220 πιστὰ
1819 4168 1906 4222 διὰ

328 4248 421 4300 τὸν
470 4250 689 4320 πατέρα
732 4252 996 4323 Μανουὴλ
1027 4253 1055 4303 ό
1091 4253 1199 4307 τῶν
1238 4258 1553 4327 Ἀγαρῃνῶν
1604 4257 1900 4331 ἕθναρχος·

328 4336 510 4410 ἓτεροι
541 4339 599 4392 δὲ
631 4339 725 4393 τὸν
782 4341 842 4394 ἑν
889 4342 1190 4415 ’Δντιοχείᾳ
1232 4343 1673 4416 προκαθήμενον,
1715 4352 1807 4403 τόν
1845 4367 1905 4403 τε

332 4433 476 4484 κατὰ
506 4435 734 4501 κόσμον,
767 4432 862 4485 καὶ
904 4434 996 4486 τὸν
1020 4436 1485 4506 ἑκκλησιαστικῶς
1510 4455 1522 4470 ·
1557 4441 1706 4497 ἄλλοι
1735 4443 1789 4495 δὲ
1814 4444 1907 4496 τὸν

2002 1970 2352 2031 memoriam,
2398 1967 2502 2023 etsi
2541 1983 2652 2022 non
2689 1968 2743 2021 in
2796 1967 3013 2022 laudem
3067 1968 3392 2034 Andronici,
3439 1968 3582 2021 alter

2002 2061 2351 2126 conscribat,
2402 2060 2656 2113 inducias
2695 2059 2877 2129 justas
2916 2058 3263 2129 agensysed
3314 2061 3462 2114 rivos
3504 2059 3579 2112 la-

2007 2164 2323 2221 crymarum
2388 2164 2654 2215 movens;
2712 2149 2794 2204 lia:
2854 2150 3065 2205 scilicet
3115 2151 3345 2206 deerant
3399 2151 3578 2205 nobis.

2001 2241 2200 2307 Qualia
2226 2255 2355 2295 vero
2374 2240 2504 2295 inde
2527 2240 2690 2297 nobis
2728 2242 3037 2309 evenerint,
3081 2249 3136 2297 et
3167 2241 3442 2310 quomodo
3469 2241 3582 2296 An-

2002 2333 2239 2400 dronici,
2294 2341 2355 2388 ut
2415 2331 2609 2388 eadem
2670 2332 2978 2389 intentione
3027 2332 3148 2389 soni
3208 2333 3422 2397 dicam,
3467 2346 3580 2388 non

2001 2425 2314 2494 benignitas
2363 2424 2608 2494 tetigerit
2642 2439 2863 2495 quoque
2916 2438 3018 2480 nos
3072 2424 3407 2490 mortaliter,
3448 2439 3581 2478 nar-

2003 2515 2179 2571 raturi
2212 2515 2326 2586 jam
2357 2530 2571 2579 sumus,
2607 2531 2674 2570 ne
2696 2517 2784 2571 hic
2815 2516 3033 2586 longius
3068 2531 3233 2587 quam
3277 2516 3405 2570 alibi
3459 2529 3582 2571 ser-

2002 2618 2221 2658 monem
2269 2604 2697 2673 protrahamus;
2729 2620 2835 2659 non
2870 2604 3018 2658 enim
3072 2620 3359 2676 magnum-
3386 2604 3581 2660 librum

2001 2697 2281 2754 scribendi
2326 2699 2629 2753 necessitas
2691 2697 2964 2753 incumbit
3000 2698 3183 2762 nobis,
3238 2699 3332 2752 sed
3388 2697 3586 2752 adum-

1988 2789 2204 2845 bratim
2233 2787 2376 2842 facta
2417 2787 2862 2844 demonstrandi.

2072 2878 2164 2933 48.
2221 2876 2328 2944 Qui
2384 2877 2498 2933 laesi
2546 2877 2775 2934 fuerunt
2829 2877 3010 2941 multi,
3061 2878 3221 2944 varii,
3268 2878 3581 2949 linguarum

2005 2971 2349 3027 diversarum
2382 2971 2567 3040 periti,
2595 2970 2691 3024 alii
2741 2970 2850 3024 alio
2888 2971 3157 3040 dispersi,
3189 2970 3234 3025 si
3266 2985 3375 3040 qua
3408 2971 3586 3025 tribus

2004 3078 2072 3121 ex
2099 3064 2248 3129 Pisa,
2275 3062 2323 3119 si
2359 3077 2466 3134 qua
2514 3060 2856 3127 Genuensis;
2883 3062 3065 3118 tribus
3092 3061 3395 3119 Tuscorum
3421 3073 3585 3131 atque

2006 3154 2472 3219 Lombardorum;
2498 3168 2605 3209 non
2636 3156 2783 3209 enim
2807 3153 2961 3209 obliti
3003 3169 3200 3210 sumus
3242 3154 3388 3224 quod
3439 3155 3589 3223 passi

2008 3262 2201 3304 sumus
2253 3263 2320 3302 ex
2361 3246 2757 3317 Longibardis,
2784 3261 2883 3301 nec
2917 3248 3025 3303 alia
3059 3248 3259 3302 sitnilia
3287 3265 3301 3313 ;
3333 3262 3438 3303 nec
3459 3261 3581 3303 vere

2006 3341 2146 3396 alias
2172 3339 2555 3410 deputatorum
2590 3339 2877 3394 nobilium.
2904 3340 3137 3404 Quidam
3165 3353 3295 3393 vero
3328 3337 3587 3402 Malinus,

2006 3439 2063 3487 et
2097 3430 2400 3487 Dalasenus
2449 3439 2505 3486 et
2534 3431 2726 3498 Clade,
2775 3446 2840 3486 ac
2876 3431 3100 3502 quidam
3134 3429 3450 3500 hujusmodi
3501 3447 3590 3486 se-

2005 3523 2176 3579 cundi
2206 3523 2439 3588 ordinis,
2474 3530 2738 3594 praeterea
2766 3523 3005 3579 ministri
3044 3538 3267 3593 quoque
3298 3522 3588 3594 magistra-

2009 3623 2186 3682 tuum,
2219 3630 2360 3686 quos
2403 3614 2752 3670 Andronicus
2803 3614 2946 3669 male
3004 3615 3299 3681 tractavit;
3358 3615 3411 3667 hi
3461 3615 3591 3684 qui—

2005 3708 2127 3765 dem
2147 3718 2200 3762 et
2220 3708 2533 3778 quicunque
2561 3706 2654 3762 alii
2685 3706 2741 3761 in
2778 3706 2936 3760 malis
2966 3706 3192 3777 paribus
3220 3716 3400 3768 erant,
3423 3706 3588 3776 legati

2011 3800 2230 3855 iverunt
2263 3800 2329 3854 ad
2366 3799 2570 3854 nmltos
2614 3798 3124 3869 potentissimorum
3148 3839 3164 3863 ,
3224 3798 3308 3853 ad
3342 3797 3584 3854 Orientis

2007 3899 2064 3945 et
2107 3893 2174 3946 ad
2210 3889 2524 3946 Occidentis
2554 3890 2744 3944 finium
2792 3891 3060 3960 regiones.
3105 3888 3354 3958 Plerique
3399 3889 3585 3943 irrita-

2005 3991 2203 4038 verant
2254 3983 2520 4040 sultanem
2592 3980 2892 4037 referentes
2936 3980 3155 4050 juvenis
3213 3980 3387 4036 ΔιοιΞί
3440 3996 3588 4036 mor-

2011 4084 2118 4129 tem
2172 4082 2556 4143 praematuram
2604 4071 2974 4141 imperatoris,
3004 4070 3093 4125 cui
3146 4072 3304 4125 lidem
3355 4070 3589 4126 debebat

2008 4171 2234 4235 prepter
2269 4163 2566 4219 Manuelem
2623 4171 2835 4233 patrem
2891 4164 3270 4231 Agarenorum
3318 4177 3444 4227 rex;
3492 4163 3586 4216 alii

2009 4273 2137 4313 vero
2161 4273 2287 4313 eum
2309 4257 2402 4327 qui
2454 4258 2717 4327 regnabat
2763 4256 3071 4312 Antiochia;
3114 4264 3170 4310 et
3224 4271 3318 4325 per
3373 4258 3584 4317 orbein,

2008 4351 2274 4419 illumque
2333 4350 2426 4418 qui
2485 4357 2716 4418 praeerat
2764 4349 3060 4414 Ecclesiae;
3093 4347 3187 4407 alii
3243 4348 3407 4401 etiam
3462 4361 3587 4400 eunt

2008 4443 2102 4513 qui
2134 4440 2528 4513 Hierosolymis
2579 4441 2723 4509 regis
2789 4439 2955 4495 titulo
2995 4440 3262 4494 militabat
3291 4452 3390 4507 pro
3419 4438 3584 4491 bono.

333 4521 395 4571 ἑν
433 4521 838 4594 Ἱεροσολύμοις
885 4524 1151 4596 ζηλοῦντα
1186 4528 1483 4596 βασιλικῶς
1520 4531 1660 4604 ὑπὲρ
1689 4533 1784 4588 τοῦ
1812 4552 1903 4589 κα·

2017 4533 2086 4588 lli
2134 4549 2294 4604 reges
2342 4532 2512 4602 igitur
2546 4540 2668 4602 post
2714 4530 3018 4586 Manuelem
3070 4529 3185 4585 filio
3228 4529 3352 4598 ejus
3394 4528 3589 4581 Alexio

329 4609 449 4666 λοῦ.
487 4614 808 4687 Ὠφειλὲτην
836 4615 892 4669 δὲ
925 4617 1034 4687 ἄρα
1060 4620 1152 4673 καὶ
1182 4620 1357 4674 τούτω
1384 4621 1461 4674 τὼ
1489 4623 1715 4694 ἄρχοντε
1738 4626 1908 4699 ὀρθὴν

333 4703 558 4773 ἀγάπην
593 4706 687 4759 καὶ
730 4708 1059 4779 ἐπικουρίαν
1094 4711 1234 4779 μετὰ
1263 4711 1355 4764 τὸν
1392 4713 1649 4785 Μανουὴλ
1697 4717 1912 4771 ἀδικου-

335 4794 482 4865 μένῳ
535 4796 617 4866 τῷ
668 4796 773 4867 υἱῷ
824 4796 1067 4867 insit-qi.
1120 4801 1188 4853 Αί
1235 4801 1292 4854 δὲ
1344 4804 1758 4877 ἑντρεχέστεραι
1802 4809 1910 4861 τῶν

338 4886 653 4955 πρεσϐειῶν
683 4889 816 4960 περί⁵
864 4890 934 4942 τὰ
975 4890 1093 4944 καθ’
1127 4893 1368 4963 ἑσπέραν
1408 4894 1770 4960 ἑξετελοῦντο.
1805 4899 1913 4951 Καὶ

335 4977 612 5045 ἱλιτὰζετο
662 4983 803 5051 πρὸς
837 4982 938 5052 μὲν
988 4981 1094 5037 τῶν
1139 4984 1167 5036 ὁ
1213 4986 1321 5038 τῶν
1356 4987 1413 5038 ἑν
1463 4988 1676 5061 μεγάλῃ
1720 4989 1909 5062 Ῥώμῃ

337 5071 732 5143 ἀρχιερατικῶς
758 5074 1097 5145 ὑπερεστὼς,
1127 5077 1218 5128 καὶ
1245 5075 1401 5140 εἴτις
1424 5077 1581 5141 ἄλλος
1606 5076 1738 5150 παρ’
1764 5082 1911 5153 αὐτῷ

341 5165 433 5214 καὶ
477 5163 601 5218 κατ’
630 5165 800 5219 αὐτὸν
831 5162 1035 5234 ἰσχύων
1057 5182 1070 5196 ·
1106 5167 1240 5236 πρὸς
1269 5167 1326 5220 δὲ
1372 5168 1480 5220 τῶν
1510 5172 1537 5223 ὁ
1570 5170 1910 5242 Γερμανικὸς

342 5255 629 5329 φῦλαρχος.
694 5258 941 5329 Ὦχλείτο
994 5256 1050 5309 δὲ
1082 5260 1495 5329 πρεσὸευτικῶς
1538 5264 1633 5315 καὶ
1685 5264 1714 5315 ὁ
1744 5266 1911 5328 πολὺς

340 5346 433 5417 τὴν
482 5351 738 5414 ἐξουσίαν
786 5349 1116 5418 Ἀλαμανός.
1172 5351 1280 5403 Καὶ
1339 5352 1459 5405 οὐδὲ
1517 5353 1546 5406 ὁ
1601 5355 1913 5426 Μαρκέσιος

341 5442 503 5515 ἡσυχῆ
534 5445 731 5515 μένειν
763 5442 994 5513 ἀφίετο,
1026 5441 1276 5513 καθάπερ
1307 5444 1428 5497 οὐδὲ
1453 5447 1482 5498 ὁ
1508 5445 1605 5514 τῆς
1639 5446 1916 5516 Οὐγγρίας

2016 4625 2218 4697 injuste
2251 4624 2441 4678 habito
2465 4637 2702 4678 amorem
2742 4631 2798 4677 et
2840 4636 3030 4678 curam
3067 4620 3264 4675 merito
3293 4618 3587 4675 debebant.

2015 4714 2314 4770 Celeriores
2335 4727 2463 4768 vero
2481 4700 2772 4782 legationes
2796 4709 3106 4781 Occidentis
3124 4718 3306 4777 partes
3323 4708 3605 4766 viserunt.

2015 4805 2263 4875 Rogabat
2288 4820 2506 4872 quoque
2529 4818 2628 4873 pro
2649 4801 2969 4872 hujusmodi
2997 4802 3092 4870 qui
3137 4798 3326 4855 Romae
3377 4812 3593 4870 magna

2017 4897 2515 4969 arehipreshyterio
2543 4905 2761 4966 praeest,
2792 4909 2857 4950 ac
2890 4895 2934 4948 si
2964 4893 3089 4963 quis
3123 4901 3210 4949 est
3237 4907 3408 4964 prope
3436 4892 3590 4948 illum

2016 5003 2241 5061 potens;
2321 5006 2418 5059 pro
2470 4989 2594 5043 aliis
2669 4987 2777 5043 dux
2846 4986 3269 5042 Germanorum.
3336 4983 3594 5039 Mereba-

2021 5092 2113 5137 tur
2162 5098 2293 5137 vero
2354 5082 2626 5152 legatione
2679 5081 2886 5136 multus
2948 5086 3221 5151 potestate
3271 5077 3593 5133 Alemanus.

2008 5171 2126 5228 Nec
2176 5172 2477 5229 Marcesius
2528 5172 2859 5241 tranquillus
2911 5180 3126 5242 poterat
3179 5183 3437 5232 manere,
3488 5182 3594 5223 ne:

2017 5266 2308 5333 Hungaria:
2330 5264 2463 5331 dux,
2486 5280 2587 5320 nec
2615 5265 2947 5335 quicumque
2974 5263 3188 5317 viciniae
3212 5261 3485 5331 princeps.
3513 5258 3595 5313 Ac

2016 5357 2239 5426 ubique,
2272 5355 2361 5411 hic
2405 5356 2711 5426 descriptio
2755 5356 3065 5426 principum
3102 5355 3405 5416 nominum,
3436 5348 3510 5403 ibi
3543 5348 3595 5402 si

2020 5449 2131 5503 vita
2162 5449 2351 5503 deerat
2375 5449 2772 5520 t'espiciebatur
2800 5448 2867 5502 ad
2907 5446 3054 5509 illos,
3081 5446 3356 5513 pedesque
3404 5436 3592 5490 statim

341 5535 565 5608 κράλης·
618 5539 718 5592 καὶ
768 5535 833 5599 ὃς
882 5531 945 5584 δὲ
996 5532 1152 5596 ἄλλος
1209 5534 1429 5604 ἰσχυρὸς
1474 5535 1773 5606 περίοικος.
1812 5537 1903 5589 Kai

2021 5540 2335 5607 currebant,
2355 5557 2418 5596 ac
2460 5541 2640 5611 lingua
2668 5539 2993 5610 loquebatur
3023 5537 3211 5600 simul,
3235 5547 3300 5587 ac
3329 5544 3429 5600 pro
3458 5540 3588 5595 per-

331 5626 478 5694 ὃλως,
524 5630 657 5686 ἔνθα
718 5628 1075 5698 περιήγησις
1118 5626 1361 5697 ἀρχικῶν
1424 5628 1746 5697 ὀνομάτων,
1807 5627 1903 5680 ἑκε

2024 5633 2276 5687 suasione
2321 5634 2675 5703 operabatur.

324 5723 631 5778 ἁπέωεπεν
668 5719 881 5780 αὐτοῖς
942 5714 1008 5767 τὸ
1050 5714 1301 5811 δεόμενον
1351 5719 1449 5789 τῆς
1477 5718 1692 5790 ψυχῆςο
1741 5720 1837 5773 καὶ
1866 5719 1914 5772 oi
1955 5721 2116 5785 πόδες
2165 5702 2371 5779 αὐτίκα
2405 5724 2649 5796 ἔτρεχον,
2699 5723 2794 5779 καὶ
2865 5722 2900 5792 ή
2949 5719 3169 5788 γλῶσσα
3235 5711 3434 5772 ἐλάλει,
3489 5702 3586 5761 καὶ

315 5817 529 5894 ἐνήργει
563 5819 707 5895 πρὸς
753 5807 980 5869 πειθώ.
1072 5855 1082 5866 .
