3930 6232
441 397 514 458 63

448 508 575 559 dum
614 498 740 563 sibi,
766 506 1155 565 cavet-uritque.
1200 497 1329 550 Erat
1357 505 1540 549 autem
1577 497 1733 548 nobis
1775 510 1859 548 res
1891 494 2026 558 alia,
2063 505 2098 557 Α

443 611 539 649 cor
592 594 848 643 mtiututu
907 600 1184 656 Spectatus.
1231 585 1452 641 Duobus
1509 585 1913 644 detinebantur.
1966 592 2023 636 ut

445 689 678 738 videtur.
705 681 813 736 Nec
842 681 985 735 enim
1009 681 1115 733 dux
1144 694 1365 748 operam
1393 677 1539 730 dedit
1563 684 1624 729 ut
1656 676 1888 730 sal-varet
1923 691 2022 730 nos

442 779 514 830 ob
558 791 782 829 causam
840 786 1000 841 quam
1045 770 1196 824 solus
1231 767 1448 836 sapiens
1490 767 1795 836 intelligere
1828 767 2028 834 poterit

444 871 532 921 cui
599 872 784 921 datum
836 873 940 918 est.
1001 861 1238 930 Populus
1305 873 1430 912 vero
1495 858 1586 911 Dei
1639 867 1773 912 tunc
1821 873 1880 912 se
1923 856 2022 910 de-

445 961 695 1013 ret-ictum
751 956 919 1010 [uisse
948 954 1157 1013 dicens,
1177 951 1222 1005 si
1273 965 1374 1005 nos
1424 964 1640 1018 quoque
1688 947 2020 1016 fuget-eunte,

449 1053 610 1106 nobis
657 1052 749 1117 qui
787 1047 1019 1102 salutem
1050 1044 1325 1112 propriam
1371 1043 1767 1110 quaesieramus
1808 1039 2028 1096 claude-

441 1153 528 1197 tat
599 1147 817 1210 jauuas.
871 1137 993 1190 llaec
1060 1135 1319 1192 oumibus
1385 1132 1617 1188 visibilia
1670 1141 1848 1186 erant.
1895 1130 2026 1196 Quae

448 1249 578 1289 vero
615 1243 747 1286 tunc
779 1230 989 1285 volebat
1029 1227 1191 1289 Deus,
1218 1226 1320 1280 alia
1350 1233 1540 1290 erant;
1571 1239 1742 1278 unum
1776 1223 2022 1293 qmdem,

446 1343 545 1380 nos
571 1325 857 1392 castigare,
887 1337 983 1390 pro
1005 1320 1113 1374 illis
1139 1319 1341 1386 quibus
1371 1331 1468 1372 nos
1523 1330 1647 1369 eoin
1671 1315 2026 1378 laeseramus;

441 1418 742 1475 secundum
788 1431 937 1478 vero,
975 1429 1078 1485 pro
1115 1426 1301 1465 amore
1330 1424 1430 1463 suo
1480 1409 1532 1461 in
1575 1406 1872 1461 Andronici
1906 1421 2025 1462 ma-

444 1527 550 1565 nus
598 1510 833 1564 tradere.
875 1507 1106 1562 Evideus
1153 1503 1296 1557 enim
1357 1501 1484 1565 fuit,
1524 1500 1569 1556 si
1619 1499 2022 1567 aliquantisper

441 1600 586 1651 ult-ra
620 1596 805 1654 urbem
840 1594 1319 1662 processissctnus,
1349 1590 1727 1658 periissemus,
1768 1588 1862 1642 sed
1911 1587 2013 1641 faex

441 1689 536 1742 ira;
587 1687 706 1754 ejus
754 1686 806 1740 in
854 1698 960 1736 nos
1005 1683 1177 1760 ellusa
1233 1680 1449 1736 fuisset.
1507 1677 1565 1732 Si
1618 1693 1744 1736 vero
1796 1678 2016 1732 tertium

439 1777 730 1832 consilium
766 1785 913 1830 esset
949 1775 1064 1837 Dei,
1096 1783 1151 1825 ut
1180 1787 1280 1826 nos
1319 1777 1660 1824 remanentes
1703 1769 2026 1823 adessemus

441 1870 648 1926 auxilio
687 1868 950 1921 fratribus
984 1865 1192 1921 nostris
1221 1863 1314 1934 qui
1345 1861 1537 1920 salvati
1594 1859 1795 1924 forent,
1832 1867 1890 1913 ut
1927 1859 2024 1926 qui
2061 1842 2097 1892 Β

440 1976 469 2014 a
509 1961 617 2014 Deo
652 1965 781 2012 sunt
833 1957 1067 2027 probati,
1103 1954 1434 2008 didicerunt.
1467 1955 1536 2005 At
1582 1967 1691 2006 non
1747 1951 1884 2005 idem
1922 1949 2023 2004 fuit

440 2054 505 2106 de
552 2051 707 2108 nobis
761 2064 885 2102 cum
937 2060 1341 2101 remaneremus
1392 2045 1517 2098 dum
1563 2043 1807 2114 quaedam
1849 2055 2019 2095 naves

443 2143 670 2196 hostiles
734 2140 940 2193 Latina:
1005 2139 1280 2192 hostiliter
1347 2137 1411 2188 ad
1472 2151 1571 2190 nos
1632 2149 1697 2187 ex
1756 2132 2022 2203 Byzantio

440 2233 761 2288 accederent
787 2231 1052 2285 adversus
1079 2227 1447 2282 Andronicum
1481 2225 1897 2294 conspirantes;
1923 2239 2020 2278 nos

441 2335 621 2378 autem
674 2321 1050 2376 manebamus.
1093 2320 1196 2374 Sed
1245 2318 1360 2372 haec
1409 2318 1684 2388 aggressio
1725 2318 2015 2385 augurium

441 2414 714 2484 quoddam
770 2413 872 2466 fuit
933 2427 1122 2467 eorum
1175 2425 1296 2477 qua:
1361 2407 1538 2462 Latini
1589 2405 1922 2462 incursando
1959 2410 2012 2459 in

443 2522 542 2561 nos
577 2520 700 2561 cum
739 2520 840 2559 suo
873 2505 1116 2574 equitatu
1155 2501 1345 2556 facturi
1369 2507 1581 2564 essent;
1631 2513 1735 2551 non
1789 2498 2014 2550 multum

442 2609 624 2654 autem
651 2599 898 2652 timorem
939 2595 1244 2663 injiciebat;
1283 2608 1402 2662 qua:
1436 2602 1637 2652 autem,
1662 2590 1795 2658 proh
1829 2588 2012 2643 dolori

444 2708 592 2746 nunc
635 2691 792 2746 nubis
838 2690 1156 2744 acciderunt
1211 2685 1513 2741 miserrima
1555 2691 1702 2737 sunt.

1135 385 1550 447 EUSTATHH
1597 381 2352 443 Tl-IESSAL‘ONICENSIS
2392 385 2948 447 METROPOLITJE

2134 493 2364 563 ἐπῆλθε·
2395 495 2488 549 καὶ
2515 500 2970 568 παρωρμήσαμεν
3015 497 3374 566 φυλάξασθαι,
3427 502 3521 554 καὶ
3573 503 3707 571 ἐφυ-

2134 587 2434 656 λάχθησαν.
2471 591 2577 642 Kal
2601 586 2669 658 ἦν
2706 593 2803 659 μὲν
2833 591 2896 643 τδ
2924 593 3157 662 πρᾶγμα
3185 592 3278 644 καὶ
3323 593 3454 661 ἡμῖν
3482 595 3702 661 ἐφετὸν,

2131 676 2218 732 οἷα
2244 680 2698 749 ἐθελοψυχοῦσιν·
2735 683 3109 752 ὲπεσχέθημεν
3169 683 3230 736 δὲ
3283 684 3428 737 δυοῖν
3487 685 3699 748 ἕνεκεν,

2132 771 2206 834 ὡς
2236 772 2433 826 δοκεῖν.
2475 772 2611 825 Οὔτε
2631 775 2738 842 γὰρ
2769 776 2795 826 ὁ
2821 775 3125 845 στρατηγὸς
3155 775 3520 846 προεθυμήθη
3589 795 3698 830 σω-

2134 861 2293 930 θῆναι
2317 865 2462 932 ἡμᾶς
2485 863 2553 916 δι’
2585 866 2787 929 αἰτίαν,
2815 865 2881 934 ἢν
2909 866 2982 927 ὡς
3043 867 3338 935 θυμοσόφῳ
3389 868 3584 937 ἐκείνῳ
3631 872 3705 922 εί·-

2131 953 2281 1005 δέναι
2313 955 2463 1024 μόνῳ
2495 955 2818 1025 κεχάρισται
2851 971 2866 987 ο
2898 956 2925 1007 ὁ
2976 955 3102 1018 λαὸς
3132 955 3189 1008 δὲ
3217 957 3310 1008 τοῦ
3339 957 3475 1010 Θεοῦ
3522 961 3551 1012 ὁ
3611 961 3703 1012 ὲνο
3775 995 3778 998 η

2130 1045 2309 1099 ταῦθα
2347 1047 2421 1116 μὴ
2459 1047 2524 1100 ἂν
2556 1047 2915 1100 ὑπολιπέσθαι
2939 1047 3132 1114 εἰπὼν,
3164 1050 3212 1101 εί
3240 1049 3339 1102 καὶ
3395 1052 3556 1120 ἡμεῖς
3605 1054 3707 1105 ὲκ-

2132 1136 2433 1206 δράγμωμεν
2471 1138 2753 1206 φυγαδίαι,
2787 1138 3030 1191 ικλεισεν
3065 1140 3198 1207 ἡμῖν
3229 1139 3373 1193 οὕτω
3405 1141 3502 1204 τὰς
3527 1143 3704 1205 πύλας

2135 1228 2228 1284 τοῦ
2261 1229 2501 1297 σωθῆναι
2545 1229 2851 1299 βούλεσθαι.
2880 1231 2993 1284 Καὶ
3046 1233 3207 1284 τοῦτο
3266 1231 3366 1301 μὲν
3401 1233 3464 1285 τὺ
3519 1238 3709 1302 φαινό-

2133 1336 2314 1390 μενον.
2361 1321 2426 1374 Ἀ
2459 1320 2512 1374 δὲ
2541 1323 2568 1374 ὁ
2597 1321 2729 1384 Θεὸς
2751 1323 2985 1375 ἐνταῦθα
3037 1322 3248 1392 ἢθελεν,
3287 1324 3454 1395 ἔτερα
3497 1323 3566 1394 ἦν
3587 1341 3600 1355 ο
3647 1325 3708 1378 ἓν

2131 1411 2191 1464 τὸ
2223 1411 2537 1464 παιδεύσειν
2568 1414 2733 1481 ἡμᾶς,
2762 1413 2877 1466 ἀνθ’
2909 1409 2985 1468 ὧν
3016 1414 3166 1482 αὐτῷ
3210 1415 3660 1487 προσεκρούομεν
3689 1433 3705 1448 ·

2131 1505 2386 1569 δεύτερον
2429 1503 2487 1558 δὲ
2537 1505 2597 1556 τὸ
2665 1505 3274 1575 φιλανθρωπεύσασθαι,
3333 1509 3412 1569 είς
3456 1508 3554 1570 τὰς
3604 1507 3705 1560 τοῦ

2143 1594 2482 1664 Ἀνδρονίκου
2514 1597 2698 1666 χεῖρας
2724 1594 2908 1664 βαλεῖν
2938 1596 3107 1665 ἡμᾶς.
3160 1596 3365 1669 Ἐφάνη
3420 1599 3550 1668 γὰρ,
3601 1600 3702 1662 ὡς,

2132 1683 2247 1751 εἴγε
2280 1683 2382 1753 τῆς
2405 1682 2612 1746 πόλεως
2637 1683 2841 1754 ταύτης
2871 1685 2950 1747 είς
2985 1686 3108 1738 ὅσον
3137 1683 3310 1756 βραχῦ
3358 1703 3411 1739 τι
3456 1703 3702 1758 προεπο-

2130 1773 2378 1842 δίσαμεν,
2403 1773 2503 1824 οῦκ
2528 1772 2592 1825 ἂν
2615 1773 2912 1841 ὲζήσαμεν,
2953 1772 3068 1826 ἀλλ’
3099 1775 3127 1825 ὁ
3161 1776 3261 1841 τῆς
3291 1773 3462 1843 ὀργῆς
3531 1773 3703 1828 αὐτοῦ

2129 1864 2361 1932 τρυγίας
2395 1861 2781 1931 ὲναπηρεύχθη
2818 1862 2884 1916 ἂν
2911 1865 2990 1924 είς
3021 1865 3193 1932 ἡμᾶς.
3259 1864 3324 1916 El.
3384 1862 3442 1915 δέ
3495 1878 3548 1916 τι
3606 1863 3710 1916 καὶ

2128 1953 2313 2022 τρίτον
2341 1947 2410 2016 ἦν
2443 1951 2580 2005 Θεοῦ
2609 1951 2847 2006 ἐνταῦθα
2875 1954 3123 2024 σκέμμα,
3159 1955 3218 2007 τὸ
3245 1955 3392 2024 ἡμᾶς
3426 1955 3708 2022 παραμεί-

2129 2060 2328 2106 ναντας
2361 2045 2498 2115 πρὸς
2527 2044 2736 2112 ἀγαθοῦ
2774 2062 2919 2109 τινος
2941 2047 3220 2117 ,ἀποϐῆναι
3246 2048 3360 2110 τοῖς
3391 2061 3704 2116 περισεσω-

2131 2134 2351 2205 σμένοις
2383 2136 2654 2204 ἀδελφοῖς,
2700 2137 3060 2207 ιδιδάχοησαν
3134 2138 3182 2191 οἱ
3244 2136 3706 2208 περιπειράμενοι

2131 2228 2228 2279 σὺν
2257 2225 2399 2297 Θεῷ.
2437 2228 2547 2281 Καὶ
2597 2224 2663 2299 ἦν
2689 2229 2821 2299 ἡμῖν
2845 2231 2996 2284 τουτὶ
3026 2230 3086 2283 τὸ
3121 2231 3438 2301 παράμονον
3493 2228 3553 2282 οὐ
3581 2225 3707 2280 κατ’

2125 2317 2304 2370 ἐκεῖνο
2335 2320 2394 2371 τὸ
2427 2319 2806 2390 παλαιότερον,
2855 2321 2945 2374 ὅτε
3000 2321 3125 2391 νῆες
3185 2322 3283 2392 μὲν
3338 2319 3706 2374 ἁποστατικαὶ

2131 2409 2416 2464 Λατινικαί
2449 2430 2595 2477 τινες
2647 2411 2734 2482 ἐφ’
2766 2413 2912 2483 ἡμᾶς
2966 2413 3031 2466 ὲκ
3084 2411 3360 2476 Βυζάντου
3402 2410 3706 2481 ἀρχέκακοι

2123 2501 2489 2568 ὲπλωῖσαντο,
2525 2504 2667 2557 κατὰ
2694 2505 2788 2557 τοῦ
2820 2504 3162 2574 Ἀνδρονίκου
3192 2503 3283 2555 καὶ
3307 2502 3470 2554 αὑταὶ
3491 2516 3709 2568 συμπε-

2121 2596 2432 2659 πνευκυῖαι,
2463 2597 2624 2665 ἡμεῖς
2651 2596 2706 2648 δὲ
2730 2597 3131 2665 παρεμένομεν.
3165 2593 3308 2649 Ἀλλ’
3362 2594 3540 2645 ἐκεῖνο
3600 2591 3705 2660 μὲν

2123 2685 2217 2738 καὶ
2263 2686 2473 2755 προόἁν
2501 2689 2745 2756 ἐνέφαινε
2789 2688 2898 2740 τῶν
2941 2687 3063 2757 ἄρτι
3113 2685 3550 2754 δοκιμάζουσαν,
3611 2677 3706 2734 οἷα

439 2793 490 2845 οξ
533 2790 750 2840 Λατῖνοι
811 2783 1260 2852 ὲπαγωνίσονται,
1316 2778 1474 2849 ἡμῶν
1513 2773 1964 2832 καθιππάσασθαι
1990 2789 2004 2803 ⁸
2045 2775 2136 2832 καὶ
2174 2777 2336 2850 φὶὁον
2370 2775 2518 2855 εἶχεν
2557 2781 2619 2839 οὐ
2671 2780 2866 2840 πολῦνε
2921 2783 2989 2839 τὰ
3021 2780 3078 2839 δὲ
3105 2779 3219 2850 νῦν,
3259 2780 3422 2854 οἴμοι.
3457 2777 3530 2845 ὡς
3566 2777 3708 2853 ἡμῖν

443 2881 756 2944 ἀπέϐαινεν,
784 2875 1040 2950 ὑπερλίαν
1073 2872 1168 2930 καὶ
1197 2869 1464 2944 ἐναγώνια
1491 2870 1584 2923 καὶ
1621 2866 1848 2941 φοϐερά..
1914 2883 1918 2888 ‘

517 3022 606 3075 56.
646 3020 715 3072 At
745 3018 858 3071 haec
882 3014 1038 3085 quasi
1068 3012 1348 3068 currendo
1392 3011 1593 3077 scripta
1635 3019 1783 3062 sunt.
1809 3004 2018 3060 Civita-

445 3121 556 3168 tem
591 3123 648 3165 ut
689 3111 742 3164 in
783 3107 1125 3178 amplexibus
1159 3105 1382 3161 tenebat
1417 3104 1669 3172 equi-tum
1703 3111 1757 3156 et
1787 3099 2006 3153 navium

443 3207 741 3258 exercitus.
793 3175 946 3256 Tunc
968 3199 1126 3253 ducis
1173 3197 1449 3266 imperitia
1483 3194 1716 3252 revelata
1751 3192 1868 3256 fuit,
1901 3205 2022 3259 quae
2049 3175 2094 3233 (ἶ

441 3295 554 3364 jam
588 3303 748 3348 antea
785 3292 947 3348 dubia
994 3306 1103 3346 non
1132 3300 1273 3354 erat,
1313 3298 1372 3344 ut
1406 3289 1460 3342 in
1500 3287 1649 3343 brevi
1673 3285 2021 3340 demonstra-

446 3389 643 3442 bimus.
675 3384 918 3439 Primum
963 3384 1128 3447 enim,
1152 3395 1273 3436 cum
1309 3381 1490 3436 hostes
1522 3393 1628 3433 non
1661 3378 1814 3446 longe
1857 3377 2019 3430 abes-

445 3489 589 3543 sent,
635 3478 1011 3548 quosdamque
1050 3475 1251 3530 milites
1297 3473 1529 3528 viriliter
1575 3485 1734 3540 agere
1765 3467 2022 3535 iussisset

447 3569 578 3638 (dux
633 3567 775 3621 enim
839 3565 1046 3633 peritus
1108 3560 1457 3629 dormiendi),
1507 3565 1898 3620 excurrerunt.
1958 3570 2022 3611 ac

448 3673 614 3714 unum
658 3655 944 3726 quemdam
985 3652 1533 3722 comprehenderunt.
1570 3649 1742 3714 Quem
1777 3647 2021 3715 pulchris

450 3748 690 3802 vestibus
755 3743 1078 3798 militaribus
1147 3741 1417 3803 indutum,
1481 3753 1584 3791 μοι)
1643 3738 1789 3791 illius
1839 3735 2022 3806 (exilis

447 3841 613 3897 cnim.
648 3839 788 3903 erat)
840 3836 936 3890 sed
955 3848 1206 3895 suorum,
1231 3834 1286 3886 in
1339 3829 1614 3900 trimupbo
1663 3844 1758 3898 per
1788 3827 2018 3884 mediam

448 3932 721 3988 civitatem
769 3927 1041 3986 duxerunt
1071 3925 1338 3995 quasique
1385 3922 1674 3991 quemdam
1729 3919 1904 3973 virum
1942 3919 2023 3971 iu-

448 4021 656 4088 “ng
727 4017 974 4072 laudibus
1032 4014 1363 4068 extulerunt.
1428 4009 1622 4065 Statim
1693 4007 1922 4078 epistola
1989 4022 2020 4061 a

450 4109 706 4180 praelecto
726 4115 780 4164 et
809 4108 944 4161 duce
970 4106 1034 4158 ad
1059 4105 1441 4173 imperatorem
1469 4101 1726 4163 mittitur,
1747 4113 1850 4154 nos
1879 4097 2019 4152 belle

451 4199 761 4269 belligerari
791 4197 1203 4252 allirmautibus.
1231 4195 1326 4248 Die
1369 4193 1606 4248 secunda
1664 4193 1734 4245 ab
1781 4193 1882 4245 hac
1931 4189 2024 4242 die

450 4292 539 4344 alii
581 4291 871 4344 mittuntur
922 4302 986 4339 ac
1036 4285 1256 4354 capiunt
1314 4297 1421 4336 nou
1456 4281 1730 4336 hominem
1781 4283 1877 4334 sed
1915 4281 2022 4332 duo

452 4383 650 4436 misera
691 4381 934 4447 jumeuta
969 4389 1023 4431 et
1065 4377 1418 4431 simulacrum
1458 4373 1644 4425 militis
1671 4372 1883 4439 capitis.
1916 4369 2019 4435 Qui

449 4475 594 4528 enim
630 4473 767 4526 hanc
810 4471 1070 4524 habuerat
1113 4467 1417 4536 aufugerat,
1445 4463 1822 4534 ohjeceratque
1859 4461 2015 4531 quasi

450 4567 506 4622 in
536 4564 768 4635 pretium
796 4560 1268 4632 persequentibus.
1299 4557 1489 4612 Statim
1521 4557 1714 4609 iterum
1754 4554 2014 4623 triumphi

449 4657 506 4712 in
533 4655 770 4716 civitate,
787 4653 1142 4723 iumentaque
1166 4655 1320 4717 capta
1355 4644 1838 4701 considerabautur
1859 4644 2013 4714 quasi

448 4745 655 4815 aliquid
700 4759 954 4813 maguum
991 4741 1140 4810 quod
1181 4748 1391 4808 raptqu
1433 4736 1642 4789 luisset.
1696 4733 1889 4788 Forma
1921 4748 2013 4788 ca-

448 4841 576 4904 pitis
626 4852 789 4907 super
849 4836 1001 4890 hasta
1058 4846 1276 4904 quoque
1323 4826 1812 4884 circumferebatur
1857 4825 2014 4895 quasi

451 4933 684 5002 Spoliutu
733 4929 960 5000 insigne.
995 4925 1190 4982 lterum
1217 4923 1448 4992 epistola
1490 4921 1726 4986 imperiti
1753 4917 1910 4972 ducis
1947 4917 2015 4973 ad

450 5025 832 5091 imperatorem
864 5019 931 5072 de
974 5018 1117 5071 bono
1159 5016 1304 5071 exitu
1354 5015 1497 5068 belli.
1531 5013 1655 5066 Inde
1679 5011 1804 5065 irati
1829 5012 2015 5066 hostes

449 5112 544 5180 qui
571 5109 644 5164 ibi
674 5116 830 5164 erant
853 5115 910 5159 ut
932 5105 1228 5158 crabrones
1245 5102 1394 5156 brevi
1414 5103 1805 5156 advolaverunt
1827 5101 1893 5155 ad
1912 5117 2015 5155 nos

453 5205 635 5273 (antea
669 5201 814 5256 enim
871 5195 1226 5259 distulerant,
1251 5193 1482 5249 classem
1517 5196 1732 5264 signum
1758 5195 2012 5251 daturam

451 5287 888 5359 exspeCtantes),
913 5286 1311 5352 civitatemque
1342 5287 1605 5354 amagnis
1637 5285 1830 5352 januis
1863 5285 2013 5340 occi-

451 5382 766 5438 dentalibus
803 5393 977 5448 usque
1031 5377 1095 5429 ad
1135 5384 1307 5429 tutam
1351 5393 1532 5432 arcem
1567 5379 1754 5434 subito
1782 5394 2012 5434 curren-

458 5470 1046 5527 teStzircumdederunt.
1072 5467 1146 5521 lbi
1177 5468 1234 5521 tit
1251 5469 1500 5523 excursio
1525 5453 1752 5523 duorum
1772 5470 2015 5538 equitum

455 5564 768 5621 Latinorum
796 5575 826 5616 e
879 5569 1038 5630 gente
1092 5559 1563 5625 Preltentzouum,
1618 5579 1738 5630 qua:
1783 5562 2017 5617 maxima

457 5657 684 5710 audacia
736 5653 998 5712 exercitui
1053 5652 1236 5706 Siculo
1300 5651 1631 5719 adhaerebat,
1669 5656 2019 5724 pluriumque

455 5765 523 5805 οι
592 5748 828 5815 nostris;
886 5747 1096 5812 scilicet
1162 5748 1345 5804 decem
1411 5758 1463 5801 ct
1529 5752 1779 5818 amplius.
1825 5749 2018 5806 Nullus

2195 3009 2305 3075 vc'.
2352 3012 2514 3068 ’Δλλὰ
2566 3013 2742 3069 ταῦτα
2799 3015 2899 3086 μὲν
2959 3016 3035 3080 ὡς
3077 3016 3136 3068 ὲν
3184 3014 3540 3086 παρεκδρομῇ
3589 3031 3706 3067 τινι

2123 3099 2281 3168 λόγου
2315 3104 2687 3174 γεγράφαται.
2733 3105 2842 3176 Τὴν
2867 3107 2924 3160 δὲ
2966 3107 3121 3160 πόλιν
3178 3110 3427 3176 συνεῖχεν
3465 3106 3544 3168 ὡς
3583 3101 3706 3159 οἷον

2124 3193 2182 3244 ὲν
2209 3192 2483 3258 ἀγκάλαις
2510 3195 2539 3248 ὅ
2565 3212 2624 3248 τε
2649 3195 2772 3250 καθ’
2800 3196 3022 3262 ἵππους,
3057 3197 3084 3250 ὃ
3111 3214 3171 3251 τε
3213 3199 3354 3250 κατὰ
3405 3197 3506 3260 τὰς
3561 3196 3704 3266 νῆας

2127 3283 2380 3350 στρατός.
2417 3285 2528 3337 Kal
2558 3287 2591 3354 ἡ
2623 3275 2716 3339 τοῦ
2768 3287 3077 3358 στρατηγοῦ
3119 3287 3419 3358 ἀσελτηρία
3459 3285 3705 3340 ἐνταῦθα.

2127 3372 2365 3442 μάλιστα
2398 3374 2723 3444 διεφαίνετο,
2760 3378 2896 3447 μηδὲ
2926 3379 2993 3432 τὰ
3041 3381 3234 3448 πρώην
3288 3380 3482 3450 ἄδηλος
3534 3380 3700 3444 οὖσα,

2125 3464 2198 3527 ὡς
2229 3467 2264 3536 ὴ
2297 3467 2589 3538 συγγραφὴ
2616 3469 2672 3521 ἐν
2705 3469 2960 3539 ὀλιγίστῳ
2996 3471 3342 3538 διαδείξεται.
3392 3473 3472 3526 Τὰ
3502 3473 3704 3543 πρῶτα

2127 3558 2227 3626 μὲν
2257 3557 2387 3628 γᾴρ,
2419 3560 2530 3612 τῶν
2579 3559 2850 3630 πολεμίων
2889 3562 2951 3615 οὺ
2971 3562 3191 3632 μακρὰν
3252 3564 3442 3630 ὄντων,
3505 3564 3705 3632 βιασάο

2127 3649 2281 3718 μενοί
2318 3667 2465 3714 τινες
2506 3652 2615 3705 τῶν
2647 3653 2996 3724 στρατιωτῶν
3027 3654 3384 3724 ἀνδρίσασθαι
3416 3656 3466 3723 (ὁ
3491 3657 3600 3727 γάρ
3614 3675 3706 3714 τοι

2127 3742 2432 3812 στρατηγὸς
2456 3741 2628 3804 δεινὸς
2659 3738 2726 3813 ἦν
2785 3742 3129 3814 κοιμᾶσθαι),
3181 3745 3547 3816 ἀφώρμησαν,
3598 3748 3703 3800 καὶ

2125 3831 2383 3902 συνέσχον
2415 3832 2513 3887 ἕνα
2558 3833 2702 3888 τινάο
2779 3833 2840 3887 ὃν
2865 3834 2961 3888 καὶ
2981 3835 3248 3905 λαμπρῶς
3302 3835 3705 3906 περιδύσαντες

2123 3923 2192 3978 τὰ
2227 3925 2620 3994 στρατιωτικὰ,
2649 3926 2750 3977 οὐκ
2779 3926 2844 3978 ὲκ
2865 3926 2974 3978 τῶν
2995 3927 3208 3979 ἐκείνου
3241 3925 3417 3994 (ψιλὸς
3445 3927 3553 3997 γὰρ
3580 3923 3699 3997 ἦν),

2122 4012 2237 4068 ἀλλ’
2264 4015 2328 4066 ὲκ
2367 4014 2476 4068 τῶν
2504 4014 2634 4082 παρ’
2665 4015 2872 4081 αὐτοῖς,
2901 4016 3220 4085 ἐπόμπευόν
3275 4033 3336 4070 τε
3378 4017 3466 4070 διὰ
3521 4019 3708 4091 μέσης

2121 4105 2222 4174 τῆς
2255 4105 2486 4170 πόλεως,
2519 4108 2617 4160 καὶ
2639 4105 2715 4169 ὡς
2750 4107 2928 4176 μέγαν
2965 4107 3090 4161 τινὰ
3122 4107 3338 4171 ἑλόντες
3385 4110 3700 4166 ὲκύδαινον.

2121 4197 2232 4251 Καὶ
2273 4199 2460 4283 γραφὴ
2491 4198 2650 4262 εὐθὺς
2675 4197 2770 4252 τοῦ
2797 4201 2892 4252 καὶ
2915 4199 3225 4270 στρατηγοῦ
3259 4200 3356 4254 καὶ
3395 4201 3588 4264 δουκδς
3613 4203 3704 4267 είς

2121 4289 2212 4341 τὸν
2265 4287 2510 4356 βασιλέα,
2549 4289 2625 4351 ὡς
2661 4289 2904 4360 εὐτυχῶς
2945 4291 3077 4360 ἡμῖν
3107 4291 3173 4346 τὰ
3219 4292 3302 4353 είς
3357 4290 3540 4361 μάχην
3593 4294 3708 4360 φέ-

2124 4397 2302 4450 ρεται.
2349 4381 2567 4451 Ἡμέρᾳ
2599 4383 2736 4451 μετὰ
2759 4382 2961 4452 ταύτην
2997 4383 3226 4454 δευτέρᾳ
3255 4385 3348 4436 καὶ
3399 4383 3707 4451 μετεξέτε-

2130 4490 2212 4544 ροι
2245 4474 2580 4540 στέλλονται,
2611 4475 2707 4528 καὶ
2737 4475 2984 4547 αἱροῦσιν
3011 4477 3196 4529 οὐκέτι
3242 4477 3351 4528 οὐδ’
3377 4477 3707 4547 ἄνθρωπον,

2123 4564 2260 4617 ἀλλὰ
2297 4563 2390 4617 δύο
2430 4564 2670 4634 ίππάρια
2712 4563 2972 4634 δυστυχῆ,
3008 4567 3102 4618 καὶ
3135 4564 3378 4633 σκίασμα
3422 4566 3708 4634 στρατιώ-

2121 4671 2216 4708 του
2239 4654 2503 4724 κεφαλῆς.
2571 4654 2630 4708 '0
2660 4654 2769 4725 γὰρ
2799 4655 2956 4709 τοῦτο
2974 4655 3114 4725 ἔχων
3137 4655 3525 4725 διεκπέφευγε,
3558 4675 3712 4726 προ-

2122 4745 2400 4814 ηκάμενος
2434 4739 2546 4797 οἷον
2576 4746 2658 4808 είς
2710 4745 2905 4815 λύτρον
2964 4747 3097 4800 αὐτὸ
3117 4749 3232 4811 τοῖς
3282 4749 3713 4806 ἐπιδιώκουσιν.

2123 4839 2232 4889 Καὶ
2271 4839 2474 4890 αὐτίκα
2503 4835 2762 4906 Θρίαμϐυι
2795 4839 2957 4891 πάλιν
3010 4841 3069 4890 ὲν
3119 4843 3183 4910 τῇ
3242 4841 3430 4893 πόλιν
3469 4846 3567 4897 καὶ
3621 4848 3712 4902 τὰ

2124 4927 2446 4998 αίχμάλωτα
2479 4927 2766 4998 ίππαρίδια
2796 4929 3240 4998 περιεϐλέποντο,
3268 4931 3357 4987 οἷα
3390 4936 3569 5002 μέγαν
3601 4937 3703 5007 ὃν,

2123 5021 2206 5072 ὃτι
2248 5037 2354 5090 περ
2382 5020 2527 5075 αὐτὰ
2548 5015 2714 5076 εἷλον.
2754 5023 2862 5075 Καὶ
2901 5022 2965 5074 τὸ
3015 5024 3258 5078 σκιάδιον
3305 5027 3397 5079 ἐπὶ
3444 5033 3716 5098 σημαίας

2122 5111 2312 5182 ᾔρετο,
2342 5111 2484 5165 καθά
2524 5129 2576 5166 τι
2607 5116 2906 5182 κορυφαῖον
2940 5115 3241 5186 σκύλευμα.
3291 5119 3401 5171 Καὶ
3448 5123 3725 5191 γράμμα

2124 5203 2288 5256 πάλιν
2311 5203 2404 5256 τοῦ
2434 5203 2810 5273 δυσαριστέως
2840 5208 2967 5272 περὶ
2991 5206 3080 5259 τὸν
3112 5207 3359 5276 βασιλέα,
3389 5211 3466 5274 ὡς
3526 5216 3726 5270 εὐτυ..

2124 5295 2326 5364 χοῦμεν
2350 5294 2418 5347 τὰ
2445 5295 2587 5348 κατὰ
2617 5295 2874 5364 πόλεμον.
2925 5297 3010 5360 Ὠς
3043 5299 3098 5351 δὲ
3125 5299 3335 5354 ἐκεῖθεν
3381 5303 3736 5370 ἐρεθισθέν-

2122 5402 2213 5447 τες
2247 5386 2296 5436 oi
2330 5387 2469 5440 κατὰ
2499 5387 2604 5455 γῆν
2643 5388 2909 5456 πολέμιοι,
2941 5390 3084 5442 καθὰ
3133 5395 3222 5444 καί
3276 5409 3419 5457 τινες
3451 5399 3728 5474 σφῆκες,

2123 5483 2260 5547 ταχὺ
2290 5481 2410 5533 καθ’
2445 5483 2601 5551 ἡμῶν
2627 5483 2992 5551 ὲπτερύξαντο
3023 5488 3114 5555 (τὰ
3155 5489 3262 5556 γὰρ
3319 5491 3423 5556 πρὸ
3482 5493 3735 5553 τούτων

2125 5571 2500 5636 ἀνεϐάλλοντο,
2536 5574 2971 5641 καραδοκοῦντες
3013 5579 3071 5628 τὸ
3136 5580 3388 5632 ναυτικὸν
3436 5585 3580 5636 κατὰ
3657 5607 3737 5646 τι

2128 5665 2426 5733 σύνθημα),
2463 5669 2554 5720 καὶ
2591 5669 2686 5737 τὴν
2721 5669 2874 5721 πόλιν
2897 5673 2958 5724 ὲκ
2993 5673 3100 5724 τῶν
3140 5652 3404 5740 δυσμόοὶν
3433 5677 3740 5741 μεγάλων

2127 5759 2309 5812 πυλῶν
2349 5760 2449 5821 ἕως
2483 5764 2574 5814 καὶ
2624 5765 2677 5823 ἐς
2717 5764 2841 5826 ὃλην
2893 5766 2990 5822 τὴν
3050 5767 3336 5825 ἀκρόπολιν
3391 5781 3748 5833 οκηρυκτξὶ
