3950 6242
489 238 562 303 σγ
1197 237 1622 301 EUSTATHII
1647 237 1941 300 TIIESSA
1953 238 2413 308 LONICENSIS
2454 249 3023 315 METROPOLlTJ!
3693 252 3766 316 68

487 358 746 412 indurato
775 353 938 410 corde
996 353 1369 426 imperatoris,
1404 355 1559 424 quasi
1609 353 1656 409 is
1704 353 1855 410 solus
1885 355 2072 408 urbem

2180 362 2268 414 διὰ
2295 365 2456 418 τοῦτο
2503 368 2884 441 ἐνσκιρῤώσας
2937 373 3003 441 τῇ
3035 369 3127 423 τοῦ
3185 368 3455 440 βασιλέως
3487 367 3658 439 ψυχῇ.
3691 369 3770 431 ὡς

488 453 706 506 salvare
761 450 1025 520 poluerit,
1064 450 1256 519 sicque
1304 449 1427 517 ejus
1481 446 1714 502 consilia
1753 463 1853 502 nos
1901 447 2086 518 perdi-

488 545 711 600 derunt.
743 523 957 598 Etenim
991 544 1042 596 in
1077 542 1452 598 defensionem
1499 551 1740 595 nostram
1777 543 2080 595 exercitum

489 637 725 714 provide
789 636 1017 690 miserat
1092 633 1412 704 imperator.
1478 633 1724 687 Credens
1799 647 1930 686 vero
1998 632 2083 686 his

488 728 690 797 quibus
725 742 754 780 a
799 725 1007 781 Davide
1051 725 1448 795 decipiebatur,
1501 725 1608 778 illis
1643 723 2068 787 commendavit,

488 836 557 874 ne
618 821 671 872 in
753 821 890 874 urbe
946 834 1006 874 se
1071 819 1418 873 includerent
1493 831 1592 869 nec
1673 816 1950 869 irruerent
2023 817 2076 870 in

498 912 684 967 hostes
745 911 904 982 quasi
971 910 1023 964 in
1091 909 1264 964 aciem
1335 908 1679 974 instructos;
1744 909 1873 962 dum
1950 923 2079 972 nos,

485 1005 580 1072 qui
644 1004 1027 1058 nesciebamus
1062 1001 1167 1054 hoc
1227 999 1519 1065 auxilium,
1558 999 1631 1053 ita
1679 1001 1842 1054 anxie
1871 1016 2072 1070 exspe-

486 1108 766 1152 Ctaremus
807 1110 1010 1164 speque
1059 1093 1113 1148 in
1165 1093 1289 1147 illos
1335 1093 1823 1162 suspenderentur.
1853 1092 1907 1146 bi
1958 1093 2081 1148 sine

487 1205 665 1259 pugna
696 1185 959 1240 auxilium
989 1186 1145 1256 quasi
1183 1185 1367 1239 fictum
1404 1185 1562 1240 nobis
1590 1186 1876 1255 parabant.
1901 1185 2072 1240 Erant

487 1299 617 1337 rt-ro
668 1282 859 1336 multi:
892 1281 1062 1335 Gidus
1097 1295 1324 1350 magnus
1377 1278 1668 1348 praefectus
1705 1295 1769 1334 ex
1826 1282 2080 1334 Orienta-

489 1377 658 1450 libus,
694 1374 1039 1443 Palaeologus
1091 1373 1462 1439 Andronicus,
1528 1371 1788 1428 Camutza
1840 1371 2080 1438 Manuel,

484 1467 794 1530 Chumnus,
863 1474 1030 1536 atque
1079 1465 1198 1520 alii.
1229 1462 1299 1519 Se
1337 1464 1448 1520 illis
1483 1465 1810 1535 adiunxerat
1857 1465 2082 1522 ultimus

483 1560 857 1614 cubicularius
913 1556 1262 1628 Nicephorus
1331 1557 1424 1628 qui
1497 1558 1724 1613 omnino
1795 1560 2081 1629 proximus

487 1659 615 1706 erat
641 1651 774 1720 regi,
820 1649 912 1718 qui
963 1650 1031 1704 ad
1069 1651 1264 1703 durem
1293 1648 1546 1702 Davidcnt
1569 1647 1832 1717 scriptum
1857 1651 2079 1703 mittens

2188 454 2456 526 αὖταρκεῖ
2488 449 2642 520 οὗτος
2677 460 2748 513 τὰ
2781 461 2922 531 ὑπερ
2950 460 3050 530 τῆς
3080 461 3312 525 πόλεως,
3358 460 3544 530 ῐσχυσε
3581 463 3768 514 πεῖσαι

2186 545 2254 598 τὰ
2289 548 2368 610 είς
2392 549 2552 619 ἡμῶν
2584 550 2828 620 ὄλεθρον.
2862 552 3112 606 Ἐστειλε
3164 553 3262 622 μὲν
3296 552 3404 623 γὰρ
3447 553 3475 605 6
3512 551 3769 621 βασιλεὺς

2187 643 2672 714 προμηθικώτερον
2703 646 2963 716 στρατιὰν
2993 648 3084 700 ἐπὶ
3111 646 3294 717 ἀμύνῃ
3319 645 3565 700 τῶνκαθ’
3595 647 3769 715 ἡμᾶς·

2187 735 2462 798 πεποιθὼς
2497 737 2572 801 δὲ,
2599 734 2680 802 οἷς
2711 740 2774 791 ἐκ
2803 739 2896 792 τοῦ
2947 739 3106 794 Δαυῒδ
3140 738 3512 803 ἀπεπλανᾶτο,
3549 754 3767 807 παρηγ-

2186 833 2432 900 γυήσατο
2481 833 2620 902 μήτε
2669 831 2747 894 είς
2775 831 2874 902 τὴν
2910 832 3065 884 πόλιν
3106 833 3301 894 αὐτοὺς
3337 831 3765 892 καταδύσεσθιι,

2188 921 2327 990 μήτε
2366 923 2472 991 μὴν
2498 924 2607 985 τοῖς
2648 924 2930 991 πολεμίοις
2960 926 3127 990 ὁμόσε
3160 923 3406 994 χωρῆσαι
3434 921 3766 990 γενομένους

2185 1013 2244 1066 ἐν
2271 1013 2388 1083 χρῷ
2431 1016 2610 1084 μάχης
2633 1029 2647 1044 ·
2677 1015 2750 1078 ὡς
2797 1015 3050 1069 ἐντεῦθεν
3079 1016 3227 1086 ἡμᾶς
3281 1016 3401 1082 μὲν,
3435 1013 3508 1084 μὴ
3551 1013 3768 1073 είδότας

2186 1105 2514 1175 ἐπικουρίαν
2563 1107 2628 1160 ἐκ
2683 1106 2794 1158 τῶν
2852 1107 3220 1175 ἐσταλμένων,
3273 1106 3618 1176 καραδοκεῖν,
3672 1105 3769 1156 καὶ

2185 1198 2561 1267 ἐκκρέμασθαι
2595 1199 2696 1269 τῆς
2745 1200 2825 1262 είς
2881 1201 3124 1262 ἐκείνους
3177 1199 3423 1260 ἐλπίδος’
3454 1197 3651 1261 αὒῖοίις
3705 1196 3766 1249 δὲ

2183 1292 2456 1360 ἀναιμωτὶ
2495 1290 2614 1361 ζῇν,
2648 1292 3082 1360 ἀφωσιωμένους
3107 1291 3382 1360 τηνάλλως
3412 1290 3472 1342 τὸ
3501 1291 3580 1352 εἰς
3615 1290 3768 1360 ήμᾶς

2186 1380 2560 1450 ἐπικουρικόν.
2584 1375 2765 1434 *Ησαν
2791 1382 2846 1434 δέ
2882 1384 3069 1450 συχνοὶ
3112 1383 3347 1434 ἐκεῖνοι·
3373 1383 3400 1435 6
3433 1381 3540 1436 τῶν
3571 1381 3740 1434 ἀνατο

2185 1471 2353 1526 λικῶν
2388 1473 2561 1543 μέγας
2591 1472 2909 1543 δομέστικος
2941 1474 3110 1538 Γίδος,
3158 1473 3186 1526 6
3236 1473 3597 1542 Παλαιολόγος
3637 1471 3701 1525 Ἀ
3735 1500 3766 1517 ι-

2184 1564 2455 1634 δρόνικος,
2504 1567 2533 1616 6
2587 1564 2892 1634 Καμύτζης
2949 1565 3229 1635 Μανουὴλ,
3265 1566 3293 1618 6
3345 1565 3616 1634 Χοῦμνος,
3665 1565 3764 1617 καὶ

2185 1656 2388 1726 ἕτεροι.
2456 1657 2789 1730 Ἐπέρῤευσε
2818 1659 2874 1711 δὲ
2901 1659 3084 1720 αὐτοῖς
3116 1659 3170 1721 ἐς
3201 1657 3482 1720 παντελῶς
3533 1656 3652 1709 ὖστς
3669 1673 3765 1726 ρον

485 1759 695 1813 exposu
723 1740 1084 1796 tmethodum
1120 1740 1438 1796 dissimilem
1474 1739 1742 1796 labiorum
1775 1741 1896 1810 ejus
1926 1741 2072 1795 omni

2188 1751 2283 1801 καὶ
2333 1749 2362 1802 6
2412 1749 2491 1821 τῷ
2527 1729 2736 1820 βασιλεί
2783 1750 2926 1804 πάνυ
2981 1749 3172 1819 ἐγγὺς,
3203 1751 3231 1802 ὁ
3266 1749 3766 1820 παρακοιμώμενος

491 1840 656 1899 uelo,
700 1835 996 1904 linguaque
1043 1847 1267 1888 mensus
1297 1841 1382 1887 est
1433 1841 1656 1887 terram.
1705 1831 1852 1886 Dixit
1899 1832 2071 1898 enim,

483 1942 587 1982 nee
612 1927 810 1990 caelum
870 1934 952 1978 tot
1009 1925 1198 1979 stellas
1256 1939 1550 1980 numerare
1605 1940 1705 1980 nec
1739 1932 1818 1979 tot
1888 1925 2076 1979 arenis

485 2020 686 2090 repleri
725 2031 952 2080 terram,
985 2027 1229 2087 quantus
1267 2017 1542 2072 exercitus
1573 2017 1676 2085 ipsi
1723 2016 1938 2081 aderat,
1977 2017 2074 2070 ad-

486 2115 624 2170 dens
658 2127 717 2166 se
751 2125 859 2166 non
895 2124 1057 2179 posse
1089 2123 1198 2163 non
1251 2108 1446 2163 timere
1485 2123 1552 2162 ne
1595 2107 1770 2161 Latini
1805 2108 2070 2163 certiores

485 2207 613 2262 facti
653 2214 888 2276 quantas
919 2204 1035 2273 ipse
1065 2203 1255 2268 copias
1291 2202 1654 2268 contraxerit,
1692 2203 1746 2256 ia
1790 2202 1973 2272 fugam
2005 2217 2067 2257 se

484 2308 840 2360 convertant,
885 2298 1114 2366 ipseque
1165 2294 1260 2348 tali
1305 2293 1488 2363 praada
1548 2295 1779 2349 orbatus
1815 2295 1908 2348 sit.
1948 2290 2073 2347 llaec

485 2390 734 2459 scripsit,
770 2401 979 2458 uosque
1010 2386 1447 2441 credideramus.
1477 2383 1583 2450 Qui
1621 2385 1769 2439 enim
1815 2386 1932 2440 vult
1961 2385 2076 2441 sal-

487 2484 608 2540 vari
640 2481 711 2538 ad
744 2479 1076 2538 credendum
1104 2491 1323 2548 semper
1364 2487 1449 2533 est
1498 2487 1750 2550 paratus.

553 2849 644 2906 59.
685 2848 776 2903 Sic
824 2859 957 2916 ergo
990 2859 1021 2899 a
1052 2842 1236 2899 missis
1289 2839 1639 2910 imperatoris
1687 2849 1815 2894 tunc
1855 2837 2067 2906 decepti

2177 1843 2538 1914 Νικηφόρος·
2588 1843 2648 1906 6c
2684 1844 2922 1914 γράμμα
2982 1847 3195 1910 στείλας
3256 1845 3395 1914 πρὸς
3444 1844 3536 1896 τὸν
3592 1843 3762 1896 δοῦκα

2176 1934 2363 2001 Δαυῒδ,
2401 1935 2553 1988 ἐοετο
2587 1937 2787 2006 τρόπον
2816 1936 2974 1990 ἄλλον
3013 1937 3082 1990 τά
3126 1937 3275 2006 χείλη
3327 1936 3492 1990 αὑτοῦ
3526 1935 3645 1989 κατ’
3672 1936 3767 1988 οὐ-

2185 2027 2367 2097 ρανὸν,
2397 2029 2493 2081 καὶ
2520 2029 2623 2098 τὴν
2649 2029 2906 2096 γλῶσσαν
2936 2029 3116 2098 ἀφῆκε
3139 2028 3447 2098 διέρχεσθαι
3471 2027 3600 2096 περὶ
3631 2027 3759 2096 γῆν.

2183 2120 2392 2188 Ἔφατο
2428 2119 2538 2190 γὰρ
2592 2121 2728 2190 μήτε
2784 2120 2876 2173 τὸν
2915 2121 3142 2192 οὐρανὸν
3194 2121 3416 2190 ἄστροις
3451 2120 3762 2190 ἐνευθηνεί-

2181 2211 2306 2265 σθαι
2340 2213 2640 2276 τοσούτοις,
2678 2214 2815 2282 μήτε
2861 2213 2958 2282 τὴν
3001 2214 3108 2283 γῆν
3168 2214 3340 2283 ἄμμῳ
3372 2213 3564 2283 τοσῇδε
3616 2213 3760 2283 πλή-

2177 2302 2314 2366 θειν,
2341 2304 2540 2369 ὁπόσος
2565 2305 2713 2376 αὐτῷ
2740 2307 2968 2378 στρατὸς
3014 2307 3276 2375 ἐφέπεται
3295 2323 3308 2334 ·
3345 2305 3761 2376 προσεπιλαλῶν

2176 2399 2273 2450 καὶ
2304 2397 2727 2462 ύποδεδοικέναι,
2756 2400 2830 2469 μή
2861 2416 2990 2452 ποτε
3016 2399 3064 2450 οί
3085 2400 3306 2452 Λατῖνοι
3357 2397 3754 2466 ἐκπυθόμενοι,

2177 2491 2310 2558 ὅσην
2341 2491 2492 2557 ἰσχὺν
2522 2490 2940 2560 περιϐέϐληται,
2974 2489 3322 2560 φευξοῦνται,
3354 2491 3447 2544 καὶ
3477 2493 3632 2560 μενεῖ
3660 2491 3758 2542 αὐ·

2172 2582 2265 2645 τὸς
2295 2583 2452 2647 κενὸς
2483 2583 2741 2654 τοιαύτης
2768 2584 2962 2654 ἄγρας.
2987 2585 3265 2653 Ἐγραψεν
3293 2583 3455 2646 αὐτὸς
3480 2581 3708 2635 τοιαῦτα
3738 2596 3754 2612 °

2175 2678 2270 2727 καὶ
2306 2675 2466 2745 ἡμεῖς
2497 2675 2922 2746 ἐπιστεύσαμεν.
2959 2677 3032 2728 T6
3066 2677 3173 2744 γὰρ
3211 2677 3300 2727 ἐπὶ
3343 2675 3590 2746 σωτηρίᾳ
3629 2673 3757 2744 βουο

2177 2769 2403 2831 λόμενον
2433 2769 2530 2837 τῆς
2557 2769 2735 2840 ψυχῆς
2766 2770 2982 2839 ἕτοιμον
3011 2764 3079 2838 ἦν
3111 2768 3247 2836 πρὸς
3282 2767 3472 2822 πειθώ.

2251 2860 2351 2914 νϐ’.
2378 2863 2487 2913 Καὶ
2512 2860 2657 2914 οὕτω
2692 2862 2790 2928 μὲν
2823 2862 2885 2913 τὰ
2930 2863 2993 2913 ἐκ
3037 2861 3144 2913 τῶν
3186 2857 3482 2928 βασιλικῶν
3523 2858 3758 2910 ἀποστό-

483 2956 688 2998 sumus.
754 2937 910 2991 Tunc
973 2951 1104 2990 vero
1157 2943 1301 2987 terra
1369 2932 1614 3000 marique
1661 2937 2068 2984 concurrerunt

2179 2952 2287 3006 λων
2314 2951 2615 3022 ψευδόντων
2645 2954 2812 3022 ἡμᾶς.
2866 2954 2939 3005 T6
2985 2953 3041 3005 δὲ
3078 2952 3334 3020 πολέμιον
3382 2949 3606 3003 ἐπελθὸν
3629 2948 3755 3002 τότε

482 3035 692 3094 hostes,
745 3038 908 3098 atque
950 3028 1125 3097 perite
1175 3039 1234 3079 se
1293 3023 1363 3076 ad
1412 3037 1648 3092 pugnam
1710 3031 2066 3089 paraverant.

2179 3045 2414 3116 ξηρᾶθεν
2446 3049 2537 3098 καὶ
2567 3046 2628 3098 τὺ
2658 3049 2719 3098 ἐκ
2744 3045 3039 3114 θαλάσσης,
3067 3043 3361 3114 ἐξηρτύετο
3387 3041 3510 3094 κατ’
3533 3042 3758 3111 ἐπιστή-

485 3124 870 3184 Οροίιίειιιιιιι·ε
913 3120 1087 3190 copia:
1127 3118 1262 3174 alias
1313 3117 1602 3171 machinas
1639 3114 2066 3187 novasjnvene-

2179 3114 2286 3206 μην
2319 3139 2399 3200 εἰς
2438 3138 2641 3207 μάχην.
2690 3138 2799 3189 Καὶ
2855 3138 2904 3189 οἱ
2937 3137 3036 3204 μὲν
3071 3137 3133 3188 ἐκ
3163 3137 3270 3187 τῶν
3297 3132 3581 3202 δυσμικῶν
3612 3132 3754 3186 ἄλλα

489 3229 614 3274 rant
647 3217 807 3271 modo
856 3211 1205 3283 helepolium,
1237 3225 1469 3280 quarum
1509 3208 1718 3263 utilitas
1773 3208 1884 3263 fere
1923 3207 2071 3261 nulla

2179 3227 2392 3280 ἐποίουν
2422 3229 2588 3282 καινά
2617 3245 2741 3281 τινα
2776 3229 2918 3281 κατὰ
2945 3229 3146 3296 νόμους
3177 3227 3499 3290 ἐλεπόλεων,
3542 3220 3630 3287 αἷς
3661 3224 3754 3279 διὰ

486 3319 604 3368 erat
634 3311 704 3366 ob
752 3306 1208 3376 magnitudinem.
1269 3303 1576 3356 Orientales
1625 3316 1756 3355 vero
1805 3301 2071 3367 (maxime

2179 3319 2232 3371 τὸ
2264 3321 2328 3371 ἐκ
2364 3319 2630 3389 μεγέθους
2657 3320 3178 3389 δυσμεταχείριστον
3215 3318 3336 3371 οὐδὲ
3369 3316 3643 3386 ἐνέλαμψέ
3664 3332 3754 3378 τις

486 3412 670 3459 autem
716 3398 1120 3455 multitudinem
1172 3395 1370 3450 classis
1429 3393 1857 3463 componebant)
1901 3394 2066 3462 juxta

486 3510 642 3552 suam
700 3490 1159 3547 consuetudinem
1226 3487 1479 3557 agebant.
1540 3485 1833 3556 Dispositis
1903 3485 2072 3555 igitur

487 3585 760 3644 machinis
810 3583 876 3636 ad
912 3581 1122 3650 lapides
1171 3578 1538 3647 projiciendos
1584 3577 1752 3647 aptis,
1789 3577 2072 3647 plerisque

487 3679 780 3735 mediocris
812 3669 1228 3743 magnitudinis,
1277 3678 1335 3722 ut
1374 3670 1482 3723 illis
1519 3683 1548 3722 a
1591 3668 1864 3723 mmnibus
1895 3669 2072 3724 n08tri

485 3772 689 3826 milites
720 3768 903 3823 subito
929 3763 1398 3833 opprimerentur,
1423 3777 1453 3817 e
1495 3762 1697 3831 quibus
1730 3762 1853 3817 duae
1892 3763 2071 3830 majo-

485 3879 598 3923 res,
631 3873 863 3931 quarum
897 3869 1005 3910 una
1051 3866 1210 3909 terrae
1241 3861 1424 3907 motus
1475 3853 1582 3907 lllia
1633 3852 1825 3907 vocari
1856 3863 2069 3922 posset;

486 3954 880 4023 dispositisque
909 3948 1001 4017 qui
1021 3945 1349 4002 ramusculis
1384 3944 1670 4014 implerent
1691 3953 1847 4014 aptas
1872 3945 2071 4009 fossas,

493 4046 700 4115 quique
748 4041 951 4096 llthllill
982 4038 1309 4094 labefactare
1345 4045 1589 4107 possent,
1615 4049 1798 4090 murus
1850 4034 2072 4104 aggredi

489 4140 726 4207 illosque
751 4133 1123 4187 indesinenter
1148 4141 1202 4184 et
1232 4129 1405 4183 modis
1425 4127 1677 4182 omnibus
1698 4139 1962 4194 quassare
1985 4140 2075 4176 co-

488 4227 601 4281 nati
643 4236 793 4280 sunt.
817 4222 914 4277 liis
949 4220 1204 4276 omnibus
1242 4217 1649 4287 praecurre-bant
1690 4213 2070 4269 fundibularii.

487 4321 571 4376 Ad
599 4332 880 4387 vesperam
921 4315 1068 4369 enim
1099 4315 1442 4366 retinuerunt
1473 4324 1639 4363 naves
1674 4323 1848 4374 usque
1866 4306 1932 4361 ad
1963 4321 2075 4360 nta-

2175 3411 2427 3481 ἐνέργεια
2455 3426 2469 3440 ·
2494 3412 2544 3463 oi
2570 3411 2628 3463 δὲ
2657 3413 2787 3482 περὶ
2820 3413 2886 3464 τὰ
2912 3410 3020 3480 ἐῷα
3050 3405 3211 3481 (ἦσαν
3239 3409 3296 3462 δὲ
3326 3408 3560 3478 μάλιστα
3603 3409 3755 3460 ἐκεῖ·

2170 3520 2253 3556 νοι
2284 3504 2344 3556 τὸ
2383 3503 2637 3557 ναυτικὸν
2667 3503 2892 3575 πλῆθος)
2930 3503 3061 3574 πρὸς
3090 3503 3150 3555 τὸ
3179 3501 3571 3571 συνηθέστερον
3601 3501 3758 3553 ἔϐλεο

2172 3611 2293 3648 πον.
2322 3595 2430 3647 Καὶ
2457 3597 2926 3665 συσκευασάμενοι
2959 3596 3208 3666 μηχανὰς
3228 3595 3609 3666 πετροϐόλους,
3663 3613 3754 3666 μι-

2173 3684 2534 3754 κρομεγέθεις
2557 3687 2656 3756 μὲν
2684 3685 2955 3750 πλείονας,
2981 3687 3056 3749 ὠς
3079 3686 3452 3741 ἐπιϐουλεύειν
3474 3686 3543 3740 δι’
3565 3686 3752 3740 αὐτῶν

2172 3777 2286 3839 τοῖς
2313 3779 2376 3830 ἐκ
2403 3777 2516 3830 τῶν
2559 3778 2786 3847 τειχέων
2820 3777 3146 3847 πολεμοῦσιν
3191 3778 3515 3848 ἡμεδαποῖς,
3563 3777 3657 3830 δύο
3691 3776 3752 3830 δέ

2176 3866 2453 3935 μείζονας,
2487 3859 2560 3920 ὧν
2593 3867 2795 3938 θατέρα
2849 3866 3076 3938 σεισμοῦ
3113 3869 3362 3938 θυγάτηρ
3394 3867 3751 3936 τολμήσαντα

2173 3955 2342 4023 φάναι
2367 3971 2382 3986 ο
2411 3956 2777 4024 ἐντεινάμενοι
2807 3956 2864 4008 δὲ
2897 3961 2991 4009 καὶ
3017 3959 3141 4018 τοὺς
3170 3957 3268 4026 τὴν
3296 3956 3752 4009 εὖεπιϐούλευτον

2171 4049 2380 4118 τάφρον
2428 4047 2698 4118 συρφετοῦ
2737 4047 3068 4119 πλήσοντας,
3106 4048 3202 4100 καὶ
3234 4051 3294 4100 τὸ
3327 4049 3640 4117 περίτειχος
3687 4048 3752 4100 δὲ

2174 4139 2497 4192 κατασεῐσαι
2528 4140 2758 4206 δεινοὺς,
2792 4142 2888 4192 καὶ
2935 4139 3011 4210 τῷ
3051 4139 3220 4211 τείχει
3260 4138 3610 4209 προσϐαλεῖν,
3654 4139 3753 4192 καὶ

2174 4227 2419 4298 διορύξαι
2458 4230 2590 4284 αὐτὸ
2619 4234 2699 4291 είς
2729 4233 3106 4298 κατάπτωσιν,
3136 4231 3375 4301 ἐγίνοντο
3404 4229 3511 4282 τῶν
3545 4229 3751 4298 ἔργων,

2176 4321 2252 4381 είς
2275 4320 2397 4372 ὅσον
2419 4325 2700 4390 κραταιὸν,
2728 4325 2822 4375 καὶ
2846 4323 3140 4378 ἀκάθεκτοι
3165 4321 3612 4390 κατειργάζοντο.
3637 4322 3753 4374 Καὶ

488 4429 580 4479 ne,
607 4426 764 4465 mane
785 4420 962 4463 autem
996 4419 1124 4460 acre
1145 4410 1420 4458 certamen
1455 4401 1717 4455 inierunt.
1736 4398 1925 4455 Omnis
1944 4398 2068 4468 qui-

2179 4411 2506 4480 προέτρεχον
2527 4411 2710 4474 αὐτοῖς
2728 4413 2945 4466 πάντων
2969 4413 3151 4482 συχνοὶ
3173 4411 3580 4482 ἀκροϐολισμοί,
3605 4411 3753 4482 Πρὸς

488 4509 611 4563 dem
644 4521 771 4577 pars
797 4497 1158 4557 occidentalis
1196 4493 1669 4565 comprehendens
1719 4499 1896 4545 totmn
1957 4489 2071 4544 cir-

489 4600 697 4656 cuitum
754 4595 900 4649 arcis
942 4591 1018 4664 (in
1063 4591 1282 4644 modum
1320 4588 1467 4641 enim
1527 4583 1686 4639 falcis
1735 4595 1764 4634 a
1815 4579 1952 4635 mari
2001 4578 2071 4634 ad

490 4705 678 4764 portas
713 4692 801 4746 hic
830 4690 966 4743 sitas
996 4699 1161 4756 Opera
1191 4681 1421 4736 turrium
1457 4680 1723 4750 producta
1747 4673 1934 4744 erant)
1961 4687 2070 4727 non

490 4783 847 4843 sollicitudini
886 4780 988 4835 fuit
1031 4779 1186 4832 nobis
1225 4783 1279 4828 et
1309 4780 1424 4828 tuta
1481 4773 1686 4825 mansit
1718 4784 1734 4834 ;
1773 4782 1899 4838 pars
1941 4778 2070 4820 vero

490 4878 774 4934 orientalis
838 4888 1055 4928 omnem
1121 4874 1380 4940 impetum
1457 4865 1748 4920 sustinuit.
1800 4859 2068 4914 Fervebat

492 4987 672 5042 pugna
709 4971 763 5022 in
805 4967 986 5020 littore
1031 4964 1218 5026 maris,
1262 4958 1665 5029 primum,quia
1707 4954 1824 5008 loca
1877 4958 2068 5006 contra

495 5075 684 5117 muros
719 5059 866 5113 sicca
933 5055 1272 5122 reliquerant
1306 5067 1460 5120 aqua:
1494 5049 1683 5111 maris,
1717 5045 1892 5101 aestivi
1931 5053 2071 5097 tem~

493 5155 645 5225 poris
675 5165 863 5212 causa,
892 5148 1146 5216 quodque
1193 5159 1342 5198 mare
1389 5144 1611 5213 plenum
1656 5155 1767 5194 non
1832 5147 1950 5192 erat
1979 5150 2072 5190 us-

492 5258 600 5313 que
628 5241 694 5294 ad
736 5238 1102 5300 munitiones,
1139 5236 1212 5288 ita
1247 5241 1307 5287 ut
1337 5233 1571 5302 spatium
1624 5229 1829 5299 grande
1852 5227 1918 5282 ad
1959 5241 2068 5296 pu-

493 5349 656 5404 gnam
694 5331 802 5384 illis
843 5328 1090 5383 relictum
1146 5325 1340 5378 fuisset
1365 5337 1392 5374 a
1423 5322 1694 5375 moenibus
1737 5317 2070 5372 Iittoralibus

493 5435 661 5495 atque
677 5423 745 5477 ab
770 5434 1022 5491 aequore;
1053 5427 1161 5471 tum
1180 5416 1304 5485 quia
1328 5413 1506 5468 Latini
1525 5415 1594 5466 ob
1620 5411 1866 5482 peritiam
1890 5409 2067 5479 quain

492 5517 636 5572 bello
667 5514 942 5586 pollebant
972 5509 1063 5564 hic
1102 5508 1274 5575 magis
1299 5505 1604 5575 urgendum
1639 5506 1906 5556 viderant.
1940 5499 2068 5555 lude

493 5611 640 5662 enim
667 5606 898 5671 cOgnovi
930 5603 1157 5656 multum
1191 5599 1432 5669 potuisse
1460 5597 1655 5651 laedere
1683 5611 1805 5661 nos,
1828 5612 1893 5650 eo
1921 5600 2065 5662 quod

494 5699 730 5761 primum
776 5709 1099 5767 permanere
1127 5690 1220 5747 diu
1269 5700 1546 5762 poterant,
1601 5706 1727 5743 cum
1752 5689 1908 5744 littus
1960 5692 2063 5745 hoc

2174 4499 2355 4570 δείλην
2383 4503 2492 4571 γὰρ
2519 4505 2882 4573 κατασχόντες
2910 4503 3007 4568 τὰς
3043 4502 3175 4566 ναῦς
3207 4506 3289 4566 είς
3331 4503 3542 4573 αὔριον,
3573 4502 3753 4554 ἔωθεν

2176 4590 2356 4662 μάχης
2391 4596 2662 4664 κρατερᾶς
2714 4595 3028 4664 ἐνήρξαντο.
3064 4595 3172 4647 Καὶ
3219 4593 3280 4646 τὸ
3335 4593 3435 4664 μὲν
3479 4592 3754 4660 δυσμικὸν

2172 4681 2320 4736 ἅπαν
2352 4685 2457 4744 ἕως
2508 4684 2602 4737 καὶ
2635 4685 2715 4747 είς
2759 4686 2882 4739 ὅλον
2927 4686 2988 4739 τὸ
3025 4685 3212 4755 κύκλῳ
3249 4685 3350 4754 τῆς
3395 4684 3755 4755 ἀκροπόλεως

2173 4774 2338 4844 (κατὰ
2367 4778 2552 4848 σχῆμα
2573 4777 2683 4850 γάρ
2708 4795 2761 4831 τι
2794 4778 3064 4850 δρεπάνου
3100 4781 3164 4832 ἐκ
3199 4777 3473 4846 θαλάσσης
3505 4777 3614 4839 ἐως
3649 4776 3757 4829 καὶ

2173 4867 2279 4920 τῶν
2302 4868 2484 4920 ἐκεῖσε
2534 4868 2718 4921 πυλῶν
2763 4870 3060 4939 περιήγετο
3093 4868 3436 4941 πυργηροῦν)
3470 4868 3568 4937 οὐχ
3601 4867 3756 4921 οὕτω

2173 4957 2477 5027 πράγματα
2507 4960 2641 5029 ἡμῖν
2675 4963 2960 5029 παρεῖχεν,
2984 4957 3108 5012 οὔτε
3135 4958 3425 5029 τραύματα
3458 4957 3709 5026 ἐνέτριϐε
3727 4973 3750 4990 ο

2170 5049 2232 5101 τὸ
2262 5048 2318 5101 δὲ
2347 5049 2405 5114 ἐξ
2437 5050 2701 5119 ἀνατολῆς
2731 5050 3038 5120 ἐθηριοῦτο.
3075 5045 3183 5103 Ἷιν
3208 5050 3265 5102 δέ
3315 5050 3495 5119 μάχης
3526 5048 3756 5102 ἐλεύθε-

2177 5156 2270 5208 ρον
2295 5139 2354 5193 τὸ
2389 5140 2654 5209 παράλιον
2690 5143 2831 5205 ὅλον,
2890 5142 2952 5194 τὸ
3003 5141 3124 5210 μὲν,
3155 5143 3238 5195 ὅτι
3275 5141 3403 5212 ψιλὰ
3449 5141 3757 5194 θαλασσίου

2176 5230 2365 5295 ὓδατος
2394 5229 2460 5302 ἦν
2485 5235 2554 5286 τὰ
2581 5233 2717 5303 πρὸς
2745 5233 2823 5304 τῷ
2855 5234 3023 5303 τείχει
3063 5235 3152 5288 διὰ
3183 5233 3276 5288 τὸν
3307 5234 3499 5304 καιρὸν
3529 5234 3759 5303 θερινὸν

2171 5323 2317 5388 ὄντα,
2345 5328 2437 5377 καὶ
2468 5326 2542 5395 μὴ
2575 5326 2880 5396 πληθύοντα
2924 5326 3024 5397 τὴν
3059 5326 3332 5382 θάλασσαν
3371 5328 3533 5397 μέχρι
3563 5329 3657 5380 καὶ⁵
3687 5328 3760 5391 ἐς

2172 5417 2333 5468 αὑτὸν
2368 5419 2671 5487 τειχισμὸν,
2695 5419 2770 5482 ὼς
2803 5419 3052 5473 ἐντεῦθεν
3108 5421 3166 5487 ἐξ
3213 5421 3572 5491 ἀσυμμέτρου
3629 5423 3758 5484 τοῖς

2171 5508 2238 5561 ἐκ
2265 5509 2373 5561 τῶν
2398 5511 2681 5578 παραλίων
2707 5513 2932 5579 τειχέων
2961 5513 3054 5566 καὶ
3079 5512 3177 5581 τῆς
3205 5514 3270 5564 ἐκ
3299 5511 3570 5580 θαλάττης
3597 5508 3758 5566 εἶναι

2170 5599 2268 5668 τὴν
2306 5601 2516 5670 μάχην·
2546 5600 2607 5653 τὸ
2635 5600 2702 5666 δ’,
2731 5603 2812 5655 ὅτι
2840 5603 3106 5672 δαήμονες
3128 5605 3283 5667 ὅντες
3305 5606 3504 5657 ἐκεῖνοι
3533 5605 3756 5674 μάχης,

2171 5693 2298 5761 περὶ
2328 5692 2386 5744 τὸ
2427 5693 2621 5746 πονιῦν
2651 5694 2850 5764 μᾶλλον
2898 5695 2998 5765 τῆς
3049 5697 3257 5762 πόλεως
3290 5696 3630 5768 ἐμελέτησαν
3660 5697 3762 5752 ἰν-
