3950 6242
242 280 320 346 69
756 276 758 278 ’
1069 280 1167 341 DE
1204 281 1493 344 THESSA
1509 281 1778 346 LONICA
1819 285 2030 349 URBE
2071 291 2116 350 Α
2153 291 2464 355 LATINIS
2487 292 2744 356 CAPTA.
3475 297 3554 366 το

239 398 444 465 τήκειν
487 392 729 462 πληγάς.
782 393 1023 449 Ἐκεῖθεν
1055 395 1166 466 γὰρ
1197 397 1429 466 διέγνων
1473 397 1738 453 δύνασθαι
1771 399 1839 453 ἂν

1962 405 2019 460 tit
2067 406 2404 476 profundum
2463 409 2700 482 ideoque
2749 419 2945 482 portus
2997 414 3369 482 commodus;
3426 423 3545 471 tum

243 491 458 562 βλάψαι
490 489 664 559 ἡμᾶς,
696 491 774 554 ὡς
822 490 918 542 καὶ
951 488 1341 560 προσεδρεύειν
1387 490 1447 544 εὖ
1499 491 1649 561 μάλα
1679 491 1842 548 δυνά-

247 601 410 652 μενοι
437 582 530 636 διά
563 582 626 635 τὸ
659 581 753 636 τοῦ
787 581 1041 650 αἰγιαλοῦ
1071 582 1370 652 ἀγχιϐαθὲς
1405 585 1498 637 καὶ
1530 583 1708 649 οὕτως
1751 587 1844 638 εὖ·

239 677 470 745 λίμενον
492 693 509 710 ο
541 678 636 729 καὶ
663 676 747 730 ὅτι
787 677 880 728 καὶ
904 676 967 728 τὸ
1002 677 1181 745 τεῖχος
1210 679 1314 732 οὐκ
1365 678 1661 748 ἀπονήρως
1696 675 1846 749 εῖχεν

243 773 454 832 ἐκεῖσε,
489 769 733 839 ἀτέχνως
761 787 824 822 τε
867 769 968 841 τὴν
996 771 1174 841 ἀρχὴν
1206 772 1496 836 συσταθὶν,
1526 775 1618 827 καὶ
1651 775 1751 828 ούκ
1783 775 1844 830 εὖ

246 862 568 932 συμπαγὲν,
605 863 700 915 καὶ
763 862 902 933 μηδὲ
961 863 1342 934 μεμελημένον
1388 867 1515 937 ἄρτι
1560 867 1640 938 τῷ
1691 867 1844 940 καλῷ

259 972 571 1027 ιτρατηγῳ.

323 1135 387 1199 ξ’.
435 1134 633 1205 Ἐᾠκει
683 1135 793 1207 γὰρ
844 1135 1016 1207 ίατρῷ
1067 1137 1575 1209 παρακολουθοῦντι
1630 1139 1886 1211 σώματι.

247 1229 512 1282 πονοῦντι
544 1230 662 1298 μὲν,
690 1229 789 1299 οἴῳ
813 1229 868 1282 δὲ
905 1231 981 1299 μὴ
1013 1230 1310 1300 φιλεῖσθαι,
1343 1233 1418 1298 ὡς
1443 1235 1847 1308 ἀναποιηθῆναι

248 1323 393 1392 πρὸς
426 1320 664 1388 ὑγίειαν,
693 1319 989 1374 κάντεῦθεν
1020 1321 1315 1390 ἀμελοῦντι
1344 1323 1405 1376 τὸ
1433 1325 1618 1379 νοσοῦν
1645 1327 1849 1382 ἀνακο-

251 1413 550 1480 μίσασθαι.
579 1413 688 1465 Καὶ
723 1413 826 1465 οὐκ
861 1412 979 1464 ἔστι
1003 1411 1364 1483 διαπιστῆσαι
1413 1416 1539 1480 τοὺς
1579 1416 1642 1472 εὖ
1689 1436 1851 1472 κατε-

248 1503 545 1570 γνωκότας
561 1503 622 1557 τὸ
642 1505 894 1574 πρᾶγμα,
916 1503 991 1568 ὡς
1011 1505 1152 1559 πάνυ
1180 1522 1229 1558 τι
1255 1505 1432 1578 βραχὺ
1459 1509 1726 1578 προδότου
1751 1509 1846 1564 τοῦ

249 1597 466 1664 κυρίως
491 1598 796 1666 διενεγκεῖν
831 1598 858 1649 ό
887 1596 1052 1650 Δαυῖδ
1099 1597 1356 1666 φαίνεται
1413 1601 1540 1654 καθ’
1571 1603 1732 1672 ἡμῶν
1754 1619 1767 1633 ⁸
1799 1603 1849 1657 εί

253 1690 334 1758 μή
370 1707 456 1754 τις
493 1691 604 1760 ἄρα
637 1689 972 1762 θερμότερον
1000 1691 1334 1755 ὲπιϐάλλων,
1357 1693 1431 1756 ὡς
1460 1693 1517 1747 ἓν
1551 1712 1660 1748 τινι
1711 1695 1844 1748 πλά-

253 1796 447 1849 στιγγι
489 1761 784 1851 παρισάζοι
833 1761 1040 1835 ἐκεῖνον
1084 1785 1164 1845 εἰς
1203 1783 1471 1854 προδότην
1499 1786 1847 1858 αὐτόχρημα.
1877 1761 1923 1822 Β

253 1875 394 1944 Δίχα
432 1874 542 1944 γὰρ
569 1875 866 1928 συνθεσιῶν
901 1877 993 1928 ἐπὶ
1029 1878 1214 1947 ῥητοῖς
1244 1876 1341 1930 καὶ
1375 1877 1666 1947 μηνύσεων
1708 1895 1849 1948 γνω-

257 1967 464 2034 ρίμων,
498 1965 535 2020 ἀ
565 1966 630 2038 δὴ
657 1969 748 2020 καὶ
777 1968 916 2020 αὐτά
945 1969 1133 2022 πολλοὶ
1166 1968 1574 2039 κατηγοροῦσιν
1607 1969 1848 2036 ἐκείνου,

255 2059 433 2113 τᾶλλα
473 2062 651 2114 πάντα
699 2060 1035 2131 προδοτικῶς
1066 2057 1214 2132 εἶχεν
1241 2065 1268 2117 ὁ
1313 2063 1476 2134 ἀνήρ.
1524 2063 1635 2116 Καὶ
1671 2063 1853 2116 κοινὸν

255 2152 413 2224 αὐτῷ
441 2171 503 2207 τε
536 2158 629 2209 καὶ
659 2154 738 2223 τῷ
780 2157 923 2210 κατὰ
959 2156 1196 2228 σπονδὴν
1234 2157 1479 2227 φανεράν
1510 2155 1690 2220 ἄλλως
1720 2172 1853 2224 προ-

254 2246 389 2318 δότῃ
422 2247 485 2300 τὸ
528 2243 625 2301 τοῦ
677 2247 860 2301 κοινοῦ
897 2249 993 2318 μὲν
1035 2249 1315 2321 ύπερορᾷν
1348 2249 1852 2320 περιφρονητικῶς,

257 2338 444 2410 ἑαυτῷ
468 2339 525 2392 δὲ
552 2340 699 2410 μόνῳ
731 2339 1053 2410 χαρίζεσθαι
1079 2358 1093 2373 ⁸
1124 2342 1220 2395 καὶ
1257 2341 1614 2412 προτίθεσθαι
1642 2341 1854 2406 πάντας

227 2453 240 2462 <
260 2432 366 2502 μὲν
387 2432 632 2497 ἀπιέναι,
655 2436 927 2502 περιεῖναι
949 2434 1006 2487 δὲ
1040 2434 1177 2503 μόνα
1202 2434 1270 2487 τὰ
1296 2435 1416 2486 κατ’
1437 2435 1623 2490 αὐτόν.
1649 2434 1780 2503 Ἐμέ
1791 2452 1855 2502 μ-

257 2541 431 2594 φοντο
479 2526 530 2578 οἱ
580 2527 991 2594 στρατιωτικοὶ,
1040 2527 1226 2580 ὃτιτά
1270 2525 1579 2596 πετροϐόλοι
1612 2527 1670 2578 ὲν
1720 2526 1855 2596 ἡμῖν

257 2615 476 2688 ὄργανα
512 2619 612 2671 οὐκ
647 2617 966 2688 εὐχρήστως
1011 2616 1180 2690 εἶχον,
1207 2618 1282 2683 ὡς
1316 2619 1686 2689 ἀντιφερίζειν
1719 2621 1857 2690 πρὶς

256 2711 336 2762 τά
361 2710 474 2762 τῶν
504 2709 842 2780 ἀντιμάχων.
886 2711 946 2764 ’0
975 2710 1031 2763 δὲ
1056 2712 1214 2778 ἀφεὶς
1259 2711 1563 2782 κατορθοῦν
1595 2711 1656 2764 τὺ
1689 2710 1857 2780 ψεγό-

263 2817 454 2871 μενον,
479 2802 598 2868 καὶ,
629 2801 694 2853 Τί
724 2801 934 2873 ποιήσω
953 2818 968 2864 ;
986 2801 1163 2869 ἔλεγε,
1196 2803 1290 2854 xui.
1311 2803 1538 2872 ἠρκεῖτο
1565 2803 1742 2855 εἰπεῖν
1770 2819 1860 2854 το-

261 2893 463 2948 σοῦτον
503 2895 534 2947 ὁ
586 2894 799 2966 κομψὸς
859 2894 1280 2964 Πυθαγοριστής
1306 2910 1321 2926 ο
1344 2895 1522 2947 δοκῶν
1559 2896 1681 2964 μὲν,
1713 2895 1857 2966 ἱερὸν

260 2983 410 3042 εἶναι
442 2988 606 3058 σιγῆς
652 2988 739 3041 διὰ
781 2988 844 3042 τὸ
893 2986 1187 3058 ἐχεμυθεῖν
1222 2988 1291 3040 τὰ
1324 2987 1518 3050 πλείω,
1571 2987 1750 3051 ἄλλως
1802 2987 1858 3040 δὲ

1945 497 2090 568 quod
2122 514 2312 557 murus
2331 502 2616 569 quamviss
2641 506 2911 560 ecundum
2939 514 3111 562 artem
3132 507 3381 564 bellicam
3414 523 3552 564 con-

1946 601 2210 661 structus,
2243 611 2344 651 nec
2385 597 2582 668 perite,
2606 612 2707 654 nec
2745 598 2919 654 solide
2953 614 2984 655 a
3013 601 3282 671 principio
3316 600 3554 658 aediﬁca-

1951 694 2038 742 tus
2079 687 2278 753 fuerat,
2315 698 2371 745 et
2399 698 2630 747 strenuo
2667 688 2960 750 defensore
2993 696 3238 752 carebat.

2018 1139 2110 1196 60.
2140 1139 2272 1195 Erat
2304 1139 2453 1195 enim
2518 1140 2720 1196 similis
2757 1139 2975 1196 medico
3042 1139 3262 1194 curanti
3339 1153 3548 1208 corpus

1949 1242 2220 1297 aegrotum
2273 1234 2512 1302 ideoque
2557 1234 2680 1289 sine
2718 1233 3136 1296 blandimentis,
3204 1241 3262 1286 ut
3323 1232 3547 1287 sanitati

1951 1324 2293 1384 restituatur.
2321 1327 2527 1392 quique
2572 1339 2681 1380 non
2705 1325 2817 1394 jam
2844 1325 3115 1381 sollicitus
3149 1333 3234 1379 est
3257 1324 3327 1380 de
3355 1325 3549 1380 morbo

1951 1417 2218 1472 sanando.
2271 1416 2436 1472 Juxta
2493 1432 2637 1482 nos,
2674 1428 2735 1471 ut
2791 1417 3023 1487 quilibet
3092 1433 3207 1473 rem
3272 1432 3549 1482 cognove-

1951 1510 2082 1572 rint,
2132 1507 2297 1563 David
2337 1523 2365 1562 a
2402 1509 2685 1578 proditore
2747 1509 2927 1578 reipsa
2987 1509 3269 1580 paululum
3325 1508 3551 1564 differre

1950 1599 2204 1665 videtur;
2261 1600 2368 1655 nisi
2427 1601 2556 1670 quis
2622 1615 2900 1670 reponens
2974 1601 3302 1662 ardentius,
3355 1601 3551 1672 prodi-

1952 1692 2059 1747 tori
2133 1699 2376 1758 aaquaret
2450 1693 2606 1746 illum
2682 1694 2738 1748 in
2789 1693 3030 1748 bilance.
3087 1693 3345 1760 Exceptis
3401 1692 3548 1748 enim

1953 1793 2259 1839 conventus
2295 1783 2482 1837 statuti
2506 1784 2786 1853 signisque
2816 1783 3009 1847 certis,
3039 1783 3225 1837 omnia
3259 1783 3388 1845 alia,
3415 1798 3556 1852 quo-

1953 1891 2073 1930 rum
2113 1876 2264 1930 multi
2295 1876 2448 1930 illum
2485 1885 2744 1941 arguunt,
2766 1875 2971 1947 perﬁde
2999 1875 3129 1946 egit.
3151 1875 3231 1929 Illi
3257 1888 3552 1929 commune

1953 1979 2039 2024 est
2104 1970 2310 2024 scilicet
2365 1985 2492 2024 cum
2549 1969 2864 2040 proditore,
2907 1968 3202 2024 manifeste
3261 1968 3400 2022 alias
3458 1983 3555 2022 ne-

1954 2065 2225 2135 gotiante,
2282 2065 2483 2117 bonum
2546 2077 2841 2116 commune
2887 2059 3408 2131 negligere'sibique
3443 2050 3552 2116 s'oli

1955 2158 2265 2227 providere,
2326 2173 2522 2212 omnes
2578 2157 2860 2211 dimittere
2911 2170 3121 2225 suaque
3171 2155 3288 2210 sola
3354 2153 3550 2209 sedqu

1956 2266 2168 2304 curare.
2204 2250 2593 2316 Qucrebantur
2628 2249 2831 2304 milites
2863 2248 3010 2318 quod
3045 2248 3316 2303 machina!
3347 2255 3551 2302 nostra:

1957 2362 2065 2398 nou
2120 2355 2258 2414 aptae
2310 2352 2496 2400 essent
2550 2344 2615 2397 ad
2668 2343 3014 2409 repellendos
3073 2343 3218 2396 ictus
3283 2340 3548 2395 hostium.

1958 2436 2114 2504 Quod
2173 2452 2302 2490 vero
2363 2435 2876 2507 reprehendebatur
2911 2450 3018 2488 non
3058 2433 3380 2489 emendans.
3408 2430 3554 2496 Quid

1961 2530 2157 2584 faciam
2182 2529 2204 2582 ἲ
2234 2530 2436 2594 aiebat,
2467 2538 2798 2597 tantumque
2823 2537 2882 2583 ut
2917 2527 3102 2582 fatuus
3154 2525 3550 2597 Pythagoricus

1960 2623 2218 2685 addebat,
2256 2621 2431 2675 videri
2475 2623 2579 2677 sibi
2633 2622 2894 2690 templum
2923 2634 3047 2676 esse
3073 2617 3277 2674 silentii
3322 2616 3393 2670 ob
3433 2615 3553 2683 ple-

1961 2733 2130 2783 raque
2186 2717 2442 2780 tacenda,
2472 2716 2594 2770 aliis
2657 2717 2922 2768 adversus
2975 2713 3328 2768 insidiatores
3376 2707 3552 2765 suii'o-

1960 2805 2172 2860 caturis
2201 2809 2388 2870 verba,
2411 2806 2531 2861 aliis
2559 2807 2856 2860 retenturis
2879 2807 2948 2858 ob
2983 2805 3119 2858 mala
3148 2801 3550 2858 dissimulanda

1959 2898 2137 2960 obque
2201 2908 2416 2952 secreta
2491 2897 2925 2967 profundissime
2983 2895 3356 2950 recondenda.
3411 2891 3550 2946 Cum

1961 2988 2205 3044 audisset
2253 2991 2454 3044 muenia
2510 2989 2772 3057 occupari
2839 2989 2908 3042 ab
2974 2987 3230 3043 hostibus
3290 3001 3356 3040 eo
3405 2984 3551 3054 quod

261 3081 413 3135 κατά
442 3081 570 3143 τοὺς
604 3079 879 3150 λοχῶντας
931 3079 1141 3148 πνίγων
1174 3078 1272 3149 τὴν
1319 3079 1511 3132 λαλιὰν
1547 3079 1855 3150 ἄνθρωπος.

1965 3097 2156 3151 parum
2186 3082 2360 3137 solida
2386 3090 2595 3147 essent,
2629 3096 2762 3136 voce
2785 3081 3041 3136 obsemna
3071 3090 3228 3135 utens
3256 3078 3322 3133 ad
3348 3087 3553 3135 matres

255 3171 481 3243 ἐπέχων
547 3173 648 3225 καὶ
673 3172 748 3224 τά
781 3171 839 3234 ὲς
889 3171 1158 3242 πονηρίαν
1187 3171 1500 3240 ἀδιόρατος,
1555 3171 1650 3224 καὶ
1687 3171 1749 3222 τό
1794 3187 1858 3236 γε

261 3263 571 3334 κρυψίνουν
622 3261 982 3333 πολυϐενθής.
1017 3263 1276 3327 Ἢκουεν,
1328 3261 1402 3323 ὡς
1437 3260 1498 3314 τὸ
1543 3261 1860 3331 περίτειχος

263 3354 760 3426 καταλαμϐάνεται
792 3354 880 3407 διά
929 3354 991 3407 τὸ
1026 3355 1308 3426 ἀνεχύρως
1343 3354 1487 3424 ἔχειν
1509 3369 1524 3386 ⁶
1560 3355 1654 3408 καὶ
1686 3354 1859 3424 παρέ-

262 3463 488 3514 πεμπεν
510 3445 643 3499 αὐτὸ
671 3447 793 3510 ταῖς
821 3449 1063 3519 μητράσι
1087 3449 1194 3501 τῶν
1223 3446 1499 3518 πολεμίων
1523 3447 1854 3518 παραϐύειν,

260 3539 399 3593 ἔνθα
449 3540 884 3610 αἱσχρορῤήμων
931 3540 1078 3594 εἴποι
1117 3539 1184 3593 ἂν
1232 3542 1391 3611 ἀνήρ.
1435 3540 1858 3594 Ἐπιλειπόντων

263 3631 493 3698 δῖστῶν,
527 3635 642 3694 τοῖς
667 3633 760 3685 ἐπὶ
787 3631 899 3685 τῶν
937 3633 1168 3702 τειχέων
1192 3629 1260 3704 ἦν
1292 3635 1465 3705 βελῶν
1500 3635 1752 3706 ζήτησις.
1797 3635 1857 3687 '0

263 3725 326 3778 δὲ
357 3727 453 3778 καὶ
479 3723 584 3778 ποῦ
619 3724 687 3779 ἂν
737 3724 938 3786 αὐτοὺς
971 3725 1146 3798 εὖροι,
1177 3726 1596 3797 ύπετονθόρυξε,
1631 3726 1727 3780 καὶ
1756 3727 1862 3780 ἐδί-

263 3813 364 3867 δου
396 3814 589 3883 μηδὲν,
621 3813 718 3868 κα)⁵
762 3815 796 3886 ἠ
837 3815 991 3878 πόλις
1042 3814 1302 3884 ἔκαμνεν.
1349 3815 1579 3870 Ἐκλᾶτο
1617 3817 1858 3886 μηχανὴ,

265 3905 369 3958 καὶ
404 3901 476 3976 ἦν
512 3905 790 3974 ἀναγκαία
826 3906 1243 3977 ἐπιποιηθῆναι,
1268 3908 1363 3962 καὶ
1399 3906 1650 3980 ἐζητεῖτο
1676 3907 1858 3975 ξύλον·

266 3997 369 4051 καὶ
400 3995 505 4048 ποῦ
538 3994 606 4049 ἀν
630 3996 716 4067 εῖη
746 3996 900 4062 αὐτὸ,
928 3997 1246 4068 παρελάλει,
1288 3999 1591 4070 Ἐμάνθανέ
1616 4019 1702 4064 τις
1731 4000 1860 4054 ἄλλο

266 4104 328 4141 τι
351 4087 524 4141 ἐνδεῖν
559 4087 669 4140 τῶν
694 4088 943 4154 δεόντων,
976 4091 1070 4144 καὶ
1093 4091 1272 4144 ἐλάλει
1297 4106 1310 4122 ·
1343 4091 1440 4144 καὶ
1460 4086 1528 4162 ἦν
1554 4092 1861 4159 τηνικαῦτα

268 4182 300 4234 ὁ
325 4181 470 4234 κατά
495 4182 801 4251 παροιμίαν
829 4182 1052 4252 σιγηλὸς
1082 4183 1232 4253 ἥρως
1253 4183 1560 4255 Εὐρυϐόας,
1586 4185 1680 4238 καὶ
1705 4187 1864 4256 ἠπει-

268 4271 422 4325 λεῖτο
449 4274 592 4326 κατά
627 4273 876 4345 πληγῶν,
904 4275 1044 4328 κατά
1074 4277 1339 4346 κεφαλῆς,
1391 4278 1534 4330 κατά
1571 4277 1860 4348 ὀμμάτων.

275 4365 423 4420 κατὰ
454 4365 852 4437 σκολοπισμοῦ,
878 4369 926 4420 ει
964 4367 1040 4437 μὴ
1071 4367 1368 4422 παύσοιντο
1393 4367 1576 4423 λαλεῖν
1614 4371 1665 4422 οἱ
1693 4371 1867 4423 τοιοῦ-

1967 3176 2207 3230 hostium
2235 3175 2530 3231 alludcbat.
2575 3173 2801 3243 Sagittis
2841 3173 3255 3237 deﬁcientibus,
3302 3188 3329 3226 a
3366 3186 3554 3228 muros

1961 3262 2388 3322 defendentibus
2438 3265 2831 3332 qumrebantur
2875 3261 3082 3327 jaeula.
3145 3263 3204 3318 Si
3253 3262 3378 3332 quis
3422 3275 3557 3316 vero

1966 3357 2167 3410 alicubi
2210 3356 2537 3420 invenisset,
2567 3355 2975 3421 murmurabat,
3013 3369 3116 3408 nec
3149 3354 3319 3408 ullum
3365 3353 3555 3413 dabat.

1964 3447 2278 3514 civitasque
2335 3447 2646 3502 laborabat.
2690 3447 2948 3502 Machina
2985 3448 3156 3502 fracta
3190 3456 3247 3502 ut
3274 3461 3557 3516 reparare-

1967 3549 2078 3606 tur,
2121 3542 2324 3610 lignum
2359 3541 2748 3610 qumrebatur;
2783 3550 2912 3594 tunc
2955 3540 3076 3594 lora
3119 3539 3366 3593 materiis
3395 3537 3558 3608 plena

1965 3632 2278 3700 indicabat;
2309 3649 2431 3688 cum
2465 3634 2590 3703 quis
2621 3633 2830 3688 diceret
2876 3631 3022 3686 aliud
3051 3629 3326 3701 quoddam
3361 3644 3556 3684 neces-

1964 3726 2169 3780 sarium
2231 3727 2447 3788 deesse,
2487 3726 2604 3794 ipse
2664 3740 2948 3779 sermones
2983 3725 3204 3790 ciebat;
3253 3732 3386 3778 tunc
3439 3730 3558 3778 erat

1961 3817 2118 3888 jtntla
2151 3818 2506 3888 proverbium
2538 3817 2850 3870 taciturnus
2888 3813 3170 3882 Enryboas
3200 3814 3403 3879 heros;
3429 3827 3553 3866 nam

1965 3909 2280 3968 verberum,
2327 3908 2549 3974 capitis.
2599 3905 2888 3961 oculorum
2943 3904 3164 3974 palique
3209 3918 3422 3973 lienam
3455 3904 3552 3957 mi-

1967 4002 2203 4055 nabatur
2229 3999 2332 4054 nisi
2365 3996 2512 4065 loqui
2553 4004 2856 4061 cessarent,
2880 3995 3076 4065 jurans
3115 4011 3214 4066 per
3238 4005 3404 4064 caput
3454 3995 3558 4050 im-

1965 4092 2243 4164 peratoris
2289 4089 2565 4144 minarum
2617 4098 2894 4145 certarum
2952 4088 3109 4142 [idem
3145 4087 3283 4144 fore.
3326 4088 3556 4157 Quidam

1966 4196 2148 4240 autem
2211 4201 2322 4240 non
2377 4185 2604 4240 omnino
2669 4181 2914 4252 plebeius
2949 4183 3129 4252 capite
3183 4180 3344 4236 laesus
3373 4189 3456 4236 est
3504 4187 3559 4234 et

1967 4277 2147 4333 fronte
2191 4277 2339 4346 virga
2373 4291 2697 4346 percussus,
2752 4289 2820 4328 eo
2869 4275 3014 4343 quod
3061 4275 3129 4329 de
3180 4273 3319 4328 ma'a
3343 4271 3559 4328 ratione

1973 4369 2166 4441 agendi
2203 4369 2438 4423 militum
2481 4367 2640 4423 ducis
2691 4375 2922 4435 questus
2945 4376 3121 4432 esset;
3172 4381 3444 4436 nemoque
3490 4379 3556 4420 ex

271 4473 360 4508 τοι
388 4473 403 4488 ο
436 4456 802 4528 διομνύμενος
834 4458 914 4520 είς
955 4459 1140 4510 πίστιν
1177 4457 1449 4527 σταθερᾶς
1499 4459 1730 4528 ἀπειλῆς
1766 4459 1856 4530 βα·

1975 4459 2281 4515 astantibus
2326 4475 2395 4514 ne
2446 4459 2740 4514 mussitare
2779 4458 2999 4527 quidem
3039 4471 3210 4512 ausus
3259 4465 3365 4512 est.
3416 4454 3558 4508 Mili-

273 4547 495 4620 σιλικὴν
550 4548 819 4619 κεφαλήν.
853 4548 973 4602 Τῶν
1028 4567 1111 4614 τις
1159 4548 1216 4602 δὲ
1267 4549 1329 4602 ού
1369 4553 1512 4604 πάνυ
1545 4548 1640 4603 τοῦ
1684 4551 1860 4622 δήμου

274 4641 374 4693 καὶ
431 4642 682 4712 κατεάγη
717 4643 818 4711 τῆς
858 4641 1126 4711 κεφαλῆς,
1161 4643 1231 4695 τά
1279 4643 1410 4711 περὶ
1457 4643 1518 4695 τὸ
1568 4642 1863 4710 πρόσωπον

278 4733 464 4806 ῥάϐδῳ
493 4735 750 4804 πληγεὶς,
778 4735 862 4787 ὅτι
893 4735 959 4788 τὰ
992 4734 1336 4804 στρατηγικά
1366 4733 1583 4802 φαύλως
1611 4732 1865 4804 ἐνεργού-

281 4842 420 4895 μενα
454 4824 874 4894 κατεμέμψατο.
909 4825 1017 4877 Καὶ
1047 4824 1158 4876 τῶν
1198 4823 1506 4893 βλεπόντων
1535 4821 1709 4884 οὐδεὶς
1739 4821 1864 4874 οὐδὲ

277 4914 551 4984 γογγύσαι
583 4915 906 4985 τετόλμηκε,
932 4913 1273 4982 Στρατιῶται
1322 4913 1376 4966 δὲ
1419 4910 1866 4984 παρρησιαζόμε-

278 5024 380 5072 vat,
411 5009 508 5060 καὶ
539 5006 680 5076 ὀρθά
707 5005 1022 5072 λαλοῦντες,
1049 5005 1108 5058 ἓν
1144 5005 1305 5074 μόνον
1341 5001 1480 5073 πρὸς
1528 5002 1623 5055 τοῦ
1658 5003 1862 5056 ἀτόπου

281 5100 504 5171 ἤκουον,
535 5101 612 5162 ὡς
638 5100 722 5151 ὅτι
755 5100 1061 5152 κατατόπια
1091 5095 1370 5167 εἰληχότες
1402 5095 1607 5156 ἐκεῖσε,
1642 5094 1738 5147 καὶ
1771 5095 1868 5164 μό-

282 5207 371 5243 νον
402 5189 690 5245 πονεῖσθαι
741 5192 990 5259 ἀνάγκην
1023 5188 1230 5260 ἔχουσι,
1281 5187 1445 5240 πλέον
1475 5185 1532 5238 δέ
1574 5202 1626 5238 τι
1661 5185 1737 5256 μὴ
1771 5203 1868 5239 πε-

287 5279 704 5352 ριεργάζεσθαι,
733 5281 782 5332 εἰ
811 5280 886 5351 μὴ
919 5281 1066 5332 κακά
1100 5279 1342 5348 αἱροῖντο
1369 5275 1680 5331 πείσεσθαι.
1714 5277 1867 5330 Σῖτον

283 5375 617 5446 ἱπαρκέσειν
649 5377 718 5444 τῇ
750 5373 904 5428 πόλει
926 5373 1184 5446 ὀφείλων,
1208 5373 1236 5425 ὁ
1268 5373 1314 5427 δ’
1343 5375 1400 5437 ἐς
1431 5371 1686 5428 τοσοῦτον
1717 5373 1864 5445 ἀπη-

1971 4558 2052 4606 tes
2082 4553 2178 4622 qui
2216 4552 2386 4607 libere
2417 4563 2672 4621 recteque
2713 4551 2858 4621 loqui
2909 4552 3108 4612 solent.
3143 4565 3311 4606 unum
3342 4556 3554 4603 tantum

1973 4655 2166 4715 prmter
2211 4645 2441 4698 Stultum
2486 4644 2826 4708 audiebant,
2854 4643 3001 4713 quod
3032 4643 3157 4710 quia
3194 4656 3300 4695 non
3338 4641 3442 4694 nisi
3469 4655 3556 4694 res

1971 4735 2167 4788 stultas
2207 4735 2444 4802 experiri
2485 4745 2540 4789 et
2576 4734 2747 4788 duras
2783 4733 2892 4800 pati
2937 4734 3113 4787 vocati
3163 4740 3350 4786 essent
3392 4731 3464 4785 ita
3497 4747 3556 4786 se

1975 4828 2217 4882 facturos
2246 4843 2370 4882 esse
2405 4842 2472 4881 ne
2505 4826 2686 4896 pejora
2722 4827 3021 4893 patiantur.
3057 4823 3410 4878 Frumentum
3426 4839 3553 4879 eum

1972 4920 2323 4990 suppeditare
2378 4917 2601 4972 debere:
2660 4915 2894 4978 civitati,
2936 4915 2990 4970 in
3050 4923 3264 4969 tantum
3326 4915 3557 4970 incuriae

1973 5013 2121 5065 venit
2170 5020 2226 5064 ut
2263 5025 2330 5063 ex
2396 5024 2458 5063 ea
2499 5007 2919 5062 circumstantia
2971 5017 3281 5077 Opportuna
3330 5023 3556 5074 magnas

1971 5101 2194 5156 divitias
2230 5100 2333 5154 sibi
2376 5099 2646 5168 acciperet
2688 5095 2776 5170 (ex
2831 5099 2933 5153 hoc
2974 5113 3134 5168 quem
3172 5097 3408 5151 fructum
3457 5099 3558 5151 mi-

1971 5209 2061 5250 ser
2099 5195 2340 5263 percepit
2372 5193 2414 5261 ἲ)
2445 5191 2607 5246 famis
2632 5205 2760 5245 vero
2786 5190 2992 5246 civitati
3015 5205 3178 5246 causa
3206 5201 3351 5246 esset
3379 5207 3396 5258 ;
3424 5193 3558 5246 adeo
3650 5241 3654 5245 Α

1970 5293 2052 5348 ut,
2089 5285 2192 5337 nisi
2229 5283 2429 5337 ferrum
2461 5282 2698 5336 hostium
2731 5297 2828 5337 eos
2880 5281 3220 5349 devorasset,
3252 5283 3307 5338 in
3357 5282 3558 5338 discri-

1971 5388 2093 5429 men
2122 5390 2182 5429 se
2206 5374 2439 5428 invicem
2471 5374 2768 5430 devorandi
2796 5374 3015 5429 adducti
3051 5373 3306 5430 fuissent.

288 5470 540 5541 μέλησεν,
577 5470 658 5536 ὡς
694 5470 872 5544 ἑαυτῷ
925 5471 1024 5543 μὲν
1053 5470 1194 5542 λαϐῇ
1237 5469 1331 5524 τοῦ
1383 5469 1628 5524 τοιούτου
1672 5467 1839 5524 καλοῦ
1875 5468 2106 5523 πλοῦτον
2147 5471 2327 5542 παχὺν
2364 5469 2707 5540 περιθέσθαι,
2745 5462 2829 5538 (οὗ
2851 5470 2904 5523 τί
2946 5472 2974 5524 ὁ
3017 5470 3199 5533 ἅθλιος
3235 5470 3488 5523 ἀπώνατο
3511 5469 3555 5537 ;)

285 5569 350 5639 τῇ
377 5568 435 5622 δὲ
469 5570 631 5624 πόλει
671 5568 1298 5642 ὲγκαταστῆσαιελιμόνο
1357 5568 1455 5635 ὡς,
1514 5568 1564 5623 εἰ
1611 5566 1689 5640 μὴ
1741 5566 1880 5638 ταχὺ
1939 5568 2289 5623 κατέσπασεν
2337 5568 2368 5622 ό
2426 5568 2538 5623 τῶν
2572 5567 2848 5639 πολεμίων
2899 5568 3142 5640 σίδηρος,
3175 5564 3436 5636 ἀλλήλους
3488 5563 3558 5620 ἀν

289 5663 630 5721 κινδυνεῦσαι
659 5669 1025 5734 καταφαγεῖν.
