3950 6242
461 276 526 344 ἠ
1137 277 1561 340 EUSTATlllI
1601 275 2367 342 THESSALONICEN’SIS
2407 281 2966 343 METROPOIJTZE
3658 281 3731 342 72

534 387 627 444 (ii.
677 387 826 444 idem
894 396 951 444 et
1021 404 1190 445 causa
1247 390 1352 445 fuit
1406 391 1748 448 defectionis
1805 393 2042 446 militum

2223 392 2324 456 Ea’.
2353 395 2546 461 Γέγονε
2579 396 2674 446 καὶ
2705 391 3058 456 λειπανδρεας
3077 391 3138 458 τῇ
3161 389 3501 463 πόλειταύτῃ
3530 390 3729 453 αἴτιος.

465 482 522 536 in
539 481 788 538 civitate.
809 483 1104 553 Pbstquam
1127 487 1273 538 cnim
1300 485 1599 539 multorum
1625 487 1904 555 implesset
1929 500 2042 540 ma-

461 585 569 628 nus
601 574 906 639 immerito,
937 577 1051 644 qui
1083 576 1276 630 volunt
1325 577 1588 631 deserere
1643 579 1870 631 ordines
1911 577 2043 630 sinit

463 665 818 736 patriamque.
853 666 1042 731 fugere
1080 681 1190 736 quo
1223 667 1443 722 vellent.
1483 667 1588 733 Qui
1621 669 1830 722 divitiis
1874 667 2043 721 abun-

464 759 688 826 dabant,
723 760 952 816 salutem
979 770 1374 830 cauponantes,
1401 761 1559 829 pejus
1581 761 1760 815 adhuc
1787 761 2037 828 agebant.

466 851 783 907 Merrenarii
810 854 954 907 eniut
983 853 1175 922 plebis,
1213 853 1528 921 quicanque
1567 852 1817 905 manibus
1863 848 2040 902 id~uci

467 940 530 992 ad
559 940 854 1008 portandas
886 939 1089 1003 trabes,
1127 941 1332 1007 lapides
1377 939 1890 1009 proculjaciendas,
1925 955 2038 992 ma-

465 1034 660 1088 chinas
714 1033 1028 1103 diligendus
1064 1049 1403 1102 arcuumque
1443 1049 1638 1088 nervos
1685 1033 2040 1092 tendendum,

466 1129 704 1195 patriam
769 1128 1146 1195 reliquerant,
1200 1126 1389 1194 sicque
1458 1127 1606 1180 Illam
1662 1124 2045 1179 defensoribus

465 1220 833 1280 ornaverant,
901 1217 1043 1273 dona
1104 1227 1286 1272 autem
1344 1219 1626 1286 largiendo
1691 1219 1894 1272 milites
1953 1221 2045 1270 all-

465 1314 746 1366 duxerunt
779 1320 844 1366 ut
872 1325 930 1366 se
978 1313 1324 1382 potissimum
1359 1313 1596 1366 ducibus
1640 1319 1946 1366 utemntur.
1987 1309 2043 1364 Si

467 1403 593 1471 quis
632 1401 779 1458 illum
825 1403 1170 1466 admoneret,
1213 1414 1424 1471 nosque
1467 1403 1761 1472 praecipue,
1801 1403 1891 1470 qttl
1936 1414 2042 1455 non

467 1507 659 1563 parum
709 1495 1059 1556 timebamus,
1116 1509 1182 1548 ne
1231 1494 1322 1548 ille
1372 1501 1550 1548 status
1597 1506 1780 1548 rerum
1825 1492 2046 1547 obesset

465 1581 700 1650 civitati,
731 1594 984 1640 tunc'non
1013 1585 1119 1640 sibi
1149 1586 1510 1654 temperabat,
1539 1585 1866 1647 lamentans,
1903 1584 2046 1637 indis

465 1688 569 1745 gne
616 1677 798 1732 terens
845 1683 1010 1746 atque
1058 1678 1401 1745 exprobrans
1448 1676 1595 1748 quod
1633 1676 1912 1730 civitatem
1966 1675 2046 1730 sic

466 1770 711 1824 orbatam
742 1772 1058 1826 bominllms
1096 1771 1326 1824 videret.

535 1995 624 2048 69..
671 1994 1058 2050 Caiamilatum
1131 1995 1385 2050 cumulus
1426 1995 1529 2050 ittit
1576 2012 1732 2065 aqua:
1797 2007 1906 2050 tam
1955 2013 2048 2052 ne-

464 2089 720 2143 cessaria:
786 2086 1038 2157 penuria.
1060 2088 1213 2158 Aqua
1280 2091 1424 2142 enim
1478 2093 1621 2146 arcis
1650 2106 1772 2159 quae
1795 2091 1862 2145 de
1892 2091 2048 2162 longe

465 2193 606 2246 aegre
646 2175 921 2242 adluebat,
974 2188 1033 2234 ut
1066 2188 1210 2233 esset
1275 2180 1512 2235 salubris
1553 2182 1854 2236 curandum
1887 2191 2046 2245 erat;

465 2269 532 2325 ad
577 2269 681 2324 boc
733 2279 974 2337 tempore
1027 2271 1321 2342 laboreque
1378 2288 1517 2342 opus
1565 2283 1706 2338 erat,
1761 2282 1816 2328 et
1865 2274 1909 2329 si
1961 2273 2050 2328 vix

469 2359 618 2428 potui
643 2368 767 2428 apta
839 2359 1020 2422 fiebat,
1059 2360 1218 2414 ﬁebat
1269 2371 1477 2416 tamen.
1508 2361 1742 2428 Quidam
1776 2378 1844 2417 ex
1890 2379 2050 2420 exer-

468 2449 581 2504 citu
648 2467 756 2504 non
809 2451 1063 2520 ignobilis
1091 2451 1222 2522 (Leo
1284 2453 1375 2509 hic
1427 2460 1546 2508 erat
1601 2452 1862 2524 Mazidas)
1923 2469 2048 2509 cum

471 2541 578 2596 hoc
625 2543 936 2609 accepisset
975 2560 1174 2599 munus
1227 2544 1444 2614 sibique
1481 2546 1873 2614 gratularetur,
1924 2547 2052 2600 bor-

477 2642 627 2688 tatus
683 2645 766 2688 est
820 2633 1084 2690 Davidem
1132 2648 1192 2689 ut
1237 2646 1347 2691 tres
1410 2637 1528 2691 dies
1587 2651 2050 2692 consumerentur

477 2729 529 2780 in
581 2742 766 2795 opere,
802 2737 861 2781 ut
910 2727 1071 2785 locus
1123 2741 1372 2784 secretus
1430 2739 1552 2784 tuto
1597 2745 1820 2784 servare
1867 2738 2051 2799 posset

473 2829 668 2886 aquam
713 2816 765 2871 in
810 2833 874 2872 eo
908 2827 1243 2881 contentam,
1274 2821 1402 2873 dum
1436 2820 1584 2874 nulla
1612 2828 1759 2875 esset
1801 2820 2049 2875 necessi-

473 2921 558 2968 tas
620 2911 766 2966 aliud
830 2912 1129 2980 operandi,
1190 2913 1460 2982 siquidem
1546 2915 1729 2968 hostes
1810 2914 2049 2967 nondum

472 3005 755 3068 adessent,
793 3005 888 3060 sed
929 3005 1119 3074 procul
1153 3013 1349 3059 contra
1385 3006 1663 3060 abessent.
1717 3003 1816 3060 llic
1867 3019 2050 3061 sermo

471 3097 678 3168 placuit
707 3097 874 3152 David
912 3099 965 3151 in
1011 3107 1227 3151 tantum
1285 3106 1345 3152 ut
1373 3098 1656 3167 probaret.
1677 3094 1889 3153 Ventus
1918 3115 2049 3154 vero

473 3189 753 3258 arripiens
789 3187 957 3242 verba
989 3187 1216 3242 Mazidae
1251 3188 1524 3255 abstulit;
1559 3203 1626 3243 ac
1677 3185 1732 3244 in
1768 3189 2049 3245 oblivione

473 3291 717 3335 mentem
771 3279 995 3334 Davidis
1020 3281 1318 3349 sepeliens,
1367 3281 1656 3336 surculum
1706 3281 1898 3335 eduxit
1949 3280 2046 3351 qtti

470 3368 651 3426 factus
698 3372 923 3442 grandis
978 3379 1204 3424 truncus
1266 3370 1372 3425 fuit
1405 3373 1530 3425 mali
1560 3373 1764 3441 magni.
1792 3369 2047 3427 Nondum

470 3468 590 3516 erat
619 3477 870 3533 vespera,
906 3462 1304 3531 abundansque
1337 3477 1476 3531 aqua
1526 3461 1696 3517 libere
1741 3462 1908 3518 ﬂuere
1955 3480 2048 3518 va-

471 3549 592 3606 lens
643 3553 697 3605 in
730 3568 889 3607 suum
945 3552 1376 3620 receptaculum,
1437 3565 1663 3605 cursum
1713 3565 1871 3604 suum
1931 3565 2049 3604 ma-

468 3658 578 3716 gno
599 3645 781 3699 sonitu
813 3644 1112 3700 indicabat.
1135 3643 1290 3698 Tunc
1313 3643 1456 3698 forte
1486 3642 1726 3698 Mazidas
1750 3657 1874 3698 cum
1907 3652 2047 3713 prat-

470 3736 676 3792 tericns
725 3734 871 3806 quod
931 3736 1133 3792 factum
1175 3745 1326 3791 esset
1367 3724 1662 3798 audiisset,
1715 3736 2046 3790 festinanter

470 3827 540 3881 ad
581 3825 842 3882 Davidem
879 3828 1076 3890 currit,
1126 3829 1488 3895 referensque
1527 3827 1677 3896 quod
1720 3827 1937 3881 dixerat
1987 3825 2042 3879 in

469 3927 708 3972 mentem
744 3928 987 3973 revocat.
1014 3917 1179 3972 David
1213 3932 1362 3985 vero,
1387 3919 1481 3988 qui
1521 3920 1782 3973 ultionem
1816 3934 2038 3974 sumere

471 4009 939 4078 posset,oblivisci
971 4007 1185 4063 maluit.
1204 4007 1496 4078 Postquam
1519 4024 1648 4063 vero
1669 4010 1935 4064 audiisset
1959 4025 2047 4063 re-

473 4099 760 4152 tinemlam
805 4112 928 4152 esse
958 4114 1180 4167 aquam,
1205 4095 1364 4168 quasi
1393 4099 1573 4152 adhuc
1609 4101 1833 4153 utilitati
1867 4101 1920 4154 in
1952 4116 2047 4170 po-

472 4202 682 4249 sterum
736 4191 994 4254 futuram,
1039 4191 1236 4254 noluit,
1287 4205 1597 4261 aquamque
1645 4191 1815 4246 fluere
1862 4194 2044 4247 sinere

469 4285 658 4356 iussit.
691 4285 844 4352 Aqua
896 4285 1063 4356 igitur
1116 4283 1276 4338 tinxit
1327 4283 1382 4337 in
1435 4284 1844 4352 receptaculum
1891 4284 2039 4354 quod

2149 482 2458 556 Πληρώσας
2481 489 2592 554 γάρ
2622 489 2680 538 ἐν
2709 486 2922 546 πολλοῖς
2947 485 3044 544 τάς
3067 486 3277 552 χεῖρας,
3305 479 3378 536 ὧν
3405 486 3504 536 οὐκ
3533 486 3728 554 ἐχρῆν,

2141 581 2294 648 ἀφίει
2325 581 2450 641 τοὺς
2482 581 2768 639 ἐθέλοντας
2819 578 3217 642 λειποτακτεῖν,
3251 577 3346 629 καὶ
3374 575 3598 646 φεύγειν
3625 579 3730 646 τὴν

2147 673 2404 742 πατρίδα,
2437 672 2560 724 ὅποι
2595 670 2892 740 βούλοιντο.
2922 668 3030 720 Kal
3063 670 3110 719 oi
3161 667 3525 736 βαθύπλουτοι
3571 685 3677 736 περ
3703 686 3734 701 ··

2148 761 2467 828 ποιούμενοι
2493 761 2637 814 οὕτω
2666 761 2730 813 τὸ
2757 758 3048 821 σώζεσθαι,
3077 758 3379 811 ἀπετέλουν
3407 759 3500 810 καί
3528 776 3581 811 τι
3607 761 3728 827 χεῖ-

2149 870 2259 923 ρον.
2287 852 2734 919 Μισθαρνοῦντες
2783 854 2892 919 γᾰρ
2928 851 3034 904 τῶν
3064 851 3398 919 δημοτικῶν,
3423 851 3537 903 ὅσοι
3561 850 3730 914 δεξιοὶ

2143 945 2243 1006 τὰς
2275 948 2486 1014 χεῖρας,
2523 946 2612 996 καὶ
2649 943 2869 1013 βριαροὶ
2899 944 3093 1012 ῥάϐδον
3127 959 3189 994 τε
3221 945 3590 1010 κατενεγκεῖν,
3629 945 3730 994 καὶ

2147 1035 2294 1087 λίθον
2320 1036 2535 1104 μακρὰν
2573 1036 2816 1102 ἀφεῖναι,
2851 1034 2945 1085 καὶ
2983 1033 3233 1102 μηχανὴν
3265 1033 3729 1102 διαχειρίσασθαι,

2146 1126 2240 1177 καὶ
2270 1125 2426 1190 τόξου
2456 1125 2652 1196 νευρὰν
2680 1127 2914 1176 ἐντεῖναι
2940 1124 3031 1175 καὶ
3065 1122 3267 1188 βαλεῖν,
3293 1122 3594 1190 ἐξεχώρουν
3624 1125 3727 1192 τῆς

2147 1217 2427 1286 πατρίδος.
2463 1218 2570 1269 Kal
2624 1216 2798 1286 αὐτὴν
2837 1215 2940 1284 μὲν
2979 1214 3324 1282 ἀπεστέρουν
3355 1213 3524 1276 οὕτως
3552 1215 3732 1281 ἀμυν-

2145 1310 2332 1379 τήρων
2358 1325 2370 1338 ·
2399 1310 2612 1372 ἑαυτοῖς
2640 1308 2696 1360 δέ
2718 1308 2817 1360 ὅσα
2841 1308 2934 1360 καὶ
2961 1307 3290 1377 στρατηγοῖς
3316 1303 3534 1359 ἔπειθον
3553 1307 3733 1359 τοιοῦ-

2147 1417 2240 1452 τον
2267 1399 2582 1451 ἀκολουθεῖν
2615 1400 2866 1467 στρατὸν,
2915 1397 3106 1468 δώροις
3148 1397 3446 1458 πείθοντες.
3497 1398 3614 1450 Κάν
3643 1415 3732 1459 τις

2145 1491 2296 1560 φύτῷ
2325 1490 2694 1560 ὑπηγόρευε-ε,
2723 1490 2818 1544 καὶ
2847 1489 3084 1558 μάλιστά
3105 1506 3169 1555 γε
3191 1489 3352 1556 ἡμεῖς
3381 1487 3432 1540 οι
3464 1487 3538 1558 μὴ
3573 1491 3726 1541 πάνυ

2146 1597 2198 1634 τι
2227 1580 2483 1642 δεδιότες,
2513 1579 2589 1642 ὡς
2616 1580 2717 1631 οὐκ
2771 1578 2975 1645 ἀγαθον
3003 1581 3069 1645 τῇ
3107 1578 3261 1628 πόῖει
3311 1577 3374 1628 τὸ
3398 1575 3544 1629 οῦτω
3566 1579 3729 1644 γενέ-

2149 1671 2292 1733 σθαι,
2325 1671 2440 1724 ἀλλ’
2503 1669 2737 1722 ἐνταῦθα
2770 1669 2872 1721 οὑκ
2917 1663 2986 1738 ἦν
3040 1666 3279 1736 φορητὸς
3308 1667 3336 1718 ό
3373 1665 3534 1735 ἀνὴρ,
3605 1682 3733 1733 σχε-

2147 1760 2383 1823 τλιάζων
2412 1761 2506 1810 καὶ
2527 1758 2961 1826 δυσανασχετῶν,
2991 1757 3040 1809 εἰ
3066 1755 3343 1824 μεμφθείη
3361 1755 3437 1818 ὡς
3465 1755 3730 1825 περιιδὼν

2148 1851 2448 1921 γενομένην
2476 1849 2621 1904 οὕτω
2653 1849 2752 1920 τὴν
2786 1851 2944 1902 πόλιν
2973 1847 3288 1916 κένανδρον.

2222 2010 2318 2081 ξβ’.
2357 2011 2430 2065 Τδ
2463 2010 2519 2064 δὲ
2561 2011 2624 2081 δὴ
2680 2013 2979 2080 κορυφαῖον
3013 2009 3072 2060 ἐν
3121 2011 3232 2070 τοῖς
3276 2005 3397 2060 καθ’
3425 2007 3572 2077 ἡμᾶς
3605 2006 3737 2058 τού-

2147 2120 2261 2166 τοις
2291 2106 2480 2165 κακοῖς
2535 2104 2627 2156 καὶ
2658 2104 2690 2170 ὴ
2727 2101 2820 2154 τοῦ
2851 2099 3281 2168 ἀναγκαιοτάτου
3326 2097 3516 2160 ὕδατος
3545 2098 3730 2149 ἐκλει-

2149 2198 2242 2266 ψις
2273 2193 2364 2266 ἧν.
2411 2195 2497 2258 Ὠς
2522 2195 2630 2264 γάρ
2663 2196 2695 2264 ή
2728 2194 2825 2263 τῆς
2856 2192 3205 2259 ἀκροπόλεως
3237 2189 3504 2258 δεξαμενὴ
3537 2189 3731 2259 ἀργῶς

2152 2289 2216 2340 ἐκ
2251 2286 2467 2357 μακροῦ
2498 2281 2636 2356 εἶχε,
2667 2287 2762 2338 καὶ
2806 2285 2972 2353 ἐχρῆν
3004 2277 3408 2350 ἀναποιηθῆναι
3440 2281 3607 2350 αὐτὴν
3639 2280 3736 2332 ὲκ-

2154 2377 2608 2446 θεραπευθεῖσαν,
2659 2375 2788 2429 ἔνθα
2819 2376 2998 2445 χρόνῳ
3027 2373 3468 2443 καταπεπόνητο,
3499 2373 3734 2440 ,ἐγίνετο

2153 2472 2310 2523 τοῦτο
2347 2470 2500 2538 μόλις
2526 2469 2645 2536 μὲν,
2669 2466 2784 2520 ἀλλ’
2815 2461 2928 2520 οὖν.
2957 2463 3062 2518 Καί
3087 2483 3170 2530 τις
3197 2465 3306 2518 τῶν
3333 2467 3430 2534 τῆς
3467 2466 3732 2532 στρατιᾶς

2153 2561 2253 2614 οὐκ
2299 2559 2513 2629 ἀφανὴς
2540 2558 2718 2628 (Λέων
2747 2552 2814 2627 ἦν
2846 2559 3053 2618 ἐκεῖνος
3081 2557 3117 2606 ὁ·
3137 2553 3430 2622 Μαζιδᾶς),
3466 2553 3734 2616 ἀποδεξά-

2159 2669 2316 2723 μενος
2345 2651 2408 2704 τὸ
2440 2651 2671 2720 πρᾶγμα
2728 2649 2818 2700 καὶ
2877 2647 3193 2714 ἐπαινέσας,
3243 2646 3585 2714 παρεκάλεσε
3637 2648 3734 2696 τὶν

2156 2743 2318 2810 Δαυῖδ
2350 2743 2561 2812 ἡμέρας
2601 2739 2855 2809 τριὸἧναί
2911 2755 3062 2800 τινας
3120 2740 3256 2806 μετὰ
3312 2737 3371 2789 τὸ
3425 2738 3606 2807 ἔργον,
3642 2737 3733 2788 ἵνα

2157 2833 2494 2904 στεγανωθὲν
2535 2831 2595 2884 τὸ
2641 2831 2862 2898 ἀγγεῖον
2904 2829 3002 2900 ἔχῃ
3037 2829 3325 2896 φυλάττειν
3357 2830 3414 2882 τὸ
3439 2831 3732 2880 πιστευθὲν

2158 2929 2302 2999 ὕδωρ
2355 2923 2636 2993 ἀσφαλῶς,
2663 2923 2750 2975 διὰ
2784 2921 2842 2974 τὸ
2895 2920 3030 2991 μηδὲ
3080 2920 3328 2987 ἀνάγκην
3361 2920 3499 2980 τέως
3549 2920 3736 2970 ἐπιτε-

2159 3017 2369 3072 θεῖσθαί
2396 3033 2538 3079 τινα,
2579 3009 2667 3067 οἵα
2696 3012 2806 3065 τῶν
2834 3011 3112 3080 πολεμίων
3149 3009 3302 3063 οὔπω
3336 3010 3729 3078 ἐπικειμένων,

2155 3110 2291 3166 ἀλλὰ
2321 3107 2654 3179 πορρωτέρω
2687 3121 2788 3157 που
2824 3101 3152 3156 διεστώτων.
3190 3102 3299 3155 Kal
3342 3101 3538 3170 ἤρεσεν
3574 3102 3601 3152 ό
3635 3099 3730 3152 λόο

2155 3220 2249 3272 γος
2278 3199 2355 3271 τῷ
2385 3197 2564 3262 Δαυῖδ,
2591 3197 2692 3250 ὅσα
2743 3212 2804 3263 γε
2837 3194 3007 3257 δόξαι.
3045 3195 3277 3261 Ἀνεμος
3309 3193 3364 3245 δέ
3393 3193 3732 3260 ἀφαρπάσας

2150 3297 2242 3348 τὸν
2280 3292 2374 3346 τοῦ
2400 3288 2613 3354 Μαζιδᾶ
2647 3289 2826 3357 λόγον,
2859 3288 3112 3356 ἀπήγαγε
3139 3304 3152 3317 ·
3183 3286 3275 3338 καὶ
3303 3286 3445 3357 λήθῃ
3478 3285 3734 3353 καταχώ-

2155 3402 2253 3449 σας
2284 3384 2344 3437 τό
2376 3383 2470 3435 τοῦ
2507 3379 2668 3434 Δαυτδ
2698 3377 2952 3450 φρονοῦν,
2979 3379 3214 3447 ἀνέφυσε
3248 3377 3485 3447 βλάστην
3533 3376 3734 3445 ἀδρυν-

2151 3478 2358 3541 θεῖσαν,
2390 3475 2633 3544 πρέμνον
2675 3470 2912 3541 μεγάλου
2946 3469 3138 3523 κακοῦ.
3172 3469 3336 3521 Οῦπω
3367 3470 3474 3537 γὰρ
3500 3465 3731 3538 ﬁlictis

2149 3565 2319 3638 δείλη,
2350 3564 2442 3618 καὶ
2475 3563 2539 3615 τὸ
2579 3559 2888 3632 χορταῆθεν
2924 3559 3063 3630 ὕδωρ
3103 3558 3374 3611 ἀπολυθέν
3406 3558 3548 3611 θέειν
3578 3557 3727 3608 κατά

2147 3658 2240 3712 τοῦ
2286 3656 2517 3718 σκεύους
2552 3653 2857 3721 ἐλεύθερον,
2909 3651 3204 3720 κατηγόρει
3260 3653 3353 3702 τὸν
3389 3649 3589 3720 δρόμον
3643 3647 3727 3718 τῷ

2147 3747 2499 3820 κελαρυσμῷ.
2554 3746 2664 3799 Καὶ
2700 3747 2728 3798 ὁ
2762 3745 3012 3808 Μαζιδᾶς
3044 3743 3365 3812 παροδεύειν
3394 3742 3593 3811 τυχὼν,
3630 3743 3731 3794 καὶ

2147 3843 2407 3905 ἀκούσας,
2436 3840 2464 3894 ὃ
2497 3840 2729 3908 ἐγίνετο,
2776 3837 2962 3907 τρέχει
3002 3837 3247 3889 σπεύδων
3275 3835 3367 3888 ἐπὶ
3415 3835 3504 3887 τὸν
3533 3833 3725 3897 Δαυῖδ,

2147 3935 2242 3988 καὶ
2271 3931 2705 4002 ἀναμιμνήσκει,
2742 3927 3106 3998 προενεγκὼν,
3137 3925 3172 3979 ἃ.
3211 3921 3352 3979 εἷπε.
3385 3926 3492 3977 Kal
3513 3925 3541 3976 δ
3563 3926 3730 3978 Δαυῖδ

2147 4025 2526 4091 ἀγανακτῆσαι
2593 4020 2965 4089 σκηψάμενος,
3024 4017 3364 4090 προύϐάλετο
3440 4017 3726 4072 λαθέσθαι.

2159 4115 2423 4176 Ἀκούσας
2462 4113 2541 4178 δὲ,
2579 4111 2688 4165 δεῖν
2724 4111 3081 4181 ἐπισχεθῆναι
3120 4109 3180 4161 τὸ
3222 4109 3389 4178 ὓδωρ,
3417 4107 3493 4170 ὡς
3538 4109 3722 4176 ἐγχω-

2147 4207 2274 4278 ροῦν
2309 4205 2561 4274 γενέσθαι
2607 4204 2703 4257 καὶ
2751 4202 2993 4264 εἰσαῦθις
3025 4202 3084 4254 τὸ
3147 4200 3332 4266 καλὸν,
3382 4201 3724 4270 ἀπηνῄνατο,

2145 4299 2406 4364 ἐπιτάξας
2441 4297 2696 4365 ἀφίεσθαι
2732 4294 2878 4365 ῥέειν
2909 4296 2968 4346 τὸ
2997 4293 3164 4364 ὕδωρ.
3217 4293 3324 4346 Καὶ
3363 4294 3543 4344 τοίνυν
3587 4294 3726 4344 αὐτὸ

473 4377 624 4428 illam
668 4374 910 4428 vicissiln
965 4373 1196 4438 dimisit,
1236 4387 1423 4428 curam
1483 4375 1858 4442 supradiCtam
1919 4375 2041 4428 inu-

2150 4391 2249 4459 μὲν
2278 4388 2575 4459 εἰσέρῤεεν,
2607 4388 2639 4457 ἡ
2668 4386 2936 4455 δεξαμενὴ
2969 4385 3026 4438 δέ
3068 4386 3395 4454 ἐξέπεμπεν,
3429 4383 3457 4436 ὃ
3487 4383 3724 4452 ἐδέχετο,

470 4467 623 4521 tiletn
682 4466 908 4530 faciens,
936 4477 1060 4519 cum
1123 4474 1247 4535 post
1307 4465 1498 4518 limum
1548 4481 1775 4534 gypsum
1811 4467 2042 4520 traxerit

471 4569 638 4623 aqua.
665 4553 784 4609 Non
815 4554 972 4609 multi
1007 4555 1126 4609 dies
1153 4563 1311 4608 erant
1333 4555 1507 4623 elapsi
1553 4569 1903 4624 vacuumque
1950 4570 2040 4610 re-

471 4645 824 4716 ceptaculum
873 4655 1014 4708 erat,
1049 4643 1195 4698 unde
1248 4652 1595 4699 evanuerunt
1635 4645 1802 4698 simul
1850 4661 2042 4703 omnes

472 4753 602 4805 spes
625 4753 762 4808 quas
788 4741 842 4793 in
878 4752 1004 4794 arce
1034 4753 1480 4808 reposueramus,
1525 4753 1799 4807 nemoque
1823 4739 1932 4809 jam
1971 4741 2040 4794 ad

475 4831 621 4885 illam
649 4833 838 4886 oculos
869 4831 1090 4886 levavit.
1116 4831 1476 4902 Nosmetipsi,
1504 4831 1632 4886 licet
1678 4832 1858 4896 inviti,
1900 4833 2041 4885 viam

474 4923 718 4993 aggressi
743 4937 963 4978 eramus
994 4925 1311 4978 necessaria
1341 4932 1620 4992 portantes
1640 4963 1654 4987 ,
1689 4938 1812 4978 cum
1846 4923 2045 4978 didici-

479 5030 628 5079 mus,
663 5029 861 5084 aquam
905 5016 1179 5082 periisse;
1214 5016 1377 5068 simul
1406 5025 1588 5070 autem
1622 5031 1746 5068 cum
1780 5015 1872 5068 illa
1916 5031 2044 5084 spes

475 5107 659 5161 omnis
689 5105 954 5171 evanuit;
985 5105 1058 5158 ibi
1111 5105 1285 5158 divisa
1335 5121 1458 5177 quae
1505 5116 1810 5174 supererat,
1869 5120 2043 5160 unum

480 5195 860 5248 tantummodo
892 5194 1088 5247 timere
1117 5201 1170 5247 et
1201 5207 1361 5249 orare
1398 5200 1706 5251 statuimus
1735 5205 1792 5250 ut
1840 5197 2045 5266 aliquis

478 5294 750 5340 averteret
792 5283 903 5340 itaac
955 5287 1260 5340 istiusmodi
1299 5290 1668 5354 proditionem
1701 5291 1839 5344 adeo
1886 5289 2044 5342 redo-

479 5376 670 5431 lentia.
711 5373 864 5431 Tunc
910 5377 1055 5432 enim
1091 5378 1296 5432 nullum
1342 5388 1462 5433 erat
1509 5392 1724 5450 partum
1766 5398 1890 5436 cum
1945 5381 2046 5435 lto—

477 5465 942 5536 Stihus(quamvis
991 5467 1298 5522 faciendum
1339 5471 1531 5540 esset),
1581 5474 1727 5526 nulla
1789 5474 1932 5526 dona
1986 5482 2047 5528 ut

479 5557 763 5613 adirentur
795 5561 1001 5614 certius
1037 5559 1206 5614 frater
1240 5575 1304 5614 ac
1353 5573 1524 5616 mater
1569 5563 1682 5617 fato
1725 5569 2044 5622 Andronico

482 5650 804 5716 incritabili,
849 5651 945 5708 sed
995 5667 1210 5708 summa
1271 5654 1600 5717 negligentia
1658 5657 1860 5726 illaque
1912 5661 2043 5714 urbs

2142 4481 2504 4549 ἀναλυθείοης
2540 4482 2641 4551 τῆς
2693 4481 3014 4551 προσφάτου
3078 4482 3465 4547 ἐπι-ποιήσεως,
3521 4473 3604 4540 οἷς
3661 4481 3724 4530 τδ

2144 4573 2290 4642 ὕδωρ
2324 4571 2632 4641 ἀπαλεῖψαν
2655 4571 2754 4640 τὴν
2802 4571 2977 4640 ὑγρὰν
3012 4571 3291 4639 παρέσυρε
3327 4574 3559 4622 τίτανον.
3611 4569 3726 4620 Kal

2143 4667 2203 4718 ού
2241 4663 2425 4718 πολλαὶ
2451 4664 2654 4733 ἡμέραι
2687 4663 2912 4732 ᾡχοντο,
2949 4661 3044 4714 καὶ
3083 4658 3152 4731 ἦν
3175 4662 3235 4713 τὸ
3269 4663 3488 4728 ἀγγεῖον
3525 4659 3685 4711 κενόν
3709 4676 3722 4688 ”

2142 4755 2266 4810 ὅθεν
2295 4751 2800 4822 συνεξεκενώθησαν
2832 4755 2962 4822 ἡμῖν
2999 4752 3209 4806 ἅπασαι
3249 4751 3305 4802 αἱ
3346 4749 3440 4801 ἐπὶ
3469 4751 3533 4818 τῇ
3560 4753 3728 4818 ἀκρο-

2145 4848 2298 4898 πόλει
2331 4844 2566 4907 ἐλπίδες,
2614 4845 2706 4896 καὶ
2738 4843 2923 4896 οὐκέτι
2952 4843 3126 4904 οὐδεὶς
3176 4841 3475 4894 ἀνέϐλεπεν
3515 4843 3594 4902 είς
3629 4841 3729 4892 αύ-

2144 4938 2266 5008 τήν.
2307 4937 2420 4989 Καὶ
2454 4935 2614 5005 ἡμεῖς
2659 4931 2752 4986 οῦν
2780 4935 3273 5002 συσκευασάμενοι,
3305 4932 3487 4983 ἐκεῖσε
3521 4947 3726 4982 καταν-

2144 5027 2354 5096 τήσειν,
2379 5025 2540 5094 εἴπερ
2567 5025 2683 5096 βίᾳ,
2714 5025 2808 5075 καὶ
2830 5023 2901 5076 τά
2924 5025 3200 5092 ἀναγκαῖα
3227 5023 3722 5090 συγκομισάμενοι,

2147 5120 2268 5172 ἐπεὶ
2307 5121 2600 5187 μάθοιμεν,
2638 5117 2977 5171 ἀπολωλέναι
3010 5116 3071 5169 τὸ
3122 5115 3288 5186 ὕδωρ,
3333 5115 3723 5184 συγκατερρύη

2150 5210 2250 5282 μὲν
2286 5211 2346 5262 τὸ
2385 5210 2591 5274 εὔελπι,
2649 5209 2740 5261 καὶ
2788 5208 3170 5278 διανείμαντες
3228 5209 3343 5259 ἐκεῖ
3380 5209 3480 5275 τὴν
3521 5217 3722 5273 συγκο-

2149 5303 2328 5375 μιδὴν,
2378 5303 2543 5374 μόνον
2570 5299 2663 5354 τοῦ
2695 5300 2897 5371 δειλιᾷν
2942 5302 3034 5352 καὶ
3077 5299 3331 5368 εὔχεσθαι
3354 5299 3722 5366 κατέστημεν,

2145 5395 2227 5453 τίς
2256 5393 2321 5446 ἂν
2371 5395 2436 5462 δὴ
2476 5393 2755 5460 ἀπαγάγοι
2803 5392 2875 5442 τὰ
2911 5389 3136 5442 τοιαῦτα
3178 5390 3273 5442 τοῦ
3333 5389 3472 5443 κατά
3527 5389 3728 5459 προδο-

2148 5484 2268 5536 σίαν
2304 5485 2651 5552 συγγενικοῦ.
2677 5483 2738 5534 Ei
2767 5481 2875 5552 γὰρ
2906 5483 3000 5534 καὶ
3032 5480 3282 5550 μηδαμοῦ
3331 5479 3569 5533 ἐνταῦθα
3599 5495 3725 5532 συν-

2146 5571 2300 5642 θήκη.
2326 5572 2462 5641 πρὸς
2491 5571 2786 5640 πολεμίους
2811 5571 3016 5639 (θετέον
3070 5571 3178 5637 γὰρ
3203 5568 3395 5639 οὕτω),
3430 5569 3550 5621 οὐδὲ
3585 5569 3718 5636 ἀρέο

2149 5681 2309 5718 σκεια
2332 5664 2425 5716 ἐπὶ
2446 5662 2656 5733 δώροις,
2681 5662 2853 5730 φειῖοί
2889 5661 2978 5712 τοῦ
3036 5661 3344 5729 ἐμπελάσαι
3364 5661 3456 5713 τόν
3478 5676 3536 5710 τε
3564 5657 3719 5710 ἁδελ-
