3950 6242
191 358 268 424 73
1009 359 1106 418 DE
1149 358 1720 420 THESSALONICA
1759 358 1969 420 URBE
2011 361 2053 417 Α
2085 357 2394 417 LATINIS
2433 357 2683 418 CAPTA.
3392 348 3464 413 74

193 472 304 537 φὺν
331 468 435 540 τήν
469 487 528 523 τε
563 471 773 540 μητέρα
827 474 938 536 τοῖς
991 472 1088 525 τοῦ
1131 472 1474 544 Ἀνδρονίκου
1526 473 1791 541 ἀφύκτοις
1823 517 1830 532 ι

1937 488 2026 527 um
2058 475 2201 529 omni
2253 490 2354 529 suo
2405 473 2608 544 populo
2656 471 2818 528 malis
2870 470 3184 532 submersa.
3221 483 3344 524 cum
3379 470 3463 522 via

196 561 391 626 λίνοις,
433 561 548 614 ἀλλ’
587 562 718 614 αὐτὸ
756 561 821 632 δὴ
852 563 915 614 τὸ
962 564 1152 630 ἄκρως
1203 562 1445 631 ἀμελεῖν,
1493 564 1589 615 καὶ
1629 561 1780 630 παρὰ

1937 565 2051 619 nica
2116 566 2312 620 orandi
2385 565 2579 621 ducem
2645 572 2705 617 ut
2756 573 2974 633 tempus
3043 560 3466 632 expugnationis

196 652 412 721 φαῦλον
447 655 548 719 τὴν
593 652 864 722 τοσαύτην
919 653 1076 706 πόλιν
1128 653 1376 706 τίθεσθαι
1435 653 1532 705 καὶ
1572 653 1665 704 τὸν
1722 653 1782 704 ἐν

1937 656 2260 721 bbreviaret,
2288 671 2436 722 cum,
2465 658 2510 712 si
2550 655 2760 710 vultum
2784 655 3136 724 imperatoris
3160 652 3378 723 fugiens
3397 654 3466 705 ad

195 746 339 815 αὐτῇ
375 745 555 797 πάντα
583 745 737 808 λαὸν,
770 744 865 798 καί
898 762 1001 797 που
1026 745 1123 798 καὶ
1151 743 1407 815 εὔχεσθαι
1438 745 1530 798 τὸν
1552 762 1784 814 στρατη-

1937 765 2088 803 arvos
2115 748 2418 812 advolaret,
2444 748 2708 818 proditori
2754 747 3068 802 simillimus
3091 755 3258 810 esset,
3306 756 3470 815 atque

197 836 319 901 γὸν,
344 833 724 904 ἐπιτμηθῆναι
752 835 845 887 τὸν
875 835 972 903 τῆς
1028 834 1292 898 ἁλώσεως
1343 836 1556 904 χρόνον,
1584 834 1640 887 εἰ
1669 853 1787 896 πως

1937 842 2182 911 ηἱίιιιοιίεε
2237 840 2412 909 pejor,
2442 840 2536 910 qui
2577 847 2638 894 ut
2683 838 2966 894 conmdus
3004 837 3190 892 verbis
3247 845 3460 888 tantum

197 924 462 992 ἐκφυγὼν
480 925 540 979 τὸ
558 923 668 992 τοῦ,
700 926 970 994 βασιλέως
987 926 1302 996 πρόσωπον,
1323 928 1380 989 ἐς
1396 926 1638 996 κόρακας
1661 943 1789 979 πτε-

1937 944 2208 1005 ttgnasset.
2241 931 2419 987 Mente
2443 931 2686 1002 prudens
2730 931 2784 984 in
2809 931 3001 984 eodem
3049 929 3244 983 ordine
3306 927 3467 981 istius

206 1017 458 1086 ρύεεται,
475 1019 738 1086 συγγενὲς
755 1017 822 1071 ἂν
845 1017 933 1088 εἴη
961 1017 1106 1085 μάλα
1121 1017 1200 1085 τῷ
1221 1017 1547 1087 προδιδόναι,
1566 1017 1660 1069 καί
1683 1032 1787 1068 που
1807 1014 1809 1016 ’

1937 1025 2035 1079 nodi
2061 1032 2304 1095 poneret.
2328 1022 2796 1088 Quemadmodum
2829 1021 3164 1091 gubernator
3196 1019 3349 1072 navis
3371 1033 3470 1072 cu-

202 1113 300 1162 καὶ
323 1111 530 1178 χεῖρον,
549 1108 626 1172 ὡς
643 1108 708 1162 ἄν
756 1127 844 1172 τις
891 1107 986 1162 τοῦ
1009 1109 1190 1164 λαλεῖν
1229 1109 1481 1179 τεχνίτης
1521 1110 1790 1176 ἐπαγωνί-

1937 1131 1976 1170 ιε
2021 1131 2129 1170 nou
2184 1127 2269 1171 est
2320 1115 2577 1170 dominus
2606 1113 2703 1169 sed
2759 1112 3086 1176 conductor,
3121 1112 3168 1165 si
3215 1111 3474 1164 irascitur

203 1219 382 1256 σαιτο.
397 1202 507 1254 Καὶ
528 1203 557 1254 ὁ
573 1200 885 1268 λογίζεσθαι
902 1201 1378 1270 συνετδςιταυτίξοι
1395 1202 1526 1271 γοῦν
1539 1200 1694 1256 ταῦτ’
1724 1200 1790 1255 ἀν

1937 1209 1972 1262 li
2035 1209 2128 1278 qui
2187 1222 2309 1263 eam
2360 1206 2600 1270 lat-serit,
2649 1219 2759 1259 non
2831 1213 2916 1260 est
2983 1211 3041 1257 ut
3091 1203 3267 1271 magis
3319 1202 3465 1256 iras-

202 1295 355 1348 κατά
382 1297 445 1346 το
477 1294 781 1363 σύστοιχον.
831 1294 990 1348 Οὕτω
1032 1293 1129 1347 καὶ
1156 1294 1546 1365 οἰακοστρόφος
1567 1293 1705 1356 νεὼς
1726 1294 1788 1346 ού

1937 1307 2049 1354 ιιιιι·
2077 1338 2092 1362 ,
2124 1299 2280 1353 adest
2307 1297 2526 1367 quidem
2557 1296 2801 1365 periculo
2830 1311 2846 1359 ;
2879 1293 3111 1348 consilia
3172 1305 3304 1346 vero
3351 1293 3474 1359 eius

208 1386 359 1440 κατά
388 1387 644 1457 κυρείαν,
671 1386 811 1440 ἀλλά
845 1385 1063 1457 μισθοῦ,
1097 1389 1144 1440 εἰ
1180 1386 1257 1458 τῷ
1286 1386 1791 1457 κεφαλαιωσαμένῳ

1937 1404 2006 1442 ou
2047 1396 2178 1442 sunt
2228 1387 2467 1442 efficacia
2520 1388 2872 1457 segniterque
2905 1386 3058 1454 agit;
3091 1383 3240 1437 omni
3291 1392 3474 1436 autem

207 1479 311 1546 τὴν
343 1477 481 1530 ναῦν
508 1477 782 1550 ἔγκοτοίη,
807 1481 864 1542 ἐς
891 1479 1015 1532 ὅσον
1040 1480 1140 1533 οὐκ
1165 1480 1282 1534 ἐστι
1308 1479 1471 1533 πλέον
1498 1479 1790 1543 ἰπιτεῐναι,

1937 1481 2097 1536 eritia
2129 1482 2251 1552 ejus
2276 1481 2327 1533 iu
2360 1495 2531 1534 unum
2588 1478 2908 1534 intendente
2929 1517 2944 1541 ,
2986 1477 3041 1530 in
3075 1479 3338 1545 scapnlos
3366 1474 3470 1528 im-

210 1569 532 1638 παραμένει
589 1569 691 1638 μέν
738 1586 869 1638 ποτε
899 1570 1304 1644 κινδυνευούσῃ.
1341 1571 1492 1625 λαλεῖ
1529 1571 1586 1625 δὲ
1629 1572 1795 1626 ἀσυν-

1941 1574 2127 1643 ingere
2157 1575 2400 1628 carinam
2441 1571 2571 1624 sinit
2602 1579 2766 1640 atque
2799 1569 2852 1622 in
2907 1569 3108 1637 abysso
3169 1565 3340 1634 mergi
3400 1563 3478 1619 si-

209 1661 368 1728 τελῆ,
402 1661 500 1712 καὶ
533 1661 766 1730 πράττει
794 1661 894 1715 οὐκ
920 1662 1256 1733 apage-sim;
1277 1677 1294 1694 °
1323 1662 1417 1716 καὶ
1459 1661 1558 1731 τὴν
1596 1662 1794 1732 τέχνην

1937 1667 2013 1720 iul
2070 1679 2195 1719 cum
2249 1662 2525 1718 mercibus
2562 1669 2616 1715 et
2657 1659 2990 1715 nominibus.
3027 1656 3228 1712 Eadem
3267 1657 3481 1710 ratione

210 1753 298 1814 εἰς
351 1752 559 1829 1’)":th
599 1753 906 1816 συστείλας,
941 1753 1137 1822 ἀφίησι
1166 1754 1227 1806 τὸ
1260 1755 1467 1822 σκάφος
1511 1769 1794 1824 προσαραι-
1826 1803 1830 1821 ,

1937 1757 2069 1810 tiam
2099 1762 2288 1811 custos
2319 1754 2491 1808 vineae
2521 1754 2752 1806 maturis
2799 1750 2922 1806 uvis
2952 1751 3181 1805 consita:
3213 1760 3476 1802 aversaus

211 1843 416 1912 χθῆναι
444 1843 718 1915 σκοπέλῳ,
752 1845 843 1897 καὶ
879 1845 1020 1898 κατά
1053 1845 1214 1915 βυθοῦ
1248 1843 1401 1898 δῦναι
1432 1845 1582 1910 αύτῷ
1616 1845 1797 1914 φόρτῳ
1829 1851 1830 1857 ‘

1937 1849 2188 1903 luminum
2221 1847 2350 1900 odio
2379 1844 2646 1916 perfecto,
2679 1859 2814 1900 uvas
2865 1843 3005 1896 forte
3041 1841 3108 1896 ad
3163 1839 3303 1895 nihil
3357 1837 3475 1891 alli-

214 1933 318 1984 καὶ
345 1932 628 2000 ἀνδράσιν.
657 1931 817 1986 Οὕτω
847 1934 944 1987 καὶ
971 1931 1144 2001 φύλαξ
1170 1933 1499 2002 τελεσφόρον
1529 1934 1796 2002 ἀμπέλου,

1941 1949 2016 2001 at,
2041 1953 2184 2006 saepe
2214 1946 2398 1991 tamen
2459 1936 2746 1992 descendit
2795 1935 2850 1988 in
2893 1933 3213 1988 inferiorem
3247 1939 3480 2001 partem,

218 2023 480 2088 καθάπαξ
524 2025 851 2092 ἀποστυγῶν
897 2025 988 2078 τδν
1028 2025 1294 2094 δεσπότην
1326 2025 1466 2078 κατά
1513 2027 1671 2094 μῖσος
1712 2023 1799 2077 τέ·-

1937 2031 2072 2084 nodo
2103 2039 2212 2083 stat
2251 2029 2409 2096 quasi
2447 2027 2501 2080 in
2534 2026 2875 2096 spectaculo,
2916 2025 3006 2079 hic
3041 2032 3097 2078 et
3151 2023 3264 2076 illic
3297 2021 3476 2090 respi-

217 2113 388 2177 λειον,
421 2113 665 2183 βοτρύων
699 2117 798 2184 μὲν
823 2111 953 2179 ἴσως
979 2116 1210 2170 ἅπτεται
1234 2116 1318 2178 εἰς
1336 2115 1509 2177 οὐδὲν,
1543 2115 1711 2184 συχνὰ
1739 2114 1797 2167 δὲ

1937 2121 2069 2174 :ieus
2094 2133 2281 2174 curam
2323 2118 2548 2173 simulat
2577 2135 2592 2183 ;
2631 2116 2821 2172 videns
2855 2129 2986 2171 vero
3011 2116 3156 2184 scpis
3192 2125 3486 2180 compages

217 2205 299 2274 πῆ
355 2205 456 2274 μὲν
509 2205 658 2258 κάτω
691 2206 1018 2275 περιοδεύει,
1044 2206 1122 2276 πῆ
1156 2207 1213 2260 δὲ
1257 2205 1352 2260 τοῦ
1389 2206 1793 2275 σκοπευτηρίου

1937 2227 2227 2281 ινοαιιιηιιθ
2263 2212 2420 2282 juxta
2467 2211 2654 2273 illam,
2699 2225 2796 2266 eos
2841 2208 2936 2278 qui
3000 2206 3332 2262 insidiantur
3379 2217 3484 2256 non

217 2299 456 2365 γίνεται,
491 2301 584 2352 καὶ
611 2293 713 2352 ὦδε
748 2299 840 2352 καὶ
864 2301 982 2354 ἐκεῖ
1013 2299 1496 2370 περιϐλεπομενος,
1531 2299 1798 2368 φαντάζει

1937 2314 2127 2360 movet
2167 2304 2318 2369 inde,
2348 2304 2442 2360 sed
2497 2303 2782 2357 dormiens
2814 2300 2960 2370 jacet
2984 2339 3000 2364 ,
3067 2297 3354 2367 perlicien‘s
3410 2295 3486 2347 ita

214 2392 567 2459 ὲπιμέλειανο
598 2391 742 2460 ὀρῶν
771 2391 831 2445 δὲ
864 2392 963 2464 τὴν
988 2391 1083 2446 τοῦ
1109 2393 1363 2463 φραγμοῦ
1391 2391 1670 2460 σύμπηξιν
1701 2393 1799 2443 καὶ

1937 2401 2172 2454 Iamnum
2208 2398 2380 2452 vineae
2415 2396 2771 2465 possessoris,
2797 2393 2943 2449 illico
2971 2392 3163 2462 jurans
3191 2389 3489 2461 quaerenti-

219 2485 321 2552 τὴν
353 2484 442 2536 ἐπ’
483 2483 632 2553 αὐτῷ
673 2483 904 2550 τάφρον,
941 2482 1450 2552 ὲπιϐουλευσάμενά
1499 2483 1664 2537 ποθεν
1696 2482 1799 2535 οὐκ

1937 2507 2010 2546 ius
2061 2506 2120 2547 se
2183 2503 2462 2560 nunquam
2515 2491 2680 2542 vitem
2725 2486 3060 2547 deseruisse.
3110 2498 3212 2537 nec
3249 2480 3489 2535 furatum

221 2573 560 2638 ἀποκωλύει,
598 2573 712 2627 ἀλλ’
769 2568 860 2628 οἷα
916 2574 1012 2626 καὶ
1054 2573 1450 2636 ἀπονυστάζων
1503 2573 1798 2635 διάκειται,

1937 2599 2053 2648 ιιεε,
2077 2596 2176 2637 nec
2229 2579 2449 2634 tandem
2512 2577 2828 2640 tradidisse,
2862 2575 3125 2630 clamans.
3156 2573 3276 2628 Non
3311 2584 3488 2624 tamen

221 2663 407 2718 ἀνύων
438 2663 539 2732 μὲν
565 2663 711 2718 οὕτω
732 2665 795 2717 τὺ
820 2663 960 2717 κατά
987 2662 1084 2717 τοῦ
1115 2664 1464 2733 κτησαμένου
1494 2661 1594 2734 τὴν
1626 2663 1804 2732 ἄμπε-

1937 2683 2032 2728 :rat
2057 2673 2367 2743 negligens,
2392 2670 2458 2726 iis
2484 2670 2710 2724 obstans
2733 2682 2853 2739 qua:
2874 2666 3046 2721 vineae
3068 2678 3265 2719 nocere
3289 2663 3492 2731 potuis-

223 2754 321 2806 λον
351 2752 570 2821 βλάϐος,
616 2754 860 2822 μελετῶν
899 2753 955 2807 δὲ
983 2753 1240 2822 ὀμείσθαι
1275 2754 1392 2815 τοῖς
1431 2752 1804 2819 αἰτιωμένοις,

1937 2771 2054 2818 .ent.
2094 2765 2221 2817 ﬂzec
2251 2777 2382 2815 vero
2414 2760 2468 2814 in
2503 2759 2674 2814 David
2702 2757 2971 2826 completa
2989 2762 3119 2811 sunt
3139 2768 3262 2808 cum
3283 2768 3351 2806 ex
3382 2751 3493 2804 illi.-

223 2844 305 2906 ὡς
335 2843 461 2897 οὔτε
490 2845 682 2912 φεύγοι
723 2843 816 2898 τοῦ
850 2844 1196 2914 ἀμπελῶνος,
1228 2843 1353 2898 οὔτε
1391 2844 1672 2926 κεκλόφοι.
1695 2842 1810 2897 οὔτ’

1937 2870 2030 2909 ion
2067 2854 2246 2910 solum
2301 2851 2645 2906 Andronicus
2690 2848 2846 2918 argui
2899 2846 3104 2916 poterit
3149 2843 3294 2914 quod
3346 2841 3492 2910 ejus-

227 2936 482 3006 ἀποδοίη,
522 2935 702 3004 ἀφιεὶς
729 2936 787 2990 δὲ
815 2935 896 3002 τὸ,
947 2935 1082 2989 Οὐδὲ
1141 2935 1248 3006 μὴν
1285 2935 1580 3004 ἀμελήσοι,
1628 2934 1656 2988 ὃ
1711 2936 1813 3000 τὴν

1941 2946 2068 3002 nodi
2109 2945 2273 3000 rebus
2319 2941 2778 2999 administrandis
2821 2941 2997 2994 virum
3046 2937 3353 3008 praefecerit
3392 2935 3494 2990 sibi

229 3023 478 3093 ἄμπελον
506 3024 878 3133 ἀπηχρείοζσε.
912 3023 1098 3078 Ταῦτα
1151 3024 1210 3078 δὲ
1265 3024 1336 3077 τὰ
1382 3024 1477 3076 καὶ
1525 3023 1605 3092 τῷ
1649 3021 1815 3076 amota

1944 3037 2183 3094 ufestum
2215 3045 2270 3092 et
2297 3035 2456 3091 malis
2481 3035 2695 3090 artibus
2726 3032 3043 3098 fecundum,
3075 3028 3171 3086 sed
3195 3028 3359 3084 etiam
3391 3026 3494 3082 Da-

233 3119 638 3185 ἐμφαινόμενα,
668 3115 739 3169 δι’
771 3111 848 3170 ὧν
873 3116 933 3168 οὐ
973 3116 1137 3186 μόνον
1164 3117 1192 3168 ὁ
1231 3113 1578 3185 Ἀνδρόνικος
1604 3115 1813 3184 ψὲγυιτ*

1937 3131 2008 3186 rid
2043 3130 2331 3186 convictus
2360 3125 2526 3183 fuerit
2564 3125 2895 3198 proditionis
2928 3137 3074 3179 reus.
3097 3121 3178 3176 Ad
3207 3135 3495 3178 resumeno

231 3209 326 3272 ἂν,
362 3208 590 3264 δύσνουν
621 3209 802 3277 ἑαυτῷ
833 3207 1003 3278 ἀνδρα
1031 3209 1126 3262 καὶ
1156 3206 1328 3278 βαθὺν
1368 3207 1818 3278 πονηρεύσασθαι

1937 3221 2046 3277 lum
2079 3221 2224 3277 enim
2268 3220 2570 3291 inceptum,
2619 3233 2721 3274 nec
2761 3219 3098 3288 gubernator
3150 3213 3256 3270 fuit
3305 3225 3497 3280 exspe-

235 3301 584 3373 τηλικούτοις
601 3301 906 3368 ἐπιστήσας
933 3303 1256 3372 πράγμασιν
1275 3317 1290 3332 ⁸
1319 3300 1455 3354 ἀλλά
1475 3301 1570 3354 καί⁵
1598 3300 1625 3350 ὁ
1657 3298 1822 3354 Δαυῒδ

1937 3313 2248 3378 :tabundus,
2292 3326 2420 3367 cum
2473 3311 2789 3380 appelleret,
2824 3325 2948 3366 eum
2989 3306 3310 3364 discrimine
3348 3304 3496 3372 capi-

232 3395 616 3464 ἀπελέγχοιτο.
664 3392 738 3462 μὴ
776 3392 842 3446 ἂν
882 3391 1031 3462 ἔχειν
1078 3391 1394 3459 διεκφυγετν
1446 3389 1667 3459 γραφὴν
1719 3388 1814 3444 τοῦ

1937 3409 2011 3476 is,
2035 3416 2093 3462 ut
2118 3405 2391 3461 infelicem
2417 3411 2756 3460 servatorem
2786 3399 2980 3457 Xerxis
3016 3399 3299 3464 damnare,
3332 3398 3492 3452 dubi-

235 3485 556 3554 προδοῦναι.
593 3481 1212 3550 ’Δνακεφαλαιὼσασθαι
1229 3483 1336 3552 γὰρ
1361 3483 1420 3535 τὸ
1442 3481 1816 3551 ἐπιχωρηθὲν,

234 3576 362 3630 οὔτε
400 3575 745 3645 κυϐερνήτης
770 3572 1118 3644 καραδοκῶν,
1146 3574 1304 3640 εἴπερ
1326 3571 1640 3644 ὀρμισθείη,
1679 3574 1817 3624 ἀπο-

232 3666 506 3720 ϐσλέσθαι
528 3665 628 3734 τὴν
647 3663 890 3734 κεφαλὴν
920 3663 1061 3717 κατά
1086 3663 1177 3716 τὸν
1206 3662 1446 3734 δυστυχῆ
1475 3664 1696 3733 σωτῆρα
1725 3661 1821 3716 τοῦ

1923 3679 2144 3752 quando
2192 3679 2346 3736 solus
2405 3677 2604 3734 salvari
2650 3693 2664 3730 :

1926 3511 2049 3557 tans
2094 3514 2184 3562 an,
2248 3506 2540 3569 postquam
2581 3495 2636 3550 in
2682 3493 2943 3565 scopulos
2973 3493 3215 3548 carinam
3245 3490 3499 3561 impegis~

1927 3599 2036 3654 set,
2095 3587 2359 3644 ﬂuctibus
2417 3585 2841 3656 derelinquens,
2895 3580 3132 3637 natando
3170 3584 3356 3650 posset
3403 3575 3499 3629 ali-

2720 3673 3002 3732 custodem
3057 3685 3276 3744 quoque
3331 3669 3503 3724 vinea!

229 3760 464 3828 Ξέρξου,
503 3758 732 3828 ὀκνήσοι
762 3755 849 3816 ἂν,
884 3757 1108 3826 ῥαχίαις
1138 3753 1351 3824 φθάσας
1385 3753 1731 3827 προσαράξαι
1763 3752 1824 3805 το

1937 3787 1990 3829 ex
2043 3787 2102 3828 re
2141 3770 2352 3828 credita
2399 3769 2645 3825 fructum
2687 3765 2974 3838 percipere
3023 3763 3382 3825 nescientem,
3405 3760 3503 3815 sed

235 3851 474 3917 σκάφος,
501 3847 748 3917 κύμασιν
782 3846 997 3911 ἔκδοὺς,
1030 3845 1083 3900 εί
1122 3863 1240 3910 πως
1271 3845 1690 3914 ἐκκολυμϐήσας
1723 3844 1822 3912 μόο

237 3961 331 4006 νος
357 3941 782 4011 περιγενήσεται
805 3956 819 3971 ο
854 3939 948 3992 καὶ
973 3938 1300 4007 ἀμπελῶνος
1325 3937 1382 3990 δὲ
1407 3935 1625 4004 φύλακα
1651 3935 1820 3989 δαπαο

238 4037 340 4106 νᾷν
369 4034 468 4103 μὲν
500 4034 562 4084 τὸ
605 4031 892 4084 πιστευθὲν
915 4031 1016 4084 οὐκ
1049 4030 1252 4095 εἰδότα,
1286 4028 1432 4100 χόλῳ
1459 4028 1517 4081 δὲ
1555 4026 1634 4096 τῷ
1681 4025 1822 4080 κατά

238 4126 336 4179 τοῦ
354 4125 619 4178 δεσπότου
636 4122 875 4191 ἀφιέντα
894 4120 1244 4185 κλέπτεσθαι,
1261 4123 1353 4175 καὶ
1372 4119 1585 4190 θηρίοις
1603 4117 1829 4189 βλάπτε·

241 4218 524 4279 σθαι,ούκ
564 4216 632 4269 ἂν
697 4214 1056 4285 νοσφιζοίμην
1105 4213 1288 4282 λέγειν
1355 4211 1651 4283 προδοῦναι

241 4309 527 4380 ἄμπελον.

1730 4211 1830 4281 τὴν

1926 3883 1992 3922 ex
2041 3865 2121 3920 ira
2167 3865 2434 3920 adversus
2473 3876 2849 3934 possessorem
2902 3859 3172 3915 sitientem
3221 3868 3345 3909 eum
3409 3851 3504 3906 de-

1927 3958 2156 4030 przedari
2213 3967 2374 4026 atque
2433 3971 2463 4008 a
2538 3951 2730 4009 bestiis
2797 3951 2958 4017 laedi,
3034 3963 3140 4004 non
3197 3946 3503 4002 dubitarem

1929 4066 2178 4108 asserere
2209 4065 2333 4106 eum
2368 4046 2674 4118 prodidisse
2697 4045 2935 4101 vincam.

314 4438 516 4511 57.1!
561 4437 676 4496 οἷον
725 4440 918 4501 κακὸν,
954 4433 999 4493 ὦ
1047 4438 1376 4510 ’Δνδρόνικε,
1414 4438 1693 4508 μεγίστοις
1736 4436 1826 4507 ἐρ-

2003 4415 2092 4470 ὃὸ.
2127 4413 2526 4482 Ιίοιιζίιιιοηιιιιιι
2555 4408 2781 4474 malum,
2806 4420 2837 4460 ο
2856 4401 3190 4467 Andronico,
3221 4400 3274 4454 in
3299 4397 3509 4466 magnis

244 4554 388 4605 γοις,
429 4535 526 4587 καὶ
576 4534 824 4586 κίνδυνον
853 4533 1158 4586 δεινότατον
1195 4530 1632 4600 ὲπισυρομένοις,
1668 4529 1828 4599 εἴπερ

244 4628 604 4696 ἀμεληθείεν,
639 4625 739 4678 ἕνα
773 4624 896 4677 τινὰ
928 4625 1088 4693 μόνον
1139 4624 1218 4684 εἰς
1250 4621 1629 4691 αὐτοκράτορα
1658 4635 1830 4688 κεφα-

248 4719 347 4789 λὴν
381 4719 634 4788 ὲφιστᾷν,
666 4719 759 4769 καὶ
783 4716 944 4768 αὐτὸν
975 4717 1031 4768 δὲ
1062 4713 1187 4767 οὔτε
1217 4714 1339 4766 λίαν
1368 4715 1706 4785 ἐπιστήμονα
1736 4711 1829 4765 τοῦ

248 4813 408 4882 δρᾷν,
441 4811 541 4864 καὶ
581 4809 824 4862 ὕποπτον
847 4807 936 4859 δέἰ
972 4801 1044 4858 Ὠ
1085 4805 1388 4876 Ἐπιμηθεῖ)
1425 4805 1690 4875 βασιλικὲ,
1720 4800 1832 4858 οἷον

249 4906 399 4975 ἡμᾶς
421 4901 607 4956 διὲθου
638 4900 839 4953 κακόνί
884 4899 948 4950 Ὢ
978 4897 1295 4968 ἀλυσιτελὴς
1323 4897 1734 4965 ύστεροϐουλίαί
1767 4897 1832 4949 Ὢ

249 4994 664 5064 δυσανακλήτου
701 4993 789 5044 καί
811 4989 873 5042 οὗ
906 4989 1140 5058 ἀκίχητα
1181 4987 1493 5052 ὲπιδίωξιςί
1532 4989 1596 5040 Ὢ
1627 4989 1830 5046 εἰκαῖος

250 5087 460 5148 ἐκεῖνος
494 5081 831 5152 μετάμελοςί
881 5079 997 5132 Οὐκ
1025 5079 1152 5146 ἔσχε
1197 5077 1306 5146 γὰρ
1349 5077 1427 5139 εἰς
1453 5077 1606 5138 τέλος
1639 5077 1704 5128 τὰ
1737 5073 1832 5126 τοῦ

253 5174 421 5228 Δαυῒδ
471 5173 594 5227 οὐδὲ
658 5172 752 5224 τὸν
816 5170 1038 5240 βασιλέα
1073 5166 1274 5226 λαθεῖν.
1304 5169 1393 5220 Διὸ
1430 5167 1524 5219 καὶ
1566 5164 1834 5230 ἐξέστειλε

255 5267 357 5335 μὲν
391 5266 601 5327 ἐκεῖνος
632 5266 725 5314 τὸν
753 5263 836 5324 εἰς
869 5263 1091 5331 μνήμην
1117 5261 1217 5330 ήδη
1240 5258 1518 5327 γραφικὴν
1549 5254 1835 5309 ἀποτεθει·

255 5357 418 5428 μένον
442 5352 968 5427 παμκοιμὼμενον,
993 5355 1055 5406 οὐ
1091 5352 1252 5423 μόνον
1275 5350 1370 5404 επὶ
1405 5349 1590 5420 ἀμύνῃ
1623 5348 1720 5416 τῆς
1746 5346 1840 5398 πό-

249 5450 416 5516 λεως,
439 5449 576 5503 ἀλλά
605 5448 697 5501 καὶ
723 5447 798 5510 ὡς
826 5447 890 5498 ἄν
926 5462 1092 5513 φασιν
1128 5443 1376 5499 ὑπελθὼν
1415 5441 1607 5506 δεξιῶς
1631 5442 1841 5508 ἀμύνη-

254 5556 353 5592 ται
378 5541 469 5593 τδν
497 5537 798 5594 ἀπατεῶνα
831 5535 994 5590 Δαυῒδ
1013 5538 1092 5599 είς
1120 5535 1364 5606 ὀλεθρον.
1392 5531 1531 5600 Ἤδη
1561 5529 1672 5599 γὰρ
1715 5546 1843 5582 κατ-

257 5631 410 5698 έγνω
443 5634 534 5684 τὸν
559 5632 736 5701 ἀνδρα.
763 5631 858 5681 καὶ
903 5627 933 5680 ό
969 5626 1224 5697 βασιλεὺς
1256 5623 1717 5694 ὀψιμαθίστερον,
1752 5614 1842 5672 οἷα

258 5724 686 5797 βυσσοδομεύων
733 5717 820 5792 ἦν.
865 5719 1151 5790 Ἐκρήτιζε
1199 5719 1256 5772 δὲ
1305 5717 1414 5784 ἀρα
1458 5716 1596 5786 πρὸς
1646 5712 1842 5783 Κρῆτα

590 5817 870 5876 Ριτιιοι..
918 5811 1035 5869 Gtt.
1087 5805 1409 5870 CXXXVI.

1937 4507 2022 4561 bis
2069 4505 2354 4573 operibus,
2390 4516 2509 4571 qum
2539 4501 2712 4555 etiam
2749 4497 3047 4551 maximum
3083 4492 3390 4562 periculum
3420 4505 3511 4543 se-

1933 4614 2058 4655 cum
2097 4605 2409 4660 traxerunt,
2466 4610 2592 4650 cum
2648 4594 2694 4648 si
2744 4590 2995 4659 neglecta
3033 4585 3288 4648 fuissent,
3343 4597 3509 4635 unum

1934 4704 2146 4751 tantum
2174 4690 2496 4760 imperatori
2527 4683 2919 4754 exprobratum
2950 4678 3172 4739 fuisset,
3204 4675 3366 4743 eique
3401 4686 3508 4724 nou

1935 4788 2072 4844 satis
2118 4786 2250 4856 quid
2276 4783 2391 4840 ﬂeri
2441 4780 2667 4836 deberet
2705 4776 2926 4836 edocto,
2983 4767 3335 4826 solummodo
3381 4780 3513 4820 vero

1936 4879 2240 4951 suspicanti
2265 4880 2276 4930 !
2307 4876 2351 4932 0
2381 4873 2578 4944 regalis
2609 4869 2960 4941 Epimetlieu,
2985 4871 3281 4926 memento,
3304 4868 3512 4932 quanto

1941 4973 2087 5028 malo
2138 4968 2311 5024 fueris
2355 4966 2512 5021 nobis
2545 4965 2558 5017 ί
2597 4959 2854 5017 Oiuutile
2882 4957 3173 5014 consilium
3231 4954 3301 5009 ob
3340 4951 3515 5006 tardi-

1938 5065 2148 5121 tatem!
2185 5063 2228 5115 0
2270 5061 2448 5115 tristis
2479 5055 2756 5113 memoriae
2792 5053 2920 5108 boni
2959 5065 3096 5104 vana
3135 5045 3510 5105 consectatio!

1939 5159 1983 5212 0
2049 5155 2390 5210 infructuosa
2467 5149 2558 5203 illa
2628 5144 2952 5218 pmuitcntia
3003 5143 3017 5196 !
3066 5139 3120 5194 In
3195 5147 3513 5209 perpetuum

1940 5247 2085 5306 enim
2135 5262 2258 5317 qua:
2307 5244 2372 5298 ad
2407 5241 2801 5302 Davidem,aut
2846 5237 3235 5307 imperatorem
3269 5240 3518 5300 spectant

1943 5359 2050 5397 non
2105 5346 2354 5411 poterant
2419 5335 2608 5388 latere.
2667 5329 2794 5385 ideo
2866 5327 3016 5382 misit
3083 5322 3518 5384 Cubicularium,

1945 5438 1996 5490 iu
2016 5431 2244 5490 historia
2269 5430 2380 5500 jam
2408 5433 2791 5486 memoratum,
2813 5435 2921 5477 non
2954 5420 3133 5476 solum
3157 5416 3222 5472 ad
3243 5414 3521 5470 defensio-

1945 5543 2068 5582 nem
2093 5523 2268 5586 urbis,
2291 5520 2385 5576 sed
2410 5517 2600 5583 etiam,
2627 5525 2686 5570 ut
2715 5515 2893 5578 aiunt,
2915 5511 2982 5566 ad
3013 5510 3391 5565 defensionem
3424 5503 3520 5554 Da-

1946 5618 2087 5674 viJis
2141 5610 2436 5668 errabundi
2483 5608 2537 5663 in
2589 5609 2763 5679 ipsius
2824 5601 3146 5674 perniciem.
3194 5595 3313 5650 Jam
3377 5593 3520 5646 enim

1949 5711 2280 5778 cegnoverat
2320 5701 2497 5756 virum
2552 5699 2716 5755 etiam
2769 5697 3091 5766 imperator,
3127 5691 3221 5742 sed
3282 5685 3518 5746 tardius,

3130 5775 3167 5832 3
