3930 6232
449 350 522 412 79
1130 351 1559 413 EUSTATHII
1601 352 2029 414 THESSALOD

2141 355 2235 416 EN
2241 356 2358 414 SiS
2399 354 2960 418 ΜΕΤΒΟΡΟΙΛΤίΕ
3647 357 3714 416 80

454 465 599 534 quod
652 463 870 520 dililcile
927 466 978 520 in
1045 465 1236 521 urbem
1296 466 1492 521 reverti
1559 476 1787 536 possent
1833 468 1927 537 qui
1967 466 2029 522 Sit

2149 472 2424 541 Χούμνου,
2455 470 2617 533 αὐτὸς
2649 470 2810 539 μόγις
2835 470 3052 535 ἀνοίξας
3080 472 3178 534 τὰς
3209 470 3404 536 πύλας,
3430 471 3526 526 καὶ
3560 477 3716 540 ἀφεὶς

455 557 717 612 exiissem
739 574 753 624 ;
779 565 1060 627 postremo
1090 573 1219 613 vero
1241 559 1556 628 juramento
1585 565 1943 614 asseruerunt
1978 573 2039 614 sc

453 663 671 716 pinnam
742 649 1041 704 terribilem
1098 664 1195 718 pro
1256 649 1485 705 audacia
1535 650 1790 718 solvisse,
1839 659 2037 705 caetera

451 741 708 810 paciﬁcos
745 758 804 796 se
857 741 1075 796 hituros
1117 742 1493 811 promiserunt
1525 759 1626 799 nec
1665 744 2031 814 impossibilia

452 845 639 888 contra
679 832 770 886 Dei
806 833 1147 886 voluntatem
1184 847 1445 889 ausuros.

2144 563 2305 632 δῆθεν
2361 561 2632 632 ἐκδρομὴν
2682 561 2953 631 προϐῆναι
3027 561 3127 634 τὴν
3169 563 3532 633 ζητουμένην,
3596 560 3719 618 εἶτα

2147 653 2493 706 συνέκλεισεν
2557 651 2780 706 ὄπισθεν
2841 652 3038 716 αὐτῶν,
3094 653 3170 716 ὡς
3229 655 3380 723 μόλις
3425 656 3717 727 δυνηθῆναι

2146 744 2274 804 τοὺς
2311 741 2625 806 ἐξελθόντας
2665 743 2776 796 ἐσω
2813 742 3068 812 γενέσθαι
3101 745 3168 798 τὰ
3196 746 3294 815 τῆς
3329 747 3557 811 πόλεως,
3592 749 3721 799 κάν-

2019 880 2042 901 ,
2147 831 2338 885 τεῦθεν
2395 832 2640 894 ἐκείνους
2696 832 2876 903 δεινὴν
2941 833 3084 888 οὕτω
3140 837 3328 906 ποινὴν
3380 837 3474 889 τοῦ
3530 839 3722 908 θαρσεί

453 927 769 996 τινυμένους
804 925 1160 996 διομόσασθαι
1194 926 1495 999 ἡσυχάζειν
1523 928 1613 982 τοῦ
1649 928 1865 995 λοιποῦ,
1894 929 1990 982 καὶ
2033 925 2109 997 μὴ
2141 925 2426 995 βιάζεσθαι
2469 925 2538 978 τὰ
2567 925 2642 995 μὴ
2690 925 2912 991 δυνατὰ,
2947 925 3075 980 ἔνθα
3113 927 3244 990 Θεὸς
3276 929 3412 982 ἄλλα
3445 929 3717 999 βούλεται.

519 1046 608 1098 67.
640 1045 987 1115 Superﬂttum
1023 1058 1129 1098 non
1161 1047 1265 1100 erit
1317 1047 1402 1100 bic
1440 1046 1782 1102 conscribere
1826 1045 1892 1100 ad
1930 1045 2032 1100 bo-

451 1153 634 1190 norem
671 1139 845 1201 ducis,
871 1138 962 1205 qui
1017 1139 1155 1192 bello
1183 1139 1447 1217 adversus
1473 1139 1778 1190 Chumnum
1810 1147 2034 1191 externo

2213 1043 2310 1108 ξζθ.
2335 1046 2450 1098 Οὐκ
2480 1045 2548 1099 ἂν
2581 1046 2638 1098 δέ
2668 1047 2753 1114 εἴη
2783 1046 3064 1116 πάρεργον
3094 1045 3328 1099 ἐνταῦθα
3354 1053 3719 1118 προσιστορῆ-

2145 1154 2234 1189 σαι
2287 1137 2424 1204 πρὸς
2458 1136 2644 1206 θαῦμα
2685 1137 2780 1190 τοῦ
2830 1137 3140 1208 στρατηγοῦ
3192 1139 3287 1191 καὶ
3313 1139 3416 1202 ὅτι,
3451 1139 3542 1192 τοῦ
3579 1144 3719 1193 κατὰ

450 1237 578 1282 tunc
609 1239 789 1296 rupto,
826 1237 952 1296 post
983 1228 1184 1282 famam
1218 1229 1284 1283 ad
1321 1230 1501 1296 ipsum
1542 1231 1829 1298 perlatam,
1858 1227 2029 1283 noluit

2141 1225 2232 1277 τὸν
2279 1226 2530 1294 Χοῦμνον
2561 1225 2800 1296 πολέμου
2854 1226 2971 1291 ἔξω,
3003 1229 3124 1279 τότε
3169 1229 3447 1297 ῥαγέντος,
3494 1231 3719 1283 καὶτοῦ

453 1318 756 1386 periculum
805 1318 1169 1372 Barbarorum
1209 1334 1432 1389 augere,
1479 1329 1673 1373 contra
1719 1317 2029 1373 Cliumnum

2142 1318 2470 1385 πράγματος
2497 1318 2894 1387 διηκουσμένου
2917 1317 3013 1371 καὶ
3037 1321 3116 1382 είς
3147 1319 3331 1385 αὑτὸν,
3365 1320 3528 1383 αὐτὸς
3559 1322 3723 1387 ἀφεὶς

449 1410 766 1478 pugnando,
811 1413 887 1464 ita
939 1423 998 1465 ut
1049 1411 1276 1465 Barbari
1327 1413 1587 1480 utrinque
1634 1412 1810 1464 vexati
1857 1411 2029 1465 caede-

2141 1411 2411 1463 διπλῶσαι
2442 1413 2556 1475 τοῖς
2585 1411 2883 1481 βαρϐάροις
2915 1414 3005 1465 τὸν
3040 1414 3308 1477 κίνδυνον,
3334 1413 3492 1483 εἴπερ
3525 1417 3553 1466 ό
3583 1415 3723 1468 X06-

441 1513 663 1557 -rentur.
695 1503 860 1573 igitur
887 1520 914 1556 a
952 1504 1242 1573 pugnando
1276 1504 1487 1558 abstitit
1510 1515 1564 1558 et
1595 1502 1816 1557 aliunde
1847 1503 2029 1556 trium-

2146 1520 2276 1574 μνος
2326 1506 2425 1573 μὲν
2473 1506 2688 1558 ἐκεῖθεν
2743 1511 2978 1571 πονοττο,
3005 1509 3166 1570 αὐτὸς
3194 1507 3240 1560 δ’
3265 1508 3505 1561 ἐνταῦθα
3545 1527 3722 1561 κατα-

455 1595 622 1661 pirum
699 1597 971 1664 quresivit.
1018 1595 1330 1649 Altissimus
1380 1594 1525 1647 enim
1595 1584 1884 1648 adversum
1940 1607 2029 1648 nos

2144 1595 2505 1664 στρατηγοίη,
2541 1598 2616 1658 ὡς
2651 1597 2718 1650 ἂν
2758 1600 2949 1661 κακοῖς
2971 1599 3313 1668 ἑκατέρωθεν
3343 1598 3722 1667 ἐναποληφθὲν

447 1687 774 1741 convocavit
823 1688 875 1740 in
917 1687 1056 1740 colle
1105 1686 1357 1739 orientali
1408 1684 1622 1737 Zabarii
1669 1686 1772 1738 rite
1813 1685 2029 1738 demon-

2141 1687 2203 1738 τὸ
2232 1686 2530 1756 βάρϐαρον,
2564 1688 2658 1740 καὶ
2692 1690 2834 1742 κατά
2859 1706 2918 1742 τε
2951 1690 3193 1760 στέρνων
3230 1691 3323 1743 καὶ
3353 1691 3495 1743 κατά
3531 1709 3588 1743 τε
3617 1691 3722 1743 νὼ-

454 1789 640 1831 strans
668 1791 863 1847 pugnae
885 1777 1322 1845 dispositionem,
1357 1791 1520 1845 quam
1558 1777 1833 1828 indicabat
1862 1775 2029 1843 pulvis

2145 1795 2251 1831 των
2283 1778 2652 1848 πληττόμενον
2678 1780 2771 1833 καὶ
2801 1779 3134 1850 βαλλόμενον
3161 1780 3390 1850 ὀχλοῖτο.
3421 1780 3566 1834 οὕτω
3586 1781 3720 1848 γοῦν

455 1871 672 1923 sublata
699 1885 727 1921 a
749 1870 1100 1923 currentibus
1122 1878 1286 1936 atque
1321 1870 1389 1921 ab
1442 1868 1795 1921 adversariis.
1835 1866 2029 1921 Preces

2147 1871 2480 1937 στρατηγεῖν
2534 1867 2712 1935 ἀφεὶς,
2770 1869 2846 1934 ὡς
2902 1871 3128 1940 ἔπρεπε,
3189 1873 3485 1938 πομπικῶς
3545 1873 3721 1933 ἄλλως

455 1973 637 2016 autem
682 1977 747 2017 ac
778 1962 1187 2030 deprecationes
1225 1975 1363 2030 quas
1418 1963 1545 2031 egit,
1600 1975 1762 2013 nemo
1812 1959 2029 2015 credere

2141 1957 2392 2010 διέκειτο.
2426 1957 2691 2026 ’Υψιστος
2733 1959 2843 2027 γὰρ
2874 1961 2931 2012 ἐν
2961 1959 3038 2029 τῷ
3065 1959 3184 2030 ἑῴῳ
3209 1960 3431 2031 γηλόφῳ
3466 1961 3558 2014 τοῦ
3597 1961 3721 2015 καθ’

444 2061 657 2122 posset.
681 2051 795 2109 Hoc
826 2061 910 2106 est
939 2066 1068 2106 vero
1097 2052 1321 2106 evrdens
1347 2064 1508 2121 quam
1553 2050 1832 2120 negligens
1874 2049 2029 2104 fuerit

2140 2053 2288 2121 ἡμᾶς
2339 2052 2644 2122 Ζαϐαρείου
2693 2053 3089 2122 ἐπανηγύριζε,
3127 2053 3408 2123 θεωρικῶς
3459 2053 3557 2122 τὴν
3618 2056 3719 2120 τῆς

455 2145 510 2199 in
567 2143 775 2199 Latinis
831 2145 1248 2213 persequendis,
1302 2152 1613 2211 quantaque
1691 2141 1908 2210 ignavia
1983 2143 2038 2194 in

454 2237 760 2291 amovendo
802 2251 833 2289 a
877 2235 1032 2290 nobis
1086 2235 1249 2298 bello,
1298 2235 1576 2304 quomodo
1621 2233 1822 2286 timens
1851 2247 1916 2286 ne
1947 2246 2039 2286 ac-

448 2337 734 2393 cusarent,
783 2328 928 2398 quod
977 2327 1124 2380 illius
1192 2341 1360 2380 causa
1407 2324 1694 2379 adoriendi
1761 2322 2039 2378 exercitus

454 2401 739 2477 Rmna'nus
803 2419 1209 2490 supervenerit.
1245 2416 1398 2471 Tunc
1434 2431 1564 2470 vero
1611 2414 1870 2469 mulieres
1915 2428 2040 2467 eum

455 2515 717 2578 riserunt,
771 2525 838 2566 ac
880 2519 1170 2583 postquam
1218 2509 1286 2563 de
1353 2506 1606 2577 supernis
1657 2505 1776 2558 illas
1811 2505 2043 2558 descen-

452 2604 585 2658 dere
631 2602 887 2672 jussisset
939 2599 1187 2655 ascendit
1246 2600 1361 2668 ipse
1419 2597 1680 2651 indecoro
1727 2595 1889 2648 modo
1926 2595 2042 2647 hsce

454 2697 572 2751 loca
618 2694 945 2764 repleturus.
1004 2693 1071 2745 At
1104 2692 1237 2756 “,boc
1302 2689 1597 2744 ludibrium
1624 2702 1690 2742 ex
1725 2686 2044 2741 mulieribus

454 2782 768 2852 neutiquam
823 2781 973 2836 illum
1019 2780 1207 2834 movit.
1264 2777 1421 2835 Unde
1481 2777 1627 2831 enim
1693 2776 1836 2830 scire
1889 2782 2043 2844 pute-

453 2884 538 2929 rat
598 2873 865 2944 ejusmodi
916 2871 1290 2926 cavillationes
1342 2869 1642 2924 muliebres
1698 2882 1842 2936 saepe
1910 2864 2041 2920 viris

455 2964 842 3018 vacillantibus
898 2961 1172 3032 profuisse
1215 2960 1282 3013 ad
1332 2961 1574 3013 animum
1634 2957 2040 3022 resumendum,

2144 2145 2326 2212 μάχης
2357 2145 2574 2213 ἐκείνης
2601 2143 2972 2213 γνωματεύων
3002 2143 3266 2206 διάθεσιν,
3295 2145 3361 2215 ἢν
3388 2146 3716 2213 ἐγειρομένη

2142 2221 2292 2296 κόνις
2338 2234 2444 2286 ὑπὸ
2497 2236 2606 2288 τῶν
2646 2235 2952 2304 τρεχόντων
2987 2236 3080 2288 καὶ
3126 2236 3556 2305 ἁντιτρεχόντων
3593 2239 3722 2305 ἐσή-

2142 2343 2324 2394 μαινε.
2367 2325 2477 2376 Καὶ
2516 2318 2605 2378 οἷα
2637 2325 2738 2393 μὲν
2767 2324 2933 2388 αὐτὸς
2961 2324 3081 2378 τότε
3112 2325 3303 2394 εῠχετο
3334 2325 3422 2385 ἂν,
3449 2327 3481 2396 ἦ
3515 2328 3718 2380 κατεύ-

2141 2432 2286 2484 χετο,
2327 2415 2502 2479 οὐδεὶς
2533 2417 2600 2470 ἂν
2641 2416 2808 2487 εἰδείη
2855 2417 3044 2486 μαθών
3067 2433 3081 2447 ⁸
3112 2419 3289 2470 ἐκεῖνο
3335 2417 3389 2470 δὲ
3422 2419 3606 2487 δῆλον,
3640 2421 3718 2482 ὡς

2139 2505 2304 2559 ὤκνει
2337 2507 2616 2560 κάνταῦθα
2649 2509 2775 2570 τοὺς
2800 2509 3059 2572 Λατίνους
3085 2509 3335 2578 όχλῆσαι,
3365 2509 3456 2562 καί
3489 2528 3543 2562 τι
3583 2510 3716 2564 σκύ-

2142 2598 2238 2652 λαν
2269 2599 2652 2668 ἀπασχολῆσαι
2699 2599 2796 2654 τοῦ
2847 2602 2970 2654 καθ’
2999 2602 3156 2670 ἡμῶν
3204 2602 3465 2671 πολέμου,
3497 2603 3575 2663 ὡς
3626 2598 3718 2656 οἶα

2141 2689 2282 2757 τάχα
2312 2705 2414 2741 που
2445 2687 2636 2752 δεδιὼς
2666 2689 2740 2760 μὴ
2775 2693 2870 2744 καὶ
2897 2691 3316 2756 ἐπικαλέσωσιν,
3350 2691 3425 2754 ὡς
3453 2692 3520 2745 δι’
3550 2693 3718 2746 αὐτον

2140 2778 2388 2833 δίπαλτοι
2441 2779 2500 2834 τὸ
2561 2780 2870 2850 Ῥωμαϊκὸν
2927 2782 3111 2845 αὐτοῖς
3162 2784 3500 2851 ἐπετέθησαν
3540 2787 3719 2854 στρά-

2141 2889 2339 2941 τευμα.
2373 2872 2483 2926 Kal
2511 2871 2717 2941 ἔπασχε
2754 2872 2852 2940 μὲν
2888 2873 3186 2942 τηνικαῦτα
3228 2875 3479 2944 μυκτῆρα
3509 2876 3573 2927 ἐκ
3606 2878 3722 2928 ττῖιν

2142 2962 2441 3030 γυναικῶν,
2474 2964 2553 3016 ὅτι
2585 2962 2832 3016 καθελὼν
2875 2964 3087 3028 ἐκείνας
3119 2964 3213 3018 τοῦ
3245 2966 3356 3020 ἄνω
3393 2967 3512 3019 ἐκεῖ
3557 2967 3724 3020 ἐστά-

460 3071 582 3110 cum
638 3056 890 3110 Barbarie
959 3063 1073 3108 tum
1139 3051 1393 3108 Graecis?
1435 3049 1549 3106 Hoc
1600 3060 1779 3104 autem
1841 3049 2029 3102 malum

2143 3071 2256 3114 ναι,
2297 3053 2462 3116 αὐτὸς
2515 3053 2752 3106 obirata
2800 3071 2852 3106 τι
2885 3056 3062 3108 αίσιον
3102 3056 3360 3125 ἀναϐαίη,
3407 3061 3724 3124 γυναικεῖον

461 3162 717 3214 magnum
773 3156 829 3200 et
886 3145 1235 3204 manifestum
1293 3160 1358 3199 ex
1411 3145 1506 3199 illo
1555 3143 1763 3211 experti
1824 3156 2029 3206 smnus1

2145 3144 2310 3197 τόπον
2339 3143 2689 3213 ἀναπληρῶν.
2721 3139 2829 3198 Ἦν
2879 3146 2935 3198 δέ
2991 3145 3140 3216 αὐτῷ
3176 3148 3270 3201 καὶ
3323 3151 3351 3202 ὁ
3381 3151 3443 3200 ἐκ
3471 3149 3579 3201 τῶν
3619 3167 3726 3215 γυ-

458 3239 671 3306 scilicet
716 3236 1010 3292 didicimus
1053 3251 1118 3291 ex
1173 3235 1310 3306 ipsis
1355 3234 1590 3300 Latinis,
1649 3233 1694 3288 si
1753 3234 1886 3288 hora
1934 3248 2029 3303 qua

2145 3235 2312 3288 ναίων
2359 3234 2549 3303 μῶμος
2585 3234 2716 3287 ὡσεὶ
2763 3236 2944 3290 οὐθέν.
2993 3237 3165 3290 Πόθεν
3221 3238 3328 3306 γάρ
3382 3235 3492 3308 εἶχε
3554 3241 3726 3306 γνοὺς

450 3329 738 3384 Chumnus
793 3329 849 3384 in
898 3344 995 3383 eos
1039 3330 1296 3392 irrueret,
1346 3329 1439 3398 qui
1489 3335 1649 3382 erant
1701 3327 1756 3380 in
1811 3325 2029 3380 civitate

2145 3324 2530 3395 ἐννοήσασθαι,
2573 3326 2648 3388 ὡς
2675 3326 2862 3379 πολλοὶ
2891 3329 3172 3394 γυναικῶν
3216 3330 3508 3398 ὀνειδισμοὶ
3546 3331 3727 3399 σφαλ-

449 3422 852 3490 processissent
923 3437 1114 3478 versus
1190 3403 1443 3491 portum,
1492 3434 1684 3474 omnes
1755 3417 2029 3472 machinas

2143 3414 2406 3482 λομένους
2439 3413 2638 3483 ἄνδρας
2689 3415 3047 3486 ἀνώρθωσαν,
3084 3417 3456 3488 βαρϐαρικούς
3512 3437 3573 3472 τε
3625 3422 3727 3474 καὶ

453 3511 733 3565 ablaturos
763 3511 959 3577 fuisse,
991 3521 1281 3581 castraque
1303 3519 1618 3566 vastaturos
1653 3508 1883 3563 navibus
1909 3520 2029 3561 δυο·

2146 3506 2454 3576 Ἐλληναςς
2503 3507 2612 3559 Kal
2637 3505 2834 3576 ἔχομεν
2870 3507 2963 3560 καὶ
2996 3509 3199 3578 ταύτην
3233 3509 3436 3579 βλάϐην
3465 3511 3523 3575 ἐξ
3551 3513 3725 3565 αὑτοῦ

452 3603 634 3658 censis
658 3617 780 3672 quae
805 3604 940 3673 ipsis
969 3602 1394 3672 superfuissent.

2151 3597 2397 3666 μεγάλην
2455 3598 2552 3650 καὶ
2627 3597 2903 3667 προφανῆ.
2985 3597 3298 3669 Ἐμάθομεν
3367 3602 3474 3668 γὰρ
3538 3605 3728 3655 αὐτῶν

452 3694 698 3748 Λατίνων
747 3692 1208 3763 ἐξαγγελλόντων,
1235 3695 1332 3760 ὡς,
1361 3696 1520 3764 εἰπερ
1565 3695 1662 3765 τὴν
1696 3691 1847 3761 ὤραν
1875 3689 2114 3758 ἐκείνην,
2145 3691 2269 3742 καθ’
2316 3690 2384 3759 ἢν
2435 3689 2464 3740 ό
2507 3688 2758 3758 Χοῦμνος
2823 3691 3010 3752 αὐτοῖς
3068 3692 3314 3755 ἐπέθετο,
3370 3695 3728 3764 ἐνεπήδησαν

450 3788 498 3839 oi
550 3788 648 3852 τῆς
714 3787 922 3851 πόλεως
965 3789 1094 3858 περὶ
1133 3789 1224 3842 τὸν
1287 3787 1666 3857 ναύσταθμον,
1702 3769 1802 3847 τάς
1840 3800 1900 3836 τε
1961 3780 2211 3852 μηχανὰς
2243 3781 2462 3844 ἁπάσας
2493 3773 2637 3834 εἷλον
2670 3781 2759 3847 ἂν,
2784 3781 2970 3835 καὶτὸ
3005 3783 3370 3851 στρατόπεδον
3399 3785 3726 3855 ἀπήγαγον»

450 3885 838 3954 ἐμπρήσαντες
866 3881 958 3935 καὶ
979 3883 1136 3952 νῆας,
1157 3883 1289 3946 ὅσας
1312 3882 1588 3950 ἐξεγένετο
1626 3881 1693 3935 ἂν
1719 3879 1926 3937 αὐτοῖς.

522 3979 609 4033 68.
643 3978 752 4034 Sed
800 3979 903 4033 hoc
947 3978 1225 4049 posterius
1271 3978 1589 4033 narrabitur
1637 3992 1663 4030 a
1696 3965 1894 4030 nubis.'
1917 3975 2027 4027 Dux

2213 3971 2313 4041 ξη’.
2360 3969 2524 4022 ’Λλλὰ
2578 3969 2736 4023 τοῦτο
2789 3969 2889 4038 μὲν
2923 3969 3151 4042 ὕστερον
3184 3973 3318 4042 ἡμῖν
3378 3973 3582 4034 ἐπῆλθε
3616 3993 3728 4044 μα-

451 4085 580 4122 vero
605 4079 732 4124 ante
785 4070 969 4123 onmia
1028 4070 1376 4139 excogitabat
1431 4080 1490 4123 ut
1551 4070 1669 4138 ipse
1737 4067 2029 4123 incolumis

2140 4064 2272 4120 θεῖν.
2316 4064 2375 4116 Ὀ
2398 4062 2456 4114 δὲ
2488 4061 2798 4132 στρατηγὸς
2823 4061 2962 4125 τέως
2991 4062 3296 4132 μεθώδευεν
3333 4064 3621 4128 ἀσκύλτως
3649 4072 3726 4119 τὰ

451 4159 731 4224 evaderet,
790 4158 1208 4228 principatuque
1235 4159 1516 4215 luxuriose
1553 4161 1826 4215 utebatur.
1857 4157 1912 4214 Si
1963 4156 2029 4211 ad

2140 4155 2353 4220 ἐαυτοῦ,
2385 4155 2481 4210 καὶ
2506 4153 2782 4226 ἐνετρῦφα
2814 4157 2880 4225 τῇ
2910 4156 3074 4226 ἀρχῇ.
3125 4157 3236 4210 Καὶ
3287 4157 3729 4226 παρακαλούμε-

450 4265 617 4320 opera
635 4249 910 4305 laboriosa
944 4251 1082 4306 alios
1127 4251 1428 4314 excitabat,
1460 4251 1578 4320 ipse
1617 4251 1777 4322 genio
1820 4259 1873 4303 et
1919 4249 2029 4304 otio

2140 4265 2225 4312 νος
2252 4249 2331 4312 είς
2361 4247 2498 4319 ἔργα
2537 4247 2922 4318 φιλοπονικῶς,
2951 4247 3116 4311 αὐτὸς
3155 4249 3400 4319 ἑώρταζε
3431 4252 3491 4302 τὸ
3539 4251 3720 4322 artop-

453 4341 760 4410 indulgebat
814 4348 1145 4410 nostrasque
1204 4355 1298 4396 res
1356 4342 1667 4412 negligebat
1719 4341 1790 4395 ob
1841 4337 2028 4394 odium

2140 4338 2427 4410 ῥᾳθυμεῖν,
2452 4338 2546 4392 καὶ
2574 4337 2925 4401 ἀναπίπτειν,
2962 4341 3057 4392 καὶ
3089 4337 3362 4399 ἀνίεσθαι,
3392 4340 3490 4391 καὶ
3544 4356 3732 4393 κατα-

452 4436 506 4488 in
556 4435 960 4504 imperatorem.
1018 4433 1322 4489 Pessimum
1373 4444 1458 4490 est
1502 4435 1742 4504 quidem.
1783 4433 1876 4488 sed
1928 4433 2028 4484 bu-

2140 4431 2426 4502 προΐεσθαι
2455 4431 2524 4484 τὰ
2555 4431 2800 4501 ἡμέτερα
2841 4429 2991 4500 μίσει
3023 4429 3100 4500 τῷ
3124 4431 3264 4483 κατὰ
3290 4429 3383 4483 τοῦ
3417 4430 3728 4496 βασιλέως,

452 4539 671 4578 manum
707 4532 908 4591 tamen,
944 4523 1224 4593 proprium
1279 4523 1477 4578 malum
1510 4541 1632 4579 cum
1676 4524 1818 4578 bono
1841 4529 2029 4576 nostro

450 4615 730 4670 communi
762 4624 1151 4682 commutasse,
1184 4615 1583 4684 utilitatemque
1627 4613 1800 4670 Siculi
1846 4613 2028 4682 magni

450 4706 792 4764 Constantini
851 4707 1075 4763 utilitati
1136 4707 1540 4778 anteposuisse,
1591 4723 1676 4770 ac,
1721 4716 1785 4760 ut
1831 4707 2030 4776 aliquis

452 4797 687 4861 diceret,
739 4813 839 4868 pro
898 4797 1204 4870 Cbarybdae
1266 4799 1492 4871 scopulo
1551 4799 1715 4852 alium
1776 4799 2023 4866 elegisse.

451 4885 604 4940 Illum
662 4887 826 4957 igitur
851 4888 916 4942 ad
972 4891 1172 4944 bonum
1224 4892 1426 4946 excitat
1471 4891 1750 4960 Augustus
1789 4888 2028 4943 Joanm-s

451 4977 850 5043 Maurozomes,
885 4977 1014 5032 dum
1065 4995 1128 5034 ex
1177 4980 1512 5051 Peloponeso
1560 4980 1844 5050 profectus
1903 4993 2028 5033 cum

453 5084 552 5122 suo
614 5069 860 5123 exercitu
933 5070 1007 5124 ibi
1072 5081 1530 5136 commoraretur,
1587 5087 1695 5125 non
1751 5069 2026 5125 connnodi

456 5163 632 5216 nostri
661 5176 851 5229 causa,
884 5172 941 5216 ut
964 5164 1113 5219 multi
1144 5164 1587 5232 suspicabantur,
1615 5163 1709 5218 sed
1736 5164 1788 5217 in
1808 5161 2029 5216 demon-

453 5253 790 5316 strationem,
819 5255 996 5323 rcipsa
1032 5271 1158 5311 vero
1193 5257 1420 5325 cupiens
1452 5271 1546 5326 per
1570 5257 1814 5324 seipsum
1841 5254 2029 5308 videre

451 5360 557 5415 qua
592 5356 740 5413 parte
766 5348 1173 5415 periclitaretur
1204 5350 1295 5418 (de
1326 5349 1435 5402 vita
1463 5350 1601 5418 ipsa,
1631 5349 1780 5419 dico)
1812 5351 1865 5404 in
1897 5364 2026 5419 quo,

455 5445 513 5490 ut
563 5436 703 5490 fama
763 5449 900 5503 erat,
961 5439 1340 5493 Andronicum
1415 5444 1713 5496 metuebat.
1776 5442 2028 5495 Attamen

452 5528 630 5584 bonus
663 5536 780 5582 erat
812 5529 928 5598 ejus
954 5543 1134 5584 sermo
1193 5530 1428 5600 ducique
1470 5533 1841 5602 exprobrabat
1867 5548 2027 5588 suam

453 5619 885 5689 dispositionem.
938 5617 1054 5672 Non
1107 5626 1289 5674 autem
1338 5629 1456 5675 erat
1501 5624 1854 5680 consiliorum
1909 5625 2028 5694 ejus

457 5709 726 5780 particeps
751 5724 849 5768 nec
877 5708 1021 5764 ullus
1048 5707 1208 5774 alius,
1237 5725 1359 5764 nam
1389 5711 1523 5768 illud
1557 5729 1723 5771 unum
1752 5716 1944 5784 agebat
1971 5726 2028 5772 ut

2134 4527 2369 4576 κάκιστα
2423 4522 2539 4592 μὲν,
2575 4521 2929 4591 ἀνθρωπίνως
2963 4521 3009 4573 δ’
3060 4518 3174 4586 οὖν,
3220 4521 3350 4574 ἰδίου
3388 4522 3562 4573 κακοῦ
3620 4521 3730 4575 τοῦ

2133 4616 2252 4669 κατ’
2282 4615 2444 4669 αὑτὸν
2487 4613 2548 4664 τὸ
2599 4613 2723 4665 καθ’
2770 4614 2920 4682 ἡμᾶς
2954 4612 3133 4665 κοινὸν
3164 4611 3585 4678 ἀλλαττόμενος,
3619 4618 3731 4670 καὶ

2131 4707 2228 4776 τὴν
2274 4706 2368 4759 τοῦ
2423 4705 2647 4758 Σικελοῦ
2713 4705 2810 4774 τῆς
2860 4704 2953 4756 τοῦ
2999 4703 3241 4775 μεγάλου
3297 4704 3730 4759 Κωνσταντίνου

2134 4799 2434 4870 προτιθεὶς,
2471 4798 2562 4849 καὶ
2594 4797 2669 4857 ὡς
2718 4796 2786 4849 ἂν
2814 4795 2958 4848 είποι
2983 4813 3086 4860 τις,
3118 4794 3211 4848 τοῦ
3245 4794 3386 4848 κατὰ
3431 4789 3733 4864 Χάρυϐδιν

2137 4891 2397 4943 σκοπέλου
2430 4889 2519 4940 τὸν
2547 4891 2735 4955 ἓτερον
2766 4887 3216 4958 ἀνθαιρούμενος.
3253 4888 3361 4939 Kal
3410 4887 3576 4954 ὦχλει
3616 4890 3735 4954 μὲν

2131 4987 2292 5038 αὑτὸν
2322 4985 2401 5045 εἰς
2435 4984 2505 5036 τὰ
2535 4983 2675 5035 καλά
2721 4983 2816 5034 καὶ
2850 4984 2878 5034 ὁ
2907 4981 3178 5042 Σεϐαστὸς
3223 4980 3476 5048 Ἰωάννης
3508 4982 3536 5032 ὀ
3561 4981 3735 5034 Mau-

2135 5075 2414 5146 ροζὼμης,
2451 5076 2508 5126 ἐν
2541 5074 2618 5146 τῷ
2649 5075 2712 5126 ἐκ
2744 5073 3152 5140 Πελοποννήσου
3198 5071 3520 5125 ἀναϐαίνειν
3573 5076 3732 5139 μετὰ

2134 5165 2365 5235 στρατοῦ
2389 5165 2736 5234 παραμείνας
2760 5163 3012 5228 ἐνταῦθα,
3035 5162 3149 5215 οὔτι
3179 5163 3297 5216 κατ’
3325 5161 3539 5214 εὔνοιαν
3565 5164 3738 5232 μάλα

2132 5259 2240 5310 τὼν
2270 5257 2392 5310 καθ’
2415 5259 2583 5327 ἡμᾶς,
2609 5257 2683 5319 ὼς
2712 5257 2972 5309 ὑπενόουν
3005 5255 3214 5318 πολλοὶ,
3253 5255 3388 5307 ἀλλὰ
3418 5254 3579 5307 τοῦτο
3611 5258 3736 5324 μὲν

2132 5350 2209 5409 εἰς
2247 5349 2539 5419 πρόφασιν,
2568 5347 2705 5418 πρὸς
2734 5347 2990 5416 ἀλήθειαν
3024 5346 3077 5398 δὲ
3115 5345 3264 5416 πέοῳ
3299 5347 3392 5399 καὶ⁵
3425 5345 3593 5410 αὐτὸς
3614 5351 3735 5403 τοῦ

2133 5442 2372 5513 βλέπειν,
2401 5435 2571 5510 οὗπερ
2604 5441 2861 5492 ἐκπεσεῖν
2886 5439 2986 5508 (μή
3024 5456 3074 5490 τι
3109 5438 3165 5490 δὲ
3186 5439 3294 5508 ἄρα
3329 5438 3426 5490 καὶ
3454 5438 3552 5492 τοῦ
3585 5438 3734 5514 ζῇν)

2133 5535 2296 5602 φόϐον
2327 5531 2439 5602 εἶχε
2477 5537 2569 5585 καὶ
2604 5531 2766 5593 αὑτός
2799 5533 2863 5582 ἐκ
2894 5531 2988 5582 τοῦ
3037 5531 3406 5599 Ἀνδρονίκου,
3440 5530 3515 5591 ὡς
3546 5529 3740 5601 λόγος

2134 5624 2311 5695 ἐρρεε.
2344 5625 2450 5676 Kal
2487 5624 2634 5691 ὅμως
2666 5621 2845 5674 ἐλάλει
2873 5622 3036 5684 καλὰ,
3079 5625 3167 5674 καὶ
3196 5622 3393 5690 ήλεγχε
3425 5621 3514 5671 τὸν
3550 5639 3746 5694 στρχ-

2137 5717 2324 5780 τηγδν,
2365 5718 2508 5778 ὅπως
2532 5717 2598 5768 ἂν
2629 5715 2723 5768 καὶ
2755 5714 3006 5768 διέκειτο.
3053 5715 3108 5767 ’0
3154 5714 3209 5766 δὲ
3241 5714 3350 5767 οὐδ’
3383 5714 3552 5767 αὐτοῦ
3594 5717 3744 5771 ἐπε-
