3950 6242
227 382 284 447 st
1007 389 1106 452 DE
1144 389 1721 456 THESSALONICA
1755 392 1964 457 unus
2005 397 2050 454 A
2092 395 2404 456 LATlNlS
2431 394 2695 456 CAPTA.
3063 383 3066 386 ’
3431 399 3502 462 82

229 523 452 576 στροφος
473 502 565 576 ἦν,
588 507 739 561 ὥσπε
747 527 780 580 ρ
808 509 926 563 οὐδὲ
953 509 1062 566 τῶν
1081 511 1259 566 ἄλλων
1278 511 1508 577 ούδενὺς,
1537 511 1595 564 ἓν
1617 513 1794 566 ἐκεῖνο

1928 513 2350 570 Thessalonicam
2369 515 2581 571 veniret
2607 512 2752 584 quod
2778 512 3160 570 Andronicum
3198 515 3499 571 metuebat.

229 601 448 670 σκέμμα
477 601 687 674 στήσας
719 603 779 655 ἐν
822 603 1027 675 ἑαυτῷ,
1083 606 1148 675 τῇ
1185 604 1559 676 Θεσσαλονίκῃ
1591 622 1794 675 συγκα-

229 694 583 763 τοιχήσεσθαι
616 695 725 749 δέει
754 696 847 749 τοῦ
885 697 1254 769 Ἀνδρονίκου.
1287 698 1400 751 Καὶ
1427 698 1534 771 μὴν
1561 694 1709 767 εἶχεν
1729 699 1796 753 ἂν

232 785 432 858 ἐγγύην
477 788 890 859 ἑπινοήσεσθαι,
943 789 1039 856 ὡς,
1087 789 1202 857 είγε
1248 789 1412 843 σώσει
1469 789 1567 859 τὴν
1618 788 1798 856 πόλιν,

225 879 597 946 ἑκμειλίξεται
641 880 734 934 τὸν
797 883 1012 952 ἄγριον,
1059 877 1148 935 οἶα
1180 881 1598 950 πεπιστευμένος
1656 878 1796 937 εἶναι

226 972 315 1042 ζῇν
345 975 523 1039 ἄξιος.
570 976 714 1029 Ἀλλ’
747 975 869 1029 οὔτε
901 977 990 1030 τὸν
1020 977 1113 1030 τοῦ
1146 975 1430 1047 βασιλικοῦ
1474 976 1672 1046 ῆθνους
1704 975 1796 1029 εὖ·

1905 605 2186 661 Ratienem
2211 615 2389 664 autem
2419 607 2728 677 excogitare
2756 614 3010 678 potuerat
3035 617 3127 670 ιιι,
3157 609 3201 662 si
3239 596 3394 662 salva
3416 625 3506 663 es-

1905 709 1992 754 set
2014 699 2402 765 civitas,istam
2420 701 2587 754 feram
2607 700 2822 766 leniret,
2844 701 2917 755 ita
2941 711 3022 762 ut,
3040 700 3280 764 confido,
3297 701 3499 772 dignus

1907 792 2017 846 vita
2054 800 2317 848 exstaret.
2357 791 2462 848 Sed
2503 793 2578 848 illi
2611 809 2735 864 spes
2770 810 2877 849 non
2920 802 3040 850 erat
3067 794 3496 849 inconstantiam

1905 884 2250 956 imperatoris
2270 886 2324 938 in
2343 885 2527 953 aliquo
2546 887 2690 939 bene
2709 886 2996 952 retinendi;
3016 895 3070 942 et
3090 894 3311 956 peccata
3339 887 3498 939 etiam

1903 984 2092 1031 nostra
2115 976 2383 1047 ejusmodi
2418 978 2806 1048 cogitationem
2833 980 2900 1033 ab
2922 995 2988 1034 ee
3009 990 3353 1035 amoverant.

226 1084 372 1138 ριπον
388 1069 622 1140 ἐθάρρει
647 1069 945 1140 στήσεσθαι
975 1071 1040 1126 ἂν
1066 1071 1160 1124 ἐπί
1192 1088 1340 1136 τινος
1368 1069 1560 1135 καλοῦ,
1584 1069 1679 1124 καὶ
1701 1071 1756 1123 αί
1777 1069 2046 1142 ἁμαρτίαι
2079 1068 2138 1123 δὲ
2159 1069 2319 1140 ἡμῶν
2342 1070 2638 1142 ἀπήγαγον
2668 1070 2834 1124 αὑτοῦ
2854 1071 2955 1140 τὴν
2979 1070 3241 1141 τοιαύτην
3261 1070 3498 1124 ἔννοιαν.

287 1208 384 1274 ξθ’.
419 1210 532 1261 Καὶ
563 1204 666 1263 ὧδε
705 1209 804 1277 μὲν
832 1211 864 1280 ἡ
901 1211 1114 1280 κεφαλὴ
1139 1210 1238 1280 τῆς
1265 1212 1502 1276 πόλεως.
1537 1211 1613 1266 Tb
1643 1211 1703 1266 δέ
1739 1229 1803 1280 γε

226 1304 402 1356 lembi:
431 1303 586 1356 ἅπαν
625 1304 786 1373 σῶμα
813 1304 990 1374 πάντη
1025 1303 1288 1374 διάφορον
1324 1299 1414 1374 ἦν,
1455 1305 1804 1374 ἑτεροιούμε-

227 1412 304 1445 νον
340 1396 424 1456 εἰς
456 1394 689 1460 ἀγαθόν.
723 1394 834 1447 Καὶ
863 1393 911 1446 ei
940 1394 1041 1463 μὲν
1068 1394 1272 1459 ἔξωθεν
1303 1395 1800 1466 στρατευσάμενοι,

227 1486 311 1537 ibi:
341 1485 408 1537 ἂν
435 1484 558 1553 ἔχοι
584 1502 670 1546 τις
699 1487 896 1551 εἰπεῖν,
926 1486 1003 1550 ὼς
1030 1487 1092 1539 rb
1124 1487 1347 1557 ἀρεῖκὸν
1375 1487 1688 1557 ἐψεύδοντο,
1719 1482 1802 1551 οἷς

226 1578 525 1645 ἐνέπρεπον
567 1577 663 1629 καὶ
685 1577 732 1630 ei
764 1577 820 1642 ἐξ
851 1577 1112 1642 Ἀλανῶν,
1145 1579 1242 1632 καὶ
1275 1577 1329 1632 εῐ
1368 1596 1513 1644 τινες
1543 1579 1761 1651 Ἴϐηρες
1785 1596 1801 1613 ο

226 1669 340 1720 est.
371 1669 478 1738 τῆς
517 1668 733 1731 πόλεως
772 1667 1066 1737 ἰθαγενεῖς,
1125 1669 1184 1723 rb
1221 1671 1450 1741 γνήσιον
1504 1672 1802 1743 τηροῦντες

226 1761 541 1830 φιλόπατρι,
578 1760 641 1814 οὐ
673 1759 858 1813 πολλοὶ
892 1760 992 1822 μὲν
1018 1757 1180 1832 ἦσαν.
1211 1762 1285 1815 Tb
1310 1763 1418 1834 γὰρ
1456 1764 1643 1817 πλεῖον
1675 1765 1804 1818 ἀνέ-

228 1871 342 1920 per;
371 1854 545 1906 ἑαυτὸ
582 1853 883 1923 ὲπιτρέῲαν
918 1853 1111 1924 ᾤχετο,
1145 1855 1239 1910 καὶ
1285 1857 1524 1926 μάλιστα
1547 1858 1608 1912 rb
1638 1859 1807 1930 προέ-

1984 1211 2074 1268 69.
2109 1209 2201 1268 Sic
2239 1227 2369 1282 ergo
2400 1209 2622 1282 quidem
2661 1220 2780 1265 erat
2821 1210 3063 1264 civitatis
3108 1218 3294 1277 caput.
3353 1205 3499 1261 Reli-

1906 1320 2015 1375 qua
2032 1321 2162 1361 vero
2183 1305 2363 1360 omnis
2387 1319 2512 1375 pars
2537 1306 2784 1372 corporis
2804 1303 3028 1357 omnino
3051 1297 3338 1356 dissimilis
3361 1306 3499 1362 erat,

1905 1399 2034 1454 licet
2083 1397 2137 1451 in
2175 1397 2378 1451 bonum
2411 1403 2643 1448 mutata.
2668 1392 2774 1459 Qui
2803 1392 2940 1446 feris
2991 1388 3500 1452 militabant,neme

1906 1498 2092 1562 posset
2113 1489 2294 1544 dicere
2318 1495 2658 1558 quantopere
2699 1484 2966 1555 ignaviam
3007 1479 3500 1545 dissimulaverint,

1907 1584 2052 1647 inter
2077 1598 2215 1652 quos
2231 1581 2532 1652 praesertim
2557 1576 2998 1633 Alanietlbercs.
3019 1573 3121 1642 Qui
3149 1588 3276 1629 vere
3309 1583 3499 1627 autem

1908 1692 1973 1732 ex
1999 1676 2223 1730 civitate
2251 1680 2430 1738 erant,
2455 1688 2644 1728 amere
2671 1670 2861 1741 patriae
2893 1667 3072 1722 cilicia
3108 1665 3501 1737 praestiterunt,

1911 1769 2009 1826 sed
2069 1784 2174 1825 non
2224 1779 2382 1824 erant
2425 1767 2602 1821 multi.
2628 1763 2887 1832 Plerique
2932 1760 3078 1816 enim
3103 1762 3169 1813 ad
3196 1764 3504 1813 ventumse

1914 1865 2300 1915 Convertentes
2369 1857 2660 1923 abierant,
2737 1853 3085 1921 maximeque
3142 1849 3236 1920 qui
3306 1849 3506 1904 robore

228 1965 310 2014 χον
343 1948 491 2001 κατά
540 1963 602 1999 τε
646 1949 825 2017 χεῖρα,
856 1947 931 2010 ὡς
964 1947 1190 2019 ἐρρέθη,
1232 1949 1328 2003 καὶ
1357 1950 1417 2002 rb
1447 1949 1714 2006 δύνασθαι
1745 1952 1805 2005 rb

1928 1946 2210 2010 mllebant,
2244 1955 2304 2000 ut
2335 1947 2538 2001 dictum
2559 1955 2667 2012 est,
2695 1943 3084 2012 t-orripereque
3124 1940 3322 1996 ducent
3353 1949 3409 1996 et
3434 1939 3502 1994 ad

227 2039 470 2108 ἐλέγχειν
533 2039 627 2092 τὸν
669 2040 977 2109 σρτατηγὸν
1015 2041 1110 2093 καὶ
1148 2040 1531 2111 ωμμετάγειν
1602 2043 1684 2106 είς
1747 2042 1812 2096 τὸ

230 2134 408 2188 καλόν.

239 2315 242 2318 .
291 2271 397 2322 Kal
433 2263 597 2322 εἶπεν
624 2269 694 2322 ἄν
748 2286 831 2334 τις
871 2270 1196 2342 ἀνθρώπους
1243 2271 1492 2340 τούτους,
1512 2275 1644 2338 τοὺς
1671 2275 1809 2329 ὑπο*

229 2363 456 2424 στάντας
515 2364 863 2432 παραμεῖναι
911 2366 976 2433 τῇ
1024 2365 1204 2427 πόλει,
1253 2366 1441 2420 οὐκέτι
1492 2368 1813 2432 πολιτικοὺς

230 2453 317 2503 καὶ
369 2453 660 2522 ἡμετέρου
703 2451 821 2520 βίου
876 2455 972 2506 καί
1022 2454 1490 2520 οίκοδεσποτείας,
1542 2456 1680 2510 ἀλλὰ
1720 2457 1816 2529 ln-

230 2544 407 2603 στείας
466 2545 564 2596 κα.)⁵
597 2544 895 2614 θηριωδίας
949 2545 1044 2598 καὶ
1091 2546 1392 2617 ἐμϐριθοῦς
1456 2549 1812 2620 ἀγριότητος.

228 2633 404 2689 Ἶισαν
431 2637 548 2706 γὰρ
578 2636 798 2708 ἀληθῶς
826 2637 1000 2708 θυμοῦ
1028 2639 1122 2693 τοῦ
1155 2640 1296 2710 ὑπὲρ
1345 2642 1610 2710 πατρίδος
1642 2643 1818 2713 ἀκρα-

229 2734 357 2794 τεῖς,
387 2730 592 2799 ἄνδρες
625 2729 1094 2799 κατορθωμάτων,
1127 2731 1354 2802 ἀνδρίας
1382 2734 1669 2802 γέμοντες,
1723 2736 1818 2788 ἁλ-

230 2821 326 2889 κὴν
379 2825 684 2888 πνέοντες,
745 2823 1124 2893 πεπλασμένοι
1193 2825 1330 2895 πρὸς
1389 2825 1814 2898 ρωμαλεότητα,

231 2915 492 2984 διψῶντες
521 2917 729 2986 μάχην,
756 2917 896 2970 κατὰ
931 2918 1288 2989 βαρϐαρικῶν
1324 2921 1546 2990 σαρκῶν
1581 2921 1814 2974 πεινῶν-

234 3025 336 3072 τες,
370 3009 544 3074 φάναι
572 3009 635 3061 τὸ
656 3010 786 3073 πᾶν,
832 3011 1177 3079 ἀρειμάνιοιο
1216 3010 1266 3063 οἶ
1307 3011 1481 3076 οὕτως
1524 3013 1815 3079 ἐξελςῐιθον-

235 3117 290 3152 το
321 3100 429 3152 τῶν
485 3101 686 3164 ἄλλων,
741 3102 817 3164 ὡς
869 3101 1030 3170 μόνου
1078 3102 1332 3169 γενέσθαι
1387 3105 1482 3156 τοῦ
1537 3107 1818 3176 πολεμεῖν,

241 3195 330 3246 καὶ
367 3195 468 3262 τῆς
503 3195 629 3246 κατ’
677 3189 828 3247 οἷκον
858 3192 1068 3264 τύρϐης
1103 3195 1426 3251 ἀνθελέσθαι
1459 3199 1552 3252 τὺν
1590 3203 1681 3254 ἐπὶ
1721 3203 1819 3256 τοῦ

237 3285 444 3354 τείχους
470 3285 750 3338 κίνδυνον.

287 3427 358 3472 ·ο’.
397 3423 474 3474 Ού
525 3420 712 3473 τοίνυν
773 3421 968 3490 ἄνδρες
1007 3421 1186 3491 μόνοι,
1218 3422 1358 3476 ἀλλά
1415 3424 1509 3477 καὶ
1559 3427 1820 3492 γυναῖκες

237 3512 363 3580 πρὸς
396 3513 582 3579 Ἄρην
612 3510 926 3581 ἐμαίνοντο.
975 3514 1084 3567 Καὶ
1115 3514 1240 3569 ὅσαι
1275 3513 1374 3584 μὲν
1421 3513 1602 3578 λίθους
1645 3533 1822 3585 παρες-

238 3603 432 3671 φὸρουν
461 3605 585 3665 ταῖς
606 3621 667 3656 τε
694 3603 886 3666 ἄλλαις
908 3609 1184 3676 μηχαναῖς
1206 3608 1302 3660 καὶ
1326 3611 1438 3670 τοῖς
1463 3608 1816 3677 σφενδονῶσι,

240 3697 329 3748 καὶ
358 3697 484 3748 ὅσαι
523 3695 863 3766 ύδροφὸρουν
919 3697 1270 3766 ἀκμάζουσαι
1328 3715 1387 3750 τε
1436 3699 1533 3752 καὶ
1561 3698 1819 3763 νεάνιδες,

239 3787 327 3839 καὶ
364 3789 475 3856 μὴν
511 3790 609 3840 καὶ
641 3788 774 3849 ὅσας
805 3788 866 3841 rb
888 3791 1064 3858 γῆρας
1094 3788 1194 3859 ἤδη
1224 3791 1521 3858 καταργεῖν
1549 3789 1724 3843 ἐποίει
1750 3788 1820 3843 τὰ

239 3878 365 3948 ἔργα
398 3865 851 3948 συγκεκυφυίας,
887 3879 1017 3933 ἔνθα
1065 3881 1126 3934 rb
1183 3882 1339 3945 τέλος
1372 3881 1690 3951 πεσούμεθα
1715 3897 1728 3911 ·
1763 3883 1820 3935 αί

238 3974 480 4027 τοιαῦται
528 3972 745 4038 δόξαιεν
776 3971 842 4025 ἂν
879 3971 1034 4025 οὐδέν
1080 3990 1133 4026 τι
1182 3974 1330 4043 μέγα
1378 3976 1576 4039 ποιεῖν,
1631 3976 1681 4028 εί
1727 3974 1822 4028 καὶ

243 4065 477 4131 ἐποίουν,
523 4064 589 4118 rb
646 4064 910 4118 δύνασθαι
964 4065 1308 4136 βιαζόμεναι,
1358 4068 1455 4120 καὶ
1487 4068 1557 4120 δι’
1606 4068 1821 4137 ἡμέρας

245 4152 571 4221 πονούμεναι
591 4167 607 4182 ·
645 4152 769 4205 ὅσοι
800 4151 856 4204 δὲ
906 4155 1000 4206 καὶ⁸
1030 4155 1166 4224 πρὸς
1195 4156 1466 4228 ὁπλισμὸν
1489 4157 1823 4228 ἐρρύθμιζον

243 4241 456 4305 ἑαυτὰς,
521 4241 666 4312 ῥάκη
706 4243 802 4294 καὶ
855 4241 1082 4311 ψιάθους
1135 4244 1502 4314 ὲναπτόμεναι
1558 4243 1691 4299 ὡσεὶ
1727 4246 1822 4300 καί

243 4349 384 4395 τινας
415 4333 705 4400 θώρακας,
742 4335 836 4387 καὶ
863 4334 960 4398 τὰς
991 4335 1234 4404 κεφαλὰς
1261 4337 1482 4409 μίτραις
1513 4340 1593 4401 είς
1621 4337 1823 4408 ἕλιγμα

243 4423 731 4495 διαλαμὸἅνουσαι,
767 4426 823 4478 εῐ
862 4444 982 4490 πως
1023 4429 1360 4500 στρατιῶται
1390 4427 1531 4483 εἶναι
1579 4431 1825 4498 σοφίσον-

1846 3325 1894 3382 C

1917 2039 2146 2095 meliora
2182 2039 2446 2095 reducere
2479 2039 2758 2095 valebant.

1985 2297 2125 2355 Istos
2152 2304 2333 2351 autem
2356 2293 2607 2350 homines
2633 2291 2730 2365 qui
2771 2293 2825 2348 in
2869 2293 3005 2353 urbe
3037 2293 3228 2348 vivere
3290 2302 3503 2348 statue-

1919 2398 2064 2455 rant,
2097 2401 2258 2443 nemo
2282 2386 2434 2442 cives
2463 2382 2637 2442 bonbs
2654 2393 2708 2440 et
2735 2385 2999 2442 institutis
3028 2384 3235 2441 nostris
3262 2393 3501 2448 utentes,

1919 2480 2014 2536 sed
2049 2479 2312 2541 latrones.
2333 2477 2502 2541 feras.
2524 2477 2788 2533 barbaros
2821 2477 3203 2547 appellaveris.
3237 2475 3371 2529 Nam
3408 2477 3503 2544 qui

1918 2571 2100 2642 patrio
2131 2585 2320 2625 amore
2353 2585 2465 2624 non
2499 2567 2959 2631 incendebantur,
2998 2567 3360 2621 nihilominus
3394 2567 3507 2620 ier-

1923 2673 2004 2720 tes
2037 2671 2218 2718 tamen
2253 2670 2434 2724 erant,
2467 2660 2590 2716 belli
2625 2658 2998 2729 cupidissimi,
3032 2659 3270 2723 robusti,
3304 2657 3507 2712 Barba-

1922 2771 2112 2812 rorum
2141 2755 2467 2824 sanguinem
2501 2754 2786 2816 sitientes,
2813 2761 2870 2806 ut
2915 2767 3024 2806 uno
3079 2751 3248 2805 verbo
3295 2751 3501 2815 dicam,
3611 2753 3622 2761 '

1922 2848 2151 2904 Martem
2178 2849 2477 2918 spirantes,
2500 2855 2668 2918 atque
2698 2846 2795 2909 ita,
2817 2842 3030 2899 exteris
3053 2843 3107 2896 in
3136 2843 3248 2896 vita
3287 2841 3509 2896 amissis

1922 2938 2206 3004 omnibus,
2239 2937 2374 2993 nihil
2402 2945 2600 3007 praeter
2644 2934 2846 2989 bellum
2881 2931 3383 3004 prosequebantur,
3409 2945 3511 2986 cu-

1923 3032 2001 3086 ris
2039 3028 2359 3087 domesticis
2387 3029 2630 3099 pericula
2659 3029 2713 3083 in
2746 3025 3068 3083 obsidendis
3107 3025 3338 3083 urbibus
3364 3038 3508 3092 prae-

1927 3126 2174 3180 ferendo.

1993 3439 2083 3494 '70.
2125 3436 2230 3493 Sed
2271 3452 2379 3492 non
2415 3436 2514 3493 viri
2556 3444 2796 3498 tantum.
2830 3435 2924 3490 sed
2979 3433 3243 3490 mulieres
3289 3445 3513 3504 quoque

1926 3531 2097 3588 Marte
2125 3533 2478 3586 inﬂammatae
2511 3531 2786 3594 furebant,
2815 3529 2939 3584 alia:
2970 3527 3183 3599 lapides
3212 3527 3507 3596 portando,

1921 3627 2042 3681 aliae
2069 3641 2192 3696 quae
2222 3627 2288 3680 ad
2329 3625 2454 3679 belli
2507 3623 2794 3680 machinas
2851 3637 2916 3676 ac
2963 3621 3162 3676 fundas
3192 3618 3509 3675 necessaria

1921 3725 2103 3779 erant,
2133 3713 2571 3784 suppeditanda;
2602 3711 2722 3766 aliae
2749 3726 2873 3781 qua:
2897 3711 3135 3766 maxime
3165 3717 3326 3762 aetate
3357 3705 3515 3760 ﬂore-

1927 3805 2061 3859 bant
2086 3819 2284 3874 aquam
2339 3801 2585 3857 humeris
2619 3803 2946 3870 gestabant;
2990 3799 3112 3852 aliae
3137 3812 3358 3867 quoque
3413 3796 3512 3848 de-

1928 3892 2150 3962 crepitae
2188 3891 2490 3946 senectutis
2521 3903 2744 3958 operam
2792 3903 2972 3955 usque
3009 3887 3078 3940 ad
3128 3885 3290 3940 linem
3347 3897 3516 3936 nava-

1929 3984 2082 4038 hant.
2148 3981 2243 4037 Hae
2295 3971 2557 4036 mulieres
2589 4018 2604 4044 ,
2664 3978 2769 4032 etsi
2841 3990 3034 4047 parum
3096 3973 3280 4045 operis
3331 3972 3516 4026 facere

1929 4073 2273 4137 viderentur,
2309 4087 2417 4126 non
2464 4079 2648 4126 tamen
2673 4068 2865 4124 otiosa:
2909 4074 3092 4130 erant,
3131 4064 3336 4135 quippe
3393 4077 3516 4132 quae

1926 4170 2100 4221 totum
2146 4163 2292 4219 diem
2341 4161 2625 4217 laboribus
2684 4158 3106 4230 consecrabant.
3157 4154 3292 4209 Alia:
3345 4165 3513 4223 porro

1925 4268 2081 4308 arma
2120 4251 2424 4307 induebant
2453 4265 2552 4320 pro
2591 4247 2792 4318 pannis
2821 4246 3024 4301 vilibus
3063 4241 3251 4298 loricis
3283 4239 3508 4304 indutae,

1925 4353 1981 4396 et
2009 4341 2248 4396 militum
2296 4353 2448 4392 more
2508 4337 2674 4407 capiti
2730 4334 2979 4390 cassides
3012 4340 3068 4386 et
3109 4329 3293 4401 galeas
3337 4329 3515 4395 impo~

1931 4429 2142 4496 uendo,
2172 4428 2300 4484 dein
2325 4425 2599 4496 lapidibus
2631 4432 2858 4477 armata:
2891 4433 3079 4474 muros
3139 4414 3514 4471 ascendebant

245 4533 347 4581 ται,
385 4520 482 4570 καὶ
509 4517 698 4581 λίθους
725 4518 1159 4589 ὲτιισαττόμεναι
1215 4519 1462 4589 ἀγαθοὺς
1501 4519 1567 4574 Ex
1622 4523 1814 4593 χειρῶν

1935 4531 1986 4575 et
2028 4534 2128 4589 pro
2152 4519 2367 4574 viribus
2398 4517 2588 4572 hostes
2633 4513 2998 4584 repellebant.
3035 4509 3194 4580 Apud
3235 4523 3330 4563 eas
3362 4514 3513 4560 certe

247 4611 520 4676 ἀφίεσθαι,
555 4609 652 4664 τοῦ
681 4610 893 4680 τείχους
929 4611 1195 4680 ἐγίνοντο,
1231 4613 1326 4667 καὶ
1371 4614 1445 4676 ὼς
1492 4611 1636 4685 εἶχον
1666 4614 1824 4668 ἔϐαλ-

246 4699 331 4753 λον
365 4704 491 4763 τοὺς
519 4701 752 4772 ἐχθρούς
771 4719 786 4732 ·
821 4701 938 4755 ἀλλ’
977 4703 1142 4758 αὐταὶ
1169 4703 1270 4776 τὴν
1301 4703 1656 4774 Ἀμαζόνειον
1681 4707 1822 4759 irre-

251 4793 364 4860 ρίαν
388 4791 776 4862 συγκροτοῦσι,
817 4795 912 4846 καὶ
950 4794 1053 4847 οὐκ
1091 4797 1317 4861 ἀφιᾶσιν
1349 4796 1565 4865 ἐκείνην
1600 4796 1821 4867 ἐλέγχε-

251 4882 368 4936 σθαι
391 4901 407 4916 ο
433 4886 530 4937 καὶ
561 4885 660 4946 τὰς
692 4886 931 4947 παλαιὰς
954 4885 1011 4939 δὲ
1055 4886 1439 4954 διακρούονται
1493 4888 1824 4957 παρευδοκιο

255 4973 461 5040 μοῦσαι,
489 4975 556 5038 ἃς
583 4975 809 5044 οἴδαμεν
839 4977 1062 5046 κουραῖς
1088 4975 1343 5044 κεφαλῶν
1371 4977 1691 5046 ἐπικουρεῖν
1713 4982 1823 5042 τοῖς

251 5068 614 5137 πατριῶταις,
625 5065 1070 5136 σχοινοπλοκοῦσι
1089 5068 1230 5122 κατὰ
1247 5068 1487 5135 πολέμου
1509 5069 1836 5147 ἀναγκαίως.

1936 4627 2111 4683 genus
2133 4612 2470 4666 Amazonum
2493 4609 2730 4679 reperis.
2755 4605 2916 4676 cujus
2946 4605 3078 4674 ipsa:
3101 4601 3259 4655 ﬁdem
3281 4598 3513 4659 faciunt,

1935 4705 2048 4760 imo
2099 4705 2356 4774 antiquas
2393 4701 2658 4756 historias
2697 4706 2995 4767 superant,
3038 4692 3252 4762 capillis
3284 4690 3424 4754 suis,
3457 4698 3518 4742 ut

1936 4795 2194 4861 vidimus,
2235 4795 2422 4865 patriae
2463 4792 2824 4847 inservientes
2877 4799 2932 4843 et
2982 4785 3232 4841 crinibus
3285 4783 3400 4838 suis
3449 4781 3518 4835 ad

1935 4903 2096 4942 arcus
2147 4885 2500 4941 fabricandos
2549 4891 2962 4945 suecurrentes,
3003 4893 3111 4933 non
3163 4876 3369 4939 crines,
3422 4873 3517 4928 sed

1931 4981 2098 5033 vitam
2133 4979 2304 5048 ipsam
2346 4976 2733 5033 sacriﬁcando.
2773 4974 2923 5040 Quas
2956 4973 3001 5026 si
3052 4970 3313 5026 Salomon
3344 4967 3522 5023 vidis-

1935 5081 2041 5139 set,
2075 5073 2287 5127 feminae
2323 5072 2397 5125 illi
2434 5069 2585 5135 ferti,
2611 5070 2678 5124 de
2709 5085 2817 5138 qua
2840 5065 3084 5138 scripsit,
3117 5060 3514 5125 aceensuissct,

254 5158 314 5209 ὲκ
343 5159 597 5212 τοιούτων
629 5157 860 5228 τριχῶν.
909 5159 984 5212 Ob
1027 5159 1138 5230 γὰρ
1198 5159 1392 5230 τρίχας
1447 5152 1634 5224 αὗται⁹
1691 5162 1814 5214 ἀλλά

1935 5175 2126 5237 utpote
2149 5180 2213 5219 eo
2251 5166 2458 5219 honore
2486 5162 2870 5234 dignissimas.

253 5251 420 5319 ψυχὰς
450 5253 733 5322 προΐεντο.
783 5251 930 5306 Ἰδὼν
957 5254 1024 5306 ἂν
1061 5254 1314 5324 Σολομὼν
1341 5254 1540 5322 αὐτὰς,
1606 5261 1850 5326 συγκατέ
1915 5261 2094 5332 γραψε
2130 5263 2197 5332 τῇ
2229 5261 2360 5330 παρ’
2413 5257 2562 5328 αὐτῷ
2601 5258 2832 5329 ἀνδρικῇ
2874 5255 3119 5326 γυναικὶ,
3163 5247 3521 5322 προσαπορή-

258 5362 368 5410 σας,
397 5351 474 5413 είς
505 5351 576 5404 ἢν
607 5349 950 5421 προύϐάλετο
980 5350 1234 5422 ζήτησιν.

319 5496 412 5544 ω’.
443 5490 554 5544 Kal.
579 5485 652 5561 ἦν
672 5489 850 5543 εἰπεῖν
874 5490 996 5543 τότε
1029 5491 1158 5554 τοὺς
1178 5491 1422 5563 ὁρῶντας
1448 5493 1540 5547 τόν
1569 5511 1631 5546 τε
1660 5493 1826 5548 Δαυῒδ

254 5582 341 5633 καὶ
366 5581 490 5647 τοὺς
529 5582 674 5652 ἀμφ’
705 5582 872 5635 αὐτὸν
896 5583 1219 5646 Δαυῖτικοὺς
1253 5579 1416 5654 (ἦσαν
1441 5583 1572 5654 γὰρ,
1605 5585 1720 5636 ὅσοι
1744 5585 1824 5647 εἰς

254 5674 437 5725 ταυτὸν
488 5674 688 5743 ἐκείνῳ
741 5672 946 5737 ἐνόουν,
986 5675 1134 5727 κακὰ
1165 5675 1510 5744 φρονοῦντες,
1541 5677 1704 5732 ὁποῖα
1755 5676 1824 5728 τὰ

256 5763 352 5818 τῶν
380 5767 634 5834 κοράκων
668 5765 918 5820 κολάκων
941 5781 954 5796 ⁶
1010 5765 1171 5835 οἵπερ
1199 5767 1454 5833 ἐπαίνους
1495 5768 1818 5835 κρώζοντες,

2004 5493 2096 5546 71.
2127 5493 2284 5547 Tunc
2317 5490 2412 5560 qui
2440 5489 2700 5546 Davidem
2728 5498 2783 5542 et
2823 5486 2945 5556 eius
2974 5487 3217 5542 asseclas
3264 5486 3520 5541 videbant

1938 5587 2115 5658 (erant
2144 5585 2291 5641 enim
2328 5583 2420 5654 qui
2467 5599 2592 5638 cum
2649 5597 2716 5636 eo
2771 5579 3164 5648 conspirabant
3222 5578 3276 5628 in
3315 5577 3518 5629 malum

1936 5693 2230 5733 cervorum
2264 5686 2316 5731 et
2363 5677 2710 5732 adulatorum
2763 5672 2974 5735 instar;
3025 5681 3257 5736 quorum
3303 5667 3513 5726 Iaudes.

1936 5769 2134 5831 quibus
2163 5768 2252 5823 ille
2285 5767 2476 5822 insane
2526 5763 2817 5830 gaudebat,
2845 5761 3188 5816 altitudinem
3212 5756 3514 5821 spirabantl
