3930 6232
305 1731 307 1733 ‘
385 1721 560 1773 donec
582 1719 818 1776 Basilius
839 1719 1086 1774 Tzuscus
1114 1717 1648 1785 Thessalonicensis,
1671 1735 1730 1773 re
1753 1720 1960 1774 exami-

386 279 453 341 87
1099 282 1522 344 EUS'IATHII
1564 284 1853 342 TllESSA
1866 282 2322 345 LONICENSIS
2360 284 2929 346 METROPOLITA!
3561 291 3634 352 88

382 399 464 444 set
519 398 574 442 et
624 388 702 444 illi
765 404 794 444 a
847 389 1063 446 civibus
1120 392 1242 446 laedi
1289 392 1621 462 potuissent,
1677 391 1793 460 ipse
1859 407 1955 448 eos

2078 391 2302 464 ;ξορμᾷν
2339 409 2356 425 ο
2387 393 2480 446 καὶ
2509 395 2584 456 ὡς
2620 395 2827 458 ἐκεῖνος
2877 396 3134 462 καθάπαξ
3179 398 3630 470 ἐντυπωσάμενος

378 485 746 568 custodiebat;
779 487 871 542 sed
900 501 1000 541 cur
1021 501 1326 542 sermonem
1349 485 1694 540 fastidiosum
1730 486 1949 555 prolon-

2078 502 2113 546 ης
2146 484 2325 555 ψυχὴν
2347 485 2448 556 τὴν
2473 486 2770 541 κατάδυσιν
2796 489 2895 557 τῆς
2928 487 3136 553 πόλεως
3156 529 3171 552 ,
3202 490 3386 544 οὐκέτι
3413 492 3474 545 τὸ
3523 494 3630 562 ἐμ-

381 575 546 643 gem?
573 575 806 630 Davides
852 591 1066 630 murum
1106 576 1173 631 de
1203 591 1312 646 quo
1352 575 1625 640 diximus,
1677 576 1814 629 adeo
1857 590 1952 630 ne-

2078 573 2280 644 μαχθέν
2327 575 2636 645 ἐξαλείφειν
2671 577 2830 646 ἤθελε
2859 594 2874 609 ·
2909 580 3003 632 καὶ
3045 578 3120 641 ὡς
3149 581 3215 633 ἐκ
3257 581 3445 634 τούτου
3478 585 3505 636 ὁ
3536 601 3634 635 πο-

381 666 570 736 glexit,
602 677 660 720 ut
690 667 992 722 vivaciores
1023 667 1317 721 anathema
1340 667 1665 723 clamarent.

2078 666 2323 732 ιάλιστα,
2375 669 2464 720 ὅτε
2507 667 2600 720 τοῦ
2655 667 2906 738 Χοὺμνου
2945 671 3316 742 συρῤήξαντος
3372 672 3631 740 πόλεμον,

379 757 500 820 ἐξὸν
535 758 732 821 αὐτοὺς
782 758 1048 828 βλαϐῆναι
1084 759 1220 828 πρὸς
1267 759 1376 812 τῶν
1403 758 1504 829 τῆς
1548 758 1776 823 πόλεως,
1832 758 1976 813 καθὰ
2037 759 2455 826 προεκτέθειται
2482 799 2497 822 ,
2531 760 2559 811 ὁ
2592 759 2649 812 δέ
2703 759 3027 829 ἐφυλάξατο,
3077 760 3153 824 ὡς
3208 757 3299 814 οἵα
3354 764 3635 833 περιέπω)

380 850 576 914 αὐτούς
603 869 620 884 ο
677 852 730 903 τί
776 851 860 905 δεῖ
916 852 1256 922 μακρότερον
1297 851 1712 905 διαπεταννύειν
1751 852 1832 914 είς
1877 852 2209 921 συγγραφήν
2265 850 2585 921 (βαρυνθείη
2620 851 2674 910 ἴδ’
2706 852 2774 907 ἄν
2803 852 2949 920 τις)⁶
2986 854 3082 906 καὶ
3131 854 3214 907 ὅτι
3265 854 3360 908 τοῦ
3415 856 3632 926 τείχους

381 947 854 1017 ὺπονομευομένου
889 947 1271 1016 κατημέλησεν
1316 948 1344 999 ὁ
1384 948 1569 1010 Δαυῖδ,
1599 949 1678 1010 είς
1708 949 1831 1002 ὅσον
1856 947 1952 1000 καὶ
1995 947 2244 1016 ἀνάθεμα
2282 947 2419 1017 πρὸς
2448 947 2555 1001 τῶν
2592 947 2940 1018 θερμοτέρων
2985 949 3462 1018 καταψάλλεσθαις

450 1083 538 1136 77.
583 1081 843 1135 Mcenium
897 1080 1068 1143 enim,
1123 1091 1181 1134 ut
1234 1081 1308 1134 ita
1353 1079 1557 1147 dicam,
1601 1081 1955 1136 devoratores

2135 1084 2230 1148 ρξ’.
2264 1085 2328 1140 Οἱ
2369 1085 2468 1152 μὲν
2502 1085 2610 1154 γὰρ
2643 1085 2884 1155 τρῶκται
2915 1086 3008 1138 τοῦ
3038 1086 3402 1157 τειχίσματος,
3435 1091 3486 1142 εξ
3525 1091 3631 1161 χρὴ

392 1175 485 1228 ubi
550 1187 710 1226 muro
771 1171 1306 1239 appropinquassent
1389 1179 1442 1226 et
1522 1171 1953 1228 destructionem

2078 1177 2204 1229 >ῦτω
2241 1175 2430 1246 φάναι,
2467 1178 2622 1230 αὐτοὶ
2653 1176 2751 1246 μὲν
2799 1179 2874 1247 τῷ
2919 1179 3086 1248 τείχει
3136 1180 3490 1250 πελάσαντες,
3538 1187 3634 1237 καὶ

383 1272 712 1335 ριτεεεειιι,
771 1265 904 1316 totis
934 1261 1145 1318 viribus
1169 1263 1512 1328 restiterunt,
1553 1265 1627 1316 ita
1677 1262 1954 1334 utiunda-

2078 1267 2534 1336 συσκευασάμενοι
2594 1267 2819 1335 γλύφειν
2843 1307 2858 1331 ,
2891 1268 3265 1338 φραγνύμενοι
3318 1271 3372 1324 δέ
3401 1275 3633 1326 κατόπιν

389 1356 591 1411 mentis
627 1355 761 1424 ipsis
783 1355 978 1421 erutis,
1024 1369 1213 1410 muros
1245 1355 1462 1425 penitus
1504 1354 1788 1410 destruere
1831 1369 1960 1424 pos-

2078 1359 2176 1419 τοῖς
2211 1356 2455 1410 κάτωθεν
2478 1358 2983 1428 άκροϐολιξομένοις
3009 1361 3144 1423 ἅνω,
3205 1361 3368 1430 ἔργου
3398 1363 3635 1432 ἥπτοντο

383 1453 526 1498 sent.
561 1444 628 1498 Et
655 1446 761 1498 voti
794 1446 1014 1514 quidem
1044 1455 1336 1514 compotes
1362 1445 1491 1499 facti
1515 1453 1666 1500 sunt.
1691 1445 1868 1515 Caput
1901 1455 1956 1501 et

2078 1448 2374 1518 ἐγκρατῶς.
2405 1441 2495 1502 οἷα
2524 1448 2946 1520 ἐπισπέρχοντες
2980 1450 3042 1502 τὸ
3067 1450 3432 1522 γλαφύρωμα,
3463 1453 3540 1516 ὡς
3565 1455 3635 1508 ἂν

380 1537 604 1589 dorsum
629 1535 710 1590 sic
725 1535 1048 1590 abscondita
1072 1545 1251 1602 erant,
1273 1537 1540 1606 reliquum
1557 1543 1738 1590 autem
1757 1549 1958 1606 corpus

2078 1539 2466 1602 ιαθυποδύντες
2505 1539 2639 1593 αὐτὸ
2680 1539 3053 1608 ἐμϐαθύνωσι,
3106 1547 3201 1594 καὶ⁵
3247 1542 3370 1597 καθ’
3403 1543 3637 1615 ἡσυχίαν

385 1628 580 1697 cuique
611 1643 801 1682 eorum
825 1627 1042 1683 detecta
1058 1637 1196 1684 erat.
1220 1627 1377 1694 Quod
1414 1628 1703 1697 plerosque
1724 1628 1953 1694 latebat,

2078 1631 2364 1703 Ξιαμπερές
2423 1630 2516 1684 τοῦ
2579 1630 2860 1712 τειχισμοῦ
2904 1633 3042 1702 ταχῦ
3082 1631 3181 1702 τὴν
3228 1634 3508 1705 συνέχειαν
3545 1635 3639 1688 λύ-

2070 1737 2224 1776 σωσι.
2243 1722 2352 1774 Kal
2371 1721 2530 1792 ἤνυον
2548 1721 2616 1776 τὰ
2645 1719 2739 1774 τοῦ
2779 1720 3003 1776 σκοποῦ.
3026 1723 3135 1776 Kal
3172 1717 3250 1775 al'
3275 1725 3507 1793 κεφαλαὶ
3535 1727 3638 1796 μὲν

2070 1812 2253 1874 αὐτοῖς
2273 1811 2368 1866 καί
2392 1829 2445 1865 τι
2461 1812 2568 1865 τῶν
2598 1814 2954 1882 μεταφρένων
2975 1814 3311 1885 ἐκρύπτοντο
3339 1833 3353 1848 ·
3386 1817 3414 1869 ὀ
3439 1817 3496 1870 δὲ
3521 1819 3637 1872 λοι-

2067 1901 2166 1962 πὸς
2195 1900 2478 1967 ἄνθρωπος
2509 1901 2731 1972 ἑκάστῳ
2759 1901 2985 1956 ἐκείνων
3023 1903 3128 1968 ἔξω
3157 1905 3332 1974 βραχὺ
3363 1907 3639 1976 προύφαί-

382 1819 515 1864 nuta
555 1809 609 1866 id
641 1811 787 1880 quod
820 1819 940 1866 erat
961 1811 1098 1865 vidit
1127 1817 1181 1865 ct
1223 1808 1670 1879 indignabundus
1691 1819 1954 1879 quantum

381 1902 555 1972 potuit
583 1901 927 1957 velocissime
962 1901 1026 1956 ad
1058 1899 1293 1971 primum
1343 1899 1500 1956 ducis
1533 1901 1846 1955 ministrum
1873 1915 1970 1956 cu-

385 1996 563 2048 currit
599 2033 615 2059 ,
643 2003 696 2050 et
726 2009 851 2048 cum
893 1993 1286 2049 lamentatione
1317 1993 1474 2062 petiit
1502 1992 1570 2048 ab
1599 2006 1665 2047 eo
1704 2001 1763 2047 ut
1811 1998 1968 2046 tanto

2078 2008 2203 2044 νετο.
2252 1991 2542 2046 Ἐλάνθανε
2570 1993 2626 2046 δέ
2675 1994 2784 2064 ἄρα
2830 1994 2989 2048 τοῦτο
3035 1999 3164 2058 τοὺς
3199 1997 3452 2061 πλείονας
3478 2038 3493 2060 ,
3527 2000 3637 2062 ἕως

384 2087 529 2139 malo
573 2086 839 2142 obstaret.
890 2083 992 2138 Hic
1025 2093 1209 2139 autem
1261 2083 1316 2154 (ο
1353 2084 1569 2154 egregie
1612 2083 1832 2137 alumne
1861 2083 1958 2152 qui

2078 2084 2092 2134 5
2122 2084 2180 2134 ἐν
2225 2082 2598 2156 Θεσσαλονίκῃ
2639 2085 2914 2150 Βασίλειος
2943 2088 2972 2140 ὁ
3003 2087 3245 2150 Τζύσκος
3268 2128 3283 2153 ,
3321 2090 3638 2159 κατακύψαι

387 2178 513 2230 Ιιοιιὶ
546 2170 1033 2232 ducis'doctrinam
1057 2175 1112 2230 in
1147 2185 1334 2230 mente
1375 2175 1756 2244 reposuisti!)
1791 2189 1964 2244 usque

2078 2172 2271 2225 ίνωθεν
2321 2172 2600 2242 τολμήσας
2659 2174 2752 2225 καὶ
2796 2173 3062 2243 ἰσχύσας,
3115 2171 3222 2228 εῐδε
3267 2178 3329 2228 τὸ
3379 2179 3633 2246 πρᾶγμα.

389 2268 442 2318 in
475 2273 760 2335 posterum
791 2265 934 2320 diem
976 2264 1409 2335 exspectandum
1439 2279 1561 2320 esse
1599 2265 1760 2330 dixit,
1786 2265 1965 2320 donec

2078 2262 2167 2324 ’ος
2216 2265 2310 2314 καὶ
2345 2261 2652 2332 καρδιώξας
2703 2263 2908 2335 έδραμε
2955 2265 3056 2334 τὴν
3112 2267 3371 2336 ταχίστην
3421 2269 3504 2330 είς
3539 2271 3633 2320 τὶν

389 2357 573 2410 hostes
635 2355 690 2409 in
751 2355 871 2410 cari
939 2356 1215 2425 angustiis
1277 2364 1332 2411 et
1397 2355 1549 2411 fumo
1603 2371 1632 2411 a
1673 2357 1965 2413 sarmentis

2078 2352 2158 2405 τοῦ
2192 2353 2498 2422 στρατηγοῦ
2527 2355 3022 2425 πρωτοθεράποντα
3045 2371 3061 2386 ⁸
3100 2359 3194 2410 καὶ
3245 2357 3543 2428 ἐκλαλήσας
3574 2361 3638 2412 τὸ

383 2444 628 2498 excitato
678 2443 1103 2500 sul'ocarentur.
1153 2444 1247 2499 Sic
1303 2452 1534 2500 venator
1586 2445 1756 2499 feram
1807 2443 1968 2500 facile

2078 2445 2300 2513 πρᾶγμα
2341 2444 2481 2515 μετὰ
2531 2446 2738 2512 οίκτου,
2787 2447 3196 2517 προεκαλέσατο
3241 2451 3321 2510 εἰς
3369 2449 3638 2519 κωλύμην

384 2535 736 2605 persequitur
774 2535 829 2590 in
871 2536 1103 2606 campis,
1151 2551 1260 2592 non
1315 2544 1495 2592 autem
1525 2536 1572 2592 is
1612 2537 1702 2606 qui
1751 2550 1872 2591 eam
1905 2535 1964 2590 in

2078 2532 2160 2586 τοῦ
2197 2535 2392 2588 κακοῦ.
2446 2537 2505 2590 '0
2547 2535 2603 2588 δέ
2631 2536 2698 2606 (ὣ
2752 2537 2996 2608 μαθητοῦ
3042 2539 3270 2606 ἀγαθοῦ,
3318 2540 3639 2610 ἐκμαξαμέ-

383 2641 615 2681 caverna
645 2625 982 2705 prehendere
1012 2627 1249 2693 vult;sic
1279 2628 1369 2698 qui
1401 2640 1532 2696 apes
1547 2625 1968 2682 coluntalveuut

2078 2640 2162 2677 νου
2209 2625 2426 2693 εὐφυῶς
2454 2627 2524 2679 τὰ
2563 2625 2657 2680 τοῦ
2701 2627 2868 2682 καλοῦ
2940 2626 3246 2700 στρατηγοῦ
3294 2631 3639 2700 διδασκάλια)

382 2719 563 2787 ipsum
598 2719 804 2775 adeunt
854 2719 1220 2790 speeulaturi.

2072 2716 2270 2786 χρῆναι
2300 2716 2584 2785 μεθίεσθαι
2613 2720 2933 2790 ἀπεφήνατο
2977 2720 3170 2790 μέχρις
3197 2722 3252 2785 ἐς
3289 2719 3499 2792 αὔριον,
3529 2723 3640 2782 ἕως

383 2811 433 2863 οἱ
464 2809 657 2882 ἐχθροὶ
686 2810 837 2874 ἐντὸς
901 2811 1211 2882 είληθέντες
1236 2813 1332 2866 τοῦ
1360 2813 1744 2883 τρυπήματος,
1772 2806 1891 2864 εἶτα
1911 2809 1988 2880 τῷ
2021 2808 2085 2862 ἐκ
2110 2808 2407 2876 φρυγάνων
2437 2809 2626 2880 καπνῷ
2681 2813 2811 2882 ῥᾷον
2835 2815 3220 2880 καταπνιγετεν
3253 2813 3420 2876 ἐντὸς,
3447 2816 3638 2882 ὅμοιον

383 2905 458 2967 ὼς
512 2907 564 2958 εἰ
611 2906 705 2958 καὶ
743 2907 1053 2976 κυνηγέτης
1119 2907 1409 2978 πρόχειρον
1448 2908 1621 2978 ἄγραν
1679 2906 1818 2977 ἔχων
1872 2905 2260 2976 θέσθαιθηρίου
2292 2906 2349 2957 ἐν
2381 2907 2493 2968 τοῖς
2544 2906 2803 2970 πεδινοῖς,
2851 2909 2879 2960 δ
2929 2907 2975 2960 δ’
3006 2909 3143 2962 ἀλλὰ
3183 2909 3369 2979 μεθεὶς
3401 2911 3637 2982 καραδο..

384 3000 471 3050 κεῖ
499 2996 598 3067 τὴν
645 2996 703 3049 ἐν
735 2998 1010 3068 σπήλυγγι
1044 2997 1256 3050 ἐκείνου
1299 2998 1619 3064 κατάδυσιν,
1676 2997 1752 3060 ὼς
1803 2996 1944 3051 οὕτω
1986 2995 2186 3066 μᾶλλον
2221 2995 2504 3069 ἀγρεύσων
2556 2999 2732 3051 ἐκεῖνο
2760 3013 2773 3029 ο

383 3095 626 3164 σμήνους
659 3095 711 3146 οἱ
746 3093 878 3164 περὶ
906 3093 1115 3158 ταύτας
1153 3094 1501 3165 πονούμενοι.

2854 2999 2997 3053 καθὰ
3053 3001 3149 3053 καὶ
3201 3001 3462 3069 μελίσσας
3528 3004 3638 3056 ἔσω

453 3213 543 3267 78.
588 3211 774 3267 Talem
826 3227 885 3267 se
938 3191 1365 3282 primus‘ducis
1419 3213 1670 3268 minister
1719 3210 1962 3281 gerebat.

2138 3215 2237 3278 οη’.
2271 3209 2380 3262 Kal
2412 3205 2648 3270 τοιοῦτος
2694 3209 2792 3276 μὲν
2822 3211 2847 3260 ὁ
2890 3207 3272 3276 ἀρχιθεράπων
3317 3209 3640 3277 μηχανικός.

387 3301 618 3356 Davides
668 3315 823 3367 vero,
868 3301 1044 3370 ipsius
1088 3301 1253 3357 herus
1290 3316 1400 3354 rem
1460 3301 1621 3354 aliter
1667 3314 1966 3369 aggressus

383 3402 491 3461 est.
528 3393 732 3448 Audito
766 3393 912 3447 enim
943 3395 1088 3463 quod
1113 3409 1306 3448 murus
1335 3394 1687 3447 enrinsecus
1723 3391 1967 3460 perfora-

385 3469 539 3537 relur
570 3498 586 3536 :
622 3481 726 3537 Vos
755 3499 975 3552 quoque
1001 3484 1150 3537 intus
1197 3482 1479 3552 perforare
1510 3497 1736 3537 necesse
1767 3491 1882 3548 est;
1914 3491 1970 3538 et

384 3575 478 3629 diu
540 3581 860 3637 cunctatus,
925 3573 1252 3644 aliquandiu
1317 3574 1969 3638 Setininmrtuiis,statti:£

387 3669 594 3724 similis
659 3668 885 3732 mansit,
934 3678 993 3721 ut
1049 3667 1118 3722 de
1176 3669 1278 3722 iicu
1334 3677 1524 3722 narrat
1575 3667 1966 3722 commdiarum

389 3771 608 3815 auctor.
645 3760 709 3814 Et
742 3762 822 3815 sic
864 3761 1105 3829 linguam
1135 3774 1356 3814 movere
1382 3759 1667 3815 videbatur
1698 3769 1754 3812 et
1785 3759 1969 3812 dicere

391 3855 615 3924 quando
640 3868 855 3907 murum
889 3853 1235 3908 extrinsecus
1261 3851 1538 3921 lapidibus
1561 3853 1667 3921 peti
1693 3851 1969 3916 audiebat,

393 3947 721 4001 Jaculamini
778 3961 876 4000 vos
931 3960 1150 4015 quoque
1211 3946 1280 3998 ab
1335 3945 1503 3998 intus.
1554 3943 1598 3998 Ο
1652 3943 1966 4008 ludibrium,

391 4054 504 4106 quo
561 4051 662 4091 nos
720 4035 1128 4098 mactabamur,
1191 4037 1312 4103 ipse
1370 4042 1556 4090 autem
1625 4033 1972 4103 imperatoris

393 4129 739 4182 inimicitiam
806 4125 1135 4194 eﬂ'ugiebat;
1196 4134 1314 4179 erat
1375 4127 1523 4181 enim
1589 4126 1636 4181 is
1719 4125 1814 4195 qui
1869 4124 1966 4178 ubi

395 4223 623 4291 vigilare
650 4234 792 4285 opus
819 4233 928 4284 eat,
981 4218 1281 4285 obdormit,
1332 4227 1385 4272 et
1421 4219 1514 4287 qui
1564 4217 1736 4270 veteri
1772 4231 1967 4271 vocum

394 4311 742 4381 simplicitate
775 4310 985 4378 utitur;
1011 4319 1067 4366 et
1097 4310 1458 4391 nihilominus
1490 4311 1535 4364 si
1563 4309 1710 4376 iuste
1733 4318 1969 4378 spectes,

392 4405 662 4459 excubias
727 4403 863 4474 agit.
917 4401 1076 4468 Quod
1132 4402 1278 4456 enim
1331 4404 1637 4471 proposuit,
1703 4400 1974 4469 vigilando

2085 3301 2143 3356 Ὀ
2183 3301 2229 3354 δ’
2261 3298 2605 3371 άρχιτέκτωρ
2635 3297 2800 3351 αὑτοῦ
2832 3298 2992 3352 Δαυῒδ
3025 3298 3197 3361 ἄλλως
3228 3297 3417 3356 ἔπαιζε
3443 3299 3504 3350 τὸ
3533 3316 3642 3367 μη-

2072 3393 2347 3463 χανᾶσθαι
2379 3409 2392 3422 ·
2427 3392 2524 3444 καὶ
2553 3391 2791 3454 ἁκούων,
2823 3390 2896 3452 ὡς
2925 3392 3199 3458 τρυπᾶται
3225 3389 3284 3441 τὺ
3306 3392 3481 3459 τεῖχος
3509 3391 3644 3454 ἔξω-

2071 3485 2183 3550 θεν,
2235 3482 2580 3554 Τρυπητέον,
2617 3481 2794 3550 ἔλεγε,
2845 3483 2938 3534 καὶ
2971 3482 3114 3550 ὑμᾶς
3151 3481 3374 3534 ἔσωθεν.
3424 3483 3532 3535 Kal
3555 3484 3639 3545 είς

2070 3575 2324 3628 τοσοῦτον
2387 3574 2834 3645 χασμησάμενος,
2877 3574 3114 3641 ἐκάθητο
3156 3571 3252 3625 τοῦ
3281 3573 3471 3626 λοιπλῦ
3503 3574 3641 3644 χαῦ-

2071 3685 2182 3730 νος,
2216 3665 2379 3720 εἰκὼν
2419 3667 2638 3733 ζῶντος,
2684 3665 2986 3735 ἐμποδίζων
3010 3659 3122 3716 οἷον
3170 3664 3388 3732 ἰσχάδας
3422 3667 3516 3718 καὶ
3543 3667 3646 3720 αὖ-

2070 3759 2160 3823 τδς
2185 3760 2324 3812 κατὰ
2362 3759 2452 3811 τὸν
2483 3757 2748 3827 κωμικόν.
2773 3759 2884 3812 Kal
2909 3759 3005 3828 τὴν
3029 3759 3274 3826 γλῶτταν
3299 3753 3400 3811 ὦδε
3438 3757 3641 3810 σαλεύε-

2076 3868 2176 3913 σας
2233 3850 2665 3918 ἀτελεσιρόρητα,
2709 3848 2896 3918 ἐῴκει,
2949 3853 2997 3903 εί
3024 3853 3120 3904 καὶ
3149 3850 3210 3902 τὸ
3233 3853 3409 3918 τεῖχος
3438 3850 3644 3914 ἔξωθεν

2072 3941 2296 3996 ἀκούσοι
2349 3943 2516 4004 λίθοις
2563 3941 2879 4011 βάλλεσθαι,
2915 3943 3092 3995 εἰπεῖν
3142 3941 3230 4005 ἂν,
3289 3943 3358 3994 ὡ.
3400 3943 3640 3995 Βάλλετε

2072 4033 2207 4085 αὐτὸ
2237 4033 2330 4085 καὶ
2361 4033 2518 4101 ὑμεῖς
2549 4031 2770 4084 ἔσωθεν.
2802 4033 2865 4084 Ὢ
2897 4033 3142 4100 παίγνια,
3173 4033 3242 4086 δι’
3263 4027 3337 4086 ὧν
3373 4032 3642 4100 ἐσφάττὸ-

2074 4124 2218 4193 μεθα
2250 4123 2350 4194 μὲν
2390 4125 2572 4192 ἡμεῖς,
2607 4123 2767 4184 αὐτὸς
2799 4124 2856 4176 δέ
2885 4123 2976 4176 τὸν
3021 4123 3246 4176 δύσνουν
3275 4123 3500 4193 βασιλέα
3524 4126 3646 4188 ἐξέ-

2074 4231 2272 4284 φευγεν
2299 4230 2312 4244 ’
2350 4214 2655 4285 ἄνθρωπος,
2698 4213 2782 4284 ἐφ’
2811 4210 2891 4277 οἷς
2927 4213 3034 4266 ἔδει
3060 4215 3440 4285 ἐγρηγορέναι,
3471 4232 3646 4267 κατα-

2075 4306 2326 4372 κείμενος
2347 4345 2362 4370 ,
2391 4306 2486 4358 καὶ
2509 4305 2650 4358 κατὰ
2694 4303 2932 4357 παλαιὰν
2961 4304 3220 4372 ἀφέλειαν
3252 4306 3534 4373 ὀνομάτων
3565 4308 3648 4358 εί-

2077 4400 2198 4452 πεῖν
2249 4397 2530 4460 ἀναπεσᾶς
2557 4413 2573 4430 ο
2607 4399 2701 4448 xal
2757 4397 2866 4465 μὴν
2925 4395 3228 4461 σκέψασθαι
3287 4395 3495 4460 ἄλλως,
3551 4397 3649 4449 καὶ

393 4494 623 4565 peregit,
690 4508 790 4548 nec
832 4496 1068 4550 cessavit
1121 4493 1297 4549 donec
1365 4491 1550 4546 omnia
1595 4491 1696 4544 rite
1748 4500 1968 4560 peracta

2080 4491 2222 4544 πάνυ
2259 4489 2433 4551 ἐστὼς
2476 4488 2637 4551 αὐτὸς
2681 4483 2749 4558 ἦν
2778 4489 2872 4542 καὶ
2904 4486 3186 4555 νηφάλιος.
3229 4488 3292 4538 Ὃ
3324 4488 3434 4556 γὰρ
3466 4487 3647 4555 προῦ-

393 4594 596 4640 esseut.

462 4782 552 4838 79.
579 4784 669 4840 Sic
694 4785 860 4854 igitur
891 4786 1141 4842 hostibus
1179 4786 1336 4840 ruina
1373 4785 1517 4840 muri
1554 4783 1780 4854 profuit,
1813 4786 1972 4840 nobis

408 4871 604 4939 )bfuit;
632 4887 760 4927 saxa
783 4876 926 4928 enim
951 4891 1016 4930 ex
1044 4888 1240 4945 magna
1258 4875 1509 4930 machina
1533 4873 1678 4943 jacta
1710 4876 1977 4946 pinnacu-

401 4973 508 5016 'um
531 4963 919 5019 destruxeruut
937 4974 992 5021 et
1016 4966 1217 5020 mceuia
1241 4967 1562 5023 custodibus
1584 4966 1932 5023 denudarunt
1955 4985 1974 5035 ;

406 5054 574 5106 multa
602 5056 767 5110 etiam
813 5057 868 5110 in
910 5055 1028 5110 loca
1067 5055 1329 5110 interiora
1364 5057 1697 5128 praecipitata
1744 5058 1971 5112 multum

401 5145 530 5198 mali
568 5145 834 5202 fecerunt.
895 5147 1067 5216 Igitur
1105 5161 1229 5200 cum
1267 5162 1482 5201 murum
1514 5163 1545 5202 e
1597 5150 1815 5218 regione
1845 5165 1973 5204 exs-

399 5244 584 5288 truere
621 5244 949 5290 conarentur
977 5246 1032 5290 et
1056 5236 1166 5305 jam
1221 5250 1442 5291 manum
1497 5243 1904 5310 apposuissent,
1939 5256 1970 5294 α

402 5327 614 5380 nostris
645 5327 847 5395 repulsi
883 5337 1032 5381 sunt.
1083 5328 1359 5382 Mororum
1409 5330 1553 5384 enim
1605 5331 1968 5385 aediﬁcatores

404 5434 534 5472 sixa
597 5416 1058 5484 supereminentia
1105 5416 1558 5484 reformidabaut,
1591 5436 1694 5473 non
1746 5429 1805 5474 ut
1836 5417 1979 5473 Tau-

407 5513 546 5566 talus
570 5511 703 5565 falsa
724 5509 1086 5574 somniantes,
1109 5509 1204 5564 sed
1229 5510 1358 5578 quia
1391 5513 1595 5565 malum
1628 5529 1816 5566 verum
1851 5522 1979 5568 ante

408 5604 594 5657 ucu‘os
631 5602 924 5657 habebant.
949 5601 1083 5654 Tum
1105 5616 1194 5657 res
1226 5602 1454 5656 ridicula
1486 5604 1683 5657 accidit
1705 5605 1748 5658 si
1782 5606 1981 5660 amaris

2075 4581 2220 4645 θετο,
2251 4579 2415 4650 ἐνηφε
2448 4582 2620 4633 ποιεῖν
2638 4594 2653 4609 ⁸
2679 4579 2770 4632 καὶ
2797 4579 2896 4631 οὐκ
2925 4577 3146 4645 ἀνῆκεν,
3177 4578 3279 4642 ἕως
3305 4578 3438 4631 αὐτὸ
3467 4595 3649 4648 τεχνι-

2079 4670 2189 4734 κῶς
2210 4669 2524 4724 ἀπετέλεσε.

2149 4779 2248 4834 οθ’.
2284 4781 2396 4834 Kal
2447 4778 2592 4832 οὕτω
2641 4779 2740 4848 μὲν
2789 4777 3059 4849 προύδὸθη
3088 4781 3200 4841 τοῖς
3247 4778 3533 4848 πολεμίοις
3557 4780 3656 4831 καὶ

2079 4877 2112 4943 ἠ
2137 4873 2246 4927 τῶν
2276 4874 2438 4928 λίθων
2467 4873 2562 4925 τοῦ
2607 4873 2820 4942 τείχους
2854 4874 2946 4928 ἐπὶ
2973 4871 3126 4942 κακῷ
3162 4872 3416 4942 ἡμετέρῳ
3447 4871 3656 4924 ὑπολά-

2082 4965 2265 5029 ξευσις
2284 4965 2434 5017 κάτω
2459 4979 2472 4995 ⁶
2503 4965 2559 5018 αἱ
2587 4963 2643 5015 δὲ
2673 4967 2736 5015 ἐκ
2763 4964 2856 5033 τῆς
2898 4962 3139 5032 μεγάλης
3171 4962 3418 5031 μηχανῆς
3450 4963 3656 5031 πέτραι

2079 5058 2176 5120 τάς
2207 5073 2266 5108 τε
2297 5054 2554 5120 ἐπάλξεις
2603 5055 2957 5124 κατήρειπον,
2998 5055 3094 5108 καὶ
3138 5051 3409 5120 ἐγύμνουν
3452 5051 3511 5104 τὸ
3547 5054 3657 5104 τεῖ-

2082 5165 2172 5217 χος
2203 5148 2458 5214 φυλάκων
2484 5164 2498 5176 ·
2545 5147 2732 5200 πολλαὶ
2759 5146 2814 5197 δὲ
2840 5147 2934 5198 καὶ
2963 5142 3508 5213 ὑπερπεταννύμεναι
3551 5161 3658 5196 κα-

2084 5237 2345 5292 τέπιπτον
2378 5238 2507 5304 ἔσω,
2547 5237 2796 5290 ποιοῦσαι
2849 5253 2971 5287 τινα
3021 5235 3169 5287 δεινὰ
3207 5237 3301 5287 καὶ
3351 5234 3536 5287 αὐταί.
3561 5235 3658 5286 Διὸ

2078 5329 2176 5380 xal
2205 5329 2376 5396 τεῖχος
2403 5327 2586 5397 ἕτερον
2629 5326 3035 5393 ἀνταναστῆσαι
3086 5325 3504 5394 μελετήσαντες,
3554 5325 3658 5378 καὶ

2078 5419 2179 5486 ἤδη
2208 5421 2300 5470 καὶ
2334 5420 2752 5487 ἐγχειρήσαντες
2787 5418 2835 5470 οἱ
2872 5416 2994 5468 καθ’
3034 5416 3215 5485 ἡμᾶς,
3252 5416 3653 5482 ἀπετρέποντο.

2081 5510 2387 5562 Ἐὁεόίεσαν
2433 5510 2543 5579 γὰρ
2593 5510 2641 5561 οἱ
2671 5508 2965 5578 τειχοποιοὶ
3027 5508 3152 5568 τοὺς
3220 5503 3659 5574 ὑπερτέλλοντας

2085 5604 2338 5669 πέτρους,
2391 5603 2452 5654 οὐ
2497 5601 2817 5656 Ταντάλειον
2849 5599 3054 5667 ταύτην
3089 5597 3385 5665 φαντασίαν
3435 5594 3658 5663 ὀνειρο-
