3950 6242
240 341 307 402 89
568 408 571 413 ν
1030 337 1125 395 DE
1165 330 1735 395 THESSALONICA
1771 333 1978 393 URBE
2001 334 2047 391 Λ
2092 332 2403 394 LATINIS
2437 332 2698 394 CAPTA.
3412 343 3483 405 90

240 448 553 510 πολοῦντες,
602 445 736 501 ἀλλὰ
774 448 1045 517 πρόοπτον
1089 445 1301 515 ἔχοντες
1334 445 1399 496 τὸ
1431 444 1601 497 κακόν
1636 460 1650 474 ·
1686 443 1798 495 ἔνθα

1916 442 2078 496 dulce
2120 441 2203 496 fas
2239 450 2324 496 est
2381 442 2434 496 in
2492 441 2738 498 historia:
2778 455 2943 497 cursu
2984 445 3375 516 commiscere,
3411 465 3479 504 ne

235 543 324 598 καί
358 560 411 594 τι
469 540 679 609 γελοῖον
713 539 1028 602 συνέπεσεν,
1075 538 1129 590 εῖ
1176 556 1228 589 τι
1258 537 1362 607 χρὴ
1419 537 1529 599 τοῖς
1584 535 1798 605 πικροῖς

1908 532 2082 586 lector
2115 532 2395 588 fastidium
2433 534 2499 589 de
2531 534 2686 589 nobis
2714 532 2913 603 capiat.

234 635 607 704 γλευκάζοντα
634 632 936 701 συγκιρνᾷν
988 630 1165 702 εἱρμῴ
1190 647 1249 682 τε
1287 628 1547 700 ἱστορίας,
1596 629 1689 681 καὶ
1715 628 1805 680 ἴνα

238 726 310 796 μὴ
333 729 361 778 ὁ
394 724 688 794 μανθάνων
713 724 783 775 τὰ
810 722 931 775 καθ’
964 723 1112 792 ἡμᾶς
1159 720 1410 790 ἀκράτως
1462 718 1800 773 παθαίνοιτο.

307 824 382 867 π’.
414 812 529 868 Ἦν
574 815 675 885 μὲν
714 813 825 885 γὰρ
858 813 1139 867 πολιτικὸν
1178 817 1473 883 μυστήριον
1514 813 1547 882 ἡ
1577 810 1669 863 τοῦ
1697 811 1798 863 τεί-

1973 824 2061 880 80.
2092 823 2226 880 Cum
2248 825 2392 881 enim
2421 824 2580 881 istius
2606 826 2748 881 muri
2781 825 2994 882 adversi
3026 830 3367 885 constructio
3394 830 3475 882 ci-

1903 917 2063 972 vibus
2079 932 2169 972 res
2186 918 2508 987 mysteriosa
2527 918 2792 981 esset,vir
2812 919 3034 988 quidam
3050 919 3256 974 frivola:
3276 920 3475 975 indolis

1903 1025 2071 1078 supra
2117 1020 2272 1064 stans
2300 1008 2555 1065 hostibus
2589 1011 2699 1065 alta
2736 1025 2871 1065 voce
2914 1012 3071 1078 dixit,
3103 1012 3307 1067 frustra
3351 1014 3473 1067 illos

233 948 354 1000 κους
406 931 831 991 ἀπανάστασις.
881 926 1182 995 Ἐλαφρίαν
1212 925 1269 980 δέ
1299 942 1384 989 τις
1435 926 1549 978 ἄνω
1590 925 1799 991 παθὼν,

230 1022 486 1091 ἑξεϐόησε
541 1024 657 1085 τοῖς
691 1020 928 1091 ἐχθροῖς,
981 1020 1235 1089 ἄπρακτα
1285 1018 1500 1088 μωροὺς
1559 1020 1803 1080 ἐκείνους

233 1112 515 1165 πονεῖσθαι
563 1112 704 1165 κατὰ
738 1111 833 1165 τοῦ
882 1112 1115 1181 τείχους,
1167 1109 1372 1163 ἔσωθεν
1419 1111 1798 1180 ἀντεγειρομέ-

1904 1103 2053 1157 circa
2092 1102 2241 1157 hunc
2279 1117 2494 1157 murum
2522 1102 2766 1172 fatigari,
2795 1117 2922 1156 cum
2952 1103 3089 1158 alter
3119 1104 3268 1158 intus
3282 1112 3475 1159 contra

233 1223 319 1255 νου
353 1205 571 1274 ἑτέρου.
607 1204 702 1265 Ὃς
728 1203 801 1273 ,δὴ
837 1202 992 1270 λόγος
1033 1203 1127 1255 καὶ
1183 1201 1386 1271 μᾶλλον
1420 1202 1570 1271 ἡμᾶς
1602 1202 1798 1271 προσέ-

1903 1202 2249 1260 strueretur;
2310 1208 2435 1263 qua:
2491 1208 2596 1248 VOX
2657 1208 2759 1247 nos
2815 1207 3037 1262 quoque
3107 1208 3215 1247 non
3276 1208 3471 1263 parum

234 1297 455 1365 ϐλάψεν.
515 1295 713 1365 Ἀραιὰ
766 1296 873 1365 γὰρ
906 1296 974 1348 τὰ
1009 1294 1115 1363 πρὸ
1160 1295 1355 1349 τούτου
1396 1295 1648 1363 ἀφιέντες
1674 1286 1798 1358 τοὺς

1903 1284 2149 1339 offendit.
2194 1284 2418 1339 Externi
2483 1285 2632 1341 enim
2686 1299 2815 1339 raro
2867 1285 3079 1353 lapides
3114 1285 3168 1339 in
3212 1286 3473 1342 moenium

232 1390 606 1457 τειχοσείστας
656 1387 835 1450 λίθους
875 1391 923 1440 oi
960 1387 1089 1452 ἔξω,
1139 1387 1411 1440 ὲπύκνουν
1464 1388 1662 1451 αὐτοὺς
1711 1387 1798 1440 ἐκ·

1903 1377 2120 1431 ruinam
2168 1376 2540 1448 proiecerant,
2586 1378 2673 1432 sic
2729 1377 2969 1431 interdiu
3032 1392 3134 1433 nos
3191 1377 3473 1441 laedentes,

231 1495 367 1540 τοτε,
418 1478 542 1548 μεθ’
571 1478 784 1547 ἡμέραν
820 1494 877 1530 τε
927 1476 1069 1530 οὕτω
1126 1477 1449 1548 βλάπτοντες
1513 1478 1678 1547 ἡμᾶς,
1707 1477 1798 1530 καὶ

1903 1476 2067 1521 noctu
2101 1475 2284 1522 autem
2311 1483 2343 1522 e
2372 1483 2571 1535 magna
2621 1468 2876 1523 machina
2919 1469 3023 1522 tela
3061 1469 3116 1524 in
3165 1484 3267 1524 nos
3298 1470 3475 1539 conji-

229 1571 346 1621 οὐὸὲ
373 1570 573 1632 νυκτὸς
605 1570 739 1639 βέλη
775 1570 1015 1632 ἀνιέντες
1059 1570 1147 1623 διὰ
1196 1572 1293 1640 τῆς
1330 1569 1596 1638 μεγίστης
1628 1586 1798 1638 μηχα-

1903 1574 2024 1612 cere
2076 1574 2184 1613 non
2233 1568 2508 1628 poterant.
2543 1559 2619 1614 De
2650 1575 2758 1630 qua
2792 1564 2838 1617 si
2893 1570 3153 1630 tanquam
3200 1572 3475 1617 tormento

229 1661 323 1725 νῆς
349 1675 361 1686 ·
398 1659 525 1711 καθ’
554 1655 622 1730 ἦς
656 1661 813 1728 ἡμεῖς
866 1659 1198 1728 λαλήσαντες
1247 1659 1322 1722 ὼς
1363 1658 1564 1728 δεινῆς,
1604 1659 1659 1709 εἴ
1682 1676 1798 1722 πως

1903 1650 2147 1704 horribili
2178 1651 2346 1705 locuti
2381 1666 2595 1717 sumus,
2621 1662 2675 1706 et
2709 1652 2754 1707 si
2787 1652 3091 1720 quaerimus
3114 1662 3297 1705 utrum
3326 1654 3469 1705 mul-

228 1747 634 1815 άποκρουσθείη
673 1750 992 1818 μηχανικῶς
1045 1747 1141 1801 τοῦ
1196 1748 1318 1801 καθ’
1347 1750 1493 1818 ἡμᾶς
1524 1739 1798 1801 τείνεσθαι

1905 1750 2017 1795 tum
2047 1742 2208 1797 nobis
2235 1741 2362 1795 inde
2390 1742 2616 1810 periculi
2650 1744 2957 1807 immineat,
2985 1745 3126 1797 scito
3158 1758 3257 1797 nos
3278 1759 3306 1795 a
3332 1752 3471 1799 teste

228 1792 600 1906 éaoairaOr-lpev
622 1792 711 1900 ξιξ
736 1792 988 1908 Edono;
1002 1839 1063 1902 ἐξ
1098 1839 1309 1909 ἀγαθῆς
1338 1792 1602 1907 {signa
1627 1840 1794 1891 ἀκού-
1829 1792 1873 1852 Β

231 1946 437 1992 σαντες,
481 1929 559 1992 ὡς
599 1929 752 1990 πόλις
806 1931 869 1982 ἐκ
893 1930 1147 1999 τοιαύτης
1194 1929 1400 2000 πέτρας
1457 1930 1519 1982 οὐ
1564 1928 1797 1998 βλάπτε-

230 2040 333 2074 ται.
388 2021 456 2073 Τί
504 2020 610 2086 δέ;
668 2020 786 2074 ἀλλ’
854 2020 1165 2090 ὠφελεῖται,
1219 2020 1263 2074 ῶ
1315 2023 1487 2090 σοφὲ,
1554 2022 1799 2091 μηχανὰς

232 2111 586 2175 ἐξουθενοῦν;
640 2112 807 2165 Ἀλλὰ
856 2112 1191 2168 συνίσταται.
1260 2112 1471 2165 Οὔκουν
1534 2113 1795 2177 πάντως;

230 2204 438 2257 Οὐκοῦν
474 2205 539 2256 τὸ
568 2204 839 2258 ἀνάπαλιν
864 2223 878 2237 ·
911 2207 1025 2274 εἴγε
1053 2209 1150 2260 καὶ
1191 2207 1630 2278 καταῤῥίπτεται
1656 2205 1799 2259 οὓτω

232 2297 293 2348 τὰ
346 2296 719 2366 ἐρυμνότατα.
770 2295 1010 2367 Εἴπομεν
1043 2299 1203 2367 ἡμεῖς
1242 2295 1409 2366 οὕτω,
1452 2298 1546 2349 καὶ
1575 2300 1601 2350 ό
1634 2296 1796 2366 λόγος

232 2387 351 2456 εἰκῆ
377 2387 698 2458 ἁπέρῤευσε
735 2388 830 2442 καὶ
857 2387 1037 2451 αὐτός.

295 2522 407 2568 πα’.
446 2516 558 2568 Καὶ
608 2516 843 2570 ἐλύπουν
899 2516 1001 2584 μὶν
1051 2516 1151 2586 τὴν
1194 2517 1349 2570 πόλιν
1378 2519 1475 2570 καὶ
1519 2518 1591 2571 τὰ
1624 2516 1797 2589 μικρά

232 2606 554 2676 πετροϐόλα,
584 2605 728 2660 οὕτω
760 2606 948 2672 δεξιῶς
980 2606 1263 2676 βάλλοντα,
1304 2608 1381 2670 ὡς
1412 2609 1507 2660 καὶ
1539 2611 1664 2672 τοὺς
1698 2626 1796 2678 μο-

232 2696 392 2759 δίους,
422 2695 476 2749 οῖ
500 2695 704 2748 πλοίων
734 2696 932 2759 όῖστοῖς
962 2697 1303 2766 ἐνδεδεμένοι
1339 2698 1605 2769 μετέωροι
1631 2699 1798 2769 ἐκρυ-

233 2803 360 2839 πτον
400 2785 552 2839 ἔνδον
586 2787 808 2857 ἄνδρας,
859 2787 1119 2851 εἰωθότας
1176 2787 1387 2841 ἐκεῖθεν
1413 2791 1794 2860 καταπέμπειν

233 2878 295 2930 τὰ
322 2878 656 2946 βλάπτοντα,
693 2879 934 2948 συνεχῶς
966 2878 1213 2934 εὗσκοπα
1238 2881 1472 2952 βάλλειν,
1502 2882 1595 2934 καὶ
1630 2898 1797 2935 κατα-

235 2969 380 3039 νλᾷν,
414 2971 513 3023 καὶ
555 2970 745 3038 ἀγῶνα
792 2971 1055 3042 παρέχειν
1084 2973 1199 3034 τοῖς
1233 2974 1502 3043 μαχηταῖς
1558 2973 1791 3039 ἐκεῖθεν,

237 3060 560 3131 διεκχεῖσθαι
611 3063 762 3116 κάτω
805 3064 901 3116 καὶ
951 3062 1375 3133 περισώζεσθαι.
1417 3058 1596 3117 ἹΙσαν
1632 3063 1687 3116 δὲ
1724 3065 1794 3116 τὰ

239 3154 456 3206 τοιαῦτα
512 3154 647 3206 ὡσεὶ
689 3156 782 3207 καὶ
815 3154 944 3224 βέλη
1002 3154 1230 3224 νηπίων,
1267 3155 1402 3223 πρὸς
1446 3154 1546 3225 τὴν
1580 3155 1795 3225 μητέρα
1822 3137 1864 3193 c

241 3245 478 3312 μεγάλην
512 3245 764 3314 μηχανὴν
794 3243 1272 3314 παραϐαλλόμενα,
1301 3247 1427 3299 εἴτι
1463 3245 1567 3316 χρὴ
1597 3248 1660 3298 ὲκ
1697 3246 1793 3298 τοῦ

239 3334 389 3401 σοφοῦ
442 3334 757 3404 στρατηγοῦ
809 3335 1136 3405 πορίσασθαι
1173 3352 1226 3388 τι
1259 3336 1458 3405 νόημα.
1516 3337 1612 3399 "0;
1668 3337 1793 3400 τοὺς

235 3424 432 3477 ἐκεῖθεν
491 3425 895 3494 ὲπαφιεμένους
940 3426 1121 3489 λίθους
1146 3426 1395 3497 τεθηπὼς
1432 3426 1527 3479 τοῦ
1559 3427 1786 3494 κτύπου,

241 3515 427 3568 Ἀκουε
452 3516 557 3587 τὴν
580 3520 805 3585 γραῖαν,
838 3517 1040 3586 ελεγεν,
1073 3518 1289 3586 ἀπαθὴς
1309 3516 1451 3570 οὕτω
1485 3536 1537 3572 τι
1571 3520 1665 3572 καὶ
1696 3520 1791 3587 μέ-

236 3621 373 3673 τριος
410 3606 513 3670 ῶν,
545 3610 641 3660 καὶ
668 3610 767 3677 τὴν
801 3607 1148 3679 θρεψαμένην
1188 3610 1353 3677 μαῖαν
1379 3604 1535 3679 οἶμαι
1585 3612 1791 3678 φαντά-

237 3698 411 3758 ζεσθαι
439 3698 640 3764 δοκῶν,
693 3698 1095 3770 παθαινομένην
1127 3703 1215 3754 ἐπ’
1267 3701 1414 3773 αὐτῷ
1442 3704 1535 3756 καὶ
1582 3704 1797 3756 κλαίου-

236 3806 348 3843 σαν.
385 3791 722 3855 Λακωνίζων
750 3793 808 3845 δὲ
834 3794 929 3846 καὶ
955 3793 1128 3856 ἄλλως
1186 3796 1389 3857 ἐκεῖνος
1420 3795 1517 3862 τὴν
1551 3796 1753 3866 φράσιν
1778 3836 1793 3861 ,

235 3883 305 3945 ὠς
330 3886 386 3936 ὲν
419 3888 780 3954 μεταποιήσει
808 3886 1003 3955 κάμνει
1032 3888 1065 3955 ἡ
1091 3889 1278 3956 γραῖα,
1310 3887 1466 3940 πάλιν
1498 3888 1795 3958 ὲμογγιλά-

235 3974 332 4027 λει.
376 3975 740 4044 ’Δπεφοίϐαζε
762 3978 819 4029 δὲ
845 3978 953 4047 ἄρα
979 3981 1007 4029 ὁ
1047 3977 1204 4045 λόγος
1248 3972 1400 4041 οὗτος
1432 3979 1573 4032 κατά
1601 3997 1652 4033 τι
1693 3996 1796 4031 πυ-

238 4064 610 4132 θωνικνδν,ὼς
643 4069 677 4137 ἡ
723 4069 1068 4139 πρεσϐυτάτη
1117 4070 1481 4142 Θεσσαλονίκη
1535 4072 1671 4141 πρὸς
1714 4074 1790 4125 εί-

1900 1833 2053 1903 gravi
2084 1833 2345 1889 didicisse
2375 1833 2518 1901 quod
2545 1833 2677 1888 urbs
2709 1835 2776 1886 ab
2822 1834 2924 1887 ista
2956 1834 3073 1888 laedi
3125 1848 3232 1886 non
3263 1846 3467 1901 posset.

1898 1924 2040 1991 Quid
2101 1924 2323 1979 autem?
2379 1924 2462 1978 An
2505 1925 2851 1979 commodum
2901 1933 3006 1989 est,
3040 1940 3072 1977 ο
3119 1926 3465 1995 philosophe,

1902 2014 2191 2070 machinas
2208 2014 2599 2070 contemnere?
2619 2014 2722 2069 Sed
2749 2015 3182 2069 obﬁrmat.-—An
3212 2017 3478 2084 prorsus?

1899 2104 2016 2159 lmo
2073 2106 2448 2171 contrarium,
2492 2105 2759 2174 siquidem
2820 2106 2924 2159 hoc
2970 2105 3129 2159 modo
3171 2106 3470 2161 fortissima

1900 2195 2192 2250 diruuntur
2240 2194 2601 2250 munimenta.
2647 2195 2740 2251 Sic
2788 2210 2888 2251 nos
2924 2195 3357 2263 disserebamus,
3416 2205 3472 2250 et

1898 2300 2104 2353 sermo,
2137 2295 2197 2341 ut
2225 2285 2307 2348 (lt,
2339 2285 2569 2341 efﬂuxit.

1968 2528 2059 2584 81.
2087 2528 2193 2583 Sed
2228 2527 2443 2583 minora
2465 2526 2628 2583 etiam
2654 2540 2784 2581 saxa
2812 2526 3057 2596 projecta
3080 2527 3271 2583 urbem
3306 2527 3472 2584 laede-

1895 2620 2050 2676 bant.
2109 2618 2245 2674 Nam
2302 2628 2457 2674 tanta
2516 2620 2845 2674 dexteritate
2897 2618 3355 2685 conjiciebantur,
3407 2630 3471 2675 ut

1894 2713 2059 2770 etiam
2084 2711 2250 2766 modii
2280 2711 2370 2781 qui
2397 2710 2604 2781 cymbis
2649 2710 2859 2779 alligati
2918 2711 3068 2766 intus
3099 2710 3247 2765 viros
3281 2713 3468 2767 conti-

1896 2812 2087 2860 nerent
2145 2813 2401 2860 assuetos
2466 2802 2853 2872 projeetilibus
2922 2802 3132 2856 hostem
3200 2803 3464 2872 aggredi,

1895 2909 2123 2963 scopum
2154 2907 2437 2961 nunquam
2471 2906 2578 2946 non
2614 2890 2948 2960 attingerent
2998 2898 3052 2945 et
3108 2890 3462 2950 adversarios

1895 3004 2002 3044 non
2044 3001 2237 3057 parum
2279 2985 2592 3055 fatigarent.
2618 2982 2724 3039 Sed
2772 2986 2885 3039 haec
2957 2997 3247 3053 puerorum
3298 2987 3467 3043 armis

1896 3081 2096 3135 similia
2150 3087 2281 3134 sunt
2332 3087 2653 3147 comparata
2715 3078 2781 3129 ad
2837 3090 3089 3145 magnam
3122 3076 3460 3143 machinam,

1897 3168 2053 3222 ducis
2096 3165 2260 3221 simul
2317 3166 2531 3219 ratione
2576 3164 2796 3231 habita,
2847 3165 2937 3234 qui
2985 3166 3206 3235 quando
3256 3166 3466 3235 lapides

1900 3274 2023 3314 cum
2081 3256 2299 3326 fragore
2359 3255 2671 3320 cadebant,
2722 3256 2980 3311 immotus
3023 3265 3080 3311 ut
3121 3264 3278 3321 erat,
3325 3257 3468 3311 Audi

1902 3364 2092 3412 anum,
2125 3347 2306 3415 dixit;
2341 3348 2479 3402 adeo
2503 3357 2700 3402 natura
2728 3346 3035 3417 intrepidus
3058 3362 3122 3401 ac
3154 3349 3471 3402 moderatus

1899 3441 2042 3495 enim
2078 3450 2214 3503 erat,
2248 3447 2308 3494 ut
2337 3439 2631 3504 nutricem,
2660 3439 2705 3492 si
2740 3439 2808 3494 de
2852 3454 2918 3492 eo
2946 3448 3268 3507 gravaretur
3292 3478 3306 3503 ,
3335 3446 3468 3491 stu-

1896 3531 2141 3600 piditatis
2173 3530 2565 3587 accusavisset.
2621 3529 2889 3585 Laconica
2959 3544 3138 3583 autem
3189 3528 3469 3598 respondit

1896 3621 2040 3690 quod
2092 3634 2233 3673 anus
2311 3620 2675 3675 restaurando
2734 3619 3075 3689 fatigaretur.
3137 3617 3237 3672 llic
3288 3632 3469 3672 sermo

1894 3709 2195 3780 Pythonem
2249 3712 2552 3777 redolebat,
2610 3711 2757 3766 sicut
2802 3711 3027 3780 antiqua
3068 3709 3469 3765 Thessalonica

1893 3801 1958 3854 ad
2007 3800 2150 3853 idola
2176 3799 2562 3855 defunctarum
2595 3799 2832 3863 accedit,
2874 3799 3019 3853 sicut
3065 3798 3270 3851 dudum
3293 3811 3359 3849 ex
3386 3795 3469 3848 hi-

1896 3892 2072 3945 storia
2101 3890 2420 3945 didicimus.
2454 3889 2690 3960 Lapides
2714 3898 2893 3942 autent
2925 3888 3024 3942 viri
3049 3888 3268 3956 pondus
3294 3887 3463 3939 habe-

1895 3982 2049 4046 bant,
2094 3984 2156 4036 iis
2180 3983 2413 4045 similes,
2451 3995 2588 4050 quas
2612 3979 2991 4050 Laestrygones
3026 3987 3219 4034 contra
3260 3974 3471 4047 Ulyssis

1897 4074 2079 4127 socios
2109 4072 2340 4140 iaculati
2371 4081 2522 4127 sunt.

237 4164 371 4216 δωλα
422 4166 714 4235 καμόντων
747 4164 973 4233 οἴχεται,
1000 4163 1143 4217 καθὰ
1197 4166 1291 4218 καὶ
1337 4164 1507 4218 πάλαι
1554 4166 1704 4230 ποτὲ,
1742 4165 1816 4229 ὡς
1867 4165 1928 4232 ἐξ
1961 4168 2195 4236 ἱστορίας
2257 4167 2489 4238 καθήκει
2543 4168 2639 4220 καὶ
2667 4168 2745 4230 είς
2800 4165 2968 4237 ἡμᾶς.
3015 4164 3126 4219 Καὶ
3150 4159 3287 4236 ἦσαν
3315 4162 3471 4219 οίλί-

236 4256 316 4308 θοι
364 4257 607 4326 ἀκριϐῶς
642 4258 984 4327 ἀνδραχθεῖς,
1040 4258 1258 4322 ὁποίους
1309 4260 1452 4313 κατὰ
1497 4259 1606 4312 τῶν
1636 4261 1783 4331 ἀμφὶ
1808 4261 1901 4315 τὸν
1942 4261 2206 4316 Ὀδυσσέα
2247 4262 2297 4314 οῖ
2336 4261 2737 4332 Λαιστρυγόνες
2763 4259 3167 4331 διεχειρίζοντο.

304 4394 411 4449 πθ.
439 4394 546 4448 Τοῦ
590 4398 773 4449 τοίνυν
817 4396 985 4450 κακοῦ
1026 4397 1176 4450 κάτω
1208 4398 1306 4466 μὲν
1356 4398 1790 4468 ἀναστομοῦντος
1824 4412 1871 4471 ι)

238 4485 314 4546 εἰς
356 4486 633 4552 ἀξιόλογον
682 4486 868 4555 χάσμα
894 4487 992 4556 τὴν
1028 4486 1123 4540 τοῦ
1148 4486 1363 4555 τείχους
1394 4490 1791 4558 στεγανότητα,

238 4576 347 4627 ἄνω
379 4576 433 4628 δὲ
465 4577 727 4639 τοιούτοις
757 4576 924 4641 λίθοις
965 4578 1046 4640 είς
1080 4578 1282 4646 τρόμον
1331 4578 1677 4649 βιαζομένου,
1705 4582 1797 4634 ὀκ-

236 4666 381 4731 λάζει
407 4668 465 4718 τὺ
506 4669 598 4720 καὶ
627 4670 749 4728 τοὺς
777 4669 940 4731 πόδας
969 4652 1148 4722 καὶτὰ
1177 4668 1413 4739 ὕπερθεν
1461 4670 1656 4727 παθόν.
1689 4672 1797 4726 Καί

241 4772 353 4818 πως
385 4758 474 4809 ἐπὶ
523 4755 652 4825 γόνυ
683 4758 977 4821 συνιζάνει,
1021 4759 1091 4811 τά
1120 4776 1181 4828 γε
1229 4760 1419 4830 πρῶτα
1468 4762 1796 4833 εὐμηχάνως

240 4849 582 4913 συνεστηκὸς,
614 4849 719 4913 ἓως
751 4852 801 4902 oi
845 4851 943 4919 μὲν
977 4850 1366 4920 ὑπορύττοντες
1410 4853 1500 4907 τὸν
1543 4855 1664 4907 κατ’
1698 4857 1797 4908 αύ-

236 4939 361 5001 τοὺς
409 4941 598 4995 ἄεθλον
638 4942 970 5011 διηνυκότες,
1015 4945 1467 5013 ἀποκατέστησαν
1509 4948 1630 5010 ταῖς
1686 4948 1796 5001 τῶν

238 5032 642 5103 συμϐαρϐάρων
712 5035 937 5103 σκηναῖς
970 5050 983 5065 ·
1013 5035 1080 5086 τὰ
1123 5035 1179 5087 δὲ
1240 5037 1655 5107 ὑποϐεϐλημένα
1717 5041 1797 5104 είς

237 5128 467 5196 ἔρεισμα
516 5130 581 5197 τῇ
617 5126 846 5196 διορυγῇ
873 5127 1145 5195 κατεκάη,
1197 5127 1271 5190 ὡς
1301 5128 1484 5181 δοῦναι
1514 5131 1679 5183 τόπον
1709 5132 1797 5185 ὲν-

235 5217 427 5269 τεῦθεν
448 5221 511 5288 τῇ
539 5216 845 5285 κατακύψει
872 5215 966 5270 τοῦ
996 5217 1224 5285 τείχους.
1260 5210 1445 5287 Οὗπερ
1464 5217 1637 5281 οὕτως
1662 5220 1798 5273 ὐπο-

238 5306 509 5369 κλιθέντος
554 5309 637 5370 εἰς
692 5306 1060 5376 πλαγιασμὸν,
1136 5306 1430 5376 συμϐαίνει
1472 5309 1533 5361 τὸ
1579 5311 1794 5365 ἐκείνου

234 5400 404 5467 ἄκρον
432 5398 766 5470 διαιρεθῆναι
796 5398 1001 5453 ἄνωθεν
1036 5398 1142 5461 ἕως
1168 5402 1261 5452 καὶ
1296 5400 1469 5465 κάτω,
1513 5401 1642 5455 ἔνθα
1675 5420 1793 5468 πως

237 5490 594 5558 ὲγλωχινοῦτο
646 5491 1031 5561 γωνιούμενον,
1083 5492 1176 5545 καὶ
1227 5491 1500 5560 διαχανεῖν
1540 5495 1623 5556 είς
1656 5494 1796 5564 ἡμέ-

233 5597 398 5651 τερον
438 5582 676 5654 δλεθρον.
716 5583 823 5636 Τοῦ
870 5584 979 5653 γὰρ
1027 5582 1336 5636 συνδετικοῧ
1389 5585 1794 5654 παραλυθέντος

236 5672 454 5746 είρμοῦ,
479 5674 696 5746 ἔσχιστο
723 5675 783 5740 ἐξ
839 5676 1106 5747 ἀνάγκης,
1140 5677 1223 5730 ὅτι
1273 5676 1411 5749 μηδὲ
1443 5674 1643 5751 εἷχενὴ
1672 5682 1794 5752 ἐχορ

1965 4397 2057 4453 82.
2093 4398 2229 4452 Dum
2267 4398 2431 4468 igitur
2462 4413 2654 4454 murus
2682 4396 2911 4452 inferior
2938 4396 3044 4450 late
3063 4402 3284 4464 apertus
3315 4402 3467 4448 esset

1904 4496 1964 4543 ut
2013 4503 2235 4558 vorago,
2269 4488 2525 4557 superior
2555 4497 2737 4542 autem
2787 4486 3061 4555 lapidibus
3109 4483 3369 4553 proiectis
3400 4482 3468 4535 ad

1907 4582 2155 4637 timorem
2220 4580 2577 4650 injiciendum
2662 4579 2884 4643 hiaret,
2963 4576 3164 4631 malum
3230 4574 3470 4640 undique

1904 4675 2281 4746 grassabatur.
2310 4674 2805 4738 lnterdum_autem
2839 4670 2905 4723 ad
2942 4681 3117 4738 genua
3145 4666 3470 4735 procumbe-

1902 4768 2035 4822 bant
2070 4769 2197 4821 dum
2244 4766 2599 4822 sul'fodientes
2636 4772 2759 4832 post
2808 4762 3121 4818 exantlatos
3172 4759 3389 4813 labores
3434 4772 3464 4809 a

1904 4858 2154 4912 tentoriis
2211 4856 2575 4910 Barbarorum
2630 4860 3014 4917 recesserunt;
3079 4850 3224 4919 quod
3285 4857 3467 4902 autem

1904 4961 2094 5003 contra
2122 4947 2323 4999 vallum
2360 4946 2663 5015 projectum
2702 4943 2885 4998 fuerat
2919 4944 2972 4998 in
3006 4942 3153 4998 fossa
3196 4942 3305 5014 igni
3331 4956 3467 4996 con—

1904 5049 2179 5109 sumptum
2221 5047 2324 5103 est,
2358 5048 2414 5091 ut
2448 5038 2590 5091 muri
2622 5037 2863 5107 spatium
2895 5036 3057 5091 inane
3085 5036 3469 5104 ampliaretur,

1907 5130 2282 5186 Sicinclinato
2306 5144 2466 5183 muro
2503 5130 2743 5193 accidit,
2784 5141 2844 5183 ut
2883 5144 3020 5199 apex
3077 5143 3106 5181 a
3132 5141 3350 5181 summo
3399 5123 3469 5178 ad

1904 5223 2014 5277 ima
2048 5223 2412 5284 scinderetur,
2462 5221 2533 5275 ita
2572 5229 2630 5275 ut
2674 5222 2904 5291 angulus
2954 5220 3132 5275 factus
3186 5220 3259 5274 sit
3309 5216 3470 5271 nobis

1906 5328 2239 5384 magnopere
2294 5314 2620 5368 damnosus.
2665 5312 2961 5382 Postquam
3002 5313 3146 5366 enim
3178 5323 3470 5379 compages

1907 5408 2102 5462 solutae
2129 5416 2312 5461 essent
2341 5409 2586 5462 scissura
2607 5416 2793 5461 secuta
2825 5414 2929 5471 est,
2966 5408 3110 5474 quod
3138 5403 3281 5458 latus
3303 5402 3460 5456 alteri

1909 5500 2069 5554 lateri
2109 5500 2286 5567 aptari
2316 5514 2423 5553 non
2462 5508 2646 5569 posset
2683 5499 2735 5554 in
2771 5498 3082 5569 oppositum
3125 5504 3300 5549 tracto
3327 5506 3465 5559 pon-

1905 5593 2059 5657 dere,
2099 5590 2195 5645 sed
2244 5593 2485 5645 relaxata
2549 5590 2732 5659 aliqua
2784 5591 2867 5645 sui
2914 5601 3102 5658 parte;
3160 5586 3340 5638 vicino
3379 5582 3465 5637 in-

1905 5685 2111 5740 clinato
2179 5684 2461 5740 adhaerere
2527 5685 2714 5751 desiit,
2777 5692 2840 5756 ct.
2893 5682 2975 5737 sic
3030 5694 3093 5734 os
3139 5676 3466 5733 immensum
