3930 6232
376 325 388 331 ’
442 325 506 388 9'1
1154 319 1577 382 EUSTATIIH.
1615 314 2369 378 TIIESSALONICENSIS
2401 315 2961 378 METROPOLITA!
3631 319 3705 383 92

442 437 662 492 Tartari
696 436 958 490 adversus
1006 445 1111 488 nos
1146 432 1199 486 in
1245 435 1415 486 chaos
1459 431 1692 486 miserim
1747 432 2015 484 dilatavit.

2149 431 2264 498 ιένη
2301 428 2514 497 πλευρὰ
2570 429 2942 496 ὲγκαθεστῶτι
2983 429 3282 498 ἡρμότθλι,
3331 431 3430 500 τῆς
3471 433 3536 486 ὲκ
3566 434 3707 486 πλα-

441 535 575 601 γίων
603 530 931 599 ὑπενδούσης
965 530 1106 582 κατὰ
1137 525 1302 596 βάρος
1336 539 1354 556 ⁶
1390 525 1506 578 ἀλλ’
1562 527 1898 595 ἐκπέμψασά
1918 548 1968 582 τι
2001 529 2222 597 ἑαυτῆς,
2253 525 2464 593 ἀφῆκεν
2493 525 2878 577 ἐπακολουθεῖν
2925 524 3320 598 κατακλιθεέσῃ
3357 527 3423 596 τῇ
3461 530 3667 595 γείτονι
3689 532 3703 546 ⁸

442 626 536 676 καὶ
563 623 703 675 οὕτω
738 621 1007 691 χασμημα
1059 617 1181 671 καθ’
1238 617 1396 687 ἡμῶν
1447 616 1575 686 ᾅδου
1623 617 1883 686 εὐρυνθὲν
1913 621 2261 673 κατέσπακεν
2302 617 2382 675 είς
2418 615 2548 685 χάος
2587 615 2906 682 ἀρτύγετον.

516 716 606 768 85.
645 714 735 768 Isti
787 722 964 766 autem
1003 710 1119 763 loco
1142 723 1337 761 nomen
1363 707 2026 774 eratChamanlraeoutis,

452 809 542 862 cui
566 804 915 860 cusmdiendi'
931 802 1076 854 illum
1100 813 1220 852 cum
1252 797 1512 851 militibus
1528 799 1644 852 suis
1662 799 1902 854 strenuis
1935 815 2028 855 ne-

451 900 655 969 gotiuln
696 898 879 950 datum
914 894 1116 957 fuerat,
1160 903 1215 945 et
1245 891 1335 960 qui
1377 891 1532 944 nobis
1565 903 1782 960 quoque
1834 902 2022 960 postea

447 991 524 1045 rei
561 988 810 1042 militaris
856 983 1054 1052 peritia
1095 996 1190 1034 sua
1224 981 1408 1033 utilem
1452 994 1671 1047 operam
1706 982 1846 1034 tulit.
1880 983 2017 1035 Cum

2208 713 2319 766 πγ¹.
2347 701 2454 758 Ἦν
2485 705 2540 756 δὲ
2569 705 2596 754 6
2626 706 2792 766 τόπος
2842 701 2995 766 οὗτος
3026 705 3234 774 πύργος
3280 703 3705 773 Χαμαιδρὶκονο

2133 815 2222 860 τος
2250 796 2566 864 ἐπικληθεὶς
2622 796 2699 864 τῷ
2734 795 2951 863 λαχόντι
3010 795 3324 850 ἐπιστατεῖν
3359 798 3454 850 σῦν
3495 817 3556 867 γε
3594 804 3708 863 τοῖς

2133 887 2272 958 ἀμφ’
2297 888 2461 940 αὐτὸν
2495 888 2596 939 οὐκ
2639 887 2861 954 ἀεργοῖς
2911 891 3342 956 στρατιωτικοῖς,
3391 891 3546 961 ἀνδρὶ
3585 894 3709 944 τότε

2136 983 2234 1052 μὲν
2261 997 2532 1049 τακτικῳ,
2566 979 2792 1050 ὔστερον
2823 981 2915 1033 καὶ
2967 984 3227 1050 συμπόνῳ
3280 982 3413 1052 ἡμῖν
3451 999 3464 1012 ο
3499 984 3559 1046 ὃς
3607 988 3710 1054 μό.

448 1081 597 1136 enim
623 1078 774 1131 solus.
798 1076 852 1127 in
879 1073 1012 1125 urbe
1045 1080 1326 1124 teneretur
1364 1070 1480 1123 sive
1516 1070 1730 1135 morbo,
1757 1073 1872 1125 sive
1897 1087 2030 1140 pru-

2149 1092 2222 1138 ρος
2241 1073 2351 1126 τῶν
2384 1072 2560 1126 ἄλλων
2585 1071 2860 1140 ἐνσχεθεὶς
2889 1072 2959 1140 τῇ
2995 1071 3173 1134 πόλει,
3199 1070 3260 1123 τὸ
3295 1073 3396 1140 μὲν
3442 1076 3711 1144 φαινόμε-

451 1170 666 1231 domia,
715 1175 900 1236 postea
943 1172 1121 1217 autem
1173 1161 1492 1224 commilito,
1554 1161 2030 1232 periculorumque

453 1263 635 1315 socius
692 1265 921 1309 [nonem
973 1253 1326 1322 oppetiisset,
1386 1252 1494 1304 nisi
1537 1265 1644 1304 nos.
1683 1248 1774 1306 Dei
1815 1255 2035 1323 sapien-

455 1354 532 1404 tia:
569 1356 846 1410 monente,
883 1356 1089 1400 remoto
1143 1345 1402 1413 periculo,
1455 1354 1668 1413 tempus
1721 1347 2034 1402 distulisse-

456 1457 604 1503 ιηως,
638 1453 746 1508 quo
779 1439 1048 1492 barbarus
1099 1436 1222 1503 eius
1250 1437 1530 1489 emotli'tus
1563 1445 1649 1491 est
1681 1438 1916 1502 animus,
1959 1440 2034 1493 ita

456 1546 514 1588 ut
573 1533 779 1586 homin-4i
839 1540 1026 1584 nostro
1072 1531 1232 1591 vitre,
1277 1545 1385 1598 qun
1438 1529 1550 1596 jam
1610 1539 1752 1583 nunc
1809 1531 2031 1599 Fruitur,

457 1627 824 1694 sospitatores
864 1622 1150 1676 fuerimus.

531 1919 621 1972 ει.
669 1918 822 1972 Muro
859 1919 1042 1987 itaque
1097 1919 1278 1971 diruto
1328 1919 1418 1972 ubi
1461 1918 1579 1972 dies
1613 1918 1791 1972 illuxit
1824 1923 1881 1973 et‘
1909 1919 2041 1972 illud

462 2010 709 2063 foramen
740 2009 851 2063 Cha
865 2010 1078 2062 ronium
1117 2010 1301 2065 hostes
1332 2010 1618 2078 nostrique
1644 2010 1940 2074 vidissent,
1962 2007 2040 2066 illi

459 2102 697 2154 ferarum
756 2115 906 2155 more
956 2102 1184 2156 hiabant
1228 2111 1420 2155 contra
1477 2115 1601 2166 nos,
1655 2103 1812 2156 nobis
1855 2105 2039 2156 autem

457 2194 646 2247 oculos
710 2194 1097 2246 claudentibus
1145 2195 1324 2248 omnis
1383 2209 1508 2264 spes
1560 2195 1867 2272 interierat.
1923 2193 2043 2247 Dux

459 2290 641 2336 autem
663 2292 819 2336 antea
845 2283 1038 2350 plenus
1060 2283 1259 2337 ﬁducia
1280 2293 1416 2344 erat,
1437 2284 1706 2351 jactitans
1729 2285 1879 2352 apud
1897 2285 2040 2338 haud

462 2379 704 2446 ignaros,
727 2376 871 2443 quod
907 2378 1076 2428 muris
1097 2376 1232 2428 nihil
1255 2376 1548 2442 accideret,
1571 2377 1686 2431 etsi
1717 2378 2039 2445 ceciderint,

460 2470 575 2534 ipse
605 2477 790 2521 tamen
837 2468 1060 2537 optimis
1111 2484 1141 2522 e
1191 2470 1366 2537 copiis
1416 2470 1613 2525 electis
1650 2471 1787 2524 viris
1823 2486 2040 2526 murum

463 2560 701 2614 ferreum
721 2561 955 2628 spondet
972 2576 1029 2614 se
1049 2561 1458 2629 oppositurum,
1478 2562 1648 2616 armis
1666 2573 2038 2631 compactum,

466 2652 858 2720 custodemque
889 2654 1134 2706 futurum
1159 2652 1370 2706 civitati
1396 2668 1492 2722 per
1512 2653 1873 2722 quadraginta
1895 2656 2041 2709 dies.

464 2743 746 2798 Postremo
803 2757 994 2798 autem.
1020 2746 1108 2798 hic
1154 2745 1316 2799 homo
1347 2746 1728 2814 iactabundus
1774 2747 2044 2802 sermoci—

464 2836 644 2890 nando
673 2835 727 2889 in
757 2839 896 2890 muri
936 2837 1182 2891 scissura
1217 2837 1498 2904 iactantiae
1547 2838 1707 2892 ﬁnem
1744 2838 2045 2908 imposuit;

462 2931 578 2996 ipse
603 2936 784 2982 autem
812 2943 921 2981 non
949 2943 1180 2983 manens
1215 2943 1275 2983 sc
1300 2928 1427 2982 inde
1460 2929 1754 2998 proripuit.

530 3242 620 3297 86.
661 3243 833 3296 Simul
867 3255 932 3296 ac
973 3241 1200 3296 hastam
1227 3242 1280 3296 in
1330 3242 1603 3297 moenibus
1635 3243 1833 3300 dirutis
1885 3243 2040 3311 vidit,

459 3350 568 3404 quo
604 3349 745 3388 unus
768 3351 797 3389 e
822 3336 1005 3389 nautis
1035 3337 1384 3400 ascenderat,
1420 3353 1562 3406 quos
1598 3345 1656 3390 ut
1686 3337 1858 3393 fortes
1891 3345 1945 3392 et
1971 3337 2036 3392 ad

459 3427 730 3494 ejusmodi
785 3441 871 3481 res
928 3427 1141 3482 habiles
1193 3427 1450 3496 Siphanti
1529 3431 1687 3484 navis
1735 3430 2032 3484 advexerat

467 3524 485 3589 (
519 3520 822 3588 Siphantus
866 3519 1040 3588 pirata
1087 3535 1211 3572 cum
1254 3519 1456 3574 Siculis
1482 3520 1661 3574 ltrdus
1693 3521 1914 3586 inierat,
1948 3521 2043 3589 qui

462 3597 811 3679 nos‘quoque
857 3609 1092 3676 lt03pitio
1131 3612 1380 3679 excepit,
1418 3618 1480 3663 ut'
1523 3621 1635 3664 rem
1671 3617 1835 3678 prout‘
1881 3611 2044 3665 habet

466 3701 788 3764 reteramus,
810 3702 865 3753 in
891 3715 1026 3753 nave
1055 3711 1111 3753 ut
1145 3699 1245 3754 hoc
1265 3715 1484 3771 quoque
1515 3703 1704 3769 paucis
1726 3701 1996 3772 dicamus)
2026 3719 2040 3768 ;

463 3794 608 3861 quod
648 3793 738 3846 ubi
789 3793 1028 3861 primum
1063 3792 1198 3847 vidit
1242 3792 1412 3845 David
1453 3793 1871 3854 tremebundus,
1907 3807 2041 3848 ecce

466 3885 762 3955 praemissis
784 3885 1044 3939 oblivioni
1065 3885 1206 3938 datis
1226 3885 1587 3954 quadraginta
1611 3884 1729 3939 dies
1751 3885 1818 3938 ad
1837 3885 2045 3954 aliquot

469 3981 631 4030 horas
656 3977 938 4030 reduxitet
958 3977 1182 4030 dorsum
1210 3976 1458 4030 hostibus
1487 3977 1704 4031 obtulit.
1721 3977 1853 4032 Cum
1884 3978 2047 4046 igitur

469 4069 670 4122 mllites
695 4082 879 4121 coram
907 4067 1164 4120 omnibus
1192 4068 1633 4122 vociferarentur
1655 4077 1715 4122 ι(
1744 4067 2043 4136 Comnene,

467 4167 676 4213 stamen
699 4156 1064 4227 et-peditatus,
1099 4173 1128 4208 ›“
1159 4157 1246 4212 ille
1281 4165 1462 4224 autem
1485 4172 1670 4213 vocem
1704 4159 2045 4214 terminalem

471 4252 801 4316 addidisset,
832 4249 1308 4319 καταϐαλίκευμα,
1360 4259 1459 4302 et:
1504 4249 1658 4303 Sicut
1691 4265 1776 4304 me
1819 4253 2043 4315 videtis,

468 4342 734 4412 Pegasum
763 4341 1010 4396 invenire
1043 4341 1217 4410 cupiit
1247 4355 1486 4409 quocum
1531 4341 1585 4393 in
1618 4351 1836 4398 montes
1867 4353 1970 4398 aut-
1989 4344 2044 4397 in

2133 1179 2224 1220 νον
2281 1164 2423 1218 κατὰ
2455 1163 2631 1225 νόσον,
2663 1163 2842 1224 ἄλλως
2892 1163 2948 1213 δὲ
2989 1162 3306 1232 προμηθείᾳ
3349 1166 3443 1216 καὶ
3479 1167 3711 1219 συναεθ.

2104 1238 2313 1310 ’λεύων
2343 1258 2474 1325 ἡμῖν
2531 1255 2846 1325 παρήγορα,
2873 1253 3028 1322 θρὶξί,
3066 1254 3093 1307 6
3145 1270 3330 1322 φασιν,
3397 1256 3500 1308 ἀνὰ
3546 1258 3714 1326 μέσον

2142 1349 2238 1402 καὶ
2294 1347 2487 1400 ἒϐλεπε
2524 1346 2774 1411 θάνατον,
2821 1346 2869 1398 εἰ
2904 1345 2980 1416 μὴ
3013 1345 3074 1398 τὸ
3124 1346 3224 1413 τῆς
3279 1347 3466 1416 τριχὸς
3509 1349 3715 1418 ταύτης

2141 1440 2463 1510 γραμμικὸν
2480 1433 2570 1490 οἷα
2591 1437 2684 1489 καὶ
2720 1439 2799 1498 εἰς
2828 1447 2880 1488 τι
2912 1435 3090 1489 πλατῦ
3132 1435 3391 1489 ἐπίπεδον
3415 1439 3575 1508 ἡμεῖς
3601 1439 3718 1492 διαο

2145 1533 2468 1600 στήσαντες.
2503 1529 2577 1591 ὡς
2641 1525 2991 1597 μεθώδευσεν·
3012 1527 3040 1578 6
3070 1527 3166 1596 τῆς
3218 1529 3410 1595 σοφίας
3438 1529 3590 1594 Θεὸς,
3624 1532 3722 1583 καὶ

2142 1627 2578 1696 παρατείναντες
2609 1624 2825 1694 καιρὸν.
2862 1623 2930 1675 δι’
2978 1618 3038 1676 οὗ
3070 1625 3098 1676 6
3130 1623 3463 1694 βαρϐαρικὸς
3513 1627 3722 1693 ἐμαλὰ-

2140 1716 2245 1786 χθη
2273 1715 2464 1786 θυμὸς,
2500 1713 2930 1784 συνετελέσαμέν
2953 1731 3007 1766 τι
3035 1717 3129 1766 καὶ
3149 1715 3217 1766 αὺ
3230 1716 3308 1766 τοὶ
3338 1715 3415 1784 τῷ
3439 1714 3722 1784 ἀνθρώπῳ

2063 1779 2112 1840 Β
2142 1779 2321 1870 ἔξς’τδ
2346 1779 2542 1872 καλὸν,
2578 1803 2640 1880 ἧς
2676 1806 2804 1874 ἄρτι
2829 1779 2968 1877 εχει,
2999 1806 3168 1877 ζωῆς.

2214 1919 2318 1976 πδ’.
2366 1916 2475 1974 Τοῦ
2529 1921 2708 1973 τοίνυν
2752 1920 2966 1989 τείχους
3025 1922 3236 1973 ἐκείνου
3295 1921 3585 1984 παθόντος,
3629 1921 3708 1984 ὡς

2143 2013 2369 2077 ἔπαθεν,
2400 2013 2632 2082 ἐπείπερ
2651 2013 2835 2082 ἡμέρα
2856 2014 3138 2080 διέφαυσε,
3168 2013 3262 2066 καὶ
3284 2009 3425 2066 εἶδον
3449 2016 3510 2064 τὸ
3538 2015 3722 2065 ὲκεῖσε

2143 2107 2458 2176 Χαρώνειον
2486 2106 2674 2176 χάσμα
2698 2105 2752 2157 οἵ
2771 2123 2830 2158 τε
2855 2105 3062 2176 ἐχθροὶ,
3094 2107 3219 2159 οἵτε
3247 2107 3544 2175 ἡμεδαποὶ,
3577 2106 3724 2158 ἐκεῖο

2146 2212 2227 2248 νοι
2263 2197 2360 2263 μὲν
2384 2199 2720 2263 συνέχασκον
2741 2194 3025 2264 θηριωδῶς
3047 2194 3142 2248 τοῦ
3171 2195 3364 2248 λοιποῦ
3398 2195 3517 2248 καθ’
3539 2195 3718 2264 ήμῶν’

2144 2289 2280 2356 ἡμῖν
2311 2270 2367 2340 δὲ
2405 2287 2732 2357 συμμύσασι
2767 2285 3030 2355 ξύμπασα
3092 2285 3350 2356 ἐκλείσθη
3379 2287 3558 2350 ἐλπίς.
3614 2287 3726 2339 Καὶ

2144 2375 2214 2450 ἦν
2248 2379 2346 2447 μὲν
2381 2378 2452 2430 τὰ
2484 2378 2594 2446 πρὸ
2623 2378 2816 2430 τούτου
2843 2378 3046 2448 θρασὺς
3070 2380 3097 2430 6
3131 2379 3459 2449 στρατηγὸς,
3502 2380 3726 2447 κομπά-

2146 2470 2254 2534 ζων
2287 2470 2422 2540 πρὸς
2453 2472 2582 2533 τοὺς
2631 2466 2693 2523 εὖ
2751 2471 2982 2533 εἰδότας,
3013 2471 3281 2540 ’τὸ-τεῖχος
3311 2471 3411 2524 οὐκ
3437 2467 3512 2524 εὖ
3532 2473 3723 2525 πείσε-

2151 2561 2296 2624 σθαι,
2328 2561 2425 2625 ὡς,
2461 2565 2510 2614 sl
2546 2561 2642 2614 καὶ
2675 2564 3094 2625 καταπεσεῖται,
3141 2563 3290 2630 ὅμως
3316 2564 3477 2626 αὐτὸς
3502 2565 3726 2631 ὲπιλέγ·

2145 2654 2245 2720 δην
2276 2653 2470 2722 κρίνας
2493 2654 2623 2716 τοὺς
2654 2653 2915 2724 ἀρίστους
2959 2655 3056 2723 τῆς
3088 2657 3376 2724 στρατιᾶς,
3407 2657 3590 2726 τεῖχος
3649 2671 3727 2708 σι-

2147 2745 2354 2814 δήρεον
2377 2746 2720 2814 ἀντιστήσει,
2751 2745 2814 2797 τὸ
2841 2745 2908 2798 ἐκ
2942 2745 3054 2797 τῶν
3103 2746 3304 2810 ὅπλων,
3341 2748 3435 2798 καὶ
3490 2745 3602 2807 ἕως
3631 2748 3728 2797 καὶ

2148 2837 2232 2898 εἰς
2261 2835 2677 2906 τεσσαράκοντα
2709 2836 2922 2905 ἡμέρας
2955 2835 3130 2904 φύλαξ
3159 2837 3313 2890 ἔσται
3358 2836 3458 2905 τῆς
3490 2836 3725 2897 πόλεως.

2149 2927 2288 2981 Τότε
2311 2928 2371 2980 δὲ
2401 2931 2436 2981 6.
2465 2927 2632 2998 μέχρι
2659 2927 2824 2994 λόγου
2856 2927 3066 2997 θρασὺς
3101 2929 3358 2998 ῥηξήνωρ
3389 2930 3454 2998 τῇ
3492 2927 3591 2980 τοῦ
3607 2927 3728 2980 τεί-

2150 3037 2286 3089 χουςι
2312 3019 2472 3090 ῥήξει·
2494 3020 2725 3088 διεκόπη
2765 3021 2876 3074 τῶν
2904 3021 3241 3090 αὐχημάτων
3266 3037 3282 3053 ·
3314 3021 3404 3074 καὶ
3431 3021 3507 3091 μὴ
3549 3022 3728 3089 μένων

2075 3126 2119 3185 c
2152 3117 2181 3168 6
2211 3115 2397 3179 αὐτὸς,
2425 3115 2662 3183 ἔμπαλιν
2691 3115 2995 3180 ἐξένευσεν.

2217 3251 2325 3309 πε’.
2355 3254 2507 3323 “Attat
2547 3254 2656 3324 γὰρ
2687 3254 2816 3324 δόρυ
2847 3255 3118 3323 ἐσκέψατο
3150 3256 3447 3324 πολεμικὸν
3499 3258 3598 3310 ἐπὶ
3633 3257 3726 3311 τοῦ

2151 3349 2433 3417 ῥήγματος
2455 3347 2976 3418 ἀναρῥιχησαμένου
3004 3347 3112 3401 τῶν
3146 3365 3292 3411 τινος
3317 3348 3610 3418 πλωῖμων,
3633 3349 3725 3414 οὒς

2147 3438 2435 3506 ἀνδρικοὺς
2485 3439 2554 3491 τὰ
2585 3438 2818 3492 τοιαῦτα
2857 3442 2954 3492 καὶ
3004 3440 3213 3504 δεξιοὺς
3237 3442 3270 3510 ἠ
3297 3440 3393 3494 τοῦ
3451 3442 3725 3510 Σιφάντου

2147 3529 2280 3591 ναῦς
2309 3530 2542 3593 ὲπλώῖζε
2575 3530 2867 3601 (πειρατὴς
2893 3531 2950 3582 δὲ
2995 3533 3022 3583 6
3049 3531 3336 3597 Σιφάντος,
3369 3529 3514 3583 ἑκὼν
3552 3547 3725 3600 προσ-

2147 3623 2406 3690 χωρήσας
2435 3625 2549 3684 τοῖς
2581 3621 2823 3684 Σικελοῖς
2849 3621 2993 3674 κατὰ
3013 3639 3133 3676 τινα
3161 3622 3372 3691 ῥήτρην
3403 3620 3503 3691 τὴν
3532 3621 3724 3673 συνδό-

2150 3711 2301 3776 ξασιν
2326 3727 2340 3742 ο
2370 3711 2428 3773 ὃς
2449 3712 2548 3764 καὶ
2568 3713 2725 3787 ἡμᾶς,
2746 3713 2882 3787 ἐλὼν
2920 3712 3150 3776 ἐξένισε,
3177 3714 3371 3782 ῥητέον
3392 3711 3500 3780 γὰρ
3527 3711 3723 3778 οὕτως,

2149 3807 2242 3856 ἐπὶ
2275 3804 2407 3865 νεὼς
2461 3804 2560 3873 τῆς
2611 3806 2736 3856 κατ’
2766 3805 2952 3867 αὐτὸν,
2985 3805 3058 3865 ὡς
3113 3804 3209 3855 καὶ
3271 3802 3726 3866 ὑποκαταϐάντες

2147 3899 2290 3968 λόγῳ
2346 3897 2520 3968 βραχὺ
2584 3897 3102 3968 παραστησόμεθα),
3176 3896 3296 3966 ἅμα
3357 3896 3489 3963 γοῦν
3552 3894 3768 3958 οὕτως’

2148 3985 2289 4042 εἶδεν
2326 3991 2352 4039 6
2377 3988 2581 4058 τρέσας
2627 3987 2812 4048 Δαυῖδ,
2861 3989 2949 4040 καὶ
2981 3990 3098 4056 ἅμα
3147 3988 3379 4042 κατόπιν
3406 3987 3585 4056 βαλὼν
3625 3991 3728 4050 τὰς

2149 4079 2413 4148 ἁνδρικᾶς
2450 4082 2797 4150 ὑποσχέσεις,
2822 4081 2915 4134 καὶ
2943 4083 3041 4144 τὰς
3069 4082 3482 4150 τεσσαράκοντα
3510 4082 3729 4150 ἡμέρας

2148 4171 2227 4232 εις
2259 4172 2380 4240 οὐδὲ
2427 4171 2624 4224 λεπτὸν
2662 4171 2946 4234 συστείλας
2977 4172 3149 4240 ὥρας,
3187 4173 3354 4236 ἔδειξε
3409 4173 3732 4242 μετάφρενα

2149 4261 2262 4319 τοῖς
2321 4258 2560 4329 ἐχθροῖς.
2623 4261 2732 4312 Καὶ
2781 4261 2893 4312 τῶν
2935 4262 3346 4332 στρατιωτικῶν
3401 4263 3734 4327 φωνούντων

2147 4350 2573 4420 λεωφορουμένῃ
2605 4350 2703 4419 βοῇ
2761 4351 2822 4403 τό
2851 4366 2865 4380 ·
2905 4370 2922 4401 ι
2959 4352 3230 4420 Κομνηνὲ,
3267 4352 3454 4419 στάμα
3490 4354 3584 4404 καὶ
3631 4355 3736 4406 πέ-

472 4434 650 4488 undas
695 4434 864 4489 maris
893 4433 1108 4488 altisoni
1161 4432 1379 4486 avolare
1412 4433 1728 4500 potuisset;
1768 4443 2040 4502 postremo

2152 4445 2330 4512 ςευμα
2353 4458 2369 4473 ⁸
2399 4446 2427 4496 6
2461 4442 2506 4495 δ’
2532 4443 2900 4496 ὲπιτελεύτιον
2928 4441 3040 4496 οἷον
3072 4444 3377 4513 ἁντιμύξας
3414 4448 3474 4499 τό
3497 4463 3510 4476 ·
3548 4465 3567 4496 ι
3606 4448 3733 4499 Ka-

470 4528 618 4580 n:ulo
665 4541 768 4582 suo
808 4527 901 4595 qui
937 4540 1062 4580 eum
1103 4535 1211 4578 tum
1253 4525 1527 4595 portabat,
1568 4537 1866 4580 contentus
1918 4528 2042 4581 fuit.

467 4621 713 4688 Anfugiit
735 4621 903 4690 igitur
928 4619 1090 4673 modo
1111 4630 1271 4674 antea
1301 4620 1583 4684 inusitato,
1601 4619 1874 4675 delicatus
1897 4621 2042 4684 visu,

372 4753 379 4759 -
470 4714 774 4768 vcstebona
797 4712 1053 4778 amictus,
1074 4727 1238 4765 manu
1280 4715 2048 4782 strenuus,utgymnasiasta;

407 4843 414 4848 -
471 4807 738 4875 sanguine
761 4821 868 4860 non
905 4807 1213 4862 maculatus
1239 4807 1387 4860 sicut
1417 4807 1562 4859 aries
1593 4813 1824 4870 caeteros
1856 4819 2052 4860 omnes

473 4897 834 4965 pedissequos
875 4897 1138 4951 habebat.
1164 4897 1223 4949 lu
1262 4898 1363 4949 hac
1395 4895 1745 4950 multitudine
1767 4895 2050 4949 erantviri

474 4991 832 5058 magnanimi,
874 4993 968 5059 qui
991 4990 1439 5056 duci"iguaviam
1487 4987 1986 5056 exprobraverant,
2019 5002 2049 5042 e

472 5083 671 5151 quibus
709 5083 797 5135 alii
823 5098 948 5136 cum
977 5083 1138 5133 beato
1186 5080 1397 5133 honore
1425 5080 1768 5145 ceciderunt,
1800 5079 1894 5132 alii
1929 5087 2051 5146 post

477 5174 734 5240 praeclare
783 5173 926 5227 facta
968 5173 1184 5225 hastam
1249 5171 1502 5224 hostilem
1553 5172 1731 5226 secuti
1779 5180 1929 5224 sunt.
1989 5169 2048 5222 In

475 5265 746 5333 principio
803 5274 982 5318 autem
1037 5261 1277 5316 Barbari:
1331 5264 1695 5317 ascendentes
1771 5261 2047 5315 deturbati

477 5361 604 5408 sunt
633 5370 663 5406 a
690 5352 904 5407 civibus
936 5352 1140 5405 nostris
1186 5366 1294 5405 non
1336 5353 1623 5406 militibus.
1661 5351 1727 5404 Hi
1754 5352 1912 5406 enim
1947 5366 2048 5419 pro

480 5445 702 5499 viribus
748 5445 1075 5498 restiterunt
1120 5446 1295 5498 donec
1325 5445 1688 5500 circumventi
1737 5444 2046 5513 periculum

476 5534 756 5599 viderent,
788 5547 900 5587 non
939 5534 1219 5602 perterriti
1269 5532 1466 5602 panico
1527 5533 1752 5588 Davidis
1816 5535 2040 5600 timore;

475 5625 570 5680 sed
602 5627 667 5678 de
701 5625 1081 5679 internecione
1129 5625 1450 5690 cogitabant
1491 5637 1678 5676 eorum
1727 5623 1818 5692 qui
1850 5638 2049 5676 excur~

478 5716 728 5771 sionibus
774 5717 885 5771 suis
942 5724 1150 5769 tantum
1201 5715 1324 5769 mali
1390 5713 1525 5784 ipsis
1583 5712 1899 5768 intulerant.
1943 5714 2043 5779 Qui

2153 4535 2491 4603 ϐαλίκευεμα,
2530 4551 2549 4584 ι
2579 4534 2674 4586 καὶ
2695 4535 2756 4588 τό
2783 4550 2797 4564 '
2835 4553 2854 4585 ι
2884 4535 3042 4589 Καθά
3071 4552 3137 4605 με
3196 4536 3446 4604 βλέπετε,
3487 4555 3505 4586 ο
3538 4538 3736 4591 ἐπόθει

2153 4626 2253 4695 μὲν
2287 4627 2418 4686 ἴσως
2458 4628 2796 4694 παρατυχεῖν
2828 4643 2932 4677 που
2966 4625 3060 4678 τοῦ
3115 4627 3430 4695 τηνικαῦτα
3469 4628 3738 4697 Πήγασόν

2147 4731 2293 4778 τινα,
2347 4713 2413 4765 δι’
2439 4707 2501 4764 οὗ
2553 4713 2887 4781 πτερύξεται
2925 4716 3004 4776 είς
3034 4716 3183 4784 ὅρος,
3233 4714 3343 4766 εἴθε
3393 4715 3426 4784 ἢ
3457 4720 3536 4778 εἰς
3573 4717 3736 4785 κῦμα

2150 4804 2576 4872 πολυφλοίσϐοιο
2597 4804 2895 4876 θαλάσσης.
2935 4806 3208 4876 Ἠρκ-έσθη
3239 4807 3296 4859 δὲ
3319 4807 3468 4877 ὅμως
3500 4811 3564 4878 τῇ
3596 4810 3735 4881 φίλῃ

2149 4894 2384 4962 ἡμιόνῳ,
2412 4893 2446 4962 ἦ
2478 4893 2571 4946 καὶ
2593 4895 2714 4946 τότε
2747 4897 2935 4964 φέρειν
2967 4895 3130 4948 αὐτὸν
3163 4895 3341 4965 ἔλαχε.
3380 4897 3491 4947 Καὶ
3544 4915 3737 4967 παρα-

2148 4982 2521 5052 δειγματικῶς
2577 4985 2929 5054 προφεύγων,
2985 4987 3255 5056 τρυφερὸς
3313 4987 3463 5051 ἰδεῖν,
3525 4988 3738 5058 εὖυφος

2149 5074 2250 5142 τὴν
2275 5075 2568 5142 ἀναὸολὴν,
2597 5078 2860 5146 ἄτριπτος
2889 5079 3075 5140 ὅπλοις
3105 5080 3203 5140 τὰς
3237 5082 3450 5148 χεῖρας,
3507 5097 3738 5150 γυμναο

2153 5166 2252 5234 σίῳ
2285 5166 2532 5233 πρέπων,
2565 5169 2828 5236 ἀμίαντος
2873 5170 3088 5238 αἵματι,
3135 5167 3280 5239 εἶχεν
3312 5171 3446 5222 ὡσεὶ
3485 5174 3581 5235 καὶ
3614 5175 3740 5226 κτί-

2150 5256 2240 5317 λος
2293 5257 2670 5326 ὲφεπομένους
2718 5263 2843 5322 τοὺς
2901 5261 3148 5324 ἅπαντας
3204 5263 3353 5329 παρά
3408 5279 3461 5313 τι
3520 5264 3736 5332 ὀλίγον.

2150 5343 2336 5399 Ἦσαν
2351 5347 2460 5415 γὰρ
2491 5349 2548 5400 ὲν
2570 5349 2810 5418 τοσούτῳ
2843 5349 3040 5418 πλήθει
3063 5352 3157 5403 καὶ
3177 5353 3484 5420 μεγάθυμοι
3509 5352 3738 5422 ἄνδρες,

2150 5438 2201 5491 οἳ
2238 5439 2334 5491 καὶ
2389 5441 2807 5503 ἀντισταθέντες
2838 5441 2894 5493 έν
2933 5441 3016 5510 τῷ
3066 5443 3156 5493 τὸν
3214 5444 3522 5512 στρατηγὸν
3557 5445 3740 5498 ἄνετα

2151 5528 2369 5582 διώκειν
2400 5531 2598 5584 ἑαυτὸν
2636 5534 2710 5595 εἰς
2735 5532 2938 5602 φυγὴν,
2965 5535 3013 5585 oi.
3047 5534 3156 5602 μὲν
3199 5533 3392 5585 ἔπεσον
3429 5537 3740 5604 μακαρίως

2154 5623 2247 5672 καὶ
2282 5621 2545 5687 εὐγενῶς,
2575 5623 2623 5674 οἱ
2653 5624 2709 5675 δὲ
2736 5626 2959 5691 γενναῖα
2993 5624 3306 5692 δράσαντες
3336 5623 3736 5691 ὲνδεδὼκασιν,

2152 5715 2289 5766 ὃπου
2319 5729 2382 5779 γε
2421 5715 2513 5767 καὶ
2539 5715 2598 5768 τδ
2624 5715 2917 5784 πολεμικὸν
2949 5720 3126 5771 ἐκεῖνο
3149 5719 3300 5786 δόρυ.
3324 5717 3432 5770 Kal
3467 5716 3518 5768 οἱ
3559 5735 3741 5772 συνα-
