3930 6232
392 328 466 390 95
1138 314 1555 381 EUSTATHII
1586 305 2030 372 THESSALON
2042 305 2341 368 ICENSIS
2377 305 2936 367 METROPOLITE
3582 303 3650 366 96

400 443 502 498 bus
531 438 649 491 loca
683 433 862 490 vicina
897 432 1141 488 civitatis
1178 429 1358 484 omnis
1403 425 1622 504 generis
1661 420 1970 478 seminibus

2096 421 2211 489 ἱπλη
2229 422 2323 474 θον
2349 421 2631 490 σπορίμων
2660 418 3043 485 παντοδαπῶν,
3063 411 3142 480 οἷς
3165 417 3444 488 χαίρουσιν
3471 417 3522 471 οἱ
3543 419 3654 471 τῶν

396 530 621 596 impleta
653 533 831 591 erant,
860 525 1065 594 quibus
1106 523 1446 577 delectamur
1487 516 1734 582 quaedam
1759 529 1824 568 ex
1855 511 1970 565 avi-

400 622 506 675 bus
562 619 857 689 (barbarus
908 616 1122 672 scilicet
1171 627 1280 666 non
1329 610 1449 664 sine
1476 609 1666 677 rapina
1693 615 1748 659 et
1790 613 1976 658 vasta-

403 711 553 764 tione
576 709 770 776 vivit);
801 722 900 762 nec
947 719 1186 774 unquam
1218 699 1504 756 descendit
1529 696 1788 752 volucris.
1821 693 1977 759 Quod

404 817 536 856 vero
570 817 690 855 esse
722 798 1028 853 mirabilius
1053 805 1208 865 puto,
1231 794 1286 848 id
1311 801 1417 857 est,
1441 791 1585 860 quod
1608 790 1790 859 pluvia
1813 787 1978 840 vehe-

409 900 620 943 menter
680 889 854 956 lapsa,
905 901 968 940 ex
1020 885 1129 938 illis
1185 883 1594 950 dissipaverunt
1636 879 1844 942 hostes,
1880 875 1980 929 tol-

402 983 578 1034 lentes
606 979 852 1048 quidem,
889 978 1019 1030 huic
1044 989 1172 1031 vero
1194 973 1427 1042 pulchro
1451 969 1732 1025 territorio
1763 966 1977 1022 semina

405 1089 515 1125 non
560 1070 1007 1133 committentes;
1042 1082 1106 1120 ex
1154 1064 1446 1118 frumentis
1484 1062 1612 1115 item
1643 1057 1978 1112 abundantia

409 1171 465 1215 et
499 1158 875 1229 magnitudine
924 1155 1265 1224 insignibus,
1299 1151 1510 1206 nullum
1538 1147 1740 1202 animal
1771 1144 1977 1216 aliquid

408 1251 669 1320 gustavit,
709 1249 803 1303 sed
852 1247 1162 1316 eligendum
1208 1243 1285 1298 illi
1327 1250 1446 1299 erat
1477 1240 1702 1310 pulvere
1741 1245 1835 1292 aut
1870 1237 1976 1290 ali-

408 1357 518 1410 quo
573 1343 818 1410 germine
854 1338 1024 1401 vesci,
1067 1337 1152 1390 vel
1184 1334 1350 1388 variis
1383 1331 1586 1403 plantis
1619 1329 1818 1398 quibus
1843 1327 1982 1381 vici-

407 1433 633 1483 nitatem
681 1427 1218 1489 contaminaverunt,
1273 1438 1370 1478 seu
1425 1419 1602 1490 quod,
1669 1421 1830 1488 juxta
1884 1431 1980 1470 eos

405 1523 496 1588 qui
531 1519 867 1582 habitabant,
895 1526 955 1572 ut
976 1515 1116 1570 fama
1143 1522 1248 1578 est,
1279 1529 1404 1568 cum
1436 1513 1661 1581 antiquo
1699 1507 1978 1571 Diomede,

406 1609 680 1663 Barbaros
707 1615 761 1661 et
783 1607 882 1674 ipsi
897 1606 1147 1669 oderant,
1173 1610 1360 1670 utpote
1398 1601 1505 1655 illis
1532 1615 1641 1654 non
1665 1597 1981 1653 assuefacti.

477 1703 568 1755 88.
622 1700 743 1754 Haec
788 1709 973 1753 autem
1032 1705 1088 1751 et
1146 1696 1255 1749 alia
1315 1691 1632 1762 hujusmodi
1691 1706 1801 1745 non
1853 1695 1985 1743 sunt

2079 513 2308 582 ὀρνίθων
2353 512 2736 582 οπερμοφάγοι
2787 512 2868 581 (τὸ
2923 510 3192 581 βάρϐαρον
3233 511 3340 579 γὰρ
3371 513 3469 564 οὐκ
3510 512 3652 564 ἀνίει

2065 606 2331 674 ’ἀρπάζον
2347 606 2440 658 καὶ
2458 604 2829 674 κατακενοῦν)·
2850 605 2994 674 δρνις
3014 603 3068 656 δέ
3086 603 3249 654 ποθεν
3265 605 3324 654 οὐ
3344 605 3650 657 κατέϐαινε.

2083 699 2286 750 Τούτου
2338 696 2420 762 δέ,
2468 692 2644 766 οἶμαι,
2696 696 3006 763 καινότερον
3039 697 3216 748 ἐκεῖνο
3271 691 3358 765 ἦν,
3394 697 3475 748 ὅτι
3524 711 3653 762 περ.

2083 788 2241 842 ὑετοῦ
2271 789 2730 860 καταρραγέντος,
2761 791 2856 841 καὶ
2888 786 2948 851 ἐξ
2993 781 3066 841 ὧν
3098 788 3148 839 oi
3187 787 3371 857 ἐχθροὶ
3397 787 3656 857 ἐσκόρπι-

2073 880 2196 944 ζον,
2239 878 2502 949 ἀροῦντες
2554 878 2675 946 μὲν,
2712 877 2906 930 οὔκουν
2952 879 3266 948 σπείροντες
3307 879 3364 931 δέ
3397 879 3458 930 τδ
3483 877 3654 930 καλὸν

2081 970 2203 1024 ὅλον
2247 971 2404 1036 ἄστυ,
2453 970 2621 1039 ληῖων
2661 969 2847 1040 ὥσπερ
2896 970 3246 1037 ἀναφυέντων
3287 971 3514 1038 συχνῶν,
3562 970 3656 1022 καὶ

2083 1065 2162 1126 είς
2198 1067 2370 1134 μῆκος
2397 1063 2825 1125 ἐπιδεδωκότων,
2850 1063 3002 1116 οὐδὲν
3034 1061 3174 1127 ζῶον
3203 1063 3488 1130 ποηφάγον
3512 1063 3657 1114 ἐκεῖ·

2082 1154 2174 1207 θεν
2209 1154 2464 1224 ἐκέρδανὲ
2491 1171 2564 1217 τι,
2598 1155 2714 1206 ἀλλ’
2744 1149 2886 1224 εἶχεν
2933 1155 3164 1225 αἵρεσιν,
3197 1155 3395 1215 κόνεως
3427 1155 3660 1223 ἐρέπτε-

2085 1246 2233 1311 σθαι,
2255 1247 2400 1316 ἥπερ
2431 1247 2493 1297 ἐκ
2517 1246 2624 1298 τῶν
2648 1245 3096 1316 βεϐλαστηκότων
3118 1248 3330 1314 φαγεῖν
3354 1247 3428 1306 ὡς
3474 1245 3507 1312 ἢ
3552 1263 3657 1298 πε-

2084 1337 2520 1407 φαρμαγμένων,
2549 1333 2632 1401 οἷς
2673 1338 2732 1390 τὸ
2761 1339 3018 1408 περιέχον
3060 1339 3342 1407 μεμίαντο,
3391 1335 3424 1406 ἢ
3453 1337 3546 1390 καὶ
3572 1337 3656 1389 ὅτι

2084 1429 2224 1482 κατὰ
2248 1429 2372 1492 τοὺς
2403 1427 2804 1499 ᾠκειωμένους,
2834 1430 2909 1492 ὡς
2938 1429 3116 1497 λόγος,
3152 1427 3228 1498 τῷ
3258 1427 3423 1480 πάλαι
3453 1429 3659 1496 Διομή-

2083 1520 2162 1572 δει
2195 1519 2514 1587 συνεμίσουν
2553 1519 2613 1572 τὸ
2645 1517 2924 1590 βάρϐαρον
2964 1520 3060 1574 καὶ
3090 1519 3266 1585 αὐτοὶ,
3299 1514 3386 1571 οἷα
3427 1519 3503 1588 μὴ
3533 1519 3663 1571 ἐθά-

2084 1610 2172 1674 δες
2195 1609 2442 1663 ἐκείνων.

2159 1697 2272 1767 πη’.
2311 1700 2421 1752 Καὶ
2449 1698 2694 1753 τοιοῦτον
2741 1698 2843 1768 μὲν
2875 1699 2970 1750 καὶ
2997 1698 3176 1764 τοῦτο,
3207 1697 3556 1768 Μραρριφὲν
3595 1697 3658 1748 οὐ

408 1791 701 1861 rejicienda
747 1801 801 1844 ut
847 1787 1124 1858 superﬂua
1155 1801 1218 1841 ex
1259 1783 1516 1839 historia.
1548 1783 1754 1836 Civitas
1795 1781 1982 1850 igitur,

2096 1790 2355 1860 περιττῶς
2385 1791 2464 1853 είς
2497 1791 2848 1860 συγγραφήν.
2893 1787 2956 1840 Ἦ
2986 1789 3043 1842 δέ
3086 1788 3258 1850 πόλις,
3288 1787 3658 1856 είσπτβησάν-

409 1881 726 1936 conculcata
758 1881 837 1934 sic
862 1880 930 1933 ab
959 1877 1314 1940 adversariis,
1347 1885 1506 1944 passa
1539 1880 1623 1927 est
1650 1885 1811 1926 omne
1840 1868 1982 1938 quod

407 1973 637 2027 inhaeret
670 1971 832 2025 bello.
881 1968 1062 2024 Nostri
1107 1973 1314 2031 autem,
1349 1980 1461 2019 non
1505 1979 1666 2027 unus,
1699 1971 1792 2016 aut
1820 1961 1984 2025 alter,

409 2066 506 2118 sed
552 2079 762 2128 omnes,
799 2076 909 2116 non
953 2059 1421 2128 retrospicientes,
1455 2056 1735 2126 fugerunt,
1766 2068 1826 2109 se
1852 2053 1986 2108 sub-

410 2156 660 2210 ducendo
714 2152 866 2207 brevi
911 2165 1167 2214 numero,
1221 2159 1280 2203 ut
1327 2147 1597 2212 diximus,
1653 2145 1798 2200 inter
1845 2157 1987 2212 quos

414 2247 622 2308 Boleas,
642 2257 784 2298 unus
814 2257 881 2296 ex
902 2240 1094 2295 ordine
1115 2238 1518 2300 ecclesiastico,
1544 2235 1662 2304 qui,
1692 2248 1860 2304 prope
1886 2233 1988 2286 tri-

412 2336 558 2404 ginta
588 2331 768 2387 sccuri
787 2330 1018 2395 necatis,
1052 2329 1175 2384 aliis
1202 2341 1334 2382 vero
1365 2325 1472 2381 alio
1492 2324 1659 2380 modo
1685 2323 1796 2377 vita
1825 2321 1988 2375 orba-

415 2431 507 2491 tis,
538 2438 735 2496 magno
766 2423 1007 2478 hostium
1042 2430 1239 2475 conatu
1295 2426 1525 2473 matrem
1574 2429 1729 2471 suam
1781 2423 1987 2468 terram

414 2518 694 2573 osculatus
733 2525 837 2571 est.
888 2512 1002 2568 l‘luc
1052 2521 1138 2567 est
1170 2506 1721 2578 etiam,turpitudini
1771 2503 1986 2568 Davidi,

415 2609 530 2677 qui,
565 2615 854 2678 postquam
882 2604 1129 2673 jurasset
1169 2599 1290 2655 fore
1333 2610 1615 2666 nunquam
1647 2606 1708 2649 ut
1741 2592 1980 2662 fugeret,

417 2702 510 2758 sed
565 2699 747 2770 potius
794 2697 998 2766 periret
1029 2691 1213 2762 gladio
1264 2705 1387 2756 suo,
1423 2686 1620 2745 deinde
1668 2685 1831 2741 saluti
1861 2683 1986 2754 fuga

417 2791 713 2857 consuluit,
745 2787 1014 2857 sanguine
1046 2783 1531 2839 incontaminatus.

481 2885 572 2940 89.
606 2883 754 2950 Fuga
778 2895 908 2935 vero
951 2887 1138 2932 nostra
1165 2876 1325 2930 modo
1359 2881 1656 2928 memorata
1701 2885 1813 2926 non
1841 2870 1991 2923 inor-

417 2978 600 3030 dinata
635 2973 772 3038 fuit;
825 2971 922 3026 sed
973 2970 1080 3023 fuit
1128 2983 1196 3022 ex
1245 2974 1517 3037 potestate
1563 2964 1783 3035 politica
1825 2961 1986 3033 primi

419 3066 598 3131 ducis,
629 3065 772 3120 sicut
818 3063 934 3132 jam
976 3060 1253 3123 diximus;
1303 3056 1421 3126 qui,
1477 3055 1525 3111 si
1579 3054 1772 3109 faciem
1829 3067 1988 3107 suam

2085 1899 2195 1935 των
2234 1881 2340 1934 τῶν
2376 1881 2714 1950 ἀντιμάχων,
2737 1881 2994 1951 ἔπασχεν,
3020 1882 3120 1933 ὅσα
3149 1881 3292 1948 φιλεῖ
3317 1881 3447 1949 δρᾷν
3466 1880 3659 1948 ἄγριος

2086 1974 2340 2044 πόλεμος.
2373 1975 2484 2028 Καὶ
2529 1974 2578 2026 oi
2617 1974 2714 2044 μὲν
2773 1975 3053 2043 ἡμέτεροι,
3085 1973 3184 2043 οὐχ
3222 1973 3250 2024 ό
3283 1972 3401 2040 μὲν,
3438 1974 3465 2024 ὁ
3493 1972 3538 2024 δ’
3569 1969 3660 2037 οὒ,

2084 2067 2221 2120 ἀλλὰ
2241 2067 2438 2129 πάντες
2463 2064 2695 2135 ἔφευγον
2713 2066 3125 2135 ἀμεταστρεπτὶ
3161 2065 3282 2117 καθ’
3307 2065 3662 2134 ὑπεξαίρεσιν

2087 2158 2471 2228 εὖαριθμήτων
2499 2173 2688 2223 τινων,
2712 2158 2850 2227 ὅπερ
2876 2155 3105 2226 ἔφαμεν·
3137 2157 3194 2208 ἐν
3227 2149 3308 2218 οἷς
3337 2155 3428 2206 καί
3453 2172 3532 2217 τις
3564 2154 3662 2207 Βο-

2085 2247 2210 2309 λέας
2239 2246 2348 2299 τῶν
2377 2247 2477 2315 τῆς
2505 2248 2962 2317 ἐκκλησιαστικῆς
2996 2246 3290 2311 ξυνοικίας,
3318 2246 3376 2308 ὃς
3405 2246 3572 2312 ἐγγὺς
3599 2247 3660 2308 ἐς

2086 2341 2380 2408 τριάκοντα
2402 2341 2527 2402 τοὺς
2552 2341 2650 2409 μὲν
2673 2339 2828 2410 ἀξίνῃ
2853 2339 3094 2408 δικάσας.
3122 2338 3246 2400 τοὺς
3275 2338 3332 2390 δὲ
3358 2339 3451 2390 καὶ
3482 2337 3660 2398 ἄλλως

2087 2433 2166 2496 είς
2189 2432 2249 2484 τὸ
2279 2431 2379 2502 ζῇν
2408 2431 2716 2501 ἁχρειὼσας
2748 2431 2920 2501 πολλῇ
2958 2431 3166 2500 σπουδῇ
3196 2427 3307 2480 τῶν
3353 2429 3659 2496 πολεμίων,

2087 2522 2186 2594 τὴν
2216 2523 2428 2595 μητέρα
2461 2524 2566 2592 γῆν
2604 2523 2912 2592 ἠσπάσατο.
2956 2520 3205 2591 Δίσχύνη
3249 2521 3345 2573 καὶ
3386 2519 3517 2572 αὐτὸ
3560 2520 3659 2571 τοῦ

2088 2613 2272 2676 Δαυῒδ,
2314 2614 2373 2676 ὃς
2415 2613 2491 2683 μὴ
2525 2613 2596 2667 ἄν
2630 2628 2762 2665 ποτε
2796 2612 2987 2680 φυγεῖν
3013 2611 3286 2680 ἀπομνὺς,
3315 2607 3428 2660 ἀλλ’
3456 2608 3550 2661 ἐπὶ
3583 2606 3664 2675 τῷ

2088 2705 2254 2759 αὐτοῦ
2281 2704 2421 2773 ξίφει
2449 2706 2660 2770 πεσεῖν,
2695 2698 2815 2757 εἶτα
2854 2702 3237 2773 προύτράπετο
3271 2699 3534 2770 σωθῆναι,
3567 2699 3663 2750 λύ-

2089 2795 2204 2866 θρῳ
2225 2795 2516 2865 ἄχραντος.

2158 2886 2267 2941 πθ¹.
2284 2889 2390 2939 Καὶ
2408 2882 2477 2957 ἦν
2489 2888 2523 2956 ἡ
2540 2884 3004 2958 καθιπορουμένη
3023 2882 3168 2954 φυγὴ
3185 2882 3282 2936 οὑκ
3305 2881 3664 2946 ἀσύντακτος,

2090 2977 2203 3031 ἀλλ’
2233 2978 2474 3042 ἐνδόντος
2509 2978 2704 3048 ἀρχὰς,
2744 2976 2817 3037 ὡς
2885 2974 3315 3046 προεκτέθειται,
3361 2971 3457 3025 τοῦ
3502 2990 3668 3043 κορυ-

2097 3069 2258 3138 φαίου
2284 3067 2611 3138 στρατηγοῦο
2634 3067 2713 3132 ὃς,
2739 3067 2894 3136 εῐπερ
2925 3065 3093 3130 ἔδειξε
3121 3064 3308 3134 πρόσω
3319 3079 3414 3116 πον
3437 3065 3550 3126 τοῖς
3573 3065 3661 3132 ἐχ·

421 3158 672 3212 hostibus
691 3153 1046 3218 ostendisset,
1071 3159 1236 3220 prout
1260 3149 1413 3202 illum
1439 3147 1806 3202 hortabantur
1832 3144 1987 3198 nobi-

2097 3159 2264 3227 θροίς,
2299 3159 2373 3219 ὡς
2422 3159 2793 3211 ἐνεκελεύοντο
2838 3157 2886 3210 oi
2929 3156 3038 3209 τῶν
3067 3154 3490 3224 συμφευγόντων
3537 3171 3668 3221 γενο

419 3251 613 3305 lissitni
659 3262 783 3302 cum
829 3246 922 3299 illo
972 3243 1268 3314 fugientes,
1314 3242 1426 3295 cito
1483 3240 1702 3309 plagam
1748 3236 1988 3292 civitatis

421 3348 692 3395 curasset.
711 3337 904 3391 Milites
929 3335 1132 3405 quippe
1151 3331 1368 3388 hostilis
1397 3329 1634 3402 agminis
1652 3336 1808 3382 erant
1835 3326 1986 3392 fessi,

421 3432 691 3501 fugientes
724 3424 1206 3498 apprehendendo,
1253 3422 1604 3494 pradamque
1647 3418 1894 3476 ferendo.
1928 3419 1986 3472 In

423 3524 510 3579 his
543 3538 679 3592 opus
704 3528 823 3576 erat
852 3519 1076 3574 homine
1114 3515 1350 3585 quodam
1383 3514 1534 3570 salvo
1559 3521 1614 3568 et
1643 3511 1853 3580 integro
1895 3508 1988 3579 qui

423 3616 658 3684 desuper
703 3613 1184 3666 animadvertisset
1233 3621 1298 3662 ac
1339 3605 1723 3676 significasset,
1757 3601 1989 3656 telorum

422 3706 820 3762 vehementiam
855 3703 967 3758 Deo
1018 3699 1362 3757 retundente.
1396 3696 1571 3751 Homo
1601 3694 1750 3750 enim
1780 3693 1868 3748 his
1902 3705 1992 3746 ca-

423 3796 760 3850 lamitatibus
817 3793 1125 3857 intricatus,
1157 3804 1221 3844 ac
1267 3789 1334 3844 de
1377 3786 1670 3855 semetipso
1720 3781 1993 3854 praecipue

423 3889 692 3959 cogitans,
725 3883 909 3939 omnia
958 3891 1219 3938 accurate
1249 3878 1601 3936 conscribere
1627 3891 1738 3931 non
1767 3875 1989 3946 poterit,

425 3988 623 4048 prtt'ter
666 3991 788 4046 qua:
842 3984 972 4030 sunt
1007 3974 1242 4028 maxime
1285 3977 1596 4042 opportuna
1641 3983 1709 4024 ex
1743 3966 1829 4023 his
1873 3979 1993 4036 quae

425 4069 638 4131 didicit,
673 4065 982 4136 quibusque
1009 4063 1194 4118 multis
1221 4062 1398 4116 modis
1429 4059 1704 4114 immistus
1733 4066 1838 4114 est.

496 4159 587 4214 90.
610 4156 718 4212 Nos
757 4156 922 4226 igitur
947 4168 1070 4208 cum
1111 4153 1179 4207 de
1205 4165 1331 4206 arce
1369 4148 1872 4218 desperavissemus
1920 4145 1992 4202 ob

427 4251 696 4308 defectum
715 4262 868 4319 aqua:
888 4247 1045 4316 cujus
1075 4245 1183 4299 dux
1206 4242 1507 4298 conductor
1529 4239 1708 4295 factus
1728 4247 1814 4294 est
1829 4245 1994 4308 atque

427 4342 799 4399 necessariam
824 4337 1238 4409 supellectilem,
1255 4350 1320 4389 eo
1339 4333 1486 4405 quod
1501 4331 1569 4387 de
1589 4332 1682 4385 illa
1702 4327 1992 4385 dividenda

427 4432 862 4505 providissemus
906 4429 1048 4484 inter
1078 4442 1178 4481 nos
1209 4433 1264 4479 et
1287 4438 1384 4480 eos
1410 4421 1504 4493 qui
1532 4423 1680 4477 circa
1719 4435 1818 4476 nos
1839 4426 1991 4482 sunt,

2096 3250 2385 3319 ναιότεροι,
2404 3248 2735 3302 ουνούλωσεν
2758 3247 2824 3301 ἂν
2841 3246 2975 3318 ταχὺ
2993 3246 3054 3298 τὸ
3068 3246 3288 3316 τραῦμα
3313 3245 3414 3314 τῆς
3431 3245 3663 3309 πόλεως.

2097 3343 2160 3394 Ol
2186 3341 2243 3394 δέ
2271 3339 2367 3394 τοῦ
2399 3340 2658 3410 πολεμίου
2691 3322 2914 3407 στίφους
2945 3338 3205 3408 ἔκαμνον,
3244 3337 3338 3390 καὶ
3377 3338 3668 3405 ῥίπτοντες

2095 3437 2220 3497 τοὺς
2248 3433 2573 3501 φεύγοντας.
2614 3433 2709 3486 καὶ
2739 3431 3058 3500 σαττόμενοι
3089 3432 3328 3499 λάφυρα.
3358 3431 3467 3482 Καὶ
3495 3430 3667 3500 ἐχρῆν

2101 3527 2200 3596 μὲν
2220 3527 2277 3578 ἐν
2301 3525 2510 3587 τούτοις
2541 3523 2773 3593 ἄϐλητόν
2793 3541 2916 3577 τινα
2937 3521 3028 3575 καὶ
3055 3522 3347 3575 ἀνούτατον
3368 3522 3430 3572 ἐκ
3465 3520 3670 3590 μετεώ-

2101 3633 2196 3686 ρου
2231 3615 2396 3669 ποθὲν
2419 3615 2518 3686 τὴν
2572 3616 2756 3685 μάχην
2783 3614 3137 3677 σκέπτεσθαι,
3171 3614 3267 3665 καὶ
3302 3612 3668 3683 παρασημαίυ

2097 3707 2302 3774 νεσθαι,
2323 3705 2413 3760 τοῦ
2434 3707 2569 3761 Θεοῦ
2608 3706 2805 3776 βελέων
2828 3706 3163 3777 ἀπερυκότος
3185 3705 3382 3774 ἐρωήν.
3416 3703 3670 3770 Ἀνθρω-

2099 3816 2199 3862 πος
2224 3799 2332 3868 γὰρ
2371 3797 2603 3861 ἐνδεθεὶς
2637 3795 2860 3864 τοιούτῳ
2883 3794 3062 3865 κακῷ,
3108 3794 3244 3865 πρὸς
3287 3792 3463 3861 ἐαυτῷ
3489 3792 3671 3860 ταμὰ-

2098 3890 2256 3943 λιστα
2281 3891 2371 3942 τὸν
2397 3887 2522 3941 νοῦν
2545 3887 2704 3956 ἔχων,
2753 3887 2855 3939 οὐκ
2883 3886 2950 3939 ἂν
2982 3884 3140 3953 σχοίη
3180 3882 3421 3953 ἀκριϐῶς
3467 3882 3528 3934 τὸ
3556 3883 3669 3934 πᾶν

2101 3981 2541 4051 συγγράψασθαι,
2561 3979 2700 4050 πλὴν
2716 3979 2796 4040 είς
2815 3978 2913 4030 ὅσα
2937 3976 3004 4029 τὰ
3032 3976 3246 4045 καίρια,
3283 3969 3357 4027 ὢν
3380 3990 3437 4026 τε
3463 3973 3663 4042 ἔμαθε,

2100 4075 2196 4127 καὶ
2228 4067 2310 4133 οἷς
2338 4071 2500 4133 αὐτὸς
2537 4068 2888 4138 πολυτρόπως
2919 4064 3237 4132 ἐπέστησεν.

2172 4161 2242 4230 ιζ.
2281 4162 2471 4231 Ἦμεῐς
2495 4156 2588 4214 οὖν
2613 4159 2711 4228 τῆς
2740 4157 2839 4228 μέν
2861 4155 3208 4226 ἀκροπόλεως
3233 4155 3557 4221 ἀπογνόντες
3579 4152 3670 4206 διὰ

2101 4253 2199 4323 τὴν
2229 4251 2326 4304 τοῦ
2368 4252 2544 4303 ἐκεῖσε
2577 4249 2767 4311 ὓδατος
2802 4247 3089 4317 ἐκδημίαν,
3119 4240 3187 4318 ἧς
3224 4245 3414 4314 όδηγὸς
3445 4246 3473 4297 ὁ
3505 4260 3673 4314 στρα-

2103 4345 2268 4416 τηγὸς
2309 4343 2523 4410 γέγονε,
2575 4342 2670 4393 καὶ
2711 4339 2810 4410 τὴν
2856 4338 3164 4406 ἀναγκαίαν
3217 4336 3555 4404 ἀποσκευὴν,
3601 4337 3670 4406 ἢν

2103 4432 2634 4506 προεμηθευσάμεθα
2654 4431 2810 4502 ἡμῶν
2826 4446 2884 4482 τε
2903 4427 3082 4482 αὐτῶν
3100 4428 3262 4498 χάριν
3289 4429 3385 4479 καὶ
3413 4426 3523 4478 τῶν
3540 4426 3672 4494 περὶ

429 4490 488 4582 ut
509 4529 621 4598 jam
649 4527 852 4582 dictum
881 4533 984 4586 εει,
1008 4521 1156 4575 nullo
1206 4517 1366 4572 modo
1407 4490 1733 4571 curabamus
1761 4513 1830 4568 de
1865 4512 1987 4582 fuga

2098 4490 2708 4598 ﬁp&;.6iavstpdpevot,
2738 4523 2814 4584 ὡς
2853 4522 2951 4573 καὶ
2980 4490 3430 4590 προπεφρασται,
3470 4490 3672 4585 μερίμ-

394 4651 397 4655 ι
431 4622 486 4674 in
508 4627 754 4675 sanctum
779 4606 1181 4686 Myroblytaﬂ)
1205 4608 1514 4677 sepulcrum
1537 4618 1639 4658 nec
1660 4603 1715 4657 in
1749 4601 1856 4656 alia
1873 4601 1993 4655 loca

431 4726 588 4767 sacra
623 4712 754 4780 (non
788 4706 934 4763 enim
966 4704 1169 4758 latebat
1196 4714 1318 4766 nos,
1340 4696 1618 4769 quomodo
1645 4710 1714 4750 ex
1739 4693 1995 4749 omnibus

386 4764 404 4890 ἐ
432 4803 528 4873 qui
559 4764 736 4855 in‘illa
767 4797 1151 4867 confugerant,
1186 4764 1373 4848 multis
1416 4792 1525 4844 vita
1571 4797 1758 4856 erepta
1799 4786 1996 4840 fuisset

390 4881 403 4908 ⁵
435 4893 751 4948 vulneribus
801 4907 866 4946 ac
913 4885 1318 4954 suffocatione),
1371 4881 1630 4950 domique
1675 4884 1994 4941 manentes,

427 4967 721 5040 'Psalmtsta
764 4983 858 5053 qui
893 4989 1080 5036 cantat
1119 4997 1139 5030 ι
1176 4977 1422 5029 viventes
1467 4981 1656 5028 sancto
1701 4972 1933 5035 servire,
1970 4985 1989 5019 ι

437 5086 686 5141 aspectus
713 5082 766 5127 et
793 5071 1012 5126 auditus
1036 5067 1302 5120 malorum
1330 5064 1450 5119 sine
1471 5076 1726 5129 numero,
1759 5060 1997 5115 admira-

437 5165 585 5218 tione
637 5179 736 5216 nos
794 5163 1044 5221 vincunt,
1102 5157 1376 5227 quomodo
1437 5153 1763 5217 restitimus,
1816 5159 1999 5204 extre-

440 5268 582 5305 lnam
628 5252 870 5313 barbam,
899 5257 957 5302 ut
977 5249 1148 5314 aiunt,
1180 5247 1458 5307 vellentes,
1491 5242 1839 5312 procedimus
1861 5239 2001 5293 inter

439 5342 583 5397 inille
638 5341 845 5410 gladios
909 5339 1187 5394 districtos
1242 5333 1683 5403 crepitantesque
1743 5329 2002 5400 quemad-

437 5436 655 5490 modum
689 5447 911 5502 campus
978 5429 1145 5500 spicis
1211 5428 1499 5496 frequens;
1556 5422 1818 5493 propulsi,
1878 5437 2002 5490 per-

436 5526 583 5580 cussi
630 5523 844 5593 pugnis,
881 5518 1227 5576 contumeliis
1267 5515 1442 5570 affecti
1481 5515 1668 5582 quales
1700 5512 1872 5566 nescit
1907 5512 2001 5565 ho-

436 5617 640 5670 minum
690 5613 1172 5678 mos,salutarem
1245 5609 1552 5680 passionem
1617 5607 1728 5661 haec
1789 5604 2002 5675 judica-

502 5729 582 5798 (l)
623 5731 893 5786 Demetrii.

2097 4635 2194 4686 νης
2220 4617 2279 4670 δὲ
2309 4617 2527 4685 θέμενοι
2554 4613 2660 4677 ἔξω
2689 4612 2784 4665 καί⁸
2813 4610 2911 4681 τὴν
2943 4612 3019 4672 είς
3051 4610 3142 4663 τὸν
3174 4609 3329 4676 ἆγιον
3357 4607 3529 4674 τάφον
3574 4603 3669 4658 τοῦ

2094 4709 2450 4780 Μυροϐλύτου
2489 4702 2832 4774 καταφυγὴν,
2879 4701 2959 4754 ἔτι
2992 4703 3046 4754 δέ
3077 4701 3169 4754 καὶ
3189 4701 3286 4771 τὴν
3327 4700 3408 4760 εἰς
3449 4698 3672 4767 ἐτέρους

2097 4801 2272 4863 θείους
2301 4799 2462 4861 ναοὺς
2497 4796 2579 4868 (οὐ
2611 4797 2719 4865 γὰρ
2743 4793 3015 4864 δήπουθεν
3053 4791 3347 4844 ἐλάνθανεν
3385 4789 3556 4857 ἡμᾶς,
3596 4788 3671 4851 ὡς

2098 4893 2313 4946 πάντων
2349 4891 2458 4943 τῶν
2492 4887 2804 4958 φευγόντων
2835 4887 2894 4937 ἐν
2923 4887 3032 4947 τοῖς
3075 4882 3341 4942 τοιούτοις
3373 4879 3672 4950 ρυῖσκομέ-

2100 4999 2226 5046 νων,
2258 4981 2444 5033 πολλοὶ
2480 4976 2964 5050 παρασυρήσονται
2993 4975 3087 5027 τοῦ
3123 4974 3221 5042 ζῇν
3257 4972 3542 5040 ὠθισμοῖς,
3573 4971 3672 5022 καὶ

2099 5075 2210 5136 τοῖς
2240 5069 2491 5124 ἐντεῦθεν
2535 5068 2841 5138 πνιγμοῖς),
2884 5066 2978 5120 καὶ
3006 5063 3084 5134 τῷ
3130 5063 3264 5132 οἴκῳ
3296 5061 3671 5131 παραμείναν-

2097 5182 2212 5227 τες,
2241 5163 2300 5226 ὃς
2345 5160 2664 5231 περιᾴδεται
2708 5157 2888 5222 ζῶντα
2929 5152 3320 5225 ἐκθεραπεύειν
3349 5152 3440 5202 τὸν
3472 5151 3667 5217 ἅγιον,

2100 5253 2392 5308 καὶπολλὰ
2423 5254 2516 5304 καὶ
2549 5251 2720 5318 μυρία
2760 5251 2904 5301 κακὰ
2930 5248 3024 5299 καὶ
3067 5244 3386 5313 τεθεαμένοι
3420 5243 3516 5293 καὶ
3571 5259 3671 5292 πε-

2103 5343 2380 5403 πονθότες,
2411 5339 2495 5408 ἐφ’
2527 5336 2608 5400 οἷς
2640 5337 2826 5406 θαῦμα
2893 5337 3163 5406 περίεισιν
3193 5335 3364 5404 ἡμᾶς,
3394 5331 3543 5392 ὅπως
3580 5333 3677 5383 ἀν·-

2102 5435 2387 5502 τέσχομεν,
2416 5430 2565 5492 τέλος
2587 5429 2680 5480 τοῦ
2711 5428 2993 5495 πώγωνος,
3027 5428 3054 5479 ὅ
3081 5442 3264 5496 φασιν,
3292 5420 3672 5483 ἐλκυσθέντες,

2106 5523 2433 5594 ἀπηγόμεθα
2499 5520 2587 5572 διὰ
2633 5519 2802 5584 ξιφῶν
2851 5519 3056 5587 μυρίων
3102 5513 3530 5582 ἀνατεινομένων
3577 5517 3676 5563 καὶ

2107 5615 2442 5686 φρισσόντων
2462 5611 2504 5662 ὼ
2515 5613 2589 5662 se".
2609 5611 2704 5662 καὶ
2718 5610 2889 5679 λήϊον,
2908 5607 3330 5677 πεπυκνωμένον
3348 5600 3674 5670 ἀσταχύεσι·
