3950 6242
241 365 306 426 97
1035 359 1133 418 DE
1170 355 1738 418 TlIESSALONlCA
1781 355 1987 416 URBE
2021 355 2065 413 A
2097 352 2404 413 LATINIS
2443 349 2700 410 CAPTA.

3416 350 3490 412 98

247 480 335 531 καὶ
363 475 673 545 ὠθούμενοι
712 476 813 546 μὲν
859 475 953 528 καὶ
983 473 1438 542 κονδυλιζόμενοι,
1485 472 1580 524 καὶ
1623 470 1849 540 ὕϐρεις,

1959 481 2054 530 ius,
2083 477 2134 522 et
2167 476 2223 520 ut
2257 465 2310 518 in
2359 463 2478 518 istis
2523 463 2697 518 simus
2739 461 3134 531 supplicantes.
3168 459 3304 516 Cum
3358 477 3492 514 vero

245 569 299 620 οὑ
333 567 432 629 τὰς
462 569 519 618 ἐν
548 566 660 618 ἔθει
685 565 1070 634 μανθάνοντες,
1100 564 1368 632 μακάριον
1397 562 1458 614 τὸ
1477 562 1650 624 πάθος
1673 559 1819 629 ἐκρί-

245 676 432 727 νομεν,
463 657 758 727 εὐχόμενοι
791 658 848 708 ἐν
901 655 1168 718 τοιούτοις
1213 652 1373 708 εἶναι.
1436 652 1570 706 Ὅτε
1607 652 1665 705 δέ
1726 650 1819 703 καὶ

251 750 432 820 σπάθη
464 749 592 802 καθ’
618 747 780 819 ἡμῶν
827 747 1146 817 ἐγαυροῦτο,
1173 747 1267 799 καὶ
1311 745 1610 816 παραξιφὶς
1656 744 1822 795 ἐπλα-

248 840 460 908 γίαζεν,
499 839 578 901 ὡς
615 841 697 902 είς
740 837 1026 905 σπλάγχνα
1061 835 1327 906 βάψουσα,
1375 835 1468 888 καὶ
1509 833 1731 903 δοράτια
1755 831 1822 884 τὰ

254 933 350 1003 μὲν
397 932 577 997 ἐνθεν,
624 931 694 984 τά
737 929 783 983 δ’
836 929 1044 983 ἐκεῖθεν
1081 928 1190 982 τῶν
1239 927 1489 996 πλευρῶν
1534 925 1823 980 εὐθύνοντο

253 1022 650 1090 ἁπειλητικῶς,
702 1022 817 1075 ἀλλ’
867 1018 1102 1074 ἐνταῦθα
1133 1019 1288 1089 εὐχαὶ
1319 1020 1414 1072 καὶ
1462 1019 1622 1083 μόναι
1671 1016 1826 1070 ἀντέ-

253 1131 492 1184 πραττον
517 1112 722 1172 βύθιαι.
747 1113 1106 1188 Προενεγκεῖν
1125 1112 1234 1182 γὰρ
1251 1110 1420 1172 αὑτὰς
1443 1110 1556 1172 πῶς
1586 1125 1716 1160 ποτε
1732 1103 1820 1179 ἦν;

324 1205 437 1268 ια’.
482 1202 596 1254 Καὶ
640 1202 746 1263 ἓως
791 1200 888 1270 μὲν
935 1201 1030 1252 καὶ
1069 1199 1163 1252 τοῦ
1199 1197 1476 1250 πολιτικοῦ
1521 1197 1643 1250 καθ’
1680 1197 1824 1264 ἡμᾶς

257 1293 602 1362 ἱπποδρόμου
628 1291 848 1360 τοιαύτη
877 1290 1116 1352 διάθεσις
1143 1290 1289 1360 ἡμᾶς
1316 1286 1558 1341 εῦθυνεν.
1601 1287 1745 1339 Ἐκεῖ
1769 1286 1826 1339 δὲ

253 1385 345 1438 τὸν
380 1385 487 1454 ήδη
522 1384 863 1438 ἀποτεθέντα
893 1384 972 1442 εἰς
1001 1382 1224 1452 μνήμην
1258 1380 1520 1448 Σιφάντον
1551 1379 1824 1448 εὑρόντες,

256 1472 489 1526 εὔιππον
518 1472 811 1542 ἑστηκότα,
850 1471 988 1540 μετά
1009 1487 1070 1538 γε
1095 1471 1187 1523 καὶ
1212 1469 1306 1522 τοῦ
1330 1467 1706 1540 Μαυροζώμη.
1734 1466 1828 1520 καὶ

260 1568 655 1636 σκεπτόμενον,
682 1570 734 1620 τί
758 1567 825 1621 ἂν
853 1567 985 1629 ἕλοι,
1017 1564 1489 1636 μεθειλκύσθημεν
1518 1564 1610 1618 ὑπ’
1637 1563 1825 1627 αὐτοῦ,

258 1660 402 1728 λόγῳ
433 1659 537 1730 μὲν
559 1657 639 1728 τῷ
666 1658 740 1727 μὴ
773 1660 866 1710 ἐπὶ
895 1656 1056 1710 πλέον
1085 1655 1254 1711 κόπον
1282 1659 1429 1726 σχεῖν
1457 1657 1547 1709 τὸν
1581 1655 1831 1727 ἁρχιεπι-

260 1765 488 1812 σκοπον,
512 1748 732 1819 άληθῶς
757 1749 834 1813 δέ,
863 1747 950 1800 ἶνα
975 1746 1244 1817 δευτέρων
1272 1748 1529 1818 χειρόνων
1559 1745 1832 1817 πειρασώ-

1924 558 2175 612 acinaces
2227 555 2513 610 adversum
2565 567 2664 608 nos
2709 557 2925 608 saeviret
2980 553 3304 622 gladiusque
3375 565 3494 606 tru-

1923 647 2152 710 cidaret,
2187 646 2352 706 sicut
2388 645 2439 697 in
2497 643 2798 697 visceribus
2853 658 2912 696 se
2968 642 3271 708 abluentes,
3309 641 3491 712 jacula

1927 738 2053 792 hinc
2107 748 2160 790 et
2213 735 2366 790 illinc
2396 736 2657 787 adversus
2704 734 2870 786 latera
2904 733 3278 800 dirigebantur
3324 749 3498 786 mitia-

1927 830 2094 894 citer;
2129 839 2367 894 tutthne
2401 839 2590 892 preces
2631 833 2840 877 tantum
2873 824 3104 878 humiles
3140 826 3497 890 avertebant;

1925 929 1982 974 at
2014 919 2290 990 quomodo
2320 929 2449 971 tunc
2477 917 2757 984 deprecari
2786 916 3147 984 poteramus?

2003 1179 2090 1234 9i.
2133 1177 2199 1232 Et
2237 1180 2352 1234 hac
2382 1194 2556 1248 usque
2584 1181 2649 1232 ad
2686 1178 3108 1248 llippodromum
3143 1182 3502 1249 procedentes

1929 1268 2076 1339 passi
2112 1285 2325 1325 sumus.
2361 1269 2516 1325 Tunc
2569 1286 2694 1324 cum
2744 1272 3144 1327 invenissemus
3193 1289 3317 1326 cum
3353 1273 3505 1326 Man-

1930 1375 2153 1422 rozoma
2208 1361 2557 1431 Siphantum,
2609 1367 2703 1432 qui
2759 1361 2874 1433 jam
2935 1363 2986 1418 in
3045 1365 3364 1419 memoriam
3415 1381 3507 1418 re.

1932 1463 2161 1510 vocatus
2209 1464 2316 1521 est,
2379 1455 2431 1509 in
2509 1471 2651 1526 equo
2697 1467 2967 1522 stantem,
3044 1469 3207 1526 atque
3266 1461 3508 1512 circum-

1933 1546 2254 1614 spicientem
2309 1547 2441 1616 quid
2503 1546 2685 1602 facere
2747 1548 2991 1615 deberet,
3042 1549 3262 1602 abducti
3318 1563 3514 1603 sumus

1937 1638 2003 1691 ab
2035 1652 2118 1703 eo,
2155 1637 2319 1692 verbo
2362 1637 2582 1708 quidem
2626 1638 2755 1692 dato
2790 1653 2859 1693 ne
2901 1638 3350 1708 archiepiscopus
3393 1655 3511 1691 am-

1935 1728 2079 1797 plius
2124 1738 2422 1798 pateretur,
2479 1743 2667 1783 revera
2731 1737 2914 1783 autem
2957 1738 3015 1784 ut
3057 1744 3196 1783 nova
3229 1731 3510 1800 prioribus

264 1839 425 1910 μεθα.
463 1839 654 1910 Βραχὺ
691 1840 804 1909 γὰρ
857 1841 1036 1891 ἐκεῖσε
1082 1838 1151 1891 τὰ
1180 1837 1383 1906 γόνατα
1431 1838 1749 1908 κάμψαντες
1779 1837 1836 1891 ἒν

1959 1821 2124 1890 tejora
2168 1821 2566 1890 experiremur.
2604 1821 2761 1877 Brevi
2807 1823 2953 1887 enim
2999 1837 3175 1892 genua
3223 1822 3505 1877 ﬂectentes

262 1948 368 1984 τινι
399 1930 791 2003 μικροκαλύϐῃ
819 1932 916 1984 καὶ
937 1929 1102 2001 ξηροῦ
1135 1929 1302 2000 ἄρτου
1326 1930 1713 1992 ἁποδακόντες,
1748 1929 1834 1980 ἵνα

265 2021 456 2085 ὕδατος
488 2021 822 2092 ἐμπιὼμεθα
853 2018 943 2093 (ἦν
971 2021 1078 2090 γὰρ
1097 2023 1130 2091 ὴ
1155 2021 1351 2091 καρδία
1381 2021 1538 2091 ήμῶν
1571 2021 1837 2090 καιομένη

261 2117 318 2168 ἐν
347 2115 504 2185 ήμῖν,
533 2113 612 2176 ῶς
660 2114 756 2167 καὶ
796 2115 975 2166 πάντα
1020 2115 1088 2166 τὰ
1133 2113 1326 2181 ἐντὸς).
1360 2108 1477 2166 εἶτα
1509 2113 1650 2166 κατὰ
1674 2112 1838 2182 τιμήν

270 2207 508 2278 μυαρίου
539 2205 926 2268 κελευσθέντες
949 2205 1230 2272 ἐπιϐῆναι,
1252 2204 1352 2276 (μὴ
1380 2204 1488 2275 γὰρ
1513 2204 1574 2257 οὐ
1597 2204 1840 2256 τοιοῦτον

270 2303 448 2354 ἐκεῖνο
488 2301 552 2354 τὸ
611 2300 991 2370 ῖππαρίδιον;)
1031 2299 1348 2363 πεισθέντες
1374 2299 1452 2369 τῷ
1499 2299 1838 2364 ἐπιτάξαντι,

268 2392 360 2444 καὶ
397 2391 762 2454 ἀνατεθέντες
803 2393 879 2456 είς
910 2393 1108 2458 ἐκεῖνο,
1155 2392 1424 2462 ἠγόμεθα,
1469 2390 1601 2445 ἔνθα
1627 2391 1688 2445 τὺ
1716 2391 1844 2445 ναύ-

273 2483 537 2548 σταθμον,
578 2484 720 2552 μετὰ
763 2485 857 2538 καὶ
882 2482 1130 2553 γωρυτοῦ
1172 2483 1264 2536 καὶ
1303 2482 1601 2552 φαρέτρας,
1631 2483 1775 2551 ἅπερ
1805 2483 1839 2552 ή

272 2575 450 2638 σελλὶς
487 2575 645 2645 ἔτυχε
683 2576 944 2644 φέρουσα.

340 2665 448 2735 ῑιβ’.
487 2667 555 2718 Ὠ
590 2684 682 2734 μοι
713 2667 820 2720 τῶν
848 2667 1100 2722 ἐντεῦθεν
1125 2665 1342 2721 κακῶνῑ
1386 2665 1480 2729 Ὠς
1507 2667 1616 2737 γὰρ
1652 2667 1726 2737 μὴ
1750 2667 1846 2738 dp—

276 2757 556 2809 κεσάντων
591 2755 702 2810 τῶν
733 2757 965 2827 νεκρῶν,
995 2757 1064 2810 δι’
1094 2750 1171 2812 ὧν
1203 2755 1450 2820 πεζεύων
1483 2755 1691 2810 ῶδευσα
1725 2756 1848 2826 θερ-

282 2849 400 2916 μοῖς
427 2845 771 2916 ἀτμιξόντων
789 2847 1008 2918 αἵμασι,
1025 2848 1113 2901 διὰ
1137 2847 1369 2918 σωρείας
1389 2847 1592 2916 ἐτέρων
1613 2848 1846 2918 ἱππότης

277 2939 652 3010 περιηγόμην,
679 2933 755 2992 ὧν
778 2940 828 2992 οῖ
878 2938 1096 3002 πλείους
1139 2938 1583 3011 κατεστρωμένοι
1623 2941 1728 3008 πρὸ
1753 2938 1845 2992 τοῦ

279 3029 491 3099 τείχους
523 3031 740 3084 ἔκειντο
773 3031 915 3085 οὕτω
949 3031 1390 3101 πεπυκνωμένοι,
1416 3030 1491 3094 ὡς
1519 3031 1581 3084 τὸ
1610 3031 1848 3086 ίππίδιον

280 3117 313 3186 ή
349 3119 426 3189 μὴ
448 3120 618 3189 ἐχειν,
637 3121 759 3174 ὅποι
791 3121 896 3189 γῆς
915 3120 1071 3190 θήσει
1093 3120 1253 3182 πόδα,
1278 3119 1310 3190 ἢ
1341 3119 1477 3173 ἀλλὰ
1509 3119 1710 3188 μεταξὺ
1737 3119 1849 3173 τῶν
1873 3135 1890 3190 ς

1871 3176 1917 3240 C
1949 3185 2033 3240 vel
2061 3195 2173 3242 tres
2236 3194 2484 3241 mortuos
2536 3184 2784 3240 haberet.
2829 3184 3070 3238 Diﬂicilis
3119 3183 3244 3256 {riga
3281 3201 3313 3240 e
3363 3189 3535 3256 portis

280 3225 336 3262 τε
371 3211 656 3282 προσθίων
701 3212 878 3266 ποδῶν
906 3211 1000 3265 δύο
1026 3212 1057 3283 ἥ
1102 3213 1250 3284 τρεῖς
1280 3210 1428 3282 ἔχειν
1455 3211 1847 3280 ὑποκειμένους

281 3304 530 3372 νεκρούς.
556 3303 671 3372 Τῆς
697 3303 754 3356 δέ
777 3303 1064 3380 δυσκολίας
1094 3305 1195 3372 τῆς
1228 3303 1338 3356 τῶν
1370 3302 1556 3357 πυλῶν
1581 3302 1758 3367 ἐξόδου
1789 3305 1848 3357 ἐν

281 3391 420 3447 οῦτω
445 3394 670 3464 μυρίοις
706 3393 1156 3465 Ἀγριολατίνοις,
1182 3395 1275 3448 καὶ
1295 3394 1397 3448 ὅσα
1417 3393 1474 3447 δὲ
1504 3393 1609 3457 ἔξω
1630 3393 1737 3456 ἕως
1756 3395 1851 3450 καὶ

283 3489 357 3550 είς
380 3489 510 3552 τοὺς
538 3487 792 3557 λιμένας,
823 3485 936 3555 ἐγὼ
967 3487 1066 3555 μέν
1095 3485 1392 3555 ἐδάκρυσα,
1431 3484 1526 3539 καὶ
1555 3485 1606 3538 oi
1631 3484 1856 3555 βλέπον-

283 3594 369 3641 τες
397 3579 741 3648 Χριστιανοί.
773 3577 890 3633 Οὐκ
926 3576 992 3630 ἂν
1022 3577 1078 3630 δὲ
1111 3575 1252 3630 αὐτὰ
1280 3575 1608 3644 ἐκθήσομαι,
1643 3574 1729 3629 ῐνα
1753 3575 1849 3646 μὴ,

285 3671 340 3721 ἐν
368 3664 448 3732 οἷς
476 3668 792 3738 ἐπιτέμνειν
821 3666 1010 3732 ἐθέλω,
1040 3665 1431 3737 περιττολογῶ.

358 3764 471 3827 ια’.
503 3757 694 3812 Ταῦτα
723 3759 818 3812 καὶ
853 3757 1016 3828 μόνον
1049 3755 1516 3826 κεφαλαιῶσομαι,
1548 3755 1631 3809 ὅτι
1662 3754 1858 3808 τέσσα-

295 3866 390 3917 ρας
409 3849 688 3920 χρυσίνων
705 3848 946 3918 χιλιάδας
965 3847 1246 3918 ἐγκρατῶς
1267 3845 1635 3917 ἐζητήθημεν,
1651 3845 1702 3898 oi
1722 3844 1858 3914 μηδὲ

292 3941 560 4012 ψαμμίων
582 3940 619 4011 ἢ
652 3940 774 4010 χοὸς
805 3939 1006 4009 δράκα,
1037 3938 1070 4010 ἢ
1097 3938 1156 3992 τὸ
1189 3937 1652 4006 καθομιλούμενον
1683 3935 1858 3988 σίελον

295 4035 386 4086 ἐπὶ
410 4033 685 4104 στόματος
713 4031 930 4101 ἔχοντες
961 4045 978 4062 θ
1007 4029 1343 4092 ἀκούσαντες
1374 4028 1472 4082 καὶ
1502 4027 1660 4094 ὀλίγα
1687 4024 1858 4080 ταῦτα

296 4117 436 4177 εἶναι
466 4123 528 4187 ἐξ
547 4119 863 4192 ἀνθρώπου,
890 4119 948 4184 ὃς
975 4118 1414 4190 ἀρχιεπισκοπὴν
1441 4117 1716 4186 περιέπει,
1742 4132 1863 4168 κεν-

295 4216 528 4286 τηνάρια
547 4216 606 4276 ἐς
629 4213 827 4267 ἑκατὸν
849 4212 916 4282 (ῶ
937 4210 1165 4264 πλούτου
1187 4211 1228 4278 !)
1261 4209 1412 4272 ἔτους
1443 4208 1672 4261 ἑκάστου
1696 4206 1863 4275 δωρο-

297 4303 569 4374 φοροῦσαν
598 4301 771 4372 αὐτῷ’
807 4300 900 4356 καὶ
931 4300 1012 4354 ὅτι
1042 4301 1102 4354 ἐν
1133 4301 1202 4370 τῇ
1232 4297 1322 4352 τοῦ
1347 4295 1616 4367 Σιφάντου
1645 4292 1755 4364 νηῒ,
1785 4291 1862 4355 ὡς

295 4391 362 4466 ἦν
375 4393 682 4467 ἐγχωροῦν,
699 4393 1148 4461 ἀναπαυσάμενοι
1163 4392 1229 4461 τῇ
1247 4388 1548 4461 καραδοκίᾳ
1563 4385 1672 4440 τῶν
1690 4383 1861 4456 χιλιά-

1945 1911 2002 1964 in
2026 1909 2261 1980 quadam
2289 1924 2452 1979 parva
2475 1925 2599 1964 casa
2643 1911 2902 1966 sedentes
2958 1911 3277 1983 siccumque
3321 1928 3516 1981 pauent

1943 2003 2351 2064 mordentes,ut
2389 2017 2584 2072 aquam
2611 2003 2920 2058 biberemus
2949 2006 3066 2075 (cor
3085 2005 3231 2059 enim
3266 2014 3516 2061 nostrum

1943 2094 2144 2148 ardens
2208 2103 2326 2148 erat
2389 2094 2444 2147 in
2501 2095 2666 2149 nobis
2721 2094 2866 2148 sicut
2921 2104 2976 2150 et
3030 2096 3137 2150 alia
3188 2097 3516 2168 interiora),

1945 2185 2140 2240 deinde
2181 2187 2486 2240 reverentia
2519 2186 2731 2240 ordinis
2765 2187 2980 2242 invitati
3017 2188 3083 2242 ad
3135 2189 3516 2243 conscenden-

1945 2277 2075 2330 dum
2109 2276 2316 2347 (nonne
2348 2277 2436 2331 hic
2465 2287 2584 2331 erat
2620 2276 2710 2332 ille
2739 2278 2985 2332 caballus
3001 2279 3280 2348 ?)jubenti
3313 2294 3515 2348 paren-

1946 2376 2060 2432 tes,
2104 2376 2271 2438 atque
2303 2367 2381 2422 illi
2433 2367 2736 2423 insidentes
2777 2369 3114 2424 ducebantur
3134 2369 3247 2438 jam
3300 2370 3353 2424 in
3391 2385 3521 2440 por-

1947 2469 2088 2526 tum,
2119 2459 2265 2516 inter
2295 2459 2586 2530 pharetras
2610 2474 2749 2530 quas
2789 2459 2931 2516 forte
2965 2460 3156 2516 carina
3183 2459 3412 2517 ferebat.

2017 2635 2108 2693 92.
2151 2633 2305 2691 Heu!
2343 2645 2479 2705 quot
2506 2645 2561 2691 et
2586 2643 2792 2704 quanta
2817 2636 2957 2690 mala
2998 2635 3200 2692 deinde
3243 2637 3524 2694 vidimus!

1948 2727 2118 2794 Quasi
2150 2741 2260 2782 non
2285 2736 2420 2782 satis
2475 2727 2708 2782 fuissent
2746 2727 2946 2781 mortui
2971 2742 3072 2797 per
3108 2743 3245 2798 quos
3281 2732 3530 2784 ambula-

1951 2833 2132 2874 veram
2156 2817 2342 2889 pedes,
2375 2819 2640 2887 sanguine
2662 2817 2842 2873 calido
2869 2817 3134 2882 fumante,
3161 2834 3302 2892 equo
3331 2836 3527 2876 occur-

1951 2909 2140 2964 rebam
2165 2909 2403 2965 aliorum
2443 2910 2679 2974 acervis,
2703 2924 2940 2979 quorum
2974 2909 3223 2979 plerique
3253 2920 3378 2967 ante
3409 2929 3534 2966 mu-

1953 3017 2045 3058 ros
2092 3001 2354 3072 iacebant
2407 3011 2519 3057 tam
2577 3002 2736 3057 densi
2777 3009 2838 3056 ut
2879 3002 3128 3058 caballus
3160 3020 3266 3057 non
3304 3005 3532 3061 haberet

1954 3094 2045 3148 ubi
2064 3102 2292 3164 poneret
2324 3095 2522 3164 pedes,
2553 3093 2648 3149 sed
2672 3093 2810 3148 inter
2835 3093 3142 3148 anteriores
3187 3095 3351 3164 pedes
3393 3097 3532 3152 duos

1949 3276 2097 3332 inter
2148 3283 2228 3332 tot
2292 3275 2465 3331 millia
2518 3275 2786 3330 ferocium
2844 3266 3537 3348 Latinorum,'omniaque

1949 3380 2126 3436 usque
2163 3367 2232 3421 ad
2282 3375 2500 3436 portum
2563 3373 2670 3420 tam
2734 3364 2910 3432 tristia
2950 3365 3170 3420 fuerunt
3214 3375 3272 3418 ut
3308 3382 3408 3437 ego
3451 3371 3531 3422 la'

1950 3470 2254 3526 crymarem
2284 3471 2349 3512 ac
2387 3466 2721 3527 spectatores
2749 3454 3067 3512 Christiani.
3087 3454 3215 3511 ilasc
3263 3473 3392 3514 vero
3419 3473 3530 3515 non

1951 3561 2219 3613 eXponam
2267 3563 2336 3605 ne
2374 3563 2442 3604 ea
2480 3563 2601 3618 quae
2643 3547 2962 3604 abbreviare
3000 3549 3121 3603 volo
3161 3549 3376 3621 longius
3403 3566 3538 3621 pro-

1955 3638 2196 3694 traham.

2027 3732 2119 3788 9'5.
2153 3731 2280 3787 Haec
2304 3737 2517 3786 tantum
2546 3732 2859 3788 summatim
2880 3731 3147 3798 dicemus,
3170 3734 3378 3790 scilicet
3401 3749 3538 3804 qua-

1959 3830 2083 3878 tuor
2131 3823 2370 3900 millibus
2422 3838 2711 3879 aureorum
2766 3824 3007 3893 praebere
3043 3825 3391 3893 jubehamur,
3438 3843 3538 3880 nos

1961 3915 2057 3985 qui
2096 3927 2199 3970 nec
2254 3928 2474 3969 arenam
2520 3915 2574 3969 in
2631 3929 2795 3968 manu
2827 3928 2930 3968 nec
2965 3915 3194 3970 salivam
3229 3916 3282 3968 in
3311 3931 3407 3971 ore
3442 3919 3539 3970 ha—

1960 4004 2258 4070 bebamus;
2310 4017 2436 4058 cum
2504 4001 2906 4058 audivissemus
2961 4002 3139 4073 aliqua
3193 4019 3365 4074 pauca
3413 4022 3538 4062 esse

1961 4110 2024 4152 ex
2081 4095 2303 4151 homine
2347 4093 2441 4165 qui
2499 4093 3034 4165 archiepiscopatum
3087 4098 3380 4164 quotannis
3409 4100 3533 4152 obi-

1963 4187 2082 4253 bat,
2121 4201 2223 4243 nos
2253 4187 2360 4243 illis
2386 4187 2617 4243 daturos
2648 4195 2865 4242 centum
2892 4188 3292 4258 quinquaginta
3343 4205 3541 4245 aureos

1967 4282 2024 4350 (o
2054 4278 2257 4333 divitia:
2278 4279 2291 4332 l
2316 4278 2335 4348 )
2365 4278 2756 4348 promisimus;
2784 4277 2838 4332 in
2868 4277 2993 4332 navi
3021 4293 3237 4349 quoque
3264 4278 3538 4350 Siphanti,
3628 4349 3632 4353 _

1967 4380 2028 4430 ut
2066 4372 2284 4434 licebat,
2332 4370 2573 4442 quieturi
2622 4368 3032 4439 exspectatione
3071 4383 3364 4451 aureorum
3398 4385 3538 4440 quos

297 4459 508 4551 alma;
531 4459 672 4556 ήμῖν
699 4459 1021 4555 ἐπέγραψαν
1048 4483 1096 4536 οῖ
1120 4459 1561 4552 μεγαλοπρεπεῖς
1584 4472 1849 4546 πειραταίί

1964 4463 2125 4518 nobis
2179 4463 2553 4534 ascripserunt
2616 4459 2890 4532 magniﬁci
2945 4461 3157 4530 piratae.
3209 4459 3334 4516 Haec
3383 4464 3540 4518 navis

298 4579 428 4650 αὐτὴ
443 4551 713 4650 γὰρ-ήμῖν
729 4551 1017 4645 μα
1033 4551 1251 4646 πρῶτον
1269 4571 1562 4642 εὐτυχήθη,
1581 4573 1673 4640 αἰχ
1680 4569 1849 4638 μαλώ-

1965 4555 2106 4610 enim
2145 4552 2247 4609 fuit
2299 4555 2460 4609 nobis
2509 4556 2746 4624 primum
2788 4552 2988 4607 bonum
3033 4551 3331 4623 hospitium
3394 4554 3542 4606 omni

300 4686 400 4722 των
426 4671 678 4740 γέμουσα
703 4668 843 4722 κατὰ
885 4668 983 4730 τὰς
1012 4666 1206 4729 λοιπὰς
1249 4665 1493 4725 ἁπάσας*
1527 4662 1578 4715 οἳ
1618 4662 1712 4715 καὶ
1736 4661 1865 4728 γοᾶ-

306 4761 424 4815 σθαι
453 4763 605 4833 ήμᾶς
637 4761 932 4830 ὀργῶντες,
963 4759 1095 4812 αὐτὸ
1131 4756 1230 4826 μὲν
1252 4757 1427 4808 ποιεῖν
1451 4753 1550 4806 οὐκ
1579 4747 1722 4822 εἶχον
1749 4751 1868 4805 τόλ-

313 4871 434 4922 μαν,
463 4854 668 4908 ῶσίουν
697 4853 754 4905 δὲ
778 4852 838 4904 τὺ
861 4850 1054 4911 πένθος
1083 4850 1376 4918 προσώπου
1409 4845 1699 4914 συναγωγῇ
1731 4842 1867 4912 πρὸς

314 4945 772 5016 σκυθρωπότητα,
818 4942 914 4994 καὶ
957 4938 1210 5009 δυσωπίᾳ
1252 4933 1579 5006 ἐκθλισούσῃ
1632 4934 1866 5004 δάκρυα,

312 5037 508 5100 ὁποίοις
534 5037 633 5089 καὶ
659 5035 846 5104 ἡμεῖς,
869 5036 898 5086 δ
927 5032 1049 5086 κατ’
1076 5029 1318 5092 ἐκείνους
1350 5026 1620 5096 δυστυχὴς
1650 5025 1868 5094 φόρτος,

314 5129 506 5191 αὐτοὺς
551 5124 920 5196 ήμειδόμεθα.
970 5123 1106 5177 οὐδὲ
1150 5123 1260 5190 γὰρ
1307 5117 1428 5173 οὐδὲ
1479 5116 1870 5188 προσφωνῆσαι

317 5216 455 5279 ἐξῆν.

406 5236 455 5270 ν.

371 5234 489 5374 ηιιδκ
533 5308 626 5362 Ἐν
667 5305 850 5360 τοίνυν
878 5304 947 5374 τῇ
975 5299 1198 5370 τοιαύτῃ
1225 5297 1314 5369 νηῒ
1343 5295 1466 5350 τότε
1493 5293 1877 5349 καταπαύσαν-

314 5419 424 5469 τες,
453 5404 520 5472 τῇ
559 5397 826 5467 ἐπαύριον
863 5392 1005 5466 μετὰ
1035 5390 1200 5462 τιμῆς
1227 5388 1419 5459 ὁμοίας
1447 5384 1766 5456 ἀνήχθημεν
1795 5385 1876 5447 είς

321 5495 409 5549 τδν
431 5490 725 5562 Κομνηνδν
753 5487 1012 5553 Ἀλέξιονο
1047 5481 1177 5536 ἔνθα
1204 5481 1347 5550 θῆρα
1371 5477 1751 5547 είκονομάχον,
1783 5475 1880 5528 Γε-

325 5583 546 5654 Ἁίελμόν
565 5597 712 5647 τινα,
745 5577 804 5641 ὃς
833 5579 899 5630 ἐκ
931 5574 1028 5643 τῆς
1055 5572 1306 5628 Νικαέων
1327 5568 1510 5638 διέδρα
1536 5567 1629 5620 τὸν
1669 5564 1882 5654 Ἀνδρόέ

326 5653 494 5740 νικσν,
531 5674 562 5726 ὁ
592 5671 756 5734 τόπος
783 5670 917 5739 ἡμῖν
959 5665 1242 5734 ἐξέφηνεν,
1272 5660 1462 5729 ἄγριον
1511 5657 1737 5716 ἐκεῖνον,
1786 5653 1882 5706 καὶ

325 5761 442 5823 οἷον
489 5763 776 5829 θανατοῦν,
829 5762 928 5815 καὶ
951 5754 1177 5832 ⁸προτοῦ
1228 5751 1516 5824 ἐμφαγεῖν*
1566 5746 1626 5812 ὃς
1669 5742 1759 5800 οἷά
1801 5759 1883 5806 τις

1965 4656 2162 4702 cancro
2195 4647 2371 4716 spatio
2409 4645 2640 4714 captivis
2681 4643 2924 4712 repleto;
2961 4651 3018 4695 ut
3047 4657 3146 4696 nos
3179 4643 3546 4710 querebamur

1966 4738 2023 4793 hi
2057 4737 2212 4792 valde
2241 4737 2560 4806 cupiebant,
2619 4734 2721 4788 hoc
2762 4734 2948 4786 facere
2979 4746 3086 4786 non
3119 4732 3422 4797 audentes;
3456 4742 3540 4799 te.

1969 4833 2258 4889 stabantur
2289 4845 2418 4885 vero
2463 4829 2671 4898 luctum
2726 4840 2888 4880 suum
2941 4822 3318 4878 contractione
3362 4824 3543 4878 vultus

1971 4923 2343 4980 morositatem
2397 4918 2698 4990 indicante,
2755 4914 3085 4970 demissione
3134 4913 3417 4967 oculorum
3458 4913 3540 4966 la-

1977 5031 2193 5087 crymas
2221 5014 2455 5078 velante,
2473 5011 2528 5065 in
2545 5009 2744 5080 quibus
2770 5017 2823 5066 et
2846 5023 2970 5073 nos,
3003 5006 3216 5062 illorum
3253 5004 3544 5059 infortunii

1975 5106 2139 5171 socii,
2173 5105 2309 5173 [illos
2349 5102 2723 5158 imitabamur.
2755 5099 2916 5160 Nullo
2957 5098 3118 5180 modo
3153 5097 3299 5151 enim
3345 5096 3547 5150 licebat

1976 5195 2154 5267 palam
2181 5195 2464 5264 conqueri.

2051 5287 2139 5342 94.
2178 5286 2236 5341 in
2298 5287 2402 5340 hac
2464 5299 2595 5356 ergo
2645 5281 2771 5338 navi
2817 5297 2942 5336 cum
2985 5280 3411 5351 qnievissemus,
3455 5277 3547 5331 die

1979 5387 2195 5450 postera
2221 5377 2286 5431 ad
2320 5377 2658 5432 Comnenum
2687 5373 2935 5428 Alexium
2979 5372 3281 5428 honoriﬁce
3329 5368 3552 5424 adducti

1980 5483 2194 5534 sumus,
2240 5466 2342 5529 ubi
2397 5467 2687 5538 quemdam
2743 5463 3070 5520 Gulielmum
3105 5501 3122 5526 ,
3179 5461 3548 5518 iconoclastcn

1981 5561 2217 5616 ferocem
2272 5557 2492 5613 obvium
2562 5557 2853 5612 habuimus
2911 5552 3261 5607 meditantem
3323 5545 3418 5616 qui
3463 5544 3557 5599 Ni-

1982 5665 2094 5705 caea
2151 5647 2524 5704 Andronicum
2583 5647 2919 5709 deseruerat,
2965 5638 3240 5712 quomodo
3284 5632 3558 5691 interﬁce-

1985 5750 2069 5802 ret
2098 5751 2260 5812 atque
2320 5741 2390 5798 ad
2434 5738 2806 5806 devorandum
2868 5741 3140 5804 paratum.
3174 5727 3382 5785 Similis
3437 5731 3560 5784 crat
