3930 6232
382 283 398 341 5
409 287 486 350 03
1122 290 1538 350 EUSTATIIII
1578 289 2025 351 THESSALON
2035 292 2332 354 ICENSIS
2370 293 2932 355 METROPOLITAS
3525 294 3626 361 104

375 405 494 455 lino
544 416 674 456 vero
712 402 995 456 recedebat
1051 405 1400 474 gannlcndo:
1438 411 1661 459 noverat
1697 404 1842 459 enim
1875 420 1943 458 ex

2120 409 2244 460 καθ’
2291 411 2436 478 ἡμᾶς
2471 410 2626 472 πόλις
2676 411 2990 466 ἐσπάνισεν.
3055 407 3123 461 Εἴ
3165 424 3218 460 τι
3251 406 3307 460 δέ
3365 423 3470 460 που
3532 418 3624 466 καὶ

375 493 484 548 illis
511 495 603 562 qui
631 494 976 550 maliessent.
1009 493 1336 550 Eratautem
1376 495 1519 551 fama
1559 511 1750 565 sparsa
1784 506 1844 550 ut
1873 496 1943 552 de

2082 495 2456 565 εεριλέλειπεο,
2507 499 2701 568 ἀνδρὸς
2754 499 2858 568 μὲν
2934 498 3212 566 Ῥωμαίου
3280 497 3627 551 κατεϐάῦσεν

375 585 520 638 ranis
546 585 851 640 tacentibus
900 587 952 638 in
1014 585 1262 654 Seripho,
1293 587 1470 655 deque
1494 588 1798 655 bnjusmodi
1820 588 1942 656 qui-

2082 603 2116 638 ,v
2148 587 2242 639 καὶ
2262 589 2569 660 κατέδραμε
2592 605 2609 622 ο
2650 592 2864 660 Λατίνῳ
2887 590 2944 644 δέ
2970 588 3305 659 ὑπεξεχώρει
3341 589 3625 658 κνυζὼμε-

376 674 604 729 busdam
628 677 830 730 cicadis
848 675 1028 740 ltaliae,
1052 678 1122 728 ita
1147 677 1286 746 apud
1307 693 1408 732 nos
1420 678 1486 731 de
1503 677 1729 732 canibus
1748 678 1934 732 mutis.

2082 692 2153 728 ον.
2189 675 2453 746 Κατέγνω
2481 679 2590 745 γάρ
2607 681 2700 731 καὶ
2723 677 2791 730 τά
2814 677 3035 730 τοιαῦτα
3057 670 3114 730 οἷ
3135 670 3482 744 κακοῦξῆσαν.
3518 673 3630 727 Καὶ

379 764 493 836 εἶχε
548 769 1018 840 παμιμιάσασθαί
1075 789 1159 834 τις
1206 771 1327 824 τότε
1366 772 1506 825 κατὰ
1543 772 1668 834 τοὺς
1718 772 1776 824 ἐν
1807 771 2025 843 Σερίφῳ
2059 771 2331 840 σιγῶντας
2381 771 2686 843 βατράχους
2735 771 2832 826 καί
2883 787 3035 834 τινας
3077 768 3348 830 τοιούτους
3393 767 3630 830 Ἰταλοὺς

381 865 653 933 τέττιγας,
688 865 831 919 οὕτω
868 871 961 922 καὶ
990 867 1164 930 κύνας,
1181 868 1433 936 ἀφώνους
1452 869 1581 931 τοὺς
1611 870 1742 939 παρ’
1776 869 1935 939 ἡμῖν.

451 961 543 1016 99.
577 961 922 1030 Dii-cptiones
959 979 1053 1030 per
1080 963 1195 1018 vias
1227 973 1282 1018 et
1309 964 1502 1020 domos
1522 965 1576 1019 in
1615 979 1817 1019 novum
1843 977 1959 1018 mo-

381 1052 506 1105 dum
538 1053 726 1121 pralii,
751 1068 857 1106 non
879 1068 1006 1106 vero
1028 1054 1223 1108 bonam
1248 1055 1563 1121 patientiam
1593 1053 1788 1110 referet
1807 1054 1956 1124 quis;

2128 965 2236 1032 μιν.
2280 965 2389 1018 Καὶ
2420 965 2698 1034 ἀμφόδους
2727 963 2826 1032 μὲν
2849 961 3283 1032 κατατρέχεσθαι
3311 961 3406 1014 καὶ
3426 960 3632 1023 οἰκίας,

2058 1059 2159 1110 ούκ
2212 1053 2271 1109 εὖ
2326 1056 2561 1125 πάσχειν
2589 1056 2690 1108 οὑκ
2721 1055 2786 1107 ἂν
2840 1056 2919 1116 είς
2955 1055 3135 1123 μάχης
3191 1053 3624 1120 καινοπράγημα

377 1153 432 1198 at
459 1145 654 1212 templa
677 1145 858 1198 divina
881 1144 1069 1200 violari
1097 1146 1200 1202 hoc
1226 1146 1407 1200 divina
1432 1162 1612 1216 pugna
1643 1147 1792 1202 brevi
1811 1146 1960 1215 judi-

2082 1151 2178 1220 Ιείη
2215 1167 2298 1213 τις
2317 1164 2332 1182 ’
2369 1149 2546 1211 θείους
2573 1149 2630 1201 δὲ
2659 1147 2822 1210 ναοὺς
2847 1145 3274 1218 τυραννιεῖσθαι,
3304 1145 3439 1198 ἀλλὰ
3462 1144 3628 1196 τοῦτο

377 1233 616 1288 cabitur.
645 1234 751 1288 Alii
774 1247 893 1303 post
924 1236 1059 1291 alios
1087 1247 1368 1294 currentes
1395 1237 1836 1302 barbari,omnis
1867 1252 1961 1306 gec

384 1327 531 1380 neris
560 1327 761 1380 malum
803 1328 1074 1383 faciebant
1117 1338 1282 1398 atque
1337 1330 1391 1383 in
1446 1329 1744 1385 vindictam
1789 1328 1956 1384 Deum

385 1417 770 1484 provocabant.
811 1417 980 1482 Quam
1031 1419 1231 1474 multos
1289 1420 1434 1474 viros
1469 1433 1676 1483 sacros,
1718 1420 1963 1473 vestibus

384 1507 557 1562 sacris
590 1509 750 1576 quasi
805 1509 980 1563 lorica
1059 1510 1272 1566 imlutos
1343 1509 1609 1565 feriebant
1661 1510 1947 1579 plerosque

386 1597 451 1650 ad
492 1607 745 1662 mortem,
780 1599 916 1654 alios
945 1601 1160 1668 quidem
1215 1603 1269 1655 in
1331 1602 1448 1670 ipso
1517 1602 1722 1671 pulpito
1775 1618 1956 1666 sacro,

383 1691 522 1744 alios
575 1705 704 1744 vero
754 1700 905 1745 extra
955 1693 1178 1762 templa,
1236 1708 1373 1761 quos
1434 1695 1572 1747 forte
1628 1695 1963 1748 invenissent

2059 1243 2328 1314 θεομαχίᾳ
2357 1241 2583 1312 κρίνοιτ’
2622 1240 2687 1294 ἂν
2713 1240 3034 1309 ἀγχίθυρον.
3085 1238 3472 1308 Είστρέχοντες
3520 1237 3633 1303 γάρ

2063 1338 2156 1390 καὶ
2181 1337 2260 1399 είς
2288 1335 2484 1397 αὐτοὺς
2523 1333 2788 1393 ἑκάστους
2815 1333 2866 1384 οί
2901 1329 3186 1399 βάρϐαροι,
3223 1329 3440 1381 ἐποίουν
3494 1329 3634 1380 πάνυ

2063 1428 2232 1487 δεινα,
2258 1426 2351 1479 καὶ
2379 1419 2465 1478 οἷα
2493 1424 2626 1476 Θεὸν
2658 1421 2924 1494 ἐρεθίζειν
2952 1423 3029 1484 εἰς
3056 1419 3285 1489 ἄμυναν.
3318 1420 3430 1472 Καὶ
3470 1417 3633 1478 ὅσους

2068 1519 2170 1586 μέν
2239 1518 2420 1587 ἱεροὺς
2475 1516 2699 1586 ἄνδρας,
2758 1511 3273 1583 τεθωρακισμένους
3330 1503 3443 1561 οἷον
3503 1511 3627 1569 ταῖς

2062 1607 2390 1676 άγιωτέραις
2440 1605 2548 1658 τῶν
2581 1604 2806 1665 στολῶν,
2843 1602 3178 1656 κατέκοπτον
3231 1600 3357 1660 τοὺς
3413 1597 3630 1658 πλείους

2065 1701 2142 1762 εἰς
2163 1699 2412 1760 θάνατον,
2435 1700 2561 1760 τοὺς
2598 1697 2694 1765 μὲν
2723 1696 2808 1748 ἐπ’
2830 1695 2994 1747 αὑτοῦ
3021 1692 3114 1747 τοῦ
3147 1691 3332 1744 ἐνθέου
3363 1689 3633 1760 βήματος,

381 1795 566 1836 coram
600 1781 708 1836 Deo
729 1782 936 1846 sicarii,
976 1798 1164 1839 omnes
1195 1785 1356 1838 etiam
1391 1785 1558 1839 laicos
1585 1800 1816 1853 quorum
1865 1800 1960 1838 ora

2082 1793 2190 1854 τοὺς
2227 1791 2284 1844 δέ
2321 1793 2415 1845 καλ⁵
2445 1790 2621 1853 ἐκτὸς.
2673 1790 2796 1843 ὅποι
2851 1785 2989 1855 τύχῃ
3044 1783 3257 1853 εὕροιεν
3289 1784 3339 1836 oi
3368 1782 3630 1849 φονευταὶ

383 1871 716 1926 resonabant
741 1887 895 1937 voce,
923 1891 942 1924 ‹
979 1875 1166 1944 Kyrie,
1189 1875 1392 1929 eleison
1428 1893 1447 1926 ι
1485 1876 1794 1944 plectebant
1814 1874 1968 1943 capi-

387 1961 536 2016 tibus
565 1963 858 2032 quaerendo
895 1963 1104 2018 ironicc
1124 1965 1250 2034 quid
1276 1974 1422 2020 esset
1457 1983 1476 2016 ι
1499 1966 1667 2036 Kyrie
1693 1966 1916 2027 eleison,
1940 1982 1960 2015 ι

386 2065 451 2104 ac
486 2050 732 2106 ridendo.
763 2051 1014 2108 Mulieres
1063 2054 1403 2108 venerabiles
1453 2055 1507 2108 in
1560 2055 1776 2124 templis
1818 2053 1968 2121 depi-

387 2150 490 2194 ctae
521 2141 589 2194 ad
645 2140 1000 2205 salacitatem,
1060 2142 1234 2210 deque
1280 2142 1526 2196 castitate
1559 2148 1787 2204 vexatze,
1828 2140 1968 2193 Ecce

385 2246 502 2294 eas,
544 2232 794 2300 lcgantor
839 2232 905 2285 de
939 2231 1140 2294 causis,
1169 2231 1289 2284 alia:
1328 2231 1670 2300 matrimonio
1713 2229 1965 2298 alligatu‘,

391 2321 512 2374 aliae
553 2298 624 2374 ob
653 2320 1012 2389 virginitatem
1073 2321 1179 2374 Deo
1207 2319 1419 2384 dicatae,
1455 2298 1578 2373 alia:
1609 2334 1823 2388 sponsa:
1851 2317 1965 2371 Dei.

392 2411 451 2466 Si
497 2425 602 2465 una
644 2419 857 2465 tantum
910 2426 975 2464 ex
1015 2410 1124 2465 illis
1158 2409 1564 2480 depingeretur,
1603 2409 1742 2464 forte
1787 2409 1968 2463 minus

391 2509 538 2557 esset
587 2500 812 2554 malum.
847 2499 980 2566 Qua:
1023 2509 1149 2554 sunt
1182 2514 1309 2554 vero
1337 2511 1655 2554 communes
1693 2497 1746 2550 in
1779 2496 1971 2565 hujus-

397 2589 565 2654 modi,
603 2599 662 2643 ut
685 2588 904 2658 quidam
930 2589 1157 2655 diceret,
1207 2603 1365 2654 auus,
1400 2602 1508 2642 non
1533 2587 1739 2642 luctum
1775 2585 1968 2641 condi-

393 2694 558 2750 gnum
591 2679 920 2735 invenirent.

466 2878 589 2934 100.
623 2877 722 2932 llic
762 2875 967 2946 aliquid
1017 2875 1144 2929 boni
1191 2875 1259 2930 de
1287 2873 1541 2928 Barbaris
1598 2873 1730 2928 mihi
1783 2873 1970 2929 dicen-

396 2969 525 3024 dum
556 2979 660 3033 cst,
704 2968 917 3024 scilicet
942 2968 1212 3037 quosdam
1247 2968 1298 3020 in
1334 2967 1459 3021 loca
1487 2980 1640 3021 sacra
1674 2965 1874 3020 missos
1901 2963 1968 3018 ad

399 3059 865 3122 interﬁciendum,
937 3067 1091 3113 extra
1157 3059 1377 3126 quidem
1445 3058 1569 3112 illos
1639 3059 1966 3121 cxtraxisse,

395 3153 586 3220 sicque
621 3148 982 3213 interfecisse.
1012 3149 1213 3204 malum
1244 3153 1316 3204 ita
1344 3150 1626 3204 lenientes.

466 3242 1117 3308 10!.Sacrisilludentes,
1135 3250 1192 3297 et
1237 3241 1499 3313 imagines
1549 3251 1812 3312 augustas
1833 3258 1972 3313 prae-

397 3336 675 3392 tendentia
706 3336 1092 3400 dilacerantes,
1130 3349 1472 3404 quaecunque
1505 3335 1560 3389 in
1589 3349 1649 3388 se
1679 3335 1968 3389 materiam

399 3432 698 3501 pretiosam
719 3445 827 3484 non
864 3429 1224 3493 includentia,
1248 3429 1352 3482 alia
1373 3442 1504 3483 vero
1521 3429 1569 3482 vi
1591 3429 1862 3483 nudantes
1877 3443 1967 3482 or-

401 3525 674 3577 namentis
703 3525 968 3592 ipsorum,
999 3520 1306 3576 nescientes
1332 3529 1512 3575 autem
1531 3520 1646 3574 haec
1664 3535 1844 3590 agere,
1874 3534 1972 3573 no-

401 3616 503 3673 stri
528 3616 664 3671 bene
690 3613 1074 3677 meminerant,
1101 3626 1247 3667 nunc
1276 3619 1456 3666 autem
1481 3625 1606 3666 cum
1638 3611 1837 3676 sciant,
1863 3625 1970 3664 non

402 3714 689 3778 spernunt.
717 3704 1003 3772 Quomodo
1055 3703 1200 3758 enim
1242 3705 1471 3760 nudatos
1503 3704 1674 3758 fuisse
1725 3702 1970 3758 homines

399 3803 455 3856 in
511 3799 739 3856 ecclesia
803 3796 1066 3852 discendo
1125 3796 1304 3866 deque
1350 3811 1417 3850 eo
1473 3796 1729 3856 dolendo,
1779 3809 1970 3864 posses

403 3908 510 3947 non
573 3902 826 3958 rumpere
870 3887 1236 3951 stomachum,
1266 3885 1649 3955 spoliationem
1687 3898 1968 3938 sacrorum

401 3984 786 4036 thesaurorum
844 3980 1024 4034 sciens
1055 3978 1080 4030 ?
1121 3978 1350 4043 Quanta
1415 3977 1706 4031 tolerantia
1759 3976 1875 4039 Dei,
1921 3975 1969 4030 si

405 4072 728 4134 Barbarum,
786 4069 880 4136 qui
929 4082 1148 4122 sacrum
1206 4066 1720 4134 formidandumque
1751 4065 1970 4120 thesau-

407 4179 525 4218 rum
561 4161 918 4224 couculcavit,
951 4159 1193 4213 membra
1257 4157 1514 4227 genitalia
1550 4158 1769 4220 retexit,
1824 4156 1969 4211 min-

405 4255 593 4322 aitque
650 4252 923 4315 consulto,
961 4251 1144 4304 vivere
1187 4247 1378 4304 siverit
1408 4244 1970 4302 incolumem?Vene—

406 4345 594 4399 randae
630 4357 847 4404 cruces.
881 4340 1051 4396 robur
1103 4350 1372 4403 nostrum,
1400 4339 1610 4408 quibus
1645 4339 1812 4392 etiam
1847 4337 1970 4393 illu-

2070 1883 2333 1947 ἐνστάτας
2367 1883 2520 1953 παρὰ
2551 1881 2672 1950 Θεῷ
2699 1898 2712 1912 ·
2772 1879 2865 1933 καὶ
2917 1877 3042 1930 ὅσον
3074 1876 3132 1928 δὲ
3183 1873 3394 1933 λαῖκδν,
3449 1870 3497 1924 οἳ
3536 1869 3633 1922 τοῦ

2071 1979 2338 2047 στόματος
2355 1976 2592 2044 πλήρους
2619 1973 2771 2036 ὄντος
2789 1971 2881 2024 τοῦ
2909 1989 2928 2022 ι
2963 1967 3156 2038 Κύριε,
3181 1966 3401 2031 ἐλέησον
3437 1983 3454 2017 ι
3485 1965 3632 2030 ἁπη·

2073 2071 2344 2140 ράσσαντο
2403 2065 2504 2130 τὰς
2562 2064 2829 2134 κεφαλάς,
2885 2059 3401 2130 ἐπανακρινόμενοι,
3463 2057 3516 2108 τί
3575 2055 3638 2106 τὸ

2077 2181 2096 2212 ι
2120 2159 2313 2228 Κύριε,
2345 2158 2585 2228 ἐλέησον,
2620 2175 2637 2208 ι
2676 2156 2771 2209 καὶ
2799 2154 3100 2221 γελώμενοι
3127 2167 3142 2183 ⁶
3195 2151 3250 2204 αἱ
3276 2150 3333 2202 δέ
3378 2148 3517 2201 κατὰ
3539 2147 3639 2198 λα-

2069 2253 2256 2319 γνείαν
2279 2249 2594 2320 χρανθεῖσαι
2613 2249 2810 2314 σεμναὶ
2826 2246 3085 2314 γυναῖκες
3104 2242 3162 2294 ἐν
3184 2243 3297 2302 τοῖς
3328 2241 3373 2292 ίε
3385 2241 3514 2308 ροῐς,
3542 2234 3643 2290 καὶ

2070 2343 2150 2405 είς
2175 2341 2397 2408 ἁγνείαν
2427 2338 2874 2408 ἐπηρεασθεῶαι,
2915 2332 3021 2388 ἰδού
3054 2333 3184 2394 είσι,
3213 2335 3309 2386 καὶ
3339 2328 3641 2398 πρεσϐευέ-

2067 2451 2252 2487 τωσαν
2284 2429 2427 2484 κατᾶ
2473 2430 2582 2483 τῶν
2615 2428 2825 2489 αἰτίων,
2886 2427 2940 2478 αἱ
2978 2423 3082 2478 ὑπὸ
3116 2423 3295 2491 γάμου
3352 2419 3538 2487 ζυγὸν,
3575 2419 3637 2472 αἱ

2069 2527 2158 2581 διὰ
2192 2523 2492 2594 παρθενίαν
2520 2523 2722 2586 άνετοι,
2753 2520 2812 2573 αι
2840 2520 3052 2589 νύμφαι
3074 2513 3169 2569 τοῦ
3198 2511 3358 2567 Θεοῦ.
3393 2514 3500 2566 Καὶ
3533 2513 3636 2582 μιᾷ

2073 2621 2172 2690 μὲν
2195 2620 2289 2672 ἕνα
2324 2617 2444 2671 τινὰ
2476 2612 2918 2684 συγχρωσθῆναι,
2953 2611 3037 2679 είη
3061 2610 3126 2662 ἂν
3159 2607 3309 2676 μεῖόν
3339 2624 3390 2659 τι
3419 2606 3593 2657 κακόν
3620 2620 3635 2632 ·

2072 2714 2129 2765 ai
2165 2712 2212 2765 δ’
2242 2711 2302 2763 ἐν
2324 2709 2590 2766 τοιούτοις
2621 2703 2816 2766 κοιναὶ,
2844 2700 2987 2755 καθά
3017 2717 3102 2762 τις
3121 2698 3186 2754 ἂν
3215 2696 3381 2762 εἴποι,
3415 2693 3631 2763 ἀμίδες,

2070 2803 2174 2857 οὐκ
2205 2803 2271 2856 ἂν
2300 2799 2514 2870 εὕροιεν
2542 2795 2818 2864 κλαυθμὸν
2849 2791 3095 2854 ἐπάξιον.

2145 2899 2212 2964 ρ’.
2253 2892 2403 2960 ’Έχω
2433 2889 2599 2944 καλόν
2631 2905 2684 2940 τι
2719 2883 2955 2938 ἐνταῦθα
2983 2881 3090 2934 τῶν
3119 2878 3412 2948 βαρϐάρων
3437 2876 3642 2937 εἰπεῖν,

2071 2987 2155 3041 ὅτι
2183 2981 2430 3053 φονεύειν
2457 2981 2580 3042 τοὺς
2611 2981 2669 3030 ἐν
2706 2979 2820 3040 τοῖς
2851 2975 3017 3044 ίεροτς
3048 2968 3434 3046 ἐπιϐαλόμενοί
3464 2983 3640 3027 τινες.

2073 3078 2346 3145 ἀπέσυρον
2368 3073 2568 3136 αὐτοὺς
2597 3071 2702 3136 ἐξω
2729 3069 2857 3138 γοῦν
2893 3107 2908 3131 ,
2943 3065 3038 3119 καὶ
3063 3061 3206 3119 οὕτω
3234 3059 3530 3132 καθῄρουν,
3560 3057 3644 3127 τῷ

2076 3170 2176 3239 ζῇν
2213 3163 2593 3237 μετριάζοντας
2620 3163 2682 3216 τδ
2719 3162 2908 3217 κακόν.

2149 3259 2254 3333 ρα’.
2291 3261 2354 3312 Οί
2385 3257 2443 3311 δὲ
2479 3259 2593 3320 τοῖς
2623 3256 2792 3319 θείοις
2822 3251 3224 3324 ἐνυϐρίζοντες,
3258 3249 3355 3303 καὶ
3401 3248 3474 3301 τὰ
3541 3245 3642 3316 μέν

2075 3351 2184 3405 τῶν
2249 3347 2562 3417 σεϐασμίων
2619 3344 2966 3414 τυπωμάτων
3016 3338 3460 3410 κατασχίζοντες,
3537 3336 3644 3389 ὅσα

2039 3491 2046 3498 .
2080 3442 2246 3514 μηδέν
2281 3457 2335 3494 τι
2363 3438 2641 3508 γλαφυρὸν
2673 3437 2738 3489 ἐκ
2762 3433 2949 3505 τιμίας
2975 3432 3106 3504 ὖλης
3139 3427 3305 3500 εἶχον,
3347 3429 3418 3481 τὰ
3461 3426 3518 3480 δέ
3548 3425 3646 3514 ψι-

2077 3513 2299 3594 λοῦντες
2332 3529 2428 3582 τοῦ
2463 3528 2585 3581 κατ’
2613 3526 2754 3587 αύτά
2785 3525 2990 3593 κόσμου
3041 3519 3176 3592 μετὰ
3211 3517 3455 3587 πληγῶν,
3512 3513 3646 3567 οὔτε

2077 3624 2250 3678 ταῦτα
2273 3622 2405 3692 δρᾷν
2427 3619 2840 3688 διεγνωσμένοι,
2874 3613 3116 3684 ἐχώρουν
3139 3612 3218 3674 είς
3239 3609 3484 3678 εύφημον
3508 3607 3652 3675 ἠμε-

2077 3720 2245 3788 τέραν
2282 3714 2504 3784 μνήμην
2529 3728 2544 3746 ο
2590 3709 2694 3764 καὶ
2713 3708 2808 3762 νῦν
2861 3708 2918 3761 δέ
2949 3707 3028 3766 είς
3057 3702 3182 3756 νοῦν
3229 3700 3477 3761 ἐλθόντες
3508 3700 3646 3770 ἡμῖν

2079 3806 2476 3863 ἀποπτύονται.
2505 3803 2618 3858 Καὶ
2649 3800 2766 3862 πῶς
2792 3798 2900 3868 γάρ
2941 3797 3007 3851 ἄν
3035 3812 3120 3857 τις
3170 3791 3511 3862 γυμνοῦσθαι
3551 3791 3650 3840 άν-

2079 3899 2332 3970 θρὼπους
2392 3895 2480 3948 ἐπ’
2541 3889 2841 3960 ἐκκλησίας
2904 3886 3092 3958 μαθὼν
3153 3887 3277 3964 καὶ·
3324 3881 3650 3952 ἀχθόμενος,

2077 3989 2356 4060 ἀνάσχοιτ’
2423 3986 2490 4039 ἂν
2532 3985 2607 4054 μὴ
2645 3983 2705 4036 οὐ
2759 3979 2902 4051 χόλῳ
2936 3975 3323 4047 διαρραγῆναι,
3363 3972 3654 4041 γύμνωσιν

2079 4078 2381 4148 κειμηλίων
2399 4075 2558 4130 θείων
2587 4071 2879 4142 ἐγνωκώς;
2915 4070 2977 4121 Ὢ
3006 4067 3147 4142 Θεοῦ,
3176 4063 3527 4130 ἀνεξικακίας
3559 4063 3572 4114 l
3600 4063 3654 4112 εἰ

2081 4168 2359 4238 βάρϐαρον
2396 4163 2569 4234 ἄνδρα
2594 4161 2739 4214 κατὰ
2763 4161 2865 4228 τῆς
2919 4157 3072 4227 ἱερᾶς
3104 4153 3197 4208 καὶ
3230 4152 3466 4220 φρικτῆς
3511 4166 3655 4218 τρα-

2079 4261 2254 4330 πέζης
2302 4257 2749 4328 ἀναπηδήσαντα,
2793 4253 2884 4305 καὶ
2932 4248 3314 4316 ἐκκαλύψαντα
3352 4244 3450 4313 τὴν
3486 4240 3650 4304 αίδὼ,

2079 4356 2177 4409 καὶ
2223 4349 2549 4422 ἐνουροῦντα
2580 4349 2660 4410 είς
2711 4341 3060 4412 ἀκοντισμὸν,
3093 4339 3273 4406 ἀφῆκε
3302 4336 3425 4403 ζῇν,
3462 4332 3658 4400 ἀνεχό-

410 4444 604 4492 serunt
629 4435 794 4488 vestri
831 4433 1157 4487 violatores!
1203 4431 1271 4483 At
1317 4430 1489 4484 virtus
1537 4429 1721 4484 divina
1751 4444 1859 4484 non
1906 4445 1969 4485 ea

2083 4461 2269 4519 μενος.
2297 4439 2370 4495 Ὦ
2395 4440 2621 4509 σταυροὶ
2643 4437 2837 4506 τίμιοι,
2865 4435 2926 4487 τὸ
2949 4432 3223 4502 ἡμέτερον
3254 4429 3476 4498 κράτος,
3504 4425 3655 4484 ὅσοις

408 4534 493 4581 est
525 4540 647 4594 quae
669 4523 965 4594 aliquando
1002 4535 1108 4576 non
1148 4518 1499 4588 expergeﬂat.

485 4706 609 4761 102.
654 4702 942 4772 Quomodo
978 4701 1102 4772 quis
1139 4699 1229 4755 hic
1264 4705 1563 4769 exponeret
1599 4697 1739 4752 hanc
1762 4712 1981 4767 quoque

412 4799 745 4864 socordiam,
789 4814 911 4852 cum
971 4794 1217 4850 eﬂ‘reuati
1277 4795 1330 4847 in
1390 4791 1654 4861 templum
1709 4790 1982 4845 irruerent

414 4889 760 4960 lampadibus
798 4889 1130 4960 crystallinis
1185 4885 1513 4948 lucentibus,
1559 4892 1815 4952 tanquam
1868 4897 1984 4934 ma~

413 4983 567 5047 tulis,
599 4981 741 5052 dicet
760 4979 1044 5048 tragmdia.
1080 4992 1313 5046 cumque
1339 4975 1621 5029 urinarum
1659 4972 1881 5026 vasibus
1922 4981 1982 5024 ut

417 5073 624 5146 poculis
659 5070 726 5125 ad
768 5066 1063 5124 bibendum
1097 5067 1419 5123 uterentur?
1451 5065 1587 5120 Cum
1613 5064 1758 5118 enim
1794 5064 1847 5116 in
1887 5079 1984 5132 pu-

417 5177 536 5222 teos
589 5163 804 5218 urinam
858 5159 1163 5215 vesicarum
1212 5173 1435 5214 suarum
1491 5157 1661 5211 ﬂuere
1704 5155 1980 5222 sivissent,

415 5255 615 5314 deinde
661 5253 1048 5308 exbaurientes
1122 5251 1381 5307 biberunt
1432 5252 1571 5304 banc
1640 5247 1980 5318 Spurcitiam,

419 5351 631 5419 hocque
655 5332 850 5401 iterum
876 5353 1040 5414 atque
1068 5345 1287 5410 iterum,
1345 5356 1671 5411 semperque
1719 5339 1983 5394 circulum

419 5441 564 5496 hunc
609 5446 820 5507 turpem
851 5437 1146 5490 volventes-

495 5529 622 5586 105.
681 5529 750 5581 At
791 5526 921 5581 illud
966 5524 1217 5593 jocosum
1253 5530 1396 5578 esset
1427 5521 1610 5590 aliquo
1635 5518 1795 5574 modo
1826 5520 1981 5573 addi-

419 5627 537 5674 tum
585 5619 826 5674 sermoni
854 5619 1006 5672 velut
1037 5616 1123 5669 hic
1151 5632 1167 5680 ;
1196 5629 1316 5681 qua:
1344 5628 1472 5668 vero
1500 5613 1751 5680 superius
1776 5613 1982 5681 scripta

418 5716 566 5776 sunt,
617 5708 729 5764 haec
777 5709 1050 5780 lacrymas
1107 5705 1424 5760 innumeras
1485 5710 1787 5771 merentur,
1819 5705 1983 5774 quale

2082 4517 2181 4594 καὶ
2212 4534 2366 4605 ὑμῶν
2391 4533 2440 4586 οἱ
2467 4531 2652 4600 μιαροὶ
2680 4525 2974 4590 ἐνέπαιξαν
3001 4525 3014 4578 !
3055 4523 3149 4576 καὶ
3183 4523 3216 4589 ὴ
3245 4517 3366 4572 θεία
3416 4517 3656 4584 δύναμις

2079 4625 2392 4698 ἀτρεμοῦσα
2411 4623 2509 4677 οὐκ
2533 4621 2644 4675 ἐσθ’
2674 4622 2821 4679 ὅπως
2852 4617 2950 4670 οὐκ
2985 4611 3430 4683 ἐξεγερθήσεται.

2154 4713 2255 4784 ρβ’.
2289 4713 2356 4765 Τί
2406 4713 2472 4767 ἄν
2499 4727 2582 4773 τις
2618 4706 2853 4761 ἐνταῦθα
2909 4702 3093 4766 ἐκθείη
3127 4700 3222 4754 καὶ
3270 4699 3473 4767 ταύτην
3525 4717 3658 4766 μια-

2085 4804 2232 4876 ρίαν,
2256 4802 2330 4866 ὡς
2350 4804 2463 4865 τοῖς
2492 4800 2590 4869 μὲν
2613 4797 2674 4862 ἐξ
2690 4797 2844 4849 ὑέλου
2867 4793 3337 4863 ἐκκλησιαστικοῖς
3361 4789 3424 4842 λα
3434 4790 3583 4860 μπτῆ
3591 4807 3658 4857 ρ-

2086 4911 2170 4946 σιν
2191 4892 2473 4962 ἐνεθόρουν
2495 4891 2544 4944 oi
2573 4887 2920 4947 ἀσύντακτοι,
2949 4886 3050 4938 ὅσα
3073 4884 3166 4938 καὶ
3194 4881 3476 4951 ούράναις,
3501 4880 3656 4932 εἴποι

2085 4987 2152 5038 ἂν
2187 4986 2219 5052 ἡ
2255 4983 2530 5054 τραγῳδία
2558 4997 2572 5012 ·
2601 4983 2712 5043 τοῖς
2740 4979 2798 5032 δὲ
2829 4977 2936 5030 τῶν
2967 4974 3144 5045 οὔρων
3165 4975 3395 5042 δοχείοις
3428 4967 3516 5024 οἷα
3551 4973 3657 5024 καὶ

2085 5075 2366 5146 ποτηρίοις
2397 5077 2727 5143 ἐκέχρηντος
2763 5070 2831 5122 Οἵ
2856 5086 2918 5137 γε
2947 5069 3041 5122 καὶ
3067 5066 3210 5118 κατὰ
3243 5065 3496 5132 φρεάτων
3523 5064 3658 5128 ἀφι-

2083 5169 2235 5230 έντες
2271 5166 2561 5237 προρρἐιν
2588 5164 2682 5216 τὸν
2720 5160 2813 5215 τοῦ
2845 5161 2962 5214 κατ’
2997 5160 3194 5221 αὐτοὺς
3251 5157 3419 5210 ἀσκοῦ
3477 5155 3656 5224 προῦο

2084 5273 2250 5325 χοντα
2281 5255 2438 5319 πόδα,
2474 5249 2592 5306 εῐτα
2621 5253 2994 5322 ὑδρευόμενοι,
3032 5249 3216 5302 ἔπινον
3243 5248 3336 5300 τοῦ
3377 5244 3654 5316 μιασμοῦ,

2085 5348 2177 5397 καὶ
2216 5343 2374 5396 τοῦτο
2405 5343 2565 5396 πάλιν
2597 5345 2692 5397 καὶ
2719 5340 2907 5405 πάλιν,
2945 5340 3037 5392 καὶ
3099 5338 3272 5390 εἰσαεὶ
3306 5335 3504 5389 κύκλον
3531 5335 3661 5387 τοῦδ

2084 5451 2175 5486 τον
2211 5432 2503 5494 ἐλίττοντες
2534 5429 2758 5498 ἀσελγῆ.

2161 5530 2264 5592 ργ’.
2309 5521 2471 5575 Ἀλλὰ
2519 5521 2678 5574 τοῦτο
2705 5522 2806 5590 μὲν
2837 5521 2923 5590 εἴη
2951 5519 3016 5573 ἂν
3047 5518 3140 5570 καὶ
3170 5517 3395 5584 γελοῖον,
3434 5517 3661 5587 παραρο

2088 5613 2246 5686 ριφὲν
2289 5611 2464 5683 είρμῷ
2492 5630 2600 5666 τινι
2627 5615 2722 5666 καὶ
2745 5611 2896 5665 αὐτό.
2933 5613 3001 5662 ’A
3033 5610 3089 5662 δέ
3121 5609 3312 5660 ἀνόπιν
3341 5609 3660 5676 συγγεγρά-

2087 5722 2277 5777 φαται,
2319 5704 2435 5758 ἀλλ’
2484 5704 2668 5759 ἐκεῖνα
2720 5703 2889 5776 μυρία
2940 5699 3344 5772 προκαλοῦνται
3399 5697 3654 5766 δάκρυα·
