3930 6232
449 371 552 437 137

1190 373 1621 435 EUSTATHII
1643 373 2402 435 THESSALOVHIENSIS
2437 374 3003 439 METROPOLlT/E

3593 377 3692 443 108

441 491 591 560 juxta
621 497 868 543 naturam
903 502 1140 548 onus.ex
1173 488 1450 543 debilitate
1483 489 1666 544 subito
1691 487 2008 556 dejicieban-

2125 489 2182 540 ἐν
2213 490 2288 559 τῷ
2317 489 2537 558 φεύγειν
2573 491 2820 561 βαρύνων
2848 495 2875 544 ό
2903 491 3043 546 κατὰ
3075 489 3237 562 φύσιν
3269 490 3445 560 φίλιος
3475 491 3693 562 φόρτος,

445 590 536 636 tur
551 582 602 634 in
617 581 912 644 infernum,
932 580 1326 650 praevenientes
1350 590 1578 634 mortem
1598 595 1662 635 ex
1683 580 1880 651 gladio.
1898 579 2015 634 Non

446 688 576 728 vero
609 675 787 728 minus
819 682 934 726 erat
966 674 1138 728 tristis
1173 689 1294 728 sors
1341 681 1599 732 matrum.
1629 688 1769 742 quas
1805 674 1858 725 in
1893 671 2017 738 fuga

446 767 849 819 comitabantur
887 767 1094 836 pueruli
1122 783 1135 818 :
1164 781 1304 834 sa'pe
1330 767 1474 818 enim
1503 764 1570 818 ab
1601 763 1830 817 invicem
1864 777 2020 830 sepa-

446 855 709 908 rulianlur
741 871 754 908 :
805 856 1049 924 periculo
1085 855 1229 908 enim
1278 855 1536 920 instante,
1570 862 1771 907 matres
1801 862 2017 905 antece-

445 947 670 1012 debant,
716 955 769 999 at
818 947 918 1000 hoc
955 946 1247 1002 infeliciter
1282 946 1500 1017 quidem
1559 961 1623 1000 ac
1667 945 2015 1003 infortunate.

444 1039 577 1091 Nam
620 1055 742 1092 cum
779 1039 1145 1105 adverterent,
1175 1039 1284 1110 jam
1321 1054 1426 1093 non
1462 1037 1738 1093 adhaerere
1768 1037 1872 1092 sibi
1892 1039 2018 1091 cha-

445 1147 534 1186 res
560 1146 712 1197 suos,
734 1132 826 1186 Sed
856 1131 1200 1185 mutilatores
1232 1127 1458 1184 llerodis
1493 1140 1682 1184 contra
1717 1137 1894 1198 petras
1915 1129 2015 1184 eli-

443 1223 632 1278 dentcs
693 1239 819 1287 eos;
854 1224 937 1276 vel
971 1221 1237 1275 cadebant
1273 1232 1324 1276 et
1356 1221 1485 1292 ipsae
1513 1222 1566 1276 in
1602 1237 1795 1277 manus
1827 1237 2012 1276 eorum

442 1314 534 1380 qui
572 1328 665 1366 eas
699 1313 1195 1381 apprehendebant,
1224 1321 1569 1368 exsecrantes
1600 1329 1666 1367 ne
1690 1312 1745 1366 in
1773 1328 2011 1367 amorem

441 1418 630 1456 eorum
695 1404 1020 1470 inciderent,
1087 1404 1392 1472 ejulahant,
1447 1421 1475 1458 e
1507 1415 1722 1469 contra,
1762 1420 1861 1474 per
1893 1420 2014 1458 om-

448 1510 572 1548 nem
622 1496 765 1549 viam
815 1512 921 1562 qua
979 1497 1138 1567 pueri
1179 1496 1545 1552 incesserant.
1575 1497 1767 1551 Patres
1800 1511 2018 1566 quoque

443 1584 722 1653 fugiebant
781 1597 924 1641 retro
973 1587 1346 1658 relinquentes
1401 1603 1598 1658 pueros
1630 1587 1896 1643 matribus
1931 1601 2021 1640 or-

441 1676 564 1731 bos.
613 1676 675 1731 lli
741 1689 921 1733 autem
953 1679 1268 1734 elamabant
1305 1679 1503 1735 salutis
1526 1694 1713 1744 causa,
1765 1678 1839 1732 illi
1886 1692 2017 1732 vero

448 1785 554 1823 non
623 1772 971 1826 advertentes
1037 1772 1369 1832 currebant,
1436 1780 1747 1840 naturaque
1811 1770 2013 1824 frustra

444 1859 733 1915 clamabat.
766 1861 822 1915 Si
867 1862 942 1915 illi
976 1863 1266 1932 aequabant
1302 1877 1496 1927 cursu,
1531 1863 1673 1930 quod
1717 1862 1768 1915 in
1811 1876 1870 1916 se
1899 1869 2014 1915 erat

445 1953 664 2022 quidem
705 1955 1000 2020 faciebant,
1056 1955 1271 2026 genitor
1321 1971 1450 2010 vero
1482 1954 1624 2010 idem
1663 1962 1800 2019 erat,
1828 1940 2015 2007 aurare

444 2047 679 2100 naturali
743 2047 940 2101 timore
992 2048 1184 2101 mortis
1207 2047 1361 2116 juxta
1401 2046 1565 2116 pedes
1618 2055 1902 2116 superato.
1955 2043 2013 2098 Si

446 2145 627 2190 autem
664 2147 815 2207 pater
847 2137 915 2193 de
947 2136 1054 2190 vita
1085 2152 1184 2191 sua
1214 2136 1460 2200 curabat,
1497 2136 1572 2189 illi
1602 2135 1856 2204 prostrati
1881 2149 2015 2190 con-

444 2224 778 2292 culcatique,
827 2225 1081 2296 peribant
1141 2224 1194 2278 in
1245 2225 1460 2279 acervis
1518 2225 1868 2278 cadaverum.
1925 2223 2014 2279 Sic

449 2315 706 2368 animalia
738 2314 1038 2372 domestica
1075 2315 1217 2382 lupis
1258 2314 1674 2369 accurrentibus
1718 2316 1828 2368 cito
1854 2315 2016 2368 relin-

447 2413 622 2471 quunt
650 2406 906 2475 parvulos
935 2421 1081 2472 suos,
1108 2421 1171 2462 ac
1201 2405 1450 2476 fugiunt;
1487 2405 1647 2478 lupus
1678 2417 1854 2461 autem
1883 2405 2011 2460 nulli

445 2498 554 2552 scit
586 2512 829 2567 parcere.

517 2759 638 2814 £06.
702 2758 799 2814 llic
846 2773 947 2828 ego
972 2764 1169 2829 3cmo,
1231 2757 1286 2811 in
1343 2757 1666 2812 memoriam
1726 2770 2008 2820 revocans,

444 2854 719 2921 quomodo
743 2851 982 2921 fugimus
1010 2865 1112 2904 nos
1143 2865 1334 2905 omnes
1365 2850 1508 2904 sicut
1546 2863 1673 2902 oves
1693 2849 2008 2913 occisionis,

447 2945 598 2998 nullo
627 2937 842 3012 pastore
876 2943 1223 3008 defendente,
1260 2955 1360 2996 nec
1394 2943 1757 2996 mercenario.
1803 2942 2012 2997 Felices

443 3039 478 3090 ii
513 3051 740 3106 querum
782 3035 915 3089 nihil
954 3035 1266 3090 morabatur
1305 3034 1510 3104 fugam.
1541 3034 1695 3089 Nune
1732 3049 1864 3090 vero
1899 3037 2011 3102 ple-

2120 580 2177 645 ἐξ
2205 580 2555 650 ὀλιγηπελίης
2601 583 2934 654 κατέῤῥιπτε
2996 581 3344 650 συμποδίζων
3405 582 3487 644 είς
3536 579 3695 652 ᾅδην,

2121 675 2427 742 φθανούσας
2481 680 2572 728 τὸν
2615 676 2701 730 διὰ
2747 676 2915 744 ξιφῶν
2941 674 3178 744 ὄλεθρον.
3240 674 3468 746 υίκτρδν
3492 674 3548 727 δέ
3572 673 3698 729 τού-

2119 783 2227 818 των
2258 767 2354 819 οὐκ
2385 766 2607 822 ἔλαττον
2644 769 2736 821 καὶ
2799 767 3053 837 μητέρες,
3092 762 3182 829 αἷς
3238 765 3564 835 φευγούσαις
3598 767 3697 818 καὶ

2121 854 2318 909 ἁπαλοὶ
2348 857 2532 920 παῖδες
2557 857 2896 928 συνέτρεχον,
2925 857 3019 911 καὶ
3039 857 3175 915 τέως
3210 856 3309 925 μέν
3339 857 3478 926 ὁμοῦ
3517 851 3692 927 ἦσαν’

2120 948 2541 1018 ἐπισπέρχοντος
2572 951 2628 1002 δὲ
2653 949 2748 1003 τοῦ
2785 948 2978 1014 κακοῦ,
3041 949 3236 1001 ἐνίκων
3265 949 3358 1003 τὸν
3389 949 3588 1017 δρόμον
3635 948 3693 1002 αἱ

2124 1039 2377 1108 μητέρες,
2410 1039 2686 1110 δυστυχῶς
2708 1057 2770 1108 γε
2826 1041 2984 1092 τοῦτο
3013 1040 3108 1093 καὶ
3163 1039 3326 1109 μάλα.
3355 1084 3366 1095 ,
3395 1041 3691 1108 Ἐπιστρα-

2121 1133 2304 1199 φεῖσαι
2374 1133 2502 1203 γὰρ,
2546 1133 2577 1204 ἢ
2619 1134 2799 1187 οὐκέτ’
2864 1133 3242 1196 έδλεποντοὺς
3299 1132 3690 1202 ποθουμένους,

2119 1221 2483 1292 ἀνθαμίλλους
2524 1223 2762 1293 Ἡρώδου
2791 1225 2854 1293 δή
2905 1240 3011 1279 τινι
3073 1225 3239 1295 ψήφῳ
3277 1225 3694 1296 περιπεπτωκέ-

2118 1331 2244 1377 τας·
2279 1315 2312 1387 ἢ
2352 1315 2578 1369 ἔπιπτον
2609 1315 2702 1368 καὶ
2725 1315 2884 1369 αὐταὶ
2935 1317 3069 1385 πρὸς
3100 1315 3211 1367 τῶν
3243 1313 3692 1385 ἐπικαταλαμϐα-

2117 1405 2338 1470 νᾶντων,
2400 1405 2741 1476 μισούμεναι,
2775 1404 2858 1457 δτι
2889 1403 2964 1474 μὴ
3023 1403 3250 1458 ἐκείνων
3316 1405 3452 1474 πρὸς
3508 1404 3688 1476 ἔρωτα

2118 1496 2536 1567 ἐπεστρέφοντο,
2567 1495 2681 1548 ἀλλ’
2710 1495 2925 1549 ἔκλαιον
2959 1494 3050 1548 τὸν
3087 1493 3319 1548 ὕστατον
3368 1494 3600 1564 δόλιχον,
3624 1493 3690 1546 δν

2117 1589 2441 1642 ἐστείλαντο.
2480 1587 2750 1655 Ἐφευγον
2799 1587 2895 1640 καὶ
2924 1585 3178 1656 πατέρες,
3209 1585 3402 1654 νεογνὰ
3434 1586 3689 1656 μητέρων

2117 1681 2329 1751 ὀρφανὰ
2368 1677 2540 1732 ὀπίσω
2575 1681 2847 1748 ἀφιέντες.
2899 1678 3010 1732 Καὶ
3050 1678 3186 1730 αὐτὰ
3225 1676 3322 1746 μὲν
3354 1677 3430 1740 ὡς
3463 1677 3555 1729 ἐπὶ
3583 1694 3691 1729 σω-

2118 1773 2281 1844 τηρίᾳ
2309 1771 2571 1840 ἐγοῶντοο
2610 1774 2658 1824 oi
2693 1771 2748 1823 δέ
2777 1771 2851 1842 μὴ
2891 1769 3344 1840 ἐπιστρεφόμενοι
3379 1768 3551 1830 ἔθεον,
3589 1772 3688 1825 καὶ

2116 1867 2148 1935 ἡ
2185 1865 2342 1930 φύσις
2373 1864 2500 1916 ἐϐόα
2527 1862 2682 1916 κενά.
2715 1863 2776 1914 Ei
2800 1861 2855 1916 δὲ
2886 1862 2978 1914 καὶ
3009 1860 3309 1929 ἐξέδραμον
3334 1861 3514 1912 ἐκεῖνα
3545 1877 3687 1929 συμ-

2116 1957 2358 2028 φεύγειν,
2394 1956 2531 2010 αὐτὰ
2566 1957 2664 2026 μέν
2685 1954 2901 2007 ἐποίουν
2933 1953 2992 2005 τὸ
3019 1951 3244 2005 δυνατόν
3265 1967 3280 1983 ο
3311 1952 3339 2005 ό
3360 1951 3416 2003 δὲ
3443 1951 3687 2020 γενέτωρ

2113 2045 2180 2121 ἦν
2200 2051 2229 2102 ό
2255 2049 2432 2112 αὐτὸς,
2458 2049 2583 2110 τοὺς
2617 2047 2784 2108 πόδας
2831 2044 2923 2098 τοῦ
2961 2044 3102 2097 κατὰ
3135 2043 3361 2096 θάνατον
3389 2042 3556 2111 φόϐου
3585 2041 3686 2111 τὴν

2115 2141 2353 2212 φυσικὴν
2382 2139 2704 2202 ἐκνικῶντος
2741 2138 2994 2208 στοργήν.
3029 2136 3137 2190 Καὶ
3165 2135 3323 2205 εἴπερ
3351 2137 3378 2189 ό
3401 2135 3688 2188 τεκνωσά-

2118 2251 2276 2305 μενος
2307 2232 2722 2303 περιποιήσεται
2753 2229 2918 2301 ζωὴν,
2989 2229 3102 2283 ἀλλ’
3153 2228 3295 2283 αὐτὰ
3361 2227 3686 2295 συμπατού-

2118 2343 2273 2396 μενα,
2309 2326 2403 2378 καὶ
2434 2324 2572 2395 πρὸς
2599 2323 2717 2392 βίαν
2763 2320 3109 2392 σκαρίξοντα,
3141 2319 3434 2386 ἐξώλλυντο
3463 2320 3542 2382 είς
3565 2319 3689 2372 ἐπι-

2113 2420 2288 2490 θήκην
2336 2417 2444 2469 τῶν
2484 2416 2603 2468 κατ’
2648 2414 2848 2486 ἄνδρας
2883 2413 3112 2483 νεκρῶν.
3143 2411 3301 2467 Οὕτω
3331 2413 3424 2465 καὶ
3453 2412 3687 2484 θρέμμα

2112 2510 2283 2580 τραχὺ
2311 2509 2488 2563 λύκων
2542 2509 2939 2579 ἐπιτρεχόντων
2980 2507 3170 2576 ἀφίησι
3233 2505 3303 2558 τὰ
3356 2506 3531 2559 οἰκεῖα
3559 2522 3685 2557 νεο-

2113 2604 2258 2673 γιλὰ,
2294 2603 2385 2656 καὶ
2439 2600 2666 2673 φεύγειο
2729 2601 2881 2657 καὶὸ
2933 2600 3096 2664 λύκος
3122 2599 3221 2653 οὐκ
3273 2593 3413 2652 οἶδεν
3468 2597 3685 2661 ούδενδς

2113 2693 2412 2764 φείδεσθαι.

2185 2786 2293 2859 ρς’,
2325 2786 2514 2842 Κλαίω
2543 2787 2589 2840 δ’
2619 2782 2852 2841 ἐνταῦθα
2890 2783 3023 2854 ἐγὼ,
3057 2786 3404 2856 ἀναπολήσας
3426 2785 3504 2850 εἰς
3533 2785 3685 2851 νοῧνν

2111 2883 2184 2946 ὼς
2214 2885 2309 2936 καὶ
2332 2883 2493 2953 ἡμεῖς
2519 2881 2754 2944 ἅπαντες
2783 2879 2954 2942 οὕτως
2991 2879 3314 2949 ἐφεύγομεν,
3342 2869 3428 2931 οἷα
3463 2877 3685 2946 σφαγῆς

2111 2975 2380 3042 πρόϐατα,
2442 2973 2565 3026 οὔτε
2613 2971 2868 3042 ποιμένος
2905 2970 3337 3041 προμαχοῦντος,
3399 2968 3524 3022 οὔτε
3572 2969 3684 3038 μὴν

2115 3064 2402 3133 μισθωτοῦ.
2446 3065 2554 3116 Καὶ
2586 3062 2874 3134 μακάριον,
2911 3061 3070 3131 εῖπερ
3093 3059 3396 3129 ἐφεύγομεν
3449 3057 3539 3111 διὰ
3594 3058 3687 3110 τέση

449 3128 606 3194 rique
639 3128 692 3180 in
735 3142 828 3180 ora
872 3126 1122 3194 luporum
1183 3140 1476 3195 parumper
1539 3125 1731 3195 dilapsi
1795 3137 2006 3178 sumus.

2114 3125 2257 3220 λους.
2305 3157 2420 3210 Νῦν
2449 3157 2504 3210 δὲ
2537 3125 2671 3209 ἀλλὰ
2715 3125 2908 3226 μικροῦ
2945 3125 3060 3208 δέον
3082 3125 3143 3206 οί-
3185 3125 3404 3214 πλείους
3436 3153 3548 3215 τοῖς
3570 3151 3684 3204 τῶν

447 3217 635 3273 (Σενάυς
675 3217 755 3271 lue
804 3218 1120 3282 innumerae,
1142 3233 1262 3287 qua:
1305 3218 1444 3272 hanc
1488 3217 1674 3273 urbem
1731 3215 2007 3272 florentem

451 3323 502 3366 et
559 3313 625 3366 ab
668 3311 861 3365 incolis
898 3311 1050 3365 bona:
1099 3311 1271 3380 frugis
1327 3310 1620 3364 habitatum
1677 3309 2012 3379 depopulata:

447 3415 600 3461 eunt.
636 3387 739 3471 Qui
779 3406 928 3459 vario
973 3405 1131 3459 modo
1170 3405 1250 3459 sic
1283 3407 1561 3474 perierunt
1593 3413 1800 3474 septem
1843 3401 2009 3457 millia

444 3505 793 3566 superarunt,
831 3498 968 3552 adeo
1009 3505 1386 3566 persecutores
1437 3511 1626 3550 eorum
1679 3495 1820 3550 ictus
1879 3508 2009 3551 suos

446 3589 650 3656 potenti
693 3589 914 3642 solertia
961 3587 1296 3656 dirigebant,
1330 3587 1631 3642 numeratis
1675 3603 1737 3642 ex
1767 3585 2010 3658 Bulgaris

447 3679 722 3750 peditibus
776 3679 1147 3747 militibusque
1202 3681 1496 3734 exercitus.
1570 3677 1795 3734 Barbari
1846 3693 2007 3742 vero,

449 3773 541 3842 qui
570 3773 705 3827 alias
740 3769 952 3826 fuerant
977 3773 1205 3841 operati,
1228 3771 1469 3841 quinque
1493 3769 1659 3824 millia
1689 3783 2010 3826 numerave-

452 3875 579 3919 runt
607 3874 971 3929 mortuorum,
1009 3864 1115 3918 illis
1153 3878 1258 3918 non
1295 3861 1668 3917 annumeratis
1697 3863 1788 3932 qui
1839 3859 2007 3918 suﬂ‘o-

445 3959 553 4013 cati
587 3956 823 4022 fuerant,
856 3956 940 4012 vel
968 3957 1021 4011 in
1056 3953 1312 4011 domibus
1351 3955 1466 4011 suis
1491 3955 1790 4026 perierant,
1819 3955 1910 4012 sed
1943 3956 2008 4009 iis

450 4058 659 4103 tantum
690 4047 987 4102 numeratis
1013 4038 1150 4118 quos
1171 4033 1258 4102 sol
1282 4049 1480 4104 ictibus
1517 4049 1759 4118 ipsorum
1794 4048 2010 4118 exposi-

451 4149 538 4195 tos
572 4139 908 4194 ostenderat.

517 4316 639 4372 £07.
691 4314 832 4370 Ecce
869 4315 956 4370 hic
1016 4316 1166 4384 quod,
1205 4316 1537 4371 remordebit
1565 4331 1661 4371 cor
1695 4318 2004 4397 {hominum

447 4411 881 4478 misericordium
903 4451 917 4475 ,
943 4409 1170 4476 scilicet,
1199 4425 1292 4465 eos
1321 4411 1412 4480 qui
1436 4404 1776 4481 iacebant'in
1803 4413 1904 4468 viis
1927 4423 2008 4468 at-

2112 3251 2290 3306 λύκων
2343 3249 2777 3320 περιεπίπτομεν
2835 3246 3087 3318 στόμασι.
3155 3245 3340 3316 Μυρία
3382 3245 3445 3315 δὴ
3500 3245 3682 3298 ταῦτα

2113 3341 2404 3410 πτώματα.
2435 3340 2531 3394 καὶ
2556 3333 2644 3393 οἷα
2695 3341 2849 3393 πόλιν
2879 3337 3177 3392 ἀποκενοῦν
3235 3335 3575 3408 εὐφοροῦσαν
3607 3331 3682 3406 ἦν

2111 3431 2202 3485 ὅτε
2233 3430 2530 3501 οἰκητόρων
2569 3428 2812 3497 ἀγαθῶν.
2841 3427 2951 3482 Καὶ
2999 3428 3278 3499 μετροτντο
3330 3423 3398 3478 ἂν
3452 3426 3500 3477 oi
3531 3423 3683 3478 οὕτω

2111 3520 2462 3592 πολυτρόπως
2504 3520 2764 3586 πεσόντες
2824 3521 2966 3591 ὑπὲρ
2997 3519 3242 3590 χιλιάδας
3300 3516 3460 3583 ἑπτὰ,
3494 3517 3572 3580 ὡς
3624 3519 3681 3570 οἱ

2111 3613 2489 3685 περιελθόντες
2521 3613 2880 3682 ἐστοχάσαντο
2933 3612 3067 3683 πρὸς
3102 3609 3331 3681 δυνατὴν
3361 3609 3676 3680 ἀκρίϐειαν,

2112 3705 2210 3759 σύν
2234 3723 2296 3773 γε
2340 3707 2452 3768 τοῖς
2514 3707 2578 3757 ἐκ
2626 3704 2958 3776 Βουλγάρων
3010 3703 3211 3768 πεζοῖς,
3261 3702 3356 3756 καὶ
3413 3703 3528 3756 ὅσοι
3578 3701 3678 3754 τοῦ

2110 3798 2502 3872 στρατιωτικοῦ
2540 3799 2852 3850 συνέπεσον.
2882 3795 2947 3850 Oi
2974 3795 3032 3848 δὲ
3066 3795 3331 3865 βάρόαροι
3369 3809 3676 3865 περιεργα-

2109 3896 2333 3962 σάμενοι
2378 3889 2574 3954 ἄλλως,
2615 3890 2694 3952 είς
2749 3888 2908 3942 πέντε
2962 3887 3205 3958 χιλιάδας
3261 3885 3574 3962 ἠρίθμησαν
3611 3886 3678 3938 τὸ

2109 3988 2300 4050 κακὸν,
2361 3984 2497 4054 μήτε
2520 3981 2646 4042 τοὺς
2698 3981 3101 4050 πεπνιγμένους
3184 3961 3676 4045 συγγέφαλσιωσά-

2111 4095 2259 4148 μενοι
2287 4076 2515 4137 τούτοις.
2545 4074 2679 4144 μήτε
2705 4071 2908 4141 δηλαδὴ
2929 4070 3054 4131 τοὺς
3079 4067 3165 4120 ἐπ’
3194 4067 3356 4119 οίκων
3380 4066 3674 4130 πεσόντας.

2108 4166 2243 4221 ἀλλὰ
2280 4165 2474 4237 μόνους
2503 4163 2719 4235 ἀριθμῷ
2766 4161 3075 4224 δεδωκότες,
3112 4158 3271 4221 ὅσους
3299 4157 3480 4221 αὐτοῖς
3509 4157 3678 4211 ἐκθέ-

2107 4275 2232 4321 τους
2265 4256 2548 4326 κειμένους
2583 4256 2733 4325 ἦλιος
2764 4253 2983 4323 ἔφηνεν.

2180 4327 2292 4421 ρξ’..
2333 4347 2592 4402 Ἐνταῦθα
2618 4346 2770 4401 δάκοι
2805 4345 2870 4400 ἂν
2902 4344 3129 4414 καρδίαν
3158 4342 3349 4413 ἀνδρδς
3389 4340 3674 4410 φιλοίκτου

2111 4443 2202 4494 καὶ
2234 4439 2315 4492 ὅτι
2346 4439 2471 4497 τοὺς
2510 4432 2893 4509 κειμένουςβν
2938 4449 2998 4485 τε
3032 4435 3152 4495 ταῖς
3197 4430 3460 4500 ἀμφόδοις
3493 4429 3591 4483 καὶ
3615 4432 3676 4481 ἐν

444 4519 553 4573 que
603 4503 656 4557 in
690 4501 928 4572 acr0poli
961 4502 1288 4557 animalibus
1331 4502 1506 4557 brutis
1538 4506 1824 4561 miscentes
1873 4505 2002 4560 Bar-

2114 4532 2175 4600 τῇ
2210 4528 2502 4598 ἀκροπόλει
2533 4501 2745 4594 ἀλόγοις
2767 4501 2925 4588 (ibet;
2961 4522 3379 4590 ἀναμγινύντες,
3411 4521 3677 4574 κατέκαι-

441 4597 557 4651 bari
616 4595 951 4660 cremabant,
1007 4593 1390 4649 inhunianitati
1429 4611 1540 4650 sum
1594 4597 1695 4652 hoc
1751 4597 2000 4652 ultimum

2114 4593 2236 4674 wwoi
2288 4593 2486 4690 ἐχθροὶ
2532 4617 2591 4672 τὸ
2621 4593 3023 4687 μισάνθρωπον,
3057 4613 3154 4682 ὀψὲ
3216 4613 3312 4666 καὶ
3345 4611 3504 4665 τοῦτο
3535 4612 3673 4684 δρά-

439 4686 723 4738 ειιίίιοηιεε.
749 4683 882 4738 Cum
904 4683 1135 4753 primum
1167 4685 1288 4738 illos
1320 4685 1519 4739 hortati
1553 4702 1798 4744 essemus
1838 4698 1893 4743 ut
1923 4689 2003 4741 in-

441 4776 725 4826 huu'arcnt
758 4772 1024 4827 cadavera
1057 4789 1122 4827 ne
1172 4777 1274 4828 hoc
1307 4775 1458 4830 triste
1489 4779 1859 4844 spectaculum
1902 4777 2000 4832 ad-

439 4873 588 4915 esset
631 4877 966 4931 vaporesque
1019 4864 1336 4931 pestilentes
1366 4866 1775 4931 exhalarentur,
1811 4867 1998 4934 hujus~

443 4950 584 5002 modi
622 4967 680 5005 se
703 4967 822 5005 esse
853 4963 1101 5006 assuetos
1128 4955 1401 5021 dicebant,
1450 4958 1644 5027 hisque
1670 4957 1999 5027 spectaculis

439 5053 491 5096 cl.
521 5043 780 5096 odoribus
803 5043 1057 5111 gaudere.

516 5134 637 5188 109.
695 5134 878 5189 Caedes
913 5135 1130 5205 quidem
1173 5151 1460 5209 raptusque
1506 5144 1728 5196 violenti
1789 5157 1850 5197 ac
1882 5144 1998 5212 ple-

441 5241 611 5294 raque
656 5229 794 5280 mala
845 5243 1062 5283 cessare
1099 5234 1210 5283 visa
1263 5243 1389 5285 sunt
1423 5250 1483 5288 ex
1514 5235 1668 5302 jussu
1708 5235 1992 5303 comitum,

442 5318 510 5371 ad
583 5317 860 5372 meridiem
911 5319 1042 5387 diei,
1101 5339 1204 5390 qua
1273 5338 1577 5394 expugnata
1636 5339 1718 5384 est
1780 5330 1991 5386 civitas.

440 5406 569 5462 Erat
595 5423 718 5463 vero
766 5407 1086 5473 Sabbatum,
1134 5428 1241 5480 quo
1297 5414 1435 5482 fuga:
1470 5419 1618 5474 locus
1689 5434 1792 5472 non
1849 5430 1990 5485 erat,

437 5515 597 5566 quam
635 5515 697 5552 ex
724 5497 1016 5570 Evangelia
1049 5504 1397 5572 deprecaturi
1431 5508 1680 5571 fuissent,
1710 5513 1802 5566 sed
1828 5520 1994 5572 tanta!

441 5591 592 5642 urbis
630 5590 872 5643 exitium.
907 5590 1036 5656 Quae
1061 5594 1312 5664 deinceps
1362 5599 1671 5652 acciderunt
1705 5597 1863 5657 nemo
1901 5601 1993 5657 ac-

437 5690 621 5734 curate
651 5682 867 5736 dixerit.
895 5681 966 5735 Ea
995 5700 1121 5737 νιΤο
1147 5701 1265 5753 quae
1288 5688 1484 5757 eligere
1520 5691 1813 5759 potuimus,
1845 5694 1988 5762 quod

327 5788 338 5797 ·
434 5786 496 5825 ea
580 5771 817 5829 scribere
907 5777 1282 5860 potuerimus,
1345 5781 1714 5849 gloriabimur.
1790 5783 1989 5843 Omnes

2107 4729 2315 4773 σαντες.
2349 4711 2431 4763 Τὰ
2471 4710 2662 4780 πρῶτα
2688 4709 2799 4778 γὰρ
2861 4705 2953 4774 ὑφ’
2986 4705 3140 4776 ἡμῶν
3181 4703 3673 4776 παρακαλούμενοι

2103 4801 2416 4871 καταχῶσαι
2445 4800 2570 4863 τοὺς
2599 4799 2846 4868 νεκροὺς,
2885 4796 2958 4866 μὴ
2990 4797 3084 4850 καὶ
3113 4795 3210 4848 θέα
3265 4795 3670 4864 δυσπρόσωπος

2102 4890 2394 4954 ἓκκεινται,
2421 4893 2512 4944 καὶ
2543 4889 2822 4958 ἀποφορὰς
2849 4889 2905 4942 δὲ
2936 4888 3159 4957 νοσερὰς
3183 4886 3502 4956 ἁτμίσωσιν,
3541 4887 3672 4941 ἐθά-

2099 4979 2183 5039 δες
2215 4977 2465 5031 τοιούτων
2501 4978 2652 5030 αὐτοὶ
2681 4979 2887 5045 ἔφασαν
2921 4971 3086 5040 εῖναι,
3117 4974 3210 5028 καὶ
3236 4973 3447 5045 χαίρειν
3476 4976 3670 5028 τοιαύ-

2098 5085 2218 5130 ταις
2251 5068 2398 5128 θέαις
2435 5085 2491 5120 τε
2521 5068 2614 5120 καὶ
2643 5067 2855 5136 ὀδμαῖς.

2170 5156 2276 5229 ρη’.
2332 5161 2394 5212 0i
2445 5160 2541 5228 μὲν
2597 5159 2660 5229 δὴ
2714 5159 2896 5211 πολλοὶ
2949 5159 3120 5226 φόνοι,
3176 5159 3271 5212 καὶ
3319 5159 3374 5210 ai
3427 5158 3668 5226 σφοδραὶ

2099 5250 2365 5316 ἁρπαγαὶ,
2397 5250 2484 5302 καὶ
2517 5251 2582 5301 τὰ
2615 5235 2789 5301 πλείω
2806 5249 2950 5302 κακὰ
3000 5248 3204 5301 δοκοῖεν
3254 5248 3319 5302 ἂν
3373 5248 3534 5315 λῆξαι
3563 5267 3668 5318 με-

2096 5342 2164 5394 τὰ
2207 5341 2551 5411 μεσημϐρίαν
2574 5341 2668 5406 τῆς
2706 5340 2938 5410 ἡμέρας,
2999 5339 3122 5393 καθ’
3147 5341 3266 5409 ἣνή
3319 5340 3540 5401 ἅλωσις,
3602 5341 3667 5407 ἐξ

2073 5433 2466 5502 ,ἐπιτάγματος
2484 5431 2592 5484 τῶν
2623 5433 2894 5500 κομήτων.
2926 5427 3034 5483 Ἤν
3060 5432 3114 5483 δὲ
3144 5429 3438 5492 Σάϐϐατον,
3473 5430 3535 5482 οὐ
3561 5447 3670 5498 φυ-

2094 5521 2196 5590 γὴν
2225 5521 2366 5592 ἔχον,
2398 5523 2461 5591 ἣν
2494 5522 2866 5589 εύαγγελικῶς
2914 5520 3200 5586 ἀπεύξαιτ’
3231 5521 3294 5574 ἄν
3342 5536 3445 5583 τις,
3512 5520 3667 5576 ἀλλὰ

2092 5613 2422 5683 τηλικαύτης
2450 5611 2654 5675 πόλεως
2683 5611 2924 5681 mem.
2958 5613 3038 5664 Τὰ
3073 5612 3128 5664 δὲ
3179 5609 3426 5662 ἐντεῦθεν
3458 5611 3564 5664 οὐκ
3591 5613 3663 5664 ἂν

2097 5701 2194 5770 μέν
2227 5718 2308 5764 τις
2355 5684 2579 5770 ¹φραὶσαι,
2614 5704 2688 5764 ὡς
2746 5702 2914 5770 μηδὲν
2965 5718 3014 5753 τι
3068 5698 3327 5766 ἐλλεῖψαι.
3389 5698 3536 5750 ’Ὅσα
3603 5701 3666 5755 δι

2093 5791 2236 5845 ἐστιν
2289 5792 2660 5860 ἐπιλέξασθαι,
2695 5794 3017 5864 αὐχήσωμεν
3051 5789 3115 5845 ἂν
3150 5793 3239 5845 καὶ
3291 5788 3439 5843 αὐτοὶ
3478 5791 3665 5846 ἱκανοὶ
