3950 6242
316 342 427 408 109

1108 341 1206 401 DE
1246 339 1819 403 THESSALONICA
1851 342 2063 404 URBE
2102 345 2142 402 A
2187 344 2498 408 LATINIS
2520 347 2778 408 CAPTA.

2465 227 2489 256 \

3473 345 3574 411 110

315 457 548 511 ἔσεσθαι
589 454 1044 526 ἀπογράψασθαι.
1076 455 1289 518 Πάντες
1319 458 1366 509 οἱ
1405 455 1508 520 ἔξω
1544 455 1792 517 ἱππόται,
1817 455 1912 508 καὶ

2047 464 2226 533 quites
2277 467 2365 536 qui
2402 473 2560 523 erant
2593 475 2748 522 extra
2787 479 2998 528 muros,
3034 463 3315 531 ducesque
3349 459 3569 517 classis.

317 552 368 601 οἱ
407 548 677 618 ναύαρχοι
712 549 789 610 δὲ,
823 547 1132 609 ἀκολούθως
1162 548 1222 602 δὲ
1277 549 1372 601 καὶ
1403 549 1452 600 οἱ
1485 548 1626 616 ἀμφ’
1677 547 1900 612 αὐτοὺς,

317 641 778 709 ἀνακαθήραντες
810 640 912 710 ἤδη
944 640 1010 693 τὰ
1035 639 1186 708 σφίσι
1237 639 1470 708 φοϐερά,
1506 640 1601 691 καὶ
1637 640 1905 708 μισήσαν-

321 749 412 794 τες
435 733 516 795 είς
547 732 712 786 πλέον
730 733 1132 801 αίθριοκοιτεϊν,
1163 730 1404 800 ἔπλησαν
1424 727 1593 791 ἀδεῶς
1625 731 1718 793 τὰς
1753 729 1908 798 οἰκή-

327 842 443 886 σεις
477 825 578 892 τῆς
618 824 862 888 πόλεως·
905 826 999 885 τὰς
1037 826 1134 892 μὲν
1193 823 1410 892 μείζους
1442 822 1586 876 κατά
1639 822 1904 890 κεφαλὰς,

325 919 424 971 καὶ
453 918 570 971 ὅσοι
604 918 733 986 περὶ
762 918 948 980 αὑτάς·
977 917 1072 979 τὰς
1095 915 1149 970 δὲ
1178 917 1430 978 ἐλάττους
1457 915 1598 968 κατά
1618 929 1768 976 τινας
1791 913 1907 978 ἴλας

329 1011 558 1079 ἑτέρας,
595 1008 748 1070 ὅσαις
776 1004 846 1080 ἦν
908 1006 1222 1078 σύμμετρον
1249 1007 1311 1060 τὸ
1364 1004 1673 1070 κατάλυμα.
1709 1005 1820 1056 Καὶ
1848 1005 1910 1057 τὸ

329 1101 586 1154 ἐντεῦθεν
607 1101 763 1154 αὐτοὶ
797 1102 894 1168 μὲν
915 1095 1054 1168 ἦσαν
1082 1099 1245 1152 οἴκων
1271 1098 1402 1151 εἴσω
1423 1114 1436 1128 ·
1490 1097 1551 1149 τὸ
1583 1095 1640 1149 δὲ
1696 1095 1907 1148 πολιτι-

331 1195 430 1246 κῦν
456 1192 607 1246 ᾶπαν
647 1191 903 1261 σύστημα
928 1191 1214 1254 ἐπλάζετο.
1242 1191 1299 1242 έν
1329 1183 1410 1252 οἷς
1462 1187 1556 1241 καὶ
1585 1188 1768 1257 ἡμεῖς.
1802 1184 1911 1237 Καὶ

328 1285 394 1337 τὸ
425 1283 524 1350 μὲν
557 1282 836 1352 βάρὸαρον
884 1282 1104 1351 ἐνέμετο
1155 1280 1255 1341 τάς
1307 1280 1393 1333 ἐπ’
1419 1278 1584 1332 οἴκων
1630 1277 1868 1338 ἐνθέσεις
1893 1289 1908 1306 ·

332 1377 386 1428 οἱ
407 1375 465 1427 δὲ
531 1374 914 1428 οἶκοδεσπόται
956 1372 1317 1440 ἀπελήλαντο,
1378 1369 1474 1422 καὶ
1532 1366 1914 1438 περιενόστουν

331 1460 439 1519 ὦδε
473 1467 656 1526 κάκεῖ,
697 1465 1006 1528 πεινῶντες,
1031 1462 1312 1530 διψῶντες,
1365 1459 1662 1531 ῥιγοῦντες,
1696 1458 1779 1510 ὅτι
1819 1454 1914 1508 καὶ

336 1557 562 1625 γυμνοί.
597 1557 707 1610 Καὶ
737 1555 850 1608 εἴθε
883 1555 984 1622 μὲν
1011 1554 1230 1622 γυμνοὶ,
1257 1552 1332 1614 ὡς
1363 1550 1430 1605 ἄν
1461 1568 1561 1604 που
1592 1550 1688 1603 καὶ
1720 1547 1916 1600 ἐλεοῖν-

336 1666 403 1700 το
431 1650 496 1700 ὲκ
532 1651 644 1700 τῶν
694 1647 1098 1716 γυμνωσάντων
1122 1661 1136 1676 ο
1193 1645 1289 1696 νῦν
1317 1643 1376 1696 δὲ
1446 1640 1791 1710 σοφιζόμενοι
1815 1638 1914 1706 τὴν

339 1737 579 1797 ἔνδυσιν,
613 1736 702 1789 διὰ
733 1737 795 1788 τὸ
833 1735 1007 1798 ἄλλως
1037 1735 1157 1787 κατ’
1184 1734 1308 1803 ὄψιν
1341 1733 1586 1801 αἱσχρδν,
1629 1731 1731 1782 οὐκ
1767 1723 1915 1797 εἶχον

338 1829 514 1892 ἑλεον,
541 1824 631 1881 οἷα
659 1827 760 1897 τῆς
789 1828 1030 1896 ἀνάγκης
1056 1827 1290 1895 ἑκάστῳ,
1321 1825 1370 1878 εί
1402 1825 1494 1878 καὶ
1523 1821 1770 1885 ἀθαλλον,
1804 1820 1916 1874 ἀλλ’
1950 1813 1990 1868 Β

340 1919 438 1974 οὖν
488 1936 612 1971 τινα
679 1917 869 1988 στολὴν
919 1916 1280 1986 ἀφοσιούσηςο
1333 1914 1526 1968 ὁποίαν
1585 1911 1710 1966 ἰδὼν
1764 1912 1792 1963 ό
1823 1910 1922 1978 μὲν

344 2009 454 2075 ἔξω
480 2009 733 2074 πένθους,
763 2009 980 2078 γελάσοι
1035 2009 1100 2062 ἀν
1129 2008 1218 2062 διὰ
1253 2007 1315 2061 τὸ
1355 2006 1778 2076 σκηνικώτερον.
1814 2005 1842 2056 ὸ
1868 2003 1924 2056 δὲ

346 2099 789 2168 σνγγεγευμένος
816 2097 912 2153 τοῦ
937 2097 1141 2160 πάθους
1165 2099 1265 2150 οὐκ
1289 2097 1354 2151 ἂν
1386 2097 1608 2165 όκνήσοι
1649 2095 1723 2165 μὴ
1761 2093 1927 2146 ἐκθα-

347 2193 464 2247 νεῖν
498 2192 860 2261 λυπούμενος.
915 2176 1226 2262 Ἐ’τρύπησέ
1253 2205 1339 2250 τις
1377 2187 1593 2256 ψίαθον,
1623 2187 1718 2238 καὶ
1770 2201 1927 2252 περι-

346 2285 676 2356 ϐαλόμενος,
706 2283 942 2352 ἔκρυπτε
970 2281 1126 2352 μόγις
1180 2281 1278 2352 τὴν
1327 2279 1595 2350 προσθίαν
1647 2276 1925 2346 αἰσχύνην.

349 2379 467 2432 Καὶ
498 2379 694 2446 ἠγάπα
725 2375 868 2429 οὕτω
911 2370 1314 2444 καλυψάμενος,
1347 2373 1620 2440 εὐδαίμων
1675 2369 1835 2431 αὐτὸς
1863 2369 1930 2437 τῇ

353 2468 500 2539 πρὸς
532 2469 752 2539 ἑτέρους
786 2466 1094 2538 παραϐολῇ,
1130 2465 1244 2518 ὅσοι
1299 2463 1361 2517 τὸ
1389 2464 1531 2516 κατά
1579 2463 1736 2532 χεῖρα
1767 2459 1933 2526 θέναρ

353 2565 456 2617 καὶ
484 2561 554 2614 τὰ
607 2558 848 2614 δάκτυλα
879 2557 1023 2611 καθά
1049 2575 1099 2609 τι
1126 2554 1541 2628 παραπέτασμα
1588 2550 1933 2622 προθέμενοι,

355 2653 455 2708 καὶ
480 2651 837 2721 κρύπτοντες,
873 2649 1017 2719 άπερ
1047 2648 1237 2717 ἐχρῆν,
1297 2643 1589 2716 ἠρκοῦντο,
1625 2642 1699 2711 μὴ
1727 2640 1938 2709 ἔχοντες

354 2749 386 2800 ὅ
420 2763 473 2799 τι
507 2745 668 2798 πλέον
721 2743 999 2812 δράσουσι.
1045 2740 1159 2794 Καὶ
1186 2735 1254 2811 ἦν
1285 2739 1384 2809 μὲν
1439 2736 1532 2790 καὶ
1564 2734 1693 2788 αὐτὸ
1725 2733 1784 2785 οὗ
1811 2731 1938 2794 θέας

358 2837 536 2902 ἄξιον.
567 2837 632 2889 ΕΞ
684 2835 740 2888 δὲ
765 2833 860 2887 καὶ
909 2833 1173 2902 γυναῖκες
1221 2832 1314 2884 τοῦ
1369 2830 1574 2890 πάθους
1622 2826 1942 2882 ἐκοινώνουν

360 2929 546 2993 τοῦδε,
576 2927 630 2980 τί
659 2927 725 2997 δὴ
759 2925 1004 2996 ἔλαμπεν
1035 2923 1210 2994 ἥλιος,
1249 2920 1326 2986 ὡς
1390 2922 1483 2975 καὶ
1519 2919 1742 2974 τοιαῦτα
1777 2919 1942 2972 καθο-

361 3038 488 3092 ρᾳνς

2013 571 2313 628 omnesque
2381 559 2474 628 qui
2531 574 2626 614 eos
2667 557 3094 622 comitabantur,
3128 555 3239 624 jam
3301 555 3369 608 de
3425 551 3577 606 omni

2012 650 2258 716 periculo
2304 653 2508 714 securi,
2541 652 2900 719 nolentesque
2952 649 3160 702 diutius
3205 645 3308 701 sub
3335 645 3430 698 dio
3461 658 3578 696 ma-

2014 753 2164 801 nere,
2207 738 2530 793 ﬁducialiter
2584 739 2774 793 domos
2835 736 2985 792 urbis
3029 735 3427 803 impleverunt;
3461 746 3579 784 ma—

2010 829 2161 902 jores
2215 841 2366 886 certo
2408 831 2638 885 militum
2697 846 2950 891 numero,
2991 829 3232 882 minores
3271 840 3404 880 vero
3452 825 3582 877 reli-

2014 926 2138 996 quis
2191 925 2422 979 aliorum
2470 925 2770 994 agminum,
2815 924 2973 976 modo
3006 935 3114 990 quo
3150 917 3444 987 hospitium
3474 916 3575 969 ho-

2015 1018 2249 1086 Spitibus
2305 1015 2843 1079 accommodaretur;
2890 1015 3143 1081 deinceps
3194 1009 3580 1064 habitaverunt

2019 1111 2157 1163 intra
2201 1108 2412 1162 domos.
2470 1107 2661 1161 Omnis
2719 1120 2849 1159 vero
2908 1100 3312 1156 administratio
3340 1098 3580 1153 civitatis

2017 1199 2284 1256 dissoluta
2316 1207 2454 1262 erat,
2507 1198 2668 1266 cujus
2720 1211 2818 1251 nos
2853 1209 3098 1250 eramus.
3144 1191 3364 1247 Barbari
3398 1190 3582 1245 domi-

2019 1292 2122 1346 bus
2179 1293 2444 1346 tributum
2500 1289 2934 1352 constituerant;
2992 1285 3199 1340 domini
3233 1297 3362 1338 vero
3391 1296 3579 1337 earum

2020 1383 2227 1452 expulsi
2278 1381 2516 1444 fuerant,
2571 1380 2659 1436 hic
2711 1387 2765 1434 et
2804 1378 2915 1432 illic
2975 1385 3248 1438 errantes,
3291 1373 3450 1436 fame,
3490 1372 3582 1425 siti

2019 1473 2276 1536 cruciati,
2329 1473 2614 1526 horrentes
2646 1485 2756 1540 prce
2805 1469 3069 1523 nuditate.
3110 1465 3176 1520 Et
3205 1464 3410 1519 utinam
3445 1463 3585 1516 luis-

2021 1574 2143 1621 sent
2168 1565 2321 1626 nudi,
2359 1574 2418 1619 ut
2459 1563 2598 1619 forte
2631 1563 2897 1617 nudantes
2931 1562 3080 1630 ipsos
3114 1570 3465 1611 commovere
3487 1568 3587 1624 po-

2023 1657 2284 1713 tuissent!
2336 1670 2484 1710 nunc
2540 1670 2691 1716 vero,
2723 1653 3044 1706 indumento
3079 1650 3200 1704 novi
3255 1647 3468 1717 generis
3502 1646 3587 1698 iu—
3647 1670 3650 1674 ~

2025 1759 2207 1815 vento,
2242 1749 2388 1819 quod
2421 1749 2556 1802 alias
2577 1747 2694 1801 visu
2728 1758 2882 1815 turpe
2901 1754 3007 1809 est,
3042 1759 3148 1797 non
3181 1740 3437 1796 commoti
3461 1745 3589 1793 sunt

2023 1841 2313 1912 quamdam
2351 1842 2588 1895 tunicam
2635 1835 3020 1904 relinquendo,
3083 1848 3246 1904 quam
3280 1829 3586 1887 necessitas

2025 1934 2323 2002 unicuique
2361 1932 2675 1994 donaverat,
2713 1929 2839 1982 licet
2876 1926 3115 1981 unicam.
3160 1923 3400 1988 Quieam
3435 1918 3587 1973 vide-

2025 2028 2138 2092 bat,
2161 2025 2358 2080 nedum
2376 2024 2604 2094 lugeret,
2626 2023 2834 2078 ridebat
2862 2035 2892 2072 e
2920 2026 3111 2074 contra
3147 2031 3212 2070 eo
3245 2013 3384 2083 quod
3417 2010 3588 2078 magis

2029 2119 2304 2173 scenicum
2337 2123 2518 2182 essu-t;
2567 2113 2660 2183 qui
2700 2129 2829 2168 vero
2853 2107 3130 2182 passionis
3157 2103 3432 2174 particeps
3467 2099 3590 2153 lue-

2031 2218 2136 2269 rat,
2170 2222 2279 2261 non
2310 2205 2597 2259 hmsitabat
2627 2202 2824 2256 timore
2847 2198 3062 2254 mortis.
3107 2195 3357 2250 Stoream
3394 2189 3591 2258 aliquis

2031 2301 2362 2372 perforabat,
2390 2297 2847 2366 rircumdansque
2893 2295 2980 2348 vix
3009 2292 3252 2346 anterius
3279 2283 3589 2356 pudendum

2033 2371 2481 2461 circumtegebat.
2543 2389 2837 2455 Postquam
2887 2384 2959 2438 ita
3017 2383 3443 2436 circumtexerat
3488 2371 3596 2428 sibi

2037 2483 2316 2538 videbatur
2345 2496 2465 2536 esse
2495 2481 2683 2535 beatus
2713 2491 2822 2547 prae
2860 2475 3098 2536 caeteris,
3130 2471 3247 2542 qui,
3281 2469 3454 2524 volam
3479 2479 3598 2517 ma-

2037 2593 2142 2632 nus
2177 2590 2238 2630 ac
2269 2573 2468 2644 digitos
2499 2574 2650 2628 velut
2681 2571 2955 2640 quoddam
3013 2567 3190 2622 velum
3228 2567 3598 2634 proponentes

2036 2667 2542 2736 abscondentesque
2576 2664 2722 2734 quod
2773 2672 2892 2718 erat
2927 2653 3400 2716 abscomlendum,
3449 2645 3602 2702 sutil-

2038 2772 2162 2812 cere
2212 2756 2623 2817 existimabant,
2681 2767 2791 2805 non
2839 2749 3102 2804 habentes
3162 2744 3308 2799 unde
3361 2738 3598 2807 amplius

2041 2847 2304 2902 lacerent.
2356 2846 2472 2901 lloc
2520 2845 2738 2914 quidem
2801 2849 2919 2897 erat
2972 2839 3090 2894 visu
3158 2831 3490 2889 miserabile.
3543 2828 3598 2882 Si

2041 2942 2204 2995 etiam
2257 2939 2512 2994 mulieres
2553 2951 2723 3006 passa;
2762 2934 3019 2997 luerunt,
3067 2928 3198 3000 quid
3221 2927 3304 2983 sol
3342 2921 3518 2980 illuxit
3542 2927 3602 2974 ut

2046 3035 2159 3088 hate
2189 3029 2687 3101 contemplaretur?

441 3157 546 3227 ρθ’.
589 3153 732 3208 Ἀλλ’
757 3152 916 3214 αὐτὸς
959 3152 1055 3221 μὲν
1084 3149 1230 3222 εἶχεν
1285 3148 1458 3212 ἄλλως
1486 3146 1854 3202 ἐνδείκνυσθαί
1891 3163 1940 3198 τι

2116 3165 2240 3222 109.
2279 3166 2348 3220 At
2403 3166 2478 3220 illi
2513 3166 2702 3221 saltem
2751 3166 2853 3221 hoc
2890 3164 3238 3221 referendum
3292 3164 3421 3218 boni
3463 3164 3607 3234 quod

361 3247 558 3310 καλὸν,
616 3244 897 3312 ἐκτρέπων
924 3243 1048 3304 τοὺς
1073 3242 1264 3303 αὐταῖς
1317 3240 1732 3309 ἐνυϐρίζοντας.
1773 3239 1788 3257 '
1821 3238 1862 3289 0
1888 3236 1943 3289 δὴ

362 3339 543 3392 ἐπιὼν
573 3337 808 3407 ἕσπερος
841 3335 1102 3388 πάνδεινα
1127 3334 1324 3397 ἐποίει,
1357 3333 1548 3384 σκότον
1577 3329 1950 3400 προϐαλλόμε-

365 3447 462 3492 νος
489 3429 575 3491 εις
632 3424 959 3496 ἀποκρυφὴν
999 3424 1093 3477 καὶ
1122 3422 1416 3477 ἀναίδειαν.
1459 3422 1525 3474 Ἦ
1555 3422 1653 3491 μὲν
1681 3420 1790 3489 γάρ
1816 3419 1943 3490 ἡμέ-

368 3540 443 3592 ρα
472 3517 586 3590 εἶχέ
615 3535 668 3572 τι
702 3518 915 3586 σῶφρον
945 3516 1055 3569 δέει
1085 3515 1192 3568 τῶν
1221 3513 1596 3585 ὑπερεχόντων
1648 3528 1662 3543 ο
1692 3514 1724 3582 ἡ
1753 3512 1811 3565 δὲ
1855 3511 1952 3576 νὺξ

367 3611 755 3685 ὲπαρῤησίαζε
798 3609 868 3665 τὰ
893 3608 966 3680 μὴ
1001 3610 1145 3662 ὅσια.
1190 3603 1300 3662 Ἦν
1335 3623 1420 3670 τις
1462 3606 1604 3672 τότε,
1657 3623 1746 3659 και
1774 3605 1831 3667 ὃς
1856 3603 1952 3675 ῥά-

372 3723 472 3769 κος
499 3703 754 3775 εὑρηκὼς
789 3700 1239 3773 παρερῤιμμένον
1265 3717 1364 3752 που
1405 3697 1829 3769 ἀποκαθημένης
1855 3713 1952 3749 τυ-

371 3802 473 3871 χὸν
507 3798 542 3868 ἢ
577 3800 675 3852 καὶ
701 3795 934 3858 ἀλλοῖον,
963 3793 1170 3854 ὁποίοις
1205 3791 1420 3854 πολλοῖς
1459 3791 1508 3844 oi
1561 3790 1826 3860 λεωφόροι
1857 3806 1954 3842 κα-

373 3893 741 3960 τέστρωνται,
775 3887 871 3939 καὶ
900 3885 1074 3954 συχνά
1123 3883 1352 3936 τοιαῦτα
1408 3881 1835 3950 συγκεκρουκὼς
1875 3881 1956 3941 είς

377 3981 588 4053 ῥαφὴν,
645 3979 720 4043 ὡς
752 3975 888 4046 εἷχε,
946 3979 1040 4031 καὶ
1065 3975 1272 4028 λεντίου
1314 3973 1512 4044 τρόπον
1544 3969 1958 4038 συσκευασάμε-

376 4092 491 4139 νος,
545 4074 698 4127 ἄκων
727 4071 883 4140 ἤθελε
929 4068 1028 4137 τὴν
1087 4067 1331 4137 ἀσυνήθη
1374 4063 1722 4136 περιστολήν.
1775 4061 1956 4116 Ἄλλοι

379 4167 699 4236 συνθέματα
755 4165 888 4234 spati
928 4161 1180 4230 μαδῶντα
1231 4157 1657 4228 ἐξευρίσκοντες,
1701 4157 1796 4210 καὶ
1835 4157 1992 4208 ενα-ι

381 4261 671 4329 πτόμενοι,
692 4253 916 4328 ίκοιλίαν
948 4253 1046 4323 μὲν
1077 4254 1168 4306 καὶ
1219 4250 1378 4322 ῥάχιν
1423 4248 1518 4302 καὶ
1569 4249 1638 4302 τά
1666 4247 1960 4315 κατωτέρω

383 4353 626 4406 ἔσκεπον
654 4349 850 4419 σχοίνῳ
871 4345 1046 4416 σαθρᾷ
1086 4345 1180 4397 καὶ
1213 4344 1456 4413 ῥυπαρᾷ,
1499 4343 1564 4411 τῇ
1611 4341 1674 4393 ὲκ
1707 4339 1959 4409 φιλύρας,

382 4445 420 4516 ἢ
461 4442 669 4497 τοιοῦδε
696 4456 838 4500 τινος
867 4435 1326 4507 περιζωσάμενοι,
1357 4434 1427 4488 τὰ
1483 4433 1540 4486 δὲ
1568 4430 1732 4484 λοιπά
1761 4433 1819 4482 ὲν
1847 4427 1962 4498 χρῷ

382 4501 511 4589 κατ’
539 4532 708 4602 αὐτὴν
735 4531 913 4601 σάρκα
942 4501 1028 4598 ’τῷ
1056 4501 1177 4596 ἀέρι
1245 4527 1537 4595 γινόμενοι.
1585 4522 1961 4593 Ἰματισμένον
1993 4501 2034 4556 D

312 4624 316 4628 ’
378 4629 444 4682 δέ
485 4645 611 4680 τινα
635 4625 766 4678 ἰδεῖν
787 4623 848 4676 τὺ
873 4623 992 4676 ὅλον
1013 4622 1198 4689 ὅμοιον
1221 4614 1290 4688 ἦν
1322 4618 1396 4682 ὡς
1429 4619 1478 4670 ει
1507 4618 1600 4670 καὶ
1633 4617 1776 4686 ρἦα
1797 4610 1958 4678 εἶδεν,

380 4722 419 4788 ἦ
458 4717 619 4771 ἄλλον
641 4716 815 4787 ἄνδρα
885 4714 1293 4784 λαμπρότητος.
1342 4710 1576 4778 Πόρναις
1610 4708 1797 4778 μόναις
1849 4707 1963 4760 svi-

382 4814 574 4879 λαμπε
599 4809 796 4870 κάλλος
837 4804 1156 4877 ἱματισμοῦ,
1191 4803 1249 4857 αἳ
1291 4804 1406 4864 τοῖς
1462 4802 1630 4870 ίεροίς
1659 4799 1964 4869 πεπλώμα-

385 4916 476 4956 σιν
523 4901 869 4970 ἡγλαῖζοντο,
935 4898 1244 4966 εὖπάρυφοι
1271 4897 1384 4958 τοῖς
1444 4894 1662 4963 μιαροῖς
1712 4892 1965 4958 ἐρασταῖς

385 4991 870 5065 παρομαρτοῦσαι,
900 4989 994 5042 καὶ
1037 4989 1345 5059 βλεπόντων
1371 4987 1528 5056 ἡμῶν
1595 4983 1966 5055 παρῤησιαζό·

389 5104 556 5158 μεναι
575 5085 674 5155 τὴν
711 5083 1006 5154 ἁμαρτίαν,
1037 5085 1130 5134 καὶ
1154 5079 1744 5149 συγκαταχορεύουσαι,
1767 5076 1813 5130 ὣ
1839 5079 1968 5130 κάν-

390 5177 575 5231 ταῦθα
606 5175 759 5237 θείας
811 5174 1029 5243 ἀνοχῆςί
1064 5173 1128 5225 Αἰ
1163 5172 1218 5224 δὲ
1247 5171 1479 5240 κεφαλαὶ
1505 5173 1616 5232 τοῖς
1657 5170 1756 5237 μὲν
1791 5167 1968 5220 πλείο·

391 5285 484 5322 σιν
523 5261 665 5338 ἦσαν
699 5265 1169 5327 ἀκατακάλυπτοι,
1197 5262 1302 5315 τῶν
1325 5263 1572 5314 Λατίνων
1594 5259 1737 5313 οὕτω
1767 5277 1969 5312 σκευω-

394 5360 704 5428 ρησάντων,
738 5355 811 5416 ὡς
842 5354 908 5407 ἂν
955 5353 1174 5423 ἔχοιμεν
1219 5352 1280 5404 τὸ
1306 5349 1616 5421 ὀμόττολον.

447 5488 562 5560 ,ρι⁹.
607 5490 716 5544 Καὶ
744 5488 902 5541 τοῦτο
943 5486 1040 5558 μὲν
1091 5487 1139 5539 οἱ
1163 5485 1450 5554 δυνάμενοι
1480 5483 1738 5553 ἔπασχον.
1784 5483 1973 5546 Ὅσοις

392 5581 459 5635 δὲ
478 5581 550 5634 τά
573 5583 670 5648 τῆς
702 5578 943 5649 κεφαλῆς
977 5579 1078 5632 οὐκ
1117 5573 1262 5647 εἶχεν
1293 5574 1542 5642 ἀπαθῶς,
1568 5573 1683 5627 ἀλλ’
1714 5573 1820 5626 ἔδει
1873 5590 1972 5643 ζα-

396 5671 812 5740 τακεκαλύφθαι
841 5672 1010 5734 αὑτὰς
1047 5670 1129 5728 5ιά
1153 5670 1214 5722 τὸ
1251 5670 1552 5741 ἄρρωστον,
1607 5666 1723 5720 ἀλλ’
1776 5666 1974 5731 αὐτοὺς

401 5763 622 5835 βλέπων
659 5779 739 5827 τις
769 5763 1014 5825 παντοῖος
1050 5761 1116 5814 διν
1144 5759 1238 5830 τὴν
1288 5760 1465 5828 λύπην
1488 5759 1718 5828 γένοιτο,
1757 5759 1823 5829 τῇ
1852 5773 1971 5810 ποι-

2045 3261 2137 3330 qui
2172 3259 2278 3313 illis
2313 3258 2957 3313 insultabantaverteret.
2979 3257 3182 3326 Vesper
3208 3271 3336 3311 vero
3371 3271 3608 3324 sequens

2047 3351 2371 3422 gravissima
2424 3349 2624 3413 attulit,
2684 3350 2940 3404 tenebras
2980 3347 3277 3418 projiciens
3321 3358 3381 3402 ut
3428 3344 3609 3399 omnia

2048 3441 2514 3496 absconderentur
2534 3441 2818 3508 omnisque
2853 3441 3022 3510 pudor
3047 3439 3282 3493 abesset.
3317 3437 3441 3492 Dies
3465 3437 3609 3491 enim

2050 3533 2388 3602 prudentiam
2409 3532 2644 3602 aliquam
2676 3532 2984 3600 imponebat
3010 3531 3078 3584 ob
3095 3541 3294 3584 metum
3325 3529 3614 3582 dominan-

2049 3623 2207 3688 tium,
2242 3622 2368 3677 dum
2425 3637 2529 3677 nor
2579 3623 2842 3693 sacrilega
2889 3630 3037 3675 εδει-ι
3063 3630 3116 3674 et
3153 3619 3457 3674 sanctitatis
3485 3633 3619 3672 cou-

2052 3715 2335 3784 temptrix.
2389 3712 2620 3780 Quidam
2698 3713 2790 3767 ubi
2853 3727 3093 3782 pannum
3158 3712 3455 3764 laceratum
3524 3716 3618 3761 aut

2055 3808 2234 3862 simile
2284 3807 2435 3874 quid,
2473 3814 2534 3860 ut
2567 3806 2750 3860 videre
2794 3813 2878 3858 est
2929 3805 2981 3856 in
3027 3803 3130 3856 viis
3183 3801 3437 3871 publicis,
3471 3801 3621 3854 inve.

2056 3899 2248 3964 uisset,
2303 3904 2487 3966 partes
2540 3896 2748 3950 laceras
2801 3909 3016 3950 summa
3073 3908 3203 3948 cura
3263 3902 3521 3945 consutas
3565 3892 3618 3944 in

2057 3993 2209 4048 lintei
2245 3992 2476 4047 formam
2518 3990 2764 4044 mutabat
2797 3996 2850 4043 et
2880 3987 2960 4041 sic
2992 3997 3193 4041 vestem
3233 3985 3504 4040 insolitam
3539 3983 3623 4039 vel

2058 4095 2248 4140 contra
2302 4086 2632 4136 voluntatem
2696 4079 2970 4132 induebat.
3012 4078 3117 4131 Alii
3172 4091 3380 4146 pannos
3435 4075 3624 4130 laneos

2059 4177 2314 4232 humidos
2353 4187 2476 4230 cum
2525 4173 2852 4234 invenirent,
2881 4171 3238 4233 cousuebant,
3263 4169 3625 4238 velabantque

2061 4277 2326 4329 ventrem,
2357 4279 2516 4320 renes
2544 4277 2607 4317 ac
2639 4272 2823 4332 partes
2855 4261 3144 4316 inferiores
3175 4261 3302 4315 fune
3335 4259 3429 4313 vili
3449 4276 3509 4314 ac
3534 4259 3625 4313 de-

2065 4358 2181 4420 bili,
2203 4373 2266 4410 ex
2311 4356 2442 4408 tilia:
2464 4355 2668 4408 cortice
2690 4353 2852 4416 facta,
2881 4353 2962 4406 vel
2997 4354 3230 4422 quodam
3257 4351 3364 4404 alio
3391 4350 3625 4421 praecin-

2066 4460 2272 4518 geutes,
2312 4447 2446 4501 alias
2476 4461 2604 4501 vero
2628 4457 2806 4514 partes
2846 4445 3091 4512 corporis
3126 4443 3324 4505 nudas,
3392 4445 3506 4496 aeri
3530 4457 3628 4496 ex-

2065 4542 2290 4610 p0sitas,
2341 4538 2619 4592 habentes.
2683 4537 2779 4589 Cui
2830 4534 3208 4588 vestimentum
3238 4535 3526 4600 integrum,
3580 4533 3624 4584 is
3687 4535 3696 4544 '

2063 4641 2122 4687 ut
2167 4647 2258 4686 rex
2287 4631 2368 4684 vel
2400 4631 2540 4684 alius
2566 4630 2655 4680 vir
2683 4625 2914 4697 insignis
2947 4625 3267 4678 habebatur.
3313 4621 3624 4674 Meretrices

2064 4725 2192 4778 sol-e
2241 4723 2530 4792 splendore
2573 4721 3023 4773 vestimentorum
3090 4713 3388 4782 fulgebant,
3445 4713 3623 4766 sacris

2067 4815 2428 4868 velamiuibus
2464 4808 3022 4879 exsplendesceutes;
3056 4814 3366 4874 purpuratte
3395 4803 3629 4871 impuris

2068 4907 2406 4959 amatoribus
2432 4903 2818 4971 iungebantur,
2848 4914 2910 4952 ac
2940 4899 3042 4952 sub
3078 4899 3254 4952 oculis
3275 4899 3478 4951 nostris
3504 4911 3632 4964 pec-

2067 5007 2249 5050 catum
2283 4994 2552 5047 audebant
2585 4992 2888 5058 chorosque
2916 4987 3135 5042 ducere.
3183 4986 3228 5040 0
3267 4997 3469 5055 quanta
3501 4995 3630 5038 tunc

2070 5089 2324 5159 patientia
2371 5085 2494 5140 Dei!
2557 5086 2732 5152 capita
2775 5099 2901 5135 vero
2952 5085 3333 5149 plerorumque
3376 5077 3628 5145 equidem

2068 5182 2273 5235 nudata
2319 5185 2491 5242 erant,
2520 5176 2729 5231 Latinis
2759 5175 2811 5229 id
2852 5175 3136 5245 agentibus
3173 5182 3232 5226 ut
3255 5171 3444 5227 eodem
3473 5171 3630 5224 modo
3674 5241 3678 5244 ~

2074 5274 2246 5326 vestiti
2283 5285 2551 5326 essemus.
3283 5279 3286 5282 ’

2143 5474 2265 5528 110.
2296 5472 2408 5527 Hoc
2441 5482 2590 5526 vero‘
2611 5471 2959 5542 patiebantur
2992 5470 3084 5540 qui
3119 5474 3438 5538 potestatem
3474 5465 3638 5516 hahe-

2074 5568 2226 5622 baut.
2261 5566 2366 5620 Eos
2403 5575 2584 5619 autem
2638 5565 2727 5633 qui
2777 5562 2954 5632 capite
3006 5561 3263 5616 dolebant
3316 5565 3369 5610 et
3412 5565 3632 5624 propter

2083 5663 2282 5717 malam
2336 5659 2696 5713 valetudinem
2735 5658 2867 5712 illud
2921 5667 3208 5722 contegere
3260 5651 3552 5714 debebant,
3583 5651 3630 5703 si

2087 5753 2210 5825 quis
2256 5752 2562 5822 conspexit,
2601 5765 2814 5804 summo
2845 5759 3072 5802 maerore
3107 5741 3332 5798 allectus
3363 5750 3416 5797 et
3437 5744 3506 5795 ob
3536 5753 3629 5794 va-
