3950 6242
357 345 466 413 113
1180 355 1278 415 DE
1317 355 1885 418 TIIESSALONICA
1917 355 2124 415 URBE
2165 354 2211 413 A
2237 353 2548 415 LA'l‘lNIS
2589 355 2838 416 CAPTA.
3519 359 3617 423 lli

355 466 432 518 κά
468 468 562 520 καὶ
591 465 789 528 αὐτοὺς
833 464 862 517 ὁ
897 465 1164 537 βάσκανος
1210 465 1418 537 δαίμων
1457 468 1586 536 ἡμῖν
1617 468 1929 540 προσέθετο,

2041 501 2255 556 quoque
2281 487 2570 541 adversum
2605 501 2703 541 nos
2747 485 3034 554 improbus
3078 487 3286 542 damon
3328 499 3619 558 suggesse-

355 558 468 622 ἔξω
498 560 598 628 μὲν
634 560 739 628 πρὸ
767 559 868 630 τῆς
900 559 1153 622 ἁλώσεως
1192 559 1250 613 ἐν
1271 559 1432 624 ὄντας
1477 563 1590 622 τοῖς
1640 561 1920 631 πολεμίοις

2049 577 2140 642 rit,
2166 589 2321 631 extra
2347 579 2564 646 quidem
2589 577 2869 632 civitatem
2905 617 2922 642 ,
2955 585 3082 631 ante
3124 580 3611 649 expugnationem,

357 648 458 698 καὶ
507 645 872 717 Θερμοτέρους
927 648 1151 701 ἐκείνων
1183 649 1261 711 είς
1286 652 1353 702 τὰ
1383 649 1505 702 καθ’
1533 649 1692 720 ἡμῶν
1731 651 1929 704 ἀποδει-

2046 669 2100 722 in
2134 669 2327 723 mediis
2353 670 2627 736 hostibus,
2662 671 2772 724 illis
2806 670 2974 724 etiam
3021 669 3387 726 l'erventiorcs
3417 672 3468 726 in
3498 686 3614 726 ma-

360 740 672 818 κνυμὲνους
709 741 876 806 κακὰ,
910 740 971 794 ἐν
1017 741 1247 809 ἐφόδοις,
1282 745 1338 794 ἐν
1377 742 1574 812 λόχοις,
1616 745 1671 795 ἐν
1699 744 1929 812 προόδως

2046 761 2112 814 lis
2150 760 2440 815 adversum
2476 777 2577 816 nos
2600 763 2984 826 ostendendis,
3029 764 3080 816 in
3129 763 3611 833 aggressionibus,

356 830 482 890 ταῖς
508 831 590 891 είς
618 830 790 893 λείαν,
815 832 874 882 ἐν
903 834 1193 900 μηχαναῖς,
1243 833 1299 884 ἐν
1352 833 1645 899 ἐκφάνσεσι
1686 835 1790 886 τῶν
1821 834 1929 887 λαν-

2043 852 2096 905 ἱη
2128 852 2435 918 insidiis,in
2458 854 2870 908 incursionibus
2899 854 2966 908 ad
3005 857 3242 922 praedam
3267 856 3612 924 rapiendam,

359 919 676 972 θανόντων·
707 920 816 975 ἔσω
864 921 920 974 δέ
959 922 1320 985 δεσπόζοντας
1370 923 1527 993 ἡμῶν
1587 928 1680 978 καὶ
1724 925 1929 991 αὐτοὺς,

2043 942 2096 996 in
2135 943 2430 1010 machinis,
2461 945 2514 996 in
2550 944 2980 999 revelationibus
3005 945 3495 1010 absconditorum;
3526 947 3612 1000 in-

354 1012 587 1068 ἀπειλου
595 1016 810 1082 μένους,
827 1015 1235 1083 ἐπιτάσσοντας,
1247 1017 1694 1089 ἀποστεροῦντας,
1712 1019 1929 1072 τύπτον-

2038 1041 2118 1088 tra
2144 1048 2271 1088 vero
2299 1035 2576 1090 civitatem
2610 1036 2663 1088 in
2699 1048 2801 1088 nos
2837 1035 2999 1089 etiam
3040 1038 3322 1105 tyrannice
3381 1039 3611 1092 saevien-

357 1121 481 1168 τας,
515 1104 784 1175 ἀγχοντας
813 1108 926 1170 τοῖς
951 1107 1154 1170 ὠνίοις.
1198 1109 1482 1179 Ἀρτίσκον
1538 1111 1650 1180 γὰρ
1715 1111 1929 1181 παλάμτ

2040 1131 2147 1189 tes,
2175 1125 2471 1193 minantes,
2501 1127 2908 1196 praecipientes,
2941 1104 3243 1196 rapientes,
3295 1130 3614 1198 percutien-

359 1197 726 1266 περιληπτὸν,
763 1197 822 1251 ὃν
853 1198 1040 1252 ὀϐολοῦ
1069 1200 1135 1254 ἀν
1163 1218 1248 1264 τις
1271 1203 1585 1272 τιμήσαιτο,
1624 1202 1820 1256 πολλοῦ
1845 1203 1929 1255 αὑ-

2041 1227 2143 1282 tes,
2169 1219 2223 1272 in
2279 1220 2610 1273 commercio
2677 1221 3068 1288 opprimentes.
3118 1219 3410 1275 Massnlam
3468 1221 3614 1274 enim

357 1290 446 1343 τοὶ
491 1289 869 1359 ἐσταθμῶντο,
932 1291 1026 1344 καὶ
1083 1293 1388 1356 Λατινικῶς
1442 1296 1535 1347 καὶ
1581 1295 1732 1348 αὐτοὶ
1789 1297 1929 1366 ἡμᾶς

2039 1313 2229 1380 palum
2259 1327 2536 1374 mensura,
2588 1327 2711 1381 quas
2749 1313 2912 1366 obolo
2957 1314 3320 1377 constitisset,
3349 1313 3498 1365 multi
3536 1312 3613 1365 illi

356 1379 690 1447 ἀάπνιγον.
723 1383 840 1437 Καὶ
873 1381 1232 1454 ἀπολώλαμεν
1265 1386 1332 1437 ἂν
1393 1387 1715 1454 τηνικαῦτα,
1749 1388 1798 1440 εί
1861 1388 1929 1458 μὴ

2033 1400 2401 1465 πεῑίιηιιὺοηῑ,
2418 1379 2766 1470 Latinieeque
2789 1409 2841 1455 et
2860 1402 2961 1471 ipsi
2984 1417 3080 1456 nos
3096 1401 3439 1471 jngulabant.
3458 1400 3614 1454 Tunc

355 1471 462 1541 τὴν
492 1473 712 1540 ὀπώραν
740 1475 860 1526 κατ’
888 1475 1072 1543 ἄμμον
1094 1477 1370 1547 «nam;
1398 1479 1426 1531 ὁ
1451 1478 1585 1542 Θεὸς
1617 1480 1697 1550 (ἐν
1726 1475 1813 1543 αἷς
1841 1480 1935 1534 καὶ

315 1564 323 1569 ’
355 1563 463 1625 τὰς
493 1565 788 1632 σταφυλὰς,
821 1566 885 1630 ἃς
918 1567 1096 1621 ἄλλων
1131 1571 1538 1622 κεκοπιακὸτων
1591 1571 1770 1641 ἕτεροι
1790 1571 1936 1640 ἔδρε-

359 1673 486 1720 πον,
525 1659 606 1721 είς
633 1659 760 1722 τοὺς
796 1663 994 1724 κόπους
1022 1662 1244 1720 ἐκείνων
1305 1663 1726 1734 είσερχόμενοι),
1782 1664 1933 1734 ἐθρε-

353 1748 428 1817 ψε
462 1751 557 1802 καὶ
608 1752 776 1820 ἡμᾶς.
808 1753 900 1821 Μὴ
933 1752 1040 1822 γὰρ
1075 1755 1166 1806 ἐπὶ
1215 1754 1336 1806 νοῦν
1361 1754 1541 1821 ἀγέτω
1571 1771 1674 1820 τις,
1708 1754 1833 1808 ἄλλο
1876 1771 1931 1806 τι

2033 1491 2523 1562 ρετίἰεςοηιυε,ηἰεί
2549 1504 2867 1547 autumnum
2888 1493 3046 1550 nobis
3061 1508 3451 1547 consummatis
3471 1492 3613 1547 Deus

2035 1585 2165 1654 (quo
2187 1594 2427 1654 tempore
2451 1585 2569 1638 uvis
2602 1585 3036 1648 abundantibus,
3073 1601 3167 1655 pro
3197 1585 3392 1655 quibus
3416 1585 3506 1638 alii
3535 1587 3614 1637 la-

2033 1674 2395 1741 boraverant,
2439 1673 2528 1729 alii
2565 1676 2987 1740 vindemiarant,
3035 1677 3090 1729 in
3143 1675 3360 1730 labores
3411 1689 3612 1729 eorum

2033 1767 2326 1836 intrantes)
2367 1783 2466 1822 nos
2492 1768 2785 1823 euutrisset
2810 1766 3066 1823 Dens.No
3093 1769 3217 1838 quis
3244 1770 3389 1822 enim
3420 1767 3614 1821 existi-

341 1842 421 1904 -ἐς
449 1841 662 1912 τροφὴν
714 1844 810 1896 καὶ
856 1843 1067 1912 τρυφὴν
1120 1843 1592 1914 evagato/assae“
1655 1847 1823 1915 ἡμῖν’
1853 1838 1928 1898 ὧν

2039 1866 2150 1911 met
2191 1858 2381 1927 aliquo
2414 1859 2523 1912 alio
2559 1859 2614 1912 in
2655 1859 2884 1926 primam
2923 1867 2978 1912 et
3020 1860 3316 1913 secundam
3365 1872 3611 1912 mensam

359 1933 768 2002 ἐκθλιϐομένων
802 1935 922 2002 μὲν,
949 1932 1092 1987 οἶνον
1119 1937 1359 2004 εἴχομεν,
1393 1938 1444 1989 εί
1469 1938 1560 1990 καὶ
1591 1936 1937 2005 πνευματίαν

358 2026 697 2078 ἐκεῖνον-καὶ
728 2026 971 2096 βρόμιον,
1005 2029 1098 2081 καλ⁸
1151 2028 1212 2080 οὐ
1237 2030 1480 2100 προσηνῆ
1538 2031 1672 2099 πρὸς
1703 2029 1933 2097 ὑγίειαν,

354 2115 475 2166 ἀλλ’
501 2109 597 2168 οὗν
625 2117 1218 2187 παραμυθητικώτερον
1257 2118 1446 2182 ὓδατος
1464 2135 1478 2149 ·
1505 2121 1596 2172 καὶ
1632 2119 1848 2173 ἀλλοίαν
1879 2119 1935 2172 δὲ

350 2212 585 2281 τροφὴν,
627 2211 712 2264 ναὶ
743 2211 798 2265 δὲ
832 2215 921 2267 καὶ
954 2213 1245 2282 ἱματισμδν
1277 2217 1343 2283 τῇ
1416 2214 1813 2283 ἀπεμπολήσει,
1841 2211 1935 2264 καὶ

350 2303 486 2355 εἴτι
516 2303 574 2356 δὲ
595 2304 725 2357 ἄλλο
757 2303 935 2375 ῥᾴδιον
959 2307 1052 2358 καὶ
1111 2306 1404 2378 πρόχειρον
1460 2306 1807 2378 πορίσασθαι.
1863 2305 1930 2357 Οἱ

349 2390 418 2443 δὲ
477 2391 697 2456 ἐξώλεις
739 2395 1014 2464 ’Δρμένιοι
1085 2393 1338 2458 λέγονται
1392 2395 1486 2447 καλ
1552 2394 1933 2464 καταμιαίνειν

351 2481 494 2549 ἡμῖν
521 2481 647 2542 τοὺς
699 2479 1050 2551 ἇρτους.¹Ἠν
1103 2484 1160 2536 δέ
1213 2485 1344 2537 αὐτο
1380 2485 1476 2555 οὐχ
1537 2485 1739 2551 ἱκανὸν,
1801 2489 1929 2550 τοὺς

353 2574 614 2642 πτωχοὺς
649 2575 938 2644 ἐκτρέπειν
962 2575 1058 2629 τοῦ
1112 2577 1431 2644 προσίεσθαι
1463 2577 1529 2630 τὰ
1580 2577 1926 2646 πωλούμενα.

355 2663 522 2732 Δεινὴ
550 2665 658 2734 γὰρ
680 2668 713 2735 ἡ
745 2666 981 2735 ἀνάγκη,
1008 2669 1069 2719 τὸ
1122 2667 1363 2736 καθῆκον
1395 2668 1777 2737 ἐκκρούεςθαι,
1834 2671 1927 2724 καὶ

358 2757 534 2824 μόνου
561 2757 654 2809 τοῦ
703 2759 835 2826 πρὸς
861 2757 982 2826 βίαν
1014 2759 1335 2828 ἐγκειμένου
1370 2759 1636 2826 γίνεσθαι.
1667 2758 1922 2812 Τοιοῦτον

349 2847 415 2899 δέ
445 2865 570 2901 τινα
597 2849 836 2916 μιασμὺν
866 2850 1106 2918 διαρρέει
1139 2851 1292 2920 φήμη
1325 2851 1418 2902 καὶ
1445 2851 1508 2903 ἐκ
1541 2851 1649 2904 τῶν
1683 2851 1930 2906 Λατίνων

353 2939 594 3006 πάσχειν
647 2938 816 3007 ἡμᾶς.
869 2937 1085 2992 Ἔλαισν
1105 2939 1214 3009 γὰρ
1264 2941 1518 3008 πιμελαῖς
1568 2942 1661 2994 καλ⁸
1713 2943 1927 2996 στέασιν

353 3029 952 3100 ἐτκατακεραννύντες,
981 3030 1224 3098 ἐγίνοντο
1266 3033 1380 3094 τοῖς
1412 3031 1634 3099 ἀγαθοῖς
1671 3033 1929 3104 Χριστια-

355 3121 472 3182 vei;
513 3120 675 3173 αιτιοι
703 3119 802 3174 τοῦ
835 3124 1174 3192 παρανομεῖν
1196 3122 1294 3192 τὴν
1351 3124 1609 3192 νηστείαν
1638 3125 1738 3193 τὴν
1784 3124 1924 3177 κατὰ

352 3211 459 3274 τὰς
517 3213 776 3281 τετράδας
809 3213 902 3266 καὶ
963 3214 1320 3285 παρασκευάς
1346 3229 1360 3246 ο
1393 3216 1478 3268 ἵνα
1512 3216 1584 3284 μὴ
1618 3217 1774 3280 μόνον
1832 3217 1930 3286 τὴν
1956 3196 1999 3255 c

351 3304 532 3372 τύχην
569 3306 702 3374 ἡμῖν
739 3305 1126 3390 ἀλλοιώσωσιν,
1155 3305 1236 3370 οἷς
1262 3308 1408 3376 ἡμᾶς
1440 3309 1928 3372 κατεδουλώσαντο,

349 3394 614 3449 ἀλλὰκαὶ
647 3401 711 3467 τῇ
743 3397 874 3468 ἁγίᾳ
924 3396 1192 3469 θρησκείᾳ.
1221 3399 1798 3471 ἐμπαροινήσωσιν.Ὣ
1847 3401 1931 3464 τίς

350 3485 425 3540 ἂν
451 3486 742 3557 ἀνάσχοιτο
769 3489 996 3544 ἐκείνων
1011 3509 1026 3557 ;

449 3576 571 3649 ρκ’.
631 3581 744 3634 Καὶ
796 3582 886 3635 ὅτε
931 3584 1108 3653 ἡμεῖς
1140 3584 1240 3652 μὲν
1292 3587 1350 3638 ἐν
1405 3584 1482 3653 τῷ
1535 3585 1628 3638 τοῦ
1666 3583 1928 3657 μεγάλου

349 3671 706 3742 μυροὸλύτου
744 3675 860 3744 ναῷ
889 3675 1092 3746 ὕμνους
1117 3679 1297 3747 ἱεροὺς
1329 3677 1621 3747 ἐξελοῦμεν
1653 3681 1933 3750 περιιστά-

351 3781 520 3836 μενοι
553 3767 648 3819 τὸν
679 3769 1031 3838 περιώνυμον
1065 3770 1352 3838 ἐλεήμονα,
1390 3772 1438 3825 oi
1468 3771 1512 3824 δ’
1557 3774 1614 3825 ἐν
1646 3775 1768 3835 ταῖς
1798 3773 1933 3828 πλα-

347 3859 510 3926 γίαις
541 3857 637 3910 τοῦ
673 3859 820 3929 ίεροῦ
872 3861 1117 3930 βήματος
1161 3863 1228 3915 τὰ
1267 3863 1477 3916 ἑαυτῶν
1517 3865 1756 3929 ἐτέλουν,
1787 3867 1932 3919 ἀντι-

347 3947 667 4019 ιξωνοῦντες
705 3950 860 4018 ἡμῖν,
916 3949 1013 4004 καὶ
1069 3951 1168 4013 τὰς
1211 3953 1487 4016 πολίτιδας
1537 3953 1720 4021 φωνὰς
1761 3953 1932 4022 Omp-

345 4042 560 4108 φωνεῖν
610 4041 886 4104 ἐθέλοντες
940 4041 1090 4112 βοαῖς
1147 4043 1493 4112 κορυζώσαις
1529 4046 1625 4098 καὶ
1669 4046 1930 4116 ἀπηχέσι,

347 4131 618 4196 πολλάκις
647 4133 705 4186 δέ
731 4134 823 4186 καὶ
851 4136 976 4198 ταῖς
1010 4135 1120 4187 τῶν
1157 4137 1280 4189 καθ’
1311 4139 1458 4205 ἡμᾶς
1488 4137 1648 4190 θείων
1680 4137 1931 4205 Εὑαγγε-

348 4223 492 4276 λίων
528 4225 897 4295 ἐκφωνήσεσι,
937 4227 1074 4296 πρὸς
1106 4225 1221 4296 ἔριν
1269 4230 1318 4281 οἱ
1359 4226 1757 4297 ἀχαριτώτατοι
1779 4229 1932 4282 ἀντε-

356 4314 756 4383 πεξαγόμενοι,
790 4317 886 4370 καὶ
917 4319 1238 4387 συγχέοντες
1266 4317 1407 4371 οὕτω
1436 4319 1493 4372 τὸ
1518 4317 1801 4384 εὕτακτον,
1836 4319 1929 4373 διαὶ

343 4405 458 4474 τὴν
483 4407 633 4474 ὴρὰν
673 4408 939 4477 ἁρμονίαν
981 4409 1223 4473 λύοντες.
1276 4411 1386 4463 Καὶ
1435 4409 1675 4479 ἐλάλησα
1711 4411 1810 4480 μὲν
1837 4410 1928 4463 εὑ-

2036 1950 2267 2002 donatos
2304 1963 2406 2003 nos
2441 1950 2649 2015 fuisse;
2681 1965 2746 2005 ex
2785 1950 2904 2004 uvis
2943 1965 3084 2018 quas
3113 1965 3492 2019 presseramus
3533 1951 3612 2004 vi-

2038 2054 2166 2092 num
2194 2039 2413 2108 quidem
2462 2039 2820 2105 habebamus,
2847 2039 2974 2095 licet
3005 2051 3294 2094 ventosum
3320 2049 3374 2093 et
3411 2039 3610 2094 fetores

2039 2145 2310 2198 generans
2336 2144 2436 2184 nec
2465 2131 2687 2184 sanitati
2719 2129 2930 2196 favens,
2962 2131 3058 2186 sed
3093 2146 3234 2200 aqua
3259 2130 3568 2200 jucundius
3592 2167 3608 2192 ,

2033 2223 2248 2292 alioque
2272 2222 2396 2276 cibo
2429 2232 2523 2276 aut
2554 2225 2881 2277 vestimento
2937 2237 3002 2276 ex
3051 2222 3190 2285 foro,
3245 2237 3310 2276 ac
3359 2222 3404 2276 si
3457 2221 3610 2290 quod

2035 2313 2180 2367 aliud
2213 2322 2459 2384 paratum
2497 2327 2560 2369 ac
2583 2313 2742 2368 facile
2771 2323 3111 2384 comparatu.
3151 2314 3415 2370 Scelerati
3444 2314 3608 2367 etiam

2032 2403 2275 2459 Armenii
2302 2421 2470 2474 panes
2493 2406 2652 2461 nobis
2669 2409 2994 2476 corrupisse
3021 2407 3303 2462 dicuntur.
3343 2405 3456 2461 lloc
3484 2418 3614 2460 vero

2029 2496 2239 2564 justum
2279 2512 2386 2551 non
2420 2505 2539 2551 erat
2572 2513 2841 2568 pauperes
2893 2500 2962 2552 ab
3001 2499 3251 2554 emendis
3287 2497 3611 2576 necessariis

2031 2595 2296 2643 avertero.
2353 2589 2645 2661 Terribilis
2695 2591 3000 2645 necessitas
3031 2600 3115 2645 est
3155 2606 3182 2643 a
3215 2592 3368 2660 justo
3418 2591 3607 2660 probi-

2033 2682 2168 2747 heri,
2201 2682 2486 2752 solumque
2513 2683 2847 2752 prohibitum
2884 2684 3024 2737 lieri.
3061 2681 3216 2735 Talia
3269 2683 3430 2736 etiam
3454 2671 3610 2736 fama

2031 2770 2132 2823 fuit
2159 2785 2259 2826 nos
2311 2786 2340 2825 a
2392 2770 2602 2826 Latinis
2634 2771 2806 2827 fuisse
2852 2785 3064 2840 passos.
3095 2771 3322 2840 Adipem
3369 2772 3514 2826 enim
3551 2781 3604 2826 et

2031 2863 2220 2939 sebum
2251 2877 2376 2916 eum
2408 2862 2532 2916 oleo
2565 2863 2868 2916 miscentes
2895 2875 3058 2916 causa
3103 2862 3323 2915 ruerunt
3353 2875 3452 2916 cur
3482 2862 3611 2916 boni

2028 2952 2324 3008 Christiani
2387 2955 2592 3025 jejunia
2646 2955 3084 3025 Quadragcsimre
3153 2970 3216 3008 ac
3277 2953 3611 3011 Parasceves

2033 3061 2140 3100 non
2188 3047 2556 3110 observarint,
2617 3048 2691 3101 ita
2741 3055 2945 3101 utnon
3006 3047 3184 3100 solum
3247 3063 3352 3102 non
3411 3048 3613 3102 liberos

2031 3153 2156 3194 esse
2218 3139 2462 3194 sinerent
2501 3140 2554 3192 in
2605 3139 2875 3193 electione
2913 3148 3120 3194 nostrae
3178 3140 3458 3193 servitutis
3517 3141 3612 3194 sed

2032 3232 2194 3285 etiam
2245 3231 2416 3285 cultui
2465 3246 2622 3286 sacro
2669 3231 3018 3286 insultarent.
3050 3232 3186 3296 Quis
3239 3231 3351 3285 haec
3390 3233 3610 3286 tandem

2032 3325 2356 3379 sustineret?

2102 3584 2224 3640 115.
2244 3585 2379 3640 Cum
2402 3585 2455 3640 in
2482 3585 2682 3654 templo
2707 3588 2885 3656 magni
2914 3587 3231 3660 Myroblytze
3259 3584 3492 3657 hymnos
3524 3601 3611 3639 sa-

2035 3693 2164 3734 cros
2194 3688 2564 3741 cantaremus,
2609 3678 2878 3734 celebrem
2908 3679 3399 3749 eleemosynarium
3431 3679 3603 3732 colen-

2033 3777 2138 3831 tes,
2197 3767 2278 3820 illi
2332 3782 2460 3822 vero
2495 3768 2548 3820 in
2585 3767 2848 3834 gradibus
2875 3767 3181 3822 sanctuarii
3220 3781 3318 3820 sua
3351 3767 3610 3834 periit-ie-

2033 3861 2186 3923 baut,
2219 3859 2426 3913 nostris
2463 3859 2692 3932 vocibus
2718 3873 2847 3912 suas
2865 3865 3230 3926 opponentes,
3269 3856 3438 3908 altius
3457 3870 3597 3908 ean-

2032 3959 2121 4004 tus
2150 3948 2409 4019 profanos
2443 3963 2642 4002 canere
2669 3950 2916 4002 volentes
2948 3947 3130 4001 raucis
3164 3947 3503 4003 clamoribus
3537 3964 3618 4004 ao

2039 4040 2471 4103 dissonantibus,
2519 4053 2763 4108 persaepe
2814 4039 3156 4094 enuntiando
3188 4053 3346 4093 sacra
3371 4052 3612 4107 evange-

2033 4135 2104 4188 lia
2157 4142 2364 4198 nostra,
2420 4132 2493 4186 ita
2531 4133 2690 4201 longe
2741 4146 2769 4182 a
2827 4131 3093 4184 charitate
3143 4129 3212 4184 ad
3273 4130 3422 4185 rixas
3480 4144 3611 4199 pro-

2032 4232 2309 4286 vocantes,
2351 4232 2564 4278 tectum
2597 4223 2846 4276 ordinem
2891 4223 3178 4276 turbantes
3237 4221 3612 4276 harmoniam-

2028 4332 2136 4386 que
2193 4325 2440 4371 sanetam
2496 4315 2889 4369 dissolventes.
2935 4311 3243 4368 Prudenter
3290 4318 3472 4368 autem
3541 4312 3610 4365 de

2030 4407 2152 4461 istis
2187 4407 2373 4460 comiti
2429 4405 2668 4460 Alduino
2722 4407 2940 4461 locutus
2993 4420 3136 4471 sum,
3165 4405 3206 4458 si
3239 4391 3462 4473 quando
3519 4404 3614 4457 lie-

345 4497 539 4562 ὶαῦῶς
569 4501 664 4553 καὶ
689 4501 821 4570 περὶ
849 4500 1001 4555 τοῦδε
1035 4502 1114 4572 τῷ
1144 4502 1344 4572 κόμητι
1381 4503 1690 4575 ’Λλδουτνῳ,
1723 4506 1778 4558 εί
1808 4521 1925 4569 πως

2033 4508 2113 4554 ret
2145 4499 2325 4563 ordo,
2371 4512 2435 4552 ac
2492 4513 2558 4551 ne
2620 4497 2970 4552 sacerdotum
3033 4511 3256 4553 suorum
3313 4495 3613 4564 privilegiis

344 4590 586 4660 γένηται
609 4591 784 4657 τάξις,
818 4595 910 4647 καὶ
941 4592 1016 4662 μὴ
1041 4593 1276 4662 γελῶντο
1301 4595 1368 4648 τὰ
1395 4594 1512 4646 θεῖα
1533 4598 1600 4667 τῇ
1631 4595 1926 4667 αὐτονομίᾳ

345 4683 470 4735 τῶν
504 4684 638 4751 παρ’
665 4685 852 4746 αὐτοῖς
887 4684 1103 4752 ἱερέων.
1143 4684 1360 4739 ’Λνῠσαι
1397 4687 1453 4740 δέ
1487 4686 1644 4758 ἐσχον
1673 4688 1846 4750 οὐδὲν,
1877 4687 1930 4740 εί

345 4776 452 4829 καὶ
504 4774 679 4838 ἄλλως
727 4777 935 4840 ἐκεῖνος
966 4777 1128 4848 ἐῴκει
1169 4779 1227 4830 ἐν
1253 4777 1353 4832 οὐκ
1385 4778 1589 4847 ὀλίγοις
1625 4780 1827 4833 ἐθέλειν
1860 4779 1927 4834 τά
1973 4849 1986 4854 _

354 4867 651 4934 Ῥωμαϊκὰ
675 4867 921 4932 τάσσειν,
954 4870 1029 4931 ὡς
1061 4868 1136 4940 μὴ
1171 4869 1558 4926 καταλύεσθαι.
1601 4873 1700 4934 Ὃς
1729 4889 1792 4940 γε
1830 4874 1926 4926 καὶ

343 4958 773 5028 δικαιοπραγεῖν
819 4960 933 5012 είτε
989 4962 1477 5033 προσποιούμενος,
1512 4963 1620 5016 εἴτε
1653 4966 1746 5016 καὶ
1793 4962 1927 5032 πρὸς

345 5047 617 5118 ἀλήθειαν
645 5047 991 5121 βουλόμενος,
1035 5051 1092 5105 ἐν
1121 5069 1180 5106 τε
1209 5053 1287 5123 τῷ
1319 5054 1529 5124 κρίνειν
1553 5053 1646 5107 καὶ
1678 5053 1926 5117 κολάζειν

343 5139 480 5199 τοὺς
517 5139 820 5207 ὑπαιτίους,
860 5143 955 5195 καὶ
1009 5145 1228 5215 ἰσότητα
1265 5145 1547 5214 διανέμειν
1576 5148 1670 5198 καὶ
1701 5146 1928 5216 μώλωψι

348 5229 452 5284 καὶ
481 5230 696 5295 λοιπαῖς
747 5234 976 5299 αἰκίαις,
1019 5234 1152 5287 ἀλλά
1205 5236 1299 5288 καὶ
1333 5236 1562 5306 σκόλοψι
1603 5239 1712 5291 τῶν
1770 5255 1927 5304 τινας

345 5322 683 5392 κακούργων
701 5325 989 5396 τιμᾶσθαι,
1019 5329 1112 5380 καὶ
1141 5329 1220 5398 τῷ
1253 5331 1345 5382 τοῦ
1375 5331 1532 5397 ἁγίου
1567 5332 1724 5403 τάφῳ
1758 5335 1929 5404 ἀργυ-

347 5431 452 5485 ρον
481 5417 594 5490 ,καὶ
637 5417 840 5486 χρυσὸν
871 5419 1180 5489 ἐχορήγησε
1207 5423 1300 5474 τὸν
1349 5422 1625 5491 ἀρκοῦντα
1673 5427 1753 5486 είς
1792 5427 1927 5478 ἀνα-

343 5504 579 5574 ποίησιν
606 5505 702 5557 τοῦ
728 5506 1100 5576 ἐλλείψαντος·
1133 5510 1228 5563 καὶ
1270 5509 1486 5579 βίϐλους
1509 5512 1586 5578 δὲ,
1629 5517 1676 5564 εί
1717 5517 1810 5568 καὶ
1853 5517 1928 5587 μὴ

343 5596 452 5658 τὰς
516 5597 887 5668 ἀφῃρημένος
942 5601 1036 5652 καὶ
1083 5601 1205 5654 οὐδέ
1255 5604 1397 5656 πάνυ
1453 5621 1505 5657 τι
1562 5606 1924 5675 εὐχρήστους,

339 5689 470 5742 ἀλλ’
513 5685 630 5755 οὖν,
669 5690 799 5753 ὅσας
840 5692 1208 5764 εὖηρεστήθη,
1249 5695 1672 5765 ἐφιλοτιμήσατο
1723 5698 1926 5750 δοῦναι·

339 5784 442 5837 καὶ
503 5785 766 5852 πήγματα
823 5785 878 5839 δὲ
933 5787 1120 5857 κηρῶν
1171 5788 1413 5858 ἀργύρεα
1465 5793 1821 5863 {title-opma
1872 5793 1928 5845 ἐν

1475 5851 1534 5922 γ

2028 4589 2336 4645 illuderent.
2391 4587 2537 4640 Nihil
2592 4589 2839 4642 obtinere
2915 4586 3104 4655 potui,
3165 4586 3290 4640 licet
3362 4584 3453 4639 ille
3529 4583 3614 4637 vi-

2028 4698 2121 4738 sus
2179 4681 2372 4737 luisset
2416 4682 2554 4735 alias
2614 4696 2720 4734 non
2783 4682 2838 4734 in
2909 4680 3097 4748 paucis
3157 4675 3407 4731 Romana
3450 4677 3614 4730 resti-

2030 4786 2181 4830 tuere
2248 4775 2406 4835 velle,
2465 4789 2574 4827 non
2627 4781 2808 4826 autem
2863 4772 3184 4830 dissolvere.
3230 4769 3493 4839 Equidem
3528 4769 3614 4839 ju-

2028 4877 2145 4927 stus
2201 4867 2293 4920 ille
2341 4864 2522 4920 fuerat
2571 4865 2723 4918 visus
2782 4865 2897 4917 sive
2955 4863 3010 4918 in
3057 4861 3139 4916 his
3179 4875 3302 4932 qua
3344 4860 3412 4915 ad
3439 4861 3618 4931 ipsum

2028 4957 2375 5028 spectabant,
2422 4957 2541 5010 sive
2590 4954 2658 5008 ad
2709 4955 3018 5017 veritatem,
3065 4953 3368 5024 iudicando
3414 4969 3479 5008 ac
3505 4969 3606 5022 pu-

2029 5051 2236 5105 niendo
2297 5059 2580 5109 nocentes,
2658 5058 2823 5114 atque
2894 5047 2961 5100 ad
3013 5047 3382 5117 aequalitatem
3427 5058 3617 5114 pmna-

2029 5158 2149 5197 rum
2175 5158 2272 5212 pro
2301 5141 2472 5210 plagis
2491 5141 2814 5209 exterisque
2837 5141 3039 5196 ictibus
3065 5140 3345 5204 violentis,
3365 5147 3420 5194 et
3447 5141 3612 5192 etiam

2029 5235 2096 5300 ad
2167 5237 2347 5304 palum
2415 5235 2682 5303 quosdam
2767 5233 3185 5288 malefactornm
3260 5230 3609 5294 damnando;
3677 5243 3680 5246 ·

2032 5329 2209 5398 sancti
2264 5325 2499 5396 sepulcri
2549 5335 2835 5395 argentum
2883 5340 3104 5394 quoque
3152 5333 3208 5379 et
3242 5337 3439 5378 aurum
3473 5337 3609 5391 prae-

2036 5421 2156 5475 buit
2219 5427 2485 5489 quantum
2544 5415 2818 5474 su'liiccret
2868 5419 2934 5471 ad
2985 5417 3348 5487 supplendum
3381 5416 3427 5470 ei
3460 5413 3606 5482 quod

2031 5517 2239 5569 deerat.
2279 5514 2477 5566 Libros
2504 5512 2690 5574 etiam,
2737 5511 2863 5564 licet
2894 5523 3001 5562 non
3035 5509 3272 5572 ablatos,
3304 5520 3404 5559 nec
3427 5504 3606 5557 omni-

1999 5649 2002 5652 .
2035 5623 2107 5659 no
2145 5606 2326 5670 utiles,
2380 5605 2476 5659 sed
2509 5605 2598 5672 qui
2647 5603 2784 5672 grati
2825 5617 2944 5656 csse
2973 5609 3215 5668 possent,
3248 5600 3377 5650 dare
3400 5596 3607 5662 gloria-

2034 5706 2269 5761 tnsest;
2332 5695 2555 5749 donavit
2591 5709 2812 5764 quoque
2865 5706 3004 5746 cerac
3059 5691 3262 5756 figuras
3313 5696 3604 5753 argenteas

2034 5789 2362 5860 symbolicas
2395 5790 2449 5842 in
2487 5787 2641 5840 atriis
2692 5783 2894 5839 santtis
2933 5781 3154 5852 positas,
3191 5788 3487 5834 menwiatu
3521 5779 3601 5830 div
