3950 6242
335 525 366 534 ν

392 413 493 478 115

1087 425 1506 488 EUSTATHII
1541 428 2287 492 THESSALONICENSIS
2327 427 2890 491 METROPOLITi-E

3528 426 3631 496 116

391 547 547 601 gnas.
568 531 784 587 Cibaria
812 550 938 589 vero
955 553 1176 606 quoque
1204 539 1364 594 nobis
1387 539 1620 608 prmbuit
1643 540 1806 596 simul
1835 555 1959 594 cum

2077 542 2241 612 ἱεραῖς
2271 543 2521 603 εἰσόδοις,
2554 541 2716 610 λόγου
2748 539 2896 606 ἄξια,
2927 539 3238 610 ἐχαρίσατο·
3273 537 3368 592 καὶ
3410 539 3541 609 ἡμῖν
3572 541 3632 596 δέ

391 621 552 677 libris
582 638 720 692 quos
757 641 862 678 non
883 627 1036 680 Valde
1067 629 1484 698 appete-bamus,
1512 630 1728 686 divinas
1763 631 1960 700 imagi-

390 729 488 768 nes
520 730 749 783 quarum
784 718 954 785 rogati
990 720 1320 789 exemplaria
1356 723 1767 776 accuratissima
1793 724 1966 776 comi-

393 807 538 861 tibus
574 808 717 862 illius
751 810 935 876 partiti
974 827 1188 875 sumus,
1225 828 1322 868 nec
1367 829 1621 870 recusare
1665 817 1960 885 quivimus,

389 898 564 951 adhuc
596 907 648 952 et
679 909 922 954 sanctam
951 903 1342 969 supellectilem
1381 907 1514 972 (non
1546 908 1692 963 enim
1732 907 1960 961 celanda

387 997 474 1043 est
511 991 758 1058 veritas),
788 1007 849 1046 ex
893 1009 1000 1062 qua
1044 995 1248 1066 aliquot
1287 1009 1613 1056 ornamenta
1648 999 1834 1071 partiti
1879 1015 1964 1053 su-

311 1149 316 1156 _
390 1095 510 1135 mus
535 1081 717 1138 multis
754 1096 1065 1140 sanctarum
1099 1090 1484 1148 ecclesiarum.

462 1259 581 1314 “6.
620 1263 676 1315 In
729 1265 816 1324 bis
848 1266 1156 1326 laudandus
1201 1282 1284 1328 est
1324 1288 1507 1330 comes
1545 1274 1798 1341 Latinus,
1837 1276 1964 1330 licet

399 1348 534 1401 alias
585 1350 800 1425 aliquid
842 1357 969 1412 mali
1017 1359 1239 1414 mistum
1276 1361 1555 1430 habuerit,
1590 1373 1787 1419 natura
1815 1367 1961 1420 enim

385 1438 544 1513 juxta
577 1445 777 1502 bonum
825 1451 1024 1505 malum
1079 1465 1433 1523 opposuerat,
1468 1470 1739 1512 craterem
1771 1459 1966 1527 hujus-

393 1537 537 1592 modi
558 1538 609 1592 in
638 1538 731 1594 illo
749 1542 1134 1600 commiscens.
1158 1546 1309 1601 Clam
1338 1550 1482 1603 enim
1505 1549 1748 1606 Latinice
1770 1553 1967 1622 agebat

392 1644 516 1684 cum
593 1635 964 1700 nostratibus,
1021 1654 1084 1693 ac
1147 1656 1289 1710 saape
1372 1641 1586 1698 dicebat
1654 1644 1763 1700 illis
1819 1647 1960 1702 inter

392 1721 605 1789 dentes,
638 1728 779 1794 quod
819 1729 1155 1787 abominati'o
1215 1735 1294 1789 eis
1335 1734 1530 1790 fuisset
1560 1737 1704 1806 quod
1736 1739 1825 1794 die
1870 1753 1968 1792 ex-

393 1819 746 1888 pugnationis
795 1836 1009 1878 onmem
1065 1826 1338 1881 civitatem
1386 1844 1494 1882 non
1542 1830 1888 1899 jugulassent
1939 1848 1953 1885 :

2066 653 2188 689 τινα
2217 637 2438 705 ζωαρκῆ
2474 637 2730 703 ἐπένειμε
2762 633 2858 686 σύν
2899 651 2961 700 γε
3009 633 3105 685 καὶ
3149 629 3373 698 βίϐλοις,
3404 631 3474 694 ἀς
3514 631 3633 685 οῠτι

2064 727 2186 780 λίαν
2213 727 2538 797 ἐποθοῦμεν,
2596 727 2692 780 καὶ
2725 725 3086 794 είκονίσματα
3114 724 3258 786 θεῖα,
3300 717 3375 777 ὧν
3422 724 3490 777 τὰ
3539 741 3638 776 πε·

2066 821 2436 889 φροντισμένα
2476 822 2588 882 τοῖς
2622 819 2863 872 ἐκείνου.
2893 819 3058 887 ἡμεῖς
3105 816 3261 880 αὖθις
3297 816 3636 886 ἐπεμερίσαο

2071 927 2194 978 μεν,
2221 911 2555 979 αἰτηθέντες,
2591 911 2690 965 καὶ
2717 911 2791 980 μὴ
2822 910 3039 979 ἔχοντες
3073 909 3516 978 ἀπαρνήσασθαι·
3553 909 3636 961 ἔτι

2061 1001 2120 1054 δὲ
2153 1003 2246 1055 καὶ
2265 1003 2383 1072 ιερὰ
2413 1002 2616 1056 ἔπιπλα
2643 1001 2742 1072 (μὴ
2773 1001 2881 1070 γὰρ
2905 1000 3179 1070 κρυπτέον
3213 1001 3271 1053 τὸ
3297 1000 3544 1069 ἀληθὲς),
3576 999 3636 1064 ἐξ

2064 1085 2140 1147 ὧν
2169 1094 2620 1164 ἐπικοσμήματός
2648 1112 2701 1147 τι
2739 1094 2963 1156 πολλαῖς
2992 1092 3100 1148 τῶν
3130 1092 3300 1162 ἁγίων
3326 1091 3637 1163 ἐκκλησιῶν

2062 1184 2142 1238 διε
2152 1185 2555 1253 μοιρασάμεθα.
3279 1193 3287 1200 ‘

2139 1271 2274 1343 ρις·’.
2317 1273 2424 1327 Τοῦ
2479 1274 2536 1328 δὲ
2585 1276 2823 1344 κόμητος
2860 1273 3050 1327 τούτου
3083 1274 3258 1327 ἐκεῖνο
3304 1271 3536 1343 μάλιστα
3573 1271 3640 1324 τδ

2065 1369 2264 1435 καλὸν,
2293 1371 2340 1422 εί
2395 1369 2490 1422 xal
2519 1367 2694 1431 ἄλλως
2734 1364 2848 1438 εἶχέ
2894 1385 2947 1420 τι
2993 1367 3090 1420 καὶ
3133 1365 3304 1420 κακδν
3336 1365 3636 1434 συμμιγὲς,

2065 1461 2217 1531 παρὰ
2252 1460 2346 1516 καὶ
2378 1459 2531 1529 καλῷ
2566 1461 2736 1514 κακὸν
2790 1459 3025 1529 θεμένης
3079 1458 3180 1525 τῆς
3231 1457 3470 1526 φύσεως,
3501 1473 3644 1526 κρα-

2064 1551 2231 1623 τῆρος
2265 1552 2506 1607 τοιοῦτον
2544 1551 2936 1622 κερασαμένης
2979 1549 3150 1619 αὐτῷ.
3204 1545 3332 1620 Εἶχε
3383 1548 3481 1612 μὲν
3528 1549 3641 1617 γὰρ

2063 1641 2125 1695 τὸ
2177 1643 2467 1696 Λατινικὸν
2516 1641 2765 1703 ὑπούλως
2815 1643 2945 1710 περὶ
2987 1640 3111 1703 τοὺς
3151 1638 3274 1692 καθ’
3321 1639 3491 1708 ἡμᾶς,
3542 1639 3642 1692 καὶ

2067 1733 2263 1802 συχνὸν
2307 1733 2492 1794 αὐτοῖς
2547 1733 2639 1786 ὑπ’
2688 1733 2930 1795 ὀδόντας,
2979 1732 3054 1796 ὡς
3097 1731 3343 1799 ἀνάθεμα
3392 1733 3505 1793 τοῖς
3561 1731 3639 1800 μὴ

2067 1825 2212 1877 κατὰ
2263 1826 2360 1893 τὴν
2389 1825 2608 1896 ἡμέραν
2654 1825 2754 1894 τῆς
2799 1822 3058 1887 ἁλώσεως
3089 1823 3238 1877 ἅπαν
3270 1824 3331 1877 τὸ
3359 1822 3642 1877 πολιτικὸν

392 1907 474 1974 Ad
536 1910 668 1977 quid
719 1913 893 1981 capita
950 1915 1150 1970 talibus
1213 1893 1962 1990 corporibusimponuntur?

2077 1917 2473 1984 ιατασφάξωσι,
2509 1893 2618 1970 *καὶ
2650 1918 2732 1970 τόο
2772 1917 2926 1970 Διατί
2959 1917 3194 1982 κεφαλαὶ
3215 1919 3482 1979 τοιούτοις
3513 1918 3642 1970 ἐπι-

400 2001 724 2070 sanguinem
762 2019 950 2058 eorum
1007 2021 1130 2060 cum
1198 2021 1388 2064 nostro
1417 2027 1522 2065 non
1561 2027 1682 2068 esse
1736 2013 1963 2068 comini-

394 2101 575 2158 stum;
611 2107 790 2163 regem
827 2111 936 2149 non
962 2111 1086 2152 esse
1111 2100 1500 2164 advocaturos,
1543 2103 1752 2172 hosque
1774 2120 1965 2160 omnes

395 2197 456 2236 se
492 2197 615 2238 esse
657 2187 1052 2255 submissuros,
1107 2189 1328 2247 Latinos
1364 2208 1490 2248 vero
1524 2194 1668 2247 solos
1713 2210 1804 2248 eos
1844 2211 1968 2250 esse

395 2283 779 2342 renovaturus,
833 2278 1022 2346 sicque
1063 2283 1247 2335 onmia
1283 2283 1418 2336 bene
1460 2299 1582 2340 esse
1641 2283 1844 2339 futura.
1876 2286 1968 2340 Ha:

395 2373 582 2420 autem
613 2369 987 2438 sequebantur
1005 2373 1161 2427 iniure
1182 2374 1473 2429 adversum
1499 2391 1619 2440 nos,
1646 2393 1706 2430 ac
1723 2395 1968 2445 unaqua-

395 2472 506 2525 que
558 2459 691 2513 liora
739 2460 817 2516 ira
864 2464 1053 2518 comiti
1100 2465 1524 2534 inspirabatura
1555 2468 1798 2532 diabolo,
1838 2473 1966 2524 dum

396 2563 558 2604 voces
603 2549 718 2606 haec
759 2553 1079 2610 audirentur
1115 2572 1130 2609 :
1169 2557 1328 2624 Cras,
1367 2574 1511 2622 cras,
1545 2570 1600 2614 et
1631 2563 1816 2615 statim
1848 2577 1968 2617 om-

398 2639 486 2692 nis
514 2638 607 2696 Dci
643 2643 883 2712 populus
917 2646 1222 2702 nobiscum.
1255 2648 1490 2705 Necesse
1521 2667 1652 2723 ergo
1684 2662 1801 2709 erat
1828 2671 1969 2725 opus

397 2727 576 2783 facere
638 2745 702 2786 ac
765 2732 947 2802 loqui,
1005 2735 1086 2789 sic
1132 2752 1351 2806 quoque
1399 2754 1541 2809 saepe
1597 2743 1848 2811 egimus,
1887 2745 1968 2798 di-

395 2832 556 2873 verso
590 2821 750 2876 modo
802 2822 1140 2882 laborantes.
1203 2827 1294 2882 Dei
1354 2832 1529 2898 gratia
1565 2832 1666 2886 hoc
1698 2834 1969 2889 suadeba-

397 2924 520 2964 mus
549 2925 790 2981 perszepe
819 2916 1039 2984 ecquod
1077 2919 1183 2971 dux
1220 2919 1351 2974 illuc
1383 2922 1666 2990 irreperet,
1706 2935 1831 2980 aute
1861 2908 1986 2981 non.

395 3018 496 3062 nos
521 3007 957 3076 produxeramus
1005 3015 1314 3083 usquedum
1337 3016 1566 3070 omnino
1598 3019 1787 3073 mutati
1824 3021 1963 3087 (bzec

397 3112 507 3151 non
537 3097 661 3154 dico
693 3100 744 3152 in
801 3102 1109 3168 liomiliam,
1139 3105 1236 3159 sed
1275 3104 1330 3158 in
1365 3109 1712 3178 concionem)
1746 3126 1968 3168 causam

399 3287 501 3344 tes,
557 3295 866 3334 sermonem
918 3292 1098 3336 autem
1131 3284 1439 3354 jucundum
1481 3285 1802 3353 elﬁcientes,
1838 3289 1974 3346 dore

398 3380 576 3425 tamen
601 3372 803 3442 aliquid
837 3374 1102 3439 dicentes,
1161 3379 1441 3447 querendo
1470 3381 1536 3434 de
1566 3382 1855 3438 atrocitate
1879 3399 1977 3438 oc-

399 3463 711 3530 cupationis
743 3468 1088 3534 Latinorum,
1135 3471 1451 3527 extollendo
1507 3490 1634 3529 vero
1671 3488 1978 3545 opportune

400 3556 617 3610 laudem
684 3557 1287 3630 Thessalonicensium,
1342 3567 1442 3621 hos
1510 3581 1792 3623 sermones
1838 3570 1976 3623 mul-

400 3646 651 3702 tiformes
713 3652 939 3706 omnino
1001 3655 1403 3711 Cunciunentcs
1467 3660 1977 3718 accommodantes-

400 3753 508 3805 que
555 3741 787 3797 rudibus
829 3744 1168 3808 hominibus,
1205 3749 1361 3801 itaut
1390 3765 1514 3802 cum
1553 3751 1814 3806 cautione
1841 3754 1978 3806 seri-

401 3830 575 3898 ptoris
607 3835 1078 3900 convinceremus,
1112 3840 1572 3908 vituperarcmus,
1617 3855 1680 3894 ac
1715 3843 1974 3898 exhorta-

361 3959 376 3974 .
400 3935 588 3975 remur
615 3923 756 3992 illos,
793 3928 887 3996 qui
921 3939 1167 3997 tempore
1219 3933 1370 4000 pacis
1409 3949 1475 3986 ex
1509 3934 1718 3988 nostris
1753 3937 1977 3991 monitis

402 4010 582 4077 ignavi
640 4013 862 4070 fuerant
903 4018 954 4071 in
995 4020 1366 4089 adimplendis
1423 4023 1636 4092 integre
1690 4027 1976 4095 prmceptis

401 4104 754 4174 evangelicis,
795 4123 862 4160 nc
923 4109 1077 4163 inviti
1115 4121 1454 4180 pateremur,
1503 4117 1680 4169 virum
1723 4116 1978 4172 ﬁrmave-

403 4207 608 4258 ramus,
645 4211 883 4268 cumque
916 4201 1147 4257 lirmiter
1183 4205 1466 4260 stabilitas
1494 4206 1714 4272 fuisset,
1745 4208 1978 4263 adduxi-

402 4298 528 4339 mus
560 4287 625 4340 ad
651 4287 974 4357 jurandum,
1004 4295 1260 4363 equidem
1289 4296 1401 4364 jam
1437 4313 1545 4351 non
1576 4309 1784 4352 metum
1814 4301 1977 4355 caedis

401 4375 487 4428 vel
525 4376 747 4434 alterius
778 4383 904 4436 mali
936 4384 1115 4440 victos
1142 4386 1568 4442 sollicitaturnm
1596 4403 1740 4446 esse.
1775 4390 1977 4447 Deinde

331 4506 348 4510 -
400 4469 715 4535 quievimus
763 4474 1065 4542 usquedum
1100 4477 1339 4532 licuerit.
1400 4479 1520 4534 Non
1572 4495 1704 4534 vero
1749 4481 1976 4537 omnino

400 4559 599 4616 licebat
627 4578 752 4618 cum
785 4563 996 4622 Latinis
1034 4566 1406 4624 Romanorum
1438 4571 1716 4627 osoribus.

2066 2007 2333 2075 κάθηνται
2365 2008 2616 2076 σώμασι;
2651 2009 2743 2061 καὶ
2775 2009 2857 2063 ὅτι
2887 2008 2947 2062 τὸ
2974 2007 3180 2062 τούτων
3220 2003 3358 2078 αἷμα
3383 2007 3445 2060 οὒ
3494 2007 3642 2060 ποιεῖ

2069 2098 2372 2168 σύγκρασιν
2421 2099 2558 2169 πρὸς
2585 2099 2646 2152 τὸ
2678 2100 2970 2169 ἡμέτερον·
3012 2101 3104 2152 καλ¹
3139 2100 3221 2152 ὅτι
3257 2097 3646 2170 παρακλητεύο

2069 2207 2235 2258 σομεν
2263 2190 2354 2242 τὸν
2397 2190 2564 2260 ρἦα,
2599 2193 2696 2246 καὶ
2740 2191 3036 2244 πεσοῦνται
3075 2192 3174 2260 μὲν
3227 2191 3428 2254 πάντες
3467 2181 3642 2252 οὗτοι,

2068 2281 2666 2349 ἀντεισοικισθήσονται
2701 2281 2756 2334 δέ
2792 2282 3109 2350 καταμόνας
3146 2283 3390 2341 Λατῖνοι,
3421 2280 3515 2334 καὶ
3551 2280 3645 2334 οῦ·-

2067 2385 2175 2432 τως
2223 2369 2438 2423 ἅπαντα
2475 2369 2618 2422 καλὰ
2652 2371 2890 2426 ἔσονται.
2942 2369 3154 2424 Οὐκοῦν
3203 2368 3486 2424 ἀκόλουθοι
3515 2368 3645 2423 τού-

2068 2477 2181 2522 τοις
2227 2459 2449 2513 ἀπειλαὶ
2479 2461 2602 2514 καθ’
2636 2462 2797 2531 ἡμῶν
2827 2463 2922 2515 καὶ
2954 2463 3192 2533 ρίπισμα
3219 2464 3341 2516 ὅσαι
3366 2456 3508 2532 ὧραι
3543 2460 3645 2516 τοῦ

2070 2553 2212 2605 κατὰ
2253 2554 2346 2606 τὸν
2401 2555 2621 2622 κόμητα
2665 2554 2840 2622 θυμοῦ
2881 2555 2944 2609 ἐκ
2985 2553 3262 2621 διαϐολῶν,
3293 2554 3388 2608 καὶ
3416 2553 3646 2622 ἀναφώ-

2071 2661 2230 2713 νηστς
2262 2644 2372 2698 τῶν
2403 2644 2864 2699 ἐνδιασαλλόντων
2906 2646 2987 2699 τόο
3029 2644 3252 2716 Αὔριον,
3304 2645 3511 2716 αὔριον,
3544 2649 3647 2701 καὶ

2070 2739 2098 2790 ὁ
2129 2736 2224 2791 τοῦ
2279 2737 2413 2790 Θεοῦ
2463 2736 2592 2802 λαὸς
2653 2737 2798 2800 ἅπας
2850 2737 3012 2800 εὐθὺς
3063 2739 3192 2806 περὶ
3233 2739 3401 2809 ἡμᾶς.
3435 2738 3548 2791 Kal
3572 2733 3648 2808 ἦν

2071 2827 2285 2898 ἀνάγκη
2341 2830 2538 2898 κοπιᾷν
2588 2828 2680 2882 καὶ
2721 2828 2942 2882 λαλεῖν
3003 2828 3098 2882 καὶ
3151 2828 3447 2898 ἐποιοῦμεν
3497 2825 3647 2882 οὕτω

2073 2919 2265 2988 συχνὰ,
2325 2919 2686 2990 πολυτρόπως
2741 2921 3090 2991 πονούμενοι.
3143 2921 3254 2976 Καὶ
3309 2921 3443 2974 Θεοῦ
3481 2937 3649 2990 χαριο

2073 3008 2292 3073 τοῦντος
2337 3011 2630 3077 ἐπείθομεν
2661 3015 2756 3065 καὶ
2784 3013 2946 3067 τοῦτο
2981 3013 3297 3076 πλειστάκις
3329 3012 3417 3065 διὰ
3461 3011 3520 3065 τὸ
3549 3011 3647 3065 τὸν

2074 3104 2312 3174 ἄρχοντα
2362 3105 2552 3174 ῥέπειν
2594 3107 2804 3158 ἐκεῖσε·
2845 3105 2940 3159 καὶ
2993 3107 3052 3158 ού
3089 3107 3284 3175 πρώην
3331 3104 3645 3174 ἀνήκαμεν,

327 3254 330 3257 _
400 3196 647 3242 nostram
680 3187 1134 3256 defendebamus,
1187 3208 1295 3246 non
1325 3193 1640 3250 adulatione
1677 3197 1966 3252 abstinen-

2078 3195 2182 3259 ἕως
2225 3195 2288 3248 τὸ
2321 3195 2630 3251 τελευταῖον
2689 3200 2934 3251 παντοῖοι
2965 3198 3048 3268 (οὐ
3085 3197 3229 3265 λέγω
3269 3197 3341 3250 τά
3393 3197 3474 3257 είς
3521 3198 3653 3266 ὀμι-

2077 3287 2218 3351 λίαν,
2262 3286 2400 3340 ἀλλὰ
2421 3288 2792 3359 δημηγορίαν)
2823 3289 3130 3360 γενόμενοι,
3162 3288 3259 3342 καὶ
3300 3287 3651 3358 δικαιολογη-

2078 3379 2331 3447 σάμενοι,
2379 3379 2475 3432 καὶ
2515 3380 2636 3433 ούδέ
2672 3379 2965 3444 κολακείας
2995 3381 3373 3450 ἀπεσχημένοι
3410 3381 3506 3433 καὶ
3538 3396 3649 3448 χα-

2078 3473 2501 3542 ριεντισάμενοι,
2527 3473 2638 3526 καὶ
2683 3472 2959 3542 ἐμϐριθῶς
2994 3473 3051 3527 δέ
3081 3490 3134 3526 τι
3167 3472 3520 3542 λαλήσαντες,
3549 3471 3653 3526 καὶ

2081 3562 2430 3632 μεμψάμενοι
2457 3563 2554 3633 μὲν
2586 3563 2684 3633 τὴν
2724 3563 2832 3617 τῶν
2863 3563 3177 3630 συγκλύδων
3208 3564 3454 3619 Λατίνων
3484 3563 3656 3617 δεινό-

2075 3671 2213 3722 τητα
2237 3694 2252 3717 ,
2285 3654 2504 3705 ἔπαινον
2540 3653 2597 3706 δὲ
2643 3653 2754 3706 τῶν
2795 3654 3234 3708 Θεσσαλονικέων
3283 3653 3656 3724 προενεγκόνι

2075 3761 2165 3808 τες
2221 3747 2454 3815 καίριον,
2504 3746 2599 3799 καὶ
2651 3747 2791 3808 ὅλως
2821 3747 2948 3808 τοὺς
2993 3745 3185 3818 λόγους
3212 3744 3506 3806 πολυειδῶς
3540 3745 3652 3814 ἀρ-

2080 3839 2379 3908 μοσάμενοι
2441 3837 2536 3890 καὶ
2611 3838 3068 3906 οἰκονομήσαντες
3128 3836 3266 3907 πρὸς
3325 3834 3653 3907 ἁνθρὼποῡς

2076 3927 2324 3999 ἀγρίους,
2350 3928 2494 3980 κατά
2517 3943 2570 3979 τι
2601 3928 2842 3996 ἀμυδρὸν
2875 3928 3148 3998 ἀπήχημα
3175 3927 3454 3998 γραφικῆς
3487 3925 3654 3992 ἐλέγ-

2079 4019 2213 4083 ξεως
2265 4020 2358 4072 καὶ
2397 4018 2772 4088 ἐπιτιμήσεως
2811 4018 2908 4074 καὶ
2955 4017 3356 4089 παρακλήσεως
3387 4059 3403 4082 ,
3458 4021 3508 4072 οἱ
3555 4021 3659 4074 καὶ

2077 4110 2218 4164 κατὰ
2243 4111 2432 4181 καιρὸν
2454 4111 2675 4181 εἰρήνης
2703 4108 2921 4163 ἐπὶτῶν
2940 4109 3227 4181 ἡμετέρων
3252 4109 3474 4180 ἄτολμοι
3495 4110 3659 4174 ὄντες

2079 4204 2255 4256 ποιεῖν
2294 4201 2362 4254 τὰ
2408 4202 2742 4270 εὐαγγελικὰ
2774 4204 2854 4265 εἰς
2889 4201 3150 4272 ἄκρατον,
3179 4201 3264 4256 ἵνα
3313 4201 3388 4271 μὴ
3419 4201 3662 4270 πάσχοιο

2081 4310 2180 4362 μεν
2201 4293 2497 4363 ἀϐούλητα,
2529 4291 2937 4362 ἐϐεϐαιώσαμεν
2969 4293 3058 4346 τὸν
3089 4291 3282 4361 ἄνδρα,
3311 4293 3405 4346 καὶ
3435 4294 3512 4354 εἰς
3545 4293 3658 4362 εμ-

2081 4387 2241 4438 πεδον
2299 4389 2763 4457 καταστήσαντες,
2821 4385 3239 4454 περιηγάγομεν
3291 4383 3662 4450 διομόσασθαι

2079 4474 2115 4548 ἦ
2155 4477 2261 4549 μὴν
2293 4476 2493 4549 μηκέτι
2535 4477 2700 4546 φόϐον
2726 4474 3206 4546 ἐπαρτηθήσεσθαι
3247 4473 3412 4543 φόνου
3444 4474 3478 4544 ἡ
3509 4491 3665 4539 τινος

2003 4559 2048 4618 D
2077 4569 2264 4640 ἐτέρου
2301 4567 2471 4621 κακοῦ
2518 4569 2630 4630 τοῖς
2681 4567 2971 4620 ἑαλωκόσι.
2997 4565 3104 4618 Kal
3138 4564 3199 4618 τὸ
3226 4563 3479 4618 ἐντεῦθεν
3516 4566 3659 4620 ἀνε-

400 4655 712 4726 παυόμεθα,
750 4659 828 4724 εἰς
861 4661 985 4714 ὅσον
1013 4656 1083 4730 ἦν
1120 4660 1424 4734 ἐγχωροῦν.
1464 4643 1774 4735 Ἐειεχῶρει”
1798 4665 1853 4718 δὲ
1885 4665 1960 4736 μὴ
1999 4665 2080 4727 εἰς
2105 4663 2168 4717 τδ
2211 4661 2320 4714 πᾶν
2350 4659 2503 4730 παρά.
2547 4676 2610 4727 γε
2675 4659 2788 4724 τοῖς
2852 4657 2996 4712 οὓτω
3046 4658 3445 4729 μισορωμαίοις
3495 4657 3667 4712 Aac!“

401 4769 515 4813 νοις

405 4946 494 4986 res
545 4933 763 4987 cornitis
814 4937 1191 5003 exposuimus,
1249 4941 1372 4994 vitae
1430 4943 1846 5011 operationibus
1893 4943 1978 4996 di-

408 5025 543 5078 visis
575 5023 627 5077 in
661 5031 817 5078 actus
862 5026 968 5081 diei
1009 5036 1064 5082 et
1113 5037 1270 5085 actus
1307 5039 1629 5088 nocturnos.
1663 5033 1787 5088 Dies
1820 5032 1980 5101 equi-

409 5116 532 5170 dem
565 5117 784 5172 mentiti
820 5116 1036 5172 fuerant
1083 5120 1475 5187 urbanitatem,
1533 5134 1741 5181 attenta
1769 5125 1982 5179 rustici-

411 5215 524 5261 tate
558 5207 876 5262 Latinoruiu
915 5225 1080 5279 quam
1114 5213 1532 5270 dissimulabant
1562 5235 1575 5282 ;
1618 5219 1710 5286 qui
1749 5231 1881 5285 ergo
1905 5215 1982 5286 ip-

414 5299 490 5354 sis
537 5310 590 5353 et
621 5301 786 5355 nobis
811 5302 1071 5357 mundum
1107 5304 1354 5360 suﬂicere
1379 5322 1484 5360 non
1520 5308 1862 5377 judicabant,
1884 5325 1982 5362 no-

415 5393 496 5446 bis
519 5395 883 5455 occurrendo.
940 5411 1042 5449 nos
1094 5400 1528 5467 consputabant,
1575 5401 1978 5472 propcllebant,

415 5486 862 5556 supplantabant,
898 5491 1262 5557 aspergebant
1320 5492 1562 5561 injuriis.
1603 5493 1716 5548 Hoc
1747 5509 1890 5562 saepe
1923 5494 1979 5546 in

413 5591 508 5630 ore
568 5591 757 5631 eorum
833 5578 1156 5634 versabatur
1215 5589 1276 5634 ut
1328 5599 1520 5638 versus
1575 5585 1975 5641 intercalaris:

422 5689 440 5719 ‹
487 5666 640 5733 Veni,
694 5669 835 5725 bone
890 5669 1153 5727 Joannes.
1206 5692 1225 5723 ι
1286 5671 1400 5726 Hoc
1461 5676 1715 5731 cavillum
1765 5678 1983 5733 orieba-

419 5767 502 5812 tur
525 5775 590 5814 οι
622 5776 687 5814 eo
721 5765 861 5832 quod
895 5771 1140 5833 tempore
1174 5764 1481 5820 obsidionis
1511 5767 1722 5834 gloriati
1764 5785 1982 5824 eramus

417 5867 599 5924 regem
631 5853 898 5914 Joannem
932 5856 1082 5913 brevi
1121 5859 1280 5916 nobis
1312 5875 1434 5915 esse
1475 5862 1891 5930 opitulaturum.
1925 5863 1980 5916 Si

476 4842 600 4896 11⁵1.
645 4842 749 4897 Sed
802 4846 1182 4902 revertendum
1217 4857 1302 4903 est
1350 4848 1417 4904 ad
1455 4850 1635 4919 priora
1685 4827 1998 4920 postquam.

2153 4843 2276 4914 ριζ’.
2322 4841 2462 4894 Ἀλλ’
2492 4838 2776 4892 ἐπανιτέον
2810 4837 2971 4891 πάλιν
3025 4837 3089 4891 ἐκ
3131 4836 3241 4890 τῶν
3275 4836 3368 4890 τοῦ
3411 4837 3664 4906 κόμητος

2081 4937 2175 4992 ἐπὶ
2209 4935 2277 4988 τά
2312 4933 2605 5004 πρότερον,
2649 4931 2770 5000 διχῆ
2826 4930 3174 5001 διῃρημένων
3211 4927 3319 4982 τῶν
3367 4928 3509 4982 κατὰ
3540 4927 3667 4997 βίον

2087 5028 2165 5091 εἴς
2195 5043 2254 5079 τε
2291 5026 2360 5080 τὰ
2391 5023 2513 5078 καθ’
2533 5023 2744 5093 ἡμέραν
2771 5022 2866 5074 καλ⁵
2897 5021 2964 5074 τὰ
2995 5020 3351 5096 νύκτεραηΑί
3387 5021 3484 5090 μὲν
3518 5021 3667 5090 ὴμέ-

2087 5138 2180 5192 ραι
2208 5120 2340 5189 ἡμῖν
2370 5116 2656 5186 ἐψεύδοντο
2684 5115 2744 5167 τὸ
2771 5113 2978 5184 ἥμερον
3011 5112 3098 5166 διὰ
3124 5113 3225 5182 τὴν
3255 5112 3311 5166 ἐν
3346 5113 3457 5175 τοῖς
3490 5111 3670 5165 Λατί-

2087 5229 2198 5276 νοις
2227 5211 2551 5280 ἀγριότητα,
2585 5207 2684 5276 τὴν
2714 5205 2976 5276 ἀμυδρῶς
3010 5203 3470 5274 ύπολαληθείσαν·
3498 5203 3548 5256 οἳ
3582 5204 3667 5275 μὴ

2088 5304 2337 5376 χωρητὺν
2363 5303 2543 5365 αὐτοῖς
2577 5300 2674 5354 καὶ
2695 5301 2828 5368 ἡμῖν
2853 5299 2940 5351 τὸν
2969 5297 3173 5367 κόσμον
3207 5291 3348 5350 εἷναι
3381 5295 3663 5366 κρίνουσι,

2083 5396 2453 5451 συναντῶντες
2476 5393 2606 5462 γοῦν
2629 5394 2958 5452 κατέπτυον,
2978 5388 3172 5450 ὤθουν,
3193 5389 3495 5452 ἐσκέλιζον,
3520 5405 3671 5441 κατ-

2084 5491 2312 5561 έϐρεχον
2360 5488 2570 5558 ὕϐρεις.
2603 5486 2804 5556 Συχνὸν
2857 5480 2924 5554 ἦν
2976 5484 3158 5546 αὐτοῖς
3208 5482 3283 5546 ὡς
3317 5485 3398 5546 είς
3451 5483 3671 5550 ἐπῳδὸν

2085 5584 2166 5637 τό*
2204 5581 2379 5644 Ἐλθέ,
2409 5578 2820 5648 Καλοῖωάννης.
2841 5575 3072 5644 Μυκτὴρ
3103 5571 3278 5639 οὗτος,
3310 5575 3384 5635 ὡς
3410 5572 3570 5642 ἡμῶν
3605 5574 3674 5626 ἐν

2085 5673 2152 5750 τῇ
2185 5675 2473 5744 πολιορκῖᾳ
2503 5671 2914 5742 γαυρουμὲνων,
2942 5667 3139 5738 μικρὸν
3165 5669 3288 5719 ὅσον
3319 5665 3672 5735 τδνίβασιλέα

2105 5765 2364 5832 Ἰωάννην
2397 5760 2572 5813 ἐλθεῖν
2607 5761 2740 5830 ἡμῖν
2769 5760 3078 5826 ἐπίκουρον.
3114 5757 3176 5809 Ei
3209 5756 3265 5809 δέ
3289 5772 3371 5817 τις
3399 5754 3508 5806 τῶν
3539 5771 3679 5808 συν-

2094 5849 2466 5928 αιχμαλώτωό
2505 5852 2644 5922 πεζῆ
2679 5853 2777 5923 τὴν
2811 5849 3088 5920 λεωφόρον
3119 5848 3293 5920 τρίόοι
3328 5846 3429 5917 (τίς
3491 5845 3549 5899 δέ
3601 5843 3675 5904 οὐ
