3950 6242
293 352 398 422 117

1105 357 1208 422 DE
1245 354 1822 419 THESSALONICA
1848 351 2055 413 URBE
2094 351 2136 408 Α
2176 346 2483 409 LATlNlS
2519 347 2775 410 CAPTA.

3456 345 3565 408 118

289 476 542 540 τοιοῦτος
576 476 740 544 τότε;
783 476 872 530 ὅτε
905 477 1004 530 καὶ
1035 477 1196 547 ἡμεῖς
1228 475 1546 546 ἐπάσχομεν
1583 475 1746 536 οὕτω,
1778 489 1874 527 και

1999 468 2110 540 quis
2170 483 2299 523 vero
2353 469 2802 536 concaptivorutn
2859 465 2942 520 via
2986 464 3197 532 publica
3235 464 3403 534 pedes
3436 480 3557 518 aut-

290 568 562 632 τάκοποι,
594 571 691 620 καὶ
738 568 809 621 τὰ
851 567 1014 635 σκέλη
1051 569 1383 639 παράφοροι,
1415 569 1511 622 καὶ
1538 565 1882 636 τεταραγμέ·

296 677 408 722 νοι,
459 663 556 716 καὶ
594 660 987 731 σεσαλευμένοι
1026 661 1166 713 κατὰ
1205 659 1561 728 μεθύοντας).
1613 661 1662 712 εί
1701 659 1883 713 τοίνυν

298 751 451 804 οὕτω
479 769 561 815 τις
600 753 734 821 περὶ
779 753 1056 806 στενωπὸν
1086 751 1282 815 ὁδεύοι,
1325 753 1421 805 καὶ
1464 751 1618 822 τύχοι
1655 753 1884 804 Λατῖνον

305 844 658 914 παρέχεσθαι
698 844 966 912 ἔφιππον,
1022 845 1120 897 οὐκ
1171 844 1235 897 ἂν
1271 845 1478 908 ἐκεῖνος
1507 844 1754 912 φείσαιτο
1789 859 1885 896 κα-

299 933 628 997 ταπατῆσαι
670 934 768 987 καὶ
801 933 1089 1002 συντρῖψαι
1119 932 1206 985 τὸν
1234 932 1540 1002 ἄνθρωπον,
1587 932 1883 1001 κεντρίζων

299 1028 397 1078 τὸν
431 1025 604 1077 ῖππον
652 1027 735 1088 είς
769 1024 1214 1094 κατασκίρτημα.
1247 1023 1434 1086 Οὕτως
1485 1023 1703 1092 ἐφίλουν
1735 1023 1884 1092 ἡμᾶς

298 1119 352 1168 οἱ
384 1118 690 1188 ἄνθρωποι,
738 1119 912 1188 συχνὰ
971 1117 1108 1186 πρὸς
1170 1119 1350 1170 πάντα
1398 1117 1556 1185 λόγον
1599 1116 1694 1171 καὶ
1747 1117 1883 1187 πρὸς

301 1211 416 1262 πᾶν
461 1211 630 1280 ἔργον
667 1211 1052 1280 προϊσχόμενοι
1083 1211 1161 1272 είς
1186 1209 1469 1262 δικαίωσιν
1501 1207 1592 1262 τοῖν
1647 1226 1886 1276 κακουρ-

300 1303 424 1368 γεῖν
475 1303 538 1354 τὸ
591 1301 702 1354 ἀπὸ
740 1303 955 1368 σπάθης
1004 1302 1153 1372 ἡμᾶς
1206 1300 1371 1352 ἑλεῖν·
1426 1300 1526 1352 οὐκ
1561 1299 1884 1370 ἀνθρώπινα

300 1389 623 1453 λαλοῦντες,
655 1392 772 1443 ἀλλ’
817 1391 950 1442 ὡσεὶ
980 1393 1072 1443 καὶ
1123 1391 1260 1442 λέων
1307 1391 1485 1459 ἄγραν
1530 1389 1668 1442 ἐλὼν
1713 1389 1887 1442 ἐθέλει

299 1479 548 1550 διασπᾷν
581 1480 776 1551 αὐτὴν,
810 1481 909 1549 οὐχ
950 1481 1032 1532 ὅτι
1054 1479 1264 1547 πεινῲη
1300 1479 1396 1530 καὶ
1425 1477 1619 1545 ποθοίη
1653 1477 1886 1547 σάρκας,

299 1571 441 1626 ἀλλὰ
473 1572 672 1641 δικαίῳ
725 1569 821 1623 τοῦ
859 1572 1082 1640 συσχεῖν
1130 1568 1298 1638 αὐτὴν
1327 1568 1528 1633 ὄνυξιν.
1563 1569 1675 1621 Οὐκ
1700 1563 1768 1640 ἦν
1798 1570 1890 1622 ἐπὶ

298 1663 518 1726 τούτοις
571 1663 696 1716 οὐδὲ
755 1663 1074 1716 ὑποστένειν
1115 1663 1298 1731 ἡμᾶς,
1350 1659 1548 1713 οὓκουν
1602 1660 1724 1713 οὐδὲ
1767 1661 1888 1714 κατ’

297 1756 425 1825 δψιν
463 1755 910 1825 σκυθρωπάζειν,
940 1753 976 1808 ὃ.
1007 1754 1071 1825 δὴ
1103 1756 1216 1814 τοῖς
1239 1753 1295 1806 ἐν
1321 1751 1552 1806 κλύδωνι
1587 1755 1886 1822 συμφορῶν

1984 563 2199 619 bnlaret
2231 562 2376 633 (quis
2430 570 2560 616 tunc
2603 573 2712 614 non
2765 558 2844 612 ita
2893 557 3244 612 ambulabat?
3276 571 3399 609 cum
3459 571 3560 610 nos

1985 657 2091 723 ipsi
2134 657 2237 711 hoc
2293 655 2718 715 sustineremus,
2778 651 2936 716 fessi,
2989 651 3251 706 cruribus
3304 650 3554 716 incertis,

1987 748 2195 802 turbati
2266 749 2685 815 titubantcsque
2741 746 2891 800 sic‘ut
2963 743 3148 812 ebrii),
3205 745 3250 798 si
3307 757 3441 810 ergo
3481 743 3560 795 sic

1985 839 2181 909 aliquis
2211 839 2296 892 via
2324 847 2478 893 arcta
2519 838 2622 890 iter
2651 838 2858 891 faceret
2888 844 3316 904 occurreretquc
3361 832 3561 886 Latino

1986 935 2041 985 in
2112 945 2259 1000 equo
2311 929 2546 993 sedenti,
2596 929 2682 982 hic
2748 942 2855 982 non
2894 929 3184 984 dubitabat
3236 925 3562 981 conculcare

1987 1023 2258 1093 illumque
2297 1021 2528 1086 elidere,
2567 1036 2766 1091 equum
2801 1020 3135 1076 stimulando
3167 1027 3226 1072 ut
3256 1019 3559 1074 subsiliret.

1991 1115 2254 1168 llomines
2305 1114 2622 1169 istiusmodi
2680 1113 2754 1166 ita
2814 1127 2915 1167 nos
2945 1112 3245 1182 diligebant
3281 1117 3338 1164 ut
3365 1113 3416 1166 in
3442 1126 3562 1164 ver-

1987 1201 2075 1256 bis
2108 1210 2202 1254 aut
2235 1201 2394 1256 factis
2427 1217 2524 1270 pro
2557 1201 2917 1256 excusatione
2945 1198 3126 1255 delicti
3159 1200 3415 1255 dicebant
3456 1216 3559 1254 nos

1989 1296 2102 1348 sica
2155 1293 2396 1357 fet-iisse,
2435 1310 2541 1349 non
2588 1295 2701 1363 jam
2734 1309 2884 1348 more
2929 1293 3209 1348 hominum
3249 1293 3558 1361 loquentes,

1989 1385 2082 1441 δρᾶ
2110 1387 2379 1452 sicutleo,
2417 1388 2534 1458 qui,
2561 1397 2720 1457 capta
2743 1387 2950 1456 praeda,
2982 1401 3101 1441 eam
3130 1386 3396 1440 dilaniare
3422 1387 3557 1448 vult.

1989 1493 2097 1531 non
2137 1493 2202 1533 eo
2241 1480 2389 1549 quod
2422 1481 2630 1533 esuriat
2682 1483 2768 1534 vel
2807 1490 3028 1549 appetat
3065 1494 3312 1542 carnem,
3344 1476 3438 1532 sed
3500 1490 3560 1532 ut

1988 1579 2110 1618 eam
2146 1566 2425 1636 unguibus
2463 1568 2714 1620 retineat.
2745 1568 2802 1621 ln
2837 1568 2922 1622 Itis
2951 1583 3054 1622 nec
3083 1568 3252 1620 ullum
3294 1569 3556 1638 gemitum

1989 1655 2153 1711 edi-re
2179 1667 2519 1727 poteramus,
2544 1673 2644 1712 nec
2673 1659 2840 1712 videri
2867 1665 3182 1725 mmrentes,
3211 1658 3354 1727 quod
3379 1659 3573 1729 utique

1991 1748 2044 1803 in
2081 1753 2373 1804 tormentis
2413 1763 2709 1806 eventuum
2753 1751 2821 1806 ad
2863 1751 3058 1804 attinnt:
3094 1766 3372 1822 oppressa:
3422 1753 3566 1804 leva-

302 1847 519 1899 ἀνεῖται
565 1845 704 1914 πρὸς
738 1845 966 1915 ἐκϐολὴν
983 1842 1074 1895 τοῦ
1101 1845 1238 1895 κατὰ
1269 1842 1453 1921 ψυχὴν
1483 1841 1702 1911 ἄχθους.
1742 1842 1881 1895 Πολὺ

1999 1857 2134 1895 men.
2163 1837 2318 1894 Tunc
2351 1843 2496 1895 enim
2531 1841 2885 1912 repetebant:
2944 1860 2962 1893 ‹
3021 1843 3273 1905 Diabole,
3311 1859 3408 1898 cur
3468 1860 3564 1911 ge-

304 1936 418 2004 γαρ
474 1937 665 1997 αὐτοῖς
723 1934 958 1987 ἐνταῦθα
1000 1934 1061 1986 τὸ
1107 1951 1127 1985 ε
1178 1933 1426 1996 Διὰὁολε,
1458 1931 1511 1984 τί
1561 1930 1882 1996 στενάζειςς

316 2025 641 2081 Ἐεούλοντο
671 2026 780 2096 γὰρ
807 2025 1155 2096 ἀναισθητεῖν
1180 2025 1326 2094 ἡμᾶς
1358 2025 1451 2078 καὶ
1474 2023 1886 2093 φρενοϐλαϐεῖν,

306 2120 387 2182 ὡς
419 2119 517 2172 καὶ
553 2118 790 2190 χαίρειν,
826 2117 913 2188 ἐφ’
961 2113 1041 2180 οἷς
1098 2117 1285 2179 κακῶς
1337 2117 1674 2186 ἐπάσχομεν.
1735 2115 1795 2168 Ei
1831 2115 1889 2168 δέ

307 2230 389 2280 πη
420 2209 702 2280 ξυμπεσὺν
735 2205 839 2265 ὧδε
867 2209 1032 2280 γελᾷν
1082 2209 1194 2262 εἴτε
1231 2209 1443 2279 μειδιᾷν
1492 2207 1710 2261 ἐπέλθοι
1755 2209 1884 2273 τινὶ,

306 2303 443 2374 χολὴ
477 2304 574 2356 καὶ
613 2301 774 2356 τοῦτο
813 2302 1036 2372 δριμεῖα
1065 2301 1143 2369 τῷ
1175 2300 1445 2353 κατιδόντι
1470 2298 1703 2370 Λατίνῳ.
1745 2298 1890 2351 Ἐνό-

311 2395 442 2465 μιζε
465 2395 599 2464 γὰρ,
630 2395 707 2458 ὡς
735 2393 933 2458 ἔοικεν,
959 2393 991 2459 ἢ
1025 2391 1333 2464 καταγελᾷν
1364 2392 1510 2461 ἡμᾶς
1531 2391 1641 2445 τῶν
1673 2391 1892 2444 Λατινι-

311 2488 430 2540 κῶν
455 2486 738 2556 πράξεων,
763 2485 797 2556 ἦ
821 2484 1002 2553 αγαθὰ
1030 2481 1467 2553 καραδοκοῦντας
1499 2483 1526 2535 ὁ
1558 2481 1892 2552 χαιρέκακος

310 2581 427 2631 εἴτε
469 2578 567 2630 καὶ
621 2576 967 2649 πεπονθότας
1016 2573 1379 2643 ἁγαλλιᾶσθαι
1408 2615 1422 2638 ,
1459 2573 1486 2627 ὅ
1529 2575 1641 2636 τοῖς
1675 2573 1891 2643 ἐχθροῖς

311 2669 679 2736 ἁπενέςραινε.
718 2667 828 2719 Καὶ
857 2667 1038 2718 τοίνυν
1071 2664 1369 2727 δακτύλους
1414 2664 1492 2726 είς
1529 2664 1753 2733 γρόνθον
1796 2661 1894 2715 ἐπ-

312 2776 543 2821 τυσσον,
591 2758 688 2811 καὶ
733 2757 833 2828 τὴν
878 2759 1036 2828 χεῖρα
1089 2755 1530 2824 γογγυλίζοντες,
1562 2751 1892 2826 ἐρρύθμιζον

315 2851 430 2916 πὺξ
466 2851 750 2920 πλήττειν,
779 2868 797 2900 ι
844 2849 910 2901 Τί
949 2847 1112 2919 γελᾷς
1135 2888 1148 2911 ,
1192 2839 1236 2899 ὦ
1271 2846 1484 2898 διάϐολε
1513 2883 1529 2908 ,
1583 2864 1600 2897 ι
1639 2843 1894 2914 βατταρί-

311 2943 529 3006 ζοντες.
568 2943 680 2994 Καὶ
722 2939 864 2993 οὕτω
901 2940 999 3008 τὴν
1035 2939 1250 3010 αἰθρίαν
1278 2937 1370 2990 τοῦ
1423 2935 1778 3005 μειδιάματος
1814 2935 1894 2999 είς

315 3031 484 3104 νέςβς
519 3036 789 3107 δακρυόεν
819 3035 1206 3105 μετέστρεφον,
1244 3032 1277 3104 ἢ
1312 3032 1406 3084 καὶ
1453 3031 1654 3100 ἑτέρως
1697 3029 1890 3094 εἰπεῖν,

309 3127 408 3179 τὶν
461 3113 711 3194 γελῶντα
777 3125 1122 3196 Δημόκριτον
1184 3126 1261 3188 είς
1311 3123 1666 3195 Ἡράκλειτον
1725 3138 1890 3190 μετε-

313 3219 511 3271 ποίουν
537 3218 865 3286 δακρύοντα.
1595 3273 1600 3280 _

385 3316 523 3381 ptr".
573 3309 1034 3378 Ἀνεψηλαφῶντο
1071 3312 1200 3380 παρ’
1232 3310 1408 3364 αὐτῶν
1440 3310 1528 3361 καὶ
1561 3307 1628 3361 τὰ
1649 3308 1756 3360 τῶν
1787 3324 1896 3358 πα-

311 3401 654 3471 ροδευῶτων
702 3400 1034 3471 προκόλπια,
1072 3403 1168 3453 καὶ
1214 3399 1581 3466 ἐξεκενοῦντο,
1622 3397 1675 3450 εί
1703 3400 1756 3450 τί
1791 3414 1892 3451 που

309 3493 418 3546 »αἱ
454 3491 653 3561 ἔφερον
684 3491 1099 3564 χρηματισμοῦ,
1129 3492 1177 3544 εί
1209 3491 1306 3542 καὶ
1339 3489 1512 3560 βραχύ
1538 3506 1589 3540 τι
1612 3491 1786 3541 ἐκεῖνο
1806 3484 1892 3558 ἦν.

318 3584 790 3655 Ιιεριειργάζοντο
839 3586 933 3638 καὶ
990 3583 1200 3654 μηροὺς
1242 3623 1256 3648 ,
1322 3584 1396 3652 μή
1459 3598 1560 3633 που
1623 3581 1896 3651 μαχαίρας

305 3675 728 3744 παρήρτηνται.
785 3674 896 3727 Καὶ
956 3674 1009 3725 ef
1073 3691 1178 3725 που
1250 3670 1502 3740 εὑρεθείη
1565 3671 1896 3739 ἐγχειρίδιον

305 3765 626 3829 ὁποιονοῦν,
657 3765 715 3816 αι
753 3763 851 3834 μὲν
901 3763 1098 3832 κύρσαι
1148 3761 1242 3814 τοῦ
1296 3762 1554 3832 φέροντος
1581 3756 1726 3830 εἶχον
1759 3760 1897 3832 πλη-

313 3862 442 3926 τὰς,
466 3859 496 3909 δ
527 3857 582 3910 δὲ
611 3857 845 3918 Λατῖνος
878 3856 976 3927 τὴν
1005 3855 1305 3926 μάχαιραν.
1333 3853 1481 3906 Ἔδει
1513 3853 1605 3905 καὶ
1643 3852 1898 3923 διερρηγ-

313 3953 460 4018 μένα
487 3949 703 4012 πάντας
747 3950 894 4018 ἡμᾶς
936 3946 1340 4017 περιδεδύσθαι.
1372 3946 1434 3999 El
1477 3945 1584 4015 γάρ
1607 3962 1688 4008 τις
1715 3943 1898 4012 ίματί-

310 4039 444 4102 (sto
479 4039 563 4098 είς
595 4040 882 4108 ἀκέραιον,
917 4035 1342 4106 ἀνεθεματίζετο
1391 4034 1520 4104 παρ’
1555 4035 1732 4096 αὐτοῖς
1765 4035 1792 4087 ὁ
1822 4033 1897 4104 μὴ

310 4117 716 4200 λωποδυτῆσας
745 4130 837 4182 τὸν
881 4130 1194 4200 ἄνθρωπον.

390 4223 522 4294 ριθ’.
551 4223 686 4276 Ὀτε
711 4222 773 4275 δέ
815 4222 980 4276 τᾶλλα
1003 4199 1368 4291 παρήσουσιγ,
1402 4217 1756 4272 ἐπεϐούλευον
1782 4219 1899 4281 ταῖς

313 4319 569 4370 ἑκάστων
599 4313 888 4384 κεφαλαῖς,
922 4313 1117 4383 ἐπίσης
1159 4313 1442 4384 μισοῦντες
1473 4311 1597 4374 τούς
1643 4329 1700 4364 τε
1745 4313 1900 4364 ἀκει-

314 4406 590 4478 ρεκόμας,
622 4404 750 4466 τούς
779 4421 839 4456 τε
875 4402 1317 4473 βαθυπώγωνας.
1351 4401 1461 4456 Καὶ
1509 4403 1608 4455 οὐκ
1657 4399 1724 4474 ἦν
1770 4401 1898 4453 ἰδεῖν

312 4497 491 4568 ἄνδρα
529 4495 640 4549 εἴτε
676 4498 772 4549 καὶ
805 4496 968 4548 παῖδα
997 4495 1166 4565 τύχης
1193 4495 1290 4564 τῆς
1314 4494 1534 4548 οἱασοῦν
1567 4493 1641 4564 μὴ
1667 4491 1896 4562 κουρίαν
1928 4532 1977 4592 D

316 4590 471 4642 κατᾶ
499 4589 724 4652 κύκλον,
751 4587 912 4639 ὁποῖα
939 4604 1022 4650 τις
1045 4582 1202 4658 οἶμαι
1231 4585 1324 4639 καὶ
1353 4585 1386 4656 ἡ
1419 4584 1896 4656 παροιμιαζομένη
1931 4582 1950 4642 ἶ

324 4681 648 4750 ’Βκτόρειος
688 4678 886 4748 κουρὰ,
929 4679 1028 4730 εἶτ’
1056 4677 1146 4732 οὖν
1177 4679 1209 4748 ἠ
1242 4679 1384 4730 κατὰ
1418 4678 1600 4746 Θησέα
1626 4675 1695 4728 τὰ
1729 4676 1899 4746 πρόσ-

316 4774 439 4825 θ.α·
471 4771 550 4835 ὡς
581 4771 702 4823 τότε
747 4769 1028 4823 ἀντίθετον
1070 4769 1284 4840 βαθεῖαι
1315 4764 1456 4839 ἦσαν
1504 4769 1559 4821 αἱ
1617 4767 1784 4821 πάλαι
1813 4767 1902 4821 κό-

318 4880 428 4932 μαι
457 4861 602 4914 κατᾶ
637 4863 764 4924 τοὺς
799 4859 1097 4925 Ἄϐαντας,
1150 4861 1245 4913 καὶ
1296 4859 1357 4913 ού
1393 4860 1534 4912 κατᾶ
1570 4861 1696 4922 τοὺς
1739 4861 1901 4913 Λατί-

315 4970 450 5015 νους
504 4951 763 5017 τούτους,
823 4952 1064 5006 κύκλωθι
1118 4952 1378 5022 τροχαλαὶ
1407 4992 1422 5019 ,
1462 4952 1557 5005 καὶ
1604 4950 1681 5015 ὡς
1725 4953 1900 5006 εἰπεῖν

316 5043 650 5111 ἀκρόκομοι.
685 5043 796 5095 Καὶ
827 5041 1096 5113 ὑπούργει
1127 5043 1265 5112 πρὸς
1304 5041 1474 5094 ταῦτα
1511 5044 1623 5106 τοῖς
1653 5041 1761 5095 τῶν
1787 5060 1900 5112 τρι-

315 5135 441 5204 χῶν
488 5135 844 5203 ἐπιστρέφοις
895 5133 1141 5199 Λατίνοις
1182 5136 1261 5204 πῆ
1317 5137 1416 5204 μὲν
1463 5133 1643 5205 ξυρδς,
1710 5136 1785 5204 πῆ
1843 5136 1900 5189 δέ

320 5231 617 5296 μάχαιραο
649 5229 756 5287 τοῖς
795 5225 850 5278 δὲ
902 5224 1255 5296 θερμοτέροις
1313 5227 1408 5278 καὶ
1449 5225 1618 5294 ξίφος.
1657 5226 1767 5280 Καὶ
1801 5226 1895 5278 αύι

313 5320 458 5369 τίκα
499 5317 595 5368 καὶ
633 5317 662 5368 ὁ
707 5315 909 5383 πώγων
943 5316 1284 5386 ηλαφρύνετο
1318 5316 1395 5387 τῷ
1422 5316 1562 5369 οὕτω
1586 5316 1898 5388 κειραμένῳ

319 5407 508 5475 ἀνδρί.
539 5407 652 5458 Καὶ
687 5404 756 5477 ἦν
781 5407 962 5479 πάντη
989 5409 1215 5462 σπάνιον
1247 5408 1373 5461 ἰδεῖν
1404 5409 1574 5479 ἄνδρα
1625 5393 1898 5477 Ῥωμαῖον

319 5500 520 5568 ἄρτιον
555 5497 654 5568 τὴν
686 5499 945 5568 κεφαλήν.
979 5495 1136 5570 Εἶχον
1160 5499 1267 5570 γὰρ
1303 5500 1574 5553 ἀνάπαλιν
1603 5499 1699 5571 τῴο
1729 5519 1745 5552 ι
1767 5500 1900 5570 Θρὶξ

314 5584 397 5642 ἐκ’
408 5589 512 5659 τῆς
536 5591 778 5661 κεφαλῆς
798 5591 953 5660 ἡμῶν
974 5593 1033 5644 ού
1062 5593 1136 5662 μὴ
1159 5591 1455 5645 ἀπόλλυται
1476 5591 1778 5664 [ἀπολεῖται
1793 5592 1860 5664 .9].
1878 5612 1896 5644 ι

323 5682 399 5734 Ἰι
443 5681 560 5749 γὰρ
609 5679 780 5750 πολλὴ
823 5680 1089 5751 ἁμαρτία,
1119 5682 1186 5736 δι’
1232 5681 1300 5753 ἢν
1333 5682 1430 5736 καὶ
1459 5681 1604 5754 πρωῒ
1648 5699 1903 5752 πεποινη-

309 5770 634 5844 λατήμεθα,
671 5771 810 5826 κατὰ
837 5773 931 5828 τὸν
974 5773 1309 5847 αὖχήσαντα,
1341 5775 1409 5830 τα
1451 5777 1529 5839 εἰς
1563 5775 1659 5836 τὰς
1689 5775 1900 5846 πρωῖις

1995 1932 2138 1985 mis?
2161 1951 2180 1984 ι
2215 1928 2488 1986 Volebant
2521 1935 2668 1988 enim
2707 1948 2808 1988 nos
2843 1948 2950 1987 non
2987 1935 3193 1988 sentire
3218 1945 3268 1989 et
3300 1934 3566 2000 insanire,

1993 2040 2054 2078 ac
2093 2025 2247 2094 quasi
2284 2025 2516 2095 gaudere
2554 2025 2714 2080 malis
2749 2041 2870 2094 qua:
2898 2025 3268 2096 patiebamur.
3305 2023 3362 2077 Si
3419 2025 3567 2078 acci-

1991 2117 2145 2172 deret
2177 2115 2419 2181 cuidam,
2479 2117 2599 2170 viso
2635 2117 2872 2180 labente,
2910 2125 2966 2170 ut
3024 2116 3225 2171 rideret
3262 2117 3348 2170 vel
3383 2112 3568 2169 subri-

1992 2207 2164 2275 deret,
2215 2207 2444 2262 Latinus
2497 2208 2842 2264 irascebatur
2872 2209 3038 2263 etiam
3099 2208 3450 2262 vehementer
3483 2205 3567 2260 illi

1992 2300 2083 2367 qui
2139 2299 2374 2354 viderat.
2425 2299 2788 2354 Existintabat
2839 2300 3010 2364 enim,
3068 2309 3129 2354 ut
3175 2299 3416 2364 videtur,
3453 2298 3569 2353 sive

1995 2405 2094 2444 nos
2159 2401 2312 2446 actus
2349 2389 2668 2445 Latinorum
2719 2391 2990 2456 deridere,
3052 2391 3167 2446 sive
3217 2393 3420 2444 bonum
3473 2403 3567 2445 ex-

1996 2490 2306 2550 spectantes
2332 2491 2391 2535 ut
2441 2482 2580 2536 malo
2608 2483 2936 2553 gaudentes,
2982 2482 3100 2537 sive
3155 2483 3374 2536 tandem
3401 2483 3465 2537 de
3502 2499 3569 2539 eo

1995 2571 2234 2643 gaudere
2300 2573 2445 2642 quod
2499 2574 2683 2628 bastes
2730 2575 2952 2629 latebat.
3000 2573 3207 2643 Digitos
3262 2576 3426 2644 igitur
3474 2574 3573 2630 ﬂe-

1999 2667 2222 2720 etebant
2244 2665 2298 2720 in
2320 2666 2538 2720 modum
2569 2667 2827 2732 tibicinis,
2851 2683 3182 2738 manumque
3208 2671 3573 2742 rotundantes

1996 2757 2052 2812 itt
2117 2774 2405 2813 numerum
2435 2761 2716 2830 agitabant
2741 2761 2809 2816 ad
2844 2777 3083 2832 pugnum
3117 2763 3560 2834 impingendum:

2003 2868 2022 2901 ι
2093 2847 2203 2905 Cur
2237 2849 2402 2913 rides,
2448 2865 2481 2905 o
2521 2851 2775 2907 diabole?
2825 2871 2846 2905 ι
2905 2852 3303 2909 halbutiehant.
3365 2853 3564 2925 Sicque

1998 2943 2350 2996 serenitatem
2405 2943 2552 2998 risus
2600 2944 2735 2998 lenis
2788 2945 2840 2998 in
2883 2945 3136 3000 nebulam
3193 2941 3563 3017 laet-ymarunt

1998 3036 2416 3101 convertebant,
2457 3039 2598 3102 sive,
2670 3045 2733 3092 ut
2778 3038 2939 3092 aliter
2996 3038 3229 3102 dicatur,
3300 3039 3568 3096 ridentem

2003 3123 2374 3182 Denmcritum
2429 3132 2479 3182 in
2523 3126 2859 3185 Heraclitum
2883 3129 3098 3186 ﬂentem
3132 3132 3438 3214 mutabant.

2072 3309 2191 3363 lt8.
2239 3307 2698 3365 Vestintcntorum
2748 3314 2904 3367 sinus
2960 3313 3224 3367 viatorum
3275 3312 3572 3380 tange-bant

1997 3403 2475 3472 evacuabantque,
2521 3403 2565 3457 si
2619 3403 2750 3473 qttid
2827 3403 2957 3458 utile
3032 3413 3179 3458 esset
3235 3403 3359 3458 licet
3421 3401 3573 3474 parvi

2001 3496 2282 3548 momenti.
2331 3495 2559 3549 Curiose
2587 3496 2978 3548 scrutabantur
3014 3510 3174 3549 crura
3233 3511 3300 3548 ne
3349 3494 3571 3565 quando

2000 3585 2256 3652 penderet
2285 3584 2515 3652 gladius.
2547 3582 2603 3638 Si
2629 3586 2843 3653 quando
2875 3585 3036 3655 pugio
3065 3585 3575 3656 quantuluscttnqus.

1999 3673 2353 3740 inveniretur,
2393 3691 2546 3744 gena:
2563 3677 2782 3745 quidem
2807 3678 3031 3732 ferentis
3058 3677 3201 3732 ictus
3235 3678 3563 3742 sentiebant,

2000 3764 2225 3820 Latinus
2274 3781 2402 3820 vero
2429 3767 2712 3836 pugionem
2751 3767 3013 3838 rapiebat.
3056 3763 3213 3834 Quod
3260 3784 3388 3824 vero
3438 3769 3574 3822 dila.

2001 3865 2242 3908 ceratum
2284 3855 2464 3909 fuerat
2490 3873 2516 3908 a
2545 3857 2703 3912 nobis
2735 3857 2994 3913 omnibus
3044 3860 3378 3914 induendum
3431 3869 3572 3913 erat.

2003 3945 2058 3998 Si
2076 3956 2254 4000 autem
2279 3947 2474 4015 aliquis
2498 3947 2759 4000 induebat
2782 3949 3038 4018 puritatis
3059 3950 3252 4020 gratia,
3278 3950 3577 4005 ahillisda-

2003 4037 2285 4092 ntttabatnr
2305 4039 2394 4108 qui
2417 4055 2526 4092 non
2548 4040 2693 4094 hunc
2734 4040 3006 4094 hominem
3045 4039 3466 4111 despoliaverat.

2073 4217 2194 4272 ll9.
2216 4217 2384 4272 Athis
2410 4232 2517 4271 non
2543 4219 2808 4284 contenti,
2832 4217 3262 4288 uniuscujusque
3289 4233 3351 4272 ex
3375 4219 3578 4274 nostris

2001 4308 2162 4379 capiti
2193 4308 2368 4362 dicant
2402 4314 2709 4373 movebant.
2738 4311 2929 4378 aequali
2964 4327 3188 4381 prorsus
3219 4310 3344 4364 odio
3372 4311 3576 4365 haben-

2003 4407 2077 4453 tet
2105 4408 2157 4452 et
2179 4415 2271 4455 eos
2319 4400 2410 4470 qui
2446 4401 2617 4472 longis
2651 4402 2862 4472 capillis
2897 4412 2950 4458 et
2990 4417 3084 4457 eos
3109 4401 3206 4472 qui
3253 4401 3419 4456 densa
3447 4401 3575 4454 har-

2002 4491 2071 4544 ba
2107 4491 2418 4548 utebantur.
2454 4493 2568 4547 Non
2615 4492 2802 4547 videre
2847 4502 2964 4546 erat
2994 4495 3169 4547 virum
3199 4499 3290 4546 aut
3351 4507 3578 4561 puerum

2006 4597 2390 4652 quetttcunque
2423 4601 2531 4642 non
2593 4585 2880 4639 habentem
2919 4593 3198 4639 tonsuram
3262 4584 3575 4648 rotundam,

2003 4655 2206 4743 quali,
2228 4687 2364 4741 erat,
2419 4686 2571 4745 puto,
2613 4683 2838 4729 tonsura
2890 4690 3012 4744 quae
3046 4678 3098 4728 in
3147 4673 3430 4743 proverbio
3471 4673 3580 4728 ﬂe—

2005 4777 2211 4834 ctorea,
2251 4781 2474 4824 tonsura
2505 4771 2683 4825 antica
2715 4769 2910 4825 Thesei
2946 4785 2962 4824 :
2995 4779 3124 4824 tunc
3155 4769 3313 4838 quasi
3342 4784 3424 4824 ,ει
3481 4785 3581 4824 an-

1953 4849 1967 4860 “
2007 4857 2189 4911 tithesi
2243 4858 2422 4911 densae
2473 4866 2631 4910 erant
2680 4873 2746 4911 ex
2793 4858 2951 4926 longo
3005 4871 3172 4912 coma:
3221 4855 3578 4923 Abantaruut,

2006 4963 2114 5002 non
2144 4963 2271 5003 vero
2305 4963 2474 5002 conta:
2510 4947 2828 5003 Latinorum
2868 4949 3060 5003 ltorutn
3118 4965 3240 5020 quae
3300 4959 3472 5004 tonsae
3519 4949 3574 5002 in

2006 5047 2120 5093 toto
2180 5039 2413 5094 circuitu
2461 5041 2728 5110 quoddam
2788 5055 2961 5112 genus
2993 5041 3163 5112 apicis
3193 5039 3574 5096 eﬂ‘ortnahant.

2005 5129 2084 5183 Ad
2140 5133 2254 5186 haec
2291 5130 2489 5202 Latini.
2521 5133 2588 5186 de
2631 5135 2842 5202 capillis
2883 5136 2998 5189 suis
3045 5133 3286 5199 solliciti,
3331 5144 3576 5201 utuntur,

2007 5221 2096 5275 alii
2148 5225 2433 5287 novacula,
2493 5225 2583 5278 alii
2639 5226 2853 5296 gladio,
2910 5226 2998 5280 alii
3058 5226 3415 5280 ferventior-es
3467 5225 3578 5279 aci-
3655 5249 3657 5251 ί

2005 5328 2172 5375 nace;
2204 5315 2498 5384 statimque
2533 5327 2690 5369 tonso
2723 5317 2804 5371 sic
2835 5317 2950 5371 vito
2993 5315 3158 5370 barba
3197 5316 3580 5371 alteviabatur.

2007 5405 2137 5458 Erat
2175 5420 2302 5476 ergo
2337 5422 2516 5458 rarum
2542 5409 2775 5462 omnino
2817 5408 3002 5462 videre
3041 5407 3348 5463 Romanum
3383 5410 3582 5473 virum,

2009 5498 2182 5564 tapite
2203 5498 2430 5565 integro.
2459 5495 2812 5553 Proverbium
2834 5499 3108 5567 quoddam
3126 5510 3240 5554 erat
3258 5501 3338 5552 eis
3360 5507 3586 5551 contra.-

2005 5593 2147 5642 riutu
2173 5607 2185 5642 :
2221 5607 2238 5638 ι
2267 5589 2506 5658 Capillus
2531 5590 2597 5644 de
2615 5591 2789 5660 capite
2807 5600 2999 5646 nostro
3021 5607 3127 5645 non
3157 5589 3372 5657 peribit.
3397 5605 3415 5638 ι
3443 5588 3583 5654 Quia

2009 5681 2177 5734 multa
2200 5689 2356 5735 erant
2376 5693 2620 5752 peccata,
2639 5681 2760 5738 ideo
2776 5700 2806 5739 e
2829 5698 2985 5739 mane
3009 5695 3196 5750 pcenas
3214 5679 3465 5736 dedimus
3490 5697 3584 5750 per

2011 5790 2134 5832 eum
2165 5779 2254 5848 qui
2293 5778 2625 5849 gloriabatur
2647 5795 2676 5834 e
2707 5794 2862 5834 mane
2889 5785 3200 5848 peccatores
3226 5783 3382 5830 terra:
3412 5774 3585 5830 inter-
