3930 6232
415 300 518 366 123

1176 295 1599 358 EUSTATHII
1633 254 2386 363 Tuussammcmsm
2419 295 2985 364 METRUPOLIT/E

3562 302 3663 368 124

411 419 671 486 libusque
701 435 717 475 ε
747 414 885 482 Quid
923 414 1032 487 agit
1076 413 1330 468 dominus
1359 414 1504 482 quod
1553 426 1662 466 non
1693 425 1752 466 se
1799 427 1993 467 somno

2104 417 2300 486 κηνῶν,
2329 417 2424 472 καὶ
2456 404 2518 470 εῖ
2533 433 2676 479 τινες
2703 416 2761 468 δὲ
2789 413 2938 470 ἀλ)ιοί
2974 412 3094 468 κατ’
3131 413 3327 479 αὐτοὺς
3362 417 3664 488 κακοῦργοι

413 509 658 564 tradat?
716 507 1016 576 fractisque
1089 507 1307 576 portis,
1363 505 1510 560 intus
1573 513 1858 573 penetrant
1910 503 1989 557 fa-

413 605 678 671 ciuntque
709 600 850 669 quod
903 600 1036 669 ipsis
1068 598 1322 652 lubuerit.
1344 595 1642 651 Dicendum
1675 611 1802 650 vero
1834 598 1992 652 nobis

413 702 498 749 est
518 708 624 747 non
645 694 776 747 istos
801 693 947 747 solos
969 705 1087 745 esse
1113 691 1203 760 qui
1227 691 1367 744 male
1394 697 1788 753 tractarentur,
1811 676 2014 759 splen-I

416 789 550 842 dore
594 787 737 853 ignis
784 795 877 838 aut
913 784 1138 838 luminis
1175 781 1424 846 favente;
1461 782 1554 836 sed
1585 793 1742 836 erant
1772 798 1992 852 quoque

415 883 534 934 sine
569 879 692 947 igne
739 885 793 932 et
831 878 957 931 sine
1002 877 1230 930 lumine.
1261 874 1488 930 Nemiue
1540 883 1680 930 teste
1737 876 1882 930 enim
1935 877 1990 930 hi

415 973 606 1028 nefarii
661 979 1047 1042 penetrantes,
1113 976 1273 1023 nocte
1305 969 1462 1038 quasi
1521 967 1717 1023 inferni
1757 969 1989 1037 favente,

413 1063 706 1132 galeroque
745 1060 1071 1115 obvolvente
1104 1058 1355 1128 protecti,
1433 1059 1697 1113 mulieres
1750 1059 1990 1114 abduce-

411 1156 546 1211 bant
607 1169 636 1208 a
691 1154 860 1207 latere
925 1151 1286 1215 maritorum,
1349 1150 1583 1220 ligamen
1654 1151 1990 1206 matrimonii

410 1245 654 1300 violento
711 1252 865 1313 raptu
925 1242 1067 1298 foede
1122 1240 1513 1312 profanantes;
1556 1257 1721 1312 quam
1776 1243 1992 1299 lucente

410 1337 529 1392 sole
589 1336 1117 1398 consideraverant,
1176 1334 1462 1403 rapiebant
1527 1344 1724 1400 nocte,
1784 1336 1991 1406 puellas

408 1443 630 1499 quoque
685 1444 714 1480 a
770 1428 1070 1491 matribus,
1127 1428 1369 1481 nondum
1425 1431 1636 1489 factas,
1681 1436 1739 1482 ut
1793 1429 1987 1495 aiunt,

407 1521 836 1590 supplicationes
890 1527 1122 1573 matrum
1183 1534 1280 1589 pro
1336 1519 1508 1574 nihilo
1585 1519 1868 1576 habentes.
1931 1521 1988 1576 Si

415 1613 558 1667 bona
589 1622 862 1681 raperent,
894 1613 1051 1680 quasi
1087 1615 1464 1682 eleemosynas
1491 1611 1782 1680 quasdam,
1806 1613 1992 1682 quasi-

411 1721 519 1775 que
569 1704 768 1758 malum
825 1702 1018 1757 divites
1066 1717 1230 1771 opum
1270 1705 1586 1757 censebant.
1647 1703 1809 1757 Erant
1860 1717 1988 1757 vero

2095 509 2303 579 (πολλοὶ
2340 507 2396 563 δὲ
2427 511 2478 563 οἱ
2511 509 2786 579 τοιοῦτοι),
2819 510 2914 563 καὶ
2953 510 3376 580 ἀνακρινόντων,
3407 511 3460 562 τί
3488 511 3664 566 ποιῶν

2091 605 2118 658 ὁ
2149 603 2536 673 οἰκοδεσπότης
2563 603 2640 666 εἰς
2689 601 2856 656 ὕπνον
2881 601 2942 654 οὐ
2974 601 3395 668 κατακέκλιται;
3434 602 3527 656 καὶ
3560 621 3664 659 κα-

2089 693 2412 747 τακλώντων
2461 693 2560 755 τὰς
2603 692 2797 762 θύρας,
2830 693 2924 745 καὶ
2958 693 3344 763 είσπηδὼντων
3389 693 3517 758 ἔσω,
3569 695 3699 750 καῖ’

2089 785 2361 856 δρώντων,
2397 786 2495 838 ὅσα
2526 785 2591 837 ἂν
2621 783 2717 837 καὶ
2741 780 2850 836 εἷεν
2879 783 3224 854 βουλομένοις
3264 784 3468 847 αὐτοῖς.
3494 787 3664 856 Ἔχο-

2093 891 2197 942 μεν
2223 874 2267 928 δ’
2301 876 2474 929 εἰπεῖν
2511 876 2606 929 καὶ
2633 874 2709 939 ὼς
2739 875 2838 946 οὐχ
2867 871 3011 932 οὗτοι
3046 877 3196 946 μόνοι
3239 871 3536 931 ἐκακοῦντο
3573 878 3666 932 διὰ

2091 965 2388 1034 πρόφασιν,
2423 965 2484 1018 τὸ
2515 965 2626 1036 πῦρ
2656 967 2753 1020 καὶ
2779 967 2839 1020 τὸ
2863 967 2998 1034 φῶς,
3023 967 3158 1021 ἀλλά
3196 969 3290 1020 καὶ
3329 969 3379 1021 oi.
3416 967 3668 1037 ἀνεμπύ-

2095 1071 2275 1124 ρευτοι
2333 1054 2425 1108 καὶ
2479 1054 2798 1124 ἀφώτιστοι.
2869 1056 3256 1126 ’Λνεξέλεγκτα
3315 1057 3426 1128 γὰρ
3475 1059 3669 1112 ἐπεισ-

2093 1147 2354 1216 φροῦντες
2402 1149 2450 1202 οῖ
2495 1149 2674 1212 κακοὶ,
2733 1149 2826 1204 καὶ
2858 1149 2954 1222 τὴν
3004 1151 3174 1204 νύκτα
3209 1151 3341 1204 ὡσεὶ
3395 1151 3485 1204 κα.ὶ
3530 1151 3664 1225 ᾅδου

2091 1237 2293 1308 κυνέην
2327 1240 2406 1303 εις
2439 1239 2732 1311 ἐπίκρυψιν
2777 1241 3248 1312 ἀμφιϐεϐλημένοι
3299 1245 3568 1310 γυναῖκάς
3600 1261 3664 1296 τε

2091 1330 2304 1400 ἀπῆγον
2335 1332 2444 1385 τῶν
2484 1333 2773 1400 συνεύνων,
2819 1334 3074 1404 ἀφιέντες
3108 1335 3201 1389 τὸν
3224 1335 3317 1389 τοῦ
3355 1335 3536 1406 γάμου
3568 1335 3667 1400 ζυ-

2091 1423 2188 1491 γὸν
2217 1425 2535 1495 ἐτεροκλινῆ
2565 1430 2634 1498 τῇ
2669 1427 2889 1498 ἁρπαγῇ
2922 1427 3024 1496 τῆς
3068 1428 3352 1498 δυνάμεως
3376 1445 3390 1459 '
3437 1428 3504 1500 ἣν
3555 1428 3666 1482 ὑπὸ

2092 1515 2226 1586 ἡλίῳ
2255 1515 2643 1586 διευκρινοῦντι
2681 1519 3208 1588 κατασκεπτόμενοι,
3243 1517 3437 1581 νυκτὸς
3483 1518 3668 1588 ἀφήρ-

2093 1609 2293 1673 παζον·
2327 1610 2422 1662 καὶ
2443 1610 2684 1672 νεάνιδας
2717 1609 2827 1663 τῶν
2857 1612 3216 1681 γειναμένων,
3253 1610 3485 1674 ἀτελεῖς,
3515 1609 3667 1664 καθά

2091 1717 2173 1762 τις
2197 1701 2323 1769 ἔφη,
2355 1701 2451 1763 τὰς
2485 1704 2593 1754 τῶν
2621 1702 2889 1757 τεκόντων
2921 1705 3008 1755 ἐπ’
3039 1705 3229 1766 αὐταῖς
3251 1704 3416 1774 εὐχὰς
3438 1703 3668 1772 τιθέμε-

410 1773 505 1866 qut
552 1796 605 1849 in
647 1794 902 1849 domibus
959 1794 1074 1849 suis
1115 1792 1519 1864 jugularenlur,
1554 1792 1755 1846 malum
1810 1796 1977 1862 impu-

2104 1810 2193 1848 φοι.
2227 1793 2286 1845 El
2314 1793 2371 1844 δέ
2404 1794 2498 1848 καὶ
2521 1795 2782 1864 χρήματα
2811 1795 3142 1866 συναπῆγον,
3173 1797 3272 1848 ὅσα
3302 1773 3394 1848 καὶ
3426 1795 3664 1865 προῖκάς

411 1889 590 1943 nitum
651 1889 878 1942 absente
942 1887 1057 1940 sole
1112 1886 1407 1956 patientes.
1475 1883 1634 1939 Ratio
1688 1894 1805 1939 erat
1834 1884 1988 1939 furor

409 1991 808 2036 nocturnorum
870 1977 1136 2032 furtorum
1202 1993 1266 2032 ac
1328 1978 1564 2049 gemitus
1634 1978 1984 2031 miserorum.

411 2073 515 2138 Qui
543 2088 609 2126 ex
653 2071 911 2126 Barbarie
957 2071 1280 2127 urbaniores
1315 2080 1474 2126 erant
1507 2084 1570 2126 ac
1618 2070 1801 2136 faceti,
1834 2083 1989 2142 ama-

414 2165 548 2218 bant
598 2167 652 2218 in
705 2172 892 2232 portas
943 2164 1179 2229 irruere,
1213 2163 1379 2234 virgis
1425 2163 1701 2231 frangere,
1749 2160 1988 2214 avellere

418 2255 750 2324 auferreque
809 2254 863 2308 in
903 2252 1169 2319 derisum,
1214 2253 1303 2307 vel
1353 2253 1534 2306 adhuc
1575 2250 1830 2306 dominos
1870 2248 1977 2304 loci

415 2363 610 2404 somno
632 2347 868 2416 privare.

2091 1903 2265 1949 τινας,
2315 1887 2378 1938 ἐκ
2423 1887 2742 1955 περιουσίας
2771 1886 2922 1939 τουτὶ
2973 1887 3032 1939 τὸ
3086 1887 3274 1940 κακόν.
3316 1883 3496 1939 Ἦσαν
3524 1886 3581 1940 δέ
3611 1884 3669 1940 οἶ

2094 1976 2186 2030 καὶ
2236 1976 2565 2044 ἐσφάττοντο
2616 1978 2709 2031 ἐπὶ
2759 1977 2867 2030 τῶν
2920 1979 3106 2031 οἰκιῶν
3151 1977 3487 2048 τηνικαῦτα,
3527 1977 3667 2048 ἡλίῳ

2093 2070 2410 2140 ἀμάρτυρον
2443 2070 2611 2122 κακὸν
2635 2071 2958 2141 πάσχοντες.
2989 2072 3100 2126 Καὶ
3128 2071 3196 2146 τὸ.
3217 2073 3390 2124 αἴτιον
3417 2069 3449 2139 ἢ
3477 2087 3670 2123 νυκτι-

2092 2161 2245 2230 λόχος
2278 2160 2522 2231 μανία,ἢ
2555 2162 2636 2214 ὅτι
2661 2161 2892 2226 ἐξεϐόων
2921 2164 2968 2216 oi
2993 2163 3484 2234 κακουργούμενοι.
3511 2162 3673 2215 Ὅσοι

2098 2249 2154 2304 δέ
2191 2251 2299 2306 τῶν
2354 2251 2646 2324 βαρϐάρων
2697 2254 3092 2323 ἐπιεικέστεροι
3127 2255 3222 2307 καὶ
3273 2254 3672 2322 παιγνήμονες,

2101 2337 2246 2398 οὗτοι
2303 2345 2358 2398 δὲ
2415 2345 2528 2399 ἀλλ’
2588 2346 2820 2416 ἠγάπων
2889 2345 3084 2415 θύραις
3143 2345 3517 2415 ἐναλλόμενοι,
3571 2362 3673 2418 και⁵

417 2444 719 2504 κόπτοντες
757 2439 974 2511 ῥάϐδοις
1015 2438 1206 2504 αὑτὰς,
1244 2439 1340 2492 καὶ
1368 2437 1401 2509 ἦ
1434 2436 1755 2509 ῥιπτοῦντες
1786 2437 1883 2491 καὶ
1914 2436 1992 2500 εἰς
2031 2438 2231 2509 φόρτον
2256 2440 2502 2507 ἄγοντες,
2534 2441 2568 2512 ἢ
2597 2440 2731 2494 ἀλλά
2761 2440 2890 2508 γοῦν
2917 2441 3042 2504 τοὺς
3065 2440 3287 2510 κυρίους
3343 2438 3436 2492 τοῦ
3498 2437 3670 2491 τόπου

329 2587 333 2590 _
417 2536 856 2606 ἀποστεροῦντες
886 2533 978 2588 τοῦ
1010 2534 1234 2588 ὑπνοῦν.

492 2631 620 2686 124.
651 2631 779 2684 Haec
814 2630 1068 2699 equidem
1091 2639 1146 2684 et
1175 2629 1280 2683 alia
1317 2629 1470 2700 plura
1508 2628 1598 2686 his
1631 2645 1695 2685 ac
1726 2629 1995 2700 imprimis

425 2723 668 2785 nuditas,
703 2722 874 2776 fames
907 2721 1109 2776 multos
1131 2721 1472 2790 captivorum
1518 2722 1804 2776 turbantes
1847 2737 1995 2776 com-

425 2827 820 2886 moventesque
853 2817 1066 2871 animas
1097 2831 1270 2886 usque
1305 2817 1371 2870 ad
1405 2824 1674 2878 mortem,
1706 2831 1773 2871 ex
1802 2829 1994 2870 neces-

421 2912 583 2968 sitate
614 2923 708 2964 eas
742 2907 1077 2978 impulerunt
1107 2908 1257 2977 (quid
1287 2909 1430 2963 enim
1460 2909 1608 2962 aliud
1632 2909 1810 2962 adhuc
1834 2921 1997 2961 exco-

421 3001 748 3074 gitassent?)
780 3001 846 3052 ad
875 2999 979 3054 sibi
1008 3001 1264 3055 omnibus
1283 2999 1590 3054 rationibus
1616 2999 1840 3054 Latinos
1866 3013 1996 3053 con-

427 3095 721 3159 ciliandos,
755 3093 1158 3163 pratveniendo,
1185 3092 1484 3156 adulando,
1510 3091 1865 3156 blandiendo,
1899 3091 1994 3147 ob—

427 3187 744 3249 seouendo,
796 3185 1116 3251 serviendo,
1169 3183 1351 3238 omnia
1399 3185 1632 3253 denique
1679 3184 1887 3253 agendo
1938 3193 1997 3237 ut

424 3277 611 3333 vivere
631 3282 854 3345 possent
883 3288 948 3327 ac
975 3274 1186 3342 absque
1212 3273 1408 3329 timore
1436 3282 1640 3329 essent.
1672 3273 1778 3327 Sed
1803 3273 1998 3329 deinde

424 3369 664 3438 suntqui
699 3367 855 3422 inviti
879 3367 934 3421 in
959 3381 1056 3421 sua
1091 3373 1238 3421 recte
1262 3365 1612 3421 festinatione
1633 3366 1996 3423 offenderunt.

425 3460 612 3516 Insani
637 3459 781 3514 enim
802 3456 1182 3527 intempestive
1205 3457 1370 3512 locuti
1399 3466 1556 3521 sunt,
1581 3457 1762 3511 abdita
1782 3457 2002 3510 thesau-

424 3568 612 3608 rorutn
654 3549 1057 3622 patefecerunt,
1091 3561 1390 3620 rapuerunt
1424 3566 1490 3605 ac
1528 3549 1998 3618 despoliaverunt.

424 3643 704 3699 Persecuti
736 3653 868 3697 sunt
917 3641 1212 3711 fugientes,
1248 3641 1454 3696 multos
1495 3640 1742 3709 ejusdem
1777 3639 2000 3708 sangui-

427 3734 537 3799 nis,
589 3731 891 3801 capiendos
925 3732 1284 3786 venatoribus
1322 3731 1485 3785 malis
1531 3733 1898 3798 tradiderunt,
1944 3731 2000 3786 in

429 3825 729 3893 multisque
774 3825 898 3877 aliis
949 3832 1338 3892 peccaverunt,
1391 3838 1500 3877 non
1557 3834 1754 3894 sponte
1795 3840 1893 3878 sua
1945 3825 2000 3878 in

426 3917 684 3971 erunibus
712 3925 956 3984 agentes,
992 3916 1086 3970 sed
1117 3925 1175 3968 ut
1208 3930 1332 3969 cum
1368 3916 1530 3987 vulgo
1563 3917 1870 3986 loquamur,
1894 3915 2003 3971 vel-

423 4011 538 4068 lent
567 4011 791 4064 nollent.

506 4102 629 4159 125.
659 4101 782 4156 Haec
816 4113 950 4156 sunt
975 4103 1160 4173 gravia
1188 4102 1408 4172 quidem
1444 4109 1606 4172 atque
1638 4101 1704 4154 ad
1730 4099 2000 4170 pudorem

432 4206 682 4249 nostrum
713 4196 1019 4263 spectantia
1055 4210 1178 4264 quae
1197 4195 1494 4249 conunissa
1534 4201 1665 4246 sunt
1691 4193 1746 4245 in
1779 4189 2002 4260 propria

429 4297 594 4356 gente
628 4285 874 4356 (quidam
902 4287 1046 4340 enim
1078 4301 1143 4341 eo
1163 4285 1514 4340 descendisse
1541 4283 1997 4352 convincuntur),

432 4393 502 4430 ne
542 4393 637 4447 per
671 4377 815 4430 labia
849 4393 947 4430 sua
982 4378 1290 4431 meminerit
1321 4377 1484 4431 Deus.
1539 4373 1671 4430 Inde
1722 4374 2003 4427 matrimo-

2173 2628 2308 2700 ρκδ’.
2341 2627 2526 2680 Ταῦτα
2553 2628 2615 2699 δὴ
2649 2629 2740 2683 καὶ
2778 2627 2983 2681 τούτων
3014 2629 3176 2700 ἕτερα
3207 2627 3398 2693 πλείω,
3433 2629 3528 2684 καὶ
3561 2631 3671 2698 μά-

2094 2726 2254 2779 λιστα
2287 2723 2348 2777 τὸ
2368 2720 2734 2792 γυμνιτεύειν,
2775 2724 2866 2775 καὶ
2893 2722 2920 2773 ό
2959 2723 3114 2792 λιμὸς
3152 2723 3280 2786 τοὺς
3309 2723 3536 2786 πολλοὺς
3556 2725 3670 2778 τῶν

2096 2815 2480 2888 αἰχμαλώτων,
2521 2813 2784 2887 θροοῦντα
2831 2816 2925 2868 καὶ
2973 2816 3396 2886 διαταράττοντα
3434 2817 3540 2880 ἕως
3571 2815 3674 2871 καὶ
3751 2861 3759 2873 .

2096 2913 2176 2974 είς
2212 2909 2440 2962 θάνατον
2469 2909 2568 2970 τὰς
2615 2907 2790 2976 ψυχὰς
2819 2906 3080 2978 ἠρέθισαν
3114 2908 3235 2960 κατ’
3265 2909 3515 2980 ἀνάγκην
3549 2908 3673 2976 (καὶ

2095 3003 2280 3070 τίγάρ
2321 3000 2450 3056 ἄλλο
2480 3000 2900 3069 ἐμηχανήσαντο
2956 2999 3084 3068 άν;)
3143 3000 3494 3053 ὐπαικάλλειν
3541 3001 3673 3064 τοὺς

2099 3093 2380 3158 Λατίνους,
2410 3090 2752 3160 ὑποτρέχειν,
2781 3087 3120 3154 κολακεύειν,
3147 3088 3404 3154 θώπτειν,
3440 3088 3672 3155 σαίνειν,

2099 3183 2391 3246 δουλεύειν,
2430 3182 2604 3235 πάντα
2633 3183 2826 3246 ποιεῖν,
2856 3179 2913 3246 ἐξ
2942 3172 3016 3238 ὧν
3047 3179 3112 3234 ἂν
3160 3180 3252 3234 καὶ
3282 3178 3536 3251 ζήσαιεν,
3574 3183 3676 3235 καὶ.

2103 3275 2239 3350 μηδέ
2278 3275 2440 3344 φόϐον
2474 3274 2669 3343 ἔχοιεν.
2708 3273 3017 3327 Κάντεῦθεν
3062 3275 3198 3328 εἰσὶν
3227 3273 3276 3326 οἳ
3322 3274 3674 3344 προσέκοψαν

2101 3373 2183 3433 είς
2224 3371 2316 3422 τὸν
2342 3367 2499 3438 ὀρθὸν
2531 3367 2732 3438 δρόμον
2765 3367 3011 3429 ἄκοντες.
3050 3367 3112 3420 Ol
3153 3370 3260 3436 γάρ
3292 3364 3368 3436 μὴ
3398 3365 3677 3436 ἔμφρονες

2102 3463 2194 3516 καὶ
2225 3460 2624 3528 κατελάλησαν,
2654 3459 2748 3512 καὶ
2789 3459 3081 3529 θησαυρῶν
3118 3460 3506 3530 κατεμήνυσαν
3534 3461 3675 3529 κρύ-

2100 3553 2243 3623 ψεις,
2277 3556 2373 3608 καὶ
2409 3553 2686 3622 ἥρπασαν,
2726 3554 2821 3606 καὶ
2845 3552 3138 3621 ἐσύλησαν.
3189 3551 3578 3624 ’ἰχνηλάτησαν
3615 3552 3677 3605 δέ

2101 3648 2196 3697 καὶ
2224 3644 2492 3712 φυγάδας,
2520 3641 2614 3696 τοῦ
2649 3641 2814 3696 αὐτοῦ
2863 3641 3094 3711 αἵματος
3133 3643 3258 3705 τοὺς
3290 3641 3538 3709 πολλοὺς,
3573 3643 3676 3698 καὶ

2102 3735 2373 3804 ἀγρεῦσαι
2404 3736 2516 3797 τοῖς
2549 3735 2739 3797 κακοῖς
2769 3733 3034 3805 θηραταῖς
3065 3734 3350 3800 δεδώκασι,
3376 3734 3470 3790 καὶ
3496 3735 3672 3789 πολλὰ

2102 3827 2264 3897 ἐτερα
2304 3825 2637 3896 ἐξήμαρτον,
2672 3825 2790 3878 οὔτι
2841 3826 3056 3888 ἑκόντες
3086 3824 3143 3888 ἐς
3185 3843 3250 3894 γε
3278 3827 3338 3879 τὸ
3367 3827 3497 3893 πᾶν,
3549 3825 3674 3882 ἀλλ’

2102 3921 2278 3972 εἰπεῖν
2311 3917 2801 3987 καθωμιλημένως,
2831 3916 3289 3975 ἐκουσιακούσιοι.

2177 4107 2310 4172 ρκε’.
2352 4099 2475 4152 Τῶν
2503 4097 2560 4153 δέ
2589 4116 2653 4168 γε
2702 4097 2797 4152 καὶ
2833 4096 3047 4168 μεγάλα
3087 4096 3181 4149 καὶ
3229 4095 3364 4168 πρὸς
3395 4096 3677 4150 ἀναίδειαν

2103 4193 2544 4266 κατενεχθέντων
2579 4191 2672 4244 τοῦ
2725 4189 3015 4261 φυλετικοῦ
3054 4193 3244 4256 γένους
3285 4187 3683 4258 (κατηγοροῦν-

2085 4303 2194 4340 ’ται
2240 4284 2348 4356 γὰρ
2400 4283 2492 4336 καὶ
2539 4280 2774 4335 τοιοῦτοι
2823 4278 3048 4350 ἐκϐῆναί
3083 4277 3249 4348 τινες)
3284 4279 3491 4348 μήποτε
3543 4293 3685 4348 μνη-

2109 4374 2263 4444 σθείη
2292 4373 2377 4426 διὰ
2411 4370 2634 4442 χειλέων
2664 4368 2828 4425 αὑτοῦ
2855 4371 2882 4422 ό
2913 4369 3134 4439 Κύριος.
3183 4365 3464 4422 Ἐντεῦθεν
3493 4367 3544 4420 oi
3576 4369 3682 4420 αὺ-

432 4469 523 4521 nia
569 4483 679 4522 non
719 4466 984 4538 legitima,
1021 4467 1147 4523 inde
1195 4468 1454 4524 mulieres
1502 4479 1824 4523 recusantes
1864 4482 1998 4538 quos

2107 4469 2322 4536 τόνομοι
2385 4466 2589 4535 γάμοι·
2659 4464 2908 4518 ἐντεῦθεν
2969 4459 3249 4530 γυναικῶν
3336 4460 3684 4531 ἀπαρνήσεις

433 4559 582 4634 viros
617 4561 703 4613 lex
749 4559 926 4624 novit,
983 4569 1096 4613 tum
1154 4559 1430 4629 virginum
1478 4558 1883 4626 dcﬂorationes,
1936 4559 2018 4616 de.

435 4650 636 4718 quibus
655 4649 821 4705 duces
843 4653 1039 4721 partim
1064 4664 1175 4704 non
1209 4649 1434 4704 fuerunt
1464 4648 1642 4714 liberi,
1665 4651 1862 4720 partim
1885 4650 2004 4709 illas

434 4743 800 4806 dimiserunt;
852 4753 966 4796 tum
998 4742 1140 4810 ,luca
1191 4741 1642 4806 fornicationum,
1696 4741 1762 4797 de
1806 4743 2006 4812 quibus

437 4835 605 4886 multa
659 4834 924 4887 audenter
968 4833 1205 4898 locutus,
1245 4831 1458 4886 nullum
1487 4832 1720 4887 fructum
1767 4832 2004 4902 percepi,

441 4917 550 4978 non
581 4926 768 4978 valens
799 4937 1044 4980 avertere
1073 4941 1196 4995 quae
1229 4936 1510 4993 peccatum
1545 4926 1905 4990 admiserant,
1942 4938 2009 4978 eo

442 5017 586 5081 quod
639 5016 798 5072 dulce
831 5032 1078 5072 striarum
1126 5016 1238 5086 jam
1273 5018 1664 5086 gustavissent,
1711 5015 2008 5085 aliquando

445 5109 734 5162 adversum
767 5123 871 5169 me,
905 5119 962 5161 ut
985 5124 1201 5178 gravem
1228 5107 1294 5160 ad
1331 5107 1643 5174 videndum,
1671 5108 2010 5164 succlaman-

447 5208 528 5253 tes
562 5217 581 5250 ι
621 5213 811 5254 canem
843 5201 1145 5254 abortivum
1171 5207 1441 5266 gustasse.
1487 5217 1506 5250 ι

518 5374 643 5430 126.
695 5374 938 5442 Denique
971 5375 1070 5430 soli
1105 5383 1283 5429 motus
1327 5386 1379 5430 et
1423 5375 1632 5431 fissurae
1679 5377 1876 5448 quibus
1917 5376 2012 5431 do-

446 5485 568 5524 mus
591 5482 782 5522 omnes
805 5467 1020 5522 eﬂossa:
1043 5467 1278 5535 fuerant,
1310 5470 1728 5524 suﬂ'odientibus
1759 5469 2011 5525 Barbarie

445 5562 599 5631 quasi
629 5560 868 5616 cuniculi
913 5563 993 5615 vel
1030 5562 1209 5630 talpae,
1249 5563 1332 5616 vel
1379 5561 1548 5631 porci,
1596 5562 1677 5615 vel
1722 5562 1867 5616 aliud
1895 5563 2014 5617 ani-

444 5654 552 5706 mal
583 5653 797 5710 radices
838 5658 1008 5709 edens
1039 5655 1142 5709 sub
1178 5655 1344 5709 humo
1378 5657 1582 5719 vivens,
1617 5664 1674 5707 ut
1702 5670 1828 5710 vero
1856 5656 2014 5710 aliter

444 5743 754 5816 loquamur,
790 5747 948 5817 quasi
980 5756 1245 5804 aratores.
1273 5743 1500 5803 Videtur
1527 5746 1673 5802 enim
1709 5747 1854 5803 velut
1889 5762 2014 5804 cum

2106 4559 2566 4630 ἀπανηναμένων,
2614 4555 2707 4619 οὒς
2759 4556 2921 4625 νόμος
2953 4549 3090 4606 οἶδεν
3119 4552 3341 4623 ἀνδρας.
3397 4550 3685 4605 Ἐντεῦθεν

2107 4650 2394 4722 παρθένων
2426 4648 2648 4719 φθοραὶ,
2695 4648 2806 4701 τῶν
2842 4647 2941 4718 μὲν
2969 4645 3088 4699 οὔτι
3119 4645 3239 4698 καθ’
3283 4643 3530 4697 ἑκούσιον
3569 4644 3687 4699 τῶν

2109 4745 2427 4818 ἀρχηγετῶν
2479 4745 2668 4806 αὐταῖς
2699 4742 2794 4796 τοῦ
2841 4736 3000 4808 εῖναι,
3038 4743 3148 4796 τῶν
3198 4743 3254 4796 δέ
3315 4743 3411 4796 καὶ
3454 4742 3686 4796 ἐκείνων

2108 4834 2429 4907 προεμένων
2458 4834 2651 4896 αὐτάς.
2686 4831 2967 4887 Ἐντεῦθεν
2991 4833 3216 4902 σεμνεῖα
3241 4833 3684 4902 πεπορνευμένῳ

2111 4929 2196 4997 ἐφ’
2229 4922 2309 4986 οἷς
2337 4925 2446 4994 ἐγὼ
2483 4924 2652 4979 πολλὰ
2700 4924 2796 4979 καὶ
2826 4924 3281 4996 παρακλητεύσας
3312 4925 3408 4977 καὶ
3457 4927 3687 4996 παρρη-

2113 5019 2442 5088 σιασάμενος
2474 5019 2754 5088 ἄπρακτος
2800 5016 3012 5087 ἐμεινα,
3059 5015 3194 5087 μηδέ
3233 5014 3332 5079 τάς
3363 5017 3690 5084 πασχούσας

2110 5109 2172 5162 τδ
2207 5110 2523 5178 ἐφάμαρτον
2563 5107 2889 5177 ἐπιστρέψαι
2924 5107 3241 5175 δυνάμενος,
3286 5098 3373 5157 οἷα
3405 5106 3687 5174 γεγευμέ-

2112 5215 2207 5262 νας
2256 5198 2356 5269 ήδη
2396 5196 2490 5251 τοῦ
2531 5197 2928 5268 γλυκυπίκρου,
2971 5199 3064 5251 καί
3115 5213 3235 5259 πως
3286 5195 3687 5264 ὑποφωνούσας

2115 5305 2228 5360 μοι,
2263 5290 2340 5353 ὡς
2375 5288 2629 5359 χαλεπὸν,
2659 5289 2842 5359 χορίου
2868 5289 3003 5342 κύνα
3042 5288 3261 5357 γεῦσαι.

2187 5387 2337 5452 ρκς¹.
2366 5380 2648 5435 Ἐντεῦθεν
2677 5383 2920 5436 δαπέδων
2954 5383 3106 5436 σάλοι
3128 5383 3219 5434 καὶ
3249 5380 3585 5450 ἀνασχίσεις,
3616 5383 3690 5438 δι’

2114 5463 2190 5525 ὧν
2219 5467 2360 5526 οἶκοι
2389 5473 2588 5535 πάντες
2631 5471 3050 5542 ἐξωρωρύχατο,
3101 5472 3545 5541 ὑπονομευόντων
3574 5474 3692 5528 τῶν

2117 5563 2406 5634 βαρϐάρων
2440 5563 2582 5617 κατὰ
2613 5564 2872 5632 λαγιδεῖς,
2911 5563 2942 5635 ἢ
2974 5563 3317 5625 ἀσπάλακας,
3353 5561 3385 5630 ἢ
3426 5564 3518 5615 καὶ
3551 5566 3694 5635 χοι-

2117 5671 2266 5725 ρους,
2296 5655 2329 5723 ἢ
2359 5654 2488 5708 ἀλλο
2511 5671 2565 5708 τι
2598 5655 2736 5718 ζῶον
2760 5655 3053 5726 ῥιζοφάγον
3086 5655 3381 5724 γεωχαρές,
3413 5655 3594 5709 εἰπεῖν
3629 5657 3692 5711 δέ

2115 5747 2209 5802 καὶ
2243 5746 2438 5815 άλλως,
2491 5746 2633 5801 κατά
2673 5747 2955 5819 ἀροτρέας.
2989 5735 3235 5800 dati/stat
3269 5745 3376 5814 γὰρ
3401 5783 3418 5811 ,
3464 5744 3544 5808 ὡς
3587 5749 3689 5801 καὶ
