3950 6242
206 388 288 452 125

961 381 1061 441 DE
1099 371 1667 439 THESSALONICA
1703 370 1755 434 U
1765 367 1908 427 RBE
1952 367 1994 424 Α
2037 365 2340 426 LATINIS
2377 357 2654 424 CAPTA.‘

3332 353 3435 416 126

204 505 427 576 ἀρότροις
461 502 751 571 ἀνέσχιζον
788 499 852 552 ἂν
887 498 952 550 τὰ
975 497 1084 550 τῶν
1118 494 1326 560 οίκιῶν,
1365 492 1524 563 εἴπερ
1565 492 1763 561 ἐχώρει
1791 538 1792 543 η

1905 485 2078 540 utris
2125 487 2268 538 enim
2306 484 2591 537 domorum
2647 478 3001 533 fundamenta
3037 474 3313 530 excidisse
3355 475 3439 528 ri-

205 604 254 658 τὺ
278 599 393 653 κατ’
422 599 600 661 αὑτὰς
633 597 882 667 ἐμϐοδίν.
921 593 1190 660 Ἔναγχος
1236 588 1344 656 γάρ
1373 603 1454 639 τοι
1503 585 1762 650 ἄσπαρτα

208 693 285 748 καὶ
305 691 560 762 ἀνήροτα
588 687 920 756 δρεψάμενοι
960 684 1104 738 κατά
1137 700 1189 735 τι
1217 677 1763 749 πεπαροιμιασμένον

211 785 338 854 θέρος
367 782 632 852 χρύσεον,
667 775 786 832 είτα
810 778 902 830 καί
932 776 1124 845 ἄροτον
1149 766 1257 827 οἷον
1289 771 1474 823 τοῦτον
1504 765 1766 835 διεχειρί-

214 878 361 942 ζοντο.
401 874 462 937 ἐξ
511 865 576 925 οὗ
628 870 873 939 αὐτοφυῆ
902 868 970 920 τὰ
1002 867 1142 920 καλὰ
1189 863 1497 932 ἐκέρδαινον
1538 860 1763 928 ἐρμαια.

216 969 301 1021 Καὶ
327 969 440 1029 τοῖς
474 966 626 1034 ἀμφὶ
655 963 745 1017 τὸν
767 963 918 1032 ἥλιον
947 961 1019 1030 μὴ
1041 957 1363 1025 ἀγαπῶντες
1393 954 1763 1020 πλουτισμοῖς,

213 1057 557 1112 ἐπεϐούλευον
588 1055 682 1107 καὶ
711 1055 822 1116 τοῖς
854 1051 994 1103 κατὰ
1021 1052 1146 1118 γῆς.
1191 1048 1380 1099 Δοτέον
1410 1061 1499 1115 μοι
1529 1044 1653 1105 τοὺς
1674 1041 1771 1093 αὖ·

214 1150 314 1212 τοὺς
346 1147 586 1200 καλέσαι
623 1146 719 1198 καὶ
766 1142 1156 1213 χρυσωρύχους
1184 1139 1283 1208 τὴν
1319 1135 1598 1203 ἐπιῦολὴν,
1631 1132 1772 1186 κατά

214 1258 265 1309 γε
289 1241 410 1302 τοὺς
440 1239 659 1291 ἔνδοθεν
683 1233 978 1306 μύρμηκας
1003 1229 1281 1302 (τοιαύτης
1309 1229 1419 1298 γὰρ
1451 1226 1584 1296 ὕλης
1607 1226 1771 1296 ἔρωτι

219 1331 597 1404 παρηνώχλουν
623 1331 690 1398 τῇ
723 1329 817 1396 γῇ)
839 1343 853 1358 ·
895 1327 1020 1387 τοὺς
1053 1323 1096 1376 δ’
1125 1322 1320 1385 αὐτοὺς
1360 1321 1454 1373 καὶ
1482 1317 1775 1388 τυμϐωρύ-

218 1443 325 1496 χους
360 1420 664 1494 μυριαχοῦ.
692 1418 825 1472 Οὐδὲ
868 1417 977 1488 γὰρ
1009 1414 1130 1468 οὐδὲ
1167 1415 1293 1476 τοὺς
1331 1413 1561 1481 νεκροὺς
1587 1409 1774 1463 ἀνεπιε-

219 1516 528 1578 δουλεύτους
558 1513 899 1584 παρέτρεχον
918 1526 932 1542 ο
964 1509 1038 1572 ὡς
1067 1507 1122 1560 δὲ
1154 1503 1776 1578 θησαυροφυλακοῦντας

220 1611 461 1673 ἐλύπουν,
503 1603 955 1662 διασκαλεύοντες
991 1599 1222 1654 πλούτου
1263 1599 1454 1669 χάριν,
1495 1598 1593 1651 καὶ
1635 1593 1778 1650 οὕτω

223 1704 300 1758 τὸν
322 1702 455 1774 ᾅδην
488 1697 785 1754 Πλούτωνα
817 1696 912 1749 καὶ
935 1693 1088 1747 αὐτοὶ
1116 1693 1255 1746 νοεῖν
1284 1690 1742 1761 ύπεμφαίνοντες.

282 1791 414 1866 ρκςκ
451 1793 519 1844 Τί
569 1808 661 1860 μοι
702 1788 876 1840 πλείω
927 1786 1196 1855 γράφειν,
1253 1781 1381 1837 ἔνθα
1440 1781 1559 1834 οὑδέ
1610 1779 1778 1850 βίὸλοι

225 1885 328 1938 ὅλαι
361 1883 576 1952 μακραὶ
606 1878 935 1932 ίκανὼσαιεν
966 1875 1030 1928 ἄν
1081 1891 1170 1943 με,
1207 1873 1286 1934 είς
1334 1869 1607 1941 αὔταρκες
1658 1870 1777 1922 δια-

227 1979 493 2046 γράφοντα
523 1975 635 2036 τοῖς
667 1969 967 2041 φιληκόοις,
1013 1965 1176 2020 ὁποῖα
1205 1965 1336 2034 ἡμῖν
1369 1963 1669 2027 συνέπεσες
1701 1961 1779 2015 Δι’

229 2064 408 2130 ὦνόψὲ
441 2083 576 2120 ποτε
617 2065 715 2118 σὺν
750 2061 904 2130 κακῷ
954 2059 1158 2130 ἔμαθον
1195 2057 1242 2110 οῑ
1290 2059 1347 2110 ἐν
1396 2057 1530 2126 ἡμῖν
1579 2054 1782 2125 κομψοὶ

229 2161 311 2233 τὴν
340 2163 553 2229 νόησιν,
589 2157 790 2228 χρῆναι
833 2155 902 2206 τά
941 2149 1126 2204 θεόθεν
1159 2151 1362 2220 σημεῖα
1406 2148 1779 2214 λεπτολογεῖν,

232 2254 312 2307 καὶ
330 2253 469 2321 πρὶς
492 2250 676 2311 αὐτοῖς
707 2244 1202 2317 διευκρινουμὲνοις
1228 2241 1373 2309 ἔχειν
1401 2240 1490 2291 τὸν
1517 2237 1662 2302 νοῦν,
1689 2239 1785 2292 καὶ

233 2345 390 2395 ποιεῖν
421 2340 490 2393 τὰ
519 2327 851 2409 δηλούμενα.
886 2334 948 2388 Εἰ
981 2332 1035 2385 δέ
1070 2349 1152 2395 τις
1182 2331 1414 2384 ἐνταῦθα
1447 2329 1630 2382 ποθῶν
1658 2329 1786 2396 φαίο

235 2450 372 2486 νεται
393 2427 914 2498 προσιστορηθῆναι,
947 2424 1041 2477 καὶ
1064 2415 1152 2476 οἷα
1181 2422 1403 2490 σήματα
1431 2419 1538 2472 τῶν
1565 2417 1786 2488 μελλόν-

237 2541 333 2576 των
367 2521 675 2592 προύφάνη,
723 2513 969 2570 ἀκουέτω
1021 2509 1456 2582 βραχυλογικῶς,
1493 2509 1589 2560 καὶ
1633 2505 1787 2559 ταῦθ’

239 2615 384 2686 ἡμῶν
414 2614 490 2674 εἰς
528 2609 772 2680 ἱστορίαν
807 2603 1191 2674 ἐκτιθεμένων.

307 2711 442 2776 ρκη’.
487 2703 575 2757 Ἐν
605 2703 845 2771 πρώτοις
880 2697 976 2766 μὲν
1015 2692 1234 2762 ἀγαθῶν
1265 2689 1475 2761 ἀνδρῶν
1506 2689 1786 2760 ὀνείρατα,

243 2800 388 2852 ὁποῖα
423 2798 515 2850 καὶ
547 2797 580 2863 η
627 2791 748 2862 ιερὰ
781 2786 892 2844 οῐδε
940 2787 979 2840 Γ
984 2785 1132 2857 ραφὴ
1165 2783 1440 2854 μηνυτικὰ
1490 2781 1790 2851 μελλόντων

246 2885 396 2952 εἶναι,
421 2884 775 2957 προελάλουν,
804 2876 892 2933 οἷα
923 2874 1244 2943 πεισόμεθα.
1273 2873 1382 2927 Kal
1403 2874 1562 2943 ἡμεῖς
1590 2871 1791 2940 ἐγελῶ-

253 2995 360 3048 μεν,
382 2972 780 3042 ἐξουθενοῦντες
811 2971 909 3031 τὰς
955 2965 1078 3020 καθ’
1125 2963 1330 3026 ὕπνους
1381 2961 1664 3031 δηλώσεις,
1698 2959 1792 3013 καὶ⁵

250 3067 511 3138 διαστολὴν
569 3065 669 3117 οὐκ
718 3061 992 3122 ἐθέλοντες
1050 3058 1387 3127 ἐξευρίσκειν
1431 3053 1706 3124 ὀράματός
1733 3069 1791 3104 τε

1863 577 2084 638 dentur,
2128 579 2172 632 si
2218 577 2352 629 nihil
2393 577 2663 630 obstabat.
2713 575 2946 627 Auream
2995 571 3139 625 enim
3173 581 3430 628 messem.

1877 675 1934 721 ut
1968 676 2139 737 poetae
2165 665 2377 729 dicunt,
2410 680 2472 719 es
2507 666 2650 732 agris
2688 679 2795 717 non
2832 661 3083 721 consitis.
3111 675 3218 712 non
3251 667 3438 712 aratro

1866 759 2106 815 subactis
2137 757 2354 810 eosdem
2390 757 2594 809 arando
2617 755 2861 808 tulerunt
2881 794 2895 818 ,
2913 751 3232 818 etpulchras
3257 749 3436 817 fruges

1869 859 2224 919 spontaneas,
2261 849 2314 900 in
2347 840 2504 901 areis
2537 847 2929 914 deposuerunt.
2951 843 3043 898 Sic
3074 857 3182 896 non
3198 840 3436 896 contenti

1868 934 2065 1010 opibus
2113 939 2430 993 subsolanis
2493 938 2884 992 subterraneae
2945 948 3166 1004 quoque
3220 933 3443 998 itnlaga-

1871 1040 2022 1086 runt.
2085 1030 2276 1085 Liceat
2333 1029 2468 1084 mihi
2517 1043 2614 1084 eos
2670 1030 3040 1083 aurifossores
3087 1027 3348 1089 vocitare,
3377 1034 3439 1077 ut

1873 1122 2135 1177 formicas
2187 1120 2548 1192 appellamus,
2607 1129 2730 1189 qua
2782 1118 2946 1172 istius
2997 1117 3199 1170 metalli
3251 1129 3438 1170 amore

1871 1215 2048 1270 ducta:
2076 1214 2256 1269 solum
2288 1221 2543 1278 vertunt;
2586 1211 2682 1266 sed
2735 1220 2790 1265 et
2843 1212 3223 1280 sepulcrorum
3276 1206 3443 1260 εσσε-

1875 1320 2030 1362 sores
2062 1303 2376 1359 sexcenties
2407 1301 2666 1356 audiunt.
2702 1299 2838 1354 Nam
2872 1313 2971 1353 nec
3007 1299 3156 1366 ipsos
3197 1305 3441 1349 mortuos

1877 1396 2117 1450 intactos
2145 1394 2522 1465 praeteribant,
2573 1393 2668 1448 sed
2708 1401 2769 1446 ut
2816 1405 2966 1462 gaza:
2994 1389 3252 1444 custodes
3286 1388 3448 1441 laede-

1879 1489 2034 1551 bant,
2070 1487 2190 1541 auri
2243 1487 2418 1556 gratia
2471 1486 2776 1556 spoliantes
2818 1493 2874 1538 ct
2923 1482 3198 1537 infernum
3230 1489 3284 1534 et
3316 1480 3446 1534 Pitt-

1879 1587 2084 1643 tonem,
2117 1579 2168 1632 id
2196 1587 2284 1634 est
2308 1577 2620 1632 divitiarum
2650 1576 2833 1641 deum,
2864 1574 3116 1630 eumdem
3144 1587 3267 1628 esse
3297 1585 3450 1626 assc-

1837 1743 1840 1746 Α
1880 1679 2090 1726 remes.

1956 1760 2081 1814 127.
2117 1759 2217 1814 Cui
2251 1760 2395 1816 bono
2425 1757 2580 1830 plura
2618 1757 2878 1824 scribam,
2910 1756 3179 1827 siquidem
3209 1755 3331 1810 libri
3365 1754 3450 1809 in-

1885 1855 2022 1924 tegri
2065 1861 2120 1907 et
2151 1851 2386 1922 grandes
2420 1866 2525 1905 non
2558 1849 2871 1905 suﬁlcerent
2895 1848 2961 1902 ad
2991 1846 3446 1902 cohscribendum

1883 1961 1947 2000 ea
1979 1958 2102 2014 quae
2132 1943 2294 1998 nobis
2325 1940 2694 1996 acciderunt?
2737 1941 2989 1993 Attamen
3024 1939 3118 2008 qui
3163 1936 3306 2006 apud
3353 1950 3450 1990 no-

1885 2047 2089 2092 strates
2138 2033 2413 2104 eiusmodi
2464 2033 2629 2087 rebus
2672 2031 2914 2096 student,
2951 2029 3116 2086 simul
3144 2029 3451 2084 didicerunt

1890 2126 1984 2182 Dei
2018 2128 2176 2197 signa
2217 2126 2561 2180 observanda
2591 2139 2736 2189 esse,
2772 2132 2827 2176 et
2863 2121 3119 2175 mandata
3163 2117 3282 2186 ejus
3325 2131 3454 2188 per-

1890 2220 2141 2274 ficienda.
2181 2217 2237 2273 Si
2267 2219 2394 2288 quis
2430 2219 2597 2288 igitur
2649 2215 2936 2270 historiam
2995 2212 3244 2267 ediscere
3292 2219 3348 2264 et
3383 2224 3452 2264 ex

1889 2311 2064 2374 signis
2096 2308 2280 2363 futura
2313 2307 2571 2377 augurari
2602 2305 2859 2372 voluerit,
2883 2318 3005 2374 qua:
3035 2302 3311 2357 memoria:
3337 2308 3456 2356 tra-

1889 2401 2128 2458 didimus
2163 2409 2369 2456 attenta
2401 2411 2581 2455 mente
2614 2399 2800 2471 legito.

1963 2704 2086 2758 428.
2148 2700 2266 2757 Jam
2351 2701 2422 2756 ab
2507 2700 2661 2756 initio
2733 2701 2802 2756 de
2857 2701 3088 2756 somniis
3133 2717 3253 2771 quae
3301 2717 3458 2758 sacra

1897 2793 2180 2866 Scriptura
2231 2795 2382 2849 novit
2421 2803 2479 2848 ut
2517 2810 2698 2849 rerum
2734 2794 3044 2848 futurarum
3077 2794 3301 2862 iudicia,
3338 2813 3460 2864 quae

1896 2889 2169 2944 sentimus
2197 2887 2308 2957 jam
2340 2887 2600 2941 diximus.
2633 2884 2805 2958 igitur
2852 2900 2951 2940 nos
2982 2886 3230 2950 risimus,
3280 2887 3462 2941 ﬂocci-

1904 2979 2171 3035 facientes
2231 2984 2567 3035 somniorum
2633 2979 2831 3035 indicia
2887 2995 3008 3046 qua:
3057 2965 3458 3035 intersomnum

1901 3081 1954 3127 et
1986 3074 2221 3138 somnia,
2257 3089 2376 3142 quae
2411 3087 2507 3142 per
2551 3088 2801 3126 somnum
2848 3072 3095 3128 videmus
3126 3073 3463 3143 distinguere

255 3159 452 3212 καὶτῶν
471 3157 691 3220 λοιπῶν,
724 3155 868 3223 άπερ
894 3151 1061 3214 ῦπνος
1091 3149 1289 3218 φαίνει.
1336 3148 1445 3200 Καὶ
1487 3147 1707 3199 ἀπεῖναι
1733 3145 1789 3197 δέ

1905 3163 2176 3217 nolumus.
2210 3162 2377 3216 litlem
2417 3162 2560 3216 enim
2621 3162 2944 3231 interpretes
3017 3161 3146 3216 dum
3212 3162 3463 3216 viderunt

256 3251 336 3304 τὸν
385 3249 716 3320 μυροῧλύτην
767 3246 866 3316 τῆς
909 3243 1034 3298 καθ’
1089 3243 1236 3313 ἡμᾶς
1269 3236 1499 3303 πόλεως,
1547 3237 1642 3292 καὶ⁸
1672 3239 1790 3291 κατ’

259 3341 412 3409 αὐτὴν
429 3342 522 3410 την
549 3342 754 3394 ᾶλωσιν
776 3334 1197 3399 εἰσελεύσεσθαι,
1225 3333 1273 3384 οί
1300 3332 1453 3384 αὐτοὶ
1479 3330 1751 3400 ἑωράκασι
1778 3367 1794 3394 ,

259 3431 342 3484 καὶ
377 3434 525 3502 ἡμεῖς
553 3431 612 3484 οὐ
649 3428 1118 3494 πεπιστεύκαμεν.
1160 3424 1249 3486 Ὦς
1276 3422 1386 3494 γὰρ
1421 3421 1705 3492 ὀχλοῦντες
1745 3420 1796 3473 οἱ

263 3529 422 3578 πιστοί
443 3527 572 3596 πρὸς
598 3521 924 3591 ἐπικουρίαν
953 3518 1244 3581 ἐνέκειντο,
1270 3514 1610 3583 ἀνεκάλυψεν
1637 3512 1800 3578 αύτδς

265 3618 616 3689 προορατικῶς
663 3618 743 3678 είς
797 3613 972 3683 μάτην
1004 3610 1241 3680 τύραννα
1287 3605 1799 3689 δυσωπεῖσθαισθύ

267 3709 363 3776 γὰρ
387 3710 518 3777 ipsi,
548 3705 664 3758 ἀλλ’
695 3703 730 3774 ἢ
758 3703 896 3773 μετὰ
921 3701 1068 3770 τρεῖς
1092 3698 1198 3767 ήμέ
1208 3712 1307 3767 ρας
1332 3692 1670 3747 ἐλεύσεσθαι.
1693 3688 1802 3744 Ἦν

268 3801 318 3852 δὲ
352 3800 567 3868 τετάρτη
603 3796 745 3867 μετὰ
796 3793 893 3856 τὰς
923 3793 1068 3862 τρεῖς
1101 3791 1136 3859 η
1167 3787 1269 3856 τῆς
1310 3785 1652 3856 πορθήσεως.
1693 3783 1803 3837 Καὶ

273 3890 418 3958 συχνὰ
445 3890 536 3960 μὲν
557 3883 936 3956 ἐποτνιώμεθα
954 3897 968 3912 ·
1009 3899 1027 3933 ι
1073 3878 1224 3932 Ἐλθὲ
1249 3878 1328 3941 είς
1355 3877 1416 3929 τὸ
1437 3875 1607 3928 σῶσαι
1635 3875 1802 3944 ἡμᾶς,

280 3982 342 4050 μή
372 3996 484 4032 ποτε
510 3979 707 4031 είπωσι
739 3975 806 4027 τὰ
834 3972 986 4041 ιθνη,
1020 3969 1128 4023 Ποῦ
1159 3969 1311 4020 ἐστιν
1341 3965 1371 4018 δ
1401 3962 1684 4030 πολιοῦχος
1713 3963 1810 4016 αὑ-

275 4071 399 4134 τὼνξ
423 4091 440 4123 ι
459 4072 514 4123 '0
535 4069 580 4122 δ’
607 4068 709 4137 οὐχ
735 4061 1044 4123 ὑπακούων,
1067 4057 1378 4123 ἐξετόπιζεν
1407 4053 1564 4125 ἡμῶν
1591 4052 1806 4106 ἑαυτόν.

339 4163 460 4234 ρκθ’.
501 4163 794 4230 Ἐδάκρυον
826 4157 976 4224 ἅγιοι
1009 4157 1065 4205 ἐν
1109 4150 1454 4218 είκονίσμασι
1476 4163 1491 4178 ο
1527 4146 1622 4199 καὶ
1657 4144 1811 4214 ἔχαι-

284 4274 359 4325 ρον
382 4259 425 4310 οἱ
454 4254 778 4315 κενέλπιδες,
804 4249 1054 4317 λέγοντες
1089 4245 1361 4298 δυσωπεῖν
1397 4239 1637 4298 ἐκείνους
1669 4239 1809 4308 ὑπὲρ

282 4349 433 4417 ἡμῶν.
481 4347 774 4414 Ἐλέγομεν
805 4342 998 4411 ⁴ίιμεῖς·
1044 4337 1172 4399 Ναὶ,
1213 4334 1327 4388 ἀλλ’
1361 4332 1462 4386 οὐκ
1505 4330 1814 4384 εἰσακούον.

283 4455 374 4502 ται,
405 4440 479 4494 διὸ
526 4438 620 4492 καὶ
671 4433 992 4502 ἐπιμένουσι
1048 4427 1343 4488 κλαίοντες.
1398 4423 1508 4476 Kal
1547 4422 1812 4492 ἠπίστουν

1902 3254 2255 3327 Myroblytam
2287 3271 2315 3309 a
2351 3255 2569 3309 civitate
2612 3263 2796 3308 nostra
2839 3253 3117 3308 absentem
3160 3254 3462 3308 obsidionis

1900 3359 2144 3420 tempore
2171 3363 2513 3403 reversurum
2541 3362 2684 3411 esse,
2720 3362 2819 3401 nos
2847 3347 3004 3401 tidem
3039 3348 3238 3402 nullam
3272 3347 3461 3404 habui-

1906 3458 2049 3497 mus.
2098 3441 2235 3496 Cum
2273 3439 2416 3492 enim
2455 3437 2660 3492 creduli
2691 3438 3034 3508 impatienter
3068 3440 3330 3493 auxilium
3369 3456 3463 3494 ex-

1908 3541 2241 3604 spectarent,
2285 3531 2404 3599 ipse
2437 3529 2752 3599 prophetice
2782 3529 3078 3584 declaravit
3120 3529 3186 3584 de
3235 3541 3464 3600 tyranno

1903 3624 2286 3696 trepidandum
2317 3637 2462 3684 esse.
2495 3621 2589 3691 qui
2619 3629 2741 3691 post
2787 3627 2900 3674 tres
2936 3629 3147 3676 tantum
3183 3621 3301 3676 dies
3343 3637 3470 3676 ven-

1906 3726 2064 3772 turus
2083 3724 2250 3771 esset.
2283 3713 2411 3767 Erat
2441 3723 2617 3767 autem
2644 3722 2836 3782 quarta
2858 3713 2974 3768 dies
2997 3714 3065 3767 ab
3092 3716 3223 3769 urbe
3250 3716 3466 3776 excisa;

1905 3815 1960 3862 et
1987 3821 2129 3876 saepe
2157 3805 2430 3875 supplices
2465 3804 2666 3872 precati
2705 3818 2936 3856 sumus:
2978 3793 3109 3857 Veni
3147 3805 3212 3857 ad
3256 3804 3473 3858 salvan-

1907 3898 2005 3954 dos
2026 3914 2146 3960 nos,
2179 3895 2468 3964 nequando
2504 3894 2690 3948 dicant
2721 3887 3066 3963 gentes,'Ubi
3096 3902 3179 3948 est
3204 3904 3468 3964 patronus

1910 3989 2149 4053 eorum?
2201 3987 2297 4042 Ille
2335 3993 2515 4041 autem
2549 4000 2655 4039 non
2689 3983 2918 4039 audiens
2948 3998 3173 4054 peregre
3192 3980 3361 4038 ’abiit.

1982 4158 2106 4214 129.
2151 4152 2337 4210 Sancti
2379 4151 2826 4222 lacrymabantur
2863 4149 2921 4205 in
2968 4149 3086 4204 suis
3119 4152 3472 4224 imaginibus,

1914 4258 1967 4306 et
2006 4247 2314 4321 gaudebant
2355 4243 2449 4314 qui
2491 4256 2629 4295 vana
2674 4255 2771 4312 spe
2817 4241 3180 4306 ducebantur,
3229 4243 3474 4299 dicentes

1915 4343 2039 4399 illos
2090 4337 2258 4394 nostri
2297 4350 2458 4390 causa
2491 4333 2688 4403 amigi;
2738 4345 2838 4385 nos
2884 4339 3064 4386 autem
3122 4333 3471 4389 dicebamus:

1921 4434 2072 4496 Esto,
2097 4431 2192 4487 sed
2218 4444 2322 4485 non
2344 4425 2735 4488 exaudiuntur,
2769 4422 2890 4478 ideo
2915 4423 3197 4492 lacrymari
3223 4435 3478 4494 pet-gum,

285 4535 415 4603 ἡμῖν.
441 4533 542 4586 Καὶ
590 4526 747 4583 αὐτοὶ
791 4525 889 4595 μὲν
929 4517 1070 4593 ἦσαν
1098 4523 1155 4572 ιν
1184 4517 1430 4572 ἐλπίσιν·
1475 4516 1634 4584 ἡμεῖς
1663 4515 1720 4568 δὲ
1751 4508 1792 4566 ei

1920 4525 1985 4580 Et
2013 4523 2216 4580 nullam
2247 4520 2404 4575 nobis
2437 4505 2591 4572 ﬁdem
2614 4515 2908 4581 habebant,
2927 4513 3028 4568 etsi
3058 4513 3157 4583 ipsi
3177 4523 3476 4582 sperarent.

151 4602 164 4610 .
275 4602 459 4687 ἐίδότες
480 4625 567 4678 τὸν
587 4620 831 4689 ὄλεθρον,
858 4614 918 4679 ἐξ
949 4609 1024 4667 ὧν
1053 4613 1148 4664 καῖ
1173 4609 1435 4678 ἑωρῶμεν
1462 4607 1557 4659 καὶ
1586 4604 1819 4672 ἐλλόγως

294 4723 585 4787 συνήγομεν,
617 4714 718 4764 οὐκ
741 4709 959 4777 εἴχομεν
981 4704 1010 4756 δ
1037 4721 1087 4756 τι
1110 4704 1205 4754 καὶ
1229 4701 1502 4770 δράσομεν
1526 4711 1538 4725 ·
1571 4696 1821 4764 λέγοντες

293 4809 368 4860 καὶ
390 4785 532 4861 αὐτοὶ
567 4805 639 4875 μή
677 4819 733 4854 τι
781 4798 917 4866 πρὸς
960 4792 1150 4862 ἁγαθῷ
1195 4787 1335 4845 εἶναι
1381 4805 1488 4842 τινι
1517 4788 1578 4840 τὸ
1630 4785 1821 4856 μέλλον

295 4898 482 4964 εἰδέναι,
515 4897 640 4949 ἔνθα
668 4892 749 4962 τῷ
785 4885 1071 4960 φρονοῦντι
1113 4883 1279 4952 μηδὲν
1313 4882 1346 4951 ἡ
1377 4878 1578 4948 γνῶσις
1611 4878 1823 4930 λυσιτε-

296 4987 391 5042 λεῖ·
429 4989 682 5042 καὶκατὰ
723 4981 822 5050 τὴν
851 4980 951 5048 τῆς
1002 4975 1243 5045 ἱστορίας
1273 4970 1598 5039 Κασάνδραν
1647 4965 1824 5036 (ὀκνῶ

296 5082 386 5146 γὰρ
412 5083 595 5143 εἰπεῖν,
628 5077 698 5130 τὰ
741 5067 1432 5145 μείζωπαρεισκυκλήσας
1476 5063 1570 5115 καὶ
1617 5077 1828 5130 προφη-

299 5177 425 5245 ma)
472 5174 848 5244 ἀληθιζόμενοι
899 5167 1019 5238 μὲν,
1068 5165 1354 5232 ἀφιέμενοι
1406 5158 1464 5210 δέ
1515 5155 1698 5210 λαλεῖν
1745 5159 1826 5218 είς

302 5271 498 5337 ἀνήκοον
505 5301 518 5321 δ

361 5362 444 5428 ρλ’.
479 5357 683 5422 Ἔδειξέ
716 5373 767 5408 τι
800 5353 960 5422 τέρας
994 5349 1114 5402 τότε
1149 5346 1249 5398 οὐκ
1286 5344 1460 5397 αἴσιον
1494 5341 1586 5396 καὶ
1620 5341 1653 5410 ἡ
1689 5340 1830 5393 πάν-

306 5465 438 5516 αγνος
464 5447 798 5517 Θεομήτωρ,
837 5445 871 5513 η
910 5439 1040 5509 παρ’
1067 5438 1202 5506 ἡμῖν
1238 5433 1331 5486 τοῦ
1369 5433 1582 5500 ὁδηγεῖν
1621 5430 1830 5484 ἐπώνυ-

1919 4617 2030 4673 Nos
2069 4626 2251 4668 autem
2294 4613 2386 4682 qui
2449 4610 2664 4664 ruinam
2720 4608 2889 4676 probe
2939 4605 3367 4673 praevidebamus
3418 4619 3481 4659 ac

1929 4705 2396 4763 ratiocinabamur
2425 4714 2488 4753 ex
2523 4700 2590 4752 iis
2619 4711 2739 4764 qua:
2772 4706 2896 4747 ante
2926 4695 3114 4747 oculos
3145 4692 3482 4748 habebamus

1923 4795 2074 4851 dubii
2107 4794 2452 4848 haerebamus
2487 4787 2616 4858 quid
2651 4785 2961 4839 faciendum
2993 4790 3167 4846 esset,
3201 4791 3256 4836 et
3311 4782 3481 4838 futuri

1926 4885 2214 4945 scientiam
2251 4881 2384 4935 nihil
2427 4878 2684 4948 prodesse
2711 4873 3068 4934 affirmantes,
3107 4873 3196 4927 ubi
3225 4872 3323 4941 ipsi
3351 4889 3485 4944 pru-

1925 4981 2072 5038 denti
2136 4973 2271 5030 nihil
2330 4967 2600 5025 commodi
2645 4966 2837 5032 ail‘ert;
2890 4973 2946 5019 et
2987 4966 3133 5019 sicut
3175 4964 3486 5020 Cassandra

1928 5073 2069 5142 (non
2101 5069 2246 5125 enim
2279 5067 2346 5121 de
2378 5063 2495 5133 ejus
2528 5058 2828 5130 prophetiis
2870 5059 3025 5128 plura
3068 5055 3337 5126 alteram),
3390 5070 3486 5112 ve-

1927 5177 2051 5218 rum
2091 5161 2352 5222 diximus,
2399 5152 2492 5210 sed
2522 5152 2588 5204 ad
2620 5151 2818 5206 surdas
2848 5163 3032 5204 aures.

2003 5336 2126 5392 150.
2152 5331 2290 5386 Tum
2335 5324 2656 5381 miraculum
2686 5322 2911 5375 minime
2935 5321 3170 5373 faustum
3203 5318 3492 5387 purissima

1933 5423 2249 5486 Μοίρι-,θεὴ
2303 5433 2424 5489 quae
2453 5417 2594 5486 apud
2649 5429 2749 5469 nos
2791 5412 3135 5482 Hodegetria,
3191 5412 3293 5466 vis:
3347 5411 3494 5478 dux,

312 5502 410 5607 μος,
431 5502 695 5602 δεικνέσξι,
721 5502 796 5599 ei;
825 5502 1152 5599 ἀποστόργει
1176 5527 1243 5578 τὰ
1270 5524 1392 5576 καθ’
1419 5524 1585 5594 ἡμᾶς,
1615 5523 1708 5576 καὶ
1733 5521 1792 5574 ού

1937 5518 2108 5582 audit,
2143 5514 2408 5576 exhibuit,
2434 5510 2684 5565 indicans
2718 5505 2867 5575 quod
2899 5520 2986 5558 res
3020 5513 3239 5558 nostras
3267 5502 3494 5571 odisset,
3567 5543 3573 5547 .

311 5594 456 5686 ἐθέλει
488 5631 598 5702 μεθ’
624 5594 972 5701 ἡμῶννεῖναι.
1005 5594 1374 5692 [θροοδεύουσα
1407 5616 1514 5684 γάρ
1549 5629 1682 5665 ποτε
1713 5613 1792 5664 τότ

1935 5621 1991 5666 et
2021 5608 2302 5664 uobiscum
2337 5615 2484 5658 stare
2513 5601 2699 5655 nollet.
2743 5599 2839 5652 Die
2883 5597 3119 5667 quodam
3174 5594 3316 5646 festo
3346 5607 3495 5660 cum,

311 5724 413 5775 καθ’
437 5725 671 5794 ἡμέραν,
707 5722 741 5792 ἠ
775 5718 835 5770 τὸ
877 5715 1038 5785 κῦρος
1077 5713 1190 5781 ἔχει
1223 5711 1316 5762 τοῦ
1350 5705 1590 5760 τοιούτου
1632 5703 1797 5756 καλοῦ
1818 5742 1836 5767 ,

317 5819 394 5868 καὶ
415 5793 774 5886 περιελθοῦσα,
794 5810 920 5864 ἔνθα
936 5809 1031 5877 τῆς
1053 5806 1258 5867 πόλεως
1279 5804 1312 5873 η
1335 5799 1629 5867 ἀδελφότης
1653 5793 1835 5866 ἤθελε,

1939 5699 2207 5752 fratribus
2259 5691 2656 5762 praeeuntibus,
2706 5702 2801 5756 per
2845 5695 3013 5740 totam
3065 5680 3343 5736 civitatem
3379 5697 3500 5736 am-

1943 5789 2184 5843 bulassot
2213 5785 2272 5840 S.
2299 5782 2493 5847 Mater,
2519 5788 2574 5834 ct.
2604 5779 2658 5832 in
2695 5793 2762 5833 eo
2795 5784 2938 5830 esset
2966 5783 3024 5828 ut
3061 5773 3114 5826 in
3142 5775 3310 5827 eadem
3334 5788 3489 5828 suam
