3950 6242
208 391 294 454 129
953 386 1050 446 DE
1088 383 1657 445 Tl-IESSALONICA
1702 379 1904 440 UilllE
1948 378 1989 435 A
2036 375 2341 437 L.—\TlNIS
2379 372 2638 432 CAPTA.

3332 355 3432 420 130

209 511 345 562 θοσιν
376 506 496 572 ἔθνη
530 503 611 564 είς
641 502 741 571 τὴν
773 500 1135 569 κληρονομίαν
1172 516 1265 551 σου
1297 517 1310 529 θ
1351 518 1368 548 ι
1407 497 1666 566 ὲφέπεται
1697 494 1754 546 δὲ

1873 491 1937 543 Μ
1975 491 2106 560 quid
2163 491 2416 557 pret-ibus
2475 490 2538 539 ad
2595 483 2761 536 Deum
2815 493 2952 544 opus
3001 475 3287 539 habemus,
3339 471 3432 544 qui

203 600 283 655 τόο
320 617 336 648 ι
371 595 627 663 Ἐμίαναν
664 594 757 646 τὸν
796 593 922 645 ναὸν
958 593 1050 645 τὸν
1091 589 1247 657 ἅγιόν
1290 605 1383 642 σου
1406 605 1418 617 ·
1462 585 1649 640 ἔθεντο
1687 583 1758 636 τὰ

1870 600 1956 637 res
1989 590 2209 636 nostras
2247 581 2408 649 plane
2442 577 2693 646 cognitas
2730 572 2934 627 habet?

215 661 483 761 θνησιμαία
532 685 642 738 τῶν
674 685 876 738 δούλων
911 701 1028 750 σου,
1071 701 1090 736 ›
1122 685 1216 736 καὶ
1279 683 1340 736 τὸ
1393 681 1517 751 ἑξῆς
1551 696 1566 712 ο
1606 679 1829 751 μονονοὺ
1881 673 2333 747 χρησμῳδοῦντος
2375 671 2469 724 τοῦ
2513 670 2794 740 Προφήτου
2851 667 2942 719 καὶ
2994 664 3322 732 θεοπάτορος
3367 661 3434 714 δι’

213 753 519 851 ὑποφητείας
577 776 686 830 τῶν
717 769 1096 846 ἡθροισμένων
1144 775 1224 838 είς
1252 775 1464 846 δέησιν,
1521 773 1617 827 καὶ
1666 770 1948 838 λέγοντοςο
1983 765 2049 820 Τί
2095 767 2160 819 ἂν
2205 765 2285 818 ἔτι
2326 761 2578 833 δεοίμεθα
2646 757 2952 830 πρεσϐειῶν
3006 760 3082 819 είς
3118 755 3272 819 Θεὸν,
3309 753 3436 807 ἔνθα

209 877 372 944 ἐκείνῳ
399 870 464 924 τὰ
496 870 624 924 καθ’
650 870 807 939 ἡμῶν
835 869 1250 938 ἀποπέφανται;

267 965 384 1037 ρλῇ.
404 961 563 1034 Εἷχεν
585 963 729 1015 οὕτω
755 961 947 1029 ταῦτα,
974 961 1213 1014 πλείοσιν
1240 962 1449 1031 ἑτέροις
1476 975 1754 1032 παρασπισ-

211 1060 380 1129 ζόμενα
407 1057 827 1126 συγκροτήμασι
855 1053 955 1123 τῆς
978 1053 1074 1106 τοῦ
1104 1051 1276 1106 κακοῦ
1307 1051 1612 1121 δηλώσεως.
1643 1051 1756 1104 Καὶ

208 1152 358 1205 τοίνυν
403 1148 479 1218 τῷ
539 1149 720 1217 συχνῷ
772 1147 974 1200 τούτων
1022 1146 1262 1210 ἅπαντες
1314 1144 1753 1215 ἀνεφρονοῦμενν

210 1243 375 1312 ὄψιμον
406 1242 735 1308 συνάγοντες
763 1239 912 1307 νοῦν,
945 1241 1041 1293 καὶ
1070 1239 1129 1294 τὺ
1164 1237 1354 1308 πρώην
1385 1237 1584 1308 θράσος
1615 1237 1755 1288 ἀπο-

210 1337 516 1404 ¹ιιιοιοὺμενοι.
550 1336 625 1386 Οὐ
657 1334 766 1404 γὰρ
800 1332 866 1386 ἂν
895 1335 1069 1385 έκεῖνο
1098 1332 1315 1402 θάρσος,
1347 1329 1577 1399 εἴποιμι,
1610 1328 1755 1381 ἐλλό-

209 1443 302 1494 γως
327 1426 562 1496 εἴχομεν,
613 1427 708 1478 καὶ
736 1425 992 1492 ὲνοοῦμεν
1019 1425 1198 1478 οὐκέθ’
1221 1425 1352 1494 ἡμῖν
1379 1415 1519 1478 εἶναι
1550 1421 1750 1491 φυκτά.

212 1516 388 1571 Οὔκουν
410 1518 656 1586 ἔφθησαν
679 1518 1016 1586 καταντῆσαι
1043 1519 1122 1580 είς
1150 1518 1325 1587 πέρας
1348 1518 1402 1570 αἱ
1426 1516 1534 1568 τῶν
1558 1515 1756 1584 ἐκκλη-

211 1611 320 1661 σιῶν
355 1610 631 1679 δεητήριοι
677 1609 965 1680 ἁρμονίαι,
1004 1609 1100 1662 καὶ
1144 1610 1172 1662 ὁ
1215 1609 1476 1679 πόλεμος,
1520 1609 1602 1662 ἔτι
1645 1608 1753 1661 τῶν

1945 956 2065 1011 155.
2115 953 2236 1007 llaec
2281 959 2334 1006 et
2386 950 2542 1020 plura
2602 947 2704 1000 alia
2764 945 2828 997 ad
2885 955 3158 996 aerumnas
3213 948 3434 994 nostras

1863 1049 2286 1119 conSpirabant,
2341 1056 2575 1113 quarum
2626 1036 2930 1106 frequentia
2968 1034 3094 1088 fecit
3131 1040 3191 1086 ut
3235 1032 3435 1099 resipi-

1863 1154 2168 1205 sceremus,
2191 1149 2242 1192 et
2267 1135 2576 1192 temeritate
2605 1130 2850 1200 deposita
2883 1143 3015 1183 sana
3046 1135 3224 1180 mente
3249 1124 3434 1178 omnia

1862 1234 2329 1290 examinaremus.
2376 1227 2468 1281 illa
2508 1224 2651 1280 enim
2690 1221 2920 1276 audacia
2961 1217 3229 1272 rationem
3267 1215 3438 1270 comi-

1865 1305 1969 1380 tem
2025 1337 2134 1376 non
2187 1319 2447 1380 habebat,
2494 1325 2548 1371 et
2583 1313 2720 1370 nihil
2756 1311 2916 1366 nobis
2965 1307 3281 1377 fugiendum
3313 1319 3438 1360 esse

1857 1415 2270 1486 iudicabamus.
2308 1410 2399 1466 Sic
2431 1409 2595 1480 igitur
2622 1408 2748 1460 dum
2783 1407 2838 1458 in
2871 1400 3230 1462 concionibus
3263 1397 3440 1454 eccle-

1862 1508 2108 1563 siasticis
2155 1505 2403 1560 solamen
2448 1501 2786 1571 quaerebant,
2824 1495 3049 1556 bellum,
3085 1507 3210 1547 cum
3242 1488 3436 1561 psalmi

1862 1612 1892 1650 a
1924 1593 2368 1666 supplicantibus
2411 1597 2766 1650 canerentur,
2829 1581 3256 1641 lamentationes
3306 1595 3441 1649 sugc

211 1701 407 1770 ψαλμῶν
437 1703 773 1770 εἰλουμένων
809 1705 864 1754 ὲν
899 1705 1008 1765 τοῖς
1041 1703 1150 1754 τῶν
1187 1702 1454 1771 δεομένων
1490 1701 1770 1770 στόμασι,

1873 1690 2047 1760 gessit,
2090 1689 2146 1742 ln
2179 1685 2416 1758 gemitus
2451 1687 2509 1739 et
2531 1679 2822 1736 infernalia
2867 1677 3103 1746 suSpiria
3130 1673 3434 1733 convertit,

215 1791 413 1860 θρήνους
442 1791 724 1861 παρέϐυσε
746 1832 761 1855 ,
795 1793 887 1844 καὶ
918 1793 997 1854 είς
1028 1791 1188 1858 γόους
1220 1789 1470 1859 οίκτροὺς
1503 1788 1595 1840 καὶ
1625 1787 1756 1840 ἀλα-

211 1881 419 1951 λαγμοὺς
445 1881 578 1952 ᾅδου
606 1881 1058 1952 ἀντιπεριέστησε
1081 1923 1094 1946 ,
1121 1880 1215 1933 καὶ
1249 1883 1330 1943 είς
1359 1879 1537 1948 φυγὴν
1562 1879 1757 1941 αὐτοὺς

213 1972 567 2042 ἀθροισθέντας
615 1973 852 2046 ἐπτυρε,
897 1975 991 2027 καὶ
1033 1972 1254 2027 τοιαῦτα
1297 1973 1530 2036 διέθετο,
1574 1965 1758 2041 ὧνπερ

213 2067 292 2119 ὀίω
318 2066 690 2137 μεμνήσεσθαι
716 2067 840 2130 τοὺς
867 2066 1073 2131 ζῶντας
1100 2064 1157 2117 έν
1185 2082 1287 2136 περ
1312 2064 1542 2134 ὀνείροις
1563 2079 1575 2093 ’
1603 2063 1758 2132 εἴπερ

214 2158 262 2211 οὗ
289 2160 348 2212 τὰ
377 2159 508 2230 ἡδέα
549 2159 709 2228 μόνον
741 2159 1111 2227 προπίπτουσι
1142 2157 1240 2224 τῆς
1275 2157 1394 2210 καθ’
1424 2157 1590 2211 ὕπνον
1622 2175 1758 2227 φαν-

215 2250 378 2313 τασίας
397 2289 412 2314 ,
447 2250 565 2304 ἀλλ’
590 2250 746 2304 οὐδὲν
776 2243 938 2319 ἦττον
970 2251 1063 2302 καὶ
1092 2251 1159 2302 τὰ
1190 2252 1352 2316 φόϐον
1385 2249 1758 2319 ἐνδειξάμενα.

273 2379 387 2449 ρλδν.
430 2381 542 2434 Καὶ
570 2380 745 2443 οὕτως
778 2379 838 2444 ἐξ
871 2379 1004 2443 ἰδίας
1034 2379 1252 2450 ιχθρας,
1286 2381 1383 2450 τῆς
1413 2397 1472 2434 τι
1503 2381 1640 2434 κατά
1669 2381 1761 2434 τὸν

217 2470 415 2539 βασιλέα
450 2470 812 2541 ’Δνδρᾷνικον,
842 2471 938 2524 καὶ
965 2470 1064 2537 τῆς
1092 2469 1236 2522 κατὰ
1261 2469 1351 2523 τὸν
1379 2469 1547 2522 δοῦκα
1575 2469 1760 2534 Acuta,

217 2561 372 2614 κοινὸν
397 2564 570 2616 κακζν
598 2561 943 2631 κατέσκηψεν
969 2559 1238 2615 ἀνάπαλιν
1267 2560 1345 2631 τῷ
1372 2577 1765 2628 γνωματευσα-

218 2654 343 2724 μένῳ
358 2654 525 2708 πολλὰ
554 2654 663 2706 τῶν
681 2652 877 2706 κοινῶν
904 2652 1046 2708 κατά
1072 2670 1221 2716 τινας
1247 2652 1382 2716 ἰδίας
1411 2652 1500 2722 έχθ
1512 2669 1610 2723 ρας
1635 2653 1763 2720 λαγ-

216 2746 375 2811 χάνειν
426 2743 815 2813 ἐπανόρθωσιν.
854 2743 964 2796 Καὶ
1005 2743 1107 2796 οὐκ
1147 2744 1417 2815 εὐφραδὴς
1457 2743 1671 2814 ἡμέρα,
1731 2745 1764 2812 ἡ

215 2838 300 2905 τῆς
333 2837 702 2906 πανωλεθρίας
725 2877 739 2898 ,
776 2837 1092 2907 κατερράγη
1127 2838 1258 2905 ἡμῖν
1284 2852 1299 2868 ο
1335 2835 1403 2906 ἢν
1438 2824 1628 2906 ἧθελον
1667 2834 1766 2904 μὲν

216 2929 272 2982 ἐκ
298 2929 400 2982 τῶν
433 2928 524 2981 τοῦ
561 2927 726 2981 καλοῦ
763 2927 1009 2980 ἐνιαυτοῦ
1045 2927 1534 2998 ἀναπληρωμάτων
1569 2927 1766 2980 αὐτίκα

1859 1795 1913 1838 et
1946 1781 2209 1836 concione
2238 1777 2509 1848 dissipata
2541 1775 2757 1829 animos
2787 1761 2858 1826 ita
2890 1769 3076 1824 aﬂecit
3109 1777 3164 1820 ut
3199 1765 3290 1835 qui
3322 1765 3438 1818 vita

1860 1873 2187 1942 superstites
2219 1876 2406 1931 erant,
2438 1868 2730 1937 lugubrem
2761 1863 2926 1918 istius
2961 1858 3291 1915 calamitatis
3327 1870 3441 1910 me-

1860 1967 2090 2020 moriam
2125 1963 2405 2018 servaturi
2441 1958 2574 2020 sint,
2609 1956 2881 2027 siquidem
2916 1951 3298 2022 nonjucundaz
3325 1958 3442 2004 tau-

1862 2071 1974 2114 tum
2009 2072 2116 2122 res,
2151 2053 2247 2109 sed
2289 2049 2655 2107 formidolosae
2679 2047 2847 2102 etiam
2881 2043 3267 2100 dormientium
3301 2041 3442 2096 ima-

1861 2151 2196 2222 ginationem
2237 2152 2491 2218 tangunt.

1934 2373 2058 2430 154.
2095 2372 2187 2429 Sic
2217 2387 2281 2428 ex
2314 2370 2450 2425 odio,
2474 2369 2692 2439 privato
2719 2367 2776 2421 in
2809 2362 3186 2419 Andronicum
3227 2366 3282 2416 et
3327 2357 3430 2412 Da-

1867 2467 2060 2524 videm
2088 2465 2284 2520 ducem
2321 2462 2525 2519 malum
2551 2470 2845 2514 commune
2879 2468 3074 2510 rursus
3127 2452 3338 2521 ingruit
3375 2453 3432 2504 in

1863 2560 2077 2614 animos
2104 2569 2324 2619 eorum,
2363 2553 2456 2622 qui
2513 2549 2758 2606 sentiunt
2791 2547 3052 2617 pleraque
3100 2543 3241 2598 mala
3289 2556 3444 2596 com-

1864 2651 2056 2705 munia
2117 2649 2185 2702 ab
2233 2647 2364 2702 odio
2423 2644 2638 2714 privato
2689 2639 2975 2696 emendari
3029 2650 3212 2707 posse.
3269 2632 3443 2688 Nobis

1867 2753 2048 2798 autem
2086 2757 2196 2796 non
2237 2737 2468 2808 pulchra
2503 2737 2656 2798 dies,
2702 2735 2814 2788 imo
2867 2746 2989 2801 quae
3047 2730 3211 2784 nobis
3264 2726 3444 2782 omni-

1867 2837 1969 2891 bus
2021 2835 2253 2890 exitiosa
2303 2831 2448 2894 fuit,
2523 2828 2744 2890 illuxit.
2811 2834 2869 2883 et
2938 2837 3103 2894 quam
3170 2835 3238 2876 ex
3309 2817 3442 2871 ιιιιηὶ

1869 2927 2042 2997 spatio
2067 2925 2250 2980 statim
2283 2922 2510 2978 recisam
2563 2920 2777 2982 vellem,
2846 2919 2990 2972 sicut
3042 2912 3144 2969 Job
3181 2910 3269 2983 .iu
3306 2909 3442 2964 allii-

217 3019 509 3089 ἰκκοπῆναι,
542 3021 726 3072 ὁποῖόν
756 3036 808 3070 τι
843 3017 1214 3088 λελυπημένος
1253 3017 1347 3071 καὶ
1379 3018 1406 3069 ὁ
1441 3016 1762 3087 καρτερικὸς

1873 3021 2053 3076 ctione
2103 3031 2168 3072 ac
2220 3031 2459 3073 maerore
2513 3028 2614 3070 suo
2661 3013 2989 3082 deprecatus
3028 3017 3136 3064 est.
3192 3005 3298 3061 Sed
3348 3005 3442 3073 qui

225 3111 330 3164 Ἰὼϐ
344 3111 550 3176 εὔξατο.
582 3111 726 3165 Ἀλλ’
750 3111 778 3164 ὁ
808 3109 1068 3174 ἐπιτάξας
1081 3109 1162 3179 τῷ
1191 3108 1323 3180 ἡλίῳ
1348 3108 1552 3181 ὁρίζειν
1575 3108 1643 3162 τὰ
1668 3107 1760 3161 τοῦ

217 3205 440 3257 ἐνιαυτοῦ
481 3205 602 3258 καθ’
635 3203 828 3274 εἱρμὸν
865 3202 956 3254 τὸν
1002 3201 1095 3254 ἀπ’
1129 3202 1378 3267 αἰώνων,
1418 3199 1763 3265 ἔξουδενὼσει

219 3297 407 3368 πάντως
448 3298 506 3349 τὸ
542 3297 646 3365 τῆς
690 3295 858 3364 εὐχῆς
897 3294 1123 3364 ταύτης,
1165 3292 1544 3356 πεπαιδευκὼς
1591 3291 1764 3355 ἄλλως

178 3448 182 3451 _
218 3385 480 3456 εὔχεσθαι,
507 3385 1020 3457 ἀνθρωπικώτερον.
1049 3385 1121 3437 Τὸ
1148 3384 1258 3453 γὰρ
1283 3383 1425 3436 οὕτω
1453 3384 1766 3450 γονυπετείν

218 3475 267 3527 ἓν
288 3476 522 3546 δεήσεσιν
545 3477 647 3531 οὐκ
671 3478 736 3529 ἂν
761 3477 846 3547 εἴη
869 3475 1049 3546 ψυχῆς
1078 3474 1154 3544 μὴ
1180 3473 1660 3544 παραφερομένης,
1686 3467 1768 3535 οἷς

218 3568 515 3623 παθαίνεται
535 3587 549 3602 ⁸
574 3569 698 3623 ὅθεν
722 3573 818 3625 καὶ⁸
844 3569 1192 3637 συγγνωστὰ,
1217 3571 1264 3621 εἰ
1293 3569 1390 3622 καὶ
1410 3566 1553 3621 οὕτω
1577 3566 1768 3621 λαλοῦ-

224 3677 331 3727 μεν.
359 3663 496 3716 Λίθοι
517 3662 626 3732 γὰρ
649 3661 884 3715 ἐνταῦθα
907 3663 1006 3714 οὐκ
1028 3661 1095 3715 ἂν
1118 3662 1471 3732 παθήναιντο,
1495 3659 1590 3712 καὶ
1609 3659 1770 3721 ὅσους

197 3753 329 3805 κατ’
353 3754 555 3818 αὐτούς.
586 3754 711 3816 Πῶς
737 3753 846 3824 γὰρ
870 3753 1178 3824 ἄνθρωπος,
1203 3753 1335 3806 ἔνθα
1358 3752 1454 3806 καὶ
1478 3751 1587 3805 τῶν
1613 3750 1770 3804 πολε-

227 3844 352 3911 μίων
374 3847 416 3897 oi
444 3847 760 3917 φαινόμενοι
788 3844 921 3898 Θεὸν
948 3843 1169 3906 εἰδέναι,
1195 3844 1288 3896 καί
1313 3860 1366 3896 τι
1391 3842 1536 3912 ἔχειν
1559 3841 1769 3904 οἴκτου,

225 3937 309 3988 καὶ
339 3937 637 4008 ἀθηρίωτοι,
670 3936 932 4006 ἐδάκρυον
967 3935 1058 3988 καὶ
1093 3933 1508 3997 κατεστέναζον,
1544 3931 1771 4001 βλέπον-

223 4047 310 4095 τες
342 4032 479 4085 πόλιν
503 4031 762 4102 τοιαύτην
787 4031 932 4084 οὕτω
965 4029 1375 4100 κατῃκισμένην
1405 4028 1500 4082 καὶ
1531 4027 1774 4098 ἐζημιω-

229 4126 383 4194 μένην
405 4126 618 4189 κακοῖς,
649 4123 826 4192 ἅπερ,
857 4125 908 4175 εί
935 4121 1228 4192 διενεμήθη
1247 4158 1264 4185 ,
1297 4119 1554 4190 πλείστην
1581 4117 1647 4173 ἂν
1675 4117 1774 4186 τῆς

229 4218 526 4287 οἰκουμένης
567 4219 648 4281 είς
691 4214 1112 4284 εὐδαιμονισμὸν
1152 4213 1492 4282 ἑξήρτυσαν;
1542 4210 1618 4263 Οὐ
1666 4209 1773 4279 γὰρ

1839 3112 1971 3168 .soli
2036 3111 2107 3165 ab
2165 3107 2322 3162 initio
2383 3105 2710 3161 saeculorum
2761 3116 2988 3156 cursum
3059 3095 3444 3170 praescripsit,

1871 3200 2011 3255 istas
2052 3211 2245 3270 preces
2284 3196 2516 3264 respuit,
2570 3202 2759 3261 utpote
2813 3193 3069 3246 humanae
3107 3201 3318 3244 natura:
3360 3188 3446 3242 in-

1869 3304 2162 3360 congruas.
2189 3287 2433 3343 Genibus
2457 3287 2604 3340 enim
2633 3284 2788 3339 flexis
2813 3298 2972 3337 orare
2998 3297 3105 3336 non
3135 3291 3222 3338 est
3249 3281 3446 3335 anima:

1869 3398 1992 3452 qua:
2027 3382 2172 3437 mala
2205 3380 2474 3451 patienter
2511 3376 2658 3440 fert;
2696 3377 2929 3446 ideoque
2980 3375 3219 3431 sern'toni
3254 3371 3446 3427 nosti-6

1871 3473 2272 3545 ignoscendum
2311 3470 2438 3526 erit.
2476 3469 2612 3524 Nam
2649 3469 2858 3538 lapides
2906 3467 3012 3538 ipsi
3048 3482 3154 3520 non
3199 3472 3447 3519 tacerent

1874 3565 1929 3619 in
1993 3565 2102 3618 isto
2156 3567 2302 3616 statu
2367 3557 2556 3628 positi.
2597 3554 2885 3622 Quomodo
2929 3555 3072 3608 enim
3115 3553 3281 3608 homo
3335 3568 3445 3608 non

1873 3663 2187 3708 moveretur
2215 3690 2229 3716 ,
2268 3649 2360 3704 ubi
2401 3647 2484 3702 vel
2528 3647 2675 3701 inter
2707 3646 2895 3700 hostes
2932 3645 2968 3700 ii
3013 3645 3106 3714 qui
3141 3643 3236 3699 Dei
3269 3643 3448 3698 notio-

1874 3762 1999 3801 nem
2048 3745 2270 3807 habere,
2312 3757 2377 3800 ac
2425 3738 2829 3796 misericordia.
2860 3737 3067 3794 moveri
3123 3743 3446 3802 censentur,

1875 3834 2287 3907 Iacrymabundi
2359 3834 2688 3901 gemebant,
2756 3831 2945 3883 urbem
3001 3831 3208 3894 talem,
3284 3832 3451 3883 tantis

1848 3929 2131 4002 aerumnis
2167 3928 2440 3989 obrutam,
2483 3931 2537 3976 et
2587 3931 2665 3976 tot
2698 3921 2855 3975 bonis
2879 3919 3122 3974 orbatam
3169 3919 3448 3982 videntes,

1839 4036 1997 4092 qua:
2045 4021 2092 4075 si
2145 4017 2406 4086 repartita
2449 4015 2708 4080 fuissent,
2745 4028 2998 4083 magnam
3033 4019 3197 4066 terra:
3239 4021 3448 4081 partem

1879 4112 2184 4170 beassenti
2220 4109 2340 4164 Non
2373 4109 2519 4161 enim
2563 4109 2694 4160 urbs
2736 4104 2979 4175 vulgaris
3011 4115 3151 4170 erat,
3190 4103 3285 4158 sed
3334 4102 3448 4156 for-
3482 4162 3490 4168 _

1879 4214 2189 4258 tunatorutu
2233 4197 2413 4264 sedes,
2435 4211 2598 4266 quam
2636 4192 2728 4263 qui
2773 4200 3028 4253 noverat,
3054 4188 3307 4244 oblivisci
3341 4205 3452 4242 non

229 4282 451 4381 πόλις-ἦν
529 4310 736 4374 ἁπλῶς,
761 4282 896 4361 ἀλλά
923 4282 1186 4375 μακάρων
1208 4304 1301 4372 γῆ,
1323 4301 1509 4362 ὁποίαν
1532 4303 1560 4354 ὁ
1587 4300 1770 4369 μαθὼν

1878 4302 2124 4366 poterat;
2159 4307 2280 4362 qua:
2313 4291 2472 4345 bonis
2511 4286 2877 4343 terrestribus
2905 4298 3122 4352 semper
3155 4282 3448 4338 abundans

229 4401 322 4454 οὐκ
346 4403 536 4473 ἀνέχοι
569 4398 832 4457 λαθέσθαι
864 4397 1038 4464 αὐτῆς
1064 4413 1078 4427 ο
1112 4397 1146 4466 ἧ
1182 4393 1448 4448 θάλλουσα
1482 4392 1632 4444 ἐσαεὶ
1662 4391 1773 4452 τοῖς

233 4496 360 4551 κατά
385 4498 578 4567 κόσμον
606 4495 818 4572 καλοῖς,
851 4487 1112 4558 ἐξήνθησε
1142 4487 1262 4540 τότε
1291 4484 1656 4557 ἀτημελήτως
1689 4499 1776 4544 ve»
1849 4541 1851 4544 ι

236 4589 398 4654 κροῖς,
427 4583 497 4643 ὧν
527 4587 626 4652 καὶ,
658 4586 828 4639 εἰσέτι
863 4582 1091 4653 σώματα
1128 4579 1334 4650 ἀκηδέα
1367 4579 1544 4634 κεῖται
1581 4577 1638 4628 ὲν
1673 4591 1780 4630 πα-

239 4681 520 4749 ραδύποις,
544 4677 775 4749 ἀνδρῶν,
803 4674 1100 4745 γυναικῶν,
1123 4669 1354 4742 νηπίων,
1380 4667 1654 4738 ἀκμαίων,
1683 4684 1780 4737 με·

240 4774 501 4828 σαιπολίων
525 4812 541 4838 ,
605 4772 878 4843 γερόντων
909 4785 923 4800 ·
991 4768 1168 4820 εἰπεῖν
1225 4765 1289 4818 τὸ
1349 4763 1734 4832 ἀνηλεέστερον
1760 4802 1776 4828 ,

238 4865 572 4936 παρειμένων,
601 4865 637 4937 ἢ
670 4862 764 4916 καὶ
792 4862 921 4915 ἄλλο
944 4877 996 4914 τι
1027 4858 1171 4920 σίνος
1201 4857 1484 4910 παθόντων
1509 4854 1781 4925 ἀποτυχίᾳ

241 4953 425 5018 φύσεως
443 4971 456 4985 ’
484 4957 578 5009 καὶ
603 4953 786 5009 αὐτῶν
807 4951 876 5023 δὴ
900 4949 1010 5004 τῶν
1037 4949 1209 5018 ὁπηδή
1220 4964 1349 5001 ποτε
1375 4945 1780 5016 νοσοκομουμέ-

239 5061 360 5110 νων,
388 5046 474 5108 οὓς
510 5047 634 5101 οὔτε
667 5048 844 5116 τεῖχος
878 5040 1056 5108 εἶδεν,
1091 5041 1205 5094 οὔθ’
1233 5041 1397 5096 ὅπλον
1432 5039 1642 5108 έτριψε.
1677 5039 1782 5093 Τὸν
1843 5089 1847 5092 .

242 5133 354 5200 γοῦν
376 5135 820 5208 ἐκκλησιαστικὸν
847 5132 1056 5202 ξενῶνα
1086 5131 1470 5202 είσδραμλόντες
1499 5130 1548 5182 οί
1577 5129 1744 5184 δεινοὶ
1763 5169 1780 5196 ,

245 5227 324 5278 καὶ
346 5230 472 5283 κατὰ
502 5228 671 5283 σκιῶν
699 5225 1064 5296 ἀνδρίζεσθαι.
1097 5223 1312 5295 πρῶτον
1335 5223 1422 5285 ἐίς
1453 5221 1650 5284 αὐτοὺς
1679 5222 1783 5274 ἀπ-

245 5319 520 5390 ησχόλησαν
548 5321 614 5375 τά
647 5320 776 5388 ξίφη
797 5336 813 5352 ο
851 5319 990 5390 μετά
1022 5317 1080 5370 δὲ
1113 5315 1270 5371 κενὸν
1297 5316 1359 5369 τὸ
1389 5315 1500 5370 πᾶν
1529 5315 1781 5383 ἀφῆκαν,

249 5402 310 5463 ὧν
335 5414 470 5476 ἐντος
507 5412 695 5480 έστεγε
717 5453 731 5474 ,
763 5410 878 5464 τῶν
907 5426 969 5463 τε
1004 5409 1142 5480 πρὸς
1181 5409 1426 5478 ἰατρείαν
1446 5449 1461 5475 ,
1498 5408 1592 5460 καὶ
1622 5399 1702 5468 οἷς
1735 5405 1784 5456 of.

252 5503 506 5573 τλητταθεϊς
534 5506 843 5559 ἐσκέπτοντο.
874 5505 983 5558 Καὶ
1016 5501 1112 5556 νῦν
1138 5502 1200 5555 τὸ
1226 5501 1464 5554 τοιοῦτον
1495 5499 1656 5553 καλὸν
1685 5497 1786 5552 οὐκ

253 5589 346 5662 ἔχει
369 5597 480 5651 τινὰ
511 5595 856 5666 ξεναγωγείν.
889 5595 1031 5649 Ἀλλ’
1053 5595 1104 5648 oi
1135 5593 1270 5664 πρὸς
1299 5592 1624 5661 νοσοκομίαν
1651 5590 1786 5643 ἀπο-

256 5682 468 5748 νεύοντες
500 5688 815 5757 ὲρχόμενοι,
849 5686 944 5738 καὶ
973 5687 1036 5740 τὺ
1068 5685 1292 5753 κένωμα
1331 5682 1622 5754 βλέποντες
1641 5721 1657 5747 ,
1691 5683 1788 5734 καὶ

257 5772 306 5826 τὸ
327 5777 448 5846 πρὸς
472 5778 678 5847 ὑγίειαν
703 5777 970 5850 βοήθημα,
997 5777 1129 5831 ὡσεὶ
1155 5776 1251 5830 καὶ
1278 5775 1508 5831 θανάτου
1536 5773 1786 5844 καταγώ-

1883 4398 2014 4444 tunc
2058 4384 2417 4440 cadaveribus
2465 4379 2738 4444 scatebat,
2783 4393 2906 4448 qua:
2936 4391 3093 4431 nunc
3143 4391 3363 4447 quoque
3396 4375 3452 4429 in

1883 4478 2018 4534 locis
2075 4478 2331 4532 obscuris
2386 4473 2594 4544 jaceat,
2649 4472 2918 4534 virorum,
2977 4468 3290 4533 mulierum,
3320 4483 3453 4537 pue-

1881 4585 2090 4634 rerum,
2125 4567 2442 4627 infantium,
2469 4563 2806 4626 adulterum,
2838 4558 3030 4614 mediae
3047 4559 3454 4622 aatatis,senum

1882 4659 2193 4726 miserrime
2224 4655 2640 4718 derelictorum,
2676 4658 2771 4705 aut
2813 4648 2858 4702 si
2881 4648 3000 4712 ,alia
3027 4663 3059 4700 a
3089 4656 3284 4700 natura
3317 4645 3445 4698 labe

1883 4753 2067 4809 afflicti
2088 4759 2266 4815 erant,
2281 4764 2418 4820 quos
2437 4756 2616 4802 tamen
2646 4757 2744 4799 nec
2759 4755 2956 4796 murus
2977 4739 3188 4794 viderat
3220 4751 3318 4792 nec
3350 4737 3455 4791 tela

1883 4847 2192 4916 tetigeraut.
2209 4842 2343 4898 Cum
2361 4841 2415 4892 in
2435 4832 2930 4894 ecclesiaSticorum
2946 4829 3236 4900 hospitium
3257 4828 3457 4882 intras-

1845 4947 2024 5006 sent,
2079 4950 2240 4992 manu
2290 4933 2478 4996 fortes,
2526 4941 2651 4988 cum
2705 4924 2916 4980 umbris
2955 4935 3198 4994 pugnare
3231 4921 3452 4985 assueti,

1885 5027 2278 5104 primogladios
2311 5027 2363 5079 in
2379 5025 2524 5095 ipsos
2542 5027 2854 5083 verterunt;
2874 5025 3062 5088 postea
3085 5027 3214 5069 vero
3237 5026 3454 5066 onmem

1881 5103 2062 5180 locum
2079 5117 2432 5174 habitandum
2463 5111 2690 5169 medicis
2712 5119 2766 5165 et
2786 5117 3119 5182 aegrotorum
3136 5103 3458 5160 custodibus

1887 5212 2256 5282 reliquerunt.
2287 5209 2543 5262 Attamen
2573 5205 2687 5258 haec
2733 5200 3027 5271 magniﬁca
3057 5200 3252 5254 domus
3283 5195 3457 5250 nemi-

1886 5323 2010 5362 nem
2043 5306 2224 5358 adhuc
2251 5299 2490 5371 hospitio
2517 5295 2755 5365 excepit.
2785 5293 2888 5360 Qui
2918 5301 3101 5348 autem
3131 5290 3199 5344 ad
3225 5297 3460 5358 aegroto-

1887 5413 2011 5455 rum
2059 5395 2396 5450 curationem
2439 5397 2726 5452 venerunt,
2769 5387 2886 5442 loco
2909 5401 3086 5440 vacuo
3133 5389 3454 5452 conspecto,

1889 5491 1942 5548 id
1972 5504 2144 5560 genus
2172 5485 2360 5542 auxilii
2384 5483 2450 5536 ad
2485 5490 2718 5538 mortem
2741 5477 2993 5532 ducentis
3019 5474 3451 5544 perhorresceno

1891 5595 1994 5650 tes,
2026 5581 2200 5647 capita
2234 5577 2526 5636 tundentes
2553 5583 2608 5630 et
2629 5571 2790 5643 quasi
2809 5571 2863 5624 iu
2888 5566 3152 5623 extremis
3179 5567 3458 5631 gementes

1892 5676 2115 5732 domum
2147 5671 2400 5735 redeunt,
2434 5667 2596 5723 morti
2627 5681 2688 5720 se
2730 5656 3190 5718 commendaturi.
3231 5653 3312 5708 ibi
3355 5664 3458 5704 nec

1891 5777 2123 5842 guttam,
2158 5777 2260 5822 nec
2287 5769 2593 5827 ramentum
2616 5754 2958 5815 salutiferum
2985 5758 3080 5804 aut
3110 5745 3256 5801 aliud
3283 5745 3462 5800 simil-3
