3930 6232
256 343 343 405 ιιι

968 343 1066 416 EE
1093 346 1659 408 τιιΕδδΑωΝιαΑ
1701 349 1907 410 URBE
1951 355 1994 411 A
2037 352 2345 414 LATINIS
2383 355 2639 415 CAPTA.

3369 343 3468 410 134

254 463 436 536 χαίρω)
462 463 554 518 καὶ
589 463 825 532 μάλιστα
859 465 965 526 τοῖς
997 465 1248 528 Λατίνοις
1271 481 1285 496 ⁸
1314 461 1396 528 οἷς
1435 466 1575 536 μέγα
1608 485 1659 519 τι
1699 487 1789 520 κα-

1916 465 2098 537 pitoris
2127 469 2530 523 delitescerent.
2558 467 2666 522 Nos
2711 465 2930 537 quidem
2956 463 3081 518 itttie
3101 465 3228 516 vino
3261 460 3472 516 fervido

253 564 328 616 λὺν
350 562 498 626 αὐτὸς
524 562 794 632 ἐκρίνετο,
823 561 937 630 ἅμα
965 559 1279 624 ὲκπιέζουσι
1306 560 1460 629 χερσὶ
1489 558 1785 626 σταφυλάς,

255 653 334 705 καὶ
361 641 569 722 ροφοῦἁι
598 650 792 720 χανδὸν
817 650 878 702 τὸ
906 650 1242 709 νεόθλιπτον,
1273 649 1358 702 ἴνα
1390 649 1524 717 μηδὲ
1551 651 1671 711 ταῖς
1701 650 1792 702 λα-

257 741 414 809 γύνοις
443 739 709 810 πρωτείου
742 740 1010 808 ὑποδοχῆς
1043 741 1418 809 ὲκχωρήσωσι.
1453 739 1557 792 Καὶ
1583 739 1793 806 ὀφείλο-

261 849 343 899 μεν
367 833 515 900 ἡμεῖς
542 830 620 900 τῷ
650 832 880 900 τοιούτῳ
914 830 1224 900 βρασματίᾳ
1256 831 1382 900 οίνῳ
1413 830 1674 901 χάριτας,
1704 826 1791 884 οία

259 920 778 991 προσεταιρισαμένῳ
820 922 962 972 κατὰ
1000 921 1243 973 Λατίνων
1286 921 1377 973 τὸν
1422 921 1688 974 θάνατον’
1733 921 1793 973 ὃν

258 1009 538 1079 ὶπὼτρυνεν
566 1011 755 1072 αὐτοῖς
786 1011 879 1063 καὶ
905 1011 972 1063 τὰ
1004 1008 1126 1064 ὕεια
1156 1010 1292 1080 κρέα
1312 1052 1328 1077 ,
1359 1006 1439 1074 οἷς
1470 1014 1567 1075 τὰς
1598 1013 1798 1078 γαστέ-

261 1120 344 1173 ρας
369 1102 653 1172 πλησμίως
683 1101 906 1155 ἔσαττον
925 1119 938 1131 ο
973 1100 1115 1155 οὕτω
1141 1101 1198 1155 δὲ
1227 1105 1320 1158 καὶ
1349 1103 1415 1156 τὰ
1445 1105 1507 1156 ὲκ
1539 1102 1678 1173 βοῶν
1708 1104 1801 1156 καὶ¹

1898 560 2100 629 gratias
2127 561 2195 614 ob
2217 561 2272 615 id
2303 561 2583 626 debemus,
2617 561 2759 630 quod
2784 559 2996 614 Latinis
3025 565 3252 610 mortem
3289 555 3465 622 dedit,

1899 650 2060 704 simul
2095 665 2220 704 cum
2251 666 2415 706 carne
2463 652 2706 720 porcina,
2731 652 2932 720 quibus
2963 659 3202 702 ventrem
3244 646 3471 702 inferae-

1899 747 2052 803 rttnt,
2087 751 2146 794 ut
2193 751 2247 795 et
2278 741 2495 796 bubulis
2535 753 2587 796 et
2625 743 2787 806 ailiis,
2815 740 3016 811 quibus
3067 740 3245 793 clerus
3280 743 3471 792 noster

1899 833 2047 888 inter
2075 834 2416 902 psallendum
2462 844 2516 889 et
2553 835 2755 889 victum
2793 833 3085 904 quaerendo
3117 830 3468 888 sustentaba-

1903 932 2012 990 tur,
2041 934 2094 979 et
2122 926 2200 979 sic
2231 926 2526 980 homicidia
2557 927 2810 995 puniens,
2833 927 3031 996 quibus
3061 924 3151 980 isti
3178 926 3230 977 in
3257 931 3472 977 nostra-

1900 1023 1986 1069 tes
2016 1017 2331 1080 saevierunt,
2357 1017 2548 1071 beatos
2573 1017 2817 1071 dicentes
2847 1031 2951 1071 non
2980 1016 3152 1086 ipsos,
3187 1013 3282 1069 sed
3321 1026 3468 1066 mor-

1898 1107 2017 1173 bos,
2046 1107 2154 1160 imo
2181 1117 2409 1162 mortem
2437 1108 2677 1164 Gadibus
2707 1110 2999 1175 invectam,
3035 1108 3176 1177 apud
3203 1120 3342 1175 quos
3374 1105 3462 1158 in-

257 1198 316 1247 τὰ
347 1195 474 1248 καλὰ
515 1194 772 1263 σκόροδα,
813 1193 880 1246 δι’
906 1188 979 1247 ὧν
1021 1195 1050 1246 δ
1093 1195 1215 1247 καθ’
1244 1197 1384 1264 ἡμᾶς
1426 1196 1627 1264 κλῆρος
1669 1194 1803 1248 ἐσώ-

1916 1193 2088 1249 ‘ernus
2123 1197 2520 1262 ltonorabatur,
2563 1198 2684 1252 licet
2717 1200 2773 1253 in
2801 1199 3067 1268 tragoedia
3097 1212 3245 1252 mors
3280 1204 3466 1266 grates

259 1285 382 1349 ζετο,
405 1285 765 1352 καταψάλλων
791 1285 882 1336 καὶ
909 1283 1308 1354 καρπιξόμενος
1333 1285 1400 1337 τὰ
1425 1285 1482 1344 ἐς
1509 1285 1678 1354 ζωὴν,
1708 1285 1802 1337 καὶ
1901 1285 2136 1355 ignoret.
2456 1305 2460 1310 '

259 1375 379 1429 nime
440 1376 760 1445 τιννύμενος
817 1376 940 1438 τοὺς
999 1377 1216 1444 φόνους,
1251 1371 1332 1439 οἷς
1369 1377 1566 1429 ἐκεῖνοι
1625 1375 1753 1437 τοὺς
1786 1376 2094 1448 ἡμετέρους
2147 1380 2462 1454 ἐνέρριψαν,
2508 1380 2604 1434 καὶ
2657 1379 3047 1452 μακαρίζοντες
3099 1379 3200 1434 οὐκ
3249 1378 3466 1444 αὐτοὺς,

262 1467 376 1521 ἀλλὰ
404 1468 496 1537 τὴν
530 1469 724 1531 νόσον,
761 1469 861 1539 ἥδη
902 1468 960 1521 δέ
1001 1485 1105 1520 που
1146 1470 1241 1522 καὶ
1273 1468 1364 1522 τὸν
1397 1468 1626 1521 θάνατον
1662 1467 1805 1520 κατὰ
1863 1471 1992 1533 τοὺς
2025 1472 2133 1525 ἀπὸ
2168 1474 2464 1544 Γαδείρων,
2496 1473 2627 1543 παρ’
2659 1468 2740 1536 οἷς
2785 1476 2812 1527 ό
2862 1471 2998 1544 ᾅδης
3053 1471 3399 1543 ἐκτετίμητο,
3420 1471 3471 1522 εί

261 1562 340 1613 καὶ
362 1558 624 1627 μηδεμίαν
661 1560 826 1628 χάριν
858 1554 966 1611 οἶδε
991 1558 1222 1621 Θάνατος
1247 1557 1390 1611 κατὰ
1423 1559 1514 1610 τὸν
1544 1555 1842 1626 τραγῳδόν.

319 1653 434 1719 ρλζ’.
471 1655 574 1706 Τὸν
629 1655 693 1706 δὲ
745 1655 937 1723 συχνὸν
984 1652 1178 1706 τοῦτον
1224 1656 1514 1707 Λατινικδν
1555 1654 1803 1708 ’θάνατον

259 1748 392 1808 αὐτὸς
443 1747 470 1798 ό
509 1746 821 1806 Ἀλδουῖνος
873 1747 1167 1814 ὲτράνωσε,
1210 1746 1515 1814 περίλυπος
1562 1745 1803 1816 φάμενος

260 1839 376 1906 ὑπὲρ
420 1838 663 1905 χιλιάδας
700 1841 856 1907 τρεῖς
891 1838 1141 1905 μεγάλων
1173 1839 1356 1900 αὐτοῖς
1403 1838 1708 1908 ἀνθρώπων
1739 1841 1802 1892 ἐκ

1916 1844 2011 1896 Lria
2046 1842 2211 1897 millia
2239 1845 2479 1898 virorum
2508 1848 2906 1915 praecipuorum
2935 1861 3001 1900 eo
3039 1845 3228 1898 morbo
3260 1841 3476 1897 exstin-

259 1931 388 1983 νόσου
417 1933 626 1984 πεσεῖν.
648 1931 834 1999 Σωρὸς
860 1924 1013 1992 οὗτος
1041 1930 1171 1998 ἡδὺς
1191 1931 1347 1999 ἡμῖν,
1375 1931 1424 1982 εἰ
1452 1931 1544 1983 καὶ
1574 1931 1648 1999 μὴ
1679 1931 1804 1983 ἀντ-

1916 1944 2025 1991 ctos
2054 1952 2216 1998 esse;
2269 1938 2362 2005 qui
2401 1953 2664 1992 numerus
2703 1938 2858 1992 nobis
2890 1921 2995 1990 non
3030 1934 3303 2004 displicet,
3345 1933 3474 1986 licet

1978 1660 2103 1714 157.
2165 1658 2500 1718 Numerosas
2565 1662 2887 1718 Latinorum
2941 1670 3147 1717 mortes
3196 1659 3471 1714 Aidttinus

1905 1750 2105 1805 diserte
2141 1753 2404 1818 narravit,
2434 1764 2630 1809 moesto
2676 1756 2856 1809 animo
2887 1754 3132 1809 referens
3157 1752 3279 1823 plus
3307 1765 3471 1820 quam

259 2023 430 2090 εσήκου
472 2024 611 2093 πρὸς
652 2022 756 2092 τὴν
791 2022 848 2086 ἐξ
879 2021 1034 2090 ἡμῶν
1083 2021 1323 2092 στοιϐήν.
1357 2021 1803 2094 Συναριθμουμέ-

258 2133 342 2168 νων
369 2116 420 2168 δέ
451 2134 512 2183 γε
551 2117 651 2169 καὶ
682 2115 798 2167 τῶν
829 2117 885 2167 ὲν
927 2113 1149 2182 πολέμῳ
1169 2114 1558 2176 πεπτωκότων,
1581 2113 1801 2182 εἴχομεν

259 2206 583 2274 παραμυθίαν
610 2206 866 2261 πλείονα.
904 2207 966 2260 Ὀ
988 2207 1152 2268 αὐτὸς
1175 2207 1287 2276 γὰρ
1323 2205 1648 2276 αίτιώμενος
1669 2206 1800 2260 ἄλο·

255 2315 332 2366 γον
352 2299 708 2352 ἀντιστασξαν
739 2297 917 2367 ἡμῶν,
946 2299 1037 2350 καὶ
1065 2297 1268 2369 ζημίαν
1298 2297 1550 2352 ἐντεῦθεν
1574 2297 1668 2352 τοῦ
1701 2301 1804 2369 ρη-

255 2393 350 2458 τὺς,
387 2390 839 2461 ἐξετραγῴδησεν
879 2391 1016 2459 ὑπὲρ
1065 2390 1400 2461 τρισχιλίους
1452 2393 1640 2444 πεσεῖν
1695 2391 1802 2444 ὑπὸ

253 2484 342 2535 τῶν
366 2485 424 2536 ὲκ
449 2483 540 2536 τοῦ
570 2484 796 2553 τείχους
817 2482 920 2547 ἔξω
943 2483 1452 2553 καταπεμπομένων
1483 2484 1651 2553 βελῶν
1679 2484 1804 2553 δίχα

254 2591 307 2641 γι
327 2578 422 2630 τῶν
447 2579 504 2630 ὲν
538 2577 861 2648 προνομαῖς
893 2576 1223 2640 πιπτόντων,
1254 2574 1287 2646 ἢ
1321 2575 1415 2628 καὶ
1444 2574 1641 2640 ἄλλως,
1672 2575 1748 2637 ὡς
1775 2577 1803 2627 ό

251 2669 329 2722 τοῦ
357 2669 586 2740 πολέμου
629 2669 800 2730 κύϐος
825 2669 1076 2740 ὲρριπτε,
1113 2667 1210 2720 καὶ
1242 2669 1270 2721 ὁ
1297 2667 1397 2738 τῆς
1423 2667 1582 2738 δίκης
1608 2665 1804 2738 τροχὸς

254 2761 564 2825 κατεκύλιεν,
625 2759 905 2829 εὖστροφα
952 2760 1408 2831 περιφερόμενος.
1465 2759 1699 2822 Πολλοὺς
1746 2758 1802 2812 δὲ

253 2854 333 2910 καὶ
370 2853 517 2923 λιμὸς
557 2853 812 2921 ἀπῆγεν.
861 2851 1309 2921 Ἐστενοχωρεϊτο
1357 2851 1467 2920 γὰρ
1514 2851 1610 2904 καὶ
1637 2850 1804 2918 -σιρίσι

251 2946 307 2997 τὰ
343 2947 637 3014 ἀναγκαῖα.

310 3037 430 3108 ρλη⁹.
471 3039 584 3092 Καὶ
624 3037 800 3099 οὕτως
829 3039 959 3108 ἡμῖν
999 3034 1432 3090 ὲπεσταλάττετο
1474 3035 1675 3104 νέκταρ
1702 3050 1806 3087 πα-

255 3129 496 3195 ραμυθίας
527 3132 604 3200 τῇ
639 3127 1054 3182 ὑποκαταϐάσει
1087 3129 1185 3198 τῆς
1222 3126 1486 3196 πολεμίου
1518 3127 1801 3196 στρατιᾶς.

1909 2029 1976 2082 de
2009 2028 2213 2083 nostris
2240 2043 2349 2081 non
2389 2029 2566 2083 minus
2598 2029 2750 2082 m‘uiti
2788 2028 3088 2097 perierunt.
3119 2024 3275 2090 Quod
3303 2023 3348 2077 si
3374 2036 3469 2076 eo-

1909 2136 2030 2174 rum
2062 2122 2152 2190 qui
2181 2123 2234 2175 in
2260 2121 2460 2191 praeiiis
2496 2121 2815 2177 ceciderunt
2846 2126 3160 2186 computum
3199 2115 3431 2169 facimus
3454 2154 3470 2178 ,

1908 2228 2018 2267 non
2054 2229 2244 2282 parum
2271 2213 2671 2268 consolationis
2721 2213 2904 2266 datur.
2944 2210 3047 2276 Qui
3095 2209 3240 2263 enim
3291 2207 3476 2260 insur-

1905 2307 2207 2361 rectionem
2244 2314 2493 2362 nostram
2537 2306 2590 2359 in
2624 2303 2980 2359 absurditatis
3011 2301 3132 2355 loco
3164 2299 3365 2370 posuit,
3390 2312 3478 2352 ro-

1904 2398 1988 2468 gis
2028 2397 2325 2452 vindictam
2361 2398 2589 2451 invocan
2613 2412 2637 2452 s
2678 2397 2780 2452 tria
2810 2396 2978 2449 millia
3004 2401 3060 2448 et
3082 2394 3225 2461 quod
3259 2388 3476 2444 excedit

1907 2491 2032 2544 telis
2064 2506 2093 2545 e
2145 2506 2305 2545 mure
2353 2490 2618 2558 conjectis
2669 2487 3030 2544 succubuisse
3065 2499 3214 2539 more
3262 2483 3472 2551 tragico

1907 2581 2365 2652 refert,exceptis
2389 2582 2458 2636 iis
2485 2581 2578 2650 qui
2606 2581 2748 2634 inter
2773 2575 3216 2632 frumentandum
3250 2583 3343 2627 aut
3375 2572 3475 2626 aii-

1910 2686 1993 2731 ter
2026 2676 2370 2738 interierunt,
2421 2681 2582 2743 prout
2619 2672 2747 2726 belli
2783 2671 2895 2724 alea
2931 2669 3116 2734 voluit,
3147 2677 3201 2722 et
3232 2665 3475 2720 fortuna:

1913 2779 2031 2822 rota
2063 2767 2262 2837 jttgiter
2305 2765 2527 2818 volvens
2557 2763 2851 2829 disposuit.
2894 2761 3089 2814 Multos
3109 2760 3271 2813 etiam
3302 2756 3476 2810 fames

1909 2860 2145 2922 necavit,
2171 2859 2417 2913 ciborum
2453 2856 2634 2926 inepia
2683 2863 2986 2924 grassante.

1980 3041 2106 3096 158.
2135 3039 2416 3096 Sic‘nobis
2445 3047 2634 3094 nectar
2658 3034 3050 3090 consolationis
3080 3045 3144 3084 ex
3164 3026 3475 3083 humilitate

1910 3132 2186 3189 exercitus
2243 3131 2492 3199 hostilis,
2545 3145 2708 3199 quam
2754 3125 2934 3180 Latini
2993 3123 3155 3178 nobis
3210 3118 3474 3173 associati

253 3221 306 3292 ἠν
335 3225 378 3275 οἱ
407 3223 602 3287 δεξιῶς
637 3220 992 3290 φιλιωθέντες
1019 3222 1151 3290 ημῖν
1172 3221 1388 3273 Λατῖνοι
1418 3217 1669 3290 (πολλοὺς
1694 3218 1803 3287 γὰρ

1916 3225 1928 3296 [
1953 3225 2151 3280 multos
2177 3223 2319 3278 enim
2347 3231 2570 3277 nostros
2599 3220 2849 3283 fecimus,
2869 3216 2996 3270 dum
3019 3213 3134 3268 Deo
3160 3219 3311 3282 grata
3340 3223 3476 3278 ope-

252 3312 576 3382 ὺπηγόμεθα,
635 3309 1157 3381 πραγματευόμενοι
1203 3310 1274 3363 τὰ
1313 3309 1376 3362 ἐκ
1413 3306 1572 3376 Θεοῦ)
1618 3305 1807 3370 ἐξεκά-

252 3399 449 3466 λυπτον,
489 3404 642 3474 ὑπὲρ
690 3403 1022 3472 ὀγδοήκοντα
1051 3401 1298 3472 χιλιάδας
1345 3399 1483 3470 πεζῆ
1517 3397 1799 3452 ἐπελθεῖν·

249 3487 311 3547 ὧν
353 3496 508 3564 χίλιοι
567 3493 677 3562 μὲν
725 3494 984 3556 πεντάκις
1044 3493 1342 3563 φερέγγυοι
1393 3488 1801 3560 ὲμαρτυροῦντο

251 3587 448 3640 ἱππόται
476 3583 650 3649 εἶναι,
680 3584 1017 3654 πεντήκοντα
1037 3584 1248 3654 χιλιάσι
1282 3583 1619 3652 Ῥωμαϊκαῖς
1648 3582 1804 3634 ἐναν-

247 3677 341 3730 τίαι
370 3680 509 3731 κατὰ
563 3677 674 3746 τὴν
706 3675 932 3728 ἐκείνων
972 3673 1129 3739 δόξαν
1169 3673 1540 3744 ἁντιδραμεῖν.
1579 3670 1704 3724 Τῶν
1737 3669 1799 3723 δὲ

248 3768 427 3823 λοιπῶν
455 3771 506 3823 oi
546 3769 654 3840 μὲν
681 3767 1029 3833 ἱπποτοξόται
1066 3761 1229 3838 ἦσαν,
1257 3765 1306 3817 οἱ
1343 3764 1400 3816 δὲ
1421 3763 1665 3833 ψιλῆται,
1705 3761 1800 3814 καὶ

246 3861 400 3925 ἄλλως
426 3861 483 3914 δὲ
521 3858 651 3931 μεθ’
683 3858 868 3911 ὅπλων
917 3857 1198 3927 χρήσιμοι.
1230 3854 1604 3924 Συνεπλήρουν
1630 3852 1688 3906 δὲ
1709 3851 1800 3904 τὸν

253 3956 399 4010 πολὺν
444 3954 754 4015 ὲν.αὺτοῖς
811 3951 1048 4020 ἀριθμὸν
1099 3949 1194 4003 καὶ
1234 3948 1451 4018 ἄνδρες,
1498 3947 1654 4016 φασὶ,
1703 3944 1799 3998 τοῦ

255 4046 498 4112 Ῥιζίκου,
540 4046 688 4116 μήτε
735 4043 922 4111 διάρια
952 4041 1208 4113 λαχόντες
1240 4041 1438 4093 δκεῖνοδ
1473 4039 1537 4091 ἐκ
1572 4037 1668 4090 τοῦ
1697 4039 1799 4105 ρη-

248 4139 349 4203 τὸς,
375 4139 498 4210 μήθ’
527 4139 830 4205 ὑπόσχεσιν
852 4151 868 4166 ·
893 4130 1428 4198 ἐπακολουθήσαντες
1446 4128 1503 4182 δὲ
1528 4125 1606 4196 τῷ
1626 4123 1801 4196 λοιπῷ

248 4229 464 4300 στρατῷ,
501 4228 557 4281 ετ
591 4243 714 4289 πως
745 4224 854 4278 τῶν
883 4222 1062 4295 ἔργων
1095 4221 1496 4292 συναιρόμενοι,
1523 4218 1591 4272 τὰ
1618 4220 1683 4271 ὲκ
1707 4217 1800 4271 τύ-

246 4338 334 4387 χης
365 4322 582 4390 εὕροιεν
616 4317 819 4387 ἀγαθά.
851 4318 962 4370 Καὶ
1002 4315 1248 4369 τοσοῦτοι
1289 4315 1390 4383 μὲν
1421 4314 1482 4366 τὸ
1510 4309 1696 4374 πεζόν.
1725 4310 1799 4363 Τὸ

242 4411 291 4464 δὲ
318 4413 596 4474 ναυτικδν,
634 4411 750 4463 ἀλλ’
782 4409 936 4463 αὐτοὶ
963 4407 1112 4477 δῆλοι
1135 4408 1255 4461 κατ’
1279 4404 1516 4476 ἀριθμὸν
1545 4405 1637 4458 τὸν
1657 4402 1800 4474 ὑπδρ

245 4502 508 4567 διακοσίας
534 4503 698 4568 νεῶν,
733 4501 829 4554 σύν
850 4517 914 4569 γε
946 4501 1060 4562 τοῖς
1094 4500 1380 4567 πειραταῖς
1398 4513 1412 4530 ·
1441 4495 1490 4549 οἳ
1514 4498 1608 4549 καὶ
1645 4495 1800 4550 αὐτοὶ

1917 3313 2544 3385 rabamur)detexerant,
2563 3311 2685 3381 plus
2709 3323 2870 3379 quam
2892 3309 3168 3376 octoginta
3193 3301 3361 3356 millia
3386 3315 3478 3354 ar-

1916 3420 2213 3474 matorum,
2241 3423 2272 3462 e
2297 3408 2494 3475 quibus
2514 3405 2757 3475 quinque
2780 3401 2952 3456 millia
2984 3399 3229 3469 equitum
3265 3401 3479 3464 specta-

1915 3513 1983 3559 ta:
2013 3501 2234 3559 virtutis
2274 3501 2328 3554 in
2354 3499 2526 3554 aciem
2555 3501 2943 3565 processerunt
2969 3499 3161 3544 contra
3192 3486 3469 3555 quinqua-

1913 3598 2060 3669 ginta
2085 3593 2248 3649 millia
2274 3591 2664 3654 Romanorum,
2683 3593 2845 3656 prout
2871 3582 2974 3653 ipsi
2999 3575 3480 3637 referuttt.Cteleri

1916 3695 2094 3740 autem
2142 3683 2341 3754 partim
2402 3679 2696 3750 sagittarii,
2749 3677 2948 3746 partim
2999 3673 3132 3728 levis
3185 3677 3480 3724 armatum

1912 3783 2089 3842 erant,
2121 3789 2312 3829 omnes
2336 3770 2939 3827 utilitatisindubitatae.
2965 3763 3166 3817 Horum
3187 3773 3477 3815 numerum

1915 3867 2324 3937 compleverunt
2371 3864 2540 3934 copim
2583 3878 2614 3916 a
2665 3860 2896 3914 thizico
2934 3857 3136 3920 missas,
3167 3853 3259 3922 qui
3300 3865 3479 3919 neque

1924 3958 2193 4028 stipendia
2224 3971 2326 4010 nec
2362 3956 2530 4009 ullum
2562 3951 2879 4005 donativum
2905 3965 2938 4003 ο
2967 3961 3093 4016 rege
3134 3944 3476 4005 obtinebant,

1919 4047 2217 4102 exercitum
2245 4053 2426 4099 autem
2457 4043 2848 4112 sequebantur,
2885 4039 2976 4095 ubi
3010 4050 3234 4107 operam
3265 4047 3477 4088 navan-

1914 4149 2000 4195 tcs
2018 4135 2496 4206 fortnnajuvabat.
2540 4131 2637 4186 ilic
2674 4131 2839 4201 igitur
2872 4129 2973 4184 fuit
3006 4129 3286 4197 copiarum
3311 4132 3480 4180 terre-

1923 4229 2114 4285 strium
2143 4241 2420 4280 numerus.
2445 4223 2599 4278 Vires
2629 4222 2852 4276 navales
2876 4221 2993 4290 plus
3016 4234 3176 4289 quam
3208 4219 3477 4272 ducenta-

1910 4334 2033 4376 rum
2059 4319 2274 4374 navium
2295 4326 2590 4370 erantcum
2616 4314 2830 4381 piratis,
2849 4313 2938 4382 qui
2959 4321 3010 4365 et
3030 4311 3134 4380 ipsi
3155 4308 3287 4363 nihil
3307 4325 3335 4363 a
3357 4323 3480 4376 rege

1919 4413 2255 4482 accipientes
2307 4409 2536 4463 fortuna:
2577 4405 3050 4462 vicissitudinibus
3095 4417 3153 4457 se
3192 4403 3477 4472 permitte-

1913 4505 2085 4569 bant;
2131 4519 2160 4558 a
2194 4502 2393 4572 quibus
2432 4509 2578 4554 terra
2620 4497 2868 4565 marique
2904 4495 3078 4566 pressi
3120 4495 3173 4548 in
3216 4495 3340 4546 vita:
3366 4491 3479 4546 dis-

248 4591 402 4660 μηδὲν
457 4591 696 4661 ρηγικδν
755 4590 992 4659 ἔχοντες,
1022 4587 1194 4659 τύχης
1243 4587 1438 4658 δώροις
1491 4583 1802 4654 ἐπέτρεψαν

1916 4597 2136 4654 crimine
2162 4596 2398 4657 fuimus;
2433 4591 2519 4645 alii
2557 4598 2729 4644 morte
2778 4588 2948 4642 functi
2984 4585 3152 4654 erepti
3178 4593 3337 4648 sunt;
3375 4597 3475 4636 nos

250 4685 463 4748 ἑαυτούς
485 4703 502 4716 ·
533 4685 628 4754 ὑφ’
657 4677 756 4746 ὧν,
791 4681 932 4735 κατὰ
957 4682 1060 4751 γῆν
1080 4698 1137 4733 τε
1161 4684 1253 4734 καὶ
1277 4679 1550 4732 Θάλασσαν
1581 4675 1810 4729 πιετάν-

249 4789 344 4828 των
378 4777 552 4846 ἡμᾶς,
577 4774 825 4842 ὲξεθλίὸη
835 4791 934 4843 μεν
952 4773 1050 4842 τῆς
1080 4772 1250 4840 ζωῆς.
1271 4772 1379 4824 Καὶ
1404 4772 1453 4824 οἱ
1481 4771 1576 4841 μὲν
1594 4767 1810 4836 θανάτῳ

244 4869 728 4938 κατεσπάσθημεν,
772 4867 821 4918 oi
852 4865 933 4926 δὲ,
959 4865 1052 4917 τοῦ
1091 4863 1220 4935 ᾅδου
1263 4861 1324 4916 τδ
1353 4863 1527 4931 στόμα
1559 4859 1812 4928 συγκλεί-

248 4975 447 5020 οαντος,
479 4953 584 5021 οἷς,
621 4955 798 5028 οἶμαι,
833 4955 1142 5025 κεκόρεστο,
1167 4952 1457 5023 ἡμιθνῆτες
1490 4951 1807 5021 ἐμείναμεν.

308 5048 440 5115 ρλθν.
479 5048 627 5100 Ἀλλ’
659 5046 892 5099 ἐνταῦθα
916 5043 1394 5115 παρεκὸεδηκότες
1419 5042 1542 5096 καθ’
1571 5029 1810 5111 ἱστορίας

249 5139 511 5210 ἀνάγκην,
549 5136 1017 5207 ἀναδραμούμεθα
1046 5136 1182 5206 πρὸς
1212 5137 1406 5206 μικρὸν
1437 5130 1616 5196 αὖθις,
1645 5133 1813 5201 ἐκφῆ-

249 5247 326 5281 ναι
379 5231 444 5284 τὸ
476 5232 574 5283 καὶ
614 5229 886 5298 πτωχικὸν
919 5229 1012 5280 καλ
1052 5229 1308 5298 ὑπόπαχυ
1369 5226 1478 5279 τῶν
1531 5224 1811 5278 κατακλυ-

254 5321 383 5389 σμοῦ
409 5322 576 5390 δίκην
605 5320 1045 5388 παρασυράντων
1081 5322 1150 5372 τὰ
1196 5319 1447 5370 πολιτικά
1474 5332 1488 5347 ⁶
1531 5315 1582 5368 οἳ
1613 5314 1680 5367 τὰ
1712 5314 1811 5384 μὲν

248 5413 398 5477 τίμια
434 5410 654 5478 εὗηθως
708 5409 804 5460 καὶ
841 5409 912 5467 ὡς
942 5405 1027 5462 οἶα
1064 5411 1342 5479 βρεφικῶς
1384 5407 1716 5469 ἀπεδίδοντο,
1753 5397 1814 5457 οὗ

251 5503 312 5556 ἄν
329 5520 412 5566 τις
434 5504 624 5565 αὐτοῖς
646 5503 938 5573 χειρίσειεο
967 5503 1072 5556 τῶν
1102 5502 1159 5555 δὲ
1184 5502 1384 5554 λοιπῶν
1404 5500 1556 5554 οὐδὲν
1580 5499 1611 5569 ἢ
1641 5496 1812 5569 βραχύ

250 5609 299 5645 τι
347 5595 634 5657 παντελῶς
689 5593 956 5647 ἀνθίστων
987 5596 1226 5664 τίμημα,
1273 5596 1366 5647 καλ⁸
1421 5593 1652 5662 μάλιστα
1681 5592 1814 5657 τῶν,

252 5687 345 5738 ὅσα
373 5687 650 5750 ἐξοπλίζει
696 5686 1022 5755 χειρομάχον
1055 5687 1285 5755 πληθύν.
1329 5685 1471 5738 Ἀλλ’
1499 5680 1646 5754 εἶχον
1679 5684 1817 5737 αὐτὰ

253 5779 326 5838 εἰς
349 5775 503 5847 χύμα
521 5774 870 5846 προκείμενα
893 5778 947 5830 αί
968 5777 1247 5848 λεωφόροι,
1271 5779 1340 5831 τὰ
1367 5775 1598 5846 ἐλαιώδη
1616 5774 1812 5845 εὐώδη,

1910 4693 2010 4761 ipsi
2041 4691 2163 4760 quia
2193 4688 2458 4750 infernus,
2490 4685 2600 4755 jatn
2631 4683 2890 4748 repletus,
2925 4693 2988 4733 os
3042 4678 3257 4742 clausit,
3311 4675 3476 4731 semi-

1911 4785 2109 4839 tnortui
2126 4783 2419 4852 iacuimus.

1987 5040 2110 5096 159.
2153 5035 2268 5092 Hoc
2300 5035 2523 5099 inloco,
2569 5047 2754 5089 rerum
2804 5038 3083 5103 gestarum
3115 5026 3258 5083 serie
3299 5025 3466 5080 recla-

1922 5141 2122 5191 mante.
2157 5129 2565 5197 retrospit-itnus
2593 5136 2651 5182 ut
2679 5125 2897 5179 exilitas
2926 5131 2980 5176 et
3010 5121 3250 5190 paruitas
3281 5132 3475 5172 eorum

1925 5223 2204 5277 manifesta
2243 5221 2499 5275 reddatur
2545 5220 2635 5286 qui
2685 5233 2797 5271 rem
2853 5215 3122 5284 publicam
3182 5212 3238 5265 in
3284 5211 3478 5265 ultimo

1918 5315 2237 5370 discrimine
2291 5313 2741 5380 capessiverunt;
2777 5312 2868 5376 qui
2909 5322 2994 5360 res
3021 5304 3294 5374 pretiosas
3319 5303 3483 5358 stulto

1916 5415 1968 5460 et
2005 5421 2300 5475 puerorum
2331 5419 2480 5457 more
2506 5403 2684 5472 primo
2709 5401 2999 5466 occupanti
3033 5395 3336 5455 tradidere,
3366 5406 3472 5444 ce-

1917 5508 2060 5552 teras
2088 5505 2266 5550 autem
2303 5496 2461 5549 ﬂocci
2496 5495 2758 5554 fecerunt,
2795 5489 3101 5560 praesertim
3138 5500 3260 5555 qua:
3289 5480 3469 5534 multi-

1920 5591 2090 5644 tudini
2141 5588 2404 5642 bettatt-ici
2436 5603 2586 5641 arma
2619 5584 2988 5652 suppeditant.
3028 5582 3084 5632 in
3111 5577 3214 5628 viis
3240 5570 3477 5642 publicis

1920 5691 2101 5734 autem
2149 5678 2462 5746 promiscue
2495 5675 2752 5746 iacebant
2781 5673 2899 5725 oira
2935 5663 3257 5736 fragrantia,
3289 5657 3476 5712 Iixivia

1919 5774 2116 5837 dulcis,
2155 5770 2412 5828 materies
2447 5773 2593 5828 sicca
2627 5781 2723 5822 seu
2769 5773 2960 5820 contra
2993 5756 3237 5819 morbos,
3286 5765 3381 5806 sea
3417 5749 3470 5799 in
