3950 6242
231 341 312 403 1137
984 336 1091 403 DE
1130 332 1696 396 THESSALONICA
1740 333 1943 393 URRE
1982 334 2028 391 Α
2076 329 2375 391 LATIle
2408 330 2668 389 CXPTA.
3116 336 3121 339 “
3373 331 3470 393 133

227 454 487 523 Μενοῦντε
515 449 958 523 φιλοτιμούμεθα
1001 453 1099 505 καὶ
1146 451 1303 503 αὐτοὶ
1335 448 1515 518 λέγειν
1552 449 1661 502 ἰδοὺ
1694 448 1787 501 καὶ

1896 462 1997 503 nus
2017 446 2246 504 noster?
2269 445 2437 516 idque
2463 445 2721 514 quoniam
2742 455 2905 498 nemo
2917 443 3143 499 verbum
3172 444 3226 499 in
3260 462 3362 502 nos
3385 463 3474 503 re-

226 549 373 603 πάλιν
401 546 610 616 ἡμεῖς’
646 543 740 608 Τίς
782 545 941 614 ἡμῶν
984 542 1174 612 κύριός
1221 544 1394 606 ἐστιν,
1447 542 1522 604 ὡς
1568 542 1795 611 μηδενὸς

226 641 339 708 ἡμῖν
367 637 582 705 φαῦλον
607 636 1091 706 ἐπιψηφισαμένου
1124 633 1292 705 μηδέν
1318 649 1334 701 ;
1371 634 1436 686 Ὢ
1466 632 1565 703 τῆς
1586 635 1644 686 ὲν
1666 632 1787 701 ἡμῖν

1907 629 2298 686 hebetudinem
2340 642 2615 691 accusem,
2666 629 2771 685 nisi
2821 638 3043 697 peccata
3100 628 3371 700 inquiram
3414 638 3475 693 et

226 727 608 797 δυσαισθησίας
638 729 652 781 l
684 727 763 797 μή
799 743 890 798 μοι
931 726 990 780 δὲ
1017 727 1253 796 γένοιτο,
1302 724 1396 779 καὶ
1436 723 1787 793 ἀναισθησίας

1900 722 2166 791 rejiciam,
2202 728 2427 791 propter
2462 736 2583 791 quae
2616 719 2847 774 fulmina
2886 722 3011 777 dira
3041 723 3095 776 in
3129 737 3232 778 nos
3260 722 3475 777 cecide-

228 820 410 885 είπεῖν,
453 820 513 872 ὲν
544 817 622 888 τῷ
658 817 736 889 μὴ
767 819 836 871 τὰ
873 819 1025 871 αίτια
1057 818 1151 872 καὶ
1194 815 1668 885 κατασκέψασθαι,
1703 816 1787 867 καλ

1899 823 2044 879 runt,
2085 815 2289 883 quibus
2337 818 2673 872 concremati
2710 832 2940 882 sumus,
2978 831 3010 871 a
3040 817 3244 886 quibus
3279 817 3465 887 plagas

1902 546 2137 607 torquet.
2170 537 2213 593 0
2261 537 2644 594 hebetudinem
2679 536 2959 589 nostram!
3005 534 3164 590 Absit
3196 545 3374 590 autem
3412 549 3475 591 ut
3566 609 3569 612 ἠ

226 911 451 965 ἐκποδὼν
477 909 840 980 ποιήσασθαι.
868 910 962 979 ἀφ’
988 903 1063 965 ὧν
1089 911 1220 980 ἡμῖν
1234 904 1579 977 ’κατεϐρέχθη
1596 905 1796 975 κεραύ-

226 1022 295 1057 νια
310 1004 459 1057 κακά
479 1020 495 1034 ·
520 1002 592 1057 δι’
613 996 689 1056 ὧν
705 1001 1163 1072 ὲκτεφρωθὲντες,
1185 1000 1396 1071 πληγὰς
1414 998 1791 1071 ὲνετρίϐημεν,

226 1094 347 1147 itane
355 1088 509 1161 ρ“οὐκ
523 1091 591 1147 ἂν
604 1090 782 1155 οὐδεὶς
800 1091 1043 1162 μακροὺς
1054 1091 1329 1153 ἐνιαυτοὺς
1343 1087 1793 1159 ἀπαλθησόμεθα.

286 1185 419 1256 ρμδ’.
455 1183 585 1237 Εἰσὶ
631 1182 689 1237 δὲ
716 1182 890 1236 ταῦτα
934 1181 1017 1252 (οὐ
1050 1181 1161 1251 γάρ
1206 1181 1443 1250 ὀκνήσω,
1481 1182 1578 1234 καὶ
1628 1181 1794 1236 πάλιν

226 1277 276 1327 τὺ
295 1275 386 1328 τοῦ
416 1273 585 1342 λόγου
617 1273 1002 1345 χειρισάμενος
1031 1273 1287 1342 ἄροτρον,
1321 1270 1664 1341 ἀναπολῆσαι
1693 1271 1792 1343 τὴν

229 1370 330 1423 κατ’
377 1367 483 1437 ἐμὲ
533 1364 915 1437 πνευματικὴν
970 1362 1179 1433 ταύτην
1206 1362 1332 1433 γῆν,
1383 1362 1479 1416 καί
1514 1362 1605 1416 τὸν
1648 1362 1791 1417 θεῖον

230 1461 435 1530 σπόρον,
452 1459 531 1523 ὡς
556 1458 811 1522 εἴθισται,
832 1455 1178 1524 καταϐαλεῖν)
1201 1470 1216 1485 ·
1245 1454 1297 1506 οί
1320 1453 1602 1522 φθόνοι,τδ
1626 1469 1792 1524 πρεσ-

229 1553 440 1606 ϐύτατον
471 1551 670 1617 κακῦν,
696 1549 757 1602 τὸ
789 1549 883 1601 τοῦ
910 1547 1200 1602 καλλίστου
1232 1545 1373 1609 ζώου
1402 1547 1544 1615 μέγα
1574 1541 1783 1615 αἰσχος,

228 1646 279 1698 τὸ
298 1643 466 1698 δεινὸν
494 1641 596 1697 τοῦ
632 1640 1031 1702 καταπεσόντος
1055 1637 1334 1708 ἑωσφόρον
1374 1637 1569 1702 θέεῖον,
1600 1637 1629 1691 ὃ
1661 1654 1788 1690 συν-

231 1736 462 1806 εφήψατο
518 1733 625 1803 τῆς
668 1734 728 1787 ὲν
769 1733 899 1803 ἡμῖν
926 1728 1228 1785 κακοποιοῦ
1278 1727 1704 1798 κεραυνώσεωςο
1735 1729 1786 1780 οἰ

232 1827 580 1897 συγγέροντες
615 1824 693 1895 τῷ
746 1823 924 1894 φθόνῳ
956 1822 1137 1890 τῦφοι,
1163 1821 1246 1884 εἰς
1274 1819 1367 1884 οὓς
1394 1822 1441 1886 ὁ,
1471 1818 1546 1883 ὡς
1586 1821 1801 1885 simis),

229 1918 537 1990 τοφογὲρων
568 1917 783 1986 δαίμων
830 1913 1169 1978 ἀναϐιϐάσας
1195 1913 1368 1984 ἡμᾶς,
1402 1912 1500 1966 zeal.
1547 1926 1790 1982 προσκυ-

231 2008 423 2078 νηθεὶς,
473 2008 553 2072 ὡς
600 2009 695 2062 ἐπὶ
748 2006 1052 2078 βασιλείαις
1101 2006 1268 2071 τισὶν,
1318 1999 1439 2057 εἶτα
1488 2003 1788 2077 κατέρριψε

233 2101 363 2153 κάτω
392 2098 575 2171 βαλὼν
608 2100 737 2162 τοὺς
764 2097 991 2162 πολλοὺς
1012 2098 1106 2151 καὶ
1128 2099 1212 2160 είς
1249 2096 1521 2166 τάρταρον
1540 2111 1556 2126 ο
1591 2097 1648 2149 αί
1672 2096 1786 2149 δια·

214 2190 391 2257 ϐολαὶ,
424 2190 484 2244 σῖ
520 2190 618 2253 τάς
650 2189 983 2261 θανασίμους
1014 2189 1136 2243 καθ’
1174 2187 1330 2260 ἡμῶν
1362 2186 1670 2242 ἀπεύθυναν
1704 2187 1791 2258 βο-

232 2281 313 2346 λάς
334 2298 348 2312 ·
374 2282 433 2337 τὸ
466 2282 607 2352 βαθὺ
638 2281 853 2351 ψεῦδος,
885 2274 945 2336 οὗ
980 2281 1166 2334 ἕνεκεν
1198 2282 1226 2332 ὁ
1249 2282 1345 2345 τῆς
1376 2279 1634 2350 ἀληθείας
1659 2278 1789 2342 Θεὸς

234 2375 395 2444 ἀπῆρε
428 2376 554 2437 τοὺς
587 2364 902 2443 ὀφθαλμοὺς
932 2372 992 2438 ἐξ
1031 2372 1189 2442 ἡμῶν
1209 2388 1223 2402 ·
1256 2372 1316 2425 τὺ
1358 2372 1786 2442 φιλοχρήματον,

233 2456 286 2514 οὗ
317 2462 431 2516 κατ’
462 2462 646 2517 αἰτίαν
678 2462 738 2515 εὖ
768 2461 1200 2531 δεδικαιωμένοι,
1237 2460 1457 2514 πάντων
1489 2459 1790 2529 χρημάτων

234 2550 716 2625 ἀπεγυμνώθημεν,
747 2555 872 2624 δίχα
904 2570 969 2623 γε
1020 2551 1128 2607 τῶν
1174 2554 1270 2607 καὶ
1316 2553 1485 2606 εἰσέτι
1513 2553 1590 2625 τῷ
1616 2554 1789 2626 φολεῷ

237 2645 396 2715 τούτῳ
444 2644 832 2708 ὲπωαζόντων,
884 2643 1135 2699 κάκεῖθεν
1195 2642 1786 2714 καταθρασυνομὲνων,

235 2740 333 2792 τῶν
362 2738 432 2810 μὴ
454 2738 715 2808 Ἱρωλεοὺς
754 2740 1007 2812 ἐχόντων,
1041 2737 1170 2792 ἔνθα
1203 2736 1441 2791 κλινοῢσι
1490 2738 1590 2802 τὰς
1621 2756 1792 2809 κείρασ-

236 2830 325 2894 λάς
363 2831 429 2901 (οἳ
478 2830 849 2901 βλεπέτωσαν,
912 2828 1157 2900 μήποθεν
1209 2829 1354 2899 ὄφις,
1411 2830 1631 2893 ὁποίους
1683 2831 1791 2903 χρὴ

237 2922 468 2989 δεδιέναι,
521 2921 844 2992 ὑφερπύσας
884 2920 1161 2994 ἀχρειώσῃ
1203 2923 1385 2985 αὐτοῖς
1430 2924 1498 2977 τὰ
1540 2924 1639 2993 τῆς
1674 2941 1789 2993 φω-

237 3014 393 3079 λείας,
435 3016 507 3078 ὡς
557 3016 633 3086 μὴ
677 3014 1147 3085 τελεσφορηθῆναι
1192 3015 1272 3079 εἰς
1320 3014 1683 3087 νεόττευσιν)·
1726 3017 1784 3070 αἰ

1895 908 2231 977 accepimus,
2264 924 2415 978 quas
2436 909 2594 964 multi
2623 909 2749 964 anni
2780 925 2885 964 non
2920 909 3218 965 sanabunt.

1969 1187 2090 1242 ιιι.
2128 1185 2267 1239 Sunt
2305 1193 2485 1239 autem
2518 1198 2663 1239 nunc
2691 1184 2804 1238 lucc
2845 1184 2974 1254 (non
3004 1182 3148 1237 enim
3195 1196 3281 1235 me
3317 1182 3467 1252 piget

1897 1284 1953 1332 ut
1985 1278 2179 1333 iterum
2212 1274 2276 1329 ad
2312 1283 2554 1331 aratrum
2585 1273 2735 1328 verbi
2760 1273 2971 1327 mittam
3025 1282 3245 1325 manum
3270 1311 3285 1335 ,
3320 1272 3466 1326 hanc

1897 1384 2071 1424 meam
2109 1383 2367 1424 renovem
2397 1368 2737 1438 spiritualem
2774 1374 2975 1420 terram
3004 1413 3022 1439 ,
3061 1378 3359 1435 semenque
3387 1363 3470 1417 di-

1893 1459 2078 1513 vinum
2111 1473 2266 1515 more
2303 1458 2466 1514 solito
2496 1455 2769 1528 spargam)
2795 1472 2810 1513 :
2839 1453 3067 1519 invidia,
3092 1454 3299 1509 malum
3327 1453 3468 1507 anti-

1891 1550 2240 1621 quissimum,
2276 1549 2525 1606 animalis
2551 1547 2920 1604 venustissimi
2945 1560 3138 1616 magna
3163 1544 3466 1614 turpitudo,

1891 1639 2130 1694 Luciferi
2177 1639 2398 1694 coelitus
2449 1639 2773 1710 praecipitati
2814 1639 2999 1694 dirum
3049 1637 3284 1706 sulphur
3319 1635 3465 1705 quod

1892 1729 2098 1784 fulmen
2128 1726 2401 1783 funestum
2426 1729 2479 1782 in
2509 1728 2671 1784 nobis
2698 1728 2973 1798 accendit;
3000 1728 3228 1784 comites
3249 1725 3467 1782 invidia:

1892 1820 1985 1875 alti
2020 1820 2270 1890 spiritus,
2306 1819 2360 1873 in
2389 1834 2531 1888 quos
2560 1820 2773 1874 daemon
2801 1819 3081 1876 [actuosus
3108 1832 3210 1874 nos
3240 1825 3431 1889 protru
3450 1847 3465 1856 -

1893 1914 1997 1980 sit;
2038 1913 2162 1969 dein
2191 1913 2454 1969 adoratus
2484 1930 2514 1968 a
2548 1912 2711 1969 nobis
2738 1927 2891 1968 more
2930 1912 3082 1982 regio
3111 1912 3379 1982 plurimos
3406 1911 3464 1965 in

1893 2005 2171 2061 infernum
2212 2004 2522 2076 praecipites
2549 2005 2693 2073 egit;
2720 2004 3033 2070 calumniae,
3064 2003 3160 2073 qui
3205 2002 3465 2059 mortales

1893 2097 2050 2153 nobis
2081 2097 2266 2168 plagas
2291 2096 2634 2159 indixerunt;
2665 2095 3012 2150 mendacium
3034 2094 3222 2159 fallax,
3243 2103 3467 2166 propter

1893 2187 2034 2256 quod
2089 2185 2233 2242 Deus
2282 2186 2471 2241 oculos
2520 2200 2551 2237 a
2598 2184 2753 2238 nobis
2800 2184 3029 2249 avertit;
3066 2184 3321 2248 avaritia,
3369 2197 3468 2252 per

1892 2292 2057 2346 quam
2109 2291 2217 2331 non
2262 2275 2574 2346 justiticati,
2616 2275 2708 2330 sed
2758 2275 2958 2331 merito
2989 2276 3246 2330 omnibus
3298 2275 3464 2333 bonis

1891 2368 2039 2424 exuti
2077 2383 2290 2432 sumus,
2328 2368 2571 2436 exceptis
2605 2367 2672 2422 iis
2711 2367 2802 2438 qui
2834 2371 2887 2419 in
2920 2366 3162 2425 latibulis
3198 2366 3464 2432 resident,

1892 2468 1944 2516 et
1981 2461 2107 2517 inde
2139 2468 2344 2517 temere
2364 2466 2534 2530 agunt
2560 2461 2613 2514 in
2640 2474 2735 2515 eos
2760 2459 2852 2527 qui
2884 2472 3082 2515 caveas
3104 2474 3211 2515 non
3236 2458 3463 2523 habent,

1891 2551 1985 2606 ubi
2025 2559 2191 2622 caput
2229 2550 2502 2609 reclinent
2531 2548 2775 2616 (videant
2804 2547 2860 2602 lii
2894 2562 2963 2604 ne
2995 2562 3223 2617 serpens
3272 2545 3466 2601 formi-

1892 2643 2108 2699 dandus
2137 2657 2432 2713 erumpens
2462 2656 2656 2696 caveas
2693 2655 2888 2696 eorum
2923 2648 3137 2706 evertat
3162 2639 3237 2693 ita
3284 2647 3346 2694 ut
3375 2639 3467 2695 ni-
3524 2668 3529 2675 -

1897 2736 2112 2792 diﬁcari
2164 2736 2364 2791 ibidem
2403 2750 2508 2790 non
2546 2734 2820 2803 possint);
2868 2732 3019 2787 falsa
3055 2731 3463 2796 accusationes,

1891 2843 2032 2899 quas
2069 2834 2388 2882 exsecratus
2419 2840 2647 2896 magnus
2671 2822 2845 2880 Judex
2872 2838 2976 2891 nos
2996 2822 3296 2894 judicavit;
3326 2837 3460 2878 usu-

1891 2936 1965 2975 rae
1985 2921 2289 2977 immodicae
2304 2918 2656 2989 pecuniarum
2677 2924 2871 2972 mutuo
2882 2927 3243 2984 sumptuum,
3258 2914 3463 2985 quibus

1892 3011 2147 3067 homines
2177 3010 2453 3081 simplices
2480 3016 2535 3063 et
2559 3023 2738 3063 rerum
2768 3007 3037 3078 angustiis
3067 3007 3249 3073 vexati
3268 3005 3457 3076 oppri-

239 3106 325 3158 ἐπὶ
346 3102 459 3177 δίκῃ
515 3104 889 3173 συκοφαντίαι,
928 3105 995 3168 ἃς
1044 3105 1431 3177 ὑπερμισήσας
1474 3106 1507 3158 ὁ
1553 3106 1783 3173 δίκαιος,

1896 3103 2206 3170 mebantur,
2241 3115 2478 3172 quorum
2515 3101 2660 3155 Deus
2710 3100 3011 3169 sospitator
3061 3098 3347 3161 misertus,
3379 3099 3463 3152 la-

242 3195 531 3248 ὲδικαίωσεν
569 3197 737 3266 ἡμᾶς,
772 3192 854 3258 οἷς
901 3196 1003 3249 οὐκ
1035 3194 1103 3250 ἂν
1133 3196 1495 3266 συκοφαντίαν
1540 3213 1788 3271 προηγη-

245 3287 462 3358 σαμένην
505 3288 935 3358 ἐπικαλέσαιμεν
958 3304 973 3320 ο
1005 3288 1054 3340 οί
1076 3288 1169 3341 ὲπί
1191 3287 1516 3358 δανείσμασι
1543 3290 1786 3359 μετρίοις

245 3376 561 3447 ἀσύμμετροι
577 3381 675 3433 καὶ
701 3379 890 3452 βαρεῖς
920 3379 1093 3444 τόκοι,
1127 3374 1209 3442 οἷς
1234 3380 1283 3432 οἰ
1316 3380 1627 3449 ἀπάλαμνοι
1661 3396 1788 3434 κατ-

248 3469 508 3524 επονοῦντο
552 3473 647 3524 καὶ
688 3473 975 3543 ἀπέριττοι
1017 3472 1112 3525 καὶ
1157 3471 1629 3541 ἀπεριουσίαστοι,
1689 3471 1782 3535 οὒς

247 3559 451 3631 ἐλεήσας
491 3567 520 3619 ὁ
550 3565 619 3618 τά
667 3564 878 3636 ἐλαφρὰ
904 3564 1173 3636 φορτίζων
1221 3565 1374 3631 Θεὸς,
1408 3567 1504 3619 καὶ
1537 3567 1664 3629 τοὺς
1692 3582 1781 3619 κο-

1892 3199 2152 3252 borantes
2179 3207 2232 3252 et
2260 3199 2518 3251 oneratos
2549 3190 2614 3246 ad
2649 3191 2885 3261 quietem
2929 3189 3164 3258 invitat,
3217 3189 3458 3261 gladium

1889 3287 2149 3358 utrinque
2200 3301 2474 3341 exacuens
2524 3292 2587 3338 ut
2623 3284 2751 3341 talis
2795 3283 2962 3354 prolis
3009 3292 3217 3354 patrem
3265 3285 3457 3349 orbet;

1887 3380 1977 3449 qui
2008 3394 2038 3434 a
2068 3368 2340 3448 principio
2372 3391 2401 3430 a
2430 3384 2586 3446 patre
2625 3376 2774 3446 gigni
2821 3390 2935 3431 non
2965 3374 3234 3429 debebant
3260 3391 3274 3439 ;
3307 3376 3456 3445 quod

1891 3481 2070 3525 autem
2103 3468 2171 3524 de
2201 3483 2262 3522 re
2295 3464 2556 3538 penuaria
2594 3473 2879 3531 metuant,
2924 3465 3065 3520 inter
3104 3480 3294 3522 omnes
3324 3480 3459 3521 con-

1889 3569 2016 3615 Stal.

249 3655 461 3720 πιῶντας
520 3661 614 3712 καὶ
674 3659 1138 3730 πιφορτισμένους
1196 3658 1641 3728 προκαλούμενος
1703 3661 1783 3721 εἰς
1822 3656 2155 3719 ἀνάπαυσιν,
2205 3653 2481 3723 μάχαιραν
2535 3652 2910 3722 κατηκόντισεν
2960 3650 3157 3715 ἔξωθέν
3227 3668 3286 3705 τε
3363 3650 3458 3705 καὶ

249 3742 457 3812 ἔσωθεν,
492 3746 826 3802 ἀτεκνοῦσαν
875 3749 1003 3812 τοὺς
1062 3746 1157 3800 τοῦ
1222 3749 1465 3802 τοιούτου
1507 3750 1668 3803 τόκου
1738 3748 2012 3818 πατέρας·
2042 3746 2091 3800 οἳ
2144 3744 2279 3816 μηδὲ
2326 3744 2426 3813 τὴν
2472 3743 2650 3813 ἀρχὴν
2699 3744 2973 3811 σπαρῆναι
3023 3745 3160 3813 πρὸς
3210 3743 3459 3813 πατέρων

251 3836 449 3907 ὤφειλον
474 3854 488 3870 ⁶
510 3843 562 3894 εἰ
590 3842 649 3895 δὲ
678 3843 776 3897 καὶ
802 3843 868 3896 ἐκ
892 3841 998 3895 τῶν
1026 3842 1291 3915 ταμιείων
1315 3843 1478 3911 φόϐος
1548 3845 1674 3905 τοὺς
1723 3843 2001 3904 τοιούτους
2031 3842 2177 3910 ἔσχε,
2210 3842 2302 3893 καὶ
2333 3840 2556 3909 οἰδαμεν
2588 3841 2683 3892 καὶ
2713 3840 2908 3893 οἴδασι.

317 3941 436 4005 ρμε⁹.
477 3936 904 4008 Προσλογιστέον
934 3937 1044 3999 τοῖς
1077 3935 1301 4007 φαύλοις
1341 3937 1401 3989 ὲν
1429 3938 1561 4005 ἡμῖν
1589 3936 1791 3998 αἰτίοις

254 4028 334 4080 καὶ
346 4029 399 4083 τὸ
419 4029 512 4098 τῆς
532 4028 716 4100 φιλίας
745 4027 1232 4101 εὐπεριφρόνητον,
1254 4028 1350 4081 καὶ
1372 4028 1432 4081 οὐ
1463 4026 1782 4097 μακρόϐιον,

256 4117 348 4171 ἀλλ’
372 4121 668 4193 ἐφήμερον·
702 4119 831 4175 ὅθεν
861 4119 1213 4189 κεκινημένοι
1250 4121 1315 4179 τὶ
1347 4119 1541 4189 άγριον
1574 4117 1789 4189 βάρϐαα

260 4209 574 4277 ρονδιέθεντο
600 4212 682 4273 εἰς
727 4211 875 4283 ἡμᾶς
918 4209 989 4264 τά
1024 4209 1115 4264 διὰ
1134 4210 1259 4281 ⁸βίου
1300 4202 1779 4282 θρηνηθησόμενα.

259 4297 555 4357 Συντακτέον
605 4303 822 4366 τούτοις
850 4304 944 4357 καὶ
988 4302 1050 4355 τὸ
1087 4302 1406 4373 ἀχάριστον,
1445 4303 1540 4356 καὶ
1565 4302 1783 4372 ἁπάσης

259 4392 443 4463 χάριτος
487 4395 865 4465 εὐεπίληστον,
904 4395 1001 4449 καὶ
1041 4389 1153 4448 οἷον
1202 4395 1456 4465 θνήσκειν
1502 4394 1666 4466 ταχὺ,
1712 4394 1787 4455 ὡς

1962 3935 2086 3990 145.
2114 3932 2259 3987 Inter
2283 3940 2499 4002 peccata
2521 3938 2708 3988 nostra
2742 3931 3108 3987 recensendas
3130 3933 3273 3989 venit
3293 3935 3459 3990 etiam

1891 4026 2146 4085 amicitiae
2180 4032 2529 4094 contemptus
2559 4031 2616 4079 et
2665 4022 2790 4079 vitae
2834 4024 3099 4091 brevitas,
3145 4026 3345 4096 quibus
3379 4029 3462 4084 in-

1893 4118 2204 4175 humanitas
2229 4117 2432 4189 jugiter
2450 4115 2779 4187 deploranda
2810 4117 2969 4173 nobis
2998 4117 3162 4173 insita
3182 4126 3287 4175 est.
3308 4121 3464 4177 Adde

1895 4211 2001 4266 huc
2032 4209 2199 4265 animi
2230 4194 2674 4278 ingratitudinem
2702 4216 2758 4263 et
2802 4208 2985 4265 omnis
3023 4211 3214 4279 gratia:
3259 4212 3460 4268 absen-

1897 4303 2058 4367 tiam,
2079 4301 2151 4355 ita
2174 4308 2237 4354 ut
2257 4298 2420 4357 citius
2452 4300 2715 4359 moriatur
2734 4299 2930 4370 aliquis
2950 4317 3111 4371 quam
3140 4312 3201 4358 ut
3229 4303 3461 4372 proximi

1899 4394 1983 4448 sui
2015 4407 2139 4446 eum
2174 4391 2446 4453 misereat,
2476 4389 2627 4458 quia,
2666 4400 2726 4444 ut
2761 4398 2844 4446 est
2874 4390 2926 4445 in
2957 4384 3260 4460 proverbio,
3286 4396 3460 4465 gratia

259 4480 356 4549 ἅμα
382 4485 632 4556 ἠλεῆσθαί
680 4503 825 4550 τινα,
868 4485 963 4540 καὶ
989 4486 1244 4540 τεθνάναι
1285 4487 1383 4555 τὴν
1434 4486 1613 4558 χάριν,
1645 4487 1787 4540 κατά

1896 4492 2138 4538 emortua
2175 4492 2279 4538 est.
2308 4482 2476 4551 Igitur
2506 4483 2651 4540 Deus
2697 4484 2991 4554 gratiarum
3031 4484 3260 4541 chorum
3296 4487 3462 4542 nobis

258 4572 336 4644 τὴν
374 4578 687 4648 παροιμίαν.
720 4578 813 4632 Διὸ
863 4578 1115 4649 ἥρπασεν
1142 4579 1171 4630 ὁ
1202 4578 1333 4641 Θεὸς
1363 4579 1457 4647 ἀφ’
1503 4577 1661 4649 ἡμῶν
1688 4578 1787 4641 τὰς

261 4668 472 4736 χάριτας,
496 4665 584 4734 αἷς
606 4673 672 4723 ὲκ
706 4669 923 4742 μακροῦ
943 4671 1005 4723 τὸ
1023 4669 1148 4725 καθ’
1173 4671 1318 4740 ἡμᾶς
1343 4670 1501 4740 λάχος
1523 4668 1784 4741 ὠράῖστο.

262 4756 643 4832 Προστραπτέον
666 4761 840 4815 καὶτὸ
862 4761 1083 4833 ἁνηλεὲς
1099 4762 1192 4814 ἐπὶ
1211 4763 1335 4826 τοὺς
1353 4759 1523 4831 βραχύ
1544 4777 1597 4812 τι
1616 4775 1788 4830 προσο

261 4854 535 4920 κρούοντας,
562 4857 624 4923 ἐξ
647 4847 709 4908 οὗ
740 4855 802 4907 τὸ
839 4853 1183 4926 καταρρίψαν
1217 4854 1367 4922 ἡμᾶς
1405 4853 1530 4923 άρτι
1561 4851 1787 4921 ἀνηλεὲς

260 4944 307 4994 τὸ
345 4946 703 5003 δικαιότατονο
733 4949 892 5016 εἰπερ
939 4950 1001 5000 οὑ
1039 4947 1213 5016 μικρά
1254 4963 1377 4998 τινα
1420 4947 1604 5014 ἡμεῖς,
1648 4944 1783 4996 ἀλλὰ

264 5038 399 5107 μυρία
428 5041 952 5112 προσκεκρουκότες,
976 5037 1037 5091 οὐ
1066 5036 1304 5091 τοσαῦτα
1331 5037 1570 5104 τίνομεν.
1610 5037 1784 5107 Προσ-

264 5129 549 5202 ενθυμητέον
595 5134 698 5201 οὐχ
723 5131 925 5200 ἣκιστα
960 5129 1056 5181 καὶ
1081 5126 1179 5196 τὴν
1200 5127 1310 5179 τῶν
1338 5126 1496 5179 θείων
1528 5143 1589 5179 πε
1601 5127 1786 5196 ριφρό-

264 5233 406 5286 νησιν,
431 5222 487 5275 τὸ
512 5223 807 5294 χείριστον,
840 5221 936 5273 καὶ
954 5219 1046 5271 τὸν
1078 5218 1164 5272 ἐπ’
1196 5219 1378 5279 αὐτοῖς
1403 5217 1597 5285 γέλων,
1630 5216 1689 5279 ἐξ
1712 5210 1786 5267 ὧν

245 5316 762 5388 ,περιταφρονήμεθῳ
808 5315 871 5369 οὐ
903 5313 1039 5384 πρὸς
1078 5310 1419 5379 κατάγελων,
1467 5309 1602 5363 ἀλλὰ
1648 5308 1783 5375 πρὸς

264 5398 468 5474 ὄλεθρον.
501 5402 572 5459 Ἦ
609 5407 720 5476 γὰρ
751 5407 851 5459 οὐκ
883 5405 1104 5475 οἴδαμεν
1147 5403 1275 5466 τοὺς
1305 5405 1363 5455 ὲν
1404 5403 1536 5472 ἡμῖν
1564 5401 1788 5471 ὀρογλυ-

268 5490 464 5559 φοῦντας
490 5498 557 5551 τὰ
592 5499 700 5552 τῶν
723 5498 916 5566 ἁγίων,
946 5498 1041 5551 καὶ
1071 5496 1501 5565 ὑποσπωμένους
1539 5495 1676 5548 αὐτὰ
1706 5493 1786 5558 εἰς

1892 4574 2092 4641 eripuit
2122 4589 2247 4644 quae
2285 4574 2419 4630 sorti
2451 4581 2654 4630 nostrae
2693 4575 2975 4630 associatae
3005 4576 3245 4633 fuerant.
3277 4580 3462 4633 Annu-

1906 4665 2146 4721 mcrabis
2197 4679 2362 4736 porro
2392 4667 2573 4720 cordis
2604 4664 2862 4719 duritiem
2902 4666 2957 4719 in
2998 4681 3095 4722 eos
3136 4668 3229 4737 qui
3270 4669 3462 4726 leviter

1896 4744 1996 4812 nos
2031 4753 2402 4818 oﬂ‘enderunt,
2453 4754 2544 4809 ubi
2590 4754 3044 4810 immisericordia
3098 4770 3198 4827 pro
3245 4756 3460 4825 iustitia

1894 4846 2160 4912 habetur;
2196 4860 2303 4900 non
2332 4847 2477 4899 enim
2512 4853 2720 4899 tantum
2767 4845 3056 4916 plectimur
3088 4849 3180 4918 qui
3212 4863 3318 4907 non
3361 4864 3459 4922 pa.

1891 4952 2035 5003 rum,
2091 4937 2185 4994 sed
2242 4936 2481 5007 graviter
2531 4936 2799 4993 laesimus.
2851 4937 3147 4995 Addendus
3190 4942 3462 5013 praecipue

1892 5045 2074 5085 rerum
2104 5030 2414 5084 divinarum
2446 5039 2791 5100 contemptus
2818 5041 2875 5087 et
2902 5032 3071 5099 risus,
3107 5035 3343 5103 pessima
3375 5050 3462 5091 res

1893 5125 2174 5191 omnium;
2206 5138 2306 5180 nos
2335 5123 2479 5178 cnim
2524 5135 2575 5180 et
2621 5124 2723 5194 ipsi
2760 5133 3131 5196 contemptum
3168 5126 3459 5197 patiemur,

1894 5217 1989 5272 sed
2025 5231 2132 5271 non
2179 5216 2315 5282 risu,
2356 5223 2411 5269 at
2470 5215 2637 5271 exitio
2680 5218 3108 5273 terminandum.
3149 5217 3267 5274 Non
3316 5218 3460 5274 enim

1892 5309 2147 5362 novimus
2181 5322 2278 5363 eos
2310 5308 2404 5376 qui
2454 5322 2542 5363 res
2587 5321 2777 5363 sacras
2820 5307 3094 5365 deﬁniunt
3139 5326 3343 5381 easque
3393 5314 3460 5365 ad

1890 5414 2045 5456 suam
2075 5400 2449 5455 haereditatem
2487 5401 2784 5467 trahentes,
2827 5410 2882 5456 et
2914 5403 3222 5473 gloriantur
3265 5404 3460 5473 jejunii

1890 5492 2173 5563 privilegio
2197 5508 2225 5546 a
2258 5491 2369 5547 Deo
2391 5492 2540 5548 dato.

269 5587 614 5664 κληρονομίαν,
672 5595 766 5647 καὶ
817 5595 1231 5664 καυχωμένους,
1275 5592 1371 5658 ὡς,
1421 5591 1506 5661 ἐφ’
1573 5587 1649 5655 οἷς
1702 5592 1835 5659 Θεὸς
1893 5589 2098 5644 ὑπνοῦν
2138 5590 2540 5659 προσποιεῖται,
2580 5590 2779 5654 αὐτοὺς
2830 5592 3123 5662 νηφαλίους
3175 5588 3334 5651 ὄντας
3365 5590 3460 5641 καὶ

273 5698 306 5732 π
317 5689 595 5751 summotis.

510 5786 765 5849 Pnnoc.
818 5786 932 5848 Gn.
978 5780 1294 5845 CXXXVI.

3028 5776 3059 5834 5
