3950 6242
202 337 280 400 141
1091 326 1482 390 LAUDATIO
1525 326 1589 386 S.
1625 323 2050 384 PHILOTHEI
2078 320 2492 384 OPSICIANI.

3320 318 3416 378 142

202 469 3408 520 Μ

1473 668 1618 780 EJ
1635 664 2100 782 USDEM

648 937 1264 1065 LAUDATIO
1338 938 1432 1028 S.
1528 934 2204 1029 PHILOTHEI
2259 932 2958 1026 'OPSICIANI.

207 1307 296 1362 Τοῦ
316 1304 496 1360 αὐτοῦ
524 1303 708 1370 Λόγος
730 1301 1163 1376 ἐπελευστικὸς
1178 1301 1449 1376 ,βίουλτοῦ
1473 1304 1623 1376 κτιτᾴ
1644 1303 1751 1354 τὸν

1871 1302 2110 1376 Ejusdem
2135 1317 2302 1376 sermo
2327 1300 2645 1376 memorialis
2678 1276 2998 1376 vitiesuucti
3033 1300 3294 1376 Philotimi
3318 1306 3428 1376 0p.

257 1459 525 1500 Ψιλουεου
560 1459 861 1511 μοναχου,
909 1459 1131 1508 ανορος
1172 1459 1348 1504 αςιου
1391 1459 1601 1510 .wrov,
1642 1459 1746 1495 του

255 1516 338 1569 καί
379 1512 920 1581 προκαλεσαμένου
959 1513 1047 1576 εὶς
1087 1511 1314 1576 ταύτην
1346 1511 1463 1578 τὴν
1490 1513 1746 1581 γραφήν.

259 1637 318 1682 α’.
362 1629 423 1681 Δί
464 1627 608 1696 πρὸς
647 1625 900 1694 αἴσθησιν
946 1625 1240 1695 μέλισσαι,
1271 1627 1359 1680 ὅτε
1406 1626 1632 1681 λύουσαι
1684 1631 1752 1682 τὰ

203 1724 351 1792 πτερὰ
383 1719 646 1788 φοιτῶσιν
687 1720 766 1780 εἰς
801 1718 1104 1786 λειμῶνας,
1137 1716 1261 1772 οὔτε
1299 1720 1474 1773 πᾶσαι
1507 1723 1619 1784 τοῖς
1653 1721 1751 1775 ἄν·

202 1817 323 1868 θεσιν
367 1813 509 1874 ὅλοις
560 1809 1009 1880 ὲωσχολοῦνταιζ
1067 1811 1188 1864 οὐδὲ
1239 1813 1346 1881 μὴν
1401 1811 1540 1876 εἶδος
1589 1816 1648 1868 ἓν
1697 1833 1752 1868 τι

203 1903 602 1971 ἀπολεξάμεναι,
646 1899 745 1970 τὴν
790 1899 1095 1968 σκευωρίαν
1135 1901 1345 1953 ἐκεῖθεν
1394 1902 1487 1955 τοῦ
1537 1904 1754 1972 μέλιτος

202 1994 509 2062 ὲρσνὶζονται
532 2033 549 2057 ,
583 1991 723 2044 ἀλλὰ
777 1993 870 2044 καὶ
910 1993 1073 2045 πᾶσιν
1107 1991 1324 2045 ἄνθεσιν
1368 1993 1712 2063 ὲμμελετῶσι
1735 2011 1750 2026 ο

202 2090 278 2141 καὶ
301 2090 349 2140 ai
380 2088 476 2154 μὲν
512 2084 790 2150 ἐντεῦθεν,
829 2087 885 2138 at
913 2085 957 2137 δ’
994 2084 1207 2138 ἐκεῖθεν
1237 2085 1297 2138 τὸ
1328 2087 1599 2156 χρήσιμον
1634 2088 1755 2140 ὲπι-

203 2179 452 2246 λέγονται,
501 2175 832 2247 φιληδοῦσαι
869 2177 969 2245 μὲν
1005 2179 1074 2248 τῇ
1111 2177 1378 2232 πάντοθεν
1423 2177 1752 2248 ἁνθολογίᾳ,

205 2269 500 2336 συνάγουσαι
531 2269 590 2322 δὲ
611 2269 743 2338 ἄλλη
776 2268 926 2332 ἄλλο,
957 2269 1052 2321 καὶ
1084 2269 1228 2322 οὕτω
1261 2269 1519 2331 ποικίλως
1553 2269 1755 2323 πονού-

205 2377 361 2429 μεναι.
416 2361 522 2414 Τὸν
576 2360 741 2413 αὑτὸν
791 2357 855 2428 δὴ
903 2358 1062 2426 λόγον
1117 2361 1212 2414 καὶ
1265 2363 1324 2413 αἱ
1379 2361 1515 2430 πρὸς
1571 2361 1755 2431 νόησιν

206 2451 425 2519 μέλισσαι
445 2491 463 2516 ,
503 2452 562 2503 oti
592 2450 685 2504 τὸν
717 2449 936 2518 ἀληθῶς
961 2449 1178 2520 ἔλλογον
1210 2452 1453 2523 ἐργάτην
1492 2452 1588 2506 τοῦ
1618 2452 1754 2506 Θεοῦ

205 2543 264 2614 μὴ
300 2544 661 2612 ψευδόμεναι,
696 2541 1181 2611 σιμὸλοποιοῦνται
1227 2543 1327 2614 τὴν
1356 2544 1501 2598 κατὰ
1535 2544 1756 2615 πνεῦμα

205 2637 494 2706 γλυκύτητα
527 2636 742 2698 ἑαυτοῖς
779 2634 1145 2703 πανταχόθεν,
1175 2635 1302 2698 τοὺς
1341 2635 1520 2705 ἱεροὺς
1553 2635 1758 2705 λειμῶ-

205 2745 284 2790 νας
310 2729 758 2797 περιπετόμεναι,
791 2725 885 2780 καλ⁸
914 2726 975 2794 τό
1005 2727 1171 2781 καλὸν
1200 2727 1623 2792 ἀπανθίζουσιν,
1661 2729 1756 2797 οὐχ

201 2819 289 2886 ὅπη
313 2821 470 2888 τύχῃ,
497 2817 642 2886 λόγῳ
671 2817 880 2885 ζιυῐκῆς
914 2818 1215 2884 φαντασίας
1245 2818 1596 2888 ρεμδόμενοι,
1622 2819 1760 2874 ἀλλὰ

203 2909 322 2961 κατὰ
351 2909 538 2978 σκέψιν
572 2908 847 2977 σταθερὰν
881 2909 972 2962 καὶ
999 2908 1332 2979 διάρθρωσιν
1352 2910 1580 2964 δέουσαν
1598 2910 1758 2980 ἀκρι-

203 2997 395 3062 6οῦντες
441 2999 504 3051 τὺ
542 2999 919 3069 ἁνθολόγημα.
967 3001 1079 3052 Καὶ
1131 2999 1276 3053 οὕτω
1319 3001 1758 3070 κατεργάζονται

207 3088 485 3157 μελίσσειον
537 3090 768 3161 κηρίον.
825 3089 852 3141 ὃ
901 3091 1047 3158 φιλεῖ
1095 3089 1194 3159 μὲν
1244 3092 1340 3144 καὶ
1373 3091 1516 3158 ᾏΘεὶος
1573 3093 1758 3160 αὒτδςν

203 3183 550 3247 ἀποστολικῶς
599 3182 754 3252 αὐτῷ
798 3183 1269 3253 παρατιθέμενον,
1311 3184 1528 3251 φιλοῦσι
1569 3185 1628 3238 δὲ
1664 3187 1760 3238 καὶ

206 3271 460 3341 ἄνθρωποι
490 3273 784 3341 θεοφιλεῖς,
815 3275 893 3334 είς
925 3273 1141 3341 ὑγίειαν
1174 3276 1630 3344 προσφερόμενοι,
1659 3276 1757 3345 βα-

206 3365 346 3427 σιλεῖς
374 3383 431 3418 τε
463 3368 555 3419 καὶ
582 3365 761 3429 ἄλλως
792 3365 1078 3434 ἄρχοντες,
1102 3366 1198 3418 καὶ
1226 3365 1333 3436 μὴν
1361 3367 1456 3420 καὶ
1483 3368 1718 3437 πένητες
1741 3385 1756 3398 ⁸

204 3450 332 3508 οὗτοι
384 3457 507 3525 μὲν,
553 3459 674 3510 ὅσοι
721 3458 1191 3527 ἀπεριουσιάστως
1239 3457 1420 3527 ἔχουσι
1463 3457 1557 3511 τοῦ
1601 3458 1760 3522 θείως

205 3547 538 3610 γλυκὰζεσθαι
565 3547 654 3600 διὰ
677 3548 736 3600 τὸ
763 3549 908 3600 κατὰ
927 3549 1051 3600 νοῦν
1073 3548 1396 3616 ἀπέριττον,
1423 3549 1758 3620 ἀρκούμενοι

205 3637 488 3708 ἁκροθιγῶς
524 3639 681 3694 αὐτοὶ
724 3638 940 3708 μέλιτος
979 3637 1210 3692 τοιοῦτοι
1244 3641 1520 3706 γεύεσθαι,
1553 3641 1583 3692 ὃ
1623 3642 1759 3711 πρό-

204 3744 370 3798 χειρον
401 3731 498 3798 μὲν
531 3733 626 3782 καὶ
659 3728 884 3793 εὔωνον,
918 3730 1092 3792 ἄλλως
1124 3730 1181 3782 δὲ
1215 3731 1586 3801 πολυτίμητον
1607 3747 1621 3763 ³
1657 3734 1760 3802 ἄρ-

205 3837 367 3889 χοντες
395 3822 450 3874 δέ
479 3839 543 3890 γε
579 3821 669 3874 καὶ
695 3821 962 3891 βασιλεῖς,
994 3816 1075 3883 οἷς
1092 3820 1353 3876 καὶ·ἇλλα
1378 3822 1477 3891 μὲν
1503 3823 1758 3889 πρόσεστι

205 3913 538 3984 γλυκὰσματα
576 3914 666 3967 διὰ
705 3912 1082 3982 πολυμάθειαν
1127 3913 1220 3965 καὶ
1261 3913 1582 3982 περιουσίαν
1620 3912 1762 3979 γνώ-

1921 1372 2130 1434 δὶσίαηὶ,
2162 1372 2334 1424 dictus
2369 1372 2422 1424 in
2448 1387 2671 1438 persona
2694 1371 2961 1426 Philotimi
3000 1373 3262 1438 monachi,
3324 1371 3427 1431 viri

1925 1442 2170 1509 spectati,
2233 1443 2342 1514 qui
2379 1450 2429 1493 et
2483 1444 2677 1494 huncce
2749 1452 3033 1498 tractatum
3083 1450 3429 1514 componendi

1921 1528 2108 1565 ansam
2143 1511 2390 1579 prwbuit.

1923 1625 1973 1676 l.
2015 1622 2316 1678 Sensibiles
2343 1637 2492 1691 apes,
2527 1638 2677 1688 cum,
2710 1627 2996 1694 explicatis
3029 1631 3148 1697 alis,
3188 1633 3241 1686 in
3271 1642 3431 1702 prata

1855 1711 2128 1777 feruntur,
2167 1726 2275 1766 non
2310 1725 2500 1768 omnes
2531 1713 2788 1768 omnibus
2817 1730 3149 1786 occupantur
3181 1721 3428 1785 ﬂoribus,

1856 1817 2052 1870 neque,
2088 1802 2294 1876 selecto
2340 1803 2574 1870 quodam
2621 1804 2754 1862 ﬂore
2781 1809 3020 1878 egregio,
3059 1810 3109 1864 in
3165 1812 3265 1867 hoc
3314 1815 3433 1869 solo

1863 1893 2229 1960 delectantur,
2256 1905 2311 1948 et
2337 1896 2589 1949 certatim
2615 1898 2720 1950 mel
2752 1900 3031 1967 hauriunt,
3065 1905 3157 1957 sed
3182 1917 3236 1958 et
3261 1920 3430 1961 cunc-

1855 1986 1924 2040 tis
1948 1986 2224 2052 indulgent
2250 1986 2494 2051 ﬂoribus,
2512 1998 2566 2041 et
2589 1988 2701 2042 hac
2724 1991 2938 2060 quidem
2964 1992 3114 2056 hinc,
3141 1996 3226 2048 illa
3247 2006 3428 2052 autem

1857 2077 2029 2144 illinc,
2050 2078 2194 2147 quod
2226 2078 2356 2132 utile
2384 2088 2464 2133 est
2487 2080 2717 2149 eligunt,
2740 2082 3143 2150 universorum,
3170 2101 3287 2155 qua:
3306 2103 3432 2158 pas-

1855 2168 1957 2223 sim
1983 2177 2136 2233 sunt,
2167 2167 2356 2224 ﬂorum
2397 2179 2570 2240 captae
2624 2172 2926 2241 voluptate,
2977 2176 3072 2249 sed
3122 2177 3266 2232 aliud
3315 2180 3433 2235 alia:

1857 2260 2194 2328 colligentes,
2221 2271 2383 2330 atque
2409 2261 2482 2314 ita
2508 2262 2659 2317 varie
2688 2263 3018 2320 laborantes.
3045 2267 3243 2324 Eadem
3267 2270 3433 2325 etiam

1858 2353 2086 2417 ratione,
2131 2353 2522 2409 intellectuales
2557 2369 2710 2423 apes,
2761 2371 2880 2425 quae
2914 2373 3042 2414 vere
3091 2362 3434 2427 spiritualem

1860 2445 2168 2513 operarium
2202 2443 2292 2498 Dei
2325 2458 2432 2498 non
2460 2443 2822 2511 frustrantur,
2853 2447 3152 2514 Spiritualis
3185 2453 3288 2507 mel
3316 2454 3437 2509 dul-

1860 2537 2066 2592 cedinis
2104 2536 2206 2592 sibi
2238 2537 2478 2605 undique
2503 2537 2790 2608 colligunt,
2831 2554 2988 2595 sacra
3023 2553 3174 2609 prata
3203 2545 3438 2601 circum-
3481 2530 3486 2534 ’

1792 2663 1831 2716 Β
1861 2626 2126 2692 volantes,
2152 2636 2208 2682 et
2232 2628 2373 2696 quod
2405 2627 2694 2697 pulchrum
2730 2638 2816 2682 est
2845 2631 3164 2700 decerpunt,
3189 2650 3298 2689 non
3323 2637 3438 2692 for-

1863 2719 2020 2782 tuito,
2055 2720 2344 2774 vivacitate
2398 2719 2806 2789 imaginationis
2837 2722 2942 2778 huc
2993 2726 3080 2778 vel
3123 2724 3248 2782 iliue
3274 2741 3434 2796 aette,

1862 2813 1956 2866 sed
1979 2812 2136 2880 juxta
2166 2812 2376 2866 ﬁrmam
2409 2812 2951 2881 circuntspectionem
2984 2824 3041 2870 et
3091 2820 3438 2886 explanatio-

1864 2918 1986 2958 nem
2018 2904 2356 2960 commodam
2388 2902 2712 2973 ﬂorilegium
2743 2907 3119 2976 exquirentes.
3143 2911 3217 2964 Et
3251 2912 3324 2965 ita
3357 2913 3438 2968 cf-

1865 2994 2052 3050 ﬁciunt
2106 2995 2360 3050 melleum
2411 2997 2590 3050 favum
2625 3038 2641 3066 ,
2689 3014 2855 3067 quem
2910 3000 3051 3054 Deus
3094 3001 3207 3070 ipse
3261 3013 3429 3069 amat,

1865 3090 2164 3157 apostolico
2218 3091 2267 3144 ei
2309 3089 2638 3158 appositum,
2675 3106 2836 3158 quem
2891 3103 3076 3148 amant
3119 3096 3284 3149 etiam
3332 3097 3439 3151 IIO".

1864 3183 2033 3238 mines
2057 3183 2152 3252 pii,
2181 3183 2246 3236 ad
2281 3183 2568 3238 sanitatem
2603 3184 3438 3254 recuperandam,occurrentes.

1862 3287 2124 3343 regesque
2185 3282 2240 3329 et
2278 3275 2552 3344 principes
2585 3315 2600 3340 ,
2642 3277 2749 3332 imo
2779 3289 2829 3332 et
2862 3294 3164 3348 pauperes;
3206 3283 3259 3337 hi
3317 3285 3437 3353 qui-

1862 3365 2005 3429 dem,
2050 3365 2360 3435 quicunque
2389 3366 2458 3420 ob
2489 3367 2859 3438 intelligentiae
2899 3373 3328 3430 mediocritatem
3353 3377 3438 3432 di-

1862 3456 2047 3510 vinam
2076 3457 2415 3513 dulcedinem
2453 3473 2616 3528 parce
2647 3461 2995 3516 hauriendam
3029 3464 3251 3531 habent,
3306 3483 3440 3522 con-

1874 3550 2008 3604 tenti
2037 3550 2082 3604 si
2115 3549 2306 3604 leviter
2365 3559 2572 3605 tantum
2623 3553 2726 3607 mel
2761 3565 2978 3623 gustent
3022 3556 3177 3624 illud,
3207 3561 3350 3628 quod
3381 3560 3437 3614 in

1863 3649 2123 3710 promptu
2156 3650 2240 3696 est
2283 3650 2339 3697 et
2371 3642 2492 3697 vilis
2526 3646 2709 3714 pretii,
2737 3645 2862 3702 licet
2905 3648 2956 3702 in
2997 3663 3057 3703 se
3104 3651 3435 3718 pretiosum:

1867 3731 2140 3800 principes
2186 3741 2365 3788 autem
2398 3744 2452 3790 et
2484 3751 2660 3805 reges,
2699 3739 2900 3805 quibus
2927 3748 2982 3793 et
3008 3739 3126 3794 aliae
3152 3757 3282 3796 sunt
3311 3743 3439 3799 dul-

1867 3821 2087 3878 cedines
2111 3824 2180 3878 ob
2209 3825 2500 3878 multarum
2529 3842 2708 3880 rerum
2744 3827 3050 3882 doctrinam
3075 3839 3130 3884 et
3157 3832 3439 3888 abundau-

1864 3913 1991 3967 tiam
2015 3915 2320 3983 sapientiae,
2347 3916 2559 3983 qualem
2589 3917 2816 3972 scientia
2848 3920 3094 3987 locuples
3115 3922 3195 3977 eis
3213 3925 3437 3993 copioso

209 4023 351 4072 σεως,
381 4009 571 4062 ὁποίαν
601 4011 635 4079 ή
669 4009 838 4079 συχνὴ
871 4008 1111 4078 μάθησις
1143 4008 1325 4070 αὐτοῖς
1353 4008 1672 4078 θησαυρίζει
1699 4009 1756 4071 ἐς

1871 4007 2218 4061 thesaurizat.
2272 4008 2557 4076 Expetitur
2613 4018 2795 4064 tamen
2836 4011 2993 4068 valde
3048 4014 3271 4070 nimium
3325 4019 3436 4074 mel

204 4096 426 4166 δαψιλές.
458 4098 712 4152 Ποθεῖται
743 4099 800 4151 δὲ
832 4099 982 4167 ὅμως
1015 4098 1396 4167 ὑπερμὰλιστα
1426 4097 1487 4149 τὸ
1519 4097 1755 4164 εὐαγγε-

204 4188 336 4242 λιιιὸν
375 4192 509 4260 μέλι,
546 4191 607 4244 τὸ
643 4192 734 4244 κω
769 4190 1096 4258 ἀξιέραστον
1117 4230 1134 4253 ,
1166 4187 1264 4241 καὶ
1296 4188 1574 4258 βασιλείας
1606 4187 1756 4252 ἄξιον

205 4281 289 4349 τῆς
311 4282 489 4350 ὅντως,
518 4283 645 4336 ἐπεὶ
678 4283 774 4335 καὶ
804 4283 837 4352 ἡ
869 4280 990 4335 κατ’
1013 4281 1146 4334 αὐτὸ
1167 4279 1346 4349 ὑγίεια
1375 4280 1757 4336 καὶεύπάθεια

205 4373 273 4434 εἰς
294 4372 559 4441 βασιλείαν
587 4374 840 4442 οὐράνιον
868 4371 1124 4441 ῥώννυσι.

267 4463 327 4534 β’.
353 4466 484 4532 Πρὸς
508 4465 806 4535 ὁμοιότητα
825 4463 956 4532 γοῦν
982 4464 1242 4533 μελίσσης
1269 4463 1484 4534 ἐκείνης
1507 4464 1598 4516 καὶ
1624 4464 1756 4530 ἐγὼ,

203 4557 290 4626 τῆς
313 4559 462 4612 τοῦτο
481 4560 578 4612 καὶ
603 4560 786 4612 έκεῖνο
817 4556 1159 4626 συναγούσης
1185 4555 1372 4624 ἄνθος,
1396 4557 1489 4609 καὶ
1518 4557 1760 4625 ἀπασχοε

204 4648 386 4720 λούσης
418 4653 616 4721 ἑαυτὴν
652 4651 733 4713 είς
781 4649 972 4703 ἄλλοτε
1010 4647 1162 4714 ἄλλο,
1195 4649 1290 4701 καὶ
1342 4648 1485 4700 οὕτω
1534 4647 1760 4716 σιμϐλο-

206 4744 516 4812 ποιουμένης
543 4743 718 4813 ἑαυτῇ
748 4757 808 4796 τε
829 4741 924 4794 καὶ
952 4740 1160 4809 ἑτέροις
1192 4740 1338 4809 μέλι,
1367 4733 1428 4792 οὗ
1453 4738 1760 4807 κεφαλαιω-

205 4831 437 4886 δέπατον
467 4835 598 4889 ἴδιον
627 4833 688 4886 τὸ
722 4833 814 4886 καὶ
846 4831 1092 4900 ὑγιάζειν
1124 4831 1216 4883 καὶ
1246 4829 1362 4897 φῶς
1393 4829 1763 4901 παρίσχεσθαι

205 4924 414 4988 ἄλυπον,
456 4927 550 4978 καὶ
600 4925 824 4996 τρέφειν
857 4925 993 4994 πρός
1038 4941 1096 4975 τε
1135 4924 1325 4993 ἡδονὴν
1357 4923 1452 4975 καὶ
1489 4921 1759 4988 ἀϐλαϐῶς,

208 5016 387 5086 ἔκρινα
415 5021 472 5072 ὲκ
506 5018 602 5072 τοῦ
636 5018 780 5089 κατὰ
819 5015 1039 5085 πνεῦμα
1075 5015 1342 5085 λειμῶνος
1385 5016 1475 5068 καὶ
1505 5014 1612 5066 τῶν
1649 5014 1764 5065 ἐκεῖ

209 5111 404 5176 μυρίων
445 5113 672 5175 ἀνθέων,
693 5106 794 5174 οἷς,
827 5109 968 5163 καθὰ
1002 5108 1151 5178 φίλον
1179 5105 1316 5176 Θεῷ,
1347 5105 1693 5174 ὲνεαρίζομεν
1714 5103 1764 5157 oi.

205 5190 388 5264 ἁγαθοὶ
410 5203 745 5272 Χριστιανοὶ,
780 5202 947 5268 φυτὸν
975 5198 1326 5262 ἐπιλέξασθαι
1363 5195 1527 5265 βρύον
1557 5196 1760 5262 καλοῖς,

207 5291 314 5343 citi
345 5310 438 5345 που
459 5297 550 5348 καὶ
575 5293 844 5363 δυναίμην
869 5308 879 5321 ·
909 5292 1005 5346 καὶ
1039 5291 1158 5360 μέλι
1185 5289 1478 5351 σκευάσας.
1511 5286 1762 5357 παραθή-

208 5397 316 5434 σειν
354 5387 454 5447 τοῖς
495 5384 812 5454 φιλοκάλοις
852 5385 990 5454 πρὸς
1032 5383 1250 5452 ἥδυσμα
1278 5381 1338 5434 τδ
1387 5379 1527 5434 κατὰ
1572 5378 1756 5448 ἰσχύν·

205 5468 427 5535 ἀξιώσας
471 5472 706 5542 ἐμαυτὸν
741 5471 927 5526 θέσθαι
960 5471 1039 5534 εἰς
1071 5470 1342 5542 τοιαύτην,
1378 5468 1639 5538 μέλισσαν
1671 5466 1759 5521 διὰ

211 5563 373 5631 μόνην
393 5565 638 5634 πρόθεσιν
659 5563 841 5618 ἔνθεον
858 5562 1138 5635 φιλεργὸν,
1159 5563 1218 5616 οὑ
1255 5563 1360 5633 μὴν
1381 5561 1514 5631 πρὸς
1534 5557 1758 5630 αὔχημα

208 5652 294 5704 καὶ
327 5653 691 5720 φιλενδειξίαν,
724 5649 792 5726 ἦς
822 5655 922 5708 οὐκ
951 5655 1058 5724 ἔχω
1089 5652 1401 5722 ἐφικέσθαι.

271 5738 344 5810 γ’.
371 5744 516 5799 Ἐστι
541 5745 594 5798 δέ
623 5762 712 5815 μοι
733 5745 794 5798 τὸ
818 5745 1006 5815 φυτὸν,
1029 5745 1086 5809 ἐξ
1109 5739 1168 5800 οὗ
1200 5743 1580 5814 σιμϐλοποιῖαν
1608 5742 1758 5799 θείαν

1861 4097 2224 4166 evangelicum
2251 4106 2306 4152 et
2335 4098 2565 4155 amabile
2606 4109 2661 4155 et
2699 4103 2814 4157 veri
2847 4105 2993 4174 regni
3022 4106 3266 4175 dignum,
3297 4125 3437 4180 quo-

1862 4190 2001 4241 niam
2031 4203 2117 4251 ea,
2147 4203 2306 4258 quam
2335 4190 2556 4260 praebet,
2585 4194 2790 4250 sanitas
2822 4205 2876 4251 et
2931 4198 3180 4269 voluptas
3233 4203 3299 4258 ad
3350 4219 3438 4260 re-

1861 4291 2024 4346 gnum
2060 4279 2284 4336 caeleste
2311 4279 2664 4337 obtinendum
2697 4286 3035 4343 corroborat.

1933 4458 1988 4511 2.
2023 4457 2142 4528 Ipse
2179 4458 2364 4527 igitur,
2403 4461 2468 4512 ad
2503 4461 2917 4520 similitudinem
2949 4466 3065 4535 apis
3094 4465 3262 4533 illius,
3299 4469 3442 4523 hunc

1865 4559 1920 4604 et
1950 4550 2101 4604 illum
2143 4549 2329 4604 ﬂorem
2368 4551 2698 4620 colligentis,
2733 4563 2786 4608 et
2809 4569 2930 4610 sese
2954 4555 3043 4609 hic
3065 4565 3120 4610 et
3153 4557 3258 4610 illic
3283 4573 3443 4612 exer-

1870 4643 2064 4707 centis,
2101 4650 2156 4697 et
2181 4643 2254 4696 ita
2285 4642 2386 4697 sibi
2407 4652 2462 4698 et
2489 4643 2610 4699 aliis
2641 4645 2746 4698 mel
2773 4646 3081 4707 condentis,
3119 4647 3278 4715 cujus
3306 4663 3442 4716 prm-

1864 4735 2019 4804 cipue
2046 4738 2321 4805 proprium
2352 4747 2436 4792 est
2481 4752 2694 4802 sanare,
2733 4737 3021 4806 Iustumque
3075 4740 3254 4794 lumen
3299 4755 3440 4810 pra;-

1867 4825 2015 4889 bere,
2053 4825 2404 4894 nutriereque
2443 4839 2563 4879 cum
2605 4825 2882 4893 voluptate
2909 4837 2966 4882 et
2997 4827 3238 4894 innoxie,
3275 4833 3441 4887 statui

1866 4930 1931 4969 ex
1955 4916 2222 4985 spirituali
2250 4926 2403 4986 prato
2425 4926 2480 4972 et
2503 4919 2803 4974 innumeris
2825 4919 2916 4989 qui
2945 4920 3016 4974 ibi
3049 4931 3174 4976 sunt
3193 4921 3440 4990 ﬂoribus,
3545 4967 3552 4974 .

1871 5007 2014 5060 inter
2047 5022 2204 5075 quos,
2244 5017 2300 5060 ut
2361 5010 2470 5062 Deo
2517 5008 2715 5077 placet,
2771 5025 2866 5066 ver
2901 5012 3255 5083 transigimus
3313 5016 3440 5072 boni

1870 5096 2197 5163 Christiani,
2237 5099 2474 5166 plantam
2507 5100 2741 5170 aliquam
2760 5101 2959 5171 eligere
3003 5107 3216 5161 abunde
3246 5107 3442 5178 germi-

1871 5196 2094 5244 nantem
2143 5191 2302 5251 bona,
2356 5190 2400 5243 si
2459 5191 2698 5247 invenire
2756 5208 2990 5261 possem,
3052 5197 3442 5270 conditumque

1875 5283 1976 5336 mel
2005 5297 2070 5335 ex
2107 5280 2193 5334 illa
2227 5282 2649 5349 pulchritudinis
2684 5287 2997 5341 amantibus
3023 5304 3316 5359 apponere,
3370 5293 3440 5345 ad

1868 5391 2010 5440 eam,
2043 5387 2160 5443 quae
2196 5373 2359 5428 robur
2385 5382 2624 5443 generat,
2655 5378 3017 5438 suavitatem:
3050 5396 3260 5452 aequum
3308 5397 3440 5438 cen-

1872 5482 2022 5533 sens,
2041 5466 2085 5521 si
2106 5481 2204 5537 ego
2225 5467 2340 5534 ipse
2357 5466 2486 5535 talis
2501 5467 2617 5536 apis
2639 5477 2820 5538 partes
2835 5484 3106 5528 sumerem
3127 5473 3194 5527 ob
3216 5475 3434 5527 unicum

1868 5558 2208 5628 propositum
2231 5556 2510 5613 laborandi
2529 5559 2598 5614 ad
2617 5559 2706 5615 Dei
2729 5560 3323 5632 gloriam,nequaquam
3343 5575 3440 5616 ve-

1868 5662 1932 5703 ro
1948 5648 2014 5701 ad
2039 5646 2308 5718 prepriam
2328 5647 2704 5717 gloriationem
2721 5664 2884 5719 quam
2903 5651 3237 5719 assequi'non
3255 5647 3432 5702 valeo.

1939 5739 1994 5797 5.
2030 5739 2126 5795 Est
2178 5747 2358 5796 autem
2411 5739 2541 5796 mihi
2568 5739 2750 5810 planta
2781 5742 2848 5799 de
2876 5757 2982 5811 qua
3029 5740 3270 5796 divinum
3325 5739 3436 5794 mel
