3950 6242
506 319 607 383 tta

1253 319 1677 387 EUSTATUII
1709 317 2467 383 THESSALONICENSIS
2500 323 3071 389 MET‘RUI‘OLITAE

3638 314 3759 405 ἰιι

494 436 776 508 colligam,
794 431 1376 505 magnus-Philotimus,
1408 431 1566 524 cujus
1598 445 1790 524 nomen
1816 444 1917 501 ego
1943 445 2054 501 gert

2176 431 2592 504 ἀποδρέψομαι,
2640 438 2668 490 ὁ
2721 438 2896 507 μέγας
2948 441 3234 506 Φιλόοεος,
3293 435 3355 498 οὗ
3407 447 3507 519 τὴν
3565 454 3759 524 κλῆσιν

498 539 565 584 et
599 528 703 582 hoc
738 527 954 596 quidem
985 524 1324 580 solummodo
1383 522 1622 591 glorians
1667 521 1868 594 (factis
1930 524 2076 578 enim

506 619 635 689 quis
660 617 738 672 illi
772 618 844 674 sit
875 615 1329 685 comparandus?)
1379 614 1446 704 ad
1497 616 1701 670 ltancce
1730 615 1927 671 deveni
1955 629 2077 671 ora-

505 713 749 766 tionem:
784 710 1119 773 Pitiiotiteus,
1154 723 1453 779 cognomen
1505 707 1663 764 factis
1703 708 2074 776 conﬁrmans;

499 801 837 868 Pitilotlteus,
858 803 947 871 qui
979 802 1216 870 seipsum
1253 801 1528 870 inscripsit
1557 801 1824 858 inﬁdelem
1857 816 2073 858 servum

502 895 595 949 Dei
635 904 687 950 et
720 896 920 949 bonum
961 895 1310 961 ministrum,
1344 897 1435 951 cui
1475 896 1700 968 contigit
1749 895 1842 952 Dei
1892 897 2075 953 amico

499 987 681 1042 vocari
716 988 783 1041 ad
833 988 1170 1042 consortium
1219 988 1599 1057 apostolicum,
1637 989 1734 1059 qui
1779 988 1989 1044 audivit
2020 998 2074 1043 et

499 1082 611 1146 ipse
640 1079 784 1134 illinc
809 1079 950 1135 istud
980 1095 994 1132 :
1022 1079 1141 1134 Non
1165 1079 1277 1147 jam
1306 1094 1522 1135 servum
1550 1089 1601 1134 te
1627 1095 1778 1148 voco,
1808 1083 1900 1136 sed
1932 1082 2074 1136 ami-

498 1191 645 1241 cum,
675 1183 861 1244 utpote
894 1175 988 1244 qui
1045 1175 1190 1231 scias
1243 1175 1606 1247 quodcunque
1644 1191 1753 1248 ego
1811 1177 1973 1245 facio,
2018 1188 2074 1233 et

496 1266 631 1320 alios
664 1265 729 1319 ad
764 1265 870 1319 mei
902 1280 1224 1335 promoveas
1280 1266 1662 1332 imitationem,
1709 1277 1765 1324 et
1801 1283 1921 1325 mea
1953 1284 2072 1323 nta-

492 1359 649 1428 gistri
678 1358 848 1415 instar
878 1357 1098 1413 obveles
1139 1359 1395 1429 mysteria
1424 1376 1440 1426 ;
1484 1359 1682 1430 quippe
1705 1359 1850 1414 nulla
1882 1374 2070 1431 repre-

494 1450 753 1504 hensione
786 1450 944 1516 digna
977 1462 1064 1504 res
1096 1460 1200 1516 est,
1227 1459 1461 1505 mentem
1505 1451 1714 1505 meliori
1746 1452 2071 1508 submittere

491 1542 588 1609 qui
644 1541 1025 1609 interpretetur
1058 1551 1115 1596 et
1144 1542 1423 1612 adaperiat
1477 1542 1829 1612 Scripturas:
1883 1543 2071 1600 Philo-

494 1634 676 1696 tlteus,
705 1632 994 1688 admiratio
1024 1640 1079 1687 et
1116 1647 1245 1689 cura
1276 1648 1418 1699 mea,
1462 1633 1572 1689 imo
1600 1637 1868 1690 omnium.
1899 1635 2069 1691 Nemo

491 1726 660 1791 enim,
701 1738 862 1780 nemo
903 1738 1147 1795 prorsus,
1185 1724 1386 1779 auditis
1444 1724 1602 1781 factis
1628 1725 1764 1795 ejus,
1814 1736 2066 1784 sanctum

493 1818 644 1873 illum
676 1831 781 1873 non
817 1817 1072 1873 admirari
1094 1817 1316 1888 peterit,
1339 1818 1383 1873 si
1418 1825 1598 1873 tamen
1633 1832 1701 1874 ex
1733 1818 2066 1877 terrenisfas
2101 1800 2141 1855 Β

475 1920 575 1966 οεδι
601 1910 895 1981 depingere
924 1910 1100 1966 virum
1127 1911 1421 1968 virtutibus
1451 1910 1748 1968 ctelestem.

563 2175 616 2232 4.
653 2173 801 2229 Tulit
829 2174 1068 2237 Asiatica
1108 2174 1276 2243 regio,
1323 2176 1399 2229 uti
1451 2175 1683 2244 posteris
1709 2189 1827 2231 eam
1871 2190 2066 2236 vocare

470 2268 718 2337 ~placuit,
752 2266 1025 2347 optimum
1053 2264 1427 2335 Opsieiannm,
1478 2277 1620 2322 terra
1663 2268 1950 2335 immensa,
1985 2273 2065 2327 di-

484 2374 583 2415 ves
611 2369 665 2414 et
697 2358 875 2421 beata,
904 2358 1033 2412 olim
1065 2358 1284 2427 quidem
1315 2356 1459 2413 fama
1502 2356 1855 2429 percelebris,
1880 2362 2062 2420 ferens

474 2467 637 2506 nunc
683 2450 847 2506 etiam
884 2449 1130 2516 pristinae
1156 2449 1301 2503 illius
1332 2450 1664 2507 excellentiae
1712 2454 1863 2524 signa
1892 2455 2060 2510 multa

452 2514 543 2598 Δσει
569 2555 858 2613 generosa,
887 2514 1194 2610 praesertim
1243 2541 1371 2596 belli
1429 2543 1679 2610 peritiam
1735 2545 2058 2604 incolarum.

478 2635 678 2704 ‘ltaque
710 2670 726 2696 ,
787 2645 844 2686 ut
884 2632 1078 2689 leviter
1104 2634 1422 2697 ostendam,
1480 2636 1819 2707 majestatem
1868 2653 2059 2704 quam-

482 2728 606 2780 dam
635 2733 861 2781 sanctus
881 2726 1116 2780 desumit
1136 2740 1167 2780 e
1186 2728 1523 2797 popularium
1555 2729 1774 2796 virtute,
1805 2745 1908 2800 qua
1942 2732 2058 2788 leo-

468 2821 645 2877 nibus
677 2819 883 2876 simlles
905 2818 1181 2885 videntur,
1211 2819 1428 2889 quando
1472 2835 1657 2887 canes,
1692 2823 1888 2892 Agaris
1935 2823 2053 2890 lilii,

482 2914 580 2971 Del
607 2928 804 2984 greges
828 2913 1047 2984 aggredi
1075 2922 1364 2969 conantur.
1403 2913 1590 2969 Vicum
1624 2926 1824 2982 autem,
1856 2920 1948 2990 qui
1990 2919 2047 2974 il-

482 3008 593 3062 lum
642 3005 890 3075 protulit,
920 3005 1188 3074 quoddam
1231 3021 1259 3060 a
1297 3006 1522 3076 reliquis
1553 3009 1827 3064 diversum
1861 3022 2052 3067 osten-

475 3099 629 3162 dere,
664 3097 862 3166 quippe
885 3097 974 3165 qui
995 3095 1241 3150 Formica
1272 3098 1557 3169 (Μύρμηξ)
1587 3108 1829 3166 vocetur,
1862 3111 1917 3158 et
1945 3101 2052 3159 isto

482 3189 698 3243 nomine
741 3188 808 3241 ad
865 3187 1354 3258 myrmecoleontes
1406 3189 1690 3260 indigenas
1736 3193 1907 3248 alludi
1939 3193 2052 3250 for-

480 3290 626 3334 tasse
657 3278 782 3349 quis
803 3278 1023 3334 dixerit.
1046 3277 1171 3332 Ililti
1203 3287 1383 3335 autem
1418 3283 1566 3337 vicus
1588 3283 1850 3353 Myrmex,
1873 3289 2047 3344 sancti

478 3370 672 3440 patria,
698 3370 1003 3441 symbolum
1031 3371 1251 3425 exhibet
1276 3372 1501 3429 omnino
1531 3377 1919 3432 venerandum.
1952 3377 2045 3433 Vi-

479 3463 612 3515 deor
637 3464 785 3517 enim
819 3462 907 3516 itic
938 3462 1318 3517 inclatnantem
1342 3467 1532 3519 audire
1560 3467 1690 3522 mihi
1725 3483 1939 3547 quoque
1961 3487 2050 3526 sa-

475 3553 712 3621 pientem
741 3552 1089 3609 Salomouem
1115 3569 1134 3609 ι
1175 3573 1195 3607 ι
1231 3556 1378 3611 Vade
1406 3558 1473 3611 ad
1502 3559 1663 3613 talem
1686 3558 1989 3628 formicam,
2014 3579 2047 3619 ο

476 3647 624 3713 piger
650 3646 667 3677 ¹
692 3662 709 3710 ς
738 3664 757 3698 ι
784 3656 841 3701 et
870 3646 1154 3702 Pbilotbeo
1178 3647 1289 3702 illic
1319 3648 1580 3717 inquisito
1611 3660 1664 3706 et
1691 3650 2044 3710 formicarum

474 3746 631 3792 antro
655 3738 740 3793 ubi
766 3738 1037 3793 invenitur
1056 3752 1270 3796 aurum.
1293 3748 1537 3796 scrutare
1559 3743 1773 3800 divitias
1798 3745 1905 3801 Deo
1925 3764 2048 3816 gra-

476 3842 583 3893 tas,
613 3840 668 3885 et
695 3839 814 3884 esto
850 3830 1038 3886 beatus
1074 3842 1366 3897 mercator,
1413 3846 1848 3908 congregataque
1893 3839 2047 3896 illinc

474 3932 781 3993 quaestuosa
808 3924 946 3977 bona
977 3923 1160 3978 divide
1191 3926 1494 3996 egentibus,
1534 3944 1663 3993 non,
1695 3932 2041 3990 formicarum

473 4018 664 4079 instar,
692 4016 950 4084 colligens
983 4032 1100 4086 qua:
1128 4018 1177 4070 in
1219 4021 1300 4072 via
1344 4031 1491 4086 sunt,
1521 4020 1615 4077 sed
1640 4025 1889 4081 celeriter
1917 4043 2045 4083 cur-

472 4123 597 4161 rens
649 4109 715 4162 ad
762 4109 1052 4178 nptaitilem
1083 4111 1373 4166 circuitum
1426 4108 1523 4168 ubi
1568 4115 1920 4174 inveniuntur
1951 4123 2041 4190 qui

474 4199 713 4253 maximo
748 4202 1049 4269 expetenda
1081 4200 1257 4257 studio
1307 4203 1703 4272 nundinantur,
1738 4218 1798 4262 ut
1844 4220 1898 4264 et
1928 4209 2042 4279 ipse

471 4287 708 4352 divitias,
772 4305 907 4359 quas
941 4291 1115 4345 bonus
1167 4291 1554 4360 paterfamilias
1611 4297 1751 4352 lleus
1798 4313 1825 4353 a
1889 4305 2043 4360 nobis

474 4378 831 4433 thesaurizari
880 4390 1053 4449 optat,
1101 4381 1434 4450 lucrifacias,
1485 4394 1540 4440 et
1570 4390 1946 4448 convenientia
1978 4396 2041 4452 iis

468 4469 559 4537 qui
587 4480 773 4523 emunt
803 4469 1024 4526 vendas.

541 4737 593 4792 5.
632 4737 701 4791 Ea
736 4739 899 4809 igitur
962 4740 1063 4794 fuit
1120 4740 1411 4809 Philotltei,
1443 4744 1550 4800 Deo
1578 4750 1867 4819 carissimi,
1901 4762 2042 4809 terra

467 4829 666 4897 patria,
682 4843 779 4883 suo
799 4831 974 4901 ipsius
995 4834 1211 4888 nomine
1230 4840 1544 4892 memoriam
1575 4856 1840 4899 revocans
1862 4838 1961 4899 zeli
1988 4855 2044 4902 et

468 4919 632 4973 studii
664 4920 806 4975 illius
838 4922 892 4974 in
910 4924 1217 4992 spiritualia
1242 4942 1403 4994 opera
1431 4945 1445 4997 ;
1478 4943 1685 4999 patrem
1719 4944 1898 4990 autem
1925 4938 2042 5008 ejus

469 5024 629 5065 nemo
650 5011 792 5065 dicet
827 5026 983 5066 suam
1010 5015 1324 5073 dedecuisse
1360 5023 1693 5091 progeniem.
1728 5025 1879 5082 Licet
1898 5031 2038 5085 enim

466 5102 632 5155 etiam
673 5116 736 5155 ex
767 5117 873 5157 non
915 5105 1072 5160 bonis
1106 5122 1489 5180 nonnunquam
1540 5114 1666 5170 boni
1716 5117 2035 5190 gignuntur,

468 5195 555 5247 .‘tie
579 5204 759 5249 tamen
791 5210 899 5249 non
932 5198 1282 5266 perlatuissct
1308 5216 1620 5261 accuratam
1653 5209 1896 5267 historia:
1919 5213 2040 5268 dili-

468 5284 742 5353 ligentiam
780 5297 933 5354 pater
960 5291 1181 5345 omnino
1208 5291 1485 5351 dissimilis
1509 5299 1712 5367 optimo
1752 5301 1899 5370 filio,
1941 5302 2037 5358 sed

466 5376 519 5428 in
551 5379 858 5445 exemplum
900 5379 1099 5435 factum
1131 5394 1274 5440 esset
1321 5385 1432 5456 ille,
1466 5399 1520 5442 et
1552 5390 1605 5443 in
1647 5393 2034 5449 contumeliam

464 5462 1134 5543 insignitns‘essetqualis
1158 5478 1375 5546 qualem
1405 5482 1697 5551 genuisset,
1743 5486 1896 5555 spina
1929 5485 2038 5542 sci-

460 5559 587 5615 licet
652 5572 853 5631 resam,
889 5567 1248 5640 ltyoscyamue
1298 5587 1637 5644 artemonem,
1696 5578 1865 5634 bestia
1920 5579 2032 5635 fera

534 5741 552 5772 ⁸
580 5740 737 5799 Prov.
765 5762 841 5812 vr,
875 5747 932 5803 6.

2184 524 2470 594 βαστάζων
2499 530 2631 598 ἐγὼ.
2665 535 2759 587 καὶ
2779 533 2934 586 τοῦτό
2967 551 3028 602 γε
3051 537 3145 590 καὶ
3172 537 3335 607 μόνον
3358 546 3758 616 σεμνυνόμενος

2182 616 2391 690 (ἔργοις
2428 621 2536 692 γὰρ
2567 623 2652 686 τίς
2695 626 2761 678 ἂν
2811 628 2896 694 εἴη
2949 629 3125 699 τούτῳ
3152 631 3500 707 ὲνάμιλλος;)
3544 641 3625 702 είς
3666 642 3757 694 τὸν

2178 709 2337 782 λόγον
2370 713 2552 769 τοῦτον
2582 718 2818 787 ἐμαυτὸν
2840 719 3060 790 καθῆκα
3082 738 3097 754 ⁸
3131 724 3403 792 Φιλόθεος,
3435 729 3464 781 ὁ
3488 730 3586 802 τὴν
3615 734 3759 788 ἐπω-

2180 805 2375 874 νυμίαν
2404 806 2482 876 τῷ
2507 807 2621 862 ὄντι
2672 810 3024 883 ἐπαληθεύων
3044 833 3058 847 ο
3090 815 3373 883 Φιλόθεος,
3416 821 3445 874 ὁ
3473 823 3758 895 ἐγγράψας

2180 894 2280 965 μὲν
2321 898 2514 952 ἑαυτὸν
2544 901 2625 964 εις
2662 904 2853 958 πιστὸν
2892 905 3078 961 δοῦλον
3119 910 3255 965 Θεοῦ
3302 914 3396 967 καὶ
3423 894 3628 984 ἀγαθον
3665 894 3756 972 70:-

2181 986 2447 1057 ράποντα,
2469 992 2886 1067 κληρονομήσας
2908 998 2986 1060 δὲ,
3011 1002 3167 1070 φίλος
3191 1002 3310 1075 Θεῷ
3327 1007 3592 1079 κληθῆναι
3619 1014 3715 1080 πρ*
3731 1030 3757 1076 ς

2179 1079 2500 1154 ἱσοκληρίαν
2550 1086 2950 1159 ἀποστολικὴν,
3012 1093 3108 1146 καὶ
3151 1096 3394 1160 ἀκούσας
3441 1101 3534 1154 καὶ
3585 1079 3757 1167 αὐτὸς

2174 1172 2386 1227 ἐκεῖθεν
2410 1174 2470 1227 τό
2494 1192 2508 1210 ο
2549 1176 2748 1230 Οὐκέτι
2770 1178 2958 1234 δοῦλόν
2988 1199 3046 1235 σε
3083 1183 3234 1239 καλῶ
3256 1225 3272 1249 ,
3304 1188 3437 1242 ἀλλὰ
3462 1188 3617 1259 φίλον
3637 1232 3652 1256 ,
3681 1194 3756 1256 ὡς

2178 1265 2267 1319 καὶ
2302 1266 2485 1322 εἰδότα
2515 1269 2648 1335 πᾶν,
2679 1270 2818 1342 ὅπερ
2842 1271 2955 1342 ἐγὼ
2989 1275 3148 1342 ποιῶ,
3178 1278 3274 1332 καὶ
3291 1279 3486 1346 ἄλλους
3508 1285 3588 1347 si;
3611 1283 3756 1356 ἐμὴν

2173 1356 2567 1424 καταρτίζοντα
2595 1358 2848 1431 μίμησιν,
2873 1365 2967 1418 καὶ
2998 1365 3064 1418 τὰ
3097 1366 3209 1437 ἐμὰ
3235 1367 3635 1439 διδασκαλικῶς
3661 1379 3755 1444 ἐγ.

2173 1446 2515 1503 καλύπτοντα
2557 1455 2874 1524 μυστήρια·
2927 1455 3010 1509 ὅτι
3062 1459 3196 1528 μηδὲ
3246 1459 3361 1515 ἔστι
3411 1463 3628 1534 φθόνος,
3674 1471 3753 1538 τῷ

2172 1538 2442 1607 κρείττονι
2470 1539 2563 1594 rbv
2594 1541 2759 1596 αὑτοῦ
2791 1545 2918 1599 νοῦν
2949 1547 3218 1618 προᾱγειν
3249 1553 3664 1628 ἐκφαντορικῶς
3696 1563 3753 1613 ἓν

2171 1628 2249 1699 τῷ
2273 1618 2565 1700 διανοίγειν
2603 1633 2845 1705 Γραφάς.
2877 1637 3127 1703 Φιλόθεος
3168 1643 3230 1694 rb
3271 1618 3405 1712 ἐμὸν
3435 1618 3622 1718 θαῦμα
3643 1618 3753 1705 ’καὶ

2174 1719 2417 1791 μέλημα,
2450 1723 2652 1792 μᾶλλον
2699 1726 2801 1796 μὲν
2832 1726 2927 1782 οὖν
2960 1730 3020 1783 τὸ
3057 1734 3255 1788 κοινόν.
3298 1736 3378 1789 Οὐ
3413 1738 3521 1809 γὰρ
3567 1740 3635 1795 ἄν
3666 1760 3750 1807 τις

2169 1813 2269 1865 οὐκ
2296 1812 2385 1879 ἂν,
2412 1814 2628 1880 πάντως
2648 1819 2849 1883 οὐδεὶς,
2883 1822 3072 1891 μαθὼν
3091 1825 3162 1878 τὰ
3191 1827 3425 1895 ἐκείνου,
3455 1832 3752 1905 ἀπόσχοιτο

2170 1905 2237 1958 ἂν
2270 1904 2366 1960 τοῦ
2399 1907 2704 1979 θαυμάζειν
2727 1911 2820 1965 τὸν
2853 1915 3008 1983 ἀγιον
3030 1916 3241 1984 τοῦτον,
3273 1922 3326 1975 εῐ
3358 1938 3410 1974 τι
3436 1924 3542 1995 χρὴ
3568 1904 3661 1979 καὶ
3687 1928 3748 1979 ἐν

2168 1996 2278 2051 τῶν
2315 2000 2445 2070 περὶ
2487 2002 2592 2072 γῆν
2626 2008 3036 2078 χαρακτηρίσαι
3062 2010 3156 2064 τὸν
3183 2016 3301 2077 ταῖς
3326 2014 3555 2085 ἀρεταῖς
3582 2020 3750 2089 οὖρά-

2168 2105 2303 2144 νιον.

2234 2185 2300 2237 δ’.
2328 2184 2568 2253 Ἤνεγκε
2596 2187 2698 2259 μὲν
2725 2189 2948 2261 Ἀσιανὴ
2971 2191 3144 2265 χώρα,
3170 2195 3238 2265 ἣν
3271 2197 3435 2268 ἤρεσε
3456 2200 3570 2263 τοῖς
3592 2200 3748 2257 ὔστε-

2168 2290 2260 2343 ρον
2297 2275 2626 2346 ὀνομάζουσι
2650 2318 2666 2345 ,
2703 2281 2868 2335 καλὸν
2918 2285 3190 2354 Ὀψίκιον,
3226 2292 3295 2357 γῆ
3331 2291 3633 2364 πολυτενὴς
3669 2297 3745 2359 είς

2167 2366 2497 2437 μιλιασμοὺς
2526 2372 2621 2424 καὶ
2647 2371 2952 2442 πολυτελὴς
2980 2380 3076 2430 καὶ
3125 2379 3420 2451 εὐδαίμων,
3457 2384 3627 2440 πάλαι
3646 2390 3743 2457 μὲν

2164 2455 2259 2509 καὶ
2287 2456 2411 2511 λίαν
2442 2461 2801 2529 περίπυστος,
2835 2464 3078 2534 φέρουσα
3109 2467 3164 2521 δὲ
3198 2470 3293 2523 καὶ
3326 2473 3495 2528 εἰσέτι
3523 2473 3624 2528 νῦν
3648 2455 3743 2530 τοῦ

2164 2548 2506 2618 πρωτοθέτου
2529 2552 2740 2606 ἐκείνου
2767 2555 2937 2609 καλοῦ
2965 2560 3328 2630 χαρακτῆρας
3361 2564 3621 2632 πολλοὺς,
3649 2572 3743 2621 καὶ

2160 2639 2282 2692 οὐδι
2312 2642 2579 2709 ἀγεννεῖς,
2609 2646 2703 2697 καὶ
2731 2646 2972 2715 μάλιστα
2996 2651 3059 2702 rb
3090 2650 3199 2706 τῶν
3228 2654 3512 2725 ἐγχωρίων
3545 2658 3744 2726 ἐμπει-

2164 2732 2484 2803 ροπόλεμον.
2526 2737 2638 2790 Καὶ
2677 2736 2822 2792 οὕτω
2881 2740 3003 2810 μὲν,
3049 2741 3125 2805 ὡς
3156 2743 3215 2796 ὲν
3268 2745 3439 2815 στινῷ
3471 2747 3742 2816 δηλῶσαι.

2161 2823 2468 2893 σεμνότητα
2498 2825 2528 2876 ὁ
2562 2825 2719 2893 ἅγιος
2750 2827 3077 2899 ἑπισύρεταί
3098 2848 3220 2884 τινα
3253 2833 3348 2886 καὶ
3375 2834 3463 2888 διὰ
3488 2837 3589 2905 τὴν
3616 2840 3744 2890 κατ’

2157 2912 2310 2977 ἔθνος
2336 2916 2557 2987 ἀρετὴν,
2592 2918 2661 2971 δι’
2692 2922 2760 2990 ἢν
2786 2921 2837 2973 οι
2871 2922 3497 2980 ὲκετάπολεοντιοῦσθαι
3526 2928 3742 2994 δόξαιεν

2158 3002 2244 3067 ἂν,
2279 3004 2367 3057 ὅτε
2393 3005 2445 3057 οε
2474 3004 2576 3075 τῆς
2609 3009 2791 3079 ’Λγαρ
2820 3012 2982 3074 κύνες
3013 3014 3328 3084 ἐπιτρέχειν
3352 3016 3465 3081 τοῖς
3483 3018 3581 3072 τοῦ
3603 3020 3742 3073 Θεοῦ

2158 3094 2429 3163 ποιμνίοις
2460 3098 2830 3165 προτίθενται.
2871 3102 2996 3156 Ἐὰν
3024 3104 3081 3157 δὲ
3118 3108 3151 3177 ἡ
3181 3110 3593 3178 προεπγκοῦσα
3617 3113 3745 3165 τοῦ·

2159 3197 2253 3236 τον
2297 3182 2459 3256 κώμη
2494 3187 2730 3259 ἑτεροῖόν
2759 3208 2813 3244 τι
2866 3197 3136 3269 φαντάζῃ,
3170 3199 3414 3271 Μύρμηξ
3449 3203 3745 3259 ἐπικαλου-

2163 3275 2322 3345 μένη,
2347 3280 2443 3330 καὶ
2470 3279 2558 3334 διὰ
2581 3282 2643 3334 rb
2670 3283 2912 3339 τοιοῦτον
2942 3286 3115 3357 ὄνομα
3142 3290 3419 3365 ὑποϐάλλει
3448 3296 3595 3348 κατὰ
3630 3298 3744 3349 τῶν

2158 3369 2487 3437 πατριωτῶν
2516 3374 3122 3450 μυρμηκολέοντοςνόη
3132 3397 3205 3449 μα
3227 3421 3240 3443 ,
3270 3382 3406 3453 ἀλλὰ
3436 3385 3603 3440 τοῦτο
3639 3389 3745 3457 μὲι1

2157 3458 2371 3525 ὲρεῖτις
2398 3460 2585 3530 ἕτερος
2607 3464 2750 3518 κατὰ
2767 3465 2827 3519 rb
2846 3471 3161 3540 παρατυχόν
3181 3487 3196 3502 ·
3221 3473 3344 3542 ἐμοὶ
3361 3473 3417 3527 δὲ
3438 3477 3467 3528 ὁ
3489 3478 3746 3549 Μύρμηξ

2158 3548 2321 3620 κώμη
2349 3551 2413 3603 τὸ
2436 3552 2530 3604 τοῦ
2564 3554 2723 3622 ἁγίου
2759 3556 2991 3629 πάτριον
3013 3560 3210 3630 ἔδαφος
3237 3566 3319 3629 εἰς
3354 3566 3632 3637 σύμϐολον
3656 3580 3747 3625 τε-

2158 3640 2333 3696 θειται
2372 3645 2515 3698 πάνυ
2548 3648 2765 3716 σεμνόν.
2790 3652 2944 3705 Δοκῶ
2976 3656 3082 3723 γὰρ
3117 3656 3358 3712 ἐνταῦθα
3374 3659 3747 3730 ὑποψωνῶν-

2155 3748 2247 3796 τος
2273 3736 2494 3791 ἀκούειν
2517 3740 2688 3809 κάμοὶ
2722 3741 2816 3794 τοῦ
2843 3746 3122 3815 πανσόφου
3159 3748 3537 3816 Σολομῶντος·
3570 3771 3593 3805 ι
3634 3754 3747 3808 Ἴθι

2155 3825 2293 3896 πρὸς
2312 3827 2654 3897 τὸν,τοιοῦτον
2668 3835 2955 3905 μύρμηκα,
2974 3831 3023 3891 ὦ
3038 3839 3256 3911 ὀκνηρὶ,
3286 3861 3304 3894 ι
3328 3845 3419 3896 καὶ
3442 3844 3533 3898 τὸν
3555 3848 3746 3901 ἐκεῖσε

2154 3919 2407 3976 Φιλόθεον
2432 3923 2726 3996 ἱστορήσας
2757 3929 2852 3981 καὶ
2878 3929 2978 3998 τὴν
3003 3931 3062 3985 ἑν
3086 3932 3281 4004 ἐκείνῳ
3311 3940 3567 4007 χρυσῖτιν
3596 3958 3749 4014 μυρ-

2157 4012 2385 4082 μηκιὰν,
2434 4016 2731 4084 μετὰλλευε
2773 4021 3009 4076 πλοῦτον
3043 4024 3163 4095 Θεῷ
3205 4027 3384 4095 φίλον,
3427 4029 3526 4083 καὶ
3580 4012 3745 4101 γίνου

2156 4106 2492 4176 μακαριστὸς
2520 4107 2761 4179 ἔμπορος
2783 4127 2799 4142 ·
2828 4113 2925 4167 καὶ
2952 4115 3210 4181 συλλέξας
3235 4118 3450 4173 ἐκεῖθεν
3489 4130 3744 4177 πλουτο-

2153 4197 2305 4250 ποιόν
2338 4215 2391 4250 τι
2421 4199 2601 4267 καλὸν,
2644 4201 2877 4256 διαδίδου
2911 4208 3021 4270 τοῖς
3055 4208 3369 4279 χρῄζουσιν,
3402 4213 3463 4265 οὐ
3500 4230 3743 4287 μυρμη-

2152 4286 2319 4352 κίζων
2340 4288 2408 4342 τὰ
2431 4292 2512 4354 εἰς
2538 4292 2677 4359 ἑδὺν,
2704 4294 2840 4349 ἀλλὰ
2853 4298 3024 4367 ταχὺς
3048 4301 3255 4370 τρέχων
3277 4303 3363 4365 εἰς
3386 4303 3449 4355 τὸ
3470 4286 3745 4362 εὐκταῖον

2151 4383 2480 4453 κατάντημα
2517 4387 2629 4450 τοῖς
2671 4389 3136 4460 ἐμπορευομένοις
3174 4394 3241 4448 τὰ
3286 4396 3705 4453 σπουδαιότατα
3728 4417 3743 4430 ·

2073 4500 2125 4559 D
2151 4473 2298 4538 ὅπως
2336 4476 2433 4529 καὶ
2460 4476 2624 4541 αὐτὸς
2658 4480 2890 4535 πλοῦτον
2922 4485 3216 4557 κερδήσῃς,
3253 4486 3314 4542 ὃν
3345 4489 3374 4540 ὁ
3402 4489 3616 4557 ἀγαθὸς
3659 4496 3743 4545 οξ-

2151 4568 2482 4646 κοδεσπόςης
2502 4570 2636 4635 Θεὸς
2667 4572 3093 4646 θησαυρίζεσθαι
3127 4578 3292 4648 φιλεῖ,
3319 4580 3415 4635 καὶ
3446 4582 3564 4647 τοῖς
3598 4584 3747 4653 ἄγου

2149 4658 2372 4727 ράζουσι
2398 4662 2662 4735 πωλήσῃς
2688 4665 2755 4718 τὰ
2779 4668 3082 4739 πρόσφορα.

2217 4757 2275 4805 ε’.
2312 4754 2421 4806 Καὶ
2452 4756 2682 4826 τοιαύτη
2717 4756 2818 4827 μὲν
2864 4760 2943 4830 τῷ
2986 4760 3323 4833 θεοφιλτᾶτῳ
3362 4764 3612 4838 Φιλοθέῳ
3644 4776 3751 4822 καὶ

2144 4846 2177 4915 ἡ
2205 4845 2508 4914 πατριῶτις
2531 4846 2627 4917 γῆ,
2655 4846 2887 4919 μνήμων
2915 4850 3066 4920 αὐτῷ
3088 4856 3348 4926 γινομένη
3375 4855 3472 4909 τοῦ
3498 4856 3751 4924 φιλοπό-

2144 4954 2251 5001 νως
2279 4938 2608 5006 ἐργάζεσθαι
2631 4940 2699 4993 τὰ
2721 4943 3096 5010 πνευματικάο
3130 4946 3408 5016 γεννήτωρ
3428 4947 3510 5012 δὲ,
3537 4951 3659 5006 οὐκ
3680 4952 3753 5006 ἂν

2142 5029 2288 5083 εἴποι
2324 5047 2431 5096 τις,
2460 5030 2537 5096 ὡς
2561 5033 2661 5086 οὐκ
2689 5030 2755 5102 ἦν
2789 5033 2938 5105 αὐτῷ
2969 5035 3112 5090 κατὰ
3136 5037 3292 5105 λόγον
3320 5040 3573 5094 τοιούτου
3607 5059 3752 5112 γεν-

2139 5123 2400 5192 νήματος,
2448 5124 2507 5176 Εἰ
2551 5126 2659 5193 γάρ
2708 5142 2841 5178 ποτε
2876 5127 2971 5181 καὶ
3016 5128 3075 5193 ἐξ
3107 5129 3207 5182 οὐκ
3247 5130 3476 5198 ἀγαθῶν
3525 5135 3753 5202 ἀγαθοὶ

2140 5216 2403 5283 φύονται,
2461 5217 2575 5270 ἀλλ’
2644 5219 2881 5272 ἐνταῦθα
2932 5220 3033 5275 οὐκ
3088 5220 3154 5274 ἂν
3202 5221 3415 5275 διέλαθε
3470 5222 3582 5295 τὴν
3645 5229 3752 5297 τῆς

2141 5309 2381 5378 ἱστορθας
2443 5310 2730 5386 ἀκρίξειαν
2798 5311 2979 5382 πατὴρ
3028 5312 3278 5384 ἀνόμοιος
3346 5321 3738 5386 προαπεκϐἐις

2144 5401 2245 5471 υἱῷ
2295 5400 2437 5455 οὕτω
2485 5380 2674 5474 καλῗρ·
2720 5403 2854 5457 ἀλλὰ
2900 5380 3094 5460 ἔπεσεν
3129 5380 3201 5460 ἂν
3248 5409 3328 5470 είς
3372 5380 3756 5483 παράδειγμα

2142 5496 2238 5545 καὶ
2288 5494 2518 5561 ἐκεῖνος,
2575 5497 2671 5548 καὶ
2717 5497 3140 5568 παρεσημάνθη,
3183 5500 3367 5561 ὁποῖος
3412 5500 3595 5566 αὐτὸς
3644 5504 3757 5571 ὢν,

2143 5587 2325 5639 ὁποῖον
2364 5584 2652 5653 ἀπέτεκεν,
2689 5586 2898 5641 ἄκανθα
2934 5589 3133 5661 δηλαδὴ
3174 5589 3366 5661 ῥόδον,
3406 5592 3755 5668 ὑοσκύαμος
