3950 6242
471 391 571 454 M7

1215 387 1628 450 EUSTATIIII
1669 384 2049 446 TIIESSALC

2156 386 2374 448 CENSI
2385 387 2425 447 S
2467 385 3025 448 ΜΕΤΒΟΡΟΙᾸΤᾹΞ

3611 385 3710 454 ιιδ
3771 465 3795 483 ί

473 523 602 562 nutn
652 503 862 573 pondus
922 503 1161 556 alterans
1212 499 1456 568 jejuniis,
1501 497 1805 552 enitebtttnr
1841 507 2040 552 terram

2156 496 2228 549 kat
2259 496 2354 550 τοῦ
2387 495 2524 550 κατά
2547 497 2706 566 σῶμα
2739 497 3033 566 κεραμείον
3054 497 3182 561 πᾶν,
3211 496 3333 549 ὅσον
3365 495 3587 566 ἔνικμον
3618 505 3712 552 καὶ

477 613 626 654 more
657 595 832 664 angeli
875 605 929 648 et
952 593 1105 664 juxta
1130 588 1404 668 Evangelii
1440 590 1756 658 prmseripta
1787 598 2036 644 transvo-

472 694 610 756 lare,
639 691 916 758 indignum
949 687 1125 754 seipso
1151 683 1406 754 judicans
1429 681 1652 737 inscribi
1683 681 1901 751 quidem
1931 679 2039 734 Deo

471 787 720 847 charum,
753 779 1017 857 altissimo
1050 775 1197 829 Patri
1249 775 1541 838 luminum,
1587 773 1868 827 adhazrere
1914 785 2041 825 vero

471 893 634 935 terra:
686 875 841 929 matri
906 883 960 927 et
1008 869 1318 926 caelestibus
1366 867 1622 937 praeferre
1659 864 1937 920 terrestria
1987 874 2042 918 et

472 969 713 1026 humilia.

536 1236 600 1304 ’,8.
620 1233 756 1289 Cum
789 1231 868 1286 sic
893 1241 1091 1284 terram
1119 1233 1491 1282 contemneret
1515 1233 1571 1280 et
1596 1223 1662 1279 ad
1698 1222 1900 1278 nullam
1930 1235 2042 1276 rem

473 1341 746 1383 terrenam
800 1337 1006 1394 pronus
1054 1329 1220 1385 esset,
1260 1318 1534 1389 quomodo
1579 1331 1687 1371 non
1731 1315 1894 1370 etiam
1949 1327 2045 1381 per

471 1419 750 1475 orationes
786 1417 854 1470 ad
877 1412 1054 1469 simile
1072 1423 1333 1481 prospere
1357 1407 1774 1480 progrederetur
1809 1402 2046 1460 bonum?

474 1509 865 1568 Perseverabat
897 1506 1062 1576 igitur
1084 1503 1174 1558 diu
1207 1510 1380 1564 stans.
1412 1499 1772 1567 manibusque
1801 1495 2045 1552 extensis

473 1605 542 1660 ad
576 1603 728 1657 illum
764 1599 855 1669 qui
888 1611 1106 1652 sursum
1141 1595 1314 1663 ipsum
1351 1592 1570 1647 trahere
1604 1597 1840 1659 poterat,
1889 1597 2046 1658 post-

474 1711 638 1768 quam
695 1702 842 1747 recte
873 1688 1226 1752 ambulasset,
1277 1684 1503 1739 ﬁrmiter
1556 1683 1820 1746 stetisset,
1872 1690 1928 1735 et
1979 1679 2045 1734 ad

473 1805 600 1846 eum
634 1800 826 1840 manus
873 1781 1035 1837 simul
1067 1789 1120 1834 et
1166 1786 1332 1834 totam
1383 1776 1617 1830 animam
1661 1773 1944 1828 elevasset.
1981 1771 2044 1826 Et

475 1885 552 1937 ita
585 1879 802 1950 quidem
837 1873 1060 1931 omnino
1094 1872 1146 1926 iu
1173 1869 1409 1926 excelsis
1455 1868 1774 1923 versabatur
1803 1866 1884 1920 :si
1919 1879 2047 1919 vero
2082 1857 2120 1912 Β

478 1971 772 2042 aliquando
823 1980 989 2036 super
1037 1974 1259 2027 terram,
1318 1971 1537 2032 propter
1569 1957 1906 2022 aﬂiuitatem,
1941 1972 2047 2014 non

479 2060 718 2132 neglexit
762 2065 998 2115 erectam
1055 2053 1292 2108 hominis
1353 2060 1641 2114 staturam,
1708 2049 1802 2103 sed
1869 2047 2049 2117 potius

479 2150 827 2208 conservavit
866 2155 921 2203 et
949 2156 1108 2201 terra:
1154 2141 1401 2213 genitrici
1434 2155 1556 2196 sese
1595 2136 2048 2194 accommodavit.

481 2246 650 2299 Porro
684 2243 787 2296 hoc
819 2237 1158 2309 perﬁciebat,
1197 2247 1373 2304 genua
1413 2231 1637 2286 ﬂectens
1684 2228 2047 2291 continenter,

469 2347 535 2394 'et
565 2337 676 2392 cito
703 2333 918 2403 erigens
959 2347 1041 2394 se,
1071 2330 1201 2383 illud
1231 2329 1448 2397 quidem
1484 2335 1541 2379 ut
1578 2323 1856 2378 terrestris
1899 2329 1953 2375 et
1983 2321 2048 2373 ad

475 2440 681 2485 terram
706 2425 978 2479 rediturus
1031 2423 1134 2476 hoc
1157 2435 1308 2484 vero,
1338 2429 1395 2472 ut
1420 2415 1570 2484 quasi
1602 2416 1783 2482 planta
1812 2412 2050 2466 cmlestis

476 2533 601 2576 esse
629 2519 905 2572 videretur
931 2514 1368 2580 Accidebautque
1395 2510 1442 2563 ei
1464 2507 1576 2561 fere
1615 2507 1732 2560 sine
1776 2503 2045 2565 molestia,

477 2609 730 2684 quamvis
768 2608 1103 2676 frequentes,
1135 2617 1299 2658 casus
1345 2600 1420 2654 illi
1455 2609 1510 2653 et
1551 2598 1858 2653 erectiones
1909 2594 2049 2648 inter

477 2701 780 2766 orandum;
844 2715 971 2754 nam
1026 2711 1136 2764 prat
1197 2693 1361 2748 nimia
1420 2691 1602 2746 carnis
1636 2690 1830 2752 macie,
1887 2700 2047 2757 quam

481 2794 841 2867 temperantia
898 2797 1205 2862 pepererat,
1255 2787 1364 2839 ('llt)
1411 2793 1634 2840 sanctus
1675 2781 1920 2851 erigebat
1966 2792 2046 2840 se,

477 2890 551 2944 ita
589 2899 650 2942 ut
683 2885 896 2941 facilius
933 2889 1224 2947 exurgeret
1275 2893 1333 2931 se
1361 2891 1520 2945 quam
1564 2889 1740 2944 genua
1786 2873 2046 2934 ﬂecteret,

480 2976 940 3052 quemadmodum
991 2973 1215 3042 pulcher
1264 2982 1447 3022 ramus
1483 2966 1756 3036 paululum
1809 2963 1938 3017 ﬂatu
1967 2963 2049 3017 iu-

483 3083 763 3136 eurvatus,
789 3070 896 3124 cito
924 3064 1173 3134 erigitur.

553 3166 608 3221 9.
651 3164 788 3232 Quid
830 3157 1029 3230 igitur?
1060 3154 1328 3224 Numquid
1374 3166 1592 3208 carnem
1627 3148 1960 3203 exhauriens
1998 3154 2050 3199 et

2148 588 2334 660 ὑγρὸν,
2365 588 2433 642 δι’
2458 583 2519 642 οὖ
2554 587 2923 658 πλαδαροῦται
2953 587 3265 660 ἄνθρωπος,
3293 588 3387 642 καὶ
3415 588 3560 643 οὕτω
3587 605 3714 642 κου-

2147 681 2320 750 φίζων
2339 680 2400 734 τὸ
2423 681 2577 751 γήῖον
2606 677 2788 748 βρῖθος
2812 678 3107 747 νηστείαις,
3139 679 3460 748 ἐφιλονείκει
3487 679 3587 749 τῆς
3611 680 3716 749 γῆς

2145 773 2450 842 ἀγγελικῶς
2491 771 2918 842 ὑπερίπτασθαι,
2972 770 3189 836 ἀνάξιον
3241 771 3433 825 ἑαυτοῦ
3485 772 3715 842 κρίνων,

2149 864 2520 934 ἐγγράφεσθαι
2553 864 2650 933 μὲν
2697 865 2777 934 είς
2834 862 2985 931 φίλον
3021 862 3179 928 Θεοῦ,
3229 862 3324 916 τοῦ
3375 864 3477 916 τῶν
3521 863 3718 932 φώτων

2145 957 2374 1026 ὑψίστου
2405 955 2638 1024 Πατρδς,
2665 954 3098 1024 προστετηκέναι
3118 955 3174 1008 δὲ
3199 959 3264 1026 τῇ
3298 960 3467 1028 μητρὶ
3497 961 3593 1030 γῇ,
3626 959 3721 1012 καὶ

2147 1049 2243 1103 τοῦ
2298 1048 2541 1120 αἰθερίου
2579 1047 2959 1118 ἀνθαιρεῖσθαι
3006 1049 3066 1102 τὸ
3117 1050 3331 1104 πεδινόν
3377 1067 3437 1104 τε
3485 1053 3578 1104 καὶ
3626 1068 3720 1104 τα-

2149 1141 2353 1196 πεινόν.

2218 1231 2290 1303 η’,
2330 1235 2390 1287 '0
2417 1234 2474 1288 δὲ
2503 1235 2645 1290 οὕτω
2667 1235 2767 1308 τὴν
2792 1237 2901 1308 γῆν
2929 1236 3300 1311 περιφρονῶν,
3325 1235 3420 1289 καὶ
3453 1235 3588 1308 πρὸς
3615 1254 3722 1306 μη-

2148 1325 2236 1379 δέν
2258 1344 2311 1380 τι
2345 1327 2453 1382 τῶν
2477 1329 2598 1383 κατ’
2627 1330 2798 1400 αὐτὴν
2825 1331 3081 1399 κεκυφὼς
3103 1371 3118 1395 ,
3151 1331 3265 1393 πῶς
3301 1331 3398 1383 οὐκ
3430 1329 3499 1384 ἂν
3532 1330 3627 1384 καὶ
3653 1329 3724 1382 δι’

2149 1419 2324 1488 εὐχῶν
2351 1421 2430 1483 εἰς
2458 1420 2515 1474 τὸ
2534 1421 2718 1489 ὅμοιον
2739 1421 2973 1476 εὐοδοῖτο
2997 1422 3164 1476 καλόν
3185 1439 3200 1487 ;
3223 1421 3515 1491 Ἐσχόλαξε
3540 1421 3724 1474 τοίνυν

2153 1514 2249 1567 καὶ
2275 1511 2451 1568 ποδῶν
2481 1513 2638 1584 ὀρθίᾳ
2669 1515 2860 1569 στάσει
2888 1516 2974 1582 ἐφ’
3005 1516 3208 1580 ίκανὺν,
3239 1516 3335 1569 καὶ
3363 1515 3564 1586 χειρῶν
3592 1517 3724 1569 ἀνα-

2149 1606 2308 1659 τάσει
2342 1605 2480 1675 πρδς
2507 1605 2597 1659 τὸν
2632 1602 3076 1677 ἀνωῖυνάμενον
3095 1609 3276 1661 ἕλκειν
3311 1609 3400 1661 τδν
3428 1609 3522 1661 καὶ
3552 1609 3725 1676 ἀσφα·

2150 1695 2258 1758 λὼς
2289 1694 2581 1766 βεόηκότα.
2615 1699 2709 1751 καὶ
2740 1699 2976 1768 στερεῶς
3004 1699 3237 1760 ἑστῶτα,
3269 1700 3361 1752 καὶ
3392 1700 3584 1768 χεῖρας
3603 1698 3724 1766 ἅμα

2152 1790 2246 1842 καὶ
2291 1787 2472 1857 ψυχὴν
2501 1788 2630 1858 ὅλην
2676 1791 2812 1858 πρὸς
2839 1789 3004 1842 αὐτὸν
3035 1790 3403 1843 ἀνατείνοντα.
3441 1792 3550 1842 Καὶ
3581 1789 3726 1844 οὕτω

2157 1876 2256 1946 μὲν
2297 1877 2417 1939 ὅλος
2451 1873 2519 1948 ἦν
2557 1877 2655 1948 τῆς
2685 1879 2948 1932 ἀνωτάτω
2975 1877 3234 1946 ὑψώσεως
3261 1895 3275 1910 ο
3307 1879 3355 1931 εί
3393 1879 3448 1932 δέ
3490 1895 3594 1932 που
3630 1881 3728 1932 καὶ

2151 1969 2249 2038 τῆς
2280 1970 2380 2038 γῆς
2405 1969 2494 2022 διὰ
2520 1969 2582 2020 τὸ
2607 1968 2898 2037 φυλετικὺν
2938 1969 3200 2036 συγγενὲς
3220 2009 3237 2036 ,
3276 1969 3450 2022 ἐποίει
3487 1970 3589 2039 μὲν
3631 1970 3728 2022 καὶ

2152 2063 2304 2126 αὐτὸ,
2344 2061 2442 2131 οὐχ
2479 2060 2620 2113 ὥστε
2660 2061 2766 2131 μὴν
2803 2061 2894 2114 καὶ
2937 2062 3235 2130 ἀχρειῶσαι
3274 2064 3333 2115 τ’»
3375 2061 3726 2132 ἀνθρωπικ“ν

2150 2153 2352 2222 ὄρθιον,
2377 2151 2512 2205 ἀλλά
2538 2152 2629 2204 καὶ
2661 2151 2793 2206 αὐτὸ
2822 2153 3076 2219 φυλάξαι,
3108 2155 3202 2208 καὶ
3228 2157 3291 2223 τῇ
3327 2155 3497 2223 μητρὶ
3528 2157 3600 2224 γῇ
3634 2171 3728 2223 χα-

2153 2245 2425 2318 ρίσασθαι.
2475 2247 2643 2298 Ἷίνυε
2689 2244 2743 2298 δὲ
2782 2245 2935 2307 αὐτὸ,
2980 2246 3183 2312 γόνατα
3211 2246 3412 2299 κλίνων
3461 2247 3726 2313 συνεχῶς,

2152 2337 2247 2390 καὶ
2267 2338 2402 2406 ταχῦ
2433 2337 2873 2406 ἐξανιστάμενος,
2905 2337 3080 2389 ἐκεῖνο
3109 2338 3208 2406 μὲν
3236 2335 3338 2405 γῆς
3368 2337 3461 2388 καὶ
3488 2337 3569 2397 εἰς
3599 2335 3727 2404 γῆν,

2151 2431 2310 2482 τοῦτο
2345 2429 2400 2482 δὲ
2432 2424 2518 2482 οἷα
2556 2431 2649 2483 καὶ
2687 2429 2853 2496 φυτὸν
2896 2429 3401 2500 πεφιλοσοφημένος
3446 2431 3726 2498 οὐράνιον.

2152 2520 2260 2574 Καὶ
2285 2517 2428 2588 εἶχον
2457 2520 2618 2572 αὑτὸν
2644 2519 2675 2589 ἡ
2705 2519 2928 2590 τοιαύτη
2957 2519 3136 2588 πυκνὴ
3165 2519 3393 2573 εὐκταία
3424 2520 3637 2581 πτῶσίς
3669 2536 3728 2571 τε

2155 2614 2247 2664 καὶ
2271 2611 2564 2673 ἀνάστασις
2597 2613 2689 2664 καὶ
2723 2612 2910 2680 σχεδόν
2934 2628 2988 2664 τι
3027 2613 3122 2664 καὶ
3151 2611 3273 2683 δίχα
3303 2613 3465 2664 πόνου
3485 2629 3497 2641 ·
3527 2612 3589 2662 τὸ
3621 2613 3729 2680 γὰρ

2152 2704 2210 2768 ἐξ
2231 2703 2556 2773 ὲγρκατείλς
2586 2704 2916 2774 ὑπέρισχνον
2949 2704 3050 2773 τῆς
3089 2704 3289 2774 σαρκὸς
3321 2705 3460 2774 ταχίι
3497 2705 3595 2773 τῆς
3627 2706 3730 2773 γῆς

2152 2793 2424 2846 ἀπανίςτα
2455 2795 2544 2847 τὸν
2582 2793 2758 2861 ἅγιον,
2791 2795 2865 2857 ὡς
2905 2795 3298 2863 εὐπετέστερον
3326 2793 3465 2847 εἶναι
3496 2795 3596 2847 τοῦ
3625 2813 3729 2848 κα-

2152 2887 2471 2954 τακλιθῆναι
2499 2886 2559 2938 το
2581 2886 2895 2951 ἀνανεῦσαι,
2928 2886 3069 2940 καθά
3097 2904 3198 2940 που
3217 2886 3312 2940 καὶ
3342 2887 3504 2950 θάλος
3529 2887 3730 2956 εὐφυὲς

2156 2979 2328 3050 βραχύ
2351 2998 2401 3032 τι
2428 2979 2606 3049 κύψαν
2632 2981 2696 3032 ὲκ
2723 2979 3056 3047 καταπνοῆς,
3081 2976 3200 3032 εἶτα
3222 2979 3414 3033 θᾶττον
3438 2981 3732 3050 ἀνατρέχει

2154 3077 2290 3138 πρὲις
2316 3073 2374 3124 τὸ
2405 3071 2556 3124 εὐθύ.
2810 3075 2811 3080 “

2228 3165 2292 3217 θ’.
2328 3161 2391 3213 Τί
2418 3161 2474 3214 δὲ
2501 3161 2637 3212 ἀλλὰ
2659 3161 2760 3225 τὴν
2793 3161 2969 3230 σάρκα
3001 3159 3299 3224 ὑποκενῶν,
3333 3161 3428 3214 καὶ
3453 3162 3534 3223 είς
3559 3160 3736 3230 λαγα-

555 3207 608 3221 ν.
653 3207 788 3232 κν...
1014 3207 1024 3210 -
1060 3207 1076 3209 _
1211 3207 1256 3224 ,ε
1306 3207 1314 3208 ,

480 3271 790 3317 evacuans,
833 3261 1088 3306 caeterum
1140 3248 1264 3301 inde
1307 3253 1573 3314 quaestum
1634 3239 1864 3294 faciebat
1911 3239 2049 3291 sicut

2235 3207 2252 3213 -
2280 3207 2292 3217 .
2342 3207 2391 3213 --
2423 3207 2473 3214 --
2503 3207 2637 3212 --ηπ
2795 3207 2969 3230 ηρη
3005 3207 3299 3224 -.-η----η
3334 3207 3428 3214 η--
3455 3207 3532 3223 ν-.
3559 3207 3627 3213 --ν
3673 3207 3707 3216 ν

2161 3257 2262 3324 ραν
2282 3253 2687 3316 ἀποκαθιστῶν,
2708 3253 3104 3323 ἐχρηματίζετο
3125 3253 3296 3318 άλλως
3318 3251 3568 3304 ἐντεῦθεν
3589 3207 3735 3307 κατὰ

483 3349 659 3412 avari,
711 3356 768 3400 et
820 3345 1077 3398 horreum
1134 3337 1428 3408 genuinum
1483 3348 1711 3387 vacuum
1745 3330 2048 3384 dimittens.

481 3441 789 3509 corripiebat
829 3434 1072 3489 exterius
1115 3440 1168 3484 et
1198 3426 1565 3490 addietitium,
1600 3433 1656 3479 et
1698 3421 1880 3476 forsan
1919 3419 2050 3472 illud

480 3541 727 3585 evertere
766 3526 1148 3588 meditabatur,
1190 3521 1475 3589 majusque
1505 3513 1806 3572 suscitare?
1832 3511 2051 3578 Nequa-

484 3635 670 3692 quam.
697 3620 766 3674 At
797 3626 940 3671 terra
977 3625 1034 3670 et
1060 3613 1259 3668 divitiae
1291 3625 1409 3682 qua:
1449 3625 1514 3664 ex
1552 3608 1640 3661 illa
1684 3615 1811 3660 sunt
1843 3614 1896 3657 et
1929 3601 2055 3656 reli-

483 3728 591 3781 qua
619 3713 744 3766 vita:
765 3708 1084 3778 compendia
1121 3722 1150 3759 a
1181 3706 1290 3759 Deo
1315 3701 1621 3765 benedicta,
1652 3698 1867 3768 plenum
1906 3695 2051 3748 illum

483 3805 756 3862 iaciebant
803 3801 1056 3856 omnibus
1083 3813 1202 3867 qua:
1238 3795 1590 3850 terrestribus
1622 3789 1927 3859 exoptanda
1973 3787 2055 3840 vi-

484 3903 711 3963 dentur;
739 3891 1094 3951 beneﬁcentia
1121 3899 1301 3946 autem
1325 3897 1379 3942 et
1405 3887 1716 3941 humanitas
1738 3880 2056 3949 evangelica

485 3989 830 4060 superaddita
868 3985 1142 4047 mandato,
1179 3997 1275 4050 per
1316 3979 1462 4048 quod
1498 3978 1758 4030 invitatur
1799 3973 2057 4026 cordatus

484 4085 648 4137 homo
682 4079 748 4132 ad
789 4075 1167 4146 deponendum
1218 4069 1549 4137 superﬂuum
1589 4067 1642 4121 in
1674 4067 1784 4119 vita
1815 4064 2054 4133 pondus,

481 4182 538 4228 et
569 4168 912 4228 dividendum
945 4165 1291 4234 pauperibus,
1326 4171 1384 4216 ut
1409 4165 1481 4216 ita
1511 4161 1793 4228 expeditus
1825 4159 1879 4212 in
1917 4158 2057 4210 viam

483 4263 721 4318 divinam
761 4269 818 4314 et
853 4272 975 4311 vere
1006 4266 1235 4318 rectam,
1270 4254 1395 4306 licet
1421 4253 1603 4320 aliquo
1625 4250 1787 4305 modo
1809 4262 2054 4316 asperam

484 4353 641 4407 initio
697 4347 1150 4416 ingredientibus,
1184 4342 1386 4397 serviat
1432 4339 1542 4395 Deo
1575 4340 1640 4394 ad
1689 4339 1910 4392 meliora
1957 4337 2056 4392 du-

483 4443 649 4507 centi,
691 4449 882 4494 sancto
927 4445 1214 4491 suaserunt
1243 4442 1300 4487 ut
1331 4448 1426 4486 sua
1471 4435 1605 4485 bona
1647 4428 1954 4484 eﬂ‘uuderet
2001 4429 2053 4482 in

2156 3349 2282 3407 τοὺς
2315 3345 2607 3414 κίμϐικας,
2647 3345 2741 3397 καὶ
2775 3345 2871 3414 τὴν
2909 3344 3189 3412 σύμφυτον
3225 3344 3510 3413 ἀποθήκην
3545 3345 3734 3399 διάκε-

2155 3456 2246 3492 νον
2277 3436 2486 3506 ἀφιεὶς,
2527 3437 2838 3502 ἀνεπλήρου
2873 3438 2972 3506 τὴν
3005 3435 3110 3498 ἔξω
3140 3437 3235 3489 καὶ
3269 3436 3569 3504 πρόσθετον
3593 3477 3610 3501 ,
3643 3438 3738 3489 καί

2159 3548 2261 3585 που
2303 3533 2397 3584 καὶ
2427 3531 2676 3584 καθελεῖν
2707 3530 2877 3599 αὐτὴν
2912 3530 3143 3598 ἐμελέτα
3174 3531 3267 3582 καὶ
3297 3531 3576 3600 ἀνεγεῖραι
3612 3530 3738 3599 μείς

2159 3625 2317 3690 (ova;
2361 3624 2662 3693 Ούμενουν.
2711 3624 2850 3675 Ἀλλ’
2883 3624 2918 3691 ἡ
2972 3623 3069 3691 μὲν
3114 3623 3188 3690 γῆ
3240 3622 3336 3674 καλ⁸
3384 3625 3411 3673 ὁ
3456 3621 3517 3685 ἐξ
3558 3623 3737 3690 αὐτῆς

2159 3717 2386 3777 πλοῦτος
2413 3715 2506 3768 καὶ
2529 3717 2558 3784 ἡ
2587 3715 2744 3782 λοιπὴ
2771 3713 2916 3766 κατὰ
2943 3713 3058 3781 βίον
3089 3712 3333 3782 μέθοδος,
3359 3712 3737 3782 εύλογρυμένη

2159 3811 2310 3881 παρὰ
2338 3809 2496 3873 Θεοῦ,
2529 3809 2721 3877 μεστὸν
2749 3807 2906 3859 αὑτὸν
2937 3807 3112 3859 ἐποίει
3147 3808 3388 3872 πάντων,
3419 3807 3518 3859 ὅσα
3549 3825 3738 3876 μακα-

2162 3905 2320 3973 ριστὰ
2351 3905 2464 3963 τοῖς
2495 3903 2624 3969 περὶ
2655 3904 2757 3969 γῆν
2782 3916 2796 3930 ·
2827 3898 2888 3952 τὸ
2912 3900 2968 3952 δὲ
3001 3899 3318 3952 κοινωνικὸν
3346 3900 3440 3952 καὶ
3465 3899 3737 3968 φιλάλλη-

2160 3997 2250 4048 λον
2297 3997 2392 4048 καὶ
2437 3993 2843 4062 φιλάνθρωπον,
2895 3994 2962 4060 τῇ
3003 3990 3333 4060 εὐαγγελικῇ
3385 3993 3741 4062 παραγγελία⁵

2160 4085 2602 4158 προσαυξόμενον
2627 4084 2693 4136 δι’
2723 4080 2789 4154 ἧς
2811 4085 3165 4155 προκαλεῖται
3195 4085 3223 4134 ὁ
3245 4082 3492 4150 ἐχέφρων
3516 4081 3739 4150 ἀνθρωο

2162 4196 2261 4241 πος
2283 4217 2298 4239 ,
2329 4175 2679 4229 ἀποτίθεσθαι
2707 4175 2796 4226 τὸν
2840 4174 3096 4242 περιττὴν
3132 4175 3188 4224 ὲν
3225 4173 3328 4240 βίῳ
3371 4172 3601 4241 φόρτον,
3644 4173 3741 4224 καὶ

2160 4267 2474 4322 ἀνατιθέναι
2501 4267 2758 4335 πτωχοῖς,
2779 4266 2874 4316 καὶ
2898 4262 3040 4315 οὕτω
3068 4263 3354 4330 γινόμενον
3381 4262 3624 4326 είδζωνον
3657 4268 3742 4327 είς

2158 4360 2276 4411 ὁδον
2308 4358 2476 4420 θείαν,
2513 4355 2608 4409 καὶ
2638 4355 2856 4422 άληθῶς
2883 4355 3118 4417 εὐθεῖαν,
3150 4355 3199 4406 εί
3230 4355 3324 4406 καὶ
3344 4355 3504 4408 ἄλλον
3530 4357 3744 4424 τρόπον

2159 4451 2418 4520 τραχεῖαν
2449 4449 2519 4502 τὰ
2571 4447 2690 4500 κατ’
2717 4445 2890 4516 ἀρχὴν
2923 4449 3035 4507 τοῖς
3083 4446 3364 4513 ἑλομένοις
3413 4444 3743 4498 ἀκολουθεῖν

481 4535 732 4596 ςωιετοέ,
766 4541 821 4585 et
853 4545 914 4585 ea
951 4543 1070 4599 qum
1104 4542 1170 4582 ex
1209 4526 1302 4580 Dei
1333 4525 1560 4580 sortitus
1585 4533 1704 4577 erat
1739 4521 2049 4576 muniﬂeen-

2163 4541 2556 4612 προηγουμένῳ
2585 4539 2663 4609 τῷ
2683 4540 2800 4607 Θεῴ
2828 4541 2908 4601 εἰς
2935 4539 3004 4592 τὰ
3039 4538 3323 4608 κρείττονα
3342 4577 3358 4600 ,
3391 4537 3609 4590 ἔπειθον
3644 4539 3742 4592 τὸν

480 4632 555 4685 tia
600 4625 925 4682 transferret
972 4622 1025 4675 in
1077 4619 1425 4681 consimiles,
1480 4627 1534 4671 et
1589 4615 1783 4669 talibus
1848 4615 2058 4670 horreis

481 4724 751 4793 (ventrem
817 4717 940 4770 dico
1006 4708 1339 4784 pauperum)
1399 4709 1646 4762 crederet
1718 4720 2057 4774 quiscunque

482 4813 628 4866 Deus
659 4808 881 4877 largiter
915 4803 1316 4872 suppeditabat.
1351 4797 1413 4851 Et
1459 4800 1560 4851 hoc
1585 4806 1707 4851 erat
1743 4798 1898 4865 quasi
1936 4795 2056 4848 fons

482 4901 740 4973 perennis
765 4911 816 4953 et
843 4900 1044 4968 jugiter
1074 4895 1319 4947 elllnens.
1351 4890 1728 4945 Scaturiebant
1759 4888 1902 4941 enim
1931 4901 2056 4939 san-

484 5002 575 5048 cto
610 5005 676 5044 ex
709 4987 937 5043 inﬁnitis
975 4985 1064 5037 Dei
1108 4982 1374 5036 thesauris
1407 4981 1589 5045 utilia;
1629 4979 1718 5032 ille
1749 4993 1879 5031 vero
1919 4991 2052 5045 pau-

485 5085 566 5139 cis
605 5083 661 5136 in
702 5093 903 5135 terram
940 5089 1114 5138 suum,
1139 5087 1382 5138 carnem,
1417 5072 1636 5136 infusis,
1666 5081 1926 5150 quantum
1967 5085 2054 5122 sa-

482 5176 555 5230 tis
588 5182 707 5230 erat
735 5180 792 5224 ut
823 5169 1225 5223 humectaretur
1256 5174 1310 5220 et
1338 5166 1506 5219 herba
1539 5165 1720 5218 virens
1763 5163 2056 5230 repullula-

481 5275 587 5332 ret,
643 5263 855 5334 qualem
906 5274 1120 5329 quoque
1174 5259 1366 5313 beatus
1415 5258 1580 5310 David
1619 5257 1816 5324 diligit,
1857 5256 1907 5306 in
1963 5254 2054 5306 tali

485 5357 743 5414 nimirum
787 5366 929 5409 terra
965 5351 1155 5406 ﬂorida
1195 5366 1224 5403 a
1267 5351 1376 5405 Deo
1403 5349 1754 5412 constitutus,
1788 5346 2052 5414 reliquum

479 5449 682 5504 fontem
715 5445 922 5499 dimisit
953 5450 1011 5496 ut
1041 5439 1448 5511 pinguefaeeret
1482 5439 1586 5492 alia
1615 5439 1756 5502 loca,
1790 5447 1842 5490 et
1876 5437 2052 5490 solve-

479 5552 564 5596 ret
590 5539 888 5594 siccitatem
919 5552 1080 5606 quam
1116 5537 1341 5605 penuria
1387 5534 1718 5604 pauperibus
1763 5531 1954 5601 gignit.
1989 5532 2054 5586 Et

478 5635 595 5687 lucc
625 5633 766 5685 dona
807 5644 904 5684 nec
932 5629 1188 5683 simulate
1224 5629 1290 5680 ab
1318 5629 1408 5680 illo
1435 5611 1634 5678 lieb‘ant
1661 5625 1786 5693 (uisi
1818 5624 1942 5692 quis
1967 5625 2052 5677 di-

477 5735 567 5778 cat
603 5738 724 5779 eum
755 5724 846 5792 qui
873 5723 1004 5778 exiit
1024 5723 1296 5775 seminare
1328 5734 1511 5772 setnen
1543 5733 1697 5770 suum
1731 5717 1932 5784 palam,
1957 5733 2051 5786 spe

478 5818 699 5890 majoris
748 5835 776 5871 a
810 5815 922 5872 Deo
950 5812 1308 5879 cullei-tionis,
1345 5809 1594 5865 simulate
1631 5809 1919 5879 seminare)
1957 5825 2048 5865 tte-

2161 4634 2313 4702 ἅγιον
2338 4672 2352 4690 .
2382 4633 2444 4696 ἐξ
2477 4631 2641 4685 αὐτοῦ
2679 4631 2878 4683 κλίνειν
2907 4632 2988 4692 είς
3025 4630 3247 4697 ἑτέρους
3273 4630 3334 4681 τὸ
3365 4629 3570 4695 ἀγαθὸν
3593 4668 3609 4693 ,
3640 4632 3741 4683 καὶ

2159 4725 2220 4776 τὸ
2267 4726 2329 4776 ἐκ
2361 4722 2496 4776 Θεοῦ
2536 4721 2882 4790 φιλοτίμημα
2911 4721 3171 4788 μετάγειν
3211 4722 3291 4782 είς
3335 4719 3393 4770 τὸ
3421 4719 3741 4788 ρμόφυλον,

2133 4843 2136 4847 -
2161 4815 2255 4866 καὶ
2280 4815 2557 4875 τοιαύταις
2574 4813 2878 4881 ἀποθήκαις
2897 4811 3184 4879 (γαστέρες
3199 4810 3254 4861 δὲ
3273 4805 3437 4864 αὗται
3460 4812 3742 4880 πενήτων)

2160 4905 2454 4972 πιστεύειν,
2477 4907 2576 4957 ὅσα
2618 4908 2645 4955 ὁ
2693 4904 2826 4963 Θεὸς
2873 4903 3298 4970 ἑνεὸαψιλεύετο.
3327 4901 3437 4954 Καὶ
3477 4896 3545 4969 ἦν
3576 4900 3746 4954 τοῦτο

2161 4996 2342 5066 πηγῆς
2383 4995 2606 5047 ἀεννάου
2647 4996 2743 5046 καὶ
2791 4991 3100 5062 ἀπορρύτου
3139 4992 3384 5060 μίμημα.
3442 4991 3746 5056 ’Δνέϐλυζε

2163 5086 2259 5154 μὲν
2289 5085 2398 5152 γὰρ
2418 5082 2496 5153 τῷ
2512 5082 2650 5150 ἁγίῳ
2677 5083 2739 5134 ὲκ
2767 5081 2874 5133 τῶν
2903 5081 3155 5133 ἀϐύσσων
3205 5080 3297 5131 τοῦ
3327 5077 3462 5131 Θεοῦ
3493 5082 3746 5147 ταμείων

2157 5175 2227 5226 τά
2274 5171 2478 5243 λῴονα·
2512 5175 2540 5225 ὁ
2565 5173 2624 5225 δε
2667 5171 2824 5239 ὀλίγα
2861 5173 2927 5240 τῇ
2957 5171 3088 5239 περὶ
3123 5170 3289 5223 αὑτὸν
3320 5172 3414 5239 γῇ,
3441 5171 3508 5240 τῇ
3543 5171 3747 5240 σαρκὶ,

2160 5268 2405 5334 ἐπιχέας,
2446 5266 2524 5326 εἰς
2555 5264 2678 5316 ὅσον
2707 5263 3046 5332 ὑγράνασθαι
3075 5263 3136 5313 τὸ
3179 5263 3390 5324 ἱκανὸν,
3426 5262 3524 5314 καὶ
3568 5261 3751 5330 χλόην

2157 5357 2446 5425 ἀναθῆλαι,
2474 5356 2663 5408 ὁποίαν
2692 5357 2786 5408 καὶ
2814 5356 2842 5407 ὁ
2875 5355 3142 5424 μακάριος
3168 5353 3329 5407 Δαυῖδ
3358 5355 3578 5424 ἀγαπᾷ,
3605 5372 3751 5426 σκη-

2157 5449 2374 5510 νοῦντος
2407 5448 2570 5500 αὑτὸν
2608 5447 2702 5499 τοῦ
2733 5445 2866 5499 Θεοῦ
2901 5448 2979 5509 είς
3001 5447 3165 5500 τόπον
3193 5441 3436 5498 τοιοῦτον
3469 5447 3708 5516 χλοερὸν
3729 5486 3745 5511 ,

2155 5540 2216 5591 τὸ
2255 5539 2441 5590 λοιπὸν
2468 5540 2566 5607 τῆς
2601 5539 2782 5606 πηγῆς
2809 5537 3111 5606 ἐξέπεμπε,
3143 5539 3377 5590 πιαίνειν
3405 5537 3474 5588 τὰ
3507 5537 3748 5605 ἐφεξῆς,

2155 5629 2254 5681 καὶ
2280 5629 2428 5680 λύειν
2457 5630 2689 5698 αὐχμὸν,
2727 5631 2911 5680 ὁποῖον
2941 5631 2973 5696 ἡ
3015 5629 3174 5679 πενία
3200 5633 3312 5687 τοῖς
3344 5627 3581 5678 ἐνδεέσιν
3609 5634 3745 5679 επι-

2151 5723 2468 5790 ψηφίζεται.
2514 5725 2620 5774 Καὶ
2659 5725 2690 5790 ἡ
2723 5721 2945 5790 τοιαύτη
2976 5722 3120 5782 δόσις
3168 5720 3319 5788 αὐτῷ
3348 5721 3561 5787 ἐγίνετο
3604 5722 3670 5772 οῦ
3688 5739 3746 5772 τε

2154 5812 2524 5882 ὑποκριτικῶς
2553 5815 2618 5882 (εἰ
2649 5819 2817 5883 μήτις
2847 5813 2937 5865 xxi.
2968 5814 3056 5866 τὸν
3081 5811 3362 5875 ἐξελθόντα
3395 5819 3620 5882 σπεῖραι
3645 5821 3749 5864 τον
