3950 6242
437 294 535 385 tsi

1149 340 1570 406 EITSTATHII
1598 348 2357 423 THESSALONICENSIS
2396 364 2960 434 METROPOLlT.-E

3568 382 3669 448 152

432 447 642 501 τυιιίιιηι
677 453 797 508 (tum
854 440 1159 512 huiusmodi
1210 461 1443 529 Victores
1487 465 1685 522 ornat;
1741 468 1955 527 oporter

432 534 607 558 nullo.“
663 540 919 558 ηηωιηηλιι
979 550 1151 558 ..Α---η
1208 541 1273 558 μην
1461 545 1471 557 ο
1562 556 1567 558 .
1664 549 1697 558 ..

2058 510 2063 522 .
2093 470 2221 533 τοὺς
2243 474 2523 541 τοιούτους
2550 482 2883 553 νικηφόρους
2900 488 3125 554 κοσμεῖ·
3151 488 3346 557 χρῆναι
3378 489 3433 542 δὲ
3466 490 3663 558 ἄλλως,

428 534 608 580 autem
661 540 924 596 praeterea
976 550 1156 593 coram
1206 541 1505 601 innumeris
1558 549 1785 604 testibus
1841 552 1988 607 omni

423 620 720 672 certamine
765 637 1049 693 superare,
1086 639 1419 703 exterasque
1467 638 1728 707 perﬁcere
1781 656 1989 712 pugnas

418 707 752 776 spirituales.
772 713 847 767 ita
879 718 1017 771 enim
1046 718 1134 773 ille
1156 721 1246 790 qui
1271 738 1455 779 coram
1489 728 1784 787 innumeris
1813 716 1988 789 oculis

418 804 714 866 prosternit
760 804 1059 876 inimicum,
1101 826 1210 868 non
1245 815 1608 877 confundetur
1637 837 1819 878 coram
1860 826 1988 881 soli-

421 895 611 948 tariam
644 898 805 951 vitam
849 912 1061 971 agente,
1106 910 1383 975 superabit
1428 925 1633 982 autem,
1690 918 1984 989 ut0pinor,

415 985 675 1051 praeclaro
710 987 973 1048 facinore.
1007 994 1294 1054 Solitarius
1342 1002 1486 1058 enim
1522 1007 1676 1075 quasi
1732 985 1829 1076 per
1865 1011 1983 1079 pla-

419 1088 543 1125 num
578 1076 934 1142 curriculum,
970 1082 1116 1136 nullo
1152 1085 1469 1156 interposito
1504 1076 1905 1161 impedimento,
1930 1107 1985 1153 et

415 1162 668 1230 luctatur,
710 1178 764 1221 ct
790 1171 983 1236 currit,
1019 1183 1071 1228 et
1102 1188 1321 1245 pugnat,
1354 1189 1408 1233 et
1442 1190 1635 1237 ctetera
1666 1188 1982 1245 certaminis

418 1251 584 1320 facit;
614 1269 803 1311 servus
834 1272 1012 1313 autem
1046 1260 1138 1316 Dei
1176 1265 1267 1333 qui
1302 1267 1509 1325 medias
1534 1285 1628 1339 per
1656 1277 1841 1329 mundi
1870 1276 1982 1333 vias

409 1352 604 1412 certat,
635 1347 927 1403 substratis
959 1352 1191 1420 tribulis,
1221 1372 1356 1426 quos
1386 1368 1439 1413 et
1473 1375 1688 1431 semper
1734 1365 1902 1435 gignit
1927 1378 1981 1423 et

409 1435 554 1489 acuit
585 1432 940 1505 incomposita
992 1444 1121 1508 vita,
1173 1448 1687 1522 suhjacentibusque
1732 1432 1979 1512 innume—

408 1521 491 1578 ris
530 1527 699 1592 petris
729 1527 1066 1597 offendiculi,
1104 1546 1314 1605 certat;
1369 1521 1611 1610 ideoque
1652 1551 1775 1611 post
1810 1546 1979 1601 victo-

410 1612 549 1667 riam
601 1616 761 1673 habet
813 1622 986 1694 majus
1042 1638 1441 1697 ornamentum,
1492 1642 1867 1705 praetereaque
1923 1646 1980 1692 et

409 1704 547 1763 alios
575 1705 642 1763 ad
666 1711 914 1767 eumdem
944 1715 1118 1773 zelum
1160 1731 1434 1787 provocat,
1465 1730 1518 1777 et
1549 1723 1621 1779 ita
1656 1704 1976 1797 multiplicat

2088 565 2187 616 καὶ
2221 564 2314 618 ἐπὶ
2347 566 2555 622 θεατῶν
2585 573 2726 626 πάνυ
2757 575 2967 628 πολλῶν
2991 581 3425 648 παγκρατιάζειν
3450 598 3532 646 τε,
3571 586 3664 637 καὶ

2089 654 2214 717 τοὺς
2251 657 2471 722 λοιποὺς
2515 660 2760 728 ἐξανύειν
2788 666 3009 734 ἀγῶνας
3048 672 3187 722 κατὰ
3221 671 3458 742 πνεῦμα.
3500 672 3664 728 Οὕτω

2089 746 2195 817 γὰρ
2220 749 2249 800 ὁ
2280 749 2364 802 ἐπ’
2388 749 2545 821 ὄψεσι
2566 755 2791 825 μυρίαις
2806 759 3192 829 καταρριπτῶν
3217 761 3309 815 τὶν
3356 762 3658 834 ἀντίμαχον

2087 838 2186 891 οὐκ
2216 839 2282 894 ἂν
2312 843 2625 913 ἑντρέποιτο
2660 847 2753 901 τὸν
2784 850 3108 917 μονάζοντα,
3145 852 3569 923 ὕπεραναὸαίνοι
3600 857 3659 910 δὲ
3690 875 3704 885 ·

2086 930 2154 983 ἂν
2190 927 2342 1003 οἶμαι
2370 935 2448 1007 τῷ
2490 939 2900 1010 κατορθώματι.
2944 943 3002 996 '0
3038 943 3137 1012 μὲν
3166 945 3277 1014 γὰρ
3307 946 3555 1013 μονάζων
3583 949 3660 1011 ὡς

2084 1021 2179 1074 ἐπὶ
2210 1024 2427 1078 σταδίου
2458 1025 2602 1080 λείου
2632 1031 2728 1083 καὶ
2758 1031 2926 1101 μηδὲν
2965 1031 3027 1084 τὸ
3060 1033 3391 1100 συμποδίζον
3418 1033 3656 1104 ἔχοντος.

2085 1114 2179 1167 καὶ
2231 1113 2472 1180 παλαίει,
2504 1118 2598 1172 καὶ
2627 1119 2761 1182 θέει,
2793 1120 2906 1174 καὶ]
2931 1121 3037 1186 πὺξ
3055 1124 3323 1185 πονεῐται,
3355 1127 3448 1177 καὶ
3485 1126 3656 1181 τᾶλλα

2083 1203 2176 1258 τοῦ
2223 1206 2432 1273 ἀγῶνος
2468 1212 2646 1263 ποιεῖ·
2679 1213 2709 1263 ὁ
2755 1211 2812 1264 δὲ
2842 1212 2975 1280 περὶ
3010 1214 3180 1281 μέσας
3221 1214 3416 1281 ἀγυιὰς
3444 1215 3655 1284 κόσμου

2083 1293 2224 1360 θεῖος
2267 1298 2604 1369 ἀγωνιστὴς,
2637 1302 2901 1371 τριϐόλων
2944 1303 3403 1374 ὑπεστρωμένων,
3447 1305 3512 1368 ἃς
3560 1308 3655 1360 καὶ

2080 1388 2312 1457 ἀναφύει
2363 1392 2456 1444 καὶ
2502 1390 2678 1458 ὀξύνει
2730 1393 3082 1463 συρφετώδης
3130 1397 3266 1465 βίος,
3314 1397 3395 1450 ἔτι
3456 1398 3512 1450 δὲ
3558 1400 3652 1451 καὶ

2078 1477 2240 1531 λίθων
2260 1480 2639 1551 ὑποκειμένων
2663 1481 2871 1553 μυρίων
2891 1484 3342 1555 προσκόμματος,
3365 1486 3615 1541 saetas“
3634 1506 3648 1522 ο

2076 1568 2158 1621 διὸ
2200 1570 2295 1623 καὶ
2325 1574 2552 1640 νικήσας
2590 1573 2707 1643 ἔχει
2744 1591 2798 1631 τι
2837 1576 2929 1629 καὶ
2961 1575 3123 1629 πλέον
3162 1576 3545 1647 ὲπικόσμημα,
3579 1580 3648 1636 τά

2076 1675 2135 1711 τε
2169 1660 2323 1723 ἄλλα,
2358 1664 2449 1716 καὶ
2470 1664 2554 1718 ὅτι
2578 1665 2669 1716 καὶ
2696 1665 2891 1728 ἄλλους
2915 1668 2995 1727 είς
3024 1666 3116 1721 τὸν
3145 1669 3330 1737 ὅμοιον
3357 1673 3643 1739 προκαλεῖ-

2077 1764 2167 1801 ται
2224 1748 2404 1819 ζῆλον,
2463 1754 2559 1806 καὶ
2615 1755 2757 1808 οὕτω
2816 1756 3080 1827 πληθύνει
3134 1759 3262 1821 τοὺς
3314 1760 3455 1813 κατὰ
3511 1760 3644 1814 θεὸν

403 1800 698 1854 secundum
736 1802 901 1858 Deum
948 1808 1242 1877 principes.
1282 1809 1336 1865 Si
1367 1828 1495 1868 vero
1523 1815 1612 1884 qui
1664 1818 1955 1873 solitariuu‘

405 1890 658 1919 ηιιιΙΛιΑ...
686 1895 824 1919 ..2.1-.
867 1898 914 1919 ιη
972 1900 1124 1919 ,ιηΔ
1193 1903 1245 1919 μ,
1422 1916 1431 1919 Α
1471 1908 1504 1919 ..
1568 1909 1601 1919 .s
1791 1912 1834 1919 .-

2074 1800 2345 1908 aptat-sic.
2364 1800 2445 1895 -ὲί
2626 1845 2718 1899 τὸν
2745 1800 3049 1916 μονάέοντα
3079 1800 3319 1919 ἀθλητὴν
3340 1849 3561 1919 βλέπων
3587 1853 3644 1905 ἐν

402 1890 660 1947 athletam
686 1895 828 1949 videt
867 1898 918 1950 in
969 1900 1308 1970 abscondito,
1355 1908 1605 1962 retribuit
1661 1912 1968 1977 manifeste,

340 1996 343 1999 ·
399 1994 580 2037 nonne
613 1984 660 2036 ei
693 1986 784 2054 qui
820 1989 1106 2047 manifeste
1136 2003 1329 2058 certat,
1366 2007 1421 2050 et
1447 1998 1530 2053 sic
1565 2000 1793 2072 effugit:
1828 2023 1848 2056 ι
1878 2006 1969 2061 Vae

397 2072 499 2125 soli
524 2073 567 2135 ⁸,
607 2092 625 2124 ι
663 2086 716 2129 et
766 2077 972 2147 lapsum
1028 2081 1434 2154 irreparabilem
1470 2090 1732 2161 justitiam
1783 2098 1967 2153 reddet

396 2174 596 2232 praeter
629 2175 1163 2230 remunerationem?
1219 2178 1311 2233 Sic
1360 2182 1438 2235 sol
1493 2184 1716 2253 pulcher
1746 2200 1826 2243 est
1865 2189 1966 2260 (sol

395 2259 481 2305 est
526 2256 716 2323 enim),
766 2262 978 2326 quando
1016 2265 1114 2320 sub
1173 2279 1370 2324 terram
1433 2274 1536 2329 iter
1597 2274 1753 2342 facit,
1791 2256 1965 2350 neque

394 2345 687 2415 quisquam
732 2349 782 2403 in
813 2366 933 2406 eum
976 2357 1162 2413 oculos
1205 2357 1430 2430 injicere
1466 2375 1672 2433 potest;
1709 2371 1818 2426 sed
1850 2387 1966 2425 om-

395 2436 526 2488 nino
557 2438 834 2505 pulchrior
879 2453 961 2498 est
1010 2460 1132 2502 cum
1189 2460 1313 2521 post
1363 2465 1541 2510 ortum
1575 2457 1797 2525 pulchra
1830 2462 1961 2516 facit

392 2540 734 2599 quaecunque
794 2532 1057 2603 intuetur,
1083 2543 1278 2609 quibus
1311 2559 1434 2599 eum
1468 2548 1608 2603 Deus
1640 2554 1820 2607 lucere
1842 2553 1959 2622 jus-

389 2618 463 2672 sit
492 2634 665 2689 usque
694 2623 761 2677 ad
790 2640 1068 2685 occasum.
1107 2631 1245 2687 Sunt
1275 2645 1453 2690 autem
1496 2638 1591 2694 Dei
1622 2618 1958 2714 quoqueviu-

388 2709 662 2778 visibilia;
694 2715 848 2771 nobis
895 2733 1025 2775 vero
1064 2709 1650 2795 incomprehensibilia
1690 2709 1765 2787 eti
1789 2733 1958 2788 admi-

386 2803 577 2867 randa,
600 2804 832 2863 visibilia
859 2809 994 2875 ejus.
1022 2826 1114 2866 seu
1146 2817 1458 2874 manifeSta.

456 2891 546 2946 11.
583 2891 715 2948 Cum
748 2896 860 2951 haec
889 2908 942 2951 et
973 2899 1076 2973 alia
1123 2902 1271 2972 (sunt
1326 2907 1469 2960 enim
1510 2924 1631 2964 vere
1664 2911 1829 2965 multa
1879 2922 1955 2965 ta-

387 2982 480 3054 lia)
517 2987 701 3041 animo
734 2990 1117 3058 perpendisset
1140 2994 1478 3066 Phil0theus,
1504 3014 1531 3052 a
1572 3017 1740 3071 puero
1770 3003 1950 3059 divina

384 3074 633 3139 edoctus,
671 3076 1016 3134 desiderabat
1052 3084 1267 3152 quidem
1328 3103 1601 3144 secessum
1638 3103 1692 3147 et
1752 3095 1951 3148 asceti-

382 3178 501 3218 cam
536 3167 722 3232 vitam,
758 3169 902 3239 plebi
953 3171 1237 3241 ignotam;
1273 3185 1511 3231 attamen
1559 3192 1713 3249 aequa
1747 3192 1947 3238 Statera

379 3253 542 3311 simul
574 3261 830 3326 expensis
880 3264 1181 3319 monastica
1215 3275 1268 3321 et
1306 3270 1581 3324 mundana
1637 3273 1766 3335 vita,
1800 3284 1950 3328 utra-

379 3361 484 3415 que
518 3351 814 3405 secundum
870 3351 1058 3420 Deum,
1100 3356 1241 3412 sicut
1286 3360 1400 3428 ipse
1441 3361 1711 3430 distinxit,
1744 3376 1796 3420 et
1828 3376 1949 3436 post

379 3436 789 3494 distinctionem
828 3444 1171 3515 approbavit,
1210 3448 1372 3520 elegit
1404 3452 1527 3509 vita:
1559 3470 1728 3525 genus
1774 3457 1947 3512 virtu-

376 3528 524 3583 tibus
552 3542 807 3587 ornatum
842 3536 985 3605 quod
1021 3536 1372 3596 beatissimus
1422 3542 1524 3599 Job
1555 3556 1609 3600 et
1655 3548 1768 3616 ipse
1812 3563 1947 3617 pra:-

377 3631 658 3691 optaverat
692 3634 747 3679 et
775 3630 829 3681 in
856 3644 962 3699 quo
995 3641 1055 3685 ut
1089 3632 1176 3687 vix
1211 3636 1349 3690 ullus
1379 3639 1470 3706 qui
1522 3654 1765 3710 unquam
1798 3643 1946 3699 vixe-

378 3720 506 3767 runt
534 3712 713 3771 clarus
747 3716 871 3773 fuit.
915 3719 1049 3775 Cum
1083 3736 1260 3779 autem
1299 3727 1598 3785 innumeris
1632 3731 1942 3802 coniugium

376 3804 691 3863 nominibus
722 3813 1089 3870 commendari
1124 3818 1353 3883 videret,
1393 3829 1446 3873 et
1482 3821 1624 3879 sicut
1667 3832 1940 3893 parentes,

373 3896 449 3951 ita
482 3908 535 3953 et
584 3899 699 3970 ipse
734 3904 783 3956 in
819 3907 1021 3961 mundo
1064 3908 1265 3964 bonum
1308 3912 1508 3979 simile,
1542 3916 1940 3972 successionem

375 3984 679 4054 honestam,
703 3994 1077 4058 posteritatem
1103 3998 1340 4066 beatam,
1365 4001 1708 4060 benedictum
1731 4021 1939 4072 semen,

372 4076 534 4132 vellet
565 4080 896 4151 relinquere,
927 4087 1139 4157 capiant
1170 4092 1384 4146 consilii
1425 4097 1741 4163 parentibus
1786 4097 1937 4162 facit,

371 4177 427 4220 et
456 4167 557 4238 ipsi
588 4171 816 4228 libenter
844 4180 1086 4233 sermoni
1131 4181 1225 4235 ﬁlii
1272 4187 1663 4253 assentiuntur,
1708 4203 1768 4243 se
1798 4189 1940 4258 ipsos

372 4264 684 4320 incusantes
730 4271 872 4336 quod
922 4284 1029 4324 non
1090 4286 1564 4344 praeoccupassent
1619 4281 1930 4345 consilium,

372 4356 674 4424 gaudentes
707 4367 886 4412 autem
912 4363 1056 4429 quod
1090 4374 1142 4417 et
1182 4364 1237 4417 in
1272 4364 1373 4421 hoc
1412 4378 1663 4436 parentes
1695 4371 1939 4426 imitare-

2070 1932 2146 2002 τῷ
2186 1935 2434 2005 κρυπτῷ,
2468 1937 2794 1991 ἀποδίδωσιν
2824 1940 2884 1992 ὲν
2923 1938 3000 2009 τῷ
3038 1940 3282 2012 φανερῷ,
3322 1942 3421 1996 οὐκ
3453 1943 3519 1996 ἂν
3549 1944 3641 1996 τὸν

2072 2026 2127 2076 ὲν
2161 2025 2236 2095 τῷ
2269 2026 2487 2095 φανερῷ
2536 2028 2825 2094 ἀθλοῦντα,
2866 2032 2960 2084 καὶ
2992 2031 3133 2086 οὕτω
3158 2033 3523 2103 διεκφυγόντα
3558 2036 3637 2097 τὸ,

2077 2133 2095 2166 ι
2128 2117 2264 2171 Οὐαὶ
2293 2118 2369 2188 τῷ
2399 2118 2502 2184 ἐνὶ,
2526 2138 2546 2170 ι
2573 2119 2665 2173 καὶ
2690 2121 2755 2174 τὸ
2776 2121 3067 2193 ἀνέγερτον
3090 2125 3245 2194 ἐντῷ
3263 2129 3599 2179 καταπεσεῖν
3621 2168 3636 2190 ,

2070 2207 2271 2274 ἀφήσει
2302 2208 2517 2273 δικαίας
2550 2209 2655 2274 ἔξω
2686 2212 3099 2276 ἀνταποδόσεως
3127 2233 3142 2282 ;
3173 2215 3331 2272 Οὕτω
3364 2219 3460 2273 καὶ
3490 2218 3639 2290 ἥλιος

2065 2296 2226 2360 καλὸς
2262 2298 2359 2367 μὲν
2382 2299 2526 2369 (ἐπεὶ
2554 2301 2648 2361 καὶ
2679 2300 2881 2372 ἥλιος),
2913 2305 3003 2356 ὅτε
3035 2304 3142 2359 ὑπὸ
3166 2309 3268 2377 γῆν
3300 2308 3498 2371 ὁδεύει,
3542 2308 3637 2361 καὶ

2062 2389 2236 2453 οὐδεὶς
2267 2391 2412 2462 αὐτῷ
2454 2391 2767 2445 ἐπιϐάλλειν
2799 2393 2913 2463 ἔχει
2946 2394 3045 2462 τὴν
3077 2395 3199 2465 ὄψιν
3222 2415 3239 2430 ·
3269 2399 3346 2469 τῷ
3384 2400 3547 2453 παντὶ
3580 2400 3638 2453 δὲ

2062 2483 2318 2548 καλλίων,
2347 2483 2434 2537 ὅτε
2465 2484 2755 2549 ἀνατείλας
2772 2489 2916 2539 ποιεῖ
2941 2485 3007 2540 τὰ
3033 2488 3154 2540 κατ’
3184 2489 3342 2543 αὖτδν
3366 2490 3527 2555 καλὰ,
3556 2487 3636 2555 οἷς

2060 2574 2265 2627 αὗτδνό
2292 2575 2423 2639 Θεὸς
2454 2575 2724 2647 ἐνέλαμψε
2743 2578 2906 2647 μέχρι
2937 2579 3030 2631 καὶ
3059 2579 3285 2644 δύσεως.
3316 2582 3434 2635 Εἰσὶ
3460 2582 3517 2636 δὲ
3543 2583 3637 2636 καὶ

2058 2664 2191 2718 Θεοῦ
2233 2667 2437 2734 ἀόρατα
2456 2683 2470 2695 ο
2504 2668 2633 2736 ἡμῖν
2663 2666 2720 2721 δὲ
2753 2667 2870 2721 ἀλλ’
2911 2669 3269 2738 ἀκατάληπτα
3298 2670 3394 2725 καὶ
3425 2673 3638 2743 θαυμαα

2057 2756 2257 2828 ζὸμενα
2299 2759 2366 2810 τὰ
2393 2759 2566 2827 ὁρατὰ
2601 2759 2817 2827 τούτου,
2855 2761 2955 2813 εἶτ’
2988 2760 3080 2815 οὖν
3114 2762 3389 2836 θεωρητά,

2128 2917 2219 2965 ια’.
2256 2910 2444 2965 Ταῦτα
2487 2911 2583 2965 καὶ
2608 2912 2773 2983 ἔτερα
2807 2915 2951 2985 (εἰσὶ
2982 2914 3037 2969 δὲ
3067 2917 3282 2987 ἀληθῶς
3318 2919 3491 2974 πολλὰ
3518 2939 3635 2975 τοι-

2054 3002 2215 3073 αῦτα)
2261 3003 2384 3056 καθ’
2418 3004 2612 3058 ἑαυτὸν
2653 3004 3099 3078 διαλογιζόμενος
3145 3012 3174 3063 ὁ
3212 3013 3278 3064 ἐκ
3316 3013 3526 3067 παίδων
3565 3018 3631 3067 τὰ

2052 3095 2173 3150 θεῖα
2221 3098 2610 3166 σεσοφισμένος
2656 3098 2943 3166 Φιλὸθεος,
2997 3101 3184 3156 ἐπόθει
3238 3105 3341 3171 μὲν
3386 3111 3481 3159 καὶ
3531 3107 3631 3176 τὴν

2051 3186 2422 3257 ἀναχώρησιν,
2449 3187 2541 3240 καὶ
2566 3188 2664 3258 τὴν
2686 3189 2814 3252 τοὺς
2833 3189 3039 3260 πηλοὺς
3063 3190 3431 3249 λανθάνουσαν
3452 3194 3630 3266 ἄσκηη

2052 3293 2171 3331 σιν·
2221 3276 2589 3340 ταλαντεύσας
2618 3279 2674 3331 δὲ
2723 3279 2876 3348 ὅμως
2924 3281 2982 3333 ὲν
3018 3283 3235 3352 ἀκριϐεῖ
3263 3283 3628 3355 σταθμώματι

2048 3367 2141 3421 τὸν
2174 3366 2362 3437 μονίαν
2394 3368 2510 3438 βίον
2540 3369 2635 3422 καὶ
2670 3369 2759 3423 τὸν
2793 3371 3090 3437 πολιτικδν,
3131 3374 3259 3436 τοὺς
3286 3376 3427 3428 κατὰ
3456 3376 3613 3435 Θεὸν,

2048 3461 2124 3524 ὡς
2156 3461 2320 3524 αὐτὸς
2357 3459 2544 3525 διεῖλε,
2584 3463 2677 3514 καὶ
2712 3462 2905 3515 διελὼν
2938 3464 3259 3532 ἐπέκρινεν,
3280 3464 3499 3534 ἐγένετο
3525 3465 3622 3520 τοῦ

2046 3550 2188 3610 κατὰ
2209 3551 2324 3621 βίον
2352 3552 2610 3622 ἐναρέτου
2643 3552 3040 3620 πολιτεύματος
3067 3572 3082 3587 ·
3109 3555 3136 3607 ὃ
3161 3556 3256 3608 καὶ
3282 3558 3311 3610 ὁ
3338 3555 3625 3626 μακαριὼ-

2045 3661 2205 3708 τατος
2248 3642 2372 3696 Ίὼό
2399 3644 2767 3713 προελόμενος
2796 3644 3178 3716 εὐδοκίμησεν,
3207 3647 3282 3709 ὡς
3314 3647 3415 3702 οὐκ
3445 3644 3544 3701 οἷδ’
3572 3649 3628 3702 ιτ

2045 3751 2127 3798 τις
2154 3733 2261 3787 τῶν
2293 3736 2537 3792 πώποτε.
2574 3736 2683 3788 Καὶ
2708 3736 2771 3806 δὴ
2801 3736 3132 3806 μεθοδεύσας
3160 3738 3415 3808 ἐγκώμια
3438 3740 3620 3809 γάμου

2047 3826 2217 3898 μυρία
2245 3827 2368 3890 ὅσα,
2393 3827 2495 3879 ’καὶ
2524 3826 2804 3893 ἐθελήσας,
2839 3828 3030 3897 ὥσπερ
3051 3829 3212 3883 αὑτὸν
3242 3830 3289 3881 οἱ
3321 3830 3618 3900 γεννήσαν-

2042 3934 2158 3982 τες,
2209 3917 2351 3971 οὕτω
2392 3917 2487 3971 καὶ
2533 3917 2694 3981 αὐτὸς
2739 3919 2956 3986 ἀφεῖναι
3006 3918 3171 3973 καλὸν
3219 3920 3404 3988 ὅμοιον
3437 3922 3497 3975 ὲν
3532 3920 3611 3991 τῷ

2043 4008 2253 4081 κόσμῳ,
2295 4007 2546 4078 διαδοχὴν
2580 4007 2767 4077 τιμίαν
2792 4047 2806 4073 ,
2833 4008 3090 4078 ἐπιγονὴν
3124 4008 3422 4078 μακαρίαν,
3461 4010 3620 4064 εὐλο-

2041 4098 2207 4169 γητδν
2254 4100 2498 4170 σπέρμα,
2532 4096 2809 4152 κοινοῦται
2843 4100 2905 4151 τδ
2937 4099 3160 4168 σκέμμα
3194 4101 3305 4163 τοῖς
3356 4100 3619 4170 γειναμέ-

2041 4209 2148 4255 νοις
2167 4208 2183 4224 ο
2213 4191 2306 4245 καὶ⁵
2339 4189 2496 4244 αὐτοὶ
2533 4191 2761 4260 ἄσμενοι
2788 4191 2879 4243 τὸν
2908 4189 3003 4244 τοῦ
3033 4190 3151 4244 υἱοῦ
3180 4189 3337 4260 λόγον
3366 4193 3618 4262 προσίεν·

2039 4299 2150 4348 ται,
2184 4282 2524 4353 μεμφόμενοι
2561 4281 2664 4351 μὲν
2706 4281 2973 4347 ἑαυτοὺς,
3006 4281 3090 4335 ὅτι
3137 4281 3213 4351 μὴ
3250 4284 3613 4353 προήρπασαν

2038 4373 2136 4444 τὴν
2162 4372 2373 4443 βουλὴν,
2403 4374 2689 4445 χαίροντες
2715 4371 2795 4437 δὲ,
2823 4374 2905 4425 ὅτι
2933 4375 3026 4426 καὶ
3063 4371 3299 4427 ἐνταῦθα
3340 4373 3616 4443 πατρώζει

310 4491 318 4497 .
372 4459 461 4499 tur
489 4446 652 4502 illius.
700 4448 1001 4505 Confestim
1053 4456 1119 4508 de
1149 4459 1510 4524 prautuntialo
1538 4460 1752 4516 solliciti
1806 4474 1933 4520 sunt

2058 4467 2247 4528 ὀπαῖς.
2283 4466 2393 4518 Καὶ
2443 4464 2642 4518 αὐτίκα
2672 4464 2944 4534 μελετῶσι
2994 4463 3093 4533 τὴν
3142 4464 3614 4534 ἑκπεφωνημένην

372 4537 644 4607 coniugio,
705 4542 1039 4613 vitulumque
1094 4561 1216 4599 cum
1268 4549 1368 4615 ipsi
1421 4550 1659 4608 habeant
1715 4556 1804 4624 qui
1836 4562 1938 4613 sub

370 4629 657 4685 benedicto
683 4629 900 4689 futurus
944 4643 1028 4690 est
1076 4637 1225 4707 iugo,
1271 4641 1934 4711 requirebantju'vencam

372 4717 644 4789 (sociam),
669 4736 770 4790 qua
797 4724 908 4777 cito
938 4724 1157 4780 inventa
1188 4729 1646 4789 consociaverant
1696 4735 1840 4790 hunc
1882 4748 1937 4792 et

367 4808 541 4873 illam,
585 4813 776 4881 dignos
831 4814 1063 4872 invicem
1116 4818 1344 4875 alterum
1388 4823 1580 4886 altero,
1638 4826 1936 4899 iugumque

375 4899 468 4953 Dei
505 4914 600 4953 eos
655 4904 1009 4960 reddiderunt
1053 4917 1239 4976 aptum
1293 4916 1358 4965 ad
1395 4918 1657 4971 arandum
1687 4931 1741 4972 et
1767 4923 1934 4976 semi-

372 4992 607 5045 nandum
657 5002 711 5046 et
766 4995 1127 5065 colligendum
1194 5007 1501 5059 necessaria
1560 5011 1628 5062 ad
1683 5011 1931 5066 salutem.

370 5078 515 5134 Deus
542 5090 722 5134 autem
753 5084 846 5152 qui
876 5084 1024 5153 ipsos
1054 5089 1291 5158 elegerat
1322 5101 1376 5145 et
1406 5097 1495 5164 qui
1536 5097 1744 5165 plantas
1777 5118 1934 5169 para-

366 5169 487 5225 diso
509 5185 774 5243 congruas
807 5188 1061 5244 posuerat
1102 5180 1154 5233 in
1180 5189 1328 5237 terra
1356 5182 1791 5254 Opsicianorum.
1828 5209 1931 5247 non

366 5275 560 5329 passus
592 5276 676 5320 est
703 5266 825 5325 illos
857 5284 954 5324 sua
1002 5277 1315 5331 maturitate
1361 5294 1467 5334 non
1518 5281 1661 5337 ferre
1694 5300 1733 5337 r.
1756 5285 1928 5341 dicem

366 5353 616 5421 tlrmam,
685 5359 907 5429 stirpem
972 5365 1405 5437 increscentem,
1476 5375 1927 5441 germinatiouem

362 5445 751 5513 abundantem,
792 5463 844 5506 et
900 5454 1106 5514 frui-tus
1155 5469 1394 5529 tempore
1452 5478 1553 5517 suo
1599 5482 1925 5535 generosos;

363 5539 459 5593 sed
492 5542 820 5597 voluntatem
860 5545 1166 5605 timentium
1225 5569 1281 5608 se
1340 5555 1391 5606 in
1448 5556 1548 5611 hoc
1579 5573 1795 5627 quoque
1851 5559 1926 5613 fa-

433 5712 646 5773 ‘Eccle.
702 5736 775 5786 ιν,
814 5721 899 5779 10.

2039 4556 2324 4623 σύζευξινο
2351 4556 2448 4609 καὶ
2482 4555 2576 4608 τὸν
2609 4555 2810 4624 μόσχον
2839 4555 2997 4608 αὐτοὶ
3028 4553 3263 4623 ἔχοντες,
3295 4552 3350 4617 ὃς
3385 4555 3490 4607 ὑπὸ
3525 4555 3613 4605 εὑ-

2036 4648 2167 4718 λογη
2179 4645 2335 4717 μένον
2361 4644 2516 4698 ἔσται
2540 4644 2728 4711 ζυγὸν,
2764 4644 3065 4713 ἐπεζήτουν
3092 4643 3191 4715 τὴν
3217 4644 3456 4713 δάμαλιν
3476 4659 3490 4674 ·
3521 4644 3611 4696 καὶ

2033 4736 2171 4805 ταχὺ
2208 4732 2525 4804 εὑρηκότες,
2572 4732 2884 4803 συνήγαγον
2925 4730 3116 4784 τοῦτόν
3159 4747 3219 4784 τε
3255 4731 3349 4784 καὶ
3393 4732 3610 4801 ἐκείνην

2035 4827 2280 4897 ἀλλήλων
2319 4825 2501 4890 ἀξίους
2522 4839 2538 4855 ·
2575 4824 2670 4877 καὶ
2717 4822 2908 4891 ζεῦγος
2936 4822 3072 4876 Θεοῦ
3104 4822 3170 4875 δι’
3192 4822 3375 4875 αὐτῶν
3412 4824 3609 4876 ἀπετέ-

2036 4917 2220 4979 λεσαν,
2251 4915 2425 4980 δεξιὸν
2448 4913 2543 4967 καὶ
2574 4912 2745 4983 ἀροῦν
2782 4914 2877 4965 καὶ⁵
2909 4913 3155 4983 σπείρειν
3185 4912 3281 4965 καὶ
3313 4914 3610 4983 φορτηγεῖν

2034 5007 2101 5059 τὰ
2144 5005 2406 5078 σωτήρια.
2447 5005 2578 5065 Θεὸς
2618 5005 2675 5058 δὲ
2709 5006 2736 5057 ὀ
2773 5003 2996 5066 τούτους
3047 5002 3469 5072 ἐπιλεξάμενος,
3516 5004 3609 5056 καὶ

2035 5095 2180 5164 φυτὰ
2216 5093 2531 5166 παραδείσῳ
2561 5094 2844 5165 πρέποντα
2876 5092 3164 5162 ἐνθέμενος
3196 5095 3263 5163 τῇ
3301 5092 3410 5145 τῶν
3455 5094 3607 5161 Ὅψιο

2036 5188 2238 5241 κιανῶν
2269 5190 2371 5258 γῇ,
2420 5188 2524 5241 οὐκ
2566 5188 2744 5257 ἀφῆκε
2792 5185 2867 5257 μὴ
2902 5186 3300 5253 τελεσφορῆσαι
3334 5185 3479 5239 αὐτὰ
3514 5183 3609 5239 καὶ

2040 5282 2253 5353 ρίζωμα
2303 5281 2639 5350 στερέμνιον,
2682 5281 2778 5333 καὶ
2828 5280 3073 5350 πρέμνου
3125 5275 3461 5347 ἀναδρομὴν,
3510 5278 3609 5328 καὶ

2041 5375 2277 5445 βλάστην
2312 5374 2517 5442 ἁδρὰν,
2560 5374 2653 5425 καὶ
2696 5372 2946 5443 καρποὺς
2995 5371 3053 5423 ἐν
3094 5367 3272 5439 καιρῷ
3327 5367 3603 5435 εὐγενεῖς·

2039 5468 2174 5520 ἀλλὰ
2190 5467 2403 5536 θέλημα
2420 5465 2524 5518 τῶν
2549 5465 2717 5534 φοϐου
2727 5466 2905 5534 μένων
2924 5462 3088 5517 αὑτὸν
3110 5461 3386 5515 κάνταῦθα
3409 5460 3600 5527 ποιῶν,

2037 5558 2305 5629 ἐπλήθυνε
2354 5559 2443 5611 τὸν
2493 5553 2640 5610 οἶκον
2690 5556 2767 5626 τῷ
2813 5555 3050 5625 Φιλοθέῳ
3094 5557 3213 5617 ταῖς
3262 5552 3349 5607 διὰ
3396 5551 3604 5606 τέκνων

2641 5816 2696 5854 ι.
