3950 6242
231 386 310 454 153
1096 365 1491 434 LAUDATIO
1528 367 1589 429 S.
1631 363 2061 428 PHILOTHEI
2103 362 2513 426 OPSICIANI.
3294 358 3394 423 154

225 497 483 568 δπιγοναῖς,
527 492 616 546 καὶ
650 489 828 545 αὐτῶν
867 488 995 543 οἴων
1032 485 1369 540 ἐπισπᾶσθαι
1414 480 1618 550 πατρὸς
1666 495 1728 531 τε
1752 490 1785 540 ·Α

1837 478 2004 541 ciens,
2044 457 2420 546 multiplicavit
2462 476 2680 530 domum
2717 471 2984 529 Pliilotbei
3039 473 3269 528 ﬁliorum
3304 488 3397 543 ge—

227 566 392 659 ἀγαθοῦ
431 584 670 652 εὐλογίαν
705 583 799 636 καὶ
840 579 1045 651 μητρὸς
1075 578 1167 632 ἐπὶ
1195 577 1403 639 τέκνοις
1442 574 1733 643 εὐφραινο-

1850 569 2145 633 nerationc,
2190 582 2488 638 eorumque
2519 568 2610 637 qui
2653 573 2875 638 possent
2930 566 3209 623 attrahere
3253 566 3410 635 apti--

227 681 380 749 μένης,
1838 665 1908 720 mi
1965 664 2137 735 patris
2186 665 2618 723 benedictionem
2672 676 2727 722 et
2781 666 2976 721 matris
3029 666 3095 722 de
3137 666 3263 722 aliis
3303 665 3397 721 Im.

1839 758 2023 814 tantis.

262 882 351 951 'tﬂ'.
376 881 443 932 Τὸ
464 878 518 931 δὲ
563 874 816 931 ἐντεῦθεν
840 879 856 943 (
884 874 971 929 ἵνα
1005 874 1082 947 μὴ
1131 871 1208 943 τῷ
1244 872 1393 941 καλῷ
1421 870 1521 940 τῆς
1547 871 1739 941 πρώην

1902 870 1999 925 12.
2037 869 2164 925 Inde
2194 870 2284 941 (ne
2314 871 2511 941 prioris
2537 871 2753 927 virtutis
2803 872 3003 941 speciei
3058 870 3399 925 immiscere-

224 972 387 1043 ἀρετῆς
408 966 774 1038 παρσμιχθείη
801 984 856 1020 τι
877 965 978 1034 τῆς
1001 967 1058 1018 ὲν
1090 964 1189 1034 βίῳ
1220 961 1578 1032 φαυλότητος,
1602 960 1739 1030 μηδὲ

1841 971 1928 1016 tur
1950 961 2154 1031 aliquid
2196 970 2428 1017 terrenae
2475 963 2754 1030 nequitia,
2787 976 2884 1018 nec
2913 962 3216 1018 mundanus
3248 959 3401 1013 labor

223 1065 376 1119 ὁκατά
405 1062 604 1130 κόσμον
658 1060 904 1130 κάματος
940 1057 1033 1110 τοῦ
1085 1055 1253 1112 καλοῦ
1283 1055 1480 1109 τούτου
1508 1054 1740 1122 ζεύγους

1841 1052 2001 1122 hujus
2027 1052 2266 1121 praeclari
2293 1052 2407 1122 jugi
2436 1051 2587 1120 prius
2610 1051 2942 1107 frumentum
2984 1053 3175 1108 inutile
3207 1053 3392 1107 redde-

220 1158 294 1209 τδν
330 1152 504 1224 πρῶην
552 1156 704 1211 σῖτον
747 1149 1025 1221 ἀχρειώσῃ
1071 1149 1313 1214 ζιζανίου
1350 1146 1738 1217 παραφυάδι),

1842 1154 1921 1200 ret
1975 1144 2198 1201 zizania:
2251 1145 2562 1216 propagine)
2616 1144 2721 1201 alia
2762 1145 2979 1201 virtutis
3005 1147 3092 1199 via
3139 1161 3168 1200 a
3211 1155 3402 1199 sancto

220 1246 327 1315 άλλη
356 1242 567 1311 μέθοδος
614 1242 820 1312 ἀρετῆς
862 1240 940 1309 τῷ
972 1240 1115 1308 ἁγίῳ
1153 1236 1222 1310 ἦν
1246 1236 1738 1307 περισπούδαστος.

1840 1243 1959 1289 erat
1992 1235 2276 1306 diligenter
2308 1244 2537 1291 sectata.
2568 1236 2818 1306 Seipsum
2851 1236 2997 1292 enim
3029 1236 3085 1291 in
3125 1236 3400 1307 prioribus

230 1333 415 1390 Ἑαυτὸν
442 1349 500 1385 τε
532 1330 649 1402 γὰρ
670 1330 769 1382 ἐπὶ
791 1332 902 1392 τοῖς
942 1329 1231 1400 προτέροις
1272 1327 1499 1395 ἀγαθοῖς
1531 1328 1739 1397 ἐτήρει,
1768 1380 1771 1381 ,

1866 1327 2203 1382 :onservabat
2253 1327 2429 1392 bonis,
2462 1329 2716 1399 circaque
2762 1328 3017 1383 virtutem
3061 1343 3168 1384 non
3210 1328 3405 1382 immu-

219 1424 397 1486 όαύτδς
419 1420 489 1476 ὢν
514 1422 586 1474 τά
608 1422 693 1483 είς
718 1421 944 1491 ἀρετὴν,
981 1419 1077 1473 καὶ
1107 1420 1183 1489 μὴ
1208 1416 1611 1487 ἀλλοιούμενος,
1647 1416 1745 1469 καὶ

1846 1428 2012 1484 tatus,
2041 1421 2136 1474 sed
2188 1421 2555 1490 semperidem
2584 1428 2724 1485 erat,
2761 1421 2869 1475 imo
2906 1422 3191 1491 coniugem
3225 1419 3291 1474 ad
3326 1420 3403 1473 si-

220 1517 298 1584 τὴν
321 1514 541 1581 ὁμόζυγα
571 1513 655 1574 είς
683 1511 847 1579 ὅμοια
874 1507 1065 1563 εὔθυνε
1089 1524 1105 1541 ι
1137 1510 1231 1563 καὶ
1268 1504 1587 1577 κατώρθουν
1617 1504 1744 1558 ἐπί-

1845 1513 1989 1567 milia
2050 1514 2349 1584 dirigebat;
2412 1524 2467 1569 et
2523 1515 2616 1571 Dei
2656 1530 2794 1585 opus
2846 1529 2998 1585 seque
3049 1514 3405 1583 perﬁciebant

221 1619 301 1675 σης
318 1601 374 1656 τὸ
396 1602 483 1655 τοῦ
509 1600 652 1654 Θεοῦ
699 1600 863 1671 ἔργον
918 1600 1243 1677 ἀμφᾴτεροι.
1284 1599 1395 1652 Καὶ
1431 1597 1529 1651 οὐκ
1555 1591 1622 1668 ἦν
1655 1595 1747 1659 Cu-

1850 1604 2027 1661 smbo.
2071 1605 2181 1661 Nec
2210 1607 2353 1662 inter
2373 1623 2434 1662 se
2461 1608 2819 1670 dissidebant,
2852 1609 3049 1662 nedum
3095 1609 3161 1660 ad
3196 1608 3410 1660 iracun-

219 1694 440 1762 γομαχεῖν
462 1692 685 1757 αὐτοὺς,
714 1688 899 1759 πολλῷ
924 1690 981 1745 δέ
1011 1689 1174 1747 πλέον
1202 1688 1329 1743 οὐδὲ
1367 1688 1742 1757 παροιστρεῖν.

1845 1696 1989 1750 diam
2052 1696 2284 1752 invicem
2341 1696 2718 1766 provocarent.
2773 1697 3201 1753 Considerabant
3262 1698 3405 1751 enim

229 1780 579 1873 Ἐνεθυμοῦντο
635 1781 748 1851 γὰρ
794 1779 895 1843 τὰς
927 1779 1167 1843 παλαιὰς
1220 1778 1485 1846 συζυγίας
1512 1778 1622 1832 τῶν
1649 1777 1744 1831 τοῦ
1774 1818 1789 1873 1

1848 1788 2073 1857 antiqua
2100 1787 2346 1858 conjugis
2378 1790 2671 1859 iustorum,
2700 1790 2789 1860 qui
2816 1804 2848 1843 a
2879 1790 2988 1844 Deo
3028 1789 3130 1843 sibi
3177 1788 3404 1842 invicem

216 1867 323 1921 Θεοῦ
348 1868 667 1939 ἀνθρώπων,
696 1868 749 1922 οἳ
776 1868 964 1938 βοηθοὶ
991 1869 1131 1939 πρὸς
1175 1868 1309 1923 Θεοῦ
1340 1868 1617 1938 δεδομένοι
1645 1868 1739 1922 ἀλ·
1774 1867 1776 1870 ’

1848 1878 1913 1932 ad
1975 1878 2346 1948 adiumentum
2402 1882 2551 1947 dati,
2602 1880 2753 1951 digni
2805 1879 2952 1935 illius
3002 1878 3239 1948 operarii
3289 1877 3408 1932 fue-

218 1958 380 2030 λήλοις,
409 1961 637 2030 ἐργάται
660 1954 803 2032 ἦσαν
831 1960 1041 2015 ἐκείνου
1070 1961 1233 2028 ἄξιοι.
1844 1979 1993 2025 runt.

273 2069 348 2138 ιγ’.
379 2072 459 2134 Ὠς
496 2071 565 2142 δὴ
595 2070 755 2125 ταῦθ’
800 2070 972 2135 οὕτως
1017 2067 1155 2143 εἶχε,
1208 2072 1302 2126 καὶ
1329 2072 1497 2143 ἐχρῆν
1522 2073 1614 2127 τδν
1643 2072 1737 2126 τοῦ

1911 2083 2001 2137 15.
2034 2081 2172 2138 Cum
2202 2082 2366 2150 igitur
2394 2081 2509 2137 haec
2546 2081 2618 2136 ita
2649 2081 2989 2138 seliaberent
3014 2090 3068 2138 et
3094 2081 3187 2136 Dei
3217 2096 3407 2136 servus

217 2161 323 2214 θεοῦ
342 2163 565 2233 πελάτην
584 2165 876 2232 ἐγγυτάτω
897 2164 1061 2217 πλέον
1083 2164 1295 2217 ἐκείνου
1315 2163 1569 2233 γενέσθαι
1591 2164 1738 2232 (ἔδει

1848 2174 2014 2242 magis
2036 2172 2317 2242 magisque
2358 2174 2426 2228 ad
2467 2173 2633 2228 Deum
2660 2174 2919 2229 accedere
2967 2173 3191 2229 deberet
3223 2174 3408 2243 (caete-

215 2254 261 2306 δὲ
284 2255 360 2306 καὶ
394 2255 561 2319 ἄλλως
588 2255 683 2308 τὸν
719 2256 809 2309 ἀεὶ
838 2255 1171 2325 θεωρητικὸν
1198 2257 1472 2309 ἐπιτεῖναι
1494 2256 1593 2326 τὴν
1627 2257 1737 2309 διό-

1851 2280 1958 2319 rum
1988 2280 2085 2332 par
2114 2274 2235 2320 erat
2254 2273 2311 2320 ut
2344 2265 2436 2335 qui
2462 2279 2681 2335 semper
2706 2266 3088 2333 meditabatur,
3110 2262 3411 2335 intelligen-

218 2360 368 2413 ραοιν,
397 2346 487 2399 καὶ
511 2347 637 2399 ἀντὶ
661 2345 851 2417 νοεροῦ
878 2346 1001 2400 νοῦν
1030 2346 1105 2411 ὡς
1128 2347 1249 2411 ἐξὸν
1279 2347 1737 2418 ἀποτελεσθῆναι,

1846 2356 1974 2411 tiam
2000 2363 2374 2425 promoveret,
2405 2364 2462 2411 et
2482 2365 2718 2411 mentem
2744 2369 2845 2425 pro
2872 2355 3081 2411 viribus
3106 2354 3406 2419 excoleret,

215 2438 289 2487 καὶ
311 2439 383 2499 είς
415 2437 758 2505 ἀγγελοειδὲς
794 2437 1157 2508 ἀναχθῆναι),
1180 2440 1392 2507 γίνεται
1429 2438 1568 2509 πρὸς
1615 2441 1739 2494 sm-

1846 2447 1916 2502 ita
1978 2455 2041 2502 ut
2095 2446 2164 2502 ad
2219 2449 2531 2517 angelorum
2577 2446 2985 2502 similitudinem
3041 2446 3406 2515 eveheretur),

215 2525 380 2595 θυμίας
401 2528 568 2599 αὐτῷ,
612 2529 712 2583 καὶ
767 2529 849 2593 εἰς
900 2529 1202 2599 ἱερωσύνης
1240 2529 1373 2601 ὕψος
1403 2530 1737 2601 ἀναπτῆναι,

1852 2539 2172 2595 desideravit
2192 2541 2259 2594 ad
2290 2540 2578 2595 sacerdotii
2602 2540 2874 2610 fastigium
2898 2545 3217 2605 ascendere,
3248 2549 3412 2608 atque

214 2618 290 2669 καὶ
312 2616 465 2683 οὕτως
521 2619 892 2689 ἐγκαταμίξαι
920 2623 1030 2683 τοῖς
1053 2622 1148 2673 τοῦ
1186 2620 1323 2675 Θεοῦ
1360 2623 1739 2691 παραστάταις

1850 2632 1924 2686 sic
1950 2630 2044 2685 Dei
2077 2630 2481 2698 apparitoribus
2512 2644 2633 2686 sese
2659 2645 2973 2700 aggregare.
3008 2629 3199 2699 Coeplt
3229 2637 3410 2683 autem

214 2709 390 2772 ἑαυτὸν,
449 2711 859 2782 τεχνησάμενος
898 2712 996 2783 τὴν
1046 2714 1220 2782 ἀρχὴν
1265 2714 1362 2781 μὲν
1403 2716 1511 2784 πρὸ
1550 2714 1738 2769 πυλῶν

1851 2738 1901 2778 se
1925 2731 2270 2792 prosternere
2299 2730 2428 2776 ante
2484 2731 2671 2789 portas
2721 2721 2836 2786 Dei,
2888 2710 3105 2790 quando
3167 2735 3286 2789 qua:
3344 2720 3411 2774 ad

216 2800 483 2868 ῥιπτεῖσθαι
540 2803 705 2870 Θεοῦ,
746 2804 837 2856 ὅτε
869 2803 941 2857 τὰ
989 2805 1110 2858 κατ’
1160 2805 1365 2877 ἀρετὴν
1393 2804 1739 2874 είσαγωγικά

1852 2815 2093 2869 virtutem
2125 2814 2437 2868 conducunt
2466 2812 3024 2880 administrabantur;
3070 2811 3291 2877 deinde,
3318 2825 3412 2866 se—

213 2892 458 2946 ὶπονεῐτο·
489 2889 614 2948 εἶτα
639 2896 734 2948 καὶ
765 2893 1012 2968 ζητήσας
1058 2896 1435 2966 εὐαγγελικῶς
1474 2897 1555 2959 είς
1585 2896 1742 2968 εὕρε-

1855 2906 2077 2962 :undum
2105 2901 2479 2973 Evangelium,
2515 2904 2765 2973 quaesivit
2798 2914 2854 2958 ut
2892 2903 3182 2968 inveniret,
3213 2912 3267 2958 et
3298 2901 3415 2972 pul-

213 2997 298 3043 σιν,
328 2983 416 3039 καὶ
439 2984 684 3055 κρούσας
713 2987 792 3049 είς
820 2985 1025 3052 ἄνοιξιν
1045 3002 1059 3015 ο
1094 2987 1234 3057 μετά
1276 2987 1335 3040 δὲ
1362 2986 1623 3043 εἰσελθὼν
1645 2989 1741 3041 καὶ

1853 2997 1983 3051 tavit
2007 3003 2065 3051 ut
2097 2993 2442 3062 aperiretur;
2475 2994 2672 3050 deinde
2695 2994 2914 3062 intravit
2940 2993 3413 3061 desideratumque

338 3073 420 3126 τὸν
454 3073 818 3144 ποθούμενον,
866 3080 966 3129 καὶ
1019 3076 1330 3139 ἀκολούθως
1357 3079 1604 3147 ἐγγίσας,
1640 3081 1737 3134 καὶ
1765 3117 1776 3167 η

1851 3088 1976 3140 vidit
2002 3096 2057 3140 et
2091 3060 2560 3155 appropinquavit,
2608 3091 2662 3138 et
2710 3060 2958 3153 denique,
3019 3083 3094 3137 uti
3146 3060 3411 3138 desiderio

212 3162 289 3216 ἐπὶ
309 3165 459 3219 πᾶσιν
489 3168 737 3233 ὲνωθεὶς,
777 3168 890 3221 sit:
916 3168 1011 3221 καὶ
1048 3169 1399 3239 ἀνακραθεὶς,
1437 3170 1627 3240 ὥσπερ
1661 3170 1740 3242 τῷ

1849 3178 1983 3246 eius,
2039 3178 2115 3232 ita
2173 3178 2337 3233 etiam
2391 3176 2785 3232 illuminatione
2837 3176 2984 3230 illinc
3036 3174 3409 3244 proveniente,

213 3255 336 3326 πίθῳ
360 3258 541 3325 αὐτοῦ,
574 3258 723 3313 οὕτω
753 3262 849 3314 καὶ
869 3262 990 3325 ταῖς
1017 3261 1225 3315 ἐκεῖθεν
1248 3261 1605 3332 ἐλλάμψεσιν.

1393 3261 1605 3331 μψεσιν.
1843 3269 2100 3325 omnibus
2133 3269 2319 3323 unitus
2356 3267 2470 3323 sive
2501 3268 2820 3323 cummistus
2850 3276 2953 3321 est.

268 3390 340 3445 ιδ’.
373 3391 459 3455 Ὧς
479 3392 575 3446 οὖν
597 3394 695 3446 καὶ
720 3392 880 3448 τοῦτο
914 3393 1077 3446 καλὸν
1101 3389 1265 3465 ἦλθεν
1297 3393 1446 3465 αὐτῷ
1480 3396 1574 3449 ἐπὶ
1595 3393 1740 3460 νοῦν,

1915 3399 2004 3454 14.
2043 3396 2177 3454 Cum
2202 3397 2367 3470 igitur
2395 3396 2498 3454 hoc
2533 3395 2799 3453 laudabile
2833 3396 3172 3468 propositum
3203 3411 3269 3454 ex
3297 3396 3414 3451 ani-

212 3481 289 3532 καὶ
316 3482 596 3556 ἐξεφάνθη,
635 3486 730 3541 καὶ
762 3484 1105 3539 ἐκτελεῖσθαι
1138 3487 1365 3558 ἤρξατο,
1414 3488 1510 3539 καὶ
1538 3487 1567 3539 ὁ
1598 3485 1745 3555 ἱερὸς

1852 3489 1920 3546 mi
1948 3490 2253 3549 recessibus
2283 3488 2338 3543 in
2370 3487 2544 3544 lucem
2573 3487 2790 3557 prodire
2812 3498 2867 3544 et
2900 3490 2966 3543 ad
2988 3486 3236 3544 eli'ectum
3286 3503 3412 3559 per-

212 3571 366 3626 κανὼν
384 3575 566 3645 ἐζήτει
599 3575 701 3647 τὴν
731 3578 795 3630 ἐκ
828 3575 1145 3650 μαρτυριῶν
1192 3579 1453 3631 σύστασιν
1477 3595 1493 3611 ο
1519 3572 1585 3647 ἦν
1617 3579 1746 3631 ἰδεῖν

1853 3583 1969 3639 duci
2027 3581 2325 3652 caspisset,
2375 3591 2430 3641 et
2480 3581 2620 3637 sacri
2688 3596 2925 3637 canones
2984 3580 3413 3637 testimoniorum

212 3661 416 3716 ἐνταῦθα
460 3664 524 3717 οὐ
558 3664 1078 3735 προσκαλουμένους
1123 3664 1254 3728 τοὺς
1292 3670 1747 3737 μαρτυρήσοντας

1856 3672 2377 3729 commendationem
2413 3671 2794 3743 requirerent:
2842 3680 2966 3727 tunc
2998 3670 3218 3727 videres
3251 3680 3416 3727 testes

210 3750 382 3823 ἀρετὴν
424 3755 691 3808 παντοίαν
728 3754 900 3824 αὐτῷ,
943 3754 1067 3807 οὐδὲ
1102 3753 1238 3824 πρὸς
1266 3753 1488 3819 ἀξίωσιν
1527 3753 1749 3808 λαλοῦν-

1853 3764 1939 3835 qui
1971 3762 2334 3818 omnimodam
2369 3760 2511 3815 illius
2564 3761 2817 3815 virtutem
2842 3760 3252 3826 conﬁrmarent,
3309 3776 3413 3816 non

210 3858 313 3909 τας,
341 3845 373 3908 ἢ
411 3846 545 3901 ἀλλο
575 3864 630 3900 τι
657 3847 907 3916 ἐφολκδν,
937 3848 1098 3901 ὁποῖα
1137 3844 1310 3900 πολλά
1334 3847 1392 3899 ἐν
1429 3847 1543 3910 τοῖς
1573 3845 1752 3900 τοιού-

1858 3854 2213 3922 undecunque
2270 3851 2626 3922 conquisitos,
2664 3859 2757 3905 aut
2814 3851 2930 3921 ejus
2985 3852 3304 3921 dignitatem
3362 3862 3418 3906 et

210 3948 305 3996 τοις
328 3937 680 4009 τεχνάζονται
703 3938 754 3991 οῖ
786 3939 862 4009 μὴ
883 3937 1004 3992 κατ’
1024 3937 1229 4008 ἀρετὴν
1248 3938 1472 3993 αὐτόθεν
1500 3935 1752 4009 προλάμ-

1856 3944 2113 4014 quidquid
2147 3942 2213 3996 ad
2246 3956 2366 3998 eum
2398 3942 2821 4012 promovendum
2852 3943 3178 3998 conduceret
3204 3940 3416 4013 profes-

211 4041 403 4091 ποντες,
452 4029 594 4086 ἀλλά
646 4028 799 4083 νόθον
861 4030 979 4098 φῶς
1016 4027 1404 4099 ὲπικτώμενοι.
1467 4029 1542 4082 Οὐ
1573 4027 1753 4082 τοίνυν

1860 4051 1963 4101 sos,
1995 4032 2447 4104 quemadmodum
2467 4047 2609 4101 saepe
2634 4033 2833 4089 accidit
2865 4033 2934 4089 de
2959 4033 3026 4088 iis
3061 4034 3154 4104 qui
3194 4050 3301 4088 non
3328 4048 3420 4111 so.-

210 4114 376 4186 κλητοὶ
407 4122 502 4174 καὶ
549 4121 851 4192 ὡρισμένοι
904 4121 1217 4192 παρήγοντο
1259 4136 1405 4182 τινες
1440 4120 1750 4191 μάρτυρες·

1860 4128 1964 4182 lum
1995 4125 2215 4196 propria
2254 4123 2458 4178 virtute
2487 4139 2593 4180 non
2628 4123 2830 4190 lucent,
2878 4126 2973 4180 sed
3016 4126 3201 4195 spurio
3237 4125 3420 4180 asciti-

212 4210 331 4265 ἀλλά
357 4212 475 4283 ἀμα
504 4212 769 4284 περιῆλθε
798 4212 955 4283 φήμη
992 4213 1465 4285 τοὺςέγχωρίους,
1495 4212 1571 4274 ὡς
1603 4213 1632 4265 ὁ
1659 4210 1752 4265 τοῦ

1973 4233 2039 4273 ue
2069 4215 2276 4270 lumine
2311 4215 2616 4281 splendent.
2671 4213 2864 4287 Neque
2921 4216 3084 4287 igitur
3134 4217 3421 4273 convocati

210 4300 450 4375 Θεοφίλου
485 4305 601 4375 βίος
646 4305 1213 4375 πολυπραγμονεῖται,
1247 4307 1295 4358 εί
1329 4305 1625 4374 ἐκλάμπει,
1660 4304 1755 4358 καὶ

1862 4310 2079 4384 quidam
2116 4318 2171 4366 et
2192 4307 2259 4364 ad
2308 4311 2412 4367 hoc
2455 4310 2708 4367 destinati
2753 4310 3042 4381 prodibant
3091 4319 3277 4375 testes,
3327 4311 3422 4365 sed

212 4396 535 4466 προφανῆναι
563 4398 812 4466 ζητεῖται
836 4397 917 4460 είς
950 4396 1252 4466 ἱερωσύνην
1272 4396 1752 4466 προκαλουμένου·

1861 4412 2026 4460 totam
2048 4404 2321 4475 regionem
2352 4404 2662 4474 pertransiit
2692 4402 2835 4458 fama
2852 4403 2919 4459 de
2946 4403 3278 4459 feracissima
3309 4401 3421 4455 vir-

211 4461 292 4539 καὶ
307 4461 379 4549 ὧς
407 4461 488 4552 είς
514 4461 770 4557 γλιῖίσσαν
807 4488 938 4558 μίαν
973 4461 1332 4550 συντακέντες
1370 4461 1613 4549 ἅπαντες
1658 4486 1752 4540 καὶ

1862 4504 2030 4552 tutum
2065 4461 2176 4551 vita
2213 4461 2498 4565 Theophili
2539 4498 2629 4569 qui
2655 4496 2720 4553 ad
2755 4496 3091 4565 splendidum
3132 4493 3422 4567 sacerdotii

209 4578 532 4644 ἐνθεάζοντες
558 4580 901 4650 ἐμεγάλυνον
925 4581 1020 4633 τὸν
1050 4578 1238 4649 ἄνδρα,
1261 4579 1362 4633 οὐκ
1389 4579 1756 4649 ἀγνοούμενον

1859 4589 2213 4643 ministerium
2272 4589 2553 4657 aspiraret,
2598 4596 2653 4641 et
2706 4587 2887 4642 cuncti
2944 4587 3096 4656 quasi
3146 4586 3201 4639 in
3260 4599 3419 4637 unam

211 4669 319 4724 οὐδὲ
342 4676 454 4737 τοῖς
485 4673 733 4745 ἐρωτῶσι
764 4672 832 4726 τά
861 4674 979 4726 κατ’
1005 4672 1192 4725 αὐτόν.
1238 4670 1479 4733 Κανόνος
1525 4673 1632 4740 γὰρ
1666 4669 1757 4722 εὖ·

1862 4683 2122 4750 compacti
2151 4677 2387 4747 linguam
2419 4687 2471 4732 et
2507 4678 2689 4730 divino
2716 4677 2937 4730 numine
2986 4674 3148 4729 alliati
3195 4674 3422 4728 summis

210 4760 424 4816 θυτάτου
481 4764 681 4817 ἐκεῖνοι
726 4763 1003 4833 ἐπλήρουν
1057 4762 1464 4834 παράγγελμα’
1522 4761 1583 4815 οὗ
1649 4758 1756 4831 μὴν

1863 4775 2108 4829 laudibus
2139 4772 2381 4828 extulere
2406 4769 2580 4823 virum
2609 4768 2696 4837 qui
2729 4775 2783 4821 et
2817 4766 2947 4836 ipsis
2980 4763 3423 4834 percontantibus

210 4852 368 4917 ἄλλως
389 4857 719 4926 ἡκριὸοῦντο
747 4857 885 4926 πρὸς
909 4856 1159 4924 ἄγνοιαν.
1192 4854 1481 4924 Ἐτελέσθη
1508 4853 1639 4923 γοῦν
1663 4852 1758 4906 καὶ

1864 4867 2004 4920 haud
2031 4865 2243 4934 ignotus
2270 4871 2408 4917 erat.
2456 4859 2518 4915 Hi
2553 4857 2809 4913 nimirum
2855 4857 3079 4911 canonis
3140 4855 3424 4910 rcctissimi

208 4948 260 5000 τδ
290 4949 580 5019 ἱερώτατον
604 4948 779 5014 οὕτως
805 4949 890 5002 ἐπ’
945 4948 1095 5019 αὐτῷ
1121 4950 1351 5019 χρίσμα,
1381 4949 1474 5000 καὶ
1504 4949 1582 5009 είς
1610 4948 1760 5017 ἱερέα

1866 4964 2122 5025 praecepto
2159 4953 2592 5018 satisfaciebant,
2655 4951 2722 5007 de
2768 4950 2835 5005 iis
2877 4964 2997 5019 qua:
3062 4948 3426 5012 ncscirentur,

209 5035 607 5106 καταστὰς,οἷα
642 5043 737 5094 καὶ
775 5041 953 5110 φωτὸς
1000 5040 1231 5110 ἄγγελος
1263 5041 1358 5092 καὶ
1401 5039 1628 5108 φλόγεος
1650 5038 1762 5090 λει-

1869 5051 2002 5105 baud
2054 5048 2278 5106 nimimn
2329 5045 2489 5100 anxie
2538 5043 2918 5113 disquirentes.
2969 5041 3229 5096 lnunctus
3264 5040 3429 5108 igitur

208 5133 446 5202 τουργῖις,
476 5135 661 5188 οὐκέτι
708 5132 944 5203 μιμητὸς
994 5126 1087 5203 ἦν,
1123 5130 1243 5184 οὐδὲ
1290 5124 1400 5192 οἷος
1425 5129 1569 5200 ἔχειν
1598 5129 1764 5184 ἀνθά-

1871 5132 1941 5199 cst
1974 5143 2076 5198 hoc
2106 5140 2263 5195 modo
2296 5138 2416 5192 oleo
2446 5137 2791 5194 sanctissimo
2822 5146 2876 5189 et
2907 5132 2971 5187 ad
2996 5131 3296 5188 sacerdotis
3319 5129 3431 5213 fas-

213 5225 416 5292 μιλλον·
453 5224 589 5280 ἀλλά
640 5225 1005 5287 διπλασιάσας
1033 5223 1155 5293 τὴν,
1184 5222 1259 5284 ὡς
1288 5222 1352 5275 ἀν
1380 5238 1463 5284 τις
1489 5222 1638 5293 εῐπῃ,
1675 5219 1765 5273 διὰ

1869 5234 2049 5305 tigium
2090 5242 2386 5303 promotus.
2412 5230 2531 5296 Quo
2560 5226 2721 5291 facto,
2757 5224 2900 5278 velut
2926 5223 3063 5278 lucis
3113 5221 3334 5292 angelus
3373 5230 3429 5274 et

209 5317 385 5370 πασῶν
412 5317 615 5388 ἀρετὴν
638 5316 881 5388 μολπῶν,
909 5314 1007 5368 καὶ
1035 5313 1094 5367 το
1117 5312 1413 5382 ὑπέρτονον
1439 5310 1761 5382 ἁρμοσάμε-

1865 5326 2084 5381 ﬂainmze
2113 5326 2383 5387 minister,
2441 5320 2551 5390 jam
2595 5318 2865 5374 neminem
2900 5315 3088 5371 liabuit
3122 5315 3213 5389 qui
3252 5314 3425 5384 ipsum

209 5426 308 5472 νος,
339 5412 644 5483 ἀγγελικὴν
694 5408 996 5479 ἐμμέλειαν
1047 5404 1396 5471 ἀνεϐάλλετο,
1430 5406 1551 5467 ταῖς
1588 5404 1762 5472 ἱεραῖς

1867 5417 2123 5471 imitando
2155 5423 2558 5482 assequeretur,
2602 5409 2696 5463 sed
2745 5407 2984 5462 omnium
3035 5405 3316 5469 virtutum,
3370 5411 3427 5455 ut

211 5504 536 5573 παραμένων
568 5503 650 5566 είς
686 5500 847 5552 πλέον
882 5498 1157 5564 συνάξεσι,
1199 5497 1366 5560 θείοις
1396 5496 1632 5567 ψαλμοῖς
1666 5494 1762 5547 καὶ

1865 5501 1942 5556 ita
1969 5503 2171 5566 dicam,
2205 5503 2530 5553 concentum
2574 5495 2864 5550 intendens
2924 5502 2979 5548 et
3036 5493 3104 5547 ad
3158 5502 3425 5546 summam

213 5593 395 5661 ὕμνοις
429 5590 838 5663 προστετηκὼς,
865 5590 1256 5660 ἀναγινώσκων
1277 5588 1347 5642 τά
1379 5589 1479 5659 μὲν
1509 5587 1597 5640 ἐπ’
1622 5585 1766 5654 ὠφε-

1864 5589 2201 5646 hartnoniam
2230 5587 2483 5653 evehens,
2517 5584 2757 5656 angelica
2814 5584 3135 5640 conspicuus
3186 5580 3288 5632 fuit
3319 5576 3424 5629 vita

208 5684 320 5753 λεία
340 5683 456 5737 τῶν
488 5684 874 5756 ἀκροωμένων,
901 5685 968 5737 τά
994 5683 1048 5736 δὲ
1085 5682 1182 5737 καὶ
1212 5682 1527 5751 καταμόνας
1555 5679 1634 5742 είς
1668 5678 1767 5747 θη*

1867 5678 2037 5749 Magis
2060 5676 2337 5748 magisque
2368 5674 2533 5746 igitur
2552 5673 2752 5729 sanctis
2773 5671 3055 5727 sacrificiis
3080 5680 3299 5738 operam
3334 5665 3421 5718 de-

211 5780 492 5847 σαὺρισμα
536 5779 735 5850 ψυχῆς,
765 5776 858 5831 νῦν
894 5778 992 5846 μὲν
1032 5777 1209 5847 ἑαυτῷ
1242 5775 1637 5845 ἀποτιθέμενον
1669 5790 1765 5825 ταο

1870 5773 1970 5837 dii,
1994 5769 2191 5825 divinis
2214 5768 2433 5839 psalmis
2460 5777 2513 5824 et
2550 5766 2764 5837 hymnis
2813 5762 3044 5824 inhaesit,
3071 5768 3121 5813 et
3152 5759 3253 5813 alia
3301 5759 3425 5829 tegit
