3950 6242
513 357 615 421 155

1255 360 1669 421 EUSTATIIII
1711 355 2085 421 TlIESSALC

2190 356 2415 418 TCENSI
2428 358 2470 420 S
2508 359 2558 419 Μ
2572 356 2664 417 ΕΤ
2674 355 3074 417 ΠυΡΟῙᾸΤιΕ

3672 353 3771 417 15’)

511 477 566 530 in
595 477 936 529 ('Otitllmtlllm
965 477 1296 541 auditorum,
1330 479 1432 529 alia
1475 479 1526 530 itt
1588 490 1699 531 sum
1745 475 1944 530 anima!
1974 473 2085 528 the-

2198 474 2522 539 μιευτικῶς,
2548 473 2742 544 αὔριον
2768 472 2827 525 δὲ
2873 470 3326 545 προϐλησόμενον
3360 467 3461 524 καὶ
3489 469 3609 534 τοῖς
3644 472 3773 523 ἀπο-

508 580 669 621 sauro
691 568 1016 632 recondidit,
1050 577 1104 621 et
1149 583 1267 637 quae
1300 568 1477 629 hodie,
1507 568 1632 621 boui
1675 565 1947 624 oeconomi
2003 566 2090 618 in-

509 671 648 726 star,
677 659 776 715 sibi
806 669 1135 727 reservant,
1200 660 1486 731 postridie.
1543 661 1589 715 si
1639 660 1733 731 qui
1762 661 1830 718 iis
1879 656 2087 731 perfrui

510 749 903 816 desiderarent,
934 751 1084 822 larga
1111 766 1272 805 manu
1304 750 1662 820 exprompsit.

501 858 506 863 '
581 843 671 898 15.
713 842 817 898 Pro
867 843 1209 900 habitatione
1260 842 1578 914 plerumque
1629 842 1866 901 habebat
1916 842 2085 901 adem

508 935 769 998 divinam,
801 934 856 991 in
882 952 991 1007 qua
1023 936 1184 995 veluti
1209 936 1483 1005 plantatus
1505 935 1904 1006 pulcherrimos
1936 934 2089 993 fruc-

512 1034 600 1081 tus
629 1025 773 1082 tulit.
820 1025 1118 1087 Rarissime
1163 1027 1328 1098 igitur
1345 1027 1427 1087 sol
1450 1044 1576 1085 eum
1597 1025 2088 1097 conspexitquibus

508 1118 660 1188 prius
686 1130 1008 1177 assueverat
1041 1135 1265 1191 operam
1297 1122 1542 1188 dantem,
1587 1120 1689 1178 nisi
1741 1119 1883 1178 torte
1918 1121 1989 1176 de
2019 1120 2087 1176 iis

508 1226 631 1281 qua:
661 1212 898 1273 maxime
926 1216 1240 1273 necessaria
1277 1222 1408 1273 sunt
1430 1213 1766 1280 hominibus,
1819 1213 2088 1280 dispicere

508 1313 737 1360 coactus
754 1314 928 1371 esset,
955 1323 1007 1362 ν.
1044 1321 1096 1365 e.
1145 1306 1213 1362 de
1264 1306 1628 1377 agricultura.
1677 1303 1864 1375 Neque
1913 1304 2086 1359 solum

509 1396 656 1451 enim
686 1411 780 1465 per
818 1399 1185 1455 mercenaries
1208 1412 1410 1456 terram
1428 1399 1496 1455 ad
1513 1397 1891 1468 producendos
1910 1396 2090 1450 varios

510 1487 721 1545 fructus
774 1489 1137 1548 emidiendam
1201 1492 1438 1555 curavit,
1501 1490 1597 1545 sed
1642 1490 1807 1545 etiam
1858 1488 2091 1557 propriis

511 1583 933 1662 nianibuseam
972 1582 1309 1652 sollicitavit,
1356 1582 1630 1639 laudabile
1658 1582 1764 1639 hoc
1805 1593 1923 1638 esse
1953 1594 2089 1650 opus

506 1673 761 1745 judicans
796 1684 853 1730 et
877 1675 1097 1733 homine
1128 1677 1375 1747 dignum.
1406 1674 1621 1730 Etenim
1651 1682 1707 1730 et
1753 1674 1807 1728 in
1852 1681 1995 1727 terra
2035 1677 2092 1726 et

512 1764 567 1819 in
595 1766 729 1821 mari
754 1766 1007 1823 laborant
1036 1766 1396 1825 homines:et
1429 1766 1599 1821 maris
1616 1764 1837 1835 quidem
1864 1762 2016 1818 labor
2035 1771 2093 1816 et

510 1857 747 1917 studium
792 1858 1096 1916 acrioribus
1142 1860 1817 1929 temporibusintrodueta
1866 1866 1999 1914 sunt
2034 1866 2088 1911 et

2192 560 2382 618 λαύειν
2421 564 2725 621 ὶθέλουσιν.

2264 853 2348 904 ιε’.
2382 842 2546 909 οἶκος
2595 846 2654 900 δὲ
2686 842 2840 915 αὐτῷ
2869 837 2940 915 ἦν
2967 841 3044 907 ὡς
3100 840 3178 894 τὰ
3209 837 3386 897 πολλά
3426 839 3455 893 6
3507 839 3604 894 τοῦ
3635 839 3775 894 Θεοῦ

2188 937 2359 1006 οἶκος,
2385 940 2449 994 ἂν
2497 930 2545 1008 ᾧ
2588 932 2703 993 οἷον
2742 934 3156 1006 πιφυτευμένος
3209 934 3492 1005 κάρπιμον
3525 933 3776 987 ἔθαλλεν.

2202 1030 2394 1101 Ὀλίγα
2416 1024 2512 1086 οὖν
2539 1029 2569 1083 6
2597 1029 2753 1100 ἥλιος
2773 1026 2942 1083 αὑτὸν
2969 1025 3123 1095 ἑώρα
3152 1022 3643 1095 δμφιλοχωροῦντα
3663 1026 3777 1085 τοῖς

2190 1122 2390 1197 πρώην
2410 1121 2727 1195 συνήθεσιν,
2758 1119 2923 1174 ὁπότε
2944 1116 3109 1189 τυχὸν
3151 1115 3558 1186 ἑπισκᾶψασθαί
3590 1134 3647 1170 τι
3667 1116 3775 1169 ἔδει

2190 1216 2301 1271 τῶν
2325 1216 2428 1271 ὅσα
2450 1215 2572 1278 τοῖς
2599 1213 2742 1281 κατά
2769 1212 2980 1281 κόσμον
3011 1209 3429 1278 ἀναγκαιότατα
3447 1223 3462 1240 ο
3488 1209 3679 1261 ὁποῖον
3709 1208 3773 1277 δή

2189 1326 2245 1364 τι
2276 1308 2372 1363 καὶ
2402 1309 2436 1378 η
2480 1305 2613 1378 περὶ
2659 1304 2770 1376 γῆν
2797 1302 2951 1375 αύτῷ
2999 1301 3258 1373 ὶργασία.
3305 1299 3685 1371 Ἠγάπαλγάρ
3715 1301 3777 1353 ού

2194 1400 2357 1470 μόνον
2383 1398 2636 1469 θητικαίς
2664 1396 2852 1468 χερσὶν
2874 1393 3249 1449 ἀνασκάλὶιιν
3278 1392 3380 1463 τὴν
3406 1391 3514 1461 γῆν
3541 1393 3624 1454 είς
3651 1409 3780 1444 παν-

2162 1490 2426 1546 ·τοδαπδν
2479 1490 2759 1561 φύτευμα,
2817 1486 2957 1541 ἀλλὰ
3002 1488 3101 1541 καὶ
3130 1486 3295 1556 χερσὶ
3321 1484 3609 1538 πονεῖσθαι
3648 1485 3779 1552 περὶ

2190 1584 2384 1655 αὐτὴν,
2407 1582 2631 1651 εὐγενὲς
2662 1580 2825 1636 τοῦτο
2851 1579 3146 1648 ἐπικρίνας
3183 1578 3348 1648 ἔργον
3375 1572 3515 1632 εἶναι
3544 1578 3641 1630 καὶ
3672 1577 3774 1629 ἀν-

2193 1674 2399 1747 θρώπῳ
2455 1674 2756 1745 προσῆκον.
2811 1674 2975 1726 Δυείν
3024 1671 3138 1740 γὰρ
3166 1669 3399 1736 τούτων,
3454 1669 3561 1739 γῆς
3594 1685 3658 1721 τε
3686 1669 3779 1721 καὶ

2195 1766 2498 1837 θαλάσσης,
2530 1765 2741 1836 ταύτης
2771 1764 2872 1834 μὲν
2903 1765 2937 1834 ἡ
2974 1761 3213 1831 ἐργασία
3253 1761 3585 1822 ἐπείσακτος
3620 1761 3775 1813 ὓπε-

2124 1823 2164 1880 B
2196 1876 2288 1931 ρον
2318 1823 2542 1930 χρόνου,
2565 1858 2661 1911 καὶ
2859 1823 3354 1939 πεφιλημένηντοῐς
3393 1852 3650 1906 ἐθέλουσι
3679 1870 3775 1921 μαι

513 1950 724 2007 infensa
758 1952 825 2009 iis
850 1954 940 2023 qui
971 1953 1063 2009 diu
1093 1962 1148 2009 et
1171 1968 1362 2010 secure
1382 1955 1568 2011 vivere
1622 1954 1889 2025 cupiunt;
1942 1963 2085 2008 terra

2192 1953 2301 2021 κρά
2324 1968 2380 2005 τε
2413 1949 2515 2022 ζῇν
2550 1951 2646 2005 καὶ
2676 1949 2946 2003 ἀκίνδυνα
2966 1962 2979 1976 ·
3013 1946 3089 2017 γῆ
3111 1946 3170 2000 δὲ
3198 1945 3536 2015 ποθουμένη.
3557 1946 3662 1998 ὅσα
3686 1947 3778 1997 καὶ

511 2054 719 2110 autem,
770 2053 953 2117 utpote
1009 2057 1208 2112 mater,
1272 2046 1582 2103 desiderata
1618 2046 1798 2116 diligit
1824 2056 1877 2102 et
1907 2060 2085 2101 amore

2196 2045 2406 2116 μήτηρ,
2463 2043 2703 2112 φιλεῖτε
2737 2042 2833 2096 καὶ
2873 2039 3182 2103 ἀσπάζεται
3231 2039 3364 2103 τοὺς
3392 2036 3777 2100 κυπτάζοντας

512 2134 894 2205 οοιιιιιιεοιῖιυι·
918 2151 1013 2194 eos
1053 2137 1143 2205 qui
1188 2138 1290 2208 ipsi
1331 2138 1633 2203 adltmrent,
1682 2147 1738 2194 et
1779 2135 2085 2205 Neptunum

2193 2137 2322 2206 περὶ
2359 2135 2549 2206 αὐτὴν,
2585 2134 2682 2189 καὶ
2710 2133 2802 2188 τὸν
2838 2131 3132 2201 Ἀσφάλιον
3159 2129 3537 2200 προῖσχομίνη
3586 2144 3781 2193 συντη-

512 2243 708 2283 arcens
731 2243 825 2285 eos
863 2230 956 2301 qui
1002 2241 1311 2301 opportuno
1360 2242 1607 2301 tempore
1649 2239 1847 2286 terram
1880 2230 2087 2296 colunt,

511 2328 830 2397 conservat.
862 2320 959 2375 Est
1002 2335 1167 2389 porro
1202 2320 1534 2392 agricultura
1583 2321 1784 2378 bonum
1822 2322 2091 2391 antiquis-

510 2412 732 2476 simum,
780 2425 915 2479 opus
969 2410 1172 2478 ditans,
1215 2426 1303 2469 res
1363 2411 1591 2480 pulchra
1642 2423 1695 2473 et
1755 2427 1968 2477 secura,
1998 2427 2089 2466 ars

512 2500 821 2556 hominibus
852 2510 1105 2572 cognata.

586 2592 673 2647 16.
718 2591 841 2646 llaec
871 2593 1036 2660 igitur
1056 2603 1108 2647 et
1130 2593 1327 2649 similia
1362 2596 1562 2664 quibus
1581 2596 1913 2667 agricultura
1932 2612 2085 2652 com-

513 2684 820 2751 mendatur,
856 2682 1199 2740 Pliilotheum
1229 2686 1295 2740 ad
1345 2686 1492 2753 illam
1545 2696 1909 2753 attraxerant,
1944 2703 2085 2757 pra:-

515 2780 660 2827 terea
692 2773 833 2842 quod
876 2771 1165 2829 sudoribus
1216 2774 1463 2844 corporis
1488 2776 1680 2832 sordes
1703 2778 2079 2845 detergentur,

511 2868 564 2914 et
586 2859 665 2916 sic
698 2861 857 2916 homo
891 2859 1051 2916 fortis
1091 2877 1155 2917 ac
1186 2863 1446 2920 robustus
1477 2863 1544 2918 ad
1584 2865 1853 2936 agendum
1906 2866 2082 2921 reddi-

513 2964 620 3009 tur.
658 2953 840 3022 Quare
870 2957 958 3013 hic
986 2972 1207 3028 quoque
1231 2958 1425 3013 melius
1460 2956 1768 3026 eligendum
1800 2972 1921 3014 esse
1939 2957 2082 3026 judi-

510 3048 679 3109 cavit,
703 3057 757 3101 et
787 3062 911 3102 cum
965 3049 1134 3104 sciret
1157 3058 1418 3119 quantum
1474 3049 1693 3105 sudoris
1726 3047 1989 3120 agricola,
2026 3061 2085 3103 ut

2172 2230 2280 2300 Δρεῖ
2312 2228 2441 2301 τοὺς
2493 2226 2905 2297 γεηπονοῦντας
2966 2225 3050 2289 είς
3112 2223 3352 2295 καίριον,
3397 2221 3509 2275 Καὶ
3561 2220 3774 2288 ἐστινὴ

2190 2318 2489 2387 γεωργίαή
2519 2315 2771 2373 ὁπωσοῦν
2802 2315 3010 2385 ἀγαθὸν
3061 2313 3383 2385 ἀρχέγονον,
3415 2309 3777 2366 πλουτοποιὸν

2172 2406 2376 2479 ιέργον.
2403 2407 2687 2464 ἀκίνδυνον
2714 2405 2902 2473 καλὸν,
2928 2406 3093 2476 τέχνη
3129 2405 3405 2475 συγγενὴς
3434 2401 3774 2470 ἀνθρώποις.

2263 2598 2361 2657 ις’.
2400 2591 2589 2645 Ταῦτά
2643 2607 2703 2665 τε
2761 2589 2878 2654 οὖν,
2909 2589 3008 2644 καὶ¹
3049 2590 3152 2643 ὅσα
3202 2587 3431 2642 τοιαῦτα
3467 2588 3647 2656 σεμνὰ
3672 2586 3774 2655 τῆς

2190 2684 2533 2754 γεωργικῆς,
2585 2680 2845 2738 καθεῖλκε
2901 2682 2996 2736 τὸν
3025 2681 3279 2735 Φιλόθεον
3307 2682 3389 2743 εἰς
3436 2679 3643 2750 αὐτὴν,
3678 2679 3775 2732 καὶ

2189 2779 2270 2834 ὅτι
2292 2776 2387 2833 τοῦ
2424 2777 2566 2831 κατά
2586 2776 2750 2847 σῶμα
2775 2775 2952 2844 πηλοῦ
2994 2774 3309 2843 ὲξικμάζει,
3340 2773 3438 2826 καὶ
3464 2772 3612 2825 οὓτω
3642 2789 3766 2824 στε⁴

2170 2870 2356 2935 κγανδν
2378 2871 2588 2924 ἐκεῖνον
2611 2858 2760 2922 ποιεί
2786 2869 2879 2922 καὶ
2903 2865 3233 2935 καρτερικὸν
3253 2866 3336 2928 εἰς
3360 2863 3521 2934 ἔργα.
3551 2862 3771 2932 Ἐφιλο·

2170 2965 2400 3034 σὸφησε.
2444 2963 2646 3024 τοίνυν,
2681 2961 2804 3014 δέον
2856 2955 3004 3012 εἶναι
3060 2955 3347 3011 κάνταῦθα
3402 2957 3690 3027 ἐπικρῖναι
3711 2956 3771 3008 τδ

2192 3060 2470 3128 κρεῖττον·
2494 3056 2594 3110 καὶ
2614 3052 2794 3116 εἰδὼς,
2820 3054 3017 3107 ὁπόσον
3032 3051 3234 3120 ἱδρῶτα
3259 3052 3341 3113 είς
3370 3050 3493 3103 δέον
3516 3049 3773 3114 ἐκϐλύζει

510 3136 683 3191 emt-io
711 3137 1033 3204 satisfaciat,
1066 3155 1095 3194 e
1122 3155 1349 3208 corpore
1382 3137 1982 3209 profundat,siquidem
2015 3138 2077 3194 ad

2193 3151 2303 3202 τῶν
2332 3148 2552 3218 σαρκῶν
2571 3148 2599 3199 ὁ
2627 3144 2946 3214 γεωπονῶν,
2966 3142 3158 3197 καθότι
3187 3146 3282 3196 καὶ
3305 3144 3363 3196 ἑν
3387 3141 3579 3211 ἱδρῶτι
3599 3157 3769 3211 προσ-

510 3231 902 3283 cmnedendum
934 3245 1125 3300 panem
1160 3238 1401 3284 nostrum
1427 3231 1478 3283 in
1526 3230 1725 3285 sudore
1754 3228 1911 3284 faciei
1949 3242 2079 3282 con-

510 3320 749 3377 demnati
780 3336 992 3389 sumus,
1019 3334 1073 3378 et
1099 3338 1218 3377 cum
1241 3322 1497 3378 sudorem
1532 3338 1595 3377 ac
1629 3323 1769 3378 bona
1810 3323 1934 3377 inde
1959 3337 2082 3393 pro-

510 3412 729 3470 ﬂuentia
774 3427 1135 3484 compararet,
1172 3422 1335 3482 atque
1369 3414 1484 3469 lucc
1517 3416 1725 3470 lancem
1784 3413 2086 3483 deprimere

511 3506 901 3579 perspexisset,
951 3507 1091 3561 hanc
1130 3518 1302 3561 artem
1355 3504 1696 3576 amplectitur
1752 3512 1938 3575 ulpote
1968 3514 2086 3573 quae

508 3599 677 3653 vitam
706 3605 1035 3652 sustentaret
1073 3605 1127 3650 et
1161 3612 1379 3651 carnem
1407 3606 1749 3669 extenuaret.
1785 3595 1876 3651 Sic
1915 3595 2082 3649 virtu-

511 3701 619 3743 tem
653 3689 814 3745 simul
845 3704 967 3744 cum
1007 3689 1151 3744 victu
1194 3689 1440 3745 lucratus
1484 3700 1539 3743 et
1583 3697 1743 3744 terrae
1800 3688 1937 3743 bona
1966 3703 2085 3757 qua:

507 3781 671 3836 etiam
696 3783 749 3835 in
776 3782 1013 3834 animam
1042 3781 1407 3835 redundarent
1440 3793 1651 3845 nactus,
1683 3791 1734 3836 et
1767 3781 1879 3837 suis
1922 3777 2081 3833 fami-

508 3873 759 3940 liaribus,
790 3884 847 3927 et
875 3874 1202 3942 pauperibus
1233 3889 1263 3927 e
1291 3873 1425 3943 justi
1452 3874 1658 3928 laboris
1696 3882 1957 3943 proventu
1993 3887 2085 3928 ne-

510 3965 751 4024 cessaria
788 3966 1085 4022 distribuit.
1120 3965 1408 4035 Nunquam
1446 3967 1590 4022 enim
1632 3965 1840 4021 destitit
1882 3965 2087 4019 exhau-

511 4059 620 4112 rire
648 4059 848 4111 fontem
886 4070 1043 4111 suum
1088 4059 1140 4110 in
1188 4058 1422 4127 gratiam
1456 4072 1644 4111 eorum
1685 4056 1775 4125 qui
1840 4055 2082 4119 sitirent,

510 4153 688 4207 minus
717 4151 818 4205 sibi
842 4161 895 4204 et
920 4151 1053 4214 suis,
1085 4164 1244 4220 quam
1276 4150 1533 4205 fratribus
1557 4149 1609 4203 in
1635 4148 1850 4204 Christo
1880 4163 2084 4202 consu-

509 4244 647 4301 lens.

583 4339 672 4392 17.
716 4337 842 4393 Haec
871 4349 1051 4394 autem
1087 4336 1267 4390 omnia
1295 4351 1399 4388 nun
1446 4334 1617 4388 solum
1676 4331 1994 4397 eﬂ'ecerunt,
2028 4338 2087 4385 ut

511 4439 734 4485 sanctus
762 4431 843 4483 vir
877 4429 1212 4491 laudaretur,
1242 4436 1295 4481 et
1324 4429 1462 4479 bona
1499 4424 1638 4477 fama
1673 4422 2000 4494 Splenderet,
2030 4432 2084 4476 et

509 4523 724 4577 celeber
782 4531 931 4576 esset
984 4519 1166 4575 verbis
1191 4527 1245 4573 et
1308 4517 1464 4572 factis
1527 4517 1726 4586 quibus
1778 4518 1989 4571 tlteorta
2025 4525 2082 4569 et

509 4611 699 4684 praxis
732 4611 1121 4668 constituitur:
1154 4608 1246 4664 sed
1284 4607 1471 4662 habuit
1500 4607 1666 4661 etiam
1685 4622 1954 4661 summum
1978 4623 2081 4666 au-

508 4704 695 4758 xiliqu
718 4704 975 4758 divinitus
998 4702 1209 4765 datum,
1261 4700 1421 4770 quale
1467 4698 1608 4753 Deus
1630 4699 1932 4754 concedere
1947 4702 2086 4756 solet

512 4796 617 4852 illis
662 4795 753 4865 qui
806 4797 980 4866 ipsum
1024 4809 1367 4864 summopere
1424 4793 1757 4860 desiderant,
1792 4794 2083 4849 exatninati

510 4888 767 4942 nimirum
795 4887 1042 4941 desiderii
1069 4888 1346 4952 praemium
1369 4885 1866 4956 Splendidissimum
1892 4901 2086 4955 repen—

511 4977 669 5032 dens.
698 4974 1066 5044 Praeterquam
1098 4978 1243 5030 enim
1271 4976 1417 5045 quod
1449 4976 1688 5047 alioquin
1722 4978 2087 5046 indigentibus

512 5066 770 5123 auxilium
807 5066 971 5120 ferret
1001 5076 1097 5132 per
1120 5080 1306 5134 preces
1322 5077 1376 5120 et
1401 5070 1712 5123 unctionem
1733 5066 1876 5137 (oleo
1901 5067 2087 5123 exsul-

512 5161 755 5224 tationis,
776 5159 851 5213 uti
877 5156 1208 5211 Psalmorum
1227 5168 1416 5211 auctor
1441 5158 1517 5212 ait
1534 5158 1602 5229 ⁸),
1627 5167 1681 5212 et
1699 5173 1959 5212 manuum
1988 5159 2089 5213 im-

515 5253 863 5322 positionem,
919 5252 1078 5307 etiam
1145 5267 1337 5321 inagna
1399 5250 1524 5307 iecit
1577 5251 1861 5317 miracula,
1919 5269 2087 5323 panes

512 5344 755 5415 aliasque
784 5358 870 5398 res
896 5343 963 5398 ad
987 5344 1183 5398 victum
1210 5343 1546 5399 necessarias
1567 5358 1596 5399 e
1618 5343 1854 5398 minimis
1884 5344 2088 5414 princi-

512 5437 616 5506 piis
659 5434 725 5489 ad
762 5450 1012 5506 magnum
1072 5450 1356 5489 numerum
1421 5435 1722 5505 adaugens,
1784 5436 2083 5491 secundum

515 5525 799 5583 Dominum
833 5526 923 5595 qui
958 5525 1242 5581 verissime
1281 5526 1549 5595 promisit,
1582 5527 1726 5597 quod
1755 5523 1791 5581 ii
1850 5526 1941 5596 qui
1978 5527 2078 5596 ipsi

467 5603 481 5616 ’
510 5617 759 5673 serviunt
789 5618 978 5673 eadem
1005 5633 1125 5687 qua:
1160 5617 1246 5674 ille
1300 5616 1444 5683 fecit,
1494 5615 1595 5687 ipsi
1640 5630 1853 5686 quoque
1882 5616 2074 5675 facturi

582 5799 603 5831 ⁸
634 5801 778 5863 Psal.
821 5820 964 5868 xuv,
1002 5803 1053 5858 8.

2191 3240 2344 3294 ὠπου
2392 3240 2591 3307 φαγεῖν
2619 3237 2711 3291 τὸν
2749 3237 2920 3305 ἄρτον
2954 3235 3114 3304 ἡμῶν
3168 3233 3648 3305 κατακεκρίμεθα,
3678 3232 3772 3285 καὶ

2192 3329 2562 3392 ταλαντεύσας
2619 3328 2757 3398 πρὸς
2801 3327 3011 3378 ἐκεῖνον
3044 3324 3114 3377 τά
3151 3324 3210 3388 ἐξ
3246 3322 3411 3376 αὐτοῦ
3455 3323 3626 3387 καλὰ,
3678 3321 3773 3375 καὶ

2190 3419 2484 3477 καθέλκειν
2515 3418 2657 3472 αὐτὰ
2693 3418 2867 3487 ῥοπῆς
2902 3415 3050 3487 λόγῳ
3098 3414 3371 3484 διαγνοὺς,
3434 3414 3647 3484 γίνεται
3673 3411 3771 3482 τῆς

2189 3513 2388 3585 τέχνης
2421 3512 2629 3581 ταύτης
2662 3512 2742 3574 εἰς
2781 3508 2896 3579 βίου
2930 3526 2990 3562 τε
3022 3507 3297 3579 πορισμὸν
3326 3508 3423 3561 καὶ
3445 3507 3604 3576 τῆξιν
3638 3522 3769 3572 σαρο

2191 3605 2338 3658 κῶν*
2376 3603 2469 3657 καὶ
2525 3600 2730 3674 ἀρετὴν
2791 3607 2850 3657 ὲν
2902 3598 3089 3671 ταυτῷ
3122 3590 3219 3654 καὶ
3259 3598 3374 3669 βίον
3398 3598 3771 3668 τεχνώμενος,

2189 3698 2285 3751 καὶ
2307 3697 2450 3750 οὕτω
2479 3695 2843 3767 ποριζόμενος
2874 3695 2946 3750 τὰ
2973 3696 3037 3747 ἐκ
3067 3696 3172 3762 γῆς
3203 3691 3386 3758 ἀγαθὰ
3418 3691 3771 3746 διαϐαίνοντα

2190 3789 2286 3844 καὶ
2311 3791 2367 3852 ἐς
2398 3789 2599 3859 ψυχὴν,
2634 3791 2745 3852 τοῖς
2778 3805 2839 3842 τε
2869 3786 3093 3848 οίκείοις
3120 3783 3414 3854 ὲπεμέτρει
3445 3783 3506 3836 τδ
3539 3782 3769 3854 ἀρκοῦν,

2188 3884 2283 3939 καὶ
2311 3884 2423 3947 τοῖς
2453 3882 2737 3953 δεομένοις
2781 3884 2847 3937 ἐκ
2885 3880 3115 3936 δικαίων
3148 3879 3488 3950 πονημάτων
3519 3878 3772 3951 ὲσιτομὲ-

2187 3994 2305 4046 τρει
2338 3978 2404 4030 τά
2432 3976 2644 4031 δέοντα.
2699 3976 2974 4030 Οὐδέποτε
3024 3972 3134 4044 γὰρ
3167 3972 3310 4026 ἀνίει
3342 3970 3625 4036 ἐξαντλῶν
3672 3970 3770 4040 τὴν

2190 4068 2321 4134 παρ’
2337 4065 2487 4137 αὐτῷ
2505 4066 2819 4137 περιούσιον
2841 4064 3142 4135 δεξαμενὴν
3167 4065 3281 4125 τοῖς
3309 4061 3541 4131 διψῶσιν
3570 4061 3768 4128 αὐτῆς,

2187 4159 2248 4211 ού
2271 4159 2735 4229 τοσοῦτον.ὲαυτῷ
2774 4159 2870 4215 καὶ
2904 4160 3017 4220 τοῖς
3061 4153 3230 4211 αὑτοῦ
3271 4152 3635 4222 πονούμενος,
3687 4151 3768 4211 εἰς

2189 4252 2313 4306 ὅσον
2339 4255 2454 4316 τοῖς
2486 4252 2544 4307 ὲν
2572 4251 2796 4322 Χριστῷ
2823 4250 3099 4319 ἀδελφοῖς.
3486 4240 3495 4249 ’

2261 4338 2349 4404 ιζ’.
2378 4338 2557 4394 Ἦσαν
2579 4340 2635 4394 δὲ
2663 4341 2774 4410 ἄρα
2803 4342 2980 4394 πάντα
3009 4340 3185 4392 ταῦτα
3215 4338 3296 4410 τῷ
3330 4337 3475 4407 ἁγίῳ
3499 4337 3564 4389 οὐ
3605 4337 3770 4406 μὸνον

2190 4430 2341 4486 αἴτια
2372 4431 2465 4484 τοῦ
2503 4429 2688 4496 ἁπλῶς
2717 4432 2777 4485 ἐν
2808 4430 2909 4501 βίῳ
2938 4429 3333 4502 σεμνύνεσθαι,
3365 4427 3461 4485 καὶ⁸
3492 4426 3773 4487 εὑκλείαις

2194 4518 2591 4589 ἑλλάμπεσθαι,
2621 4521 2717 4574 καὶ
2737 4520 2796 4573 ὲν
2819 4520 2996 4587 λόγοις
3028 4518 3126 4574 καὶ
3145 4522 3204 4573 ὲν
3232 4519 3417 4590 ἔργοις
3442 4513 3587 4572 εἶναι
3609 4515 3770 4586 περί-

2182 4610 2437 4679 ϐλεπτον,
2490 4612 2561 4666 δι’
2609 4604 2684 4667 ὧν
2716 4611 2921 4683 θεωρία
2965 4612 3333 4681 κατορθοῦται
3381 4612 3479 4664 καί
3532 4612 3769 4679 πρᾶξις·

2183 4702 2321 4756 ἁλλά
2354 4703 2448 4755 καί
2492 4720 2579 4765 τις
2634 4704 2878 4775 μεγίστη
2908 4702 3203 4775 προσθήκη
3254 4705 3322 4756 ὲκ
3350 4701 3513 4767 Θεοῦ,
3571 4702 3773 4755 ὁποίαν

2185 4796 2349 4858 αὐτὸς
2379 4791 2518 4848 οἶδεν
2543 4795 2866 4866 ἑπιμετρείν
2904 4797 3019 4859 τοῖς
3072 4795 3262 4868 ἄκρως
3289 4793 3552 4847 ποθοῦσιν
3583 4794 3773 4859 αὑτὸν,

2187 4885 2654 4956 ἐξαριθμούμενος
2686 4887 2777 4941 τὸν
2829 4887 3020 4953 πόθον,
3051 4888 3149 4942 καὶ
3186 4887 3560 4959 ἀντάλλαγμα
3591 4888 3776 4950 διδοὺς

2168 4979 2248 5055 Δ’τὸ
2281 4979 2572 5050 μεγαλεῖον
2605 4983 2704 5051 τῆς
2742 4980 2965 5043 δόσεως.
2998 4980 3132 5050 Λίχα
3166 4980 3277 5050 γὰρ
3298 4980 3392 5033 τοῦ
3425 4981 3604 5043 ἄλλως
3637 4979 3777 5050 βοη-

2164 5069 2302 5147 θθείν
2327 5074 2439 5135 τοῖς
2470 5071 2735 5145 χρῄζουσι
2766 5072 2856 5125 διά
2876 5089 2934 5124 τε
2970 5071 3151 5141 εὐχῶν
3177 5073 3273 5125 καὶ
3303 5071 3539 5143 ἀλωφῆς
3560 5069 3777 5142 (ἐλαίου

2185 5162 2589 5231 ἀγαλλιάσεως,
2609 5164 2752 5217 κατά
2776 5163 2869 5217 τὸν
2897 5162 3211 5235 Ψαλμιρδδν
3232 5165 3276 5235 ),
3302 5167 3397 5219 καὶ
3418 5164 3622 5235 χειρῶν
3646 5166 3778 5218 ἐπι-

2166 5249 2407 5327 ¹Οι-ειεως,
2430 5254 2524 5304 καὶ
2541 5253 2806 5323 τεράστια
2831 5253 3236 5325 κατειργάζετο
3263 5254 3545 5324 θαύματα,
3567 5255 3780 5325 ἄρτους

2188 5361 2249 5397 τε
2280 5345 2375 5398 καὶ
2404 5344 2572 5397 λοιπὰ
2606 5347 2730 5398 σῖτα
2765 5346 2825 5413 ἐξ
2848 5346 3118 5416 ἀφορμῶν
3162 5347 3458 5413 ὀλιγίστων
3481 5354 3562 5409 εἰς
3597 5347 3780 5398 πολὺν

2183 5436 2421 5509 ἀριθμὸν
2460 5437 2779 5510 πληθύνων,
2830 5439 2976 5493 κατὰ
3008 5439 3102 5492 τὸν
3132 5437 3382 5509 ἀψευδῶς
3434 5435 3781 5505 ἐπαγγειλά-

2188 5547 2349 5599 μενον
2373 5529 2600 5601 Κύριον,
2629 5530 2705 5593 ὡς
2737 5531 2783 5583 οί
2817 5531 2982 5583 αὐτὸν
3007 5529 3465 5600 θεραπεύσαντες,
3497 5526 3532 5582 5.
3555 5529 3780 5591 ἐκεῖνος

2188 5622 2350 5687 ποιεῖ,
2406 5622 2499 5675 καὶ
2532 5622 2691 5676 αὐτοὶ
2724 5624 3040 5693 ποιήσουσι,
3090 5619 3184 5675 καί
3220 5636 3324 5672 που
3377 5620 3472 5671 καὶ
3507 5616 3775 5689 μείζονα.-
