3950 6242
269 371 372 437 157

1194 376 1348 437 LAU
1365 372 1593 437 DATIO
1632 375 1694 439 S.
1727 375 2163 441 PHILOTHEI
2208 376 2624 444 OPSICIANI.

3449 367 3553 430 158

267 497 369 551 καὶ
386 494 663 565 ταμιείων
687 493 845 548 οῦδὲν
874 492 1132 562 ἑχόντων,
1181 491 1318 548 ἀλλὰ
1363 492 1647 556 παντελῶς
1677 490 1859 548 διακέ-

1967 495 2101 563 sint,
2143 504 2197 551 et
2225 497 2459 555 fortasse
2489 496 2721 570 majora.
2748 494 2975 565 Quando
3015 492 3159 550 enim
3192 492 3383 546 horrea
3412 489 3549 545 nihil

269 605 400 652 νων,
442 583 702 656 ἐκφορῶν
744 585 858 649 τοῖς
909 587 970 639 ἐν
1016 583 1194 656 ἔνδεια
1243 585 1315 638 τὰ
1345 585 1633 656 χρήσιμα,
1672 584 1768 638 καὶ
1792 585 1852 638 οῦ

274 679 440 749 μόνον
500 677 661 747 αὐτὸ,
695 677 838 732 ἀλλά
875 676 973 733 καλ⁸
1023 672 1169 733 οἶνον
1204 674 1505 749 σχεδιάζων
1529 679 1670 734 κατά
1698 678 1760 733 τὸ
1793 677 1852 732 ἐν

270 773 439 845 Knud
473 771 665 843 θαῦμα
688 772 752 825 τδ
772 771 1155 840 εὐαγγελικδν,
1203 772 1298 825 καὶ
1328 770 1502 834 οὕτως
1531 771 1684 842 άρτῳ
1752 769 1853 839 μὲν

273 863 578 934 στηρίζων,
630 863 763 933 οϊνῳ
813 861 870 914 δὲ
896 861 1208 931 εὐφραίνων
1236 861 1336 926 τὰς
1366 861 1476 915 τῶν
1511 861 1854 934 δεδειγμένων

272 950 532 1018 καρδίας.
579 949 821 1019 Λέγεται
870 951 979 1022 γὰρ
1034 952 1128 1004 καὶ
1160 952 1501 1018 πιστεύεται,
1531 952 1615 1006 ὅτι
1661 952 1855 1021 καιρός

270 1058 358 1103 τις
408 1035 479 1110 ἦν
512 1039 671 1106 τότε,
729 1042 828 1095 καὶ
872 1041 1016 1105 οἶνος
1082 1042 1184 1097 οὐκ
1228 1037 1298 1114 ἦν
1352 1045 1465 1108 τοίς
1521 1043 1687 1098 αὐτοῦ
1735 1043 1857 1098 ἑπι-

248 1126 441 1201 ήδεέσι.
472 1130 583 1185 Καὶ
624 1126 783 1185 αὐτοὶ
813 1132 911 1200 μὲν
940 1132 1163 1188 ἐλάλουν
1184 1135 1253 1187 τά
1273 1134 1411 1208 πρὸς
1441 1132 1676 1199 ἱκεσίαν,
1714 1135 1856 1207 ὑπὲρ

268 1212 336 1272 οὗ
369 1219 684 1275 ἐλείποντο·
716 1223 745 1275 ὀ
776 1222 835 1275 δὲ
859 1220 991 1286 Θεὸς
1017 1224 1288 1294 ἑπήκουε,
1317 1226 1414 1278 καὶ
1460 1224 1538 1295 τῷ
1566 1224 1732 1279 αὑτοῦ
1768 1225 1855 1279 θε-

274 1309 512 1382 ράποντι
560 1311 801 1384 Φιλοοέῳ
846 1312 1127 1381 ἐπιτάξας,
1174 1315 1561 1385 κατεπράξατο
1586 1315 1654 1370 δι’
1687 1312 1853 1371 αὐτοῦ

267 1404 337 1457 τὸ
366 1402 559 1458 καλόν.
606 1403 883 1475 Ποτάμων
909 1405 1020 1478 γάρ
1047 1423 1100 1460 τι
1151 1403 1348 1462 αὐτοῦ’
1370 1426 1475 1462 που
1515 1410 1852 1482 παραρρέον,

270 1492 407 1548 ἔνθα
434 1493 468 1565 ἡ
495 1494 707 1565 δέησις,
731 1489 978 1560 εἰςὀἶνον
1005 1497 1292 1567 μετέϐαλε,
1329 1496 1565 1569 σταυρὸν
1595 1499 1856 1566 τυπώσας

271 1588 370 1639 καὶ
428 1585 828 1656 ἐπευξάμενος.
885 1584 948 1640 El
974 1587 1033 1640 δὲ
1089 1578 1266 1658 πέιῖρα
1293 1586 1605 1661 παλαιτάτη
1665 1589 1851 1660 ἐκείνη

274 1677 466 1749 ῥάϐδῳ
520 1678 796 1748 πληγεῖσα
845 1678 990 1750 ὕδωρ
1045 1680 1330 1753 ὲξέῤῥηξε,
1395 1681 1491 1735 καί
1518 1684 1697 1753 τιςγῆ
1733 1682 1857 1753 μέλι

272 1772 373 1825 καὶ
393 1771 540 1839 γάλα
559 1771 872 1842 Θαυμασίαν
897 1771 1064 1844 ἔφηνε
1093 1775 1379 1846 σῦρῤοιαν,
1401 1775 1494 1828 καὶ
1520 1774 1761 1846 ποταμοὶ
1776 1775 1856 1841 δὲ,

274 1864 331 1915 οἰ
364 1863 463 1917 καὶ
495 1862 650 1918 αὐτοὶ
676 1869 962 1937 γραφικοὶ,
990 1871 1070 1930 εἰς
1095 1860 1235 1936 αἷμα
1266 1867 1692 1938 μετετράπησαν
1713 1886 1726 1899 υ
1755 1885 1861 1921 πα·
1890 1854 1932 1910 Β

277 1957 598 2028 ραπηκτέον
622 1962 746 2022 ταῖς
773 1961 1097 2030 μεταϐολαῖς
1113 1961 1355 2025 ἐκείναις
1375 1963 1467 2015 καὶ
1500 1959 1646 2016 οἶνον
1671 1963 1860 2016 τοῦτον

274 2049 517 2118 ποταμῷ
562 2048 855 2119 ῥεύσαντα,
889 2052 950 2104 οὐ
1000 2053 1279 2124 σταφυλῆς
1305 2053 1471 2107 αὐτὸν
1505 2050 1646 2124 αἷμα
1667 2094 1683 2118 ,
1714 2055 1859 2109 εἴποι

273 2140 348 2193 ἂν
364 2141 396 2192 ὁ
422 2142 717 2209 primum;
743 2142 1078 2215 ληνοϐατῶν,
1103 2146 1285 2213 δεξιᾶς
1306 2145 1638 2216 δὲ’Υψίστου
1658 2146 1860 2218 βροχὴν

276 2231 555 2298 ἑκούσιον,
613 2235 1009 2307 ἀφωρισμένην
1039 2238 1153 2300 τοῖς
1192 2237 1474 2306 δεομένοις
1506 2240 1713 2300 αὐτοῖς.
1749 2237 1862 2291 Καὶ

274 2318 346 2393 δὴ
374 2325 680 2395 θεωρητέον
710 2326 964 2392 ἐνταῦθα,
994 2328 1076 2381 ὅτι
1103 2328 1239 2380 Θεοῦ
1271 2328 1588 2393 δεδωκότος,
1618 2327 1711 2382 τοῦ
1750 2330 1860 2383 τῶν

277 2411 628 2484 θαυμασίων,
682 2416 776 2468 τοῦ
808 2415 915 2470 τῶν
942 2417 1211 2486 τεράτων,
1247 2418 1343 2472 τοῦ
1378 2408 1509 2473 τῶν
1547 2421 1856 2490 δυνάμεων,

274 2503 374 2557 τοῦ
403 2508 506 2577 τῆς
541 2502 824 2577 ἀληθείας,
856 2509 963 2565 ἰδοὺ
987 2510 1174 2581 θαῦμα
1202 2511 1361 2565 τοῦτο
1394 2512 1579 2583 μεῖζόν
1603 2530 1656 2566 τι
1681 2513 1775 2566 τοῦ
1801 2513 1859 2565 ἐν

242 2618 247 2621 λ
275 2596 462 2670 Κσνᾷ,
494 2598 751 2672 καθάπερ
782 2602 943 2667 αὐτὸς
975 2590 1363 2676 ἐπηγγείλατο.
1404 2603 1483 2658 Οὐ
1528 2605 1677 2659 πίθοι
1725 2605 1857 2675 γάρ,

275 2692 401 2747 οὐδὲ
461 2691 749 2762 πιθάκναι,
804 2696 925 2751 οὐδὲ
970 2698 1258 2769 ἀμφορεῖς,
1314 2697 1435 2764 οὐδὲ
1462 2698 1705 2766 λάγυνοι,
1737 2699 1860 2753 οὐδὲ

277 2780 452 2854 βῖκοι,
492 2787 769 2856 ποτάμιον
811 2787 868 2841 δὲ
900 2788 1022 2841 ὅλον
1057 2789 1188 2860 οἴνῳ
1243 2787 1437 2860 βλύζον
1463 2788 1552 2843 διὰ
1581 2787 1677 2843 τοῦ
1706 2788 1861 2843 Φιλο-

276 2873 431 2942 Θέου,
469 2881 736 2951 προρῤέει
773 2882 886 2947 τοῖς
917 2881 1249 2953 ἠξιωμένοις
1302 2880 1553 2936 τοιούτου
1608 2881 1857 2951 τέρατος.

277 2968 391 3024 Καὶ
424 2968 587 3025 τοῦτο
612 2973 713 3042 μὲν
737 2972 881 3028 οὕτω
908 2974 1049 3044 πρὸς
1073 2976 1421 3046 χρηστότητα
1447 2975 1856 3046 συμποσιακήν.

349 3147 441 3219 ιη’.
478 3148 635 3202 Ἐπεὶ
666 3150 723 3203 δὲ
778 3149 951 3223 πολλὴ
1000 3152 1093 3205 καὶ
1125 3150 1183 3206 ὲν
1219 3152 1343 3213 ταῖς
1381 3150 1859 3221 θαυματουργῑαις

274 3238 511 3310 διαφορά
558 3242 683 3302 ταῖς
732 3242 797 3294 ὲκ
826 3243 935 3295 τῶν
966 3240 1060 3295 τοῦ
1112 3240 1249 3294 Θεοῦ
1292 3241 1465 3310 ἁγίων
1498 3242 1588 3310 (αἱ
1622 3242 1721 3306 μὲν
1752 3241 1861 3313 γὰρ

274 3334 458 3388 αὐτῶν
507 3334 856 3403 ὑγιάςουσιν,
909 3337 964 3390 αἱ
992 3335 1047 3389 δὲ
1075 3337 1358 3407 τρέφουσι,
1414 3336 1561 3399 τινὲς
1595 3336 1653 3388 δὲ
1683 3334 1862 3389 καὶτὸ

274 3427 452 3491 ἄλλως
496 3428 685 3482 ἐνδέον
740 3428 1174 3500 ἀναπληροῦσιν,
1228 3431 1318 3483 ὅτε
1349 3428 1494 3494 τινὲς
1525 3431 1757 3494 δέονται,
1784 3428 1861 3499 ,τὰ

278 3519 379 3589 μὲν
403 3520 750 3589 ἀπάγουσαι,
792 3520 861 3574 τά
886 3520 943 3574 δὲ
978 3521 1351 3592 παράγουσαι,
1381 3520 1497 3573 ἐστι
1527 3523 1573 3574 δ’
1606 3520 1693 3573 ὅτε
1727 3521 1861 3573 ἀπο-

274 3613 605 3683 τελούμεναι
638 3618 736 3667 καὶ
758 3615 896 3684 πρὸς
927 3613 1091 3682 φόϐον
1133 3615 1225 3667 καὶ
1252 3612 1538 3685 ἔκπληξιν,
1572 3614 1732 3666 ὁποία
1763 3614 1858 3667 καὶ

276 3705 311 3773 ἡ
339 3704 441 3776 τῆς
461 3705 863 3776 κατηραμένης
897 3706 1095 3775 συκῆς,
1122 3703 1191 3758 δι’
1224 3699 1293 3777 ἦς
1325 3705 1385 3757 τὸ
1430 3704 1725 3757 Ἰουδαϊκὸν
1755 3703 1858 3771 φῦο

274 3796 388 3859 λον,
424 3795 519 3851 καὶ
540 3797 669 3851 ὅσον
690 3796 748 3851 δὲ
778 3796 909 3851 ἄλλο
927 3796 1188 3860 τοιοῦτον,
1222 3798 1321 3867 τὴν
1347 3796 1442 3850 τοῦ
1466 3795 1603 3849 Θεοῦ
1628 3794 1862 3860 ἐξεπλά-

276 3903 347 3958 γη
372 3888 635 3958 δύναμιν,
671 3888 748 3952 ὡς
782 3889 858 3959 μὴ
901 3888 1061 3958 μόνον
1099 3887 1517 3955 ζωογονοῦντος,
1567 3886 1704 3939 ἀλλὰ
1763 3887 1857 3937 καὶ

278 3978 545 4033 θανατοῦν
602 3980 932 4050 δυναμένου,
998 3979 1131 4050 μηδὲ
1163 3981 1322 4049 μόνον
1359 3979 1421 4031 τὸ
1461 3979 1605 4030 κατά
1643 3978 1858 4045 ὑγίειαν

281 4068 446 4140 ὑγρὸν
474 4070 868 4140 χορηγοῦντος,
889 4068 1025 4122 ἀλλὰ
1048 4069 1141 4120 καὶ
1164 4067 1669 4138 ἀποξηραίνοντος),
1688 4066 1785 4136 νὲνή
1797 4083 1857 4134 ρ-

281 4179 417 4234 γησε
443 4162 645 4234 καιροῦ
669 4162 958 4225 λαλοῦντος
983 4163 1077 4214 καὶ
1094 4161 1387 4225 ὁΦιλόΘεος
1410 4159 1617 4231 Θαῦμα,
1653 4157 1858 4213 σκοποῦ

283 4274 424 4322 τινος
450 4258 700 4312 τοιούτου
735 4240 997 4326 ἐχόμενον
1013 4272 1027 4286 ο
1062 4255 1225 4308 Λίοον
1255 4255 1363 4323 γὰρ
1412 4253 1537 4307 οὕτε
1576 4255 1734 4324 χερσὶ
1763 4252 1862 4323 λη-

286 4352 438 4417 πτδν,
468 4351 594 4405 οῦτε
626 4347 798 4420 ὤμοις
826 4348 1080 4418 φορητὸν,
1107 4344 1234 4399 οὔτε
1266 4341 1378 4399 οἷον
1401 4344 1860 4409 κυ).ίεσοαι,ὀ.λλ3ι

289 4446 384 4515 γῆς
418 4442 583 4514 ἄχθος
634 4438 797 4506 εἶναι,
840 4438 930 4492 καί
971 4457 1023 4492 τι
1056 4440 1150 4492 καὶ
1185 4437 1464 4507 βλάπτειν,
1487 4438 1646 4490 ὁποῖα
1684 4437 1856 4491 πολλὰ

1965 587 2340 653 continebant,
2376 591 2471 646 sed
2497 604 2719 662 prorsus
2749 602 2921 647 vacua
2943 595 3120 651 erant,
3159 584 3266 640 illis
3293 585 3383 654 qni
3419 584 3539 637 ino-

1963 679 2052 750 pia
2076 678 2408 748 laborarent,
2433 695 2541 737 non
2571 682 2749 738 solum
2808 681 3143 737 frumentum
3178 677 3400 747 egessit,
3446 676 3542 730 sed

1961 771 2125 828 etiam
2157 773 2223 828 ad
2247 772 2419 828 instar
2437 774 2683 829 miraculi
2702 772 2845 843 quod
2869 771 3166 829 secundum
3195 765 3545 837 Evangelium

1962 862 2126 919 Canae
2146 867 2352 931 evenit,
2381 865 2568 919 vinum
2602 863 2755 931 fecit,
2786 865 2863 920 ita
2896 873 2956 917 ut
2995 868 3295 932 pauperum
3337 859 3552 913 animos

1962 971 2102 1025 pane
2128 957 2529 1024 corroboraret,
2547 957 2674 1011 vino
2703 964 2883 1011 autem
2910 954 3231 1010 laetificaret.
3251 950 3546 1005 Narratum

1964 1047 2108 1104 enim
2146 1056 2201 1104 et
2241 1048 2344 1104 llde
2370 1049 2596 1118 dignum
2631 1056 2714 1103 est
2741 1046 2834 1102 illo
2884 1053 3126 1113 tempore
3162 1040 3450 1102 accidisse.
3486 1048 3549 1094 ut

1963 1139 2211 1196 homines
2234 1138 2345 1195 vini
2390 1140 2617 1210 penuria
2644 1139 2978 1195 laborarent.
3028 1136 3207 1202 Quare
3263 1134 3330 1188 ad
3378 1132 3546 1189 Deum

1964 1229 2236 1292 conversi,
2269 1239 2331 1284 ut
2362 1230 2605 1298 ipsorum
2632 1228 2861 1297 egestati
2888 1233 3257 1290 succurreret,
3295 1222 3546 1279 orarunt.‘

1944 1320 2108 1377 Deus
2142 1332 2323 1377 autem
2360 1336 2454 1378 eos
2481 1321 2780 1387 exaudivit,
2819 1329 2874 1376 et
2904 1332 3060 1376 servo
3121 1332 3223 1374 suo
3263 1312 3548 1372 Pbilotltco

1965 1414 2256 1484 praeepit,
2293 1422 2347 1469 et
2374 1428 2468 1484 per
2502 1429 2625 1469 eum
2651 1412 2906 1468 auxilium
2952 1411 3092 1468 tulit.
3114 1409 3368 1464 Rivulum
3406 1406 3550 1462 enim

1963 1504 2055 1578 qui
2073 1503 2220 1559 illam
2243 1504 2618 1561 calamitosum
2633 1507 2909 1577 regionem
2930 1501 3349 1575 praeterﬂuebat.
3369 1499 3551 1554 crucis

1964 1596 2247 1668 signaculo
2280 1598 2641 1669 precibusque
2669 1597 2928 1653 adhibitis
2963 1597 3015 1650 in
3045 1595 3233 1649 vinum
3267 1603 3549 1648 transmu-

1967 1689 2123 1744 tavit.
2154 1687 2211 1745 Si
2242 1699 2421 1746 autem
2458 1704 2623 1760 rupes
2649 1690 2741 1744 illa
2776 1688 3024 1759 antiqua,
3054 1687 3253 1763 baculo
3297 1684 3549 1754 perculsa

1966 1794 2161 1849 aquam
2187 1782 2448 1851 profudit,
2479 1791 2534 1836 et
2555 1783 2700 1852 regio
2729 1782 2976 1851 quzedam
3007 1779 3337 1836 miraculose
3393 1775 3553 1831 melle

1962 1882 2017 1927 et
2043 1870 2183 1928 lacte
2219 1866 2396 1936 ﬂuxit,
2457 1874 2689 1942 denique
2735 1870 2906 1939 ﬂuvii,
2971 1880 3203 1943 quorum
3267 1867 3548 1938 Scriptura

1964 1958 2293 2013 mentionem
2327 1959 2476 2023 facit,
2509 1960 2562 2014 in
2595 1962 2916 2029 sanguinem
2950 1958 3200 2015 conversi
3230 1965 3394 2012 sunt:
3429 1956 3549 2010 istis

1938 2051 2419 2107 'convcrsionibus
2450 2052 2576 2107 addi
2610 2053 2774 2108 debet
2809 2053 2973 2107 etiam
3004 2052 3109 2106 hoc
3156 2052 3343 2105 vinum
3387 2050 3439 2102 in
3469 2047 3547 2101 ri-

1961 2142 2090 2198 vulo
2112 2141 2308 2209 ﬂuens,
2339 2157 2445 2215 non
2476 2145 2695 2213 quidem
2732 2158 2849 2199 uva:
2884 2144 3127 2215 sanguis,
3189 2142 3266 2198 uti
3332 2141 3551 2196 viticola

1962 2250 2085 2290 cum
2117 2234 2299 2305 Moyse
2332 2235 2550 2303 dixerit,
2578 2235 2673 2313 sed
2693 2246 2847 2306 grata
2861 2237 3129 2293 Altissimi
3148 2233 3308 2306 quasi
3336 2232 3545 2304 pluvia,

1935 2328 2245 2396 'egentibus
2277 2328 2382 2384 illis
2411 2328 2703 2384 destinata.
2739 2327 3310 2398 Animadvertasjam,
3337 2338 3551 2394 quaeso,

1960 2424 2293 2479 concedente
2325 2424 2457 2488 Deo,
2493 2423 2585 2494 qui
2616 2430 2701 2480 est
2728 2424 2868 2479 Dens
2921 2422 3340 2486 miraculorum,
3369 2415 3556 2487 prodi-

1961 2516 2203 2585 giorum,
2235 2515 2514 2584 potentiae,
2552 2515 2825 2581 veritatis,
2878 2513 3052 2585 majus
3087 2513 3178 2569 hic
3226 2507 3554 2565 miraculum

1962 2608 2256 2678 contigisse
2281 2608 2371 2664 illo
2402 2610 2456 2663 in
2478 2607 2623 2664 Cana
2680 2607 2847 2674 iacto,
2911 2605 3373 2678 quemadmodmu
3412 2602 3554 2677 ipse

1962 2701 2234 2771 promisit.
2259 2699 2447 2771 Neque
2474 2701 2619 2755 enim
2660 2700 2823 2766 dolia,
2852 2716 2952 2756 nec
2999 2699 3224 2760 doliola,
3289 2710 3388 2750 nec
3435 2707 3555 2748 am-

1960 2791 2166 2860 phorae,
2195 2805 2296 2846 nec
2325 2792 2552 2864 lagenae,
2588 2806 2686 2846 nec
2717 2792 2889 2859 uceri,
2916 2793 3009 2847 sed
3027 2792 3174 2845 rivus
3196 2790 3405 2857 integer
3428 2784 3553 2838 vino

1961 2884 2269 2939 scaturiens
2299 2897 2396 2951 per
2425 2883 2764 2938 Philotheum
2828 2881 3087 2951 proﬂuxit
3141 2879 3252 2934 illis
3299 2875 3390 2947 qui
3448 2873 3554 2927 hoc

1964 2972 2231 3028 miraculo
2260 2970 2408 3043 digni
2436 2972 2604 3029 habiti
2635 2980 2783 3027 sunt.
2813 2972 2879 3026 Et
2914 2972 3031 3026 haec
3061 2968 3280 3041 quidem
3328 2968 3384 3021 in
3417 2976 3553 3020 con-

1962 3066 2092 3120 vivii
2130 3080 2313 3121 usum.

2036 3156 2123 3212 ‘18.
2169 3154 2437 3223 Quoniam
2470 3163 2651 3208 autem
2725 3151 3111 3206 miraculorum
3144 3164 3173 3203 a
3218 3148 3311 3203 Dei
3345 3151 3552 3205 sanctis

1962 3247 2234 3302 editorum
2266 3260 2559 3315 permagna
2588 3251 2674 3300 est
2701 3243 2943 3297 varietas
2971 3241 3100 3312 (alia
3144 3238 3415 3310 siquidem
3461 3255 3551 3294 sa—

1934 3338 2187 3393 ‘nitatem
2230 3337 2482 3402 reddunt,
2517 3336 2619 3390 alia
2649 3335 2846 3389 victum
2879 3332 3251 3403 suppeditant,
3283 3330 3388 3384 alia
3422 3328 3544 3385 aliis

1962 3428 2382 3485 necessitatibus
2409 3428 2717 3491 medentur,
2764 3440 2908 3479 nunc
2955 3422 3175 3494 quidem
3229 3420 3548 3485 auferendo,

1963 3536 2105 3574 nunc
2121 3527 2301 3575 autent
2319 3517 2671 3584 adducendo;
2698 3528 2821 3571 sunt
2838 3508 2999 3587 porro
3013 3529 3133 3584 qua:
3157 3522 3359 3567 metum
3379 3520 3554 3566 terro-

1962 3628 2188 3682 remque
2214 3612 2502 3679 incutiant,
2527 3610 2757 3689 exempli
2777 3611 2947 3682 gratia
2971 3609 3101 3664 illud
3126 3622 3234 3675 quo
3259 3605 3396 3661 ﬁcus
3419 3605 3552 3659 diris

1962 3705 2157 3761 dev0ta
2184 3715 2286 3771 est,
2311 3719 2494 3776 quare
2519 3705 2691 3761 tribus
2723 3703 2950 3757 Judaica
2981 3710 3035 3757 et
3063 3714 3253 3757 omnes
3286 3698 3550 3766 ejusmodi

1960 3804 2150 3865 gentes
2181 3795 2248 3850 ad
2282 3798 2634 3850 reverendam
2669 3793 2927 3847 admoniti
2960 3801 3086 3847 sunt
3111 3790 3409 3860 potentiam
3453 3790 3548 3843 Dei

1960 3887 2050 3955 qui
2093 3901 2201 3942 non
2235 3892 2441 3941 tantum
2485 3886 2745 3951 viviﬁcat,
2787 3884 2881 3939 sed
2934 3884 3098 3938 etiam
3135 3889 3364 3936 mortem
3400 3880 3547 3934 inﬂi-

1961 3993 2086 4046 gere
2117 3984 2318 4047 petest,
2358 3993 2464 4031 non
2497 3978 2672 4031 solum
2710 3990 2937 4030 succum
2994 3966 3290 4029 valetudini
3355 3973 3543 4026 utilem

1962 4068 2299 4138 suppeditat,
2338 4084 2529 4123 verum
2564 4082 2889 4124 exarescere
2933 4080 3151 4136 quoque
3199 4064 3376 4134 facit),
3409 4073 3549 4119 tem-

1963 4174 2091 4227 pore
2117 4159 2446 4230 postulante,
2471 4158 2634 4214 etiam
2667 4158 2987 4214 Philotheus
3020 4156 3192 4213 edidit
3228 4155 3549 4212 miraculum

1961 4251 2105 4321 quod
2131 4249 2220 4305 tali
2253 4253 2410 4305 modo
2432 4267 2551 4307 sese
2573 4251 2767 4307 habuit
2798 4270 2812 4306 :
2845 4251 3097 4321 Lapidem
3133 4250 3388 4304 nimirum
3456 4249 3550 4317 qui

1962 4358 2138 4413 neque
2172 4344 2424 4399 manibus
2451 4344 2866 4414 comprehendi,
2896 4361 3070 4416 neque
3092 4342 3341 4398 humeris
3365 4356 3552 4409 aspor«

1966 4436 2066 4491 tari
2094 4451 2269 4508 neque
2292 4436 2433 4491 volvi
2463 4445 2698 4506 poterat,
2750 4437 2843 4490 sed
2893 4445 3152 4506 tanquam
3189 4433 3361 4489 moles
3400 4431 3551 4486 iners

289 4533 512 4601 γίνεται,
539 4533 704 4600 λόγον
732 4531 1075 4600 ἐπιπέμψας,
1116 4531 1217 4582 ὅσα
1248 4530 1341 4582 καὶ
1376 4529 1574 4599 μοχλὸν
1606 4528 1858 4599 εὐμήχα-

1963 4528 2181 4599 jacebat
2237 4538 2314 4595 et,
2354 4529 2431 4584 uti
2483 4543 2625 4599 saepe
2680 4529 2881 4597 evenit,
2918 4528 3201 4583 oﬂ'ensioni
3262 4532 3402 4593 erat,
3436 4522 3554 4579 solo

291 4642 400 4691 νον,
420 4627 478 4679 οὐ
504 4626 665 4695 μόνον
696 4623 980 4693 διώχλισεν
1005 4620 1408 4687 ὑποσχλεύσας,
1442 4621 1579 4675 ἀλλὰ
1609 4621 1703 4674 καὶ
1730 4634 1862 4690 μετ-

292 4715 472 4785 έθηκε.
496 4717 604 4770 Καὶ
630 4712 700 4789 ἦν
733 4713 1088 4782 ἀναλάξευμά
1116 4731 1169 4767 τι
1200 4714 1293 4766 καὶ
1320 4711 1482 4765 τοῦτο
1509 4711 1699 4783 θαῦμα
1717 4713 1864 4765 ὲκεί-

289 4808 676 4868 νου,ὂδξδωτιν
702 4807 732 4859 ὁ
758 4806 891 4868 Θεος
929 4815 1042 4869 τοίς
1075 4803 1241 4857 αὐτοῦ
1270 4802 1568 4874 μαθηταῖς,
1598 4804 1859 4871 ἐπαγγει-

290 4900 539 4969 λάμενος,
589 4901 684 4953 καὶ
712 4898 814 4969 ὅρη
850 4899 1162 4967 μετακινεῖν
1204 4897 1408 4960 αὐτοὺς
1440 4897 1862 4961 ὲπιτάοσοντας,

290 4994 389 5045 καὶ
422 4976 807 5060 μεταδιδάξειν
830 4992 896 5042 ἐκ
926 4991 1089 5062 τῆσδε
1130 4990 1343 5061 βάσεως
1382 4991 1463 5052 εἰς
1500 4988 1669 5057 ἅλ’λην
1703 4988 1865 5042 ἑλκό·

298 5101 429 5152 μενα
477 5085 718 5147 πίστεως
780 5086 1069 5152 πείσμασι.
1120 5083 1217 5145 Τίς
1247 5086 1350 5137 οὐκ
1385 5084 1452 5135 ἂν
1486 5082 1719 5136 ἐνταῦθα
1752 5080 1867 5147 ἑξε-

294 5174 472 5247 πλάγη
516 5179 607 5231 τὸν
660 5177 835 5249 μέγαν
882 5176 1155 5241 Φιλόθεον,
1201 5175 1345 5228 οὕτω
1373 5174 1605 5236 καὶτοῖς
1633 5173 1864 5246 ἀψύχοις

294 5272 599 5326 ἐπιτάττειν
629 5273 949 5341 δυνάμενον,
983 5274 1078 5327 καὶ
1106 5272 1208 5342 τὴν
1238 5273 1509 5342 ἐπιταγὴν
1534 5271 1752 5342 βλέπων
1783 5274 1864 5334 εἰς

294 5362 454 5432 ἔργον
506 5364 946 5434 προϐαίειουσάν;
1006 5361 1251 5432 Ἐγκοπὴ
1308 5362 1510 5424 παντὸς
1566 5360 1739 5415 κακοῦ
1804 5362 1867 5413 τδ

293 5457 530 5509 τοιοῦτον
559 5457 766 5526 θαῦμα.
790 5457 904 5509 Οὐκ
935 5455 1003 5509 ἂν
1020 5454 1437 5528 ὡρογλύφησεν,
1466 5455 1565 5508 οὑκ
1601 5454 1665 5507 ἂν
1686 5452 1865 5506 οἰκίαν

294 5548 439 5613 προς
458 5549 629 5602 οὶκίαν
654 5550 887 5620 ἥνωσεν,
921 5549 1045 5603 οὐδὲ
1074 5549 1245 5616 ἀγρὸν
1277 5548 1412 5618 προς
1437 5547 1631 5618 ἀγρὸν,
1653 5547 1703 5598 εἰ
1722 5543 1865 5598 οὕτω

293 5636 515 5691 δύναται
548 5644 576 5693 ὁ
609 5641 861 5703 Φιλόοεος
899 5641 1137 5710 διασπᾷν
1169 5640 1266 5692 καὶ
1300 5638 1697 5706 μεταδιδάξειν
1724 5634 1863 5706 ἄχθη

298 5732 591 5804 ﬂagtium,
616 5735 672 5786 ὲν
697 5734 818 5804 χρῷ
837 5736 942 5802 γῆς
974 5733 1224 5803 κειμενα,
1255 5729 1633 5799 καὶ.ἀκρι6ῶς
1664 5729 1861 5791 εἰπεῖν,

300 5826 624 5887 ἁμετάθετα.
649 5829 721 5881 Τὸ
746 5828 802 5883 δὲ
828 5827 948 5882 ὅλον
971 5826 1138 5893 φάναι
1169 5825 1340 5888 ἄλλως
1370 5842 1377 5847 λ
1413 5823 1588 5886 οὐδεὶς
1610 5819 1861 5874 τοιοῦτον

1454 5982 1489 6003 ηπ

1963 4623 2131 4677 verbo
2159 4621 2325 4677 vectis
2380 4620 2501 4675 loco
2558 4618 2831 4686 adhibito,
2877 4634 2981 4673 non
3017 4619 3189 4673 solum
3230 4630 3552 4673 concussum

1964 4711 2019 4768 in
2047 4714 2215 4768 altum
2243 4711 2482 4779 sustulit,
2515 4711 2609 4766 sed
2638 4711 2800 4766 etiam
2825 4713 3182 4781 transposuit.
3214 4708 3337 4764 Fuit
3368 4716 3552 4762 autem

1963 4805 2082 4874 ejus
2116 4804 2439 4859 miraculum
2470 4803 2522 4856 in
2558 4800 2738 4871 lapide
2787 4811 3155 4871 perpetratum
3192 4819 3258 4857 ex
3311 4800 3399 4856 his
3431 4815 3553 4870 quae

1965 4895 2110 4952 Deus
2149 4895 2430 4965 discipulis
2464 4895 2577 4949 suis
2616 4893 2890 4960 concedit,
2925 4895 3013 4948 ubi
3053 4895 3321 4962 promittit
3352 4880 3471 4948 fore
3494 4900 3556 4946 ut

1965 4989 2066 5060 ipsi
2103 4991 2218 5057 solo
2249 4989 2407 5058 jussu
2440 4997 2654 5040 montes
2684 4985 3000 5041 dimoveant
3022 4996 3186 5056 atque
3212 4984 3333 5042 ﬁdei
3373 4986 3559 5055 vigore

1933 5068 2033 5140 zex
2060 5085 2162 5138 alia
2196 5083 2248 5137 in
2286 5074 2447 5135 aliam
2511 5081 2696 5135 sedem
2752 5080 3163 5157 transmittant.
3227 5080 3357 5147 Quis
3390 5078 3558 5146 igitur

1966 5191 2073 5228 non
2136 5172 2435 5226 admiretur
2475 5171 2577 5224 hac
2607 5170 2660 5223 in
2695 5184 2753 5224 re
2783 5186 3038 5238 magnum
3073 5169 3549 5237 Philotheum,qui

1965 5267 2130 5322 etiam
2164 5263 2328 5318 rebus
2353 5262 2672 5316 inanimatis
2698 5261 2970 5331 imperare
2997 5261 3253 5326 valuerit,
3297 5271 3353 5315 et
3395 5261 3553 5329 cujus

1932 5358 2228 5424 "imperata
2258 5356 2310 5410 in
2345 5355 2547 5409 factum
2606 5354 3013 5425 processerint?
3046 5354 3164 5412 Hoc
3219 5353 3545 5409 miraculum

1965 5461 2180 5502 omnem
2203 5444 2611 5512 perversitatem
2654 5445 2958 5499 intercidit.
2996 5442 3164 5500 Nemo
3216 5436 3328 5511 iam
3357 5444 3550 5496 statuis

1932 5548 1939 5551 ’
1965 5539 2274 5609 sculpendis
2298 5537 2560 5602 incubuit,
2588 5552 2747 5591 nemo
2772 5536 2992 5592 domum
3017 5537 3218 5599 domui,
3246 5551 3342 5588 nec
3362 5550 3548 5602 agrum

1966 5651 2096 5707 agro
2123 5632 2392 5703 adiunxit,
2426 5631 2873 5703 quandoquidem
2903 5631 3221 5686 Philorheus
3242 5639 3351 5680 tam
3386 5627 3548 5682 facile

1966 5724 2282 5796 gravissima
2305 5721 2565 5792 pondera,
2589 5723 2704 5777 solo
2728 5720 3061 5775 adltmrcntia
3086 5727 3162 5780 ct,
3182 5727 3239 5770 ut
3290 5729 3545 5771 accurate

1967 5819 2167 5884 dicam,
2202 5813 2499 5872 immobilia
2522 5813 2781 5870 divellere
2824 5823 2879 5870 et
2933 5810 3264 5867 translocare
3313 5819 3545 5878 poterat.
