3950 6242
441 314 539 374 15λ

1138 293 1556 378 EUS'TATIIII
1594 314 2015 375 TIIESSALO.‘

2128 316 2348 377 ENSIS
2384 318 2948 380 ΜΕῘἮΟΡΟίιΙΤίΕ

3580 316 3597 377 1
3611 314 3683 371 ﬁat

433 432 501 486 Ut
532 439 717 487 autem
766 431 987 488 omnino
1030 430 1184 487 aliter
1225 431 1402 487 dicam
1429 468 1447 495 ,
1494 443 1674 498 nemo,
1718 438 2013 500 compecto

2122 428 2244 482 ίδὼν
2279 430 2577 500 ἐνδυναμον
2617 431 2987 502 ἀπειλητῆρα,
3034 429 3370 507 ευρασύνατο
3395 428 3459 482 ἂν
3504 430 3694 496 ἀμαρ-

432 537 538 579 tam
569 534 784 592 potente
816 525 1144 587 minitatore,
1179 536 1346 581 ausus
1375 530 1457 579 cst
1484 521 1847 579 inhmrescere
1873 536 2004 588 pec-

433 616 569 671 catis
600 630 826 686 quorum
859 617 999 671 fatua
1031 615 1106 672 ad
1137 615 1365 672 vindicis
1397 613 1661 669 Philothei
1685 628 1847 671 aures
1879 628 2006 682 prr-

434 705 638 775 vulgari
667 706 857 774 possit.

504 797 591 851 19.
629 798 759 863 Quae
807 808 1011 863 autem,
1045 797 1171 853 dum
1197 797 1378 853 adhuc
1423 808 1703 868 superstes
1737 797 1858 865 fuit,
1894 797 2002 853 alia

434 888 732 953 patravcrit
779 888 1071 954 miracula,
1120 889 1213 958 qui
1273 889 1494 944 virtutis
1556 890 1737 945 studio
1796 889 1999 947 incensi

433 977 743 1033 auscultare
774 988 827 1032 et
856 979 1015 1034 saluti
1043 979 1240 1035 anima:
1274 994 1493 1046 operam
1545 980 1858 1048 impendere
1886 991 2005 1037 stu-

435 1072 582 1136 dént,
614 1086 681 1126 ex
712 1072 860 1128 illius
898 1074 1137 1140 regionis
1162 1073 1356 1128 incolis
1387 1073 1694 1141 percontari
1748 1081 2001 1141 possunt,

432 1162 702 1230 siquidem
756 1163 861 1217 alia
901 1163 1055 1219 libris
1107 1164 1388 1220 historicis
1440 1165 1636 1219 tradita
1670 1163 2002 1232 referuntur,

435 1253 540 1304 alia
564 1254 633 1307 ab
660 1251 730 1308 iis
760 1252 849 1321 qui
875 1254 1068 1308 horum
1100 1253 1486 1308 miraculorum
1512 1253 1802 1322 participes
1832 1252 2001 1320 fuere,

437 1345 704 1413 hodieque
740 1346 862 1400 viva
904 1360 1033 1401 voce
1066 1344 1451 1417 praedicantur.
1512 1346 1584 1400 lis
1621 1347 1765 1400 enim
1799 1346 2003 1402 diutius

441 1435 717 1491 immorari
776 1446 985 1507 tempus
1016 1437 1220 1504 deﬁcit,
1261 1452 1382 1492 cum
1422 1438 1635 1492 nonnisi
1679 1453 1709 1494 e
1764 1438 2005 1495 minimis

437 1525 757 1593 quibusdam
788 1527 950 1581 vitam
976 1526 1248 1583 Philotltei
1285 1544 1493 1583 summa
1530 1530 1890 1587 admiratione
1922 1528 2004 1586 di-

437 1631 596 1682 gnam
633 1632 889 1673 enarrare
929 1618 1284 1673 voluerimus.
1314 1619 1660 1689 Quaprorter
1704 1635 1808 1674 nuo
1841 1620 2007 1677 alter-

2107 519 2252 583 τίαις
2286 521 2590 586 ἐπιϐαλεῖν,
2611 522 2818 586 αἵτινες
2836 524 2915 585 εἰς
2939 522 3109 591 ἀκοὴν
3132 522 3207 592 τῷ
3233 521 3491 590 ὲκδικητῇ
3524 520 3690 571 Φιλο-

2111 610 2218 684 θέῳ
2249 611 2585 669 ἐλεύσονται.

2178 789 2262 845 ιθ’.
2299 792 2441 847 Ὅσα
2488 793 2544 846 δέ
2594 792 2692 847 καὶ
2716 792 2849 846 ἄλλα
2893 793 2974 845 ἔτι
2997 787 3122 856 ’ζῶν
3154 790 3463 854 ἀπετέλεσε,
3497 788 3693 857 θαῦμα

2106 883 2552 954 προκαλούμενα,
2614 882 2763 938 ἐστιν
2800 885 2864 936 ἐκ
2918 882 3027 936 τῶν
3083 884 3262 935 ἐκεῖσε
3302 882 3439 935 κατά
3498 880 3693 951 χώραν

2109 973 2435 1045 πορίζεσθαι
2461 977 2588 1039 τοὺς
2615 977 2890 1045 ἐναρέτως
2922 973 3389 1043 φιλσκροάμονας,
3416 973 3508 1025 καὶ
3536 972 3605 1024 τὰ
3634 973 3697 1032 ὲς

2104 1065 2346 1137 ψυχικὴν
2378 1067 2860 1137 ἐμπορευομένους
2887 1065 3181 1135 ὠφέλειαν,
3219 1067 3289 1116 τὰ
3324 1063 3422 1131 μὲν
3454 1061 3514 1126 ἐξ
3544 1065 3696 1122 ιστο-

2109 1160 2230 1230 ρίας
2277 1159 2719 1229 ἀναλεγομένων,
2777 1159 2844 1212 τὰ
2874 1157 3060 1211 δὲκαὶ
3105 1156 3276 1210 εἰσέτι
3324 1156 3695 1224 πειρωμένων

2104 1254 2205 1320 τῆς
2248 1251 2457 1304 τούτων
2502 1249 2963 1322 θαυμασιότητος.
3038 1248 3201 1317 Ἡμῖν
3234 1247 3344 1317 γὰρ
3373 1246 3434 1298 οὐ
3495 1245 3695 1315 καιρὸς

2106 1343 2465 1413 ἐνδιατρίϐειν
2501 1344 2690 1406 αὐτοῖς
2726 1343 2823 1397 ἐπὶ
2855 1343 3040 1404 πλέον,
3066 1339 3426 1411 προθεμένοις
3456 1339 3519 1390 ἐκ
3548 1338 3696 1407 βρα-

2105 1434 2360 1505 χυτάτων
2385 1435 2550 1488 τινῶν
2582 1435 2828 1505 ἐμφῆναι
2861 1433 2923 1487 τὸ
2976 1432 3266 1501 μεγαλεῖον
3301 1429 3395 1482 τοῦ
3418 1431 3560 1487 κατά
3594 1429 3694 1479 τὸν

2105 1525 2360 1580 Φιλόθεον
2412 1526 2832 1594 πολιτεύματος.
2906 1524 3109 1592 Διόπερ
3153 1520 3271 1583 ἑνός
3316 1519 3532 1588 τινοςῆ
3593 1521 3695 1571 καὶ

2106 1619 2362 1688 δευτέρου
2380 1619 2489 1670 τῶν
2520 1617 2711 1671 τούτου
2744 1616 3109 1686 ποιησάμενοι
3141 1612 3356 1683 μνείαν,
3383 1613 3476 1665 καὶ
3506 1612 3696 1664 αὐτῶν

439 1722 541 1764 ove
586 1720 1011 1766 commemorato
1035 1727 1098 1765 ex
1124 1712 1191 1767 iis
1220 1727 1339 1782 quae
1367 1728 1472 1769 non
1508 1712 1627 1767 vivo
1651 1722 1839 1768 sancto
1880 1728 2008 1769 eve-

2122 1709 2207 1779 :Oz
2246 1709 2373 1762 οἴων
2401 1706 2576 1772 eum
2612 1707 2763 1776 ζωῆς
2795 1707 2891 1760 τοῦ
2923 1705 3185 1776 μεγάλου,
3206 1703 3340 1756 ἀλλὰ
3382 1704 3520 1770 μετά
3552 1704 3695 1753 ἁπο-

440 1807 653 1863 nerunt,
686 1800 780 1856 sed
808 1812 929 1871 post
971 1802 1090 1873 ejus
1146 1779 1408 1868 mortem,
1465 1820 1569 1872 qua
1601 1804 1909 1859 immediate
1939 1805 2005 1858 ad

2122 1798 2323 1863 Siwaw,
2348 1798 2414 1852 δι’
2442 1791 2507 1869 ἧς
2532 1800 2755 1867 ἀμέσως
2787 1795 2864 1866 τῷ
2890 1794 3231 1863 παμϐασιλεῖ
3263 1794 3510 1861 παρέστη
3544 1791 3693 1859 Θεῷ,

444 1894 606 1948 Deum
645 1895 1064 1963 omnipotentem
1118 1898 1352 1952 evolavit
1378 1898 1559 1952 anima
1603 1912 1733 1965 pura
1765 1905 1818 1951 et
1853 1898 2006 1969 quasi

443 1999 594 2040 mens
627 1985 857 2056 integra,
889 1988 1279 2045 concludemus
1315 1999 1556 2045 nostram
1585 1988 2005 2058 expositionem,

439 2078 770 2150 symmetria:
804 2094 962 2150 quam
1002 2080 1337 2137 intendimus
1364 2083 1577 2139 ratione
1608 2080 1814 2136 habita.

508 2168 601 2225 20.
640 2169 760 2225 Jam
803 2169 1149 2237 Philotheus,
1182 2186 1380 2241 magna
1426 2172 1606 2241 aquila
1637 2182 1691 2227 et
1720 2171 2012 2227 daemonia-

440 2276 624 2317 corum
674 2261 862 2317 alitum
914 2262 1105 2328 hostis,
1160 2263 1226 2318 ad
1268 2263 1609 2319 Altissimum
1674 2262 2009 2328 evolaverat,

443 2351 629 2411 multis
671 2342 939 2423 capitibus
967 2352 1195 2410 istorum
1226 2352 1550 2425 iujustorum
1581 2352 1859 2408 lethaliter
1893 2366 2014 2419 per-

443 2446 636 2501 cussis.
692 2444 758 2499 Et
818 2444 988 2515 ipsius
1019 2446 1236 2516 quidem
1280 2455 1488 2516 partem
1520 2444 1757 2498 divinam
1788 2446 2013 2497 thronus

447 2535 559 2600 Dei,
591 2535 734 2606 quod
768 2543 949 2592 autem
1001 2546 1274 2593 terrenum
1323 2545 1379 2591 et
1437 2535 1644 2592 humile
1690 2547 1829 2598 erat,
1870 2545 2013 2589 terra

447 2628 700 2689 habebat.
724 2629 789 2682 de
812 2644 918 2699 qua
938 2641 1207 2701 sumptum
1235 2630 1355 2696 fuit,
1393 2639 1560 2694 terra,
1597 2629 1838 2700 inquam,
1866 2626 2016 2680 laeta-

442 2717 701 2789 bundajde
725 2720 842 2789 ejus
855 2718 1215 2788 depositione,
1238 2736 1412 2789 neque
1436 2719 1671 2775 ellieiens
1689 2723 1804 2793 ejus
1834 2718 1976 2774 inter
1992 2746 2010 2759 -

447 2808 580 2860 itum
638 2823 732 2862 seu
769 2808 1203 2877 dissolutionem,
1248 2811 1344 2866 sed
1386 2826 1717 2869 conservans
1742 2824 1797 2869 et
1828 2813 2017 2869 volens

447 2910 615 2953 totum
652 2900 805 2954 illum
857 2903 1103 2970 recipere
1152 2910 1207 2959 et
1255 2903 1310 2957 in
1338 2905 1729 2974 sempiternum
1792 2905 2013 2959 colere:

453 2989 713 3056 quoniam
745 2999 924 3045 autem
958 2994 1197 3047 animum
1233 2995 1470 3048 retinere
1495 3010 1559 3050 ac
1592 2996 2018 3050 circumcludere

448 3095 555 3135 non
584 3080 779 3149 potuit,
811 3092 1067 3136 contenta
1103 3082 1202 3137 fuit
1236 3084 1435 3138 habere
1494 3099 1690 3154 corpus
1723 3087 1867 3155 quod
1896 3101 2012 3139 ma-
2042 3118 2086 3177 α

452 3184 590 3224 trem
620 3186 728 3225 non
760 3172 1046 3229 infectaret
1098 3172 1394 3243 vaporibus
1443 3174 1583 3230 male
1617 3175 1893 3231 oli-ntibus
1922 3186 2018 3231 aut

453 3264 801 3333 pttll't'litiiltis
836 3264 1049 3330 (tutore,
1086 3268 1181 3322 sed
1204 3268 1345 3338 quod
1369 3277 1555 3338 gratos
1586 3269 1876 3337 dulcesque
1917 3284 2016 3325 cx-

450 3356 661 3410 halaret
692 3355 911 3422 odores,
942 3357 1097 3428 quasi
1117 3370 1421 3413 aromatum
1449 3361 1731 3429 tltut'isque
1761 3371 1902 3416 esset
1936 3375 2022 3412 re-

449 3443 807 3511 ceptaculum,
867 3443 940 3498 ita
998 3455 1079 3510 ut,
1143 3444 1297 3513 cuius
1358 3446 1467 3501 vivi
1524 3462 1714 3516 preces
1741 3448 1807 3501 ad
1850 3446 2018 3502 Deum

449 3534 807 3588 ascenderant
831 3535 1007 3590 thuris
1036 3534 1229 3602 instar,
1265 3535 1408 3591 illius
1448 3546 1501 3591 et
1536 3551 1734 3607 corpus
1761 3547 2017 3609 tanquam

450 3626 622 3682 altare
668 3642 764 3684 seu
826 3629 1160 3684 thuribulum
1218 3627 1483 3686 refertum
1534 3639 1680 3686 esset
1715 3630 1879 3685 odore
1911 3646 2020 3700 quo

454 3717 596 3774 Deus
628 3719 846 3790 gaudet.
873 3717 988 3775 Hoc
1017 3734 1115 3790 per
1143 3736 1344 3776 annum
1386 3720 1656 3791 integrum
1685 3722 2018 3787 perduravit,

446 3820 505 3864 et
525 3809 940 3883 admirationem
975 3810 1255 3878 excitavit,
1305 3822 1359 3866 et
1390 3812 1633 3867 dolorem
1698 3811 1883 3883 injecit
1914 3814 2022 3869 illis

447 3897 543 3969 qui
591 3906 836 3953 sanctum
874 3897 1287 3952 committebant
1322 3907 1500 3963 terrae,
1569 3900 1710 3968 quod
1765 3899 2021 3956 thesauro

444 3987 727 4045 condendo
759 4004 866 4042 non
905 3987 1171 4046 haberent
1219 3991 1438 4062 dignum
1476 3992 1894 4062 receptaculum,
1930 4007 2025 4049 ne-

450 4097 559 4153 que
612 4097 709 4137 vas
757 4095 1033 4155 unguento
1082 4085 1437 4149 conveniens,
1474 4102 1651 4156 neque
1704 4087 2021 4157 amphoram

448 4173 753 4227 venerando
774 4173 898 4229 oleo
917 4189 1230 4243 congruant.
1269 4174 1501 4242 Operam
1536 4176 1704 4243 igitur
1735 4176 2020 4241 dederunt,

450 4275 508 4317 ut
532 4276 785 4321 sanctum
812 4275 1201 4335 componerent
1233 4267 1286 4318 in
1320 4267 1437 4319 loco
1462 4266 1829 4337 convenienti,
1859 4277 1913 4322 et
1940 4270 2023 4321 di-

447 4371 608 4427 gnum
642 4370 709 4413 eo
737 4364 1142 4411 monumentum
1188 4358 1477 4426 erigerent.
1498 4356 1650 4423 Quod
1700 4372 1819 4412 cum
1851 4360 2022 4427 tieret,

2109 1891 2258 1962 ψυχὴ
2286 1891 2615 1961 ἀκραιφνὴς,
2647 1889 2771 1952 νοῦς
2800 1889 3150 1960 αὐτόχρημα,
3183 1887 3567 1955 καταλύσομεν
3598 1885 3696 1941 τὸν

2108 1984 2289 2051 λόγον,
2343 1981 2688 2053 συμμετρίας
2745 1979 3170 2051 ἐστοχασμένοι,
3216 1979 3410 2033 ὁποίαν
3465 1978 3698 2048 προεθέ-

2114 2074 2278 2145 μεθα.

2185 2174 2256 2221 κ’.
2288 2166 2427 2235 Ἤδη
2453 2166 2551 2236 μὲν
2567 2164 2594 2217 ό
2620 2163 2763 2218 κατὰ
2778 2163 3075 2234 δαιμονίων
3099 2161 3318 2231 πτηνῶν
3338 2162 3516 2232 μέγα(
3533 2160 3696 2222 ἀετὸς

2111 2264 2140 2316 ὁ
2166 2259 2416 2321 Φιλόθεος
2448 2258 2783 2333 ἐπτερύξατο
2806 2258 2943 2327 πρὸς
2962 2256 3053 2309 τὸν
3076 2255 3368 2320 Ὕψιστον,
3386 2256 3464 2315 εἰς
3493 2252 3697 2314 πολλὰς

2113 2351 2356 2422 κεφαλὰς
2384 2349 2650 2403 τοιούτων
2682 2348 2899 2418 ἀνόμων
2928 2347 3107 2417 βαλὼν
3131 2346 3386 2399 θάνατον.
3416 2346 3523 2397 Καὶ
3549 2342 3696 2415 εἶχεν

2114 2440 2281 2499 αὐτοῦ
2317 2440 2374 2493 τὸ
2408 2441 2510 2511 μὲν
2548 2439 2825 2494 θειότατον
2856 2439 2884 2492 ὁ
2910 2438 3005 2494 τοῦ
3040 2438 3175 2492 Θεοῦ
3212 2439 3424 2509 θρόνος,
3449 2438 3511 2490 τὸ
3534 2437 3587 2489 δὲ
3620 2435 3697 2505 μὴ

2113 2536 2378 2598 τοιοῦτον,
2428 2533 2544 2588 ἁλλ’
2577 2534 2640 2586 ἐκ
2696 2512 2813 2586 τῶηῖ
2841 2534 2990 2586 κάτω
3025 2531 3122 2584 καὶ
3170 2531 3276 2599 γῆς
3310 2531 3502 2598 αὐτῆς.
3533 2532 3568 2598 ἡ
3600 2530 3695 2597 γῆ,

2116 2629 2174 2695 ἐξ
2208 2623 2275 2698 ἦς
2330 2626 2576 2695 εἴληπτο.
2615 2623 2886 2695 χαίρουσα
2913 2625 2980 2694 τῇ
3029 2621 3323 2675 καταθέσει
3372 2618 3566 2685 αὐτοῦ,
3603 2622 3697 2674 καὶ

2115 2721 2216 2776 οὐκ
2269 2718 2631 2788 ἐπιχειροῦσα
2683 2719 2764 2780 είς
2824 2716 3056 2787 φθορὰν,
3108 2714 3208 2769 εἶτ’
3245 2712 3338 2769 οὖν
3371 2715 3691 2782 διαφθορὰν,

2117 2812 2254 2866 ἀλλά
2284 2809 2653 2880 συντηροῦσα,
2683 2810 2779 2864 uti.
2806 2808 3039 2862 θέλουσα
3072 2809 3179 2879 μὲν
3218 2808 3336 2861 ὅλον
3368 2808 3579 2859 ἐκεῖνον
3610 2805 3700 2859 δέ·

2121 2902 2319 2967 ξασθαι
2351 2902 2447 2955 καὶ
2488 2901 2767 2970 ἀμφέπειν
2788 2899 3038 2963 ἀείζωον,
3071 2899 3152 2952 δτι
3190 2898 3247 2951 δὲ
3280 2899 3354 2968 μὴ
3382 2893 3497 2966 εἶχε
3534 2913 3696 2968 περι-

2121 2995 2273 3065 σχεῖν
2327 2996 2388 3046 τὸ
2445 2992 2933 3064 ἀκατακράτητον,
2988 2990 3304 3061 ἀρκουμένη
3329 2989 3406 3058 τῷ
3441 2988 3697 3058 καθεκτῷ

2122 3087 2340 3156 σώματι
2376 3085 2481 3138 οὐκ
2510 3084 2822 3154 ἀχρειοῦντι
2854 3083 2954 3155 τὴν
2995 3082 3211 3152 μητέρα
3233 3080 3533 3134 δυσώδεσιν
3564 3081 3698 3134 ἀπο-

2120 3179 2315 3249 φοραῖς
2345 3177 2441 3230 καὶ⁵
2480 3176 2780 3246 σηπεδόνος
2804 3173 3157 3245 δριμύτησιν,
3189 3173 3304 3228 ἀλλ’
3349 3173 3699 3236 εὐωδιάζοντι

2120 3272 2215 3325 καὶ
2250 3269 2538 3340 μυροῦντι,
2567 3267 2643 3331 ὡς
2673 3269 2723 3320 εί
2749 3268 2844 3320 καὶ
2872 3266 3184 3338 ἀρωμάτων
3212 3268 3307 3318 καὶ
3330 3263 3699 3335 θυμιαμάτων

2118 3364 2186 3439 ἦν
2211 3367 2356 3438 θήκη
2381 3383 2394 3396 ·
2428 3368 2537 3429 ἵνα,
2577 3357 2636 3419 οὗ
2667 3366 2867 3430 ζῶντος
2898 3364 2954 3416 αί
2984 3363 3143 3433 εὐχαὶ
3166 3363 3246 3425 είς
3269 3361 3703 3420 Θεὸνκατευθύ-

2122 3475 2275 3513 νοντο
2320 3459 2397 3521 ὡς
2452 3456 2732 3525 θυμίαμα,
2765 3454 2974 3509 ἐκείνου
3018 3454 3116 3507 καὶ
3148 3453 3210 3505 τὸ
3240 3453 3401 3527 σῶμα
3430 3451 3576 3505 κα.θά
3611 3451 3701 3505 καὶ

2122 3549 2401 3617 θυτήριον,
2437 3546 2635 3600 ταύτὸν
2661 3545 2706 3598 δ’
2735 3547 2933 3612 εἰπεῖν,
2988 3544 3355 3615 θυμιατήριον
3378 3542 3553 3611 ὀδμῆς
3601 3559 3701 3594 πε-

2122 3639 2436 3708 πλησμένον
2473 3637 2580 3706 εἴη,
2618 3635 2781 3707 ὁποίᾳ
2810 3634 3022 3707 χαίρειν
3065 3629 3176 3689 οίδε
3202 3635 3355 3696 Θεός.
3381 3628 3493 3686 Ἦν
3541 3631 3701 3687 τοῦτο

2122 3730 2203 3793 είς
2248 3730 2370 3783 ὅλον
2406 3727 2682 3781 ἐνιαυτόν
2741 3730 2835 3781 καὶ
2880 3723 3228 3796 ἐθαυμάζετο
3260 3724 3355 3777 καὶ
3394 3723 3701 3794 μετάμελος

2122 3816 2191 3893 ἦν
2219 3823 2334 3882 τοῖς
2366 3820 2489 3872 τότε
2545 3818 2642 3873 τὸν
2678 3817 2834 3886 ἅγιον
2881 3815 3158 3889 κρύψασιν
3189 3815 3295 3869 ὑπὸ
3344 3815 3470 3884 γῆν,
3503 3817 3587 3868 ὅτι
3623 3817 3700 3883 μὴ

2123 3912 2201 3981 τῷ
2233 3909 2495 3981 θησαυρῷ
2523 3907 2792 3977 ἀνάλογον
2822 3907 3250 3977 πεφιλοτίμηται
3284 3903 3703 3978 θησαυρᾳφυλάη

2125 4020 2264 4068 κιον,
2298 4003 2382 4055 ὅτι
2410 4001 2486 4070 μὴ
2518 4000 2662 4054 κατά
2714 4000 2775 4052 τὸ
2805 3999 2978 4070 μύρον
3004 3998 3165 4068 τιμία
3198 3998 3229 4066 ἡ
3276 3995 3589 4067 μυροθήκη,
3619 3996 3701 4048 ὅτι

2129 4092 2203 4164 μὴ
2225 4094 2318 4146 καὶ
2338 4092 2398 4145 τὸ
2422 4091 2768 4160 ἀλάϐαστρον
2788 4090 2938 4154 ἀξιον
2959 4088 3051 4142 τοῦ
3087 4088 3460 4158 πολυτιμήτου
3491 4088 3697 4141 ἐλαίου.

2125 4187 2234 4239 Καὶ
2267 4183 2449 4237 τοίνυν
2498 4182 2734 4253 μελέτην
2768 4182 2979 4245 ἔθεντο,
3031 4180 3366 4252 μεταθέσθαι
3398 4180 3491 4233 τὸν
3521 4181 3698 4248 ἅγιον,

2125 4279 2247 4335 ὅποι
2283 4277 2486 4348 μᾶλλον
2515 4276 2706 4345 ἐχρῆν,
2753 4275 2851 4328 καὶ
2887 4275 3161 4345 μνημεῖον
3205 4262 3355 4342 αὐτῷ
3378 4273 3516 4342 πρὸς
3544 4272 3703 4336 ἀξίαν

2127 4366 2515 4439 τεχνήσασθαι.
2553 4367 2663 4421 Kal.
2712 4365 2789 4429 ὡς
2821 4366 3034 4434 ἐγίνετο
3077 4364 3258 4429 τοῦτο,
3287 4365 3379 4417 καὶ
3412 4364 3440 4415 ό
3475 4363 3703 4427 πλοῦτος

446 4457 503 4502 et
535 4450 825 4504 thesaurus
859 4448 1051 4523 istead
1086 4447 1265 4501 locum
1305 4447 1724 4516 splendidiorem
1757 4450 2015 4504 transfer-

2128 4464 2337 4522 ἐκεῖνος
2397 4459 2791 4530 μετεκομίζετο
2826 4459 2905 4521 είς
2947 4458 3136 4527 ἕτερον
3173 4456 3502 4526 τιμιώτερον
3537 4456 3704 4525 γαζο-

448 4552 616 4608 retur,
665 4541 864 4610 placuit
915 4538 1343 4594 Christianorum
1406 4540 1540 4609 regi,
1582 4536 1850 4595 Philothei
1883 4541 2013 4606 Deo,

450 4633 710 4691 miraculo
743 4649 866 4689 eum
889 4632 1158 4689 honorare
1199 4642 1253 4688 et
1291 4633 1435 4687 velut
1484 4636 1904 4688 resurrectionis
1931 4644 2016 4704 ty-

450 4743 574 4801 pum
626 4728 907 4784 exhibere.
941 4726 1062 4782 Jam
1091 4741 1240 4792 vero,
1286 4740 1321 4781 o
1363 4725 1686 4781 miraculum
1724 4727 2014 4793 ineﬂ'abile,

449 4835 681 4889 quocum
736 4822 829 4875 vix
875 4821 1042 4874 ullum
1082 4820 1388 4890 comparari
1435 4822 1631 4890 queatl
1680 4821 2019 4876 venerabiles

449 4911 804 4979 depositionis
854 4909 1157 4964 administri
1192 4910 1394 4965 sensim
1421 4926 1614 4966 manus
1638 4911 2019 4978 admovebant,

449 5012 505 5058 et
551 5002 781 5059 sollicite
829 5011 1075 5067 sanctum
1124 5016 1318 5071 corpus
1372 5003 1843 5073 apprehendentes
1896 5019 2020 5059 cum

456 5110 647 5165 magna
682 5110 813 5151 cura
848 5096 1203 5151 sublevabant
1233 5105 1289 5151 et
1310 5095 1598 5167 diligenter
1627 5097 2019 5165 suscipiebant,

456 5187 611 5242 veriti
667 5201 733 5241 ne
780 5187 910 5259 quid
960 5186 1107 5242 illius
1155 5197 1361 5242 sanctae
1395 5187 1678 5257 compagis
1719 5186 2022 5242 diﬂ‘ractum

455 5277 676 5346 periret.
709 5277 802 5334 Ille
842 5294 970 5335 vero
1001 5295 1058 5334 ut
1087 5279 1509 5345 demonstraret,
1533 5296 1593 5336 se
1635 5294 1739 5335 non
1766 5279 2022 5350 periisse,

456 5372 550 5425 sed
600 5371 653 5425 in
692 5370 800 5427 Deo
831 5372 1031 5439 vivere,
1071 5373 1341 5428 viventem
1394 5385 1573 5430 autem
1621 5374 1857 5446 diﬂ‘ringi
1918 5390 2022 5430 nou

459 5478 637 5535 posse,
671 5467 857 5520 ambas
889 5482 1102 5533 manus,
1132 5468 1285 5537 quasi
1342 5468 1572 5532 viveret,
1606 5476 1859 5523 extensas
1880 5477 1935 5521 et
1958 5469 2024 5523 ad

457 5558 1025 5627 comprehendendum
1094 5563 1423 5627 compositas
1519 5562 1761 5615 timueris
1815 5560 2025 5615 illorum

463 5651 689 5702 duorum
743 5660 1079 5714 sanctorum,
1138 5650 1226 5719 qui
1261 5666 1384 5704 eum
1439 5650 1795 5721 sepeliebant,
1856 5655 2028 5721 impo-

467 5735 593 5791 Sull.
632 5731 802 5803 iisque
849 5731 1075 5786 ﬁrmiter
1108 5733 1322 5788 innixus
1374 5744 1534 5803 atque
1567 5736 1645 5789 sic
1672 5747 2025 5801 sustentatus,

2125 4553 2408 4623 φυλάκων,
2435 4553 2601 4621 ἤρεσε
2632 4550 2707 4622 τῷ
2734 4551 2841 4604 τῶν
2871 4549 3218 4620 Χριστιανῶν
3244 4548 3602 4618 παμϐασιλεῖ,
3628 4548 3704 4617 τῷ

2125 4642 2215 4695 τοῦ
2244 4642 2496 4695 eaeaeae
2529 4641 2669 4711 Θεῷ,
2703 4639 2866 4693 αὐτόν
2895 4657 2955 4692 τε
2984 4637 3362 4709 ἀποσεμνύναι
3387 4637 3707 4707 θαυμασιώο

2126 4751 2304 4801 τερον,
2339 4734 2437 4787 καὶ
2469 4733 2641 4786 τύπον
2673 4731 3027 4793 ἀναστάσεως
3056 4731 3152 4783 καὶ
3181 4729 3332 4798 αὐτῷ
3386 4730 3706 4799 ἐνσημήνα-

2129 4826 2271 4879 σθαι.
2306 4827 2437 4890 Kal,
2476 4824 2521 4877 ὦ
2551 4824 2829 4889 θαύματος
2870 4825 3138 4897 ἀρρήτου,
3163 4822 3259 4875 καὶ
3291 4821 3405 4874 οἵου
3442 4821 3707 4891 ὑπερανί-

2129 4917 2359 4971 στασθαι
2406 4917 2790 4987 συγκρίσεωςί
2824 4916 2874 4968 οἱ
2925 4917 3026 4986 μὲν
3058 4916 3155 4985 τῆς
3190 4913 3537 4984 μεταθέσεως
3573 4913 3705 4979 ίεροὶ

2129 5009 2426 5079 κηδεμόνες
2474 5009 2661 5079 ἡρέμα
2686 5009 2785 5071 τὰς
2814 5009 3006 5077 χεῖρας
3037 5006 3363 5070 ὑπέϐαλλον,
3399 5007 3495 5057 καὶ
3523 5022 3708 5073 πεφει-

2131 5101 2344 5170 σμένως
2366 5097 2460 5151 τοῦ
2486 5099 2631 5168 ἱεροῦ
2656 5097 2977 5164 ἐδράττοντο
3000 5095 3277 5164 σώματος,
3304 5095 3399 5147 καὶ
3419 5096 3703 5164 ἐμφρόνως

2130 5189 2266 5243 αὐτὸ
2292 5187 2795 5257 ὑπολαμϐάνοντες,
2844 5185 3122 5254 ἐπιμελῶς
3174 5186 3412 5253 ἀνεῖχον,
3450 5183 3707 5237 εὐλαϐοὑο

2135 5297 2308 5350 μενοι,
2342 5279 2554 5348 μήποτέ
2587 5294 2639 5329 τι
2673 5274 2961 5345 συνέτριϐεν
2991 5274 3234 5345 διαιρεθῇ
3264 5274 3360 5341 τῆς
3392 5272 3548 5343 ἱερᾶς
3568 5272 3704 5325 ἐκεί-

2132 5387 2224 5423 νου
2256 5371 2529 5441 διαρτίας.
2580 5368 2638 5421 Ὀ
2656 5368 2713 5421 δὲ
2747 5366 2983 5429 δεικνὺς,
3015 5366 3090 5428 ὡς
3126 5367 3187 5418 οὐ
3227 5364 3559 5429 διαλέλυται,
3594 5361 3704 5415 ἀλλ’

2135 5463 2193 5516 ἐν
2226 5461 2344 5531 Θεῷ
2396 5459 2487 5532 ζῇ,
2560 5459 2739 5525 ζῶντα
2790 5457 2846 5510 δὲ
2875 5458 2979 5510 οὐκ
3009 5457 3127 5509 ἔστι
3173 5457 3367 5508 παθεῖν
3397 5454 3703 5523 συντριϐὴν,

2134 5555 2303 5624 ἄμφω
2355 5551 2432 5604 τὼ
2486 5553 2637 5621 χεῖρε
2664 5550 3020 5614 διαπετάσας,
3075 5548 3150 5610 ὡς
3178 5547 3337 5617 εἴπερ
3366 5532 3487 5616 ἔζη,
3517 5544 3702 5597 ἔπειτα

2137 5641 2430 5713 καμπύλας
2460 5641 2629 5703 αὑτὰς
2667 5639 3036 5710 σχηματίσας,
3070 5635 3211 5691 ὥστε
3254 5634 3591 5706 περιλαϐεῖν,
3614 5634 3701 5686 καὶ

2139 5735 2243 5788 τῶν
2292 5735 2458 5804 ὤμων
2500 5733 2888 5797 καταπετάσας
2924 5732 3090 5800 αὑτὰς
3137 5731 3324 5800 ίερέων
3348 5730 3571 5785 ἐκείνων
3602 5728 3694 5783 δύο
