3950 6242
491 268 589 334 167

556 384 692 440 0οΕ
719 380 854 438 Vill.
890 379 1153 442 Laudate,
1178 379 1347 446 pueri.

559 480 650 533 25.
680 477 756 531 Eo
793 489 985 543 usque,
1024 480 1245 540 martyr,
1278 466 1537 538 prodigiis
1562 465 1777 520 celeber
1813 462 2056 527 evasisti,

491 580 550 625 ut
583 580 638 625 et
662 568 883 624 Barbari
918 565 1013 633 qui
1052 577 1157 617 non
1195 563 1339 614 intra
1363 559 1505 613 ovile
1534 556 1878 612 Dominicum
1905 561 2053 619 sunt,

492 661 874 717 miraculosam
899 657 1149 712 virtutem
1168 660 1314 709 tuam
1333 650 1668 722 proclament
1683 658 1738 704 et
1755 645 2059 716 supplicent

491 769 677 823 pacem
714 760 873 821 perte
918 748 1223 805 obtineant.
1272 745 1365 801 Sic
1393 742 1658 800 mirabilis
1686 748 1799 797 toto
1838 738 1893 795 in
1925 738 2085 795 orbe'

489 849 507 900 l
514 854 666 901 actus
694 858 774 898 es.

561 935 648 988 26.
679 933 972 986 Tormenta
1018 943 1139 998 qua:
1191 941 1385 996 passus
1417 939 1476 981 es
1503 924 1697 979 ulcisci
1747 921 2058 979 omnimode

488 1022 733 1094 patuisu.
759 1021 815 1075 In
840 1034 1061 1075 carcere
1086 1016 1229 1073 enim
1264 1017 1490 1070 miseros
1523 1014 1726 1078 salvas,
1756 1024 1811 1068 et
1843 1022 2059 1069 catena-

492 1128 613 1169 rum
640 1124 926 1181 compages
946 1116 1273 1179 potestatem
1303 1114 1450 1160 tuam
1466 1104 1767 1160 mirabilem
1796 1105 2058 1169 sentiunt,

490 1214 546 1259 et
570 1204 792 1274 pulvere
818 1202 963 1258 misti
995 1201 1210 1257 cruoris
1240 1200 1441 1256 ﬂuenta
1468 1199 1665 1263 siccas,
1690 1212 1756 1253 ac
1787 1198 1888 1254 tela
1913 1195 2062 1252 fran-

492 1296 574 1366 gis
606 1295 987 1348 Barbarorum.

562 1386 654 1439 ‘27.
699 1385 1080 1454 Apostolorum
1137 1384 1268 1439 olim
1326 1384 1457 1453 ipsas
1520 1383 1725 1436 umbrae
1776 1378 2059 1436 sanabant.

496 1478 602 1535 Sed
623 1488 676 1532 et
712 1492 855 1532 nunc
887 1477 1076 1533 eadem
1110 1476 1197 1531 hic
1230 1475 1386 1530 ﬁunt.
1427 1474 1567 1530 Nam
1626 1472 2060 1538 innumerabilia,

495 1580 722 1643 martyr,
764 1570 981 1641 perticis
1006 1569 1270 1640 prodigia,
1302 1577 1374 1624 et.
1405 1570 1457 1623 in
1488 1569 1822 1623 somniorum
1855 1565 2063 1619 umbris

1182 259 1595 322 EUSTATHII
1623 251 2380 316 TIIESSALONICENSIS
2422 252 2981 314 METROPOLszE

2078 367 2130 429 Α
2225 371 2381 427 ΩΙΔΗ
2411 372 2490 424 ιιι.
2524 371 2867 439 Εὐλογεῖτε,
2891 369 3122 433 παῖδας.

3623 244 3727 307 168

2234 472 2332 520 κε’.
2363 467 2454 525 Εἰς
2485 464 2764 530 τοσοῦτον,
2793 464 3021 535 μάρτυς,
3050 464 3113 517 ὲκ
3135 458 3434 528 θαυμάτων
3474 452 3731 518 “626651-

2162 577 2270 613 σαι.
2303 559 2379 617 ὡς
2410 559 2506 611 καὶ
2538 556 2868 626 βαρϐάρους,
2902 555 3071 625 αὐλῆς
3119 553 3219 607 οὐκ
3275 552 3385 606 ἔσω
3415 550 3733 617 θεωνυμου-

2163 655 2333 725 μένης
2372 653 2550 716 ὄντας,
2585 651 2683 721 τὴν
2716 652 2774 704 ὲν
2802 649 2890 703 σοὶ
2909 647 3202 718 κηρύττειν
3227 644 3730 716 θαυματοποίησιν,

2121 770 2125 775 τ
2161 747 2255 801 καὶ
2281 744 2595 807 λιτάζεσθαί
2623 759 2703 805 σε,
2736 741 2965 812 εἰρήνην
2989 742 3047 794 ἓν
3073 742 3155 794 σοὶ
3215 737 3518 809 εὑρίσκειν.
3570 733 3733 788 Οῦτω

2159 839 2503 910 τεθαύμασαι
2537 839 2619 901 είς
2642 838 2819 894 πάντα
2849 834 3076 905 κόσμον.

2231 932 2344 996 κς’.
2382 926 2591 1001 Οἷσπερ
2612 929 2838 1000 πάσχων
2867 926 3048 996 ἔτλης,
3107 922 3408 993 ὲπαμύνειν
3444 919 3734 987 δεδύνησαι

2162 1025 2220 1077 ὲν
2276 1023 2600 1092 πειρασμοῖς
2663 1019 2957 1081 παντοίοις.
2999 1015 3237 1086 Είρκτῆς
3284 1012 3392 1083 γὰρ
3443 1010 3556 1063 ἔσω
3608 1010 3736 1071 τοὺς

2162 1111 2648 1183 ταλαιπωροῦντας
2692 1108 2912 1174 σώζεις,
2937 1107 3033 1161 καὶ
3054 1105 3273 1176 δεσμῶν
3303 1101 3527 1163 ἀνέσεις
3565 1116 3734 1167 τερα-

2162 1200 2518 1273 τουργοῦνταί
2555 1217 2659 1265 σοι,
2691 1199 2790 1253 καὶ
2805 1197 3244 1267 λυθροφορὴτους
3293 1194 3546 1264 αἱμάτων
3609 1189 3733 1261 ῥοάς

2163 1295 2461 1366 ξηραίνεις,
2493 1294 2695 1362 δόρατα
2723 1291 2781 1346 δὲ
2803 1288 3027 1359 θραύιις
3050 1287 3121 1340 τά
3150 1286 3258 1340 τῶν
3288 1284 3613 1356 βαρσᾶρων.

2235 1387 2340 1452 κζ’.
2399 1384 2740 1440 ’Δτιοστόλιιιν
2783 1383 2952 1438 πάλαι
3010 1383 3108 1435 καὶ
3164 1381 3316 1434 σκιαὶ⁸
3371 1378 3734 1448 ἐθεράπευον.

2176 1479 2337 1533 Ἀ).λά
2373 1482 2468 1532 καὶ
2518 1478 2615 1532 νῦν
2667 1476 2854 1530 ἐνθάδε
2884 1474 3062 1529 ταύτά
3111 1473 3414 1527 τελοῦνται.
3484 1473 3737 1539 ’Δπειρο-

2167 1571 2344 1642 πληθῆ
2374 1570 2505 1638 γάρ,
2550 1568 2785 1639 μάρτυς,
2810 1567 3052 1629 ἐκτελεῖς
3086 1567 3312 1633 σημεῖα,
3347 1563 3443 1616 καὶ
3497 1560 3740 1615 ὀπτανὸ-

494 1664 667 1728 visus,
693 1663 797 1717 et’a
831 1662 1059 1718 terribili
1088 1661 1411 1744 necessitate
1439 1658 1603 1716 solvis
1627 1672 1877 1713 somnum
1898 1656 2062 1712 letbi-

2182 1679 2327 1724 ιενος
2371 1663 2429 1714 ὲν
2460 1660 2641 1722 σκιαῖς
2664 1659 2909 1728 ὀνείρων,
2941 1658 3037 1710 καὶ
3086 1656 3234 1719 λύεις
3260 1655 3442 1724 δεινῆς
3486 1653 3739 1722 ἀνάγκης

495 1754 667 1807 ferum
701 1754 753 1806 in
777 1751 1058 1822 periculis.

560 1844 650 1898 28.
681 1843 810 1917 Boni
841 1844 946 1898 duo
964 1858 1066 1897 una
1096 1839 1339 1907 adducti,
1368 1854 1598 1910 quorum
1630 1839 1683 1893 in
1710 1836 1888 1893 medio
1909 1834 2060 1891 illum

495 1934 864 1988 accusantium
900 1932 1052 1986 stetit
1106 1947 1200 1986 rex
1236 1929 1397 1985 Deus.
1432 1930 1646 2000 Repetit
1678 1927 1937 1984 victorias
1964 1926 2061 1982 Dei

494 2025 684 2091 Mater,
715 2034 769 2080 et
808 2032 888 2091 tu,
925 2024 1188 2093 Demetri,
1234 2024 1306 2079 illi
1343 2025 1432 2109 qui
1489 2034 1689 2080 terram
1722 2021 2059 2078 dominatur.

497 2118 676 2174 Multae
695 2119 838 2174 enim
871 2118 1003 2173 tales
1024 2116 1129 2188 ipsi
1157 2115 1395 2186 desuper
1425 2117 1718 2172 dabuntur.

566 2294 700 2351 ODE
734 2292 828 2348 1X.
869 2291 976 2358 Qui
1005 2310 1097 2362 per
1118 2294 1572 2350 manducatt'onem
1597 2296 1659 2348 de
1686 2294 1847 2364 ligno.

567 2384 656 2441 E9.
689 2385 835 2442 Felix
865 2400 960 2455 per
981 2386 1262 2442 vulnerum
1296 2388 1482 2442 decem
1508 2387 1695 2452 millia,
1726 2387 1844 2452 tibi,
1881 2388 2059 2453 beate,

495 2487 650 2551 parta
686 2493 834 2533 mors
864 2478 973 2533 Deo
996 2484 1048 2533 te
1076 2477 1271 2535 obtulit
1292 2480 1432 2534 sicut
1455 2477 1922 2548 Seraphimjunum
1944 2480 2062 2549 plu-

497 2573 604 2627 ries
628 2571 923 2627 oculatum.
946 2568 1081 2624 Nam
1106 2569 1338 2625 telorum
1363 2571 1581 2626 vulnera
1620 2572 1786 2626 multa
1811 2571 1904 2627 tibi
1933 2587 2062 2643 ape-

498 2668 727 2716 ruerunt
777 2661 1058 2716 oculorum
1118 2659 1352 2730 fulgidas
1384 2661 1615 2728 orbitas,
1666 2663 1865 2732 quibus
1917 2662 2060 2719 Deus

496 2749 851 2821 conspicitur.

567 2842 658 2897 '50.
702 2840 837 2895 -Vita
873 2840 969 2896 tibi
1020 2841 1244 2896 omnino
1286 2841 1628 2911 immortalis,
1678 2846 1976 2916 opprobrio
2006 2857 2063 2905 et

498 2932 617 2987 labe
630 2931 780 2986 omni
796 2940 1191 3000 exempta,rum
1209 2931 1319 2988 Deo
1343 2942 1393 2988 te
1409 2934 1670 3004 junxit,et
1690 2940 1750 2990 ut
1766 2936 2061 3007 thymiama

2164 1753 2328 1809 ὕπνον
2364 1753 2664 1823 θανάσιμον
2692 1754 2807 1814 τοῖς
2828 1753 2886 1803 ὲν
2908 1750 3201 1812 κινδύνοις.

2233 1852 2340 1915 κη’.
2406 1843 2627 1911 Ἀγαθοὶ
2674 1845 2723 1896 οἱ
2786 1843 2880 1895 δύο
2938 1840 3292 1911 συνηγμένοι,
3340 1831 3415 1893 ὧν
3447 1839 3739 1907 ἕστηκενὸ

2163 1937 2416 2009 βασιλεὺς
2442 1937 2502 1988 ὲν
2528 1935 2677 2005 μέσῳ
2702 1935 2836 1997 Θεὸς
2875 1934 3178 1987 αἰτούντων
3230 1931 3444 1985 τοῦτον.
3502 1930 3741 1996 Ἐξαιτεῖ

2150 2047 2220 2117 ,τε
2247 2028 2405 2089 νίκας
2431 2025 2528 2080 τοῦ
2557 2024 2693 2079 Θεοῦ
2720 2026 2753 2096 ή
2786 2026 2944 2095 Μήτη
2955 2041 3008 2094 ρ,
3049 2023 3144 2079 καὶ
3174 2025 3262 2088 σύ,
3310 2023 3619 2117 Δημητριε,
3664 2023 3740 2091 τῷ

2161 2106 2261 2190 τῆς
2297 2116 2626 2187 οἰκουμένης
2660 2115 2975 2185 κρατοῦντι.
3004 2115 3208 2186 Συχναὶ
3244 2114 3355 2185 γάρ
3398 2106 3562 2169 αὗται
3591 2113 3739 2168 οὕτω

2161 2210 2475 2279 δοθήσονται
2498 2208 2647 2278 αὐτῷ
2683 2207 2902 2277 ὑψόθεν.

2233 2300 2390 2353 ΩΙΔΗ
2420 2298 2498 2354 Θ’.
2540 2297 2604 2352 '0
2627 2299 2726 2353 διὰ
2750 2297 3040 2366 βρώσεως
3075 2298 3185 2353 τοῦ
3208 2297 3424 2363 ξύλου.

2231 2392 2335 2448 κθ’.
2390 2394 2449 2447 Ὀ
2477 2392 2565 2446 διὰ
2582 2392 2837 2461 τρώσεων
2861 2390 3072 2461 μυρίων
3134 2407 3239 2453 σοι,
3292 2392 3504 2462 μάκαρ.
3570 2408 3740 2463 προσ-

2163 2485 2459 2554 γενόμενος
2489 2484 2722 2549 Θάνατος
2752 2485 3095 2554 μακαριστὶς
3123 2483 3245 2552 Θεῷ
3279 2500 3341 2537 σε
3371 2485 3737 2554 παρέστησεν,

2159 2575 2542 2646 ὼςΣεραφείμ
2574 2592 2722 2638 τινος
2787 2574 3180 2645 πολυομμάτου
3238 2574 3424 2644 φύσιν.
3492 2575 3575 2628 Τά
3632 2576 3740 2644 γὰρ

2161 2670 2429 2743 τρώματα
2450 2674 2557 2725 τῶν
2584 2673 2826 2744 δοράτων
2857 2673 3060 2736 πολλάς
3088 2689 3174 2725 σοι
3207 2671 3503 2742 ὓπήνοιξαν
3555 2669 3739 2740 ὀμμά-

2160 2778 2268 2816 των
2298 2762 2640 2830 διαφαύσεις,
2683 2765 2741 2816 ὲν
2771 2758 2853 2826 οἷς
2883 2763 3017 2826 Θεὸς
3044 2762 3417 2817 διοπτάνεται.

2231 2855 2296 2910 λ’.
2332 2855 2392 2909 '0
2417 2855 2804 2927 πανακήρατός
2828 2872 2923 2910 σου
2956 2850 3092 2926 βίος,
3150 2854 3386 2925 κηλίδων
3415 2852 3512 2907 καὶ⁵
3556 2853 3742 2924 ῥυπώ-

2163 2965 2303 3001 σεων
2328 2948 2615 3021 πόρρωθεν
2645 2946 3026 3020 καθεστηκὼς,
3054 2946 3173 3018 Θεῷ
3229 2963 3290 3001 σε
3316 2946 3585 3016 ᾤκείωσε,
3650 2946 3740 2998 καὶ

501 3023 684 3077 multis
720 3021 1050 3077 aromatibus
1079 3024 1390 3079 confectum
1422 3026 1526 3095 ipsi
1552 3035 1603 3082 te
1633 3030 1976 3085 consecravit
2006 3030 2059 3085 in

2182 3039 2241 3104 ὓς
2269 3039 2518 3110 θυμίαμα
2534 3041 2833 3112 πολυμιγὲς
2861 3040 3012 3111 αὐτῷ
3040 3054 3101 3093 σε
3144 3039 3480 3110 καθιέρωσεν
3532 3039 3619 3102 εις
3655 3039 3741 3090 δε·

498 3120 710 3183 gratum
751 3111 878 3168 boni
903 3113 1091 3169 odoris
1108 3125 1511 3172 ornamentum.
1542 3118 1712 3189 igitur
1741 3120 1838 3177 tibi
1871 3120 2062 3180 datum

496 3213 583 3265 est
619 3215 737 3273 post
768 3219 994 3262 mortem
1019 3208 1311 3277 unguentis
1333 3208 1616 3265 distillare.

569 3296 658 3352 3L
694 3297 956 3353 Thesauri
989 3301 1162 3355 instar
1218 3302 1528 3358 recOnditus
1575 3318 1634 3358 es
1686 3305 1740 3358 in
1790 3305 2062 3375 sepulcro,

498 3388 640 3456 quod
673 3393 996 3457 sanguineas
1030 3392 1519 3462 unguentariasque
1543 3393 1717 3449 undas
1746 3397 1968 3454 emittis.
1998 3397 2064 3453 Et

496 3480 551 3532 in
570 3479 645 3557 iis
667 3479 1013 3549 cogitandum
1036 3490 1120 3536 est
1142 3482 1297 3552 quasi
1321 3485 1774 3541 resurrectionem
1804 3503 1949 3542 novo
1974 3504 2065 3543 or-

498 3567 624 3621 dine
655 3576 709 3623 ct
737 3583 923 3624 casum
966 3570 1108 3626 ﬁeri.
1153 3572 1395 3628 Mortuus
1427 3576 1644 3644 quidem
1692 3587 1886 3632 natura
1921 3579 2062 3634 ceci-

497 3657 648 3725 disti,
683 3663 962 3734 sanguinis
994 3679 1120 3719 vero
1144 3663 1359 3722 liuentis
1388 3671 1842 3725 resurrectionem
1879 3681 2065 3727 osten-

497 3747 600 3805 dis.

564 3837 656 3892 δὲ.
695 3838 1106 3910 Imperatorem,
1143 3842 1328 3917 Virgo,
1363 3846 1429 3901 ad
1460 3847 1718 3918 praeclare
1733 3859 1881 3921 gesta
1908 3852 2065 3908 undi-

495 3938 598 3996 que
623 3944 772 4001 rege,
795 3933 1059 3990 barbaras
1090 3946 1342 3993 avertens
1368 3939 1645 4006 cohortes,
1670 3940 2064 4001 dominantium

496 4018 786 4078 Dominum
806 4034 861 4080 et
883 4025 1078 4081 Filium
1103 4030 1353 4098 precibus
1379 4032 1486 4087 tuis
1509 4033 1779 4103 placatum
1809 4035 2061 4102 reddens,

500 4117 679 4164 tecum
719 4111 1040 4182 legationem
1064 4118 1299 4173 obeuute
1320 4130 1582 4192 martyre,
1613 4123 1709 4194 qui
1736 4125 1976 4183 animum
2009 4127 2063 4183 in

497 4199 752 4268 passione
779 4201 1152 4261 dominantem
1191 4209 1425 4279 accepit.

569 4287 799 4347 TONUS
824 4295 1075 4367 ambigui.
1095 4300 1312 4369 quarti:
1348 4300 1673 4372 Sapientiam
1702 4310 1868 4364 verbi.

566 4469 857 4542 Sanguinis
884 4473 987 4539 tui,
1021 4486 1248 4547 martyr,
1278 4480 1404 4545 vivi,
1429 4488 1483 4536 et
1506 4495 1898 4552 unguentorum
1933 4491 2068 4548 ellu-

494 4565 675 4620 siones
700 4572 896 4619 terram
922 4565 1210 4637 delectant,
1226 4570 1484 4641 Demetri,
1509 4578 1785 4637 etanimas
1801 4597 2063 4652 corpora-

496 4678 602 4733 que
618 4668 981 4734 sanctiﬁcant,
1001 4665 1178 4736 beate,
1199 4668 1437 4739 undique
1460 4687 1573 4742 prae
1590 4671 1694 4728 (ide
1719 4683 1773 4729 et
1798 4674 2072 4735 desiderio

496 4755 578 4810 tui
611 4759 1012 4815 accurrentium
1046 4760 1115 4816 ad
1143 4762 1399 4832 templum
1431 4773 1677 4820 sanctum
1710 4774 1884 4834 tuum,
1910 4777 1967 4827 ut
1999 4785 2064 4825 ex

495 4847 690 4917 abysso
720 4859 994 4920 unguenta
1022 4866 1237 4922 semper
1259 4856 1561 4924 obtineant,
1590 4865 1801 4923 sancte,
1828 4859 1883 4914 in
1914 4876 2061 4917 mor-

502 4936 694 4993 borum
718 4943 1091 5011 sanationem.
1142 4944 1352 5001 ldcirco
1382 4949 1451 5004 ad
1482 4957 1530 5003 te
1557 4950 1880 5019 clamamus,
1915 4952 2069 5022 lega-

501 5032 593 5080 tus
628 5038 810 5084 noster
847 5045 1033 5086 coram
1064 5033 1171 5088 Deo
1221 5036 1388 5103 adsis,
1418 5047 1472 5092 et
1507 5050 1854 5109 peccatorum
1906 5043 2062 5099 venia

505 5115 667 5171 detur
723 5129 968 5175 sanctam
1016 5123 1090 5178 tui
1144 5130 1459 5185 memoriam
1513 5129 1705 5187 festivo
1755 5131 2062 5203 devotaque

497 5208 661 5265 corde
689 5212 1108 5274 celebrantibus.

2167 3130 2294 3186 κτὸν
2323 3132 2550 3195 εὐωδίας
2577 3133 2877 3203 ἀγλάϊσμα.
2908 3131 3119 3187 Οὐκοῦν
3166 3148 3251 3185 σοι
3290 3131 3550 3202 ἀντεδόθη
3578 3145 3743 3202 μυρο-

2167 3220 2386 3276 ϐλυτεῖν
2418 3223 2560 3292 μετά
2590 3224 2839 3279 θάνατον.

2237 3314 2343 3369 λα’.
2378 3313 2863 3387 Ἐντεθησαύρισαι
2924 3316 3023 3384 μὲν
3076 3316 3255 3385 τάφῳ,
3290 3314 3408 3369 ἀλλ’
3439 3314 3595 3383 ὅμως
3654 3315 3737 3366 αε-

2170 3405 2492 3477 ματὸῤῥυτα
2530 3405 2780 3475 χεύματα
2809 3406 3191 3476 μυροϐλυτεῖς.
3261 3405 3372 3458 Καὶ
3427 3404 3546 3458 ἔστι
3600 3402 3742 3471 λογί-

2170 3496 2367 3551 σασθαι
2394 3496 2583 3568 ὥσπερ
2610 3498 2908 3552 ἀνάστασιν
2941 3496 3323 3564 καιωπρεπῶς
3378 3496 3475 3549 καὶ
3536 3498 3741 3553 πτῶσιν

2166 3590 2228 3643 τὸ
2266 3591 2565 3660 γινόμενον.
2594 3590 2704 3645 Καὶ
2726 3589 2900 3644 θανὼν
2921 3590 3022 3659 μὶν
3043 3588 3203 3651 αὐτὸς
3229 3587 3389 3657 φύσει
3422 3586 3739 3653 πέπτωκας,

2167 3683 2414 3753 αἱμάτων
2440 3681 2499 3735 δὲ
2525 3685 2591 3753 τῇ
2622 3682 2775 3753 χύσει
2804 3682 3138 3753 παραδηλοϊς
3155 3680 3254 3752 τὴν
3283 3679 3610 3735 ἀνάστασιν.

2238 3860 2338 3932 λβ’.
2375 3859 2468 3929 Τῷ
2493 3858 2879 3928 αὐτοκράτορι,
2933 3854 3202 3925 Παρθένε,
3268 3851 3563 3923 βραϐεύοις
3621 3853 3742 3924 ἀρι-

2168 3953 2452 4024 στεύματα
2474 3951 2730 4016 πάντοτε,
2766 3946 3109 4019 βαρϐαρικὰς
3144 3946 3496 4015 ἐκτρέπουσα
3529 3944 3739 4013 φάλαγ-

2166 4064 2289 4115 γας,
2321 4044 2416 4098 τδν
2447 4041 2865 4110 παντοκράτορα
2893 4039 2986 4093 καὶ
3009 4037 3102 4091 τὸν
3137 4037 3267 4090 Υίὸν
3295 4035 3471 4099 λιτοῖς
3521 4052 3618 4088 σου
3650 4035 3739 4088 εὐ-

2169 4136 2482 4207 μενίζουσα,
2512 4131 3027 4204 συμπρεσσεΰοντός
3059 4145 3145 4182 σοι
3162 4127 3258 4182 καὶ
3296 4127 3394 4193 τοῦ
3428 4126 3738 4197 μάρτυρος,

2166 4228 2224 4292 ὃς
2246 4228 2370 4281 νοῦν
2388 4224 2833 4295 αὐτοκρατοῦντα
2865 4221 3006 4277 κατὰ
3046 4220 3237 4276 παθῶν
3268 4217 3593 4283 ἐνεδείξατο.

2236 4314 2453 4374 *ΗΧΟΣ
2489 4317 2721 4387 πλαγίου
2751 4315 3014 4386 τετάρτου
3038 4331 3054 4345 ο
3087 4311 3206 4380 Τὴν
3228 4311 3456 4379 σοφίαν
3476 4309 3586 4365 τοῦ
3616 4311 3737 4365 ,ιδ’

2168 4429 2298 4481 γου.

2238 4503 2359 4558 Τῶν
2379 4503 2624 4570 αἱμάτων
2654 4515 2772 4563 σου,
2821 4496 3054 4566 μάρτυς,
3087 4495 3145 4548 αί
3195 4495 3428 4565 προχοαὶ
3469 4493 3565 4546 καὶ
3624 4490 3737 4542 τῶν

2175 4594 2364 4665 μύρων
2393 4593 2426 4662 ἠ
2456 4588 2643 4661 βλύσις
2667 4589 2764 4659 τὴν
2790 4591 2895 4656 γῆν
2944 4586 3249 4654 εὐφραίνει,
3283 4584 3587 4653 Δημήτριε,
3649 4582 3740 4634 καὶ

2170 4684 2348 4755 ψυχάς
2374 4683 2471 4737 καὶ
2495 4681 2565 4738 τά
2594 4679 2826 4751 σώματα
2876 4678 3117 4748 ἁγιάζει,
3148 4677 3360 4747 μάκαρ,
3393 4675 3504 4731 τῶν
3554 4673 3741 4729 πίστει

2174 4780 2267 4831 καὶ
2290 4775 2442 4847 πόθῳ
2469 4792 2552 4828 σοι
2589 4773 3038 4844 προστρεχόντων
3068 4771 3323 4837 πάντοτε,
3351 4769 3430 4840 τῷ
3470 4768 3600 4837 θείῳ
3652 4785 3741 4820 τε-

2177 4868 2327 4938 μένει
2356 4883 2474 4931 σου,
2517 4864 2706 4934 ὥσπερ
2730 4863 2790 4928 ἐξ
2847 4862 3089 4917 ἀϐύσσου
3125 4860 3402 4929 ἑξανύτειν
3467 4861 3537 4914 τὰ
3592 4861 3744 4930 μύρα

2170 4958 2251 5019 εις
2316 4955 2484 5023 ἴασιν,
2539 4956 2683 5021 ἅγιε,
2728 4952 3050 5023 νοσημάτων
3090 4953 3368 5008 ἑκάστοτε.
3427 4951 3528 5004 Διά
3585 4950 3745 5003 τοῦτο

2172 5046 2388 5118 βοῶμέν
2430 5065 2534 5111 σοι,
2568 5045 2836 5117 πρέσϐευε
2888 5044 2967 5116 τῷ
3022 5044 3160 5115 Θεῷ,
3223 5043 3334 5097 τῶν
3386 5042 3747 5115 πταισμάτων

2170 5140 2365 5209 ἄφεσιν
2391 5138 2736 5211 δωρήσεσθαι
2761 5138 2874 5204 τοῖς
2898 5135 3219 5209 ἑορτάζουσι
3247 5136 3401 5207 πόθῳ
3437 5134 3533 5207 τὴν
3578 5132 3742 5203 άγιαν

2179 5230 2400 5303 μνήμην
2422 5245 2536 5285 σου.
