3950 6242
457 327 551 391 1'71

1111 326 1528 388 EUSTATHII
1575 325 1678 383 ΤΠ
1694 321 2335 382 ESSALONICEN’SIS
2382 319 2939 380 METROPOLITE

3593 301 3694 382 ΓΞ

517 441 572 496 3.
605 439 724 496 llaec
758 440 970 511 quidem
1010 452 1162 494 erant
1186 442 1252 495 dc
1270 441 1466 507 quibus
1500 440 1629 493 mihi
1661 439 1936 492 fastidium
1962 450 2015 492 ct

2193 435 2262 504 γ’.
2310 435 2470 487 Ἀλλὰ
2501 433 2670 486 ταῦτα
2709 433 2828 501 μὲν.
2871 429 2930 495 ἐξ
2955 424 3032 484 ὧν
3064 445 3156 500 μοι
3182 432 3210 483 ὁ
3235 430 3414 494 ὄκνος,
3477 432 3573 483 καὶ
3629 428 3698 481 δι’

449 541 671 604 preptcr
699 550 838 603 quae,
878 549 981 587 non
1013 533 1188 588 solum
1219 532 1317 586 bos
1368 531 1600 602 linguam
1662 532 2020 602 opprimebat,

453 645 481 684 a
507 645 591 684 me
619 628 986 683 taciturnitate
1016 627 1170 694 quasi
1204 625 1378 694 pretio
1406 633 1608 694 empta;
1632 634 1778 680 metu
1812 625 2020 681 scilicet

447 736 548 792 pro
592 720 824 775 ludibrio
873 717 1101 772 abeundi
1162 717 1231 772 ob
1285 717 1532 771 inutilem
1615 716 2019 782 verbositatem,

448 811 575 864 dum
608 811 844 865 disertus
871 808 1006 861 alius
1039 808 1314 876 quispiam
1341 817 1509 872 esset,
1538 809 1632 863 sed
1657 807 1821 862 etiam
1855 819 1910 861 ut
1935 821 2022 861 sa-

447 916 574 956 xum
626 899 766 954 lacui
833 898 1150 966 impendens
1205 899 1604 969 navigationem
1669 899 2018 968 impediebat.

446 996 562 1048 Alia
587 1008 714 1048 vero
741 993 976 1048 volventi
1001 1007 1086 1047 me
1104 1007 1209 1046 non
1245 993 1580 1062 expeditiora
1604 1007 1764 1060 quam
1804 992 2020 1062 sapien-

449 1083 609 1146 tiora,
663 1096 858 1151 nempe
889 1081 1030 1150 quod
1058 1089 1183 1136 ante
1211 1097 1294 1136 me
1336 1083 1534 1152 aliquis
1569 1083 1789 1138 locutus
1832 1082 2020 1149 fuerit,

449 1189 569 1243 quae
613 1174 850 1228 tardiora
881 1188 978 1226 nec
1017 1188 1044 1225 a
1099 1173 1362 1242 sapientia
1415 1173 1640 1228 omnino
1688 1174 1888 1241 aliena,
1922 1175 2020 1231 bos

449 1265 681 1334 pretium
717 1263 1106 1319 taciturnitatis
1134 1263 1287 1327 abiit,
1317 1279 1478 1332 rupes
1510 1266 1758 1320 devoluta
1808 1273 1914 1330 est,
1949 1267 2022 1322 si-

449 1357 675 1412 lentium
698 1357 930 1428 aufugit,
959 1368 1013 1411 et
1045 1371 1172 1413 ecce
1196 1357 1418 1427 dignum
1453 1358 1506 1412 in
1551 1359 1812 1429 martyris
1851 1361 2022 1414 bono.

447 1463 560 1503 rem
584 1449 868 1504 verborum
887 1450 1104 1506 ﬂumen.

515 1542 572 1596 4.
597 1541 959 1598 Ratiecinium
995 1557 1124 1598 vero
1155 1543 1294 1612 quod
1326 1543 1543 1599 taedium
1574 1561 1749 1600 meum
1782 1547 2019 1614 sanavit,

441 1631 834 1703 silentiumque
891 1632 1118 1703 fugavit,
1167 1635 1439 1704 suggessit
1491 1639 1764 1705 quomodo
1821 1637 2020 1693 Caelum

443 1733 556 1776 non
585 1719 760 1776 solum
794 1721 1045 1777 maximis
1102 1723 1267 1778 astris
1295 1733 1350 1778 et
1380 1723 1594 1795 fulgore
1627 1733 1744 1794 post
1782 1727 1896 1780 haec
1927 1739 2019 1782 se-

445 1810 661 1876 cundis,
679 1811 772 1866 sed
794 1821 846 1866 et
866 1812 1077 1881 exiguis
1095 1813 1325 1869 stellulis
1342 1794 1564 1870 emicat:
1594 1831 1715 1885 qua:
1732 1815 2022 1886 aliquando
2056 1794 2096 1850 υ

449 1910 500 1956 et
539 1902 810 1972 refulgens
838 1905 968 1972 quid
1014 1905 1226 1974 signum
1258 1915 1405 1961 sunt.
1450 1905 1638 1978 Itaque
1692 1907 1886 1963 coelum
1922 1921 2022 1962 no-

451 2003 646 2052 strum.
669 1992 760 2048 Dei
783 1994 1048 2062 Ecclesia,
1074 1994 1463 2064 fulgentissima
1487 2005 1630 2051 astra
1657 1998 1840 2066 habet,
1862 1998 2026 2053 habet

451 2095 726 2158 utcunque
780 2097 834 2143 et
867 2088 1147 2144 inferiora.
1194 2089 1404 2145 Pariter
1429 2090 1694 2161 gloriatur
1731 2091 1820 2159 qui
1847 2093 2023 2145 tenui-

453 2187 538 2232 ter
566 2177 797 2249 refulget
827 2179 1078 2234 scintillae
1111 2181 1284 2234 instar
1305 2180 1373 2235 ab
1401 2181 1526 2249 igne
1567 2181 1817 2250 rejects:
1847 2191 1901 2236 et
1926 2197 2023 2236 vo-

452 2267 574 2320 lans
606 2267 808 2336 ignitus
828 2282 995 2338 vapor
1008 2268 1204 2324 sideris
1229 2268 1280 2322 in
1313 2271 1534 2323 modum
1560 2269 1783 2334 el’nlsit,
1808 2279 1865 2325 et
1888 2271 2023 2326 astri

451 2363 808 2420 similitudine
835 2365 989 2435 quasi
1023 2365 1209 2436 gravis
1259 2366 1530 2434 praestitit.
1573 2363 1890 2432 Composita
1925 2379 2022 2418 na-

453 2463 572 2508 tura
623 2457 802 2510 omnis
835 2457 1055 2526 generis
1101 2458 1356 2512 animalia
1411 2466 1464 2512 et
1490 2457 1697 2526 reliqua
1743 2455 2023 2526 produxit,

455 2547 556 2598 alia
585 2545 637 2599 in
678 2547 898 2603 honoris
934 2547 1230 2619 fastigium,
1273 2549 1378 2603 alia
1401 2547 1539 2602 infra
1569 2549 1635 2602 ad
1666 2548 2021 2618 ignominiam

453 2637 721 2703 seposita;
768 2653 866 2692 nec
899 2639 1213 2694 defecerunt
1252 2640 1332 2695 vel
1371 2639 1476 2694 ista
1516 2640 1919 2695 inconsiderate
1947 2639 2026 2695 sic

455 2728 666 2796 abiecta
694 2729 744 2782 in
773 2729 1094 2798 gloriatione
1114 2731 1409 2786 creationis
1442 2748 1457 2784 :
1492 2745 1621 2786 ecce
1642 2731 1797 2785 culex
1827 2731 2026 2786 vilissi-

456 2834 600 2872 mum
649 2818 848 2872 auimal
901 2819 1093 2888 aliquo
1152 2822 1327 2890 pretio
1373 2819 1570 2890 dignus
1621 2822 1866 2875 habetur.
1907 2821 2027 2878 Ple-

459 2924 685 2978 rumque
724 2911 1123 2965 multitudinem
1182 2911 1432 2966 stimulat
1453 2911 1840 2966 animalculum
1872 2915 2028 2967 audi-

2125 527 2220 594 ὧν,
2261 530 2324 583 οὐ
2366 529 2528 600 μόνον
2565 547 2583 580 ι
2625 527 2752 596 βους
2803 526 2898 578 ἐπὶ
2949 525 3190 597 γλώττῃ,
3228 545 3246 576 ι
3309 525 3468 579 τοῦτο
3519 525 3584 596 δὴ
3639 526 3699 578 τὸ

2127 625 2368 695 σκῶμμα
2400 622 2495 677 τοῦ
2530 621 2678 692 ἀργὰ
2703 621 2906 685 λαλεῖν,
2934 619 3008 683 ὡς
3041 621 3136 672 ἐὰν
3163 638 3246 682 τις
3289 619 3378 689 εἴη
3425 617 3699 689 βούγλωσ-

2128 735 2240 779 σος.
2273 715 2410 769 ἀλλὰ
2438 716 2533 768 καὶ
2555 714 2698 776 λίθος
2727 713 2860 766 ὡσεὶ
2887 714 2984 765 καὶ
3029 711 3218 781 λάκκῳ
3247 711 3699 782 δυσχρηστουμέ-

2125 827 2218 863 νου
2260 808 2452 872 ὓδατος
2482 806 2752 860 ἐπέκειτο.
2789 803 3152 874 Δογισαμένῳ
3180 803 3236 856 δέ
3274 821 3364 872 μοι
3392 803 3578 874 ἕτερα,
3639 805 3698 856 οὐ

2131 922 2148 954 ι
2181 901 2456 972 ταχύτερα
2484 899 2702 970 μᾶλλον,
2730 898 2875 968 ἥπερ
2908 893 3213 966 σοφώτερα,
3255 913 3274 947 ι
3309 895 3336 948 ὃ
3357 895 3422 965 δή
3479 912 3564 958 τις
3605 898 3701 948 καὶ

2125 994 2232 1064 πρὸ
2271 995 2378 1046 τῶν
2407 990 2695 1062 ἡμετέρων
2745 986 3067 1058 ἐφθέγξατο.
3111 984 3419 1056 βραδύτερα
3467 984 3548 1049 δὲ,
3603 987 3700 1039 καὶ

2123 1079 2244 1140 οὐδὲ
2277 1085 2418 1140 πάνυ
2445 1084 2549 1149 ἔξω
2584 1083 2801 1152 σοφίας,
2829 1083 2857 1134 ὁ
2883 1079 3011 1150 βοῦς
3057 1097 3117 1132 τε
3165 1079 3472 1146 ἀπανέστη,
3522 1080 3620 1134 καὶ
3673 1082 3703 1128 ὁ

2123 1176 2270 1241 λίϐος
2305 1174 2646 1247 ἐξεκυλίσθη,
2693 1173 2787 1228 καὶ
2821 1173 3063 1245 ήσιωπὴ
3123 1171 3332 1242 ἀπῆλθε
3359 1187 3378 1204 ο
3434 1173 3534 1226 καὶ
3591 1173 3702 1229 ἰδοὺ

2122 1265 2300 1336 λόγουι
2323 1267 2502 1338 ῥεῦμα
2528 1265 2840 1338 σύμμετρον
2877 1266 2955 1329 εἰς
2973 1264 3066 1320 τδν
3106 1265 3384 1337 μάρτυρα.

2193 1529 2257 1586 δ’.
2284 1531 2347 1586 '0
2366 1531 2424 1586 δέ
2456 1548 2546 1600 μοι
2571 1529 2851 1600 λογισμὸς.
2879 1531 2907 1584 ὁ
2956 1531 3052 1584 τδν
3079 1530 3240 1584 ὄκνον
3267 1531 3706 1601 ἐκθεραπεύσας,

2125 1625 2222 1679 καὶ
2252 1625 2354 1693 τὴν
2385 1624 2547 1694 σιγὴν
2577 1623 2904 1692 ἀπαγαγὼν,
2927 1622 3158 1678 τοιαῦτα
3180 1623 3488 1689 ὑπέτεινεν,
3521 1625 3599 1688 ὡς
3622 1626 3703 1677 ὅτι

2126 1717 2220 1770 καὶ
2241 1718 2467 1783 οὖρανὺς
2496 1716 2556 1769 οὐ
2593 1718 2708 1779 τοῖς
2763 1716 3043 1785 μεγίστοις
3081 1716 3394 1787 φωσφόροις
3441 1718 3539 1770 καὶ
3595 1718 3708 1780 τοῖς

2129 1807 2248 1875 μετ’
2275 1807 2472 1869 αὐτοὺς
2499 1805 2928 1872 δευτερεύουσιν,
2983 1805 3119 1859 ἀλλὰ
3168 1809 3265 1859 καὶ
3311 1809 3708 1878 σμικροτάτοις

2129 1899 2377 1970 ἀστρίοις
2407 1899 2787 1966 ἐναγλαΐξεται
2826 1913 2841 1929 ο
2872 1901 2968 1952 καί
2989 1917 3092 1952 που
3117 1902 3212 1953 καὶ
3251 1901 3392 1953 αὐτὰ
3420 1903 3479 1954 ἐν
3525 1903 3710 1972 καιρῷ

2130 1989 2644 2058 παρασημαίνονταὶ
2673 2006 2726 2040 τι
2763 1989 3045 2056 ἐπιφανές.
3087 1988 3299 2041 Οὐκοῦν
3345 1991 3439 2043 καὶ
3488 1992 3517 2043 ὁ
3575 1993 3706 2045 καθ’

2129 2081 2278 2149 ἡμᾶς
2335 2081 2584 2150 οὐρανὸς,
2635 2082 2668 2150 ἠ
2719 2080 2815 2134 τοῦ
2867 2079 3008 2134 Θεοῦ
3041 2080 3368 2148 Ἐκκλησία,
3425 2081 3544 2150 ἔχει
3609 2084 3711 2151 μέν

2129 2178 2227 2228 καὶ
2256 2175 2487 2245 ἀστέρας
2526 2176 2652 2239 τοὺς
2686 2172 3021 2240 φανοτάτους
3043 2174 3303 2240 ,ἐκείνους
3331 2190 3348 2210 ο
3380 2175 3493 2246 ἔχει
3519 2176 3577 2230 δέ
3601 2181 3703 2232 καὶ

2129 2269 2255 2330 τοὺς
2289 2266 2411 2337 μετ’
2435 2267 2656 2330 αὐτούς.
2692 2267 3026 2337 Σεμνῦνεται
3053 2267 3111 2321 δέ
3149 2269 3322 2335 ὅμως,
3385 2269 3480 2322 καὶ
3519 2271 3578 2324 ετ
3617 2286 3705 2333 τις

2131 2359 2371 2429 ἀμυδρόν
2396 2377 2451 2411 τι
2479 2357 2710 2428 λάμπει,
2779 2358 2922 2411 καθά
2961 2375 3064 2412 που
3098 2361 3195 2413 καὶ
3245 2359 3481 2430 σπινθὴρ
3534 2361 3713 2431 «uch

2132 2449 2578 2519 ἁποπαλλόμενος
2608 2466 2624 2482 ·
2649 2449 2743 2502 καὶ
2774 2449 3004 2520 διᾴττων
3025 2450 3080 2504 δέ
3132 2467 3216 2514 τις
3265 2451 3492 2522 πυρόεις
3538 2451 3714 2522 ἀτμὸς

2132 2544 2339 2612 ἀστέρα
2361 2541 2654 2608 ἐφάντασε,
2707 2541 2805 2593 καὶ
2827 2540 2972 2594 οὕτω
2998 2541 3058 2594 τὸ
3085 2542 3286 2611 σεμνὸν
3305 2542 3385 2612 τῷ
3418 2544 3709 2610 ἀστεροει-

2131 2635 2215 2690 δεῖ
2239 2633 2596 2704 ἀπηνὴκατο
2629 2633 2726 2688 καὶ
2749 2632 2935 2694 αὑτός.
2957 2633 3123 2696 Φῦσις
3177 2633 3536 2703 ἐπιταχθεισα
3575 2652 3713 2688 παν-

2134 2727 2257 2781 τοῖα
2290 2725 2405 2787 ζῶα
2441 2724 2538 2777 καὶ
2561 2723 2729 2776 λοιπὰ
2765 2725 3063 2794 παρήγαγε
3109 2724 3434 2796 πράγματα,
3481 2725 3551 2780 τὰ
3609 2725 3712 2794 μέν

2136 2819 2217 2882 εἰς
2248 2818 2378 2888 ὕψος
2411 2818 2760 2887 ἀνῳκισμένα
2788 2818 2974 2888 τιμῆς,
3010 2816 3078 2870 τὰ
3108 2817 3165 2870 δὲ
3199 2817 3350 2871 κάτω
3400 2817 3494 2870 τοῦ
3542 2819 3714 2886 τιμᾶο

2138 2910 2262 2963 σθαι
2297 2911 2530 2978 μένοντα
2564 2925 2579 2939 ο
2604 2913 2697 2960 καὶ
2744 2909 2844 2960 οὐκ
2885 2909 3251 2974 ἐπιλέλοιπεν,
3302 2907 3422 2960 οὐδέ
3470 2907 3714 2976 ταχὺδην

459 3011 596 3065 tum,
646 3001 863 3068 quando
909 3001 1163 3056 bombum
1213 3017 1370 3056 suum
1412 3002 1702 3064 buccinat;
1750 3011 1878 3056 sunt
1900 3019 2027 3058 vero

2137 2999 2280 3054 οὕτω
2330 3001 2606 3069 συρόμενα
2635 3042 2649 3065 ,
2716 2997 3054 3067 σεμνύνοντα
3123 2999 3220 3068 τὴν
3287 3000 3711 3068 κοσμογὶνειαν.

457 3093 547 3160 qui
576 3101 794 3160 propter
812 3108 1007 3147 sonum
1039 3109 1226 3159 parum
1253 3094 1332 3146 vel
1355 3093 1499 3146 nullo
1519 3092 1677 3146 modo
1699 3103 2026 3160 respectant,

2141 3093 2280 3160 Ἤδη
2314 3093 2408 3144 καὶ
2440 3089 2639 3160 κώνωψ
2657 3092 2716 3143 τὸ
2745 3091 3082 3158 φαυλότατον
3104 3092 3346 3156 ἀξιοῦται
3367 3093 3526 3160 λόγου
3555 3095 3711 3149 ποτέ,

457 3184 510 3235 id
536 3185 983 3246 verointendunt,
1007 3187 1149 3254 quod
1170 3185 1300 3241 utile
1319 3185 1411 3240 sit.
1435 3184 1557 3239 Sint
1582 3200 1711 3255 ergo
1731 3186 1844 3239 haec
1864 3186 1970 3252 ita;
1999 3201 2026 3240 a

2137 3186 2244 3237 Καὶ
2278 3184 2343 3236 τὰ
2372 3183 2542 3236 πολλὰ
2572 3181 2672 3253 μὲν
2709 3181 2864 3251 ὄχλον
2900 3184 3120 3250 ἐμποιεί
3171 3183 3231 3235 τὸ
3286 3183 3528 3252 ζωύφιον
3583 3184 3714 3249 ἐξα·

453 3275 667 3329 i‘urtiori
701 3279 859 3330 homo
889 3289 1162 3340 sensatus,
1189 3279 1464 3346 quomodo
1488 3277 1673 3332 divina
1705 3289 1853 3332 recto
1877 3291 2026 3332 more

2137 3275 2453 3346 κουόμενον,
2487 3274 2576 3326 ὅτε
2615 3273 2708 3326 τὸν
2739 3271 2934 3326 ἐαυτοῦ
2959 3275 3124 3343 νόμον
3157 3276 3407 3340 σαλπίζει
3437 3294 3451 3308 ·
3483 3278 3592 3332 εἶσὶ
3625 3279 3711 3344 δέ,

459 3376 660 3432 cantet,
702 3368 772 3421 sit
807 3368 1111 3423 attentione
1138 3369 1350 3438 dignus.
1719 3423 1732 3432 ,

2137 3369 2180 3422 οἳ
2209 3368 2302 3420 τοῦ
2325 3365 2502 3437 ψόφου
2536 3365 2636 3435 μὶν
2664 3364 2898 3436 μικρὰῆ
2937 3365 3091 3421 οὐδέν
3144 3366 3589 3438 ἐπιστρέφονται.
3617 3371 3716 3427 ἄλ-

454 3457 565 3520 λως
619 3458 678 3510 δὲ
729 3459 862 3511 αὐτὸ
920 3461 1362 3520 ἐπισκέπτονται,
1419 3463 1526 3531 ὅπη
1582 3465 1676 3516 καὶ
1733 3464 2023 3532 χρήτιμον.
2068 3460 2132 3514 Εἰ
2189 3459 2371 3513 τοίνυν
2425 3456 2605 3520 τοῦτο,
2637 3455 2718 3526 τῷ
2751 3457 2916 3510 παντὶ
2949 3457 3115 3511 πλέον
3169 3459 3372 3512 ὁκατὰ
3430 3460 3593 3529 λόγον
3617 3463 3719 3518 ἄν·

461 3547 702 3617 Θρωπος,
738 3551 885 3614 ὅπως
917 3552 984 3606 ἂν
1011 3553 1105 3606 καὶ
1131 3553 1246 3624 ᾄδοι
1299 3554 1368 3608 τὰ
1403 3554 1523 3611 ﬁda
1575 3555 1710 3622 πρὸς
1759 3555 1918 3626 ὀρθὸν
1946 3552 2129 3622 μέντοι
2158 3551 2342 3621 νόμον,
2372 3551 2457 3620 εἴη
2489 3550 2556 3605 ἃν
2585 3549 2920 3620 ἐπιστροφῆς
2957 3550 3126 3618 ἄξιος.

532 3639 585 3692 5.
618 3640 825 3696 Veteris
857 3643 988 3711 legis
1029 3645 1434 3700 tabernaculum
1470 3648 1712 3701 materia
1751 3662 2027 3716 compunc-

2204 3651 2268 3698 ε’.
2300 3645 2414 3713 Τὴν
2442 3643 2500 3696 ἐν
2534 3644 2614 3712 τῷ
2637 3641 2854 3710 παλαιῷ
2879 3643 3033 3712 νόμῳ
3065 3643 3278 3712 σκηνὴν
3301 3638 3423 3698 ὗλαι
3455 3644 3718 3716 συνεκρὸ-

463 3732 593 3785 bant
622 3733 869 3799 pretiosae
891 3744 946 3790 et
975 3745 1122 3791 certe
1151 3737 1330 3806 plures
1359 3753 1466 3792 non
1499 3741 1662 3803 tales;
1691 3747 1745 3793 et
1777 3740 2027 3806 templum

2137 3753 2265 3790 τουν
2294 3735 2488 3789 πολλοῦ
2520 3751 2582 3788 τε
2604 3735 2938 3804 τιμώμεναι,
2970 3736 3067 3788 καὶ
3112 3735 3221 3806 μὴν
3243 3737 3336 3789 καὶ
3355 3736 3429 3807 μὴ
3461 3737 3713 3792 τοιαῦται

464 3824 604 3877 istud
653 3825 982 3880 celebratum
1031 3841 1137 3882 non
1177 3829 1584 3896 pretiosissimis
1625 3832 1676 3884 in
1715 3841 1901 3892 totum,
1941 3830 2027 3885 sed

2141 3825 2384 3888 πλείονες
2409 3842 2422 3858 ο
2460 3826 2554 3878 καὶ
2612 3825 2742 3878 ναὸν
2789 3824 2846 3878 δέ
2885 3825 3095 3879 ἐκεῖνον
3125 3827 3218 3880 τὸν
3259 3827 3609 3895 ὑμνούμενον
3652 3830 3713 3881 οὗ

459 3917 658 3987 partim
697 3917 895 3988 lapillis
925 3919 1159 3974 exilibus
1186 3918 1546 3984 conﬂabatur,
1581 3931 1635 3976 et
1665 3932 1927 3977 caemcnto
1954 3923 2027 3975 int

2137 3915 2206 3968 τὰ
2235 3915 2648 3984 τιμαλφὲστερα
2699 3913 2898 3976 διόλου,
2960 3915 3097 3970 ἀλλά
3156 3935 3260 3970 που
3317 3918 3476 3988 χὰλιξ
3515 3921 3716 3984 λεπτὸς

463 4021 610 4062 serto
635 4018 690 4064 et
728 4011 942 4077 plumbo
978 4011 1029 4063 iu
1053 4013 1338 4078 juncturas
1367 4012 1602 4083 lapidum
1636 4016 1838 4070 infuso.
1868 4013 1982 4068 Non
2007 4029 2027 4069 ε

2137 4007 2428 4076 ἀπήρτιξε,
2465 4007 2560 4061 καὶ
2594 4007 2988 4078 παραδυομένη
3027 4009 3278 4086 τίτανος,
3308 4011 3401 4064 κα)⁸
3427 3996 3709 4081 μόλιϐδος,

467 4102 679 4169 magnis
711 4109 917 4154 tantum
946 4099 1140 4155 insulis
1171 4118 1319 4157 mare
1347 4104 1616 4158 mentione
1647 4105 1808 4172 digna
1838 4105 2027 4175 produ-

2141 4103 2260 4164 ταῖς
2288 4101 2398 4154 τῶν
2427 4099 2589 4153 λίθων
2613 4099 2908 4170 ἁρμονίαις
2940 4102 3402 4172 παρεγχεόμενος.
3453 4102 3713 4157 Θάλασσα

463 4195 560 4256 cit,
586 4196 678 4247 sed
698 4200 752 4246 et
771 4208 949 4260 parva:
970 4194 1214 4260 quaedam
1243 4195 1310 4249 de
1340 4197 1478 4250 miro
1503 4195 1737 4266 quodam
1767 4205 2027 4252 ostentata

2143 4193 2244 4244 οὐκ
2277 4193 2343 4245 ἐκ
2379 4191 2556 4261 μόνων
2603 4191 2855 4262 μεγάλων
2905 4192 3087 4263 νήσων
3141 4195 3377 4265 προάγει
3427 4196 3498 4250 τὰ
3548 4197 3712 4266 λόγου

463 4284 781 4352 gloriantur.
807 4284 899 4340 Est
920 4283 1058 4339 forte
1081 4285 1236 4354 lapis,
1263 4301 1368 4340 non
1401 4288 1578 4355 magni
1607 4288 1920 4353 mstimatns,
1945 4291 2027 4345 sed

2144 4284 2294 4349 ἄξια,
2317 4284 2452 4338 ἀλλὰ
2476 4285 2567 4337 καὶ
2599 4283 2795 4354 μικραί
2818 4301 2964 4347 τινες
2986 4286 3065 4349 εἰς
3108 4285 3370 4355 ἐκφανσιν
3403 4289 3712 4368 θαυμασίου

466 4391 578 4444 pra:
605 4375 673 4429 iis
717 4377 808 4445 qui
848 4377 1252 4432 existimatione
1277 4378 1423 4447 digni
1460 4380 1726 4443 videntur,
1761 4380 2038 4448 pulchrum

465 4469 754 4536 quemdam
800 4467 1036 4522 valerem
1083 4468 1517 4538 babet,ideoque
1571 4485 1676 4524 non
1721 4471 2035 4536 despicitur.

462 4557 690 4614 Ferrum
721 4576 852 4613 auro
890 4559 1146 4614 collatura
1187 4560 1394 4617 honore
1419 4561 1547 4614 nihil
1567 4571 1707 4620 erat.
1737 4562 1840 4616 nlsl
1873 4577 2036 4616 accu-

463 4661 579 4706 rate
602 4654 668 4705 ad
692 4668 824 4719 opus
846 4653 1123 4721 quidpiam
1155 4668 1344 4721 magna
1371 4667 1536 4722 egens
1563 4653 1859 4708 attentione
1887 4663 2037 4720 apta-

463 4753 632 4792 retnr.
671 4739 840 4794 'l‘ibi:e
874 4751 1047 4794 acuta:
1077 4741 1400 4810 quandoque
1439 4748 1491 4794 et
1528 4741 1579 4793 itt
1624 4741 1816 4795 minori
1850 4742 2038 4794 ordine

463 4845 654 4885 sonum
683 4832 919 4896 habent;
949 4831 1202 4886 similiter
1233 4831 1403 4898 major
1433 4830 1560 4884 tibia
1587 4830 1652 4884 ad
1673 4833 1918 4901 graviora
1946 4831 2039 4884 de-

465 4923 733 4976 svendcns
769 4931 824 4975 et
850 4921 932 4975 sic
960 4921 1203 4976 modulos
1246 4922 1590 4978 liarmonicos
1631 4922 1823 4977 reddit.
1865 4919 2040 4976 Voces

467 5029 571 5074 non
593 5011 844 5068 omnibus
867 5012 1082 5081 penitus
1099 5012 1319 5077 credent,
1336 5029 1439 5068 non
1467 5013 1606 5070 lucet
1630 5015 1881 5070 omnibus
1897 5014 2038 5069 idem

467 5106 766 5174 ingenium.

489 5413 502 5420 .
533 5373 590 5427 6.
618 5371 931 5428 Sermonem
953 5381 1008 5426 et
1023 5370 1181 5426 altius
1201 5373 1404 5442 erigere
1431 5373 1621 5427 audeo.
1657 5371 1798 5428 Inter
1824 5371 2039 5427 ordines

468 5466 878 5535 superemlestes
913 5467 1256 5538 reperiuntur
1298 5469 1610 5538 superiores
1636 5477 1688 5522 et
1730 5467 2034 5523 inferiores.

471 5557 588 5612 Non
621 5573 806 5614 omnes
840 5557 1134 5628 prophetae,
1169 5573 1276 5614 non
1312 5573 1498 5616 omnes
1527 5559 1778 5627 apostoli.
1816 5557 1954 5612 Sunt
1984 5567 2039 5612 et

471 5653 484 5705 l
511 5667 770 5721 nguarum
790 5651 1097 5715 varietates,
1115 5650 1243 5717 quia
1257 5660 1311 5705 et
1328 5649 1586 5720 gentium.
1604 5646 1697 5701 lla:
1713 5662 1903 5702 suaves
1915 5665 2037 5702 cum

468 5744 802 5812 iucunditate
833 5743 887 5799 in
917 5757 1082 5814 grave
1111 5740 1390 5806 tolluntur,
1417 5747 1630 5808 gutture
1662 5754 1853 5808 aspero
1874 5742 2036 5796 emit-

2067 4407 2118 4466 υ
2144 4375 2288 4438 τινὸς
2316 4374 2662 4466 ἁϐρύνονται.
2695 4375 2805 4428 Καὶ
2830 4375 2977 4430 ἔστιν
3001 4371 3064 4431 οὗ
3091 4379 3185 4431 καὶ
3206 4377 3352 4440 λίθος
3381 4379 3444 4432 οὗ
3494 4380 3716 4436 πολυτιο

2145 4485 2339 4538 μητος,
2371 4466 2507 4520 ἀλλὰ
2535 4465 2645 4518 τῶν
2673 4466 2980 4520 δοκούντων
3009 4467 3273 4536 ἠξιῶσθαι
3325 4471 3511 4539 ὀλίγου
3539 4474 3711 4540 τινδς,

2139 4558 2265 4626 ἔσχε
2288 4574 2340 4610 τι
2371 4556 2538 4610 καλὸν
2566 4557 2850 4626 ἐνέργημα
2872 4571 2902 4614 ',
2928 4557 3026 4610 καὶ
3052 4557 3119 4609 δι’
3143 4559 3280 4612 αὐτὸ
3299 4561 3362 4614 οὐ
3411 4563 3710 4632 παρεώραο

2135 4665 2226 4701 ται
2251 4647 2362 4701 οὐδ’
2399 4646 2585 4712 αὐτός.
2616 4649 2840 4718 Σιδηρος
2868 4647 3353 4719 παραϐαλλόμενος
3401 4655 3594 4724 χρυσῷ
3640 4652 3712 4726 ἦν

2139 4737 2206 4790 ἂν
2243 4737 2397 4789 οὐδὲν
2424 4737 2504 4798 si;
2533 4736 2848 4805 τιμιότητα,
2891 4738 2938 4789 εἰ
2985 4737 3061 4808 μὴ
3093 4739 3232 4808 πρός
3261 4756 3315 4792 τι
3346 4741 3512 4812 ἔργον
3539 4759 3710 4799 σπου-

2139 4828 2288 4880 δαῖον
2315 4827 2569 4895 ἐμμελῶς
2608 4823 2721 4898 εἶχε
2751 4827 3135 4898 ρυθμίξεσοαι.
3185 4831 3352 4886 Αὐλαὶ
3379 4837 3710 4906 προέχοντες

2140 4919 2322 4990 ἔχουσί
2347 4937 2478 4973 ποτε
2510 4921 2603 4973 καὶ
2628 4921 2718 4973 τὸν
2743 4923 2800 4976 ἐν
2831 4921 3073 4977 ἐλάττονι
3096 4923 3246 4988 τάξει
3269 4938 3285 4956 ο
3313 4927 3559 4981 τοιοῦτον
3577 4929 3712 4997 γοῦν

2141 5015 2174 5084 ἡ
2216 5011 2416 5082 σύριγξ
2471 5011 2840 5066 ὑποϐαίνουσα
2893 5014 3037 5068 κατὰ
3092 5013 3362 5085 βαθμίδας
3410 5019 3585 5080 τινας.
3615 5019 3711 5073 καὶ

2140 5099 2282 5154 οὕτω
2310 5101 2742 5171 ὕποσυρίττουσα
2793 5104 3134 5174 ἐναρμόνιον.
3172 5104 3354 5158 Φωναὶ
3396 5107 3460 5159 οὐ
3492 5107 3708 5171 πάντως

2141 5195 2343 5248 ἅπασιν
2370 5193 2432 5245 αἱ·
2459 5193 2621 5246 αὐταί
2647 5209 2660 5224 ο
2709 5194 2834 5255 νοῦς
2890 5194 2991 5248 οὐκ
3033 5194 3402 5263 ἐναστράπτει
3447 5197 3657 5252 ἅπασιν
3683 5204 3710 5254 6

2141 5285 2322 5347 αὑτός.

2217 5376 2291 5442 ς’.
2329 5377 2522 5446 Τολμῶ
2567 5387 2662 5431 καὶ
2708 5377 2968 5430 ἀνωτάτω
3020 5380 3215 5448 ἐξᾶραι
3263 5380 3354 5433 τὸν
3393 5381 3575 5446 λόγον.
3627 5382 3713 5435 Ἔν

2143 5471 2254 5532 τοῖς
2281 5471 2700 5539 ὑπε’ρουρανῐοις
2736 5469 3013 5539 τάγμασιν
3047 5472 3163 5524 ἔστι
3193 5471 3260 5524 τὰ
3295 5471 3397 5542 μὲν
3447 5473 3709 5545 ὕπερθεν.

2144 5562 2213 5615 τὰ
2243 5561 2298 5612 δὲ
2324 5560 2659 5627 ὑποϐέϐηκε.
2709 5561 2801 5631 Μὴ
2832 5562 3028 5622 πάντες
3058 5563 3362 5630 προφῆται.
3398 5565 3474 5634 μὴ
3513 5567 3715 5624 πάντες

2146 5651 2454 5704 ἀπόστολοι.
2509 5652 2628 5705 Εἰσὶ
2692 5654 2789 5704 καί
2845 5653 3108 5720 γλωσσῶν
3153 5653 3431 5722 διαφοραὶ,
3489 5657 3573 5709 ὅτι
3622 5654 3718 5708 καὶ

2145 5739 2337 5792 ἐθνῶν.
2370 5739 2474 5792 Καὶ
2504 5742 2557 5790 αἱ
2588 5740 2686 5809 μὲν
2715 5742 2866 5794 λεῐως
2896 5742 3104 5810 ἔχουσι,
3131 5742 3224 5795 καὶ
3255 5743 3376 5809 μεθ’
3397 5743 3718 5809 ἱλαρότητος
