3916 6244
260 367 352 436 181

1403 363 1787 427 LAUDATIO
1824 365 1884 425 S.
1914 363 2310 429 DEMETRII‘.

3404 369 3504 435 182

253 484 645 558 πρωτοτυτίαν
707 482 968 550 σώζεται,
1016 482 1128 536 ἀλλ’
1177 484 1211 554 ἡ
1271 483 1329 537 ἐν
1387 483 1636 543 ὠτειλαῖς
1691 481 1827 544 ὅλως

1964 484 2236 551 ympatliia
2255 500 2360 554 qua
2396 486 2595 554 gaudet
2628 487 2772 544 Deus
2803 485 3043 546 zelosus.
3071 487 3325 544 miraculi
3356 489 3504 544 simi-

253 575 502 634 ὀπωσοῦν
545 573 884 648 συμπάθεια,
974 573 1156 645 χαίρει
1186 572 1405 637 πάντως
1428 572 1560 634 Θεὸς
1585 573 1612 624 ὁ
1637 570 1832 641 ζηλού-

257 687 444 742 μενος,
473 668 777 739 ὁμοιότητα
805 667 1094 739 τεραστίου
1119 665 1396 736 έξέφηνενυ
1427 665 1455 718 ὃ
1473 665 1537 736 δὴ
1571 665 1675 734 πρὸ
1701 665 1834 718 πάν-

254 779 362 815 των
391 761 507 814 τῶν
536 758 743 830 ὁμοίων
773 759 868 814 xa‘t
897 758 1038 829 πρὸς
1073 757 1333 814 ἁπάντων
1377 757 1657 828 ἀμύθητον
1700 756 1836 810 ἑπά-

255 874 410 926 γεται
461 854 755 924 ἔκπληξιν.
806 852 985 907 Καλὸν
1033 850 1135 922 μὲν
1186 851 1296 921 γὰρ
1343 849 1439 905 καὶ
1479 849 1624 919 ὕδωρ
1678 849 1835 918 ἀγιον

257 949 536 1016 λειψάνων
583 945 749 1018 ἱερῶν
798 946 898 1000 ὅσα
945 943 1040 997 καὶ
1087 938 1278 1013 πηγῶν
1307 941 1639 1012 ἑξαπορῤέον
1684 941 1832 1004 ἰδεῖν,

254 1042 350 1096 καὶ
375 1039 659 1110 διψῶντας
695 1032 1067 1110 ὲκθεραπεῦον
1093 1034 1278 1098 λαοὺς,
1313 1034 1389 1097 ὡς
1421 1034 1484 1086 τὸ
1525 1032 1627 1104 μὲν
1659 1035 1838 1103 πηγά-

254 1131 345 1196 ζον
403 1132 580 1199 πήχει
637 1125 1106 1199 περιγεγράφθαι,
1160 1125 1267 1178 εἴτε
1322 1123 1594 1195 βραχίονι,
1648 1124 1684 1195 ἢ
1721 1123 1833 1182 ἀλλ’

1937 574 2222 632 litudinem
2290 579 2590 643 revelavit:
2665 583 2810 652 quod
2881 582 3254 654 proinde-prie
3298 582 3501 636 mutui-—

1935 666 2040 722 bus
2074 669 2326 726 similiter
2353 670 2564 730 eﬂ'ectis
2612 681 2669 730 et
2701 688 2802 743 pro
2865 674 3121 731 omnibus
3176 673 3511 730 ineffabilem

1937 756 2145 812 inducit
2167 768 2464 828 stuporem.
2492 761 2706 821 Etenim
2737 763 2894 821 dulce
2924 774 3010 820 est
3035 779 3234 835 aquam
3255 776 3504 822 sanctam

1935 860 1966 901 e
1993 846 2240 918 reliquiis
2269 851 2448 907 sacris
2480 862 2736 919 tanquam
2759 869 2791 910 e
2819 853 3064 912 fontibus
3109 857 3503 912 sraturientem

1936 938 2122 995 videre
2159 949 2211 996 et
2249 941 2498 999 sitientes
2528 954 2812 1002 sonantem
2845 947 3091 1016 populos,
3126 948 3267 1002 sicut
3289 961 3326 1003 e
3357 947 3511 1004 cubi-

1947 1039 2002 1084 to
2044 1045 2273 1092 manans
2308 1035 2508 1104 scripta
2539 1045 2646 1101 est,
2681 1045 2842 1093 tume
2877 1037 3120 1101 brachio,
3156 1049 3266 1091 tum
3290 1051 3322 1092 e
3371 1053 3508 1106 qua-

1942 1118 2071 1174 libet
2093 1120 2197 1176 alia
2225 1126 2472 1191 corporis
2509 1125 2677 1182 solida
2703 1135 2888 1196 parte;
2937 1133 3080 1197 quod
3122 1143 3248 1184 vero
3311 1127 3510 1190 exinde

254 1221 431 1294 έτέρφ
467 1222 580 1275 τινὶ
623 1218 927 1291 στερεμνίῳ
972 1217 1066 1271 τοῦ
1106 1216 1379 1286 σώματος·
1427 1216 1487 1269 τὸ
1524 1216 1580 1270 δὲ
1627 1215 1836 1270 ἐκεῖθεν

1960 1213 2223 1268 scaturivit
2257 1213 2426 1271 fontis
2459 1214 2681 1274 ﬂuentis
2709 1217 2884 1272 instar
2907 1218 2974 1273 ad
3005 1233 3222 1287 semper
3273 1233 3500 1280 curren-

254 1307 526 1374 έκϐλύζον
586 1306 731 1361 κατά
779 1323 902 1360 τινα
950 1307 1156 1378 κρήνην
1195 1306 1503 1377 ἀπόρρυτον
1553 1305 1838 1376 ἐκτρέχειν

1960 1301 2071 1358 ium
2110 1311 2166 1360 et
2180 1305 2526 1379 implendum
2549 1321 2768 1364 omnem
2801 1308 3190 1378 accipientem,
3251 1319 3508 1379 tanquam

253 1399 511 1464 ἀένναον,
542 1397 642 1454 καὶ
689 1396 974 1468 έμπιπλᾷν
1005 1397 1185 1452 πάντα
1218 1398 1312 1452 τὸν
1349 1397 1732 1467 προσιέμενον,
1760 1397 1841 1461 ὡς

1960 1411 2048 1453 vos
2074 1398 2272 1454 exinde
2303 1401 2653 1468 personabat,
2717 1417 3030 1458 convocans
3072 1402 3314 1460 sitientes
3343 1412 3418 1456 ut
3443 1404 3508 1458 ad

254 1491 352 1544 ιάν
382 1492 485 1545 καὶ
543 1488 702 1561 φωνή
733 1505 817 1552 τις
863 1487 1076 1541 ικεῑθεν
1105 1487 1378 1559 ὲξηχεῖτο,
1420 1485 1838 1559 προκαλουμένη

255 1584 382 1646 τοὺς
405 1580 690 1652 διψῶντας
729 1578 1007 1652 ἔρχεσθαι.
1026 1577 1336 1652 Τεράστιον
1375 1578 1456 1644 δὲ,
1487 1579 1582 1635 καὶ
1616 1577 1841 1634 εἰκόνων

1960 1581 2149 1637 stillare
2181 1583 2337 1638 suavi
2388 1583 2556 1639 odore
2613 1596 2944 1654 unguentum
3011 1594 3328 1657 tanquame
3377 1601 3515 1642 saxo

258 1673 656 1729 ἀπολείϐεσθαι
689 1671 862 1744 μύρον
908 1671 1131 1739 εὐῶδες,
1182 1672 1315 1726 ὡσεὶ
1359 1673 1453 1729 καὶ
1501 1672 1567 1727 ἐκ
1614 1673 1839 1743 στερεᾶς

1960 1673 2239 1740 latissimo
2281 1675 2483 1733 oleum.
2519 1676 2626 1734 Sed
2659 1677 2850 1736 mitius
2891 1679 3129 1736 divinum
3183 1693 3380 1746 corpus
3431 1691 3517 1732 rc-

257 1760 466 1831 πέτρας
502 1758 704 1816 ἔλαιον.
749 1759 889 1813 Ἀλλ’
930 1760 1026 1812 ἐπὶ
1069 1759 1232 1812 πλέον
1276 1759 1357 1813 ἔτι
1404 1763 1731 1831 θαυμάσιον,
1779 1761 1840 1815 τδ

1960 1765 2223 1820 :onditum
2272 1767 2414 1838 legi,
2463 1777 2520 1825 et
2570 1768 2874 1839 sepulcrum
2940 1768 3138 1826 ﬂumen
3185 1772 3353 1826 videri
3419 1785 3520 1824 un-

260 1825 538 1920 [div-05:09
571 1851 733 1922 σῶμα
759 1853 1134 1924 κρυπτόμενον
1167 1851 1484 1922 στέγεσθαι,
1513 1825 1608 1907 τὸν
1653 1825 1725 1907 at
1744 1853 1841 1907 τά-

1960 1859 2126 1927 ruenti
2154 1825 2372 1914 haurir'e
2394 1825 2762 1928 cupienti-bus.
2816 1862 2944 1918 Haec
2966 1863 3205 1931 prodigia
3263 1870 3520 1930 operatur

259 1961 358 2012 φον
403 1943 656 2013 ποταμὸν
705 1944 1029 2014 θεωρεῖσθαι
1064 1943 1242 2017 μύρου
1291 1947 1406 2009 τοῖς
1443 1944 1706 2016 ἀρύεσθαι
1755 1945 1842 2000 θέ-

1960 1959 2011 2002 et
2034 1950 2125 2018 qui
2149 1951 2202 2004 in
2225 1949 2392 2022 Lycia
2411 1955 2666 2024 unguenti
2692 1970 2842 2010 mare
2881 1955 3176 2024 profundit,
3203 1963 3258 2010 et
3297 1955 3518 2025 sapiens

257 2034 443 2088 λουσιν
485 2034 774 2099 εὐθύμων.
807 2033 994 2088 Ταῦτα
1025 2037 1386 2107 τερατουργεί
1435 2036 1532 2089 κα)⁸
1575 2037 1604 2089 ὁ
1633 2037 1752 2099 ταῖς
1781 2038 1842 2090 έν

1960 2040 2093 2110 rirgo
2136 2053 2339 2115 martyr
2368 2058 2531 2112 quam
2563 2046 2615 2099 in
2650 2045 2784 2101 Sina
2815 2056 3053 2102 montem
3112 2048 3345 2102 vividum
3398 2062 3520 2115 ger-

259 2126 440 2196 Δυκία
466 2125 784 2195 πελαγίζων
805 2125 981 2196 μύρου
1007 2125 1328 2198 προχύσεσι,
1351 2127 1447 2180 καὶ
1472 2130 1504 2198 ή
1532 2127 1673 2198 σοφὴ
1702 2145 1840 2200 παρα

1960 2147 2064 2187 nen
2097 2135 2360 2204 plantavit
2391 2137 2554 2203 Deus,
2615 2149 2670 2193 et
2706 2140 2798 2194 alii
2823 2139 3005 2209 plures
3031 2151 3144 2194 tum
3171 2141 3269 2194 viri
3321 2141 3518 2194 virtute

261 2217 628 2289 θενόμαρτυς,
661 2217 729 2286 ην
753 2216 832 2287 τῷ
877 2215 1078 2288 Σιναίῳ
1109 2215 1464 2285 ένεφύτευσεν
1493 2217 1610 2288 δρει
1639 2217 1840 2286 ζωογό-

1960 2223 2080 2280 ιίουι
2108 2227 2189 2282 sol
2219 2225 2486 2297 fulgentes
2509 2240 2621 2285 tum
2689 2231 2964 2288 mulieres.
3015 2232 3260 2290 Civitatis
3321 2241 3520 2286 nostra:

260 2326 347 2363 vov
372 2309 549 2378 φυτὸν
579 2309 606 2362 δ
644 2307 797 2377 θεὸς,
828 2307 923 2364 καὶ
950 2307 1127 2378 ἕτεροι
1153 2307 1394 2375 πλείους,
1417 2307 1473 2361 έν
1501 2325 1563 2362 τε
1591 2308 1843 2381 ἀνδράσιν

1960 2327 2229 2386 protector
2257 2335 2353 2376 eos
2381 2321 2474 2391 qui
2521 2325 2780 2394 unguenti
2847 2325 3048 2381 divitiis
3092 2333 3288 2380 carent
3343 2327 3522 2380 abon-

1955 1487 2132 1558 ipsnm
2160 1491 2434 1548 venirent.
2463 1490 2990 1564 Prodigiosumvero
3025 1505 3080 1552 et
3101 1509 3166 1550 ex
3189 1494 3514 1564 imaginibus
3624 1489 3640 1496 ’

260 2399 488 2468 ἡλιῶδες
518 2401 587 2453 τὰ
611 2401 687 2462 εἰς
712 2400 912 2472 ἀρετὴν
937 2398 1380 2472 προλάμψαντες,
1412 2399 1469 2453 έν
1489 2417 1550 2453 τε
1573 2394 1836 2469 γυναιξίν.

270 2490 332 2546 '0
365 2492 428 2545 δι
455 2493 728 2563 ἡμέτερος
758 2491 1044 2564 πολιοῦχος
1071 2491 1199 2556 τοὺς
1229 2492 1330 2563 μὲν
1368 2491 1443 2564 μὴ
1476 2493 1840 2557 πλουτοῦντας

261 2584 337 2650 τῷ
366 2582 529 2655 μύρῳ
561 2585 627 2655 τῇ
678 2581 930 2655 δαψιλείᾳ
965 2581 1155 2637 τούτου
1203 2584 1688 2656 ὁπεραναϐέϐηκεν
1715 2602 1728 2616 ο
1759 2582 1839 2650 οἷς

264 2676 370 2730 ne
409 2675 506 2728 τοῦ
555 2675 732 2746 μύρου
787 2673 1018 2739 πλοῦτος
1061 2673 1414 2746 πληθύνεται,
1469 2677 1605 2730 ἀλλά
1633 2677 1842 2741 τούτοις

266 2768 777 2840 παραϐαλλόμενος,
808 2766 967 2838 αὐχεῖ
993 2765 1053 2820 τὸ
1091 2766 1385 2835 ὲπιμᾶλλον
1421 2768 1654 2834 ἐξαίσιον
1678 2775 1745 2822 τά
1778 2773 1836 2821 τε

1948 2408 2132 2467 dantia
2157 2412 2249 2468 illa
2267 2420 2525 2481 praestat:
2555 2416 2603 2471 sl
2621 2415 2714 2486 qui
2737 2430 2863 2473 vero
2880 2416 3139 2488 unguenti
3177 2417 3520 2486 divitiisgau-

1949 2504 2082 2560 dent
2141 2506 2278 2577 ipsis
2307 2518 2491 2563 noster
2529 2511 2914 2580 cquiparatns,
2938 2509 3008 2567 de
3035 2510 3203 2565 multo
3229 2511 3400 2580 magis
3423 2523 3521 2564 ex-

1950 2597 2229 2654 traordina
2241 2597 2322 2654 rio
2344 2599 2521 2668 quoad
2553 2601 2659 2656 alia
2687 2601 2986 2672 gloriatur;
3015 2610 3071 2658 et
3091 2602 3136 2658 si
3162 2602 3253 2672 qui
3285 2601 3525 2656 victoria

1947 2689 2210 2758 sanguine
2230 2690 2392 2746 nimis
2415 2702 2652 2758 manant,
2673 2701 2947 2763 unguento
2968 2693 3521 2761 immisto,pulclirum

1950 2778 2184 2846 pulchro
2220 2789 2274 2836 et
2311 2782 2515 2837 divitiis
2555 2785 2857 2839 animarum
2902 2785 3103 2840 divitia
3130 2787 3519 2856 ponderantur.

266 2864 422 2929 ἄλλα,
459 2865 557 2916 καὶ
577 2855 660 2924 οἷς
684 2858 746 2914 τδ
765 2858 1058 2931 ἀθλητικὸν
1084 2855 1225 2929 αἷμα
1257 2859 1533 2930 πλήσμιον
1556 2861 1840 2934 άναϐρύει,
1872 2869 1966 2922 καὶ
2033 2874 2112 2940 τῷ
2175 2873 2335 2944 μύρῳ
2389 2875 2787 2945 συμμίσγεται,
2845 2877 3010 2933 καλὸν
3059 2855 3152 2931 ini
3209 2876 3357 2947 καλῴ
3430 2883 3524 2932 καὶ

269 2955 501 3010 πλοῦτον
532 2952 723 3024 ψυχῶν
751 2951 844 3007 ἐπὶ
877 2949 1096 3023 πλούτῳ
1125 2950 1428 3022 τιθέμενος.

339 3045 427 3111 ις’.
463 3046 578 3100 Καὶ
611 3038 732 3096 οἶδα
764 3042 862 3112 μὲν
899 3042 992 3094 καλ⁵
1026 3042 1234 3111 ἑτέροις
1268 3042 1377 3096 τῶν
1408 3043 1851 3116 καθωσιωμένων

2025 3053 2112 3107 l7.
2143 3054 2278 3109 Novi
2304 3056 2520 3124 quidem
2550 3057 2692 3112 inter
2714 3074 2808 3114 eos
2831 3061 2920 3129 qui
2949 3059 3059 3117 Deo
3117 3077 3178 3118 se
3229 3077 3518 3120 consecra-

270 3139 388 3208 Θεῷ
420 3135 680 3206 τοιαύτην
717 3135 878 3205 χάριν
928 3131 1320 3202 βραϐευθεῖσαν
1353 3137 1491 3204 μετά
1520 3135 1616 3206 τὴν
1647 3141 1708 3190 ὲκ
1738 3137 1852 3208 βίου

272 3230 680 3294 ἀπανάστασιν,
709 3227 768 3278 έν
804 3218 886 3288 οἷς
923 3225 1015 3277 καὶ
1052 3226 1086 3296 ή
1113 3224 1208 3279 τοῦ
1254 3225 1616 3296 εὐφημετσθαι
1648 3229 1855 3281 ἐπώνυ-

278 3340 399 3391 μος,
425 3324 460 3394 ὴ
495 3322 611 3383 τοῖς
638 3317 895 3388 ἀληθέσιν
930 3318 1079 3388 ὅροις
1110 3318 1248 3388 μετά
1278 3318 1508 3372 θάνατον
1543 3321 1627 3387 (τὸ
1681 3338 1854 3391 παρα.-

239 3403 584 3482 δοξότατον)
639 3411 735 3464 καὶ
779 3410 1184 3481 μαρτυρήσασα
1233 3409 1328 3463 καὶ
1379 3410 1668 3465 δικάσασα.
1714 3412 1854 3478 Ἐγὼ

279 3507 335 3560 δὲ
363 3507 505 3561 ἀλλά
559 3503 742 3575 καιρῷ
790 3503 984 3573 ἐκείνῳ
1040 3503 1235 3573 βραχεῖ
1289 3503 1741 3574 ἀντιπαραθεῖναι
1794 3504 1857 3558 τδ

279 3600 530 3666 αῐὼ.ιον,
563 3599 597 3670 ἢ
625 3599 722 3651 καὶ
755 3597 1184 3671 παραμετρῆσαι
1221 3598 1354 3669 πρὸς
1386 3598 1576 3652 λιϐάδα
1602 3598 1662 3652 τὸ
1689 3599 1857 3655 πελα-

285 3692 436 3763 γίζον
483 3693 790 3763 ὀκνήσαιμι
823 3692 891 3746 ἂν
935 3689 1077 3745 οὕτω
1108 3690 1250 3745 κατά
1293 3691 1506 3746 πάντων
1535 3691 1644 3744 τῶν
1680 3691 1858 3746 τοιού-

279 3804 406 3842 των.

351 3885 443 3949 ιη’.
488 3877 758 3947 Ἱλήκοιεν
777 3874 836 3928 δὲ
858 3875 906 3930 οί
933 3873 1367 3946 θαυματουργοὶ,
1395 3872 1481 3944 ἐφ’
1511 3866 1594 3938 οἷς
1622 3872 1854 3946 ἀκριϐὴς

281 3972 314 4040 ἠ
348 3969 724 4040 παραύχησις.
770 3967 830 4021 Ὀ
874 3967 1140 4037 ἡμέτερος
1191 3965 1431 4036 ἀθλητὴς
1477 3963 1721 4032 πλουτεῖ,
1766 3966 1860 4022 λα-

281 4062 390 4133 χὼν
420 4064 486 4115 ὲκ
535 4059 672 4113 Θεοῦ
701 4057 761 4112 τδ
789 4056 1248 4130 ἀπαρεξέταστον,
1293 4056 1371 4128 τῷ
1395 4057 1493 4126 τῆς
1521 4057 1856 4128 μυροχυσίας

282 4169 337 4205 τε
369 4148 681 4220 πολλῷ,’τῷ
710 4147 947 4219 ἀπείρῳ,
977 4146 1053 4218 τῷ
1078 4147 1360 4216 πλήθοντι,
1383 4146 1462 4217 τῷ
1485 4147 1856 4214 πελαγίζοντι,

285 4245 377 4296 καὶ
413 4241 495 4314 τῷ
525 4239 981 4304 συναναϐλύζοντι
1007 4238 1224 4309 αἵματι,
1259 4239 1352 4292 καὶ
1379 4241 1491 4302 τοῖς
1517 4237 1713 4308 μύροις
1737 4255 1861 4292 συν-

283 4335 669 4400 διαιωνίζοντι,
703 4335 797 4388 καὶ
844 4332 1263 4402 παραδηλοῦντι.
1286 4332 1348 4385 τὸ
1390 4332 1489 4403 τῆς
1523 4331 1670 4402 ζωῆς
1705 4333 1858 4403 μόνι-

1958 3157 2105 3212 runt,
2124 3147 2244 3204 aliis
2268 3150 2428 3204 talem
2462 3165 2492 3205 a
2529 3165 2740 3208 summo
2767 3153 2950 3222 judice
2992 3155 3244 3210 collatam
3293 3159 3523 3226 gratiam

1956 3256 1988 3295 ο
2019 3242 2126 3295 vita
2159 3242 2542 3313 migrantibus,
2579 3245 2788 3301 scilicet
2837 3249 3065 3317 gratiam
3125 3259 3238 3303 tum
3288 3251 3525 3305 nominis

1957 3331 2107 3386 cuitu
2144 3333 2400 3404 religioso
2441 3336 2666 3405 recepti,
2722 3345 2836 3390 tum
2871 3340 3078 3393 veritati
3117 3350 3238 3409 post
3297 3352 3522 3395 mortem

1958 3423 2324 3481 testimonium
2342 3434 2397 3482 et
2460 3426 2724 3497 judicium
2767 3430 2795 3500 (
2833 3445 2864 3486 ο
2930 3433 3125 3485 mirum
3150 3433 3188 3502 l)
3248 3432 3524 3493 reddendi.

1958 3513 2071 3584 Ego
2096 3531 2247 3582 vero,
2277 3519 2505 3587 tempori
2565 3520 2640 3575 illi
2671 3523 2819 3576 brevi
2866 3523 3203 3594 aequiparare
3252 3525 3528 3579 mternita-

1969 3617 2097 3674 tem,
2131 3618 2226 3663 aut
2247 3619 2401 3679 gutta
2429 3626 2583 3667 mare
2640 3612 2816 3668 metiri
2864 3615 3052 3670 eodem
3108 3615 3269 3670 modo
3315 3618 3383 3671 de
3443 3617 3528 3672 his

1955 3697 2338 3756 erubescerem
2358 3703 2648 3758 omnibus.

2041 3879 2132 3935 18.
2167 3878 2396 3949 Propitii
2429 3883 2539 3936 sint
2569 3883 2964 3954 tltaumaturgi,
3015 3887 3060 3940 si
3094 3900 3218 3940 vera
3251 3888 3523 3957 gloriatio.

1958 3969 2176 4026 Atldeta
2207 3979 2396 4026 noster
2417 3969 2570 4026 dives
2590 3983 2693 4038 est,
2731 3987 2762 4026 a
2778 3972 3322 4044 Deoincomparabile
3342 3987 3531 4033 nactus

1961 4062 2362 4131 cumnnguenti
2404 4062 2706 4118 abundanti
2747 4063 3028 4130 eﬂusione,
3089 4067 3320 4134 inﬁnita,
3371 4069 3529 4140 plena

1963 4163 2020 4206 ut
2051 4167 2200 4208 mare
2227 4164 2340 4208 tum
2376 4166 2631 4209 manante
2687 4155 2847 4211 simul
2870 4159 3130 4228 sanguine
3149 4169 3204 4214 et
3263 4177 3364 4215 una
3408 4178 3529 4216 cum

1963 4254 2237 4314 unguento
2270 4257 2533 4316 perpetuo
2577 4261 2963 4320 perseverante
2987 4262 3040 4306 et
3090 4256 3210 4308 vitae
3257 4254 3528 4309 stabilita-

1965 4347 2070 4391 tem
2103 4340 2445 4394 ostendente.
2475 4336 2531 4393 Si
2555 4347 2732 4396 autcm
2758 4330 3108 4410 superellluat
3127 4347 3347 4412 bonum,
3371 4356 3426 4401 et
3446 4363 3533 4402 sc-

288 4433 388 4501 μόν
419 4447 479 4484 τε
511 4428 610 4484 καὶ
665 4426 908 4496 συνεχές.
961 4425 1022 4478 Εἰ
1061 4424 1118 4479 δέ
1154 4441 1285 4478 ποτε
1331 4428 1426 4479 καὶ
1477 4425 1851 4495 ὑπερεκχεῖται

1963 4425 2212 4492 pulcrum
2254 4425 2766 4485 circumittscribere
2801 4432 3062 4487 honorem
3098 4435 3248 4500 velit,
3288 4451 3532 4505 unguen-

285 4525 344 4576 τὸ
368 4522 600 4591 ἀγαθὸν,
629 4520 724 4572 καὶ
757 4520 786 4574 ὁ
807 4519 978 4586 τάφος
1026 4517 1125 4588 μὲν
1161 4516 1530 4588 περιγράφειν
1571 4517 1747 4571 ἐθέλει
1795 4517 1857 4570 τὸ

291 4615 491 4686 τίμιον,
530 4612 594 4666 τὸ
627 4610 685 4665 δὲ
717 4611 814 4673 τὰς
855 4609 1128 4680 κρηπῖδας
1177 4607 1516 4679 ὑπονομεῦον
1554 4607 1724 4679 μύρον
1767 4611 1858 4663 ὲκ-

291 4708 548 4772 κενωθὲν,
582 4702 904 4778 ᾁσματικῶς
949 4703 1152 4775 εἰπεῖν,
1193 4701 1407 4772 γίνεται
1452 4701 1546 4756 καὶ
1580 4703 1662 4766 είς
1713 4702 1860 4775 ζωὴν

291 4800 560 4872 ἁλλομένη
590 4795 767 4868 πηγὴ,
795 4796 890 4862 καὶ
922 4792 1250 4864 διεκτρέχει,
1285 4793 1359 4856 ὡς
1389 4787 1503 4847 οἷον
1533 4794 1862 4864 έκκυμαινό-

292 4911 469 4964 μενον,
499 4891 599 4946 κα)⁵
633 4889 937 4958 πράγματα
955 4888 1071 4949 τοῖς
1099 4885 1314 4938 ἀντλεῖν
1343 4885 1589 4939 ἐθέλουσι
1620 4885 1857 4952 δίδωσιν,

290 4986 414 5040 ἀλλο
445 4983 612 5037 τοῦτο
649 4982 813 5050 τέρας
856 4981 949 5032 καὶ⁹
993 4977 1231 5030 ἀϐύσσου
1283 4975 1569 5044 ἕκφανσις,
1615 4978 1860 5030 κάτωθεν

291 5078 527 5148 ἕκπηδᾷν
579 5074 822 5142 ἀνιείσης
876 5071 936 5123 τὸ
991 5069 1183 5140 μύρον,
1216 5069 1310 5122 καὶ
1354 5067 1482 5137 διχῆ
1528 5068 1861 5138 μεριζούσης

294 5170 416 5223 αὐτὸ
442 5168 526 5232 είς
579 5183 638 5220 τε
687 5164 776 5217 τὸν
833 5164 1025 5232 τάφον,
1080 5162 1174 5215 καὶ
1223 5162 1292 5214 τὰ
1340 5159 1536 5212 τούτου
1591 5174 1862 5228 προτεμε-

293 5261 546 5332 νίσματαο
581 5260 616 5329 ἦ
651 5257 716 5328 δὴ
743 5256 975 5317 ἄϐυσσος
1004 5255 1097 5306 καὶ
1116 5253 1308 5324 ἑτέραν
1328 5253 1666 5305 ἐπικαλεῖται
1690 5250 1861 5304 ἄϐυσ⁴

296 5369 384 5406 οον
409 5351 508 5423 τὴν
556 5348 666 5400 τῶν
709 5345 957 5399 ἀπλέτων
1008 5342 1496 5414 θαυματουργιῶν,
1536 5359 1862 5409 συναναφαι-

288 5448 519 5517 4ομένην
559 5447 654 5497 καὶ
701 5436 788 5495 οἷα
821 5439 1257 5509 συνουσιωμένην
1285 5440 1351 5506 τῇ
1379 5435 1476 5489 τοῦ
1527 5436 1702 5507 μύρου
1730 5436 1863 5488 om.

304 5538 608 5608 μασιότητι·
645 5534 714 5605 ἥν
743 5534 806 5602 δὴ
835 5532 930 5585 καὶ
950 5531 1123 5592 ἄλλως
1155 5529 1300 5581 ἐστιν
1329 5530 1462 5598 ἡμῖν
1497 5528 1861 5599 ἐπιθεωρῆσαι

297 5631 550 5683 ἄϐυσσον.
582 5629 690 5698 Γῆν
727 5644 786 5680 τε
824 5627 930 5696 γάρ
961 5624 1169 5678 ὑδάτων
1196 5622 1434 5685 ἄϐυσσος
1465 5623 1601 5691 ὀχεῖ,
1641 5623 1742 5674 ὅσα
1770 5624 1862 5673 καὶ

297 5723 607 5792 οἰκοδομίαν
631 5718 900 5790 θεμέλιος·
933 5715 1028 5769 καὶ
1052 5715 1150 5783 τὴν
1175 5714 1329 5766 πόλιν
1356 5714 1413 5766 δὲ
1446 5715 1650 5778 ταύτην
1673 5713 1704 5782 ἡ
1737 5712 1859 5765 καθ’

1970 4526 2082 4570 tum
2117 4532 2245 4572 vero
2275 4519 2427 4574 labra
2475 4521 2773 4590 rumpenda
2826 4536 3145 4580 evacuatum
3185 4528 3431 4592 reddens,
3477 4540 3536 4584 ut

1965 4610 2176 4677 poetice
2201 4612 2397 4680 dicam,
2419 4611 2514 4666 ﬁat
2543 4621 2600 4668 et
2627 4613 2832 4670 saliens
2863 4616 2917 4670 in
2942 4617 3110 4670 vitam
3159 4617 3302 4687 fons,
3347 4631 3538 4676 currat

1967 4702 2123 4770 quasi
2153 4705 2456 4772 exundans,
2477 4714 2533 4760 et
2553 4705 2769 4762 labores
2799 4711 3271 4777 compescentibus
3296 4712 3535 4781 imponat

1967 4793 2113 4848 aliud
2138 4795 2242 4850 hoc
2265 4796 2566 4866 prodigium
2590 4804 2644 4852 et
2665 4798 2845 4869 abyssi
2864 4800 3259 4871 divulgatio,ab
3287 4805 3428 4858 intra
3449 4821 3535 4860 sa-

1970 4887 2104 4942 liens
2129 4897 2458 4958 unguentum
2483 4889 2783 4946 emittentis
2826 4901 2881 4946 et
2905 4893 2958 4946 in
2988 4895 3120 4948 duas
3169 4906 3349 4962 partes
3405 4898 3539 4952 divi-

1967 4979 2166 5046 dentis,
2205 4980 2260 5034 in
2311 4982 2615 5050 sepulcrum
2646 4992 2702 5038 et
2730 4983 2781 5038 in
2822 4984 2941 5053 ejus
2965 4985 3122 5052 atria,
3148 5003 3266 5056 qua:
3311 4989 3538 5058 abyssus

1971 5073 2185 5128 invocat
2219 5075 2496 5144 abyssum,
2525 5091 2715 5144 nempe
2740 5077 3114 5147 prodigiorum
3143 5082 3400 5134 virtutum
3451 5082 3539 5135 in-

1971 5164 2244 5220 ﬁnitarum
2271 5181 2376 5220 una
2395 5165 2742 5237 etl‘ulgentem
2773 5171 3240 5240 exsistentemque
3264 5188 3386 5228 cum
3439 5190 3538 5229 nn-

1970 5260 2156 5328 guenti
2186 5261 2453 5330 prodigio,
2472 5274 2634 5329 quam
2687 5275 2821 5316 sane
2847 5271 2902 5316 et
2929 5263 3036 5318 alio
3079 5265 3240 5319 modo
3290 5265 3538 5336 abyssum

1970 5366 2198 5418 pensare
2223 5366 2320 5406 nos
2349 5364 2585 5421 Oportet.
2622 5351 2870 5424 Namque
2913 5365 3112 5410 terram
3170 5355 3326 5412 fulcit
3371 5373 3538 5424 aqua"

1971 5457 2089 5496 rum
2117 5443 2344 5514 abyssus
2394 5443 2536 5498 sicut
2562 5453 2616 5500 et
2678 5446 2962 5502 aedilicium
3015 5447 3541 5512 fundamentum;ct

1974 5533 2162 5587 urbem
2189 5534 2330 5589 hante
2358 5545 2630 5591 sustentat
2659 5539 2889 5608 abyssus
2916 5539 3072 5594 nobis
3130 5538 3538 5594 fundamentum

1971 5625 2291 5680 stabilitum.
2325 5625 2391 5681 Et
2441 5628 2774 5684 fundamenti
2820 5641 3067 5686 naturam
3102 5630 3412 5700 explorans,
3461 5632 3547 5686 in-

1969 5733 2130 5775 sanus
2159 5733 2216 5776 ES
2231 5729 2321 5776 sel.

298 5823 441 5896 ἡμᾶς
473 5823 736 5894 ύπανὲχει
766 5822 1002 5889 ἄϐυσσος
1059 5823 1198 5891 αὕτη
1259 5823 1580 5894 ἑδράζουσα.
1643 5822 1752 5874 Καὶ
1782 5822 1869 5874 τὸν
1901 5821 2099 5892 τρόπον
2131 5821 2225 5875 τοῦ
2252 5823 2590 5895 έδράσματος
2622 5825 2799 5895 παχὺς
2833 5824 2897 5878 ἄν
2925 5840 3005 5885 τις
3061 5825 3142 5892 εἴη
3204 5825 3231 5878 ὁ
3283 5823 3545 5878 πυνθανό-

305 5934 488 5988 μενος.
