3916 6244
190 356 277 423 18-3

1284 381 1693 447 ‘LAUDATIO
1725 385 1784 446 S.
1823 385 2230 452 DEMETRII.

3297 396 3397 462 186

185 473 488 585 ﬁeopdrwfa
525 475 718 585 δένδρα
764 484 1195 557 παρομοισῦμεν,
1230 490 1308 560 τῷ
1362 493 1517 563 καλῷ
1546 497 1721 566 τούτῳ
1751 538 1756 553 .

1860 515 1951 555 ore
1981 502 2241 572 plantatis
2280 513 2337 559 et
2379 505 2535 574 quasi
2584 505 2639 561 in
2701 506 2957 584 paradiso
3003 508 3295 581 voluptatis
3329 496 3400 585 eo

184 565 687 640 ἐμρυτευῦένταήν
730 572 819 627 ὅτε
851 574 1091 646 σώματι,
1134 582 1233 633 κα)⁸
1277 584 1358 645 εἰς
1398 565 1729 654 παράδεισον

182 663 359 731 τρυφῆς
394 661 530 715 αὐτὸ
562 664 663 733 τῆς
692 666 834 720 κατὰ
865 669 1084 739 πνεῦμα
1109 672 1569 731 διασκευάσαντα.

240 752 333 825 κβ’.
370 754 663 810 Ἐντεῦθεν
691 759 857 829 ἡμεῖς
894 762 1001 817 καὶ
1047 766 1126 826 είς
1172 766 1730 839 ἄλληνδιασαίνομεν
1822 784 1827 787 ⁷

184 842 460 914 ἐνθύμησιν
494 847 877 920 ὁμοιότροπον,
908 854 958 906 εί
991 856 1086 908 καὶ
1117 857 1193 927 μὴ
1217 857 1360 912 οὕτω
1385 863 1533 915 πάνυ
1563 874 1733 930 μεγα-

185 935 578 1005 λοπρεπέστατα
598 939 852 1012 ἔχουσαν·
884 947 978 1000 καὶ
1011 948 1071 1001 τὸ
1091 948 1152 1001 ἐν
1191 949 1378 1020 Ἐδεὶμ
1406 953 1568 1017 ἄλσος
1603 955 1732 1008 ἀνά-

185 1027 435 1097 πολοῦμεν
466 1032 551 1097 εἰς
580 1033 728 1101 νοῦν,
785 1037 885 1090 καὶ
927 1037 1027 1101 τὰς
1078 1040 1196 1093 ἐκεῖ
1251 1042 1434 1111 πηγὰς
1486 1048 1582 1098 καὶ
1633 1045 1732 1110 τὰς

187 1119 433 1188 φοίνικας,
471 1123 568 1177 καὶ
599 1126 1021 1198 παραϐάλλομεν
1054 1132 1135 1193 τίς
1167 1132 1461 1204 ὁμοιότητα
1492 1136 1556 1188 τὸ
1590 1139 1733 1192 κατὰ

185 1209 260 1261 τὸν
290 1210 552 1282 μάρτυρα
576 1214 677 1268 καὶ
696 1217 786 1271 τὸν
823 1218 1059 1289 Ἰσραήλ.
1085 1222 1223 1285 Τοὺς
1248 1224 1370 1277 καθ’
1394 1228 1544 1296 ἡμᾶς
1568 1227 1732 1292 λαοὺς

186 1301 264 1356 τοῦ
299 1302 437 1357 Θεοῦ
470 1305 787 1378 θεωροῦμεν
826 1311 1309 1380 παρεμϐάλλοντας
1350 1318 1622 1381 ίνταυθσί,
1655 1318 1733 1384 ὡς

185 1396 251 1455 εἰς
278 1397 478 1466 χωρίον
535 1398 701 1469 ίερῶς
728 1404 1020 1477 τρυφερὸν.
1060 1406 1173 1460 καις
1211 1407 1735 1480 ἐπανατεινομένους

184 1484 250 1556 τῷ
268 1489 490 1557 τεμένει
511 1490 730 1558 τούτου,
762 1493 791 1548 ό
829 1495 925 1548 καὶ
965 1500 1108 1564 φυτὰ
1132 1497 1323 1570 ὥσπερ
1364 1503 1425 1554 αί
1472 1503 1733 1577 εμπεπη·

184 1580 312 1645 γυῖαι
337 1579 542 1650 λόγχαι
572 1584 912 1655 ἐκόσμησαν,
965 1590 1060 1647 καὶ
1106 1591 1286 1658 πηγαὶ
1314 1593 1374 1647 δὲ
1420 1597 1736 1665 mundos

186 1672 478 1740 txpéoucat,
506 1675 783 1746 καὶ-μύρα
804 1679 897 1732 καὶ
915 1681 1146 1749 αἵματα,
1176 1675 1305 1753 ὧνή
1339 1684 1552 1753 πηγαία
1578 1685 1736 1757 χύσις

184 1762 247 1827 ὡς
296 1764 352 1830 ἐξ
408 1765 656 1821 ἀϐύσσου
690 1769 791 1839 τῆς
845 1771 1164 1844 μυροθίικης
1224 1774 1629 1839 ἀναϐαίνουσα,
1672 1779 1735 1833 τὺ

187 1859 456 1927 πρόσωπον
493 1862 642 1917 διπαν
670 1860 877 1926 ποτίζει
908 1864 1007 1935 τῆς
1030 1867 1154 1936 γῆς.
1174 1867 1289 1921 Οὐκ
1315 1868 1435 1922 ιστι
1467 1869 1576 1939 γὰρ
1598 1870 1733 1924 ὅπου

189 1951 251 2021 μὴ
273 1951 585 2024 διαδόσιμον
634 1956 845 2022 γίνεται
889 1957 951 2011 τὸ
999 1958 1183 2024 καλὸν,
1236 1961 1621 2032 ωνδιατρέχον
1659 1963 1737 2034 τῷ

188 2044 322 2113 ἡλίῳ,
382 2049 481 2101 καὶ
536 2050 813 2119 πανταχοῦ
860 2051 961 2119 τῆς
1006 2053 1341 2124 ὀἰκουμένης
1394 2055 1733 2125 ἱκνούμενον.

188 2138 361 2193 Τοῦτον
390 2139 488 2193 τὸν
515 2141 682 2195 τόπον
709 2143 803 2196 καὶ
836 2144 1078 2214 ποταμὸν
1106 2142 1224 2197 εστι
1273 2144 1409 2198 Θεοῦ
1434 2142 1739 2209 Δαυῖτικῶς

187 2237 513 2304 προσειπεῖν,
562 2236 669 2306 οὐκ
704 2237 916 2292 ὑδάτων
952 2238 1414 2309 πεπληρωμένον,
1465 2240 1502 2294 ἃ
1561 2242 1738 2310 μάτην

187 2320 502 2391 πλανῶνται,
543 2327 679 2381 ἀλλὰ
704 2328 961 2398 προχοῶν
983 2331 1290 2401 σωτηρίων,
1320 2329 1391 2384 δι’
1423 2325 1502 2386 ὧν
1530 2332 1741 2402 ἀναψύ-

189 2431 353 2486 χονται
384 2417 594 2486 vespm;
612 2420 664 2471 oi
691 2418 1064 2484 ἐκλείποντος.

246 2526 345 2587 κγ’.
377 2519 572 2575 Ἔστιν
601 2522 749 2591 ἡμῖν,
772 2518 819 2577 ὦ
843 2523 1074 2594 μάρτυς,
1105 2524 1285 2594 λέγειν
1326 2528 1490 2583 ἄλλον
1513 2528 1738 2598 τρόπον,

190 2611 317 2683 ἥπερ
333 2612 383 2666 ot
416 2611 586 2667 πάλαι
611 2612 938 2682 ἀγιοκτόνοι,
968 2633 990 2669 ι
1018 2616 1092 2670 Τὸ
1118 2614 1258 2688 αἷμα
1282 2619 1342 2673 τὸ
1366 2620 1461 2673 σὺν
1482 2620 1569 2688 ἐφ’
1591 2621 1741 2690 ἡμᾶς

190 2703 273 2757 καὶ
299 2703 391 2758 ἰπὶ
410 2705 481 2759 τὰ
505 2706 674 2760 τέκνα
699 2706 877 2778 ἡμῶν.
916 2726 937 2761 ι
968 2708 1091 2763 Τῶν
1122 2711 1182 2763 ὲν
1214 2710 1313 2780 βίῳ
1354 2711 1423 2765 τὰ
1464 2713 1525 2765 ἐν
1553 2713 1740 2783 σαρκὶ,

190 2796 284 2851 τῶν
313 2796 418 2862 ἔξω
447 2797 569 2867 βίου
619 2798 692 2851 τὰ
733 2802 1101 2870 πνευματικά.
1144 2801 1333 2869 Τούτῳ
1377 2803 1485 2872 γὰρ
1524 2805 1620 2856 καὶ
1667 2802 1743 2866 ὡς

191 2884 291 2942 οἷον
321 2891 535 2962 σημείῳ
581 2893 694 2947 τινὶ
742 2891 804 2946 τὸ
853 2892 1000 2946 θεῖον
1051 2893 1217 2963 ἡμεῖς
1277 2893 1744 2964 παραδηλοῦμεθα

193 2984 449 3050 ποίμνιον,
497 2985 596 3038 καὶ
644 2985 707 3038 τὸ
757 2984 1026 3053 ξωογὸνον
1062 2986 1536 3057 ἅναρῤωννύμεθα
1575 2989 1745 3042 πολυ-

196 3073 589 3140 τλασιάζοντεςο
649 3075 678 3131 ὃ
708 3075 773 3147 δὴ
811 3078 905 3131 καὶ
951 3079 1085 3133 ὡσεὶ
1124 3079 1641 3134 κόκκινονὲπανοεῖ
1669 3080 1747 3151 τῷ

1857 593 2159 648 secuudn-n
2216 593 2470 663 spiritum
2506 598 2799 656 ordinatis.

1902 774 1994 829 ‘22.
2030 774 2162 829 inde
2194 775 2247 830 in
2282 777 2851 850 aliam‘progredimur
2897 782 3129 838 similem
3191 783 3400 855 cogita-

1830 853 2054 930 tionem,
2082 865 2210 922 licet
2237 882 2341 921 non
2368 879 2474 924 tam
2496 872 2858 940 magniﬁcam,
2881 882 2936 929 et
2960 875 3173 929 hortum
3196 853 3403 930 nemo-

1831 965 2009 1011 ratum
2039 958 2093 1012 in
2128 958 2271 1013 Eden
2287 961 2467 1014 animo
2522 973 2837 1031 reputemus
2879 965 3026 1020 clibi
3076 967 3404 1023 exsistentes

1832 1047 2084 1105 fmteset
2106 1052 2336 1118 palmas,
2410 1054 2558 1107 aciu
2622 1054 3031 1111 similitudinem
3086 1060 3407 1115 adducimus

1833 1151 2111 1196 narratum
2143 1146 2209 1197 de
2239 1153 2478 1216 martyre
2503 1156 2557 1200 et
2579 1147 2645 1201 de
2670 1147 2855 1203 Israel.
2875 1148 3111 1218 Populos
3174 1151 3267 1205 Dei
3303 1167 3403 1205 no-

1833 1234 2083 1287 strosltic
2110 1236 2371 1290 turbntim
2397 1246 2617 1292 coactus
2645 1239 2891 1294 videmus
2958 1254 3193 1309 anquam
3228 1242 3279 1295 in
3309 1243 3408 1298 de-

1834 1324 1975 1379 liciis
1997 1326 2170 1380 sacris
2193 1329 2516 1383 exuberanti
2549 1329 2667 1386 loco
2691 1340 2741 1385 et
2772 1332 2824 1385 in
2858 1331 3001 1386 illius
3033 1347 3190 1387 sacro
3213 1348 3406 1401 recep-

1837 1417 2021 1471 taculo
2052 1419 2424 1484 considentes,
2453 1422 2597 1491 quod
2630 1422 3024 1493 plantariorum
3060 1425 3233 1489 instar
3256 1424 3407 1480 inﬁ-

1833 1522 1919 1563 ne
1940 1508 2141 1565 lancea:
2163 1523 2491 1567 ornaverunt
2515 1524 2568 1567 et
2598 1513 2775 1570 fontes
2802 1514 2855 1570 in
2868 1530 3081 1573 amnem
3104 1518 3414 1575 scaturien-

1832 1596 1940 1665 tes,
1970 1612 2021 1657 et
2052 1611 2325 1672 unguenta
2357 1608 2411 1664 et
2437 1606 2658 1675 sanguis
2685 1621 2920 1677 quorum
2956 1607 3190 1662 ﬂuvialis
3219 1606 3412 1665 eﬁ‘usio

1834 1699 2092 1762 tanquam
2110 1707 2176 1747 ex
2195 1695 2549 1774 unguentario
2566 1696 2816 1752 thesauro
2843 1699 3164 1762 ascendens,
3189 1713 3404 1753 omnem

1769 1827 1810 1882 Β
1830 1794 1996 1841 terrm
2019 1784 2213 1840 faciem
2244 1787 2454 1856 irrigat.
2515 1787 2631 1843 Non
2666 1796 2751 1844 est
2782 1791 2930 1844 enim
2962 1805 3062 1845 cur
3089 1806 3192 1844 non
3227 1799 3414 1867 trans-

1840 1877 2091 1931 mittatur
2115 1876 2401 1946 pulchrum
2440 1878 2662 1943 donum,
2693 1896 2814 1934 cum
2847 1880 2962 1935 sole
3000 1895 3228 1935 currens
3255 1889 3310 1935 et
3359 1881 3411 1934 in

1835 1981 2050 2023 omnem
2084 1978 2284 2023 terram
2320 1969 2528 2025 exiens.
2547 1968 2725 2025 Locus
2741 1982 2797 2025 et
2819 1970 3013 2026 ﬁuvins
3035 1970 3125 2025 Dei
3157 1971 3414 2026 Davidico

1834 2066 1986 2114 more
2016 2060 2383 2124 honorandus,
2411 2077 2516 2115 non
2550 2064 2707 2132 aquis
2733 2062 2925 2131 plenus
2958 2080 3077 2134 quae
3126 2064 3179 2118 in
3211 2078 3408 2119 vanum

1835 2160 2040 2218 errant,
2065 2154 2160 2207 sed
2199 2154 2464 2210 salutares
2505 2171 2676 2224 aquas
2718 2156 3005 2211 effundens
3050 2156 3249 2225 quibus
3300 2156 3415 2226 spi-

1836 2241 2106 2300 ritualiter
2131 2247 2355 2301 sedatur
2384 2246 2758 2307 deﬁcientium
2781 2247 2927 2304 sitis.

1909 2526 2000 2583 23.
2027 2526 2282 2584 Nostrum
2314 2538 2420 2593 est,
2444 2545 2478 2585 ο
2504 2538 2729 2601 martyr,
2763 2528 2871 2585 alio
2894 2530 3054 2584 modo
3109 2543 3271 2599 quam
3319 2540 3418 2583 γορ

1843 2628 1986 2676 teres
2009 2631 2320 2676 sanctorum
2345 2621 2617 2677 occisores
2631 2620 2812 2676 dicere
2837 2636 2853 2675 :
2886 2640 2906 2673 ι
2921 2620 3154 2691 Sanguis
3185 2628 3308 2675 tuus
3328 2635 3423 2675 su-

1843 2725 1940 2781 per
1966 2726 2066 2766 nos
2087 2720 2143 2766 et
2156 2724 2320 2780 super
2344 2710 2480 2767 ﬁlios
2503 2719 2733 2765 nostros.
2763 2729 2782 2760 ι
2814 2708 2914 2776 Qui
2930 2710 3111 2766 δεσυιί
3133 2718 3279 2775 sunt,
3304 2724 3426 2779 quae

1844 2801 2027 2856 carnis
2052 2802 2441 2870 suntsapiunt,
2477 2802 2569 2871 qui
2592 2811 2749 2857 extra
2808 2801 3064 2857 saeculum
3116 2811 3246 2857 sunt
3298 2816 3423 2872 quas

1837 2889 2172 2958 spiritualia.
2207 2887 2449 2958 Namque
2500 2889 2604 2944 hoc
2655 2887 2812 2959 quasi
2862 2886 3130 2960 symbolo,
3180 2886 3425 2941 divinum

1845 2981 2186 3036 ostendimur
2208 2980 2349 3034 ovile
2389 2995 2489 3036 nos
2514 2994 2636 3035 esse
2671 2988 2726 3035 et
2771 2978 3104 3034 fecunditate
3154 2976 3429 3032 conforta—

1848 3086 1969 3125 mur
2000 3071 2375 3140 multiplicati;
2407 3071 2627 3140 sanguis
2677 3077 2806 3125 tuus
2856 3077 3112 3137 tanquam
3170 3067 3427 3123 coccinea

198 3167 458 3240 σῷτούτιρ
486 3168 624 3240 ναῷ,
674 3169 773 3239 οὐχ
804 3163 989 3241 ἦττον,
1036 3170 1070 3241 ἢ
1119 3171 1182 3224 τὸ
1230 3171 1461 3225 παλαιὸν
1491 3175 1558 3242 τῇ
1605 3173 1750 3227 κατὰ

1860 3164 2060 3219 cortina
2093 3164 2237 3218 istud
2263 3173 2413 3217 tuum
2451 3171 2723 3230 purpurat
2770 3160 3029 3230 templum
3083 3174 3191 3215 non
3220 3154 3430 3213 ’minus

199 3263 353 3331 νόμον
394 3266 589 3334 σκηνῇ.
643 3262 761 3317 Οὔκ
791 3262 910 3318 ἔστι
966 3280 1049 3318 σοι
1102 3263 1164 3317 τὸ
1214 3264 1499 3317 Δαυῖτικὸν
1533 3264 1751 3334 λέγειν⁸

205 3374 224 3407 ι
251 3357 345 3421 τίς
381 3356 617 3425 ὠφέλεια
644 3356 705 3410 ἐν
732 3356 809 3425 τῷ
839 3354 1034 3425 αἵματί
1065 3371 1193 3426 μου,
1231 3374 1250 3408 ι
1287 3357 1370 3410 ὅτι
1419 3357 1553 3425 μηδὲ
1584 3357 1758 3410 κατά-

202 3446 353 3512 ϐασις
379 3450 605 3517 γέγονεν
629 3449 710 3511 είς
738 3448 1067 3519 δισφθοράνς
1101 3449 1212 3511 Πᾶς
1246 3449 1356 3518 γὰρ
1383 3449 1636 3502 ὁστισοῦν
1665 3448 1762 3501 αὗ-

202 3538 290 3592 τοῦ
320 3540 639 3610 ἀρυόμενος,
677 3524 778 3592 οὐκ
810 3537 960 3593 ἐστιν
993 3540 1187 3604 εἰπεῖν,
1219 3539 1344 3592 ὅσον
1375 3538 1760 3608 ὠφελούμενος

208 3632 419 3701 βελτίων
443 3634 682 3697 ἄπεισιν,
714 3628 1076 3701 ἀγιαζόμενος
1092 3631 1175 3694 είς
1194 3648 1255 3685 τε
1277 3631 1457 3702 σάρκα
1481 3632 1574 3685 καὶ
1598 3627 1759 3700 αἷμα,

206 3725 606 3798 ἀναζωούμενος
644 3724 814 3796 ζωὴν,
864 3723 1399 3795 προσεπιλαμϐάνων
1444 3725 1577 3787 πᾶν,
1622 3724 1650 3776 ὅ
1706 3738 1760 3776 τι

207 3819 308 3873 δέοι
333 3819 519 3874 παθεῖν
546 3816 774 3888 ἀγαθὸν,
809 3817 1141 3886 ἐξευρίσκων
1167 3813 1318 3869 αὐτὸ.
1350 3816 1423 3869 Ἦ
1451 3814 1569 3874 πῶς
1591 3817 1655 3870 ἄν
1681 3828 1763 3880 τις

208 3915 460 3986 ἀδυναμία
507 3915 591 3968 εἰς
648 3913 812 3983 ἔργον
860 3910 1353 3980 κατακαυγήσηται
1420 3907 1631 3972 τοῦτον,
1684 3905 1764 3969 ὡς

210 4010 391 4073 εἰπεῖν,
424 4001 706 4070 ἀλίϐαντα,
738 4006 799 4058 τδ
838 4003 935 4057 τοῦ
973 4003 1252 4073 μάρτυρος
1280 4001 1488 4072 γήϊνον,
1531 3999 1632 4052 οὐκ
1680 3999 1763 4061 είς

209 4100 422 4165 λιϐάδας
462 4101 623 4170 μόνον
663 4098 981 4169 τεραστίας,
1037 4093 1173 4150 ἀλλὰ
1234 4094 1329 4147 καὶ
1385 4093 1466 4154 είς
1512 4090 1765 4160 ἑκρύσεις

215 4193 680 4265 θαυματοόρύτους
714 4189 1060 4254 ἀνοίξαντος;

279 4285 373 4342 κδ’.
401 4287 691 4356 Μυστήρια
716 4283 814 4337 καὶ
841 4280 1011 4335 ταῦτα
1033 4279 1134 4334 οὒκ
1164 4279 1230 4334 ἐκ
1261 4279 1367 4333 τῶν
1396 4279 1609 4351 πόρρω,
1631 4274 1768 4331 ἀλλὰ

214 4380 319 4431 τῶν
357 4378 435 4432 δτι
470 4377 707 4448 μάλιστα
745 4376 1032 4442 ἐγγυτάτω
1075 4370 1621 4442 προκατασέὸληνται
1666 4367 1769 4436 τῆς

216 4472 384 4524 ἐκεῖσε
411 4473 503 4524 καὶ
520 4467 839 4529 τελευταίας
869 4467 964 4519 καὶ
993 4466 1213 4518 αἰωνίου
1239 4464 1404 4529 ζωῆς.
1435 4461 1605 4515 Πόθεν
1627 4462 1764 4523 ἐκεῖ,

220 4564 369 4629 φασὶ,
403 4565 514 4624 τοῖς
565 4557 963 4628 ὲγηγερμένοις
1018 4555 1238 4625 σώμασι
1279 4555 1338 4607 τὸ
1392 4552 1767 4617 συνίστασθαι,

220 4654 348 4707 ὅπου
377 4654 574 4724 τροφῆς
625 4650 700 4719 μὴ
733 4650 880 4702 ἔστιν
911 4649 1201 4719 ὲπίρῤοιας
1237 4647 1367 4701 Adet
1399 4647 1425 4698 ὁ
1472 4644 1681 4716 μάρτυς
1711 4640 1771 4695 τὺ

220 4741 432 4810 ἄπορον.
456 4741 617 4792 Ὅθεν
654 4737 798 4805 ἐμοὶ,
829 4735 1014 4804 φησὶν,
1052 4734 1286 4787 ἐνταῦθα
1314 4735 1344 4802 ἡ
1378 4731 1640 4799 ζωογόνος
1665 4731 1773 4783 τῶν

224 4829 457 4894 αἱμάτων
486 4828 775 4897 ἁπόρῤοια.
806 4821 998 4875 Θεόθεν
1047 4822 1227 4877 τοῦτο.
1276 4822 1514 4873 Ἐκεῖθεν
1541 4821 1650 4889 ἄρα
1680 4820 1774 4871 καὶ

224 4921 393 4972 ἐκεῖνο
420 4922 446 4971 ὁ
473 4921 719 4987 ἐχέφρων
755 4917 1049 4983 λογεσεται.
1082 4934 1099 4965 ι
1117 4915 1349 4982 ’Δνδρας
1377 4911 1626 4980 αἱμάτων
1654 4909 1774 4979 βδε-

222 5007 464 5064 λύσσεται
492 5010 714 5079 Κύριος.
747 5026 767 5059 ι
800 5006 1051 5060 Τοιοῦτον
1079 5005 1136 5058 δὲ
1169 5007 1259 5056 καὶ
1288 5004 1348 5055 τὸ
1377 5003 1643 5072 τύραννον
1672 4999 1777 5068 φῦ-

226 5101 339 5164 λον,
365 5102 550 5164 ἀδίκως
580 5100 771 5169 ὲκχιον
803 5098 1029 5166 αἵματα,
1058 5097 1152 5150 καὶ
1186 5095 1426 5165 μάλισθ’,
1460 5094 1590 5146 ὅταν
1635 5092 1777 5175 ὑπὲρ

230 5186 455 5254 Χριστοῦ
493 5190 678 5241 ἐκεῖνα
716 5185 973 5256 χέωνται.
1006 5185 1218 5237 Οὐκοῦν
1247 5184 1343 5238 καὶ
1384 5183 1628 5245 ἐκείνους
1665 5182 1782 5252 βδε-

234 5276 472 5332 λύττεται
504 5280 732 5350 Κύριος.
766 5278 829 5330 Et
859 5277 918 5331 δὲ
964 5276 1140 5336 τοῦτο,
1196 5278 1290 5328 καὶ
1344 5275 1615 5343 ἑπαμύνει
1669 5275 1783 5336 τοῖς

241 5370 568 5439 Eat-(seuerat;
601 5370 821 5439 αἴμασι,
845 5368 937 5422 καί
964 5384 1094 5420 ποτε
1119 5365 1262 5420 οὕτω
1290 5368 1504 5437 κρίνας,
1536 5366 1612 5429 ὡς
1645 5362 1783 5420 οἶδεν

234 5460 428 5519 ἐκεῖνος
446 5459 666 5515 διαιτῶν
695 5457 939 5511 εὐθετεῖν
976 5458 1073 5511 καὶ
1098 5458 1404 5526 οἰκονομεῖν
1438 5455 1785 5527 ἀποκαθιστᾷ

236 5548 346 5610 τοῖς
376 5549 727 5616 μαρτυρικοῖς
754 5547 973 5616 σώμασι
1001 5546 1063 5599 τὸ
1092 5545 1442 5616 ἐκχεόμενον,
1466 5548 1558 5598 καὶ
1581 5545 1613 5616 ἢ
1651 5546 1787 5616 πρὸς

242 5642 418 5705 καιρὸν
444 5638 523 5709 (τὸ
547 5639 780 5709 καινὴν),
832 5637 866 5708 ἢ
901 5639 997 5690 καὶ
1032 5637 1115 5696 εἰς
1143 5635 1362 5688 αἰώνιον
1409 5634 1489 5704 (τὸ
1537 5635 1789 5688 καινότα-

234 5731 368 5799 sem)-
398 5732 425 5786 ὃ
446 5733 510 5804 δὴ
544 5733 621 5805 τῷ
656 5733 911 5804 ἡμετέρῳ
949 5733 1184 5802 μάλιστα
1216 5730 1517 5800 ἐπιπρέπει
1546 5730 1789 5799 μάρτυρι

243 5828 777 5899 ῒαεπραγματευμένῳ
834 5827 969 5896 πρὸς
1013 5824 1148 5879 Θεοῦ
1202 5824 1292 5877 τοῦ
1345 5822 1790 5894 μαρτυρηθέντος

1857 3258 2104 3325 quamde
2132 3255 2301 3310 veteri
2345 3253 2498 3319 juxta
2521 3252 2696 3323 legem
2759 3249 3108 3306 tabernaculo
3154 3249 3433 3316 continge-

1857 3350 1971 3403 bat.
2002 3347 2178 3402 Tuum
2204 3362 2309 3401 non
2336 3354 2418 3400 est
2440 3360 2564 3400 cum
2590 3344 2796 3399 Davide
2816 3341 2971 3398 eﬁ‘ari
3003 3362 3018 3398 :
3052 3359 3072 3383 σ
3138 3341 3270 3408 Quae
3320 3338 3422 3392 uti-

1856 3440 1982 3494 litas
2001 3439 2053 3493 in
2073 3437 2332 3508 sanguine
2351 3451 2493 3500 meo,
2518 3436 2640 3505 quia
2665 3449 2771 3490 non
2791 3433 3042 3490 descendi
3062 3433 3116 3487 in
3130 3429 3437 3500 corruptio-

1856 3532 2064 3586 nem?»
2115 3529 2499 3602 Unusquisque
2551 3530 2698 3585 enim
2738 3542 2882 3583 exeo
2934 3526 3193 3590 hauriat;
3247 3525 3434 3578 dicen-

1862 3624 1985 3678 dum
2025 3639 2128 3679 non
2159 3631 2243 3679 est
2278 3640 2293 3677 :
2329 3624 2380 3677 in
2403 3636 2513 3691 quo
2567 3621 2857 3676 utilitatem
2902 3619 3210 3690 percipiens
3241 3615 3436 3670 melior

1860 3712 2065 3777 evadit,
2097 3725 2260 3767 carne
2280 3718 2334 3765 et
2359 3711 2622 3778 sanguine
2650 3709 3042 3773 sanctiﬁcatus,
3078 3707 3188 3761 vita
3245 3703 3437 3758 melio-

1864 3812 2035 3863 ratus.
2056 3800 2327 3869 accipiens
2346 3814 2509 3854 omne
2537 3800 2679 3868 quod
2706 3798 2914 3853 sentire
2966 3804 3186 3864 oportet
3233 3794 3435 3873 bonum

1862 3894 1968 3949 hoc
1992 3890 2234 3949 invento.
2268 3896 2375 3948 Aut
2399 3906 2519 3961 quae
2546 3892 2613 3944 ad
2635 3904 2772 3957 opus
2803 3888 3126 3958 impotentia
3171 3886 3437 3957 gloriare-

1866 3995 1974 4052 tur,
1992 3984 2083 4041 illo
2110 3993 2168 4039 ut
2200 3985 2272 4038 ita
2324 3983 2498 4038 dicam
2530 3981 2788 4038 defuncto
2818 3980 2960 4050 quod
2987 3988 3245 4033 terrestre
3267 3986 3349 4032 est
3381 3976 3435 4031 in

1867 4089 2126 4150 martyre,
2162 4092 2285 4132 cum
2310 4088 2516 4147 martyr
2544 4091 2647 4130 non
2674 4073 2846 4129 solum
2880 4074 2945 4126 ad
2973 4080 3151 4141 guttas
3180 4068 3439 4126 minimas

1866 4174 1964 4228 sed
1998 4180 2054 4224 et
2089 4169 2155 4224 ad
2179 4184 2370 4224 omnes
2406 4159 2790 4222 miraculorum
2820 4174 3065 4220 vectores
3098 4165 3320 4233 pateat?

1935 4261 2027 4316 2i.
2053 4258 2306 4331 Mysteria
2334 4274 2440 4314 non
2471 4258 2680 4325 leviter,
2717 4259 2809 4312 sed
2869 4256 3117 4326 explicite
3162 4270 3443 4325 exponun-

1868 4359 1959 4407 tur
1992 4354 2058 4406 de
2080 4352 2182 4405 hac
2206 4360 2257 4405 et
2275 4352 2341 4405 de
2363 4361 2561 4405 aeterna
2592 4350 2721 4404 vita.
2745 4346 2925 4413 Unde,
2954 4348 3127 4412 aiunt,
3148 4362 3438 4416 resurgen-

1870 4447 2014 4499 tihns
2040 4444 2362 4513 corporibus
2393 4442 2735 4499 coalescendi
2758 4442 2990 4498 facultas
3013 4457 3121 4511 quo
3145 4457 3250 4496 non
3304 4441 3438 4495 abiit

1805 4520 1847 4573 ί)
1872 4534 2116 4589 alimenti
2149 4531 2417 4587 derivatio
2447 4533 2471 4586 ?
2497 4531 2885 4601 Solvitmartyr
2907 4528 3293 4582 diﬁicultatem.
3330 4526 3441 4600 Un-

1872 4627 1940 4682 de
1957 4627 2108 4692 mibi,
2129 4626 2326 4692 inquit,
2350 4624 2434 4678 hic
2461 4619 2972 4689 viviﬁca‘sanguinis
2997 4618 3222 4673 effusio?
3244 4625 3282 4671 A
3310 4618 3439 4673 Deo.

1878 4718 2081 4773 Exinde
2110 4731 2239 4784 ergo
2259 4722 2313 4768 et
2335 4714 2463 4768 illud
2488 4718 2739 4767 ’seusatus
2763 4706 3066 4778 reputabit:
3096 4728 3114 4760 ι
3145 4708 3300 4763 Viros
3319 4725 3445 4765 san-

1876 4812 2094 4879 guinum
2134 4807 2475 4862 abominatur
2508 4801 2790 4857 Dominus.
2817 4819 2835 4851 ι
2871 4800 3054 4854 Talem
3089 4809 3442 4871 tyrannorum

1878 4910 2112 4972 gentem,
2131 4897 2329 4966 injuste
2342 4893 2654 4963 sanguinem
2689 4891 3046 4946 ell'uudentem
3073 4900 3128 4946 et
3144 4890 3443 4957 praesertim

1864 4988 2348 5058 ‘cumproCbristo
2386 4984 2647 5038 funditur.
2670 4982 2812 5052 Ergo
2854 4983 3057 5036 etistos
3099 4981 3445 5035 ubominatur

1884 5084 2165 5139 Dominus.
2208 5079 2265 5132 Si
2295 5091 2425 5133 vero
2454 5076 2527 5129 ita
2553 5085 2635 5130 est
2665 5112 2680 5136 ,
2717 5072 3031 5141 sanguinem
3065 5086 3276 5141 quoque
3309 5070 3448 5126 cffu-

1882 5190 2000 5230 sum
2026 5172 2280 5230 vindicat.
2329 5177 2382 5223 et
2413 5166 2659 5235 judicans
2694 5180 2844 5220 more
2877 5178 2984 5235 quo
3026 5165 3326 5218 decernens
3376 5165 3447 5216 ita

1876 5277 1945 5323 ut
1975 5279 2120 5322 recte
2149 5266 2462 5334 disponatur
2488 5271 2540 5314 et
2578 5258 2918 5328 providentur
2957 5257 3205 5312 reducem
3249 5264 3451 5326 marty-

1886 5360 1963 5413 ris
1991 5354 2203 5422 corpori
2236 5350 2550 5420 sanguinem
2575 5347 2722 5411 facit,
2749 5347 2862 5401 sive
2886 5346 3220 5415 temporibus
3250 5345 3453 5399 uostris

1888 5446 2056 5519 (quod
2085 5443 2324 5508 mirum),
2361 5441 2475 5495 sive
2499 5436 2718 5493 aeternis
2739 5437 2993 5508 (maxime
3029 5437 3284 5504 mirum);
3311 5434 3453 5502 quod

1890 5549 2134 5596 ttOStrum
2180 5533 2475 5605 prasertim
2521 5530 2676 5584 decet
2729 5537 3020 5597 martyrem
3068 5526 3157 5595 qui
3192 5527 3324 5577 bene
3355 5536 3454 5589 pro

1890 5632 2009 5686 Deo
2027 5633 2279 5697 operatus
2304 5635 2387 5679 est
2414 5632 2468 5677 et
2503 5620 2863 5675 testimonium
2896 5617 3040 5671 dedit
3072 5617 3139 5669 de
3167 5614 3269 5665 vita
3301 5621 3456 5664 mter-

1875 5739 1980 5779 ~na.
2014 5718 2224 5776 Etenim
2260 5724 2430 5772 morte
2465 5716 2754 5766 immunem
2804 5726 2908 5765 non
2943 5708 3137 5761 licebat
3172 5718 3293 5757 esse
3334 5717 3453 5756 eme

1894 5816 1983 5885 qui
2009 5815 2109 5869 sub
2151 5818 2358 5867 natura:
2396 5809 2514 5877 lege
2560 5804 2803 5858 mambat
2828 5839 2843 5867 ,
2885 5813 2990 5868 qua
3031 5805 3080 5850 et
3116 5793 3356 5864 colligari
3404 5799 3459 5847 et
