3888 6238
436 301 534 366 191

1136 310 1566 370 EUSTATHII
1610 313 2016 374 THESSALOT

2124 319 2362 378 IENSIS
2405 321 2455 378 Μ
2472 321 2963 382 ΕΤΒΟΡΟΙᾸΤΕ

3574 322 3678 388 192

335 438 342 444 ’
420 438 580 478 casus
613 425 914 490 constituit,
946 433 997 480 et
1027 433 1187 495 prout
1219 427 1379 479 timor
1424 425 1661 498 fugiendi
1696 429 1838 483 vires
1870 432 1989 485 ade-

2124 436 2321 498 ιεύετο,
2355 436 2475 489 οὔτε
2507 436 2826 507 ἀμεριλαφὴς
2859 437 2958 503 ὕλη
2995 437 3239 502 σκιάζειν
3286 437 3420 511 εἶχε,
3458 443 3677 496 καὶτοῦ

422 528 620 586 Inerat;
654 527 764 573 tum
793 520 943 588 quasi
982 520 1034 572 in
1075 521 1337 574 tumulum
1381 520 1700 576 festinanter
1729 522 1986 578 eﬂ‘ossum

427 619 634 680 setpsos
664 613 1040 667 abStrudentes
1071 620 1124 667 et
1157 621 1340 681 patere
1369 613 1498 680 ipsis
1527 613 1689 666 etiam
1727 621 1989 667 tartarum

427 706 730 772 cupientes.
773 703 994 758 Interim
1044 706 1238 757 adsunt
1289 703 1472 757 alieni.
1504 703 1546 756 0
1581 704 1774 757 mirum
1803 704 1988 767 prodi-

427 796 606 864 giuml
640 795 874 849 tenebrae
903 795 1034 862 ipsis
1073 810 1184 862 pra)
1233 794 1418 848 oculos
1440 796 1904 863 .«perquirentibus
1938 796 1990 849 in

426 898 713 956 tnartyrem
749 888 1111 941 invocantium
1145 886 1414 950 latebras;
1451 885 1558 940 imo
1598 901 1706 939 non
1737 888 1990 950 tenebrat,

427 982 516 1032 sed
559 981 820 1033 aberrans
863 980 1142 1033 oculorum
1193 979 1448 1044 obtutus;
1479 992 1580 1032 nec
1609 979 1772 1032 etiam
1820 979 1950 1032 illud
1978 1021 1993 1046 ,

341 1105 348 1110 -
428 1072 522 1125 sed
556 1080 611 1123 ut
655 1083 781 1140 puto
829 1073 983 1126 nobis
1024 1072 1273 1125 columna
1329 1071 1644 1124 lissurarutn
1697 1071 1996 1141 adimplens

428 1174 738 1227 aperturas,
780 1164 945 1217 latere
973 1172 1172 1217 stratos
1205 1163 1366 1228 fecit,
1405 1172 1460 1220 et
1491 1173 1750 1232 tanquam
1786 1165 1998 1233 lepores

431 1256 557 1324 fuga
613 1257 664 1308 in
709 1267 889 1324 petras
933 1270 992 1309 se
1033 1269 1218 1310 coram
1249 1255 1328 1311 eis
1361 1255 1452 1324 qui
1491 1257 1723 1324 praadam
1757 1255 1999 1325 vestigiis

433 1356 680 1415 premunt
706 1348 1121 1400 abscondentes.
1141 1346 1498 1400 Transierunt
1521 1349 1668 1400 horae
1695 1347 1874 1400 multae
1901 1362 2000 1402 nec

430 1454 591 1492 canes
621 1439 854 1506 praedam
883 1440 1113 1494 assecuti
1145 1448 1294 1493 sunt.
1316 1438 1502 1509 Itaque
1529 1440 1581 1492 in
1611 1453 1808 1492 vanum
1831 1454 2002 1508 equo-

434 1547 552 1585 rum
576 1531 1054 1601 fatigatispedibus
1077 1529 1460 1603 laboraverunt
1480 1533 1533 1584 et
1555 1539 1878 1601 stupuerunt
1897 1533 2002 1587 huc

437 1621 564 1675 illuc
597 1622 986 1691 prospicientes
1016 1636 1030 1673 :
1058 1629 1112 1675 et
1141 1621 1371 1689 amplius
1410 1621 1650 1674 curaturi
1685 1621 2002 1674 videbantur

435 1715 500 1766 de
541 1729 598 1767 re
632 1713 719 1766 illa
747 1722 1048 1768 scrutantes
1080 1711 1364 1776 scrutinio,
1398 1711 1567 1766 donec
1595 1711 1832 1778 ipsorum
1875 1712 1998 1766 inu-

439 1810 559 1861 tiles
587 1823 746 1861 curas
776 1822 989 1860 cessare
1011 1809 1139 1861 fecit
1165 1807 1267 1874 vir,
1294 1809 1347 1860 itt
1367 1806 1614 1860 veritatis
1645 1806 1720 1860 rei
1754 1807 2003 1876 abyssum
2036 1785 2078 1839 Β

435 1900 767 1954 descendens
801 1909 852 1951 et
889 1899 1124 1952 divinum
1173 1913 1293 1953 esse
1339 1897 1641 1965 suspicatus
1683 1898 1826 1967 quod
1860 1898 2008 1952 acci-

437 1990 624 2053 derat;
657 1990 743 2055 qui
783 1989 834 2041 in
868 2003 1061 2042 vanum
1104 1987 1239 2041 dixit
1291 1986 1568 2055 defatigari
1629 1996 2011 2056 persequentes

437 2097 534 2137 eos
563 2095 697 2148 quos
723 2080 981 2148 consequi
1015 2093 1119 2132 non
1147 2077 1368 2142 licebat,
1403 2088 1456 2131 et
1482 2078 2008 2146 incomprehensibi-

440 2174 512 2225 lia
548 2175 810 2238 attingere
851 2171 1135 2225 instantes.
1174 2171 1239 2224 Et
1280 2169 1462 2224 dicere
1509 2169 1736 2234 addidit,
1772 2170 2006 2226 miscens

440 2266 885 2336 philosophia...

2096 527 2204 579 τῶν
2240 526 2616 595 ψηλαφῶντων
2647 529 2823 596 φωτὸς
2870 530 3106 595 ἀπάγειν
3159 530 3220 582 τὸ
3273 532 3681 603 παρεισδυόμε-

2091 609 2207 684 νον)
2227 633 2240 645 ⁸
2268 621 2364 670 καὶ
2392 619 2510 671 οὐδὲ
2533 619 2609 687 τῷ
2641 621 2805 671 παντὶ
2839 619 2932 672 τοῦ
2969 621 3218 690 σώματος
3253 618 3397 692 ετχον
3432 626 3676 694 κρύπτε-

2101 709 2244 762 σθαι.
2319 709 2618 780 ’Λλλ⁹ὄττερ
2657 706 2819 781 εἶχον,
2852 712 3091 776 ἐποίουν,
3123 713 3267 768 καθά
3297 731 3401 766 που
3453 716 3677 769 καὶτῶν

2099 801 2252 865 ζώων
2287 801 2429 865 τινὰ,
2463 799 2564 864 οἷς,
2628 804 2714 854 ὅτε
2783 803 2887 873 θὴρ
2947 802 3315 886 βριαρώτερος
3369 805 3675 875 ἐπιτρέχει,

2100 890 2438 961 κρύπτεσθαι
2476 893 2575 960 τὴν
2607 893 2841 962 κεφαλὴν
2875 894 2970 946 καὶ
2999 893 3169 964 μόνην
3209 895 3441 958 ἔπεισιν,
3475 896 3551 958 ὡς
3576 897 3678 966 ἤδη

2101 986 2195 1039 καὶ
2222 984 2279 1036 τὸ
2311 985 2418 1036 πᾶν
2442 984 2548 1037 τῶν
2587 984 2762 1052 μελῶν
2818 986 3160 1052 ἀφανίζουσι.
3207 985 3446 1038 Τοιαῦτα
3471 987 3583 1054 γὰρ
3616 988 3680 1039 τὰ

2100 1075 2200 1144 τῆς
2233 1075 2536 1145 ἀμηχανίας
2563 1075 2926 1145 βουλεύματα.
2968 1077 3217 1130 Ἔκειντο
3241 1077 3338 1145 μὲν
3367 1073 3461 1130 οὖν
3494 1079 3675 1140 αὐτοὶ,

2100 1168 2350 1239 καθάπερ
2392 1167 2622 1219 ἕκαστον
2681 1169 2713 1236 ἡ
2768 1166 2974 1232 πτῶσις
3030 1168 3384 1238 ἐσχημάτισε,
3419 1169 3516 1221 καὶ
3556 1169 3630 1232 ὡς
3656 1171 3681 1220 ὁ

2104 1259 2266 1328 φόϐος
2313 1259 2690 1330 παραποδίσας
2730 1259 2943 1330 ἔρριψε,
2991 1261 3129 1330 τάχα
3175 1260 3270 1313 καὶ
3301 1259 3374 1323 ὡς
3400 1263 3478 1322 είς
3507 1259 3684 1311 αύτο-

2106 1352 2310 1421 σχέδιον
2371 1353 2541 1419 τάερον
2601 1350 3022 1419 καταχώσαντες
3077 1352 3324 1414 ἑαυτοὺς,
3367 1351 3461 1402 καὶ
3496 1351 3685 1419 χανεῖν

2104 1443 2301 1505 αὐτοὺς
2360 1443 2644 1511 εὐχόμενοι
2701 1442 2792 1494 καὶ
2833 1442 2922 1494 τδν
2977 1443 3279 1512 τάρταρον.
3317 1441 3439 1492 Ἐπὶ
3471 1440 3685 1502 τούτοις

2105 1533 2421 1601 ἐφίστανται
2461 1534 2518 1585 τὸ
2541 1531 2856 1601 ἀλλόφυλον.
2881 1534 2993 1587 Καὶ
3021 1533 3065 1585 ῶ
3089 1534 3184 1586 τοῦ
3219 1533 3510 1604 τεραστίου
3546 1529 3687 1583 Θαύο

2112 1628 2314 1697 ματοςί
2354 1625 2545 1687 σκότος
2575 1627 2760 1688 αὐτοῖς
2784 1627 2891 1695 πρὸ
2917 1619 3214 1695 ὀφθαλμῶν
3245 1628 3384 1678 κατά
3415 1624 3475 1676 τὸ
3509 1623 3694 1693 ψηλα-

2108 1705 2276 1780 τρητὸν
2292 1713 2372 1771 είς
2399 1713 2720 1782 ἀποκρυϐὴν
2748 1713 2855 1765 τῶν
2888 1713 3040 1783 δεδεη
3052 1715 3229 1783 μένων
3259 1712 3352 1766 τοῦ
3380 1712 3690 1786 μάρτυρος

2112 1803 2309 1871 μᾶλλον
2345 1803 2441 1864 μὲν
2474 1802 2570 1856 οὖν
2591 1800 2663 1856 οὒ’
2688 1804 2905 1868 σκότος,
2941 1805 3077 1857 ἀλλά
3112 1805 3419 1874 παρόρασις
3445 1822 3459 1836 ·
3493 1805 3598 1874 ἤδη
3635 1804 3696 1856 δὲ

2110 1897 2229 1950 οὐδὲ
2269 1897 2430 1965 αὕτη,
2465 1897 2598 1950 ἀλλά
2630 1897 2821 1960 στύλός
2870 1916 2973 1961 τις,
3010 1895 3185 1967 οἶμαι,
3229 1899 3459 1968 νεφέλης
3486 1898 3558 1949 τὰ
3591 1898 3698 1967 τῆς

2110 1988 2394 2057 φάραγγος
2426 1990 2760 2056 ἀναπληρῶν
2783 1989 3100 2058 κενώματα,
3120 1990 3406 2044 λανθάνειν
3433 1989 3562 2051 τοὺς
3579 2006 3700 2040 κοι-

2110 2079 2444 2148 ταζομένους
2487 2079 2680 2141 ἐποίει,
2734 2079 2827 2132 καὶ
2877 2075 2965 2134 οἷα
2995 2081 3241 2147 λαγωοὺς
3267 2079 3696 2147 καταφυγόντας

2111 2173 2190 2234 είς
2219 2172 2425 2241 πέτρας
2455 2171 2908 2240 ἀποκρύπτεσθαι
2963 2173 3092 2236 τοὺς
3133 2171 3448 2240 ἰχνευτικῶς
3485 2171 3702 2239 ἐμφυο-

2115 2265 2308 2333 μένους
2330 2265 2532 2327 αύτοῖς.
2577 2262 3055 2334 Ἑξεμετρὴθησαν
3095 2259 3232 2333 ὧραι
3271 2263 3488 2332 συχναὶ,
3522 2264 3621 2314 καὶ
3649 2262 3702 2313 οἱ

443 2363 604 2424 κύνες
633 2363 732 2414 οὐκ
757 2359 903 2432 εῐχον
931 2365 991 2416 τ’)
1017 2363 1348 2433 ζητούμενον
1379 2363 1626 2432 θήραμα.
1678 2359 1789 2414 Kal
1818 2359 2000 2412 τοίνυν
2053 2359 2255 2421 ἱκανῶς
2308 2361 2364 2411 ἐν
2422 2361 2602 2423 κενοῖς
2671 2362 2800 2424 τοὺς
2849 2362 2958 2415 τῶν
3012 2361 3196 2412 ἵππων
3245 2357 3698 2426 κατατρίψαντες

444 2457 948 2525 πόδας,ἀπὲκαμον,
973 2458 1066 2511 καὶ
1096 2457 1390 2526 τεθηπότες
1420 2458 1656 2518 ἵσταντο,
1683 2454 2164 2518 διεκπεταννύντες
2193 2453 2470 2526 πανταχοῦ
2492 2459 2599 2525 τῆς
2653 2457 2769 2508 ἐκεῖ
2811 2458 2913 2526 γῆς
2943 2458 3042 2519 τὰς
3095 2455 3272 2524 ὀψεις.
3326 2454 3436 2506 Καὶ
3499 2453 3702 2521 ὲῲκει-

448 2566 547 2605 σαν
585 2550 815 2620 μελετᾷν
846 2551 1100 2604 ἑπιπλέον
1135 2550 1438 2621 πράγματα
1466 2552 1632 2620 σχεῖν,
1678 2547 2068 2616 ἐξερευνῶντες
2095 2549 2498 2618 ἐξερευνήσεις,
2536 2549 2642 2611 ἕως
2685 2549 2872 2614 αὐτοῖς
2923 2550 3053 2611 τοὺς
3096 2548 3398 2618 ἀνηνύτους
3447 2546 3701 2616 μόχθους

447 2647 687 2700 ἔπαυσεν
719 2648 876 2718 ἀνὴρ,
902 2650 980 2710 είς
1007 2648 1165 2718 βάθος
1195 2646 1290 2700 τοῦ
1316 2649 1414 2716 τῆς
1435 2647 1694 2718 ἀληθείας
1717 2644 2004 2714 προκύψας
2046 2645 2396 2715 πράγματος,
2424 2645 2519 2698 καλ⁸
2565 2645 2708 2698 θεῖον
2741 2641 2880 2698 εῖναι
2937 2645 3386 2714 συννοησάμενος
3446 2643 3509 2694 τὸ
3568 2644 3703 2695 ἐπι-

447 2740 720 2808 προσθοῦν
745 2756 757 2769 ·
789 2739 850 2801 ὃς
879 2741 974 2794 καὶ
1001 2741 1082 2818 είς
1117 2741 1294 2812 μάτην
1325 2741 1537 2804 ἐξεῖπεν
1581 2741 1782 2802 αὐτοὺς
1839 2739 2149 2802 πονεῖσθαι,
2195 2739 2434 2808 ἀκίχητα
2487 2738 2806 2807 διώκοντας,
2861 2740 2956 2794 καὶ
3009 2739 3417 2808 ἀκαταλήπτοις
3456 2737 3701 2791 ἐπιϐάλ-

447 2835 657 2897 λοντας.
695 2836 803 2888 Καὶ
838 2834 1132 2904 προσέθετο
1161 2836 1356 2898 εἰπεῖν,
1380 2836 1732 2906 παραμιγνὺς
1750 2836 1816 2905 τῇ
1855 2834 2142 2905 φιλοσοφίᾳ
2165 2837 2260 2904 τῆς
2299 2873 2315 2889 .
2345 2873 2359 2888 .
2392 2871 2407 2889 .
2433 2872 2448 2887 .
2474 2874 2488 2889 .
2515 2873 2530 2890 .

1815 2973 2013 3027 Desunt
2069 2972 2332 3029 multm...

516 3095 678 3150 29....
701 3093 754 3147 in
788 3092 1159 3146 exsistentiam
1186 3091 1423 3146 materia:
1439 3102 1710 3158 expertem
1731 3099 2014 3146 attenuen-
2043 3097 2088 3153 α

461 3197 550 3242 tur
575 3188 645 3240 ita
676 3194 732 3239 ttt
762 3199 863 3237 non
891 3176 1094 3236 tantum
1130 3183 1231 3251 ipsi
1254 3183 1391 3252 apud
1419 3184 1658 3237 omnium
1688 3183 2012 3254 altissimum

454 3280 622 3334 Deum
649 3279 892 3342 εἰηιάθά
939 3287 989 3329 et
1023 3277 1158 3330 alios
1211 3291 1373 3345 supra
1427 3288 1625 3332 terram
1679 3276 1906 3340 tollant;
1967 3282 2022 3327 et

459 3372 736 3438 hucusque
770 3369 986 3438 quidem
1019 3367 1245 3422 exaltari
1301 3367 1528 3431 faciunt,
1574 3368 1696 3421 dein
1725 3383 1854 3421 vero
1883 3374 1935 3420 et
1962 3365 2016 3418 in

459 3471 600 3516 terra
635 3463 826 3514 iterum
852 3459 1059 3527 absque
1083 3458 1292 3511 delectu
1317 3469 1578 3526 perstare.
1607 3458 1673 3511 Et
1698 3458 1776 3512 sic
1801 3456 2019 3525 quidem

457 3553 550 3622 qui
569 3553 814 3606 tenebras
839 3550 938 3603 [ert
957 3550 1327 3621 (σκοτοφόρος)
1349 3559 1402 3604 et
1430 3552 1572 3606 circa
1598 3552 1769 3619 ipsum
1791 3549 2024 3619 prophe-

441 3654 527 3700 ἰω
544 3654 597 3699 et
616 3644 842 3712 apostoli
865 3651 920 3696 et
938 3643 1346 3711 quibuseunque
1363 3641 1482 3696 aliis
1502 3644 1666 3696 Deum
1681 3641 2023 3709 omnipoten-

452 3748 566 3793 tem
601 3736 1056 3806 cognoscentibus
1089 3736 1314 3791 exaltari
1345 3735 1574 3790 leviores
1607 3737 1832 3805 contigit
1864 3743 1919 3788 et
1953 3735 2020 3788 ad

457 3832 736 3899 superiora
763 3830 1088 3900 promoveri,
1121 3831 1174 3884 in
1206 3840 1466 3899 quantum
1504 3830 1651 3899 ipsos
1679 3829 1897 3883 sustulit
1929 3826 2022 3896 qui

446 3925 515 3979 in
542 3924 774 3978 sublime
803 3922 995 3986 elevat,
1033 3922 1269 3992 gaudent
1326 3921 1738 3988 multiplicatam
1774 3919 2021 3972 videntes

457 4012 915 4079 pulchritudinem
973 4018 1027 4064 et
1060 4011 1255 4066 coelum
1295 4011 1607 4065 hominibus
1653 4011 1916 4078 repletum
1945 4008 2018 4060 ita

461 4103 654 4171 utjam
698 4117 804 4158 non
850 4104 1098 4158 desertus
1159 4103 1329 4156 aether
1381 4102 1628 4167 dicatur;
1683 4115 1790 4168 quo
1843 4091 2022 4153 volatu

462 4195 587 4249 elati
619 4206 875 4260 tanquam
912 4193 1169 4248 cmlicolte
1202 4195 1337 4248 liunt
1362 4207 1460 4260 per
1491 4208 1614 4245 aera
1641 4192 2020 4257 procedentes.

463 4289 518 4343 Si
551 4301 675 4341 vero
705 4298 959 4354 tanquam
994 4286 1148 4354 equis
1189 4283 1514 4339 salutaribus
1559 4282 1789 4335 sublime
1829 4282 2026 4334 tollun-

464 4387 551 4432 tur
576 4377 666 4447 qui
702 4377 1004 4438 solvuntur,
1041 4373 1445 4430 simulexaltari
1483 4372 1586 4426 visi
1611 4387 1730 4423 cum
1779 4372 2022 4426 salvanle

2192 3091 2292 3144 κθ’.
2325 3131 2338 3145 .
2372 3129 2388 3146 .
2445 3129 2460 3145 .
2498 3129 2513 3144 .
2549 3092 2629 3154 είς
2659 3091 2850 3146 ἁῦλίαν
2875 3091 3278 3160 λεπτύνωνται,
3308 3095 3383 3159 ὡς
3416 3097 3490 3166 μὴ
3528 3100 3704 3166 μόνον

2127 3183 2280 3234 αὐτοὶ
2344 3182 2479 3252 πρὸς
2524 3181 2601 3251 τῷ
2654 3183 2917 3237 ἀνωτάτω
2949 3187 3171 3238 πάντων
3204 3185 3325 3256 Θεῷ
3356 3182 3521 3251 εἶναι,
3560 3189 3708 3243 ἀλλά

2131 3275 2222 3326 καὶ
2267 3274 2488 3342 ἐτέρους
2552 3273 2690 3344 ὑπὲρ
2737 3277 2840 3343 γῆς
2898 3277 3220 3345 κουφίζεινο
3281 3281 3372 3333 καὶ
3422 3281 3567 3340 τέως
3600 3283 3709 3350 μὲν

2127 3361 2298 3424 οὕτως
2359 3363 2750 3432 ἁνωςρορεῖσθαι
2807 3369 3002 3431 ποιεῖν,
3065 3364 3184 3420 εἶτα
3220 3368 3279 3422 δὲ
3339 3372 3563 3437 καὶτῆς
3596 3375 3710 3441 γῆς

2127 3453 2281 3515 αὖθις
2309 3453 2557 3513 ἀϐλαϐῶς
2584 3454 2851 3520 γίνεσθαι.
2875 3456 2987 3510 Καὶ
3011 3457 3154 3510 οὕτω
3186 3460 3331 3528 μὲνό
3359 3465 3708 3533 σκοτο·,;όρος

2128 3547 2223 3598 καὶ
2246 3546 2295 3596 οἱ
2320 3546 2456 3612 ἀμφ’
2482 3547 2645 3599 αὑτὸν
2679 3547 2949 3616 προφῆται
2980 3551 3073 3602 καὶ
3093 3549 3400 3611 ἀπόστολοι,
3435 3553 3533 3604 καὶ
3551 3554 3712 3616 ὅσοις

2128 3638 2311 3700 ἀλλοις
2366 3639 2472 3690 τῶν
2528 3639 2744 3692 εἰδότων
2772 3640 2862 3692 τὸν
2902 3640 2994 3692 ἐπὶ
3021 3640 3238 3692 πάντων
3285 3641 3418 3694 Θεὸν
3453 3645 3712 3717 ἀρθῆναι

2131 3730 2352 3798 κούφοις
2405 3730 2709 3798 ἐξεγένετο,
2776 3731 2870 3784 καὶ
2925 3729 3382 3803 μετεωρισθῆναι,
3427 3739 3510 3797 είς
3576 3739 3714 3790 ὅσον

2129 3822 2326 3886 αὐτοὺς
2363 3823 2621 3876 ἀνέλαϐεν
2673 3826 2700 3876 ὁ
2736 3823 2906 3892 ὑψῶν,
2963 3826 3235 3893 χαίρουσι,
3284 3826 3713 3897 πληθυνόμενον

2118 3913 2416 3983 ,βλέποντες
2451 3915 2510 3967 τὸ
2539 3915 2720 3981 καλὸν,
2759 3916 2967 3969 καὶτὸν
2995 3918 3223 3986 οὐρανὸν
3258 3919 3570 3989 ἀνθρώπων
3608 3925 3714 3989 γέ.

2117 4009 2321 4076 Δμοντα,
2367 4007 2442 4069 ὼς
2478 4008 2680 4075 μηκέτι
2735 4009 2948 4077 ἐρήμην
2985 4009 3177 4075 αἰθέρα
3225 4008 3522 4075 λέγεσθαιο
3561 4011 3712 4065 ὅπου

2132 4099 2487 4166 ἀνιπτάμενοι
2528 4098 2658 4151 ὡσεὶ
2695 4100 2789 4151 καί¹
2832 4099 3248 4168 οὕρανοπολῖταί
3269 4116 3420 4162 τινες
3453 4101 3715 4168 γίνονται

2133 4189 2610 4260 αἰθεροὸατοῠντες
2635 4189 2931 4257 ἄνθρωποι.
2975 4192 3035 4242 EE
3067 4192 3124 4244 δὲ
3155 4194 3250 4244 καὶ
3283 4193 3359 4256 ὡς
3393 4195 3486 4245 ἐπὶ
3517 4212 3717 4267 σωτη-

2135 4282 2251 4350 ρίου
2283 4280 2548 4342 ἱππασίας
2579 4281 2995 4348 μεταρσιοῦνται
3029 4284 3075 4334 οἱ
3102 4282 3374 4351 λυόμενοι,
3410 4287 3719 4356 συνέποχοι

2134 4371 2412 4432 δοκοῦντες
2474 4367 2613 4422 εἶναι
2673 4370 2750 4438 τῷ
2812 4371 3060 4440 ρυομένῳ
3116 4372 3374 4441 μάρτυρι,
3433 4372 3572 4426 ἄλλο
3615 4377 3721 4428 καὶ

464 4439 725 4540 martyre,
760 4477 812 4520 et
841 4467 944 4520 hoc
979 4465 1227 4520 mirabile
1256 4463 1398 4516 aliud
1429 4471 1512 4516 est
1546 4462 1598 4514 in
1632 4461 2016 4528 cogitationum

2129 4459 2287 4512 τοῦτο
2320 4459 2647 4527 θαυμάσιον,
2680 4461 2759 4520 είς
2781 4460 3182 4524 φαντασιώσεις
3220 4461 3568 4530 ἀναγόμενον
3597 4483 3722 4517 νοε-

465 4563 616 4630 quasi
641 4558 993 4613 deliramenta
1021 4553 1462 4620 inducens,sicut
1484 4552 1648 4606 multa
1678 4567 1732 4606 et
1761 4550 2024 4620 profunda

469 4653 646 4708 beatis
679 4650 975 4719 antiquitus
1000 4649 1395 4703 inclaruerunt.
1714 4643 1718 4646 ’

537 4744 625 4796 50.
690 4741 889 4794 llnrum
921 4737 1160 4791 omnium
1187 4751 1306 4804 qua:
1338 4735 1700 4789 narrationem
1735 4733 2028 4802 jucundam

475 4835 790 4896 elici-erunt,
821 4831 863 4883 si
895 4832 1200 4885 auditorum
1222 4829 1343 4896 quis
1366 4827 1607 4894 exempla
1633 4827 1807 4893 prisca
1841 4825 1890 4878 in
1928 4839 2028 4878 no-

475 4927 558 4978 bis
583 4923 879 4991 quaesierit,
899 4921 1146 4988 equidem
1172 4935 1274 4972 non
1299 4919 1629 4988 repugnabo.
1652 4916 1822 4985 Longi
1851 4923 2028 4968 autem

469 5018 615 5079 libri,
645 5016 833 5084 quales
859 5014 926 5067 de
957 5015 1075 5066 istis
1101 5030 1128 5067 a
1153 5013 1484 5080 sapientibus
1509 5021 1746 5075 exstant,
1765 5024 1900 5078 opus
1923 5025 2030 5064 non

473 5117 746 5163 amarent.
778 5107 891 5160 Non
952 5108 1094 5158 enim
1150 5115 1363 5172 opcrtet
1419 5105 1642 5172 pulchre
1701 5103 2031 5158 elaboratum

476 5201 699 5254 revolvi.
742 5199 814 5252 De
836 5199 944 5266 jam
975 5197 1135 5250 dictis
1160 5208 1335 5250 autem
1371 5194 1416 5248 si
1457 5196 1656 5249 mentis
1684 5201 1879 5247 nostra:
1903 5195 2035 5248 liber

479 5291 714 5358 repletur
760 5300 814 5343 et
845 5288 1283 5342 enarrationibus
1341 5288 1702 5354 angustiatur,
1751 5286 2034 5355 longitudi-

479 5397 602 5437 nem
630 5392 806 5433 tamen
838 5379 1166 5432 remittimus
1198 5386 1416 5430 cantum
1471 5376 1821 5430 novissimum
1854 5379 1919 5430 ad
1944 5377 2032 5444 ju-

474 5471 806 5526 cunditatem
843 5469 1046 5522 auditui
1077 5469 1444 5522 elaborantes.
1468 5466 1578 5522 Cur
1628 5467 1770 5520 enim
1804 5468 2034 5522 aliorum

475 5559 716 5625 vestigiis
784 5557 1206 5627 ingrederentur,
1235 5558 1452 5627 quando
1511 5558 1776 5612 sermonis
1841 5559 2033 5612 semita

475 5664 585 5702 non
639 5657 785 5702 arcta
838 5651 1193 5722 angustiatur,
1253 5651 1345 5707 sed
1399 5651 1450 5706 in
1492 5649 1657 5705 maris
1696 5649 2031 5704 latitudinem

477 5740 820 5794 extenditur?

2135 4549 2251 4617 ράς,
2280 4552 2462 4603 ὁποῖαι
2495 4552 2584 4602 καὶ
2615 4550 2806 4601 πολλαὶ
2850 4551 2942 4602 καὶ
2981 4551 3207 4618 βαθεῖαι
3244 4554 3358 4614 τοῖς
3394 4553 3570 4606 πάλαι
3608 4574 3721 4624 μα-

2133 4643 2344 4708 καρίοις
2372 4644 2633 4712 ἀνδράσιν
2662 4643 2988 4712 ὲνὲλαμψαν.

2202 4736 2265 4789 λ’.
2307 4735 2523 4789 Τούτων
2551 4737 2828 4799 ἁπάντων,
2864 4737 2898 4790 ἀ
2928 4738 2990 4807 δὴ
3018 4745 3112 4793 καὶ
3146 4742 3305 4811 φύσει
3337 4745 3458 4806 ταῖς
3482 4744 3726 4816 ἀφηγῆ-

2135 4842 2249 4877 σεσι
2283 4829 2702 4894 παρυφαίνεται,
2741 4828 2790 4879 εί
2822 4829 3012 4898 ζητοίη
3061 4848 3148 4895 τις
3171 4833 3279 4884 τῶν
3328 4835 3726 4903 ἀκροωμένων

2134 4919 2226 4971 καὶ
2253 4919 2625 4987 ὑποδείγματα
2657 4919 2724 4972 τά
2752 4921 2959 4974 παλαιὰ
2986 4925 3041 4973 ἐν
3067 4925 3219 4992 ἡμῖν,
3252 4925 3361 4994 ἐγὼ
3387 4927 3490 4995 μὲν
3516 4930 3625 4982 οὐκ
3653 4931 3728 4985 ἂν

2135 5010 2274 5078 τάχα
2326 5010 2576 5078 ὀκνοίηνο
2625 5012 2680 5063 al
2728 5011 2785 5064 δὲ
2842 5015 3048 5083 μακραὶ
3091 5014 3282 5084 βίϐλοι,
3325 5019 3445 5070 ὅσαι
3481 5023 3621 5090 περὶ
3653 5025 3730 5077 τὰ

2136 5100 2360 5153 τοιαῦτα
2401 5104 2512 5164 τοῖς
2567 5106 2752 5172 σοφοῖς
2781 5102 3222 5174 ἐκπεφώνηνται,
3257 5109 3355 5160 οὐκ
3400 5108 3466 5161 ἂν
3501 5113 3730 5180 φιλοῖεν

2136 5193 2198 5244 τὸ
2227 5191 2411 5262 ἔργον.
2439 5195 2514 5244 Οὐ
2543 5194 2651 5262 γὰρ
2676 5195 2778 5264 χρὴ
2804 5196 2864 5247 τὸ
2894 5195 3072 5259 καλῶς
3104 5198 3559 5268 ἐκπεπονημένον
3585 5206 3732 5258 ἀνα.

2137 5285 2340 5336 πολεῖν.
2366 5283 2484 5335 Τῶν
2507 5285 2563 5336 δέ
2603 5302 2666 5352 γε
2703 5270 3037 5355 προσφάτων
3069 5289 3116 5339 εί
3149 5289 3243 5340 καὶ
3283 5290 3343 5341 τὸ
3389 5292 3491 5359 τῆς
3530 5294 3734 5367 ψυχῆς

2141 5375 2342 5444 βιϐλίον
2369 5377 2498 5444 ἡμῖν
2527 5376 2798 5444 πέπληθε,
2841 5378 2931 5429 καὶ
2966 5381 3078 5440 τοῖς
3107 5377 3443 5449 διηγήμασιν
3492 5385 3733 5442 ἐστενο-

2138 5451 2408 5533 χώρηται,
2470 5464 2604 5516 ἀλλά
2654 5467 2714 5517 τὸ
2767 5467 2944 5534 μῆκος
3002 5467 3465 5538 ὗποστελλὸμεθα,
3526 5475 3733 5544 ἀοιδὴν

2140 5554 2463 5624 καινοτάτην
2497 5556 2574 5616 εἰς
2600 5555 2796 5624 τέρψιν
2827 5558 3015 5618 ἀκοαῖς
3060 5561 3618 5630 πραγματευόμενοι,
3660 5571 3735 5621 Τί

2141 5644 2247 5712 γὰρ
2276 5645 2384 5704 ταῖς
2430 5643 2634 5713 ἐτέρων
2692 5646 3086 5714 ἀκολουθητέον
3122 5649 3346 5718 ἴχνεσιν,
3382 5651 3513 5704 ἔνθα
3545 5655 3576 5721 ἡ
3622 5660 3731 5709 τοῦ

2143 5734 2298 5800 λόγου
2326 5735 2487 5803 τριϐὴ
2547 5738 2646 5789 ούκ
2701 5739 3131 5810 ἐστενοχώρηται
3161 5742 3234 5803 ὡς
3296 5745 3375 5804 είς
3407 5745 3735 5807 ἀτραπιτὸν

2155 5829 2362 5897 τρίϐου,
2393 5828 2506 5882 ἀλλ’
2540 5830 2610 5894 ὡς
2635 5833 2713 5896 είς
2745 5832 2974 5902 πέλαγος
3013 5833 3276 5892 πεδιάδων
3309 5835 3632 5908 εὐρύνεται.
