3916 6244
463 292 568 361 199
1211 291 1629 352 EUbTA'l‘lIll
1671 287 2426 348 TIIESSALONICENSlS
2448 289 2601 348 MET
2617 289 3018 348 ROPOLszE
3275 320 3277 323 -
3593 289 3696 352 200

460 416 666 462 tantum
699 421 920 462 aversos
945 405 1168 459 viriliter
1195 400 1526 471 aggreditur.
1559 397 2006 463 Quemadmodum

2186 403 2281 467 μὲν
2314 401 2644 468 ἐμηχαιᾶτο,
2681 402 2735 450 ἐν
2760 401 3039 466 χαμερπεῖ
3067 397 3187 464 ζώῃ
3235 398 3580 468 κὰταρῤίψαι
3609 401 3696 450 τὸν

458 499 600 551 enim
628 498 856 567 quisque
881 512 986 551 non
1021 496 1256 558 alienum
1281 508 1309 546 a
1348 501 1540 544 n..tura
1583 489 1711 542 illttd
1746 488 2004 541 observat,

2150 491 2296 554 ὕτως
2327 492 2575 561 οὐράνιον
2598 506 2610 519 ·
2665 492 2692 544 ὁ
2737 491 2793 543 δὲ
2830 490 3099 555 κατεγέλα
3144 489 3243 558 τῆς
3287 491 3561 558 μηχανῆς,
3595 493 3642 542 εἰ
3671 493 3696 543 ὁ

459 589 540 643 sic
571 592 838 660 parvitate
871 603 964 643 sua
979 603 1100 642 cum
1120 587 1238 655 ipso
1265 582 1582 638 consocium
1607 578 1807 632 animal
1840 579 2005 632 bellua

2157 581 2371 652 οσοῦτος
2421 579 2560 634 εἶναι
2592 581 2762 633 δοκῶν
2811 581 2953 632 οὕτω
2992 582 3287 650 μικροφυεῖ
3333 578 3458 645 ζώῳ
3493 583 3699 648 ἐμφαν-

458 696 648 751 tnagua
684 681 784 734 sibi
809 679 1072 734 devinxit.
1105 676 1325 729 Nullum
1377 673 1520 727 enim
1580 669 1796 738 scorpio
1830 683 1896 723 ex
1936 671 2004 721 fa-

2149 674 2364 737 ἅζεται,
2397 675 2489 725 καὶ
2524 674 2584 726 τὸ
2629 673 2685 738 ἐξ
2717 673 2884 740 ὖψους
2921 673 3250 724 καταπεσεῖν
3274 672 3332 721 ὲν
3369 672 3443 740 τῷ
3473 672 3695 740 ἕρποντι

457 774 541 827 cie
561 781 616 825 et
643 787 738 826 ore
770 778 1155 825 nocumentum
1177 767 1362 825 mittit.
1383 765 1475 819 sed
1495 773 1735 818 extrema
1758 762 1812 814 in
1846 762 2003 815 cauda

2147 765 2472 831 ῑιαδεικνυσι,
2506 767 2599 817 καὶ
2631 766 2692 818 τὸ
2730 764 3031 835 μικροφυὲς
3057 764 3114 816 δὲ
3144 763 3289 815 οὓτω
3323 764 3693 832 παρεμφαίνει

455 863 746 931 sepositum
777 870 952 930 gestat
994 871 1276 913 venenum.
1330 855 1394 908 Et
1421 854 1630 909 daemon
1677 862 1858 921 aperta
1899 851 2001 918 qui-

2153 857 2216 924 ἧς
2264 855 2569 924 δυνάμεως,
2628 858 2725 908 καὶ
2761 856 2821 909 τὸ
2851 857 2926 925 μὴ
2979 855 3122 925 ἔχειν
3158 856 3415 924 βλάπτειν
3449 856 3574 916 τοὺς
3605 853 3695 906 τοῦ

456 958 576 1010 dem
608 955 955 1008 consiliorum
992 962 1038 1005 et
1073 959 1129 1000 nt
1170 949 1240 1000 ita
1273 946 1446 1000 dicam
1472 958 1596 998 ante
1617 943 1804 997 oculos
1829 951 1880 995 ct
1907 956 2002 1010 pro

2151 945 2257 1002 Ρεοῦ
2287 948 2367 1008 εἰς
2393 947 2633 1016 ἐμφανὲς
2665 949 2758 999 καὶ
2788 948 2814 1000 ὅ
2853 965 2981 1014 φασι
3013 947 3154 1000 κατὰ
3184 946 3383 1013 στόμα,
3426 945 3568 998 ἀλλὰ
3589 947 3697 1006 τοῖς

453 1046 626 1114 palum
660 1045 957 1111 ejuculatur
979 1040 1174 1093 malum
1199 1038 1346 1114 nullo
1374 1037 1529 1091 modo
1547 1050 1655 1103 prae
1678 1049 1735 1088 se
1767 1033 1993 1088 ferentia

2147 1039 2346 1091 ιπισθεν
2394 1039 2801 1106 ἀνδριζόμενον.
2845 1038 2932 1102 Ὠς
2978 1044 3085 1106 γὰρ
3119 1041 3182 1093 ἄν
3211 1058 3298 1102 τις
3331 1041 3432 1092 οὐκ
3459 1039 3567 1102 ἔξω
3601 1036 3693 1088 τοῦ

456 1138 566 1188 luet:
603 1135 891 1203 voluptatis
915 1148 1018 1200 qua
1044 1131 1454 1202 permulcentur
1473 1128 1720 1198 plerique
1745 1137 2002 1193 unguenti

2148 1131 2435 1200 τροσφυοῦς
2469 1133 2563 1184 καὶ
2599 1131 2756 1184 τοῦτο
2788 1133 3226 1201 κατασκέψηται,
3267 1134 3362 1184 καὶ
3396 1133 3470 1195 ὡς
3506 1130 3694 1199 ὁμοιό-

454 1229 682 1287 liniens;
717 1237 860 1279 retro
893 1239 1017 1276 vero
1044 1227 1178 1280 etab
1215 1223 1406 1276 ultimo
1449 1219 1740 1289 perniciem
1795 1217 1895 1270 fert
1963 1217 2000 1269 it

2153 1219 2259 1288 ητά
2287 1237 2408 1272 τινα
2440 1220 2611 1280 σῶζον
2641 1221 2778 1290 πρὸς
2808 1222 2970 1274 αὑτὸν
3009 1225 3036 1275 ὁ
3071 1225 3245 1290 μέγας
3272 1223 3375 1292 θὴρ
3409 1223 3470 1274 τὸ
3497 1239 3697 1290 συγγε-

453 1317 648 1371 inferni
667 1316 910 1380 decipulo
932 1315 1310 1373 involvenleut,
1347 1309 1727 1377 simplicioretn
1753 1321 1999 1375 quemqut

2152 1310 2210 1372 ὲς·
2251 1309 2408 1361 τοῦτο
2457 1309 2644 1379 θηρίον
2678 1310 3014 1363 ὠκειώσατο.
3075 1313 3345 1381 Σκορπίος
3405 1329 3464 1363 τε
3491 1313 3602 1380 γὰρ
3634 1313 3695 1363 ὲκ

455 1425 482 1460 a
516 1409 784 1472 principio
817 1407 1094 1471 inducens,
1145 1405 1500 1471 timoremque
1544 1401 1748 1462 celans,
1797 1401 1848 1451 in
1899 1399 2001 1452 line

2151 1400 2222 1454 ὦν
2251 1400 2368 1452 κατ’
2393 1400 2516 1470 ὄψιν
2549 1403 2642 1453 καὶ
2673 1405 2810 1453 κατὰ
2838 1403 3009 1470 στόμα
3039 1403 3232 1470 βλάϐος
3254 1404 3404 1455 οὐδὲν
3435 1404 3697 1471 προΐσχε-

454 1514 584 1551 νιιτο
611 1499 732 1550 dolo
757 1498 949 1550 bellico
975 1497 1146 1551 victor
1175 1496 1240 1548 ad
1275 1495 1682 1556 unaetationem,
1708 1506 1813 1544 non
1834 1490 2000 1543 lucta-

2152 1509 2228 1557 αι,
2285 1492 2402 1544 ἀλλ’
2440 1493 2595 1562 ἄκρῳ
2657 1494 2734 1561 τῷ
2778 1495 2984 1564 οὐραίῳ
3021 1496 3394 1564 ἐγκαθήμενον
3447 1495 3605 1562 φέρει
3637 1493 3694 1544 τδ

459 1587 696 1639 tionibus
752 1587 981 1640 obversa
1046 1587 1244 1648 fronte,
1306 1583 1400 1638 sed
1455 1591 1512 1636 ut
1564 1583 1763 1636 dixerit
1817 1579 2005 1648 aliquis

2156 1583 2438 1650 ανάσιμον.
2475 1584 2582 1636 Καὶ
2610 1586 2636 1636 ὁ
2661 1585 2870 1654 δαίμων
2902 1590 2970 1639 τὰ
3001 1588 3099 1654 μὲν
3126 1587 3434 1657 προάγοντα
3458 1585 3567 1636 τῶν
3594 1585 3695 1636 αύ-

455 1681 641 1734 (ῖειιιάαδ
667 1697 854 1749 opera.
2119 1672 2212 1725 τοῦ
2244 1674 2628 1744 βουλευμάτων
2659 1679 2753 1728 καὶ
2796 1677 2870 1738 ὼς
2911 1680 3084 1729 εἰπεῖν
3117 1678 3224 1746 πρὸ
3253 1674 3557 1743 ὀφθαλμῶν
3597 1679 3694 1731 καὶ

457 1775 689 1843 πρόσθια
718 1775 1106 1844 προϐέϐληται,
1138 1774 1304 1828 κακὸν
1343 1771 1496 1826 οὐδέν
1543 1789 1595 1825 τι
1627 1769 2018 1839 προφαίνοντα,
2042 1765 2208 1836 χρίων
2259 1768 2398 1820 αὐτὰ
2426 1768 2503 1838 τῷ
2532 1769 2811 1838 φαρμάκῳ
2866 1770 2964 1836 τῆς
3015 1769 3232 1838 ἡδονῆς,
3285 1768 3375 1834 ὑφ’
3409 1761 3478 1836 ἦς
3528 1766 3697 1819 κολα-

453 1869 728 1936 κευὸμεθα
757 1871 806 1921 οἱ
835 1869 1056 1922 πολλοί-
1093 1870 1162 1922 τά
1191 1869 1244 1922 δὲ
1283 1869 1511 1922 κατόπιν
1549 1868 1641 1922 καὶ
1673 1865 1877 1935 ἔσχατα
1903 1862 2121 1931 ὀλέθρια
2147 1861 2324 1932 φέρει,
2369 1863 2464 1916 καὶ
2519 1864 2597 1925 εἰς
2655 1865 2932 1933 πέταυρον
2979 1861 3104 1933 ᾅδου
3169 1863 3502 1929 κατάγοντα,
3553 1862 3698 1913 ὐπα-

454 1963 682 2030 γὸμενος
722 1963 820 2031 μὲν
848 1964 904 2013 ὲν
931 1964 1178 2031 καταρχῇ
1211 1961 1302 2014 τὸν
1331 1959 1722 2029 ἁπλούστερον,
1779 1955 1872 2008 καὶ
1927 1954 2285 2020 ἐπικρύπτων
2334 1956 2426 2009 τὸν
2477 1955 2665 2024 φόϐον,
2723 1955 2826 2024 τῶ
2857 1958 2912 2008 δὲ
2963 1957 3294 2010 τελευτῶντι
3373 1959 3469 2012 καὶ
3515 1973 3697 2010 κατα·

455 2054 778 2124 στρατηγῶν
812 2057 892 2116 εἰς
919 2055 1098 2122 φόνον,
1154 2055 1214 2106 οὐ
1239 2056 1360 2116 ταῖς
1414 2053 1722 2124 προμάχοις
1755 2047 2154 2120 ρᾳδιουργίαις,
2189 2049 2327 2112 ἀλλ’,
2353 2051 2427 2112 ὡς
2462 2049 2527 2103 ἄν
2555 2067 2639 2113 τις
2669 2049 2820 2122 εἴπῃ,
2851 2048 2928 2118 τῷ
2965 2051 3338 2120 οὐραγήματι.

525 2151 613 2201 56.
671 2149 792 2201 llaec
833 2149 1061 2203 suﬁiciat
1086 2150 1306 2204 dixisse.
1341 2123 1521 2204 Βοιῖιεί
1549 2161 1674 2202 vero
1703 2145 1908 2200 erroris
1925 2159 2013 2197 ar-
2046 2150 2071 2204 ΙΞ

2185 2143 2294 2208 λς’.
2329 2147 2436 2199 Καὶ
2467 2146 2624 2200 τοῦτο
2654 2148 2752 2216 μὲν
2781 2147 2924 2199 οὕτω
2955 2145 3272 2215 πεπορίσθω
3305 2148 3462 2216 ἡμῖν.
3492 2146 3602 2201 Τοῦ
3629 2147 3691 2204 δδ

454 2238 614 2292 tificis
629 2238 850 2294 estillud
863 2241 1136 2308 saphisma
1149 2240 1303 2293 vanis
1321 2238 1644 2304 imaginibus
1658 2234 2000 2290 dissimulare

2142 2235 2212 2304 ἧς
2242 2236 2444 2306 πλάνης
2469 2238 2643 2292 δολίου
2678 2237 2902 2305 εὑρετοῦ
2938 2238 3156 2290 κάκεῖνο
3181 2240 3520 2304 σοφιστικὸν,
3559 2243 3688 2292 ἐπι-

455 2329 771 2383 insidiarum
799 2345 927 2384 vero
955 2331 1219 2384 actionem
1251 2331 1561 2400 persuasive
1587 2339 1822 2389 struere,
1855 2334 1911 2380 et
1929 2339 1992 2379 ve

2146 2327 2376 2398 ιρύπτειν
2407 2331 2504 2398 μὲν
2531 2329 2590 2384 τὸ
2635 2331 2811 2384 δοκεῖν
2857 2331 3322 2400 φαντασιοκοπεῖν
3343 2373 3358 2393 ,
3392 2330 3692 2384 ἑθέλειν⁶δδ

455 2425 634 2478 ritatis
663 2425 900 2493 speciem
924 2433 1220 2478 ostentare.
1247 2423 1380 2478 Nam
1415 2437 1551 2476 vano
1589 2435 1777 2475 errore
1811 2426 2001 2472 metum

2146 2420 2357 2483 πιθανῶς
2386 2421 2528 2490 ἔχειν
2555 2421 2653 2491 τὴν
2685 2423 2886 2492 σκηνὴν
2920 2425 3020 2491 τῆς
3067 2421 3384 2490 ἐπιϐουλῆς,
3421 2423 3517 2474 καὶ
3542 2441 3692 2492 παρ-

454 2517 620 2578 ciere,
678 2530 780 2568 non
821 2525 1000 2569 autem
1047 2514 1322 2568 infirmum
1381 2513 1618 2567 animum
1679 2507 2000 2578 stupefecert

2143 2511 2376 2580 ιυγάζειν
2423 2513 2483 2566 τὸ
2526 2513 2748 2584 ἀληθές.
2781 2515 3059 2568 Φαντάται
3099 2514 3197 2581 μὲν
3231 2515 3341 2582 γὰρ
3373 2515 3466 2566 τὸν
3495 2514 3689 2581 φόϐον,

455 2606 616 2658 valet.
653 2603 866 2659 Judicat
897 2606 1038 2658 enim
1073 2620 1226 2659 mens
1259 2621 1364 2659 non
1395 2603 1540 2658 inani
1604 2602 1838 2656 ludibrio
1871 2601 2001 2653 veri-

2148 2601 2165 2654 ἰ
2189 2603 2282 2654 καὶ
2311 2601 2481 2671 μέγας
2513 2603 2737 2666 ἐκεῖνος,
2758 2604 2818 2656 ού
2852 2604 2988 2656 πάνυ
3013 2620 3064 2656 τι
3094 2604 3207 2673 ἔχει
3235 2605 3506 2671 ἔκπληξιν
3535 2607 3691 2673 παρά

457 2706 622 2751 tatem
654 2699 966 2751 convenire.
1008 2697 1160 2762 Quod
1187 2711 1312 2750 vero
1341 2695 1496 2764 juxta
1531 2693 1816 2749 veritatem
1857 2690 2003 2745 terri'

2146 2711 2177 2746 ἐ
2215 2693 2292 2760 τῷ
2318 2693 2600 2762 φρονοῦντι
2655 2694 2871 2760 στερεά.
2929 2694 3118 2765 Κρίνει
3162 2694 3270 2763 γὰρ
3318 2696 3350 2762 ἡ
3404 2694 3573 2764 ψυχὴ,
3614 2696 3692 2766 μὴ

452 2789 582 2854 bile,
613 2789 736 2844 licet
771 2792 822 2843 in
860 2803 1020 2856 parva
1059 2803 1116 2842 re
1142 2787 1430 2852 offeratur,
1463 2785 1724 2854 majorem
1757 2785 1998 2838 timoren‘

2151 2785 2432 2854 υμϐαίνειν
2456 2787 2554 2852 τὴν
2577 2785 2838 2857 ἀλήθειαν
2871 2784 2950 2856 τῷ
2983 2787 3349 2854 φαντάσματι.
3373 2787 3446 2839 Τὸ
3467 2786 3522 2839 δὲ
3558 2788 3695 2855 πρὸς

452 2893 712 2951 provocat
773 2881 912 2948 apud
966 2895 1210 2934 veraces.
1261 2880 1388 2934 Ideo
1421 2878 1713 2932 draconem
1751 2885 1998 2944 apparere

2141 2877 2374 2947 ιλήθειαν
2416 2877 2680 2948 φοϐερὸν,
2733 2882 2780 2934 εἰ
2816 2879 2911 2934 καὶ
2963 2881 3046 2942 εἰς
3083 2878 3279 2950 μικρόν
3301 2895 3354 2932 τι
3384 2878 3687 2950 ἐξαίρεται,

455 2987 562 3025 non
603 2971 730 3026 fecit
760 2971 1068 3024 illusionum
1097 2979 1310 3033 auctor,
1334 2968 1515 3037 qualia
1575 2968 1740 3019 multa
1785 2965 1837 3017 in
1882 2963 2001 3015 alio:

2146 2967 2252 3022 λλὰ
2275 2967 2463 3038 μεῖζον
2500 2969 2561 3022 τὸ
2597 2971 2761 3038 δεῖμα
2799 2970 3187 3040 προϐάλλεται,
3223 2964 3304 3033 οἷς
3339 2969 3400 3022 τὸ
3435 2965 3582 3024 εἶναι
3619 2972 3692 3040 μὴ

455 3062 716 3115 incitarit.
747 3060 860 3114 Non
888 3062 1031 3113 enim
1069 3062 1267 3114 tnalum
1293 3058 1666 3120 vernaculum,
1692 3070 1868 3122 eoque
1893 3054 2001 3122 ipsc

2141 3060 2292 3129 πάντη
2317 3059 2589 3128 ψεύδεται.
2637 3062 2727 3114 Διὸ
2751 3061 3020 3132 δράκοντα
3075 3063 3174 3132 μὲν
3204 3062 3265 3116 οὗ
3300 3064 3625 3134 παρέφηνεν
3659 3067 3687 3116 ὁ

454 3154 626 3208 oculis
652 3152 965 3221 phantasma
991 3152 1280 3205 videretur.
1312 3149 1422 3205 Nec
1453 3151 1658 3203 leonem
1696 3157 1790 3201 aut
1822 3146 2000 3200 simile

2148 3152 2224 3206 ὦν
2255 3153 2568 3222 φαντασιῶν
2617 3154 2887 3224 τεχνίτης,
2919 3157 3080 3209 ὁποῖα
3113 3157 3208 3210 καὶ
3251 3155 3485 3210 τοιαῦτα
3516 3158 3694 3212 πολλὰ

455 3245 652 3300 animal
686 3246 737 3298 in
771 3243 1010 3311 praelium
1042 3244 1190 3296 misit
1215 3241 1325 3310 (ubi
1349 3243 1492 3296 enim
1523 3240 1672 3309 sylva
1743 3251 1863 3307 quae
1917 3237 2001 3290 be-

2147 3263 2174 3298 ν
2194 3244 2373 3308 ἄλλοις
2418 3247 2772 3316 ἐχορήγησεν.
2795 3246 2870 3299 Οὐ
2902 3247 3010 3317 γὰρ
3043 3247 3109 3301 ἂν
3138 3247 3286 3312 ἔδοξε
3315 3247 3375 3301 τὸ
3407 3249 3580 3302 κακὸν
3610 3249 3693 3301 έν-

454 3339 587 3392 stias
607 3347 841 3406 tegatac
867 3336 1082 3402 detegat
1138 3334 1205 3405 ?);
1233 3333 1577 3403 scorpionem
1623 3345 1752 3386 vero
1809 3331 1990 3386 anima

2149 3354 2300 3398 οπον,
2332 3337 2703 3391 ἀλλ”αύτόθεν
2751 3339 3120 3406 φαντασιῶδες
3167 3338 3431 3410 ἠλέγχετο
3485 3341 3548 3393 τὸ
3595 3341 3692 3408 τῆς

456 3428 653 3484 talibus
680 3429 881 3482 locisut
900 3427 1188 3496 plurimum
1215 3426 1444 3490 sopitum
1471 3434 1523 3478 et
1557 3423 1841 3488 nutritum,
1872 3422 2002 3476 unde

2145 3427 2313 3497 ψεως.
2363 3429 2496 3482 Οὐδὲ
2539 3429 2643 3499 μὴν
2687 3429 2901 3495 λέοντα,
2931 3430 2966 3500 ἦ
3010 3448 3062 3483 τι
3095 3431 3356 3494 τοιοῦτον,
3403 3432 3691 3499 ἐπαφῆκεν

454 3537 560 3575 non
618 3521 726 3572 falli
777 3535 836 3574 se
890 3520 1152 3584 credidit,
1203 3517 1294 3572 sed
1358 3516 1504 3585 juxta
1566 3515 1848 3568 veritatem
1905 3527 2000 3566 ma-

2150 3476 2195 3581 ἔς
2217 3518 2448 3586 πόλεμον
2473 3476 2612 3586 (πδῠ⁸
2628 3520 2734 3590 γὰρ
2765 3476 3099 3591 ἐκείνλόιχμη,
3125 3521 3194 3573 τὰ
3218 3476 3400 3574 τοιάδε
3426 3476 3690 3590 καζιτκρύ-

455 3613 564 3666 lum
598 3611 872 3665 inducere.
903 3611 963 3664 At
996 3611 1039 3665 si
1071 3609 1263 3662 animal
1285 3624 1392 3662 non
1442 3615 1525 3660 est
1566 3619 1840 3675 magnum,
1895 3618 1996 3659 nec

2145 3628 2324 3665 πουσα
2355 3612 2460 3663 καὶ
2494 3611 2820 3680 ἐκφαίνουσα
2847 3613 2885 3680 ς)
2933 3613 3194 3683 σκορπίον
3222 3613 3301 3675 δὲ,
3337 3613 3511 3667 κακὸν
3533 3614 3691 3666 αὐθι-

456 3718 554 3772 pro
589 3719 682 3757 sua
707 3712 892 3755 natura
914 3700 1206 3762 terrefacit,
1231 3698 1324 3752 sed
1381 3697 1536 3750 nobis
1569 3709 1886 3764 persuasum
1919 3709 2002 3748 es-

2151 3705 2288 3768 ενὲς,
2319 3705 2411 3757 καὶ
2435 3704 2697 3765 τοιούτοις
2723 3705 2796 3768 ὡς
2828 3705 2896 3758 τὰ
2935 3706 3105 3762 πολλὰ
3131 3708 3316 3768 τόποις
3347 3707 3695 3776 ἐγκαταδαρ-

455 3804 538 3849 set
555 3803 738 3846 contra
758 3802 1000 3845 naturam
1027 3791 1154 3844 illud
1169 3790 1221 3843 in
1239 3800 1499 3842 tumorem
1515 3788 1781 3856 degenera
1792 3800 1869 3846 re.
1895 3793 2001 3836 tan-

2141 3795 2273 3848 νάνον
2301 3794 2395 3848 καὶ
2423 3797 2844 3865 ὲκτρεφόμενον,
2877 3796 3000 3850 ὅθεν
3023 3796 3144 3850 οὐδὲ
3175 3798 3478 3866 φαντάζειν
3507 3798 3687 3851 δοκεῖν

453 3899 614 3953 quam
640 3883 916 3936 immundo
947 3869 1161 3950 plenum
1186 3879 1400 3948 spiritu,
1433 3887 1488 3930 et
1529 3891 1783 3929 manuum
1831 3876 1999 3928 instar

2135 3888 2385 3955 ινόμισεν,
2414 3885 2527 3938 ἀλλ’
2558 3885 2904 3953 έξεπεξάγειν
2937 3888 2997 3940 τὸ
3023 3889 3195 3941 κακὸν
3224 3888 3361 3958 πρὸς
3390 3889 3681 3957 ἀλήθειαν.

455 3977 733 4044 longarum
764 3974 1073 4038 intorquere
1102 3969 1356 4038 forcipes,
1380 3968 1521 4038 quod
1549 3967 1741 4034 aliquis
1767 3968 1834 4021 de
1869 3966 2001 4020 alius

2149 3978 2178 4031 ιι
2205 3978 2261 4030 δὲ
2295 3975 2452 4042 φύσει
2473 3976 2531 4030 τὸ
2561 3976 2698 4041 ζῶον
2734 3977 2796 4030 οὐ
2828 3978 3190 4048 μεγαλοφυὲς,
3227 3978 3348 4032 οὐδὲ
3382 3972 3498 4031 οἷον
3549 3980 3695 4050 ἔχειν

456 4063 828 4119 similitudinis
883 4061 1104 4115 animali
1147 4062 1512 4127 excogitaret,
1593 4057 1819 4124 pedibus
1879 4071 2002 4110 vero

2150 4069 2364 4137 κφοϐεἰν
2386 4067 2477 4120 τὸν
2520 4069 2574 4122 ὲν
2606 4069 2908 4122 καθεστῶτι
2937 4069 3191 4135 μένοντα,
3221 4069 3334 4122 ἀλλ’
3367 4068 3523 4122 ἐστιν
3561 4072 3696 4138 ἡμῖν

456 4157 709 4224 utrinque
741 4168 901 4223 supra
937 4163 1246 4206 mensuram
1298 4158 1570 4203 arrectum
1618 4158 1674 4203 et
1712 4163 1855 4216 saepe
1902 4163 2002 4200 am-

2150 4159 2493 4213 »αντάσασθαι
2545 4159 2695 4230 παρὰ
2751 4158 2913 4226 φύσιν
2955 4162 3163 4213 ἐκεῖνον
3215 4160 3550 4226 διεστηκότα
3611 4162 3696 4221 εἰς

459 4248 649 4301 bulans
674 4253 729 4300 et
758 4258 1025 4312 pugnans,
1057 4241 1303 4294 aculeum
1331 4255 1460 4294 vero
1497 4239 2005 4293 vibranssultratno-

2150 4267 2366 4322 γκωμα,
2409 4246 2500 4304 οἷα
2528 4253 2620 4304 καὶ
2673 4251 2965 4322 ἀκαθάρτῳ
3016 4252 3338 4321 φυσώμενον
3388 4251 3696 4320 πνεύματι,

457 4338 583 4392 dum
615 4335 827 4404 longum
846 4332 1084 4401 jaeulutn
1121 4333 1188 4385 ad
1244 4330 1726 4384 tretnefacieudutn
1793 4339 2003 4384 contor-

2195 4345 2209 4394 ι
2237 4344 2423 4413 χεῖρας
2475 4341 2574 4411 μὲν
2607 4341 2797 4411 ὥσπερ
2833 4342 3055 4411 μακρὰς
3088 4342 3542 4412 προϐεϐλημένον
3595 4344 3700 4405 τὰς
3726 4388 3741 4413 ,,

456 4445 654 4500 quens.
693 4403 757 4483 Et
787 4427 920 4481 illud
988 4425 1418 4496 promptuarium
1457 4435 1579 4497 erat
1635 4427 1831 4480 veneni
1872 4425 2002 4496 quod

2189 4403 2361 4498 λᾶξξδ
2404 4403 2574 4505 δήπις
2605 4435 2698 4487 καὶ
2728 4403 3048 4504 ιέτιίτέραξ
3067 4403 3388 4502 ὁμοιότητος
3435 4433 3587 4496 {dion
3625 4403 3735 4506 dy

458 4517 848 4576 titesauriz'avit
910 4516 962 4570 in
991 4516 1122 4570 letlti
1173 4515 1398 4568 divitias
1439 4515 1634 4577 bellua,
1666 4523 1721 4568 et
1751 4525 2004 4584 quantum

2155 4529 2242 4582 :siv
2273 4528 2582 4594 ὲσοφίσατο,
2602 4529 2725 4596 ,τοῖς
2749 4527 2806 4578 δὲ
2842 4525 3178 4594 ἑκατέρωθεν
3201 4528 3358 4578 ποσὶν
3390 4526 3701 4594 ἐξηρμένον

455 4613 666 4668 ammon
699 4607 1014 4679 prbpalavit,
1052 4608 1253 4660 malum
1293 4606 1432 4660 malo
1487 4607 1808 4662 'cumulans.
1871 4605 2001 4660 Con«

2157 4617 2263 4688 ιέρα
2288 4617 2380 4671 τοῦ
2423 4617 2672 4687 μετρίου.
2721 4619 2816 4670 καὶ
2848 4619 3025 4670 πυκνὰ
3059 4616 3334 4685 βαίνοντα,
3358 4618 3452 4668 καὶ
3485 4615 3703 4683 ἐναγὼδ

456 4705 635 4760 festim
667 4713 722 4758 et
756 4701 921 4756 colori
955 4699 1284 4754 horrendum
1318 4698 1590 4768 quoddam
1627 4698 1919 4754 immiscuit
1945 4697 2002 4751 cit

2157 4725 2230 4760 ιον
2262 4707 2471 4771 θέοντα,
2510 4708 2719 4774 ἠρκότα
2740 4707 2796 4760 δὲ
2829 4708 2922 4759 καὶ
2955 4708 3015 4760 τὸ
3042 4707 3268 4776 κέντρον
3300 4706 3441 4775 ὑπὲρ
3469 4707 3500 4759 ὅ
3535 4708 3703 4774 φύσις

458 4811 654 4850 nereus
688 4796 947 4862 nigerque
977 4791 1149 4856 color,
1169 4789 1364 4858 quibus
1388 4790 1514 4844 talia
1543 4789 1798 4843 animalia
1823 4788 2004 4843 distin-

2155 4794 2255 4861 ἴδε,
2283 4798 2378 4851 καὶ
2400 4798 2475 4860 ὡς
2500 4793 2590 4852 οἷά
2613 4815 2732 4850 τινα
2763 4798 3022 4864 αἱγανέαν
3052 4798 3186 4867 πρὸς
3217 4798 3525 4867 ὲκφόϐησιν
3557 4799 3701 4852 ἀνα-

456 4895 708 4956 guuntur,
736 4899 790 4940 et
827 4886 881 4938 in
928 4885 1066 4939 alios
1097 4883 1514 4950 variegabatur;
1568 4891 1627 4936 ut
1673 4890 1729 4936 et
1785 4882 2002 4935 chamae-

2161 4888 2358 4941 είοντα.
2392 4889 2500 4942 Καὶ
2537 4884 2603 4958 ἦν
2631 4890 2806 4941 ἐκεῖνο
2848 4891 3074 4957 ταμεῖον
3123 4889 3443 4957 φαρμάκου,
3477 4890 3612 4942 ὅσον
3645 4908 3707 4942 τε

459 4980 656 5033 leontis
688 4978 859 5031 instar
890 4975 1066 5045 ignavi
1100 4989 1340 5043 praeceps
1389 4983 1592 5038 rueret,
1641 4989 1764 5028 cum
1825 4983 2005 5044 astan-

2180 4980 2283 5050 θὴρ
2308 4978 2660 5049 ὲθησαύριζεν
2684 4980 2761 5042 εἰς
2783 4979 3004 5049 ὀλέθρου
3039 4979 3196 5033 ὄλϐον
3225 4982 3289 5032 ἐκ
3320 4979 3565 5047 φύσεως,
3598 4985 3705 5035 καὶ

460 5073 594 5124 tium
635 5078 876 5135 stupore.
913 5069 984 5119 Ita
1008 5081 1067 5119 se
1097 5081 1184 5120 res
1206 5065 1454 5130 habebat,
1487 5081 1606 5120 cum
1653 5065 1870 5118 athletae
1903 5077 2006 5117 ma-

2162 5088 2242 5124 τον
2291 5072 2319 5124 ὁ
2355 5071 2563 5140 δαίμων
2595 5073 2903 5140 ὲπωχέτευε
2927 5112 2942 5136 ,
2983 5073 3151 5124 κακὸν
3177 5072 3333 5138 κακῷ
3364 5089 3708 5142 προσεπιτυ-

460 5178 562 5217 nus
598 5160 960 5214 venerandum
996 5158 1257 5212 contorsit
1293 5157 1453 5210 telum
1507 5166 1562 5212 et
1612 5157 1844 5224 amplius
1910 5171 2006 5211 non

2163 5164 2255 5226 είς.
2281 5163 2434 5232 Τάχα
2456 5163 2513 5214 δὲ
2541 5166 2634 5215 καὶ
2665 5165 2741 5230 τῷ
2774 5163 3024 5232 χρώματι
3059 5163 3289 5233 φοϐερόν
3309 5180 3362 5216 τι
3395 5165 3709 5233 ὲπέφριττε

459 5261 648 5313 erant;
683 5263 804 5304 nam
829 5250 917 5317 qui
964 5247 1236 5302 amaverat
1262 5247 1489 5318 aufugit,
1525 5248 1669 5317 quod
1697 5260 1823 5302 vero
1858 5247 2005 5306 afllaa

2165 5257 2215 5308 αὶ
2238 5257 2271 5323 ἡ
2298 5256 2391 5308 τοῦ
2418 5255 2618 5334 τεφροῦ
2649 5255 2743 5308 καὶ
2777 5254 3005 5324 μέλανος
3037 5255 3193 5323 χρόα,
3217 5254 3285 5306 δι’
3313 5249 3386 5308 ὧν
3411 5257 3482 5306 τὰ
3517 5257 3711 5308 τοιαῦ-

465 5354 574 5397 tum
604 5343 780 5397 fuerat
807 5343 1055 5396 exanime
1082 5341 1316 5408 jacebat.
1343 5339 1409 5394 Et
1439 5341 1745 5395 communis
1792 5339 2010 5409 quidem

2168 5361 2192 5396 tt.
2213 5340 2328 5406 ζῶα
2353 5343 2619 5412 χρώζεται
2643 5361 2657 5374 ·
2685 5344 2780 5396 καὶ
2807 5345 2886 5406 εἰς
2916 5344 3108 5411 ἑτέρας
3129 5343 3513 5412 φαντασιωδώς
3546 5346 3714 5412 eam.

463 5438 718 5492 inimicus
744 5450 921 5490 coram
951 5451 1010 5489 se
1042 5434 1132 5488 teli
1167 5435 1285 5489 loco
1319 5433 1551 5488 bestiam
1592 5435 1864 5486 inventam
1895 5431 2009 5485 insi-

2167 5435 2370 5499 ὶττετο,
2400 5435 2486 5496 ἵνα
2512 5436 2604 5486 καὶ
2647 5434 2722 5496 ὡς
2756 5435 2836 5495 εἰς
2883 5435 3329 5504 χαμαιλεόντειον
3359 5435 3592 5498 ἀγεννὲς
3628 5437 3713 5507 ῥέ-

465 5531 678 5599 pienter
710 5527 962 5595 sumpsit,
1001 5525 1511 5592 fortitudinemque,
1545 5533 1604 5576 ut
1631 5524 1803 5587 aiunt,
1866 5537 2011 5577 suam

2165 5541 2332 5590 ιτοιτο,
2358 5520 2437 5588 οἷς
2465 5524 2640 5578 ἐδόκει
2676 5526 2818 5594 μέγα
2849 5543 2900 5577 τι
2935 5526 3126 5582 ποιεῖν.
3153 5523 3334 5579 Ἶισαν
3363 5523 3564 5588 ταῦτα,
3600 5527 3711 5589 ἓως

463 5620 695 5673 vibrabit
727 5618 1065 5673 deiicientem
1087 5620 1140 5670 in
1174 5615 1548 5672 adversarium
1578 5625 1891 5685 martyrem.
1921 5615 2009 5681 Qu?

2190 5615 2454 5686 ἀθλητικὴ
2487 5617 2606 5685 χεὶρ
2637 5618 2885 5686 ἐπαφῆκε
2913 5617 2975 5669 τὸ
3015 5615 3342 5686 τιμιώτατον
3374 5617 3525 5686 βέλος
3551 5633 3568 5647 ο
3612 5619 3712 5670 καὶ

471 5719 649 5768 autem
677 5709 801 5764 hinc
847 5718 899 5762 et
958 5709 1082 5760 inde
1115 5705 1309 5759 iterum
1345 5714 1507 5772 atque
1564 5703 1756 5757 iterum
1817 5719 2017 5773 organo

2167 5709 2195 5760 b
2245 5707 2430 5762 λοιπὸν
2459 5708 2636 5761 οὐκέτ’
2660 5704 2822 5777 ἦσαν.
2865 5709 3003 5762 Ἀλλ’
3042 5711 3070 5762 ὁ
3103 5709 3200 5776 μὲν
3231 5708 3414 5778 φυσῶν
3469 5707 3710 5776 ἔφευγε,
