3888 6238
403 320 519 381 2m

1129 309 1552 381 EUSTATUII
1593 314 2343 383 TIIESSALGNICENSIS
2386 325 2948 389 ME'i‘ROPOLlT.-E

3559 340 3665 402 2θῆ

403 429 546 484 enim
563 427 739 498 qualis
772 426 1007 482 futuram
1036 429 1187 499 juxta
1221 433 1426 483 lirmam
1461 445 1610 496 spem
1657 445 1964 483 remunera-

2077 447 2166 498 χαι
2191 431 2280 483 τὸν
2305 431 2564 502 ἀθλητὴν,
2609 435 2702 488 τοῦ
2734 439 3076 508 μαρτυρικοῦ
3127 445 3662 518 καταναιδευόμεκ-αι

403 523 600 577 tionem
634 521 1010 576 metiebantur.
1039 523 1142 588 Qui
1173 530 1360 576 contra
1389 522 1734 590 incorporcos
1753 523 1974 591 Spiritus

403 613 594 667 fortem
624 627 684 668 se
716 614 888 683 gessit
921 621 973 666 et
1013 628 1110 681 pro
1139 614 1594 669 immaterialibus
1632 630 1691 668 se
1722 630 1975 670 exercueo

401 715 504 769 rat,
532 707 683 760 carni
716 715 769 760 et
792 705 1044 774 sanguini
1075 721 1297 774 parcere
1330 707 1583 761 nescivit.
1623 708 1800 762 Voluit
1832 723 1973 761 mar-

401 805 483 865 tyr
517 806 690 848 torum
721 796 857 851 adeo
884 794 1088 851 lanceis
1112 797 1317 851 lirmari
1347 812 1568 866 corpus,
1601 809 1661 854 ut
1683 807 1970 869 pertotum

398 887 876 956 Christistigmata
915 890 1347 957 portaret;quia
1408 905 1534 944 vero
1588 906 1692 944 non
1754 891 1970 958 accidit,

401 985 624 1045 propter
664 979 1002 1034 Dominicam
1040 981 1402 1036 imitationem
1436 984 1502 1037 de
1566 985 1802 1037 laterum
1829 1000 1971 1052 pun-

399 1072 674 1124 ctionibus
711 1072 1002 1140 gaudebat,
1043 1080 1375 1142 gratumque
1400 1077 1636 1129 ducebat
1657 1078 1701 1130 si
1735 1076 1972 1146 discipu-

405 1163 487 1215 lus
514 1164 809 1217 secnmlnm
844 1165 1192 1233 magistrum,
1253 1175 1306 1220 et
1349 1170 1644 1223 secundum
1683 1169 1970 1226 Dominum

400 1269 598 1307 servus
633 1253 806 1307 ﬁeret.
851 1252 1096 1314 Gratiam
1118 1270 1176 1309 se
1205 1256 1403 1311 debere
1429 1257 1703 1313 fatebatur
1729 1263 1970 1317 monenti

397 1345 616 1401 Nestori
657 1354 711 1399 et
751 1348 1088 1415 tyrannicam
1137 1347 1272 1402 iram
1331 1351 1500 1419 magis
1548 1354 1861 1411 inccndenti
1917 1364 1976 1410 et

402 1439 628 1491 reditum
666 1435 731 1488 ad
771 1436 937 1510 licunt
969 1437 1313 1492 acceleranti.
1341 1439 1376 1489 Α
1405 1455 1516 1507 quo
1538 1442 1825 1512 magisterii
1845 1459 1974 1512 pre-

397 1535 530 1585 tium
549 1538 704 1600 grato
723 1535 902 1585 animo
917 1531 1116 1585 lanceis
1133 1530 1456 1588 metiebatur
1475 1535 1674 1601 gratias
1705 1536 1976 1606 :discipli-

397 1637 478 1674 na:
507 1627 992 1679 remunerationem
1025 1625 1300 1692 plagarum
1336 1637 1561 1676 numero
1580 1634 1856 1694 acceptam
1885 1641 1974 1682 re-

397 1712 538 1766 tulit.
597 1715 652 1768 Si
712 1730 847 1770 vero.
888 1718 1267 1782 moriebatur,
1307 1715 1538 1771 ﬁrmiter
1595 1731 1970 1786 perseverans,

2074 523 2328 589 αἵματος.
2373 526 2724 597 Ἀντεμέτρει
2756 530 2865 600 γὰρ
2901 534 3023 594 ταῖς
3047 533 3260 599 όδύιαος
3297 538 3396 609 τὴν
3435 542 3496 594 ἐν
3527 558 3659 594 στα-

2074 611 2258 680 θεραῖς
2286 615 2497 668 ἐλπίσιν
2528 617 2844 671 ἀπόλαυσιν.
2879 618 2939 675 '0
2961 625 3097 674 κατὰ
3127 628 3452 692 πνευμάτων
3485 631 3659 699 ἀσάρ-

2077 720 2189 757 κων
2229 706 2645 775 ἁνδρισάμενος,
2690 713 2782 762 καὶ
2809 711 2884 774 ὡς
2914 713 2996 776 εἰς
3040 715 3236 768 ἀῦλίαν
3269 721 3658 789 ἑκπονησάμε-

2073 812 2162 858 νος
2197 796 2413 863 ἑαυτὸν,
2445 801 2544 852 οὐκ
2568 797 2681 870 εἶχε
2712 803 2914 872 σαρκὸς
2949 805 3045 857 καὶ
3066 806 3297 876 αἵματος
3345 811 3656 878 φείδεσθαι.

2077 888 2306 942 Ἦθελεν
2354 892 2382 944 6
2433 892 2642 962 μάρτυς
2701 899 2794 950 καὶ
2833 898 2892 951 τὸ
2944 900 3052 952 πᾶν
3089 901 3249 969 σῶμα
3302 906 3667 973 πυκασθῆναι

2073 977 2295 1050 λόγχαις
2329 983 2627 1050 τοιαύταις,
2673 989 2748 1050 ὠς
2777 988 2840 1040 ἂν
2867 991 3042 1044 διόλου
3075 996 3233 1062 φέροι
3273 996 3339 1047 τὰ
3392 999 3487 1050 τοῦ
3517 1001 3660 1068 Χρι-

2075 1071 2197 1125 στοῦ
2231 1074 2536 1142 στέγματα’
2587 1077 2667 1130 ὅτι
2720 1079 2777 1131 δὲ
2817 1080 2918 1134 οὐκ
2947 1082 3180 1150 ἐγίνετο,
3228 1087 3411 1157 ἔχαιρε
3448 1090 3528 1160 τῷ
3558 1092 3651 1144 δε-

2074 1165 2314 1236 σποτικῷ
2341 1170 2620 1237 μιμήματι
2671 1175 2782 1233 τοῖς
2821 1175 2959 1228 κατὰ
2989 1177 3227 1248 πλευρᾶς
3255 1181 3520 1250 νύγμασι,
3550 1188 3650 1238 καὶ

2073 1257 2361 1328 ἀγαπητὸν
2396 1260 2602 1327 ἔλεγεν,
2633 1264 2682 1315 εἰ
2713 1265 2740 1316 6
2761 1266 3011 1337 μαθητὴς
3033 1272 3173 1323 κατά
3193 1274 3281 1323 τὸν
3308 1275 3658 1342 διδάσκαλον,

2074 1350 2168 1414 καὶ
2221 1352 2494 1424 δοὶκέτης
2526 1357 2668 1408 κατὰ
2723 1358 2812 1409 τὸν
2857 1361 3121 1427 δεσπότην
3169 1365 3418 1436 γένηται.
3472 1370 3655 1440 Χάριν

2073 1442 2342 1511 ὡμολόγει
2370 1446 2447 1516 τῷ
2497 1452 2985 1520 καταμεμηνυκότι
3017 1453 3272 1526 Νέστορι,
3298 1461 3390 1510 καὶ
3429 1460 3520 1513 τὸν
3555 1479 3657 1515 τυ-

2077 1534 2327 1602 ραννικὸν
2378 1537 2458 1598 εὶς
2519 1537 2680 1590 πλέον
2711 1537 2884 1606 θυμὸν
2936 1543 3305 1614 ὑπανάψαντι,
3355 1551 3451 1603 καὶ
3478 1553 3656 1622 ταχύ-

2073 1642 2220 1678 ναντι
2267 1624 2364 1693 τὴν
2398 1627 2483 1691 εἰς
2518 1628 2651 1682 Θεὸν
2675 1631 2955 1689 ἀνάλυσιν.
3013 1634 3119 1688 Καὶ
3166 1636 3424 1709 δίδακτρα
3475 1643 3659 1696 ταῦτα

2077 1719 2213 1787 πρὸς
2261 1719 2469 1774 ἐκείνου
2524 1721 2711 1776 λαϐεῖν
2775 1725 3212 1796 ἀνθωμολογεῖτο
3260 1731 3468 1786 πολλοῦ
3498 1715 3654 1799 ἀξια.

394 1807 585 1861 eratci
621 1808 886 1862 bonorum
936 1817 1120 1877 caput.
1191 1810 1427 1864 Omnino
1468 1812 1694 1879 optabat
1748 1823 1964 1864 servum

2083 1807 2337 1898 Ἑμέτρει
2358 1813 2479 1875 ταῖς
2506 1813 2730 1884 λόγχαις
2758 1817 2858 1880 τὰς
2884 1819 3117 1889 χάριτας
3138 1839 3153 1850 ·
3183 1823 3409 1894 ἠρίθμει
3432 1826 3528 1890 τὰς
3555 1831 3656 1898 τῆς

397 1895 630 1965 Lupum,
673 1915 782 1954 non
816 1900 884 1954 de
917 1902 1142 1955 servitio
1209 1903 1262 1954 in
1320 1903 1429 1956 vita
1479 1901 1824 1968 erubescere,
1867 1902 1960 1957 sed

396 1990 592 2044 annua:
623 1991 884 2045 salutaria
911 2006 1240 2046 conservare
1270 1993 1516 2046 consilia.
1541 1991 1604 2045 Et
1635 1992 1962 2047 desiderium

393 2082 619 2148 atlcplus
643 2091 746 2146 est,
769 2092 825 2139 et
852 2091 1079 2138 secutus
1107 2091 1190 2137 est
1221 2082 1366 2137 sicut
1395 2090 1450 2138 et
1510 2083 1600 2137 ille
1633 2082 1962 2138 initiatorem

393 2176 696 2242 Nestorem,
732 2187 791 2232 ut
819 2176 1097 2232 dominum
1132 2191 1347 2241 servus,
1382 2177 1454 2230 ita
1495 2183 1556 2229 ut
1591 2191 1696 2230 non
1733 2178 1970 2232 morien-

393 2278 493 2332 tes,
523 2269 619 2321 sed
645 2268 824 2335 potius
859 2268 909 2321 in
942 2283 1135 2323 novam
1163 2277 1219 2322 et
1243 2268 1631 2336 sempiternam
1664 2269 1828 2322 vitam
1880 2269 1962 2322 vi-

393 2372 502 2412 tam
535 2359 794 2423 ordinati,
819 2358 1052 2412 invicem
1083 2357 1474 2427 relinquerent,
1506 2363 1600 2415 sed
1633 2360 1684 2414 in
1714 2359 1966 2429 paradiso

397 2449 1140 2520 uuababitantespulehram
1171 2451 1536 2505 conditionem
1591 2467 1694 2506 non
1746 2466 1967 2521 respue-

399 2554 518 2596 rent
557 2544 694 2596 inter
721 2541 1046 2612 discipulum
1103 2552 1160 2597 et
1192 2543 1530 2610 magistrum,
1586 2546 1729 2598 inter
1783 2544 1955 2598 Servi-

396 2635 526 2688 t-iuin
547 2643 602 2688 et
628 2635 1130 2690 duminantem'non
1145 2637 1551 2700 erubescerent;
1575 2638 1680 2690 imo
1715 2644 1773 2689 ut
1791 2636 1966 2690 disce-

395 2725 611 2794 rentqui
633 2733 864 2779 mentem
880 2726 947 2778 ad
965 2723 1146 2778 divina
1161 2725 1456 2794 applicant,
1471 2729 1769 2796 sapientem
1791 2728 1965 2782 virum

392 2833 494 2871 non
532 2817 710 2872 socios
746 2816 850 2873 sibi
889 2816 1184 2886 adiungere
1216 2817 1508 2872 dissimiles
1538 2828 1627 2871 aut
1662 2819 1818 2874 aliter
1850 2819 1967 2874 illos

390 2913 455 2962 ad
493 2910 791 2964 amicitiam
815 2909 1064 2963 allicere.
1086 2910 1355 2962 Demetrio
1380 2925 1510 2976 ergo
1556 2911 1616 2962 in
1638 2910 1743 2964 Deo
1797 2913 1961 2965 amici

389 3011 544 3056 erant
575 3011 628 3054 et
651 3001 846 3056 Nestor
891 3009 947 3053 et
982 3013 1174 3054 servus
1218 2997 1420 3065 Lupus,
1473 3001 1653 3068 itaque
1703 3002 1842 3056 idem
1903 3004 1969 3058 ad

389 3094 558 3148 Deum
615 3092 954 3147 curriculum
995 3098 1376 3160 percurrentes
1423 3091 1658 3145 stadium
1728 3094 1966 3160 victores

2068 1896 2365 1969 μαθήσεως
2407 1903 2646 1972 ἀμοιϐἀς
2699 1907 2820 1969 ταῖς
2861 1909 3118 1978 πληγαῖς.
3151 1914 3211 1965 El
3255 1914 3312 1967 δὲ
3343 1918 3438 1968 καὶ
3468 1896 3661 1984 θάνοι,

2078 1992 2476 2062 καρτερώτατα
2529 1996 2850 2066 ἐπιμείνας,
2903 2001 3040 2055 ἀλλά
3069 2004 3213 2058 τοῦτ’
3239 2001 3307 2078 ἦν
3358 2010 3507 2080 αὑτῷ
3542 2013 3658 2064 τῶν

2067 2082 2292 2150 ἀγαθῶν
2321 2084 2383 2138 τὸ
2409 2087 2728 2156 κεφάλαιον.
2757 2090 2976 2156 Ιιῦξατο
3005 2095 3242 2162 πάντως,
3270 2103 3364 2153 καὶ
3393 2101 3485 2155 τὸν
3527 2103 3655 2156 δοῦ-

2065 2175 2160 2229 λον
2190 2176 2406 2230 Λοῦπον
2449 2179 2526 2251 μὴ
2553 2183 2919 2252 καταισχῦναι
2954 2186 3020 2240 τά
3053 2189 3116 2241 ἐν
3141 2189 3242 2258 βίῳ
3277 2191 3656 2264 δουλεύματα,

2064 2265 2202 2320 ἀλλά
2231 2271 2474 2323 σωστικά
2499 2270 2682 2344 ψυχῆς
2731 2275 3098 2332 ἀναλαϐέσθαι
3133 2281 3496 2354 βουλεύματα.
3534 2289 3654 2342 Καὶ

2069 2362 2445 2434 συνεπεράνθη
2495 2367 2594 2419 καὶ
2623 2367 2859 2422 ἐνταῦθα
2881 2371 2951 2424 τά
2997 2371 3098 2442 τῆς
3139 2375 3329 2446 εὐχῆς,
3369 2382 3464 2434 καὶ
3514 2383 3653 2448 ἡκο-

2064 2452 2353 2524 λούθηκεν,
2393 2455 2586 2528 ὥσπερ
2614 2460 2779 2524 αὐτὸς
2833 2463 2912 2532 τῷ
2967 2464 3147 2538 μύστῃ
3200 2468 3458 2540 Νέατορι,
3499 2472 3662 2527 οὕτω

2067 2544 2165 2596 καὶ
2209 2546 2417 2611 ἐκεῖνος
2445 2547 2526 2618 τῷ
2577 2549 2930 2616 δεσπόζοντι·
2985 2557 3062 2620 ὥς
3088 2558 3155 2611 ἂν
3202 2561 3336 2630 μηδὲ
3369 2561 3648 2626 θανόντες.

2072 2636 2271 2705 μᾶλλον
2313 2639 2411 2707 μὲν
2437 2635 2532 2694 οὖν
2566 2643 2647 2706 εἰς
2677 2647 3001 2716 καινοτέραν
3034 2651 3465 2721 μεταταξάμενοι
3499 2655 3658 2725 ζωὴν

2071 2727 2165 2818 καλ.
2209 2729 2538 2800 ἀπέραντον,
2594 2734 2840 2806 ἀλλήλων
2888 2738 3182 2806 λείποιντο,
3223 2745 3340 2798 ἀλλ’
3377 2748 3436 2799 ὲν
3467 2765 3654 2818 παρω-

2069 2817 2248 2872 δεισου
2281 2824 2767 2893 συσκηνωσάμενοι
2795 2826 2948 2896 τόπῳ
2998 2832 3098 2899 τὴν
3136 2833 3306 2902 καλὴν
3341 2835 3531 2905 σχέσιν
3556 2817 3662 2908 μὴ,
3713 2833 3728 2844 ’

2071 2912 2524 2982 καταισχύναιεν,
2571 2918 2672 2989 τήν
2696 2918 2799 2987 τῆς
2835 2922 3137 2990 μαθητείας
3176 2927 3204 2978 6
3233 2926 3658 2996 διδασκόμενος,

2069 3003 2168 3071 τὴν
2191 3003 2292 3072 τῆς
2311 3004 2555 3071 δουλείας
2585 3010 2613 3061 6
2661 3009 3086 3084 δεσποζόμενος·
3146 3017 3237 3070 καὶ.
3273 3019 3508 3087 μάθοιεν
3551 3026 3651 3074 καὶ

2072 3094 2323 3149 ἐντεῦθεν
2369 3099 2419 3151 οἱ
2454 3100 2545 3153 τὸν
2573 3100 2700 3154 νοῦν
2758 3105 2894 3174 πρὸς
2921 3109 3034 3171 τοῖς
3073 3108 3238 3172 θείοις
3286 3111 3524 3180 ἔχοντες,
3559 3115 3648 3167 ὅτι

389 3185 759 3248 absolverunt,
793 3184 945 3255 cujus
1007 3181 1130 3236 linis
1166 3183 1275 3236 vita
1356 3181 1408 3236 in
1465 3184 1715 3252 paradiso
1773 3199 1964 3240 eonso.

2071 3186 2356 3252 σπουδαῖος
2384 3189 2520 3261 ἀνὴρ
2553 3193 2653 3246 οὐκ
2693 3193 2760 3247 ἂν
2796 3162 2923 3261 τοὺς
2956 3200 3242 3270 ἀνομοίους
3293 3162 3654 3274 ειζροσετάιρῖο

389 3276 555 3329 ciata.
867 3364 891 3366 Η
2067 3276 2232 3342 ξοιτον
2272 3279 2307 3348 ἢ
2355 3281 2528 3357 ἄλλως
2558 3283 2681 3352 ἄγοι
2733 3285 2801 3340 ἂν
2841 3290 2977 3358 πρὸς
3019 3290 3310 3345 οἱκεὶωσιν.
3341 3295 3661 3366 Δημητρίῳ.

387 3371 516 3440 γοῦν
548 3370 813 3439 θεοφιλεῖς
862 3364 1005 3440 ἦσαν
1050 3367 1200 3422 καὶὸ
1261 3368 1481 3438 ἑταῖρος
1530 3367 1759 3439 Νέστωρ
1808 3370 1904 3422 καὶ
1932 3369 2176 3437 δδοῦλος
2230 3373 2464 3444 Λοῦπος,
2491 3378 2571 3432 διὸ
2631 3384 2726 3434 καὶ
2778 3385 2978 3438 ταυτὸν
3031 3388 3203 3456 πέρας
3249 3388 3430 3453 αὐτοῖς
3477 3364 3648 3463 ἐξέϐη

387 3463 485 3518 τοῦ
511 3465 651 3519 κατά
721 3465 852 3518 Θεὸν
915 3463 1147 3534 δρόμου,
1206 3461 1267 3514 τὸ
1322 3462 1540 3515 στάδιον
1594 3465 1892 3532 νικητικῶς.
1941 3463 2284 3538 ἐξανύσασιν,
2339 3464 2402 3525 οὗ
2451 3475 2772 3547 κατάντημα
2835 3481 2866 3549 ἡ
2922 3482 2979 3533 ἐν
3037 3484 3346 3554 παραδείσῳ
3395 3461 3647 3555 συμϐίωξ

388 3574 499 3620 σις.

455 3653 545 3707 40.
579 3653 635 3708 Si
665 3667 794 3706 vero
824 3652 1083 3722 prodigiis
1109 3652 1442 3723 discipulum,
1466 3663 1520 3708 et
1553 3667 1782 3708 senium
1815 3668 1963 3723 pra:-

386 3745 566 3799 stabat
589 3742 818 3809 athleta,
843 3744 1174 3798 abundantia
1199 3745 1379 3798 invita
1403 3743 1644 3797 omnium
1675 3743 1964 3809 bonorum,

384 3839 464 3892 sic
493 3845 546 3891 et
579 3846 700 3907 post
733 3837 1055 3907 martyrium
1107 3836 1488 3892 miraculormn
1541 3851 1668 3889 caro
1700 3835 1964 3890 honorata

385 3941 465 3987 est
495 3941 548 3986 et
577 3932 798 4002 sanguis
824 3931 913 3986 cui
948 3932 1344 3986 incrementum
1377 3941 1500 4001 post
1530 3941 1752 3984 externa
1789 3931 1963 3984 nutri-

388 4035 570 4077 menta
601 4023 812 4076 abunde
839 4024 1022 4076 datum
1061 4029 1165 4085 est,
1198 4037 1422 4090 regnum
1461 4020 1553 4074 Dei
1589 4034 1698 4074 non
1731 4019 1958 4074 haeredi-

389 4117 600 4169 Iabunt.
625 4115 764 4170 Caro
794 4125 972 4168 autem
1003 4115 1264 4184 martyrio
1291 4115 1490 4168 laniata
1517 4125 1735 4183 prapter
1763 4114 1956 4180 Deum,

385 4218 437 4260 et
461 4208 680 4276 sanguis
715 4221 870 4274 aqua:
901 4205 1074 4259 instar
1109 4206 1240 4272 ipsis
1297 4220 1362 4260 ex
1403 4207 1620 4260 ossi-bus
1655 4205 1876 4270 etinsus;
1903 4216 1960 4258 ut

386 4313 505 4351 cum
542 4299 826 4352 Psalmista
857 4299 1048 4359 dicam,
1085 4299 1198 4366 ipsa
1228 4309 1281 4352 et
1325 4299 1480 4351 beata
1526 4298 1836 4351 haereditate
1861 4313 1960 4366 po-

389 4385 686 4448 tiebantur,
723 4395 777 4440 et
815 4386 990 4451 nobis,
1024 4385 1176 4454 juxta
1231 4386 1388 4439 [idem
1422 4388 1559 4450 dico,
1602 4395 1862 4453 quotquot
1907 4390 1958 4442 in

2143 3663 2220 3725 μ’.
2258 3656 2319 3708 Εἰ
2348 3655 2403 3708 δὲ
2435 3655 2755 3711 πλεονεκτεῖ
2791 3661 2881 3712 τόν
2911 3677 2968 3712 τε
3002 3663 3251 3734 μαθητὴν
3284 3667 3372 3718 τόν
3406 3685 3464 3721 τε
3498 3674 3651 3726 οἰκέ-

2067 3763 2166 3813 την
2194 3749 2306 3811 τοῖς
2337 3748 2644 3816 τεραστίοις
2679 3749 2707 3800 6
2742 3750 3003 3820 ἀθλητὴς,
3043 3754 3234 3821 φθόνος
3287 3759 3345 3810 ὲν
3380 3759 3492 3832 ζωῇ
3529 3766 3648 3819 τῶν

2066 3838 2202 3890 ὅλων
2239 3837 2463 3905 ἀγαθῶν
2489 3879 2504 3905 ,
2537 3839 2680 3893 οὕτω
2735 3843 2828 3894 καὶ
2856 3843 2964 3894 τῶν
2997 3847 3138 3913 μετά
3170 3850 3476 3919 μαρτυρίαν
3509 3853 3649 3907 θαυ-

2067 3931 2251 4000 μάτων
2276 3929 2511 3999 ἔχοντος.
2548 3931 2690 4002 Σὰρξ
2727 3933 3107 4005 τημελουμένη
3142 3942 3233 3990 καὶ
3265 3936 3405 4005 αἷμα
3432 3947 3648 4014 πληθυ-

2064 4029 2288 4092 νόμενον
2344 4025 2465 4086 ταῖς
2520 4022 2718 4088 ἔξωθεν
2751 4025 3057 4095 διατροφῶν
3107 4031 3388 4102 ἐπιρροαῖς
3439 4037 3543 4090 οὐκ
3571 4039 3649 4092 διν

2064 4117 2517 4187 κληρονομήσωσι
2551 4117 2825 4186 βασιλείαν
2853 4119 3011 4174 Θεοῦ.
3066 4121 3210 4193 Σάρξ
3232 4125 3287 4178 δὲ
3315 4125 3454 4198 αὕτη
3488 4149 3642 4202 μαρ-

2063 4208 2261 4276 τυρικὴ
2291 4209 2665 4278 σπαραχθεῖσα
2701 4209 2788 4262 διὰ
2820 4211 2974 4272 Θεὸν.
3019 4213 3114 4265 καὶ
3152 4210 3294 4286 αἷμα
3323 4219 3478 4272 τοῦτο
3505 4223 3654 4276 ὡσεὶ

2066 4297 2208 4369 ὕδωρ
2242 4302 2424 4363 αὐτοῖς
2481 4301 2660 4364 ὀστοῖς
2715 4301 3023 4371 διεκχυθὲν,
3085 4304 3375 4376 ψαλμικῶς
3435 4315 3646 4380 εἰπεῖν,

2065 4389 2204 4443 αὐτὰ
2244 4405 2304 4441 τε
2334 4389 2433 4457 τῆς
2465 4393 2808 4462 μακαριστῆς
2869 4394 3232 4464 κληρονομίας
3287 4397 3500 4469 ἐταχον,
3541 4407 3650 4457 καὶ

387 4486 506 4530 acta
538 4480 793 4546 martyris
829 4479 1009 4531 animo
1034 4477 1414 4538 incnmbinms,
1450 4476 1627 4530 simile
1671 4489 1955 4545 procreant

2071 4482 2210 4550 ἡμῖν,
2245 4483 2585 4545 πεποιθότως
2615 4482 2780 4550 λέγω,
2823 4487 2938 4548 τοῖς
2979 4485 3096 4538 ὅσοι
3133 4487 3199 4540 τά
3229 4489 3321 4541 τοῦ
3354 4491 3645 4561 μάρτυρος

387 4571 616 4624 bonum.
636 4570 918 4635 Quomodo
948 4580 1129 4624 autem
1157 4587 1260 4624 non
1292 4570 1521 4622 tardavit
1553 4572 1806 4638 martyris
1837 4586 1962 4624 raro

389 4673 448 4715 ut
481 4672 623 4716 terra
652 4660 851 4716 fertilis
885 4672 939 4714 et
967 4661 1138 4714 electa
1178 4676 1296 4729 qua:
1327 4661 1451 4714 boni
1483 4659 1745 4729 germinis
1775 4675 1959 4713 semen

390 4755 616 4822 accepit,
653 4754 896 4808 sulcante
923 4755 1337 4822 apostolicarum
1359 4754 1798 4808 documentorum
1835 4769 1959 4806 ara-

393 4857 498 4908 tro,
541 4847 880 4899 abundanter
919 4860 1046 4900 vero
1101 4856 1352 4898 manante
1399 4859 1466 4897 ex
1509 4844 1619 4912 ipsa
1664 4849 1861 4898 sudore
1907 4855 1963 4896 et

392 4935 653 5002 sanguine
679 4935 924 5004 irrigata,
949 4945 1004 4988 et
1034 4936 1118 4988 lllS
1149 4935 1410 4988 ambobus
1436 4945 1653 5002 prepter
1687 4933 1876 4996 Deum,
1907 4944 1961 4987 et

389 5026 754 5096 frequentium
781 5025 1086 5077 lancearum
1119 5025 1469 5080 inlisionibus
1492 5026 1658 5089 culta,
1704 5035 1956 5093 tanquam

390 5128 615 5186 vegetus
659 5126 714 5170 et
763 5115 1160 5169 luxuriantibus
1219 5118 1456 5184 undique
1495 5115 1766 5184 segetibus
1808 5130 1954 5181 ager,

391 5209 672 5277 quomodo.
697 5222 806 5264 non
853 5207 1104 5273 tardavit,
1149 5210 1386 5276 inquam,
1417 5210 1649 5263 fructum
1691 5210 1842 5264 nobis
1874 5226 1958 5262 sa-

390 5297 558 5351 lutem
593 5310 797 5352 metere
844 5298 1148 5352 volentibus
1175 5299 1394 5366 ali'ecre,
1423 5301 1684 5369 siquidem
1725 5311 1778 5354 et
1811 5301 1960 5355 chla-

392 5403 518 5460 mys,
539 5403 702 5457 super
725 5403 972 5444 sanctum
1011 5405 1210 5460 corpus
1242 5391 1370 5445 illud
1402 5407 1669 5462 expansa,
1693 5402 1748 5448 et
1773 5396 1960 5464 gratia:

391 5497 510 5552 qua:
537 5485 604 5536 ab
641 5495 704 5536 eo
735 5481 919 5536 deﬂuit
955 5483 1257 5552 particeps,
1287 5487 1688 5554 possidentibus
1717 5488 1958 5542 sanctiﬁ-

391 5574 531 5629 catio
562 5573 653 5628 ﬁt?

458 5751 552 5806 LL
605 5753 848 5812 Aunulus
902 5756 1117 5810 athleta:
1177 5771 1392 5811 "ianum
1446 5773 1668 5826 ornans,
1715 5762 1952 5830 ejusdem

2063 4573 2536 4642 ἀμφιπονούμεθα,
2563 4573 2624 4626 τὸ
2651 4575 2835 4644 ὅμοιον
2885 4581 3361 4647 καταπράττονται
3404 4583 3654 4650 ἀγαθόν-

2063 4666 2186 4727 Πῶς
2231 4668 2283 4717 δὲ
2330 4667 2429 4718 οὐκ
2479 4667 2701 4736 ἔμελλεν
2740 4670 2774 4736 ἠ
2807 4670 3120 4739 μαρτυρικὴ
3153 4671 3288 4739 σὰρξ
3325 4669 3412 4727 οἷά
3445 4692 3531 4738 τις
3567 4680 3646 4748 γῆ

2064 4758 2199 4809 πίων
2233 4760 2325 4809 καὶ
2358 4758 2612 4826 ὲκλεκτὴ,
2650 4755 2744 4827 τὴν
2779 4759 2877 4827 μὲν
2912 4759 3004 4810 τοῦ
3059 4761 3268 4827 ἀγαθοῦ
3316 4763 3654 4835 σπέρματος

2060 4849 2160 4917 ἤδη
2218 4849 2522 4919 καταϐολὴν
2570 4850 2893 4919 δεδεγμένη,
2943 4852 3179 4921 ἀρότρου
3238 4853 3657 4924 ἀνασχίσαντος.

2059 4940 2153 4990 τοῦ
2219 4940 2327 4990 τῶν
2363 4940 2737 4995 ἀποστολικῶν
2779 4942 3156 5008 διδασκαλιῶν,
3210 4943 3538 5014 ἁρδευθεῖσα
3590 4952 3652 5004 δὲ

2060 5032 2316 5100 πλησμίῳ
2345 5031 2422 5100 τῷ
2451 5035 2509 5098 ἐξ
2537 5034 2705 5103 αὐτῆς
2729 5034 2910 5103 ἱδρῶτι
2958 5035 3051 5086 καὶ
3073 5035 3285 5101 αἵματι,
3317 5040 3410 5088 καὶ
3434 5039 3652 5106 ἀμφοῖν

2060 5126 2206 5194 ὑπὲρ.
2226 5124 2384 5188 Θεοῦ,
2413 5128 2477 5195 τῇ
2513 5125 2569 5177 δὲ
2596 5125 2706 5177 τῶν
2746 5125 2953 5194 συχνῶν
2985 5127 3227 5194 δοράτων
3252 5127 3495 5197 ὲμπήξει
3519 5148 3654 5202 σχη-

2065 5216 2392 5285 ματιεθεῖσα
2420 5215 2494 5279 ὼς
2528 5218 2607 5278 εἷς
2633 5217 2765 5269 δασὺ
2792 5218 2886 5268 καὶ
2914 5218 3142 5286 φρῖσσόν
3178 5217 3367 5286 ἁδραῖς
3407 5223 3654 5291 ἀναδρο-

2064 5309 2191 5374 μαῖς
2220 5305 2509 5374 ἀσταχύων
2534 5305 2706 5375 λήϊον,
2764 5309 3137 5374 καρποφορεῖν
3187 5309 3320 5376 ἡμῖν
3369 5315 3655 5381 σωτήριον

2066 5401 2447 5468 συγκομισμδν
2471 5401 2585 5461 τοῖς
2611 5399 2905 5468 δρέπεσθαι
2931 5399 3198 5465 θέλουσιν,
3229 5402 3359 5457 ὅπου
3391 5405 3494 5458 καὶ
3519 5408 3659 5476 χλα-

2067 5497 2168 5560 μὺς
2223 5491 2319 5544 τοῦ
2366 5491 2522 5558 ἁγίου
2570 5491 2777 5544 ἐκείνου
2833 5493 3311 5548 καταπετασθείσα
3364 5495 3656 5565 σώματος,

2064 5584 2282 5652 καὶτῆς
2325 5583 2533 5635 ἐκεῖθεν
2585 5585 2928 5653 μετασχοῦσα
2960 5587 3202 5655 χάριτος,
3238 5591 3350 5650 τοῖς
3399 5607 3654 5663 προσερ-

2066 5673 2312 5742 χομένοις
2347 5673 2594 5741 ἁγίασμα
2634 5673 2880 5740 γίνεται;

2136 5764 2246 5833 μα’.
2283 5766 2388 5818 Καὶ
2410 5765 2693 5828 δακτύλιος
2726 5766 2812 5830 δὲ,
2833 5767 2861 5818 6
2894 5768 2992 5836 τὴν
3023 5768 3323 5839 ἀθλητικὴν
3358 5776 3660 5844 κοσμήσας
