3888 6238
1795 227 1823 241 ε

423 372 527 436 ΞΜ
1142 378 1557 440 EUSTATHII
1598 377 2040 439 THESSALON
2054 380 2295 440 lCENSI
2309 383 2347 441 S
2391 383 2443 441 Μ
2453 383 2545 443 ET
2556 383 2944 447 ROPOLIT/E
3554 397 3663 460 Ξυὸ

426 489 536 542 Deo
565 491 1019 545 sanctiﬁcatorqu
1053 492 1211 562 virgae
1235 531 1249 556 ,
1279 493 1490 548 virtutis
1517 495 1682 563 virgae
1717 493 1874 550 ﬁunt.
1897 493 1961 548 Ca

2124 495 2426 564 bctwpéwov
2469 497 2588 568 Θεῷ
2634 499 2775 552 οὕτω
2826 502 3107 571 δυνάμεως
3160 506 3345 575 ῥάϐδοι
3402 522 3659 577 γίνονται.

426 579 521 646 pili
554 590 744 634 sancto
777 581 874 635 fuit
907 582 1240 651 opertorium
1281 597 1294 633 :
1325 584 1466 650 quod
1514 583 1730 652 quidem
1761 599 1880 654 qua:
1909 598 1961 638 se

2128 586 2356 657 ἱεφαλὴν
2389 589 2542 642 ὁσίαν
2589 590 2826 662 ἐκάλυψε
2866 594 3188 665 σκέπασμαο
3231 599 3324 651 καὶ
3371 602 3512 670 αὸτὴ
3566 604 3663 674 μὲν

426 669 660 721 eundum
695 669 937 724 homines
961 682 1085 724 Sunt
1124 672 1386 738 perdidit;
1425 676 1568 742 quod
1621 689 1749 730 vero
1799 677 1961 730 mansi

2139 678 2276 746 φῆκε
2306 681 2373 733 τὰ
2406 682 2524 734 κατ’
2555 683 2892 750 ἀνθρώπους,
2921 685 2981 738 τὸ
3011 686 3067 739 δὲ
3099 688 3230 760 παρ’
3267 691 3448 755 αὐτοῖς
3475 697 3665 762 μεῖναν

428 763 670 830 prodigia
711 761 938 815 faciendi
979 763 1366 816 abundantiam
1419 766 1652 836 protegit
1692 778 1745 820 et
1791 777 1963 850 servat

2131 768 2194 836 ὴν
2222 770 2319 837 τῆς
2348 769 2792 842 Οαυματουργίας
2821 775 3096 846 ἀπορροὴν
3128 779 3306 846 στέγει
3337 783 3430 836 καὶ
3472 761 3666 856 συντη-

429 854 681 905 Sancttlm
715 867 912 922 cerpus
963 853 1134 906 induit
1189 855 1416 919 tnelota;
1451 864 1505 908 et
1553 856 1678 909 dum
1731 858 1796 910 ad
1829 858 1964 912 Deur

2135 862 2202 913 εἰ.
2242 860 2504 930 Ἀμπέχει
2530 865 2685 933 σῶμα
2717 865 2860 918 ὅσιον
2898 868 3120 937 μηλωτή
3157 885 3170 899 ·
3219 871 3313 924 καὶ
3351 873 3540 944 ἐπειδὴ
3587 853 3666 940 είς

429 943 673 996 ascendit
711 944 830 1001 iste.
863 944 976 1012 ipsa
1005 953 1316 1006 renovatur,
1357 944 1507 1010 plura
1541 958 1700 1014 quam
1727 947 1964 1002 viventem

2129 951 2229 1001 ιεὸν
2253 952 2455 1012 ἐκεῖνος
2483 953 2716 1017 ἀνέλθοι,
2762 954 2900 1024 αὑτὴ
2955 958 3311 1024 νεανιεύεται,
3359 943 3537 1016 πλείω
3574 965 3664 1017 τοῦ

427 1033 684 1087 miracula
726 1033 914 1091 edens.
949 1050 1014 1086 eo
1044 1035 1185 1101 quod
1217 1034 1494 1103 pulchrum
1529 1051 1873 1104 nequaquam
1901 1037 1962 1093 de

2132 1042 2293 1103 ῶντος
2323 1045 2496 1094 ποιεῖν
2545 1043 2844 1113 Θαυμάσιά,
2887 1046 3124 1118 ὡσείπερ
3171 1051 3230 1102 τὸ
3263 1053 3428 1105 καλὸν
3480 1055 3666 1109 οὐκέτι

423 1127 581 1180 discit
619 1127 758 1193 quod
792 1125 957 1179 semel
994 1126 1198 1178 didicit.
1235 1125 1478 1195 Martyris
1506 1127 1763 1181 annulum
1801 1128 1958 1183 tollen

2131 1132 2400 1202 χπέμαθεν,
2432 1133 2555 1186 ἐπεὶ
2576 1133 2798 1202 ἔμαθεν.
2840 1136 2896 1190 Ὀ
2947 1137 3184 1202 τοιοῦτος
3228 1140 3382 1209 λόγος
3436 1146 3530 1197 καὶ
3577 1148 3666 1197 τὸν

428 1217 545 1270 talis
575 1232 753 1270 sermo
781 1232 844 1269 ex
877 1216 1096 1270 athleta:
1131 1232 1376 1284 corpore,
1410 1219 1686 1271 miraculis
1715 1218 1962 1274 abundar

2129 1222 2186 1276 οὗ
2219 1225 2495 1292 μάρτυρος
2538 1224 2820 1278 δακτύλιον
2867 1227 3171 1296 ἀπαγαγὼν
3220 1233 3313 1284 τυῦ
3364 1233 3664 1305 ἀθλητικοῦ

424 1310 586 1375 facit;
621 1321 677 1362 ut
710 1310 848 1363 sicut
883 1311 1083 1380 digitus
1117 1311 1502 1374 circmmlatus.
1539 1313 1616 1366 sic
1664 1321 1717 1366 et
1763 1313 1959 1367 annulu

2129 1313 2373 1384 ώματος,
2401 1316 2714 1379 πλεονάζειν
2758 1321 2899 1369 ποιεῖ
2943 1321 3000 1370 ἐν
3038 1322 3149 1382 τοῖς
3182 1320 3450 1392 θαύμασιν
3482 1340 3498 1355 ⁶
3555 1326 3664 1389 ἵνα,

425 1403 767 1456 circumdans
814 1401 1303 1456 communicatione
1337 1403 1576 1471 prodigia
1607 1412 1882 1472 operetur.
1930 1401 1960 1455 Ε

2132 1421 2287 1474 ισπερ
2318 1404 2574 1468 δάκτυλος
2601 1406 2629 1457 ὁ
2660 1406 3060 1476 περικείμενος,
3099 1411 3239 1464 οὓτω
3261 1418 3353 1465 καὶ
3385 1413 3667 1477 δακτύλιος

427 1493 709 1564 t-Idamyda
744 1509 839 1562 per
865 1494 1049 1546 eadem
1087 1492 1310 1561 pulchra
1350 1493 1521 1557 ducit,
1557 1492 1664 1546 Deo
1695 1507 1793 1562 per
1817 1492 1960 1547 omni

2151 1497 2277 1566 περὶ
2308 1495 2469 1548 αὑτὸν
2511 1496 2585 1557 ὡς
2627 1498 2684 1549 ἐν
2731 1499 3013 1567 μεταδόσει
3075 1503 3324 1572 ἐνεργοίη
3382 1505 3668 1574 τεράστια.

427 1585 552 1637 talia
598 1583 730 1636 mira
767 1585 944 1637 facere
973 1584 1151 1647 dante,
1185 1591 1367 1650 utpote
1400 1583 1489 1651 qui
1529 1582 1580 1636 in
1629 1584 1834 1638 sanctis
1877 1585 1960 1638 sui

2150 1588 2206 1636 αἱ
2232 1585 2329 1655 τὴν
2362 1585 2607 1654 χλαμύδα
2637 1586 2692 1639 δὲ
2721 1587 2807 1638 διὰ
2858 1587 2948 1639 τοῦ
2972 1589 3135 1641 αὑτοῦ
3161 1589 3283 1657 ἄγει
3310 1591 3498 1655 καλοῦ,
3530 1593 3681 1645 Θεοῦ⁴

434 1673 699 1726 mirabilis
731 1674 969 1741 prodigia
1007 1673 1132 1726 facit
1181 1681 1235 1725 et
1263 1673 1491 1725 virtutes
1523 1672 1861 1741 multiplicat.
1891 1674 1969 1726 Au

2132 1678 2312 1738 τάντως
2353 1679 2448 1730 καὶ
2497 1679 2560 1730 τὰ
2602 1677 2825 1730 τοιαῦτα
2880 1683 3357 1750 τερατουργεῖσθαι
3413 1684 3667 1746 διδόντος,

427 1765 695 1831 quomodo
754 1765 910 1818 aliter
953 1763 1192 1833 chlamys
1248 1765 1424 1817 anima
1480 1778 1673 1819 carens
1719 1765 1962 1834 energiar

2132 1766 2190 1820 οὗ
2220 1768 2635 1836 ἐνδοξαζομένου
2674 1772 2782 1832 τοῖς
2808 1771 2985 1835 ἁγίοις
3023 1771 3210 1836 αὑτοῦ,
3249 1774 3343 1826 καὶ
3387 1773 3667 1834 ποιοῦντος

428 1865 618 1908 contra
655 1852 874 1907 morbos
903 1853 1201 1919 possideret
1230 1863 1317 1906 aut
1351 1853 1453 1905 alia
1487 1866 1806 1922 operaretur
1837 1854 1963 1906 mira

2135 1861 2322 1929 ἐρατα,
2354 1863 2447 1911 καὶ
2485 1861 2742 1930 δυνάμεις
2785 1861 3162 1930 πληϐύνοντος.
3199 1866 3267 1918 Ἦ
3322 1866 3434 1927 πῶ.⁵
3494 1867 3670 1928 ἄλλως

427 1946 568 1997 inter
594 1946 696 1997 alia
741 1959 955 1998 amnem
987 1959 1145 2012 quem
1197 1943 1460 1998 furentem
1514 1945 1745 1998 reddidit
1792 1956 1962 2010 tempe

2140 1949 2318 2019 λαμὺς
2355 1951 2562 2021 ἄψυχος
2598 1954 2658 2004 τὸ
2689 1953 2910 2022 ἐνεργὸν
2959 1955 3100 2007 κατὰ
3134 1956 3322 2008 παθῶν
3357 1958 3575 2027 φέροιτο
3603 1959 3672 2010 ἂν

423 2043 552 2097 stas,
584 2045 632 2088 et
663 2033 861 2087 ﬂuctus
898 2033 1017 2086 ulla:
1047 2033 1383 2088 exundantes
1408 2037 1624 2089 sedatos
1657 2035 1915 2102 placaret,
1942 2047 1958 2087 ε

2170 2043 2264 2094 καὶ
2312 2042 2512 2111 ἑτέρως
2564 2041 2847 2112 ἐργάζοιτο
2893 2044 3113 2114 τέρατα,
3159 2046 3228 2097 τά
3268 2064 3326 2099 τε
3369 2048 3522 2106 ἄλλα.
3578 2052 3672 2102 καὶ

425 2127 686 2178 divisione
720 2125 997 2179 scinderet
1037 2125 1110 2178 ita
1162 2134 1222 2179 ut
1279 2125 1488 2180 facilem
1537 2125 1808 2181 inveniret
1851 2124 1960 2178 viar

2135 2133 2344 2201 ῑοταμὸν
2371 2131 2425 2184 δὲ
2459 2133 2740 2202 ὑϐριστὴν,
2774 2128 2854 2197 οἷς
2879 2136 2905 2187 ὁ
2929 2134 3135 2204 χειμὼν
3181 2137 3344 2190 αὑτὸν
3391 2139 3670 2207 sistamus,

424 2217 512 2284 qui
548 2217 687 2270 hanc
716 2217 766 2270 in
796 2217 895 2270 via:
927 2227 1163 2272 tutamen
1194 2217 1368 2283 duxit,
1425 2218 1585 2272 siccis
1619 2217 1959 2272 calceamenti

2141 2222 2196 2273 αὶ
2221 2222 2454 2289 πελάγια
2480 2222 2536 2274 δέ
2568 2222 2942 2288 πλατυνόμενα
2974 2226 3150 2297 πολλῷ
3171 2227 3247 2295 τῷ
3295 2230 3531 2297 ῥεύματι
3564 2247 3673 2282 σω-

363 2343 366 2346 ~
426 2312 561 2362 uitra
593 2307 891 2373 trajectus?

2146 2309 2446 2376 ρονίζουσα,
2479 2314 2570 2362 καὶ
2610 2311 2966 2382 διχοτομοῧσα
3009 2315 3088 2377 είς
3124 2315 3436 2381 διάστασιν,
3478 2318 3556 2382 ὡς
3603 2319 3674 2373 ἂν

426 2397 616 2466 ῥᾳδίαν
666 2397 815 2469 εὖροι
856 2397 1100 2452 διάϐασιν
1144 2399 1171 2450 ὁ
1230 2396 1434 2467 ταύτην
1473 2396 1552 2458 είς
1620 2396 1989 2469 φυλακτήριον
2010 2396 2218 2464 ἐφόδιον
2238 2401 2439 2470 φέρων,
2467 2403 2743 2470 πεγανοίς
2799 2402 3034 2467 πεδίλοις
3091 2404 3188 2474 τῆς
3232 2407 3532 2480 ἀντιπέραν
3588 2426 3673 2477 γι-

421 2489 638 2557 νόμενος
654 2506 670 2554 ;

493 2583 583 2638 Μ.
628 2581 874 2635 Annulus
909 2581 1032 2642 iste,
1079 2579 1331 2651 pretiosa:
1377 2589 1527 2634 certe
1578 2579 1843 2644 materiae,
1896 2594 1993 2650 per

2182 2574 2285 2644 μδ’.
2325 2575 2382 2627 '0
2401 2572 2682 2637 δακτύλιος
2704 2569 2878 2642 οὗτος,
2924 2577 3110 2646 τιμίας
3157 2577 3421 2647 δήπουθεν
3471 2585 3678 2652 τυγχά-

424 2691 586 2747 quam
622 2675 702 2727 lc!
740 2673 924 2742 ﬁguris
956 2667 1239 2725 abundans
1277 2671 1440 2724 Deum
1470 2679 1524 2722 et
1562 2671 1741 2723 divina
1785 2668 1959 2739 signill

2142 2683 2208 2717 ων
2236 2662 2387 2734 ὕλης,
2416 2662 2484 2714 δι’
2512 2659 2578 2736 ἧς
2609 2665 2636 2716 ό
2667 2667 2722 2716 ἐν
2767 2664 2922 2734 τύπῳ
2953 2665 3115 2734 νόμος
3165 2667 3295 2719 Θεὸν
3345 2686 3401 2720 τε
3464 2671 3558 2721 καὶ
3612 2673 3677 2722 τὰ

422 2778 614 2822 cantor
646 2766 940 2833 exprimit,
983 2778 1041 2815 ea
1074 2772 1127 2816 et
1174 2761 1466 2815 orliiculari
1514 2760 1684 2814 forma
1720 2762 1957 2815 dit-inissi

2142 2757 2220 2806 εἶα
2275 2753 2733 2824 συμϐολογραφεῖ,
2771 2755 2944 2826 ταύτῃ
2997 2773 3056 2809 τε
3092 2759 3286 2827 καὶτῷ
3335 2759 3677 2830 κυκλοτερῶς

423 2872 629 2910 marum
663 2855 921 2908 virtutum
967 2851 1167 2906 indicat
1199 2867 1456 2905 coronam
1483 2866 1599 2918 qnte
1627 2851 1880 2904 athletam
1913 2867 1958 2904 rc

2141 2844 2500 2917 σχηματίσθαι
2524 2848 2614 2899 τὸν
2644 2845 2841 2900 κύκλον
2899 2849 3290 2920 καθυπέγραφε
3325 2853 3432 2903 τῶν
3465 2852 3676 2908 Oetaea}-

422 2947 577 2999 dimit
609 2943 762 3014 quasi
794 2956 1084 3004 coronans,
1128 2949 1181 2993 ct
1209 2942 1640 2993 contractionem
1693 2943 1957 3009 angustia:

2141 2956 2209 2991 ων
2239 2937 2473 3007 ἀρετῶν,
2514 2937 2574 3002 ὃς
2607 2937 2696 2991 τὸν
2727 2938 2966 3010 ἀθλητὴν
2999 2941 3352 3003 ἐναπέλαϐεν,
3385 2937 3499 2996 οἷον
3549 2962 3676 2998 στεο

421 3054 526 3105 qne
560 3036 869 3089 manifestat
902 3049 1037 3102 quas
1087 3033 1138 3084 in
1199 3033 1307 3084 vita
1355 3032 1633 3096 sustinuit,
1689 3046 1795 3085 non
1839 3041 1956 3085 extr

2145 3030 2509 3098 ανωσάμενος,
2568 3030 2662 3082 καὶ
2711 3030 2811 3100 τὴν
2863 3033 3094 3102 συνοχὴν
3135 3032 3192 3087 δὲ
3248 3037 3551 3104 παρεδήλου
3581 3041 3676 3091 καὶ

425 3129 684 3180 rationem
710 3140 902 3180 errans
941 3139 1041 3178 nec
1072 3123 1370 3178 dissolutus
1405 3132 1458 3176 et
1495 3123 1854 3191 intemperate
1901 3138 1960 3178 vo

2142 3122 2190 3174 δν
2218 3122 2472 3191 σφιγμδν,
2507 3120 2568 3174 δν
2592 3121 2680 3176 διὰ
2714 3123 2830 3192 βίου
2874 3124 3144 3194 ὑπέμενεν
3176 3142 3190 3156 ·
3240 3129 3338 3179 οὐκ
3381 3128 3485 3194 ἔξω
3527 3129 3677 3196 λογι-

423 3220 568 3272 lutus
600 3227 650 3271 et
679 3215 878 3278 mollis,
911 3217 1006 3269 sed
1037 3229 1221 3269 secum
1268 3215 1574 3281 recogitans
1598 3254 1612 3279 ,
1646 3215 1903 3268 astrictus
1945 3231 1958 3267 ι

2144 3211 2240 3278 μοῦ
2269 3212 2637 3281 πλανώμενος,
2668 3213 2791 3266 οὒδέ
2822 3213 3212 3285 διακεχυμένος
3254 3218 3349 3271 καὶ
3400 3219 3679 3289 ρεμὸόμε-

426 3317 662 3384 seipsum
714 3316 1079 3381 comprimens
1121 3313 1516 3378 continensque
1541 3305 1904 3361 adilzitatione
1937 3306 1961 3358 ἱι

2146 3321 2186 3367 rc
2247 3304 2410 3358 ἄνετα
2465 3307 2559 3358 καὶ
2609 3304 2842 3370 πλαδῶν,
2893 3306 3030 3360 ἀλλὰ
3081 3308 3284 3377 νοερῶς
3350 3311 3430 3372 είς
3477 3311 3681 3366 ἑαυτὸν

422 3405 637 3459 deliciis
673 3415 896 3474 propter
937 3405 1226 3472 voluptatis
1261 3412 1578 3463 torrentem,
1615 3401 1666 3453 in
1702 3414 1807 3466 quo
1847 3406 1957 3452 star

2138 3396 2461 3465 τρεφόμενος
2513 3397 2607 3449 καὶ
2666 3396 2999 3466 ἐστυμμένος
3040 3399 3133 3450 καὶ
3188 3397 3484 3452 συνθλίὸων
3541 3402 3673 3454 ἐαυ-

424 3496 574 3549 nefas
602 3496 858 3564 aliquem,
896 3495 986 3564 qui
1017 3509 1120 3548 n0n
1155 3509 1251 3562 per
1284 3505 1487 3546 arctam
1525 3490 1615 3544 Dei
1646 3491 1785 3544 viam
1819 3490 1959 3543 inces

2143 3486 2190 3538 Iw
2251 3486 2344 3537 καὶ
2409 3485 2754 3555 στενοχωρῶν
2827 3486 2904 3553 τῷ
2947 3487 3004 3538 ἐν
3048 3485 3242 3555 θρύψει
3305 3486 3678 3543 πλατύνεσθαι

423 3591 524 3653 sit;
571 3587 1028 3655 quemadmodum
1066 3599 1164 3638 nec
1212 3586 1264 3638 in
1314 3581 1736 3636 Fortunatorum
1791 3579 1956 3633 lnsuli

2145 3574 2184 3627 ἀ
2226 3577 2314 3627 τδν
2343 3575 2460 3628 ἐκεῖ
2499 3575 2820 3645 πλατυσμδν
2849 3575 2948 3641 τῆς
2979 3579 3214 3648 τρυφῆς,
3266 3570 3330 3648 ἧς
3362 3579 3461 3630 οὐκ
3524 3578 3680 3632 ἐστιν

425 3678 663 3730 historia:
687 3685 1052 3730 COlllit-ellluul
1083 3673 1371 3728 constituit
1400 3672 1546 3724 illum
1578 3671 1669 3740 qui
1696 3685 1760 3724 ex
1795 3669 1960 3737 llespe

2146 3667 2248 3730 ρτὸς
2300 3668 2550 3732 γενέσθαι
2602 3668 2745 3731 τινὰ,
2809 3667 2882 3739 μὴ
2925 3667 3012 3720 διὰ
3049 3671 3146 3738 τῆς
3199 3670 3256 3721 ὲν
3303 3669 3424 3738 θεῷ
3480 3675 3681 3740 στενῆς

424 3770 518 3824 τίω
542 3769 676 3824 mari
709 3783 817 3822 non
852 3768 1078 3821 Gadium
1111 3775 1258 3821 arcta
1293 3765 1671 3830 transmeavit,
1702 3764 1747 3819 si
1778 3777 1874 3832 per
1902 3777 1952 3815 ut

2145 3757 2396 3811 Ξεύσαντα
2426 3776 2440 3790 ο
2477 3760 2551 3820 ὡς
2577 3759 2695 3810 οὐδὲ
2719 3760 2998 3828 Μακάρων
3026 3759 3226 3830 Νήσοις
3250 3761 3279 3815 ὁ
3303 3761 3398 3830 τῆς
3428 3761 3680 3833 ἱστορίας

427 3862 570 3914 nima
600 3860 836 3913 maxima
864 3858 1040 3912 obiter
1079 3856 1352 3911 etucidare
1384 3863 1619 3924 oportet.

2150 3849 2260 3916 Ξγος
2291 3850 2590 3920 ὲγκαθιστᾷ
2609 3843 2796 3903 τδν¹ἐκ
2821 3852 2915 3920 τῆς
2952 3854 3212 3923 ἐσπερίας
3263 3853 3538 3924 Θαλάσσης
3600 3858 3685 3926 μὴ

2101 3942 2188 3995 διὰ
2215 3941 2316 4011 τῆς
2345 3942 2620 4007 Γαδείρων
2696 3943 3034 4013 στενωτάτης
3085 3944 3480 4009 ἐκπλεύσαντα,
3534 3949 3590 3999 εἴ
3633 3965 3686 4001 τι

2099 4033 2203 4103 χρὴ
2237 4033 2625 4102 σμικροτάτοις
2654 4036 2974 4104 παραφῆναι
3002 4035 3068 4086 τὰ
3097 4036 3352 4105 μέγιστα.

493 4126 583 4180 ἂι5.
620 4124 773 4179 Nova
799 4124 1016 4192 quidem
1063 4122 1172 4176 ista.
1201 4129 1255 4175 et
1289 4135 1411 4188 qua:
1457 4120 1800 4174 sudiosornm
1833 4118 1998 4172 mira-

2172 4129 2276 4191 με’.
2312 4123 2488 4176 Καινὰ
2520 4124 2618 4186 μὶν
2651 4118 2743 4177 οὖν
2773 4123 2869 4176 καὶ
2901 4123 3072 4177 ταῦτα
3104 4127 3197 4178 καὶ
3229 4120 3316 4178 οἷα
3347 4127 3687 4199 ἐκπλήττειν

429 4217 625 4270 tionem
660 4216 856 4268 cieant.
884 4211 1018 4267 Cum
1044 4225 1172 4265 vero
1203 4221 1258 4264 et
1289 4211 1342 4262 in
1375 4209 1602 4264 somniis
1622 4208 1832 4263 efﬁcere
1854 4223 1964 4262 mar

2154 4232 2194 4266 IV
2225 4214 2401 4285 ὀρθῶς
2424 4214 2804 4270 ἐπιϐάλλοντα.
2861 4213 2936 4270 Τὸ
2979 4215 3037 4269 δὲ
3081 4216 3177 4270 καὶ
3218 4217 3275 4270 ἐν
3325 4219 3560 4288 όνεῖροις
3590 4221 3689 4273 τὸν

431 4319 603 4377 tyrem
637 4315 976 4374 quaecunque
1019 4301 1212 4354 vivens
1248 4299 1452 4354 fecerat
1489 4301 1778 4369 contigerit
1803 4336 1819 4360 .
1877 4315 1963 4353 am

2148 4305 2360 4374 ἀρτυρα
2421 4306 2784 4376 ἐφιστάμενον
2850 4306 3347 4376 καταπράττεσθαι,
3408 4309 3513 4361 ὅσα
3577 4313 3681 4363 καὶ

431 4399 654 4466 plioretn
698 4393 870 4464 exigit
919 4399 1217 4459 stuporem.
1279 4388 1397 4444 Jam
1456 4404 1562 4442 non
1593 4389 1838 4457 corporis
1871 4403 1966 4457 pro

2154 4399 2210 4450 iw
2231 4396 2484 4466 ἐποίησεν
2517 4396 2604 4462 ἂν,
2637 4397 2718 4450 ετι
2748 4396 2906 4450 πλέον
2939 4398 3111 4450 ἐθέλει
3139 4397 3538 4468 θαυμάζεσθαι.
3567 4402 3689 4455 Οὑ-

428 4489 654 4556 digium,
675 4493 770 4539 aut
799 4483 1046 4551 corporis
1069 4481 1298 4536 membri
1324 4479 1610 4548 cujusdam
1637 4493 1798 4546 aquo
1827 4481 1963 4532 virtu

2154 4490 2219 4540 ἑτι
2250 4487 2359 4556 γὰρ
2387 4486 2640 4556 σώματος
2665 4487 2726 4540 τδ
2749 4486 2954 4557 θαῦμα,
2984 4487 3019 4558 ἧ
3040 4504 3185 4552 τινος
3205 4489 3310 4541 τῶν
3338 4491 3466 4558 περὶ
3493 4475 3689 4560 ἇῶμα,

425 4583 613 4634 exiens
649 4579 786 4634 mira
815 4587 1114 4644 operatur;
1143 4576 1239 4628 sed
1263 4573 1418 4627 aliud
1449 4573 1575 4642 quid
1618 4589 1782 4643 super
1816 4574 1960 4626 omni

2152 4578 2237 4648 αρ’
2267 4571 2328 4630 οὗ
2359 4577 2587 4646 δύναμις
2611 4576 2935 4648 ἐξερχομένη
2964 4581 3314 4648 τερατουργεϊ
3339 4595 3353 4610 ο
3381 4579 3500 4632 ἀλλ’
3529 4582 3687 4636 ἐστιν

425 4671 778 4743 stupendum.
811 4669 920 4726 Nec
954 4677 1135 4723 tamen
1173 4681 1395 4729 novum,
1427 4666 1640 4720 volente
1677 4665 1806 4730 Deo,
1843 4665 1960 4718 illud

2156 4672 2230 4724 ιλο
2259 4687 2309 4723 τι
2338 4670 2498 4722 τοῦτο
2522 4669 2673 4738 παρά
2714 4669 2869 4735 δόξαν
2912 4669 3231 4740 θαυμάσιον.
3265 4671 3404 4741 Ἤδη
3451 4672 3512 4724 δὲ
3558 4675 3691 4729 οὐδὲ

431 4768 486 4820 Si
511 4769 655 4821 enim
699 4764 1072 4834 apostolorum
1099 4763 1307 4815 umbrat
1333 4758 1590 4813 miracula
1613 4759 1966 4827 operabantur

2152 4765 2260 4818 δῦτο
2297 4764 2483 4817 καινὸν
2507 4762 2594 4816 διὰ
2629 4762 2686 4815 τὸ
2717 4763 2861 4816 θεῖον
2905 4762 3173 4834 βούλημα.
3201 4765 3261 4818 El
3309 4765 3419 4833 γὰρ
3439 4766 3687 4821 ἀποστό-

432 4872 608 4925 neque
646 4859 760 4909 haec
792 4871 886 4923 per
930 4855 1138 4908 somnia
1189 4863 1340 4906 extra
1381 4861 1586 4903 tantum
1633 4850 1967 4919 prodigiorur

2160 4857 2329 4908 wxa‘t
2369 4855 2516 4907 σκιαὶ
2536 4852 2748 4906 ἐποίουν
2782 4852 3012 4920 ἐξαίσια,
3069 4855 3254 4907 πίπτοι
3311 4855 3380 4907 ἂν
3437 4857 3564 4910 οὐδὲ
3619 4863 3695 4912 τὰ

434 4950 652 5002 modum
683 4949 882 5000 cadunt
911 4945 1199 5013 (visionum
1247 4943 1388 4997 enim
1435 4943 1756 4996 diurnarum
1794 4942 1969 4996 umbra

2155 4947 2222 4997 1'."
2251 4945 2384 5014 ὄναρ
2408 4943 2586 4997 ταῦτα
2607 4943 2712 5007 ἐξω
2741 4943 2834 4998 τοῦ
2865 4946 3109 4997 τοιούτου
3127 4946 3290 4997 τόπου
3316 4945 3424 4997 τῶν
3451 4946 3690 5019 Θαυμα-

429 5050 558 5095 sunt
581 5053 702 5107 quae
729 5052 825 5106 per
877 5036 1084 5090 somnia
1124 5034 1315 5102 ﬁunt);
1363 5035 1406 5088 si
1450 5034 1631 5088 dicere
1662 5033 1837 5087 ausim
1868 5047 1956 5085 nm

2158 5036 2376 5104 »υργιῶν
2409 5034 2584 5103 (σκιαὶ
2613 5034 2721 5104 γάρ
2751 5051 2895 5097 τινες
2924 5035 3034 5088 τῶν
3066 5033 3216 5104 ὕπαρ
3245 5034 3314 5087 τά
3352 5036 3410 5087 ἐν
3454 5037 3693 5109 ὀνείρα-

433 5133 556 5184 bras
591 5137 700 5181 tam
735 5127 916 5180 divina
944 5135 998 5178 et
1025 5124 1162 5178 adeo
1195 5123 1371 5178 firma.
1405 5124 1540 5189 Quid
1566 5123 1709 5178 enim
1738 5124 1872 5176 adeo
1906 5124 1968 5175 tir

2158 5126 2236 5194 ν),
2271 5126 2318 5176 εἰ
2347 5123 2416 5194 δὴ
2437 5128 2532 5177 καὶ
2562 5124 2879 5193 τολμητέον,
2922 5126 3080 5186 σκιὰς
3117 5124 3350 5178 ἐνταῦθα
3387 5125 3581 5194 λέγειν
3619 5132 3693 5182 τὰ

440 5237 582 5273 ιιιιιιιι
611 5229 664 5274 et
693 5229 950 5272 constans
981 5226 1034 5269 et
1067 5215 1351 5284 probatum
1396 5226 1448 5266 et
1490 5229 1798 5277 nervosum,
1833 5227 1939 5280 qua
1967 5235 1975 5264 ι

2154 5216 2251 5268 λτω
2291 5215 2408 5266 Oeta
2441 5216 2540 5267 καὶ
2575 5216 3040 5284 στερεμνιώτατα.
3068 5217 3224 5268 [ίοίον
3248 5217 3354 5284 γάρ
3409 5233 3462 5269 τι
3505 5219 3689 5284 οὕτως

441 5309 584 5377 quod
617 5324 647 5362 e
681 5319 819 5361 terra
847 5307 1058 5373 erigere
1093 5320 1150 5359 se
1177 5304 1349 5373 possit
1380 5313 1523 5358 tctus
1553 5305 1716 5358 homo
1743 5315 1798 5357 et
1829 5304 1976 5356 "Milli

2158 5305 2418 5376 ρεστηκὸς
2473 5306 2566 5358 καὶ
2622 5307 2848 5377 στερρὸν
2895 5307 2987 5361 καὶ
3019 5307 3215 5375 πάγιον
3268 5306 3363 5361 καὶ
3394 5307 3693 5380 σϐεναρὲν,

439 5404 586 5458 ferro
618 5408 896 5462 oneratus,
931 5399 1077 5452 sicut
1121 5397 1189 5449 de
1242 5397 1497 5466 martyris
1538 5395 1846 5450 visionibus
1898 5395 1956 5448 ﬁt

2164 5410 2185 5454 ς
2214 5392 2274 5445 τὸ
2307 5392 2404 5444 καὶ
2442 5392 2718 5460 κουφίζειν
2739 5398 2802 5445 ἐκ
2829 5394 2932 5463 γῆς
2955 5395 3256 5464 δυνάμενον
3297 5395 3418 5449 ὅλον
3457 5399 3699 5470 ἄνθρω-

441 5503 601 5566 prout
635 5491 784 5562 prius
816 5488 1204 5561 disseminatus
1254 5500 1436 5542 sermo
1468 5489 1653 5544 docuit
1674 5528 1688 5551 ,
1722 5489 1772 5541 in
1807 5488 1974 5556 qutbu

2164 5501 2232 5550 ιν,
2264 5485 2357 5538 καὶ
2381 5484 2571 5538 τοῦτον
2609 5485 2683 5548 ὡς
2726 5485 2796 5538 τὰ
2839 5486 3010 5540 πολλά
3047 5488 3288 5558 σιδήροις
3351 5489 3699 5562 ἀνδραχθέσι

439 5587 528 5638 ille
553 5600 584 5639 a
617 5593 764 5638 terra
800 5581 891 5635 tali
924 5579 1229 5634 visitatione
1258 5578 1451 5645 dignos
1492 5579 1750 5642 sustollit,
1783 5588 1876 5631 aut
1909 5595 1974 5632 nu

2163 5579 2494 5647 ιρυνόμενον,
2521 5579 2704 5630 ὁποῖαι
2732 5578 2790 5630 al
2818 5577 3078 5632 ὀπτασίαι
3119 5579 3213 5632 τοῦ
3249 5581 3557 5653 μάρτυρος,
3615 5587 3698 5648 ὡς

445 5677 588 5729 bium
621 5675 795 5729 instar
830 5671 1027 5727 leviuin
1059 5671 1242 5726 volare
1272 5670 1324 5723 hi
1359 5669 1650 5724 dicentur?
1694 5669 1759 5722 Et
1809 5670 1852 5724 si
1903 5687 1980 5723 no:

2170 5675 2200 5726 tt
2247 5673 2442 5725 ἀνόπιν
2490 5674 2518 5724 ὁ
2575 5671 2736 5738 λόγος
2790 5671 3096 5742 ἐπιτρέχων
3136 5672 3440 5735 ἐδίδασκεν,
3493 5679 3554 5729 ἑν
3604 5673 3705 5740 αἷς

441 5769 738 5824 secundum
769 5766 994 5822 Paulum
1027 5765 1092 5819 ad
1125 5764 1345 5820 tertiqu
1375 5761 1570 5818 omium
1590 5803 1606 5828 ,
1634 5762 1726 5818 sed
1753 5764 1818 5818 ad
1846 5764 1976 5831 prim

2166 5765 2318 5824 ιεῖνος
2349 5761 2517 5830 γῆθεν
2542 5762 2920 5833 ἀναλαμϐάνει
2949 5761 3076 5825 τοὺς
3132 5762 3472 5832 ἠξιωμένους
3495 5767 3701 5820 τοιαύ-
