3916 6244
219 313 310 376 209

1351 301 1742 362 LAUDATIO
1775 301 1839 362 S.
1882 298 2298 364 DEMETRII.

3342 307 3449 368 illi

218 444 302 498 της
327 421 655 490 ἐπισκοπῆς,
699 419 732 489 ἢ
784 419 877 472 καὶ
928 418 1061 472 ὡσεὶ
1101 414 1320 484 νεφέλαι
1369 416 1631 468 πέτασθαι
1677 416 1770 468 λεο

1888 416 2085 469 :xcelsa
2136 420 2246 483 rapi
2301 417 2636 471 conﬁdenter
2697 415 3078 486 gloriarentur,
3132 431 3233 486 ego
3293 419 3451 471 intel-

219 519 485 588 yfiﬁsovtat
521 512 587 565 ἂν
619 512 712 564 καὶ
743 511 925 575 αὐτοί;
959 507 1070 562 Καὶ
1099 507 1146 559 εί
1185 508 1258 577 μὴ
1282 505 1420 560 κατὰ
1453 507 1659 558 Παῦλον
1684 509 1760 570 εἰς

217 612 373 675 τρίτον
405 605 663 674 οιίιρανδν,
710 603 824 657 ἀλλ’
853 604 933 665 είς
985 601 1046 654 τὸ
1087 599 1181 653 τοῦ
1214 599 1434 669 πρώτου
1490 600 1765 668 μετέωρον

220 696 542 771 ἁρπάζεσθαι
567 693 914 766 θαρρούντως
937 692 1002 746 ἂν
1030 691 1348 762 αύχήσαιεν,
1373 688 1466 752 οὒς
1493 689 1588 742 καὶ
1616 709 1618 712 ν
1639 705 1769 742 συνο

219 790 444 858 νοοῦμαι,
475 787 627 848 ὅπως
645 786 744 855 τὴν
771 784 947 854 χαρὰν
997 780 1148 853 φόϐῳ
1205 780 1511 852 σύγκρατον
1560 779 1764 851 ἔχουσι.

220 882 460 950 Χαίρουσι
494 877 594 947 μὲν
619 877 751 946 γὰρ,
786 869 866 936 οἷς
902 873 1298 926 ἀπανίστανται
1320 871 1420 940 τῆς
1453 870 1559 923 τῶν
1608 871 1765 923 πολεο

223 970 484 1042 μίωνγῆς,
527 968 757 1029 καὶτοῖς
789 965 1011 1027 οἰκείοις
1045 961 1491 1027 ἐπανασὼζονται
1524 979 1538 992 ·
1565 961 1768 1030 ταράτ-

221 1078 377 1115 τονται
408 1060 489 1123 δὲ,
525 1057 866 1125 ἰλιγγιῶντες
890 1055 1024 1125 πρὸς
1058 1053 1157 1124 τὴν
1217 1054 1424 1108 ἄνωθεν
1453 1055 1565 1116 τοῖς
1617 1051 1771 1105 κάτω

216 1155 462 1221 ὲπάφεσιν
491 1152 590 1219 τῆς
616 1149 812 1219 ὅψεως.
843 1149 950 1202 Καὶ
975 1148 1009 1218 ἡ
1044 1147 1142 1216 μὲν
1164 1147 1308 1217 χαρὰ
1335 1145 1608 1199 θάλπουσα
1642 1161 1769 1196 κου-

221 1246 373 1314 φίζειν
405 1241 781 1312 ἐλαφρίζουσα
817 1239 940 1303 τοὺς
965 1237 1240 1297 τοιούτους
1275 1237 1441 1301 δοκεῖ,
1491 1235 1654 1304 φόϐος
1711 1235 1769 1288 δὲ

219 1335 512 1388 συστέλλων
559 1331 832 1403 βαρύνειν,
878 1331 972 1384 καὶ
996 1329 1070 1392 ὡς
1104 1331 1184 1392 εἰς
1211 1327 1476 1400 νέκρωσιν
1505 1328 1769 1399 καταρρι-

223 1432 354 1482 πιεῖν
385 1429 590 1490 αὐτοὺς
614 1425 883 1496 βούλεται,
907 1421 1333 1496 ἀεροϐατοῦντας
1366 1421 1466 1492 μὲν
1498 1421 1592 1475 καὶ
1616 1435 1773 1488 περι.

220 1519 486 1590 ηγητικῶς
509 1521 620 1580 τοῖς
645 1519 788 1571 κατὰ
810 1515 915 1587 γῆν
955 1517 1363 1580 ἐπιϐάλλοντας,
1399 1514 1500 1567 οὐκ
1552 1512 1772 1583 ἔχοντας

213 1612 262 1664 δὲ
289 1607 564 1662 πιστεύειν
590 1607 667 1679 τῷ
697 1607 1199 1678 τερατουργήματι,
1228 1604 1362 1657 ἀλλὰ
1407 1602 1769 1673 περιεργαζο-

217 1701 412 1768 μένους,
446 1699 498 1752 εἰ
533 1698 625 1751 καὶ
656 1696 835 1767 πτερὰ
853 1696 1065 1759 τούτοις
1099 1693 1511 1764 ἐπανεφύησαν.
1547 1695 1669 1747 Ὅτι
1715 1691 1771 1746 δὲ

1868 507 1972 576 ligo
2016 522 2186 575 quare
2239 510 2494 576 gan-lium
2550 510 2744 560 timore
2797 508 3014 560 mistttm
3051 510 3266 562 haheat.
3318 508 3448 562 Nam

1867 600 2096 668 gaudent
2129 599 2368 666 quidem,
2407 605 2547 668 quod
2587 599 2654 652 ab
2709 597 3051 654 inimicorum
3088 611 3232 654 terra
3279 591 3450 655 abdu-

1868 702 2063 745 cuntur
2110 701 2164 744 et
2221 692 2288 744 ad
2327 705 2458 744 suos
2517 699 2906 755 revertuntur;
2962 693 3246 746 turbantur
3295 710 3447 754 veru,

1867 793 2088 853 prepler
2137 797 2388 852 magnam
2442 796 2472 835 a
2518 781 2680 836 rebus
2731 779 2871 836 infra
2927 783 3057 838 visis
3105 784 3445 839 altitudinem

1868 873 2141 944 vertigine
2187 873 2518 928 laborantes.
2559 871 2622 925 Et
2657 873 2914 943 gaudium
2956 876 3174 944 quidem
3211 876 3446 932 alliciens

1870 962 1972 1020 hos
2022 964 2186 1034 agiles
2235 964 2385 1018 viros
2428 963 2644 1018 elevare
2682 965 2930 1030 videtur;
2981 966 3138 1020 timor
3170 983 3296 1022 vero
3333 985 3449 1036 pre.

1871 1071 2025 1111 mens
2061 1071 2291 1126 gravare
2319 1063 2373 1109 et
2408 1065 2666 1124 tanquam
2721 1055 2774 1108 in
2824 1069 3053 1125 mortem
3106 1061 3448 1130 praecipitare

1875 1164 1968 1205 eos
1999 1158 2250 1215 conatur,
2275 1162 2369 1218 per
2393 1163 2517 1202 aera
2549 1147 2770 1216 quidem
2801 1149 3168 1208 discurrentes
3190 1163 3244 1208 et
3267 1157 3450 1210 deam-

1870 1241 2108 1295 bulando
2142 1257 2262 1311 quae
2299 1242 2434 1294 [inut
2465 1255 2635 1313 Super
2663 1249 2862 1296 terram
2909 1245 3278 1312 iuspicientes,
3323 1263 3451 1300 cou-

1876 1332 2150 1386 lideutiam
2184 1348 2311 1389 vero
2341 1333 2409 1389 de
2439 1337 2689 1409 prodigio
2732 1354 2839 1392 non
2903 1337 3186 1400 habentes.
3227 1339 3322 1394 sed
3364 1341 3450 1394 in-

1870 1422 2150 1492 quirentes
2181 1440 2306 1477 num
2337 1424 2471 1496 ipsis
2497 1439 2845 1483 succrescant
2873 1429 2990 1482 alae.
3017 1431 3278 1493 Quoniam
3326 1448 3451 1485 veru

1873 1528 1980 1567 non
2001 1513 2114 1568 hac
2144 1515 2418 1569 metuendi
2443 1524 2498 1570 et
2529 1517 2594 1572 de
2624 1533 2884 1588 prospero
2913 1529 3112 1574 eventu
3137 1520 3450 1586 trepidandi

1873 1615 1957 1661 est
2009 1605 2187 1671 locus,
2244 1607 2398 1663 valde
2447 1620 2848 1667 consentaneus
2887 1621 2970 1666 est
3019 1614 3212 1667 anima:
3255 1631 3448 1684 angor.

1876 1700 1932 1753 Si
1979 1699 2121 1754 enim
2168 1699 2220 1752 in
2270 1713 2462 1768 aquam
2515 1702 2810 1759 immittere
2849 1719 2906 1759 se
2939 1705 3206 1776 discipulo
3260 1723 3452 1774 magno

219 1791 282 1862 μὴ
310 1791 484 1844 ταῦτα
517 1789 855 1859 περίκεινται
887 1787 1230 1850 ὑποδεδιότας
1260 1789 1354 1841 καί
1381 1787 1770 1856 ὑφορωμένους

1888 1792 2201 1861 displicuit,
2241 1791 2494 1848 ﬂuctibus
2553 1796 2882 1864 perterrito,
2939 1798 3062 1867 quis
3127 1809 3328 1854 temere
3397 1801 3448 1852 in

219 1884 266 1936 τὸ
285 1884 673 1947 εὐδιάπτωτον,
699 1882 792 1935 καὶ
826 1879 941 1950 ἔχει
962 1879 1097 1932 πολὺ
1133 1879 1194 1932 τὸ
1215 1878 1434 1947 εὕλογον
1478 1880 1512 1949 ἡ
1545 1878 1768 1948 τοιαύτη

213 1971 400 2043 ψυχικὴ
436 1970 694 2041 συστολὴ.
726 1971 912 2038 Είγὰρ
940 1970 1000 2021 τὸ
1032 1967 1184 2022 ὕδατι
1235 1969 1428 2023 ἐαυτὸν
1483 1970 1770 2036 ἐπαφεῖναι

1878 1896 2001 1935 aera
2065 1896 2124 1936 se
2179 1882 2348 1951 tollet,
2406 1884 2495 1953 qui
2541 1899 2670 1941 aere
2726 1887 3038 1943 solidiorem
3084 1905 3277 1960 aquam
3331 1905 3452 1946 esse

1878 1973 2060 2027 novit?

216 2063 352 2115 ὄκνον
380 2063 641 2131 ἐμποιεῖν
674 2055 782 2114 οἶδε
808 2059 1022 2130 μαθητῇ
1047 2059 1240 2128 ἐκείνῳ
1267 2058 1510 2131 μεγάλῳ,
1541 2060 1950 2133 κραδαινομένῳ
1981 2067 2092 2128 τοῖς
2125 2066 2356 2138 κύμασι,
2412 2068 2495 2132 τίς
2525 2069 2590 2123 ἂν
2628 2071 2712 2142 εἴη
2736 2072 2892 2140 ἀδεὴς
2921 2072 3192 2126 κυϐιστῶν
3237 2075 3439 2144 ἀέριος.

218 2155 676 2225 στερεμνιώτερον
700 2153 840 2224 ὕδωρ
869 2153 1029 2224 ἀέρος
1063 2147 1203 2206 εἶναι
1230 2152 1416 2220 είδώς;

281 2245 391 2318 μς’.
453 2247 577 2300 Εἰσὶ
623 2247 668 2300 δ’
709 2248 769 2300 ἐν
810 2249 920 2309 τοῖς
973 2244 1238 2309 τοιούτοις
1269 2246 1363 2300 καὶ
1411 2245 1664 2317 διαφοραὶ
1692 2243 1771 2315 τῷ

221 2343 470 2413 μάρτυρι,
499 2340 575 2404 ὡς
600 2341 667 2394 ἂν
692 2339 768 2411 τῷ
793 2339 936 2393 οὕτω
965 2338 1196 2410 ποικίλῳ
1227 2357 1427 2392 συνανα
1439 2339 1774 2409 μεμιγμένον

219 2435 295 2503 εἴη
352 2437 468 2495 τοῖς
531 2431 774 2502 θαύμασι
824 2435 918 2486 καὶ
976 2433 1037 2484 τὸ
1082 2433 1326 2501 ἐπίχαρι.
1365 2432 1501 2494 Τοὺς
1544 2431 1642 2499 μὲν
1667 2431 1776 2500 γὰρ

222 2525 520 2594 μετεώρους
548 2521 648 2592 τῆς
670 2522 924 2584 ἁλώσεως
960 2520 1344 2590 ὑπεξαγαγὼν,
1375 2513 1496 2571 εἶτα
1528 2521 1654 2589 περὶ
1671 2520 1776 2586 γῆν

220 2616 407 2684 τίθησι,
443 2614 541 2666 καὶ
566 2611 760 2682 ἀφίησι
784 2611 1065 2665 πονεῖσθαι
1097 2613 1225 2681 περὶ
1255 2611 1353 2681 τὴν
1386 2611 1618 2680 βάδισιν.
1667 2607 1776 2661 Οὓ-

216 2725 282 2759 τω
305 2707 409 2778 γὰρ
451 2706 756 2775 συμφέρειν
785 2703 1040 2773 διέκρινε,
1078 2705 1150 2772 μὴ
1205 2703 1444 2773 ἀπονητὶ
1497 2705 1778 2756 ἀποκατα-

219 2802 398 2865 στῆναι
430 2799 546 2860 τοῖς
575 2797 745 2862 ἰδίοις,
778 2797 912 2850 ἀλλὰ
943 2795 1128 2866 μόχθῳ
1158 2795 1254 2864 τὴν
1291 2793 1482 2864 λοιπὴν
1506 2794 1780 2864 σωτηρίαν

216 2888 562 2956 πορίσασθαι,
591 2889 686 2940 καὶ
714 2886 1030 2954 ἐπιγνῶναι,
1057 2885 1114 2945 ἐξ
1148 2884 1272 2938 οἴων
1290 2886 1370 2948 είς
1401 2880 1488 2938 οἶα
1543 2885 1777 2956 μετέπε-

218 2999 318 3036 σον.
346 2983 489 3044 Teii;
515 2981 574 3034 δὲ
599 2981 686 3034 διὰ
722 2980 897 3050 πάσης
933 2981 1205 3050 ἡρμένους
1256 2981 1382 3047 ἄγει
1427 2978 1526 3050 τῆς
1551 2979 1774 3050 μεταξὺ,

218 3072 304 3122 καὶ
354 3073 457 3142 τῆς
508 3069 619 3123 τῶν
681 3069 975 3140 βαρϐάρων
1039 3069 1404 3139 ἀναρπάσας,

219 3159 403 3229 ἀφίησι
433 3161 698 3230 πατῆσαι,
726 3158 806 3211 δτι
840 3157 916 3228 μὴ
941 3155 1038 3228 τὴν
1067 3157 1294 3220 ἑαυτῶν,
1328 3157 1402 3219 ὼς
1446 3158 1510 3210 ἂν
1557 3156 1780 3228 μηδενὸς

221 3253 374 3305 πόνου
406 3251 737 3322 γεύσωνται,
766 3247 880 3302 ἀλλ’
905 3249 987 3302 ἐνὶ
1020 3247 1245 3317 σταθμῷ
1265 3248 1364 3316 τὴν
1388 3245 1530 3300 οὕτω
1563 3247 1781 3316 μακρὰν

221 3347 439 3418 πορείαν
476 3344 826 3414 μετρήσωσιν
849 3341 1046 3410 ἀέριοι,
1083 3340 1157 3402 ὡς
1197 3339 1247 3392 εί
1303 3340 1395 3392 καὶ
1437 3343 1494 3393 ἐν
1537 3339 1780 3408 θαλάσσῃ

219 3435 538 3506 ἁπρόσκοπα
565 3431 992 3502 ναυτιλλόμενοι.
1032 3430 1265 3492 Πολλοὺς
1293 3429 1348 3483 δὲ
1398 3433 1491 3482 καὶ
1528 3429 1605 3500 τῷ
1651 3431 1780 3481 ἐαυο

222 3525 306 3576 τοῦ
330 3525 550 3592 τεμένει
577 3521 753 3591 τούτῳ
783 3519 1102 3589 ἐγκαθιστᾷ,
1131 3518 1216 3570 ῐνα
1239 3517 1515 3570 κάνταῦθα
1550 3517 1654 3585 πρὸ
1673 3516 1802 3568 τῶν»

223 3613 388 3666 ἄλλων
414 3613 466 3665 οἱ
488 3610 794 3683 πατριῶται
822 3609 915 3662 τοῦ
946 3609 1222 3679 θαύματος
1252 3606 1361 3661 εἷεν
1412 3609 1708 3678 μάρτυρες.

289 3703 398 3776 με’.
448 3705 510 3758 '0
563 3704 628 3774 δὴ
681 3702 944 3767 τοιοῦτος,
1009 3705 1103 3754 καὶ
1143 3699 1285 3753 οῦτω
1346 3699 1783 3765 κατεξουσιὰξων

221 3797 316 3866 τῆς
346 3797 538 3868 ἀερίας
568 3795 797 3866 χύσεως,
828 3794 982 3857 τίνας
1017 3794 1116 3846 ούκ
1162 3793 1228 3847 ἂν
1277 3792 1499 3863 ῥᾳδίως,
1555 3791 1676 3844 ὅθεν
1716 3792 1783 3843 ἂν

220 3885 988 3956 ἐπινεύσειε,ρύσαιτο;11ὦς
1041 3885 1096 3936 δὲ
1145 3885 1244 3936 οὐκ
1296 3883 1361 3936 ἂν
1413 3883 1507 3935 καὶ
1562 3882 1784 3950 ἀνέμοις

221 3981 484 4045 ὲπιτάξοι,
519 3980 612 4031 καὶ
637 3979 898 4046 σκηπτοῐς
929 3977 1266 4044 ἐπιτιμήσοι,
1316 3975 1407 4026 καὶ
1457 3973 1642 4034 ὑετοὺς
1703 3971 1782 4037 δὲ,

217 4075 339 4132 τοὺς
369 4071 469 4139 μὲν
508 4067 788 4122 ἀναστελεί
817 4065 1246 4133 καταγομένους,
1277 4065 1398 4115 ὅποι
1426 4079 1485 4114 τε
1539 4065 1634 4114 καὶ
1693 4063 1783 4114 ὅτε

225 4163 299 4229 μὴ
346 4161 554 4213 τούτων
605 4160 788 4227 χρεία,
839 4141 962 4219 τοὺς
1018 4155 1075 4207 δὲ
1137 4154 1477 4225 καταρῤήξει
1530 4152 1784 4222 αἰτούμε-

216 4271 352 4319 νος;
418 4247 492 4304 ὧν
551 4252 614 4320 δὴ
675 4251 891 4304 πάντων
935 4249 1186 4300 εὐκταῖον
1232 4246 1588 4315 καθηγεῖσθαι
1653 4245 1784 4314 ἡμῖν

220 4342 617 4411 προϊστάμενον
686 4344 774 4393 τὸν
832 4335 1244 4408 εύεργετοῦντα⁹⁴
1283 4339 1367 4406 ἐφ’
1422 4336 1666 4401 ἅπασιν,
1727 4337 1784 4399 ὃς

1947 2243 2037 2298 46.
2056 2244 2191 2299 Sttnt
2211 2255 2391 2302 autent
2416 2249 2465 2303 in
2481 2248 2672 2306 talibus
2693 2263 2747 2306 et
2761 2252 3104 2308 diversitates
3122 2255 3173 2310 in
3192 2265 3450 2328 martyre,

1879 2338 2034 2405 quasi
2075 2338 2177 2394 hac
2211 2341 2478 2396 varietate
2507 2341 2724 2397 mistum
2761 2342 2924 2397 fuerit
2959 2346 3218 2416 prodigiis
3253 2349 3450 2418 jucun-

1881 2429 2062 2482 tlitatis
2110 2433 2476 2486 commodum.
2518 2431 2727 2487 Etenim
2787 2436 2920 2488 alios
2953 2450 2983 2490 e
3016 2439 3325 2507 captivitate
3361 2455 3457 2494 ex-

1883 2529 2085 2575 tractos
2107 2537 2267 2592 super
2295 2532 2436 2576 terra
2464 2524 2680 2593 deponit
2698 2535 2753 2580 et
2776 2527 3008 2582 molesto
3033 2528 3224 2585 itinere
3245 2530 3456 2601 fatigat.

1886 2609 1974 2662 Sic
2015 2611 2158 2664 enim
2192 2623 2553 2680 opportunum
2583 2613 2846 2682 judicavit
2889 2629 2991 2666 non
3035 2617 3240 2684 absque
3272 2617 3457 2671 labore

1882 2703 2260 2772 rediutegrari,
2288 2704 2381 2755 sed
2426 2719 2547 2755 cum
2596 2704 2910 2772 gravamiue
2951 2720 3044 2760 eos
3080 2706 3342 2760 salvatutn
3390 2709 3452 2761 iri

1879 2800 2042 2860 atque
2094 2805 2424 2862 cognoscere
2481 2801 2823 2862 quantopere
2887 2793 3022 2863 lapsi
3096 2804 3245 2849 sunt.
3307 2797 3457 2850 Alios

1881 2900 1980 2951 per
2011 2901 2169 2952 quam
2207 2885 2446 2939 elevatus
2482 2886 2550 2940 ab
2584 2887 2728 2940 Otlttti
2771 2887 3090 2941 intermedio
3127 2897 3181 2941 et
3218 2889 3458 2957 periculo

1889 2977 2247 3030 barbarorum
2285 2975 2561 3031 abducens
2595 2976 2734 3031 haud
2770 2978 2894 3030 alibi
2931 2977 3174 3034 incidere
3204 2979 3358 3044 sinit,
3382 2980 3453 3033 ita

1459 3069 1559 3120 οὐκ
1615 3069 1779 3138 ἄλλην
1807 3087 1848 3144 C
1885 3081 1942 3120 ιιι
1971 3083 2068 3122 nec
2108 3067 2408 3138 proprium,
2439 3083 2540 3123 nec
2573 3067 2866 3138 quemlibet
2923 3069 3164 3126 laborem
3216 3081 3456 3138 gustent,

1885 3159 1976 3210 seti
2006 3174 2109 3212 uno
2138 3159 2273 3213 saltu
2312 3161 2448 3214 adeo
2474 3159 2684 3229 longam
2715 3163 2854 3215 viam
2891 3162 2944 3215 in
2981 3177 3106 3218 aere
3141 3165 3450 3232 conticiant,

1886 3259 1940 3302 ιιι
1975 3249 2028 3304 in
2062 3251 2196 3304 mari
2235 3252 2437 3321 absque
2473 3252 2857 3322 impedimento
2893 3254 3228 3326 navigantes.
3264 3255 3459 3310 Multos

1887 3358 2014 3395 vero
2043 3351 2095 3394 et
2127 3342 2180 3396 itt
2220 3342 2320 3397 isto
2358 3343 2554 3414 templo
2587 3359 2683 3400 suo
2709 3349 2923 3413 statuit,
2968 3356 3027 3400 ut
3065 3346 3136 3402 ibi
3169 3357 3296 3403 ante
3322 3349 3456 3404 alios

1887 3433 2116 3503 prodigii
2159 3443 2326 3490 testes
2367 3435 2496 3490 sint.

1954 3717 2044 3770 47.
2066 3716 2162 3770 llic
2194 3719 2274 3773 vlr
2314 3734 2556 3773 summus
2583 3730 2635 3774 et
2672 3735 2835 3788 super
2864 3736 3052 3777 aereas
3085 3723 3330 3792 regiones
3367 3741 3462 3794 po-

1885 3818 2131 3862 teSLatem
2157 3809 2380 3873 habens,
2399 3826 2659 3879 quosnam
2681 3829 2782 3864 non
2803 3811 3031 3867 faciliter
3045 3816 3256 3880 quando
3280 3815 3462 3868 volue-

1886 3903 1973 3954 rit.
1992 3900 2220 3972 eripiet?
2239 3901 2515 3967 Quomodo
2539 3918 2642 3956 non
2687 3914 2738 3958 et
2758 3906 2932 3958 ventis
2956 3904 3260 3974 imperaret,
3296 3906 3462 3974 fulgu-

1890 3993 2036 4044 ribus
2059 3993 2482 4046 comminaretur
2508 4002 2561 4046 et
2585 3992 2788 4049 imbres
2812 3993 2924 4062 jam
2949 3995 3294 4050 imminentes
3317 3998 3458 4067 fuga

1887 4095 1967 4137 ret
1988 4084 2076 4138 ubi
2094 4095 2146 4139 et
2163 4087 2376 4155 quando
2395 4101 2498 4141 non
2517 4094 2644 4141 sunt
2663 4087 2979 4155 utiles,alias
2998 4104 3121 4143 vero
3145 4090 3464 4146 sollicitatus

1884 4174 2220 4229 ell‘umleret?
2268 4175 2365 4230 llis
2408 4176 2477 4231 de
2540 4178 2720 4232 causis
2761 4180 3056 4248 Optandum
3110 4191 3192 4235 est
3247 4193 3302 4237 ut
3361 4201 3457 4238 nos

1887 4269 2147 4335 gubernet
2194 4267 2284 4333 qui
2333 4269 2586 4324 omnibus
2634 4269 2921 4338 benefaoit,
2951 4274 3042 4340 qut
3090 4272 3263 4327 fertur
3302 4276 3452 4342 quasi

1889 4359 2090 4422 nando,
2124 4372 2288 4426 super
2340 4369 2633 4430 unguenta,
2663 4376 2762 4417 nee
2807 4377 2912 4418 non
2965 4379 3130 4432 super
3177 4367 3460 4428 miracula,

221 4432 533 4502 πελαγίζων
608 4432 796 4502 ὥσπερ
860 4432 1082 4502 μύροις,
1143 4431 1284 4483 οὕτω
1363 4432 1456 4483 καὶ
1519 4428 1778 4512 θαύμασι,

1897 4462 1949 4504 et
1979 4460 2146 4506 totum
2172 4451 2360 4506 orbem
2394 4454 2703 4507 considerat
2734 4465 2787 4507 et
2818 4453 2871 4508 in
2904 4456 3048 4508 omni
3081 4455 3466 4508 dominationis

220 4530 315 4578 καί
352 4529 533 4580 πᾶσαν
584 4525 684 4594 μὲν
721 4525 1043 4594 οἰκουμένην
1102 4523 1582 4590 ἐπισκεπτόμενος,
1624 4521 1715 4572 καὶ
1742 4522 1798 4572 ὲν

221 4630 392 4672 παντι
476 4620 624 4688 τόπῳ
689 4619 787 4686 τῆς
836 4616 930 4668 τοῦ
986 4615 1120 4668 Θεοῦ
1166 4614 1482 4676 δεσποτείας
1529 4609 1801 4681 ὑμνούμε-

219 4727 334 4775 νος,
395 4711 480 4763 ’ίνα
515 4712 544 4764 ὁ
590 4712 702 4772 τοίς
750 4709 910 4772 θείοις
934 4705 1388 4778 ὲπηκολουθηκὼς
1413 4706 1798 4776 προστάγμασι

220 4801 561 4871 περιάγηται
588 4798 867 4871 πανταχοῦ
903 4801 1027 4867 γῆς,
1078 4799 1172 4850 καὶ
1227 4797 1798 4850 συνεπακολουθοῦντα

219 4894 320 4964 ἔχῃ
350 4895 464 4955 τοῖς
483 4893 575 4947 τοῦ
603 4893 876 4945 Δεσπὸτου
909 4893 1004 4943 καὶ
1024 4889 1091 4943 τὰ
1118 4888 1240 4942 κατ’
1266 4888 1426 4942 αὐτὸν
1452 4887 1726 4958 ἐγκώμια.

293 4989 410 5053 μη’.
448 4984 554 5050 Τὴν
591 4980 787 5036 ἑαυτοῦ
822 4980 1025 5050 ταύτην
1064 4980 1204 5047 φιλεῖ
1234 4978 1491 5049 μάλιστα,
1551 4980 1645 5031 καὶ
1703 4979 1798 5031 ἁν-

219 5078 555 5145 επίστροφος
586 5075 754 5143 αὐτῆς
779 5073 895 5125 οὐδὲ
930 5075 985 5124 ἐν
1043 5075 1153 5132 τοῖς
1211 5069 1572 5140 βραχυτάτοις
1628 5085 1798 5122 καταο

220 5169 581 5240 λαμϐάνεται.
615 5169 678 5221 El
729 5168 784 5221 δὲ
824 5167 1027 5238 Κύριος
1081 5167 1269 5233 ἀγαπᾷ
1300 5167 1395 5227 τὰς
1440 5164 1614 5227 πύλας
1663 5164 1800 5217 Σιὼν

222 5264 377 5330 ὑπὲρ
412 5263 579 5315 πάντα
602 5261 669 5314 τὰ
700 5258 1036 5330 σκηνώματα
1074 5257 1291 5323 Ἰακὼΰ,
1335 5257 1431 5310 καὶ
1483 5259 1562 5320 εἰς
1601 5257 1799 5309 οἰκεῖον

224 5357 502 5424 σκήνωμα
520 5355 577 5407 τὸ
605 5355 722 5407 ἐκεῖ
749 5354 1108 5424 ἐγγράφεται,
1136 5351 1329 5420 ἔχομεν
1350 5353 1441 5405 καὶ
1468 5353 1628 5422 ἡμεῖς
1653 5355 1798 5406 ἐκεῖ·

221 5445 319 5497 θεν
351 5448 1254 5518 παραποιήσαντες,προσαρμόσαι
1303 5445 1382 5516 τῷ
1421 5447 1658 5516 μάρτυρι
1701 5446 1800 5517 τὴν

222 5538 433 5606 ὁμοίαν
493 5540 586 5593 ἐπὶ
637 5539 716 5609 τῷ
757 5537 878 5591 κατ’
936 5538 1098 5591 αὑτὸν
1135 5537 1307 5607 τούτῳ
1348 5538 1664 5609 σκηνώματι
1716 5557 1802 5608 ιρι-

220 5627 465 5698 λητικὴν
494 5632 818 5700 σεμνότητα,
854 5631 949 5683 καὶ
977 5631 1003 5682 ὁ
1037 5629 1189 5696 λόγος
1234 5630 1377 5698 μέγα
1436 5631 1804 5684 καταπλουτεί

1903 4543 1994 4597 Dei
2039 4545 2154 4598 loco
2200 4543 2524 4607 celebratur,
2555 4552 2614 4597 ut
2667 4546 2760 4612 qui
2807 4545 3000 4598 divinis
3051 4547 3339 4599 obsecutus
3387 4557 3467 4600 est

1903 4635 2171 4687 mandatis
2203 4633 2401 4702 ubique
2444 4641 2706 4686 terrarum
2749 4632 3072 4694 celebretur,
3103 4643 3150 4686 et
3195 4648 3317 4687 eum
3361 4635 3465 4689 Do-

1903 4724 2031 4777 mini
2068 4723 2318 4778 laudibus
2345 4723 2533 4776 laudes
2565 4737 2692 4776 suas
2731 4722 2926 4776 habeat
2960 4722 3298 4794 cenjuuctas.

1970 4991 2062 5047 48.
2087 4991 2251 5048 Istam
2285 5004 2438 5045 suam
2480 4991 2779 5058 praesertim
2808 5000 2974 5057 amat,
3003 4993 3156 5061 Cujus
3191 4993 3467 5064 negligens

1901 5096 2002 5136 nec.
2031 5084 2083 5137 in
2114 5081 2350 5136 minimis
2371 5080 2809 5149 deprehenditur.
2845 5081 2901 5135 Si
2936 5098 3058 5136 vero
3087 5085 3259 5154 diligit
3287 5085 3470 5138 Denti-

1900 5190 2004 5230 nus
2053 5183 2239 5243 portas
2274 5165 2610 5240 Sion'super
2658 5174 2840 5226 omnia
2895 5174 3239 5228 tabernacula
3278 5174 3504 5241 18601),-

1901 5267 2039 5333 et;in
2088 5264 2306 5334 proprio
2353 5265 2699 5319 tabernaculo
2731 5267 2800 5320 ibi
2863 5267 3089 5332 habitat,
3126 5284 3230 5324 nos
3256 5285 3470 5338 quoque

1897 5355 2021 5409 inde
2053 5355 2276 5425 martyri
2309 5355 2539 5410 similem
2578 5357 2970 5411 transferamus
3000 5372 3124 5424 erga
3164 5359 3323 5412 istum
3349 5360 3468 5423 ejus

1900 5447 2304 5501 tabernaculum
2355 5445 2711 5514 ntajestatem,
2743 5457 2797 5501 et
2838 5463 3017 5502 sermo
3068 5449 3262 5502 rationi
3315 5449 3468 5501 valde

1900 5540 2251 5595 conlormiter
2301 5539 2537 5594 ditescit.
2602 5540 2760 5595 Videt
2827 5541 2891 5592 loo
2914 5556 3003 5593 um
3056 5539 3108 5592 in
3161 5555 3265 5606 quo
3322 5539 3468 5594 aliud

1901 5647 2064 5702 quam
2097 5633 2468 5700 evangelicum
2507 5640 2834 5700 prmeeptum
2878 5633 3148 5700 propoait.

224 5724 286 5773 τ’»
331 5714 566 5787 εὔλογον.
619 5721 752 5790 Ὁρᾷ
777 5723 866 5774 τὸν
890 5719 1074 5789 τόπον,
1113 5723 1168 5775 ἐν
1203 5713 1248 5788 ᾧ
1316 5721 1474 5777 ἄλλον
1526 5723 1724 5792 τρόπον
1783 5722 1814 5790 ἧ
1853 5723 1912 5774 τὸ
1943 5723 2294 5793 εὑαγγελικὸν
2331 5721 2619 5792 ὑποτίθησι
2654 5722 3037 5791 παράγγελμα.
