3916 6244
477 321 588 385 Ξὶθ

1195 319 1611 381 EUS’l‘A’l'Illl
1636 315 2394 377 TllESSALONlCENSIS
2427 285 2992 374 METROPOLlTxE

3617 318 3715 371 ‘2‘20

485 445 822 499 nequaquam
876 429 1034 491 tales.
1096 430 1191 484 sed
1238 441 1293 483 ut
1333 428 1520 481 Simon
1577 429 1631 481 in
1675 437 1836 493 caput
1867 425 2040 495 prola-

2168 423 2258 480 ἵεν
2286 429 2332 481 οἰ
2383 429 2522 481 κατὰ
2575 427 2726 492 Θεον,
2763 429 2949 481 οὐκέτι
2997 427 3254 492 τοιοῦτοι,
3306 427 3423 480 ἀλλ’
3485 422 3599 479 οἷον
3635 429 3718 479 καὶ

483 523 705 587 buntur,
728 519 867 576 sicut
898 521 1115 576 Lucifer
1159 519 1462 588 praecipites
1485 519 1706 573 cadunt.
1738 518 1884 571 Talis
1915 531 2044 584 ergo

480 625 629 664 scala
658 612 761 666 ista
787 613 1032 666 columna
1050 623 1130 666 est
1157 611 1389 665 arduum
1413 611 1535 664 boni
1562 611 1855 680 fastigium,
1874 617 1928 663 et
1950 609 2044 678 qui

487 719 581 770 per
621 703 789 770 ipsam
817 718 1030 758 sursum
1059 703 1481 774 progrediuntur
1511 703 1696 758 multis
1741 703 1947 756 nisibus
1977 701 2044 755 ad

484 793 697 846 virtutis
713 793 986 864 fastigium
1000 795 1237 859 veniunt,
1257 794 1411 863 quasi
1430 794 1655 862 abrupto
1674 793 1949 847 vitandum:
1965 793 2049 846 iti-

485 897 614 936 nere
645 893 699 937 et
722 882 1033 937 diﬂicilibus
1061 883 1298 937 aditibus
1325 884 1612 952 dirempto;
1631 885 1880 940 deorsum
1910 897 2040 940 vero

483 987 544 1022 es
575 973 687 1038 ipsa
721 973 770 1025 in
792 989 1029 1040 prmeeps
1053 974 1308 1038 volutati,
1366 974 1508 1027 inter
1541 991 1675 1043 quos
1725 990 1911 1029 eorum
1955 975 2046 1045 qui

480 1061 746 1116 altissimo
789 1064 898 1117 Deo
951 1065 1228 1118 adhaerent
1278 1065 1456 1119 nullus
1486 1067 1794 1138 tprojicitur
1827 1105 1843 1131 ,
1894 1066 2045 1136 lapsu

480 1155 628 1224 gravi
663 1156 716 1208 iu
745 1156 938 1209 tartari
975 1155 1229 1226 abyssum
1261 1165 1445 1210 ruunt.

554 1425 608 1478 ι.
647 1421 802 1478 Mons
833 1438 1048 1494 quoque
1078 1424 1326 1479 columna
1359 1425 1487 1489 ista,
1524 1425 1669 1480 unde
1704 1428 1854 1480 venit
1892 1428 2048 1482 auxi-

485 1517 612 1569 lium
645 1532 674 1571 a
701 1517 810 1572 Deo
840 1517 911 1570 illi
954 1519 1044 1586 qui
1065 1533 1130 1571 eo
1159 1517 1344 1572 oculos
1373 1517 1552 1586 erigit,
1587 1518 1640 1571 in
1665 1534 1767 1587 qua
1807 1531 1860 1573 ut
1885 1535 2048 1589 super

487 1618 668 1663 monte
706 1609 890 1677 aliquo
919 1624 1041 1662 cum
1091 1610 1394 1678 patriarcha
1425 1610 1590 1663 lilium
1621 1610 1864 1665 immolat
1887 1627 2045 1666 suum

486 1715 671 1768 purus,
703 1701 898 1772 quisic
933 1701 1121 1755 suavia
1168 1701 1276 1756 Deo
1334 1701 1525 1757 afferre
1555 1702 1748 1772 dignus
1783 1685 1866 1758 est
1897 1704 2050 1758 habi-

488 1805 595 1848 IIIS.

552 1887 604 1939 5.
629 1885 970 1954 Conspicitur
987 1894 1040 1940 et
1059 1887 1165 1942 isto
1186 1887 1238 1940 in
1258 1895 1438 1940 monte
1455 1887 1649 1952 malus,
1670 1887 1762 1956 qui
1792 1887 1843 1940 in
1869 1887 2047 1941 anima

484 1977 751 2043 plantatns
790 1992 1068 2046 nunquam
1103 1977 1337 2030 hominis
1381 1993 1571 2032 navem
1593 1988 1743 2031 extra
1771 1978 2050 2046 spirituale

490 2068 812 2121 :urriculum
857 2066 1192 2121 circumferri
1243 2079 1298 2122 et
1353 2066 1544 2137 jactari
1605 2069 1762 2130 sinet.
1808 2069 2046 2138 quandiu

479 2160 920 2223 autfaventibus,
963 2171 1055 2214 aut
1087 2160 1333 2214 adversis
1391 2161 1562 2215 ventis
1621 2175 1714 2230 per
1742 2161 1864 2215 vita:
1901 2174 2050 2214 mare

481 2252 718 2320 navigat.

555 2427 611 2482 6.
639 2427 898 2484 Tumulus
926 2430 1027 2483 iste
1060 2431 1274 2487 virtutis
1311 2432 1524 2502 signum
1567 2432 1746 2494 habet,
1780 2433 1936 2502 cujus
1983 2449 2049 2488 ex

482 2521 710 2574 adverso
737 2521 827 2589 qui
880 2530 1025 2577 stant
1059 2537 1334 2591 nunquam
1365 2539 1394 2575 a
1426 2525 1627 2589 pietate
1665 2524 2048 2591 declinabunt;

485 2610 603 2679 qui,
665 2611 709 2666 si
764 2627 955 2666 errans
1001 2627 1029 2665 a
1086 2622 1234 2667 recta
1277 2613 1578 2667 secundum
1635 2614 1902 2668 rationem
1963 2616 2048 2669 via

486 2703 856 2769 declinaverit,
910 2712 1001 2757 aut
1059 2705 1213 2759 deses
1246 2705 1357 2759 alto
1402 2706 1691 2774 depressus
1717 2705 1906 2771 fuerit,
1941 2723 2048 2761 non

483 2796 591 2850 erit
619 2797 758 2850 sicut
790 2805 1001 2851 montes
1048 2808 1100 2849 et
1130 2797 1296 2852 colles
1322 2813 1444 2867 quae
1471 2799 1768 2853 secundum
1806 2797 2052 2869 Scriptu-

487 2905 600 2944 ram
635 2892 1011 2946 humiliantur.

556 2986 610 3036 7.
645 2982 1104 3054 Gazepbylacium
1137 2983 1389 3037 columna
1422 2985 1512 3038 illa
1543 2985 1597 3040 in
1655 2989 1908 3054 supernis
1933 2997 2049 3040 tuto

2075 1756 2124 1814 B

2149 524 2292 577 κατὰ
2321 525 2540 594 Σίμωνα
2582 525 2881 594 κατωκάρα
2926 526 3276 592 στρέφονται,
3312 525 3404 576 καί
3447 523 3508 575 τὸ
3542 525 3720 591 χεῖρον

2149 617 2223 679 ὡς
2253 619 2332 680 εἰς
2360 618 2641 686 ἑωσφόρον
2675 616 3225 687 καταῤῥιπτούμενον
3258 618 3567 670 τάττονται.
3597 615 3720 667 Τοι-

2151 708 2289 778 αύτη
2316 727 2372 762 τε
2411 704 2502 762 οὖν
2533 710 2736 780 κλίμαξ
2763 711 2790 762 6
2828 709 3068 772 τοιοῦτος
3103 728 3121 760 ι
3159 708 3372 771 στύλος,
3409 727 3428 759 ι
3463 708 3560 761 καὶ
3583 708 3721 775 ἄκρα

2150 799 2208 854 δὲ
2239 801 2452 872 κορυφὴ
2487 801 2715 870 ἀγαθοῦ.
2759 802 2869 856 Καὶ
2893 803 2941 855 οἱ
2983 801 3071 854 ἐπ’
3103 801 3276 872 αὐτὴν
3318 799 3530 854 ἀνιέναι
3566 799 3718 870 μελε-

2151 894 2418 962 τήσαντες
2446 894 2847 965 ἁναρῤιχῶνται
2872 895 2951 956 εἰς
2979 896 3038 946 τὸ
3063 896 3161 964 τῆς
3190 893 3393 962 ἀρετῆς
3419 892 3616 958 ἄκρον,
3645 891 3718 954 ὡς

2149 986 2236 1040 διὰ
2273 985 2534 1056 τραχείας
2568 985 2688 1038 ὁδοῦ
2718 987 2813 1053 τῆς
2843 986 2900 1038 ἐν
2935 985 3038 1055 βίῳ
3087 984 3334 1056 σκληρῷ,
3367 985 3464 1037 καί
3494 979 3566 1054 ἦς
3590 985 3718 1038 πολὺ

2149 1076 2210 1130 τὸ
2235 1075 2464 1140 ἄναντες
2483 1094 2499 1109 ο
2540 1077 2589 1129 οἰ
2620 1077 2665 1129 δ’
2712 1071 2779 1129 αὖ
2821 1076 3280 1144 κατακυλιόμενοι
3311 1076 3370 1142 ἑξ
3420 1076 3615 1144 αὐτῆς,
3645 1067 3720 1135 οἷς

2150 1169 2339 1239 μηδεὶς
2381 1169 2758 1239 συγκαταὸαἰη
2795 1167 2907 1222 τῶν
2937 1169 3050 1221 ὅσοι
3083 1167 3161 1238 τῷ
3209 1153 3422 1237 ὑψίστῳ
3451 1165 3574 1234 Θεῷ
3603 1166 3716 1218 ἐπι-

2149 1263 2475 1331 γράφονται,
2504 1261 2748 1324 εὐπετῶς
2770 1262 2849 1324 εἰς
2870 1259 3144 1331 ταρτάρου
3171 1259 3358 1328 χάσμα
3382 1257 3719 1311 κατολισθαί-

2150 1369 2356 1408 νουσιν.

2220 1443 2284 1500 δ’.
2324 1463 2342 1496 ι
2381 1446 2542 1515 Ὄρος
2575 1467 2594 1498 ι
2629 1446 2724 1499 καί
2752 1445 2780 1496 6
2815 1462 2835 1496 ι
2869 1445 3056 1508 στύλος
3090 1465 3109 1498 ι
3150 1438 3328 1508 οὗτος,
3373 1444 3499 1498 ὅθεν
3530 1447 3566 1514 ἡ
3607 1443 3720 1498 θεός

2151 1536 2242 1589 θεν
2269 1537 2394 1606 ἥκει
2427 1537 2646 1605 βοήθεια
2671 1537 2749 1606 τῷ
2783 1538 2964 1589 ἐκεῖσε
2995 1539 3120 1598 τοὺς
3152 1536 3468 1605 ὀφθαλμοὺς
3487 1537 3718 1606 αἴροντι,

2150 1630 2208 1680 ἐν
2233 1621 2277 1696 ᾧ
2314 1627 2407 1680 καί
2441 1627 2517 1690 ὠς
2555 1629 2612 1678 ἐν
2639 1628 2718 1680 ἐνὶ
2748 1627 2854 1679 τῶν
2892 1626 3061 1696 ὀρέων
3093 1623 3340 1689 θυσιάζει
3376 1641 3713 1694 πατριαρχι-

2151 1719 2261 1782 κῶς
2291 1720 2379 1772 τὸν
2407 1720 2464 1770 ὲν
2487 1718 2661 1787 ἑαυτῷ
2699 1719 2864 1772 πιίδα
2891 1719 2920 1770 6
2964 1717 3230 1788 καθαρὸς,
3268 1719 3378 1780 ,καὶ
3407 1717 3713 1786 ἠξιωμένος

2150 1809 2293 1862 οὓτω
2323 1808 2622 1877 καλλιερεῖν
2655 1809 2732 1875 τῷ
2763 1808 2904 1879 Θεῷ.

2220 1906 2280 1952 ε’.
2327 1900 2624 1968 Θεωρεῖται
2668 1899 2761 1952 καί
2804 1918 2888 1963 τις
2919 1919 2937 1952 ι
2973 1898 3116 1963 ἱστὸς
3141 1917 3159 1951 t
3210 1900 3303 1953 ἐπὶ
3336 1894 3431 1952 τοῦ
3466 1898 3709 1952 τοιούτου

2149 1994 2331 2065 ὅρους,
2360 1993 2417 2056 6;
2461 1993 2853 2062 ὲναποληφθείς
2885 2009 3015 2046 ποτε
3046 1993 3126 2055 εἰς
3165 1991 3364 2062 ψυχὴν,
3395 1991 3498 2044 ούκ
3531 1990 3600 2044 ἂν
3656 1992 3713 2044 τὸ

2151 2083 2272 2138 κατ’
2305 2083 2588 2153 ἄνθρωπον
2618 2085 2823 2153 σκάφος
2857 2084 3124 2154 ὠφελείας
3163 2082 3267 2148 ἔξω
3305 2083 3508 2153 ἀφήσει
3548 2083 3714 2151 φέρε·

2153 2179 2297 2241 σθαι,
2349 2176 2444 2230 καὶ
2492 2178 2614 2230 ὅποι
2663 2178 2815 2246 τύχοι
2848 2174 3174 2241 πλάζεσθαι,
3230 2173 3320 2226 ὅτε
3369 2173 3462 2226 τὸν
3514 2173 3710 2226 ἑαυτοῦ

2149 2266 2348 2336 τρόπον
2373 2265 2430 2331 ἐξ
2457 2264 2654 2334 οὐρίων
2687 2263 2718 2335 ἢ
2755 2265 2847 2318 καὶ
2887 2263 3061 2328 ἄλλως
3089 2261 3188 2335 τὴν
3228 2262 3323 2316 τοῦ
3354 2262 3472 2329 βίου
3514 2261 3716 2315 διαθέει

2152 2357 2452 2412 θάλασσαν.

2222 2451 2298 2512 ς’.
2333 2464 2352 2498 ‹
2382 2445 2576 2508 Βουνὺς
2607 2465 2626 2498 ι
2666 2439 2842 2512 οὗτος,
2897 2447 2996 2511 τὴν
3044 2445 3145 2514 τῆς
3189 2444 3389 2515 ἀρετῆς
3419 2444 3562 2515 ἔχων
3613 2462 3715 2514 cq-

2154 2537 2340 2607 μαίαν,
2389 2536 2585 2608 ἢνούκ
2637 2537 2748 2590 ἔσθ’
2799 2538 2948 2601 ὅπως
2995 2537 3097 2590 οὐκ
3143 2536 3611 2606 εὐλαϐηθήσονται
3667 2537 3713 2588 οἰ

2150 2627 2538 2696 ἀντικείμενον
2595 2629 2675 2693 6;,
2727 2631 2776 2682 εἰ
2830 2628 3137 2697 πλαγιάσας
3183 2629 3582 2698 παρεγκλιθείη
3620 2626 3717 2680 τοῦ

2151 2720 2295 2773 κατὰ
2330 2720 2486 2788 λόγον
2515 2719 2720 2789 ὀρθίου,
2773 2720 2806 2790 ἢ
2854 2721 2947 2773 καὶ
2997 2720 3292 2789 συνιζήσας
3335 2720 3718 2787 ὑποκαταϐαίη

2153 2812 2247 2864 τοῦ
2273 2812 2461 2882 ὕψους,
2493 2813 2593 2865 ούκ
2628 2811 2694 2864 ἂν
2721 2811 2969 2882 διαφέροι
2995 2813 3166 2881 ὀρέων
3195 2830 3254 2867 τε
3289 2813 3382 2866 καὶ
3427 2812 3659 2882 βουνῶν.
3688 2811 3721 2864 ἃ

2150 2905 2532 2958 ταπεινοῦνται
2565 2905 2658 2958 καὶ
2688 2905 2830 2958 κατὰ
2859 2905 2955 2970 τὴν
2984 2906 3230 2976 Γραφήν.

2223 2995 2288 3060 ζ’.
2318 3015 2336 3048 ι
2367 2996 2770 3066 Γαζοφυλάκιον
2824 2998 2850 3049 6
2903 2995 3091 3059 στύλος
3131 3018 3150 3048 ι
3200 2988 3380 3061 οὗτος,
3428 2997 3720 3068 ύπερανῳ-

484 3073 811 3127 aedificatum
837 3083 891 3126 et
917 3074 983 3126 ab
1013 3071 1211 3127 infimis
1252 3085 1622 3144 segregatum,
1685 3093 1784 3132 nec
1839 3079 2052 3133 insidiis

2168 3090 2410 3158 ιισμένον
2441 3088 2695 3154 ἀσφαλῶς
2720 3090 2813 3140 καί
2838 3088 3264 3158 ἁνακεχωρηκδς
3286 3088 3394 3140 τῶν
3422 3089 3597 3154 κάτω,
3631 3093 3722 3144 καὶ

483 3174 542 3219 et
592 3165 712 3219 loco
753 3179 1056 3228 accessum,
1085 3166 1138 3218 in
1161 3179 1270 3234 quo
1309 3166 1605 3234 spiritualis
1660 3169 1944 3224 thesaurus
1971 3185 2052 3223 re-

486 3257 755 3321 conditur,
785 3256 976 3318 virtus,
1007 3257 1159 3325 cujus
1184 3258 1417 3325 pretium
1449 3259 1630 3312 omnia
1659 3269 1882 3326 superat
1911 3277 1925 3326 ;
1955 3261 2044 3330 qui

487 3347 628 3414 apud
672 3347 835 3400 Deum
875 3358 1246 3410 eoaecrvatur.
1272 3351 1572 3406 secundum
1607 3350 1967 3423 Scripturam,
2002 3363 2055 3409 et

487 3440 540 3492 iu
572 3437 714 3490 illius
744 3439 1009 3492 thesauris
1038 3440 1396 3510 obsigillatur.

558 3529 612 3582 8.
639 3529 832 3582 Nidum
859 3529 1129 3595 videmus,
1165 3530 1216 3583 in
1240 3547 1346 3600 quo
1371 3533 1508 3587 cibis
1527 3545 1816 3602 pascuntur
1843 3544 2057 3602 aposto-

489 3621 608 3674 licis
653 3620 751 3673 viri
803 3621 958 3678 aerii.
1007 3621 1238 3690 desuper
1275 3623 1539 3690 volantes,
1589 3633 1641 3678 et
1666 3625 1849 3680 multis
1871 3639 2059 3695 passe-

494 3711 646 3764 ribus
667 3715 828 3763 cantu
855 3708 1085 3764 salutari
1118 3710 1387 3766 meliores.

559 3907 612 3962 9.
643 3906 831 3961 Turris
868 3903 1202 3960 fortitudinis
1232 3905 1333 3959 ista
1373 3919 1555 3959 coram
1603 3905 1822 3960 inimico
1878 3906 2062 3963 fortis-

492 4001 666 4064 simo,
727 4000 818 4068 qui
877 3999 1100 4052 bellicas
1165 3997 1447 4052 machinas
1517 4008 1704 4052 contra
1774 4000 1907 4055 tales
1961 4004 2058 4055 ad-

494 4094 642 4144 ducit
693 4089 758 4142 ad
793 4090 1022 4142 ruinam.
1065 4088 1148 4142 Sit
1185 4090 1297 4142 haec
1333 4087 1496 4142 tttrris
1526 4104 1590 4143 ex
1621 4089 1862 4144 veritatis
1889 4107 2060 4160 angu-

495 4183 697 4236 laribus
725 4180 1022 4249 composita
1065 4189 1119 4232 et
1154 4180 1207 4232 in
1248 4179 1498 4232 virtutem
1553 4179 1794 4235 stabilita
1829 4181 1922 4236 fiat
1952 4184 2062 4238 ele-

495 4272 752 4342 pbautiua
789 4272 974 4331 turris,
1003 4284 1106 4337 qua
1135 4269 1432 4323 delectatur
1449 4269 1538 4335 qui
1557 4271 1734 4324 divina
1755 4283 1923 4337 amat,
1956 4290 2059 4329 nou

495 4379 624 4420 Sane
655 4374 714 4417 ut
765 4364 815 4416 in
871 4363 1005 4415 turri
1040 4362 1277 4415 Chalane
1322 4363 1584 4415 moriatur
1621 4361 1821 4415 frustra
1870 4375 2057 4417 contra

2155 3182 2257 3236 ούκ
2292 3181 2759 3243 εὖεπιὸούλευτον,
2784 3180 2912 3232 ἔνθα
2943 3182 2971 3233 6
2998 3181 3140 3233 κατὰ
3184 3180 3407 3250 πνεῦμα
3450 3182 3723 3252 θησαυρὸς

2156 3277 2588 3343 ταμειουχεῖται,
2621 3275 2654 3344 ἡ
2683 3273 2876 3344 ἀρετὴ,
2906 3266 2974 3344 ἦς
3016 3273 3116 3326 οὐκ
3145 3272 3295 3336 ἄξιον
3333 3273 3480 3326 ἅπαν
3509 3277 3722 3342 τίμιονο

2155 3366 2212 3428 ὃς
2243 3366 2305 3435 δὴ
2339 3366 2432 3418 καί
2470 3365 2731 3432 συνῆκται
2760 3364 2913 3434 παρὰ
2940 3363 3016 3434 τῷ
3039 3364 3158 3434 Θεῷ
3188 3365 3330 3417 κατὰ
3356 3364 3448 3416 τὸν
3481 3366 3724 3428 εἰπόντα,

2158 3460 2252 3512 καὶ
2282 3459 2643 3528 ὲσφράγισται
2675 3460 2732 3510 ὲν
2757 3460 2870 3520 τοῖς
2905 3457 3072 3511 αὐτοῦ
3099 3457 3416 3527 θησαυροῖς.

2227 3557 2298 3620 η’.
2335 3568 2352 3601 ι
2381 3532 2590 3602 Nocet}:
2623 3569 2641 3600 ι
2682 3549 2740 3602 τὸ
2775 3548 3106 3616 βλεπόμενον
3149 3547 3330 3615 τοῦτο,
3382 3551 3440 3600 ἐν
3539 3548 3727 3618 ἐκτρέ-

2160 3658 2350 3710 φονται
2383 3640 2758 3701 ἀποστολικῶς
2799 3640 2850 3691 οἰ
2895 3639 3347 3709 αἰθεροὸἀμονες,
3395 3643 3494 3694 καὶ
3549 3645 3632 3704 εἰς
3663 3641 3727 3693 τὲ

2159 3731 2272 3785 ἄνω
2305 3728 2580 3798 πτητικοί,
2609 3732 2697 3781 καὶ
2732 3727 2944 3780 πολλῶν
2972 3727 3270 3796 στρουθίων
3313 3715 3459 3782 κατὰ
3488 3729 3591 3800 τὴν
3626 3745 3731 3782 cut-

2158 3824 2396 3894 τηριὼδη
2426 3820 2610 3892 φωνὴν
2634 3821 3006 3890 διαφέροντες.
3055 3879 3060 3885 _

2228 3917 2297 3969 θ’.
2329 3932 2348 3965 ι
2380 3915 2594 3984 Πύργος
2613 3906 2770 3975 οὗτος
2799 3911 2978 3981 ἰσχύος
3005 3931 3023 3963 ι
3051 3912 3158 3965 ἀπὸ
3189 3911 3486 3982 προσώπου
3508 3914 3729 3984 ἐχθροῦ,

2159 4007 2253 4060 τοῦ
2281 4007 2456 4060 δεινοῦ
2511 4001 2857 4068 πολεμιστοῦ.
2909 4002 2966 4064 6;
3013 4004 3406 4071 μηχανώμενος
3453 4004 3732 4060 ὲλεπύλεις

2159 4102 2270 4161 τοῖς
2295 4097 2556 4159 τοιούτοις
2589 4095 2783 4162 ἐπάγει
2812 4094 2946 4161 πρὸς
2977 4093 3197 4162 ὄλεθρον
3239 4096 3727 4164 πυργηρούμενος.

2161 4192 2375 4244 Γένοιτο
2404 4191 2459 4242 δὲ
2491 4189 2701 4257 πύργον
2743 4187 2928 4256 ἰσχύος
2957 4184 3095 4238 εἶναι
3125 4187 3336 4253 τοῦτον,
3379 4188 3439 4251 ἐξ
3477 4187 3732 4257 ἀκρογω-

2162 4300 2270 4334 νων
2320 4280 2578 4349 ἀληθείας
2613 4279 3052 4347 συγκροτηθέντα
3099 4280 3179 4339 εἰς
3229 4279 3289 4331 τὸ
3335 4281 3586 4348 στερρὸν,
3640 4281 3733 4330 καί

2167 4373 2643 4442 συντετελεσμένον
2693 4373 2773 4432 εἰς
2803 4372 3008 4440 ἀρετήν
3033 4388 3046 4402 ο
3080 4372 3191 4422 εἴτε
3228 4373 3320 4423 καί
3368 4389 3387 4420 ι
3425 4371 3590 4440 βάριν
3625 4373 3737 4422 ἐλε-

493 4457 688 4512 εωῐυηι
720 4455 979 4507 a‘dilic..ta
1005 4494 1018 4517 ,
1049 4467 1149 4505 nec
1177 4461 1233 4503 ιιι
1282 4450 1375 4504 fiat
1422 4452 1474 4504 in
1517 4452 1870 4506 elevationem
1917 4455 2052 4511 illius

2168 4467 2443 4533 φαντίνην,
2481 4482 2501 4514 ι
2540 4464 2597 4527 ἐξ
2643 4461 2770 4514 οἴων
2804 4449 3154 4530 εύφραίνεται
3187 4462 3214 4512 6
3241 4461 3310 4512 τὰ
3347 4461 3464 4512 θεῖα
3503 4463 3736 4528 φιλόκα-

489 4549 581 4616 qui
615 4546 856 4618 neglecta
901 4543 1088 4597 mortis
1130 4541 1487 4596 meditatione
1519 4545 1808 4612 superbus,
1863 4547 2058 4604 deinde

493 4638 548 4695 in
587 4646 812 4692 mortem
837 4633 1075 4688 transiit.

2163 4556 2270 4616 λος”
2295 4554 2354 4606 οὐ
2385 4555 2490 4623 μὴν
2516 4553 2595 4615 εἰς
2624 4551 2831 4621 πύργον
2853 4551 3350 4620 ἀποτελευτηθῆναι
3385 4570 3402 4601 ι
3429 4552 3732 4618 χαλάνης,ι

2167 4645 2342 4715 μάτην
2399 4642 2860 4711 τεθεμελιωμένον
2919 4642 3060 4694 κατὰ
3118 4641 3210 4692 τοῦ
3259 4641 3534 4708 ούρανοῦ,
3600 4641 3738 4711 μηδὲ

494 4731 748 4796 γενέσθαι
798 4729 941 4783 κατὰ
971 4728 1031 4780 τὸ
1064 4727 1264 4798 ὕψωμα
1314 4726 1408 4780 τοῦ
1452 4729 1669 4797 φαύλως
1708 4749 1726 4783 t
1765 4732 1864 4805 τὴν
1895 4737 2215 4809 φιλοσοφίαν
2260 4739 2493 4794 θανάτου
2551 4739 2782 4808 μελέτην
2817 4757 2834 4789 ι
2918 4738 3351 4810 παρακηκοότος.
3414 4739 3472 4801 ὃς
3539 4735 3739 4790 ἑαυτὸν

497 4823 741 4891 ὑψώσας.
777 4815 894 4873 εἶτα
921 4821 1000 4880 εἰς
1027 4819 1255 4873 θάνατον
1282 4822 1681 4892 κατεπήδησεν.

567 4918 655 4970 10.
684 4915 798 4968 Non
836 4915 1008 4968 solum
1043 4915 1208 4966 turris
1241 4913 1571 4971 fortitudinis
1596 4930 1649 4971 et
1686 4919 1836 4975 locus
1864 4923 2058 4994 refugii

500 5006 754 5063 salutaris
791 5005 1038 5059 columna
1062 5003 1175 5067 illa,
1201 5006 1290 5056 sed
1324 5014 1377 5056 et
1404 5006 1533 5060 urbs
1565 5010 1769 5062 munita
1799 5049 1813 5072 ,
1849 5027 1946 5066 uec
1971 5028 2061 5067 so-

499 5102 608 5152 lum
640 5110 805 5165 super
839 5103 1074 5146 montem
1107 5093 1229 5157 sita,
1257 5110 1380 5162 qth
1406 5099 1646 5151 omnium
1677 5111 1864 5166 patens
1889 5103 2060 5158 oculis

501 5188 757 5243 abscondi
807 5201 912 5239 non
963 5191 1156 5251 potest,
1210 5187 1303 5239 sed
1336 5199 1389 5239 et
1425 5187 1491 5239 ad
1531 5189 1722 5243 (mlum
1757 5191 2066 5259 pertingens

502 5298 596 5352 pro
627 5277 910 5330 altitudine
934 5291 1037 5344 qua
1061 5277 1278 5335 eminet.
1313 5277 1383 5330 ita
1423 5290 1478 5330 ut
1509 5296 1702 5334 vocare
1738 5282 1896 5336 liceat
1917 5286 2069 5338 «ξωιί-

502 5374 675 5428 relatu
711 5386 835 5424 cum
873 5370 961 5440 qui
995 5383 1156 5436 super
1184 5385 1245 5423 ea
1273 5370 1495 5423 habitat.

572 5552 658 5607 Η.
694 5550 750 5606 Si
783 5551 851 5604 ob
881 5552 1166 5604 verborum
1201 5548 1608 5620 significationis
1644 5549 1979 5618 afﬁnitatem,
2010 5557 2061 5608 in

503 5648 644 5706 idem
683 5644 1002 5700 adducimus
1045 5643 1212 5712 στήλη
1252 5654 1303 5696 et
1338 5642 1548 5704 στύλος.
1581 5643 1911 5700 fortitudinis
1955 5659 2062 5702 sta-

508 5750 594 5804 tua
631 5746 774 5792 recte
806 5721 1004 5792 dicitur
1035 5736 1123 5803 qui
1159 5749 1319 5802 super
1351 5735 1596 5788 columna
1631 5734 1732 5789 ista
1758 5745 1884 5791 stat.

2239 4920 2290 4974 t'.
2326 4919 2399 4972 Οὐ
2435 4919 2594 4988 μόνον
2622 4919 2676 4969 δὲ
2710 4937 2725 4968 ι
2758 4917 2966 4986 πύργος
3014 4917 3196 4985 ἰσχύος
3231 4934 3248 4966 ι
3303 4917 3395 4968 καί
3425 4934 3443 4966 ι
3482 4917 3742 4986 κρησφύ-

2166 5013 2320 5083 γετὸν
2351 5032 2369 5063 ι
2427 5028 2480 5062 τί.
2517 5009 2786 5077 σωτήριον
2838 5011 2864 5059 6
2903 5026 2921 5058 ι
2953 5007 3142 5067 στύλος
3176 5027 3192 5057 ι
3238 4999 3415 5069 οὗτος,
3460 5008 3601 5060 ἀλλὰ
3649 5010 3744 5062 καὶ

2171 5122 2191 5155 ι
2221 5103 2374 5164 πόλις
2426 5101 2619 5170 ὀχυρὰ,
2655 5117 2674 5149 ι
2729 5099 2823 5150 καὶ
2876 5097 3014 5167 αὕτη
3047 5097 3108 5149 ού
3141 5097 3302 5165 μόνον
3345 5097 3533 5150 ἐπάνω
3576 5099 3745 5168 ὅρους

2167 5193 2438 5261 κειμένη,
2498 5191 2592 5244 καὶ
2650 5191 2735 5242 οἵα
2794 5190 2870 5258 μὴ
2927 5189 3070 5258 ἔχειν
3127 5189 3466 5258 κρύπτεσθαι
3526 5189 3620 5242 διὰ
3680 5191 3744 5241 τὸ

2166 5286 2427 5342 ἄποπτον,
2461 5282 2599 5335 ἀλλὰ
2633 5283 2724 5333 καὶ
2753 5282 3141 5349 οὐρανομήκης
3175 5281 3263 5333 διὰ
3313 5282 3373 5331 τὸ
3407 5281 3530 5332 κατ’
3558 5283 3743 5349 αὐτὴν

2169 5375 2539 5443 θεωρούμενιν
2569 5372 2721 5441 ὕψος,
2746 5373 2819 5434 ὼς
2850 5369 2989 5424 εἶναι
3021 5371 3293 5440 προσφυὲς
3325 5373 3496 5423 εἰπεῖν
3526 5375 3626 5424 καὶ
3653 5374 3746 5424 ού-

2177 5465 2530 5534 ρανοπολίτην
2565 5466 2655 5515 τὸν
2686 5465 2813 5530 περί
2844 5463 3012 5532 αὐτὴν
3039 5462 3374 5530 εἰλούμενον.

2245 5563 2332 5608 ια’.
2363 5556 2424 5606 Εἰ
2464 5557 2552 5606 καὶ
2581 5555 2668 5606 διὰ
2693 5554 2750 5604 τὸ
2793 5555 2845 5604 ὲν
2884 5552 3128 5622 σημασίᾳ
3187 5553 3444 5618 συγγενὲς
3490 5553 3606 5604 τῶν
3645 5555 3746 5622 ρη-

2174 5645 2358 5714 μάτων
2395 5646 2470 5705 εἰς
2495 5647 2688 5696 ταυτὸν
2718 5646 2780 5711 τῇ
2818 5661 2835 5692 ι
2865 5644 3033 5713 στήλῃ
3063 5661 3079 5692 ι
3121 5644 3210 5696 τὸν
3249 5643 3503 5695 ιστύλονι
3543 5645 3745 5697 τοῦτον

2169 5736 2487 5801 ἀγάγωμεν,
2541 5734 2734 5802 ῥηθείη
2768 5734 2833 5786 ἂν
2862 5735 2953 5785 καὶ
2996 5752 3012 5784 ι
3045 5735 3344 5803 καρτερίας
3381 5734 3615 5805 ἀνδριὰς
3656 5754 3675 5786 ι
3717 5739 3745 5790 ὁ

2158 5828 2247 5879 ἐπὶ
2283 5842 2298 5876 ι
2329 5823 2524 5892 στήλης
2554 5843 2571 5875 ι
2619 5823 2820 5895 ταύτης
2849 5824 3147 5894 φερόμενος
