  <div class='ocr_page' id='page_1' title='image "/cluster/home/n/w/nwhite01/storage/ocr_20150623/136/mdp.39015038093210/119.png"; bbox 0 0 3916 6244; ppageno 0'>
   <div class='ocr_carea' id='block_1_1' title="bbox 443 299 547 364">
    <p class='ocr_par' dir='ltr' id='par_1_1' title="bbox 443 299 547 364">
     <span class='ocr_line' id='line_1_1' title="bbox 443 299 547 364; baseline -0.019 -2"><span class='ocrx_word' id='word_1_1' title='bbox 443 299 547 364; x_wconf 62' lang='grc'><strong>221</strong></span> 
     </span>
    </p>
   </div>
   <div class='ocr_carea' id='block_1_2' title="bbox 1220 293 3018 362">
    <p class='ocr_par' dir='ltr' id='par_1_2' title="bbox 1220 293 3018 362">
     <span class='ocr_line' id='line_1_2' title="bbox 1220 293 3018 362; baseline -0.003 -2"><span class='ocrx_word' id='word_1_2' title='bbox 1220 298 1635 362; x_wconf 78' lang='lat' dir='ltr'><strong>EUS’I‘ATHII</strong></span> <span class='ocrx_word' id='word_1_3' title='bbox 1671 293 2424 357; x_wconf 74' lang='lat' dir='ltr'><strong>THESSAIDNICENSIS</strong></span> <span class='ocrx_word' id='word_1_4' title='bbox 2459 295 3018 356; x_wconf 68' lang='lat' dir='ltr'><strong>METBOPOLITAZ</strong></span> 
     </span>
    </p>
   </div>
   <div class='ocr_carea' id='block_1_3' title="bbox 3584 299 3697 362">
    <p class='ocr_par' dir='ltr' id='par_1_3' title="bbox 3584 299 3697 362">
     <span class='ocr_line' id='line_1_3' title="bbox 3584 299 3697 362; baseline -0.018 0"><span class='ocrx_word' id='word_1_5' title='bbox 3584 299 3697 362; x_wconf 70' lang='grc' dir='ltr'>Ξὲί</span> 
     </span>
    </p>
   </div>
   <div class='ocr_carea' id='block_1_4' title="bbox 443 401 2018 478">
    <p class='ocr_par' dir='ltr' id='par_1_4' title="bbox 443 405 2013 476">
     <span class='ocr_line' id='line_1_4' title="bbox 443 405 2013 476; baseline -0.002 -15"><span class='ocrx_word' id='word_1_6' title='bbox 443 415 741 476; x_wconf 82' lang='lat' dir='ltr'><strong>supputatu</strong></span> <span class='ocrx_word' id='word_1_7' title='bbox 810 406 972 460; x_wconf 77' lang='lat' dir='ltr'><strong>facili.</strong></span> <span class='ocrx_word' id='word_1_8' title='bbox 1007 405 1129 462; x_wconf 68' lang='lat' dir='ltr'><strong>llaec</strong></span> <span class='ocrx_word' id='word_1_9' title='bbox 1164 407 1286 461; x_wconf 88' lang='lat' dir='ltr'><strong>licet</strong></span> <span class='ocrx_word' id='word_1_10' title='bbox 1335 408 1519 461; x_wconf 89' lang='lat' dir='ltr'><strong>decem</strong></span> <span class='ocrx_word' id='word_1_11' title='bbox 1570 407 1796 460; x_wconf 81' lang='lat' dir='ltr'><strong>millium</strong></span> <span class='ocrx_word' id='word_1_12' title='bbox 1830 405 2013 459; x_wconf 75' lang='lat' dir='ltr'><strong>labore</strong></span> 
     </span>
    </p>
   </div>
   <div class='ocr_carea' id='block_1_5' title="bbox 2125 401 3700 478">
    <p class='ocr_par' dir='ltr' id='par_1_5' title="bbox 2125 401 3700 478">
     <span class='ocr_line' id='line_1_5' title="bbox 2125 401 3700 478; baseline 0.003 -22"><span class='ocrx_word' id='word_1_13' title='bbox 2125 407 2182 456; x_wconf 72' lang='grc' dir='ltr'><strong>τὰ</strong></span> <span class='ocrx_word' id='word_1_14' title='bbox 2214 405 2437 459; x_wconf 81' lang='grc' dir='ltr'>τοιαῦτα</span> <span class='ocrx_word' id='word_1_15' title='bbox 2464 407 2601 476; x_wconf 73' lang='grc' dir='ltr'>ἐρεῖ,</span> <span class='ocrx_word' id='word_1_16' title='bbox 2628 406 2705 470; x_wconf 85' lang='grc' dir='ltr'><strong>ὡς</strong></span> <span class='ocrx_word' id='word_1_17' title='bbox 2737 401 2882 460; x_wconf 82' lang='grc' dir='ltr'>εἶναι</span> <span class='ocrx_word' id='word_1_18' title='bbox 2912 403 3352 475; x_wconf 78' lang='grc' dir='ltr'>ἀντιστρέψαντα</span> <span class='ocrx_word' id='word_1_19' title='bbox 3401 406 3460 460; x_wconf 82' lang='grc' dir='ltr'><strong>τὺ</strong></span> <span class='ocrx_word' id='word_1_20' title='bbox 3485 416 3700 478; x_wconf 76' lang='grc' dir='ltr'>’γραφι-</span> 
     </span>
    </p>
   </div>
   <div class='ocr_carea' id='block_1_6' title="bbox 454 494 2019 566">
    <p class='ocr_par' dir='ltr' id='par_1_6' title="bbox 454 494 2019 566">
     <span class='ocr_line' id='line_1_6' title="bbox 454 494 2019 566; baseline 0.003 -22"><span class='ocrx_word' id='word_1_21' title='bbox 454 503 762 548; x_wconf 84' lang='lat' dir='ltr'><strong>constructa</strong></span> <span class='ocrx_word' id='word_1_22' title='bbox 793 495 921 559; x_wconf 88' lang='lat' dir='ltr'><strong>sint,</strong></span> <span class='ocrx_word' id='word_1_23' title='bbox 977 511 1081 550; x_wconf 88' lang='lat' dir='ltr'><strong>non</strong></span> <span class='ocrx_word' id='word_1_24' title='bbox 1115 504 1291 549; x_wconf 87' lang='lat' dir='ltr'><strong>tamen</strong></span> <span class='ocrx_word' id='word_1_25' title='bbox 1339 496 1707 566; x_wconf 69' lang='lat' dir='ltr'><strong>magnitudine</strong></span> <span class='ocrx_word' id='word_1_26' title='bbox 1765 494 2019 550; x_wconf 74' lang='lat' dir='ltr'><strong>Mausolei</strong></span> 
     </span>
    </p>
   </div>
   <div class='ocr_carea' id='block_1_7' title="bbox 458 585 1883 660">
    <p class='ocr_par' dir='ltr' id='par_1_7' title="bbox 458 585 1883 660">
     <span class='ocr_line' id='line_1_7' title="bbox 458 585 1883 660; baseline 0.005 -26"><span class='ocrx_word' id='word_1_27' title='bbox 458 585 676 650; x_wconf 85' lang='lat' dir='ltr'><strong>molem,</strong></span> <span class='ocrx_word' id='word_1_28' title='bbox 716 603 816 642; x_wconf 76' lang='lat' dir='ltr'><strong>nrc</strong></span> <span class='ocrx_word' id='word_1_29' title='bbox 844 587 966 657; x_wconf 79' lang='lat' dir='ltr'><strong>Cyri</strong></span> <span class='ocrx_word' id='word_1_30' title='bbox 1003 591 1141 653; x_wconf 86' lang='lat' dir='ltr'><strong>apud</strong></span> <span class='ocrx_word' id='word_1_31' title='bbox 1170 587 1362 643; x_wconf 84' lang='lat' dir='ltr'><strong>Persas</strong></span> <span class='ocrx_word' id='word_1_32' title='bbox 1392 604 1615 660; x_wconf 72' lang='lat' dir='ltr'><strong>regnum</strong></span> <span class='ocrx_word' id='word_1_33' title='bbox 1645 595 1883 657; x_wconf 69' lang='lat' dir='ltr'><strong>aequant.</strong></span> 
     </span>
    </p>
   </div>
   <div class='ocr_carea' id='block_1_8' title="bbox 2134 496 3706 566">
    <p class='ocr_par' dir='ltr' id='par_1_8' title="bbox 2134 496 3706 566">
     <span class='ocr_line' id='line_1_8' title="bbox 2134 496 3706 566; baseline 0.003 -18"><span class='ocrx_word' id='word_1_34' title='bbox 2134 498 2228 550; x_wconf 75' lang='grc' dir='ltr'><strong>κὺν</strong></span> <span class='ocrx_word' id='word_1_35' title='bbox 2277 498 2451 551; x_wconf 77' lang='grc' dir='ltr'>εἰπεῖν</span> <span class='ocrx_word' id='word_1_36' title='bbox 2478 512 2495 528; x_wconf 86' lang='grc'><strong>·</strong></span> <span class='ocrx_word' id='word_1_37' title='bbox 2541 516 2558 549; x_wconf 83' lang='grc' dir='ltr'>ι</span> <span class='ocrx_word' id='word_1_38' title='bbox 2595 498 2650 551; x_wconf 88' lang='grc' dir='ltr'><strong>αί</strong></span> <span class='ocrx_word' id='word_1_39' title='bbox 2677 498 2847 551; x_wconf 83' lang='grc' dir='ltr'>οἰκίαι</span> <span class='ocrx_word' id='word_1_40' title='bbox 2882 496 3063 551; x_wconf 78' lang='grc' dir='ltr'>αὐτῶν</span> <span class='ocrx_word' id='word_1_41' title='bbox 3100 498 3263 566; x_wconf 77' lang='grc' dir='ltr'>τάφοι</span> <span class='ocrx_word' id='word_1_42' title='bbox 3300 497 3517 551; x_wconf 68' lang='grc' dir='ltr'>αὐτῶνθ</span> <span class='ocrx_word' id='word_1_43' title='bbox 3547 518 3567 551; x_wconf 81' lang='grc' dir='ltr'>ι</span> <span class='ocrx_word' id='word_1_44' title='bbox 3609 502 3706 553; x_wconf 76' lang='grc' dir='ltr'><strong>καὶ</strong></span> 
     </span>
    </p>
   </div>
   <div class='ocr_carea' id='block_1_9' title="bbox 2127 589 3700 661">
    <p class='ocr_par' dir='ltr' id='par_1_9' title="bbox 2127 589 3700 661">
     <span class='ocr_line' id='line_1_9' title="bbox 2127 589 3700 661; baseline 0 -18"><span class='ocrx_word' id='word_1_45' title='bbox 2127 590 2246 644; x_wconf 73' lang='grc' dir='ltr'>οὐδὲ</span> <span class='ocrx_word' id='word_1_46' title='bbox 2274 592 2355 653; x_wconf 81' lang='grc' dir='ltr'><strong>είς</strong></span> <span class='ocrx_word' id='word_1_47' title='bbox 2380 590 2469 642; x_wconf 75' lang='grc' dir='ltr'>τὸν</span> <span class='ocrx_word' id='word_1_48' title='bbox 2495 591 2688 651; x_wconf 77' lang='grc' dir='ltr'>αἰῶνα,</span> <span class='ocrx_word' id='word_1_49' title='bbox 2716 590 2906 660; x_wconf 77' lang='grc' dir='ltr'>καιρὸν</span> <span class='ocrx_word' id='word_1_50' title='bbox 2925 590 2982 643; x_wconf 75' lang='grc' dir='ltr'>δέ</span> <span class='ocrx_word' id='word_1_51' title='bbox 3012 607 3154 653; x_wconf 85' lang='grc' dir='ltr'>τινα,</span> <span class='ocrx_word' id='word_1_52' title='bbox 3181 589 3277 644; x_wconf 78' lang='grc' dir='ltr'><strong>καὶ</strong></span> <span class='ocrx_word' id='word_1_53' title='bbox 3293 589 3459 645; x_wconf 78' lang='grc' dir='ltr'>αὑτὸν</span> <span class='ocrx_word' id='word_1_54' title='bbox 3486 591 3700 661; x_wconf 79' lang='grc' dir='ltr'>βραχὺν</span> 
     </span>
    </p>
   </div>
   <div class='ocr_carea' id='block_1_10' title="bbox 453 678 3696 751">
    <p class='ocr_par' dir='ltr' id='par_1_10' title="bbox 453 678 3696 751">
     <span class='ocr_line' id='line_1_10' title="bbox 453 678 3696 751; baseline -0.001 -19"><span class='ocrx_word' id='word_1_55' title='bbox 453 679 529 741; x_wconf 84' lang='grc' dir='ltr'>ὡς</span> <span class='ocrx_word' id='word_1_56' title='bbox 561 679 630 732; x_wconf 66' lang='grc' dir='ltr'><strong>τὰ</strong></span> <span class='ocrx_word' id='word_1_57' title='bbox 662 678 853 739; x_wconf 77' lang='grc' dir='ltr'>πολλὰ.</span> <span class='ocrx_word' id='word_1_58' title='bbox 882 678 976 732; x_wconf 77' lang='grc' dir='ltr'>καὶ</span> <span class='ocrx_word' id='word_1_59' title='bbox 1032 678 1253 750; x_wconf 79' lang='grc' dir='ltr'>ἀριθμῷ</span> <span class='ocrx_word' id='word_1_60' title='bbox 1301 680 1698 751; x_wconf 79' lang='grc' dir='ltr'>εὐπερίληπτον</span> <span class='ocrx_word' id='word_1_61' title='bbox 1724 695 1739 710; x_wconf 88' lang='grc'><strong>·</strong></span> <span class='ocrx_word' id='word_1_62' title='bbox 1791 681 1841 734; x_wconf 80' lang='grc' dir='ltr'>οἳ</span> <span class='ocrx_word' id='word_1_63' title='bbox 1864 719 1878 746; x_wconf 86' lang='grc'><strong>,</strong></span> <span class='ocrx_word' id='word_1_64' title='bbox 1914 679 2018 734; x_wconf 63' lang='grc' dir='ltr'>κᾶν</span> <span class='ocrx_word' id='word_1_65' title='bbox 2063 684 2233 750; x_wconf 83' lang='grc' dir='ltr'>μυρία</span> <span class='ocrx_word' id='word_1_66' title='bbox 2263 683 2595 744; x_wconf 82' lang='grc' dir='ltr'>ὲκπονοῖντο,</span> <span class='ocrx_word' id='word_1_67' title='bbox 2625 681 2750 734; x_wconf 74' lang='grc' dir='ltr'>οὔτε</span> <span class='ocrx_word' id='word_1_68' title='bbox 2778 679 2846 734; x_wconf 81' lang='grc' dir='ltr'><strong>ἂν</strong></span> <span class='ocrx_word' id='word_1_69' title='bbox 2875 682 2932 734; x_wconf 68' lang='grc' dir='ltr'>ἂν</span> <span class='ocrx_word' id='word_1_70' title='bbox 2962 679 3181 751; x_wconf 79' lang='grc' dir='ltr'><strong>μεγέθει</strong></span> <span class='ocrx_word' id='word_1_71' title='bbox 3237 680 3329 733; x_wconf 87' lang='grc' dir='ltr'><strong>τδν</strong></span> <span class='ocrx_word' id='word_1_72' title='bbox 3378 680 3696 736; x_wconf 59' lang='grc' dir='ltr'>Μαυσώλου</span> 
     </span>
    </p>
   </div>
   <div class='ocr_carea' id='block_1_11' title="bbox 449 772 2911 846">
    <p class='ocr_par' dir='ltr' id='par_1_11' title="bbox 449 772 2911 846">
     <span class='ocr_line' id='line_1_11' title="bbox 449 772 2911 846; baseline 0.002 -22"><span class='ocrx_word' id='word_1_73' title='bbox 449 774 621 842; x_wconf 69' lang='grc' dir='ltr'>τάφον</span> <span class='ocrx_word' id='word_1_74' title='bbox 652 773 1067 844; x_wconf 81' lang='grc' dir='ltr'>ὑπερελὰσαιεν,</span> <span class='ocrx_word' id='word_1_75' title='bbox 1101 773 1222 827; x_wconf 74' lang='grc' dir='ltr'>οὐδὲ</span> <span class='ocrx_word' id='word_1_76' title='bbox 1272 772 1379 844; x_wconf 80' lang='grc' dir='ltr'>μὴν</span> <span class='ocrx_word' id='word_1_77' title='bbox 1433 774 1525 826; x_wconf 85' lang='grc' dir='ltr'>τὸν</span> <span class='ocrx_word' id='word_1_78' title='bbox 1582 775 1733 844; x_wconf 68' lang='grc' dir='ltr'>παρὰ</span> <span class='ocrx_word' id='word_1_79' title='bbox 1777 775 2015 846; x_wconf 78' lang='grc' dir='ltr'><strong>Πέρσαις</strong></span> <span class='ocrx_word' id='word_1_80' title='bbox 2053 776 2147 830; x_wconf 84' lang='grc' dir='ltr'>τοῦ</span> <span class='ocrx_word' id='word_1_81' title='bbox 2180 775 2365 845; x_wconf 76' lang='grc' dir='ltr'>Κύρου</span> <span class='ocrx_word' id='word_1_82' title='bbox 2398 778 2476 839; x_wconf 78' lang='grc' dir='ltr'><strong>είς</strong></span> <span class='ocrx_word' id='word_1_83' title='bbox 2509 772 2785 829; x_wconf 75' lang='grc' dir='ltr'>πολιτείαν</span> <span class='ocrx_word' id='word_1_84' title='bbox 2809 774 2911 845; x_wconf 89' lang='grc' dir='ltr'><strong>(Ι).</strong></span> 
     </span>
    </p>
   </div>
   <div class='ocr_carea' id='block_1_12' title="bbox 524 865 2018 940">
    <p class='ocr_par' dir='ltr' id='par_1_12' title="bbox 524 865 2018 940">
     <span class='ocr_line' id='line_1_12' title="bbox 524 865 2018 940; baseline 0.002 -21"><span class='ocrx_word' id='word_1_85' title='bbox 524 867 612 919; x_wconf 77' lang='grc'><strong>17.</strong></span> <span class='ocrx_word' id='word_1_86' title='bbox 649 865 753 919; x_wconf 81' lang='lat' dir='ltr'><strong>Sed</strong></span> <span class='ocrx_word' id='word_1_87' title='bbox 784 882 850 919; x_wconf 91' lang='lat' dir='ltr'><strong>ne</strong></span> <span class='ocrx_word' id='word_1_88' title='bbox 889 866 1031 919; x_wconf 84' lang='lat' dir='ltr'><strong>circa</strong></span> <span class='ocrx_word' id='word_1_89' title='bbox 1064 865 1372 920; x_wconf 81' lang='lat' dir='ltr'><strong>columnam</strong></span> <span class='ocrx_word' id='word_1_90' title='bbox 1404 869 1739 940; x_wconf 82' lang='lat' dir='ltr'><strong>divaganlcs,</strong></span> <span class='ocrx_word' id='word_1_91' title='bbox 1773 869 1911 923; x_wconf 84' lang='lat' dir='ltr'><strong>sicut</strong></span> <span class='ocrx_word' id='word_1_92' title='bbox 1961 868 2018 922; x_wconf 87' lang='lat' dir='ltr'><strong>in</strong></span> 
     </span>
    </p>
   </div>
   <div class='ocr_carea' id='block_1_13' title="bbox 452 958 2020 1030">
    <p class='ocr_par' dir='ltr' id='par_1_13' title="bbox 452 958 2020 1030">
     <span class='ocr_line' id='line_1_13' title="bbox 452 958 2020 1030; baseline 0.001 -18"><span class='ocrx_word' id='word_1_93' title='bbox 452 958 756 1030; x_wconf 72' lang='lat' dir='ltr'><strong>labyrintho</strong></span> <span class='ocrx_word' id='word_1_94' title='bbox 785 958 1029 1014; x_wconf 78' lang='lat' dir='ltr'><strong>artiﬁciis</strong></span> <span class='ocrx_word' id='word_1_95' title='bbox 1061 959 1400 1014; x_wconf 81' lang='lat' dir='ltr'><strong>includantur</strong></span> <span class='ocrx_word' id='word_1_96' title='bbox 1433 961 1485 1013; x_wconf 90' lang='lat' dir='ltr'><strong>in</strong></span> <span class='ocrx_word' id='word_1_97' title='bbox 1513 959 1704 1029; x_wconf 88' lang='lat' dir='ltr'><strong>laqueo</strong></span> <span class='ocrx_word' id='word_1_98' title='bbox 1726 960 2020 1015; x_wconf 79' lang='lat' dir='ltr'><strong>inextrica-</strong></span> 
     </span>
    </p>
   </div>
   <div class='ocr_carea' id='block_1_14' title="bbox 453 1051 2020 1119">
    <p class='ocr_par' dir='ltr' id='par_1_14' title="bbox 453 1051 2020 1119">
     <span class='ocr_line' id='line_1_14' title="bbox 453 1051 2020 1119; baseline 0.001 -15"><span class='ocrx_word' id='word_1_99' title='bbox 453 1051 568 1116; x_wconf 83' lang='lat' dir='ltr'><strong>bili,</strong></span> <span class='ocrx_word' id='word_1_100' title='bbox 598 1052 907 1104; x_wconf 71' lang='lat' dir='ltr'><strong>accuratius</strong></span> <span class='ocrx_word' id='word_1_101' title='bbox 934 1052 1126 1104; x_wconf 85' lang='lat' dir='ltr'><strong>iterum</strong></span> <span class='ocrx_word' id='word_1_102' title='bbox 1160 1051 1554 1105; x_wconf 86' lang='lat' dir='ltr'><strong>consideranda</strong></span> <span class='ocrx_word' id='word_1_103' title='bbox 1581 1052 1829 1106; x_wconf 85' lang='lat' dir='ltr'><strong>columna</strong></span> <span class='ocrx_word' id='word_1_104' title='bbox 1859 1051 2020 1119; x_wconf 80' lang='lat' dir='ltr'><strong>idque</strong></span> 
     </span>
    </p>
   </div>
   <div class='ocr_carea' id='block_1_15' title="bbox 452 1140 2020 1209">
    <p class='ocr_par' dir='ltr' id='par_1_15' title="bbox 452 1140 2020 1209">
     <span class='ocr_line' id='line_1_15' title="bbox 452 1140 2020 1209; baseline -0.001 -14"><span class='ocrx_word' id='word_1_105' title='bbox 452 1141 849 1195; x_wconf 84' lang='lat' dir='ltr'><strong>ratiocinando.</strong></span> <span class='ocrx_word' id='word_1_106' title='bbox 885 1141 1112 1206; x_wconf 84' lang='lat' dir='ltr'><strong>Specula</strong></span> <span class='ocrx_word' id='word_1_107' title='bbox 1152 1140 1242 1195; x_wconf 85' lang='lat' dir='ltr'><strong>ille</strong></span> <span class='ocrx_word' id='word_1_108' title='bbox 1276 1156 1489 1197; x_wconf 82' lang='lat' dir='ltr'><strong>sursum</strong></span> <span class='ocrx_word' id='word_1_109' title='bbox 1523 1142 1802 1209; x_wconf 73' lang='lat' dir='ltr'><strong>incedens,</strong></span> <span class='ocrx_word' id='word_1_110' title='bbox 1839 1140 1890 1195; x_wconf 90' lang='lat' dir='ltr'><strong>in</strong></span> <span class='ocrx_word' id='word_1_111' title='bbox 1922 1141 2020 1196; x_wconf 89' lang='lat' dir='ltr'><strong>bo-</strong></span> 
     </span>
    </p>
   </div>
   <div class='ocr_carea' id='block_1_16' title="bbox 447 1233 2019 1302">
    <p class='ocr_par' dir='ltr' id='par_1_16' title="bbox 447 1233 2019 1302">
     <span class='ocr_line' id='line_1_16' title="bbox 447 1233 2019 1302; baseline -0.001 -15"><span class='ocrx_word' id='word_1_112' title='bbox 447 1249 575 1287; x_wconf 88' lang='lat' dir='ltr'><strong>num</strong></span> <span class='ocrx_word' id='word_1_113' title='bbox 602 1243 817 1288; x_wconf 89' lang='lat' dir='ltr'><strong>erectus</strong></span> <span class='ocrx_word' id='word_1_114' title='bbox 839 1243 895 1288; x_wconf 91' lang='lat' dir='ltr'><strong>et</strong></span> <span class='ocrx_word' id='word_1_115' title='bbox 929 1234 998 1289; x_wconf 87' lang='lat' dir='ltr'><strong>iis</strong></span> <span class='ocrx_word' id='word_1_116' title='bbox 1020 1233 1216 1302; x_wconf 87' lang='lat' dir='ltr'><strong>quibus</strong></span> <span class='ocrx_word' id='word_1_117' title='bbox 1245 1233 1432 1289; x_wconf 82' lang='lat' dir='ltr'><strong>hostes</strong></span> <span class='ocrx_word' id='word_1_118' title='bbox 1458 1233 1786 1289; x_wconf 89' lang='lat' dir='ltr'><strong>insidiantur</strong></span> <span class='ocrx_word' id='word_1_119' title='bbox 1810 1233 2019 1296; x_wconf 82' lang='lat' dir='ltr'><strong>saluta-</strong></span> 
     </span>
    </p>
   </div>
   <div class='ocr_carea' id='block_1_17' title="bbox 432 1328 2017 1397">
    <p class='ocr_par' dir='ltr' id='par_1_17' title="bbox 432 1328 2017 1397">
     <span class='ocr_line' id='line_1_17' title="bbox 432 1328 2017 1397; baseline 0.004 -20"><span class='ocrx_word' id='word_1_120' title='bbox 432 1329 546 1392; x_wconf 81' lang='lat' dir='ltr'><strong>ris,</strong></span> <span class='ocrx_word' id='word_1_121' title='bbox 564 1338 618 1382; x_wconf 88' lang='lat' dir='ltr'><strong>et</strong></span> <span class='ocrx_word' id='word_1_122' title='bbox 648 1329 711 1382; x_wconf 89' lang='lat' dir='ltr'><strong>iis</strong></span> <span class='ocrx_word' id='word_1_123' title='bbox 737 1328 827 1397; x_wconf 91' lang='lat' dir='ltr'><strong>qui</strong></span> <span class='ocrx_word' id='word_1_124' title='bbox 857 1328 1068 1384; x_wconf 77' lang='lat' dir='ltr'><strong>desides</strong></span> <span class='ocrx_word' id='word_1_125' title='bbox 1091 1338 1221 1383; x_wconf 90' lang='lat' dir='ltr'><strong>sunt</strong></span> <span class='ocrx_word' id='word_1_126' title='bbox 1247 1328 1546 1395; x_wconf 84' lang='lat' dir='ltr'><strong>spiritualis</strong></span> <span class='ocrx_word' id='word_1_127' title='bbox 1567 1328 1753 1383; x_wconf 77' lang='lat' dir='ltr'><strong>adstat</strong></span> <span class='ocrx_word' id='word_1_128' title='bbox 1779 1328 2017 1397; x_wconf 76' lang='lat' dir='ltr'><strong>gladius.</strong></span> 
     </span>
    </p>
   </div>
   <div class='ocr_carea' id='block_1_18' title="bbox 446 1417 2014 1487">
    <p class='ocr_par' dir='ltr' id='par_1_18' title="bbox 446 1417 2014 1487">
     <span class='ocr_line' id='line_1_18' title="bbox 446 1417 2014 1487; baseline 0.001 -15"><span class='ocrx_word' id='word_1_129' title='bbox 446 1417 700 1472; x_wconf 82' lang='lat' dir='ltr'><strong>Mercurii</strong></span> <span class='ocrx_word' id='word_1_130' title='bbox 740 1419 957 1487; x_wconf 83' lang='lat' dir='ltr'><strong>quidem</strong></span> <span class='ocrx_word' id='word_1_131' title='bbox 998 1419 1232 1473; x_wconf 84' lang='lat' dir='ltr'><strong>tumulos</strong></span> <span class='ocrx_word' id='word_1_132' title='bbox 1257 1418 1478 1473; x_wconf 88' lang='lat' dir='ltr'><strong>historia</strong></span> <span class='ocrx_word' id='word_1_133' title='bbox 1516 1419 1671 1474; x_wconf 87' lang='lat' dir='ltr'><strong>nobis</strong></span> <span class='ocrx_word' id='word_1_134' title='bbox 1704 1420 1755 1472; x_wconf 94' lang='lat' dir='ltr'><strong>in</strong></span> <span class='ocrx_word' id='word_1_135' title='bbox 1802 1434 2014 1474; x_wconf 89' lang='lat' dir='ltr'><strong>memo-</strong></span> 
     </span>
    </p>
   </div>
   <div class='ocr_carea' id='block_1_19' title="bbox 447 1507 2015 1576">
    <p class='ocr_par' dir='ltr' id='par_1_19' title="bbox 447 1507 2015 1576">
     <span class='ocr_line' id='line_1_19' title="bbox 447 1507 2015 1576; baseline -0.001 -16"><span class='ocrx_word' id='word_1_136' title='bbox 447 1508 581 1561; x_wconf 87' lang='lat' dir='ltr'><strong>riam</strong></span> <span class='ocrx_word' id='word_1_137' title='bbox 625 1516 846 1563; x_wconf 77' lang='lat' dir='ltr'><strong>revocat</strong></span> <span class='ocrx_word' id='word_1_138' title='bbox 885 1522 902 1561; x_wconf 88' lang='lat'><strong>:</strong></span> <span class='ocrx_word' id='word_1_139' title='bbox 936 1517 1062 1563; x_wconf 91' lang='lat' dir='ltr'><strong>sunt</strong></span> <span class='ocrx_word' id='word_1_140' title='bbox 1090 1517 1272 1563; x_wconf 88' lang='lat' dir='ltr'><strong>autem</strong></span> <span class='ocrx_word' id='word_1_141' title='bbox 1317 1507 1549 1576; x_wconf 84' lang='lat' dir='ltr'><strong>lapidum</strong></span> <span class='ocrx_word' id='word_1_142' title='bbox 1587 1508 1754 1562; x_wconf 81' lang='lat' dir='ltr'><strong>moles</strong></span> <span class='ocrx_word' id='word_1_143' title='bbox 1797 1522 2015 1562; x_wconf 87' lang='lat' dir='ltr'><strong>mensu-</strong></span> 
     </span>
    </p>
   </div>
   <div class='ocr_carea' id='block_1_20' title="bbox 447 1599 2013 1665">
    <p class='ocr_par' dir='ltr' id='par_1_20' title="bbox 447 1599 2013 1665">
     <span class='ocr_line' id='line_1_20' title="bbox 447 1599 2013 1665; baseline 0.001 -13"><span class='ocrx_word' id='word_1_144' title='bbox 447 1609 596 1665; x_wconf 81' lang='lat' dir='ltr'><strong>ratae,</strong></span> <span class='ocrx_word' id='word_1_145' title='bbox 633 1600 1062 1657; x_wconf 86' lang='lat' dir='ltr'><strong>recordationem</strong></span> <span class='ocrx_word' id='word_1_146' title='bbox 1099 1606 1378 1656; x_wconf 73' lang='lat' dir='ltr'><strong>moventes</strong></span> <span class='ocrx_word' id='word_1_147' title='bbox 1408 1599 1748 1655; x_wconf 79' lang='lat' dir='ltr'><strong>Mercurialis</strong></span> <span class='ocrx_word' id='word_1_148' title='bbox 1780 1599 2013 1665; x_wconf 84' lang='lat' dir='ltr'><strong>alicuius</strong></span> 
     </span>
    </p>
   </div>
   <div class='ocr_carea' id='block_1_21' title="bbox 444 1690 2011 1761">
    <p class='ocr_par' dir='ltr' id='par_1_21' title="bbox 444 1690 2011 1761">
     <span class='ocr_line' id='line_1_21' title="bbox 444 1690 2011 1761; baseline -0.002 -12"><span class='ocrx_word' id='word_1_149' title='bbox 444 1693 606 1749; x_wconf 63' lang='lat' dir='ltr'><strong>credis</strong></span> <span class='ocrx_word' id='word_1_150' title='bbox 629 1692 932 1761; x_wconf 88' lang='lat' dir='ltr'><strong>antiquitus</strong></span> <span class='ocrx_word' id='word_1_151' title='bbox 961 1693 1189 1747; x_wconf 64' lang='lat' dir='ltr'><strong>tradita.</strong></span> <span class='ocrx_word' id='word_1_152' title='bbox 1233 1692 1465 1761; x_wconf 87' lang='lat' dir='ltr'><strong>Lapides</strong></span> <span class='ocrx_word' id='word_1_153' title='bbox 1504 1705 1663 1760; x_wconf 86' lang='lat' dir='ltr'><strong>supra</strong></span> <span class='ocrx_word' id='word_1_154' title='bbox 1696 1690 2011 1746; x_wconf 80' lang='lat' dir='ltr'><strong>interfecto-</strong></span> 
     </span>
    </p>
   </div>
   <div class='ocr_carea' id='block_1_22' title="bbox 2190 865 3699 938">
    <p class='ocr_par' dir='ltr' id='par_1_22' title="bbox 2190 865 3699 938">
     <span class='ocr_line' id='line_1_22' title="bbox 2190 865 3699 938; baseline -0.001 -16"><span class='ocrx_word' id='word_1_155' title='bbox 2190 869 2280 933; x_wconf 78' lang='grc' dir='ltr'><strong>ιζ’.</strong></span> <span class='ocrx_word' id='word_1_156' title='bbox 2326 867 2471 920; x_wconf 82' lang='grc' dir='ltr'>Ἀλλ’</span> <span class='ocrx_word' id='word_1_157' title='bbox 2505 868 2590 931; x_wconf 81' lang='grc' dir='ltr'><strong>ἵνα</strong></span> <span class='ocrx_word' id='word_1_158' title='bbox 2621 868 2698 938; x_wconf 81' lang='grc' dir='ltr'>μὴ</span> <span class='ocrx_word' id='word_1_159' title='bbox 2725 865 2820 920; x_wconf 83' lang='grc' dir='ltr'>τοῦ</span> <span class='ocrx_word' id='word_1_160' title='bbox 2861 885 2879 920; x_wconf 81' lang='grc' dir='ltr'>ι</span> <span class='ocrx_word' id='word_1_161' title='bbox 2909 866 3104 920; x_wconf 84' lang='grc' dir='ltr'>στύλον</span> <span class='ocrx_word' id='word_1_162' title='bbox 3135 886 3154 920; x_wconf 80' lang='grc' dir='ltr'>ι</span> <span class='ocrx_word' id='word_1_163' title='bbox 3185 865 3699 936; x_wconf 72' lang='grc' dir='ltr'><strong>ἀποπλανηθέντες,</strong></span> 
     </span>
    </p>
   </div>
   <div class='ocr_carea' id='block_1_23' title="bbox 2119 958 3698 1028">
    <p class='ocr_par' dir='ltr' id='par_1_23' title="bbox 2119 958 3698 1028">
     <span class='ocr_line' id='line_1_23' title="bbox 2119 958 3698 1028; baseline -0.001 -16"><span class='ocrx_word' id='word_1_164' title='bbox 2119 961 2194 1023; x_wconf 80' lang='grc' dir='ltr'>ὥς</span> <span class='ocrx_word' id='word_1_165' title='bbox 2231 959 2289 1012; x_wconf 75' lang='grc' dir='ltr'><strong>ἐν</strong></span> <span class='ocrx_word' id='word_1_166' title='bbox 2340 977 2449 1014; x_wconf 88' lang='grc' dir='ltr'>τινι</span> <span class='ocrx_word' id='word_1_167' title='bbox 2504 959 2818 1028; x_wconf 77' lang='grc' dir='ltr'>λαϐυρίνθῳ</span> <span class='ocrx_word' id='word_1_168' title='bbox 2864 961 2984 1023; x_wconf 80' lang='grc' dir='ltr'>ταῖς</span> <span class='ocrx_word' id='word_1_169' title='bbox 3021 958 3130 1012; x_wconf 83' lang='grc' dir='ltr'>τῶν</span> <span class='ocrx_word' id='word_1_170' title='bbox 3175 958 3477 1012; x_wconf 70' lang='grc' dir='ltr'>ιπιόούλων</span> <span class='ocrx_word' id='word_1_171' title='bbox 3526 960 3698 1012; x_wconf 71' lang='grc' dir='ltr'>οἴκων</span> 
     </span>
    </p>
   </div>
   <div class='ocr_carea' id='block_1_24' title="bbox 2121 1048 3692 1120">
    <p class='ocr_par' dir='ltr' id='par_1_24' title="bbox 2121 1048 3692 1120">
     <span class='ocr_line' id='line_1_24' title="bbox 2121 1048 3692 1120; baseline -0.001 -17"><span class='ocrx_word' id='word_1_172' title='bbox 2121 1048 2587 1120; x_wconf 81' lang='grc' dir='ltr'>ὲναποληφθῶμεν</span> <span class='ocrx_word' id='word_1_173' title='bbox 2615 1049 2880 1118; x_wconf 73' lang='grc' dir='ltr'><strong>σήραγξιν</strong></span> <span class='ocrx_word' id='word_1_174' title='bbox 2911 1049 2992 1112; x_wconf 77' lang='grc' dir='ltr'><strong>εἰς</strong></span> <span class='ocrx_word' id='word_1_175' title='bbox 3035 1048 3393 1118; x_wconf 78' lang='grc' dir='ltr'>ἀδιεξίτητον,</span> <span class='ocrx_word' id='word_1_176' title='bbox 3441 1050 3692 1102; x_wconf 80' lang='grc' dir='ltr'>ἀναθεω-</span> 
     </span>
    </p>
   </div>
   <div class='ocr_carea' id='block_1_25' title="bbox 2122 1137 3695 1212">
    <p class='ocr_par' dir='ltr' id='par_1_25' title="bbox 2122 1137 3695 1212">
     <span class='ocr_line' id='line_1_25' title="bbox 2122 1137 3695 1212; baseline 0.001 -19"><span class='ocrx_word' id='word_1_177' title='bbox 2122 1140 2315 1212; x_wconf 73' lang='grc' dir='ltr'>ρητέον</span> <span class='ocrx_word' id='word_1_178' title='bbox 2344 1137 2502 1203; x_wconf 83' lang='grc' dir='ltr'>αὖθις</span> <span class='ocrx_word' id='word_1_179' title='bbox 2536 1138 2695 1210; x_wconf 77' lang='grc' dir='ltr'>ὑψοῦ.</span> <span class='ocrx_word' id='word_1_180' title='bbox 2720 1140 2815 1193; x_wconf 76' lang='grc' dir='ltr'>καὶ</span> <span class='ocrx_word' id='word_1_181' title='bbox 2839 1139 3146 1210; x_wconf 69' lang='grc' dir='ltr'>θεωρητέον</span> <span class='ocrx_word' id='word_1_182' title='bbox 3179 1140 3348 1193; x_wconf 73' lang='grc' dir='ltr'>εἰσέτι</span> <span class='ocrx_word' id='word_1_183' title='bbox 3376 1139 3468 1193; x_wconf 85' lang='grc' dir='ltr'><strong>τδν</strong></span> <span class='ocrx_word' id='word_1_184' title='bbox 3500 1159 3521 1194; x_wconf 73' lang='grc' dir='ltr'>ι</span> <span class='ocrx_word' id='word_1_185' title='bbox 3563 1141 3695 1194; x_wconf 85' lang='grc' dir='ltr'>στύ-</span> 
     </span>
    </p>
   </div>
   <div class='ocr_carea' id='block_1_26' title="bbox 2118 1228 3694 1300">
    <p class='ocr_par' dir='ltr' id='par_1_26' title="bbox 2118 1228 3694 1300">
     <span class='ocr_line' id='line_1_26' title="bbox 2118 1228 3694 1300; baseline -0.001 -17"><span class='ocrx_word' id='word_1_186' title='bbox 2118 1233 2209 1284; x_wconf 86' lang='grc' dir='ltr'><strong>λον</strong></span> <span class='ocrx_word' id='word_1_187' title='bbox 2245 1249 2265 1283; x_wconf 77' lang='grc' dir='ltr'>ι</span> <span class='ocrx_word' id='word_1_188' title='bbox 2310 1228 2406 1284; x_wconf 80' lang='grc' dir='ltr'>καὶ</span> <span class='ocrx_word' id='word_1_189' title='bbox 2457 1229 2633 1293; x_wconf 78' lang='grc' dir='ltr'>ἄλλως</span> <span class='ocrx_word' id='word_1_190' title='bbox 2667 1229 2808 1283; x_wconf 70' lang='grc' dir='ltr'>κατὰ</span> <span class='ocrx_word' id='word_1_191' title='bbox 2863 1228 3021 1298; x_wconf 87' lang='grc' dir='ltr'>λόγον</span> <span class='ocrx_word' id='word_1_192' title='bbox 3053 1229 3347 1300; x_wconf 83' lang='grc' dir='ltr'>ὁριστικόν.</span> <span class='ocrx_word' id='word_1_193' title='bbox 3388 1246 3409 1280; x_wconf 75' lang='grc' dir='ltr'>ι</span> <span class='ocrx_word' id='word_1_194' title='bbox 3440 1230 3694 1282; x_wconf 81' lang='grc' dir='ltr'>Σκοπευ-</span> 
     </span>
    </p>
   </div>
   <div class='ocr_carea' id='block_1_27' title="bbox 2115 1313 3693 1392">
    <p class='ocr_par' dir='ltr' id='par_1_27' title="bbox 2115 1313 3693 1392">
     <span class='ocr_line' id='line_1_27' title="bbox 2115 1313 3693 1392; baseline -0.003 -16"><span class='ocrx_word' id='word_1_195' title='bbox 2115 1325 2305 1392; x_wconf 84' lang='grc' dir='ltr'>τήριον</span> <span class='ocrx_word' id='word_1_196' title='bbox 2338 1340 2356 1374; x_wconf 83' lang='grc' dir='ltr'>ι</span> <span class='ocrx_word' id='word_1_197' title='bbox 2408 1323 2436 1375; x_wconf 85' lang='grc' dir='ltr'><strong>ό</strong></span> <span class='ocrx_word' id='word_1_198' title='bbox 2466 1320 2754 1391; x_wconf 53' lang='lat' dir='ltr'><strong>scissum</strong></span> <span class='ocrx_word' id='word_1_199' title='bbox 2791 1313 2971 1384; x_wconf 67' lang='grc' dir='ltr'>οὗτος,</span> <span class='ocrx_word' id='word_1_200' title='bbox 3023 1321 3101 1384; x_wconf 87' lang='grc' dir='ltr'><strong>εἰς</strong></span> <span class='ocrx_word' id='word_1_201' title='bbox 3141 1318 3342 1387; x_wconf 67' lang='grc' dir='ltr'>ἀγαθδν</span> <span class='ocrx_word' id='word_1_202' title='bbox 3382 1321 3693 1392; x_wconf 77' lang='grc' dir='ltr'>ἀνεγηγερ-</span> 
     </span>
    </p>
   </div>
   <div class='ocr_carea' id='block_1_28' title="bbox 2120 1412 3692 1485">
    <p class='ocr_par' dir='ltr' id='par_1_28' title="bbox 2120 1412 3692 1485">
     <span class='ocr_line' id='line_1_28' title="bbox 2120 1412 3692 1485; baseline -0.003 -17"><span class='ocrx_word' id='word_1_203' title='bbox 2120 1414 2301 1485; x_wconf 76' lang='grc' dir='ltr'>μένος,</span> <span class='ocrx_word' id='word_1_204' title='bbox 2334 1413 2429 1467; x_wconf 76' lang='grc' dir='ltr'>καὶ</span> <span class='ocrx_word' id='word_1_205' title='bbox 2463 1415 2577 1476; x_wconf 73' lang='grc' dir='ltr'>τοῖς</span> <span class='ocrx_word' id='word_1_206' title='bbox 2607 1413 2713 1468; x_wconf 69' lang='grc' dir='ltr'><strong>ὑπὸ</strong></span> <span class='ocrx_word' id='word_1_207' title='bbox 2755 1412 3030 1481; x_wconf 83' lang='grc' dir='ltr'>πολεμίων</span> <span class='ocrx_word' id='word_1_208' title='bbox 3063 1412 3475 1481; x_wconf 73' lang='grc' dir='ltr'>ἑφοδευομὲνοις</span> <span class='ocrx_word' id='word_1_209' title='bbox 3510 1415 3692 1481; x_wconf 74' lang='grc' dir='ltr'>σωτή-</span> 
     </span>
    </p>
   </div>
   <div class='ocr_carea' id='block_1_29' title="bbox 2114 1498 3694 1574">
    <p class='ocr_par' dir='ltr' id='par_1_29' title="bbox 2114 1498 3694 1574">
     <span class='ocr_line' id='line_1_29' title="bbox 2114 1498 3694 1574; baseline -0.004 -15"><span class='ocrx_word' id='word_1_210' title='bbox 2114 1522 2248 1574; x_wconf 90' lang='grc' dir='ltr'>ριος,</span> <span class='ocrx_word' id='word_1_211' title='bbox 2262 1498 2346 1568; x_wconf 77' lang='grc' dir='ltr'><strong>οἷς</strong></span> <span class='ocrx_word' id='word_1_212' title='bbox 2362 1504 2778 1574; x_wconf 66' lang='grc' dir='ltr'>ἀνεπιστρῦιρως</span> <span class='ocrx_word' id='word_1_213' title='bbox 2799 1503 3012 1573; x_wconf 70' lang='grc' dir='ltr'>ἔχουσιν</span> <span class='ocrx_word' id='word_1_214' title='bbox 3034 1505 3063 1572; x_wconf 79' lang='grc' dir='ltr'>ἡ</span> <span class='ocrx_word' id='word_1_215' title='bbox 3085 1503 3352 1572; x_wconf 74' lang='grc' dir='ltr'>νοουμένη</span> <span class='ocrx_word' id='word_1_216' title='bbox 3373 1500 3694 1555; x_wconf 63' lang='grc' dir='ltr'>στιλϐοὖται</span> 
     </span>
    </p>
   </div>
   <div class='ocr_carea' id='block_1_30' title="bbox 2114 1594 3683 1669">
    <p class='ocr_par' dir='ltr' id='par_1_30' title="bbox 2114 1594 3683 1669">
     <span class='ocr_line' id='line_1_30' title="bbox 2114 1594 3683 1669; baseline -0.001 -21"><span class='ocrx_word' id='word_1_217' title='bbox 2114 1598 2378 1669; x_wconf 72' lang='grc' dir='ltr'>μάχαιρα.</span> <span class='ocrx_word' id='word_1_218' title='bbox 2434 1595 2546 1650; x_wconf 81' lang='grc' dir='ltr'><strong>Καὶ</strong></span> <span class='ocrx_word' id='word_1_219' title='bbox 2598 1595 2792 1664; x_wconf 82' lang='grc' dir='ltr'>λόφους</span> <span class='ocrx_word' id='word_1_220' title='bbox 2849 1594 2948 1666; x_wconf 73' lang='grc' dir='ltr'>μέν</span> <span class='ocrx_word' id='word_1_221' title='bbox 3002 1612 3155 1658; x_wconf 79' lang='grc' dir='ltr'>τινας</span> <span class='ocrx_word' id='word_1_222' title='bbox 3206 1595 3475 1664; x_wconf 77' lang='grc' dir='ltr'>ὲρμαίους</span> <span class='ocrx_word' id='word_1_223' title='bbox 3509 1596 3543 1665; x_wconf 74' lang='grc' dir='ltr'><strong>ἡ</strong></span> <span class='ocrx_word' id='word_1_224' title='bbox 3579 1597 3683 1664; x_wconf 81' lang='grc' dir='ltr'>τῆς</span> 
     </span>
    </p>
   </div>
   <div class='ocr_carea' id='block_1_31' title="bbox 2113 1686 3685 1759">
    <p class='ocr_par' dir='ltr' id='par_1_31' title="bbox 2113 1686 3685 1759">
     <span class='ocr_line' id='line_1_31' title="bbox 2113 1686 3685 1759; baseline -0.001 -18"><span class='ocrx_word' id='word_1_225' title='bbox 2113 1690 2352 1758; x_wconf 77' lang='grc' dir='ltr'>ἱστορίας</span> <span class='ocrx_word' id='word_1_226' title='bbox 2382 1689 2440 1741; x_wconf 77' lang='grc' dir='ltr'>ἐν</span> <span class='ocrx_word' id='word_1_227' title='bbox 2474 1689 2604 1758; x_wconf 80' lang='grc' dir='ltr'>ἡμῖν</span> <span class='ocrx_word' id='word_1_228' title='bbox 2624 1688 2828 1759; x_wconf 71' lang='grc' dir='ltr'>ἐγείρει</span> <span class='ocrx_word' id='word_1_229' title='bbox 2861 1688 3074 1757; x_wconf 78' lang='grc' dir='ltr'>μνήμηο</span> <span class='ocrx_word' id='word_1_230' title='bbox 3106 1687 3263 1740; x_wconf 81' lang='grc' dir='ltr'>αὐτοὶ</span> <span class='ocrx_word' id='word_1_231' title='bbox 3289 1687 3346 1740; x_wconf 75' lang='grc' dir='ltr'><strong>δέ</strong></span> <span class='ocrx_word' id='word_1_232' title='bbox 3374 1688 3480 1739; x_wconf 83' lang='grc' dir='ltr'>εἰσι</span> <span class='ocrx_word' id='word_1_233' title='bbox 3507 1686 3685 1748; x_wconf 69' lang='grc' dir='ltr'>λίθων</span> 
     </span>
    </p>
   </div>
   <div class='ocr_carea' id='block_1_32' title="bbox 447 1778 2018 1853">
    <p class='ocr_par' dir='ltr' id='par_1_32' title="bbox 447 1781 2010 1853">
     <span class='ocr_line' id='line_1_32' title="bbox 447 1781 2010 1853; baseline -0.003 -15"><span class='ocrx_word' id='word_1_234' title='bbox 447 1798 559 1838; x_wconf 87' lang='lat' dir='ltr'><strong>rem</strong></span> <span class='ocrx_word' id='word_1_235' title='bbox 599 1784 861 1838; x_wconf 86' lang='lat' dir='ltr'><strong>cumulari</strong></span> <span class='ocrx_word' id='word_1_236' title='bbox 896 1785 1169 1850; x_wconf 90' lang='lat' dir='ltr'><strong>dicuntur,</strong></span> <span class='ocrx_word' id='word_1_237' title='bbox 1228 1784 1378 1853; x_wconf 89' lang='lat' dir='ltr'><strong>quasi</strong></span> <span class='ocrx_word' id='word_1_238' title='bbox 1424 1798 1590 1853; x_wconf 86' lang='lat' dir='ltr'><strong>super</strong></span> <span class='ocrx_word' id='word_1_239' title='bbox 1629 1781 2010 1852; x_wconf 89' lang='lat' dir='ltr'><strong>lapidaudum;</strong></span> 
     </span>
    </p>
   </div>
   <div class='ocr_carea' id='block_1_33' title="bbox 2125 1778 3692 1853">
    <p class='ocr_par' dir='ltr' id='par_1_33' title="bbox 2125 1778 3692 1851">
     <span class='ocr_line' id='line_1_33' title="bbox 2125 1778 3692 1851; baseline -0.001 -18"><span class='ocrx_word' id='word_1_240' title='bbox 2125 1779 2358 1845; x_wconf 71' lang='grc' dir='ltr'>κολωνοὶ,</span> <span class='ocrx_word' id='word_1_241' title='bbox 2401 1779 2901 1851; x_wconf 76' lang='grc' dir='ltr'>ὲπισεσωρευμένοι</span> <span class='ocrx_word' id='word_1_242' title='bbox 2954 1780 3090 1849; x_wconf 70' lang='grc' dir='ltr'>προς</span> <span class='ocrx_word' id='word_1_243' title='bbox 3145 1778 3365 1849; x_wconf 71' lang='grc' dir='ltr'>μέτριον</span> <span class='ocrx_word' id='word_1_244' title='bbox 3421 1778 3644 1848; x_wconf 75' lang='grc' dir='ltr'>ἔξαρμα</span> <span class='ocrx_word' id='word_1_245' title='bbox 3675 1821 3692 1842; x_wconf 85' lang='grc'><strong>,</strong></span> 
     </span>
    </p>
   </div>
   <div class='ocr_carea' id='block_1_34' title="bbox 442 1872 2017 1944">
    <p class='ocr_par' dir='ltr' id='par_1_34' title="bbox 442 1872 2017 1944">
     <span class='ocr_line' id='line_1_34' title="bbox 442 1872 2017 1944; baseline 0.001 -19"><span class='ocrx_word' id='word_1_246' title='bbox 442 1886 831 1928; x_wconf 80' lang='lat' dir='ltr'><strong>coacervantur</strong></span> <span class='ocrx_word' id='word_1_247' title='bbox 857 1885 1037 1929; x_wconf 85' lang='lat' dir='ltr'><strong>autent</strong></span> <span class='ocrx_word' id='word_1_248' title='bbox 1073 1889 1179 1929; x_wconf 90' lang='lat' dir='ltr'><strong>non</strong></span> <span class='ocrx_word' id='word_1_249' title='bbox 1215 1874 1316 1941; x_wconf 89' lang='lat' dir='ltr'><strong>ira,</strong></span> <span class='ocrx_word' id='word_1_250' title='bbox 1347 1875 1444 1930; x_wconf 89' lang='lat' dir='ltr'><strong>sed</strong></span> <span class='ocrx_word' id='word_1_251' title='bbox 1480 1872 1871 1944; x_wconf 71' lang='lat' dir='ltr'><strong>tranquillitate</strong></span> <span class='ocrx_word' id='word_1_252' title='bbox 1899 1887 2017 1927; x_wconf 88' lang='lat' dir='ltr'><strong>sce-</strong></span> 
     </span>
    </p>
   </div>
   <div class='ocr_carea' id='block_1_35' title="bbox 442 1967 1431 2037">
    <p class='ocr_par' dir='ltr' id='par_1_35' title="bbox 442 1967 1431 2037">
     <span class='ocr_line' id='line_1_35' title="bbox 442 1967 1431 2037; baseline 0.002 -17"><span class='ocrx_word' id='word_1_253' title='bbox 442 1967 577 2021; x_wconf 87' lang='lat' dir='ltr'><strong>leris</strong></span> <span class='ocrx_word' id='word_1_254' title='bbox 614 1967 841 2035; x_wconf 80' lang='lat' dir='ltr'><strong>alicujus</strong></span> <span class='ocrx_word' id='word_1_255' title='bbox 876 1982 1093 2035; x_wconf 88' lang='lat' dir='ltr'><strong>poeuam</strong></span> <span class='ocrx_word' id='word_1_256' title='bbox 1125 1967 1431 2037; x_wconf 70' lang='lat' dir='ltr'><strong>espiantes.</strong></span> 
     </span>
    </p>
   </div>
   <div class='ocr_carea' id='block_1_36' title="bbox 2121 1869 3699 1943">
    <p class='ocr_par' dir='ltr' id='par_1_36' title="bbox 2121 1869 3699 1943">
     <span class='ocr_line' id='line_1_36' title="bbox 2121 1869 3699 1943; baseline -0.003 -17"><span class='ocrx_word' id='word_1_257' title='bbox 2121 1871 2390 1943; x_wconf 77' lang='grc' dir='ltr'>ἐρμαῖκοῦ</span> <span class='ocrx_word' id='word_1_258' title='bbox 2423 1888 2566 1936; x_wconf 87' lang='grc' dir='ltr'>τινος</span> <span class='ocrx_word' id='word_1_259' title='bbox 2622 1871 2783 1941; x_wconf 78' lang='grc' dir='ltr'>φόνου</span> <span class='ocrx_word' id='word_1_260' title='bbox 2837 1872 3217 1935; x_wconf 79' lang='grc' dir='ltr'>ὑποκινοῦντες</span> <span class='ocrx_word' id='word_1_261' title='bbox 3270 1869 3531 1938; x_wconf 63' lang='grc' dir='ltr'>ἐνθύμιον</span> <span class='ocrx_word' id='word_1_262' title='bbox 3559 1910 3579 1936; x_wconf 81' lang='lat'><strong>,</strong></span> <span class='ocrx_word' id='word_1_263' title='bbox 3636 1872 3699 1923; x_wconf 78' lang='grc' dir='ltr'>ὃν</span> 
     </span>
    </p>
   </div>
   <div class='ocr_carea' id='block_1_37' title="bbox 2124 1961 3702 2035">
    <p class='ocr_par' dir='ltr' id='par_1_37' title="bbox 2124 1961 3702 2035">
     <span class='ocr_line' id='line_1_37' title="bbox 2124 1961 3702 2035; baseline -0.001 -17"><span class='ocrx_word' id='word_1_264' title='bbox 2124 1964 2356 2027; x_wconf 66' lang='grc' dir='ltr'>παλαιὸς</span> <span class='ocrx_word' id='word_1_265' title='bbox 2386 1963 2543 2033; x_wconf 82' lang='grc' dir='ltr'>λόγος</span> <span class='ocrx_word' id='word_1_266' title='bbox 2592 1963 2830 2035; x_wconf 79' lang='grc' dir='ltr'>θρυλλεῖ.</span> <span class='ocrx_word' id='word_1_267' title='bbox 2883 1963 2990 2016; x_wconf 79' lang='grc' dir='ltr'><strong>Καὶ</strong></span> <span class='ocrx_word' id='word_1_268' title='bbox 3023 1964 3074 2016; x_wconf 78' lang='grc' dir='ltr'>οι</span> <span class='ocrx_word' id='word_1_269' title='bbox 3116 1962 3259 2017; x_wconf 81' lang='grc' dir='ltr'>λίθοι</span> <span class='ocrx_word' id='word_1_270' title='bbox 3292 1962 3573 2016; x_wconf 74' lang='grc' dir='ltr'><strong>τεθεῖσθαι</strong></span> <span class='ocrx_word' id='word_1_271' title='bbox 3607 1961 3702 2016; x_wconf 71' lang='grc' dir='ltr'><strong>λέ.</strong></span> 
     </span>
    </p>
   </div>
   <div class='ocr_carea' id='block_1_38' title="bbox 440 2049 3696 2135">
    <p class='ocr_par' dir='ltr' id='par_1_38' title="bbox 440 2049 3696 2135">
     <span class='ocr_line' id='line_1_38' title="bbox 440 2049 3696 2135; baseline -0.001 -21"><span class='ocrx_word' id='word_1_272' title='bbox 440 2079 628 2129; x_wconf 86' lang='grc' dir='ltr'>γονται</span> <span class='ocrx_word' id='word_1_273' title='bbox 659 2062 801 2116; x_wconf 80' lang='grc' dir='ltr'>κατὰ</span> <span class='ocrx_word' id='word_1_274' title='bbox 829 2062 922 2116; x_wconf 82' lang='grc' dir='ltr'><strong>τοῦ</strong></span> <span class='ocrx_word' id='word_1_275' title='bbox 956 2062 1338 2133; x_wconf 82' lang='grc' dir='ltr'>φονεύσαντος,</span> <span class='ocrx_word' id='word_1_276' title='bbox 1370 2061 1448 2126; x_wconf 82' lang='grc' dir='ltr'><strong>ὡς</strong></span> <span class='ocrx_word' id='word_1_277' title='bbox 1485 2063 1537 2116; x_wconf 76' lang='lat' dir='ltr'><strong>si.</strong></span> <span class='ocrx_word' id='word_1_278' title='bbox 1568 2062 1662 2117; x_wconf 75' lang='grc' dir='ltr'>καὶ</span> <span class='ocrx_word' id='word_1_279' title='bbox 1688 2059 1998 2132; x_wconf 65' lang='grc' dir='ltr'>ἔσλήθησαν</span> <span class='ocrx_word' id='word_1_280' title='bbox 2033 2060 2156 2114; x_wconf 81' lang='grc' dir='ltr'>κατ’</span> <span class='ocrx_word' id='word_1_281' title='bbox 2226 2059 2416 2115; x_wconf 73' lang='grc' dir='ltr'>αὐτοῦ·</span> <span class='ocrx_word' id='word_1_282' title='bbox 2492 2062 2586 2115; x_wconf 73' lang='grc' dir='ltr'>καὶ</span> <span class='ocrx_word' id='word_1_283' title='bbox 2636 2060 2960 2128; x_wconf 76' lang='grc' dir='ltr'>συνάγονται</span> <span class='ocrx_word' id='word_1_284' title='bbox 3017 2049 3145 2127; x_wconf 80' lang='grc' dir='ltr'>μὲν⁸</span> <span class='ocrx_word' id='word_1_285' title='bbox 3161 2059 3224 2113; x_wconf 81' lang='grc' dir='ltr'>οὐ</span> <span class='ocrx_word' id='word_1_286' title='bbox 3298 2058 3444 2113; x_wconf 62' lang='grc' dir='ltr'>κατὰ</span> <span class='ocrx_word' id='word_1_287' title='bbox 3487 2057 3696 2135; x_wconf 63' lang='grc' dir='ltr'>ὀργὴν,</span> 
     </span>
    </p>
   </div>
   <div class='ocr_carea' id='block_1_39' title="bbox 443 2152 3696 2231">
    <p class='ocr_par' dir='ltr' id='par_1_39' title="bbox 443 2152 3696 2231">
     <span class='ocr_line' id='line_1_39' title="bbox 443 2152 3696 2231; baseline -0 -23"><span class='ocrx_word' id='word_1_288' title='bbox 443 2155 560 2208; x_wconf 82' lang='grc' dir='ltr'>ἀλλ’</span> <span class='ocrx_word' id='word_1_289' title='bbox 630 2157 836 2225; x_wconf 82' lang='grc' dir='ltr'>ἠρέμα,</span> <span class='ocrx_word' id='word_1_290' title='bbox 903 2159 999 2211; x_wconf 80' lang='grc' dir='ltr'>καὶ</span> <span class='ocrx_word' id='word_1_291' title='bbox 1069 2152 1548 2221; x_wconf 72' lang='grc' dir='ltr'>ἑπιστοιϐάεονται</span> <span class='ocrx_word' id='word_1_292' title='bbox 1614 2158 1736 2212; x_wconf 88' lang='grc' dir='ltr'>καθ’</span> <span class='ocrx_word' id='word_1_293' title='bbox 1763 2157 1994 2231; x_wconf 73' lang='grc' dir='ltr'>ἡσυχίαν</span> <span class='ocrx_word' id='word_1_294' title='bbox 2023 2157 2244 2226; x_wconf 79' lang='grc' dir='ltr'>πολλήν.</span> <span class='ocrx_word' id='word_1_295' title='bbox 2288 2155 2594 2211; x_wconf 74' lang='grc' dir='ltr'>Ὀσιοῦνται</span> <span class='ocrx_word' id='word_1_296' title='bbox 2635 2157 2695 2210; x_wconf 74' lang='grc' dir='ltr'>δὲ</span> <span class='ocrx_word' id='word_1_297' title='bbox 2738 2157 2887 2226; x_wconf 81' lang='grc' dir='ltr'>ὅμως</span> <span class='ocrx_word' id='word_1_298' title='bbox 2926 2156 3088 2224; x_wconf 80' lang='grc' dir='ltr'>φόνου</span> <span class='ocrx_word' id='word_1_299' title='bbox 3137 2155 3352 2225; x_wconf 80' lang='grc' dir='ltr'>ποινὴν,</span> <span class='ocrx_word' id='word_1_300' title='bbox 3396 2157 3496 2208; x_wconf 78' lang='grc' dir='ltr'>καὶ</span> <span class='ocrx_word' id='word_1_301' title='bbox 3528 2154 3696 2225; x_wconf 85' lang='grc' dir='ltr'>δίκην</span> 
     </span>
    </p>
   </div>
   <div class='ocr_carea' id='block_1_40' title="bbox 443 2237 1748 2319">
    <p class='ocr_par' dir='ltr' id='par_1_40' title="bbox 443 2237 1748 2319">
     <span class='ocr_line' id='line_1_40' title="bbox 443 2237 1748 2319; baseline 0.005 -23"><span class='ocrx_word' id='word_1_302' title='bbox 443 2237 556 2297; x_wconf 74' lang='grc' dir='ltr'>οἷον</span> <span class='ocrx_word' id='word_1_303' title='bbox 583 2245 708 2299; x_wconf 73' lang='grc' dir='ltr'>τινὰ</span> <span class='ocrx_word' id='word_1_304' title='bbox 739 2246 808 2299; x_wconf 86' lang='grc' dir='ltr'>δι’</span> <span class='ocrx_word' id='word_1_305' title='bbox 841 2247 1021 2313; x_wconf 81' lang='grc' dir='ltr'>αὐτῶν</span> <span class='ocrx_word' id='word_1_306' title='bbox 1050 2249 1078 2301; x_wconf 85' lang='grc' dir='ltr'><strong><em>ὁ</em></strong></span> <span class='ocrx_word' id='word_1_307' title='bbox 1103 2249 1480 2319; x_wconf 70' lang='grc' dir='ltr'>κακοποιῆσας</span> <span class='ocrx_word' id='word_1_308' title='bbox 1508 2248 1748 2304; x_wconf 87' lang='grc' dir='ltr'>δίδωσιν.</span> 
     </span>
    </p>
   </div>
   <div class='ocr_carea' id='block_1_41' title="bbox 514 2353 2018 2435">
    <p class='ocr_par' dir='ltr' id='par_1_41' title="bbox 514 2355 2015 2431">
     <span class='ocr_line' id='line_1_41' title="bbox 514 2355 2015 2431; baseline 0.003 -21"><span class='ocrx_word' id='word_1_309' title='bbox 514 2357 603 2411; x_wconf 79' lang='grc'><strong>18.</strong></span> <span class='ocrx_word' id='word_1_310' title='bbox 641 2355 836 2413; x_wconf 87' lang='lat' dir='ltr'><strong>Sermo</strong></span> <span class='ocrx_word' id='word_1_311' title='bbox 867 2359 955 2414; x_wconf 92' lang='lat' dir='ltr'><strong>ille</strong></span> <span class='ocrx_word' id='word_1_312' title='bbox 985 2361 1163 2414; x_wconf 89' lang='lat' dir='ltr'><strong>studio</strong></span> <span class='ocrx_word' id='word_1_313' title='bbox 1185 2360 1638 2415; x_wconf 82' lang='lat' dir='ltr'><strong>delectameutum</strong></span> <span class='ocrx_word' id='word_1_314' title='bbox 1670 2361 1798 2431; x_wconf 90' lang='lat' dir='ltr'><strong>quid</strong></span> <span class='ocrx_word' id='word_1_315' title='bbox 1835 2362 2015 2416; x_wconf 77' lang='lat' dir='ltr'><strong>immi-</strong></span> 
     </span>
    </p>
   </div>
   <div class='ocr_carea' id='block_1_42' title="bbox 2125 2353 3693 2435">
    <p class='ocr_par' dir='ltr' id='par_1_42' title="bbox 2188 2353 3693 2435">
     <span class='ocr_line' id='line_1_42' title="bbox 2188 2353 3693 2435; baseline -0.001 -18"><span class='ocrx_word' id='word_1_316' title='bbox 2188 2363 2278 2431; x_wconf 83' lang='grc' dir='ltr'>ιη’.</span> <span class='ocrx_word' id='word_1_317' title='bbox 2348 2362 2490 2417; x_wconf 80' lang='grc' dir='ltr'>Ἀλλ’</span> <span class='ocrx_word' id='word_1_318' title='bbox 2539 2353 2694 2422; x_wconf 71' lang='grc' dir='ltr'>οὗτος</span> <span class='ocrx_word' id='word_1_319' title='bbox 2751 2359 2852 2428; x_wconf 73' lang='grc' dir='ltr'>μὶν</span> <span class='ocrx_word' id='word_1_320' title='bbox 2899 2362 2927 2411; x_wconf 86' lang='grc' dir='ltr'><strong>ό</strong></span> <span class='ocrx_word' id='word_1_321' title='bbox 2985 2359 3142 2427; x_wconf 83' lang='grc' dir='ltr'>λόγος</span> <span class='ocrx_word' id='word_1_322' title='bbox 3185 2362 3567 2431; x_wconf 83' lang='grc' dir='ltr'>παραμιγνύει</span> <span class='ocrx_word' id='word_1_323' title='bbox 3623 2368 3693 2435; x_wconf 79' lang='grc' dir='ltr'>τῇ</span> 
     </span>
    </p>
   </div>
   <div class='ocr_carea' id='block_1_43' title="bbox 445 2450 2018 2525">
    <p class='ocr_par' dir='ltr' id='par_1_43' title="bbox 445 2450 2018 2521">
     <span class='ocr_line' id='line_1_43' title="bbox 445 2450 2018 2521; baseline 0.003 -18"><span class='ocrx_word' id='word_1_324' title='bbox 445 2458 562 2503; x_wconf 88' lang='lat' dir='ltr'><strong>scet</strong></span> <span class='ocrx_word' id='word_1_325' title='bbox 591 2457 647 2503; x_wconf 90' lang='lat' dir='ltr'><strong>et</strong></span> <span class='ocrx_word' id='word_1_326' title='bbox 672 2450 906 2517; x_wconf 85' lang='lat' dir='ltr'><strong>speciem</strong></span> <span class='ocrx_word' id='word_1_327' title='bbox 951 2465 1058 2503; x_wconf 89' lang='lat' dir='ltr'><strong>non</strong></span> <span class='ocrx_word' id='word_1_328' title='bbox 1104 2450 1459 2521; x_wconf 89' lang='lat' dir='ltr'><strong>incongruam</strong></span> <span class='ocrx_word' id='word_1_329' title='bbox 1504 2454 1595 2507; x_wconf 84' lang='lat' dir='ltr'><strong>scd</strong></span> <span class='ocrx_word' id='word_1_330' title='bbox 1629 2457 1919 2507; x_wconf 88' lang='lat' dir='ltr'><strong>obscuram</strong></span> <span class='ocrx_word' id='word_1_331' title='bbox 1965 2464 2018 2508; x_wconf 90' lang='lat' dir='ltr'><strong>et</strong></span> 
     </span>
    </p>
   </div>
   <div class='ocr_carea' id='block_1_44' title="bbox 2125 2450 3694 2525">
    <p class='ocr_par' dir='ltr' id='par_1_44' title="bbox 2125 2452 3694 2525">
     <span class='ocr_line' id='line_1_44' title="bbox 2125 2452 3694 2525; baseline 0.001 -18"><span class='ocrx_word' id='word_1_332' title='bbox 2125 2456 2324 2525; x_wconf 79' lang='grc' dir='ltr'><strong>σπουδῇ</strong></span> <span class='ocrx_word' id='word_1_333' title='bbox 2363 2454 2457 2507; x_wconf 82' lang='grc' dir='ltr'><strong>καί</strong></span> <span class='ocrx_word' id='word_1_334' title='bbox 2498 2471 2553 2508; x_wconf 90' lang='grc' dir='ltr'><strong>τι</strong></span> <span class='ocrx_word' id='word_1_335' title='bbox 2584 2452 2922 2523; x_wconf 76' lang='grc' dir='ltr'>ἀθύρματος,</span> <span class='ocrx_word' id='word_1_336' title='bbox 2960 2454 3054 2507; x_wconf 73' lang='grc' dir='ltr'>καὶ</span> <span class='ocrx_word' id='word_1_337' title='bbox 3089 2453 3273 2507; x_wconf 79' lang='grc' dir='ltr'><strong>εἰκόνα</strong></span> <span class='ocrx_word' id='word_1_338' title='bbox 3312 2455 3694 2523; x_wconf 73' lang='grc' dir='ltr'>παραυγᾶζει,</span> 
     </span>
    </p>
   </div>
   <div class='ocr_carea' id='block_1_45' title="bbox 446 2540 2018 2618">
    <p class='ocr_par' dir='ltr' id='par_1_45' title="bbox 446 2540 2018 2614">
     <span class='ocr_line' id='line_1_45' title="bbox 446 2540 2018 2614; baseline 0.003 -20"><span class='ocrx_word' id='word_1_339' title='bbox 446 2540 792 2596; x_wconf 80' lang='lat' dir='ltr'><strong>umbratilem</strong></span> <span class='ocrx_word' id='word_1_340' title='bbox 828 2542 1049 2597; x_wconf 80' lang='lat' dir='ltr'><strong>emittit.</strong></span> <span class='ocrx_word' id='word_1_341' title='bbox 1086 2542 1210 2598; x_wconf 76' lang='lat' dir='ltr'><strong>llaec</strong></span> <span class='ocrx_word' id='word_1_342' title='bbox 1253 2553 1431 2598; x_wconf 90' lang='lat' dir='ltr'><strong>autem</strong></span> <span class='ocrx_word' id='word_1_343' title='bbox 1482 2560 1578 2612; x_wconf 86' lang='lat' dir='ltr'><strong>pro</strong></span> <span class='ocrx_word' id='word_1_344' title='bbox 1625 2560 1784 2614; x_wconf 85' lang='lat' dir='ltr'><strong>posse</strong></span> <span class='ocrx_word' id='word_1_345' title='bbox 1832 2555 2018 2600; x_wconf 86' lang='lat' dir='ltr'><strong>nostro</strong></span> 
     </span>
    </p>
   </div>
   <div class='ocr_carea' id='block_1_46' title="bbox 2125 2540 3693 2618">
    <p class='ocr_par' dir='ltr' id='par_1_46' title="bbox 2125 2543 3693 2618">
     <span class='ocr_line' id='line_1_46' title="bbox 2125 2543 3693 2618; baseline 0 -19"><span class='ocrx_word' id='word_1_346' title='bbox 2125 2546 2177 2600; x_wconf 78' lang='grc' dir='ltr'>οὗ</span> <span class='ocrx_word' id='word_1_347' title='bbox 2204 2547 2490 2615; x_wconf 83' lang='grc' dir='ltr'>δυσπρεπῆ</span> <span class='ocrx_word' id='word_1_348' title='bbox 2534 2546 2655 2616; x_wconf 69' lang='grc' dir='ltr'>μὲν,</span> <span class='ocrx_word' id='word_1_349' title='bbox 2678 2543 2931 2614; x_wconf 78' lang='grc' dir='ltr'>ἀμυδρὰν</span> <span class='ocrx_word' id='word_1_350' title='bbox 2953 2543 3031 2611; x_wconf 80' lang='grc' dir='ltr'>δὲ,</span> <span class='ocrx_word' id='word_1_351' title='bbox 3063 2547 3155 2598; x_wconf 71' lang='grc' dir='ltr'>καὶ</span> <span class='ocrx_word' id='word_1_352' title='bbox 3194 2544 3271 2608; x_wconf 84' lang='grc' dir='ltr'>ὡς</span> <span class='ocrx_word' id='word_1_353' title='bbox 3302 2544 3361 2598; x_wconf 72' lang='grc' dir='ltr'><strong>ἐν</strong></span> <span class='ocrx_word' id='word_1_354' title='bbox 3382 2563 3492 2599; x_wconf 83' lang='grc' dir='ltr'>τινι</span> <span class='ocrx_word' id='word_1_355' title='bbox 3537 2547 3693 2618; x_wconf 79' lang='grc' dir='ltr'>σκιᾷ.</span> 
     </span>
    </p>
   </div>
   <div class='ocr_carea' id='block_1_47' title="bbox 446 2635 2018 2708">
    <p class='ocr_par' dir='ltr' id='par_1_47' title="bbox 446 2635 2018 2708">
     <span class='ocr_line' id='line_1_47' title="bbox 446 2635 2018 2708; baseline 0.003 -21"><span class='ocrx_word' id='word_1_356' title='bbox 446 2636 695 2689; x_wconf 83' lang='lat' dir='ltr'><strong>veritatis</strong></span> <span class='ocrx_word' id='word_1_357' title='bbox 729 2635 910 2689; x_wconf 90' lang='lat' dir='ltr'><strong>lumen</strong></span> <span class='ocrx_word' id='word_1_358' title='bbox 962 2636 1097 2691; x_wconf 83' lang='lat' dir='ltr'><strong>bene</strong></span> <span class='ocrx_word' id='word_1_359' title='bbox 1140 2636 1387 2708; x_wconf 85' lang='lat' dir='ltr'><strong>pingunt.</strong></span> <span class='ocrx_word' id='word_1_360' title='bbox 1426 2637 1686 2706; x_wconf 84' lang='lat' dir='ltr'><strong>Lapidum</strong></span> <span class='ocrx_word' id='word_1_361' title='bbox 1719 2638 1863 2692; x_wconf 90' lang='lat' dir='ltr'><strong>enim</strong></span> <span class='ocrx_word' id='word_1_362' title='bbox 1900 2637 2018 2708; x_wconf 88' lang='lat' dir='ltr'><strong>ipsa</strong></span> 
     </span>
    </p>
   </div>
   <div class='ocr_carea' id='block_1_48' title="bbox 2125 2635 3689 2708">
    <p class='ocr_par' dir='ltr' id='par_1_48' title="bbox 2125 2637 3689 2707">
     <span class='ocr_line' id='line_1_48' title="bbox 2125 2637 3689 2707; baseline -0.001 -16"><span class='ocrx_word' id='word_1_363' title='bbox 2125 2638 2301 2691; x_wconf 81' lang='grc' dir='ltr'>Ταῦτα</span> <span class='ocrx_word' id='word_1_364' title='bbox 2351 2637 2406 2691; x_wconf 73' lang='grc' dir='ltr'>δὲ</span> <span class='ocrx_word' id='word_1_365' title='bbox 2453 2638 2522 2690; x_wconf 80' lang='grc' dir='ltr'><strong>τὰ</strong></span> <span class='ocrx_word' id='word_1_366' title='bbox 2552 2638 2676 2691; x_wconf 77' lang='grc' dir='ltr'>καθ’</span> <span class='ocrx_word' id='word_1_367' title='bbox 2712 2638 2858 2705; x_wconf 78' lang='grc' dir='ltr'>ἡμᾶς</span> <span class='ocrx_word' id='word_1_368' title='bbox 2892 2637 3154 2706; x_wconf 75' lang='grc' dir='ltr'>ἀλήθειαν</span> <span class='ocrx_word' id='word_1_369' title='bbox 3191 2639 3478 2707; x_wconf 79' lang='grc' dir='ltr'>φωσφορεϊ</span> <span class='ocrx_word' id='word_1_370' title='bbox 3515 2638 3689 2702; x_wconf 73' lang='grc' dir='ltr'>εὔζωο</span> 
     </span>
    </p>
   </div>
   <div class='ocr_carea' id='block_1_49' title="bbox 447 2723 2018 2804">
    <p class='ocr_par' dir='ltr' id='par_1_49' title="bbox 447 2723 2018 2804">
     <span class='ocr_line' id='line_1_49' title="bbox 447 2723 2018 2804; baseline 0.004 -28"><span class='ocrx_word' id='word_1_371' title='bbox 447 2723 615 2780; x_wconf 87' lang='lat' dir='ltr'><strong>moles</strong></span> <span class='ocrx_word' id='word_1_372' title='bbox 633 2736 822 2804; x_wconf 85' lang='lat' dir='ltr'><strong>contra</strong></span> <span class='ocrx_word' id='word_1_373' title='bbox 841 2726 1186 2782; x_wconf 86' lang='lat' dir='ltr'><strong>animicidam</strong></span> <span class='ocrx_word' id='word_1_374' title='bbox 1210 2739 1642 2798; x_wconf 82' lang='lat' dir='ltr'><strong>coagmentatnr,</strong></span> <span class='ocrx_word' id='word_1_375' title='bbox 1667 2730 1720 2783; x_wconf 89' lang='lat' dir='ltr'><strong>in</strong></span> <span class='ocrx_word' id='word_1_376' title='bbox 1750 2728 1867 2796; x_wconf 82' lang='lat' dir='ltr'><strong>ejus</strong></span> <span class='ocrx_word' id='word_1_377' title='bbox 1891 2744 2018 2798; x_wconf 80' lang='lat' dir='ltr'><strong>pro—</strong></span> 
     </span>
    </p>
   </div>
   <div class='ocr_carea' id='block_1_50' title="bbox 2125 2723 3691 2804">
    <p class='ocr_par' dir='ltr' id='par_1_50' title="bbox 2125 2728 3691 2803">
     <span class='ocr_line' id='line_1_50' title="bbox 2125 2728 3691 2803; baseline -0.001 -19"><span class='ocrx_word' id='word_1_378' title='bbox 2125 2731 2423 2803; x_wconf 77' lang='grc' dir='ltr'>γράφητον.</span> <span class='ocrx_word' id='word_1_379' title='bbox 2470 2731 2650 2785; x_wconf 89' lang='grc' dir='ltr'>Λίθων</span> <span class='ocrx_word' id='word_1_380' title='bbox 2694 2728 2800 2799; x_wconf 81' lang='grc' dir='ltr'><strong>γὰρ</strong></span> <span class='ocrx_word' id='word_1_381' title='bbox 2834 2728 2972 2797; x_wconf 78' lang='grc' dir='ltr'>αὕτη</span> <span class='ocrx_word' id='word_1_382' title='bbox 3022 2729 3212 2799; x_wconf 79' lang='grc' dir='ltr'>στοιόὴ</span> <span class='ocrx_word' id='word_1_383' title='bbox 3263 2730 3407 2783; x_wconf 65' lang='lat' dir='ltr'><strong>scatit</strong></span> <span class='ocrx_word' id='word_1_384' title='bbox 3445 2730 3542 2784; x_wconf 74' lang='grc' dir='ltr'>τοῖ’)</span> <span class='ocrx_word' id='word_1_385' title='bbox 3577 2729 3691 2783; x_wconf 77' lang='grc' dir='ltr'><strong>τῶν</strong></span> 
     </span>
    </p>
   </div>
   <div class='ocr_carea' id='block_1_51' title="bbox 446 2815 2018 2893">
    <p class='ocr_par' dir='ltr' id='par_1_51' title="bbox 446 2815 2018 2885">
     <span class='ocr_line' id='line_1_51' title="bbox 446 2815 2018 2885; baseline 0 -15"><span class='ocrx_word' id='word_1_386' title='bbox 446 2815 607 2871; x_wconf 90' lang='lat' dir='ltr'><strong>brum</strong></span> <span class='ocrx_word' id='word_1_387' title='bbox 657 2827 860 2872; x_wconf 90' lang='lat' dir='ltr'><strong>erecta.</strong></span> <span class='ocrx_word' id='word_1_388' title='bbox 899 2819 1027 2874; x_wconf 91' lang='lat' dir='ltr'><strong>Inde</strong></span> <span class='ocrx_word' id='word_1_389' title='bbox 1058 2820 1213 2875; x_wconf 87' lang='lat' dir='ltr'><strong>nobis</strong></span> <span class='ocrx_word' id='word_1_390' title='bbox 1243 2820 1423 2874; x_wconf 83' lang='lat' dir='ltr'><strong>dicere</strong></span> <span class='ocrx_word' id='word_1_391' title='bbox 1448 2819 1596 2885; x_wconf 87' lang='lat' dir='ltr'><strong>licet,</strong></span> <span class='ocrx_word' id='word_1_392' title='bbox 1630 2835 1818 2875; x_wconf 84' lang='lat' dir='ltr'><strong>sacras</strong></span> <span class='ocrx_word' id='word_1_393' title='bbox 1846 2818 2018 2874; x_wconf 84' lang='lat' dir='ltr'><strong>Litte-</strong></span> 
     </span>
    </p>
   </div>
   <div class='ocr_carea' id='block_1_52' title="bbox 2125 2815 3695 2893">
    <p class='ocr_par' dir='ltr' id='par_1_52' title="bbox 2125 2820 3695 2893">
     <span class='ocr_line' id='line_1_52' title="bbox 2125 2820 3695 2893; baseline -0.001 -18"><span class='ocrx_word' id='word_1_394' title='bbox 2125 2822 2302 2893; x_wconf 51' lang='grc' dir='ltr'>ψυχῶν</span> <span class='ocrx_word' id='word_1_395' title='bbox 2340 2820 2600 2891; x_wconf 78' lang='grc' dir='ltr'>φονευτοῦ</span> <span class='ocrx_word' id='word_1_396' title='bbox 2640 2820 3068 2890; x_wconf 77' lang='grc' dir='ltr'>συναγήγερται,</span> <span class='ocrx_word' id='word_1_397' title='bbox 3118 2821 3200 2884; x_wconf 82' lang='grc' dir='ltr'><strong>είς</strong></span> <span class='ocrx_word' id='word_1_398' title='bbox 3252 2821 3424 2874; x_wconf 77' lang='grc' dir='ltr'>κακὸν</span> <span class='ocrx_word' id='word_1_399' title='bbox 3477 2822 3695 2874; x_wconf 72' lang='grc' dir='ltr'>ἐκείνου</span> 
     </span>
    </p>
   </div>
   <div class='ocr_carea' id='block_1_53' title="bbox 447 2911 2018 2986">
    <p class='ocr_par' dir='ltr' id='par_1_53' title="bbox 447 2911 2018 2982">
     <span class='ocr_line' id='line_1_53' title="bbox 447 2911 2018 2982; baseline 0 -15"><span class='ocrx_word' id='word_1_400' title='bbox 447 2928 535 2967; x_wconf 90' lang='lat' dir='ltr'><strong>ras</strong></span> <span class='ocrx_word' id='word_1_401' title='bbox 563 2913 846 2981; x_wconf 74' lang='lat' dir='ltr'><strong>allegando</strong></span> <span class='ocrx_word' id='word_1_402' title='bbox 880 2931 894 2966; x_wconf 90' lang='lat'><strong>:</strong></span> <span class='ocrx_word' id='word_1_403' title='bbox 921 2912 1022 2979; x_wconf 83' lang='lat' dir='ltr'><strong>Qui</strong></span> <span class='ocrx_word' id='word_1_404' title='bbox 1053 2921 1293 2967; x_wconf 87' lang='lat' dir='ltr'><strong>vestrum</strong></span> <span class='ocrx_word' id='word_1_405' title='bbox 1333 2913 1451 2968; x_wconf 90' lang='lat' dir='ltr'><strong>sine</strong></span> <span class='ocrx_word' id='word_1_406' title='bbox 1489 2921 1708 2982; x_wconf 88' lang='lat' dir='ltr'><strong>peccato</strong></span> <span class='ocrx_word' id='word_1_407' title='bbox 1738 2923 1821 2966; x_wconf 88' lang='lat' dir='ltr'><strong>est</strong></span> <span class='ocrx_word' id='word_1_408' title='bbox 1845 2911 2018 2974; x_wconf 77' lang='lat' dir='ltr'><strong>(scili-</strong></span> 
     </span>
    </p>
   </div>
   <div class='ocr_carea' id='block_1_54' title="bbox 2125 2911 3696 2986">
    <p class='ocr_par' dir='ltr' id='par_1_54' title="bbox 2125 2912 3696 2986">
     <span class='ocr_line' id='line_1_54' title="bbox 2125 2912 3696 2986; baseline -0.005 -16"><span class='ocrx_word' id='word_1_409' title='bbox 2125 2915 2446 2986; x_wconf 77' lang='grc' dir='ltr'>λοφουμένη.</span> <span class='ocrx_word' id='word_1_410' title='bbox 2478 2915 2589 2968; x_wconf 71' lang='grc' dir='ltr'><strong>Καὶ</strong></span> <span class='ocrx_word' id='word_1_411' title='bbox 2623 2915 2804 2967; x_wconf 91' lang='grc' dir='ltr'>τοίνυν</span> <span class='ocrx_word' id='word_1_412' title='bbox 2830 2912 2976 2967; x_wconf 72' lang='grc' dir='ltr'>ἔστιν</span> <span class='ocrx_word' id='word_1_413' title='bbox 3035 2914 3166 2983; x_wconf 69' lang='grc' dir='ltr'>ἡμῖν</span> <span class='ocrx_word' id='word_1_414' title='bbox 3214 2913 3451 2966; x_wconf 76' lang='grc' dir='ltr'>ἐνταῦθα</span> <span class='ocrx_word' id='word_1_415' title='bbox 3487 2914 3696 2981; x_wconf 76' lang='grc' dir='ltr'>λέγειν,</span> 
     </span>
    </p>
   </div>
   <div class='ocr_carea' id='block_1_55' title="bbox 446 3004 2018 3081">
    <p class='ocr_par' dir='ltr' id='par_1_55' title="bbox 446 3004 2018 3073">
     <span class='ocr_line' id='line_1_55' title="bbox 446 3004 2018 3073; baseline -0.001 -12"><span class='ocrx_word' id='word_1_416' title='bbox 446 3018 534 3061; x_wconf 90' lang='lat' dir='ltr'><strong>cet</strong></span> <span class='ocrx_word' id='word_1_417' title='bbox 563 3024 590 3058; x_wconf 93' lang='lat' dir='ltr'><strong>a</strong></span> <span class='ocrx_word' id='word_1_418' title='bbox 627 3005 716 3059; x_wconf 86' lang='lat' dir='ltr'><strong>Dei</strong></span> <span class='ocrx_word' id='word_1_419' title='bbox 739 3016 940 3060; x_wconf 82' lang='lat' dir='ltr'><strong>statera</strong></span> <span class='ocrx_word' id='word_1_420' title='bbox 972 3007 1258 3061; x_wconf 76' lang='lat' dir='ltr'><strong>deﬁciente</strong></span> <span class='ocrx_word' id='word_1_421' title='bbox 1283 3008 1367 3062; x_wconf 89' lang='lat' dir='ltr'><strong>vel</strong></span> <span class='ocrx_word' id='word_1_422' title='bbox 1394 3005 1501 3061; x_wconf 78' lang='lat' dir='ltr'><strong>ﬁde</strong></span> <span class='ocrx_word' id='word_1_423' title='bbox 1533 3022 1637 3060; x_wconf 90' lang='lat' dir='ltr'><strong>non</strong></span> <span class='ocrx_word' id='word_1_424' title='bbox 1663 3005 1908 3073; x_wconf 87' lang='lat' dir='ltr'><strong>cecidit),</strong></span> <span class='ocrx_word' id='word_1_425' title='bbox 1941 3004 2018 3059; x_wconf 86' lang='lat' dir='ltr'><strong>la-</strong></span> 
     </span>
    </p>
   </div>
   <div class='ocr_carea' id='block_1_56' title="bbox 2125 3004 3696 3081">
    <p class='ocr_par' dir='ltr' id='par_1_56' title="bbox 2125 3004 3696 3081">
     <span class='ocr_line' id='line_1_56' title="bbox 2125 3004 3696 3081; baseline -0.004 -17"><span class='ocrx_word' id='word_1_426' title='bbox 2125 3009 2425 3081; x_wconf 79' lang='grc' dir='ltr'>παρῳδοῦσι</span> <span class='ocrx_word' id='word_1_427' title='bbox 2444 3009 2502 3061; x_wconf 75' lang='grc' dir='ltr'><strong>τὸ</strong></span> <span class='ocrx_word' id='word_1_428' title='bbox 2530 3007 2822 3078; x_wconf 76' lang='grc' dir='ltr'>ἱερώτατον</span> <span class='ocrx_word' id='word_1_429' title='bbox 2846 3008 3028 3075; x_wconf 77' lang='grc' dir='ltr'>λόγιον</span> <span class='ocrx_word' id='word_1_430' title='bbox 3047 3024 3062 3039; x_wconf 90' lang='grc'><strong>·</strong></span> <span class='ocrx_word' id='word_1_431' title='bbox 3095 3025 3112 3057; x_wconf 81' lang='grc' dir='ltr'>ι</span> <span class='ocrx_word' id='word_1_432' title='bbox 3128 3004 3316 3070; x_wconf 87' lang='grc' dir='ltr'>Ὀστις</span> <span class='ocrx_word' id='word_1_433' title='bbox 3352 3008 3453 3077; x_wconf 81' lang='grc' dir='ltr'><strong>οὐχ</strong></span> <span class='ocrx_word' id='word_1_434' title='bbox 3474 3006 3696 3076; x_wconf 74' lang='grc' dir='ltr'>ἥμαρτε</span> 
     </span>
    </p>
   </div>
   <div class='ocr_carea' id='block_1_57' title="bbox 449 3095 2018 3173">
    <p class='ocr_par' dir='ltr' id='par_1_57' title="bbox 449 3095 2018 3167">
     <span class='ocr_line' id='line_1_57' title="bbox 449 3095 2018 3167; baseline -0.001 -16"><span class='ocrx_word' id='word_1_435' title='bbox 449 3098 628 3167; x_wconf 90' lang='lat' dir='ltr'><strong>pidem</strong></span> <span class='ocrx_word' id='word_1_436' title='bbox 686 3097 738 3150; x_wconf 91' lang='lat' dir='ltr'><strong>in</strong></span> <span class='ocrx_word' id='word_1_437' title='bbox 793 3095 940 3150; x_wconf 90' lang='lat' dir='ltr'><strong>illum</strong></span> <span class='ocrx_word' id='word_1_438' title='bbox 990 3097 1189 3152; x_wconf 82' lang='lat' dir='ltr'><strong>mittat.</strong></span> <span class='ocrx_word' id='word_1_439' title='bbox 1241 3097 1531 3153; x_wconf 85' lang='lat' dir='ltr'><strong>Latronem</strong></span> <span class='ocrx_word' id='word_1_440' title='bbox 1574 3104 1881 3165; x_wconf 88' lang='lat' dir='ltr'><strong>prosternat</strong></span> <span class='ocrx_word' id='word_1_441' title='bbox 1929 3095 2018 3165; x_wconf 87' lang='lat' dir='ltr'><strong>qui</strong></span> 
     </span>
    </p>
   </div>
   <div class='ocr_carea' id='block_1_58' title="bbox 2125 3095 3698 3173">
    <p class='ocr_par' dir='ltr' id='par_1_58' title="bbox 2125 3098 3698 3173">
     <span class='ocr_line' id='line_1_58' title="bbox 2125 3098 3698 3173; baseline -0.005 -17"><span class='ocrx_word' id='word_1_442' title='bbox 2125 3100 2338 3173; x_wconf 76' lang='grc' dir='ltr'>(δηλαδὴ</span> <span class='ocrx_word' id='word_1_443' title='bbox 2382 3100 2458 3170; x_wconf 76' lang='grc' dir='ltr'>μὴ</span> <span class='ocrx_word' id='word_1_444' title='bbox 2488 3100 2589 3169; x_wconf 83' lang='grc' dir='ltr'>τῆς</span> <span class='ocrx_word' id='word_1_445' title='bbox 2622 3101 2702 3163; x_wconf 77' lang='grc' dir='ltr'><strong>είς</strong></span> <span class='ocrx_word' id='word_1_446' title='bbox 2731 3099 2864 3151; x_wconf 77' lang='grc' dir='ltr'><strong>Θεὸν</strong></span> <span class='ocrx_word' id='word_1_447' title='bbox 2895 3099 3057 3153; x_wconf 87' lang='grc' dir='ltr'>σταθε</span> <span class='ocrx_word' id='word_1_448' title='bbox 3069 3100 3166 3167; x_wconf 79' lang='grc' dir='ltr'><strong>ρᾶς</strong></span> <span class='ocrx_word' id='word_1_449' title='bbox 3214 3098 3577 3152; x_wconf 68' lang='grc' dir='ltr'><strong>ἐκπέπτωκεν</strong></span> <span class='ocrx_word' id='word_1_450' title='bbox 3609 3098 3698 3149; x_wconf 74' lang='grc' dir='ltr'><strong>ἑλ-</strong></span> 
     </span>
    </p>
   </div>
   <div class='ocr_carea' id='block_1_59' title="bbox 449 3186 2018 3262">
    <p class='ocr_par' dir='ltr' id='par_1_59' title="bbox 449 3186 2018 3260">
     <span class='ocr_line' id='line_1_59' title="bbox 449 3186 2018 3260; baseline -0.001 -18"><span class='ocrx_word' id='word_1_451' title='bbox 449 3198 730 3257; x_wconf 84' lang='lat' dir='ltr'><strong>peccatum</strong></span> <span class='ocrx_word' id='word_1_452' title='bbox 762 3189 956 3245; x_wconf 77' lang='lat' dir='ltr'><strong>animae</strong></span> <span class='ocrx_word' id='word_1_453' title='bbox 985 3189 1356 3259; x_wconf 89' lang='lat' dir='ltr'><strong>perniciosum</strong></span> <span class='ocrx_word' id='word_1_454' title='bbox 1393 3189 1680 3260; x_wconf 80' lang='lat' dir='ltr'><strong>produxit;</strong></span> <span class='ocrx_word' id='word_1_455' title='bbox 1735 3186 1869 3243; x_wconf 87' lang='lat' dir='ltr'><strong>tales</strong></span> <span class='ocrx_word' id='word_1_456' title='bbox 1918 3202 2018 3241; x_wconf 89' lang='lat' dir='ltr'><strong>an-</strong></span> 
     </span>
    </p>
   </div>
   <div class='ocr_carea' id='block_1_60' title="bbox 2125 3186 3697 3262">
    <p class='ocr_par' dir='ltr' id='par_1_60' title="bbox 2125 3190 3697 3262">
     <span class='ocr_line' id='line_1_60' title="bbox 2125 3190 3697 3262; baseline -0.001 -16"><span class='ocrx_word' id='word_1_457' title='bbox 2125 3193 2278 3255; x_wconf 78' lang='grc' dir='ltr'>πίδος</span> <span class='ocrx_word' id='word_1_458' title='bbox 2302 3194 2401 3246; x_wconf 64' lang='grc' dir='ltr'>καὶ</span> <span class='ocrx_word' id='word_1_459' title='bbox 2437 3191 2722 3262; x_wconf 77' lang='grc' dir='ltr'>πίστεως),</span> <span class='ocrx_word' id='word_1_460' title='bbox 2758 3191 3000 3261; x_wconf 78' lang='grc' dir='ltr'><strong>βαλλέτω</strong></span> <span class='ocrx_word' id='word_1_461' title='bbox 3024 3190 3173 3244; x_wconf 76' lang='grc' dir='ltr'>λίθον</span> <span class='ocrx_word' id='word_1_462' title='bbox 3194 3190 3281 3244; x_wconf 79' lang='grc' dir='ltr'><strong>ἐπ’</strong></span> <span class='ocrx_word' id='word_1_463' title='bbox 3311 3190 3498 3245; x_wconf 80' lang='grc' dir='ltr'>αὐτόν.</span> <span class='ocrx_word' id='word_1_464' title='bbox 3528 3210 3548 3242; x_wconf 82' lang='grc' dir='ltr'>ι</span> <span class='ocrx_word' id='word_1_465' title='bbox 3584 3190 3697 3245; x_wconf 73' lang='grc' dir='ltr'><strong>Καὶ</strong></span> 
     </span>
    </p>
   </div>
   <div class='ocr_carea' id='block_1_61' title="bbox 450 3271 2018 3357">
    <p class='ocr_par' dir='ltr' id='par_1_61' title="bbox 450 3279 2018 3352">
     <span class='ocr_line' id='line_1_61' title="bbox 450 3279 2018 3352; baseline 0.004 -21"><span class='ocrx_word' id='word_1_466' title='bbox 450 3285 560 3333; x_wconf 90' lang='lat' dir='ltr'><strong>tem</strong></span> <span class='ocrx_word' id='word_1_467' title='bbox 626 3280 691 3333; x_wconf 92' lang='lat' dir='ltr'><strong>ad</strong></span> <span class='ocrx_word' id='word_1_468' title='bbox 745 3279 909 3334; x_wconf 83' lang='lat' dir='ltr'><strong>Deum</strong></span> <span class='ocrx_word' id='word_1_469' title='bbox 968 3280 1316 3336; x_wconf 89' lang='lat' dir='ltr'><strong>ascensiones</strong></span> <span class='ocrx_word' id='word_1_470' title='bbox 1348 3290 1622 3352; x_wconf 89' lang='lat' dir='ltr'><strong>operetur,</strong></span> <span class='ocrx_word' id='word_1_471' title='bbox 1684 3280 2018 3352; x_wconf 64' lang='lat' dir='ltr'><strong>divinumque</strong></span> 
     </span>
    </p>
   </div>
   <div class='ocr_carea' id='block_1_62' title="bbox 2125 3271 3696 3357">
    <p class='ocr_par' dir='ltr' id='par_1_62' title="bbox 2131 3281 3696 3357">
     <span class='ocr_line' id='line_1_62' title="bbox 2131 3281 3696 3357; baseline -0.005 -18"><span class='ocrx_word' id='word_1_472' title='bbox 2131 3283 2223 3339; x_wconf 72' lang='grc' dir='ltr'>τὸν</span> <span class='ocrx_word' id='word_1_473' title='bbox 2262 3284 2466 3357; x_wconf 78' lang='grc' dir='ltr'>λῃστὴν</span> <span class='ocrx_word' id='word_1_474' title='bbox 2499 3284 2599 3354; x_wconf 68' lang='grc' dir='ltr'>μὲν</span> <span class='ocrx_word' id='word_1_475' title='bbox 2642 3283 3047 3347; x_wconf 78' lang='grc' dir='ltr'>καταϐαλλέτω,</span> <span class='ocrx_word' id='word_1_476' title='bbox 3097 3282 3191 3336; x_wconf 84' lang='grc' dir='ltr'><strong>τδν</strong></span> <span class='ocrx_word' id='word_1_477' title='bbox 3218 3282 3318 3351; x_wconf 65' lang='grc' dir='ltr'><strong>τὴν</strong></span> <span class='ocrx_word' id='word_1_478' title='bbox 3362 3281 3696 3351; x_wconf 77' lang='grc' dir='ltr'>φονεύτριαν</span> 
     </span>
    </p>
   </div>
   <div class='ocr_carea' id='block_1_63' title="bbox 449 3369 3697 3445">
    <p class='ocr_par' dir='ltr' id='par_1_63' title="bbox 449 3369 3697 3445">
     <span class='ocr_line' id='line_1_63' title="bbox 449 3369 3697 3445; baseline 0 -21"><span class='ocrx_word' id='word_1_479' title='bbox 449 3369 862 3426; x_wconf 65' lang='grc' dir='ltr'>ωᾱῑίίεδιὶοηεηι</span> <span class='ocrx_word' id='word_1_480' title='bbox 890 3370 1127 3426; x_wconf 85' lang='lat' dir='ltr'><strong>ordinet.</strong></span> <span class='ocrx_word' id='word_1_481' title='bbox 2126 3373 2401 3445; x_wconf 78' lang='grc' dir='ltr'><strong>ἁμαρτίαν</strong></span> <span class='ocrx_word' id='word_1_482' title='bbox 2426 3374 2933 3444; x_wconf 69' lang='grc' dir='ltr'>δημιουργήσαντα*</span> <span class='ocrx_word' id='word_1_483' title='bbox 2974 3371 3296 3445; x_wconf 75' lang='grc' dir='ltr'>κορυφούτω</span> <span class='ocrx_word' id='word_1_484' title='bbox 3332 3370 3389 3425; x_wconf 83' lang='grc' dir='ltr'>δὲ</span> <span class='ocrx_word' id='word_1_485' title='bbox 3415 3369 3697 3434; x_wconf 80' lang='grc' dir='ltr'>τοιούτους</span> 
     </span>
    </p>
   </div>
   <div class='ocr_carea' id='block_1_64' title="bbox 448 3461 2395 3536">
    <p class='ocr_par' dir='ltr' id='par_1_64' title="bbox 448 3461 2395 3536">
     <span class='ocr_line' id='line_1_64' title="bbox 448 3461 2395 3536; baseline 0.003 -22"><span class='ocrx_word' id='word_1_486' title='bbox 448 3464 529 3526; x_wconf 77' lang='grc' dir='ltr'><strong>είς</strong></span> <span class='ocrx_word' id='word_1_487' title='bbox 589 3461 721 3515; x_wconf 73' lang='grc' dir='ltr'>Θεὸν</span> <span class='ocrx_word' id='word_1_488' title='bbox 770 3461 1140 3533; x_wconf 77' lang='grc' dir='ltr'>ἀναϐαθμους,</span> <span class='ocrx_word' id='word_1_489' title='bbox 1201 3462 1297 3517; x_wconf 76' lang='grc' dir='ltr'>καὶ</span> <span class='ocrx_word' id='word_1_490' title='bbox 1374 3463 1849 3535; x_wconf 87' lang='grc' dir='ltr'>συναρμολογείτω</span> <span class='ocrx_word' id='word_1_491' title='bbox 1891 3463 2044 3519; x_wconf 80' lang='grc' dir='ltr'>θείαν</span> <span class='ocrx_word' id='word_1_492' title='bbox 2080 3466 2395 3536; x_wconf 67' lang='grc' dir='ltr'>οἰκοδομήν.</span> 
     </span>
    </p>
   </div>
   <div class='ocr_carea' id='block_1_65' title="bbox 520 3553 2018 3627">
    <p class='ocr_par' dir='ltr' id='par_1_65' title="bbox 520 3553 2018 3627">
     <span class='ocr_line' id='line_1_65' title="bbox 520 3553 2018 3627; baseline 0.003 -19"><span class='ocrx_word' id='word_1_493' title='bbox 520 3554 608 3608; x_wconf 80' lang='grc'><strong>19.</strong></span> <span class='ocrx_word' id='word_1_494' title='bbox 638 3553 745 3610; x_wconf 89' lang='lat' dir='ltr'><strong>Sed</strong></span> <span class='ocrx_word' id='word_1_495' title='bbox 778 3554 947 3611; x_wconf 85' lang='lat' dir='ltr'><strong>colles</strong></span> <span class='ocrx_word' id='word_1_496' title='bbox 981 3554 1115 3610; x_wconf 87' lang='lat' dir='ltr'><strong>istos</strong></span> <span class='ocrx_word' id='word_1_497' title='bbox 1150 3555 1384 3612; x_wconf 85' lang='lat' dir='ltr'><strong>humiles</strong></span> <span class='ocrx_word' id='word_1_498' title='bbox 1413 3559 1912 3627; x_wconf 75' lang='lat' dir='ltr'><strong>praetemittamus.</strong></span> <span class='ocrx_word' id='word_1_499' title='bbox 1943 3558 2018 3613; x_wconf 86' lang='lat' dir='ltr'><strong>Ad</strong></span> 
     </span>
    </p>
   </div>
   <div class='ocr_carea' id='block_1_66' title="bbox 2125 3553 3692 3627">
    <p class='ocr_par' dir='ltr' id='par_1_66' title="bbox 2197 3553 3692 3626">
     <span class='ocr_line' id='line_1_66' title="bbox 2197 3553 3692 3626; baseline -0.005 -12"><span class='ocrx_word' id='word_1_500' title='bbox 2197 3560 2282 3616; x_wconf 85' lang='grc' dir='ltr'><strong>ιθ⁹.</strong></span> <span class='ocrx_word' id='word_1_501' title='bbox 2325 3557 2488 3612; x_wconf 81' lang='grc' dir='ltr'>Ἀλλὰ</span> <span class='ocrx_word' id='word_1_502' title='bbox 2538 3556 2761 3620; x_wconf 77' lang='grc' dir='ltr'>τούτους</span> <span class='ocrx_word' id='word_1_503' title='bbox 2824 3556 2924 3626; x_wconf 81' lang='grc' dir='ltr'><strong>μὲν</strong></span> <span class='ocrx_word' id='word_1_504' title='bbox 2979 3556 3107 3621; x_wconf 79' lang='grc' dir='ltr'>τοὺς</span> <span class='ocrx_word' id='word_1_505' title='bbox 3166 3554 3311 3610; x_wconf 74' lang='grc' dir='ltr'>οὕτω</span> <span class='ocrx_word' id='word_1_506' title='bbox 3371 3553 3692 3625; x_wconf 74' lang='grc' dir='ltr'>χθαμαλοῦς</span> 
     </span>
    </p>
   </div>
   <div class='ocr_carea' id='block_1_67' title="bbox 448 3646 2018 3724">
    <p class='ocr_par' dir='ltr' id='par_1_67' title="bbox 448 3646 2018 3719">
     <span class='ocr_line' id='line_1_67' title="bbox 448 3646 2018 3719; baseline 0.004 -20"><span class='ocrx_word' id='word_1_507' title='bbox 448 3646 750 3700; x_wconf 82' lang='lat' dir='ltr'><strong>columnam</strong></span> <span class='ocrx_word' id='word_1_508' title='bbox 773 3646 971 3699; x_wconf 70' lang='lat' dir='ltr'><strong>cretum</strong></span> <span class='ocrx_word' id='word_1_509' title='bbox 1005 3647 1141 3701; x_wconf 92' lang='lat' dir='ltr'><strong>inter</strong></span> <span class='ocrx_word' id='word_1_510' title='bbox 1170 3658 1476 3717; x_wconf 86' lang='lat' dir='ltr'><strong>terramque</strong></span> <span class='ocrx_word' id='word_1_511' title='bbox 1500 3650 1774 3719; x_wconf 87' lang='lat' dir='ltr'><strong>proposito</strong></span> <span class='ocrx_word' id='word_1_512' title='bbox 1801 3650 2018 3706; x_wconf 84' lang='lat' dir='ltr'><strong>tramite</strong></span> 
     </span>
    </p>
   </div>
   <div class='ocr_carea' id='block_1_68' title="bbox 2125 3646 3688 3724">
    <p class='ocr_par' dir='ltr' id='par_1_68' title="bbox 2125 3646 3688 3724">
     <span class='ocr_line' id='line_1_68' title="bbox 2125 3646 3688 3724; baseline -0.005 -16"><span class='ocrx_word' id='word_1_513' title='bbox 2125 3653 2433 3724; x_wconf 79' lang='grc' dir='ltr'>γεωλόφους</span> <span class='ocrx_word' id='word_1_514' title='bbox 2459 3651 2666 3706; x_wconf 74' lang='grc' dir='ltr'><strong>ἐατέον.</strong></span> <span class='ocrx_word' id='word_1_515' title='bbox 2703 3652 2918 3706; x_wconf 80' lang='grc' dir='ltr'>Ἐκτέον</span> <span class='ocrx_word' id='word_1_516' title='bbox 2948 3651 3004 3705; x_wconf 72' lang='grc' dir='ltr'>δὲ</span> <span class='ocrx_word' id='word_1_517' title='bbox 3045 3646 3200 3712; x_wconf 73' lang='grc' dir='ltr'>αὖθις</span> <span class='ocrx_word' id='word_1_518' title='bbox 3236 3649 3333 3703; x_wconf 76' lang='grc' dir='ltr'><strong>τοῦ</strong></span> <span class='ocrx_word' id='word_1_519' title='bbox 3382 3649 3688 3719; x_wconf 77' lang='grc' dir='ltr'>μεταρσίου</span> 
     </span>
    </p>
   </div>
   <div class='ocr_carea' id='block_1_69' title="bbox 450 3734 2018 3815">
    <p class='ocr_par' dir='ltr' id='par_1_69' title="bbox 450 3734 2018 3809">
     <span class='ocr_line' id='line_1_69' title="bbox 450 3734 2018 3809; baseline 0.004 -19"><span class='ocrx_word' id='word_1_520' title='bbox 450 3734 755 3790; x_wconf 86' lang='lat' dir='ltr'><strong>redeamus.</strong></span> <span class='ocrx_word' id='word_1_521' title='bbox 790 3735 1049 3793; x_wconf 79' lang='lat' dir='ltr'><strong>Mirabilis</strong></span> <span class='ocrx_word' id='word_1_522' title='bbox 1081 3740 1194 3793; x_wconf 67' lang='lat' dir='ltr'><strong>haec</strong></span> <span class='ocrx_word' id='word_1_523' title='bbox 1225 3739 1480 3806; x_wconf 87' lang='lat' dir='ltr'><strong>elevatio,</strong></span> <span class='ocrx_word' id='word_1_524' title='bbox 1513 3757 1620 3794; x_wconf 90' lang='lat' dir='ltr'><strong>non</strong></span> <span class='ocrx_word' id='word_1_525' title='bbox 1660 3743 1847 3805; x_wconf 87' lang='lat' dir='ltr'><strong>maris,</strong></span> <span class='ocrx_word' id='word_1_526' title='bbox 1880 3743 2018 3809; x_wconf 88' lang='lat' dir='ltr'><strong>quod</strong></span> 
     </span>
    </p>
   </div>
   <div class='ocr_carea' id='block_1_70' title="bbox 2125 3734 3691 3815">
    <p class='ocr_par' dir='ltr' id='par_1_70' title="bbox 2125 3741 3691 3815">
     <span class='ocr_line' id='line_1_70' title="bbox 2125 3741 3691 3815; baseline -0.006 -14"><span class='ocrx_word' id='word_1_527' title='bbox 2125 3765 2146 3801; x_wconf 78' lang='grc' dir='ltr'>ι</span> <span class='ocrx_word' id='word_1_528' title='bbox 2174 3745 2367 3800; x_wconf 84' lang='grc' dir='ltr'>στύλον</span> <span class='ocrx_word' id='word_1_529' title='bbox 2393 3765 2412 3799; x_wconf 83' lang='grc' dir='ltr'>ι</span> <span class='ocrx_word' id='word_1_530' title='bbox 2451 3745 2590 3800; x_wconf 80' lang='grc' dir='ltr'>κατὰ</span> <span class='ocrx_word' id='word_1_531' title='bbox 2618 3745 2721 3815; x_wconf 78' lang='grc' dir='ltr'>τὴν</span> <span class='ocrx_word' id='word_1_532' title='bbox 2744 3744 3176 3815; x_wconf 77' lang='grc' dir='ltr'>ὐποτεθειμένην</span> <span class='ocrx_word' id='word_1_533' title='bbox 3206 3741 3417 3812; x_wconf 78' lang='grc' dir='ltr'>ἔφοδον.</span> <span class='ocrx_word' id='word_1_534' title='bbox 3452 3741 3691 3811; x_wconf 66' lang='grc' dir='ltr'>Θαυμα-</span> 
     </span>
    </p>
   </div>
   <div class='ocr_carea' id='block_1_71' title="bbox 448 3824 2024 3895">
    <p class='ocr_par' dir='ltr' id='par_1_71' title="bbox 448 3824 2024 3895">
     <span class='ocr_line' id='line_1_71' title="bbox 448 3824 2024 3895; baseline 0.004 -16"><span class='ocrx_word' id='word_1_535' title='bbox 448 3826 719 3895; x_wconf 88' lang='lat' dir='ltr'><strong>spirantes</strong></span> <span class='ocrx_word' id='word_1_536' title='bbox 746 3824 1099 3882; x_wconf 75' lang='lat' dir='ltr'><strong>tumelaciunt</strong></span> <span class='ocrx_word' id='word_1_537' title='bbox 1132 3834 1299 3895; x_wconf 87' lang='lat' dir='ltr'><strong>venti,</strong></span> <span class='ocrx_word' id='word_1_538' title='bbox 1331 3839 1385 3884; x_wconf 87' lang='lat' dir='ltr'><strong>et</strong></span> <span class='ocrx_word' id='word_1_539' title='bbox 1416 3833 1482 3883; x_wconf 88' lang='lat' dir='ltr'><strong>ab</strong></span> <span class='ocrx_word' id='word_1_540' title='bbox 1512 3832 1698 3886; x_wconf 89' lang='lat' dir='ltr'><strong>humili</strong></span> <span class='ocrx_word' id='word_1_541' title='bbox 1724 3833 2024 3887; x_wconf 82' lang='lat' dir='ltr'><strong>substrata-</strong></span> 
     </span>
    </p>
   </div>
   <div class='ocr_carea' id='block_1_72' title="bbox 448 3916 2020 3994">
    <p class='ocr_par' dir='ltr' id='par_1_72' title="bbox 448 3916 2020 3994">
     <span class='ocr_line' id='line_1_72' title="bbox 448 3916 2020 3994; baseline 0.006 -25"><span class='ocrx_word' id='word_1_542' title='bbox 448 3930 553 3983; x_wconf 81' lang='lat' dir='ltr'><strong>que</strong></span> <span class='ocrx_word' id='word_1_543' title='bbox 583 3916 802 3985; x_wconf 82' lang='lat' dir='ltr'><strong>planitie</strong></span> <span class='ocrx_word' id='word_1_544' title='bbox 840 3917 892 3972; x_wconf 91' lang='lat' dir='ltr'><strong>in</strong></span> <span class='ocrx_word' id='word_1_545' title='bbox 924 3919 1098 3975; x_wconf 91' lang='lat' dir='ltr'><strong>elatos</strong></span> <span class='ocrx_word' id='word_1_546' title='bbox 1147 3930 1357 3976; x_wconf 88' lang='lat' dir='ltr'><strong>montes</strong></span> <span class='ocrx_word' id='word_1_547' title='bbox 1389 3922 1605 3994; x_wconf 89' lang='lat' dir='ltr'><strong>erigunt</strong></span> <span class='ocrx_word' id='word_1_548' title='bbox 1630 3962 1645 3986; x_wconf 90' lang='lat'><strong>,</strong></span> <span class='ocrx_word' id='word_1_549' title='bbox 1678 3925 1771 3978; x_wconf 89' lang='lat' dir='ltr'><strong>sed</strong></span> <span class='ocrx_word' id='word_1_550' title='bbox 1802 3936 2020 3979; x_wconf 85' lang='lat' dir='ltr'><strong>asceta-</strong></span> 
     </span>
    </p>
   </div>
   <div class='ocr_carea' id='block_1_73' title="bbox 451 4010 2015 4084">
    <p class='ocr_par' dir='ltr' id='par_1_73' title="bbox 451 4010 2015 4084">
     <span class='ocr_line' id='line_1_73' title="bbox 451 4010 2015 4084; baseline 0.005 -23"><span class='ocrx_word' id='word_1_551' title='bbox 451 4022 566 4062; x_wconf 85' lang='lat' dir='ltr'><strong>rum</strong></span> <span class='ocrx_word' id='word_1_552' title='bbox 598 4010 845 4073; x_wconf 85' lang='lat' dir='ltr'><strong>elevatio,</strong></span> <span class='ocrx_word' id='word_1_553' title='bbox 876 4012 966 4080; x_wconf 90' lang='lat' dir='ltr'><strong>qui</strong></span> <span class='ocrx_word' id='word_1_554' title='bbox 993 4011 1123 4064; x_wconf 90' lang='lat' dir='ltr'><strong>nihil</strong></span> <span class='ocrx_word' id='word_1_555' title='bbox 1167 4014 1331 4066; x_wconf 82' lang='lat' dir='ltr'><strong>maris</strong></span> <span class='ocrx_word' id='word_1_556' title='bbox 1358 4013 1498 4068; x_wconf 81' lang='lat' dir='ltr'><strong>infra</strong></span> <span class='ocrx_word' id='word_1_557' title='bbox 1549 4015 1734 4084; x_wconf 77' lang='lat' dir='ltr'><strong>agitati</strong></span> <span class='ocrx_word' id='word_1_558' title='bbox 1772 4018 1971 4071; x_wconf 79' lang='lat' dir='ltr'><strong>habent</strong></span> <span class='ocrx_word' id='word_1_559' title='bbox 1998 4055 2015 4081; x_wconf 84' lang='lat'><strong>,</strong></span> 
     </span>
    </p>
   </div>
   <div class='ocr_carea' id='block_1_74' title="bbox 451 4100 2017 4176">
    <p class='ocr_par' dir='ltr' id='par_1_74' title="bbox 451 4100 2017 4176">
     <span class='ocr_line' id='line_1_74' title="bbox 451 4100 2017 4176; baseline 0.008 -25"><span class='ocrx_word' id='word_1_560' title='bbox 451 4100 575 4168; x_wconf 85' lang='lat' dir='ltr'><strong>quia</strong></span> <span class='ocrx_word' id='word_1_561' title='bbox 617 4116 721 4154; x_wconf 89' lang='lat' dir='ltr'><strong>non</strong></span> <span class='ocrx_word' id='word_1_562' title='bbox 753 4102 956 4154; x_wconf 86' lang='lat' dir='ltr'><strong>salsum</strong></span> <span class='ocrx_word' id='word_1_563' title='bbox 991 4106 1245 4157; x_wconf 89' lang='lat' dir='ltr'><strong>sudorum</strong></span> <span class='ocrx_word' id='word_1_564' title='bbox 1281 4117 1473 4159; x_wconf 67' lang='lat' dir='ltr'><strong>aestum</strong></span> <span class='ocrx_word' id='word_1_565' title='bbox 1503 4120 1724 4176; x_wconf 85' lang='lat' dir='ltr'><strong>propter</strong></span> <span class='ocrx_word' id='word_1_566' title='bbox 1762 4109 2017 4163; x_wconf 84' lang='lat' dir='ltr'><strong>virtutem</strong></span> 
     </span>
    </p>
   </div>
   <div class='ocr_carea' id='block_1_75' title="bbox 458 4190 2012 4270">
    <p class='ocr_par' dir='ltr' id='par_1_75' title="bbox 458 4190 2012 4270">
     <span class='ocr_line' id='line_1_75' title="bbox 458 4190 2012 4270; baseline 0.009 -28"><span class='ocrx_word' id='word_1_567' title='bbox 458 4190 691 4253; x_wconf 81' lang='lat' dir='ltr'><strong>habent;</strong></span> <span class='ocrx_word' id='word_1_568' title='bbox 745 4192 855 4244; x_wconf 91' lang='lat' dir='ltr'><strong>imo</strong></span> <span class='ocrx_word' id='word_1_569' title='bbox 906 4194 1168 4246; x_wconf 87' lang='lat' dir='ltr'><strong>bonorum</strong></span> <span class='ocrx_word' id='word_1_570' title='bbox 1209 4211 1239 4248; x_wconf 86' lang='lat' dir='ltr'><strong>a</strong></span> <span class='ocrx_word' id='word_1_571' title='bbox 1300 4197 1409 4250; x_wconf 84' lang='lat' dir='ltr'><strong>Dee</strong></span> <span class='ocrx_word' id='word_1_572' title='bbox 1456 4199 1621 4265; x_wconf 74' lang='lat' dir='ltr'><strong>copiae</strong></span> <span class='ocrx_word' id='word_1_573' title='bbox 1667 4200 2012 4270; x_wconf 85' lang='lat' dir='ltr'><strong>adnavigaut.</strong></span> 
     </span>
    </p>
   </div>
   <div class='ocr_carea' id='block_1_76' title="bbox 458 4280 2020 4354">
    <p class='ocr_par' dir='ltr' id='par_1_76' title="bbox 458 4280 2020 4354">
     <span class='ocr_line' id='line_1_76' title="bbox 458 4280 2020 4354; baseline 0.009 -23"><span class='ocrx_word' id='word_1_574' title='bbox 458 4280 523 4331; x_wconf 79' lang='lat' dir='ltr'><strong>Et</strong></span> <span class='ocrx_word' id='word_1_575' title='bbox 555 4280 738 4333; x_wconf 82' lang='lat' dir='ltr'><strong>divino</strong></span> <span class='ocrx_word' id='word_1_576' title='bbox 779 4281 971 4347; x_wconf 88' lang='lat' dir='ltr'><strong>spiritu</strong></span> <span class='ocrx_word' id='word_1_577' title='bbox 1032 4284 1161 4337; x_wconf 90' lang='lat' dir='ltr'><strong>tnoti</strong></span> <span class='ocrx_word' id='word_1_578' title='bbox 1216 4302 1319 4338; x_wconf 90' lang='lat' dir='ltr'><strong>non</strong></span> <span class='ocrx_word' id='word_1_579' title='bbox 1364 4297 1591 4354; x_wconf 86' lang='lat' dir='ltr'><strong>possunt</strong></span> <span class='ocrx_word' id='word_1_580' title='bbox 1647 4305 1770 4343; x_wconf 88' lang='lat' dir='ltr'><strong>cum</strong></span> <span class='ocrx_word' id='word_1_581' title='bbox 1822 4290 2020 4347; x_wconf 80' lang='lat' dir='ltr'><strong>inlimis</strong></span> 
     </span>
    </p>
   </div>
   <div class='ocr_carea' id='block_1_77' title="bbox 451 4370 2019 4457">
    <p class='ocr_par' dir='ltr' id='par_1_77' title="bbox 451 4370 2019 4457">
     <span class='ocr_line' id='line_1_77' title="bbox 451 4370 2019 4457; baseline 0.009 -34"><span class='ocrx_word' id='word_1_582' title='bbox 451 4370 1274 4457; x_wconf 30' lang='lat' dir='ltr'><strong>divinitati‘appropinqttaturi;</strong></span> <span class='ocrx_word' id='word_1_583' title='bbox 1308 4377 1527 4443; x_wconf 81' lang='lat' dir='ltr'><strong>eﬂ‘uudi,</strong></span> <span class='ocrx_word' id='word_1_584' title='bbox 1552 4379 1647 4433; x_wconf 84' lang='lat' dir='ltr'><strong>sed</strong></span> <span class='ocrx_word' id='word_1_585' title='bbox 1679 4380 1730 4434; x_wconf 88' lang='lat' dir='ltr'><strong>itt</strong></span> <span class='ocrx_word' id='word_1_586' title='bbox 1765 4382 1874 4436; x_wconf 84' lang='lat' dir='ltr'><strong>alta</strong></span> <span class='ocrx_word' id='word_1_587' title='bbox 1901 4391 2019 4437; x_wconf 85' lang='lat' dir='ltr'><strong>ten—</strong></span> 
     </span>
    </p>
   </div>
   <div class='ocr_carea' id='block_1_78' title="bbox 454 4465 611 4521">
    <p class='ocr_par' dir='ltr' id='par_1_78' title="bbox 454 4465 611 4521">
     <span class='ocr_line' id='line_1_78' title="bbox 454 4465 611 4521; baseline 0.019 -3"><span class='ocrx_word' id='word_1_588' title='bbox 454 4465 611 4521; x_wconf 87' lang='lat' dir='ltr'><strong>dunt.</strong></span> 
     </span>
    </p>
   </div>
   <div class='ocr_carea' id='block_1_79' title="bbox 519 4740 2016 4816">
    <p class='ocr_par' dir='ltr' id='par_1_79' title="bbox 519 4740 2016 4816">
     <span class='ocr_line' id='line_1_79' title="bbox 519 4740 2016 4816; baseline 0.001 -19"><span class='ocrx_word' id='word_1_589' title='bbox 519 4743 609 4798; x_wconf 66' lang='grc' dir='ltr'><strong>ΞΟ.</strong></span> <span class='ocrx_word' id='word_1_590' title='bbox 642 4740 758 4795; x_wconf 86' lang='lat' dir='ltr'><strong>Tali</strong></span> <span class='ocrx_word' id='word_1_591' title='bbox 793 4756 921 4796; x_wconf 82' lang='lat' dir='ltr'><strong>vero</strong></span> <span class='ocrx_word' id='word_1_592' title='bbox 953 4741 1185 4796; x_wconf 85' lang='lat' dir='ltr'><strong>mirabili</strong></span> <span class='ocrx_word' id='word_1_593' title='bbox 1221 4741 1507 4796; x_wconf 87' lang='lat' dir='ltr'><strong>altitudine</strong></span> <span class='ocrx_word' id='word_1_594' title='bbox 1535 4743 1821 4799; x_wconf 35' lang='lat' dir='ltr'><strong>silentinet</strong></span> <span class='ocrx_word' id='word_1_595' title='bbox 1844 4749 2016 4816; x_wconf 76' lang='lat' dir='ltr'><strong>regio,</strong></span> 
     </span>
    </p>
   </div>
   <div class='ocr_carea' id='block_1_80' title="bbox 451 4835 2017 4907">
    <p class='ocr_par' dir='ltr' id='par_1_80' title="bbox 451 4835 2017 4907">
     <span class='ocr_line' id='line_1_80' title="bbox 451 4835 2017 4907; baseline 0.004 -19"><span class='ocrx_word' id='word_1_596' title='bbox 451 4843 808 4905; x_wconf 84' lang='lat' dir='ltr'><strong>opportunum</strong></span> <span class='ocrx_word' id='word_1_597' title='bbox 838 4846 922 4889; x_wconf 87' lang='lat' dir='ltr'><strong>est</strong></span> <span class='ocrx_word' id='word_1_598' title='bbox 970 4843 1026 4889; x_wconf 88' lang='lat' dir='ltr'><strong>et</strong></span> <span class='ocrx_word' id='word_1_599' title='bbox 1074 4850 1139 4888; x_wconf 78' lang='lat' dir='ltr'><strong>ex</strong></span> <span class='ocrx_word' id='word_1_600' title='bbox 1193 4838 1422 4892; x_wconf 88' lang='lat' dir='ltr'><strong>adverso</strong></span> <span class='ocrx_word' id='word_1_601' title='bbox 1473 4835 1602 4893; x_wconf 87' lang='lat' dir='ltr'><strong>illud</strong></span> <span class='ocrx_word' id='word_1_602' title='bbox 1654 4852 2017 4907; x_wconf 85' lang='lat' dir='ltr'><strong>comparare:</strong></span> 
     </span>
    </p>
   </div>
   <div class='ocr_carea' id='block_1_81' title="bbox 460 4926 2025 5000">
    <p class='ocr_par' dir='ltr' id='par_1_81' title="bbox 460 4926 2025 5000">
     <span class='ocr_line' id='line_1_81' title="bbox 460 4926 2025 5000; baseline 0.006 -23"><span class='ocrx_word' id='word_1_603' title='bbox 460 4926 752 4981; x_wconf 70' lang='lat' dir='ltr'><strong>«Mirabilis</strong></span> <span class='ocrx_word' id='word_1_604' title='bbox 786 4927 838 4980; x_wconf 91' lang='lat' dir='ltr'><strong>in</strong></span> <span class='ocrx_word' id='word_1_605' title='bbox 875 4927 1109 4981; x_wconf 75' lang='lat' dir='ltr'><strong>excelsis</strong></span> <span class='ocrx_word' id='word_1_606' title='bbox 1139 4926 1457 4995; x_wconf 65' lang='lat' dir='ltr'><strong>Dominus,»</strong></span> <span class='ocrx_word' id='word_1_607' title='bbox 1492 4944 1685 5000; x_wconf 87' lang='lat' dir='ltr'><strong>nempe</strong></span> <span class='ocrx_word' id='word_1_608' title='bbox 1723 4931 1774 4985; x_wconf 91' lang='lat' dir='ltr'><strong>in</strong></span> <span class='ocrx_word' id='word_1_609' title='bbox 1807 4934 1886 4986; x_wconf 89' lang='lat' dir='ltr'><strong>sic</strong></span> <span class='ocrx_word' id='word_1_610' title='bbox 1912 4932 2025 4986; x_wconf 84' lang='lat' dir='ltr'><strong>cla-</strong></span> 
     </span>
    </p>
   </div>
   <div class='ocr_carea' id='block_1_82' title="bbox 457 5017 2018 5088">
    <p class='ocr_par' dir='ltr' id='par_1_82' title="bbox 457 5017 2018 5088">
     <span class='ocr_line' id='line_1_82' title="bbox 457 5017 2018 5088; baseline 0.007 -21"><span class='ocrx_word' id='word_1_611' title='bbox 457 5018 606 5079; x_wconf 80' lang='lat' dir='ltr'><strong>lis,’i|t</strong></span> <span class='ocrx_word' id='word_1_612' title='bbox 629 5030 754 5069; x_wconf 88' lang='lat' dir='ltr'><strong>aere</strong></span> <span class='ocrx_word' id='word_1_613' title='bbox 772 5017 1260 5087; x_wconf 82' lang='lat' dir='ltr'><strong>progredientibus,</strong></span> <span class='ocrx_word' id='word_1_614' title='bbox 1283 5028 1481 5073; x_wconf 88' lang='lat' dir='ltr'><strong>terram</strong></span> <span class='ocrx_word' id='word_1_615' title='bbox 1506 5024 1978 5078; x_wconf 85' lang='lat' dir='ltr'><strong>contemnentibus</strong></span> <span class='ocrx_word' id='word_1_616' title='bbox 2001 5062 2018 5088; x_wconf 91' lang='lat'><strong>,</strong></span> 
     </span>
    </p>
   </div>
   <div class='ocr_carea' id='block_1_83' title="bbox 457 5107 2025 5172">
    <p class='ocr_par' dir='ltr' id='par_1_83' title="bbox 457 5107 2025 5172">
     <span class='ocr_line' id='line_1_83' title="bbox 457 5107 2025 5172; baseline 0.005 -9"><span class='ocrx_word' id='word_1_617' title='bbox 457 5123 556 5163; x_wconf 86' lang='lat' dir='ltr'><strong>nec</strong></span> <span class='ocrx_word' id='word_1_618' title='bbox 591 5107 965 5162; x_wconf 87' lang='lat' dir='ltr'><strong>celsitudinem</strong></span> <span class='ocrx_word' id='word_1_619' title='bbox 994 5110 1397 5166; x_wconf 82' lang='lat' dir='ltr'><strong>mentientibus.</strong></span> <span class='ocrx_word' id='word_1_620' title='bbox 1425 5110 1633 5168; x_wconf 86' lang='lat' dir='ltr'><strong>Etenim</strong></span> <span class='ocrx_word' id='word_1_621' title='bbox 1665 5113 2025 5172; x_wconf 89' lang='lat' dir='ltr'><strong>admiratione</strong></span> 
     </span>
    </p>
   </div>
   <div class='ocr_carea' id='block_1_84' title="bbox 454 5195 2024 5271">
    <p class='ocr_par' dir='ltr' id='par_1_84' title="bbox 454 5195 2024 5271">
     <span class='ocr_line' id='line_1_84' title="bbox 454 5195 2024 5271; baseline 0.008 -24"><span class='ocrx_word' id='word_1_622' title='bbox 454 5196 601 5265; x_wconf 84' lang='lat' dir='ltr'><strong>digni</strong></span> <span class='ocrx_word' id='word_1_623' title='bbox 630 5195 722 5264; x_wconf 90' lang='lat' dir='ltr'><strong>qui</strong></span> <span class='ocrx_word' id='word_1_624' title='bbox 766 5196 846 5249; x_wconf 87' lang='lat' dir='ltr'><strong>sic</strong></span> <span class='ocrx_word' id='word_1_625' title='bbox 873 5197 1090 5267; x_wconf 84' lang='lat' dir='ltr'><strong>egregie</strong></span> <span class='ocrx_word' id='word_1_626' title='bbox 1135 5212 1196 5252; x_wconf 89' lang='lat' dir='ltr'><strong>se</strong></span> <span class='ocrx_word' id='word_1_627' title='bbox 1231 5198 1376 5267; x_wconf 84' lang='lat' dir='ltr'><strong>ipsos</strong></span> <span class='ocrx_word' id='word_1_628' title='bbox 1404 5200 1740 5255; x_wconf 87' lang='lat' dir='ltr'><strong>constituunt</strong></span> <span class='ocrx_word' id='word_1_629' title='bbox 1769 5204 2024 5271; x_wconf 81' lang='lat' dir='ltr'><strong>operibus</strong></span> 
     </span>
    </p>
   </div>
   <div class='ocr_carea' id='block_1_85' title="bbox 455 5285 2025 5358">
    <p class='ocr_par' dir='ltr' id='par_1_85' title="bbox 455 5285 2025 5358">
     <span class='ocr_line' id='line_1_85' title="bbox 455 5285 2025 5358; baseline 0.006 -21"><span class='ocrx_word' id='word_1_630' title='bbox 455 5285 818 5342; x_wconf 85' lang='lat' dir='ltr'><strong>admirabiles.</strong></span> <span class='ocrx_word' id='word_1_631' title='bbox 846 5287 902 5342; x_wconf 89' lang='lat' dir='ltr'><strong>In</strong></span> <span class='ocrx_word' id='word_1_632' title='bbox 935 5288 1000 5342; x_wconf 89' lang='lat' dir='ltr'><strong>iis</strong></span> <span class='ocrx_word' id='word_1_633' title='bbox 1024 5296 1279 5358; x_wconf 83' lang='lat' dir='ltr'><strong>tanquam</strong></span> <span class='ocrx_word' id='word_1_634' title='bbox 1315 5289 1364 5343; x_wconf 90' lang='lat' dir='ltr'><strong>iu</strong></span> <span class='ocrx_word' id='word_1_635' title='bbox 1389 5291 1594 5345; x_wconf 85' lang='lat' dir='ltr'><strong>sanctis</strong></span> <span class='ocrx_word' id='word_1_636' title='bbox 1619 5292 1730 5346; x_wconf 84' lang='lat' dir='ltr'><strong>suis</strong></span> <span class='ocrx_word' id='word_1_637' title='bbox 1757 5292 2025 5349; x_wconf 88' lang='lat' dir='ltr'><strong>mirabilis</strong></span> 
     </span>
    </p>
   </div>
   <div class='ocr_carea' id='block_1_86' title="bbox 457 5375 2025 5456">
    <p class='ocr_par' dir='ltr' id='par_1_86' title="bbox 457 5375 2025 5456">
     <span class='ocr_line' id='line_1_86' title="bbox 457 5375 2025 5456; baseline 0.009 -28"><span class='ocrx_word' id='word_1_638' title='bbox 457 5375 717 5443; x_wconf 83' lang='lat' dir='ltr'><strong>Dominus</strong></span> <span class='ocrx_word' id='word_1_639' title='bbox 750 5394 910 5448; x_wconf 84' lang='lat' dir='ltr'><strong>quem</strong></span> <span class='ocrx_word' id='word_1_640' title='bbox 946 5381 1178 5450; x_wconf 85' lang='lat' dir='ltr'><strong>propriis</strong></span> <span class='ocrx_word' id='word_1_641' title='bbox 1218 5382 1478 5436; x_wconf 86' lang='lat' dir='ltr'><strong>membris</strong></span> <span class='ocrx_word' id='word_1_642' title='bbox 1511 5391 1565 5435; x_wconf 91' lang='lat' dir='ltr'><strong>et</strong></span> <span class='ocrx_word' id='word_1_643' title='bbox 1599 5385 1886 5439; x_wconf 88' lang='lat' dir='ltr'><strong>tormentis</strong></span> <span class='ocrx_word' id='word_1_644' title='bbox 1910 5387 2025 5456; x_wconf 86' lang='lat' dir='ltr'><strong>glo-</strong></span> 
     </span>
    </p>
   </div>
   <div class='ocr_carea' id='block_1_87' title="bbox 458 5470 2020 5544">
    <p class='ocr_par' dir='ltr' id='par_1_87' title="bbox 458 5470 2020 5544">
     <span class='ocr_line' id='line_1_87' title="bbox 458 5470 2020 5544; baseline 0.009 -25"><span class='ocrx_word' id='word_1_645' title='bbox 458 5470 673 5531; x_wconf 76' lang='lat' dir='ltr'><strong>riﬁcattt</strong></span> <span class='ocrx_word' id='word_1_646' title='bbox 720 5470 990 5525; x_wconf 86' lang='lat' dir='ltr'><strong>mirabiles</strong></span> <span class='ocrx_word' id='word_1_647' title='bbox 1041 5471 1276 5541; x_wconf 88' lang='lat' dir='ltr'><strong>ipsorum</strong></span> <span class='ocrx_word' id='word_1_648' title='bbox 1324 5473 1638 5528; x_wconf 90' lang='lat' dir='ltr'><strong>reddentem</strong></span> <span class='ocrx_word' id='word_1_649' title='bbox 1675 5475 2020 5544; x_wconf 84' lang='lat' dir='ltr'><strong>voluntates;</strong></span> 
     </span>
    </p>
   </div>
   <div class='ocr_carea' id='block_1_88' title="bbox 455 5558 2019 5628">
    <p class='ocr_par' dir='ltr' id='par_1_88' title="bbox 455 5558 2019 5628">
     <span class='ocr_line' id='line_1_88' title="bbox 455 5558 2019 5628; baseline 0.008 -17"><span class='ocrx_word' id='word_1_650' title='bbox 455 5558 546 5628; x_wconf 76' lang='lat' dir='ltr'><strong>qui</strong></span> <span class='ocrx_word' id='word_1_651' title='bbox 575 5566 631 5612; x_wconf 90' lang='lat' dir='ltr'><strong>ut</strong></span> <span class='ocrx_word' id='word_1_652' title='bbox 657 5559 828 5613; x_wconf 87' lang='lat' dir='ltr'><strong>sancti</strong></span> <span class='ocrx_word' id='word_1_653' title='bbox 858 5559 925 5614; x_wconf 87' lang='lat' dir='ltr'><strong>ad</strong></span> <span class='ocrx_word' id='word_1_654' title='bbox 960 5558 1125 5615; x_wconf 92' lang='lat' dir='ltr'><strong>Deum</strong></span> <span class='ocrx_word' id='word_1_655' title='bbox 1155 5562 1511 5618; x_wconf 82' lang='lat' dir='ltr'><strong>ascendentes</strong></span> <span class='ocrx_word' id='word_1_656' title='bbox 1552 5569 1606 5616; x_wconf 89' lang='lat' dir='ltr'><strong>et</strong></span> <span class='ocrx_word' id='word_1_657' title='bbox 1634 5562 1715 5619; x_wconf 86' lang='lat' dir='ltr'><strong>sic</strong></span> <span class='ocrx_word' id='word_1_658' title='bbox 1756 5564 2019 5623; x_wconf 81' lang='lat' dir='ltr'><strong>excelsis-</strong></span> 
     </span>
    </p>
   </div>
   <div class='ocr_carea' id='block_1_89' title="bbox 526 5733 1210 5807">
    <p class='ocr_par' dir='ltr' id='par_1_89' title="bbox 526 5733 1210 5807">
     <span class='ocr_line' id='line_1_89' title="bbox 526 5733 1210 5807; baseline 0.013 -22"><span class='ocrx_word' id='word_1_659' title='bbox 526 5733 603 5807; x_wconf 83' lang='lat' dir='ltr'><strong>(l)</strong></span> <span class='ocrx_word' id='word_1_660' title='bbox 641 5735 774 5791; x_wconf 80' lang='lat' dir='ltr'><strong>Num</strong></span> <span class='ocrx_word' id='word_1_661' title='bbox 826 5739 1210 5794; x_wconf 63' lang='grc' dir='ltr'>πολυτέλειανῖ</span> 
     </span>
    </p>
   </div>
   <div class='ocr_carea' id='block_1_90' title="bbox 2119 3832 3687 3906">
    <p class='ocr_par' dir='ltr' id='par_1_90' title="bbox 2119 3832 3687 3906">
     <span class='ocr_line' id='line_1_90' title="bbox 2119 3832 3687 3906; baseline -0.004 -15"><span class='ocrx_word' id='word_1_662' title='bbox 2119 3839 2242 3901; x_wconf 88' lang='grc' dir='ltr'>στός</span> <span class='ocrx_word' id='word_1_663' title='bbox 2269 3854 2354 3900; x_wconf 89' lang='grc' dir='ltr'><strong>τις</strong></span> <span class='ocrx_word' id='word_1_664' title='bbox 2407 3838 2502 3892; x_wconf 74' lang='grc' dir='ltr'>καὶ</span> <span class='ocrx_word' id='word_1_665' title='bbox 2539 3835 2695 3898; x_wconf 76' lang='grc' dir='ltr'>οὗτος</span> <span class='ocrx_word' id='word_1_666' title='bbox 2732 3854 2751 3888; x_wconf 74' lang='grc' dir='ltr'>ι</span> <span class='ocrx_word' id='word_1_667' title='bbox 2783 3834 3179 3906; x_wconf 83' lang='grc' dir='ltr'>μετεωρισμδς,</span> <span class='ocrx_word' id='word_1_668' title='bbox 3204 3853 3221 3886; x_wconf 80' lang='grc' dir='ltr'>ι</span> <span class='ocrx_word' id='word_1_669' title='bbox 3264 3834 3326 3886; x_wconf 77' lang='grc' dir='ltr'>οὗ</span> <span class='ocrx_word' id='word_1_670' title='bbox 3360 3832 3648 3901; x_wconf 67' lang='grc' dir='ltr'>θαλάσσης</span> <span class='ocrx_word' id='word_1_671' title='bbox 3669 3869 3687 3895; x_wconf 85' lang='lat'><strong>,</strong></span> 
     </span>
    </p>
   </div>
   <div class='ocr_carea' id='block_1_91' title="bbox 2119 3921 3692 3999">
    <p class='ocr_par' dir='ltr' id='par_1_91' title="bbox 2119 3921 3692 3999">
     <span class='ocr_line' id='line_1_91' title="bbox 2119 3921 3692 3999; baseline -0.006 -17"><span class='ocrx_word' id='word_1_672' title='bbox 2119 3930 2188 3999; x_wconf 79' lang='grc' dir='ltr'>ἢν</span> <span class='ocrx_word' id='word_1_673' title='bbox 2218 3928 2496 3997; x_wconf 82' lang='grc' dir='ltr'>φυσῶντες</span> <span class='ocrx_word' id='word_1_674' title='bbox 2548 3925 2865 3995; x_wconf 64' lang='grc' dir='ltr'>ἐξογκοῦσιν</span> <span class='ocrx_word' id='word_1_675' title='bbox 2914 3926 3140 3993; x_wconf 82' lang='grc' dir='ltr'>ἄνεμοι,</span> <span class='ocrx_word' id='word_1_676' title='bbox 3181 3926 3275 3977; x_wconf 81' lang='grc' dir='ltr'>καὶ</span> <span class='ocrx_word' id='word_1_677' title='bbox 3319 3925 3385 3976; x_wconf 77' lang='grc' dir='ltr'>ὲκ</span> <span class='ocrx_word' id='word_1_678' title='bbox 3436 3921 3692 3983; x_wconf 69' lang='grc' dir='ltr'>πεδιάδος</span> 
     </span>
    </p>
   </div>
   <div class='ocr_carea' id='block_1_92' title="bbox 2120 4010 3688 4083">
    <p class='ocr_par' dir='ltr' id='par_1_92' title="bbox 2120 4010 3688 4083">
     <span class='ocr_line' id='line_1_92' title="bbox 2120 4010 3688 4083; baseline -0.007 -11"><span class='ocrx_word' id='word_1_679' title='bbox 2120 4015 2561 4083; x_wconf 80' lang='grc' dir='ltr'>καταὸαινούσης</span> <span class='ocrx_word' id='word_1_680' title='bbox 2619 4014 2716 4068; x_wconf 75' lang='grc' dir='ltr'><strong>καὶ</strong></span> <span class='ocrx_word' id='word_1_681' title='bbox 2767 4012 3195 4082; x_wconf 77' lang='grc' dir='ltr'>ὑποκαθημὲνης</span> <span class='ocrx_word' id='word_1_682' title='bbox 3257 4011 3338 4074; x_wconf 75' lang='grc' dir='ltr'>εἰς</span> <span class='ocrx_word' id='word_1_683' title='bbox 3393 4010 3688 4064; x_wconf 76' lang='grc' dir='ltr'>ἀναϐαῖνον</span> 
     </span>
    </p>
   </div>
   <div class='ocr_carea' id='block_1_93' title="bbox 2120 4097 3686 4178">
    <p class='ocr_par' dir='ltr' id='par_1_93' title="bbox 2120 4097 3686 4178">
     <span class='ocr_line' id='line_1_93' title="bbox 2120 4097 3686 4178; baseline -0.006 -19"><span class='ocrx_word' id='word_1_684' title='bbox 2120 4107 2242 4178; x_wconf 77' lang='grc' dir='ltr'>ὅρος</span> <span class='ocrx_word' id='word_1_685' title='bbox 2270 4104 2551 4169; x_wconf 84' lang='grc' dir='ltr'>ἀνιστῶσι,</span> <span class='ocrx_word' id='word_1_686' title='bbox 2584 4101 2947 4173; x_wconf 81' lang='grc' dir='ltr'>κορυφοῦντες</span> <span class='ocrx_word' id='word_1_687' title='bbox 2980 4101 3274 4170; x_wconf 80' lang='grc' dir='ltr'>μετέωρον·</span> <span class='ocrx_word' id='word_1_688' title='bbox 3306 4097 3444 4151; x_wconf 69' lang='grc' dir='ltr'>ἀλλὰ</span> <span class='ocrx_word' id='word_1_689' title='bbox 3474 4098 3686 4166; x_wconf 81' lang='grc' dir='ltr'>ἀνδρῶν</span> 
     </span>
    </p>
   </div>
   <div class='ocr_carea' id='block_1_94' title="bbox 2120 4178 3685 4264">
    <p class='ocr_par' dir='ltr' id='par_1_94' title="bbox 2120 4188 3685 4264">
     <span class='ocr_line' id='line_1_94' title="bbox 2120 4188 3685 4264; baseline -0.007 -14"><span class='ocrx_word' id='word_1_690' title='bbox 2120 4197 2394 4264; x_wconf 81' lang='grc' dir='ltr'><strong>ἀσκητῶν,</strong></span> <span class='ocrx_word' id='word_1_691' title='bbox 2425 4195 2473 4249; x_wconf 82' lang='grc' dir='ltr'>οἳ</span> <span class='ocrx_word' id='word_1_692' title='bbox 2511 4193 2786 4260; x_wconf 71' lang='grc' dir='ltr'>θαλάσσης</span> <span class='ocrx_word' id='word_1_693' title='bbox 2819 4193 2917 4261; x_wconf 71' lang='grc' dir='ltr'>μὲν</span> <span class='ocrx_word' id='word_1_694' title='bbox 2942 4192 3040 4260; x_wconf 84' lang='grc' dir='ltr'>τῆς</span> <span class='ocrx_word' id='word_1_695' title='bbox 3071 4191 3221 4244; x_wconf 83' lang='grc' dir='ltr'>κάτω</span> <span class='ocrx_word' id='word_1_696' title='bbox 3247 4190 3401 4242; x_wconf 78' lang='grc' dir='ltr'>οὐδέν</span> <span class='ocrx_word' id='word_1_697' title='bbox 3435 4205 3492 4241; x_wconf 87' lang='grc' dir='ltr'>τι</span> <span class='ocrx_word' id='word_1_698' title='bbox 3524 4188 3685 4257; x_wconf 60' lang='lat' dir='ltr'><strong>Exco-</strong></span> 
     </span>
    </p>
   </div>
   <div class='ocr_carea' id='block_1_95' title="bbox 2124 4281 3683 4357">
    <p class='ocr_par' dir='ltr' id='par_1_95' title="bbox 2124 4281 3683 4357">
     <span class='ocr_line' id='line_1_95' title="bbox 2124 4281 3683 4357; baseline -0.008 -15"><span class='ocrx_word' id='word_1_699' title='bbox 2124 4305 2227 4352; x_wconf 73' lang='grc' dir='ltr'>σιν,</span> <span class='ocrx_word' id='word_1_700' title='bbox 2251 4290 2331 4342; x_wconf 83' lang='grc' dir='ltr'><strong>ὅτι</strong></span> <span class='ocrx_word' id='word_1_701' title='bbox 2359 4289 2434 4357; x_wconf 81' lang='grc' dir='ltr'>μὴ</span> <span class='ocrx_word' id='word_1_702' title='bbox 2461 4289 2559 4356; x_wconf 82' lang='grc' dir='ltr'>τὴν</span> <span class='ocrx_word' id='word_1_703' title='bbox 2576 4287 2713 4353; x_wconf 51' lang='lat' dir='ltr'><strong>tigni}</strong></span> <span class='ocrx_word' id='word_1_704' title='bbox 2724 4301 2894 4354; x_wconf 85' lang='grc' dir='ltr'>μυρον</span> <span class='ocrx_word' id='word_1_705' title='bbox 2921 4283 3142 4352; x_wconf 82' lang='grc' dir='ltr'>πλήμην</span> <span class='ocrx_word' id='word_1_706' title='bbox 3170 4282 3278 4335; x_wconf 82' lang='grc' dir='ltr'>τῶν</span> <span class='ocrx_word' id='word_1_707' title='bbox 3310 4281 3453 4350; x_wconf 73' lang='grc' dir='ltr'>ὑπὲρ</span> <span class='ocrx_word' id='word_1_708' title='bbox 3483 4281 3683 4347; x_wconf 74' lang='grc' dir='ltr'>ἀρετῆς</span> 
     </span>
    </p>
   </div>
   <div class='ocr_carea' id='block_1_96' title="bbox 2122 4373 3683 4452">
    <p class='ocr_par' dir='ltr' id='par_1_96' title="bbox 2122 4373 3683 4452">
     <span class='ocr_line' id='line_1_96' title="bbox 2122 4373 3683 4452; baseline -0.01 -15"><span class='ocrx_word' id='word_1_709' title='bbox 2122 4381 2380 4452; x_wconf 81' lang='grc' dir='ltr'>ἱδρώτων·</span> <span class='ocrx_word' id='word_1_710' title='bbox 2417 4380 2769 4447; x_wconf 57' lang='grc' dir='ltr'>πελαγίζουσι</span> <span class='ocrx_word' id='word_1_711' title='bbox 2803 4377 2860 4428; x_wconf 85' lang='grc' dir='ltr'>δὲ</span> <span class='ocrx_word' id='word_1_712' title='bbox 2912 4376 3085 4436; x_wconf 70' lang='grc' dir='ltr'>ἄλλως</span> <span class='ocrx_word' id='word_1_713' title='bbox 3132 4376 3251 4436; x_wconf 81' lang='grc' dir='ltr'>ταῖς</span> <span class='ocrx_word' id='word_1_714' title='bbox 3300 4373 3488 4425; x_wconf 77' lang='grc' dir='ltr'>θεόθεν</span> <span class='ocrx_word' id='word_1_715' title='bbox 3525 4374 3683 4441; x_wconf 71' lang='grc' dir='ltr'>ἑτειρ-</span> 
     </span>
    </p>
   </div>
   <div class='ocr_carea' id='block_1_97' title="bbox 2122 4459 3690 4540">
    <p class='ocr_par' dir='ltr' id='par_1_97' title="bbox 2122 4459 3690 4540">
     <span class='ocr_line' id='line_1_97' title="bbox 2122 4459 3690 4540; baseline -0.008 -17"><span class='ocrx_word' id='word_1_716' title='bbox 2122 4472 2272 4540; x_wconf 79' lang='grc' dir='ltr'><strong>ῤοίς</strong></span> <span class='ocrx_word' id='word_1_717' title='bbox 2310 4467 2418 4521; x_wconf 83' lang='grc' dir='ltr'>τῶν</span> <span class='ocrx_word' id='word_1_718' title='bbox 2450 4466 2691 4535; x_wconf 74' lang='grc' dir='ltr'>ἀγαθῶνσ</span> <span class='ocrx_word' id='word_1_719' title='bbox 2723 4466 2816 4516; x_wconf 83' lang='grc' dir='ltr'>καὶ</span> <span class='ocrx_word' id='word_1_720' title='bbox 2857 4462 2984 4531; x_wconf 84' lang='grc' dir='ltr'>θείῳ</span> <span class='ocrx_word' id='word_1_721' title='bbox 3028 4462 3339 4531; x_wconf 78' lang='grc' dir='ltr'>κινούμενοι</span> <span class='ocrx_word' id='word_1_722' title='bbox 3385 4459 3690 4528; x_wconf 83' lang='grc' dir='ltr'>Πνεύματι.</span> 
     </span>
    </p>
   </div>
   <div class='ocr_carea' id='block_1_98' title="bbox 2119 4546 3688 4623">
    <p class='ocr_par' dir='ltr' id='par_1_98' title="bbox 2119 4546 3688 4623">
     <span class='ocr_line' id='line_1_98' title="bbox 2119 4546 3688 4623; baseline -0.007 -10"><span class='ocrx_word' id='word_1_723' title='bbox 2119 4562 2219 4613; x_wconf 85' lang='grc' dir='ltr'>οὐκ</span> <span class='ocrx_word' id='word_1_724' title='bbox 2254 4561 2357 4612; x_wconf 72' lang='grc' dir='ltr'>εἰσὶ</span> <span class='ocrx_word' id='word_1_725' title='bbox 2386 4557 2480 4611; x_wconf 80' lang='grc' dir='ltr'><strong>τοῦ</strong></span> <span class='ocrx_word' id='word_1_726' title='bbox 2516 4557 2664 4609; x_wconf 72' lang='grc' dir='ltr'>κάτω</span> <span class='ocrx_word' id='word_1_727' title='bbox 2695 4553 2980 4623; x_wconf 79' lang='grc' dir='ltr'>κεχύσθαι,</span> <span class='ocrx_word' id='word_1_728' title='bbox 3040 4549 3159 4604; x_wconf 85' lang='grc' dir='ltr'>ἀλλ’</span> <span class='ocrx_word' id='word_1_729' title='bbox 3186 4553 3265 4615; x_wconf 77' lang='grc' dir='ltr'><strong>εἰς</strong></span> <span class='ocrx_word' id='word_1_730' title='bbox 3315 4551 3440 4604; x_wconf 81' lang='grc' dir='ltr'>ὅσον</span> <span class='ocrx_word' id='word_1_731' title='bbox 3487 4546 3600 4603; x_wconf 75' lang='grc' dir='ltr'>οἷόν</span> <span class='ocrx_word' id='word_1_732' title='bbox 3626 4566 3688 4601; x_wconf 86' lang='grc' dir='ltr'><strong>τε</strong></span> 
     </span>
    </p>
   </div>
   <div class='ocr_carea' id='block_1_99' title="bbox 2050 4645 2878 4726">
    <p class='ocr_par' dir='ltr' id='par_1_99' title="bbox 2050 4645 2878 4726">
     <span class='ocr_line' id='line_1_99' title="bbox 2050 4645 2878 4726; baseline -0.012 -20"><span class='ocrx_word' id='word_1_733' title='bbox 2050 4671 2096 4726; x_wconf 77' lang='grc' dir='ltr'><strong>ι)</strong></span> <span class='ocrx_word' id='word_1_734' title='bbox 2124 4651 2393 4718; x_wconf 75' lang='grc' dir='ltr'>θειότερον</span> <span class='ocrx_word' id='word_1_735' title='bbox 2441 4645 2878 4717; x_wconf 79' lang='grc' dir='ltr'>μετεωρίζονται.</span> 
     </span>
    </p>
   </div>
   <div class='ocr_carea' id='block_1_100' title="bbox 2191 4732 3688 4809">
    <p class='ocr_par' dir='ltr' id='par_1_100' title="bbox 2191 4732 3688 4809">
     <span class='ocr_line' id='line_1_100' title="bbox 2191 4732 3688 4809; baseline -0.007 -13"><span class='ocrx_word' id='word_1_736' title='bbox 2191 4741 2261 4796; x_wconf 86' lang='grc' dir='ltr'><strong>κ’.</strong></span> <span class='ocrx_word' id='word_1_737' title='bbox 2292 4740 2381 4809; x_wconf 83' lang='grc' dir='ltr'><strong>Τῷ</strong></span> <span class='ocrx_word' id='word_1_738' title='bbox 2410 4741 2467 4794; x_wconf 75' lang='grc' dir='ltr'>δὲ</span> <span class='ocrx_word' id='word_1_739' title='bbox 2488 4738 2714 4806; x_wconf 80' lang='grc' dir='ltr'>τοιούτῳ</span> <span class='ocrx_word' id='word_1_740' title='bbox 2739 4734 3030 4803; x_wconf 79' lang='grc' dir='ltr'>θαυμασίῳ</span> <span class='ocrx_word' id='word_1_741' title='bbox 3056 4732 3422 4803; x_wconf 84' lang='grc' dir='ltr'>μετεωρισμῷ</span> <span class='ocrx_word' id='word_1_742' title='bbox 3452 4749 3688 4787; x_wconf 84' lang='grc' dir='ltr'>συνανα-</span> 
     </span>
    </p>
   </div>
   <div class='ocr_carea' id='block_1_101' title="bbox 2122 4824 3686 4905">
    <p class='ocr_par' dir='ltr' id='par_1_101' title="bbox 2122 4824 3686 4905">
     <span class='ocr_line' id='line_1_101' title="bbox 2122 4824 3686 4905; baseline -0.008 -17"><span class='ocrx_word' id='word_1_743' title='bbox 2122 4833 2445 4905; x_wconf 78' lang='grc' dir='ltr'>φαινομένου</span> <span class='ocrx_word' id='word_1_744' title='bbox 2479 4831 2690 4890; x_wconf 80' lang='grc' dir='ltr'>πάντως</span> <span class='ocrx_word' id='word_1_745' title='bbox 2718 4830 2810 4881; x_wconf 70' lang='grc' dir='ltr'>καὶ</span> <span class='ocrx_word' id='word_1_746' title='bbox 2838 4826 3029 4894; x_wconf 63' lang='grc' dir='ltr'>ὕψους,</span> <span class='ocrx_word' id='word_1_747' title='bbox 3057 4824 3270 4893; x_wconf 78' lang='grc' dir='ltr'>καίριόν</span> <span class='ocrx_word' id='word_1_748' title='bbox 3302 4825 3421 4877; x_wconf 76' lang='grc' dir='ltr'>ἐστι</span> <span class='ocrx_word' id='word_1_749' title='bbox 3460 4841 3686 4877; x_wconf 74' lang='grc' dir='ltr'>συνεπι-</span> 
     </span>
    </p>
   </div>
   <div class='ocr_carea' id='block_1_102' title="bbox 2122 4914 3683 4987">
    <p class='ocr_par' dir='ltr' id='par_1_102' title="bbox 2122 4914 3683 4987">
     <span class='ocr_line' id='line_1_102' title="bbox 2122 4914 3683 4987; baseline -0.008 -9"><span class='ocrx_word' id='word_1_750' title='bbox 2122 4923 2315 4987; x_wconf 81' lang='grc' dir='ltr'><strong>πλέξαι</strong></span> <span class='ocrx_word' id='word_1_751' title='bbox 2344 4922 2438 4974; x_wconf 78' lang='grc' dir='ltr'><strong>καὶ</strong></span> <span class='ocrx_word' id='word_1_752' title='bbox 2471 4920 2550 4973; x_wconf 85' lang='grc' dir='ltr'>τό·</span> <span class='ocrx_word' id='word_1_753' title='bbox 2597 4936 2615 4969; x_wconf 72' lang='grc' dir='ltr'>ι</span> <span class='ocrx_word' id='word_1_754' title='bbox 2645 4918 2958 4986; x_wconf 79' lang='grc' dir='ltr'>θαυμαστὸς</span> <span class='ocrx_word' id='word_1_755' title='bbox 3002 4919 3061 4969; x_wconf 79' lang='grc' dir='ltr'>ὲν</span> <span class='ocrx_word' id='word_1_756' title='bbox 3097 4914 3320 4985; x_wconf 79' lang='grc' dir='ltr'>ὑψηλοῖς</span> <span class='ocrx_word' id='word_1_757' title='bbox 3358 4916 3389 4966; x_wconf 85' lang='grc' dir='ltr'><strong>ό</strong></span> <span class='ocrx_word' id='word_1_758' title='bbox 3419 4915 3628 4986; x_wconf 81' lang='grc' dir='ltr'>Κύριος</span> <span class='ocrx_word' id='word_1_759' title='bbox 3662 4933 3683 4966; x_wconf 83' lang='grc'>›</span> 
     </span>
    </p>
   </div>
   <div class='ocr_carea' id='block_1_103' title="bbox 2121 5004 3690 5079">
    <p class='ocr_par' dir='ltr' id='par_1_103' title="bbox 2121 5004 3690 5079">
     <span class='ocr_line' id='line_1_103' title="bbox 2121 5004 3690 5079; baseline -0.007 -12"><span class='ocrx_word' id='word_1_760' title='bbox 2121 5017 2235 5077; x_wconf 84' lang='grc' dir='ltr'>τοῖς</span> <span class='ocrx_word' id='word_1_761' title='bbox 2262 5011 2408 5065; x_wconf 79' lang='grc' dir='ltr'>οὕτω</span> <span class='ocrx_word' id='word_1_762' title='bbox 2440 5009 2643 5079; x_wconf 79' lang='grc' dir='ltr'>δηλαδὴ</span> <span class='ocrx_word' id='word_1_763' title='bbox 2672 5006 2989 5075; x_wconf 78' lang='grc' dir='ltr'>μετεώροις.</span> <span class='ocrx_word' id='word_1_764' title='bbox 3023 5007 3118 5060; x_wconf 75' lang='grc' dir='ltr'><strong>καὶ</strong></span> <span class='ocrx_word' id='word_1_765' title='bbox 3155 5004 3545 5075; x_wconf 75' lang='grc' dir='ltr'>ἀεροϐατοῦσι,</span> <span class='ocrx_word' id='word_1_766' title='bbox 3594 5007 3690 5056; x_wconf 74' lang='grc' dir='ltr'>καὶ</span> 
     </span>
    </p>
   </div>
   <div class='ocr_carea' id='block_1_104' title="bbox 2123 5094 3694 5174">
    <p class='ocr_par' dir='ltr' id='par_1_104' title="bbox 2123 5094 3694 5174">
     <span class='ocr_line' id='line_1_104' title="bbox 2123 5094 3694 5174; baseline -0.008 -16"><span class='ocrx_word' id='word_1_767' title='bbox 2123 5101 2514 5174; x_wconf 65' lang='grc' dir='ltr'>περιφρονῶσι</span> <span class='ocrx_word' id='word_1_768' title='bbox 2546 5098 2646 5168; x_wconf 68' lang='grc' dir='ltr'>τὴν</span> <span class='ocrx_word' id='word_1_769' title='bbox 2673 5100 2795 5166; x_wconf 76' lang='grc' dir='ltr'>γῆν,</span> <span class='ocrx_word' id='word_1_770' title='bbox 2825 5100 2919 5150; x_wconf 74' lang='grc' dir='ltr'>καὶ</span> <span class='ocrx_word' id='word_1_771' title='bbox 2953 5095 3027 5166; x_wconf 82' lang='grc' dir='ltr'>μὴ</span> <span class='ocrx_word' id='word_1_772' title='bbox 3054 5095 3405 5165; x_wconf 82' lang='grc' dir='ltr'>ψευδομένοις</span> <span class='ocrx_word' id='word_1_773' title='bbox 3445 5095 3509 5148; x_wconf 80' lang='grc' dir='ltr'>τὸ</span> <span class='ocrx_word' id='word_1_774' title='bbox 3555 5094 3694 5164; x_wconf 53' lang='lat'><strong>6:111;-</strong></span> 
     </span>
    </p>
   </div>
   <div class='ocr_carea' id='block_1_105' title="bbox 2121 5185 3694 5260">
    <p class='ocr_par' dir='ltr' id='par_1_105' title="bbox 2121 5185 3694 5260">
     <span class='ocr_line' id='line_1_105' title="bbox 2121 5185 3694 5260; baseline -0.008 -9"><span class='ocrx_word' id='word_1_775' title='bbox 2121 5197 2233 5250; x_wconf 87' lang='grc' dir='ltr'>λόν.</span> <span class='ocrx_word' id='word_1_776' title='bbox 2267 5194 2427 5248; x_wconf 57' lang='lat' dir='ltr'><strong>Ausci</strong></span> <span class='ocrx_word' id='word_1_777' title='bbox 2457 5210 2516 5244; x_wconf 84' lang='grc' dir='ltr'><strong>τε</strong></span> <span class='ocrx_word' id='word_1_778' title='bbox 2542 5191 2651 5260; x_wconf 81' lang='grc' dir='ltr'><strong>γὰρ</strong></span> <span class='ocrx_word' id='word_1_779' title='bbox 2679 5189 3035 5259; x_wconf 84' lang='grc' dir='ltr'>θαυμαστέοι,</span> <span class='ocrx_word' id='word_1_780' title='bbox 3071 5185 3215 5241; x_wconf 76' lang='grc' dir='ltr'>οὕτω</span> <span class='ocrx_word' id='word_1_781' title='bbox 3262 5187 3694 5257; x_wconf 79' lang='grc' dir='ltr'>μετεωρίζοντες</span> 
     </span>
    </p>
   </div>
   <div class='ocr_carea' id='block_1_106' title="bbox 2123 5279 3695 5351">
    <p class='ocr_par' dir='ltr' id='par_1_106' title="bbox 2123 5279 3695 5351">
     <span class='ocr_line' id='line_1_106' title="bbox 2123 5279 3695 5351; baseline -0.006 -10"><span class='ocrx_word' id='word_1_782' title='bbox 2123 5288 2371 5351; x_wconf 73' lang='grc' dir='ltr'>ἑαυτοὺς,</span> <span class='ocrx_word' id='word_1_783' title='bbox 2406 5285 2500 5338; x_wconf 54' lang='grc' dir='ltr'><strong>καλ⁴</strong></span> <span class='ocrx_word' id='word_1_784' title='bbox 2530 5282 2857 5350; x_wconf 77' lang='grc' dir='ltr'>θαυμασίοις</span> <span class='ocrx_word' id='word_1_785' title='bbox 2879 5280 3061 5349; x_wconf 74' lang='grc' dir='ltr'>ἔργοις</span> <span class='ocrx_word' id='word_1_786' title='bbox 3091 5279 3491 5351; x_wconf 66' lang='grc' dir='ltr'>ἐμπρέποντας.</span> <span class='ocrx_word' id='word_1_787' title='bbox 3525 5281 3631 5332; x_wconf 79' lang='grc' dir='ltr'><strong>Καὶ</strong></span> <span class='ocrx_word' id='word_1_788' title='bbox 3664 5282 3695 5331; x_wconf 88' lang='grc' dir='ltr'><strong>ὀ</strong></span> 
     </span>
    </p>
   </div>
   <div class='ocr_carea' id='block_1_107' title="bbox 2121 5371 3694 5450">
    <p class='ocr_par' dir='ltr' id='par_1_107' title="bbox 2121 5371 3694 5450">
     <span class='ocr_line' id='line_1_107' title="bbox 2121 5371 3694 5450; baseline -0.006 -18"><span class='ocrx_word' id='word_1_789' title='bbox 2121 5379 2328 5450; x_wconf 82' lang='grc' dir='ltr'>Κύριος</span> <span class='ocrx_word' id='word_1_790' title='bbox 2377 5379 2436 5430; x_wconf 78' lang='grc' dir='ltr'>ὲν</span> <span class='ocrx_word' id='word_1_791' title='bbox 2487 5376 2672 5434; x_wconf 69' lang='grc' dir='ltr'>αὐτοῖς</span> <span class='ocrx_word' id='word_1_792' title='bbox 2719 5373 2795 5441; x_wconf 83' lang='grc' dir='ltr'><strong>ὡς</strong></span> <span class='ocrx_word' id='word_1_793' title='bbox 2844 5373 3020 5441; x_wconf 83' lang='grc' dir='ltr'>ἁγίοις</span> <span class='ocrx_word' id='word_1_794' title='bbox 3051 5373 3216 5426; x_wconf 78' lang='grc' dir='ltr'>αὐτοῦ</span> <span class='ocrx_word' id='word_1_795' title='bbox 3265 5372 3597 5440; x_wconf 72' lang='grc' dir='ltr'>θαυμαστὸς.</span> <span class='ocrx_word' id='word_1_796' title='bbox 3628 5371 3694 5424; x_wconf 85' lang='grc' dir='ltr'><strong>δν</strong></span> 
     </span>
    </p>
   </div>
   <div class='ocr_carea' id='block_1_108' title="bbox 2123 5461 3689 5533">
    <p class='ocr_par' dir='ltr' id='par_1_108' title="bbox 2123 5461 3689 5533">
     <span class='ocr_line' id='line_1_108' title="bbox 2123 5461 3689 5533; baseline -0.007 -10"><span class='ocrx_word' id='word_1_797' title='bbox 2123 5469 2280 5523; x_wconf 70' lang='grc' dir='ltr'>αὐτοὶ</span> <span class='ocrx_word' id='word_1_798' title='bbox 2310 5464 2594 5533; x_wconf 79' lang='grc' dir='ltr'>δοξάζουσι</span> <span class='ocrx_word' id='word_1_799' title='bbox 2624 5466 2735 5526; x_wconf 80' lang='grc' dir='ltr'>τοῖς</span> <span class='ocrx_word' id='word_1_800' title='bbox 2774 5462 2997 5525; x_wconf 77' lang='grc' dir='ltr'>οἰκείοις</span> <span class='ocrx_word' id='word_1_801' title='bbox 3023 5461 3211 5532; x_wconf 79' lang='grc' dir='ltr'>μέλεσι</span> <span class='ocrx_word' id='word_1_802' title='bbox 3245 5462 3339 5515; x_wconf 83' lang='grc' dir='ltr'><strong>καὶ</strong></span> <span class='ocrx_word' id='word_1_803' title='bbox 3372 5461 3689 5531; x_wconf 79' lang='grc' dir='ltr'>παθήμασι,</span> 
     </span>
    </p>
   </div>
   <div class='ocr_carea' id='block_1_109' title="bbox 2123 5551 3693 5632">
    <p class='ocr_par' dir='ltr' id='par_1_109' title="bbox 2123 5551 3693 5632">
     <span class='ocr_line' id='line_1_109' title="bbox 2123 5551 3693 5632; baseline -0.009 -14"><span class='ocrx_word' id='word_1_804' title='bbox 2123 5559 2597 5632; x_wconf 82' lang='grc' dir='ltr'>θαυμαστώσαντα</span> <span class='ocrx_word' id='word_1_805' title='bbox 2629 5557 2688 5611; x_wconf 81' lang='grc' dir='ltr'>ὲν</span> <span class='ocrx_word' id='word_1_806' title='bbox 2719 5557 2902 5619; x_wconf 78' lang='grc' dir='ltr'>αὐτοῖς</span> <span class='ocrx_word' id='word_1_807' title='bbox 2935 5554 3002 5610; x_wconf 71' lang='grc' dir='ltr'>τὰ</span> <span class='ocrx_word' id='word_1_808' title='bbox 3054 5556 3230 5609; x_wconf 80' lang='grc' dir='ltr'>οἰκεῖα</span> <span class='ocrx_word' id='word_1_809' title='bbox 3283 5553 3563 5626; x_wconf 76' lang='grc' dir='ltr'>θελήματα</span> <span class='ocrx_word' id='word_1_810' title='bbox 3586 5572 3600 5586; x_wconf 72' lang='lat'><strong><em>~</em></strong></span> <span class='ocrx_word' id='word_1_811' title='bbox 3635 5551 3693 5609; x_wconf 74' lang='grc' dir='ltr'><strong>οι</strong></span> 
     </span>
    </p>
   </div>
  </div>
