3916 6244
181 389 272 451 227.5

1331 391 1432 449 AD
1472 387 1787 450 STYLlTA’
1803 392 1854 450 Μ
1899 392 2303 460 ΟυΕΜυΑΜ,

3309 390 3415 454 226

181 506 357 567 καὶείς
388 504 605 559 ἐκεῖνον
629 505 1056 578 ἀναϐεϐηκότες,
1078 506 1172 561 καὶ
1199 506 1371 569 οὓτως
1395 505 1731 577 ὑπερύψηλοι

1855 510 1966 563 simi
2004 509 2128 562 lacti
2165 510 2261 578 (ita
2293 519 2350 564 ιιι
2382 525 2641 565 esummo
2671 518 2852 564 nostra
2884 507 3218 578 reapiciam),
3239 516 3293 562 ut
3321 522 3417 576 per

180 597 453 665 γεγονότες
499 596 598 664 (ὡς
635 596 823 668 ἔχουσι
872 599 967 653 καὶ
1027 599 1184 651 αὐτοὶ
1228 597 1435 650 ἀνωθεν
1495 599 1562 650 τὰ
1613 596 1740 650 καθ’

182 690 315 758 ἡμᾶς
350 689 606 758 ὲφορᾷν),
659 689 736 751 ὡς
789 685 929 742 εῖναι
962 689 1050 742 διὰ
1102 689 1271 741 ταῦτα
1322 691 1414 742 τὸν
1443 707 1461 740 ι
1494 689 1684 742 στύλον
1719 710 1738 742 ι

181 779 357 834 τοῦτον
393 781 492 833 καὶ
544 798 564 832 ι
597 781 826 848 οὐρανόν
854 799 872 832 ι
911 799 1032 834 τινα
1087 781 1166 849 τῷ
1220 783 1363 834 κατά
1402 781 1596 835 παθῶν
1647 799 1745 833 κυ-

186 872 433 943 ριεύοντι,
465 871 591 926 καθ’
618 869 680 926 οὗ
726 871 970 936 τοξεύειν
1010 873 1284 933 ἐοίκασιν,
1331 874 1430 925 οὐκ
1466 871 1744 934 ἀδυνάτως

186 964 273 1030 μέν
297 981 407 1025 τοι,
442 963 560 1016 ἀλλ’
587 963 936 1033 εύεπηϐόλως
972 966 1061 1016 καὶ
1087 963 1468 1032 εὐστοχώτατα
1495 964 1546 1015 οἱ
1585 963 1745 1016 5600-

182 1053 460 1116 ϐολοῦντες
499 1054 578 1106 si:
609 1055 816 1123 νόησιν,
869 1053 962 1106 καὶ
1014 1047 1094 1114 οἷς
1152 1053 1353 1112 σκοπὸς
1401 1053 1467 1104 τὰ
1517 1054 1744 1120 οὐράνια

181 1141 483 1210 πρόκειται,
519 1143 616 1194 καὶ
643 1143 757 1194 ὅσοι
809 1142 944 1210 πρὶς
967 1140 1026 1194 τὸ
1062 1140 1313 1211 βραϐεῖον
1341 1143 1440 1210 τῆς
1470 1141 1582 1195 ἄνω
1611 1157 1745 1192 xar—

180 1233 493 1287 ευθύνονται
551 1234 818 1302 κλήσεως.
853 1234 946 1286 Ἐκ
989 1232 1084 1286 τοῦ
1135 1233 1382 1286 τοιούτου
1431 1231 1665 1303 ούρανοῦ
1717 1234 1746 1286 6

182 1324 277 1376 τῶν
309 1325 712 1395 χαμαιρῤιφῶν
740 1326 1143 1395 κυριαρχήσας,
1179 1325 1275 1378 καὶ
1305 1323 1480 1395 τούτῳ
1502 1323 1579 1393 τῷ
1599 1325 1745 1394 λόγῳ

185 1419 364 1485 κύριος
411 1416 721 1487 ἄνθρωπος,
753 1417 1057 1471 ὲπιϐλέπει.
1078 1418 1170 1470 ἐπὶ
1200 1421 1299 1486 τὴν
1341 1418 1468 1487 γῆν,
1495 1418 1589 1470 καὶ
1618 1419 1745 1479 τοὺς

184 1507 322 1570 υἱοὺς
374 1507 487 1559 τῶν
514 1507 818 1578 ἀνθρώπιον
850 1510 972 1579 ὁρᾷ,
1004 1509 1105 1562 οὐκ
1135 1508 1213 1561 ἔθ’
1246 1507 1433 1570 ἁπλῶς
1478 1509 1639 1568 αὐτὸς
1670 1506 1746 1559 ὣν

184 1600 384 1662 ἐκεῖνος
417 1599 446 1652 6
477 1600 542 1652 ὲκ
572 1601 841 1668 γενέσεως
884 1601 1191 1670 ἄνθρωπος,
1231 1600 1428 1654 ταύτὸν
1455 1601 1511 1654 δὲ
1543 1602 1743 1662 εἰπεῖν,

184 1689 237 1741 ἐκ
258 1689 469 1773 τῆςεις
519 1691 623 1760 γῆν
673 1691 928 1756 νεύσεως,
954 1692 1098 1745 καθά
1127 1696 1221 1754 τις
1245 1691 1411 1746 πάλαι
1452 1691 1743 1759 πεφιλοσό-

183 1797 369 1846 φηκεν,
403 1781 521 1834 ἀλλ’
547 1781 709 1845 αὐτὸς
733 1783 833 1852 μὲν
861 1782 937 1852 τῷ
961 1782 1170 1853 ὑψίστῳ
1193 1781 1312 1851 Θεῷ
1340 1781 1482 1835 κατά
1517 1782 1743 1852 μέθεξιν

1846 604 1983 658 hanc
2013 603 2390 658 celsitudinem
2415 604 2785 658 columna'ista
2821 606 2890 658 sit
2914 603 3108 657 emlum
3143 603 3410 671 quoddam

1845 687 1920 740 illi
1973 691 2060 756 qui
2122 691 2449 758 cupiditates
2497 692 2652 759 regit.
2691 701 2848 758 prout
2893 692 3186 746 collineare
3216 690 3410 744 videa-

1847 789 1932 832 tur
1966 797 1979 833 :
2014 781 2103 850 qui
2136 797 2238 834 non
2267 781 2333 835 ad
2361 782 2728 850 impossibilia,
2755 783 2846 835 sed
2874 782 2939 834 ad
2971 797 3032 835 ea
3053 796 3169 846 qua!
3191 782 3414 835 omnino

1844 872 2076 927 obtineri
2114 883 2360 937 possunt,
2390 884 2444 927 et
2469 877 2535 926 ad
2564 890 2682 943 qua:
2707 875 2900 928 merito
2932 875 3283 942 spectandum
3328 882 3410 925 est

1844 964 2230 1032 cogitationum
2255 966 2449 1031 iaculis
2471 966 2738 1031 aspirant;
2765 966 2960 1034 quibus
2989 977 3126 1017 meta
3159 963 3279 1018 ereti
3311 963 3409 1015 ad-

1846 1069 1992 1114 sunt.
2021 1068 2071 1109 et
2102 1057 2190 1124 qui
2213 1059 2276 1109 ad
2297 1071 2540 1121 superum
2571 1057 2866 1111 vocationis
2891 1058 3134 1110 hravium
3161 1057 3409 1109 tendunt.

1846 1146 1946 1212 Qui
1975 1161 2040 1199 ex
2067 1147 2174 1199 alto
2200 1147 2334 1201 οωιυ
2363 1161 2526 1213 super
2561 1146 2924 1215 reptabundus
2955 1145 3260 1199 dominatur
3309 1143 3412 1198 hoc

1846 1241 2009 1294 verbo
2038 1240 2286 1294 dominus
2314 1239 2598 1296 homu,ille
2631 1249 2824 1291 terram
2858 1237 3101 1306 respicit,
3133 1236 3408 1290 hominum

1850 1330 1988 1382 ﬁlios
2019 1329 2206 1394 videt,
2237 1344 2342 1382 non
2377 1329 2606 1395 amplius
2635 1328 2952 1391 simpliciter
2992 1341 3056 1379 ex
3086 1339 3285 1392 genere
3315 1338 3412 1376 suo

1847 1420 2007 1473 homo
2030 1421 2138 1483 vel.
2167 1421 2308 1488 quod
2338 1419 2479 1474 idem
2509 1429 2592 1475 est
2621 1436 2683 1473 ex
2718 1418 3004 1473 inﬂexione
3057 1418 3122 1468 ad
3169 1425 3366 1468 terram
3394 1453 3407 1475 ,

1846 1521 2003 1578 prout
2045 1512 2171 1565 olim
2222 1513 2632 1582 philosophatus
2662 1512 2916 1580 quidam:
2965 1508 3057 1563 sed
3117 1509 3422 1576 participa~

1849 1603 1994 1656 tione
2022 1602 2268 1658 altissimi
2317 1604 2410 1658 Dei
2445 1604 2584 1656 illius
2609 1603 2804 1667 factus,
2830 1618 2938 1655 non
2975 1600 3110 1652 tales
3138 1612 3264 1651 vero
3299 1605 3422 1650 tan-v

1847 1709 2006 1760 quam
2033 1697 2311 1748 hominum
2342 1696 2477 1751 ﬁlios
2505 1697 2804 1751 crassiores
2847 1693 2988 1748 inira
3021 1691 3328 1764 gradientes
3357 1696 3416 1741 et

1849 1787 2220 1841 materialibus
2247 1797 2493 1842 assuetos
2526 1788 2768 1856 reSpicit.

181 1877 417 1940 υιωθεὶς,
445 1877 572 1941 τοὺς
632 1877 690 1930 δὲ
770 1876 846 1947 μὴ
889 1875 1166 1938 τοιούτους
1209 1875 1284 1940 ὡς
1313 1875 1461 1938 υἱοὺς
1508 1875 1814 1946 ἀνθρώπων
1852 1875 1965 1930 τῶν
2008 1879 2360 1951 ὑλικωτέρων
2418 1880 2693 1950 θεώμενος
2737 1880 2890 1935 κάτω
2947 1879 3254 1949 βαίνοντας,
3321 1873 3423 1930 καὶ

182 1976 300 2044 περὶ
331 1973 405 2025 τὰ
435 1973 594 2025 ὑλαῖα
629 1971 916 2041 μένοντας.

238 2065 346 2120 κα’.
387 2064 653 2118 Ἐνταῦθα
678 2065 734 2118 δὲ
771 2065 936 2119 καλὸν
960 2060 1116 2133 οἶμαι
1153 2065 1347 2124 εἰπεῖν,
1383 2065 1475 2116 καὶ
1503 2063 1578 2127 ὡς
1602 2065 1734 2118 ἀνα-

1911 2066 1999 2120 21.
2045 2066 2185 2120 Bene
2219 2082 2377 2136 porro
2401 2066 2580 2120 dicere
2617 2075 2743 2134 puto
2778 2081 2794 2118 :
2827 2071 3051 2117 renovat
3099 2061 3292 2130 aquilae
3333 2061 3420 2112 in-r

183 2158 408 2221 κιινίζει
447 2156 704 2226 καθάπερ
740 2175 758 2207 ι
792 2155 950 2210 ἀετοῦ
990 2175 1010 2209 ι
1047 2155 1146 2225 τὴν
1197 2154 1290 2208 τοῦ
1335 2154 1576 2224 ἀσκητοῦ
1620 2155 1742 2208 νεό-

182 2265 312 2315 τητα
368 2249 404 2316 ἡ
461 2246 689 2317 τοιαύτη
747 2245 1044 2316 ἀνύψωσις.
1100 2245 1451 2313 Κουφιζουσα
1501 2246 1610 2314 γὰρ
1659 2246 1742 2307 εἰς

185 2339 497 2409 ὑψιπέτειαν
526 2339 618 2392 τὸν
669 2338 1036 2406 πνευματικὸν
1091 2337 1351 2408 γέροντα,
1381 2336 1599 2389 δίδωσιν
1643 2337 1742 2389 ἀκ-

186 2434 448 2501 μαιότατα
498 2431 867 2499 καταράσσειν
899 2429 1107 2483 ἐκεῖθεν
1136 2427 1280 2482 κατά
1324 2428 1434 2480 τῶν
1479 2429 1737 2492 ἀσάρκων

185 2524 293 2592 μὲν,
322 2523 507 2586 ἄλλως
535 2524 593 2576 δὲ
630 2521 1002 2593 σαρκοϐόρων,
1041 2524 1220 2575 εἰπεῖν
1264 2521 1320 2574 δὲ
1363 2523 1458 2573 καὶ
1481 2521 1738 2591 ψυχοφά-

183 2632 280 2680 γων
301 2616 535 2685 ὀρνέων,
567 2614 869 2682 ὁξυδερκῶς
894 2613 1276 2675 ἐπιϐάλλοντα,
1319 2613 1394 2676 ὡς
1425 2612 1594 2682 μηδὲν
1622 2615 1650 2667 ὅ
1689 2631 1744 2667 τι

188 2710 308 2778 μήτε
333 2707 710 2779 κρύπτεσθαι,
736 2709 871 2778 μήτε
892 2707 1208 2775 διαφεύγειν
1226 2705 1412 2766 αὐτὸν,
1438 2706 1573 2758 ἀλλά
1598 2707 1674 2759 πᾶ
1684 2723 1739 2759 σι

183 2803 282 2853 τοῖς
327 2799 602 2862 τοιούτοις
652 2799 1025 2853 νεανικώτατα
1077 2796 1448 2862 ἐπιτίθεσθαι,
1507 2798 1602 2852 καὶ
1664 2801 1742 2861 εἰς

188 2889 333 2952 φόϐον
366 2889 567 2942 κινεῖν.
622 2887 767 2941 Ἀλλ’
816 2886 964 2941 οὕτω
1009 2887 1109 2957 μὲν
1137 2889 1164 2940 6
1198 2905 1217 2938 ι
1243 2887 1434 2949 στύλος
1465 2906 1486 2939 ι
1535 2905 1746 2956 μετεω-

190 2980 368 3048 ρισμός
395 2995 484 3040 τις
510 2977 827 3047 θαυμαστὸς
850 2975 1224 3048 τεθεώρηται.

249 3095 309 3160 κβ
332 3135 344 3148 .
381 3094 499 3148 Ἵνα
549 3092 606 3145 δὲ
638 3091 746 3145 τῶν
780 3089 1124 3161 ὑψηλοτέρων
1176 3091 1510 3158 καταϐάντες
1537 3093 1742 3146 ὑποτυ-

190 3184 428 3248 πώσεων,
463 3181 565 3235 καὶ
592 3180 858 3249 ἑτέρωθεν
885 3178 1072 3234 τοῦτον
1111 3181 1558 3252 ύπογραψὼμεθα
1585 3185 1603 3253 (
1627 3201 1744 3237 ποι-

193 3277 322 3329 κξλον
380 3276 498 3346 γάρ
527 3291 578 3326 τι
626 3274 814 3344 χρῆμα
860 3272 1378 3344 καθυποφαίνεται),
1423 3293 1442 3327 ι
1483 3277 1675 3345 εἱρκτὴ
1719 3293 1738 3326 ι

1843 2168 1977 2223 star,
2015 2167 2210 2213 ascetaa
2252 2157 2586 2228 iuventutem
2634 2158 2755 2211 talis
2786 2154 3137 2210 elevatio.Ad
3171 2153 3412 2207 volatum

1844 2251 1987 2306 enim
2032 2249 2313 2303 sublimem
2343 2248 2595 2302 attollens
2635 2248 2976 2315 Spiritualem
3014 2260 3198 2300 senem
3229 2283 3245 2308 ,
3282 2243 3412 2298 inde

1843 2343 2008 2396 mittit
2039 2351 2226 2396 contra
2260 2341 2570 2402 incarneas,
2599 2339 2708 2392 imo
2736 2338 3071 2398 caruivoras,
3100 2346 3191 2390 aut
3224 2335 3417 2390 menti-

1842 2450 2004 2490 voras
2038 2448 2186 2496 aves,
2219 2442 2272 2486 et
2297 2435 2416 2488 visu
2451 2431 2720 2486 acerrimo
2767 2431 3100 2510 aggreditur,
3147 2427 3231 2481 cui
3282 2426 3415 2480 nihil

1846 2526 2218 2586 absconditur,
2253 2540 2413 2595 quem
2449 2524 2582 2578 nihil
2616 2523 2774 2591 fugit.
2815 2523 2908 2577 sed
2943 2522 2995 2575 in
3045 2535 3237 2575 omnes
3289 2521 3420 2573 tales

1839 2619 2134 2689 iuventutis
2167 2617 2348 2685 vigore
2391 2616 2570 2679 irruit,
2612 2622 2814 2667 metum
2848 2611 3145 2666 incutiens.
3178 2609 3269 2664 Sic
3297 2608 3419 2677 qui-

1847 2711 1964 2764 dem
2008 2709 2252 2764 columna
2305 2709 2595 2762 excelsitas
2645 2708 2894 2776 quaedam
2939 2700 3278 2758 admirabilis
3314 2716 3416 2768 ap-

1848 2818 1910 2871 pa
1921 2812 2020 2855 rt't.

1911 3087 2001 3141 22.
2029 3085 2098 3141 Ut
2121 3095 2295 3138 autem
2321 3085 2384 3136 ah
2405 3083 2788 3138 excelsioribus
2819 3081 3060 3136 terminis
3091 3079 3420 3135 descenden-

1845 3189 1925 3232 ιρις
1953 3191 2015 3230 ex
2044 3176 2210 3229 altera
2245 3184 2397 3243 parte
2432 3174 2865 3228 demonstremus
2895 3173 3133 3237 (varium
3179 3171 3324 3224 enim
3365 3171 3420 3222 id

1845 3270 2116 3339 negotium
2148 3266 2274 3335 est),
2305 3281 2492 3318 carcer
2518 3265 2736 3334 quidam
2769 3277 2851 3318 est
2883 3265 2936 3318 in
2981 3279 3140 3333 quem
3166 3263 3429 3316 secedens

191 3367 265 3429 τίς
306 3367 426 3420 ἐστι
477 3364 574 3418 καὶ
625 3364 810 3431 αύτδς,
848 3366 905 3417 ὲν
1009 3367 1340 3434 περιγράφει
1393 3367 1742 3437 στενοχωρῶν

1855 3362 1914 3414 ab
1950 3357 2220 3413 extraneis
2260 3357 2630 3410 avocamentis
2674 3355 2902 3408 includit
2936 3369 2994 3408 se
3027 3364 3231 3415 asceta,
3279 3351 3424 3404 inter
3457 3425 3477 3440 θ

190 3458 361 3511 ἑαυτὸν
391 3459 457 3511 ὲκ
484 3455 580 3509 τοῦ
607 3455 712 3520 ἔξω
733 3453 1055 3524 ρεμϐασμοῦ
1075 3457 1102 3509 6
1119 3453 1482 3525 ἀσκούμενος,
1517 3458 1745 3521 δικάσας

192 3546 279 3613 μὲν
307 3545 514 3614 μεταξὺ
544 3541 794 3614 σώματος
821 3543 914 3596 καὶ
945 3541 1148 3612 ψυχῆς,
1191 3544 1287 3597 καὶ
1320 3544 1525 3614 ἀμφοῖν
1575 3563 1746 3599 κατα..

188 3637 556 3706 ψηφισάμενος
575 3633 760 3703 οἰκείῳ
787 3631 850 3702 δή
873 3649 978 3684 τινι
1003 3631 1151 3702 νόμῳ
1179 3633 1406 3703 (δικαίῳ
1432 3635 1540 3705 γὰρ
1568 3637 1596 3688 6
1620 3635 1745 3689 καθ’

153 3753 164 3760 ι
191 3729 322 3794 ἡμᾶς
363 3728 424 3780 ού
478 3726 656 3778 κεῖται
695 3724 876 3792 νόμος,
906 3722 1020 3776 ἀλλ’
1058 3723 1220 3788 αὐτὸς
1241 3723 1400 3794 ὀρθός
1423 3728 1541 3778 ἐστι
1566 3727 1743 3795 λόγος,

192 3823 276 3871 καὶ
294 3819 492 3872 πλείων
521 3816 616 3870 τοῦ
642 3815 809 3886 νόμου
835 3814 1102 3885 γίνεται),
1131 3814 1428 3879 δικαιώσας
1463 3816 1521 3870 δὲ
1551 3817 1620 3870 τά
1647 3835 1749 3872 κα-

191 3910 503 3980 τικριθέντα
537 3908 615 3982 τῷ
642 3909 731 3962 8ιά
765 3907 882 3977 βίου
938 3906 1320 3976 συγκλεισμῷ,
1359 3910 1418 3962 ἐν
1469 3911 1748 3982 ὁμοιότητι

192 4002 452 4065 κολάσεως
488 4001 590 4070 τῆς
636 3998 873 4069 ἐσχάτης
916 3996 1154 4067 ἐκείνης,
1183 3996 1251 4068 ἣν
1301 3999 1402 4052 ούκ
1429 3999 1495 4054 ἂν
1531 4001 1748 4073 ἐκφύγῃ

193 4109 270 4156 τις
291 4092 565 4147 ἀκόλαστα
588 4091 850 4154 διαϐιούς.
1633 4075 1646 4086 ’

258 4204 620 4278 κγ’.Νοηθεεη
668 4205 714 4259 δ’
772 4205 839 4259 ἂν
889 4206 918 4259 6
989 4224 1008 4259 ι
1042 4205 1233 4266 στύλος
1271 4223 1290 4258 ι
1345 4195 1498 4268 οὗτος
1552 4207 1644 4259 καὶ
1673 4204 1750 4268 ὡς

199 4315 215 4346 ι
256 4297 535 4355 ἀθλητικὸν
560 4295 732 4366 βῆμα,
761 4297 860 4350 εἶτ’
902 4296 995 4351 οὖν
1032 4296 1316 4364 ἀναϐάορα
1346 4295 1682 4367 μαρτυρικὴ,
1723 4316 1742 4347 ι

195 4389 274 4453 ἐφ’
299 4389 364 4460 ἢν
395 4387 750 4458 ἀναϐεϐηκὼς
782 4390 810 4442 6
839 4388 1095 4452 ἀϐίαστος
1134 4389 1394 4458 ἀθλητὴς,
1424 4389 1625 4457 μᾶλλον
1652 4389 1751 4458 μὲν

191 4475 278 4531 οἷν
307 4480 442 4532 κατὰ
464 4480 563 4549 τῆς
586 4477 781 4532 ἑαυτοῦ
815 4480 1016 4549 σαρκὸς
1037 4479 1356 4549 αὐθαίρετος
1381 4479 1552 4548 βίαιος
1577 4497 1751 4533 κατα·

194 4571 359 4623 ξαίνει
385 4571 516 4639 πρὸς
552 4573 699 4639 μέγα
735 4572 986 4640 σκάμμα,
1044 4571 1138 4624 καὶ
1194 4571 1596 4640 παγκρατιάζει
1631 4589 1751 4639 γεν-

195 4661 374 4725 ναξως,
405 4665 500 4717 καὶ
553 4662 646 4716 τὸν
676 4662 968 4717 ἀντίπαλον
997 4662 1227 4732 δαίμονα
1279 4662 1430 4716 κάτω
1458 4661 1640 4733 βαλεῖν
1664 4679 1751 4716 τε-

193 4752 463 4822 χνάζτται.

259 4866 356 4920 κδ’.
384 4869 536 4922 Εἴποι
563 4869 609 4922 δ’
637 4869 702 4922 ἀν
729 4885 814 4932 τις
856 4869 945 4921 τὸν
975 4887 994 4918 ι
1025 4868 1216 4922 στύλον
1249 4887 1267 4919 ι
1302 4867 1490 4922 τοῦτον
1520 4867 1751 4934 εὐαγγε-

190 4955 351 5021 λικῶς
381 4963 472 5014 καὶ
512 4979 532 5012 ι
572 4960 834 5024 ἀνώγεων
877 4961 1250 5030 ἐστρωμένον,
1295 4979 1314 5012 ι
1358 4961 1417 5012 ὲν
1444 4952 1487 5027 ᾧ
1515 4959 1672 5022 Θεὸς,
1725 4959 1752 5010 6

192 5053 330 5102 κατὰ
355 5050 569 5119 μέθεξιν
602 5050 916 5114 ἀναπεσὼν,
971 5049 1336 5114 ἀναπαύεται,
1369 5049 1567 5102 ταύτὸν
1599 5049 1645 5102 δ’
1677 5051 1754 5102 εἰ⁴

194 5137 331 5198 πεῖν,
363 5141 561 5202 παντὸς
591 5137 760 5210 ἔργου
802 5139 1033 5193 παύεται
1065 5138 1158 5192 τοῦ
1188 5141 1254 5209 τῇ
1283 5141 1352 5208 γῇ
1381 5138 1601 5200 πάντως
1627 5138 1758 5208 πρέ-

195 5245 397 5292 ποντος.
435 5230 644 5293 Ἄλλως
683 5229 792 5298 γὰρ
821 5232 1289 5300 θειιπρεπέστερον
1320 5229 1408 5282 ἀεὶ
1445 5229 1538 5282 καὶ
1586 5229 1752 5283 αὐτὸς

195 5319 498 5388 ἐργάσεται,
523 5324 592 5375 τὰ
621 5322 699 5393 τῷ
721 5322 839 5392 Θεῷ
861 5324 1165 5393 ἀρέσκοντα
1203 5323 1467 5394 ἐνεργῶν.

265 5439 360 5487 κε’.
392 5434 449 5487 ΕΞ
471 5435 527 5488 δὲ
554 5435 615 5488 τὸ
645 5453 663 5486 ι
689 5435 945 5504 ἀνώγων
969 5455 988 5487 ι
1023 5436 1182 5492 τοῦτο
1209 5437 1304 5492 καὶ
1337 5436 1508 5498 λίθοις
1548 5436 1756 5506 ἐστρω-

188 5543 301 5588 ται,
325 5525 401 5593 οἷς
419 5531 493 5595 ὡς
518 5531 666 5593 εἰκὸς
691 5531 1012 5599 ἐγκαθεύδει
1038 5532 1071 5584 6
1103 5533 1403 5602 ἐγκρατὴς,
1453 5531 1480 5585 6
1501 5531 1564 5602 δὴ
1595 5532 1626 5582 6
1649 5531 1752 5600 τῆς

188 5620 438 5690 τοιαύτης
465 5622 756 5692 οἰκοδομῆς
803 5622 993 5692 εἰρμος
1028 5623 1326 5677 ὑποϐάλλει
1374 5625 1538 5684 νοεῖν,
1566 5621 1653 5692 εἴη
1683 5620 1750 5674 ἂν

195 5728 216 5759 ι
262 5709 610 5782 λιθόπρωτὸν
678 5731 696 5763 ι
726 5731 778 5766 τι
809 5717 900 5766 καὶ
934 5714 1062 5767 αὐτὸ
1093 5716 1193 5767 οὒκ
1217 5713 1323 5778 ἔξω
1348 5713 1746 5783 ισεμνῶματος,

191 5799 405 5853 κάλλιον
436 5802 577 5871 ᾗπερ
604 5803 671 5857 τά
696 5803 804 5856 τῶν
839 5804 1240 5872 ἱστορουμένων
1270 5801 1743 5874 γυμνοτοφιστῶν,

1855 3467 2050 3520 corpus
2085 3461 2136 3504 et
2177 3452 2410 3504 animam
2441 3451 2805 3515 distinguens,
2838 3457 2895 3500 et
2935 3444 3236 3498 domestica
3269 3441 3423 3510 quasi

1852 3547 1969 3613 lege
1996 3554 2281 3612 utrumque
2311 3544 2676 3596 condenmans
2733 3539 2898 3608 (iusto
2928 3536 3072 3592 enim
3125 3548 3230 3588 non
3287 3548 3425 3585 con-

1851 3638 2004 3693 venit
2031 3637 2115 3691 lex
2144 3646 2351 3700 nostra,
2401 3636 2493 3688 sed
2533 3633 2650 3702 ipse
2678 3631 2814 3684 ratio
2841 3638 2923 3684 est
2948 3637 3001 3682 et
3025 3627 3144 3696 lege
3188 3622 3429 3694 major),

1854 3727 2148 3783 sententias
2181 3741 2308 3779 vero
2363 3724 2671 3794 pronuntiat
2717 3722 2773 3775 in
2811 3717 3218 3774 similitudinem
3249 3731 3426 3787 poena:

1855 3817 2056 3872 ultimae
2105 3832 2262 3884 quam
2291 3830 2450 3868 nemo
2483 3813 2754 3875 vitaverit,
2784 3811 2829 3863 si
2872 3810 3077 3879 absque
3107 3806 3308 3860 virtute
3340 3806 3423 3857 vi-

1858 3909 2016 3962 xerit.

1923 4190 2015 4246 25.
2057 4188 2316 4244 Columna
2369 4187 2470 4240 ista
2522 4193 2584 4239 ut
2632 4183 2923 4239 athleticus
2969 4189 3255 4251 suggestus
3311 4179 3431 4233 sive

1859 4291 2151 4351 martyrum
2179 4275 2592 4347 amphiteatrum
2627 4282 2712 4328 est
2743 4274 2793 4327 in
2821 4286 2978 4341 quem
3009 4280 3199 4338 Sponte
3236 4284 3430 4324 ascen-

1857 4374 1991 4428 dens
2026 4371 2244 4432 athleta,
2280 4368 2408 4438 quin
2440 4367 2549 4421 imo
2577 4373 2762 4420 contra
2795 4379 3014 4419 carnem
3047 4377 3200 4415 suam
3235 4369 3430 4430 sponte

1857 4463 2167 4517 violentiam
2200 4475 2459 4514 exercens
2488 4462 2542 4512 in
2585 4471 2834 4526 magnam
2867 4454 3152 4510 descendit
3177 4467 3426 4512 arenam.

1857 4555 2073 4610 fortiter
2125 4561 2325 4625 pugnat
2377 4561 2431 4606 et
2463 4551 2665 4604 malum
2691 4551 2988 4604 daemonem
3017 4558 3300 4600 conterere
3331 4558 3430 4599 co-
3478 4579 3481 4592 γ

1859 4657 2040 4702 natur.

1781 4748 1830 4806 υ
1911 4753 1916 4756 .

1915 4845 2006 4900 τι.
2043 4844 2155 4900 Dici
2181 4850 2359 4914 potest
2387 4841 2638 4897 columna
2679 4839 2770 4893 illa
2824 4835 3136 4908 evangelico
3175 4833 3316 4902 ston
3369 4845 3432 4889 et

1849 4936 2189 4994 etenaculum
2243 4943 2495 4998 stratum,
2548 4933 2602 4986 in
2651 4945 2757 4999 quo
2803 4930 2943 4984 Deus
2995 4928 3060 4983 ad
3112 4926 3433 4981 convivium

1854 5030 2098 5085 assidens
2133 5027 2392 5083 recumbit
2425 5033 2497 5088 et,
2529 5033 2590 5079 ut
2617 5023 2690 5077 ita
2721 5023 2920 5086 dicam,
2971 5021 3036 5074 ab
3068 5019 3215 5073 omni
3253 5032 3437 5087 opere

1855 5134 2037 5178 cessat
2067 5136 2162 5190 pro
2204 5120 2377 5174 salute
2424 5127 2598 5171 terrm.
2649 5116 2797 5169 Alias
2829 5115 2972 5168 enim
3021 5111 3132 5166 Deo
3179 5111 3432 5180 digniora

1855 5229 2068 5283 semper
2100 5217 2215 5283 ipse
2254 5211 2438 5277 faciet,
2473 5226 2592 5280 quae
2625 5210 2731 5264 Deo
2754 5209 2969 5278 placent
3008 5208 3340 5277 peragende.

1919 5433 2010 5488 25.
2037 5431 2094 5488 Si
2115 5445 2243 5486 vero
2263 5430 2600 5488 cmnaculum
2631 5429 2762 5484 illud
2784 5436 2839 5484 et
2857 5426 3129 5502 lapidith
3161 5424 3432 5480 sternitur

1854 5527 2048 5596 quibus
2076 5524 2335 5580 indormit
2363 5523 2454 5593 qui
2488 5521 2645 5577 fortis
2667 5530 2774 5584 est,
2801 5520 2944 5590 quod
2977 5519 3192 5573 illarum
3227 5516 3426 5570 mdium

1849 5633 2110 5688 compago
2145 5617 2454 5686 persuadet,
2493 5613 2736 5667 solemne
2773 5611 2879 5665 erit
2910 5609 3041 5664 illud
3086 5607 3433 5662 lithostrotou

1847 5711 2131 5780 pulchrius
2158 5719 2318 5778 quam
2354 5704 2932 5778 Gymnosopbistarun't
2968 5701 3022 5753 in
3072 5699 3296 5752 hismrta
3339 5709 3429 5750 cc-

1845 5800 2073 5854 lebrium
2113 5797 2403 5860 theatrum,
2439 5795 2528 5863 qui
2566 5792 2784 5847 virtutis
2816 5791 3061 5847 umbram
3091 5799 3434 5856 persequen,
