3916 6244
467 377 575 441 ’231

1219 376 1648 440 EUSTATHII
1690 375 1790 440 ΤΗ
1806 376 2441 443 ESSALONICENSIS
2470 376 3033 445 METliOPOLlT/E

3623 377 3730 443 232

472 472 636 547 lin-ica
670 500 757 547 tua
792 503 846 548 et
874 490 1017 548 ferro
1041 495 1184 563 quod
1214 504 1265 549 te
1294 496 1482 565 cingit.
1532 496 1638 550 Sed
1668 498 1846 568 magni
1880 497 2031 552 Pauli

2155 518 2242 559 τως
2264 499 2331 554 ἀν
2353 499 2517 572 ἔχοις,
2538 500 2596 553 ὃν
2626 500 2911 570 ἐγκρατῶς
2934 490 3356 571 περιϐέϐλησαι,
3386 517 3404 547 ι
3436 495 3687 566 θώρακα.
3705 513 3722 545 ι

472 585 697 639 loricam
734 592 788 638 et
835 583 1094 652 reliquam
1129 585 1246 652 eius
1275 594 1611 640 armaturam
1662 587 1715 640 in
1769 597 1821 641 te
1869 589 2049 642 videre

471 677 652 744 cupio.
680 674 828 729 Hanc
851 678 1149 745 prrsertim
1187 677 1431 747 aceinge,
1462 681 1600 733 hanc
1628 681 1814 746 indue,
1841 691 1897 736 et
1931 681 2049 735 ani.

481 782 690 819 marum
743 766 911 821 hostis
942 765 1176 836 aufugiet
1231 770 1453 840 ltarpyis
1510 783 1569 824 se
1627 772 1869 825 tradens.
1913 770 2047 826 Nam

473 859 750 925 pulchrum
779 868 861 912 est
890 859 1106 927 quidem
1139 858 1341 915 ferrum
1376 863 1540 925 istud,
1563 879 1627 917 ex
1658 879 1766 932 quo
1785 866 2050 917 adversus

471 952 767 1019 pessimum
827 950 1039 1005 hostem
1096 954 1200 1006 tela
1252 955 1545 1009 cuduntur.
1598 955 1743 1009 Nihil
1797 970 1925 1010 vero
1971 955 2048 1010 sic

474 1049 653 1101 potest
696 1040 1145 1097 invulnerabilem
1184 1044 1410 1099 militem
1447 1046 1706 1114 perlicere
1747 1047 1791 1100 si
1827 1055 2045 1115 aposto-

473 1133 630 1186 liram
668 1144 1004 1188 armaturam
1041 1134 1129 1190 ille
1157 1135 1468 1207 proiecerit.
1512 1137 1573 1192 Et
1609 1138 1736 1205 quid
1766 1138 1890 1192 dico
1916 1137 2049 1191 nihil

470 1226 699 1294 potest?
724 1226 1008 1280 dicendum
1033 1238 1151 1281 erat
1172 1229 1312 1298 quod
1353 1228 1636 1285 deﬁciente
1677 1230 1767 1283 illa
1800 1231 1857 1284 ιιι
1891 1243 2049 1283 asce-

472 1327 541 1371 lze
571 1333 796 1387 operum
840 1319 1048 1384 jactura
1075 1329 1130 1375 et
1185 1336 1458 1374 summum
1493 1324 1561 1375 ad
1621 1331 1818 1377 terram
1877 1322 2045 1376 trahi-

474 1419 562 1462 tur
589 1420 644 1463 et
669 1409 810 1479 quod
833 1409 951 1465 leve
980 1418 1083 1478 est,
1113 1423 1434 1481 aggravatur
1468 1422 1523 1468 et
1560 1428 1590 1469 a
1617 1428 1849 1484 superno
1870 1413 2051 1468 volatu

470 1512 692 1565 cessans
729 1499 780 1553 in
816 1511 1010 1556 terram
1041 1502 1317 1569 dejleitur.

474 1597 568 1646 καὶ
621 1595 887 1663 ἀμϐλύνει
937 1600 1112 1654 ταῦτα
1148 1600 1211 1653 τὸ
1257 1601 1319 1654 ἐν
1345 1600 1529 1672 ἔργοις
1581 1603 1901 1672 ἀπητικοῖς
1965 1601 2082 1671 ὀξὺ,

2146 592 2361 647 καὶτὸν
2393 593 2577 646 λοιπον
2616 609 2635 643 ι
2679 593 2918 662 σίδηρον,
2957 610 2976 644 ι
3014 590 3074 653 δς
3122 588 3435 657 περίκειταί
3473 605 3555 641 σε.
3578 588 3729 641 Ἀλλ’

2144 685 2258 754 ἐγὼ
2289 687 2386 740 xal
2414 687 2504 739 τὸν
2560 684 2654 739 τοῦ
2680 684 2930 754 ’μεγάλου
2990 683 3204 737 Παύλου
3239 681 3468 751 οώρακα
3498 679 3595 733 καὶ
3625 678 3727 746 τὴν

2144 775 2338 841 λοιπὴν
2373 776 2592 830 ἅπασαν
2621 774 2830 828 ἐκείνου
2861 773 3165 827 πανοπλίαν
3218 772 3367 844 ζητῶ
3398 771 3639 826 κατιδεῖν
3671 772 3729 823 ὲν

2146 864 2251 921 σοί.
2284 863 2503 933 Ταύτην
2536 865 2761 934 περίθου
2802 863 3056 933 μάλιστα,
3087 862 3292 931 ταύτην
3323 859 3554 915 ὑπόδυθι
3580 878 3592 891 ·
3630 863 3728 913 καὶ

2142 958 2170 1010 6
2199 956 2307 1008 τῶν
2331 953 2522 1026 ψυχῶν
2556 954 2816 1025 πολέμιος
2846 955 3170 1025 ⁴οἰχήσεται,
3204 951 3495 1021 Ἀρπυίαις
3530 950 3728 1003 ἑαυτὸν

2142 1047 2351 1111 ἐκδούς.
2386 1047 2562 1100 Καλὸν
2599 1046 2698 1116 μὲν
2727 1046 2832 1115 γὰρ
2852 1049 2945 1099 καὶ
2975 1049 3002 1099 6
3031 1044 3371 1115 φορούμενος
3404 1061 3423 1094 ‹
3453 1042 3677 1113 σίδηρος
3709 1056 3727 1093 ι

2142 1134 2322 1199 οὗτος,
2362 1138 2457 1192 καὶ
2495 1138 2622 1208 βέλη
2652 1139 2794 1192 κατά
2838 1136 2933 1190 τοῦ
2982 1137 3354 1207 πονηροτάτου
3383 1133 3723 1204 πολεμιστοῦ

2143 1230 2206 1296 ἐξ
2230 1226 2396 1285 αὐτοῦ
2427 1230 2806 1299 χαλκεύονται.
2845 1229 3034 1298 Ἀρκεῖ
3061 1228 3118 1282 δὲ
3148 1229 3296 1297 ὅμως
3319 1227 3493 1289 οὐδὲν,
3523 1226 3601 1288 ὡς
3635 1225 3732 1285 καὶ

2147 1321 2525 1392 ἀκατάϐλητον
2554 1320 2646 1374 τὸν
2674 1322 2731 1373 ὲν
2762 1320 2911 1390 αὐτῷ
2944 1320 3286 1389 στρατιώτην
3331 1319 3645 1381 ἀποτελεῖν,
3680 1318 3729 1370 εί

2149 1414 2249 1482 τὴν
2278 1411 2645 1480 ἀποστολικὴν
2688 1413 2897 1475 ἐκεῖνος
2957 1410 3253 1483 ἀπορρίψει
3286 1412 3512 1477 σκευήν.
3568 1408 3639 1461 Τί
3674 1398 3731 1461 δὶ

2149 1503 2294 1565 λέγω
2329 1520 2348 1554 ι
2386 1503 2487 1556 οὐκ
2540 1500 2734 1572 ἀρκεῖς
2769 1521 2787 1554 ι
2855 1502 2974 1557 δέον
3020 1504 3216 1568 εἰπεῖν,
3250 1494 3326 1565 ὡς
3356 1500 3571 1570 ἐκείνης
3600 1500 3728 1569 δίχα

2162 1600 2258 1654 καὶ
2312 1598 2572 1653 καθέλκει
2615 1598 2676 1652 τδ
2729 1597 3201 1669 ἀνωφορούμενον,
3251 1596 3347 1650 καὶ
3402 1594 3631 1667 βαρύνει
3673 1600 3732 1653 τδ

472 1686 695 1753 κοῦφον,
723 1690 814 1741 καὶ
848 1690 946 1759 τὴν
982 1691 1091 1745 Ξνω
1144 1691 1341 1760 πτῆσιν
1396 1692 1582 1756 παύει,
1611 1697 1706 1746 καὶ
1736 1694 2039 1762 καταφέρει
2079 1691 2214 1762 πρὸς
2245 1689 2375 1760 γῆν.

542 1777 632 1832 54.
676 1778 872 1834 Multos
928 1779 1134 1833 ferrum
1180 1780 1233 1834 in
1286 1780 1422 1834 bella
1471 1792 1659 1835 contra
1710 1780 2047 1850 spirituaiem

2226 1778 2322 1833 λό’.
2361 1778 2594 1841 Πολλοὺς
2613 1779 2641 1830 6
2671 1794 2691 1829 ι
2722 1776 2935 1847 σίδηρος
2961 1795 2980 1828 ι
3016 1778 3098 1841 εἰς
3124 1776 3216 1831 τὸν
3245 1776 3387 1831 κατὰ
3414 1776 3509 1829 τοῦ
3533 1779 3730 1848 νοητοῦ

474 1872 684 1924 hostem
728 1874 1020 1937 excitavit;
1075 1873 1274 1928 multos
1329 1874 1605 1928 hebetavit
1654 1885 1706 1929 et
1749 1874 2050 1942 impedivit,

2155 1867 2455 1939 ἀντιμαχου
2483 1867 2762 1934 ἒστόμωσε
2791 1866 3046 1937 πόλεμον,
3077 1866 3306 1929 πολλοὺς
3328 1867 3424 1920 καὶ
3443 1866 3729 1935 ἀμϐλύνας

475 1963 577 2014 illis
604 1976 749 2014 arma
777 1964 1158 2029 circumdedit,
1182 1966 1373 2019 borum
1401 1966 1456 2020 in
1476 1966 1742 2029 manicas,
1767 1966 2053 2035 compedes

474 2053 759 2117 incidens:
789 2068 1021 2121 quorum
1057 2055 1246 2110 merito
1278 2055 1665 2111 miserabimur
1687 2056 1728 2109 si
1752 2056 1875 2111 vita:
1907 2070 2057 2111 mare

476 2146 828 2215 pernavigaut
851 2145 1207 2215 procellosum
1234 2155 1288 2201 et
1321 2148 1573 2204 ﬂuctibus
1610 2148 1747 2204 diris
1777 2149 2056 2203 exundans

477 2244 532 2287 et
561 2235 947 2303 periculosum,
989 2250 1155 2305 super
1195 2238 1338 2305 quod
1390 2237 1731 2324 simplicibus
1794 2239 2053 2293 membris

480 2323 561 2389 agi
615 2321 876 2376 deberent
913 2362 926 2384 .
984 2322 1072 2384 qui
1126 2324 1304 2377 adhuc
1352 2322 1483 2378 ferri
1542 2321 1755 2393 pondus
1815 2338 2050 2395 gravatis

483 2414 698 2467 habent.
754 2413 978 2469 Ferrum
1028 2414 1169 2468 istud
1215 2414 1282 2468 iis
1339 2414 1556 2485 quidem
1602 2417 1694 2485 qui
1747 2416 2045 2470 secundum

480 2504 757 2557 veritatem
807 2504 1015 2559 strenui
1058 2514 1208 2570 sunt,
1257 2519 1360 2558 non
1396 2505 1699 2575 praccipites
1742 2506 1853 2574 agit
1912 2519 2050 2575 pon-

479 2600 597 2660 dus,
630 2597 721 2651 sed
758 2598 990 2652 anchora
1029 2598 1289 2654 salutaris
1313 2598 1379 2668 ζει
1409 2612 1563 2653 sacra
1623 2599 1944 2664 ordinatur;
1983 2600 2051 2653 iis

478 2704 605 2743 vero
636 2690 724 2758 qui
763 2689 920 2743 aliter
985 2704 1042 2745 se
1082 2690 1302 2754 habent,
1356 2691 1633 2759 plumbum
1684 2688 1742 2743 lit
1789 2689 1843 2743 in
1891 2690 2049 2759 aquis

477 2780 888 2835 vehementibus
923 2776 1233 2835 submersos
1286 2780 1620 2849 deprimens.
1657 2776 1774 2836 Non
1813 2796 1941 2846 ergo
1966 2796 2051 2835 sa-

476 2872 652 2925 lutare
683 2886 783 2927 nec
813 2871 890 2927 sic
923 2881 1018 2927 aut
1042 2873 1199 2928 aliter
1239 2873 1456 2933 cecidit.
1491 2888 1589 2943 pro
1620 2873 1850 2930 consilio
1875 2874 2051 2929 eiecto

479 2965 761 3018 haesitante
791 2964 946 3018 libra.

2153 1960 2519 2026 συνεπόδισεν,
2554 1958 2779 2035 ἑκείνρις
2809 1958 2907 2028 μὲν
2936 1958 3095 2012 ὁποῖά
3116 1976 3169 2012 τι
3199 1958 3363 2015 ὅπλον
3382 1959 3729 2029 ἀμφιτεθεὶς,

2150 2054 2360 2116 τούτοις
2391 2053 2447 2106 δὲ
2485 2052 2557 2114 ὥς
2583 2052 2663 2115 εἰς
2692 2050 3016 2122 χειροπέδην
3041 2051 3345 2105 διεκπεσὼν
3369 2054 3465 2106 καὶ
3495 2053 3731 2107 ποδοκά-

2150 2161 2255 2215 κην
2279 2143 2375 2196 καὶ
2408 2143 2633 2210 τύφωνα
2656 2159 2668 2170 ·
2704 2141 2797 2203 οὓς
2830 2141 2925 2194 καὶ
2953 2142 3219 2211 οἰκτείραι
3263 2142 3327 2196 ἄν
3358 2161 3443 2205 τις
3474 2143 3730 2207 δικαίως,

2149 2237 2199 2290 εί
2226 2236 2325 2306 τὴν
2351 2233 2445 2287 τοῦ
2480 2235 2594 2304 βίου
2645 2233 2993 2298 διαπλέοντες
3041 2234 3319 2288 θάλασσαν
3374 2233 3520 2288 οὕτω
3579 2234 3732 2288 δεινά

2151 2324 2568 2397 βραττομένην,
2614 2324 2722 2379 καὶ
2776 2312 3197 2393 κυμαινομένην
3241 2322 3519 2377 ἀκάθεκτα
3553 2366 3569 2390 ,
3638 2326 3733 2380 καὶ

2148 2417 2478 2473 ἀπειλοῦσαν
2520 2414 2787 2482 κίνδυνον,
2836 2417 2887 2467 οἱ
2914 2414 2971 2469 δὲ
3000 2414 3120 2470 δέον
3166 2415 3483 2487 ἀπερίττοις
3541 2413 3733 2487 μέλεσι

2148 2509 2412 2578 φέρεσθαι
2445 2507 2512 2561 δι’
2561 2505 2754 2577 αὐτῆς.
2795 2499 2915 2559 εἶτα
2959 2506 3056 2559 καὶ
3106 2504 3329 2575 σιδήρου
3361 2506 3531 2578 βάρος
3574 2510 3736 2581 περί-

2147 2616 2385 2657 κιεινται⁹
2411 2599 2471 2662 ὃς
2500 2598 2564 2669 δὴ
2605 2598 2823 2669 σίδηρος
2852 2599 2966 2662 τοῖς
3015 2599 3114 2668 μὲν
3144 2599 3232 2652 ἐπ’
3264 2598 3492 2671 ἀληθείᾳ
3526 2601 3734 2673 ἐγκρα-

2146 2692 2365 2755 τευταῖς
2397 2691 2498 2744 οὐκ
2530 2692 2610 2753 εἰς
2648 2688 2865 2760 βυθὶςον
2899 2690 3085 2761 βάρος,
3115 2691 3231 2745 ἀλλ’
3261 2691 3338 2755 ὡς
3371 2693 3454 2755 είς
3478 2693 3732 2764 ἄγκυραν

2137 2780 2478 2852 ’σωτηριώδη
2529 2782 2623 2835 καὶ
2657 2782 2811 2852 ίεράν
2854 2782 3247 2842 ἀποτέτακται.
3300 2785 3415 2846 τοῖς
3455 2783 3513 2837 δὲ
3560 2783 3736 2847 ἄλλως

2156 2875 2370 2944 ἔχουσιν
2403 2874 2479 2936 ὡς
2511 2872 2773 2943 μόλυϐδος
2806 2874 2862 2927 ὲν
2891 2873 3043 2926 ὕδατι
3077 2873 3293 2945 σφοδρῷ
3324 2874 3560 2943 γίνεται,
3596 2876 3736 2928 ὁπο-

2157 2963 2419 3034 ϐρυχίους
2469 2962 2714 3024 ἐκείνους
2749 2961 2942 3026 τιθείς.
2973 2960 3185 3016 Οὔκουν
3231 2963 3290 3030 ἐξ
3322 2965 3574 3035 ἀνάγκης
3607 2965 3736 3018 οὔτε

480 3054 875 3124 σωτηριώδηςὸ
901 3054 1140 3120 τοιοῦτος
1159 3057 1399 3127 σίδηρος,
1422 3059 1538 3114 ἀλλ’
1568 3062 1690 3117 οὐδὲ
1750 3058 2066 3131 βλαπτικὸς,
2101 3054 2533 3127 ὶπαμφοτερίζει
2591 3055 2650 3108 δέ
2711 3070 2862 3118 πωςο
2931 3056 3024 3109 καὶ
3075 3056 3219 3109 κατὰ
3284 3055 3385 3127 τὴν
3429 3057 3581 3127 παρὰ
3622 3058 3737 3120 τοϊς

482 3150 663 3215 σοφοῖς
715 3148 944 3217 δύναμιν
967 3144 1109 3220 τάχα
1139 3150 1239 3218 μὲν
1283 3150 1478 3216 οὕτως,
1508 3154 1651 3224 τάχα
1678 3154 1735 3207 δὲ
1792 3153 1965 3214 ἄλλως
2004 3149 2254 3215 litasse,
2286 3147 2364 3216 τῷ
2389 3149 2489 3216 τῆς
2514 3147 2888 3219 προαιρέσεως
2924 3146 3172 3217 ταλάντῳ
3218 3146 3735 3219 ζυγοστατούμενος.

555 3242 644 3297 35.
688 3241 826 3297 Ecce
849 3243 1206 3311 praesentibus
1235 3243 1588 3299 adventitium
1613 3245 1742 3312 quid
1765 3246 1833 3300 de
1857 3259 2051 3299 recens

2223 3238 2317 3296 λε’.
2335 3240 2471 3311 Φέρε
2502 3241 2821 3309 προενέγκω
2836 3240 2951 3302 τοῖς
2974 3239 3208 3310 παροῦσι
3230 3242 3535 3312 συγκυρίαν
3550 3259 3627 3310 πρ
3637 3244 3704 3310 ἀγ

483 3336 640 3391 iactis
677 3333 844 3388 ali‘ero
876 3333 995 3387 aliis
1046 3333 1098 3386 in
1134 3335 1447 3388 memoriam
1483 3334 1660 3405 (multi
1699 3337 1842 3389 enim
1889 3349 2057 3388 nove-

484 3427 655 3496 runt),
683 3425 801 3481 aliis
832 3425 1027 3495 quibus
1050 3425 1293 3491 ignotum
1323 3433 1407 3481 est
1437 3434 1497 3479 ut
1534 3440 1650 3479 rem
1687 3441 1908 3480 novam.
1930 3425 2059 3481 Cel-

485 3521 587 3571 lam
631 3516 863 3572 divinam
889 3532 995 3571 uou
1031 3515 1093 3570 ad
1132 3516 1473 3585 splendorem
1506 3526 1748 3585 paratam
1790 3518 1914 3586 quia
1950 3532 2056 3572 non

483 3610 809 3663 venerabilis
843 3623 1013 3677 usque
1047 3611 1111 3660 ad
1149 3624 1367 3674 nomen,
1398 3610 1530 3665 lavit
1553 3611 1704 3665 sinus
1745 3613 1850 3666 iste
1875 3618 2062 3666 noster

484 3703 736 3771 quiante
783 3702 969 3756 oculos
1014 3712 1094 3757 est
1138 3717 1303 3770 prope
1346 3700 1582 3758 civitatis
1629 3718 1816 3757 muros
1866 3703 2061 3768 quibus

486 3812 646 3849 mane
680 3793 760 3850 soi
793 3792 1078 3852 illucescit.
1108 3793 1253 3849 Cella
1284 3795 1459 3850 virum
1505 3795 1793 3865 quemdam
1831 3794 2061 3849 nutrivit

482 3891 575 3958 qui
606 3895 844 3943 ascetam
875 3888 1187 3950 simulabat,
1219 3904 1325 3942 non
1355 3896 1463 3942 tam
1514 3888 1669 3958 nigro
1710 3888 1943 3942 vestium
1980 3901 2064 3942 0r-

492 3988 650 4034 natus
688 3994 854 4048 quam
902 3979 1003 4035 sub
1038 3980 1167 4047 ipsis
1206 3980 1536 4051 bypocrisim
1582 3990 1854 4039 retettens.
1907 3980 2063 4035 Hunc

491 4070 794 4139 stringebat
823 4070 1052 4134 ferrum,
1086 4079 1199 4125 tum
1246 4086 1407 4125 renes
1432 4072 1681 4141 cingens.
1720 4080 1834 4125 tttm
1867 4071 2062 4127 hume-

2160 3348 2331 3403 ματος
2383 3332 2798 3398 παραπεσόντος
2830 3329 3081 3400 ἔναγχος,
3128 3333 3241 3393 τοῖς
3275 3331 3375 3399 μὲν
3400 3332 3481 3394 είς
3513 3334 3735 3402 μνήμην

2160 3422 2377 3493 (πολλοὶ
2421 3422 2531 3490 γὰρ
2560 3420 2732 3474 οἴδασι
2753 3419 2794 3489 ),
2821 3420 2933 3484 τοῖς
2962 3421 3020 3473 δὲ
3064 3421 3147 3484 είς
3168 3420 3548 3487 διδασκαλίαν,
3584 3423 3734 3485 ὅσοις

2158 3514 2257 3565 οὐκ
2281 3513 2572 3580 ἔγνωσται.
2603 3513 3025 3582 Φροντιστήριον
3049 3511 3214 3578 θεῖον,
3245 3512 3345 3566 οὐκ
3374 3512 3456 3572 είς
3485 3513 3735 3585 λαμπρύ-

2158 3621 2297 3676 τητα
2320 3605 2744 3673 ἐσκευασμένον,
2775 3603 2859 3657 ὅτι
2892 3603 2967 3674 μὴ
2987 3602 3187 3673 σεμνὸν
3217 3605 3411 3673 μέχρις
3443 3603 3732 3674 ὀνόματος,

2159 3696 2330 3750 ὁκαο’
2356 3698 2505 3767 ἡμᾶς
2540 3695 2728 3760 κλύζει
2764 3679 2966 3759 κόλπος
2998 3688 3178 3758 οὗτος,
3214 3698 3243 3749 6
3270 3696 3378 3765 πρὸ
3402 3697 3734 3768 ιοφθαλμῶν.

2163 3787 2337 3858 βραχύ
2363 3803 2417 3840 τι
2451 3787 2557 3857 πρὸ
2582 3787 2690 3841 τῶν
2714 3786 2941 3856 τειχέων
2965 3788 3064 3855 τῆς
3087 3787 3320 3851 πόλεως,
3358 3783 3445 3850 οἷς
3472 3789 3736 3856 προσϐλέ-

2163 3897 2253 3933 πει
2285 3878 2592 3933 ἀναϐαίνων
2625 3878 2761 3946 ἑῷος
2785 3878 2958 3948 ἥλιος.
2987 3879 3160 3932 Τοῦτο
3191 3878 3252 3932 τὺ
3282 3881 3540 3949 σεμνεῖον
3567 3881 3738 3951 ἄνδρα

2161 3968 2285 4022 τι.νά
2314 3968 2561 4034 ἔϐοσκεν,
2591 3968 2651 4032 ὃς
2674 3969 2765 4022 τὸν
2795 3968 3048 4040 ἁσκητὴν
3068 3968 3439 4039 ἑμορφάζετο,
3464 3968 3564 4042 οὐχ
3591 3971 3736 4025 οὕτω

2163 4062 2536 4132 κοσμούμενος
2563 4061 2642 4131 τῷ
2665 4060 2775 4113 τῶν
2804 4061 3030 4130 ἁμερίων
3072 4060 3285 4130 μέλανι,
3322 4063 3450 4116 ’ὅσον
3476 4061 3740 4117 ἐπικαλύ-

490 4163 567 4217 ris
618 4162 949 4229 impositum,
988 4169 1101 4216 tum
1155 4162 1579 4217 ambidextrum.
1639 4161 1787 4217 Talis
1836 4170 1955 4216 erat
2009 4169 2055 4215 et

2166 4170 2316 4208 πτων
2344 4156 2402 4207 ὲν
2433 4154 2619 4216 αὐτοῖς
2650 4152 2973 4222 κρυπτικῶς
2991 4153 3092 4223 τὴν
3120 4153 3432 4224 ὑπόκρισιν.
3462 4155 3571 4208 Καὶ
3590 4154 3740 4224 σίδη-

490 4251 1003 4308 circumcursitabat
1054 4253 1256 4307 multos
1308 4252 1575 4307 seducens
1631 4251 1773 4307 ferro
1820 4252 2055 4308 criminis

2167 4260 2259 4316 ρος
2287 4244 2450 4297 αὐτὸν
2479 4242 2762 4313 ἔσφιγγεν.
2787 4243 2816 4295 6
2852 4245 2952 4311 μὲν
2972 4243 3074 4314 τὴν
3099 4244 3271 4312 ὀσφὺν
3307 4244 3586 4309 ζωννύων,
3622 4246 3654 4299 ὁ
3682 4244 3740 4297 δὲ

488 4342 735 4421 alicujus,
765 4354 822 4397 ut
872 4343 1087 4411 opinor,
1124 4342 1356 4396 divinam
1405 4342 1542 4396 hanc
1586 4357 1799 4412 pmnam
1831 4343 2063 4407 solvens,

489 4445 544 4485 et
574 4433 790 4489 debitor
835 4448 1103 4504 apparens
1134 4434 1256 4488 talis
1283 4434 1613 4488 vestimenti.
1665 4431 1888 4488 Occasio
1916 4449 2067 4502 qua:-

2166 4337 2600 4408 ὲπωμιζόμενος,
2658 4337 2687 4390 6
2741 4334 2800 4389 δὲ
2862 4335 3307 4405 ἀμφιμάσχαλος.
3359 4330 3471 4391 Ἦν
3528 4338 3740 4401 ἐκεῖνος

2165 4428 2428 4491 τοιοῦτος,
2461 4428 2556 4482 καὶ
2582 4427 2922 4497 περιενόστει
2965 4426 3328 4496 φρεναπατῶν
3350 4427 3480 4491 τοὺς
3504 4427 3741 4489 πολλοὺς

489 4528 614 4579 dam
648 4524 839 4579 aderat
867 4534 926 4580 et
968 4525 1181 4595 negotia
1211 4525 1356 4580 circa
1399 4523 1573 4594 ipsum
1608 4524 1804 4588 aliena,
1849 4534 1903 4579 et
1952 4525 2055 4578 btet

2170 4521 2534 4591 σιδηρόδετος,
2567 4519 2907 4588 κακουργίας
2931 4518 3078 4581 τινὸς
3108 4514 3264 4589 οἶμαι
3312 4520 3458 4575 κατά
3496 4537 3545 4573 τι
3593 4519 3743 4574 θεῖον

490 4618 675 4690 peragi
724 4617 1037 4688 oportebat;
1084 4626 1139 4672 et
1179 4631 1308 4672 ecce
1337 4617 1553 4671 mirum.
1597 4616 1839 4672 Solvitur
1867 4625 2055 4685 sponte

2166 4588 2324 4685 δίκην
2376 4613 2582 4684 ταύτην
2631 4604 2828 4677 διδοὺς,
2885 4615 2977 4665 καὶ
3031 4588 3399 4683 παραφαίνων
3449 4613 3743 4684 ὀφειλέτης

492 4726 519 4761 a
564 4707 759 4764 ferreis
808 4708 1016 4764 catenis
1053 4708 1251 4777 quibus
1292 4708 1642 4777 dignissimus
1680 4719 1817 4775 erat,
1867 4709 2055 4763 ferruu

2167 4702 2308 4760 εἶναι
2335 4705 2592 4774 τοιαύτης
2616 4703 2928 4772 περιϐολῆς.
2955 4701 3155 4773 Καιρὸς
3197 4703 3259 4772 δή
3289 4720 3393 4765 τις,
3435 4705 3531 4757 καὶ
3553 4705 3743 4772 πράγ-

490 4800 640 4854 lmmi
685 4800 920 4870 iacebat,
962 4799 1217 4881 iacebant
1245 4809 1296 4853 et
1331 4801 1509 4855 aliena
1537 4815 1701 4871 grave
1738 4801 1948 4868 pondus
1981 4815 2071 4853 as-

489 4900 623 4944 cctze
651 4890 891 4946 humeris
925 4888 1258 4961 impositum,
1313 4901 1371 4946 ut
1421 4893 1638 4958 opinor,
1690 4892 1744 4946 in
1799 4893 2066 4961 cauponis

2168 4814 2315 4867 ματα
2351 4796 2479 4869 περ).
2532 4795 2693 4849 αὐτὸν
2722 4794 2930 4858 ξενικὰ.
2967 4793 3062 4846 καὶ
3091 4792 3197 4845 ἔδει
3227 4793 3369 4847 αύτά
3404 4789 3697 4864 τηρεῖσθαι
3722 4807 3740 4823 ⁸

2164 4889 2260 4941 καὶ
2285 4887 2445 4951 εὐθὺς
2495 4886 2705 4956 θαῦμα.
2760 4886 2964 4938 Λύεται
3022 4884 3123 4954 μὲν
3160 4885 3270 4956 γὰρ
3301 4885 3614 4955 αὐτόματος
3645 4883 3745 4938 τοῦ

492 4978 771 5047 cujusdam
830 4981 1079 5045 taberna,
1133 4982 1229 5049 qui
1285 4981 1461 5038 lassos
1533 4981 1600 5036 ad
1645 4996 1705 5037 se
1757 4981 1952 5035 invitat
2003 4989 2055 5035 ul

2163 4979 2415 5050 σιδηρέον
2451 4980 2653 5047 δεσμοῦ
2689 4980 2719 5031 6
2747 4976 2961 5031 πολλῶν
2989 4978 3252 5032 τοιούτων
3288 4978 3546 5045 ἐπάξιος*
3584 4978 3690 5030 καὶ
3716 4977 3747 5027 δ

494 5081 888 5126 restaureutur.
921 5070 1410 5130 Commutationem
1455 5076 1597 5132 hanc
1628 5077 1868 5130 retinens
1895 5089 2051 5129 asce-

496 5171 563 5214 tae
612 5160 857 5215 exercitii
911 5170 965 5216 et
995 5161 1210 5220 virtutis
1261 5166 1774 5228 remunerationem,
1824 5165 2061 5219 maxime

497 5253 800 5321 hypocrisis
842 5255 945 5308 hoc
992 5255 1222 5324 pretium
1270 5258 1546 5324 accipiens
1597 5257 1782 5311 abibat
1816 5257 2060 5326 gaudens

496 5341 632 5410 ipse.
690 5343 958 5414 lacrymas
1009 5360 1136 5400 vero
1189 5347 1417 5414 depositi
1461 5347 1682 5401 domino
1734 5347 2060 5415 relinquens.

497 5433 715 5500 Quanto
745 5433 911 5506 igitur
934 5436 1126 5492 melius
1150 5437 1434 5506 magnitice
1470 5438 1657 5493 vestiri
1691 5437 1864 5500 illum,
1897 5435 2061 5507 pallio

496 5527 779 5598 splendido
825 5536 882 5582 et
938 5542 1129 5582 sanum
1180 5544 1323 5595 esse,
1350 5543 1511 5597 quam
1576 5530 1654 5583 sic
1696 5529 1839 5584 ferro
1871 5528 2055 5584 accin-

499 5630 643 5675 ctum
681 5619 820 5675 maia
850 5618 1059 5675 inﬁnita
1095 5621 1346 5690 Operaril
1380 5619 1446 5674 Et
1473 5635 1616 5676 nunc
1651 5622 1788 5691 apud
1828 5637 1925 5676 nos
1974 5636 2058 5675 as-

572 5777 648 5846 (l)
677 5776 768 5832 Sic
794 5785 981 5846 aperte
1010 5791 1110 5831 ms.
1142 5793 1158 5838 :
1189 5787 1407 5847 prastat
1438 5776 1713 5845 καμήλου.

2165 5070 2264 5140 μὲν
2291 5069 2507 5140 σίδηρος
2539 5067 2683 5122 κατά
2710 5068 2814 5137 γῆς
2842 5068 3041 5134 ἔκειτο,
3060 5067 3131 5121 τά
3167 5068 3222 5121 δὲ
3249 5069 3513 5136 ἀλλότρια
3536 5068 3746 5135 φόρτος

2153 5165 2266 5224 τοῖς
2286 5161 2609 5229 ἀσκητικοῖς
2637 5158 2812 5230 ὤμοις
2842 5160 3120 5228 ἐπέκειτο,
3152 5162 3210 5223 ἐς
3259 5161 3509 5230 καπήλου
3544 5159 3630 5228 (ί)
3663 5175 3749 5210 τι·

2155 5254 2244 5313 νὸς
2266 5249 2422 5322 οἳμαι
2451 5251 2513 5305 τὸ
2537 5251 2701 5324 ἄχθος
2733 5251 3281 5321 ἀποφορτισομένοις,
3318 5247 3750 5319 ὑποφωνοῦντος

2157 5345 2269 5407 τοῖς
2299 5341 2444 5398 οὕτω
2500 5343 2761 5408 κοπιῶσι,
2819 5345 2912 5398 καὶ
2965 5345 3424 5413 πεφορτισμένοις
3453 5339 3748 5411 ἔρχεσθαι,

2161 5438 2260 5490 καὶ
2285 5435 2664 5490 ἀναπαύεσθαι
2688 5436 2819 5506 παρ’
2849 5435 3020 5506 αὐτῷ.
3049 5437 3157 5489 Καὶ
3183 5432 3541 5504 ἀντάλλαγμα
3568 5430 3748 5485 τοῦτο

2163 5530 2309 5599 σχὼν
2330 5529 2538 5591 ἐκεῖνος
2570 5529 2857 5598 ἀσκήσεως
2884 5530 2980 5581 καὶ
3012 5525 3205 5596 μισθὸν
3233 5524 3461 5595 ἀρετῆς,
3495 5522 3751 5595 μάλιστα

2174 5622 2273 5691 μὶν
2321 5618 2414 5672 οὖν
2446 5618 2578 5673 ὥνια
2631 5619 2803 5673 ταῦτα
2863 5619 3085 5690 βαθείας
3136 5617 3317 5673 λαϐὼν
3370 5615 3751 5687 ὑποκρίσεως,
