  <div class='ocr_page' id='page_1' title='image "/cluster/home/n/w/nwhite01/storage/ocr_20150623/136/mdp.39015038093210/124.png"; bbox 0 0 3916 6244; ppageno 0'>
   <div class='ocr_carea' id='block_1_1' title="bbox 214 341 314 405">
    <p class='ocr_par' dir='ltr' id='par_1_1' title="bbox 214 341 314 405">
     <span class='ocr_line' id='line_1_1' title="bbox 214 341 314 405; baseline 0.01 -1"><span class='ocrx_word' id='word_1_1' title='bbox 214 341 314 405; x_wconf 72' lang='grc'>933</span> 
     </span>
    </p>
   </div>
   <div class='ocr_carea' id='block_1_2' title="bbox 1365 332 2312 402">
    <p class='ocr_par' dir='ltr' id='par_1_2' title="bbox 1365 332 2312 402">
     <span class='ocr_line' id='line_1_2' title="bbox 1365 332 2312 402; baseline 0.002 -13"><span class='ocrx_word' id='word_1_2' title='bbox 1365 335 1465 391; x_wconf 77' lang='lat' dir='ltr'>AD</span> <span class='ocrx_word' id='word_1_3' title='bbox 1501 332 1882 391; x_wconf 79' lang='lat' dir='ltr'><strong>STYLITAM</strong></span> <span class='ocrx_word' id='word_1_4' title='bbox 1915 332 2312 402; x_wconf 76' lang='lat' dir='ltr'>QUEMDAM.</span> 
     </span>
    </p>
   </div>
   <div class='ocr_carea' id='block_1_3' title="bbox 3359 331 3464 392">
    <p class='ocr_par' dir='ltr' id='par_1_3' title="bbox 3359 331 3464 392">
     <span class='ocr_line' id='line_1_3' title="bbox 3359 331 3464 392; baseline 0 0"><span class='ocrx_word' id='word_1_5' title='bbox 3359 331 3464 392; x_wconf 71' lang='grc'>234</span> 
     </span>
    </p>
   </div>
   <div class='ocr_carea' id='block_1_4' title="bbox 215 443 1786 524">
    <p class='ocr_par' dir='ltr' id='par_1_4' title="bbox 215 443 1786 524">
     <span class='ocr_line' id='line_1_4' title="bbox 215 443 1786 524; baseline -0.006 -20"><span class='ocrx_word' id='word_1_6' title='bbox 215 453 374 524; x_wconf 73' lang='grc' dir='ltr'>ᾤχετο</span> <span class='ocrx_word' id='word_1_7' title='bbox 404 447 572 510; x_wconf 72' lang='grc' dir='ltr'>αὐτὸς</span> <span class='ocrx_word' id='word_1_8' title='bbox 609 447 711 518; x_wconf 82' lang='grc' dir='ltr'>μὲν</span> <span class='ocrx_word' id='word_1_9' title='bbox 743 448 971 518; x_wconf 80' lang='grc' dir='ltr'>χαίρων,</span> <span class='ocrx_word' id='word_1_10' title='bbox 1028 443 1320 512; x_wconf 80' lang='grc' dir='ltr'>κλαύματα</span> <span class='ocrx_word' id='word_1_11' title='bbox 1353 445 1408 497; x_wconf 82' lang='grc' dir='ltr'>δὲ</span> <span class='ocrx_word' id='word_1_12' title='bbox 1441 445 1518 514; x_wconf 83' lang='grc' dir='ltr'>τῷ</span> <span class='ocrx_word' id='word_1_13' title='bbox 1551 448 1648 514; x_wconf 73' lang='grc' dir='ltr'>τῆς</span> <span class='ocrx_word' id='word_1_14' title='bbox 1681 461 1786 495; x_wconf 77' lang='grc' dir='ltr'>στα-</span> 
     </span>
    </p>
   </div>
   <div class='ocr_carea' id='block_1_5' title="bbox 1893 443 3460 524">
    <p class='ocr_par' dir='ltr' id='par_1_5' title="bbox 1897 445 3460 516">
     <span class='ocr_line' id='line_1_5' title="bbox 1897 445 3460 516; baseline -0.001 -19"><span class='ocrx_word' id='word_1_15' title='bbox 1897 455 2140 497; x_wconf 86' lang='lat' dir='ltr'><strong>servatur</strong></span> <span class='ocrx_word' id='word_1_16' title='bbox 2192 445 2394 496; x_wconf 86' lang='lat' dir='ltr'><strong>lerrum</strong></span> <span class='ocrx_word' id='word_1_17' title='bbox 2463 446 2646 508; x_wconf 85' lang='lat' dir='ltr'><strong>istud,</strong></span> <span class='ocrx_word' id='word_1_18' title='bbox 2701 446 2842 502; x_wconf 85' lang='lat' dir='ltr'>risus</span> <span class='ocrx_word' id='word_1_19' title='bbox 2902 447 3116 516; x_wconf 83' lang='lat' dir='ltr'>quidem</span> <span class='ocrx_word' id='word_1_20' title='bbox 3179 449 3460 498; x_wconf 90' lang='lat' dir='ltr'><strong>materiam</strong></span> 
     </span>
    </p>
   </div>
   <div class='ocr_carea' id='block_1_6' title="bbox 221 537 1790 615">
    <p class='ocr_par' dir='ltr' id='par_1_6' title="bbox 221 537 1790 615">
     <span class='ocr_line' id='line_1_6' title="bbox 221 537 1790 615; baseline -0.005 -19"><span class='ocrx_word' id='word_1_21' title='bbox 221 546 464 615; x_wconf 76' lang='grc' dir='ltr'>ραθήκης</span> <span class='ocrx_word' id='word_1_22' title='bbox 529 541 776 610; x_wconf 80' lang='grc' dir='ltr'>δεσπότῃ</span> <span class='ocrx_word' id='word_1_23' title='bbox 827 537 1164 591; x_wconf 85' lang='grc' dir='ltr'>καταλιπών.</span> <span class='ocrx_word' id='word_1_24' title='bbox 1223 538 1390 589; x_wconf 83' lang='grc' dir='ltr'>Πόσον</span> <span class='ocrx_word' id='word_1_25' title='bbox 1447 539 1510 606; x_wconf 72' lang='grc' dir='ltr'>δὴ</span> <span class='ocrx_word' id='word_1_26' title='bbox 1547 537 1790 601; x_wconf 75' lang='grc' dir='ltr'>κάλλιον,</span> 
     </span>
    </p>
   </div>
   <div class='ocr_carea' id='block_1_7' title="bbox 219 627 1793 704">
    <p class='ocr_par' dir='ltr' id='par_1_7' title="bbox 219 627 1793 704">
     <span class='ocr_line' id='line_1_7' title="bbox 219 627 1793 704; baseline -0.006 -18"><span class='ocrx_word' id='word_1_27' title='bbox 219 634 653 704; x_wconf 82' lang='grc' dir='ltr'>λαμπρειμονεῖν</span> <span class='ocrx_word' id='word_1_28' title='bbox 680 634 912 691; x_wconf 85' lang='grc' dir='ltr'>ἐκεῖνον,</span> <span class='ocrx_word' id='word_1_29' title='bbox 937 631 1034 681; x_wconf 43' lang='grc' dir='ltr'>’καὶ</span> <span class='ocrx_word' id='word_1_30' title='bbox 1071 629 1367 699; x_wconf 80' lang='grc' dir='ltr'>ἱματισμὸν</span> <span class='ocrx_word' id='word_1_31' title='bbox 1395 627 1575 695; x_wconf 79' lang='grc' dir='ltr'>εὐαφῆ</span> <span class='ocrx_word' id='word_1_32' title='bbox 1629 643 1793 694; x_wconf 88' lang='grc' dir='ltr'>περι-</span> 
     </span>
    </p>
   </div>
   <div class='ocr_carea' id='block_1_8' title="bbox 221 719 1791 793">
    <p class='ocr_par' dir='ltr' id='par_1_8' title="bbox 221 719 1791 793">
     <span class='ocr_line' id='line_1_8' title="bbox 221 719 1791 793; baseline -0.005 -13"><span class='ocrx_word' id='word_1_33' title='bbox 221 728 451 788; x_wconf 77' lang='grc' dir='ltr'>κεῖσθαι,</span> <span class='ocrx_word' id='word_1_34' title='bbox 481 726 578 778; x_wconf 73' lang='grc' dir='ltr'>καὶ</span> <span class='ocrx_word' id='word_1_35' title='bbox 612 725 938 793; x_wconf 77' lang='grc' dir='ltr'>σωφρονεῖν,</span> <span class='ocrx_word' id='word_1_36' title='bbox 970 723 1114 791; x_wconf 67' lang='grc' dir='ltr'>ἤπερ</span> <span class='ocrx_word' id='word_1_37' title='bbox 1147 720 1290 773; x_wconf 73' lang='grc' dir='ltr'>οὕτω</span> <span class='ocrx_word' id='word_1_38' title='bbox 1323 721 1527 790; x_wconf 80' lang='grc' dir='ltr'>σιδήρῳ</span> <span class='ocrx_word' id='word_1_39' title='bbox 1558 719 1791 789; x_wconf 81' lang='grc' dir='ltr'>βαρυνό-</span> 
     </span>
    </p>
   </div>
   <div class='ocr_carea' id='block_1_9' title="bbox 224 810 1794 888">
    <p class='ocr_par' dir='ltr' id='par_1_9' title="bbox 224 810 1794 888">
     <span class='ocr_line' id='line_1_9' title="bbox 224 810 1794 888; baseline -0.008 -17"><span class='ocrx_word' id='word_1_40' title='bbox 224 835 375 888; x_wconf 87' lang='grc' dir='ltr'>μενον</span> <span class='ocrx_word' id='word_1_41' title='bbox 401 817 582 886; x_wconf 81' lang='grc' dir='ltr'>μυρία</span> <span class='ocrx_word' id='word_1_42' title='bbox 617 819 762 868; x_wconf 77' lang='grc' dir='ltr'>κακὰ</span> <span class='ocrx_word' id='word_1_43' title='bbox 785 812 1198 882; x_wconf 74' lang='grc' dir='ltr'>ἐπαχθίζεσθαι.</span> <span class='ocrx_word' id='word_1_44' title='bbox 1227 812 1336 864; x_wconf 78' lang='grc' dir='ltr'>Καὶ</span> <span class='ocrx_word' id='word_1_45' title='bbox 1360 811 1456 864; x_wconf 78' lang='grc' dir='ltr'>νῦν</span> <span class='ocrx_word' id='word_1_46' title='bbox 1475 810 1794 878; x_wconf 88' lang='grc' dir='ltr'>κειμηλιοῦ-</span> 
     </span>
    </p>
   </div>
   <div class='ocr_carea' id='block_1_10' title="bbox 216 899 1792 977">
    <p class='ocr_par' dir='ltr' id='par_1_10' title="bbox 216 899 1792 977">
     <span class='ocr_line' id='line_1_10' title="bbox 216 899 1792 977; baseline -0.006 -17"><span class='ocrx_word' id='word_1_47' title='bbox 216 926 296 962; x_wconf 84' lang='grc' dir='ltr'>ται</span> <span class='ocrx_word' id='word_1_48' title='bbox 327 909 462 977; x_wconf 81' lang='grc' dir='ltr'>παρ’</span> <span class='ocrx_word' id='word_1_49' title='bbox 490 911 627 976; x_wconf 81' lang='grc' dir='ltr'>ἡμῖν</span> <span class='ocrx_word' id='word_1_50' title='bbox 659 909 872 967; x_wconf 84' lang='grc' dir='ltr'>ἐκεῖνος</span> <span class='ocrx_word' id='word_1_51' title='bbox 903 908 929 957; x_wconf 83' lang='grc' dir='ltr'>ό</span> <span class='ocrx_word' id='word_1_52' title='bbox 956 905 1196 972; x_wconf 85' lang='grc' dir='ltr'>σίδηρος,</span> <span class='ocrx_word' id='word_1_53' title='bbox 1225 902 1404 970; x_wconf 82' lang='grc' dir='ltr'>θέαμα</span> <span class='ocrx_word' id='word_1_54' title='bbox 1433 901 1630 970; x_wconf 80' lang='grc' dir='ltr'>σεμνὸν</span> <span class='ocrx_word' id='word_1_55' title='bbox 1669 899 1792 951; x_wconf 84' lang='grc' dir='ltr'>ἐσό-</span> 
     </span>
    </p>
   </div>
   <div class='ocr_carea' id='block_1_11' title="bbox 219 992 1782 1070">
    <p class='ocr_par' dir='ltr' id='par_1_11' title="bbox 219 992 1782 1070">
     <span class='ocr_line' id='line_1_11' title="bbox 219 992 1782 1070; baseline -0.004 -20"><span class='ocrx_word' id='word_1_56' title='bbox 219 1017 390 1070; x_wconf 84' lang='grc' dir='ltr'>μενος,</span> <span class='ocrx_word' id='word_1_57' title='bbox 424 1000 631 1070; x_wconf 84' lang='grc' dir='ltr'>μενοῦν</span> <span class='ocrx_word' id='word_1_58' title='bbox 669 1017 731 1066; x_wconf 70' lang='grc' dir='ltr'>γε</span> <span class='ocrx_word' id='word_1_59' title='bbox 755 997 1252 1068; x_wconf 70' lang='grc' dir='ltr'>χορηγίαογέλωτος</span> <span class='ocrx_word' id='word_1_60' title='bbox 1280 995 1380 1064; x_wconf 79' lang='grc' dir='ltr'>μὲν</span> <span class='ocrx_word' id='word_1_61' title='bbox 1397 995 1512 1055; x_wconf 67' lang='grc' dir='ltr'>τοίς</span> <span class='ocrx_word' id='word_1_62' title='bbox 1545 992 1782 1056; x_wconf 83' lang='grc' dir='ltr'>πολλοῖς,</span> 
     </span>
    </p>
   </div>
   <div class='ocr_carea' id='block_1_12' title="bbox 215 1083 1786 1159">
    <p class='ocr_par' dir='ltr' id='par_1_12' title="bbox 215 1083 1786 1159">
     <span class='ocr_line' id='line_1_12' title="bbox 215 1083 1786 1159; baseline -0.005 -17"><span class='ocrx_word' id='word_1_63' title='bbox 215 1090 548 1159; x_wconf 70' lang='grc' dir='ltr'>ἐπιστροφῆς</span> <span class='ocrx_word' id='word_1_64' title='bbox 578 1090 637 1141; x_wconf 79' lang='grc' dir='ltr'>δὲ</span> <span class='ocrx_word' id='word_1_65' title='bbox 670 1093 782 1150; x_wconf 90' lang='grc' dir='ltr'>τοῖς</span> <span class='ocrx_word' id='word_1_66' title='bbox 816 1088 1065 1155; x_wconf 83' lang='grc' dir='ltr'>ἀγαθοῖς.</span> <span class='ocrx_word' id='word_1_67' title='bbox 1104 1085 1366 1138; x_wconf 81' lang='grc' dir='ltr'>Κείσεται</span> <span class='ocrx_word' id='word_1_68' title='bbox 1407 1085 1516 1153; x_wconf 81' lang='grc' dir='ltr'>γὰρ</span> <span class='ocrx_word' id='word_1_69' title='bbox 1553 1083 1786 1152; x_wconf 80' lang='grc' dir='ltr'>ὐποκρι-</span> 
     </span>
    </p>
   </div>
   <div class='ocr_carea' id='block_1_13' title="bbox 216 1174 1785 1249">
    <p class='ocr_par' dir='ltr' id='par_1_13' title="bbox 216 1174 1785 1249">
     <span class='ocr_line' id='line_1_13' title="bbox 216 1174 1785 1249; baseline -0.004 -17"><span class='ocrx_word' id='word_1_70' title='bbox 216 1197 340 1242; x_wconf 85' lang='grc' dir='ltr'>σεως</span> <span class='ocrx_word' id='word_1_71' title='bbox 394 1179 696 1249; x_wconf 80' lang='grc' dir='ltr'>θρίαμϐος,</span> <span class='ocrx_word' id='word_1_72' title='bbox 735 1180 979 1247; x_wconf 75' lang='grc' dir='ltr'>ἐλέγχων</span> <span class='ocrx_word' id='word_1_73' title='bbox 1040 1176 1244 1246; x_wconf 76' lang='grc' dir='ltr'>ἀρετὴν</span> <span class='ocrx_word' id='word_1_74' title='bbox 1289 1174 1785 1244; x_wconf 77' lang='grc' dir='ltr'>ψευδεπίπλαστον,</span> 
     </span>
    </p>
   </div>
   <div class='ocr_carea' id='block_1_14' title="bbox 214 1264 1785 1341">
    <p class='ocr_par' dir='ltr' id='par_1_14' title="bbox 214 1264 1785 1341">
     <span class='ocr_line' id='line_1_14' title="bbox 214 1264 1785 1341; baseline -0.004 -18"><span class='ocrx_word' id='word_1_75' title='bbox 214 1273 298 1323; x_wconf 77' lang='grc' dir='ltr'>καὶ</span> <span class='ocrx_word' id='word_1_76' title='bbox 351 1271 872 1341; x_wconf 80' lang='grc' dir='ltr'>παραδειγματίζων</span> <span class='ocrx_word' id='word_1_77' title='bbox 930 1271 1024 1322; x_wconf 86' lang='grc' dir='ltr'>τὸν</span> <span class='ocrx_word' id='word_1_78' title='bbox 1082 1272 1182 1322; x_wconf 81' lang='grc' dir='ltr'>οὐκ</span> <span class='ocrx_word' id='word_1_79' title='bbox 1245 1267 1472 1335; x_wconf 86' lang='grc' dir='ltr'>ἀγαθὸν,</span> <span class='ocrx_word' id='word_1_80' title='bbox 1509 1265 1650 1336; x_wconf 82' lang='grc' dir='ltr'>τάχα</span> <span class='ocrx_word' id='word_1_81' title='bbox 1675 1264 1785 1317; x_wconf 74' lang='grc' dir='ltr'>οὐδ’</span> 
     </span>
    </p>
   </div>
   <div class='ocr_carea' id='block_1_15' title="bbox 214 1357 1785 1434">
    <p class='ocr_par' dir='ltr' id='par_1_15' title="bbox 214 1357 1785 1434">
     <span class='ocr_line' id='line_1_15' title="bbox 214 1357 1785 1434; baseline 0.001 -19"><span class='ocrx_word' id='word_1_82' title='bbox 214 1362 538 1434; x_wconf 75' lang='grc' dir='ltr'>ἀπορριφεὶς</span> <span class='ocrx_word' id='word_1_83' title='bbox 590 1363 696 1414; x_wconf 77' lang='grc' dir='ltr'>ὑπὸ</span> <span class='ocrx_word' id='word_1_84' title='bbox 746 1363 838 1416; x_wconf 79' lang='grc' dir='ltr'>τοῦ</span> <span class='ocrx_word' id='word_1_85' title='bbox 869 1363 1077 1433; x_wconf 77' lang='grc' dir='ltr'>φαύλου</span> <span class='ocrx_word' id='word_1_86' title='bbox 1101 1362 1392 1432; x_wconf 77' lang='grc' dir='ltr'>ζωγράφου</span> <span class='ocrx_word' id='word_1_87' title='bbox 1421 1359 1522 1427; x_wconf 72' lang='grc' dir='ltr'>τῆς</span> <span class='ocrx_word' id='word_1_88' title='bbox 1559 1357 1785 1428; x_wconf 66' lang='grc' dir='ltr'>ἀρετῆς,</span> 
     </span>
    </p>
   </div>
   <div class='ocr_carea' id='block_1_16' title="bbox 1890 539 3464 605">
    <p class='ocr_par' dir='ltr' id='par_1_16' title="bbox 1890 539 3464 605">
     <span class='ocr_line' id='line_1_16' title="bbox 1890 539 3464 605; baseline 0.003 -17"><span class='ocrx_word' id='word_1_89' title='bbox 1890 539 2072 590; x_wconf 82' lang='lat' dir='ltr'><strong>multis</strong></span> <span class='ocrx_word' id='word_1_90' title='bbox 2104 539 2474 605; x_wconf 76' lang='lat' dir='ltr'>suppeditans,</span> <span class='ocrx_word' id='word_1_91' title='bbox 2498 554 2886 592; x_wconf 69' lang='lat' dir='ltr'>conversurum</span> <span class='ocrx_word' id='word_1_92' title='bbox 2925 557 3052 594; x_wconf 85' lang='lat' dir='ltr'><strong>vero</strong></span> <span class='ocrx_word' id='word_1_93' title='bbox 3087 542 3272 595; x_wconf 89' lang='lat' dir='ltr'><strong>bonos.</strong></span> <span class='ocrx_word' id='word_1_94' title='bbox 3308 541 3464 594; x_wconf 83' lang='lat' dir='ltr'><strong>Jacc-</strong></span> 
     </span>
    </p>
   </div>
   <div class='ocr_carea' id='block_1_17' title="bbox 1889 630 3462 700">
    <p class='ocr_par' dir='ltr' id='par_1_17' title="bbox 1889 630 3462 700">
     <span class='ocr_line' id='line_1_17' title="bbox 1889 630 3462 700; baseline 0.005 -18"><span class='ocrx_word' id='word_1_95' title='bbox 1889 631 1966 682; x_wconf 89' lang='lat' dir='ltr'>bit</span> <span class='ocrx_word' id='word_1_96' title='bbox 1998 630 2138 682; x_wconf 91' lang='lat' dir='ltr'><strong>enim</strong></span> <span class='ocrx_word' id='word_1_97' title='bbox 2174 630 2471 696; x_wconf 83' lang='lat' dir='ltr'>hypocrisis</span> <span class='ocrx_word' id='word_1_98' title='bbox 2501 633 2828 700; x_wconf 88' lang='lat' dir='ltr'><strong>triumphus,</strong></span> <span class='ocrx_word' id='word_1_99' title='bbox 2877 637 3132 689; x_wconf 82' lang='lat' dir='ltr'><strong>virtutem</strong></span> <span class='ocrx_word' id='word_1_100' title='bbox 3157 637 3462 691; x_wconf 86' lang='lat' dir='ltr'><strong>simulatam</strong></span> 
     </span>
    </p>
   </div>
   <div class='ocr_carea' id='block_1_18' title="bbox 1887 723 3461 797">
    <p class='ocr_par' dir='ltr' id='par_1_18' title="bbox 1887 723 3461 797">
     <span class='ocr_line' id='line_1_18' title="bbox 1887 723 3461 797; baseline 0.006 -28"><span class='ocrx_word' id='word_1_101' title='bbox 1887 737 2141 787; x_wconf 79' lang='lat' dir='ltr'><strong>arguens,</strong></span> <span class='ocrx_word' id='word_1_102' title='bbox 2178 737 2410 789; x_wconf 84' lang='lat' dir='ltr'><strong>euntque</strong></span> <span class='ocrx_word' id='word_1_103' title='bbox 2440 723 2532 790; x_wconf 87' lang='lat' dir='ltr'>qui</span> <span class='ocrx_word' id='word_1_104' title='bbox 2565 739 2666 774; x_wconf 93' lang='lat' dir='ltr'>non</span> <span class='ocrx_word' id='word_1_105' title='bbox 2697 735 2780 777; x_wconf 91' lang='lat' dir='ltr'>est</span> <span class='ocrx_word' id='word_1_106' title='bbox 2827 725 3000 778; x_wconf 80' lang='lat' dir='ltr'><strong>bonus</strong></span> <span class='ocrx_word' id='word_1_107' title='bbox 3029 729 3310 797; x_wconf 77' lang='lat' dir='ltr'><strong>detegens,</strong></span> <span class='ocrx_word' id='word_1_108' title='bbox 3357 745 3461 779; x_wconf 86' lang='lat' dir='ltr'>non</span> 
     </span>
    </p>
   </div>
   <div class='ocr_carea' id='block_1_19' title="bbox 1895 813 3463 880">
    <p class='ocr_par' dir='ltr' id='par_1_19' title="bbox 1895 813 3463 880">
     <span class='ocr_line' id='line_1_19' title="bbox 1895 813 3463 880; baseline 0.006 -17"><span class='ocrx_word' id='word_1_109' title='bbox 1895 813 2158 879; x_wconf 83' lang='lat' dir='ltr'><strong>spoliatus</strong></span> <span class='ocrx_word' id='word_1_110' title='bbox 2192 828 2219 864; x_wconf 90' lang='lat' dir='ltr'>a</span> <span class='ocrx_word' id='word_1_111' title='bbox 2251 813 2341 866; x_wconf 79' lang='lat' dir='ltr'><strong>vili</strong></span> <span class='ocrx_word' id='word_1_112' title='bbox 2379 815 2594 865; x_wconf 77' lang='lat' dir='ltr'><strong>virtutis</strong></span> <span class='ocrx_word' id='word_1_113' title='bbox 2623 816 2859 880; x_wconf 81' lang='lat' dir='ltr'><strong>ﬁctione,</strong></span> <span class='ocrx_word' id='word_1_114' title='bbox 2892 823 2982 871; x_wconf 89' lang='lat' dir='ltr'>sed</span> <span class='ocrx_word' id='word_1_115' title='bbox 3016 820 3186 872; x_wconf 76' lang='lat' dir='ltr'><strong>virum</strong></span> <span class='ocrx_word' id='word_1_116' title='bbox 3236 822 3463 876; x_wconf 87' lang='lat' dir='ltr'><strong>insidia-</strong></span> 
     </span>
    </p>
   </div>
   <div class='ocr_carea' id='block_1_20' title="bbox 1889 902 3460 982">
    <p class='ocr_par' dir='ltr' id='par_1_20' title="bbox 1889 902 3460 982">
     <span class='ocr_line' id='line_1_20' title="bbox 1889 902 3460 982; baseline 0.009 -28"><span class='ocrx_word' id='word_1_117' title='bbox 1889 914 2057 955; x_wconf 84' lang='lat' dir='ltr'><strong>torem</strong></span> <span class='ocrx_word' id='word_1_118' title='bbox 2121 902 2332 956; x_wconf 81' lang='lat' dir='ltr'><strong>evitans</strong></span> <span class='ocrx_word' id='word_1_119' title='bbox 2369 920 2432 954; x_wconf 86' lang='lat' dir='ltr'>ne</span> <span class='ocrx_word' id='word_1_120' title='bbox 2470 903 2676 956; x_wconf 83' lang='lat' dir='ltr'><strong>inutilis</strong></span> <span class='ocrx_word' id='word_1_121' title='bbox 2715 905 2826 959; x_wconf 87' lang='lat' dir='ltr'><strong>tiat.</strong></span> <span class='ocrx_word' id='word_1_122' title='bbox 2880 907 3124 976; x_wconf 67' lang='lat' dir='ltr'><strong>Sigillum</strong></span> <span class='ocrx_word' id='word_1_123' title='bbox 3167 924 3246 965; x_wconf 82' lang='lat' dir='ltr'>est</span> <span class='ocrx_word' id='word_1_124' title='bbox 3279 917 3460 982; x_wconf 73' lang='lat' dir='ltr'><strong>probas</strong></span> 
     </span>
    </p>
   </div>
   <div class='ocr_carea' id='block_1_21' title="bbox 1885 991 3463 1059">
    <p class='ocr_par' dir='ltr' id='par_1_21' title="bbox 1885 991 3463 1059">
     <span class='ocr_line' id='line_1_21' title="bbox 1885 991 3463 1059; baseline 0.011 -19"><span class='ocrx_word' id='word_1_125' title='bbox 1885 991 2178 1056; x_wconf 84' lang='lat' dir='ltr'><strong>asperioris</strong></span> <span class='ocrx_word' id='word_1_126' title='bbox 2209 991 2330 1042; x_wconf 66' lang='lat' dir='ltr'><strong>vitae</strong></span> <span class='ocrx_word' id='word_1_127' title='bbox 2379 991 2680 1059; x_wconf 86' lang='lat' dir='ltr'><strong>symbolum</strong></span> <span class='ocrx_word' id='word_1_128' title='bbox 2733 1009 2967 1049; x_wconf 86' lang='lat' dir='ltr'><strong>mercem</strong></span> <span class='ocrx_word' id='word_1_129' title='bbox 3006 1000 3321 1056; x_wconf 84' lang='lat' dir='ltr'><strong>adulterans</strong></span> <span class='ocrx_word' id='word_1_130' title='bbox 3355 1005 3463 1056; x_wconf 76' lang='lat' dir='ltr'><strong>rir-</strong></span> 
     </span>
    </p>
   </div>
   <div class='ocr_carea' id='block_1_22' title="bbox 1887 1081 3464 1149">
    <p class='ocr_par' dir='ltr' id='par_1_22' title="bbox 1887 1081 3464 1149">
     <span class='ocr_line' id='line_1_22' title="bbox 1887 1081 3464 1149; baseline 0.011 -18"><span class='ocrx_word' id='word_1_131' title='bbox 1887 1081 2017 1134; x_wconf 88' lang='lat' dir='ltr'><strong>tntis</strong></span> <span class='ocrx_word' id='word_1_132' title='bbox 2065 1082 2274 1134; x_wconf 77' lang='lat' dir='ltr'><strong>beatam</strong></span> <span class='ocrx_word' id='word_1_133' title='bbox 2325 1096 2526 1135; x_wconf 85' lang='lat' dir='ltr'><strong>sortem</strong></span> <span class='ocrx_word' id='word_1_134' title='bbox 2565 1084 2616 1136; x_wconf 93' lang='lat' dir='ltr'>in</span> <span class='ocrx_word' id='word_1_135' title='bbox 2653 1085 2870 1139; x_wconf 78' lang='lat' dir='ltr'><strong>homine</strong></span> <span class='ocrx_word' id='word_1_136' title='bbox 2909 1088 3097 1143; x_wconf 87' lang='lat' dir='ltr'><strong>doloso</strong></span> <span class='ocrx_word' id='word_1_137' title='bbox 3141 1102 3196 1145; x_wconf 91' lang='lat' dir='ltr'>et</span> <span class='ocrx_word' id='word_1_138' title='bbox 3241 1095 3464 1149; x_wconf 70' lang='lat' dir='ltr'><strong>malitiae</strong></span> 
     </span>
    </p>
   </div>
   <div class='ocr_carea' id='block_1_23' title="bbox 1886 1173 3462 1254">
    <p class='ocr_par' dir='ltr' id='par_1_23' title="bbox 1886 1173 3462 1254">
     <span class='ocr_line' id='line_1_23' title="bbox 1886 1173 3462 1254; baseline 0.013 -33"><span class='ocrx_word' id='word_1_139' title='bbox 1886 1173 2252 1241; x_wconf 87' lang='lat' dir='ltr'><strong>prostituens;</strong></span> <span class='ocrx_word' id='word_1_140' title='bbox 2291 1173 2490 1228; x_wconf 85' lang='lat' dir='ltr'><strong>inuitos</strong></span> <span class='ocrx_word' id='word_1_141' title='bbox 2531 1177 2584 1228; x_wconf 91' lang='lat' dir='ltr'>in</span> <span class='ocrx_word' id='word_1_142' title='bbox 2619 1177 2787 1244; x_wconf 83' lang='lat' dir='ltr'><strong>ipsam</strong></span> <span class='ocrx_word' id='word_1_143' title='bbox 2832 1178 3054 1234; x_wconf 83' lang='lat' dir='ltr'><strong>lenones</strong></span> <span class='ocrx_word' id='word_1_144' title='bbox 3084 1184 3462 1254; x_wconf 66' lang='lat' dir='ltr'><strong>adducitprar-</strong></span> 
     </span>
    </p>
   </div>
   <div class='ocr_carea' id='block_1_24' title="bbox 1887 1263 3463 1341">
    <p class='ocr_par' dir='ltr' id='par_1_24' title="bbox 1887 1263 3463 1341">
     <span class='ocr_line' id='line_1_24' title="bbox 1887 1263 3463 1341; baseline 0.01 -25"><span class='ocrx_word' id='word_1_145' title='bbox 1887 1263 2077 1316; x_wconf 84' lang='lat' dir='ltr'><strong>sertim</strong></span> <span class='ocrx_word' id='word_1_146' title='bbox 2109 1263 2394 1319; x_wconf 84' lang='lat' dir='ltr'><strong>desideriis</strong></span> <span class='ocrx_word' id='word_1_147' title='bbox 2438 1266 2604 1319; x_wconf 89' lang='lat' dir='ltr'><strong>honos</strong></span> <span class='ocrx_word' id='word_1_148' title='bbox 2645 1270 2932 1323; x_wconf 80' lang='lat' dir='ltr'><strong>desideriis</strong></span> <span class='ocrx_word' id='word_1_149' title='bbox 2958 1272 3273 1341; x_wconf 76' lang='lat' dir='ltr'><strong>subjttgatos</strong></span> <span class='ocrx_word' id='word_1_150' title='bbox 3298 1286 3353 1328; x_wconf 87' lang='lat' dir='ltr'>et</span> <span class='ocrx_word' id='word_1_151' title='bbox 3385 1279 3463 1332; x_wconf 81' lang='lat' dir='ltr'>vi-</span> 
     </span>
    </p>
   </div>
   <div class='ocr_carea' id='block_1_25' title="bbox 1886 1352 2684 1423">
    <p class='ocr_par' dir='ltr' id='par_1_25' title="bbox 1886 1352 2684 1423">
     <span class='ocr_line' id='line_1_25' title="bbox 1886 1352 2684 1423; baseline 0.005 -17"><span class='ocrx_word' id='word_1_152' title='bbox 1886 1352 2056 1407; x_wconf 84' lang='lat' dir='ltr'><strong>litatis</strong></span> <span class='ocrx_word' id='word_1_153' title='bbox 2089 1357 2406 1423; x_wconf 83' lang='lat' dir='ltr'><strong>apparentia</strong></span> <span class='ocrx_word' id='word_1_154' title='bbox 2450 1357 2684 1412; x_wconf 88' lang='lat' dir='ltr'><strong>delnsos.</strong></span> 
     </span>
    </p>
   </div>
   <div class='ocr_carea' id='block_1_26' title="bbox 213 1451 3461 1534">
    <p class='ocr_par' dir='ltr' id='par_1_26' title="bbox 213 1451 3461 1534">
     <span class='ocr_line' id='line_1_26' title="bbox 213 1451 3461 1534; baseline 0.001 -22"><span class='ocrx_word' id='word_1_155' title='bbox 213 1459 316 1512; x_wconf 82' lang='grc' dir='ltr'>ἀλλ’</span> <span class='ocrx_word' id='word_1_156' title='bbox 343 1460 514 1522; x_wconf 79' lang='grc' dir='ltr'>αὐτὸς</span> <span class='ocrx_word' id='word_1_157' title='bbox 539 1458 853 1528; x_wconf 82' lang='grc' dir='ltr'>διεκφυγὼν</span> <span class='ocrx_word' id='word_1_158' title='bbox 885 1460 1053 1528; x_wconf 77' lang='grc' dir='ltr'>ἄνδρα</span> <span class='ocrx_word' id='word_1_159' title='bbox 1089 1457 1397 1520; x_wconf 89' lang='grc' dir='ltr'>ἐπίϐουλον,</span> <span class='ocrx_word' id='word_1_160' title='bbox 1434 1456 1518 1509; x_wconf 84' lang='grc' dir='ltr'>ἵνα</span> <span class='ocrx_word' id='word_1_161' title='bbox 1555 1455 1629 1524; x_wconf 78' lang='grc' dir='ltr'>μὴ</span> <span class='ocrx_word' id='word_1_162' title='bbox 1679 1453 1776 1505; x_wconf 78' lang='grc' dir='ltr'>καὶ</span> <span class='ocrx_word' id='word_1_163' title='bbox 1814 1451 2093 1520; x_wconf 85' lang='grc' dir='ltr'>ἀχρειοῖτο</span> <span class='ocrx_word' id='word_1_164' title='bbox 2118 1466 2133 1480; x_wconf 77' lang='grc' dir='ltr'>ο</span> <span class='ocrx_word' id='word_1_165' title='bbox 2179 1452 2494 1523; x_wconf 78' lang='grc' dir='ltr'>σήμαντρον</span> <span class='ocrx_word' id='word_1_166' title='bbox 2565 1455 2665 1524; x_wconf 76' lang='grc' dir='ltr'>μὲν</span> <span class='ocrx_word' id='word_1_167' title='bbox 2715 1457 2790 1509; x_wconf 85' lang='grc' dir='ltr'>ῶν</span> <span class='ocrx_word' id='word_1_168' title='bbox 2836 1461 3087 1531; x_wconf 77' lang='grc' dir='ltr'>ἐναρέτου</span> <span class='ocrx_word' id='word_1_169' title='bbox 3130 1463 3297 1534; x_wconf 77' lang='grc' dir='ltr'>ζωῆς,</span> <span class='ocrx_word' id='word_1_170' title='bbox 3366 1471 3461 1522; x_wconf 74' lang='grc' dir='ltr'>καὶ</span> 
     </span>
    </p>
   </div>
   <div class='ocr_carea' id='block_1_27' title="bbox 209 1543 3462 1627">
    <p class='ocr_par' dir='ltr' id='par_1_27' title="bbox 209 1543 3462 1627">
     <span class='ocr_line' id='line_1_27' title="bbox 209 1543 3462 1627; baseline 0.004 -24"><span class='ocrx_word' id='word_1_171' title='bbox 209 1554 541 1621; x_wconf 79' lang='grc' dir='ltr'>τραχυτέρου</span> <span class='ocrx_word' id='word_1_172' title='bbox 563 1551 682 1621; x_wconf 80' lang='grc' dir='ltr'>βίου</span> <span class='ocrx_word' id='word_1_173' title='bbox 705 1551 996 1620; x_wconf 86' lang='grc' dir='ltr'>σύμϐολον,</span> <span class='ocrx_word' id='word_1_174' title='bbox 1021 1549 1354 1618; x_wconf 85' lang='grc' dir='ltr'>καπηλεύων</span> <span class='ocrx_word' id='word_1_175' title='bbox 1415 1547 1473 1601; x_wconf 75' lang='grc' dir='ltr'>δὲ</span> <span class='ocrx_word' id='word_1_176' title='bbox 1531 1547 1629 1614; x_wconf 80' lang='grc' dir='ltr'>τῆς</span> <span class='ocrx_word' id='word_1_177' title='bbox 1655 1545 1856 1614; x_wconf 82' lang='grc' dir='ltr'>ἀρετῆς</span> <span class='ocrx_word' id='word_1_178' title='bbox 1893 1543 1952 1596; x_wconf 82' lang='grc' dir='ltr'>τδ</span> <span class='ocrx_word' id='word_1_179' title='bbox 1991 1543 2266 1612; x_wconf 84' lang='grc' dir='ltr'>μακάριον</span> <span class='ocrx_word' id='word_1_180' title='bbox 2300 1546 2359 1597; x_wconf 80' lang='grc' dir='ltr'>ὲν</span> <span class='ocrx_word' id='word_1_181' title='bbox 2385 1546 2544 1616; x_wconf 78' lang='grc' dir='ltr'>ἀνδρὶ</span> <span class='ocrx_word' id='word_1_182' title='bbox 2600 1548 2858 1620; x_wconf 83' lang='grc' dir='ltr'>κιϐδήλῳ,</span> <span class='ocrx_word' id='word_1_183' title='bbox 2923 1554 3018 1606; x_wconf 76' lang='grc' dir='ltr'>καὶ</span> <span class='ocrx_word' id='word_1_184' title='bbox 3066 1562 3462 1627; x_wconf 75' lang='grc' dir='ltr'>μαστροπεύων</span> 
     </span>
    </p>
   </div>
   <div class='ocr_carea' id='block_1_28' title="bbox 210 1635 3464 1726">
    <p class='ocr_par' dir='ltr' id='par_1_28' title="bbox 210 1635 3464 1726">
     <span class='ocr_line' id='line_1_28' title="bbox 210 1635 3464 1726; baseline 0.003 -31"><span class='ocrx_word' id='word_1_185' title='bbox 210 1641 305 1695; x_wconf 82' lang='grc' dir='ltr'>οἷον</span> <span class='ocrx_word' id='word_1_186' title='bbox 357 1645 426 1712; x_wconf 83' lang='grc' dir='ltr'>τῇ</span> <span class='ocrx_word' id='word_1_187' title='bbox 460 1643 655 1714; x_wconf 73' lang='grc' dir='ltr'>κακίᾳ,</span> <span class='ocrx_word' id='word_1_188' title='bbox 700 1635 806 1696; x_wconf 73' lang='grc' dir='ltr'>’καὶ</span> <span class='ocrx_word' id='word_1_189' title='bbox 840 1643 1070 1705; x_wconf 81' lang='grc' dir='ltr'>πολλοὺς</span> <span class='ocrx_word' id='word_1_190' title='bbox 1118 1644 1199 1704; x_wconf 75' lang='grc' dir='ltr'>εἰς</span> <span class='ocrx_word' id='word_1_191' title='bbox 1232 1641 1404 1709; x_wconf 68' lang='grc' dir='ltr'>αὐτὴν</span> <span class='ocrx_word' id='word_1_192' title='bbox 1440 1639 1781 1708; x_wconf 82' lang='grc' dir='ltr'>ἐπαγόμενος</span> <span class='ocrx_word' id='word_1_193' title='bbox 1821 1636 2062 1704; x_wconf 79' lang='grc' dir='ltr'>φαύλους</span> <span class='ocrx_word' id='word_1_194' title='bbox 2089 1637 2349 1703; x_wconf 73' lang='grc' dir='ltr'>ἐραστὰς,</span> <span class='ocrx_word' id='word_1_195' title='bbox 2380 1639 2582 1726; x_wconf 82' lang='grc' dir='ltr'>μᾶλλον</span> <span class='ocrx_word' id='word_1_196' title='bbox 2617 1644 2716 1710; x_wconf 83' lang='grc' dir='ltr'>μὲν</span> <span class='ocrx_word' id='word_1_197' title='bbox 2743 1642 2836 1695; x_wconf 80' lang='grc' dir='ltr'>οὖν</span> <span class='ocrx_word' id='word_1_198' title='bbox 2891 1646 3127 1713; x_wconf 74' lang='grc' dir='ltr'>ἀγαθοὺς</span> <span class='ocrx_word' id='word_1_199' title='bbox 3192 1651 3464 1721; x_wconf 74' lang='grc' dir='ltr'>ζηλωτὰς,</span> 
     </span>
    </p>
   </div>
   <div class='ocr_carea' id='block_1_29' title="bbox 209 1727 2866 1805">
    <p class='ocr_par' dir='ltr' id='par_1_29' title="bbox 209 1727 2866 1805">
     <span class='ocr_line' id='line_1_29' title="bbox 209 1727 2866 1805; baseline -0 -15"><span class='ocrx_word' id='word_1_200' title='bbox 209 1737 596 1804; x_wconf 70' lang='grc' dir='ltr'>δουλουμένους</span> <span class='ocrx_word' id='word_1_201' title='bbox 651 1735 750 1805; x_wconf 81' lang='grc' dir='ltr'>τὴν</span> <span class='ocrx_word' id='word_1_202' title='bbox 798 1727 1094 1804; x_wconf 75' lang='grc' dir='ltr'>ἐπιθυμίαν</span> <span class='ocrx_word' id='word_1_203' title='bbox 1118 1775 1135 1800; x_wconf 94' lang='grc'>,</span> <span class='ocrx_word' id='word_1_204' title='bbox 1195 1735 1288 1787; x_wconf 83' lang='grc' dir='ltr'>καὶ</span> <span class='ocrx_word' id='word_1_205' title='bbox 1323 1730 1786 1800; x_wconf 76' lang='grc' dir='ltr'>φενακιζομένους</span> <span class='ocrx_word' id='word_1_206' title='bbox 1824 1730 1901 1799; x_wconf 81' lang='grc' dir='ltr'>τῷ</span> <span class='ocrx_word' id='word_1_207' title='bbox 1926 1731 2354 1799; x_wconf 78' lang='grc' dir='ltr'>προφαινομένῳ</span> <span class='ocrx_word' id='word_1_208' title='bbox 2381 1732 2478 1800; x_wconf 84' lang='grc' dir='ltr'>τῆς</span> <span class='ocrx_word' id='word_1_209' title='bbox 2508 1733 2866 1804; x_wconf 84' lang='grc' dir='ltr'>φαυλότητος.</span> 
     </span>
    </p>
   </div>
   <div class='ocr_carea' id='block_1_30' title="bbox 268 1797 1786 1900">
    <p class='ocr_par' dir='ltr' id='par_1_30' title="bbox 268 1797 1773 1896">
     <span class='ocr_line' id='line_1_30' title="bbox 268 1797 1773 1896; baseline -0.007 -15"><span class='ocrx_word' id='word_1_210' title='bbox 268 1829 354 1893; x_wconf 85' lang='grc' dir='ltr'>λς’</span> <span class='ocrx_word' id='word_1_211' title='bbox 364 1797 621 1896; x_wconf 43' lang='grc' dir='ltr'>..Μηδεὶς</span> <span class='ocrx_word' id='word_1_212' title='bbox 645 1797 1018 1894; x_wconf 51' lang='grc' dir='ltr'>εἴηδτοιοῦτος,</span> <span class='ocrx_word' id='word_1_213' title='bbox 1047 1797 1236 1896; x_wconf 79' lang='grc' dir='ltr'>μηδεὶς</span> <span class='ocrx_word' id='word_1_214' title='bbox 1255 1797 1399 1878; x_wconf 74' lang='grc' dir='ltr'>οὕτω</span> <span class='ocrx_word' id='word_1_215' title='bbox 1429 1797 1773 1894; x_wconf 79' lang='grc' dir='ltr'>βαρυνέσθω·</span> 
     </span>
    </p>
   </div>
   <div class='ocr_carea' id='block_1_31' title="bbox 1893 1797 3464 1900">
    <p class='ocr_par' dir='ltr' id='par_1_31' title="bbox 1947 1819 3464 1900">
     <span class='ocr_line' id='line_1_31' title="bbox 1947 1819 3464 1900; baseline 0.016 -27"><span class='ocrx_word' id='word_1_216' title='bbox 1947 1820 2034 1874; x_wconf 79' lang='grc'>56.</span> <span class='ocrx_word' id='word_1_217' title='bbox 2077 1819 2246 1874; x_wconf 84' lang='lat' dir='ltr'><strong>Nemo</strong></span> <span class='ocrx_word' id='word_1_218' title='bbox 2291 1822 2415 1876; x_wconf 88' lang='lat' dir='ltr'><strong>talis</strong></span> <span class='ocrx_word' id='word_1_219' title='bbox 2459 1835 2595 1891; x_wconf 88' lang='lat' dir='ltr'><strong>esto;</strong></span> <span class='ocrx_word' id='word_1_220' title='bbox 2645 1842 2709 1879; x_wconf 91' lang='lat' dir='ltr'>ne</span> <span class='ocrx_word' id='word_1_221' title='bbox 2749 1829 2828 1882; x_wconf 92' lang='lat' dir='ltr'>sic</span> <span class='ocrx_word' id='word_1_222' title='bbox 2871 1843 3167 1900; x_wconf 79' lang='lat' dir='ltr'><strong>gravetur;</strong></span> <span class='ocrx_word' id='word_1_223' title='bbox 3219 1839 3310 1892; x_wconf 87' lang='lat' dir='ltr'>sed</span> <span class='ocrx_word' id='word_1_224' title='bbox 3349 1841 3464 1897; x_wconf 81' lang='lat' dir='ltr'><strong>alas</strong></span> 
     </span>
    </p>
   </div>
   <div class='ocr_carea' id='block_1_32' title="bbox 213 1912 1782 1988">
    <p class='ocr_par' dir='ltr' id='par_1_32' title="bbox 213 1912 1782 1988">
     <span class='ocr_line' id='line_1_32' title="bbox 213 1912 1782 1988; baseline -0.006 -14"><span class='ocrx_word' id='word_1_225' title='bbox 213 1921 340 1976; x_wconf 78' lang='grc' dir='ltr'>ἀλλά</span> <span class='ocrx_word' id='word_1_226' title='bbox 385 1921 450 1972; x_wconf 86' lang='grc' dir='ltr'>τὸ</span> <span class='ocrx_word' id='word_1_227' title='bbox 479 1920 581 1988; x_wconf 77' lang='grc' dir='ltr'>τῆς</span> <span class='ocrx_word' id='word_1_228' title='bbox 625 1919 1025 1985; x_wconf 79' lang='grc' dir='ltr'>ἁνυποκρισιας</span> <span class='ocrx_word' id='word_1_229' title='bbox 1061 1917 1244 1986; x_wconf 83' lang='grc' dir='ltr'>φέρων</span> <span class='ocrx_word' id='word_1_230' title='bbox 1299 1916 1522 1986; x_wconf 89' lang='grc' dir='ltr'>πτερὸν,</span> <span class='ocrx_word' id='word_1_231' title='bbox 1578 1912 1782 1981; x_wconf 79' lang='grc' dir='ltr'>κοῦφος</span> 
     </span>
    </p>
   </div>
   <div class='ocr_carea' id='block_1_33' title="bbox 215 2007 1784 2083">
    <p class='ocr_par' dir='ltr' id='par_1_33' title="bbox 215 2007 1784 2083">
     <span class='ocr_line' id='line_1_33' title="bbox 215 2007 1784 2083; baseline -0.004 -19"><span class='ocrx_word' id='word_1_232' title='bbox 215 2012 468 2083; x_wconf 66' lang='grc' dir='ltr'>αἰρέσθω,</span> <span class='ocrx_word' id='word_1_233' title='bbox 507 2014 606 2064; x_wconf 67' lang='grc' dir='ltr'>καὶ</span> <span class='ocrx_word' id='word_1_234' title='bbox 634 2009 772 2079; x_wconf 83' lang='grc' dir='ltr'>πρὸς</span> <span class='ocrx_word' id='word_1_235' title='bbox 796 2009 936 2062; x_wconf 84' lang='grc' dir='ltr'>Θεὸν</span> <span class='ocrx_word' id='word_1_236' title='bbox 963 2008 1324 2072; x_wconf 83' lang='grc' dir='ltr'>ἀναϐαινέτω,</span> <span class='ocrx_word' id='word_1_237' title='bbox 1368 2007 1544 2072; x_wconf 78' lang='grc' dir='ltr'>εἰδὼς,</span> <span class='ocrx_word' id='word_1_238' title='bbox 1578 2007 1652 2069; x_wconf 84' lang='grc' dir='ltr'>ὡς</span> <span class='ocrx_word' id='word_1_239' title='bbox 1686 2023 1784 2058; x_wconf 88' lang='grc' dir='ltr'>κα-</span> 
     </span>
    </p>
   </div>
   <div class='ocr_carea' id='block_1_34' title="bbox 215 2099 1783 2174">
    <p class='ocr_par' dir='ltr' id='par_1_34' title="bbox 215 2099 1783 2174">
     <span class='ocr_line' id='line_1_34' title="bbox 215 2099 1783 2174; baseline -0.003 -17"><span class='ocrx_word' id='word_1_240' title='bbox 215 2106 294 2169; x_wconf 73' lang='grc' dir='ltr'>λὸς</span> <span class='ocrx_word' id='word_1_241' title='bbox 329 2106 431 2174; x_wconf 80' lang='grc' dir='ltr'>μὲν</span> <span class='ocrx_word' id='word_1_242' title='bbox 454 2107 552 2156; x_wconf 82' lang='grc' dir='ltr'>καὶ</span> <span class='ocrx_word' id='word_1_243' title='bbox 587 2105 615 2156; x_wconf 83' lang='grc' dir='ltr'>ό</span> <span class='ocrx_word' id='word_1_244' title='bbox 648 2105 910 2174; x_wconf 84' lang='grc' dir='ltr'>ἀσίδηρος</span> <span class='ocrx_word' id='word_1_245' title='bbox 950 2104 1044 2156; x_wconf 73' lang='grc' dir='ltr'>καὶ</span> <span class='ocrx_word' id='word_1_246' title='bbox 1070 2102 1224 2169; x_wconf 72' lang='grc' dir='ltr'>ψιλὸς</span> <span class='ocrx_word' id='word_1_247' title='bbox 1255 2102 1389 2172; x_wconf 81' lang='grc' dir='ltr'>βίος,</span> <span class='ocrx_word' id='word_1_248' title='bbox 1420 2101 1584 2164; x_wconf 84' lang='grc' dir='ltr'>καλὸς</span> <span class='ocrx_word' id='word_1_249' title='bbox 1606 2099 1665 2153; x_wconf 82' lang='grc' dir='ltr'>δὲ</span> <span class='ocrx_word' id='word_1_250' title='bbox 1690 2102 1783 2154; x_wconf 76' lang='grc' dir='ltr'>καὶ</span> 
     </span>
    </p>
   </div>
   <div class='ocr_carea' id='block_1_35' title="bbox 214 2194 1782 2267">
    <p class='ocr_par' dir='ltr' id='par_1_35' title="bbox 214 2194 1782 2267">
     <span class='ocr_line' id='line_1_35' title="bbox 214 2194 1782 2267; baseline -0.006 -15"><span class='ocrx_word' id='word_1_251' title='bbox 214 2201 237 2252; x_wconf 86' lang='grc' dir='ltr'>ὁ</span> <span class='ocrx_word' id='word_1_252' title='bbox 263 2199 675 2267; x_wconf 71' lang='grc' dir='ltr'>καταφρὰσσων</span> <span class='ocrx_word' id='word_1_253' title='bbox 713 2196 951 2266; x_wconf 81' lang='grc' dir='ltr'>σίδηρος,</span> <span class='ocrx_word' id='word_1_254' title='bbox 982 2197 1032 2248; x_wconf 82' lang='grc' dir='ltr'>εί</span> <span class='ocrx_word' id='word_1_255' title='bbox 1075 2194 1256 2258; x_wconf 87' lang='grc' dir='ltr'>καλῶς</span> <span class='ocrx_word' id='word_1_256' title='bbox 1291 2196 1532 2265; x_wconf 80' lang='grc' dir='ltr'>φοροῖτο,</span> <span class='ocrx_word' id='word_1_257' title='bbox 1562 2194 1658 2245; x_wconf 72' lang='grc' dir='ltr'>καὶ</span> <span class='ocrx_word' id='word_1_258' title='bbox 1689 2208 1782 2259; x_wconf 77' lang='grc' dir='ltr'>γε-</span> 
     </span>
    </p>
   </div>
   <div class='ocr_carea' id='block_1_36' title="bbox 214 2284 1782 2359">
    <p class='ocr_par' dir='ltr' id='par_1_36' title="bbox 214 2284 1782 2359">
     <span class='ocr_line' id='line_1_36' title="bbox 214 2284 1782 2359; baseline -0.004 -17"><span class='ocrx_word' id='word_1_259' title='bbox 214 2292 525 2358; x_wconf 85' lang='grc' dir='ltr'>γανωμένος</span> <span class='ocrx_word' id='word_1_260' title='bbox 547 2291 615 2359; x_wconf 81' lang='grc' dir='ltr'>τῇ</span> <span class='ocrx_word' id='word_1_261' title='bbox 643 2288 910 2356; x_wconf 79' lang='grc' dir='ltr'>ἁπλότητι</span> <span class='ocrx_word' id='word_1_262' title='bbox 939 2287 1174 2353; x_wconf 83' lang='grc' dir='ltr'>στίλϐει,</span> <span class='ocrx_word' id='word_1_263' title='bbox 1207 2289 1304 2340; x_wconf 77' lang='grc' dir='ltr'>καὶ</span> <span class='ocrx_word' id='word_1_264' title='bbox 1330 2287 1407 2359; x_wconf 78' lang='grc' dir='ltr'>μὴ</span> <span class='ocrx_word' id='word_1_265' title='bbox 1449 2285 1542 2340; x_wconf 90' lang='grc' dir='ltr'>τὸν</span> <span class='ocrx_word' id='word_1_266' title='bbox 1569 2284 1662 2337; x_wconf 81' lang='grc' dir='ltr'>τοῦ</span> <span class='ocrx_word' id='word_1_267' title='bbox 1684 2285 1782 2337; x_wconf 83' lang='grc' dir='ltr'>τύ-</span> 
     </span>
    </p>
   </div>
   <div class='ocr_carea' id='block_1_37' title="bbox 216 2381 852 2452">
    <p class='ocr_par' dir='ltr' id='par_1_37' title="bbox 216 2381 852 2452">
     <span class='ocr_line' id='line_1_37' title="bbox 216 2381 852 2452; baseline -0.003 -18"><span class='ocrx_word' id='word_1_268' title='bbox 216 2399 302 2452; x_wconf 74' lang='grc' dir='ltr'>φου</span> <span class='ocrx_word' id='word_1_269' title='bbox 337 2384 417 2435; x_wconf 75' lang='grc' dir='ltr'>ίὴν</span> <span class='ocrx_word' id='word_1_270' title='bbox 449 2381 852 2451; x_wconf 78' lang='grc' dir='ltr'>προϐέϐληται.</span> 
     </span>
    </p>
   </div>
   <div class='ocr_carea' id='block_1_38' title="bbox 275 2469 1784 2550">
    <p class='ocr_par' dir='ltr' id='par_1_38' title="bbox 275 2469 1784 2550">
     <span class='ocr_line' id='line_1_38' title="bbox 275 2469 1784 2550; baseline -0.002 -24"><span class='ocrx_word' id='word_1_271' title='bbox 275 2473 371 2536; x_wconf 81' lang='grc' dir='ltr'>λζ’.</span> <span class='ocrx_word' id='word_1_272' title='bbox 406 2474 474 2526; x_wconf 87' lang='grc' dir='ltr'>Τί</span> <span class='ocrx_word' id='word_1_273' title='bbox 512 2474 625 2543; x_wconf 85' lang='grc' dir='ltr'>γάρ</span> <span class='ocrx_word' id='word_1_274' title='bbox 653 2489 741 2542; x_wconf 90' lang='grc' dir='ltr'>μοι</span> <span class='ocrx_word' id='word_1_275' title='bbox 771 2473 868 2526; x_wconf 71' lang='grc' dir='ltr'>καὶ</span> <span class='ocrx_word' id='word_1_276' title='bbox 902 2470 1169 2542; x_wconf 77' lang='grc' dir='ltr'>ἱστορίαις</span> <span class='ocrx_word' id='word_1_277' title='bbox 1201 2472 1565 2550; x_wconf 75' lang='grc' dir='ltr'>ἐνδιατρίψαι,</span> <span class='ocrx_word' id='word_1_278' title='bbox 1603 2469 1679 2532; x_wconf 85' lang='grc' dir='ltr'>ὡς</span> <span class='ocrx_word' id='word_1_279' title='bbox 1717 2471 1784 2523; x_wconf 79' lang='grc' dir='ltr'>ἂν</span> 
     </span>
    </p>
   </div>
   <div class='ocr_carea' id='block_1_39' title="bbox 215 2562 1786 2636">
    <p class='ocr_par' dir='ltr' id='par_1_39' title="bbox 215 2562 1786 2636">
     <span class='ocr_line' id='line_1_39' title="bbox 215 2562 1786 2636; baseline -0.002 -19"><span class='ocrx_word' id='word_1_280' title='bbox 215 2565 450 2636; x_wconf 73' lang='grc' dir='ltr'>ἐντρέψω</span> <span class='ocrx_word' id='word_1_281' title='bbox 486 2565 582 2617; x_wconf 85' lang='grc' dir='ltr'>τὸν</span> <span class='ocrx_word' id='word_1_282' title='bbox 611 2566 677 2616; x_wconf 81' lang='grc' dir='ltr'>ἐκ</span> <span class='ocrx_word' id='word_1_283' title='bbox 713 2563 810 2616; x_wconf 79' lang='grc' dir='ltr'>τοῦ</span> <span class='ocrx_word' id='word_1_284' title='bbox 853 2563 1234 2634; x_wconf 85' lang='grc' dir='ltr'>σιδηροφορεῖν</span> <span class='ocrx_word' id='word_1_285' title='bbox 1261 2564 1466 2632; x_wconf 78' lang='grc' dir='ltr'>τῦφονς</span> <span class='ocrx_word' id='word_1_286' title='bbox 1502 2562 1567 2614; x_wconf 83' lang='grc' dir='ltr'>Τί</span> <span class='ocrx_word' id='word_1_287' title='bbox 1605 2563 1660 2616; x_wconf 84' lang='grc' dir='ltr'>δὲ</span> <span class='ocrx_word' id='word_1_288' title='bbox 1690 2563 1786 2617; x_wconf 78' lang='grc' dir='ltr'>καὶ</span> 
     </span>
    </p>
   </div>
   <div class='ocr_carea' id='block_1_40' title="bbox 219 2649 1784 2725">
    <p class='ocr_par' dir='ltr' id='par_1_40' title="bbox 219 2649 1784 2725">
     <span class='ocr_line' id='line_1_40' title="bbox 219 2649 1784 2725; baseline -0.001 -18"><span class='ocrx_word' id='word_1_289' title='bbox 219 2658 345 2710; x_wconf 83' lang='grc' dir='ltr'>ἐθῶν</span> <span class='ocrx_word' id='word_1_290' title='bbox 377 2657 764 2725; x_wconf 74' lang='grc' dir='ltr'>ἀναμνηστέον</span> <span class='ocrx_word' id='word_1_291' title='bbox 795 2656 1042 2710; x_wconf 86' lang='grc' dir='ltr'>παλαιῶν</span> <span class='ocrx_word' id='word_1_292' title='bbox 1067 2657 1162 2708; x_wconf 72' lang='grc' dir='ltr'>καὶ</span> <span class='ocrx_word' id='word_1_293' title='bbox 1187 2655 1376 2721; x_wconf 79' lang='grc' dir='ltr'>ἐθνῶν,</span> <span class='ocrx_word' id='word_1_294' title='bbox 1412 2658 1470 2707; x_wconf 86' lang='grc' dir='ltr'>ἐν</span> <span class='ocrx_word' id='word_1_295' title='bbox 1499 2649 1579 2718; x_wconf 72' lang='grc' dir='ltr'>οἷς</span> <span class='ocrx_word' id='word_1_296' title='bbox 1617 2654 1784 2724; x_wconf 72' lang='grc' dir='ltr'>εὕρη-</span> 
     </span>
    </p>
   </div>
   <div class='ocr_carea' id='block_1_41' title="bbox 219 2748 1782 2819">
    <p class='ocr_par' dir='ltr' id='par_1_41' title="bbox 219 2748 1782 2819">
     <span class='ocr_line' id='line_1_41' title="bbox 219 2748 1782 2819; baseline -0.002 -17"><span class='ocrx_word' id='word_1_297' title='bbox 219 2767 299 2802; x_wconf 82' lang='grc' dir='ltr'>ται</span> <span class='ocrx_word' id='word_1_298' title='bbox 325 2751 386 2802; x_wconf 83' lang='grc' dir='ltr'>τὸ</span> <span class='ocrx_word' id='word_1_299' title='bbox 413 2749 812 2819; x_wconf 84' lang='grc' dir='ltr'>στρατιωτικὸν</span> <span class='ocrx_word' id='word_1_300' title='bbox 857 2750 1042 2812; x_wconf 79' lang='grc' dir='ltr'>ὅπλοις</span> <span class='ocrx_word' id='word_1_301' title='bbox 1073 2750 1477 2818; x_wconf 64' lang='grc' dir='ltr'>ἐπηχθισμένυν</span> <span class='ocrx_word' id='word_1_302' title='bbox 1515 2749 1606 2802; x_wconf 80' lang='grc' dir='ltr'>δια</span> <span class='ocrx_word' id='word_1_303' title='bbox 1641 2748 1782 2817; x_wconf 76' lang='grc' dir='ltr'>βίου,</span> 
     </span>
    </p>
   </div>
   <div class='ocr_carea' id='block_1_42' title="bbox 221 2840 1786 2910">
    <p class='ocr_par' dir='ltr' id='par_1_42' title="bbox 221 2840 1786 2910">
     <span class='ocr_line' id='line_1_42' title="bbox 221 2840 1786 2910; baseline -0.001 -17"><span class='ocrx_word' id='word_1_304' title='bbox 221 2842 271 2893; x_wconf 81' lang='grc' dir='ltr'>ἐν</span> <span class='ocrx_word' id='word_1_305' title='bbox 293 2859 351 2894; x_wconf 87' lang='grc' dir='ltr'>τε</span> <span class='ocrx_word' id='word_1_306' title='bbox 375 2842 455 2910; x_wconf 80' lang='grc' dir='ltr'>τῷ</span> <span class='ocrx_word' id='word_1_307' title='bbox 482 2841 894 2910; x_wconf 75' lang='grc' dir='ltr'>ἐκκλησιάζειν,</span> <span class='ocrx_word' id='word_1_308' title='bbox 921 2842 978 2894; x_wconf 74' lang='grc' dir='ltr'>ἐν</span> <span class='ocrx_word' id='word_1_309' title='bbox 1004 2859 1064 2894; x_wconf 89' lang='grc' dir='ltr'>τε</span> <span class='ocrx_word' id='word_1_310' title='bbox 1095 2841 1172 2910; x_wconf 82' lang='grc' dir='ltr'>τῷ</span> <span class='ocrx_word' id='word_1_311' title='bbox 1203 2840 1614 2910; x_wconf 55' lang='lat' dir='ltr'><strong>cup-immitem,</strong></span> <span class='ocrx_word' id='word_1_312' title='bbox 1645 2841 1703 2892; x_wconf 78' lang='grc' dir='ltr'>ἐν</span> <span class='ocrx_word' id='word_1_313' title='bbox 1725 2857 1786 2892; x_wconf 86' lang='grc' dir='ltr'>τε</span> 
     </span>
    </p>
   </div>
   <div class='ocr_carea' id='block_1_43' title="bbox 222 2931 1787 3004">
    <p class='ocr_par' dir='ltr' id='par_1_43' title="bbox 222 2931 1787 3004">
     <span class='ocr_line' id='line_1_43' title="bbox 222 2931 1787 3004; baseline -0.002 -18"><span class='ocrx_word' id='word_1_314' title='bbox 222 2934 372 2999; x_wconf 78' lang='grc' dir='ltr'>ὁδοῖς,</span> <span class='ocrx_word' id='word_1_315' title='bbox 403 2936 502 2988; x_wconf 78' lang='grc' dir='ltr'>καὶ</span> <span class='ocrx_word' id='word_1_316' title='bbox 527 2935 668 2996; x_wconf 88' lang='grc' dir='ltr'>ὅλως</span> <span class='ocrx_word' id='word_1_317' title='bbox 712 2935 1022 3004; x_wconf 80' lang='grc' dir='ltr'>πανταχοῦ·</span> <span class='ocrx_word' id='word_1_318' title='bbox 1057 2934 1131 2996; x_wconf 80' lang='grc' dir='ltr'>ὡς</span> <span class='ocrx_word' id='word_1_319' title='bbox 1161 2934 1228 2986; x_wconf 83' lang='grc' dir='ltr'>ἂν</span> <span class='ocrx_word' id='word_1_320' title='bbox 1262 2933 1435 2996; x_wconf 80' lang='grc' dir='ltr'>οὕτως</span> <span class='ocrx_word' id='word_1_321' title='bbox 1468 2931 1699 3000; x_wconf 74' lang='grc' dir='ltr'>εΰφορον</span> <span class='ocrx_word' id='word_1_322' title='bbox 1727 2932 1787 2983; x_wconf 84' lang='grc' dir='ltr'>τὸ</span> 
     </span>
    </p>
   </div>
   <div class='ocr_carea' id='block_1_44' title="bbox 222 3022 1790 3094">
    <p class='ocr_par' dir='ltr' id='par_1_44' title="bbox 222 3022 1790 3094">
     <span class='ocr_line' id='line_1_44' title="bbox 222 3022 1790 3094; baseline -0.001 -17"><span class='ocrx_word' id='word_1_323' title='bbox 222 3027 308 3094; x_wconf 77' lang='grc' dir='ltr'>τῆς</span> <span class='ocrx_word' id='word_1_324' title='bbox 339 3026 652 3086; x_wconf 75' lang='grc' dir='ltr'>πανοπλίας</span> <span class='ocrx_word' id='word_1_325' title='bbox 683 3023 847 3094; x_wconf 80' lang='grc' dir='ltr'>βάρος</span> <span class='ocrx_word' id='word_1_326' title='bbox 878 3025 1062 3086; x_wconf 81' lang='grc' dir='ltr'>αὐτοῖς</span> <span class='ocrx_word' id='word_1_327' title='bbox 1093 3025 1180 3094; x_wconf 85' lang='grc' dir='ltr'>είη</span> <span class='ocrx_word' id='word_1_328' title='bbox 1205 3025 1300 3078; x_wconf 79' lang='grc' dir='ltr'>καὶ</span> <span class='ocrx_word' id='word_1_329' title='bbox 1329 3023 1641 3093; x_wconf 77' lang='grc' dir='ltr'>περίϐλημι.</span> <span class='ocrx_word' id='word_1_330' title='bbox 1666 3022 1790 3076; x_wconf 85' lang='grc' dir='ltr'>σύν-</span> 
     </span>
    </p>
   </div>
   <div class='ocr_carea' id='block_1_45' title="bbox 225 3117 1788 3186">
    <p class='ocr_par' dir='ltr' id='par_1_45' title="bbox 225 3117 1788 3186">
     <span class='ocr_line' id='line_1_45' title="bbox 225 3117 1788 3186; baseline 0 -18"><span class='ocrx_word' id='word_1_331' title='bbox 225 3117 372 3186; x_wconf 85' lang='grc' dir='ltr'>ηθες,</span> <span class='ocrx_word' id='word_1_332' title='bbox 439 3118 590 3170; x_wconf 86' lang='grc' dir='ltr'>καθὰ</span> <span class='ocrx_word' id='word_1_333' title='bbox 643 3118 738 3170; x_wconf 85' lang='grc' dir='ltr'>καί</span> <span class='ocrx_word' id='word_1_334' title='bbox 771 3133 853 3179; x_wconf 87' lang='grc' dir='ltr'>τις</span> <span class='ocrx_word' id='word_1_335' title='bbox 908 3117 1224 3186; x_wconf 78' lang='grc' dir='ltr'>ἱματισμὸς,</span> <span class='ocrx_word' id='word_1_336' title='bbox 1277 3119 1788 3185; x_wconf 86' lang='grc' dir='ltr'>ἐγγυμνασαμένοις</span> 
     </span>
    </p>
   </div>
   <div class='ocr_carea' id='block_1_46' title="bbox 220 3207 1782 3279">
    <p class='ocr_par' dir='ltr' id='par_1_46' title="bbox 220 3207 1782 3279">
     <span class='ocr_line' id='line_1_46' title="bbox 220 3207 1782 3279; baseline 0.001 -20"><span class='ocrx_word' id='word_1_337' title='bbox 220 3210 291 3277; x_wconf 82' lang='grc' dir='ltr'>τῷ</span> <span class='ocrx_word' id='word_1_338' title='bbox 317 3211 541 3277; x_wconf 86' lang='grc' dir='ltr'>συνεχεῖ</span> <span class='ocrx_word' id='word_1_339' title='bbox 577 3208 670 3262; x_wconf 79' lang='grc' dir='ltr'>τοῦ</span> <span class='ocrx_word' id='word_1_340' title='bbox 702 3207 1070 3278; x_wconf 83' lang='grc' dir='ltr'>συνεθισμοῦ;</span> <span class='ocrx_word' id='word_1_341' title='bbox 1104 3211 1170 3262; x_wconf 87' lang='grc' dir='ltr'>Τί</span> <span class='ocrx_word' id='word_1_342' title='bbox 1212 3209 1271 3263; x_wconf 80' lang='grc' dir='ltr'>δὲ</span> <span class='ocrx_word' id='word_1_343' title='bbox 1306 3209 1782 3279; x_wconf 79' lang='grc' dir='ltr'>προσιστορητέον,</span> 
     </span>
    </p>
   </div>
   <div class='ocr_carea' id='block_1_47' title="bbox 225 3299 1787 3378">
    <p class='ocr_par' dir='ltr' id='par_1_47' title="bbox 225 3299 1787 3378">
     <span class='ocr_line' id='line_1_47' title="bbox 225 3299 1787 3378; baseline 0.001 -27"><span class='ocrx_word' id='word_1_344' title='bbox 225 3303 310 3352; x_wconf 73' lang='grc' dir='ltr'>καὶ</span> <span class='ocrx_word' id='word_1_345' title='bbox 333 3302 450 3354; x_wconf 90' lang='grc' dir='ltr'>ὅσοι</span> <span class='ocrx_word' id='word_1_346' title='bbox 478 3301 619 3368; x_wconf 86' lang='grc' dir='ltr'>πρὸς</span> <span class='ocrx_word' id='word_1_347' title='bbox 648 3303 764 3363; x_wconf 81' lang='grc' dir='ltr'>τοῖς</span> <span class='ocrx_word' id='word_1_348' title='bbox 796 3300 988 3363; x_wconf 82' lang='grc' dir='ltr'>ὅπλοις</span> <span class='ocrx_word' id='word_1_349' title='bbox 1033 3302 1128 3353; x_wconf 76' lang='grc' dir='ltr'>καὶ</span> <span class='ocrx_word' id='word_1_350' title='bbox 1156 3300 1306 3354; x_wconf 80' lang='grc' dir='ltr'>λίθον</span> <span class='ocrx_word' id='word_1_351' title='bbox 1341 3299 1490 3364; x_wconf 80' lang='grc' dir='ltr'>ἀξιον</span> <span class='ocrx_word' id='word_1_352' title='bbox 1519 3299 1678 3378; x_wconf 82' lang='grc' dir='ltr'>λόγου</span> <span class='ocrx_word' id='word_1_353' title='bbox 1707 3301 1787 3363; x_wconf 80' lang='grc' dir='ltr'>εις</span> 
     </span>
    </p>
   </div>
   <div class='ocr_carea' id='block_1_48' title="bbox 223 3391 1784 3464">
    <p class='ocr_par' dir='ltr' id='par_1_48' title="bbox 223 3391 1784 3464">
     <span class='ocr_line' id='line_1_48' title="bbox 223 3391 1784 3464; baseline -0.001 -21"><span class='ocrx_word' id='word_1_354' title='bbox 223 3393 406 3460; x_wconf 78' lang='grc' dir='ltr'>φόρτον</span> <span class='ocrx_word' id='word_1_355' title='bbox 428 3394 650 3463; x_wconf 75' lang='grc' dir='ltr'>ἔφερον,</span> <span class='ocrx_word' id='word_1_356' title='bbox 677 3391 736 3445; x_wconf 82' lang='grc' dir='ltr'>δν</span> <span class='ocrx_word' id='word_1_357' title='bbox 767 3391 937 3462; x_wconf 83' lang='grc' dir='ltr'>ἐχρῆν</span> <span class='ocrx_word' id='word_1_358' title='bbox 960 3395 1018 3445; x_wconf 89' lang='grc' dir='ltr'>ἐν</span> <span class='ocrx_word' id='word_1_359' title='bbox 1036 3392 1212 3462; x_wconf 79' lang='grc' dir='ltr'>καιρῷ</span> <span class='ocrx_word' id='word_1_360' title='bbox 1227 3393 1596 3464; x_wconf 76' lang='grc' dir='ltr'>ἀπερριφότας</span> <span class='ocrx_word' id='word_1_361' title='bbox 1625 3391 1784 3460; x_wconf 76' lang='grc' dir='ltr'>ἔργου</span> 
     </span>
    </p>
   </div>
   <div class='ocr_carea' id='block_1_49' title="bbox 225 3483 1787 3555">
    <p class='ocr_par' dir='ltr' id='par_1_49' title="bbox 225 3483 1787 3555">
     <span class='ocr_line' id='line_1_49' title="bbox 225 3483 1787 3555; baseline 0 -19"><span class='ocrx_word' id='word_1_362' title='bbox 225 3484 488 3538; x_wconf 74' lang='grc' dir='ltr'>ἅπτεσθαι</span> <span class='ocrx_word' id='word_1_363' title='bbox 530 3485 910 3553; x_wconf 83' lang='grc' dir='ltr'>γενναιότερόν</span> <span class='ocrx_word' id='word_1_364' title='bbox 943 3501 1003 3536; x_wconf 85' lang='grc' dir='ltr'>τε</span> <span class='ocrx_word' id='word_1_365' title='bbox 1036 3486 1132 3538; x_wconf 76' lang='grc' dir='ltr'>καὶ</span> <span class='ocrx_word' id='word_1_366' title='bbox 1163 3486 1546 3555; x_wconf 81' lang='grc' dir='ltr'>ἐλαφρότερον,</span> <span class='ocrx_word' id='word_1_367' title='bbox 1580 3483 1654 3545; x_wconf 86' lang='grc' dir='ltr'>ὡς</span> <span class='ocrx_word' id='word_1_368' title='bbox 1693 3483 1787 3536; x_wconf 85' lang='grc' dir='ltr'>ἐὰν</span> 
     </span>
    </p>
   </div>
   <div class='ocr_carea' id='block_1_50' title="bbox 231 3572 1786 3647">
    <p class='ocr_par' dir='ltr' id='par_1_50' title="bbox 231 3572 1786 3647">
     <span class='ocr_line' id='line_1_50' title="bbox 231 3572 1786 3647; baseline -0.011 -5"><span class='ocrx_word' id='word_1_369' title='bbox 231 3576 299 3645; x_wconf 73' lang='grc' dir='ltr'>μὴ</span> <span class='ocrx_word' id='word_1_370' title='bbox 322 3576 719 3646; x_wconf 79' lang='grc' dir='ltr'>κατάφρακτός</span> <span class='ocrx_word' id='word_1_371' title='bbox 756 3593 840 3639; x_wconf 92' lang='grc' dir='ltr'>τις</span> <span class='ocrx_word' id='word_1_372' title='bbox 867 3572 958 3647; x_wconf 77' lang='grc' dir='ltr'>ἧν,</span> <span class='ocrx_word' id='word_1_373' title='bbox 987 3576 1122 3629; x_wconf 83' lang='grc' dir='ltr'>ἀλλὰ</span> <span class='ocrx_word' id='word_1_374' title='bbox 1149 3577 1324 3646; x_wconf 76' lang='grc' dir='ltr'>ψιλὸς,</span> <span class='ocrx_word' id='word_1_375' title='bbox 1354 3577 1387 3646; x_wconf 76' lang='grc' dir='ltr'>ἢ</span> <span class='ocrx_word' id='word_1_376' title='bbox 1421 3577 1514 3629; x_wconf 83' lang='grc' dir='ltr'>καὶ</span> <span class='ocrx_word' id='word_1_377' title='bbox 1536 3575 1786 3645; x_wconf 80' lang='grc' dir='ltr'>ἡμίγυμ-</span> 
     </span>
    </p>
   </div>
   <div class='ocr_carea' id='block_1_51' title="bbox 225 3669 1783 3739">
    <p class='ocr_par' dir='ltr' id='par_1_51' title="bbox 225 3669 1783 3739">
     <span class='ocr_line' id='line_1_51' title="bbox 225 3669 1783 3739; baseline 0.001 -19"><span class='ocrx_word' id='word_1_378' title='bbox 225 3683 338 3732; x_wconf 83' lang='grc' dir='ltr'>νος;</span> <span class='ocrx_word' id='word_1_379' title='bbox 378 3670 444 3722; x_wconf 89' lang='grc' dir='ltr'>Τί</span> <span class='ocrx_word' id='word_1_380' title='bbox 473 3669 608 3737; x_wconf 84' lang='grc' dir='ltr'>γοῦν</span> <span class='ocrx_word' id='word_1_381' title='bbox 658 3686 750 3738; x_wconf 90' lang='grc' dir='ltr'>μοι</span> <span class='ocrx_word' id='word_1_382' title='bbox 777 3671 873 3722; x_wconf 71' lang='grc' dir='ltr'>καὶ</span> <span class='ocrx_word' id='word_1_383' title='bbox 901 3671 1166 3732; x_wconf 85' lang='grc' dir='ltr'>τοιούτοις</span> <span class='ocrx_word' id='word_1_384' title='bbox 1209 3670 1545 3739; x_wconf 73' lang='grc' dir='ltr'>ἐνδιατρίψαι</span> <span class='ocrx_word' id='word_1_385' title='bbox 1584 3670 1783 3736; x_wconf 82' lang='grc' dir='ltr'>λόγοις,</span> 
     </span>
    </p>
   </div>
   <div class='ocr_carea' id='block_1_52' title="bbox 227 3760 1786 3832">
    <p class='ocr_par' dir='ltr' id='par_1_52' title="bbox 227 3760 1786 3832">
     <span class='ocr_line' id='line_1_52' title="bbox 227 3760 1786 3832; baseline 0.001 -21"><span class='ocrx_word' id='word_1_386' title='bbox 227 3760 346 3812; x_wconf 74' lang='grc' dir='ltr'>ἔνθα</span> <span class='ocrx_word' id='word_1_387' title='bbox 375 3763 553 3813; x_wconf 71' lang='grc' dir='ltr'>εἰπεῖν</span> <span class='ocrx_word' id='word_1_388' title='bbox 589 3761 830 3832; x_wconf 84' lang='grc' dir='ltr'>ἀπόχρη,</span> <span class='ocrx_word' id='word_1_389' title='bbox 865 3763 932 3814; x_wconf 83' lang='grc' dir='ltr'>τὰ</span> <span class='ocrx_word' id='word_1_390' title='bbox 966 3762 1152 3831; x_wconf 78' lang='grc' dir='ltr'>μακρὰ</span> <span class='ocrx_word' id='word_1_391' title='bbox 1193 3762 1524 3830; x_wconf 78' lang='grc' dir='ltr'>ἐπιτεμόντα</span> <span class='ocrx_word' id='word_1_392' title='bbox 1549 3762 1623 3822; x_wconf 84' lang='grc' dir='ltr'>ὡς</span> <span class='ocrx_word' id='word_1_393' title='bbox 1645 3762 1786 3829; x_wconf 87' lang='grc' dir='ltr'>φιλῶ</span> 
     </span>
    </p>
   </div>
   <div class='ocr_carea' id='block_1_53' title="bbox 233 3853 1786 3925">
    <p class='ocr_par' dir='ltr' id='par_1_53' title="bbox 233 3853 1786 3925">
     <span class='ocr_line' id='line_1_53' title="bbox 233 3853 1786 3925; baseline -0.001 -19"><span class='ocrx_word' id='word_1_394' title='bbox 233 3853 328 3920; x_wconf 83' lang='grc' dir='ltr'>μὲν</span> <span class='ocrx_word' id='word_1_395' title='bbox 363 3853 474 3920; x_wconf 83' lang='grc' dir='ltr'>ἐγὼ</span> <span class='ocrx_word' id='word_1_396' title='bbox 500 3854 594 3906; x_wconf 86' lang='grc' dir='ltr'>τὸν</span> <span class='ocrx_word' id='word_1_397' title='bbox 623 3854 868 3906; x_wconf 80' lang='grc' dir='ltr'>τοιοῦτον</span> <span class='ocrx_word' id='word_1_398' title='bbox 908 3854 1127 3925; x_wconf 78' lang='grc' dir='ltr'>σίδηρον</span> <span class='ocrx_word' id='word_1_399' title='bbox 1155 3855 1249 3907; x_wconf 75' lang='grc' dir='ltr'>καὶ</span> <span class='ocrx_word' id='word_1_400' title='bbox 1277 3854 1583 3924; x_wconf 81' lang='grc' dir='ltr'>ὑπερφιλῶ,</span> <span class='ocrx_word' id='word_1_401' title='bbox 1609 3855 1786 3906; x_wconf 86' lang='grc' dir='ltr'>ἐκεῖνο</span> 
     </span>
    </p>
   </div>
   <div class='ocr_carea' id='block_1_54' title="bbox 235 3944 1786 4015">
    <p class='ocr_par' dir='ltr' id='par_1_54' title="bbox 235 3944 1786 4015">
     <span class='ocr_line' id='line_1_54' title="bbox 235 3944 1786 4015; baseline 0.002 -21"><span class='ocrx_word' id='word_1_402' title='bbox 235 3946 707 4013; x_wconf 83' lang='grc' dir='ltr'>συνεννοούμενος,</span> <span class='ocrx_word' id='word_1_403' title='bbox 737 3946 811 4008; x_wconf 83' lang='grc' dir='ltr'>ὡς</span> <span class='ocrx_word' id='word_1_404' title='bbox 852 3944 978 3998; x_wconf 69' lang='grc' dir='ltr'>οὔτε</span> <span class='ocrx_word' id='word_1_405' title='bbox 1028 3945 1261 4014; x_wconf 80' lang='grc' dir='ltr'>πόλεμος</span> <span class='ocrx_word' id='word_1_406' title='bbox 1292 3949 1319 4000; x_wconf 86' lang='grc' dir='ltr'>ὁ</span> <span class='ocrx_word' id='word_1_407' title='bbox 1347 3947 1484 4015; x_wconf 77' lang='grc' dir='ltr'>πρὸς</span> <span class='ocrx_word' id='word_1_408' title='bbox 1531 3945 1786 4011; x_wconf 85' lang='grc' dir='ltr'>αίσθησιν</span> 
     </span>
    </p>
   </div>
   <div class='ocr_carea' id='block_1_55' title="bbox 229 4036 1781 4108">
    <p class='ocr_par' dir='ltr' id='par_1_55' title="bbox 229 4036 1781 4108">
     <span class='ocr_line' id='line_1_55' title="bbox 229 4036 1781 4108; baseline -0.001 -19"><span class='ocrx_word' id='word_1_409' title='bbox 229 4037 356 4105; x_wconf 72' lang='grc' dir='ltr'>ῥᾷον</span> <span class='ocrx_word' id='word_1_410' title='bbox 380 4036 812 4107; x_wconf 71' lang='grc' dir='ltr'>κατεργασθείη,</span> <span class='ocrx_word' id='word_1_411' title='bbox 844 4037 919 4108; x_wconf 81' lang='grc' dir='ltr'>μὴ</span> <span class='ocrx_word' id='word_1_412' title='bbox 978 4038 1073 4091; x_wconf 80' lang='grc' dir='ltr'>καὶ</span> <span class='ocrx_word' id='word_1_413' title='bbox 1123 4038 1324 4107; x_wconf 79' lang='grc' dir='ltr'>σιδήρῳ</span> <span class='ocrx_word' id='word_1_414' title='bbox 1356 4037 1781 4108; x_wconf 76' lang='grc' dir='ltr'>βραϐευόμενος,</span> 
     </span>
    </p>
   </div>
   <div class='ocr_carea' id='block_1_56' title="bbox 227 4127 1789 4199">
    <p class='ocr_par' dir='ltr' id='par_1_56' title="bbox 227 4127 1789 4199">
     <span class='ocr_line' id='line_1_56' title="bbox 227 4127 1789 4199; baseline 0.002 -22"><span class='ocrx_word' id='word_1_415' title='bbox 227 4128 317 4179; x_wconf 80' lang='grc' dir='ltr'>καὶ</span> <span class='ocrx_word' id='word_1_416' title='bbox 345 4129 531 4197; x_wconf 69' lang='grc' dir='ltr'>νοητὸς</span> <span class='ocrx_word' id='word_1_417' title='bbox 554 4129 610 4180; x_wconf 85' lang='grc' dir='ltr'>δέ</span> <span class='ocrx_word' id='word_1_418' title='bbox 633 4128 810 4180; x_wconf 85' lang='grc' dir='ltr'>δέοιτο</span> <span class='ocrx_word' id='word_1_419' title='bbox 839 4130 905 4182; x_wconf 85' lang='grc' dir='ltr'>ἀν</span> <span class='ocrx_word' id='word_1_420' title='bbox 936 4145 1068 4181; x_wconf 80' lang='grc' dir='ltr'>ποτε</span> <span class='ocrx_word' id='word_1_421' title='bbox 1089 4129 1182 4181; x_wconf 83' lang='grc' dir='ltr'>τοῦ</span> <span class='ocrx_word' id='word_1_422' title='bbox 1216 4128 1434 4199; x_wconf 87' lang='grc' dir='ltr'>σιδήρου</span> <span class='ocrx_word' id='word_1_423' title='bbox 1468 4127 1662 4180; x_wconf 72' lang='grc' dir='ltr'>τούτου</span> <span class='ocrx_word' id='word_1_424' title='bbox 1689 4144 1789 4180; x_wconf 88' lang='grc' dir='ltr'>κα-</span> 
     </span>
    </p>
   </div>
   <div class='ocr_carea' id='block_1_57' title="bbox 225 4216 1788 4289">
    <p class='ocr_par' dir='ltr' id='par_1_57' title="bbox 225 4216 1788 4289">
     <span class='ocr_line' id='line_1_57' title="bbox 225 4216 1788 4289; baseline 0.003 -23"><span class='ocrx_word' id='word_1_425' title='bbox 225 4216 327 4279; x_wconf 84' lang='grc' dir='ltr'>λῶς</span> <span class='ocrx_word' id='word_1_426' title='bbox 348 4235 364 4282; x_wconf 92' lang='lat'><strong>;</strong></span> <span class='ocrx_word' id='word_1_427' title='bbox 397 4221 501 4271; x_wconf 79' lang='lat' dir='ltr'><strong>Kal.</strong></span> <span class='ocrx_word' id='word_1_428' title='bbox 530 4221 559 4272; x_wconf 88' lang='grc' dir='ltr'><em>ὀ</em></span> <span class='ocrx_word' id='word_1_429' title='bbox 584 4217 776 4272; x_wconf 81' lang='grc' dir='ltr'>τοῦτον</span> <span class='ocrx_word' id='word_1_430' title='bbox 801 4219 982 4289; x_wconf 83' lang='grc' dir='ltr'>φορῶν</span> <span class='ocrx_word' id='word_1_431' title='bbox 1007 4220 1142 4288; x_wconf 84' lang='grc' dir='ltr'>μετὰ</span> <span class='ocrx_word' id='word_1_432' title='bbox 1170 4220 1329 4288; x_wconf 89' lang='grc' dir='ltr'>λόγου</span> <span class='ocrx_word' id='word_1_433' title='bbox 1353 4218 1515 4288; x_wconf 87' lang='grc' dir='ltr'>όρθοῦ</span> <span class='ocrx_word' id='word_1_434' title='bbox 1537 4219 1668 4272; x_wconf 77' lang='grc' dir='ltr'>ὡσεὶ</span> <span class='ocrx_word' id='word_1_435' title='bbox 1693 4219 1788 4271; x_wconf 80' lang='grc' dir='ltr'>καὶ</span> 
     </span>
    </p>
   </div>
   <div class='ocr_carea' id='block_1_58' title="bbox 231 4307 1788 4382">
    <p class='ocr_par' dir='ltr' id='par_1_58' title="bbox 231 4307 1788 4382">
     <span class='ocr_line' id='line_1_58' title="bbox 231 4307 1788 4382; baseline 0.001 -22"><span class='ocrx_word' id='word_1_436' title='bbox 231 4307 379 4374; x_wconf 81' lang='grc' dir='ltr'>βέλος</span> <span class='ocrx_word' id='word_1_437' title='bbox 407 4311 661 4362; x_wconf 84' lang='grc' dir='ltr'>ἐκλεκτὸν</span> <span class='ocrx_word' id='word_1_438' title='bbox 683 4311 958 4376; x_wconf 78' lang='grc' dir='ltr'>λογίζεται</span> <span class='ocrx_word' id='word_1_439' title='bbox 993 4311 1070 4380; x_wconf 84' lang='grc' dir='ltr'>τῷ</span> <span class='ocrx_word' id='word_1_440' title='bbox 1099 4311 1219 4380; x_wconf 84' lang='grc' dir='ltr'>Θεῷ</span> <span class='ocrx_word' id='word_1_441' title='bbox 1241 4312 1318 4382; x_wconf 81' lang='grc' dir='ltr'>τῷ</span> <span class='ocrx_word' id='word_1_442' title='bbox 1343 4311 1527 4381; x_wconf 85' lang='grc' dir='ltr'>πτερῷ</span> <span class='ocrx_word' id='word_1_443' title='bbox 1560 4312 1656 4380; x_wconf 85' lang='grc' dir='ltr'>μὲν</span> <span class='ocrx_word' id='word_1_444' title='bbox 1685 4311 1788 4380; x_wconf 82' lang='grc' dir='ltr'>τῆς</span> 
     </span>
    </p>
   </div>
   <div class='ocr_carea' id='block_1_59' title="bbox 229 4400 1787 4470">
    <p class='ocr_par' dir='ltr' id='par_1_59' title="bbox 229 4400 1787 4470">
     <span class='ocr_line' id='line_1_59' title="bbox 229 4400 1787 4470; baseline 0.004 -25"><span class='ocrx_word' id='word_1_445' title='bbox 229 4400 419 4464; x_wconf 77' lang='grc' dir='ltr'>νοερᾶς</span> <span class='ocrx_word' id='word_1_446' title='bbox 448 4400 851 4468; x_wconf 79' lang='grc' dir='ltr'>ἀνωφορήσεως</span> <span class='ocrx_word' id='word_1_447' title='bbox 882 4400 1300 4468; x_wconf 78' lang='grc' dir='ltr'>κουφιζόμενος,</span> <span class='ocrx_word' id='word_1_448' title='bbox 1343 4401 1787 4470; x_wconf 79' lang='grc' dir='ltr'>προϐεϐλημένος</span> 
     </span>
    </p>
   </div>
   <div class='ocr_carea' id='block_1_60' title="bbox 1883 1913 3463 1987">
    <p class='ocr_par' dir='ltr' id='par_1_60' title="bbox 1883 1913 3463 1987">
     <span class='ocr_line' id='line_1_60' title="bbox 1883 1913 3463 1987; baseline 0.014 -22"><span class='ocrx_word' id='word_1_449' title='bbox 1883 1913 1950 1966; x_wconf 88' lang='lat' dir='ltr'>ab</span> <span class='ocrx_word' id='word_1_450' title='bbox 1996 1913 2264 1982; x_wconf 84' lang='lat' dir='ltr'><strong>hypocrisi</strong></span> <span class='ocrx_word' id='word_1_451' title='bbox 2307 1915 2510 1967; x_wconf 87' lang='lat' dir='ltr'><strong>alienas</strong></span> <span class='ocrx_word' id='word_1_452' title='bbox 2536 1932 2751 1986; x_wconf 81' lang='lat' dir='ltr'><strong>gerens,</strong></span> <span class='ocrx_word' id='word_1_453' title='bbox 2795 1923 3042 1980; x_wconf 82' lang='lat' dir='ltr'><strong>sublimis</strong></span> <span class='ocrx_word' id='word_1_454' title='bbox 3068 1929 3288 1984; x_wconf 88' lang='lat' dir='ltr'><strong>tollatur</strong></span> <span class='ocrx_word' id='word_1_455' title='bbox 3312 1939 3365 1985; x_wconf 90' lang='lat' dir='ltr'>et</span> <span class='ocrx_word' id='word_1_456' title='bbox 3394 1935 3463 1987; x_wconf 88' lang='lat' dir='ltr'>ad</span> 
     </span>
    </p>
   </div>
   <div class='ocr_carea' id='block_1_61' title="bbox 1889 2004 3462 2091">
    <p class='ocr_par' dir='ltr' id='par_1_61' title="bbox 1889 2004 3462 2091">
     <span class='ocr_line' id='line_1_61' title="bbox 1889 2004 3462 2091; baseline 0.012 -33"><span class='ocrx_word' id='word_1_457' title='bbox 1889 2004 2055 2058; x_wconf 90' lang='lat' dir='ltr'><strong>Deum</strong></span> <span class='ocrx_word' id='word_1_458' title='bbox 2097 2007 2372 2070; x_wconf 79' lang='lat' dir='ltr'><strong>ascendat,</strong></span> <span class='ocrx_word' id='word_1_459' title='bbox 2443 2009 2624 2062; x_wconf 90' lang='lat' dir='ltr'><strong>sciens</strong></span> <span class='ocrx_word' id='word_1_460' title='bbox 2687 2013 2830 2078; x_wconf 91' lang='lat' dir='ltr'><strong>quod</strong></span> <span class='ocrx_word' id='word_1_461' title='bbox 2883 2017 2925 2068; x_wconf 92' lang='lat' dir='ltr'>si</span> <span class='ocrx_word' id='word_1_462' title='bbox 2976 2019 3196 2084; x_wconf 86' lang='lat' dir='ltr'><strong>pulchra</strong></span> <span class='ocrx_word' id='word_1_463' title='bbox 3245 2022 3462 2091; x_wconf 88' lang='lat' dir='ltr'><strong>quidem</strong></span> 
     </span>
    </p>
   </div>
   <div class='ocr_carea' id='block_1_62' title="bbox 1892 2095 3464 2172">
    <p class='ocr_par' dir='ltr' id='par_1_62' title="bbox 1892 2095 3464 2172">
     <span class='ocr_line' id='line_1_62' title="bbox 1892 2095 3464 2172; baseline 0.012 -23"><span class='ocrx_word' id='word_1_464' title='bbox 1892 2095 2098 2162; x_wconf 83' lang='lat' dir='ltr'><strong>absque</strong></span> <span class='ocrx_word' id='word_1_465' title='bbox 2127 2095 2271 2151; x_wconf 82' lang='lat' dir='ltr'><strong>ferro</strong></span> <span class='ocrx_word' id='word_1_466' title='bbox 2326 2109 2378 2150; x_wconf 88' lang='lat' dir='ltr'>et</span> <span class='ocrx_word' id='word_1_467' title='bbox 2437 2099 2653 2154; x_wconf 87' lang='lat' dir='ltr'><strong>humilis</strong></span> <span class='ocrx_word' id='word_1_468' title='bbox 2687 2103 2817 2168; x_wconf 85' lang='lat' dir='ltr'><strong>vita,</strong></span> <span class='ocrx_word' id='word_1_469' title='bbox 2851 2105 3136 2172; x_wconf 90' lang='lat' dir='ltr'><strong>pulchrum</strong></span> <span class='ocrx_word' id='word_1_470' title='bbox 3180 2114 3343 2165; x_wconf 91' lang='lat' dir='ltr'><strong>etiam</strong></span> <span class='ocrx_word' id='word_1_471' title='bbox 3378 2125 3464 2168; x_wconf 87' lang='lat' dir='ltr'>est</span> 
     </span>
    </p>
   </div>
   <div class='ocr_carea' id='block_1_63' title="bbox 1880 2187 3464 2274">
    <p class='ocr_par' dir='ltr' id='par_1_63' title="bbox 1880 2187 3464 2274">
     <span class='ocr_line' id='line_1_63' title="bbox 1880 2187 3464 2274; baseline 0.013 -33"><span class='ocrx_word' id='word_1_472' title='bbox 1880 2201 2158 2241; x_wconf 83' lang='lat' dir='ltr'><strong>armorum</strong></span> <span class='ocrx_word' id='word_1_473' title='bbox 2195 2187 2396 2242; x_wconf 79' lang='lat' dir='ltr'><strong>ferrum</strong></span> <span class='ocrx_word' id='word_1_474' title='bbox 2447 2191 2488 2244; x_wconf 90' lang='lat' dir='ltr'>si</span> <span class='ocrx_word' id='word_1_475' title='bbox 2542 2193 2678 2246; x_wconf 88' lang='lat' dir='ltr'><strong>bene</strong></span> <span class='ocrx_word' id='word_1_476' title='bbox 2709 2205 2978 2262; x_wconf 88' lang='lat' dir='ltr'><strong>gestatum</strong></span> <span class='ocrx_word' id='word_1_477' title='bbox 3013 2201 3120 2254; x_wconf 91' lang='lat' dir='ltr'><strong>erit</strong></span> <span class='ocrx_word' id='word_1_478' title='bbox 3153 2213 3207 2256; x_wconf 93' lang='lat' dir='ltr'>et</span> <span class='ocrx_word' id='word_1_479' title='bbox 3243 2205 3464 2274; x_wconf 59' lang='lat' dir='ltr'><strong>simpli.</strong></span> 
     </span>
    </p>
   </div>
   <div class='ocr_carea' id='block_1_64' title="bbox 1884 2279 3546 2362">
    <p class='ocr_par' dir='ltr' id='par_1_64' title="bbox 1884 2279 3546 2362">
     <span class='ocr_line' id='line_1_64' title="bbox 1884 2279 3546 2362; baseline 0.01 -30"><span class='ocrx_word' id='word_1_480' title='bbox 1884 2279 2050 2333; x_wconf 90' lang='lat' dir='ltr'><strong>citate</strong></span> <span class='ocrx_word' id='word_1_481' title='bbox 2104 2280 2328 2348; x_wconf 81' lang='lat' dir='ltr'><strong>politum</strong></span> <span class='ocrx_word' id='word_1_482' title='bbox 2381 2281 2648 2350; x_wconf 74' lang='lat' dir='ltr'><strong>splendet,</strong></span> <span class='ocrx_word' id='word_1_483' title='bbox 2697 2301 2796 2341; x_wconf 91' lang='lat' dir='ltr'>nec</span> <span class='ocrx_word' id='word_1_484' title='bbox 2825 2304 3059 2360; x_wconf 82' lang='lat' dir='ltr'><strong>unquam</strong></span> <span class='ocrx_word' id='word_1_485' title='bbox 3106 2311 3215 2362; x_wconf 77' lang='lat' dir='ltr'><strong>pra:</strong></span> <span class='ocrx_word' id='word_1_486' title='bbox 3255 2311 3312 2352; x_wconf 85' lang='lat' dir='ltr'>se</span> <span class='ocrx_word' id='word_1_487' title='bbox 3343 2297 3467 2354; x_wconf 88' lang='lat' dir='ltr'><strong>tulit</strong></span> <span class='ocrx_word' id='word_1_488' title='bbox 3538 2342 3546 2349; x_wconf 91' lang='lat'><em>.</em></span> 
     </span>
    </p>
   </div>
   <div class='ocr_carea' id='block_1_65' title="bbox 1884 2371 2473 2437">
    <p class='ocr_par' dir='ltr' id='par_1_65' title="bbox 1884 2371 2473 2437">
     <span class='ocr_line' id='line_1_65' title="bbox 1884 2371 2473 2437; baseline 0.01 -15"><span class='ocrx_word' id='word_1_489' title='bbox 1884 2371 2152 2437; x_wconf 73' lang='lat' dir='ltr'><strong>superbia:</strong></span> <span class='ocrx_word' id='word_1_490' title='bbox 2186 2387 2473 2428; x_wconf 81' lang='lat' dir='ltr'><strong>venenum.</strong></span> 
     </span>
    </p>
   </div>
   <div class='ocr_carea' id='block_1_66' title="bbox 1956 2459 3464 2544">
    <p class='ocr_par' dir='ltr' id='par_1_66' title="bbox 1956 2459 3464 2544">
     <span class='ocr_line' id='line_1_66' title="bbox 1956 2459 3464 2544; baseline 0.014 -31"><span class='ocrx_word' id='word_1_491' title='bbox 1956 2459 2041 2514; x_wconf 82' lang='lat'>57.</span> <span class='ocrx_word' id='word_1_492' title='bbox 2087 2463 2196 2515; x_wconf 80' lang='lat' dir='ltr'><strong>Cur</strong></span> <span class='ocrx_word' id='word_1_493' title='bbox 2225 2475 2402 2518; x_wconf 86' lang='lat' dir='ltr'><strong>autem</strong></span> <span class='ocrx_word' id='word_1_494' title='bbox 2434 2471 2836 2527; x_wconf 85' lang='lat' dir='ltr'><strong>narrationibus</strong></span> <span class='ocrx_word' id='word_1_495' title='bbox 2862 2481 3074 2544; x_wconf 78' lang='lat' dir='ltr'><strong>tempus</strong></span> <span class='ocrx_word' id='word_1_496' title='bbox 3101 2487 3234 2542; x_wconf 90' lang='lat' dir='ltr'><strong>tero,</strong></span> <span class='ocrx_word' id='word_1_497' title='bbox 3255 2489 3311 2534; x_wconf 87' lang='lat' dir='ltr'>ut</span> <span class='ocrx_word' id='word_1_498' title='bbox 3334 2481 3464 2534; x_wconf 80' lang='lat' dir='ltr'><strong>ferri</strong></span> 
     </span>
    </p>
   </div>
   <div class='ocr_carea' id='block_1_67' title="bbox 1886 2553 3463 2629">
    <p class='ocr_par' dir='ltr' id='par_1_67' title="bbox 1886 2553 3463 2629">
     <span class='ocr_line' id='line_1_67' title="bbox 1886 2553 3463 2629; baseline 0.013 -24"><span class='ocrx_word' id='word_1_499' title='bbox 1886 2553 2114 2622; x_wconf 88' lang='lat' dir='ltr'><strong>superbe</strong></span> <span class='ocrx_word' id='word_1_500' title='bbox 2189 2559 2385 2624; x_wconf 86' lang='lat' dir='ltr'><strong>portati</strong></span> <span class='ocrx_word' id='word_1_501' title='bbox 2453 2565 2814 2629; x_wconf 77' lang='lat' dir='ltr'><strong>arrogantiam</strong></span> <span class='ocrx_word' id='word_1_502' title='bbox 2889 2567 3192 2624; x_wconf 73' lang='lat' dir='ltr'><strong>incutiam?</strong></span> <span class='ocrx_word' id='word_1_503' title='bbox 3243 2571 3354 2626; x_wconf 89' lang='lat' dir='ltr'><strong>Cur</strong></span> <span class='ocrx_word' id='word_1_504' title='bbox 3407 2574 3463 2628; x_wconf 90' lang='lat' dir='ltr'>in</span> 
     </span>
    </p>
   </div>
   <div class='ocr_carea' id='block_1_68' title="bbox 1888 2648 3462 2730">
    <p class='ocr_par' dir='ltr' id='par_1_68' title="bbox 1888 2648 3462 2730">
     <span class='ocr_line' id='line_1_68' title="bbox 1888 2648 3462 2730; baseline 0.013 -32"><span class='ocrx_word' id='word_1_505' title='bbox 1888 2648 2202 2701; x_wconf 88' lang='lat' dir='ltr'><strong>memoriam</strong></span> <span class='ocrx_word' id='word_1_506' title='bbox 2239 2651 2492 2720; x_wconf 89' lang='lat' dir='ltr'><strong>antiquos</strong></span> <span class='ocrx_word' id='word_1_507' title='bbox 2516 2669 2697 2710; x_wconf 83' lang='lat' dir='ltr'><strong>mores</strong></span> <span class='ocrx_word' id='word_1_508' title='bbox 2735 2659 3064 2728; x_wconf 88' lang='lat' dir='ltr'><strong>populosque</strong></span> <span class='ocrx_word' id='word_1_509' title='bbox 3108 2677 3376 2730; x_wconf 69' lang='lat' dir='ltr'>I&#39;B‘VOCOIII,</span> <span class='ocrx_word' id='word_1_510' title='bbox 3405 2665 3462 2719; x_wconf 88' lang='lat' dir='ltr'>in</span> 
     </span>
    </p>
   </div>
   <div class='ocr_carea' id='block_1_69' title="bbox 1887 2740 3462 2820">
    <p class='ocr_par' dir='ltr' id='par_1_69' title="bbox 1887 2740 3462 2820">
     <span class='ocr_line' id='line_1_69' title="bbox 1887 2740 3462 2820; baseline 0.013 -29"><span class='ocrx_word' id='word_1_511' title='bbox 1887 2740 2084 2808; x_wconf 87' lang='lat' dir='ltr'><strong>quibus</strong></span> <span class='ocrx_word' id='word_1_512' title='bbox 2144 2742 2491 2798; x_wconf 83' lang='lat' dir='ltr'><strong>inveniuntur</strong></span> <span class='ocrx_word' id='word_1_513' title='bbox 2545 2762 2642 2816; x_wconf 87' lang='lat' dir='ltr'>per</span> <span class='ocrx_word' id='word_1_514' title='bbox 2675 2750 2844 2802; x_wconf 73' lang='lat' dir='ltr'><strong>vitam</strong></span> <span class='ocrx_word' id='word_1_515' title='bbox 2900 2755 3096 2808; x_wconf 84' lang='lat' dir='ltr'><strong>armati</strong></span> <span class='ocrx_word' id='word_1_516' title='bbox 3149 2754 3462 2820; x_wconf 84' lang='lat' dir='ltr'><strong>bellatores,</strong></span> 
     </span>
    </p>
   </div>
   <div class='ocr_carea' id='block_1_70' title="bbox 1889 2830 3514 2913">
    <p class='ocr_par' dir='ltr' id='par_1_70' title="bbox 1889 2830 3514 2913">
     <span class='ocr_line' id='line_1_70' title="bbox 1889 2830 3514 2913; baseline 0.012 -31"><span class='ocrx_word' id='word_1_517' title='bbox 1889 2830 1941 2882; x_wconf 85' lang='lat' dir='ltr'>in</span> <span class='ocrx_word' id='word_1_518' title='bbox 1972 2831 2224 2894; x_wconf 72' lang='lat' dir='ltr'><strong>emtibus,</strong></span> <span class='ocrx_word' id='word_1_519' title='bbox 2247 2834 2297 2885; x_wconf 91' lang='lat' dir='ltr'>in</span> <span class='ocrx_word' id='word_1_520' title='bbox 2337 2837 2625 2904; x_wconf 76' lang='lat' dir='ltr'><strong>conviviis,</strong></span> <span class='ocrx_word' id='word_1_521' title='bbox 2652 2839 2705 2892; x_wconf 90' lang='lat' dir='ltr'>in</span> <span class='ocrx_word' id='word_1_522' title='bbox 2737 2839 2862 2897; x_wconf 80' lang='lat' dir='ltr'><strong>viis.</strong></span> <span class='ocrx_word' id='word_1_523' title='bbox 2889 2841 3088 2910; x_wconf 89' lang='lat' dir='ltr'><strong>ubique</strong></span> <span class='ocrx_word' id='word_1_524' title='bbox 3115 2861 3128 2908; x_wconf 93' lang='lat'><strong>;</strong></span> <span class='ocrx_word' id='word_1_525' title='bbox 3163 2846 3316 2913; x_wconf 86' lang='lat' dir='ltr'><strong>quasi</strong></span> <span class='ocrx_word' id='word_1_526' title='bbox 3348 2847 3465 2902; x_wconf 82' lang='lat' dir='ltr'><strong>leve</strong></span> <span class='ocrx_word' id='word_1_527' title='bbox 3509 2876 3514 2880; x_wconf 87' lang='lat'><strong>-</strong></span> 
     </span>
    </p>
   </div>
   <div class='ocr_carea' id='block_1_71' title="bbox 1889 2929 3461 3003">
    <p class='ocr_par' dir='ltr' id='par_1_71' title="bbox 1889 2929 3461 3003">
     <span class='ocr_line' id='line_1_71' title="bbox 1889 2929 3461 3003; baseline 0.008 -28"><span class='ocrx_word' id='word_1_528' title='bbox 1889 2933 2034 2976; x_wconf 76' lang='lat' dir='ltr'><strong>esset</strong></span> <span class='ocrx_word' id='word_1_529' title='bbox 2059 2935 2348 2979; x_wconf 65' lang='lat' dir='ltr'><strong>armaturae</strong></span> <span class='ocrx_word' id='word_1_530' title='bbox 2379 2929 2542 2982; x_wconf 88' lang='lat' dir='ltr'><strong>totius</strong></span> <span class='ocrx_word' id='word_1_531' title='bbox 2576 2945 2715 2984; x_wconf 88' lang='lat' dir='ltr'><strong>onus</strong></span> <span class='ocrx_word' id='word_1_532' title='bbox 2741 2943 2795 2985; x_wconf 92' lang='lat' dir='ltr'>et</span> <span class='ocrx_word' id='word_1_533' title='bbox 2826 2934 3043 2987; x_wconf 87' lang='lat' dir='ltr'><strong>solitum</strong></span> <span class='ocrx_word' id='word_1_534' title='bbox 3063 2935 3461 3003; x_wconf 83' lang='lat' dir='ltr'><strong>indumentum,</strong></span> 
     </span>
    </p>
   </div>
   <div class='ocr_carea' id='block_1_72' title="bbox 1889 3016 3466 3087">
    <p class='ocr_par' dir='ltr' id='par_1_72' title="bbox 1889 3016 3466 3087">
     <span class='ocr_line' id='line_1_72' title="bbox 1889 3016 3466 3087; baseline 0.012 -20"><span class='ocrx_word' id='word_1_535' title='bbox 1889 3016 2031 3068; x_wconf 87' lang='lat' dir='ltr'><strong>sicut</strong></span> <span class='ocrx_word' id='word_1_536' title='bbox 2092 3019 2487 3074; x_wconf 87' lang='lat' dir='ltr'><strong>consuetudine</strong></span> <span class='ocrx_word' id='word_1_537' title='bbox 2540 3021 2870 3080; x_wconf 87' lang='lat' dir='ltr'><strong>indesinenti</strong></span> <span class='ocrx_word' id='word_1_538' title='bbox 2921 3028 3311 3086; x_wconf 80' lang='lat' dir='ltr'><strong>circumdatis?</strong></span> <span class='ocrx_word' id='word_1_539' title='bbox 3354 3033 3466 3087; x_wconf 81' lang='lat' dir='ltr'><strong>Cur</strong></span> 
     </span>
    </p>
   </div>
   <div class='ocr_carea' id='block_1_73' title="bbox 1894 3109 3465 3194">
    <p class='ocr_par' dir='ltr' id='par_1_73' title="bbox 1894 3109 3465 3194">
     <span class='ocr_line' id='line_1_73' title="bbox 1894 3109 3465 3194; baseline 0.013 -35"><span class='ocrx_word' id='word_1_540' title='bbox 1894 3122 2022 3162; x_wconf 81' lang='lat' dir='ltr'><strong>vero</strong></span> <span class='ocrx_word' id='word_1_541' title='bbox 2049 3109 2272 3180; x_wconf 87' lang='lat' dir='ltr'><strong>insuper</strong></span> <span class='ocrx_word' id='word_1_542' title='bbox 2299 3111 2474 3166; x_wconf 79' lang='lat' dir='ltr'><strong>dicam</strong></span> <span class='ocrx_word' id='word_1_543' title='bbox 2510 3125 2778 3184; x_wconf 85' lang='lat' dir='ltr'><strong>quotquot</strong></span> <span class='ocrx_word' id='word_1_544' title='bbox 2813 3128 3011 3184; x_wconf 65' lang='lat' dir='ltr'><strong>praeter</strong></span> <span class='ocrx_word' id='word_1_545' title='bbox 3051 3136 3203 3176; x_wconf 87' lang='lat' dir='ltr'><strong>arma</strong></span> <span class='ocrx_word' id='word_1_546' title='bbox 3245 3133 3299 3177; x_wconf 90' lang='lat' dir='ltr'>et</span> <span class='ocrx_word' id='word_1_547' title='bbox 3338 3140 3465 3194; x_wconf 83' lang='lat' dir='ltr'><strong>pre-</strong></span> 
     </span>
    </p>
   </div>
   <div class='ocr_carea' id='block_1_74' title="bbox 1894 3198 3468 3284">
    <p class='ocr_par' dir='ltr' id='par_1_74' title="bbox 1894 3198 3468 3284">
     <span class='ocr_line' id='line_1_74' title="bbox 1894 3198 3468 3284; baseline 0.013 -32"><span class='ocrx_word' id='word_1_548' title='bbox 1894 3198 2063 3254; x_wconf 85' lang='lat' dir='ltr'><strong>tiosos</strong></span> <span class='ocrx_word' id='word_1_549' title='bbox 2112 3201 2317 3269; x_wconf 79' lang='lat' dir='ltr'><strong>lapides</strong></span> <span class='ocrx_word' id='word_1_550' title='bbox 2349 3207 2660 3272; x_wconf 84' lang='lat' dir='ltr'><strong>portabant,</strong></span> <span class='ocrx_word' id='word_1_551' title='bbox 2687 3223 2848 3276; x_wconf 88' lang='lat' dir='ltr'><strong>quem</strong></span> <span class='ocrx_word' id='word_1_552' title='bbox 2884 3220 3124 3281; x_wconf 85' lang='lat' dir='ltr'><strong>tempore</strong></span> <span class='ocrx_word' id='word_1_553' title='bbox 3162 3227 3468 3284; x_wconf 84' lang='lat' dir='ltr'><strong>Oppnrltmo</strong></span> 
     </span>
    </p>
   </div>
   <div class='ocr_carea' id='block_1_75' title="bbox 1893 3286 3468 3378">
    <p class='ocr_par' dir='ltr' id='par_1_75' title="bbox 1893 3286 3468 3378">
     <span class='ocr_line' id='line_1_75' title="bbox 1893 3286 3468 3378; baseline 0.011 -34"><span class='ocrx_word' id='word_1_554' title='bbox 1893 3292 2159 3358; x_wconf 73' lang='lat' dir='ltr'><strong>projicere</strong></span> <span class='ocrx_word' id='word_1_555' title='bbox 2213 3286 2496 3362; x_wconf 83' lang='lat' dir='ltr'><strong>oportebat</strong></span> <span class='ocrx_word' id='word_1_556' title='bbox 2545 3300 2794 3353; x_wconf 88' lang='lat' dir='ltr'><strong>nobiliori</strong></span> <span class='ocrx_word' id='word_1_557' title='bbox 2849 3313 2905 3356; x_wconf 88' lang='lat' dir='ltr'>et</span> <span class='ocrx_word' id='word_1_558' title='bbox 2963 3303 3147 3358; x_wconf 83' lang='lat' dir='ltr'><strong>leviori</strong></span> <span class='ocrx_word' id='word_1_559' title='bbox 3187 3321 3468 3378; x_wconf 85' lang='lat' dir='ltr'><strong>assumpto</strong></span> 
     </span>
    </p>
   </div>
   <div class='ocr_carea' id='block_1_76' title="bbox 1892 3385 3468 3455">
    <p class='ocr_par' dir='ltr' id='par_1_76' title="bbox 1892 3385 3468 3455">
     <span class='ocr_line' id='line_1_76' title="bbox 1892 3385 3468 3455; baseline 0.013 -22"><span class='ocrx_word' id='word_1_560' title='bbox 1892 3397 2074 3452; x_wconf 86' lang='lat' dir='ltr'><strong>opere,</strong></span> <span class='ocrx_word' id='word_1_561' title='bbox 2107 3393 2164 3438; x_wconf 90' lang='lat' dir='ltr'>ut</span> <span class='ocrx_word' id='word_1_562' title='bbox 2188 3385 2231 3438; x_wconf 96' lang='lat' dir='ltr'>si</span> <span class='ocrx_word' id='word_1_563' title='bbox 2257 3387 2381 3454; x_wconf 89' lang='lat' dir='ltr'><strong>quis</strong></span> <span class='ocrx_word' id='word_1_564' title='bbox 2423 3403 2528 3442; x_wconf 90' lang='lat' dir='ltr'>non</span> <span class='ocrx_word' id='word_1_565' title='bbox 2561 3399 2706 3444; x_wconf 80' lang='lat' dir='ltr'><strong>totus</strong></span> <span class='ocrx_word' id='word_1_566' title='bbox 2740 3391 2998 3448; x_wconf 83' lang='lat' dir='ltr'><strong>loricatus</strong></span> <span class='ocrx_word' id='word_1_567' title='bbox 3030 3409 3171 3453; x_wconf 83' lang='lat' dir='ltr'><strong>esset</strong></span> <span class='ocrx_word' id='word_1_568' title='bbox 3202 3409 3295 3454; x_wconf 84' lang='lat' dir='ltr'>aut</span> <span class='ocrx_word' id='word_1_569' title='bbox 3335 3401 3468 3455; x_wconf 78' lang='lat' dir='ltr'><strong>leris</strong></span> 
     </span>
    </p>
   </div>
   <div class='ocr_carea' id='block_1_77' title="bbox 1892 3481 3467 3550">
    <p class='ocr_par' dir='ltr' id='par_1_77' title="bbox 1892 3481 3467 3550">
     <span class='ocr_line' id='line_1_77' title="bbox 1892 3481 3467 3550; baseline 0.014 -22"><span class='ocrx_word' id='word_1_570' title='bbox 1892 3485 2042 3529; x_wconf 82' lang='lat' dir='ltr'><strong>Osset</strong></span> <span class='ocrx_word' id='word_1_571' title='bbox 2083 3481 2419 3533; x_wconf 76' lang='lat' dir='ltr'><strong>armaturae?</strong></span> <span class='ocrx_word' id='word_1_572' title='bbox 2464 3481 2573 3535; x_wconf 87' lang='lat' dir='ltr'><strong>Cur</strong></span> <span class='ocrx_word' id='word_1_573' title='bbox 2623 3495 2802 3538; x_wconf 88' lang='lat' dir='ltr'><strong>autem</strong></span> <span class='ocrx_word' id='word_1_574' title='bbox 2866 3487 3061 3542; x_wconf 89' lang='lat' dir='ltr'><strong>talibus</strong></span> <span class='ocrx_word' id='word_1_575' title='bbox 3124 3495 3467 3550; x_wconf 85' lang='lat' dir='ltr'><strong>sermonibus</strong></span> 
     </span>
    </p>
   </div>
   <div class='ocr_carea' id='block_1_78' title="bbox 1902 3570 3463 3652">
    <p class='ocr_par' dir='ltr' id='par_1_78' title="bbox 1902 3570 3463 3652">
     <span class='ocr_line' id='line_1_78' title="bbox 1902 3570 3463 3652; baseline 0.014 -35"><span class='ocrx_word' id='word_1_576' title='bbox 1902 3574 2113 3632; x_wconf 88' lang='lat' dir='ltr'><strong>tempus</strong></span> <span class='ocrx_word' id='word_1_577' title='bbox 2149 3576 2289 3632; x_wconf 91' lang='lat' dir='ltr'><strong>tero,</strong></span> <span class='ocrx_word' id='word_1_578' title='bbox 2345 3570 2434 3623; x_wconf 87' lang='lat' dir='ltr'>ubi</span> <span class='ocrx_word' id='word_1_579' title='bbox 2477 3572 2659 3627; x_wconf 88' lang='lat' dir='ltr'><strong>dicere</strong></span> <span class='ocrx_word' id='word_1_580' title='bbox 2687 3575 2880 3628; x_wconf 85' lang='lat' dir='ltr'><strong>sullicit</strong></span> <span class='ocrx_word' id='word_1_581' title='bbox 2915 3577 3170 3648; x_wconf 79' lang='lat' dir='ltr'><strong>breviter,</strong></span> <span class='ocrx_word' id='word_1_582' title='bbox 3203 3595 3463 3652; x_wconf 87' lang='lat' dir='ltr'><strong>quantum</strong></span> 
     </span>
    </p>
   </div>
   <div class='ocr_carea' id='block_1_79' title="bbox 1897 3655 3466 3742">
    <p class='ocr_par' dir='ltr' id='par_1_79' title="bbox 1897 3655 3466 3742">
     <span class='ocr_line' id='line_1_79' title="bbox 1897 3655 3466 3742; baseline 0.015 -36"><span class='ocrx_word' id='word_1_583' title='bbox 1897 3656 2003 3708; x_wconf 89' lang='lat' dir='ltr'><strong>tale</strong></span> <span class='ocrx_word' id='word_1_584' title='bbox 2046 3655 2250 3709; x_wconf 82' lang='lat' dir='ltr'><strong>ferrum</strong></span> <span class='ocrx_word' id='word_1_585' title='bbox 2296 3674 2420 3712; x_wconf 89' lang='lat' dir='ltr'>amo</span> <span class='ocrx_word' id='word_1_586' title='bbox 2451 3670 2502 3713; x_wconf 92' lang='lat' dir='ltr'>et</span> <span class='ocrx_word' id='word_1_587' title='bbox 2539 3662 2723 3731; x_wconf 84' lang='lat' dir='ltr'><strong>diligo,</strong></span> <span class='ocrx_word' id='word_1_588' title='bbox 2766 3665 2893 3720; x_wconf 91' lang='lat' dir='ltr'><strong>illud</strong></span> <span class='ocrx_word' id='word_1_589' title='bbox 2942 3684 3152 3724; x_wconf 87' lang='lat' dir='ltr'><strong>mecum</strong></span> <span class='ocrx_word' id='word_1_590' title='bbox 3209 3686 3466 3742; x_wconf 82' lang='lat' dir='ltr'><strong>reputans</strong></span> 
     </span>
    </p>
   </div>
   <div class='ocr_carea' id='block_1_80' title="bbox 1897 3749 3462 3834">
    <p class='ocr_par' dir='ltr' id='par_1_80' title="bbox 1897 3749 3462 3834">
     <span class='ocr_line' id='line_1_80' title="bbox 1897 3749 3462 3834; baseline 0.014 -37"><span class='ocrx_word' id='word_1_591' title='bbox 1897 3749 2042 3816; x_wconf 88' lang='lat' dir='ltr'><strong>quod</strong></span> <span class='ocrx_word' id='word_1_592' title='bbox 2081 3749 2286 3802; x_wconf 91' lang='lat' dir='ltr'><strong>nullum</strong></span> <span class='ocrx_word' id='word_1_593' title='bbox 2337 3751 2552 3806; x_wconf 75' lang='lat' dir='ltr'><strong>{acilius</strong></span> <span class='ocrx_word' id='word_1_594' title='bbox 2606 3770 3014 3814; x_wconf 87' lang='lat' dir='ltr'><strong>consummatur</strong></span> <span class='ocrx_word' id='word_1_595' title='bbox 3061 3765 3254 3816; x_wconf 91' lang='lat' dir='ltr'><strong>bellum</strong></span> <span class='ocrx_word' id='word_1_596' title='bbox 3303 3782 3462 3834; x_wconf 90' lang='lat' dir='ltr'><strong>quam</strong></span> 
     </span>
    </p>
   </div>
   <div class='ocr_carea' id='block_1_81' title="bbox 1893 3839 3461 3921">
    <p class='ocr_par' dir='ltr' id='par_1_81' title="bbox 1893 3839 3461 3921">
     <span class='ocr_line' id='line_1_81' title="bbox 1893 3839 3461 3921; baseline 0.012 -30"><span class='ocrx_word' id='word_1_597' title='bbox 1893 3839 2042 3892; x_wconf 78' lang='lat' dir='ltr'><strong>ferro</strong></span> <span class='ocrx_word' id='word_1_598' title='bbox 2073 3841 2138 3893; x_wconf 87' lang='lat' dir='ltr'>ad</span> <span class='ocrx_word' id='word_1_599' title='bbox 2165 3840 2427 3909; x_wconf 87' lang='lat' dir='ltr'><strong>judicium</strong></span> <span class='ocrx_word' id='word_1_600' title='bbox 2481 3856 2796 3914; x_wconf 75' lang='lat' dir='ltr'><strong>aSsumpto;</strong></span> <span class='ocrx_word' id='word_1_601' title='bbox 2841 3861 2896 3904; x_wconf 91' lang='lat' dir='ltr'>et</span> <span class='ocrx_word' id='word_1_602' title='bbox 2951 3854 3231 3921; x_wconf 87' lang='lat' dir='ltr'><strong>spirituale</strong></span> <span class='ocrx_word' id='word_1_603' title='bbox 3266 3856 3461 3912; x_wconf 89' lang='lat' dir='ltr'><strong>bellum</strong></span> 
     </span>
    </p>
   </div>
   <div class='ocr_carea' id='block_1_82' title="bbox 1893 3931 3465 4005">
    <p class='ocr_par' dir='ltr' id='par_1_82' title="bbox 1893 3931 3465 4005">
     <span class='ocr_line' id='line_1_82' title="bbox 1893 3931 3465 4005; baseline 0.012 -20"><span class='ocrx_word' id='word_1_604' title='bbox 1893 3934 2094 3999; x_wconf 88' lang='lat' dir='ltr'><strong>optime</strong></span> <span class='ocrx_word' id='word_1_605' title='bbox 2129 3931 2274 3986; x_wconf 81' lang='lat' dir='ltr'><strong>ferro</strong></span> <span class='ocrx_word' id='word_1_606' title='bbox 2306 3933 2408 3989; x_wconf 90' lang='lat' dir='ltr'>hoc</span> <span class='ocrx_word' id='word_1_607' title='bbox 2434 3937 2599 4005; x_wconf 79' lang='lat' dir='ltr'><strong>eget?</strong></span> <span class='ocrx_word' id='word_1_608' title='bbox 2627 3939 2730 4003; x_wconf 89' lang='lat' dir='ltr'><strong>Qui</strong></span> <span class='ocrx_word' id='word_1_609' title='bbox 2772 3941 2918 3995; x_wconf 87' lang='lat' dir='ltr'><strong>istud</strong></span> <span class='ocrx_word' id='word_1_610' title='bbox 2954 3955 3100 3998; x_wconf 89' lang='lat' dir='ltr'><strong>recta</strong></span> <span class='ocrx_word' id='word_1_611' title='bbox 3127 3949 3332 4002; x_wconf 87' lang='lat' dir='ltr'><strong>ratione</strong></span> <span class='ocrx_word' id='word_1_612' title='bbox 3361 3952 3465 4004; x_wconf 72' lang='lat' dir='ltr'><strong>fert</strong></span> 
     </span>
    </p>
   </div>
   <div class='ocr_carea' id='block_1_83' title="bbox 1896 4020 3464 4100">
    <p class='ocr_par' dir='ltr' id='par_1_83' title="bbox 1896 4020 3464 4100">
     <span class='ocr_line' id='line_1_83' title="bbox 1896 4020 3464 4100; baseline 0.013 -29"><span class='ocrx_word' id='word_1_613' title='bbox 1896 4020 1989 4073; x_wconf 88' lang='lat' dir='ltr'><strong>teli</strong></span> <span class='ocrx_word' id='word_1_614' title='bbox 2021 4020 2181 4074; x_wconf 87' lang='lat' dir='ltr'><strong>electi</strong></span> <span class='ocrx_word' id='word_1_615' title='bbox 2225 4023 2399 4076; x_wconf 91' lang='lat' dir='ltr'><strong>instar</strong></span> <span class='ocrx_word' id='word_1_616' title='bbox 2420 4023 2532 4079; x_wconf 90' lang='lat' dir='ltr'>Deo</span> <span class='ocrx_word' id='word_1_617' title='bbox 2569 4028 2811 4082; x_wconf 89' lang='lat' dir='ltr'><strong>destinat</strong></span> <span class='ocrx_word' id='word_1_618' title='bbox 2837 4033 3138 4100; x_wconf 87' lang='lat' dir='ltr'><strong>spiritualis</strong></span> <span class='ocrx_word' id='word_1_619' title='bbox 3169 4038 3464 4092; x_wconf 75' lang='lat' dir='ltr'><strong>exultatio-</strong></span> 
     </span>
    </p>
   </div>
   <div class='ocr_carea' id='block_1_84' title="bbox 1895 4111 3464 4187">
    <p class='ocr_par' dir='ltr' id='par_1_84' title="bbox 1895 4111 3464 4187">
     <span class='ocr_line' id='line_1_84' title="bbox 1895 4111 3464 4187; baseline 0.013 -23"><span class='ocrx_word' id='word_1_620' title='bbox 1895 4112 1981 4165; x_wconf 89' lang='lat' dir='ltr'>nis</span> <span class='ocrx_word' id='word_1_621' title='bbox 2020 4111 2102 4165; x_wconf 89' lang='lat' dir='ltr'>ala</span> <span class='ocrx_word' id='word_1_622' title='bbox 2156 4114 2421 4182; x_wconf 84' lang='lat' dir='ltr'><strong>sublatus,</strong></span> <span class='ocrx_word' id='word_1_623' title='bbox 2463 4117 2550 4172; x_wconf 87' lang='lat' dir='ltr'><strong>teli</strong></span> <span class='ocrx_word' id='word_1_624' title='bbox 2587 4135 2718 4174; x_wconf 80' lang='lat' dir='ltr'><strong>vero</strong></span> <span class='ocrx_word' id='word_1_625' title='bbox 2754 4123 2924 4176; x_wconf 88' lang='lat' dir='ltr'><strong>instar</strong></span> <span class='ocrx_word' id='word_1_626' title='bbox 2961 4138 3176 4181; x_wconf 80' lang='lat' dir='ltr'><strong>acutum</strong></span> <span class='ocrx_word' id='word_1_627' title='bbox 3225 4129 3365 4185; x_wconf 88' lang='lat' dir='ltr'><strong>istud</strong></span> <span class='ocrx_word' id='word_1_628' title='bbox 3406 4143 3464 4187; x_wconf 83' lang='lat' dir='ltr'>et</span> 
     </span>
    </p>
   </div>
   <div class='ocr_carea' id='block_1_85' title="bbox 1896 4204 3466 4288">
    <p class='ocr_par' dir='ltr' id='par_1_85' title="bbox 1896 4204 3466 4288">
     <span class='ocr_line' id='line_1_85' title="bbox 1896 4204 3466 4288; baseline 0.012 -32"><span class='ocrx_word' id='word_1_629' title='bbox 1896 4204 2079 4258; x_wconf 89' lang='lat' dir='ltr'><strong>hostes</strong></span> <span class='ocrx_word' id='word_1_630' title='bbox 2127 4219 2364 4262; x_wconf 87' lang='lat' dir='ltr'><strong>enecans</strong></span> <span class='ocrx_word' id='word_1_631' title='bbox 2409 4211 2551 4264; x_wconf 83' lang='lat' dir='ltr'><strong>inter</strong></span> <span class='ocrx_word' id='word_1_632' title='bbox 2607 4215 2841 4280; x_wconf 79' lang='lat' dir='ltr'><strong>perit-uia</strong></span> <span class='ocrx_word' id='word_1_633' title='bbox 2892 4231 3072 4270; x_wconf 81' lang='lat' dir='ltr'><strong>secum</strong></span> <span class='ocrx_word' id='word_1_634' title='bbox 3105 4235 3296 4288; x_wconf 85' lang='lat' dir='ltr'><strong>gerens</strong></span> <span class='ocrx_word' id='word_1_635' title='bbox 3358 4223 3466 4278; x_wconf 81' lang='lat' dir='ltr'><strong>fer-</strong></span> 
     </span>
    </p>
   </div>
   <div class='ocr_carea' id='block_1_86' title="bbox 1896 4299 3464 4376">
    <p class='ocr_par' dir='ltr' id='par_1_86' title="bbox 1896 4299 3464 4376">
     <span class='ocr_line' id='line_1_86' title="bbox 1896 4299 3464 4376; baseline 0.015 -29"><span class='ocrx_word' id='word_1_636' title='bbox 1896 4311 2038 4361; x_wconf 86' lang='lat' dir='ltr'><strong>rum,</strong></span> <span class='ocrx_word' id='word_1_637' title='bbox 2066 4306 2121 4351; x_wconf 89' lang='lat' dir='ltr'>et</span> <span class='ocrx_word' id='word_1_638' title='bbox 2145 4299 2224 4354; x_wconf 91' lang='lat' dir='ltr'>sie</span> <span class='ocrx_word' id='word_1_639' title='bbox 2252 4300 2392 4354; x_wconf 84' lang='lat' dir='ltr'><strong>alata</strong></span> <span class='ocrx_word' id='word_1_640' title='bbox 2425 4306 2619 4374; x_wconf 75' lang='lat' dir='ltr'><strong>sagitta</strong></span> <span class='ocrx_word' id='word_1_641' title='bbox 2650 4318 2951 4376; x_wconf 86' lang='lat' dir='ltr'><strong>opportune</strong></span> <span class='ocrx_word' id='word_1_642' title='bbox 3001 4313 3205 4366; x_wconf 77' lang='lat' dir='ltr'><strong>vibrata</strong></span> <span class='ocrx_word' id='word_1_643' title='bbox 3249 4327 3299 4368; x_wconf 89' lang='lat' dir='ltr'>et</span> <span class='ocrx_word' id='word_1_644' title='bbox 3331 4333 3464 4370; x_wconf 67' lang='lat' dir='ltr'><strong>etm-</strong></span> 
     </span>
    </p>
   </div>
   <div class='ocr_carea' id='block_1_87' title="bbox 1898 4390 3465 4469">
    <p class='ocr_par' dir='ltr' id='par_1_87' title="bbox 1898 4390 3465 4469">
     <span class='ocr_line' id='line_1_87' title="bbox 1898 4390 3465 4469; baseline 0.015 -29"><span class='ocrx_word' id='word_1_645' title='bbox 1898 4397 1977 4441; x_wconf 86' lang='lat' dir='ltr'>tra</span> <span class='ocrx_word' id='word_1_646' title='bbox 2017 4390 2288 4445; x_wconf 87' lang='lat' dir='ltr'><strong>diabolum</strong></span> <span class='ocrx_word' id='word_1_647' title='bbox 2345 4395 2542 4448; x_wconf 87' lang='lat' dir='ltr'><strong>intorta</strong></span> <span class='ocrx_word' id='word_1_648' title='bbox 2593 4398 2644 4449; x_wconf 90' lang='lat' dir='ltr'>in</span> <span class='ocrx_word' id='word_1_649' title='bbox 2682 4402 2934 4469; x_wconf 82' lang='lat' dir='ltr'><strong>sagittam</strong></span> <span class='ocrx_word' id='word_1_650' title='bbox 2971 4407 3240 4460; x_wconf 79' lang='lat' dir='ltr'><strong>volantem</strong></span> <span class='ocrx_word' id='word_1_651' title='bbox 3294 4411 3343 4461; x_wconf 91' lang='lat' dir='ltr'>in</span> <span class='ocrx_word' id='word_1_652' title='bbox 3375 4410 3465 4463; x_wconf 87' lang='lat' dir='ltr'>die</span> 
     </span>
    </p>
   </div>
   <div class='ocr_carea' id='block_1_88' title="bbox 227 4477 1786 4568">
    <p class='ocr_par' dir='ltr' id='par_1_88' title="bbox 227 4485 1786 4560">
     <span class='ocr_line' id='line_1_88' title="bbox 227 4485 1786 4560; baseline 0.004 -23"><span class='ocrx_word' id='word_1_653' title='bbox 227 4485 279 4537; x_wconf 78' lang='grc' dir='ltr'>δέ</span> <span class='ocrx_word' id='word_1_654' title='bbox 309 4489 403 4537; x_wconf 75' lang='grc' dir='ltr'>τὸν</span> <span class='ocrx_word' id='word_1_655' title='bbox 451 4485 561 4541; x_wconf 81' lang='grc' dir='ltr'>οἷον</span> <span class='ocrx_word' id='word_1_656' title='bbox 592 4489 826 4559; x_wconf 74' lang='grc' dir='ltr'>ὀξυδελῆ</span> <span class='ocrx_word' id='word_1_657' title='bbox 858 4491 1046 4542; x_wconf 84' lang='grc' dir='ltr'>τοῦτον</span> <span class='ocrx_word' id='word_1_658' title='bbox 1082 4493 1176 4543; x_wconf 77' lang='grc' dir='ltr'>καὶ</span> <span class='ocrx_word' id='word_1_659' title='bbox 1212 4492 1483 4560; x_wconf 79' lang='grc' dir='ltr'>τμητικὸν</span> <span class='ocrx_word' id='word_1_660' title='bbox 1511 4491 1620 4544; x_wconf 88' lang='grc' dir='ltr'>τῶν</span> <span class='ocrx_word' id='word_1_661' title='bbox 1655 4493 1786 4544; x_wconf 79' lang='grc' dir='ltr'>ἀπε-</span> 
     </span>
    </p>
   </div>
   <div class='ocr_carea' id='block_1_89' title="bbox 1893 4477 3460 4568">
    <p class='ocr_par' dir='ltr' id='par_1_89' title="bbox 1896 4477 3460 4567">
     <span class='ocr_line' id='line_1_89' title="bbox 1896 4477 3460 4567; baseline 0.017 -38"><span class='ocrx_word' id='word_1_662' title='bbox 1896 4477 2091 4534; x_wconf 77' lang='lat' dir='ltr'><strong>l‘ertur.</strong></span> <span class='ocrx_word' id='word_1_663' title='bbox 2125 4481 2213 4536; x_wconf 89' lang='lat' dir='ltr'><strong>Sic</strong></span> <span class='ocrx_word' id='word_1_664' title='bbox 2253 4486 2464 4551; x_wconf 89' lang='lat' dir='ltr'><strong>quidem</strong></span> <span class='ocrx_word' id='word_1_665' title='bbox 2502 4487 2628 4541; x_wconf 81' lang='lat' dir='ltr'><strong>ferri</strong></span> <span class='ocrx_word' id='word_1_666' title='bbox 2660 4495 3010 4558; x_wconf 84' lang='lat' dir='ltr'><strong>gestationem</strong></span> <span class='ocrx_word' id='word_1_667' title='bbox 3035 4501 3270 4554; x_wconf 71' lang='lat' dir='ltr'><strong>maxime</strong></span> <span class='ocrx_word' id='word_1_668' title='bbox 3305 4517 3460 4567; x_wconf 83' lang='lat' dir='ltr'><strong>amo;</strong></span> 
     </span>
    </p>
   </div>
   <div class='ocr_carea' id='block_1_90' title="bbox 228 4580 1795 4652">
    <p class='ocr_par' dir='ltr' id='par_1_90' title="bbox 228 4580 1795 4652">
     <span class='ocr_line' id='line_1_90' title="bbox 228 4580 1795 4652; baseline 0.004 -24"><span class='ocrx_word' id='word_1_669' title='bbox 228 4580 447 4642; x_wconf 87' lang='grc' dir='ltr'>ναντίας</span> <span class='ocrx_word' id='word_1_670' title='bbox 490 4581 777 4649; x_wconf 80' lang='grc' dir='ltr'>δυνάμεων</span> <span class='ocrx_word' id='word_1_671' title='bbox 824 4582 1076 4652; x_wconf 85' lang='grc' dir='ltr'>σίδηρον·</span> <span class='ocrx_word' id='word_1_672' title='bbox 1118 4584 1214 4637; x_wconf 73' lang='grc' dir='ltr'>καὶ</span> <span class='ocrx_word' id='word_1_673' title='bbox 1249 4583 1428 4645; x_wconf 73' lang='grc' dir='ltr'>ὀϊστὸς</span> <span class='ocrx_word' id='word_1_674' title='bbox 1473 4582 1617 4636; x_wconf 82' lang='grc' dir='ltr'>οὕτω</span> <span class='ocrx_word' id='word_1_675' title='bbox 1659 4601 1795 4635; x_wconf 72' lang='grc' dir='ltr'>πτεο</span> 
     </span>
    </p>
   </div>
   <div class='ocr_carea' id='block_1_91' title="bbox 231 4671 1794 4744">
    <p class='ocr_par' dir='ltr' id='par_1_91' title="bbox 231 4671 1794 4744">
     <span class='ocr_line' id='line_1_91' title="bbox 231 4671 1794 4744; baseline 0.004 -24"><span class='ocrx_word' id='word_1_676' title='bbox 231 4671 396 4736; x_wconf 86' lang='grc' dir='ltr'>ρόεις,</span> <span class='ocrx_word' id='word_1_677' title='bbox 429 4673 619 4741; x_wconf 88' lang='grc' dir='ltr'>καίρια</span> <span class='ocrx_word' id='word_1_678' title='bbox 652 4673 884 4742; x_wconf 82' lang='grc' dir='ltr'>βάλλων,</span> <span class='ocrx_word' id='word_1_679' title='bbox 930 4675 1028 4727; x_wconf 70' lang='grc' dir='ltr'>καὶ</span> <span class='ocrx_word' id='word_1_680' title='bbox 1077 4675 1219 4727; x_wconf 78' lang='grc' dir='ltr'>κατὰ</span> <span class='ocrx_word' id='word_1_681' title='bbox 1252 4673 1348 4727; x_wconf 78' lang='grc' dir='ltr'>τοῦ</span> <span class='ocrx_word' id='word_1_682' title='bbox 1381 4675 1628 4728; x_wconf 84' lang='grc' dir='ltr'>διαϐόλου</span> <span class='ocrx_word' id='word_1_683' title='bbox 1653 4691 1794 4744; x_wconf 84' lang='grc' dir='ltr'>πεμ-</span> 
     </span>
    </p>
   </div>
   <div class='ocr_carea' id='block_1_92' title="bbox 228 4760 1790 4836">
    <p class='ocr_par' dir='ltr' id='par_1_92' title="bbox 228 4760 1790 4836">
     <span class='ocr_line' id='line_1_92' title="bbox 228 4760 1790 4836; baseline 0.008 -28"><span class='ocrx_word' id='word_1_684' title='bbox 228 4760 482 4826; x_wconf 74' lang='grc' dir='ltr'>πόμενος,</span> <span class='ocrx_word' id='word_1_685' title='bbox 529 4764 626 4814; x_wconf 77' lang='grc' dir='ltr'>καὶ</span> <span class='ocrx_word' id='word_1_686' title='bbox 659 4763 735 4830; x_wconf 84' lang='grc' dir='ltr'>τῷ</span> <span class='ocrx_word' id='word_1_687' title='bbox 766 4775 1054 4834; x_wconf 73' lang='grc' dir='ltr'>πετομένῳ</span> <span class='ocrx_word' id='word_1_688' title='bbox 1096 4765 1310 4836; x_wconf 76' lang='grc' dir='ltr'>ἡμέρας</span> <span class='ocrx_word' id='word_1_689' title='bbox 1340 4767 1484 4836; x_wconf 78' lang='grc' dir='ltr'>βέλει</span> <span class='ocrx_word' id='word_1_690' title='bbox 1515 4767 1790 4820; x_wconf 83' lang='grc' dir='ltr'>ἀντιπετό·</span> 
     </span>
    </p>
   </div>
   <div class='ocr_carea' id='block_1_93' title="bbox 231 4854 1786 4928">
    <p class='ocr_par' dir='ltr' id='par_1_93' title="bbox 231 4854 1786 4928">
     <span class='ocr_line' id='line_1_93' title="bbox 231 4854 1786 4928; baseline 0.006 -28"><span class='ocrx_word' id='word_1_691' title='bbox 231 4864 412 4914; x_wconf 88' lang='grc' dir='ltr'>μενος.</span> <span class='ocrx_word' id='word_1_692' title='bbox 472 4854 578 4905; x_wconf 74' lang='grc' dir='ltr'>Καὶ</span> <span class='ocrx_word' id='word_1_693' title='bbox 613 4855 758 4906; x_wconf 75' lang='grc' dir='ltr'>οὕτω</span> <span class='ocrx_word' id='word_1_694' title='bbox 808 4855 909 4924; x_wconf 86' lang='grc' dir='ltr'>μὲν</span> <span class='ocrx_word' id='word_1_695' title='bbox 963 4855 1062 4926; x_wconf 82' lang='grc' dir='ltr'>τὴν</span> <span class='ocrx_word' id='word_1_696' title='bbox 1097 4857 1352 4925; x_wconf 85' lang='grc' dir='ltr'>τοιαύτην</span> <span class='ocrx_word' id='word_1_697' title='bbox 1406 4858 1786 4928; x_wconf 76' lang='grc' dir='ltr'>σιδηροφορίαν</span> 
     </span>
    </p>
   </div>
   <div class='ocr_carea' id='block_1_94' title="bbox 1895 4579 3464 4662">
    <p class='ocr_par' dir='ltr' id='par_1_94' title="bbox 1895 4579 3464 4662">
     <span class='ocr_line' id='line_1_94' title="bbox 1895 4579 3464 4662; baseline 0.016 -31"><span class='ocrx_word' id='word_1_698' title='bbox 1895 4579 2017 4633; x_wconf 91' lang='lat' dir='ltr'><strong>dico</strong></span> <span class='ocrx_word' id='word_1_699' title='bbox 2033 4596 2158 4634; x_wconf 84' lang='lat' dir='ltr'><strong>vero</strong></span> <span class='ocrx_word' id='word_1_700' title='bbox 2176 4582 2568 4652; x_wconf 85' lang='lat' dir='ltr'><strong>desperandum</strong></span> <span class='ocrx_word' id='word_1_701' title='bbox 2596 4604 2697 4642; x_wconf 91' lang='lat' dir='ltr'>non</span> <span class='ocrx_word' id='word_1_702' title='bbox 2713 4606 2832 4645; x_wconf 91' lang='lat' dir='ltr'><strong>esse</strong></span> <span class='ocrx_word' id='word_1_703' title='bbox 2848 4597 2989 4662; x_wconf 89' lang='lat' dir='ltr'><strong>quod</strong></span> <span class='ocrx_word' id='word_1_704' title='bbox 3005 4597 3164 4652; x_wconf 88' lang='lat' dir='ltr'><strong>aliter</strong></span> <span class='ocrx_word' id='word_1_705' title='bbox 3180 4601 3326 4654; x_wconf 80' lang='lat' dir='ltr'><strong>salus</strong></span> <span class='ocrx_word' id='word_1_706' title='bbox 3351 4613 3464 4656; x_wconf 90' lang='lat' dir='ltr'><strong>ten-</strong></span> 
     </span>
    </p>
   </div>
   <div class='ocr_carea' id='block_1_95' title="bbox 1895 4671 3464 4746">
    <p class='ocr_par' dir='ltr' id='par_1_95' title="bbox 1895 4671 3464 4746">
     <span class='ocr_line' id='line_1_95' title="bbox 1895 4671 3464 4746; baseline 0.015 -23"><span class='ocrx_word' id='word_1_707' title='bbox 1895 4671 2051 4725; x_wconf 83' lang='lat' dir='ltr'><strong>tanda</strong></span> <span class='ocrx_word' id='word_1_708' title='bbox 2074 4673 2164 4727; x_wconf 91' lang='lat' dir='ltr'><strong>sit.</strong></span> <span class='ocrx_word' id='word_1_709' title='bbox 2188 4674 2320 4726; x_wconf 84' lang='lat' dir='ltr'>Nam</span> <span class='ocrx_word' id='word_1_710' title='bbox 2342 4692 2531 4746; x_wconf 75' lang='lat' dir='ltr'><strong>pugnze</strong></span> <span class='ocrx_word' id='word_1_711' title='bbox 2563 4681 2742 4733; x_wconf 74' lang='lat' dir='ltr'><strong>multa:</strong></span> <span class='ocrx_word' id='word_1_712' title='bbox 2776 4693 2829 4736; x_wconf 89' lang='lat' dir='ltr'>et</span> <span class='ocrx_word' id='word_1_713' title='bbox 2861 4685 3090 4739; x_wconf 88' lang='lat' dir='ltr'><strong>hostium</strong></span> <span class='ocrx_word' id='word_1_714' title='bbox 3123 4693 3304 4744; x_wconf 83' lang='lat' dir='ltr'><strong>clades</strong></span> <span class='ocrx_word' id='word_1_715' title='bbox 3332 4707 3464 4746; x_wconf 89' lang='lat' dir='ltr'><strong>con-</strong></span> 
     </span>
    </p>
   </div>
   <div class='ocr_carea' id='block_1_96' title="bbox 1891 4762 3464 4846">
    <p class='ocr_par' dir='ltr' id='par_1_96' title="bbox 1891 4762 3464 4846">
     <span class='ocr_line' id='line_1_96' title="bbox 1891 4762 3464 4846; baseline 0.017 -32"><span class='ocrx_word' id='word_1_716' title='bbox 1891 4762 2176 4816; x_wconf 81' lang='lat' dir='ltr'><strong>licerentur</strong></span> <span class='ocrx_word' id='word_1_717' title='bbox 2187 4767 2304 4819; x_wconf 89' lang='lat' dir='ltr'><strong>sine</strong></span> <span class='ocrx_word' id='word_1_718' title='bbox 2319 4765 2481 4821; x_wconf 78' lang='lat' dir='ltr'><strong>ferro.</strong></span> <span class='ocrx_word' id='word_1_719' title='bbox 2504 4768 2699 4825; x_wconf 79' lang='lat' dir='ltr'><strong>Multos</strong></span> <span class='ocrx_word' id='word_1_720' title='bbox 2716 4777 3124 4846; x_wconf 77' lang='lat' dir='ltr'><strong>ergoetlapides</strong></span> <span class='ocrx_word' id='word_1_721' title='bbox 3142 4781 3464 4844; x_wconf 73' lang='lat' dir='ltr'><strong>adiuverunt</strong></span> 
     </span>
    </p>
   </div>
   <div class='ocr_carea' id='block_1_97' title="bbox 1887 4855 3459 4943">
    <p class='ocr_par' dir='ltr' id='par_1_97' title="bbox 1887 4855 3459 4943">
     <span class='ocr_line' id='line_1_97' title="bbox 1887 4855 3459 4943; baseline 0.017 -35"><span class='ocrx_word' id='word_1_722' title='bbox 1887 4865 1941 4908; x_wconf 91' lang='lat' dir='ltr'>et</span> <span class='ocrx_word' id='word_1_723' title='bbox 1961 4855 2189 4921; x_wconf 68' lang='lat' dir='ltr'><strong>teophara</strong></span> <span class='ocrx_word' id='word_1_724' title='bbox 2213 4857 2486 4911; x_wconf 87' lang='lat' dir='ltr'><strong>innumera</strong></span> <span class='ocrx_word' id='word_1_725' title='bbox 2514 4874 2804 4918; x_wconf 82' lang='lat' dir='ltr'><strong>erexerunt</strong></span> <span class='ocrx_word' id='word_1_726' title='bbox 2825 4878 2877 4919; x_wconf 90' lang='lat' dir='ltr'>et</span> <span class='ocrx_word' id='word_1_727' title='bbox 2895 4871 3100 4936; x_wconf 73' lang='lat' dir='ltr'><strong>publice</strong></span> <span class='ocrx_word' id='word_1_728' title='bbox 3117 4883 3170 4926; x_wconf 89' lang='lat' dir='ltr'>et</span> <span class='ocrx_word' id='word_1_729' title='bbox 3189 4878 3459 4943; x_wconf 83' lang='lat' dir='ltr'><strong>privatim.</strong></span> 
     </span>
    </p>
   </div>
   <div class='ocr_carea' id='block_1_98' title="bbox 230 4944 3462 5042">
    <p class='ocr_par' dir='ltr' id='par_1_98' title="bbox 230 4944 3462 5042">
     <span class='ocr_line' id='line_1_98' title="bbox 230 4944 3462 5042; baseline 0.011 -47"><span class='ocrx_word' id='word_1_730' title='bbox 230 4944 546 5013; x_wconf 67' lang='grc' dir='ltr'>ὑπερφιλῶ·</span> <span class='ocrx_word' id='word_1_731' title='bbox 587 4949 734 5016; x_wconf 82' lang='grc' dir='ltr'>λέγω</span> <span class='ocrx_word' id='word_1_732' title='bbox 779 4950 857 5013; x_wconf 84' lang='grc' dir='ltr'>ὅέ,</span> <span class='ocrx_word' id='word_1_733' title='bbox 903 4950 976 5019; x_wconf 81' lang='grc' dir='ltr'>μὴ</span> <span class='ocrx_word' id='word_1_734' title='bbox 1006 4953 1205 5020; x_wconf 73' lang='grc' dir='ltr'>χρῆναι</span> <span class='ocrx_word' id='word_1_735' title='bbox 1234 4955 1638 5020; x_wconf 76' lang='grc' dir='ltr'>ἀπεγνωκέναι,</span> <span class='ocrx_word' id='word_1_736' title='bbox 1675 4951 1818 5006; x_wconf 82' lang='grc' dir='ltr'>εἶναι</span> <span class='ocrx_word' id='word_1_737' title='bbox 1858 4957 1950 5004; x_wconf 60' lang='grc' dir='ltr'>καὶ⁵</span> <span class='ocrx_word' id='word_1_738' title='bbox 1977 4952 2151 5011; x_wconf 82' lang='grc' dir='ltr'>ἄλλως</span> <span class='ocrx_word' id='word_1_739' title='bbox 2184 4951 2475 5016; x_wconf 76' lang='grc' dir='ltr'>σώζεσθαι.</span> <span class='ocrx_word' id='word_1_740' title='bbox 2512 4954 2615 5008; x_wconf 74' lang='grc' dir='ltr'>Καὶ</span> <span class='ocrx_word' id='word_1_741' title='bbox 2644 4960 2754 5032; x_wconf 87' lang='grc' dir='ltr'>γάρ</span> <span class='ocrx_word' id='word_1_742' title='bbox 2783 4979 2866 5016; x_wconf 87' lang='grc' dir='ltr'>τοι</span> <span class='ocrx_word' id='word_1_743' title='bbox 2921 4969 3014 5018; x_wconf 74' lang='grc' dir='ltr'>καὶ</span> <span class='ocrx_word' id='word_1_744' title='bbox 3058 4971 3228 5042; x_wconf 84' lang='grc' dir='ltr'>μάχαι</span> <span class='ocrx_word' id='word_1_745' title='bbox 3268 4977 3462 5040; x_wconf 66' lang='grc' dir='ltr'>πολλαὶ</span> 
     </span>
    </p>
   </div>
   <div class='ocr_carea' id='block_1_99' title="bbox 230 5037 3085 5114">
    <p class='ocr_par' dir='ltr' id='par_1_99' title="bbox 230 5037 3085 5114">
     <span class='ocr_line' id='line_1_99' title="bbox 230 5037 3085 5114; baseline 0.011 -30"><span class='ocrx_word' id='word_1_746' title='bbox 230 5037 326 5088; x_wconf 75' lang='grc' dir='ltr'>καὶ</span> <span class='ocrx_word' id='word_1_747' title='bbox 360 5038 628 5106; x_wconf 75' lang='grc' dir='ltr'>πολεμίων</span> <span class='ocrx_word' id='word_1_748' title='bbox 655 5041 956 5094; x_wconf 80' lang='grc' dir='ltr'>καταϐολαὶ</span> <span class='ocrx_word' id='word_1_749' title='bbox 984 5043 1228 5096; x_wconf 84' lang='grc' dir='ltr'>ἀνύοιντο</span> <span class='ocrx_word' id='word_1_750' title='bbox 1281 5046 1371 5110; x_wconf 87' lang='grc' dir='ltr'>ἂν,</span> <span class='ocrx_word' id='word_1_751' title='bbox 1397 5045 1601 5114; x_wconf 83' lang='grc' dir='ltr'>σιδήρῳ</span> <span class='ocrx_word' id='word_1_752' title='bbox 1651 5043 2123 5114; x_wconf 80' lang='grc' dir='ltr'>ἀμεταχείριστοι.</span> <span class='ocrx_word' id='word_1_753' title='bbox 2160 5044 2394 5109; x_wconf 82' lang='grc' dir='ltr'>Πολλοὺς</span> <span class='ocrx_word' id='word_1_754' title='bbox 2418 5045 2547 5114; x_wconf 82' lang='grc' dir='ltr'>γοῦν</span> <span class='ocrx_word' id='word_1_755' title='bbox 2589 5051 2684 5104; x_wconf 74' lang='grc' dir='ltr'>καὶ</span> <span class='ocrx_word' id='word_1_756' title='bbox 2743 5053 2881 5108; x_wconf 80' lang='grc' dir='ltr'>λίθοι</span> <span class='ocrx_word' id='word_1_757' title='bbox 2947 5037 3085 5113; x_wconf 76' lang='grc' dir='ltr'>κατα</span> 
     </span>
    </p>
   </div>
   <div class='ocr_carea' id='block_1_100' title="bbox 3094 5069 3460 5143">
    <p class='ocr_par' dir='ltr' id='par_1_100' title="bbox 3094 5069 3460 5143">
     <span class='ocr_line' id='line_1_100' title="bbox 3094 5069 3460 5143; baseline 0.014 -29"><span class='ocrx_word' id='word_1_758' title='bbox 3094 5069 3260 5132; x_wconf 73' lang='grc' dir='ltr'>μόνας</span> <span class='ocrx_word' id='word_1_759' title='bbox 3321 5071 3460 5143; x_wconf 69' lang='grc' dir='ltr'>ὠνη-</span> 
     </span>
    </p>
   </div>
   <div class='ocr_carea' id='block_1_101' title="bbox 228 5133 2173 5209">
    <p class='ocr_par' dir='ltr' id='par_1_101' title="bbox 228 5133 2173 5209">
     <span class='ocr_line' id='line_1_101' title="bbox 228 5133 2173 5209; baseline 0.004 -25"><span class='ocrx_word' id='word_1_760' title='bbox 228 5150 350 5194; x_wconf 88' lang='grc' dir='ltr'>σαν,</span> <span class='ocrx_word' id='word_1_761' title='bbox 383 5133 467 5184; x_wconf 76' lang='grc' dir='ltr'>καὶ</span> <span class='ocrx_word' id='word_1_762' title='bbox 497 5133 668 5203; x_wconf 82' lang='grc' dir='ltr'>μυρία</span> <span class='ocrx_word' id='word_1_763' title='bbox 693 5133 956 5203; x_wconf 78' lang='grc' dir='ltr'>ὤρθωσαν</span> <span class='ocrx_word' id='word_1_764' title='bbox 984 5137 1240 5205; x_wconf 80' lang='grc' dir='ltr'>τρόπαια,</span> <span class='ocrx_word' id='word_1_765' title='bbox 1282 5140 1378 5190; x_wconf 71' lang='grc' dir='ltr'>καὶ</span> <span class='ocrx_word' id='word_1_766' title='bbox 1421 5138 1596 5190; x_wconf 75' lang='grc' dir='ltr'>ταῦτα</span> <span class='ocrx_word' id='word_1_767' title='bbox 1627 5140 1780 5208; x_wconf 85' lang='grc' dir='ltr'>κοινῇ</span> <span class='ocrx_word' id='word_1_768' title='bbox 1821 5155 1880 5190; x_wconf 88' lang='grc' dir='ltr'>τε</span> <span class='ocrx_word' id='word_1_769' title='bbox 1917 5140 2009 5191; x_wconf 74' lang='grc' dir='ltr'>καὶ</span> <span class='ocrx_word' id='word_1_770' title='bbox 2044 5138 2173 5209; x_wconf 74' lang='grc' dir='ltr'>ἰδίᾳ.</span> 
     </span>
    </p>
   </div>
   <div class='ocr_carea' id='block_1_102' title="bbox 295 5225 1787 5302">
    <p class='ocr_par' dir='ltr' id='par_1_102' title="bbox 295 5225 1787 5302">
     <span class='ocr_line' id='line_1_102' title="bbox 295 5225 1787 5302; baseline 0.005 -26"><span class='ocrx_word' id='word_1_771' title='bbox 295 5227 401 5294; x_wconf 86' lang='grc' dir='ltr'>λη’.</span> <span class='ocrx_word' id='word_1_772' title='bbox 435 5225 494 5278; x_wconf 79' lang='grc' dir='ltr'>Εἰ</span> <span class='ocrx_word' id='word_1_773' title='bbox 533 5227 669 5294; x_wconf 82' lang='grc' dir='ltr'>γοῦν</span> <span class='ocrx_word' id='word_1_774' title='bbox 707 5230 801 5280; x_wconf 76' lang='grc' dir='ltr'>καὶ</span> <span class='ocrx_word' id='word_1_775' title='bbox 831 5230 858 5280; x_wconf 85' lang='grc' dir='ltr'>ὁ</span> <span class='ocrx_word' id='word_1_776' title='bbox 904 5231 1088 5292; x_wconf 74' lang='grc' dir='ltr'>ἱκανὸς</span> <span class='ocrx_word' id='word_1_777' title='bbox 1119 5234 1183 5300; x_wconf 80' lang='grc' dir='ltr'>τῇ</span> <span class='ocrx_word' id='word_1_778' title='bbox 1235 5232 1385 5301; x_wconf 76' lang='grc' dir='ltr'>χειρὶ</span> <span class='ocrx_word' id='word_1_779' title='bbox 1427 5232 1586 5284; x_wconf 81' lang='grc' dir='ltr'>Δαυῒδ</span> <span class='ocrx_word' id='word_1_780' title='bbox 1638 5233 1787 5302; x_wconf 85' lang='grc' dir='ltr'>ὅπλῳ</span> 
     </span>
    </p>
   </div>
   <div class='ocr_carea' id='block_1_103' title="bbox 223 5317 1784 5396">
    <p class='ocr_par' dir='ltr' id='par_1_103' title="bbox 223 5317 1784 5396">
     <span class='ocr_line' id='line_1_103' title="bbox 223 5317 1784 5396; baseline 0.008 -30"><span class='ocrx_word' id='word_1_781' title='bbox 223 5317 621 5383; x_wconf 75' lang='grc' dir='ltr'>τοιούτῳκατά</span> <span class='ocrx_word' id='word_1_782' title='bbox 667 5321 902 5387; x_wconf 83' lang='grc' dir='ltr'>μεγάλου</span> <span class='ocrx_word' id='word_1_783' title='bbox 952 5322 1148 5392; x_wconf 79' lang='grc' dir='ltr'>ἐχθροῦ</span> <span class='ocrx_word' id='word_1_784' title='bbox 1207 5323 1566 5393; x_wconf 82' lang='grc' dir='ltr'>ἐνελάμψατο,</span> <span class='ocrx_word' id='word_1_785' title='bbox 1626 5327 1672 5378; x_wconf 80' lang='grc' dir='ltr'>εί</span> <span class='ocrx_word' id='word_1_786' title='bbox 1721 5325 1784 5396; x_wconf 83' lang='grc' dir='ltr'>δὴ</span> 
     </span>
    </p>
   </div>
   <div class='ocr_carea' id='block_1_104' title="bbox 227 5406 1788 5494">
    <p class='ocr_par' dir='ltr' id='par_1_104' title="bbox 227 5406 1788 5494">
     <span class='ocr_line' id='line_1_104' title="bbox 227 5406 1788 5494; baseline 0.008 -37"><span class='ocrx_word' id='word_1_787' title='bbox 227 5406 406 5470; x_wconf 77' lang='grc' dir='ltr'>τοῦτο,</span> <span class='ocrx_word' id='word_1_788' title='bbox 454 5415 774 5476; x_wconf 78' lang='grc' dir='ltr'>γινωσκέτω</span> <span class='ocrx_word' id='word_1_789' title='bbox 820 5414 847 5464; x_wconf 89' lang='grc' dir='ltr'>ὀ</span> <span class='ocrx_word' id='word_1_790' title='bbox 881 5413 1235 5486; x_wconf 85' lang='grc' dir='ltr'>σιδηροφόρος</span> <span class='ocrx_word' id='word_1_791' title='bbox 1303 5417 1570 5486; x_wconf 78' lang='grc' dir='ltr'>ἀσκητὴς,</span> <span class='ocrx_word' id='word_1_792' title='bbox 1621 5417 1788 5494; x_wconf 78' lang='grc' dir='ltr'>καλὸν</span> 
     </span>
    </p>
   </div>
   <div class='ocr_carea' id='block_1_105' title="bbox 227 5501 1790 5579">
    <p class='ocr_par' dir='ltr' id='par_1_105' title="bbox 227 5501 1790 5579">
     <span class='ocr_line' id='line_1_105' title="bbox 227 5501 1790 5579; baseline 0.01 -30"><span class='ocrx_word' id='word_1_793' title='bbox 227 5501 459 5568; x_wconf 75' lang='grc' dir='ltr'>πρᾶγμα</span> <span class='ocrx_word' id='word_1_794' title='bbox 487 5508 663 5556; x_wconf 84' lang='grc' dir='ltr'>ποιεῖν</span> <span class='ocrx_word' id='word_1_795' title='bbox 689 5519 702 5532; x_wconf 87' lang='grc'><strong>·</strong></span> <span class='ocrx_word' id='word_1_796' title='bbox 733 5507 1025 5576; x_wconf 81' lang='grc' dir='ltr'>ἀπεχέσθω</span> <span class='ocrx_word' id='word_1_797' title='bbox 1055 5508 1109 5560; x_wconf 84' lang='grc' dir='ltr'>δέ</span> <span class='ocrx_word' id='word_1_798' title='bbox 1156 5509 1256 5579; x_wconf 81' lang='grc' dir='ltr'>τῆς</span> <span class='ocrx_word' id='word_1_799' title='bbox 1303 5511 1413 5562; x_wconf 87' lang='grc' dir='ltr'>τῶν</span> <span class='ocrx_word' id='word_1_800' title='bbox 1451 5510 1654 5561; x_wconf 81' lang='grc' dir='ltr'>λοιπῶν</span> <span class='ocrx_word' id='word_1_801' title='bbox 1693 5529 1790 5563; x_wconf 85' lang='grc' dir='ltr'>κα-</span> 
     </span>
    </p>
   </div>
   <div class='ocr_carea' id='block_1_106' title="bbox 225 5593 1785 5671">
    <p class='ocr_par' dir='ltr' id='par_1_106' title="bbox 225 5593 1785 5671">
     <span class='ocr_line' id='line_1_106' title="bbox 225 5593 1785 5671; baseline 0.01 -31"><span class='ocrx_word' id='word_1_802' title='bbox 225 5593 542 5660; x_wconf 84' lang='grc' dir='ltr'>τακρίσεως,</span> <span class='ocrx_word' id='word_1_803' title='bbox 575 5596 673 5648; x_wconf 78' lang='grc' dir='ltr'>καὶ</span> <span class='ocrx_word' id='word_1_804' title='bbox 709 5596 802 5648; x_wconf 84' lang='grc' dir='ltr'>τοῦ</span> <span class='ocrx_word' id='word_1_805' title='bbox 836 5597 1020 5652; x_wconf 84' lang='grc' dir='ltr'>λαλεῖν</span> <span class='ocrx_word' id='word_1_806' title='bbox 1060 5600 1240 5670; x_wconf 73' lang='grc' dir='ltr'>ὑψηλᾶ</span> <span class='ocrx_word' id='word_1_807' title='bbox 1278 5603 1373 5654; x_wconf 74' lang='grc' dir='ltr'>καὶ</span> <span class='ocrx_word' id='word_1_808' title='bbox 1432 5605 1671 5671; x_wconf 78' lang='grc' dir='ltr'>φρονεῖν,</span> <span class='ocrx_word' id='word_1_809' title='bbox 1699 5605 1785 5655; x_wconf 83' lang='grc' dir='ltr'>ἵνα</span> 
     </span>
    </p>
   </div>
   <div class='ocr_carea' id='block_1_107' title="bbox 229 5685 1786 5766">
    <p class='ocr_par' dir='ltr' id='par_1_107' title="bbox 229 5685 1786 5766">
     <span class='ocr_line' id='line_1_107' title="bbox 229 5685 1786 5766; baseline 0.008 -29"><span class='ocrx_word' id='word_1_810' title='bbox 229 5686 307 5751; x_wconf 83' lang='grc' dir='ltr'>μη</span> <span class='ocrx_word' id='word_1_811' title='bbox 342 5685 493 5752; x_wconf 81' lang='grc' dir='ltr'>μόνον</span> <span class='ocrx_word' id='word_1_812' title='bbox 521 5689 626 5752; x_wconf 72' lang='grc' dir='ltr'>ἔξω</span> <span class='ocrx_word' id='word_1_813' title='bbox 679 5691 872 5758; x_wconf 87' lang='grc' dir='ltr'>φοροίη</span> <span class='ocrx_word' id='word_1_814' title='bbox 921 5693 1012 5743; x_wconf 80' lang='grc' dir='ltr'>τὸν</span> <span class='ocrx_word' id='word_1_815' title='bbox 1060 5695 1300 5764; x_wconf 82' lang='grc' dir='ltr'>σίδηρον,</span> <span class='ocrx_word' id='word_1_816' title='bbox 1341 5697 1432 5749; x_wconf 68' lang='grc' dir='ltr'>καὶ</span> <span class='ocrx_word' id='word_1_817' title='bbox 1493 5698 1786 5766; x_wconf 84' lang='grc' dir='ltr'>προφαίνοι</span> 
     </span>
    </p>
   </div>
   <div class='ocr_carea' id='block_1_108' title="bbox 229 5777 1766 5861">
    <p class='ocr_par' dir='ltr' id='par_1_108' title="bbox 229 5777 1766 5861">
     <span class='ocr_line' id='line_1_108' title="bbox 229 5777 1766 5861; baseline 0.021 -35"><span class='ocrx_word' id='word_1_818' title='bbox 229 5777 509 5844; x_wconf 76' lang='grc' dir='ltr'>ἐπιπολῆς.</span> <span class='ocrx_word' id='word_1_819' title='bbox 548 5780 684 5831; x_wconf 81' lang='grc' dir='ltr'>ἀλλὰ</span> <span class='ocrx_word' id='word_1_820' title='bbox 711 5783 803 5833; x_wconf 67' lang='grc' dir='ltr'>καὶ</span> <span class='ocrx_word' id='word_1_821' title='bbox 835 5784 912 5844; x_wconf 77' lang='grc' dir='ltr'>εἰς</span> <span class='ocrx_word' id='word_1_822' title='bbox 969 5784 1131 5850; x_wconf 64' lang='grc' dir='ltr'>βάθος</span> <span class='ocrx_word' id='word_1_823' title='bbox 1171 5787 1324 5860; x_wconf 82' lang='grc' dir='ltr'>φέροι</span> <span class='ocrx_word' id='word_1_824' title='bbox 1389 5790 1445 5840; x_wconf 72' lang='grc' dir='ltr'>ἐν</span> <span class='ocrx_word' id='word_1_825' title='bbox 1497 5793 1563 5860; x_wconf 75' lang='grc' dir='ltr'>τῇ</span> <span class='ocrx_word' id='word_1_826' title='bbox 1597 5789 1766 5861; x_wconf 69' lang='grc' dir='ltr'>ψυχῇ,</span> 
     </span>
    </p>
   </div>
   <div class='ocr_carea' id='block_1_109' title="bbox 433 5871 1226 5941">
    <p class='ocr_par' dir='ltr' id='par_1_109' title="bbox 433 5871 1226 5941">
     <span class='ocr_line' id='line_1_109' title="bbox 433 5871 1226 5941; baseline 0.018 -16"><span class='ocrx_word' id='word_1_827' title='bbox 433 5871 696 5934; x_wconf 70' lang='grc' dir='ltr'>Ριτιιοι..</span> <span class='ocrx_word' id='word_1_828' title='bbox 737 5875 851 5935; x_wconf 80' lang='lat' dir='ltr'>GR.</span> <span class='ocrx_word' id='word_1_829' title='bbox 887 5877 1226 5941; x_wconf 84' lang='lat' dir='ltr'><strong>CXXXVI.</strong></span> 
     </span>
    </p>
   </div>
   <div class='ocr_carea' id='block_1_110' title="bbox 1966 5231 3459 5314">
    <p class='ocr_par' dir='ltr' id='par_1_110' title="bbox 1966 5231 3459 5314">
     <span class='ocr_line' id='line_1_110' title="bbox 1966 5231 3459 5314; baseline 0.021 -30"><span class='ocrx_word' id='word_1_830' title='bbox 1966 5231 2056 5288; x_wconf 78' lang='lat'>58.</span> <span class='ocrx_word' id='word_1_831' title='bbox 2098 5232 2153 5287; x_wconf 91' lang='lat' dir='ltr'><strong>Si</strong></span> <span class='ocrx_word' id='word_1_832' title='bbox 2189 5249 2316 5300; x_wconf 81' lang='lat' dir='ltr'><strong>ergo</strong></span> <span class='ocrx_word' id='word_1_833' title='bbox 2345 5245 2397 5288; x_wconf 90' lang='lat' dir='ltr'>et</span> <span class='ocrx_word' id='word_1_834' title='bbox 2430 5252 2590 5290; x_wconf 86' lang='lat' dir='ltr'><strong>manu</strong></span> <span class='ocrx_word' id='word_1_835' title='bbox 2623 5239 2777 5294; x_wconf 82' lang='lat' dir='ltr'><strong>fortis</strong></span> <span class='ocrx_word' id='word_1_836' title='bbox 2802 5241 2967 5298; x_wconf 80' lang='lat' dir='ltr'><strong>David</strong></span> <span class='ocrx_word' id='word_1_837' title='bbox 3004 5247 3104 5302; x_wconf 83' lang='lat' dir='ltr'><strong>isto</strong></span> <span class='ocrx_word' id='word_1_838' title='bbox 3140 5251 3244 5307; x_wconf 90' lang='lat' dir='ltr'><strong>telo</strong></span> <span class='ocrx_word' id='word_1_839' title='bbox 3272 5270 3459 5314; x_wconf 76' lang='lat' dir='ltr'><strong>contra</strong></span> 
     </span>
    </p>
   </div>
   <div class='ocr_carea' id='block_1_111' title="bbox 1887 5327 3460 5412">
    <p class='ocr_par' dir='ltr' id='par_1_111' title="bbox 1887 5327 3460 5412">
     <span class='ocr_line' id='line_1_111' title="bbox 1887 5327 3460 5412; baseline 0.017 -37"><span class='ocrx_word' id='word_1_840' title='bbox 1887 5338 2136 5392; x_wconf 81' lang='lat' dir='ltr'><strong>magnum</strong></span> <span class='ocrx_word' id='word_1_841' title='bbox 2169 5327 2374 5380; x_wconf 91' lang='lat' dir='ltr'><strong>hostem</strong></span> <span class='ocrx_word' id='word_1_842' title='bbox 2409 5330 2624 5397; x_wconf 85' lang='lat' dir='ltr'><strong>ell&#39;nlsit,</strong></span> <span class='ocrx_word' id='word_1_843' title='bbox 2649 5333 2693 5385; x_wconf 90' lang='lat' dir='ltr'>si</span> <span class='ocrx_word' id='word_1_844' title='bbox 2731 5333 2857 5388; x_wconf 90' lang='lat' dir='ltr'><strong>illud</strong></span> <span class='ocrx_word' id='word_1_845' title='bbox 2889 5349 3223 5412; x_wconf 81' lang='lat' dir='ltr'><strong>repntamus,</strong></span> <span class='ocrx_word' id='word_1_846' title='bbox 3249 5353 3460 5407; x_wconf 79' lang='lat' dir='ltr'><strong>llOSCllo</strong></span> 
     </span>
    </p>
   </div>
   <div class='ocr_carea' id='block_1_112' title="bbox 1886 5411 3458 5506">
    <p class='ocr_par' dir='ltr' id='par_1_112' title="bbox 1886 5411 3458 5506">
     <span class='ocr_line' id='line_1_112' title="bbox 1886 5411 3458 5506; baseline 0.02 -41"><span class='ocrx_word' id='word_1_847' title='bbox 1886 5411 2017 5467; x_wconf 83' lang='lat' dir='ltr'><strong>ferri</strong></span> <span class='ocrx_word' id='word_1_848' title='bbox 2060 5428 2302 5483; x_wconf 83' lang='lat' dir='ltr'><strong>gestator</strong></span> <span class='ocrx_word' id='word_1_849' title='bbox 2327 5434 2532 5486; x_wconf 82' lang='lat' dir='ltr'><strong>asceta,</strong></span> <span class='ocrx_word' id='word_1_850' title='bbox 2569 5424 2854 5489; x_wconf 79' lang='lat' dir='ltr'><strong>pulchrum</strong></span> <span class='ocrx_word' id='word_1_851' title='bbox 2883 5445 2940 5482; x_wconf 90' lang='lat' dir='ltr'>se</span> <span class='ocrx_word' id='word_1_852' title='bbox 2968 5448 3106 5501; x_wconf 88' lang='lat' dir='ltr'><strong>optts</strong></span> <span class='ocrx_word' id='word_1_853' title='bbox 3137 5411 3349 5506; x_wconf 81' lang='lat' dir='ltr'><strong>facere;</strong></span> <span class='ocrx_word' id='word_1_854' title='bbox 3399 5459 3458 5496; x_wconf 76' lang='lat' dir='ltr'>se</span> 
     </span>
    </p>
   </div>
   <div class='ocr_carea' id='block_1_113' title="bbox 1886 5511 3455 5591">
    <p class='ocr_par' dir='ltr' id='par_1_113' title="bbox 1886 5511 3455 5591">
     <span class='ocr_line' id='line_1_113' title="bbox 1886 5511 3455 5591; baseline 0.017 -31"><span class='ocrx_word' id='word_1_855' title='bbox 1886 5521 2019 5560; x_wconf 82' lang='lat' dir='ltr'><strong>vero</strong></span> <span class='ocrx_word' id='word_1_856' title='bbox 2061 5525 2089 5561; x_wconf 89' lang='lat' dir='ltr'>a</span> <span class='ocrx_word' id='word_1_857' title='bbox 2139 5511 2368 5579; x_wconf 85' lang='lat' dir='ltr'><strong>reliquis</strong></span> <span class='ocrx_word' id='word_1_858' title='bbox 2392 5513 2705 5582; x_wconf 71' lang='lat' dir='ltr'><strong>iudicandis</strong></span> <span class='ocrx_word' id='word_1_859' title='bbox 2743 5519 3038 5591; x_wconf 86' lang='lat' dir='ltr'><strong>abstineat,</strong></span> <span class='ocrx_word' id='word_1_860' title='bbox 3070 5543 3097 5579; x_wconf 87' lang='lat' dir='ltr'>a</span> <span class='ocrx_word' id='word_1_861' title='bbox 3137 5530 3455 5587; x_wconf 82' lang='lat' dir='ltr'><strong>sublimibus</strong></span> 
     </span>
    </p>
   </div>
   <div class='ocr_carea' id='block_1_114' title="bbox 1885 5601 3453 5677">
    <p class='ocr_par' dir='ltr' id='par_1_114' title="bbox 1885 5601 3453 5677">
     <span class='ocr_line' id='line_1_114' title="bbox 1885 5601 3453 5677; baseline 0.017 -26"><span class='ocrx_word' id='word_1_862' title='bbox 1885 5601 2065 5654; x_wconf 83' lang='lat' dir='ltr'><strong>verbis</strong></span> <span class='ocrx_word' id='word_1_863' title='bbox 2108 5613 2158 5654; x_wconf 88' lang='lat' dir='ltr'>et</span> <span class='ocrx_word' id='word_1_864' title='bbox 2189 5605 2631 5675; x_wconf 85' lang='lat' dir='ltr'><strong>cogitationibus,</strong></span> <span class='ocrx_word' id='word_1_865' title='bbox 2668 5627 2734 5664; x_wconf 93' lang='lat' dir='ltr'>ne</span> <span class='ocrx_word' id='word_1_866' title='bbox 2762 5615 2934 5667; x_wconf 87' lang='lat' dir='ltr'><strong>solum</strong></span> <span class='ocrx_word' id='word_1_867' title='bbox 2967 5621 3307 5676; x_wconf 74' lang='lat' dir='ltr'><strong>extrinsecus</strong></span> <span class='ocrx_word' id='word_1_868' title='bbox 3342 5624 3453 5677; x_wconf 52' lang='lat' dir='ltr'><strong>fere</strong></span> 
     </span>
    </p>
   </div>
   <div class='ocr_carea' id='block_1_115' title="bbox 1883 5698 3453 5772">
    <p class='ocr_par' dir='ltr' id='par_1_115' title="bbox 1883 5698 3453 5772">
     <span class='ocr_line' id='line_1_115' title="bbox 1883 5698 3453 5772; baseline 0.017 -29"><span class='ocrx_word' id='word_1_869' title='bbox 1883 5707 2001 5744; x_wconf 85' lang='lat' dir='ltr'>rum</span> <span class='ocrx_word' id='word_1_870' title='bbox 2051 5705 2202 5761; x_wconf 82' lang='lat' dir='ltr'><strong>gerat</strong></span> <span class='ocrx_word' id='word_1_871' title='bbox 2249 5707 2298 5750; x_wconf 92' lang='lat' dir='ltr'>et</span> <span class='ocrx_word' id='word_1_872' title='bbox 2351 5698 2481 5752; x_wconf 82' lang='lat' dir='ltr'><strong>loris</strong></span> <span class='ocrx_word' id='word_1_873' title='bbox 2521 5701 2737 5767; x_wconf 74' lang='lat' dir='ltr'><strong>fulgeat,</strong></span> <span class='ocrx_word' id='word_1_874' title='bbox 2793 5711 2887 5760; x_wconf 79' lang='lat' dir='ltr'>sed</span> <span class='ocrx_word' id='word_1_875' title='bbox 2943 5725 2990 5763; x_wconf 91' lang='lat' dir='ltr'>et</span> <span class='ocrx_word' id='word_1_876' title='bbox 3039 5711 3218 5763; x_wconf 89' lang='lat' dir='ltr'><strong>intima</strong></span> <span class='ocrx_word' id='word_1_877' title='bbox 3277 5717 3453 5772; x_wconf 85' lang='lat' dir='ltr'><strong>anima</strong></span> 
     </span>
    </p>
   </div>
   <div class='ocr_carea' id='block_1_116' title="bbox 1879 5789 3454 5877">
    <p class='ocr_par' dir='ltr' id='par_1_116' title="bbox 1879 5789 3454 5877">
     <span class='ocr_line' id='line_1_116' title="bbox 1879 5789 3454 5877; baseline 0.016 -35"><span class='ocrx_word' id='word_1_878' title='bbox 1879 5789 2017 5844; x_wconf 81' lang='lat' dir='ltr'><strong>ferat</strong></span> <span class='ocrx_word' id='word_1_879' title='bbox 2051 5801 2104 5845; x_wconf 88' lang='lat' dir='ltr'>et</span> <span class='ocrx_word' id='word_1_880' title='bbox 2134 5792 2212 5846; x_wconf 89' lang='lat' dir='ltr'>sic</span> <span class='ocrx_word' id='word_1_881' title='bbox 2249 5793 2554 5851; x_wconf 80' lang='lat' dir='ltr'><strong>incurvetur</strong></span> <span class='ocrx_word' id='word_1_882' title='bbox 2578 5800 2812 5870; x_wconf 87' lang='lat' dir='ltr'><strong>humilis,</strong></span> <span class='ocrx_word' id='word_1_883' title='bbox 2835 5802 3454 5877; x_wconf 84' lang='lat' dir='ltr'><strong>imoundcquaquelori-</strong></span> 
     </span>
    </p>
   </div>
   <div class='ocr_carea' id='block_1_117' title="bbox 3019 5898 3060 5956">
    <p class='ocr_par' dir='ltr' id='par_1_117' title="bbox 3019 5898 3060 5956">
     <span class='ocr_line' id='line_1_117' title="bbox 3019 5898 3060 5956; baseline 0 0"><span class='ocrx_word' id='word_1_884' title='bbox 3019 5898 3060 5956; x_wconf 89' lang='lat'>8</span> 
     </span>
    </p>
   </div>
  </div>
