3916 6244
379 323 490 388 235

1073 319 1495 380 EUSTATHII
1534 316 2289 381 THESSALONICENSIS
2329 316 2895 379 METROPOLlTr’E

3528 313 3636 380 236

381 449 533 489 ratus
554 431 798 488 hostium
814 430 996 485 vvictor
1021 442 1239 486 evadat.
1274 430 1380 486 Sed
1419 432 1500 486 sic
1530 431 1744 501 quidem
1776 429 1965 486 militis

2074 433 2162 486 καὶ
2193 430 2336 487 οὕτω
2383 432 2533 486 κάτω
2590 430 2898 498 κάμπτοιτο
2954 427 3401 498 ταπεινοῦμενος,
3437 429 3639 499 μᾶλλον

378 525 542 578 turris
581 521 820 577 custodis
879 521 1052 576 locum
1091 531 1264 583 tenes,
1298 537 1330 574 ο
1387 521 1603 576 excelse
1652 521 1836 586 homo,
1868 534 1964 574 cu-

376 618 466 687 jus
501 626 553 670 te
574 624 786 684 oportet
823 615 1108 683 imaginem
1156 612 1394 678 referre;
1433 629 1530 667 nec
1561 613 1690 666 illud
1721 619 1962 674 tantum,

381 710 474 760 sed
506 706 997 763 ccelestemurbem
1037 715 1091 758 et
1128 719 1306 759 arcem
1347 703 1593 758 habitare
1628 705 1854 757 sortitus
1883 717 1963 756 es.

381 797 459 851 Ne
493 812 622 866 ergo
668 797 804 850 civis
845 798 1008 849 abeas
1037 796 1226 865 quales
1258 795 1534 848 damnavit
1566 795 1964 848 sanctissimum

381 886 754 950 Evangelium,
796 899 973 954 neque
1027 885 1236 938 deserta
1267 897 1537 952 pererres,
1567 883 1617 936 in
1662 883 1856 951 quibus
1880 889 1970 953 jus

383 979 540 1031 civile
572 978 872 1031 secundum
917 977 1080 1030 Deum
1118 975 1377 1029 mentitur
1408 974 1606 1042 aliquis
1637 983 1690 1028 et
1719 991 1969 1028 mansue-

394 1071 631 1124 tudinem
668 1076 724 1123 et
775 1068 1120 1122 charitatem.
1163 1065 1452 1120 Civitatem
1503 1080 1660 1119 serva
1709 1076 1967 1136 perpetuo

383 1159 787 1230 propugnaculo
812 1159 1160 1220 indomitam,
1205 1171 1232 1208 a
1273 1172 1402 1211 casu
1437 1157 1585 1210 omni
1639 1167 1838 1222 tutam,
1873 1159 1966 1210 lir-

385 1266 551 1316 maut,
581 1267 647 1306 ne
677 1251 873 1305 limites
895 1249 1291 1319 angustiaveris
1315 1251 1367 1302 in
1400 1259 1451 1303 te
1468 1248 1602 1312 solo,
1623 1249 1818 1304 bonum
1843 1264 1968 1317 spo-

385 1343 544 1406 Eians,
583 1351 638 1395 ct
677 1353 852 1396 morte
889 1350 977 1394 tua
1023 1339 1076 1393 in
1118 1347 1318 1394 terram
1359 1340 1623 1409 optimum
1654 1339 1963 1409 projiciens.

393 1433 498 1487 Sed
534 1447 563 1485 a
591 1431 700 1487 Deo
751 1433 1048 1502 inspiratus
1087 1431 1234 1486 zelus
1267 1446 1361 1501 per
1388 1447 1601 1487 onmem
1648 1441 1846 1486 terram
1875 1447 1968 1486 ex-

391 1526 581 1582 tendet
612 1525 757 1579 illam
791 1541 959 1595 usque
997 1525 1062 1579 ad
1107 1533 1375 1594 posteros.
1415 1525 1656 1590 Quorsus
1687 1525 1830 1579 enim
1882 1526 1962 1580 ei-

391 1617 540 1671 vitati
577 1618 918 1687 supervivere
961 1626 1033 1682 te,
1069 1630 1169 1670 nec
1221 1629 1348 1671 vero
1376 1616 1587 1672 beatam
1618 1618 1686 1671 iis
1719 1617 1810 1686 qui
1835 1632 1962 1672 sue—

391 1709 584 1764 cedent
635 1710 949 1765 memoriam
984 1708 1310 1778 relinquere,
1361 1709 1484 1762 dum
1524 1709 1789 1763 memoria
1821 1710 1968 1778 juste

387 1803 443 1856 in
472 1801 846 1858 benedictione
869 1809 973 1867 est,
996 1801 1090 1856 sed
1115 1816 1144 1856 e
1167 1810 1355 1855 contra
1387 1809 1704 1871 contemptu
1729 1801 1968 1871 dignam,

386 1902 642 1963 tanquam
675 1893 1057 1962 sepulchrum,
1085 1907 1210 1945 niux
1233 1906 1426 1945 vanum
1452 1893 1672 1962 pulvere
1703 1902 1970 1962 opertam,

2066 525 2121 578 δὲ
2147 523 2486 591 πανταχόθεν
2535 522 2924 592 κατάφρακτος
2968 521 3067 586 ὣν,
3097 521 3207 573 τῶν
3257 521 3640 590 πολεμούντων

2067 617 2420 686 περιγίνοιτο.
2467 612 2607 666 Ἀλλ’
2631 613 2774 666 οὕτω
2803 613 2902 677 μὲν
2941 611 3274 680 στρατιώτου
3297 613 3464 666 τόπον
3507 615 3637 666 ἐπέ-

2067 727 2182 780 χεις
2235 707 2680 777 πυργοφύλακος,
2710 701 2758 759 ὣ
2785 705 2954 775 ὑψηλὲ
3021 705 3301 774 ἄνθρωπε,
3344 707 3441 759 καὶ
3473 705 3637 758 δεῖσε

2067 799 2369 854 τυποῦσθαι
2400 799 2537 869 πρὸς
2599 799 2798 854 αὐτόν·
2852 798 2945 851 καὶ
2976 798 3035 850 οὑ
3077 797 3236 849 τοῦτο
3287 797 3640 866 μόνονιάλλὲ

2071 891 2162 945 καὶ
2191 892 2250 942 οὺ
2262 887 2552 960 ρανόπολιν
2596 890 2691 942 καὶ
2727 889 2934 957 ταύτην
2969 886 3175 956 ὀχυράν
3205 889 3486 939 κατοικεῖν
3511 887 3638 938 ελα-

2069 997 2184 1050 χες.
2217 980 2371 1049 Μήτε
2397 979 2579 1031 τοίνυν
2617 978 2842 1048 πολίτης
2867 977 3158 1047 ἀποϐαίης,
3179 977 3401 1040 ὁποίους
3431 977 3639 1046 ὀστρα-

2067 1073 2210 1137 κίζει
2235 1072 2294 1125 τὺ
2317 1073 2619 1139 ἁγιώτατον
2651 1069 3007 1138 Εὐαγγέλιον,
3053 1071 3189 1139 μήτε
3241 1069 3350 1139 μὴν
3392 1071 3474 1131 ei;
3511 1072 3645 1138 ἐρη-

2071 1166 2203 1235 μίας
2230 1161 2699 1234 ἀποπλανηθείης,
2735 1164 2792 1214 ἐν
2821 1155 2906 1224 αἶς
2963 1159 3220 1229 ψεύδεταί
3249 1176 3333 1221 τις
3385 1160 3446 1210 τὸ
3493 1163 3643 1213 κατὰ

2065 1253 2157 1309 τὶν
2180 1256 2311 1309 Θεὸν
2329 1254 2607 1308 πολιτικὸν
2635 1255 2732 1306 καὶ
2758 1253 2967 1322 ἥμερον
2995 1253 3088 1304 καί
3114 1250 3441 1320 φιλάλληλον
3467 1268 3482 1282 ·
3506 1267 3609 1302 συν
3631 1282 3641 1289 ς

2065 1351 2222 1418 τήρει
2249 1347 2306 1400 δὲ
2331 1346 2537 1414 ταύτην
2569 1345 2629 1397 ὲν
2652 1341 2942 1414 ὀχυρότητι
2980 1341 3637 1410 διηνεκεῖάκατάόλητον,

2063 1438 2490 1500 άκατάπτωτον,
2527 1437 2780 1506 μόνιμον,
2805 1433 2881 1495 ὡς
2930 1435 2995 1486 ἂν
3033 1432 3108 1502 μὴ
3167 1433 3519 1502 περιγράψῃς
3580 1437 3639 1484 ἐν

2069 1533 2151 1583 ca".
2181 1530 2276 1583 καὶ
2311 1529 2458 1598 μόνῳ
2487 1529 2548 1580 τὸ
2595 1526 2799 1595 ἀγαθὸν
2842 1525 3224 1595 ἐξερημώσας,
3271 1525 3364 1576 καὶ
3413 1523 3492 1592 τῷ
3557 1525 3640 1590 σῴ

2068 1625 2286 1693 Θανάτῳ
2349 1619 2803 1690 συγκατενεγκὼν
2861 1621 2921 1673 τδ
2986 1619 3174 1672 καλόν.
3216 1616 3356 1672 Ἀλλ’
3392 1619 3419 1670 ό
3451 1617 3638 1678 ἔνθεος

2065 1717 2226 1786 ζῆλος
2261 1716 2342 1778 εἰς
2372 1715 2706 1785 οἰκουμένην
2741 1715 3072 1784 παρεκτενεῖ
3125 1713 3330 1784 ταύτην
3372 1709 3468 1764 καὶ
3520 1712 3638 1772 τοῖς

2074 1809 2225 1878 ἑξῆς.
2261 1809 2337 1885 Τί,
2360 1808 2468 1878 γὰρ
2508 1807 2706 1877 χρεὼν,
2743 1805 2830 1860 ἐπ’
2866 1807 3034 1874 αὐτῆς
3067 1807 3166 1866 μὲν
3217 1803 3499 1858 διαϐιῶναι
3552 1819 3636 1863 σε,

2076 1901 2153 1971 μὴ
2188 1899 2578 1968 ἐγκαταλιπεῖν
2598 1899 2660 1953 δὲ
2688 1900 2911 1969 μνήμην
2941 1897 3223 1968 μακαρίαν
3255 1898 3350 1950 καὶ
3377 1897 3491 1957 τοῖς
3521 1894 3646 1945 el:-

393 1997 449 2042 et
515 2003 634 2053 qua:
686 1987 842 2054 digna
895 1996 1012 2041 erat
1059 1986 1215 2054 cujus
1277 1998 1384 2038 non
1444 1995 1746 2040 remaneret
1800 1986 1965 2056 lapisi

2074 1996 2286 2058 ἔπειτα,
2319 1993 2483 2047 ὁποία
2509 1994 2542 2062 ἡ
2570 1993 2664 2045 τοῦ
2689 1993 2903 2046 δικαίου
2935 1993 2972 2062 ἡ
3002 1989 3123 2058 μετ’
3143 1989 3435 2058 ἐγκωμίων
3454 2002 3468 2016 ο
3501 1984 3641 2039 ἀλλὰ

389 2078 716 2134 Servabitur
748 2095 874 2134 vero
903 2096 1023 2146 arx,
1063 2088 1116 2135 et
1145 2095 1361 2150 semper
1407 2077 1591 2142 stabit,
1626 2080 1673 2132 si
1711 2079 1965 2134 Dominus

2074 2085 2286 2152 ἀφεῖναι
2330 2081 2484 2146 ἀξίαν
2546 2081 2884 2150 καταϐολῆς,
2949 2080 3093 2134 καθὰ
3142 2078 3237 2133 καί
3270 2093 3392 2131 τινα
3442 2076 3640 2142 τάφον,

389 2174 670 2230 invocatus
705 2186 825 2226 eam
867 2172 1204 2235 custodierit,
1252 2186 1317 2226 ne
1352 2171 1406 2224 in
1452 2185 1653 2223 vanum
1691 2179 1747 2222 tu
1783 2179 1965 2226 custos

2074 2173 2167 2228 εἰτ’
2191 2173 2286 2228 οῦν
2322 2174 2581 2242 κενήριον
2617 2174 2697 2235 εἰς
2723 2172 2900 2242 μάτην
2939 2171 3349 2240 κεκονιαμένον,
3388 2169 3485 2221 καὶ
3526 2161 3646 2220 οἷον

388 2262 716 2334 vigilaveris.
755 2261 843 2316 Sic
874 2261 1018 2316 enim
1049 2264 1348 2317 ascendens
1379 2275 1499 2315 eam
1535 2276 1642 2315 non
1675 2261 1892 2329 perdet.

2074 2264 2215 2332 Ξξιον
2241 2261 2382 2319 εἶναι
2407 2265 2481 2335 μὴ
2512 2266 2694 2333 μεῖναι
2722 2263 2870 2316 λίθον
2901 2260 2987 2316 ἐπ’
3010 2261 3175 2315 αὐτοῦ
3207 2275 3223 2325 ;
3299 2257 3648 2327 Συντηρηθή-

389 2373 540 2410 σεται
569 2356 624 2410 δὲ
655 2355 966 2426 ὀχυρὰ,.καὶ
995 2356 1170 2408 εἰσαεὶ
1224 2354 1534 2424 ἑστήξεται,
1568 2354 1728 2423 slus?
1782 2356 1816 2408 ό
1867 2355 2070 2426 Κύριος
2125 2359 2458 2428 προκληθεὶς
2503 2356 2731 2426 φυλάξει
2790 2356 2986 2426 αὐτὴν,
3039 2354 3127 2410 ἵνα
3196 2352 3271 2422 μὴ
3314 2354 3393 2415 εἰς
3465 2352 3650 2416 μάτην

390 2449 454 2504 σὺ
479 2449 508 2500 ὁ
549 2448 832 2516 φυλάττων
870 2446 1180 2515 ἀγρυπνῇς.
1207 2445 1374 2499 Ὀὕτω
1398 2445 1509 2515 γὰρ
1536 2445 1636 2500 οὐκ
1674 2447 1740 2500 ἂν
1768 2448 1798 2500 ὁ
1817 2447 2126 2504 ἀναϐαίνων
2161 2451 2415 2521 ὲπιλείψῃ
2443 2452 2636 2518 αὑτήν.

458 2539 546 2596 59.
580 2537 705 2592 llaec
725 2551 852 2606 ergo
881 2539 960 2591 sie
979 2551 1099 2606 age.
1119 2538 1181 2591 Et
1199 2539 1453 2606 quoniam
1483 2538 1684 2607 pharus
1715 2539 1965 2594 salutaris

2151 2543 2250 2598 λθ’.
2291 2542 2475 2596 Ταῦτά
2509 2559 2566 2594 τε
2593 2538 2686 2595 οὖν
2709 2540 2852 2594 οὕτω
2906 2539 3069 2593 ποίει.
3102 2538 3207 2590 Καὶ
3240 2535 3322 2591 ὅτι
3357 2536 3414 2588 δὲ
3451 2553 3469 2588 ‹
3507 2552 3645 2604 πυρ-

387 2647 556 2710 luces,
575 2645 644 2685 ne
671 2628 853 2682 lumen
873 2630 1208 2699 exstinguas,
1233 2644 1329 2684 nec
1349 2630 1800 2698 permittesnocte
1827 2631 1965 2686 illuni

2080 2637 2171 2699 σὸς
2213 2653 2236 2687 ι
2274 2635 2521 2706 ἀνήφθης
2550 2633 2787 2688 ἐνταῦθα
2817 2636 3105 2702 σωτήριος,
3152 2628 3227 2701 μὴ
3261 2630 3321 2681 τὸ
3357 2631 3471 2697 φῶς
3503 2629 3644 2682 ἀπο·

388 2734 575 2780 errent
593 2722 684 2792 qui
710 2721 775 2774 ad
804 2730 854 2775 te
868 2723 1136 2786 tendunt,
1163 2736 1230 2776 ne
1252 2736 1348 2790 per
1371 2731 1546 2777 tectas
1567 2723 1868 2777 eminentes
1887 2739 1965 2777 ru-

2078 2728 2298 2800 σϐέσῃς,
2352 2727 2447 2780 καὶ
2495 2727 2568 2790 ὡς
2603 2729 2660 2780 ἐν
2712 2725 3024 2794 σκοτομήνῃ
3087 2722 3394 2776 πλανᾶσθαι
3449 2721 3641 2782 δώσεις

387 2833 482 2888 pes
497 2817 817 2882 incidentes,
833 2817 1049 2886 quando
1070 2815 1362 2885 navigandi
1381 2826 1592 2887 tempus
1610 2828 1713 2883 est,
1734 2819 1785 2872 in
1797 2818 1965 2889 abyssi

2075 2822 2201 2883 τοὺς
2245 2819 2569 2889 ἀφορῶντας
2599 2819 2678 2880 είς
2708 2819 2788 2882 σὲ,
2839 2819 3049 2887 μήποτε
3088 2817 3180 2870 καὶ
3238 2817 3360 2876 ταῖς
3414 2813 3640 2882 ὑφάλοις

387 2907 711 2978 profundum
731 2908 927 2962 cadant
950 2922 1052 2961 nec
1071 2909 1302 2978 amplius
1329 2908 1480 2976 phari
1501 2909 1711 2962 accensi
1737 2909 1965 2979 signum,

2074 2913 2169 2967 καὶ
2188 2913 2307 2975 ταῖς
2338 2911 2556 2983 ῥαχίαις
2601 2911 2995 2979 ἐγκύρσαντες,
3019 2909 3118 2977 ,ὅτε
3151 2907 3245 2960 τοῦ
3298 2906 3486 2962 πλέειν
3520 2923 3642 2960 και-

386 3001 482 3056 sed
505 3001 646 3066 ignis
679 2999 925 3053 homines
951 3001 1261 3054 decorantis
1281 2999 1530 3054 clibanus
1552 3011 1826 3053 cernatur.
1864 3000 1965 3054 Sed

2074 3007 2187 3077 ρος,
2232 3005 2499 3072 γένωνται
2528 3003 2670 3056 κατὰ
2711 3001 2902 3072 βυθοῦ,
2936 3001 3030 3054 καὶ
3085 2999 3268 3053 οὐκέτι
3303 2997 3640 3067 φρυκτωρῶν

391 3106 490 3147 nec
522 3089 1006 3159 contemplationis
1025 3089 1238 3158 igneam
1255 3090 1568 3146 columnam
1590 3092 1965 3161 contemptibi-

2074 3096 2284 3167 πυροὺς
2329 3097 2400 3149 τά
2439 3096 2674 3149 ἐνταῦθα
2708 3084 3011 3164 λογισθείη,
3045 3093 3348 3164 φρύγοντος
3377 3091 3435 3144 δὲ
3468 3091 3638 3161 πυρὶς

386 3184 492 3240 lem
513 3183 705 3240 reddas
721 3156 860 3237 sicut
876 3181 978 3236 sub
998 3156 1260 3236 obruente
1275 3181 1498 3246 sabulo,
1531 3195 1704 3250 neque
1729 3156 1965 3235 retlanti-

2074 3156 2528 3260 ἀνθρωποφλόγου
2559 3156 2831 3252 κλίϐανος.
2875 3156 3201 3255 Ἀλλά
3252 3183 3348 3237 τὸν
3385 3185 3481 3252 τῆς
3503 3156 3639 3236 θεω-

391 3277 493 3332 bus
519 3279 690 3331 ventis
715 3272 949 3343 dispergi
989 3272 1134 3326 sinas
1164 3288 1267 3325 non
1291 3281 1581 3336 servatam,
1601 3283 1650 3326 et
1674 3272 1964 3340 exstingui,

389 3382 444 3425 et
477 3370 712 3426 viatores
744 3380 840 3436 per
871 3366 1126 3420 tenebras
1172 3367 1482 3419 incedentes
1533 3365 1865 3434 relinquere,
1897 3378 1967 3420 ne

393 3463 533 3518 forte
566 3456 1020 3531 persequentibus
1045 3461 1222 3525 praeda
1253 3457 1430 3512 facilis
1467 3458 1603 3512 ﬂant
1621 3468 1676 3510 et
1713 3457 1968 3511 salutaris

391 3554 532 3624 ignis
578 3555 697 3606 loco
755 3551 894 3619 ignis
941 3550 1203 3620 gehennae
1257 3548 1531 3617 castigans
1571 3546 1955 3602 inﬂammetur.

393 3643 450 3695 ln
521 3641 856 3698 habitatione
910 3643 998 3697 illa
1053 3640 1134 3696 sol
1189 3653 1418 3708 appares
1490 3655 1507 3690 :
1567 3639 1794 3706 desuper
1841 3652 1968 3706 ergo

390 3733 566 3787 emica
597 3743 651 3788 et
676 3732 845 3789 adure
863 3743 1121 3803 quantum
1145 3747 1282 3802 opus
1311 3731 1602 3796 est,vitam
1633 3744 1762 3783 vero
1777 3743 1968 3798 sparge

392 3822 463 3877 iis
513 3824 642 3890 quid
677 3824 973 3878 secundum
1034 3821 1200 3878 Deum
1250 3819 1435 3874 vivere
1482 3819 1776 3873 debebunt.
1812 3817 1966 3872 Visus

392 3920 476 3967 est
509 3913 658 3968 locus
713 3915 816 3969 iste
855 3923 980 3967 tuus
1024 3910 1222 3967 domus
1260 3907 1356 3963 Dei
1395 3909 1564 3977 :quia
1614 3907 1667 3962 in
1714 3923 1774 3962 ea
1828 3905 1968 3959 Deus

404 4005 647 4074 quidam,
681 4006 888 4060 scilicet
921 4005 976 4060 in
1005 4018 1062 4059 se
1087 4002 1255 4058 Deum
1299 4001 1524 4064 habens,
1560 3999 1762 4067 Deique
1798 3997 1968 4065 parti-

391 4111 522 4167 ceps
551 4098 619 4152 ob
654 4097 837 4167 ligurw
867 4093 1304 4150 similitudinem.
1340 4090 1442 4156 Qui
1489 4089 1653 4144 Deum
1678 4088 1828 4150 dicit,
1853 4100 1968 4141 tne-

401 4189 510 4246 lius
562 4187 764 4258 aliquid
821 4187 1028 4242 aliusve
1083 4187 1324 4252 cogitare
1375 4196 1482 4235 non
1515 4180 1664 4239 sinit,
1717 4189 1776 4234 et
1814 4181 1869 4231 in
1911 4191 1970 4230 se

405 4281 574 4336 Deum
607 4282 902 4336 habentem
949 4278 1260 4338 nominans,
1308 4273 1416 4327 Deo
1459 4273 1759 4341 propiorem
1789 4271 1967 4324 vivum

395 4373 698 4430 collocavit.
728 4372 962 4426 Omnino
981 4369 1159 4432 decet,
1181 4365 1224 4420 si
1255 4365 1327 4418 ita
1362 4378 1422 4418 se
1445 4378 1531 4418 res
1551 4364 1731 4426 habet,
1759 4371 1813 4415 et
1838 4371 1970 4416 tem-

396 4467 542 4537 plum
577 4473 824 4520 sanctuin
861 4461 1249 4516 habitationem
1288 4461 1447 4512 istaut
1495 4469 1692 4509 vocare
1717 4463 1770 4508 et
1798 4455 1965 4508 mira-

397 4559 560 4614 bilem
600 4558 769 4612 aedem
804 4555 999 4610 merito
1043 4561 1264 4622 propter
1321 4548 1714 4603 inhabitantem
1759 4547 1962 4617 justum

395 4661 447 4709 et
477 4661 720 4708 sanctum
751 4649 1050 4713 hominem,
1087 4647 1210 4715 quia
1245 4643 1425 4712 justus
1468 4651 1520 4694 et
1549 4649 1768 4694 sanctus
1803 4637 1966 4703 Deus,

393 4747 549 4815 cujus
566 4744 970 4799 similitudinem
994 4742 1046 4794 in
1067 4739 1267 4808 templo
1293 4737 1396 4790 isto
1414 4735 1466 4788 in
1493 4749 1550 4788 se
1568 4740 1749 4788 aseeta
1779 4731 1960 4786 refert.

2075 3283 2199 3354 ρὲας
2245 3301 2264 3334 ι
2305 3281 2535 3353 πύρινον
2559 3280 2752 3334 στύλον
2789 3299 2809 3333 ι
2836 3277 3200 3350 ταπεινώσῃς,
3227 3280 3302 3342 ὡς
3337 3279 3417 3340 εἰς
3439 3277 3640 3347 ἐπιχω-

2075 3389 2186 3437 σιν,
2218 3372 2250 3442 ἤ
2279 3371 2372 3424 καὶ
2410 3372 2747 3432 καταπνοαῖς
2807 3370 3078 3432 ἐναντίαις
3144 3368 3313 3438 ἐάσῃς
3366 3368 3639 3438 διαρῤιπι-

2076 3462 2268 3532 σθῆναι
2338 3461 2669 3529 ἀφύλακτον,
2721 3458 2818 3512 καὶ
2880 3457 3200 3527 σϐεσθῆναι,
3263 3457 3357 3509 καὶ
3419 3456 3636 3522 ἀφεῖναι

2074 3551 2200 3613 τοὺς
2231 3549 2628 3620 ὁδηγουμένους
2683 3546 2827 3601 κατὰ
2887 3547 3077 3600 σκότον
3124 3544 3474 3610 ὲλάσκεσθαι,
3537 3544 3639 3613 μή·

2077 3659 2209 3696 ποτε
2244 3645 2357 3702 τοῖς
2391 3639 2773 3692 ἐπιδιώκουσιν
2828 3639 3148 3708 εὐχείρωτοι
3195 3635 3484 3704 γένωνται,
3541 3634 3638 3687 καὶ

2079 3733 2200 3788 ἀντὶ
2229 3731 2500 3802 σωτηρίου
2533 3731 2702 3800 πυρὸς
2743 3729 2854 3800 πῦρ
2889 3730 3118 3800 Γεέννης
3163 3726 3441 3798 ὲξαναφθῇ
3471 3727 3637 3780 κολα.

2077 3825 2319 3894 στηριον.
2377 3821 2730 3892 Τεθεὼρησαι
2786 3821 2880 3875 καὶ
2937 3820 3012 3882 ὡς
3070 3839 3089 3872 ι
3145 3820 3349 3892 ἥλιος»
3408 3821 3466 3871 ὲν
3504 3819 3637 3887 οἴκῳ

2073 3915 2275 3983 τούτῳ⁸
2321 3913 2508 3984 λάμπε
2531 3915 2711 3966 τοίνυν
2739 3912 2956 3980 ὑψόθεν,
3013 3916 3109 3967 καὶ
3141 3911 3463 3980 κατάφρυγε
3514 3909 3636 3977 μὲν,

2075 4009 2178 4060 ὅσα
2215 4006 2412 4076 χρεών⁸
2449 4005 2703 4072 ζωογόνιι
2725 4005 2802 4073 δὲ,
2835 4006 2937 4060 ὅσα
2963 4022 3024 4059 τε
3061 4006 3203 4059 κατὰ
3230 4004 3361 4057 Θεὸν
3381 4003 3480 4074 ζῇν
3515 4005 3634 4056 ἑπι-

2081 4099 2312 4152 δᾶονται.
2351 4096 2670 4168 Ἐθεωρήθη
2700 4098 2793 4150 καὶ
2823 4115 2842 4148 ι
2879 4096 3014 4150 Θεοῦ
3039 4094 3187 4160 οἶκος
3226 4115 3246 4150 ι
3292 4097 3319 4148 ὁ
3351 4097 3442 4158 eo;
3469 4096 3635 4156 τόπος

2075 4182 2229 4252 οὗτος
2251 4205 2262 4216 ·
2303 4189 2431 4253 Θεός
2461 4207 2546 4252 τις
2585 4191 2692 4260 ἄρα
2726 4190 2822 4244 καὶ
2851 4190 2879 4241 ὁ
2909 4191 2966 4243 ὲν
3005 4188 3177 4260 αὐτῷ,
3209 4183 3296 4242 οἷα
3319 4189 3525 4256 ἔνθεος,
3544 4189 3638 4241 καὶ

2077 4277 2212 4330 Θεοῦ
2255 4281 2498 4348 μετέχων
2525 4279 2614 4331 διὰ
2647 4280 2746 4346 τὴν
2797 4279 3100 4350 μιμητικὴν
3139 4281 3275 4351 πρὸς
3310 4281 3518 4333 ἐκεῖνον
3543 4280 3635 4332 ἐκ·

2077 4368 2346 4424 τύπωσιν.
2402 4389 2421 4422 ι
2469 4370 2602 4422 Θεὸν
2642 4389 2662 4422 ι
2697 4371 2754 4423 δέ
2780 4388 2862 4433 τις
2893 4369 3083 4436 εἰπὼν,
3126 4372 3228 4424 οὐκ
3257 4371 3482 4441 ἀφίησιν
3519 4373 3634 4424 Eme

2077 4457 2317 4510 νοεῖσθαι
2349 4455 2598 4526 κρεῖττόν
2628 4477 2680 4512 τι
2712 4462 2806 4512 καὶ
2843 4459 3180 4528 ὑψηλότερον
3199 4474 3213 4488 ·
3249 4463 3343 4512 καὶ
3371 4478 3390 4510 ι
3421 4460 3631 4513 ἔνθεον».

2073 4547 2130 4598 δέ
2169 4564 2251 4610 τις
2283 4548 2556 4618 ὀνομάσας
2581 4550 2721 4615 τινὰ,
2764 4548 2884 4620 Θεῷ
2911 4549 3002 4601 τὸν
3060 4549 3227 4619 ἄνδρα
3263 4551 3627 4620 παρέστησεν.

2074 4637 2289 4692 Οίκείον
2320 4639 2377 4690 δὲ
2411 4639 2645 4704 πάντως,
2685 4640 2734 4692 εἰ
2763 4640 2915 4694 ταῦθ’
2937 4638 3106 4702 οὕτως
3138 4640 3272 4710 ἔχει,
3313 4643 3407 4695 καὶ
3449 4659 3469 4693 ι
3514 4643 3631 4694 ναὸν

2075 4730 2228 4798 ἆγιον
2263 4748 2280 4781 ι
2322 4730 2411 4782 τὸν
2460 4725 2606 4783 οἷκον
2644 4729 2828 4783 τοῦτον
2870 4733 3183 4801 προσειπεῖν
3209 4769 3224 4796 ,
3278 4734 3372 4784 καὶ
3429 4733 3632 4800 θαυμα,

397 4838 521 4890 στὸν
551 4839 607 4890 δὲ
643 4840 699 4889 ὲν
742 4833 1063 4902 δικαιοσύνῃ
1093 4831 1181 4883 διὰ
1201 4830 1291 4882 τὸν
1314 4830 1370 4880 ὲν
1402 4826 1549 4896 αὐτῷ
1567 4825 1774 4878 δίκαιον
1800 4823 2083 4892 ἄνθρωπον
2110 4823 2202 4874 καὶ
2240 4823 2385 4874 ὅσιον
2407 4838 2421 4852 ο
2471 4823 2554 4875 ὅτι
2591 4822 2688 4875 καὶ
2710 4822 2916 4886 δίκαιος
2959 4823 3050 4876 καὶ
3118 4824 3262 4884 ὅσιος
3317 4826 3346 4877 ὁ
3410 4826 3629 4896 Κύριος.

396 4928 566 5001 οὗπερ
590 4933 688 5000 τὴν
714 4930 1050 4999 ἀφοροίωσιν
1079 4928 1106 4979 ὁ
1155 4928 1248 4980 ἐπὶ
1303 4923 1431 4977 ναοῦ
1465 4924 1656 4976 τούτου
1713 4921 1964 4988 ἀσκητὴς
2005 4918 2338 4987 ἐκμάττεται

465 5028 556 5083 40.
577 5023 632 5077 Si
659 5023 737 5079 sic
759 5022 824 5076 ad
850 5023 1012 5074 Deum
1037 5018 1493 5086 contemplatione
1511 5018 1754 5068 elevatus
1777 5029 1834 5067 cs
1859 5027 1962 5065 non

2145 5007 2218 5077 μ’.
2249 5010 2311 5064 Εἰ
2346 5010 2391 5062 δ’
2428 5009 2570 5064 οὓτω
2605 5011 2739 5081 πρὸς
2775 5013 2907 5066 Θεὸν
2935 5014 3176 5084 άνήχθης
3209 5018 3274 5085 τῇ
3315 5015 3536 5088 θεωρέςι,
3572 5018 3629 5071 οὐ

397 5118 626 5176 circuitu
664 5129 800 5183 opus
827 5121 931 5175 est,
973 5112 1110 5163 utin
1147 5110 1340 5161 \ittttte
1364 5117 1618 5177 tanquam
1660 5105 1714 5158 in
1751 5106 1965 5172 speculo

2074 5102 2228 5168 χρεία
2260 5101 2509 5171 περιόδου
2533 5101 2700 5168 τινὸς,
2729 5106 2822 5158 καὶ
2847 5107 2928 5167 είς
2950 5107 3117 5176 αὐτὴν
3156 5107 3414 5178 ἄντικρυς
3438 5111 3632 5178 ἀρετὴν

405 5220 458 5264 te
507 5203 916 5273 contempleris,
943 5201 1096 5270 cujus
1141 5199 1355 5252 virtutis
1411 5198 1673 5252 habitatio
1718 5195 1965 5248 columna

2074 5193 2344 5263 θεωρῆσαί
2395 5211 2455 5247 σε
2493 5195 2822 5257 ἀκολούθως.
2866 5195 2948 5260 οἷς
2982 5199 3076 5252 καὶ
3109 5218 3125 5249 ι
3171 5200 3376 5269 ἀρετῆς
3418 5204 3630 5270 οἰκητή-

397 5299 662 5355 cernitur.
734 5295 978 5360 Namque
1037 5291 1339 5346 divinorum
1414 5289 1801 5343 charismatum
1859 5285 1965 5354 ple-

2074 5302 2185 5356 ριον
2217 5288 2244 5339 ὁ
2278 5285 2464 5349 στύλος
2505 5305 2523 5336 ι
2557 5286 2830 5342 τεθέαται.
2873 5287 2932 5340 '0
2966 5290 3071 5359 γὰρ
3098 5290 3259 5343 »θείων
3283 5297 3630 5361 χαρισμάτων

398 5408 500 5447 nus
523 5393 703 5452 homo,
728 5397 780 5440 et
808 5387 888 5440 sic
917 5386 1025 5440 Deo
1042 5383 1198 5452 cujus
1222 5384 1400 5438 virtus
1427 5381 1594 5435 caelos
1620 5378 1752 5446 tegit
1775 5378 1962 5447 plenus

2074 5377 2321 5447 ἔμπλεως
2351 5378 2658 5448 ἅνθρωπος,
2691 5382 2786 5434 καὶ
2823 5381 2966 5434 οὕτω
3006 5382 3140 5435 Θεοῦ
3166 5383 3373 5452 γέμων,
3395 5379 3564 5454 οῦπερ
3596 5385 3630 5453 ἡ

397 5492 544 5534 totus
570 5492 702 5531 sane
733 5477 901 5530 virtus
941 5485 1044 5539 est,
1096 5489 1267 5544 pauca
1306 5471 1456 5527 carni
1494 5468 1828 5537 relinquens.
1861 5467 1962 5533 Qui

2074 5468 2230 5538 ipsti]
2256 5469 2520 5522 καλύπτει
2547 5471 2672 5534 τοὺς
2701 5471 2985 5542 οὐρανοὺς,
3019 5473 3136 5538 ὅλος
3177 5475 3446 5543 δήπουθέν
3487 5478 3627 5528 ἐστιν

397 5585 526 5639 ergo
555 5578 607 5623 te
638 5568 838 5634 vident,
873 5566 1132 5621 virtutem
1153 5565 1333 5619 videre
1361 5577 1420 5617 se
1450 5559 1800 5622 arbitrentur;
1821 5560 1964 5622 unde

2074 5558 2249 5626 ἰρετὴ,
2293 5559 2447 5626 ὀλίγα
2498 5560 2957 5631 προλογιζόμενος
3008 5568 3074 5634 τῇ
3110 5566 3296 5636 σαρκί.
3345 5569 3410 5620 (Δί
3456 5567 3626 5620 τοίνυν

405 5665 472 5716 ad
508 5661 796 5730 imaginem
833 5660 990 5713 istam
1022 5656 1288 5713 ellormati
1319 5657 1384 5708 ad
1427 5652 1676 5706 ultimum
1707 5650 1960 5721 archety-

2074 5649 2348 5712 Ξλέποντές
2391 5669 2449 5702 σε
2478 5652 2868 5722 νομιζέτωσαν,
2899 5656 3102 5724 ἀρετὴν
3143 5656 3275 5709 αὐτὸ
3322 5657 3478 5710 τοῦτο
3505 5655 3622 5725 βλέ-

399 5771 522 5822 puut
545 5753 906 5808 adducantur.
935 5747 1260 5820 Speculator
1282 5743 1494 5816 positus
1515 5741 1571 5796 in
1592 5741 1813 5810 specula
1849 5741 1960 5797 iita

2074 5757 2184 5794 πειν
2206 5757 2220 5771 ο
2257 5739 2332 5804 ὡς
2380 5744 2446 5796 ἂν
2479 5744 2808 5816 τυπούμενοι
2845 5748 2979 5810 πρὸς
3029 5748 3316 5818 εἰκόνισμα
3364 5747 3627 5812 τοιοῦτον,
