3916 6244
310 370 410 437 237

1455 373 1556 432 ΑΒ
1595 367 1966 429 δΤηιΤΑΜ
2001 365 2406 439 QUEMDAM.

3446 365 3551 428 238

312 477 601 547 ἀνάγοιντο
647 477 787 548 πρὸς
813 479 875 531 τὸ
910 495 1144 548 μγιστον
1178 478 1508 550 ἀρχέτυπον.
1548 495 1567 528 ι
1603 477 1810 539 Σκοπὸς
1850 493 1869 526 ι

1981 475 2198 545 penitus
2230 489 2336 529 non
2369 473 2530 528 debes
2555 472 2798 528 dormire
2845 473 2910 526 ad
2950 481 3180 528 utor-tem
3230 487 3328 527 nec
3355 475 3550 527 cadere.

310 569 552 623 τέθεισαι
575 572 634 623 ἐν
672 589 692 622 ι
725 572 1109 642 σκοπευτηρίῳ
1134 591 1157 623 θ
1193 573 1442 642 τοιούτῳ,
1479 571 1574 626 καὶ⁵
1612 571 1719 642 χρὴ
1749 570 1873 624 πάν-

1991 567 2047 621 -in
2080 567 2403 634 profundum
2440 579 2712 635 soporem,
2756 567 2848 620 sed
2892 563 3118 634 teipsutn
3166 564 3458 626 custodire,
3485 579 3552 617 ne

316 677 419 722 τως
456 660 534 730 μὴ
582 664 722 732 πρὸς
772 663 1000 716 θάνατόν
1045 681 1103 717 σε
1148 665 1496 732 ἀφυπνῶσαι,
1535 662 1878 717 ἁναπεσόντα

311 752 395 802 ἐπ’
429 752 620 816 αὐτοῦ,
654 758 746 806 καὶ
785 757 1177 825 κατενεχθέντα
1220 760 1298 820 εἰς
1352 757 1514 826 κῶμα
1542 754 1864 825 βαθύτατον,

1987 658 2040 711 in
2094 657 2328 712 hostium
2372 672 2563 712 manus
2600 659 2765 712 cadas
2812 666 2865 712 ct
2919 666 3092 712 tecum
3134 666 3399 726 quotquot
3443 657 3551 712 tuis

1973 747 2254 803 conﬁdunt
2268 748 2535 802 excubiis.

307 843 440 896 ἀλλὰ
464 847 693 898 σεαυτόν
728 863 786 898 τε
810 847 1194 915 φυλάττεσθαι,
1214 849 1294 919 μὴ
1315 849 1420 900 ὑπὸ
1454 851 1612 918 χεῖρα
1632 849 1743 909 τοῖς
1767 841 2046 912 πολεμίοις
2072 841 2268 910 πέσῃς,
2287 840 2515 904 καὶτοὺς
2529 840 2643 892 ὅσοι
2659 840 2734 909 τῷ
2757 839 2834 910 σῷ
2853 840 3187 910 σκοπεύματι
3204 841 3544 894 πεποίθασιν.

390 937 506 1006 μα’.
552 936 868 1006 Ἐξεγένετό
909 955 992 992 σοι
1027 958 1049 991 ι
1084 940 1517 1010 μετεωρισθῆναι
1554 957 1600 1003 ι,
1643 938 1741 992 καὶ
1782 938 1880 1006 οὐχ

311 1030 526 1095 ἁπλῶς,
581 1031 724 1085 ἀλλὰ
751 1033 846 1085 καὶ
881 1032 976 1094 -ὡς
1011 1037 1093 1095 εἰς
1147 1034 1378 1103 ούρανοῦ
1430 1032 1653 1102 ὕψωμα,
1677 1033 1772 1084 καὶ
1801 1032 1881 1092 είς

309 1124 632 1194 κυριότητος
681 1123 841 1188 ἀξίαν
906 1123 1312 1194 κατανοηθὶψαι
1370 1122 1646 1194 ἀνθρώπῳ
1691 1121 1881 1189 τελείῳ

310 1215 651 1284 πρέπουσαν,
680 1216 862 1276 ὁποῖος
885 1215 914 1266 ό
941 1215 1046 1284 πρὸ
1090 1212 1319 1283 βραχέος
1355 1212 1648 1284 θεωρηθεὶς
1676 1209 1876 1272 ἔνθεος.

308 1303 397 1373 Μὴ
429 1303 618 1359 τοίνυν
672 1305 934 1375 ἐθελήσῃς
961 1305 1239 1375 χθαμαλὸς
1276 1303 1555 1374 γενέσθαι,
1592 1303 1687 1356 καὶ
1715 1302 1880 1356 ἀκοῦ-

307 1398 398 1448 σαί
427 1396 620 1462 ποθεν,
653 1397 766 1451 ἄνω
791 1397 1120 1468 καταϐῆναι,
1150 1398 1262 1450 εἴτε
1291 1398 1386 1450 καὶ
1413 1396 1586 1460 ἄλλως
1614 1395 1880 1465 ἁναδῆναι

307 1491 477 1554 κάτω,
520 1485 602 1550 οἷς
656 1488 733 1558 τῷ
766 1489 868 1558 μὲν
900 1508 919 1542 ι
967 1489 1144 1560 στύλῳ
1175 1508 1194 1541 ι
1234 1491 1367 1557 ἄνω,
1399 1492 1468 1560 τῇ
1501 1489 1557 1541 δὲ
1609 1487 1738 1558 περὶ
1775 1489 1879 1556 γῆν

309 1581 654 1650 προσπαθείᾳ
683 1581 835 1633 κάτω
859 1580 1116 1651 βέϐηκας.
1147 1599 1170 1632 ‹
1197 1581 1559 1650 Περιφρονειν
1593 1598 1613 1632 r
1645 1577 1881 1647 ἐτάχθης

308 1689 328 1721 1
365 1671 466 1742 τὴν
507 1674 646 1741 γῆν
679 1673 925 1743 ὑψώθης,
965 1691 985 1724 ν
1032 1675 1176 1726 εῐποι
1223 1672 1289 1726 ἂν
1315 1671 1501 1738 Δαυῒδ,
1558 1671 1633 1734 ὡς
1669 1689 1688 1722 t
1727 1670 1882 1722 ἐκλε-

307 1763 427 1824 κτὸς
470 1783 488 1814 ›
528 1765 593 1815 ὲκ
620 1763 716 1816 τοῦ
751 1764 882 1817 λαοῦ
911 1763 1003 1817 τοῦ
1035 1764 1192 1818 Θεοῦ.
1226 1782 1249 1815 ι
1285 1763 1667 1833 Αίθεροδατεῐς
1701 1781 1718 1813 ι
1746 1761 1870 1831 ήδη,

303 1853 408 1903 τῶν
430 1855 640 1920 γηΐνων
658 1855 1110 1925 ὑπεραιρόμενος.
1139 1855 1230 1924 Μὴ
1255 1855 1318 1924 δὴ
1345 1855 1403 1906 τὸ
1427 1854 1626 1924 πτερὸν
1645 1853 1875 1923 ἀχρειώ-

306 1959 419 2015 σῃς,
453 1943 523 1996 δι’
549 1940 720 2014 οὗπερ
752 1947 868 1998 ἔστι
909 1963 992 1999 σοι
1043 1945 1324 2001 πέτεσθαι.
1386 1945 1650 2015 Οὐράνιος
1692 1940 1761 2008 εἴ,
1810 1947 1871 1997 οὐ

308 2038 491 2106 μόνον,
526 2038 610 2090 ὅτι
647 2056 666 2089 ι
705 2039 870 2105 φυτὸν
902 2039 1150 2110 οὐράνιον
1187 2057 1205 2089 ι
1239 2039 1417 2098 (τοῦτο
1463 2038 1570 2108 γὰρ
1605 2041 1699 2092 καὶ
1729 2038 1872 2100 ἄπας

305 2127 622 2199 ἅνθρωπος,
659 2131 804 2184 καθά
848 2147 932 2194 τις
983 2130 1462 2201 πεφιλοσόφηκεν),
1492 2129 1631 2183 ἀλλὰ
1670 2129 1762 2182 καὶ
1794 2128 1872 2181 ὃτι

302 2220 401 2290 τῆς
437 2224 546 2291 γῆς
587 2220 987 2291 ἀπορῤιξωθεὶς
1036 2222 1370 2292 παραδείσου
1416 2222 1582 2290 φυτὸν
1620 2221 1873 2289 γενέσθαι

302 2313 650 2380 φιλονεικεῖς.
683 2315 898 2383 Κάτεχε
938 2309 1030 2367 οὖν
1083 2314 1141 2366 τὸ
1181 2314 1452 2383 οὐράνιον,
1503 2312 1876 2382 ὑποϐλεπόμε-

300 2420 386 2466 νος
411 2404 505 2456 τὸν
535 2405 634 2457 ἀπ’
668 2405 916 2468 ἐναντίας
939 2403 1233 2474 τάρταρον.
1265 2403 1448 2458 Ταῦτα
1478 2405 1658 2458 πάντα
1683 2421 1877 2472 συντη-

302 2494 434 2562 ρῶν,
460 2494 755 2566 ¹ιεεριποιοῡ
785 2496 846 2546 τὸ
883 2497 941 2547 ὲν
971 2496 1383 2563 θαυμαστότητι
1428 2513 1448 2547 ι
1488 2494 1790 2565 μετέωρον,
1816 2495 1875 2564 “sp

301 2589 583 2655 οὐρανιον,
623 2587 687 2640 τὸ
715 2587 942 2657 ἀρχικόν
963 2601 978 2618 ο
1011 2604 1028 2636 ι
1065 2588 1158 2640 καὶ
1190 2586 1359 2655 μηδέν
1388 2602 1441 2638 τι
1471 2586 1581 2638 τῶν
1620 2585 1877 2638 τοιούτων

302 2679 768 2748 παραδειγμάτων
797 2679 959 2748 ῥίψῃς
983 2677 1087 2744 ἔξω
1107 2679 1410 2749 μιμήσεως,
1436 2679 1523 2730 ἵνα
1548 2678 1680 2748 πρὸς
1701 2677 1876 2748 ἄκραν

298 2769 620 2839 τελειότητα
650 2768 907 2838 ὲξαρθῇς.

369 2857 480 2928 μβθ.
515 2858 582 2911 Ei
629 2857 684 2911 δὲ
715 2858 803 2911 διὰ
849 2857 1061 2910 πολλῶν
1116 2857 1406 2927 συμϐόλων
1452 2859 1479 2911 ὁ
1510 2857 1666 2924 λόγος
1718 2854 1874 2927 ἐρχό-

309 2966 471 3018 μενος
536 2951 565 3002 ὁ
623 2950 899 3020 ὁριστικὸς
958 2952 1051 3005 καὶ
1115 2950 1196 3013 εἰς
1231 2967 1253 3000 ι
1291 2949 1435 3003 θεῖον
1470 2968 1489 3000 t
1527 2949 1765 3018 ἀνήγαγέ
1817 2964 1875 3000 σε

309 3060 332 3092 ί
367 3041 614 3110 ἀξίωμα,
651 3059 673 3094 ιι
705 3042 800 3092 καὶ
819 3041 976 3094 τοῦτό
1009 3059 1068 3096 σε
1091 3043 1252 3112 τυχὸν
1275 3039 1510 3112 ἁρπάζει
1537 3041 1674 3110 πρὸς
1701 3039 1876 3108 ἐπαρε-

298 3149 382 3184 σιν
426 3133 520 3185 διὰ
565 3135 628 3184 τὸ
672 3131 1022 3203 ὑπεροχικὸν,
1062 3131 1182 3186 ἀλλ’
1211 3132 1306 3185 ἐπὶ
1345 3129 1607 3200 λογισμοῦ
1661 3130 1749 3200 ἔχε
1800 3131 1874 3202 μὴ
1904 3153 1946 3211 ε

299 3223 459 3292 μόνον
491 3223 586 3276 τὸν
633 3225 714 3286 είς
746 3224 926 3294 τρίτον
958 3225 1058 3294 μὲν
1114 3223 1344 3294 οὐρανὸν
1389 3222 1726 3293 ἁρπαγέντα,
1773 3223 1868 3292 μέ-

299 3331 452 3366 νοντα
493 3315 554 3367 δὲ
579 3316 1008 3390 τῇγταπεινώσει
1041 3316 1210 3383 κάτω,
1261 3313 1398 3368 ἀλλὰ
1443 3315 1540 3368 καὶ
1567 3313 1664 3385 τὴν
1695 3332 1714 3365 ι
1755 3315 1866 3383 είρ-

295 3405 452 3477 κτὴν,
497 3423 517 3457 ι
557 3407 638 3469 εἰς
673 3406 740 3476 ἢν
775 3409 808 3477 ἡ
837 3410 895 3459 ὲν
921 3407 1065 3477 λόγῳ
1102 3407 1304 3477 θεωρία
1356 3403 1773 3478 περιαγαγοῦσὰ
1809 3422 1868 3456 σε

297 3498 708 3564 ὲγκατέκλεισε.
747 3499 854 3550 Καὶ
903 3497 981 3568 τῷ
1014 3499 1156 3566 λόγῳ
1187 3497 1362 3568 τούτῳ
1408 3499 1560 3552 κάτω
1606 3497 1789 3567 βάλλε,
1819 3498 1871 3550 εἰ

301 3603 402 3639 που
434 3589 530 3639 καὶ
573 3589 888 3640 ἀνασπᾶται
916 3589 977 3640 τὸ
1015 3605 1112 3657 της
1145 3590 1344 3657 ὀφρύος
1387 3587 1522 3640 πολύ
1547 3603 1560 3619 ’
1596 3590 1689 3640 καὶ
1733 3589 1867 3639 ἀνα-

295 3680 630 3748 ϐαίνωνὲως
659 3680 756 3733 καί
779 3681 868 3741 εἰς
900 3680 1126 3749 οὐρανὸν
1152 3683 1216 3749 τῇ
1251 3679 1384 3747 πρὸς
1413 3678 1541 3730 Θεὸν
1575 3678 1641 3730 δι’
1671 3679 1866 3747 ἀρετῆς

301 3774 585 3844 ἑγγύτητι,
633 3772 930 3826 κατάϐαινε
961 3773 1055 3826 καὶ
1089 3771 1195 3833 ἕως
1224 3771 1331 3824 τῶν
1357 3770 1610 3825 ἀϐύσσων
1638 3769 1714 3840 τῷ
1738 3771 1868 3822 ἁνυ-

302 3865 547 3935 ποκρίτῳ
593 3865 993 3933 ταπεινώματι.
1043 3864 1184 3931 Λέγε
1233 3863 1327 3916 καὶ
1368 3863 1533 3925 αὑτός
1557 3876 1574 3893 ο
1611 3879 1633 3914 ι
1667 3861 1779 3928 ἐγὼ
1812 3861 1870 3913 δέ

295 3958 412 4026 εἰμι
462 3953 706 4024 σκώληξ,
748 3956 840 4008 καὶ
888 3956 988 4008 οὐκ
1030 3954 1350 4024 ἄνθρωπος·
1405 3973 1425 4005 t
1475 3954 1562 4006 ἵνα
1595 3970 1680 4017 τις
1723 3955 1871 4006 ἀντι-

299 4049 624 4120 φθέγξηται,
667 4049 743 4119 μὴ
761 4047 919 4100 τοῦτο
950 4044 1090 4100 εἷναί
1127 4064 1208 4111 σε,
1241 4045 1359 4099 ἀλλ’
1390 4046 1638 4118 οὐράνιον
1664 4045 1870 4114 ἄνθρω-

300 4159 396 4194 πον
419 4157 434 4171 ⁸
463 4141 564 4206 ὡς,
620 4141 718 4194 ἐάν
744 4157 806 4209 γε
837 4139 898 4192 τὸ
948 4138 1146 4210 σεμνὸν
1193 4137 1356 4192 τοῦτο
1387 4139 1547 4202 αὐτὸς
1597 4138 1870 4206 ἐπιλέγειν

297 4234 511 4303 σεαυτῷ
563 4233 817 4296 δικαιοῖς,
848 4233 948 4284 οὐκ
979 4232 1044 4284 ἂν
1071 4230 1300 4300 φθάνοις
1333 4231 1413 4294 εἷς
1453 4215 1510 4284 τί
1537 4229 1870 4300 φαυλότατον
1911 4292 1920 4306 ἱ

305 4326 699 4394 καταγόμενος.
754 4325 853 4376 Διὰ
909 4323 1087 4376 τοίνυν
1139 4323 1202 4376 τὸ
1255 4322 1481 4392 ἀρχικὸν
1521 4323 1616 4376 καὶ
1668 4321 1870 4392 ὑψηλὸν

300 4417 682 4489 ὲξαιρόμενος,
719 4415 875 4478 αὖθις
913 4416 1000 4469 διὰ
1030 4416 1091 4469 τὸ
1139 4415 1532 4485 κατακριτικὸν
1569 4413 1868 4468 κατάϐαινε

299 4511 376 4572 εἰς
399 4508 756 4562 ταπείνωσιν.
813 4504 1195 4576 ’Λγχιθυροῡσι
1229 4504 1336 4572 γάρ
1384 4519 1502 4564 πως
1550 4500 1874 4570 κατάκρισις
1903 4512 1948 4564 ι)

303 4601 390 4652 καὶ
438 4596 810 4668 ὲγκάθειρξις,
857 4597 952 4650 καὶ
999 4595 1224 4663 οὐδεμία
1273 4593 1463 4666 εἱρκτὴ
1495 4592 1573 4663 μὴ
1625 4592 1747 4661 οὐχὶ
1779 4591 1872 4644 ἐπὶ

303 4690 588 4746 δικαιώσει
621 4688 968 4759 πταίσματος
992 4687 1356 4756 ἐπινενόηται.

371 4781 490 4853 μγ’.
527 4779 796 4834 Ἐνταῦθα
839 4779 896 4832 δὲ
935 4777 1235 4845 ἀξιώσαιμι
1264 4777 1352 4840 ἂν,
1391 4774 1484 4827 καὶ
1523 4774 1580 4840 ἐξ
1612 4771 1870 4843 ἀκεραίου

306 4879 396 4929 καὶ
427 4875 678 4944 πλήρους
713 4868 854 4926 εἶναι
884 4871 982 4938 τὴν
1009 4869 1311 4939 κάθειρξιν,
1347 4868 1420 4930 ὡς
1469 4867 1544 4937 μὴ
1577 4867 1735 4936 μέρει
1773 4866 1872 4931 μέν

305 4985 407 5020 τινι
425 4964 874 5027 κατακλείεσθαι,
899 4959 1055 5026 αὖθις
1085 4963 1140 5015 δὲ
1165 4962 1322 5031 μέρει
1349 4961 1541 5028 ἑτέρῳ,
1578 4958 1671 5010 καὶ
1699 4955 1872 5009 ταῦτα

305 5055 377 5124 τῷ
409 5057 738 5125 κυριωτέρῳ
788 5053 978 5107 ἄνετον
1014 5048 1154 5104 εἶναι
1177 5051 1268 5103 τὸν
1320 5047 1746 5118 καθειργμένον,
1777 5048 1874 5097 καὶ

309 5147 635 5210 πλανᾶσθαι,
669 5145 790 5197 ὅποι
827 5144 924 5196 καὶ
962 5141 1232 5212 βούλεται.
1265 5136 1372 5193 Ἦν
1403 5141 1510 5207 γὰρ
1539 5138 1600 5189 ού
1633 5135 1874 5198 τοιοῦτος

308 5241 333 5290 ὁ
355 5239 426 5309 τῷ
453 5238 672 5306 σώματι
705 5237 802 5304 μὲν
830 5232 1420 5303 ἐγκατεεικοδομημένο,
1454 5225 1564 5282 οἷον
1591 5229 1668 5299 τῷ
1698 5245 1716 5279 ι
1750 5225 1874 5279 στύ-

307 5330 398 5400 λῳ,
435 5349 453 5382 t
484 5332 607 5392 ταῖς
662 5328 717 5378 δὲ
753 5327 967 5395 ὀρέξεσι
1030 5325 1241 5393 βόσκων
1291 5322 1484 5374 ἑαυτὸν
1518 5319 1744 5380 ἄνετον;
1789 5317 1871 5382 ὃς,

308 5423 456 5491 εἴπερ
486 5417 599 5489 εἶχε
633 5417 710 5486 τῷ
735 5417 842 5468 τῶν
875 5415 1179 5482 ἐπιθυμιῶν
1198 5413 1384 5482 κούφῳ
1409 5407 1872 5478 συνεπτερῶσθαι,

311 5514 629 5562 συνεπέτετο
671 5507 737 5561 ἂν
777 5508 1036 5569 ἐκείναις,
1063 5506 1157 5557 καὶ
1180 5505 1336 5570 ὀλίγα
1367 5503 1457 5555 τὸν
1487 5499 1728 5553 οἰκίσκον
1743 5496 1871 5550 τοῦ-

309 5620 394 5656 τον
420 5604 660 5673 ᾤκησεν.
703 5600 1078 5666 Ἐγκλειστέον
1117 5593 1232 5656 οὖν,
1266 5591 1310 5648 ὦ
1337 5587 1513 5656 οὗτος.
1545 5593 1662 5644 ὅλον
1706 5607 1870 5642 σεαυ-

309 5693 395 5743 τὸν
422 5692 634 5761 σώματι
663 5690 866 5760 δηλαδὴ
902 5691 993 5741 καὶ
1017 5688 1188 5757 ψυχῇ,
1220 5687 1314 5738 καὶ
1347 5685 1584 5754 μάλιστα
1613 5677 1676 5750 τῇ
1699 5681 1868 5748 ψυχῇ,

314 5780 443 5834 ὥστε
492 5781 549 5834 σὲ
578 5781 678 5850 μὲν
704 5780 824 5831 ὅλον
865 5778 937 5841 ὡς
975 5779 1052 5840 εἰς
1084 5776 1263 5846 ψυχὴν
1302 5770 1652 5843 μονάζεοθαι,
1686 5769 1872 5821 ἁπλοῖ-

1984 971 1996 992 ,
2048 931 2139 984 41.
2181 932 2298 985 Tibi
2333 931 2512 984 evenit
2554 941 2613 985 ut
2640 931 2908 986 uallatus
2935 933 3031 997 sis,
3065 945 3160 985 nec
3194 934 3420 997 modice.
3449 935 3545 987 sed

1979 1038 2148 1092 usque
2175 1027 2242 1078 ad
2271 1024 2466 1078 coelum
2495 1033 2550 1078 et
2583 1023 2651 1078 ad
2696 1023 3029 1079 Dominicam
3065 1026 3385 1096 dignitatern
3425 1042 3546 1095 qua:

1977 1117 2254 1170 hominem
2311 1114 2609 1183 perfectum
2649 1116 2827 1180 decet,
2860 1126 2922 1170 ut
2949 1119 3041 1186 qui
3073 1127 3157 1171 est
3185 1133 3213 1171 a
3245 1117 3355 1172 Deo
3377 1119 3545 1189 inspi-

1977 1213 2147 1260 ratus.
2183 1203 2303 1258 Noli
2335 1219 2470 1275 ergo
2522 1206 2670 1259 humi
2705 1221 2912 1276 repere,
2941 1218 2994 1262 et
3021 1208 3208 1262 audire
3237 1221 3295 1263 ut
3324 1211 3550 1265 descen-

1975 1296 2156 1358 deres,
2191 1295 2305 1351 sive
2334 1297 2495 1350 aliter
2513 1298 2861 1363 ascenderes,
2880 1299 3008 1368 quia
3025 1301 3274 1354 columna
3305 1301 3359 1355 in
3379 1303 3544 1356 altum

1979 1401 2164 1440 eorum
2228 1402 2348 1456 quae
2397 1386 2532 1441 liunt
2579 1403 2744 1458 super
2799 1399 2993 1444 terram
3049 1394 3395 1449 miseratione
3448 1401 3545 1450 dc-

1975 1475 2256 1530 scendisti.
2296 1475 2600 1531 Terrestria
2638 1492 2984 1536 contemnere
3020 1483 3315 1550 appellatus
3340 1495 3398 1538 et
3439 1486 3544 1538 cle-

1980 1574 2138 1622 vatus
2168 1583 2248 1634 es,
2283 1577 2342 1623 ut
2375 1571 2456 1623 ait
2490 1569 2678 1634 David,
2711 1576 2864 1640 quasi
2897 1588 2927 1625 e
2955 1573 3154 1642 populo
3198 1574 3290 1629 Dei
3315 1576 3543 1630 electus.

1973 1658 2076 1714 Per
2104 1675 2227 1714 aera
2273 1661 2389 1731 jam
2425 1663 2690 1732 gradieris
2716 1665 3068 1719 terrestribus
3113 1669 3543 1736 supereminens.

1976 1749 2056 1805 Ne
2080 1752 2218 1805 alam
2245 1751 2489 1806 inutilem
2518 1755 2728 1819 reddas,
2763 1771 2868 1825 qua
2899 1757 2994 1810 tibi
3025 1758 3203 1812 volare
3231 1758 3409 1813 datum
3439 1773 3544 1816 εει.

1974 1843 2220 1898 Caelestis
2236 1859 2312 1908 es,
2336 1859 2439 1898 non
2466 1846 2638 1898 solum
2666 1847 2792 1915 quia
2822 1847 3061 1902 scelestis
3088 1849 3269 1917 planta
3298 1865 3361 1904 es
3388 1851 3544 1919 (ilan

1971 1933 2115 1988 enim
2159 1933 2336 2002 quivis
2371 1934 2532 1988 homo
2561 1943 2664 2000 est,
2700 1947 2856 2004 prout
2899 1938 3264 2007 philosophice
3296 1945 3546 2009 exposuit

1971 2025 2241 2095 quidam),
2261 2028 2350 2081 sed
2368 2036 2420 2082 et
2438 2029 2563 2096 quia
2589 2043 2618 2080 a
2639 2038 2779 2082 terra
2811 2029 3072 2094 revulsus,
3101 2033 3334 2100 paradisi
3364 2034 3542 2102 planta

1973 2116 2088 2174 fieri
2128 2118 2426 2171 contendis.
2464 2118 2715 2173 Caelestis
2762 2134 2890 2188 ergo
2937 2121 3134 2186 retine,
3165 2131 3422 2176 tartarunt
3459 2140 3541 2176 re-

1973 2208 2232 2277 spiciens.
2289 2207 2413 2264 ilice
2462 2220 2655 2264 cuncta
2709 2215 3027 2277 observans,
3061 2215 3284 2283 acquire
3319 2216 3538 2284 quodin

1974 2298 2280 2354 admirabili
2326 2300 2542 2370 negotio
2599 2310 2683 2356 est
2739 2301 3033 2369 elevatum,
3093 2304 3238 2372 quod
3294 2305 3540 2370 cmleste,

1975 2391 2117 2456 quod
2161 2405 2430 2445 summurn
2475 2401 2576 2458 cst,
2616 2407 2794 2461 neque
2827 2393 2954 2462 quid
2991 2395 3058 2448 de
3091 2394 3176 2448 his
3211 2398 3546 2450 documentis

1977 2490 2180 2535 temere
2231 2483 2512 2552 proiicias,
2595 2491 2653 2538 ut
2707 2483 2774 2538 ad
2835 2499 3101 2539 summam
3155 2487 3542 2555 perfectionem

1975 2571 2207 2629 tollatis.

2047 2834 2135 2888 42.
2178 2834 2235 2888 Si
2269 2850 2396 2890 vero
2429 2837 2614 2892 multis
2648 2837 2835 2906 ﬁguris
2860 2837 3126 2894 deﬁniens
3169 2855 3350 2895 sermo
3393 2851 3443 2895 te
3475 2846 3540 2894 ad

1978 2924 2212 2979 divinam
2231 2927 2546 2995 dignitatem
2567 2929 2878 2994 adduxit,et
2895 2929 3022 2984 illud
3053 2940 3103 2984 te
3123 2929 3264 2986 forte
3289 2935 3351 2986 ad
3375 2933 3544 2988 subli-

1978 3017 2224 3071 mitatem
2274 3018 2455 3071 evexit
2497 3030 2718 3088 propter
2768 3021 3094 3075 conditionis
3136 3026 3542 3091 supereminen-

1980 3109 2132 3171 tiant,
2167 3121 2345 3164 mente
2377 3112 2555 3180 cogita
2600 3127 2710 3166 non
2749 3113 2924 3167 solum
2957 3129 3077 3166 eum
3114 3117 3203 3184 qui
3227 3120 3291 3169 ad
3323 3120 3539 3171 tertium

1979 3213 2167 3271 raptus
2198 3213 2281 3256 est
2321 3204 2544 3270 cmlunt,
2575 3204 2630 3258 ln
2679 3205 2982 3261 humilitate
3012 3207 3170 3278 qinl’ra
3201 3224 3540 3278 permanens,

1975 3294 2068 3347 sed
2099 3303 2154 3347 et
2183 3308 2478 3363 carcerein,
2525 3297 2716 3365 inquo
2755 3276 3033 3352 medltatio
3062 3301 3220 3370 juxta
3275 3303 3536 3356 rationem

1976 3394 2028 3438 te
2076 3385 2296 3440 adduxit
2361 3397 2416 3442 et
2470 3387 2710 3442 inclusit.
2760 3387 2825 3443 Et
2857 3392 3073 3445 ratione
3120 3393 3222 3445 ista
3275 3393 3414 3446 infra
3487 3404 3538 3447 te

1979 3475 2221 3543 projice,
2253 3477 2500 3544 quamvis
2536 3476 2763 3542 alicujus
2830 3479 3178 3547 Supercilium
3223 3482 3445 3548 tollitur,
3488 3499 3542 3535 ct

1976 3565 2280 3619 ascendens
2311 3568 2481 3621 donec
2513 3568 2567 3621 iit
2591 3569 2729 3622 cmlo
2764 3570 2960 3624 virtute
2991 3570 3100 3625 Deo
3125 3573 3345 3641 prapior
3372 3567 3540 3641 adsis,

1977 3671 2150 3726 usque
2184 3658 2250 3712 ad
2293 3658 2519 3728 abyssos
2572 3661 2840 3716 descende
2888 3675 3008 3714 cum
3056 3664 3271 3717 sincera
3323 3665 3542 3719 humili-

1975 3754 2105 3801 tate.
2146 3748 2236 3800 Dic
2279 3756 2335 3800 tu
2383 3750 2495 3816 ipse
2530 3765 2545 3802 :
2577 3747 2789 3805 Vermis
2818 3766 2959 3818 sum,
3011 3763 3064 3808 et
3107 3769 3210 3807 non
3259 3757 3438 3821 homo,
3485 3773 3542 3810 ιιι

1977 3839 2503 3907 rcspondeaturnon
2530 3841 2692 3895 talem
2722 3851 2791 3908 te,
2832 3843 2926 3895 sed
2963 3842 3236 3896 cmlestem
3281 3860 3422 3912 esse,
3450 3863 3538 3916 qui

1977 3939 2149 3992 certe,
2214 3929 2258 3982 si
2296 3945 2547 3998 magnum
2592 3931 2737 3984 istud
2781 3931 2850 3984 de
2887 3942 2938 3985 te
2973 3934 3093 4001 ipso
3129 3936 3318 3987 dicens
3352 3945 3402 3989 tc
3454 3937 3542 4004 ju-

1977 4022 2270 4085 stilicares,
2332 4037 2455 4076 ιυοι
2509 4023 2576 4076 ad
2633 4022 2958 4077 vilissimum
3007 4027 3338 4094 pervenires.
3401 4027 3541 4095 Ergo

1974 4112 2044 4165 ad
2077 4125 2286 4165 summa
2318 4121 2372 4166 et
2401 4111 2614 4167 excelsa
2672 4114 2935 4177 elevatus,
2973 4130 3070 4184 per
3110 4130 3355 4169 severum
3393 4119 3541 4187 judi-

1976 4204 2118 4257 cium
2151 4203 2588 4271 in.hutni|itatem
2616 4205 2905 4260 descende.
2928 4205 3221 4260 Domorum
3244 4211 3386 4261 enim
3409 4227 3541 4278 quo-

1977 4298 2270 4352 dummodo
2306 4298 2505 4367 januas
2540 4299 2864 4353 continuant
2891 4301 3164 4353 damnatio
3209 4308 3263 4354 et
3298 4301 3542 4357 incarce-

1979 4388 2141 4455 ratio,
2175 4404 2273 4444 nec
2302 4392 2443 4446 ullus
2483 4405 2672 4446 carcer
2690 4389 2805 4445 hisi
2837 4406 2959 4447 cum
2991 4393 3237 4448 criminis
3269 4402 3538 4448 sententia

1976 4484 2274 4552 cogitatur.

2046 4747 2136 4802 45.
2175 4747 2276 4801 ilic
2309 4761 2437 4802 vero
2461 4754 2825 4816 opportunum
2859 4746 3099 4800 arbitror
3130 4753 3185 4800 et
3217 4747 3285 4800 de
3323 4746 3538 4800 sincero

1975 4849 2030 4894 ct
2063 4841 2130 4893 de
2161 4840 2426 4906 completo
2467 4850 2589 4892 esse
2627 4838 3132 4902 incarccrationcm,
3186 4837 3396 4892 scilicet
3431 4855 3536 4891 non

1976 4933 2191 5001 quidem
2252 4931 2474 4994 includi,
2523 4945 2553 4984 e
2596 4939 2784 4984 contra
2829 4946 2957 4983 vero
2997 4944 3027 4984 ο
3071 4931 3314 4984 custodia
3361 4931 3535 4982 emitti

1976 5024 2245 5092 captivum
2274 5032 2327 5076 et
2355 5023 2538 5090 vagari
2572 5037 2681 5091 quo
2709 5023 2944 5078 libuerit.
2984 5021 3100 5075 Non
3143 5022 3284 5076 enim
3318 5019 3364 5075 is
3395 5035 3540 5075 esset.

1976 5115 2068 5182 qui
2100 5129 2328 5181 corpore
2353 5113 2572 5183 quidetn
2607 5113 3004 5167 habitationem
3035 5113 3281 5178 traheret,
3324 5113 3537 5165 sicutin

1975 5207 2248 5271 columna,
2284 5204 2612 5274 appetitibus
2656 5220 2786 5259 vero
2829 5205 3112 5260 remissius
3158 5205 3541 5260 satisfaceret?

1975 5301 2089 5369 qui,
2143 5299 2267 5352 licet
2324 5297 2392 5350 ad
2442 5298 2730 5351 volandunt
2786 5297 3056 5366 cupidinis
3111 5299 3332 5353 levitate
3381 5305 3539 5367 aptus

1975 5405 2138 5459 esset,
2173 5395 2256 5448 his
2283 5393 2571 5462 indulgens
2600 5393 2832 5458 volaret,
2895 5404 2948 5447 et
2996 5408 3122 5446 raro
3151 5393 3342 5446 cellam
3378 5392 3534 5444 istam

1976 5489 2268 5542 habitaret.
2301 5486 2658 5540 lnclndendus
2721 5501 2872 5554 ergo.
2923 5500 2958 5539 υ
2986 5492 3062 5547 tu,
3099 5495 3240 5538 totus
3281 5497 3310 5535 a
3342 5493 3391 5534 te
3419 5481 3536 5549 ipso

1973 5597 2052 5646 es,
2078 5595 2302 5647 corpore
2330 5579 2539 5634 scilicet
2567 5589 2616 5632 et
2653 5579 2854 5640 anima,
2886 5588 2936 5632 et
2980 5577 3279 5644 prmsertim
3330 5572 3532 5638 anima,

1975 5675 2046 5728 ita
2080 5681 2136 5725 ut
2169 5684 2220 5725 te
2256 5681 2423 5726 totum
2469 5670 2714 5724 includas
2752 5670 2804 5722 itt
2845 5670 3082 5722 animant
3121 5677 3376 5733 tanquam
3420 5679 3533 5718 Ino-

1979 5764 2135 5817 nachi
2187 5762 2400 5824 ccllnn,
2448 5774 2500 5815 te
2549 5761 2844 5830 simplicem
2901 5758 3210 5824 integritate
3263 5755 3529 5834 completa
