3888 6238
326 353 432 417 239

1027 352 1437 415 ΕΗΒΤΑΤΗΙΙ
1479 350 1894 409 THESSALOF

2003 349 2218 411 ENSlS
2259 351 2362 409 ME
2379 348 2810 408 ΙἮΟΡΟΜΤΕ

3415 340 3526 400 2ιο

328 479 445 523 toto
473 466 636 522 corde
657 465 721 520 ad
747 464 964 519 virtutis
991 465 1238 520 bravium
1270 474 1537 532 paratum,
1570 463 1875 516 columnam

2000 467 2315 533 ιευσάμενον
2363 465 2421 514 τὸ
2454 464 2550 529 τῆς
2581 463 2825 529 διαρτίας
2877 459 3125 511 σύνθετον
3148 457 3225 515 είς
3269 453 3526 520 bisti-opu

329 573 456 612 vero
501 558 641 613 sicut
688 558 932 625 corporis
972 555 1272 622 analogiam
1328 552 1488 604 habet
1522 565 1618 619 pro
1662 550 1881 604 homine

329 647 418 714 qui
458 648 600 701 intus
643 653 750 712 est,
783 644 989 714 pariter
1025 643 1386 696 includentem
1431 655 1525 709 pro
1557 649 1664 692 tota
1701 639 1878 692 anima

330 746 536 794 teneas.
585 753 606 803 ε

398 822 492 876 44.
533 823 588 876 Si
647 836 774 876 vero
827 833 1050 874 necesse
1101 829 1183 871 est
1245 817 1567 884 cupiditates
1625 819 1882 886 quasdam

331 923 481 967 extra
509 913 814 967 columnam
846 911 1079 972 mittere,
1149 910 1336 964 salleni
1377 910 1703 978 compositas
1737 911 1883 971 volo,

335 1004 548 1070 penitus
595 1001 940 1054 rationabiles
965 1008 1020 1054 et
1050 1010 1243 1052 asceis:
1293 998 1581 1051 reclusioni
1610 1008 1664 1050 et
1699 1013 1886 1052 coarc-

333 1093 519 1146 tatioui
551 1101 964 1152 consentaneas,
998 1098 1074 1152 ut,
1113 1087 1562 1155 quemadmodum
1609 1089 1743 1142 bona
1791 1088 1886 1140 do-

334 1186 477 1237 mina
526 1184 811 1251 prudentes
861 1179 1081 1232 ancillas
1135 1179 1295 1231 mittit
1363 1192 1681 1245 quocunque
1755 1192 1888 1243 opus

343 1285 455 1339 est,
502 1275 578 1328 sic
611 1284 663 1327 et
691 1273 865 1324 anima
895 1281 983 1322 tua
1013 1269 1311 1322 utiliorihus
1335 1268 1687 1335 cupiditatum
1729 1269 1889 1321 mini-

344 1365 524 1418 steriis
573 1373 770 1415 utatur.
806 1359 940 1412 Num
974 1359 1104 1412 nihil
1133 1367 1344 1426 appetet
1370 1357 1765 1427 stylita?Sanc,
1797 1360 1887 1424 qui

358 1468 462 1505 non
493 1452 666 1504 anima
717 1460 880 1510 caret,
915 1462 1112 1512 escam,
1147 1457 1325 1514 potum
1353 1456 1582 1515 appetet,
1611 1455 1663 1500 et
1689 1457 1891 1501 utrum-

337 1559 438 1612 que
489 1556 586 1610 pro
640 1540 960 1593 necessitate
1025 1539 1295 1590 hominum
1349 1552 1634 1590 occursum
1688 1539 1888 1606 cupiet,

333 1635 650 1702 quibuscum
676 1631 815 1698 loqui
840 1628 1042 1698 possit;
1074 1630 1172 1682 erit
1197 1629 1295 1696 ipsi
1320 1629 1541 1680 aliorum
1568 1629 1888 1682 desiderium

333 1738 452 1790 quae
517 1724 783 1775 hominem
828 1723 1019 1773 bonum
1062 1723 1422 1785 constituent;
1457 1735 1558 1773 non
1593 1721 1733 1774 enim
1770 1735 1890 1788 pro-

333 1826 451 1881 pter
482 1816 592 1867 hac
629 1812 1009 1880 vituperandus
1041 1812 1198 1864 homo
1232 1819 1336 1864 est.

402 1990 490 2043 t5.
529 1989 596 2042 Et
642 1989 717 2042 sic
767 1988 982 2055 quidem
1015 1988 1252 2042 cmlestis
1293 2002 1390 2056 per
1438 1987 1564 2041 illud
1601 1985 1888 2056 praevalere

331 2082 568 2133 videtur.
616 2078 931 2132 Custodiam
995 2077 1277 2140 meditare,
1333 2086 1385 2130 et
1437 2078 1734 2130 humilitate
1767 2078 1892 2130 sub-

335 2171 533 2224 missus
599 2169 713 2233 tias,
761 2177 1011 2235 reputans
1057 2175 1108 2221 te
1153 2175 1318 2220 totutn
1380 2168 1712 2222 reconditum
1746 2182 1888 2234 esse,

337 2261 632 2315 secundum
676 2259 835 2313 talem
871 2259 1138 2312 hominem
1177 2259 1374 2326 cogita.
1408 2257 1486 2311 Ne
1515 2273 1642 2312 vero
1672 2260 1892 2313 omnino

338 2351 393 2403 in
449 2350 775 2402 otiositatcm
815 2349 1042 2414 incidas,
1082 2358 1344 2416 reputans
1383 2356 1434 2402 te
1479 2348 1530 2401 in
1579 2350 1892 2416 spectaculo

338 2443 404 2492 ad
459 2441 712 2508 exiguum
748 2447 958 2506 tempus
1002 2437 1260 2491 athletam
1305 2452 1446 2502 esse,
1478 2447 1531 2490 et
1571 2439 1890 2494 athletarum

341 2529 436 2582 tibi
467 2544 586 2583 esse
621 2543 865 2592 arenam,
895 2528 947 2579 itt
994 2543 1097 2596 qua
1133 2539 1182 2581 te
1220 2537 1434 2595 oportet
1475 2528 1666 2581 fortem
1694 2543 1815 2582 esse
1841 2537 1895 2582 et

340 2620 611 2674 scenicum
657 2617 846 2672 videri.
881 2617 1048 2684 llujus
1083 2619 1394 2672 certaminis
1424 2618 1626 2672 athleta
1677 2628 1895 2688 propter

342 2719 554 2778 sperata
599 2710 818 2778 prannia
841 2720 980 2765 esto.
1016 2709 1111 2764 Hic
1142 2725 1274 2778 opus
1305 2719 1389 2763 cst
1415 2719 1467 2762 et
1501 2723 1689 2764 omnes
1721 2718 1894 2763 metas

345 2800 640 2862 transilire,
673 2800 798 2867 quia
835 2799 1188 2866 apostolicum
1217 2809 1298 2852 est
1336 2799 1566 2853 inveniri
1602 2800 1654 2852 itt
1701 2799 1896 2852 labori-

342 2892 440 2943 bus
471 2905 632 2958 supra
677 2891 912 2942 modum.
949 2888 1040 2943 Sic
1081 2890 1223 2942 enim
1255 2889 1626 2943 adversarium
1661 2901 1896 2957 proster-

349 2994 468 3043 nes,
498 2979 589 3046 qui
627 2979 887 3032 virtutum
911 2979 1089 3032 ordini
1121 2977 1354 3033 infestus
1379 2988 1430 3032 et
1461 2980 1548 3032 vili
1577 2980 1898 3034 immodera-

1981 556 2057 623 τῷ
2088 555 2184 622 τῆς
2225 553 2426 620 ἀρετῆς
2483 551 2828 619 ἑκνικὴματι,
2873 549 2964 601 τὸν
3015 547 3070 599 δὲ
3099 565 3118 598 t
3157 545 3348 598 στύλον
3380 562 3398 594 ι
3429 543 3527 594 ὅσα

1985 646 2079 699 καὶ
2137 647 2396 712 ἀνάλογόν
2429 661 2482 696 τι
2516 643 2677 711 σῶμα
2710 636 2848 694 εἶναι
2875 640 2952 710 τῷ
2979 640 3086 690 ἔσω
3127 635 3419 707 ἀνθρώπῳ,
3450 633 3528 698 τῷ

1982 735 2086 805 ὅλῳ
2109 735 2278 804 ψυχῇ.

2055 823 2155 894 μδ’.
2190 825 2248 876 Εἰ
2279 823 2334 875 δὲ
2359 823 2567 890 ἀνάγκη
2601 822 2764 883 πᾶσα,
2795 819 3084 887 ἐπιθυμίας
3117 815 3266 876 τινὰς
3297 813 3402 878 ἔξω
3431 810 3526 864 τοῦ

1992 936 2010 968 ‹
2049 917 2240 968 στύλου
2278 933 2296 968 ι
2341 913 2671 982 πέμπεσθαι,
2715 913 2846 964 ἀλλὰ
2879 910 3076 971 ταύτας
3111 907 3242 971 ἁξιῶ
3274 905 3529 974 ἐμμελῶς

1986 1008 2149 1076 ἔχειν,
2183 1007 2277 1059 καὶ
2304 1005 2445 1058 πάνυ
2475 1005 2724 1070 ἐλλόγως,
2759 1001 2850 1054 καὶ
2895 1001 3055 1066 ἀξίως
3084 998 3181 1065 τῆς
3215 996 3321 1048 ἐσω
3348 1011 3530 1048 στενο-

1985 1097 2185 1167 χωρίας
2223 1095 2315 1148 τοῦ
2341 1094 2577 1160 ἀσκητοῦ
2612 1093 2703 1144 καὶ
2733 1089 3140 1156 κατασφίγξεως
3167 1105 3180 1118 ·
3215 1088 3320 1150 ἵνα,
3362 1085 3532 1138 καθά-

1987 1203 2090 1256 περ
2151 1185 2326 1256 ἀγαθὴ
2378 1185 2628 1236 δέσποινα
2681 1180 3037 1248 θεραπαινίδας
3096 1179 3366 1245 ἐκπέμπει
3423 1173 3532 1225 σώ-

1989 1292 2209 1346 φρονας,
2238 1276 2360 1327 ὅποι
2405 1273 2522 1326 δέον
2574 1273 2710 1336 ἐστὶ,
2741 1270 2879 1322 οὕτω
2920 1269 3008 1320 καὶ
3040 1270 3073 1337 ὴ
3125 1265 3190 1334 σὴ
3222 1265 3362 1332 ψυχὴ
3414 1268 3532 1326 ταῖς

1985 1363 2371 1435 χρηστοτέραις
2412 1362 2518 1413 τῶν
2551 1360 2854 1427 ἐπιθυμιῶν
2900 1358 3188 1426 ὑπουργοίς
3219 1354 3418 1423 χρῷτο.
3445 1352 3533 1420 Μὴ

1987 1457 2094 1524 γὰρ
2115 1455 2214 1506 οὐκ
2239 1453 2564 1521 ἐπιθυμήσει
2589 1450 2678 1502 καὶ
2702 1451 2728 1500 ὁ
2763 1467 2780 1499 ι
2815 1447 3062 1516 στυλίτης
3083 1461 3098 1476 ·
3135 1464 3153 1496 ι
3183 1447 3268 1496 ναὶ
3294 1444 3530 1502 πάντως,

1987 1545 2066 1597 ὅτι
2095 1544 2229 1612 μηδέ
2273 1541 2497 1610 ἄψυχος,
2532 1539 2778 1609 ὀρέξεται
2816 1537 3093 1608 βρώσεως,
3141 1535 3386 1604 ὁρέξεται
3431 1533 3533 1583 πό-

1990 1650 2146 1698 σεως,
2194 1633 2288 1686 καὶ
2325 1633 2525 1700 ἀμφοῖν
2572 1632 2628 1683 ἐν
2674 1629 2874 1682 δέοντι·
2923 1626 3248 1694 ἐπιθυμήσει
3287 1623 3536 1691 ἐντυχίας

1989 1726 2315 1796 προσώπων,
2359 1721 2440 1786 οἷς
2475 1720 2650 1792 χρεὼν
2699 1722 2860 1775 αὑτὸν
2901 1720 3142 1788 ὁμιλεῖν·
3191 1718 3340 1770 ἔσται
3385 1714 3534 1783 αὐτῷ

1918 1784 1958 1842 Β
1987 1784 2168 1884 ἐιρεσις
2199 1784 2312 1867 mir
2345 1784 2568 1882 ἑτέρω-ν,
2603 1813 2696 1864 ὅσα
2727 1812 2815 1863 τὸν
2865 1784 3062 1877 ἀγαθὸν
3097 1807 3416 1859 συνιστῶσιν
3442 1807 3537 1859 ἇν-

1989 1907 2201 1975 ορωπον
2223 1919 2236 1934 ⁸
2298 1904 2411 1956 ἀλλ’
2444 1904 2502 1954 ού
2535 1901 2808 1969 μεμπτέος
2839 1900 2926 1951 διὰ
2967 1897 3139 1950 ταῦτα
3173 1900 3199 1949 ὁ
3229 1897 3531 1966 ἄνθρωπος.

2059 1995 2161 2065 με’.
2200 1996 2307 2048 Καὶ
2355 1993 2494 2046 οὕτω
2558 1993 2654 2060 μὲν
2704 1994 2731 2043 ὁ
2786 1992 3055 2060 οὐράνιος,
3111 1991 3203 2042 καὶ
3257 1990 3344 2040 διὰ
3380 1990 3541 2041 τοῦτο

1990 2089 2272 2156 ὑπερέχειν
2326 2083 2517 2136 δοκῶν.
2560 2082 2820 2150 Ἐνθνμοῦ
2872 2083 2964 2134 καὶ
3007 2080 3104 2147 τὴν
3159 2097 3177 2130 t
3223 2078 3470 2148 εἱρκτὴν,
3498 2097 3529 2128 -ι

1990 2182 2083 2234 καὶ
2110 2181 2260 2248 γίνου
2293 2181 2354 2249 τῇ
2380 2175 2702 2229 ταπεινώσει
2733 2177 2880 2227 κάτω
2900 2189 2914 2204 ο
2945 2174 3034 2225 καὶ
3059 2171 3211 2236 νοῶν,
3236 2172 3352 2232 ὅλος
3379 2172 3540 2236 ἐγκε-

1963 2258 2306 2334 ’κλεισμένος
2336 2260 2492 2326 εἶναι,
2544 2263 2725 2331 φρόνει
2759 2263 2897 2314 κατὰ
2942 2261 3178 2314 τοιοῦτον
3232 2262 3536 2329 ἄνθρωπον.

1991 2356 2083 2423 Μὴ
2114 2355 2328 2415 πάντως
2357 2353 2413 2404 δὲ
2454 2351 2546 2405 καὶ
2579 2352 2656 2412 είς
2686 2351 2880 2418 ἀργίαν
2929 2349 3174 2402 ἐντεῦθεν
3206 2352 3542 2408 κατὰπιπτε,

1993 2441 2371 2508 συννοούμενος
2401 2442 2516 2504 καὶ,
2545 2440 2628 2490 ὃτι
2659 2439 2797 2490 κατὰ
2819 2439 2914 2506 τὴν
2941 2439 3046 2507 πρὸ
3071 2438 3268 2506 μικροῦ
3303 2437 3540 2506 θεωρίαν

1998 2519 2286 2599 ι’ἀθλητὴς
2339 2547 2358 2581 ο
2416 2525 2498 2591 εἶ,
2543 2528 2636 2582 καὶ
2683 2547 2700 2578 t
2756 2529 2985 2596 σκάμμα
3039 2547 3062 2580 ι
3125 2545 3205 2580 σοι
3255 2530 3541 2595 πρόκειται

1999 2639 2018 2672 ‹
2052 2620 2356 2689 ἀθλητικὸν,
2387 2637 2405 2670 ι
2440 2619 2566 2674 ἔνθα
2621 2619 2725 2688 χρὴ
2772 2620 2989 2688 ἐνεργὸν
3035 2615 3170 2672 εἷναί
3203 2637 3282 2685 σε,
3329 2622 3421 2672 καὶ
3463 2620 3541 2680 dt;

1993 2712 2214 2779 ἐντρεχῆ
2243 2709 2637 2777 θεατρίζεσθαι.
2669 2710 2865 2762 Τούτου
2901 2709 3057 2776 γενοῦ
3092 2709 3185 2761 τοῦ
3219 2709 3422 2776 ἀγῶνος
3449 2711 3543 2763 διὰ

1993 2801 2059 2853 τὰ
2083 2803 2142 2854 ἐν
2190 2800 2398 2852 ἐλπίσιν
2454 2800 2682 2853 ἔπαθλα.
2723 2799 2980 2852 Ἐνταῦθα
3019 2802 3213 2869 χρεὼν,
3269 2803 3360 2853 καὶ
3398 2802 3542 2869 ὑπὲρ

1993 2894 2062 2942 τὰ
2107 2888 2420 2956 ἐσκαμμένα
2473 2889 2648 2958 πηδᾷν
2677 2905 2734 2940 σε
2777 2890 2866 2941 καὶ
2895 2889 3269 2958 ὑπερϐάλλειν,
3327 2891 3408 2942 ὅτι
3444 2893 3543 2942 καὶ

1996 2978 2344 3032 ἀποστολικὸν
2382 2995 2405 3028 4
2451 2978 2509 3030 τὸ
2546 2979 2602 3030 ἐν
2644 2978 2830 3039 κόποις
2853 2979 3307 3047 ὑπερϐαλλόντως.
3342 2997 3360 3030 ι
3385 2979 3547 3034 Οὕτω

343 3068 476 3122 tioni
528 3077 776 3120 assuetus
826 3070 1235 3136 temperantiam
1269 3069 1588 3122 detestatur.
1626 3069 1690 3120 Et
1719 3084 1894 3136 quam-

2000 3070 2107 3139 γὰρ
2139 3067 2228 3121 τὸν
2261 3069 2632 3138 ἀντικείμενον
2658 3067 3002 3133 καταϐαλεῖς,
3027 3069 3083 3132 ὃς
3126 3073 3239 3124 ταῖς
3268 3072 3374 3122 τῶν
3405 3071 3545 3141 ἀρε-

342 3162 425 3211 vis
480 3161 696 3211 vincere
749 3159 842 3210 tibi
879 3159 1154 3228 contingat
1187 3167 1242 3211 et
1279 3167 1572 3228 martyrum
1625 3161 1901 3228 praemium

1995 3158 2103 3209 τῶν
2135 3159 2493 3226 συμμετρίαις
2525 3158 3050 3225 ἀντιπαρακάθηται,
3091 3161 3182 3210 καὶ
3212 3159 3304 3228 τῆς
3331 3159 3546 3228 φαύλης

343 3250 588 3318 adipi-Sci,
624 3264 728 3300 non
765 3249 892 3302 licet
921 3249 1078 3318 erigi,
1109 3261 1200 3302 aut
1247 3248 1482 3303 elatione
1518 3253 1817 3320 spernenda
1851 3260 1894 3304 el

2000 3244 2296 3314 ὑπερϐολῆς
2324 3243 2420 3308 ὢν,
2456 3246 2820 3314 ἀπεχθάνεται
2852 3251 2968 3310 ταῖς
3027 3249 3253 3316 ἰσότησι.
3293 3248 3397 3301 Καὶ
3444 3251 3545 3316 γέ-

345 3340 655 3408 arrogantia
707 3339 957 3392 exaltari.
994 3337 1144 3392 Licet
1196 3340 1340 3393 enim
1393 3339 1646 3393 ditissimi
1694 3339 1902 3394 domini

349 3429 574 3480 conviva
608 3430 898 3480 secundum
932 3428 1318 3496 philosophiam
1361 3429 1413 3482 in
1453 3431 1730 3484 cmnaculo
1758 3446 1904 3482 sum-

353 3533 442 3572 lllO
487 3521 601 3583 sis;
636 3519 726 3571 sed
766 3519 1068 3572 convivium
1120 3519 1256 3570 istud
1288 3519 1635 3586 protrahitur,
1691 3519 1904 3585 quando

354 3616 551 3677 paratte
594 3610 760 3678 justis
799 3607 1005 3662 deliciae
1043 3616 1096 3662 et
1127 3608 1370 3677 voluptas
1410 3609 1807 3662 revelahuntur.

1996 3351 2136 3387 νοιτο
2165 3335 2260 3403 μέν
2294 3351 2373 3386 σοι
2397 3339 2570 3404 νικᾷν,
2593 3336 2809 3388 καὶτῶν
2839 3337 3098 3407 βραδείων
3131 3340 3410 3408 τυγχάνειν
3433 3339 3546 3392 τῶν

2005 3424 2370 3494 μαρτυρικῶν,
2393 3425 2462 3495 μὴ
2489 3427 2781 3498 ἐπαρθῆναι
2799 3427 2852 3480 δέ
2875 3429 3006 3496 μηδέ
3022 3429 3179 3491 οὕτω,
3206 3429 3337 3499 μηδέ
3369 3449 3548 3498 παρυ-

1998 3517 2242 3583 ψωθῆναι
2267 3516 2362 3584 τὴν
2377 3516 2474 3567 οὐκ
2493 3519 2881 3587 ἐπαινουμένην
2901 3519 3121 3588 ἔπαρσίν
3139 3537 3194 3571 τε
3207 3523 3300 3574 καὶ
3315 3520 3547 3588 ὕψωσιν.

2017 3604 2079 3656 Ei
2109 3605 2214 3672 γὰρ
2243 3607 2336 3656 καὶ
2371 3606 2672 3669 σύνδειπνος
2697 3607 2794 3678 ἔσῃ
2815 3610 2890 3676 τῷ
2919 3602 3298 3678 πλουσιωτάτῳ
3329 3610 3550 3660 δειπνο..

359 3701 580 3769 κλήτορι
619 3701 755 3752 κατὰ
787 3699 881 3770 τὴν
923 3702 981 3754 ἐν
1027 3699 1103 3769 τῷ
1150 3718 1168 3751 t
1217 3701 1437 3770 ἁνωγέῳ
1489 3720 1507 3753 ι
1561 3701 1892 3769 φιλοσοφίαν,
1935 3698 2048 3750 ἀλλ’
2085 3697 2114 3747 ὁ
2146 3697 2244 3765 μὲν
2275 3697 2484 3759 δεῖπνος
2515 3692 2662 3759 οὗτος
2711 3697 2953 3769 ὕστερον,
3001 3701 3087 3751 ὅτε
3137 3702 3226 3751 καὶ
3293 3701 3326 3769 ἡ
3388 3717 3550 3752 τετα-

358 3794 620 3863 μιευμένη
675 3797 784 3856 τοῖς
848 3795 1069 3857 δικαίοις
1124 3796 1520 3864 ἐκφανθὴσεται
1577 3795 1755 3862 τρυφὴ
1807 3796 1898 3845 καὶ
1936 3792 2248 3852 ἀπόλαυσις.

421 3886 509 3941 46.
553 3885 701 3940 Nunc
742 3889 1036 3941 secundum
1065 3887 1235 3940 Deum
1279 3890 1524 3956 stigmata
1573 3891 1755 3956 cupito
1787 3902 1894 3940 cru-

2074 3889 2190 3950 pg'.
2220 3884 2376 3951 Ἀρτι
2414 3882 2468 3934 δὲ
2501 3883 2594 3934 καὶ⁵
2631 3886 2696 3934 τὰ
2732 3883 2870 3936 κατὰ
2907 3883 3038 3936 Θεὸν
3081 3883 3347 3951 στίγματα
3387 3883 3550 3937 ἐνθυ-

348 3980 613 4032 ciﬁxionis
647 3980 798 4048 signa
826 3987 1049 4031 mortem
1087 3988 1137 4032 et
1169 3994 1332 4048 super
1354 3982 1532 4032 omnia
1568 3980 1894 4045 sepulchrum

2007 3971 2130 4040 μοῦ,
2169 3973 2235 4024 τὰ
2283 3972 2374 4024 τοῦ
2436 3974 2810 4041 σταυρωθῆναι
2843 3975 3125 4044 δείγματα,
3182 3980 3274 4028 καὶ
3309 3976 3405 4046 τὴν
3457 3981 3551 4030 νέ-

349 4073 524 4138 cogita
547 4073 597 4122 itt
620 4085 723 4137 quo
745 4071 1000 4123 columnae
1026 4071 1169 4124 illius
1188 4071 1568 4139 contemplatio
1591 4073 1760 4139 quoad
1783 4073 1894 4124 vita

2002 4077 2230 4128 κρωσιν,
2257 4063 2350 4114 καὶ
2396 4062 2484 4112 ἐπὶ
2532 4065 2664 4114 πᾶσι
2709 4063 2798 4114 τὸν
2829 4080 2846 4112 t
2883 4066 3067 4130 τάιρον,
3111 4082 3129 4115 ι
3167 4065 3244 4126 εἰς
3287 4065 3407 4134 ὃνὴ
3450 4067 3551 4118 τοῦ

353 4167 699 4218 imitationem
719 4164 1004 4216 terminum
1027 4163 1233 4226 habuit,
1248 4164 1399 4231 cujus
1413 4164 1530 4216 vitae
1545 4164 1911 4218 tumulustinis

352 4265 454 4308 est.
514 4253 663 4305 lllum
715 4255 877 4305 corde
929 4253 1130 4318 cupito,
1189 4254 1239 4303 in
1292 4267 1398 4320 quo
1452 4262 1504 4305 te
1554 4253 1792 4318 reposuit
1837 4262 1909 4318 et,

355 4353 413 4395 ut
458 4344 526 4396 ita
575 4343 775 4406 dicant,
812 4341 1055 4392 condidit
1111 4342 1270 4393 ratio.
1327 4340 1380 4394 Si
1432 4343 1572 4394 enim
1625 4343 1764 4394 infra
1797 4358 1912 4394 tua-

2010 4171 2027 4202 ι
2067 4152 2257 4204 στόλου
2292 4171 2307 4202 i
2348 4155 2526 4222 ἐκείνη
2554 4153 2752 4222 θεωρία
2780 4153 3032 4224 κατέληξε
3067 4158 3202 4206 κατὰ
3236 4155 3349 4223 βίον
3374 4156 3553 4224 μίμη-

2005 4259 2110 4305 σιν,
2145 4236 2206 4292 οὖ
2241 4245 2332 4292 καὶ
2382 4242 2543 4293 αὑτοῦ
2589 4245 2752 4310 τάφος
2801 4244 2858 4294 τὸ
2908 4246 3294 4313 συμπέρασμα.
3347 4246 3553 4298 Τοῦτον

2005 4330 2254 4399 ἐνθύμιον
2287 4333 2396 4400 ἔχε,
2431 4335 2486 4384 ἐν
2587 4335 2795 4386 τέθεικέ
2829 4353 2884 4386 σε
2921 4339 2945 4387 ὀ
2990 4337 3164 4402 λόγος,
3203 4339 3294 4389 καὶ
3325 4337 3397 4400 ὡς
3437 4334 3554 4392 οἷον

355 4443 541 4485 nentes
575 4444 829 4498 tanquam
869 4447 1081 4485 sursum
1120 4434 1354 4484 ablatum
1402 4441 1454 4485 et
1493 4431 1602 4497 jam
1634 4434 1894 4486 ('mlestetr

2011 4421 2180 4472 εἰπεῖν
2211 4422 2600 4490 ἐγκατέχωςεν.
2636 4424 2696 4473 Εἰ
2726 4427 2829 4492 γὰρ
2864 4425 2958 4475 καὶ
2988 4427 3144 4492 ἡμεῖς
3179 4430 3326 4477 κάτω
3357 4428 3554 4494 μένονι

353 4522 619 4575 hominem
657 4531 706 4575 te
737 4522 1200 4589 contemplamur,
1267 4523 1390 4575 licet
1452 4523 1504 4575 in
1556 4522 1691 4576 cmlo
1749 4535 1908 4591 caput

358 4614 676 4678 tirmaveris,
710 4627 870 4680 super
896 4621 1087 4664 terram
1126 4622 1303 4666 tamen
1336 4615 1581 4666 incedere
1615 4613 1905 4666 ccelicolam

362 4715 411 4754 te
453 4705 810 4757 meminimus.
851 4703 1741 4770 thucmadmoduntaliomodoin
1773 4704 1907 4756 cmlo

360 4800 460 4848 isto
505 4795 748 4846 cunditus
804 4809 884 4854 es,
933 4796 1162 4847 ascende
1209 4802 1262 4847 et
1303 4794 1520 4857 decede,
1575 4795 1667 4846 tibi
1707 4795 1906 4847 clama-
1965 4855 1976 4870 .

361 4899 480 4936 mus
512 4900 524 4936 :
573 4900 674 4936 non
711 4893 769 4936 ut
806 4886 1072 4936 inhaliites
1103 4895 1155 4936 et
1185 4894 1451 4936 mortuum
1483 4893 1534 4936 te
1574 4899 1748 4952 geras,
1783 4886 1906 4938 licet

362 4971 467 5024 alio
505 4988 666 5025 sensu
713 4972 1091 5036 cupiditatibus
1125 4982 1363 5024 mortuus
1401 4975 1496 5037 sis,
1554 4975 1643 5025 sed
1677 4981 1734 5024 ut
1770 4973 1902 5025 divi-

361 5061 482 5113 nius
524 5069 576 5112 ct
621 5062 682 5111 ad
733 5062 868 5110 bona
918 5075 1078 5125 opt-ra
1118 5059 1335 5122 ιίεῐίιιιιε
1370 5057 1771 5126 expergefactus
1806 5077 1900 5126 ap-

358 5164 572 5220 pareas.

429 5407 513 5458 47.
559 5403 627 5458 Ut
652 5419 772 5456 vero
801 5405 958 5454 etiam
981 5442 993 5464 ,
1027 5404 1236 5468 quando
1267 5404 1316 5455 in
1347 5409 1590 5474 sepulcro
1624 5409 1897 5462 morientis

361 5499 761 5551 similitudinem
797 5497 1000 5560 prtehet
1040 5493 1294 5545 columna:
1337 5496 1554 5560 pulchra
1596 5499 1785 5566 imago,
1813 5500 1904 5551 ite-

362 5605 477 5641 rum
548 5596 599 5641 ct
655 5587 808 5636 aliter
870 5584 1014 5633 illum
1097 5585 1422 5636 venerationi
1478 5586 1895 5653 denuntiemus,

362 5688 609 5732 acetirate
638 5678 1034 5728 consideremus
1073 5677 1358 5727 secundum
1390 5675 1552 5727 Deum
1599 5677 1882 5731 visentium

2006 4527 2112 4575 τες,
2147 4511 2217 4571 ὥς
2250 4513 2760 4581 ἀναλαμϐανόμενον
2815 4514 3116 4584 θεωροῦμέν
3173 4533 3249 4577 σε,
3309 4519 3402 4569 καί
3448 4519 3551 4588 ἤδη

2006 4600 2251 4667 οὐράνιον
2301 4601 2598 4668 ἄνθρωπον,
2638 4601 2752 4652 ἀλλ’
2799 4605 3297 4672 ἀναμιμνήσκομεν,
3344 4608 3426 4658 ὅτι
3466 4624 3551 4671 τε,

2007 4693 2052 4742 εξ
2089 4692 2180 4740 καὶ
2209 4692 2417 4758 οὐρανῷ
2447 4691 2730 4760 ὲστήριξας
2775 4693 2936 4762 κάρη,
2981 4695 3092 4746 ἀλλ’
3123 4695 3214 4745 ἐπὶ
3259 4696 3406 4763 χθονὶ
3435 4697 3553 4764 βαί-

2007 4798 2115 4840 νεις
2143 4779 2170 4828 ὁ
2213 4783 2617 4850 ούρανοϐἁμων.
2657 4784 2763 4834 Καὶ
2804 4785 2877 4845 ὡς
2925 4785 3078 4836 ἄλλον
3107 4786 3305 4852 τρόπον
3347 4787 3424 4854 τῷ
3455 4789 3551 4838 οὖ-

2007 4872 2151 4939 ρανῷ
2181 4865 2350 4940 τούτῳ
2387 4874 2696 4941 ἐντέθαψαι,
2731 4876 2820 4942 καί
2853 4893 2967 4937 πως
3002 4893 3019 4924 ι
3049 4876 3304 4928 ἀνάϐαινε
3333 4880 3425 4928 καὶ
3456 4894 3550 4928 τεο

2005 4960 2164 5012 λεύτα
2208 4980 2224 5009 ι
2262 4963 2636 5029 ἐπιφωνοῦμέν
2669 4980 2748 5014 σοι
2771 4979 2783 4992 ·
2823 4965 2919 5033 οὐχ
2949 4965 3086 5017 ὥστε
3113 4966 3214 5034 μὴν
3240 4970 3332 5018 καὶ
3357 4969 3548 5021 ἐναπο-

2007 5054 2186 5118 μεῐναι
2232 5053 2322 5102 καὶ
2355 5057 2667 5120 νεκριμαῖον
2703 5049 2840 5105 εἶναι
2864 5095 2878 5115 ,
2920 5057 2967 5108 εἰ
3013 5057 3107 5107 καὶ
3144 5056 3299 5108 ἄλλον
3347 5060 3553 5125 τρίπον

2004 5139 2190 5204 νεκρὸν
2221 5143 2330 5200 τοῖς
2371 5141 2618 5202 πάθεσιν,
2655 5141 2786 5193 ἀλλὰ
2833 5144 3269 5212 ἀνεγηγερμένον
3317 5146 3552 5213 φανῆναι

2006 5232 2140 5282 κατὰ
2178 5231 2445 5300 θειέτερον
2473 5237 2660 5294 τύπον,
2717 5238 2808 5287 καὶ
2855 5236 2934 5296 είς
2985 5237 3160 5303 ἁγαθὰ
3196 5235 3332 5303 ἔργα
3380 5239 3553 5303 νηφά-

2004 5323 2134 5374 λιον.

2075 5413 2180 5482 μζ’.
2215 5415 2329 5465 Ἵνα
2359 5416 2436 5479 δὲ,
2469 5417 2514 5466 εί
2545 5417 2634 5468 καὶ
2672 5435 2689 5465 t
2733 5417 2886 5483 τάφῳ
2927 5434 2944 5465 ι
2989 5415 3246 5467 τελευτῶν
3286 5416 3550 5484 παρείκα-

2003 5521 2122 5556 σται
2150 5506 2206 5556 τὸ
2237 5505 2327 5556 τοῦ
2372 5527 2387 5556 ι
2423 5507 2612 5558 στύλου
2661 5526 2678 5557 ι
2713 5508 2892 5567 καλὸν,
2921 5505 3409 5573 σεμνολογήσωμεν
3438 5509 3548 5556 εἱσ-

2002 5595 2154 5656 αὖθις
2183 5601 2272 5648 καὶ
2301 5598 2471 5658 ἄλλως
2499 5599 2684 5662 αὑτὸν,
2715 5597 3034 5666 σκεψώμεθα
3064 5599 3156 5648 καὶ
3181 5597 3325 5666 μάλα
3351 5597 3547 5666 ὀρθῶς,

2001 5687 2072 5745 ὡς
2109 5687 2186 5735 ὅτι
2231 5686 2336 5738 τῶν
2368 5687 2506 5738 κατὰ
2536 5688 2664 5739 Θεὸν
2701 5688 2914 5751 ζώντων
2953 5689 3044 5740 καὶ
3092 5691 3187 5749 τὴν
3225 5689 3302 5748 είς
3349 5687 3547 5757 ἀρετὴν
