3916 6244
308 377 405 441 241

1467 383 1569 442 AD
1609 382 1989 444 STYIJI’AM
2019 384 2418 454 QUEMDAM.

3466 383 3572 446 242

309 495 606 564 ὁδε-υόντων
635 494 823 548 πολλοὶ
852 495 952 565 μὲν
979 497 1028 549 οἱ
1071 495 1265 566 τρόποι
1296 494 1392 550 τοῦ
1437 497 1554 568 βίου
1581 501 1679 553 καὶ
1702 501 1760 556 αἱ
1789 503 1886 570 τῆς

2012 509 2045 554 :t
2106 500 2324 556 virtutis
2376 499 2599 556 semitas
2651 497 3046 556 ambulantium
3099 499 3303 554 multos
3349 499 3568 570 quidem

311 591 537 658 πορείας
570 589 749 659 τρίδοι
800 591 1166 659 πολυσχιδεῖς,
1201 591 1228 642 ό
1277 589 1334 642 δὲ
1370 591 1512 644 κατὰ
1570 610 1588 642 ι
1632 591 1825 645 στύλον
1866 611 1884 644 ι

311 684 423 752 βίος
496 682 760 734 ἁπάντων
825 683 1066 752 πέφηνεν
1127 685 1548 753 ἐκφανέστατος.
1605 685 1738 755 Δειχῆ
1783 684 1893 754 γὰρ

311 775 649 844 διῃρημένης
675 777 772 844 τῆς
799 775 943 827 κατά
985 775 1118 828 Θεὸν
1151 776 1320 844 ζωῆς,
1350 777 1428 840 εἷς
1459 794 1518 829 τε
1547 777 1645 847 τὴν
1686 777 1892 830 ἁπλου-

315 868 513 936 στέραν
545 868 641 918 καὶ
684 869 794 928 τοῖς
842 867 1085 920 πλείοσιν
1136 868 1322 934 cosas,
1364 868 1795 938 πολιτικωτέραν
1832 887 1894 921 τε

316 960 410 1012 καλ⁸
436 961 651 1029 κοινὴν,
687 961 764 1022 εἷς
791 977 850 1012 τε
883 961 982 1031 τὴν
1025 963 1241 1032 ἑτέραν,
1276 964 1376 1034 τὴν
1404 963 1514 1016 εἴτε
1546 966 1891 1034 καινοτόμον,

315 1051 423 1103 εἶτε
453 1052 795 1116 ξενίζουσαν,
831 1055 942 1106 εἴτε
973 1054 1398 1126 ἀπεξενωμένην
1421 1058 1595 1110 εἰπεῖν
1629 1055 1826 1127 χρεὼν,
1861 1058 1893 1126 ἡ

321 1143 416 1211 μὲν
445 1144 642 1213 πρώτη
666 1146 725 1197 οὐ
751 1145 884 1199 πολὺ
911 1145 1133 1199 πλουτεῖ
1171 1148 1232 1198 τὸ
1258 1150 1504 1202 ποικίλον
1543 1167 1602 1201 τε
1630 1150 1721 1203 καὶ
1755 1149 1894 1214 ξενί-

315 1235 426 1302 ζον,
460 1239 494 1307 ἡ
533 1237 589 1290 δὲ
613 1238 842 1307 δευτέρα
872 1240 950 1301 εἰς
984 1239 1154 1293 πολλὰ
1194 1241 1486 1311 καινότερα
1517 1241 1786 1312 ἔσχισται.

393 1415 506 1486 μη’.
543 1416 762 1486 Ταύτης
801 1419 965 1488 μέρος
999 1422 1099 1490 τῆς
1152 1421 1298 1490 ζωῆς
1336 1423 1388 1474 οἱ
1417 1422 1505 1474 διὰ
1535 1422 1771 1492 Χριστὸν
1798 1422 1896 1493 τὴν

317 1516 666 1582 οὐτοσοφίαν,
698 1514 794 1567 καὶ
821 1511 881 1568 οῦ
917 1515 1010 1583 τῆς
1046 1514 1313 1577 συνέσεως
1338 1514 1438 1566 ούκ
1461 1513 1610 1566 ἔστιν
1637 1515 1893 1584 ἀριθμὸς,

319 1606 768 1676 ἁπαρνησάμενοι
801 1604 899 1674 τὴν
939 1605 1080 1657 κατὰ
1115 1604 1229 1674 βίον
1259 1606 1524 1658 δοκοῦσαν
1569 1606 1760 1674 σοφίαν
1804 1607 1896 1659 καὶ

318 1702 613 1768 φρόνησιν’
646 1697 850 1767 ταύτης
894 1716 912 1748 ι
950 1699 1000 1750 οἱ
1049 1699 1331 1768 γυμνίται,
1372 1715 1390 1749 ι
1431 1699 1481 1750 οἱ
1509 1698 1585 1768 τῷ
1615 1699 1896 1769 ἱματισμῷ

319 1792 413 1844 καὶ
458 1789 787 1859 περιεργίαν
829 1789 1010 1841 πᾶσαν
1065 1789 1642 1859 συναπεκδυσάμενοι’
1691 1791 1898 1860 ταύτης

2001 595 2124 646 vitae
2174 593 2362 646 modos
2409 607 2530 648 esse
2573 601 2627 647 et
2661 582 2905 649 tramites
2971 592 3318 648 multifariam
3379 590 3571 654 dividi,

1997 686 2124 739 dum
2187 684 2484 740 secundmn
2531 685 2838 740 columnam
2887 686 2995 740 vita
3057 686 3300 739 omniunt
3364 685 3568 739 eminet

1998 777 2390 831 illustrissiiua.
2429 776 2486 830 In
2517 778 2648 832 duas
2688 780 2828 832 enim
2861 788 3042 847 partes
3069 776 3242 831 divisa
3275 774 3570 830 secundum

1997 869 2168 923 Deum
2215 871 2347 931 vita,
2381 870 2434 921 in
2484 884 2601 923 eam
2652 886 2769 938 qum
2803 870 3103 939 simplicior
3154 870 3428 938 plerisque
3485 874 3571 922 est

1999 971 2278 1026 consueta,
2304 963 2470 1030 magis
2493 961 2739 1016 civilibus
2759 962 3242 1023 accommodatam
3267 960 3574 1015 communis

1997 1061 2050 1105 et
2076 1051 2127 1105 in
2155 1053 2378 1105 alteram
2412 1068 2529 1120 qua:
2549 1053 2662 1107 sive
2685 1053 2945 1108 iunovaus
2977 1064 3058 1107 est
3081 1053 3195 1107 sive
3225 1068 3332 1121 prae
3356 1054 3576 1120 insolth

1997 1143 2358 1212 Stupefaciens
2389 1153 2441 1197 et
2468 1160 2628 1212 quam
2651 1146 2804 1212 plane
2833 1145 3154 1214 singularem
3175 1145 3398 1206 dixeris,
3428 1144 3578 1210 prior

1999 1235 2215 1305 quidem
2251 1251 2354 1289 non
2395 1238 2657 1291 varietate
2687 1248 2742 1290 ct
2772 1237 3148 1303 singularitate
3182 1236 3439 1299 abundat,
3474 1250 3577 1302 po-

1999 1329 2202 1383 Steriur
2229 1343 2358 1382 vero
2393 1327 2746 1383 multifariam
2783 1328 3065 1382 dividitur.

2069 1419 2159 1473 48.
2179 1417 2350 1490 Hujus
2364 1420 2483 1474 vita:
2499 1436 2559 1488 pa
2570 1422 2719 1489 rsqui
2739 1430 2955 1489 propter
2971 1419 3243 1474 Christum
3260 1419 3349 1490 qui
3365 1419 3578 1487 sapien-

2003 1510 2072 1564 tia
2111 1513 2222 1580 ipsa
2261 1522 2346 1566 est
2375 1521 2429 1566 ct
2466 1513 2626 1582 cujus
2657 1511 2980 1582 prudentia:-
3011 1527 3120 1566 non
3158 1519 3243 1565 est
3285 1525 3571 1571 numerus,

1997 1602 2323 1671 sapientiam
2365 1602 2615 1672 rejiciunt
2657 1611 2776 1672 qua:
2805 1603 3100 1656 secundum
3143 1601 3398 1655 saeculum
3449 1613 3572 1654 esse

1999 1693 2214 1746 videtur
2249 1702 2302 1747 et
2333 1693 2762 1763 intelligentiam,
2806 1694 2984 1762 hujus,
3016 1692 3108 1762 qui
3137 1693 3263 1746 nudi
3287 1730 3304 1757 ,
3334 1706 3456 1746 cmn
3488 1706 3580 1746 ve.

2000 1787 2258 1841 stimento
2287 1801 2506 1841 onmem
2539 1787 2957 1842 sollicitudinem
2998 1786 3355 1856 ahjucerunt;
3399 1781 3580 1851 hujus,

326 1901 345 1934 ει
378 1884 428 1935 οἱ
454 1883 562 1934 τῶν
591 1881 796 1951 τριχῶν
842 1879 1251 1949 ἀνεπίοτροφοι,
1283 1899 1302 1932 ι
1353 1882 1437 1933 ὅτι
1484 1882 1576 1934 καὶ
1624 1882 1725 1950 τῆς
1755 1881 1899 1935 κατὰ

2012 1878 2099 1947 qui
2149 1879 2382 1933 crinium
2415 1893 2600 1932 curam
2644 1895 2749 1934 non
2806 1879 3026 1942 habent,
3079 1877 3204 1947 quia
3236 1875 3584 1930 abundantia:

323 1977 530 2045 κόσμον
567 1974 791 2043 ἀπάσης
831 1971 1220 2044 περιττότητος
1249 1973 1344 2026 καὶ
1382 1971 1682 2042 ἁϐρότητος
1704 1987 1718 2002 ο
1766 1972 1898 2025 ταύ-

315 2085 420 2137 της
467 2067 518 2120 οἱ
560 2085 578 2116 ι
624 2064 1009 2135 χαμαιεῦναι»
1063 2066 1158 2118 καὶ
1222 2083 1241 2116 ι
1299 2064 1682 2130 ἀνιπτόποδες,
1737 2086 1756 2118 ι
1807 2065 1901 2130 οὓς

317 2161 538 2230 εύφυῶς
575 2158 842 2224 ἀνέπτυξέ
896 2175 980 2220 τις
1006 2158 1114 2210 τῶν
1167 2157 1517 2226 σοφωτέρων,
1567 2157 1745 2228 χαμαὶ
1801 2156 1901 2227 μὲν

319 2251 720 2320 εὐναζομένους
747 2248 936 2312 εἰπὼν,
965 2251 1365 2319 ἀνιπταμένους
1392 2249 1448 2303 δὲ
1472 2251 1553 2311 είς
1577 2251 1644 2303 τὰ
1669 2249 1900 2319 ὕψισταο

320 2343 525 2412 ταύτης
557 2342 608 2393 οί
645 2358 664 2391 ι
710 2339 994 2409 ρυπῶντες
1030 2357 1048 2389 ι
1077 2339 1172 2391 καὶ
1217 2336 1609 2407 ὲντεθαμμένοι
1647 2340 1713 2407 τῇ
1740 2337 1906 2408 πηλο-

324 2436 477 2506 mag.
537 2433 733 2502 ταύτῃ,
785 2432 874 2484 ῐνα
927 2431 1018 2483 τδν
1074 2430 1301 2497 πήλινον
1350 2427 1760 2492 ἀποπλύναντες
1813 2432 1904 2481 ἁν-

323 2527 578 2598 δριάντα,
611 2524 846 2593 καθαροὶ
869 2522 968 2591 τὴν
1001 2522 1230 2591 καρδίαν
1271 2520 1542 2588 γένωνται
1566 2536 1582 2550 ο
1616 2521 1822 2591 ταύτης
1856 2521 1904 2574 οἱ

329 2636 352 2670 ι
385 2618 650 2686 σιγῶντες
691 2635 708 2666 ι
743 2616 776 2686 ἢ
803 2616 889 2668 διὰ
923 2614 1062 2681 βίου,
1092 2614 1123 2682 ἢ
1159 2611 1248 2680 ἐφ’
1271 2614 1393 2665 ὅσον
1428 2612 1492 2665 ἂν
1519 2612 1693 2674 ἄλλως
1723 2612 1907 2682 δοκοίη

325 2713 531 2774 αὐτοῖς,
563 2708 859 2762 κάντεῦθεν
891 2706 1127 2773 ἀοίδιμοι
1165 2705 1340 2769 ὄντες,
1382 2705 1476 2756 καὶ
1507 2703 1669 2772 σιγῆς
1703 2702 1906 2774 ταύτης

323 2805 386 2857 τὸ
413 2803 487 2874 μὴ
521 2800 798 2869 σιγᾶσθαι,
821 2797 959 2852 ἀλλὰ
992 2798 1061 2850 δι’
1108 2796 1404 2865 ἐγκωμίων
1439 2794 1703 2864 φέρεσθαι
1745 2795 1910 2848 ἀλλα-

326 2897 584 2964 ξάμενοι·
617 2893 824 2961 ταύτης
865 2891 916 2943 οἱ
952 2908 972 2940 σ
1005 2889 1367 2958 σπηλαιῶται,
1406 2905 1426 2940 ι
1460 2886 1511 2938 οἱ
1538 2886 1600 2938 τὸ
1625 2885 1762 2954 βαθὺ
1810 2885 1910 2954 τῆς

325 2988 468 3042 κατὰ
511 2985 732 3055 πνεῦμα
787 2983 1022 3053 Θεωρίας
1073 2980 1150 3051 τῷ
1211 2979 1310 3051 βίῳ
1357 2978 1532 3048 τούτῳ
1565 2976 1910 3044 καθυποφαίο

327 3098 504 3134 νουσι·
556 3077 762 3147 ταύτης
806 3095 824 3128 ι
866 3076 916 3129 οί
957 3073 1340 3144 σιδηρούμενοι
1369 3071 1463 3124 τοῦ
1495 3070 1627 3123 Θεοῦ
1672 3071 1720 3122 οἰ
1753 3068 1909 3122 ὁπλῖ-

2001 1977 2056 2025 et
2106 1969 2350 2025 mollitiei
2402 1971 2698 2024 secundum
2741 1970 3000 2024 mundum
3061 1968 3190 2022 illud
3249 1977 3367 2034 est;
3419 1965 3582 2035 hujus

2002 2064 2146 2127 vitaz,
2191 2065 2282 2134 qui
2315 2063 2431 2118 solo
2489 2064 2770 2130 recubant,
2816 2064 2908 2133 qui
2941 2063 3136 2118 balneo
3183 2078 3286 2115 non
3335 2069 3581 2124 utuntur,

2001 2169 2232 2224 quorum
2297 2157 2503 2224 optime
2557 2155 2795 2211 animum
2866 2154 3130 2209 revelavit‘
3163 2169 3194 2207 e
3243 2150 3584 2222 sapientibus

2003 2248 2225 2316 quidam
2287 2248 2475 2303 dicens
2533 2248 2676 2318 quod
2740 2248 2890 2302 humi
2937 2248 3154 2316 quidem
3213 2245 3450 2305 cubent.
3513 2243 3584 2297 ad

2005 2340 2267 2396 altissima
2296 2355 2424 2396 vero
2457 2342 2658 2398 volent.
2698 2339 2872 2408 Hujus
2914 2341 3037 2394 vitae
3063 2340 3156 2408 qui
3188 2339 3390 2394 sordidi
3434 2347 3582 2402 sunt,

2005 2433 2120 2487 luto
2178 2434 2278 2487 hoc
2331 2435 2532 2502 aspersi
2584 2441 2642 2489 ut
2695 2433 2893 2487 luteam
2942 2433 3172 2501 ﬁguram
3231 2431 3582 2492 mundantes,

2008 2523 2194 2576 mundi
2230 2523 2394 2577 corde
2416 2523 2567 2576 ﬁant.
2603 2522 2794 2591 Hujus,
2827 2523 2917 2592 qui
2950 2523 3110 2577 silent
3140 2529 3233 2575 aut
3260 2536 3353 2588 per
3385 2519 3582 2584 vitam,

2012 2623 2106 2668 aut
2144 2626 2526 2685 per'quantum
2553 2615 2660 2670 illis
2703 2615 2873 2670 visum
2896 2623 3000 2679 est,
3040 2622 3093 2668 et
3117 2615 3312 2668 exinde
3342 2613 3587 2680 insignes

2009 2721 2119 2761 non
2141 2705 2356 2760 silentio
2384 2720 2504 2760 sese
2529 2707 2954 2774 praetereundos,
2973 2704 3068 2759 sed
3092 2703 3338 2758 laudibus
3355 2701 3588 2758 elleren—

2010 2781 2108 2852 d'os
2143 2805 2464 2862 autumant;
2498 2811 2660 2864 porro
2703 2796 2794 2865 qui
2820 2796 2874 2849 in
2918 2795 3167 2850 cavernis
3187 2794 3454 2859 habitant,
3489 2793 3588 2862 qui

2018 2891 2484 2960 contemplationis
2515 2890 2809 2945 secundum
2838 2889 3089 2958 spiritum
3134 2888 3341 2942 viscera
3371 2887 3427 2940 in
3477 2887 3588 2940 vita

2015 2984 2116 3038 ista
2153 2983 2482 3048 ostendunt;
2517 2979 2705 3037 ferrati
2732 2981 2828 3035 Dei
2860 2981 3092 3046 milites;
3125 2980 3310 3050 hujus,
3333 2979 3423 3049 qui
3455 2981 3588 3033 arbo

2014 3093 2131 3132 rum
2165 3091 2313 3132 more
2346 3076 2556 3141 vivunt,
2595 3077 2687 3145 qui
2739 3075 2862 3130 vita:
2891 3075 3019 3145 ligni
3056 3073 3397 3129 summitates
3429 3083 3586 3139 sunt;

326 3187 448 3225 ται’
490 3189 512 3223 ι
546 3170 752 3238 ταύτης
791 3187 810 3220 ι
847 3167 898 3220 οξ
949 3166 1241 3236 δενδρίται,
1283 3183 1302 3216 ι
1354 3165 1402 3215 οἱ
1455 3161 1548 3216 τοῦ
1599 3161 1758 3227 ξύλου
1810 3162 1902 3230 τῆς

2014 3167 2106 3236 qui
2149 3167 2438 3221 virtutibus
2471 3165 2830 3230 elllorescunt,
2853 3166 3062 3235 pulchri
3095 3165 3319 3236 spiritus
3346 3163 3588 3230 fructus;

330 3265 474 3333 ζωῆς
501 3262 832 3332 ἀκρέμονες,
877 3259 925 3311 οἱ
959 3257 1244 3320 ἀνθοῦντες
1277 3257 1336 3309 ὲν
1377 3257 1621 3326 ἀρεταῖς,
1655 3256 1703 3306 οἱ
1752 3253 1912 3306 καλοὶ

327 3356 536 3425 καρποὶ
565 3353 660 3408 τοῦ
692 3353 1002 3421 πνεύματος
1029 3366 1042 3382 ⁸
1075 3349 1278 3418 ταύτης
1299 3350 1347 3402 οἱ
1379 3367 1397 3400 ι
1431 3351 1717 3415 novitas,»
1752 3349 1800 3399 οἱ
1822 3347 1915 3398 τὸν

333 3447 457 3504 καθ’
491 3448 643 3516 ἡμᾶς
677 3446 789 3514 βίον
819 3445 1128 3512 ἀνέχοντες,
1160 3442 1252 3494 καὶ
1283 3440 1448 3511 λῆρον
1487 3440 1742 3510 ἀφιέντες
1771 3435 1913 3492 εἶναι

337 3539 426 3590 τὸν
486 3540 568 3596 εἰς
617 3535 844 3606 ούρινὸν
893 3534 1110 3586 ἀνιόντα
1141 3532 1372 3602 χάλκεον
1420 3532 1575 3584 κίονα
1629 3533 1722 3584 καὶ
1785 3531 1914 3592 τοὺς

335 3628 692 3690 ἁτλαντικούς
719 3643 732 3658 ·
776 3626 983 3694 ταύτης
1031 3625 1146 3693 (ἵνα
1180 3625 1307 3686 τοὺς
1337 3623 1557 3686 λοιποὺς
1585 3623 1814 3693 ἀφῶμεν
1844 3623 1913 3676 τὰ

335 3721 546 3775 ἑαυτῶν
572 3716 1006 3788 διαπράττεσθαι
1059 3717 1201 3768 κατά
1232 3715 1330 3784 τὴν
1369 3716 1556 3769 θεόθεν
1596 3716 1908 3786 ἐπίπνοιαν)

335 3815 431 3867 καὶ
467 3815 516 3866 οἱ
555 3831 573 3864 ι
613 3815 670 3863 ὲν
700 3798 937 3880 ἀσκήσει
971 3807 1326 3877 τεθαμμένοι.
1359 3826 1379 3859 ι

408 3906 516 3974 μθθ.
549 3903 768 3957 Τούτων
807 3903 863 3955 δὲ
912 3898 1068 3964 αὖθις
1098 3899 1358 3971 τριπλοῦς
1389 3902 1415 3953 ό
1452 3899 1649 3970 τρόπος
1671 3915 1686 3929 ⁸
1735 3901 1784 3953 οἱ
1815 3900 1912 3970 μὲν

332 3998 442 4066 γὰρ
471 3994 1016 4065 ὲγκαταχωννύουσιν
1048 3995 1127 4056 εἰς
1159 3996 1263 4063 γῆν
1292 3993 1448 4054 ὅλους
1479 3992 1726 4055 ἑαυτοὺς,
1755 3993 1912 4061 ἐγγί-

336 4087 520 4152 ζοντες
559 4087 706 4141 οὓτω
741 4087 820 4156 τῷ
858 4089 956 4154 τῆς
988 4087 1162 4155 ταφῆς
1188 4085 1414 4154 ὀνόματι
1449 4085 1549 4156 (μὴ
1585 4086 1692 4155 γὰρ
1717 4088 1745 4138 ὁ
1780 4086 1912 4138 ὑπό-

335 4197 472 4248 γεως
511 4179 576 4232 οὐ
603 4178 809 4249 μικροῦ
829 4179 1098 4230 τέθαπται
1119 4178 1159 4247 ;)
1182 4193 1196 4206 ·
1231 4178 1282 4228 οἱ
1327 4177 1383 4230 δὲ
1412 4178 1515 4246 γῆν
1549 4176 1649 4247 μὲν
1676 4175 1911 4229 πατοῦν-

333 4289 443 4335 τες,
478 4272 803 4342 βραχυτάτῳ
826 4271 880 4323 δὲ
909 4270 1257 4340 καταλύματι
1287 4269 1628 4339 ὲνείρξαντες
1659 4271 1908 4338 ἑαυτοὺς,

333 4367 737 4434 ύπεμφαίνουσι
761 4365 842 4434 τῷ
861 4365 1109 4434 ἀπροῒτῳ
1134 4362 1406 4431 τεθάφθαι
1437 4361 1532 4415 καὶ
1564 4362 1738 4415 αὐτοί.
1773 4362 1909 4432 Τρί-

335 4471 422 4517 τος
449 4457 506 4508 δὲ
534 4455 712 4522 τάφος
746 4456 774 4506 ό
805 4456 1078 4524 μετέωρος
1125 4450 1276 4516 οὗτος
1297 4471 1311 4486 ο
1348 4457 1441 4508 καὶ
1475 4457 1502 4508 ὁ
1546 4457 1603 4506 ὲν
1637 4454 1790 4523 αὐτῷ
1817 4471 1907 4506 τε-

2017 3260 2212 3315 deinde
2243 3259 2588 3314 columnares
2625 3261 2716 3328 qui
2752 3260 2918 3314 vitam
2951 3259 3249 3313 secundum
3280 3272 3380 3312 nos
3417 3255 3591 3311 susti-

2016 3361 2146 3408 nent
2175 3359 2228 3406 et
2271 3353 2640 3406 commentitia
2676 3351 3100 3420 prmtermittunt
3143 3365 3348 3403 aeneam
3383 3348 3448 3402 ad
3479 3361 3591 3403 cm-

2013 3442 2125 3498 lum
2179 3443 2482 3498 tendentem
2530 3444 2838 3496 columnam
2888 3451 2944 3496 et
2995 3441 3283 3495 atlanticas
3335 3449 3588 3505 statuas;

2015 3535 2178 3603 hujus
2235 3534 2358 3588 vitae
2413 3534 2495 3602 (ut
2543 3534 2786 3602 reliquos
2845 3534 3330 3603 prmtermittamus
3369 3533 3590 3601 propria

2013 3627 2236 3695 exsequi
2261 3627 2564 3681 secundum
2602 3626 3019 3694 iuspirationem
3058 3641 3088 3679 a
3117 3626 3273 3695 Deo),
3315 3634 3370 3680 et
3405 3626 3499 3696 qui
3535 3626 3592 3679 in

2015 3721 2101 3791 pia
2133 3720 2520 3776 exercitatione
2556 3720 2758 3790 sepulti
2786 3730 2939 3774 sunt.

2083 3901 2172 3957 49.
2214 3900 2417 3954 ιΙοι-ιιιιι
2450 3916 2612 3970 porro
2635 3901 2824 3970 triplex
2845 3915 3017 3972 genus
3043 3920 3056 3956 :
3078 3903 3248 3958 aliise
3276 3913 3418 3958 totos
3443 3913 3588 3958 terra

2013 3997 2276 4059 obruunt,
2306 3995 2530 4062 propius
2559 3994 2637 4048 sic
2665 3993 2731 4048 ad
2760 3995 3051 4064 sepultura:
3079 3995 3586 4050 denominationem

2013 4087 2333 4142 accedentes
2367 4087 2569 4157 (nonne
2594 4088 2983 4142 subterraneus
3023 4089 3137 4144 fere
3170 4089 3415 4158 sepultus
3443 4090 3584 4159 est);

2011 4178 2097 4232 isti
2117 4180 2209 4248 qui
2228 4179 2280 4232 in
2305 4188 2444 4234 terra
2475 4180 2777 4244 ambulant,
2797 4180 3104 4235 arctissima
3129 4193 3260 4234 vero
3285 4186 3340 4233 in
3362 4179 3500 4234 cella
3529 4194 3588 4233 se
3671 4214 3678 4221 -

2013 4271 2316 4334 includunt,
2336 4271 2589 4340 sepelitos
2611 4281 2664 4325 et
2685 4273 2892 4339 seipsos
2921 4272 3157 4326 inclusos
3179 4287 3299 4326 esse
3328 4273 3590 4326 indicant.

2014 4362 2258 4418 Tertium
2289 4379 2416 4420 vero
2463 4365 3033 4434 sepulcrumexcelsa.
3075 4365 3498 4419 illacolumna:
3533 4373 3590 4414 et

2011 4456 2103 4522 qui
2122 4456 2176 4508 in
2205 4455 2574 4509 eacollocatus
2598 4465 2652 4511 et
2673 4454 2938 4525 sepultus,
2966 4455 3165 4511 virtute
3185 4456 3423 4523 reliquos
3445 4454 3592 4509 viros

335 4541 606 4612 θειμένος,
661 4543 770 4594 εἴτε
837 4545 928 4595 καὶ
982 4543 1343 4613 τεθαμμένος,
1397 4545 1504 4598 τῶν
1549 4545 1755 4598 λοιπῶν
1809 4545 1902 4614 τῆς

2018 4549 2205 4614 vincit,
2233 4549 2341 4602 alte
2359 4564 2416 4603 se
2438 4549 2657 4616 insuper
2676 4549 2762 4601 illa
2793 4549 3087 4612 collocaris,
3111 4547 3298 4614 sicque
3335 4546 3590 4600 omnibus

335 4636 535 4703 ἀρετῆς
569 4635 782 4704 ἀνδρῶν
825 4636 1240 4706 ὑπερφαίνεται,
1298 4639 1687 4709 ἀναστηλώσας
1719 4638 1913 4692 ἑαυτὸν

337 4729 414 4786 εἰς
465 4727 765 4796 πρόοπτον,
824 4727 920 4779 καὶ
983 4727 1107 4789 δοὺς
1145 4726 1320 4789 οὕτως
1363 4728 1568 4780 ἅπασιν
1619 4732 1699 4792 είς
1750 4729 1913 4783 αὐτὸν

337 4818 685 4883 ἀναϐλέπειν,
720 4821 792 4881 ὡς
825 4822 935 4882 τοῖς
972 4819 1228 4873 ἁπάντων
1258 4819 1558 4890 ὀφθαλμοῖς
1588 4821 1908 4892 ἐμπίπτειν,

2011 4640 2248 4707 seipsqu
2267 4637 2624 4706 conspicuum
2650 4637 2918 4706 praebens,
2939 4638 3012 4690 ita
3031 4645 3088 4690 ut
3111 4637 3387 4691 neminem
3423 4635 3592 4690 lateat

2011 4739 2068 4786 et
2090 4730 2292 4785 exinde
2308 4744 2576 4798 apparens
2594 4728 2998 4782 illustrissimus
3017 4737 3070 4781 et
3092 4728 3210 4782 visu
3243 4728 3456 4795 dignus,
3479 4743 3587 4781 non

2010 4824 2243 4892 saneqni
2263 4821 2625 4876 abscondamr
2637 4820 2752 4872 ctin
2774 4820 3012 4874 tenebris
3030 4820 3122 4882 sit,
3140 4834 3241 4875 nec
3257 4821 3348 4889 qui
3366 4819 3590 4874 lucerna

338 4914 432 4965 καὶ
462 4914 668 4983 μηδένα
700 4915 1060 4982 κρύπτεσθαι,
1098 4915 1400 4970 κάντεῦθεν
1431 4919 1714 4987 ἐμφαίνων
1748 4919 1902 4986 φανό-

2012 4917 2080 4969 sit
2099 4915 2199 4968 sub
2213 4913 2392 4967 modio
2413 4911 2754 4976 abscondita,
2781 4911 2905 4964 licet
2924 4910 3028 4964 alio
3048 4911 3207 4965 modo
3231 4911 3392 4964 modii
3420 4912 3590 4965 instar

335 5020 495 5067 τατος
523 5000 665 5057 εἶναι
701 5007 795 5057 καὶ
826 5004 955 5068 θέας
986 5006 1154 5070 ἄξιος,
1204 5008 1265 5060 ού
1319 5007 1426 5078 μὴν
1468 5009 1906 5076 ἐγκαλύπτεσθαι

339 5096 432 5145 καὶ
486 5095 711 5164 ἀφανῶς
757 5095 924 5165 ἔχειν,
986 5097 1119 5166 μηδὲ
1168 5097 1358 5166 λύχνος
1388 5092 1532 5149 εἶναι
1587 5098 1690 5150 ὑπὸ
1742 5096 1910 5166 μοδίῳ

2007 5005 2258 5060 columna
2292 5002 2381 5056 illa
2428 5012 2667 5055 ascetam
2707 5001 3036 5057 abscondere
3070 5002 3271 5067 vellet,
3292 5003 3447 5072 quod.
3477 5015 3587 5056 non

2019 5101 2219 5164 potest,
2245 5094 2489 5147 claritate
2521 5091 2888 5148 trausluceuto
2913 5104 2966 5148 et
2996 5094 3264 5148 inclnsmn
3288 5097 3584 5150 revelante.

339 5185 742 5253 κεκρυμμένος,
777 5185 879 5236 κᾶν
909 5183 1109 5252 τρόπον
1155 5183 1314 5236 ἄλλον
1355 5186 1516 5237 ὁποία
1560 5184 1657 5237 καί
1687 5202 1768 5246 τις
1815 5185 1996 5253 μόδιος
2056 5185 2084 5235 ὁ
2163 5203 2181 5236 ι
2223 5183 2414 5246 στύλος
2449 5202 2467 5234 ι
2537 5177 2692 5246 οὗτος
2749 5184 3012 5254 κρύπτειν
3055 5186 3214 5259 ἐθέλῃ
3261 5189 3354 5241 τὸν
3406 5189 3586 5252 ἀσκη-

337 5273 452 5343 τὴν,
501 5276 552 5326 εἰ
584 5274 680 5328 καὶ
734 5274 808 5344 μὴ
834 5274 1085 5340 δύναται,
1121 5273 1548 5342 διεκπιπτούσης
1595 5276 1694 5344 τῆς
1734 5276 2035 5358 φανότητος
2067 5277 2158 5328 καὶ
2190 5275 2650 5345 καταμηνυούσης
2679 5275 2745 5348 τὸ,
2775 5277 3206 5348 καλυπτόμενον.

403 5363 466 5420 ν’.
512 5364 572 5417 '0
606 5364 788 5417 τοίνυν
839 5366 1079 5428 τοιοῦτος
1127 5365 1410 5435 ἄνθρωπος
1449 5367 1675 5429 εἰκότως
1708 5367 1773 5418 ἂν
1825 5385 1914 5434 φι-

339 5455 623 5528 λονεικοίη,
685 5458 794 5510 τῶν
855 5457 1028 5512 ἄλλων
1089 5457 1294 5520 μείζων
1353 5457 1542 5529 ὥσπερ
1602 5459 1914 5526 φαίνεσθαι,

2083 5367 2172 5422 50.
2215 5368 2400 5437 Itaque
2468 5369 2588 5422 talis
2643 5357 3214 5435 homoverisimiliter
3267 5378 3574 5441 contendet,

2015 5459 2155 5513 sicut
2184 5461 2394 5515 cmteris
2439 5461 2629 5516 melior
2658 5476 2780 5516 esse
2809 5472 3058 5532 apparet,
3101 5466 3172 5519 ita
3212 5482 3334 5522 esse
3363 5478 3419 5522 et
3469 5485 3577 5524 non

340 5545 478 5601 οὔτω
505 5551 599 5600 καὶ
636 5543 800 5614 εἶναι,
847 5552 943 5602 καὶ
973 5549 1033 5602 ού
1065 5549 1172 5601 τῶν
1220 5548 1425 5602 ὲθάδων
1462 5551 1554 5601 καὶ
1591 5550 1902 5620 κοινοτέρων

2012 5563 2397 5608 consuetormu
2455 5565 2508 5610 et
2570 5555 2958 5627 plerorumque
3011 5561 3101 5627 qui
3164 5561 3377 5614 virtutis
3434 5564 3577 5616 viam

342 5640 434 5691 καὶ
462 5639 742 5705 πλειόνων,
787 5642 836 5693 οἳ
865 5641 962 5712 τὴν
999 5641 1097 5710 τῆς
1140 5641 1346 5710 ἀρετῆς
1375 5641 1648 5712 λεωφόρον
1692 5643 1915 5712 τρίϐου-

343 5745 442 5791 σιν,
471 5730 605 5784 ἀλλᾶ
659 5735 754 5785 καὶ
795 5733 978 5785 αὐτῶν
1023 5734 1260 5797 πάντων,
1295 5734 1410 5786 ὅσοι
1461 5736 1572 5795 τοῖς
1614 5735 1916 5804 ὲπιτυγχὰο

343 5838 486 5874 unum.
538 5825 738 5878 σπανία
792 5824 1191 5892 προσϐάλλουσι
1245 5825 1363 5892 θέα,
1431 5826 1522 5879 καὶ
1587 5826 1908 5895 παράδοξος,

2016 5653 2220 5709 terunt,
2251 5645 2344 5699 sed
2393 5655 2448 5701 ct
2476 5648 2735 5721 omnium
2763 5651 2854 5717 qui
2892 5651 3075 5704 obviis
3114 5665 3292 5702 rarmn
3346 5651 3583 5710 olTerunt

2015 5738 2385 5803 speetaeulum
2417 5747 2527 5791 tum
2560 5739 2862 5807 insolitmn,
2908 5747 3042 5800 tum,
3075 5751 3132 5793 ut
3159 5756 3322 5810 supra
3378 5743 3578 5798 dictum

2021 5836 2144 5894 est,
2205 5830 2502 5900 singulare.
2556 5830 2689 5885 Nam
2749 5846 2856 5886 non
2908 5831 3131 5886 omnino
3183 5835 3398 5902 negabit
3457 5849 3581 5890 csse
