3916 6244
210 355 320 420 Σξι

1373 357 1474 420 AD
1508 359 1881 422 STYLITAM
1921 363 2236 433 QUEMDA
2247 369 2320 430 Μ.

3369 365 3474 430 216
3487 373 3490 376 ’

214 490 279 540 γε
307 470 400 524 τὸν
433 489 452 521 ι
495 469 788 541 στυλιτην·
835 489 851 521 ι
887 471 969 527 ὅτι
1012 471 1069 526 δὲ
1114 470 1347 542 κρύπτει
1389 475 1488 544 μὲν
1516 475 1607 527 τὸν
1653 474 1803 538 ὲνττις

1929 476 2002 529 ita
2037 478 2218 545 habet,
2245 483 2371 550 quia
2408 490 2644 536 ascctam
2665 483 2754 552 qul
2776 482 2924 538 intus
2951 489 3030 537 est
3055 479 3190 552 tegit
3219 495 3472 537 cavernas

216 565 472 637 ἀσκητὴν
502 565 566 618 τδ
613 565 903 634 σπήλαιον,
952 567 1046 618 καὶ
1101 565 1421 635 ἀμάρτυρον
1451 566 1658 628 ἐκεῖνος
1687 565 1800 634 ἔχει

215 661 317 727 τὴν
343 659 574 728 ἀρετὴν,
605 659 702 711 καὶ
738 657 1010 728 έπικρίνει
1063 658 1162 728 μὲν
1190 660 1218 708 ὁ
1252 659 1493 722 τοιοῦτος
1516 659 1577 711 τὸ
1618 677 1636 710 ι
1671 657 1798 711 λάθε

219 751 396 820 βιοὺς,
423 769 442 800 ι
465 751 526 802 τὸ
556 750 611 802 δὲ
629 750 916 802 λανθάνειν
938 751 1243 813 ἐπισκιάζει
1262 752 1322 803 τὸ
1345 751 1460 820 φῶς
1478 749 1574 804 τοῦ
1595 750 1803 803 ὲκεῖοεν

223 845 342 912 βίου
367 861 383 874 ⁸
421 843 510 912 εἴη
543 843 609 894 ἂν
663 861 682 894 ι
712 845 740 895 ὀ
786 842 1039 910 στυλίτης
1077 861 1095 893 ι
1129 842 1224 894 τοῦ
1251 843 1493 897 τοιούτου
1530 843 1803 914 βέλτερος,

214 932 304 995 οἷς
351 936 448 986 καὶ
492 936 574 993 εἰς
605 933 821 995 πλείους
857 933 1161 998 διαϐιϐάζει
1194 935 1256 986 τὸ
1287 935 1655 1004 πολυωφελές.
1697 938 1804 989 Καὶ

233 1026 521 1095 μάρτυρας
576 1025 632 1077 δὲ
679 1023 774 1077 τοῦ
809 1023 926 1094 βίου
967 1024 1103 1094 ἔχων
1134 1025 1382 1088 πολλοὺς,
1429 1026 1530 1079 οὐκ
1575 1025 1638 1080 ἂν
1669 1025 1802 1079 ὐπο-

225 1117 456 1184 σταλείη
509 1116 570 1170 τὸ
623 1117 724 1186 τῆς
778 1114 1168 1184 ἀνεξελέγκτου
1221 1117 1467 1180 παιδείας
1521 1118 1802 1189 πλάνημα.

227 1211 378 1264 Arb-cdt
399 1209 456 1262 δὲ
488 1207 662 1262 ταῦτα
708 1209 801 1260 καὶ
829 1208 952 1271 τοὺς
1003 1226 1024 1260 ι
1057 1211 1301 1278 χωστοὺς
1353 1229 1372 1261 ι
1431 1211 1676 1280 ἐγγίζειν
1706 1212 1805 1280 μὲν

223 1307 341 1367 τοῖς
379 1320 400 1351 ι
441 1299 821 1369 σπηλαιιῖηαις
859 1318 880 1352 ι
933 1303 1095 1364 ποιεῖ,
1127 1301 1584 1371 χθαμαλωτέρους
1616 1301 1672 1355 δὲ
1695 1301 1806 1354 τῶν

230 1417 254 1450 ι
292 1397 563 1451 στυλιτῶν
598 1412 616 1446 ι
672 1393 926 1465 καθιστᾷ.
957 1396 1022 1447 Ol
1061 1393 1120 1448 δὲ
1153 1394 1354 1463 σιδήρῳ
1396 1393 1496 1462 μὲν
1522 1397 1805 1466 ἐμπεριει-

225 1493 530 1562 λημμένοι,
562 1488 641 1558 τῷ
685 1489 876 1560 κόσμῳ
905 1488 960 1541 δὲ
988 1487 1310 1557 ὲμφανῐζειν
1333 1487 1564 1550 ἑαυτοὺς
1592 1488 1808 1542 ἐθέλον-

228 1603 345 1650 τες,
376 1585 475 1638 καὶ
505 1583 670 1636 τόπον
696 1583 880 1634 τόπων
909 1579 1252 1647 ἀμείϐοντες,
1287 1579 1380 1632 καὶ
1410 1579 1508 1647 τὴν
1531 1580 1810 1650 σιδηρείαν

229 1676 655 1747 δημοσιεύοντες
687 1674 916 1734 ένδεσιν.
944 1671 1118 1742 ἔχοιεν
1151 1671 1218 1724 ἂν
1243 1671 1364 1724 οὐδὲ
1392 1672 1544 1725 αὐτοὶ
1571 1674 1728 1727 οὐδέν
1755 1691 1809 1728 τι

232 1771 424 1840 μεῖζον
459 1787 480 1821 ι
521 1767 768 1820 στυλῖτου
797 1783 815 1816 ι
851 1765 940 1818 διά
964 1765 1026 1817 τὸ
1051 1763 1430 1835 θεατριστικὸν
1458 1767 1551 1816 καὶ
1571 1765 1632 1818 οὗ
1665 1766 1808 1820 πάνυ

231 1821 285 1916 τι
315 1821 745 1930 έιριλένδεικτον.
769 1857 938 1918 Αὐτὸς
962 1855 1071 1926 γὰρ
1102 1821 1293 1908 ἐαύτὸν
1319 1855 1590 1925 ἀφανίσας
1621 1857 1809 1926 μελισ·
1840 1821 1884 1877 Β

237 1973 334 2024 an;
365 1954 550 2022 δίκην,
608 1953 665 2002 ὲν
700 1948 930 2020 κρυπτῷ
984 1947 1421 2018 σιμϐλοποιεῖται
1454 1947 1514 2001 τὸ
1564 1948 1686 2016 μέλι
1714 1948 1815 2017 τῆς

236 2045 462 2115 ἀρετῆς,
521 2038 582 2098 οὗ
633 2039 1144 2111 μεταλαμϐάνοντες
1195 2039 1245 2091 οἱ
1291 2037 1545 2102 τοιοῦτοι,
1583 2039 1815 2108 βλίττειν

238 2138 541 2198 ἑῦέλοντες,
579 2131 942 2201 γλυκάζονται
967 2131 1058 2184 τδν
1087 2131 1326 2202 ἄρρητον
1366 2131 1706 2203 γλυκασμόν.

309 2227 414 2298 νγ’.
451 2228 552 2280 Διὰ
582 2225 763 2293 δὲτὴν
791 2223 959 2290 αὐτὴν
984 2223 1242 2292 ἐπιϐολὴν
1296 2223 1388 2276 καὶ
1422 2223 1472 2276 οξ
1512 2241 1530 2274 ι
1566 2225 1659 2277 ἐπὶ
1708 2225 1816 2278 τῶν

237 2323 469 2391 δένδρων
489 2339 507 2372 ι
533 2318 626 2372 καὶ
657 2335 678 2369 ι
703 2317 750 2370 οἱ
779 2315 868 2369 ἐπὶ
895 2314 1002 2368 τῶν
1027 2314 1222 2367 κιόνων
1249 2314 1472 2384 αἴθριοι,
1494 2335 1512 2367 ι
1532 2315 1580 2368 ει
1617 2317 1708 2370 καὶ
1737 2319 1818 2382 εἰς

240 2416 434 2468 ταυτὸν
455 2413 654 2484 ἥκουσι
677 2412 752 2474 τῴ
784 2409 879 2479 τῆς
904 2407 1164 2475 ὕψὼσεως
1185 2407 1441 2472 ὁμοειδεῖ,
1475 2408 1592 2460 ἀλλ’
1618 2409 1820 2462 ὑποϐε-

243 2508 444 2578 εήκασί
465 2524 584 2569 πως
615 2509 724 2567 τοῖς
749 2501 1112 2570 ἀναϐεϐηκόσι
1141 2501 1266 2562 τοὺς
1290 2519 1306 2551 ι
1330 2499 1572 2563 στύλους.
1593 2521 1612 2553 ι
1633 2503 1695 2555 0i
1721 2501 1819 2572 μὲν

238 2605 348 2672 γὰρ
367 2601 427 2668 ἐξ
446 2599 692 2668 ἀνάγκης
718 2596 816 2651 οὐκ
834 2595 898 2650 ἂν
915 2594 1243 2653 λανθάνοιεν,
1260 2589 1345 2647 οἶα
1367 2596 1476 2656 τοῖς
1497 2595 1821 2650 ἀναϐλέπου-

243 2710 326 2745 σιν
347 2691 657 2759 ἀφύλακτοι
680 2688 816 2757 πρὸς
833 2686 960 2740 θέαν
981 2685 1313 2752 ἐκκείμενον
1341 2684 1462 2738 ὅθεν
1489 2685 1582 2738 καὶ
1609 2686 1819 2758 μακρδς

253 2785 434 2845 αὐτοῖς
474 2779 849 2851 μακαρισμὸς,
905 2779 998 2831 καὶ
1038 2777 1126 2861 ,τῷ
1153 2778 1297 2830 πάνυ
1357 2777 1458 2846 τῆς
1495 2777 1622 2840 Θέας
1681 2795 1820 2848 συμ-

252 2873 535 2942 μετρεῖται
566 2869 660 2922 mi.
685 2869 746 2920 τὸ
779 2866 920 2921 πάνυ
975 2865 1308 2936 θαυμάσιον.
1369 2865 1458 2934 Τῷ
1493 2864 1548 2917 δὲ
1597 2864 1824 2934 τοιούτῳ

250 2968 542 3040 σύντροχος
567 2965 660 3018 καὶ
682 2964 715 3018 ό
748 2963 914 3027 πολὺς
935 2959 1178 3026 ἔπαινος.
1203 2961 1307 3014 Τὸν
1355 2960 1408 3014 δὲ
1436 2960 1594 3031 ὀρθὸν
1627 2977 1648 3012 ι
1693 2978 1824 3014 στυ-

251 3061 400 3132 λίτην
446 3080 466 3112 ι
513 3058 613 3112 οὐκ
647 3057 714 3112 ἂν
747 3055 1057 3125 καταμάθοι
1091 3072 1198 3120 τις,
1248 3055 1369 3107 οὐδὲ
1407 3054 1501 3107 ἐὰν
1556 3053 1656 3124 ζῇ·
1699 3052 1822 3106 ὅθεν

1904 581 1958 622 ct
2011 571 2112 624 iste
2165 575 2368 640 absque
2403 583 2537 629 teste
2576 575 2829 628 virtutem
2879 574 3040 628 habet
3068 577 3137 642 ζει
3188 571 3477 627 conlinunt.

1903 662 2116 728 quidem
2147 663 2236 731 qui
2265 663 2388 717 talis
2415 675 2498 718 est
2530 665 2671 720 hanc
2709 665 3074 719 sententiam:
3100 662 3324 726 Vivens.
3347 664 3475 717 late.

1905 753 2099 807 Latere
2149 766 2330 808 autem
2388 755 2569 810 lumen
2615 757 2898 810 obnubilat
2939 757 3066 810 vita
3117 755 3168 808 in
3215 757 3323 808 hoc
3360 755 3479 809 loco

1905 845 2276 911 transeuntis;
2313 845 2490 916 stylita
2535 862 2664 899 vero
2710 847 2899 900 melior
2929 861 3090 916 quam
3124 845 3177 897 in
3231 845 3479 899 cavernis

1910 935 2182 1000 habitans,
2216 941 2267 990 ln
2303 937 2484 1006 plures
2510 940 2664 992 valde
2700 937 2851 992 utilia
2880 937 3136 992 traducit.
3185 937 3249 992 Et
3279 937 3480 990 multos

1908 1030 2034 1084 vita)
2069 1039 2234 1084 testes
2264 1031 2494 1097 habens,
2529 1034 2720 1100 nequit
2748 1030 3113 1100 irreprehensi
3166 1028 3478 1086 documenti

1906 1134 2097 1208 errore
2148 1123 2522 1192 pravaricare.
2558 1121 2652 1178 llis
2697 1122 2758 1177 ﬁt
2799 1132 2856 1176 ιιι
2886 1123 2978 1193 qui
3031 1124 3082 1175 in
3127 1122 3289 1176 luteis
3329 1120 3481 1176 cellis

1909 1214 2094 1268 vivunt
2139 1216 2357 1285 propius
2406 1217 2472 1270 ad
2533 1229 2888 1270 cavernarum
2942 1213 3143 1267 incolas
3197 1214 3480 1276 accedant,

1911 1307 2057 1360 hutni
2108 1322 2236 1362 vero
2289 1309 2566 1377 pr0piores
2617 1323 2779 1380 quam
2823 1306 3003 1379 styli-ta
3057 1307 3479 1362 constituantur.

1909 1393 2080 1450 Ferro
2123 1407 2304 1453 autem
2335 1399 2516 1454 vestiti
2555 1399 2792 1470 quidem,
2824 1398 3027 1453 mundo
3056 1413 3179 1452 vero
3211 1397 3483 1452 manifesti

1909 1487 2028 1542 ﬁeri
2085 1489 2349 1556 volentes,
2401 1491 2573 1545 locum
2627 1506 2725 1560 pro
2775 1491 2895 1546 loco
2939 1498 3146 1545 mutant
3194 1501 3245 1545 et
3309 1491 3482 1546 ferrea

1911 1581 2126 1636 vincula
2160 1581 2372 1651 publice
2435 1582 2932 1648 circumducentes,
2967 1581 3095 1635 nihil
3126 1580 3328 1636 habent
3371 1597 3484 1636 me-

1911 1673 2016 1727 lius
2059 1685 2218 1742 quam
2268 1671 2473 1741 stylita,
2526 1681 2710 1741 utpote
2760 1672 2852 1742 qui
2907 1671 3154 1726 theatrici
3211 1686 3310 1725 nec
3352 1685 3486 1726 sane

1913 1766 2069 1821 alieni
2103 1782 2130 1819 a
2160 1765 2524 1821 curiositatem
2558 1763 2731 1818 ciendi
2769 1762 3086 1833 cupiditate.
3118 1762 3312 1834 Stylita
3337 1762 3482 1817 enim

1919 1859 2036 1928 apis
2077 1871 2226 1912 more
2255 1858 2495 1926 seipsutn
2535 1856 2774 1910 condens
2825 1855 2878 1908 in
2915 1853 3238 1909 abscondito
3267 1853 3484 1909 virtutis

1918 1949 2020 2003 mel
2067 1958 2240 2019 paret,
2291 1948 2448 2018 cujus
2497 1947 2789 2014 participes
2837 1945 3010 2002 eﬂ'ecti
3058 1953 3324 2015 quotquot
3382 1943 3486 1999 mel

1917 2044 2220 2113 exprimere
2270 2040 2474 2106 volunt,
2528 2039 2864 2093 dulcedinem
2915 2036 3240 2092 incﬂabilem
3296 2034 3485 2105 acqui-

1917 2149 2070 2191 runt.

1990 2232 2080 2286 53.
2123 2231 2346 2298 Propter
2375 2226 2614 2284 eamdem
2647 2241 2862 2282 causam
2889 2233 2945 2281 et
2971 2223 3059 2295 qui
3087 2238 3250 2295 super
3277 2222 3492 2277 arbori-

1918 2322 2020 2377 bus
2047 2329 2102 2376 et
2121 2336 2284 2391 super
2304 2320 2570 2376 columnis
2591 2317 2716 2372 clati
2739 2325 2904 2380 stant,
2935 2315 2980 2370 si
3007 2313 3072 2368 ad
3093 2313 3340 2368 eumdem
3367 2329 3491 2383 gra-

1921 2420 2048 2474 dum
2073 2418 2338 2471 accedunt
2362 2410 2682 2469 elevationis
2705 2405 3079 2475 similitudine,
3101 2403 3388 2460 inferiores
3411 2414 3492 2458 ta-

1925 2525 2046 2565 men
2077 2510 2130 2563 in
2155 2507 2336 2572 aliquo
2366 2511 2646 2559 retnancnt
2674 2502 2740 2556 iis
2771 2500 2862 2571 qui
2888 2498 3188 2554 columnam
3223 2509 3490 2551 summam

1924 2601 2183 2658 incolunt.
2214 2599 2346 2654 Nam
2382 2597 2433 2652 lti
2467 2612 2530 2650 ex
2583 2593 2908 2649 necessitate
2952 2606 3055 2644 non
3107 2589 3296 2652 latent,
3340 2585 3493 2656 quasi

1919 2686 2258 2750 ineluctablh'
2288 2690 2448 2744 modo
2481 2684 2893 2756 inspicientilms
2913 2679 3220 2752 spectaculo
3240 2675 3492 2749 expositi.

1922 2783 2077 2839 Unde
2102 2790 2155 2836 et
2181 2781 2335 2849 longa
2367 2778 2498 2847 ipsis
2523 2774 2820 2839 beatitudo,
2844 2785 2896 2827 et
2921 2771 3183 2839 completa
3210 2779 3337 2823 ante
3360 2782 3494 2822 ocu-

1925 2876 2007 2934 los
2041 2872 2378 2944 expositione
2411 2875 2755 2937 comparatur
2804 2861 3092 2920 admiratio
3126 2860 3324 2915 omnis.
3375 2857 3495 2913 Tali

1925 2965 2132 3021 homini
2163 2963 2348 3020 laudes
2371 2961 2554 3016 multa:
2585 2959 2916 3014 tribuuntur.
2938 2955 3192 3010 Ereclum
3221 2965 3352 3006 vero
3376 2960 3496 3020 sty-

1924 3059 2076 3114 litam
2113 3071 2268 3113 nemo
2315 3062 2534 3110 curaret
2578 3066 2676 3107 nec
2703 3050 2750 3107 si
2781 3051 2944 3104 vivat.
2986 3046 3144 3103 Unde
3175 3045 3499 3114 plerumque

249 3156 320 3216 ὡς
346 3154 415 3207 τὰ
448 3149 623 3205 πολλά
659 3148 755 3203 καὶ
784 3147 875 3202 τοῦ
908 3146 1256 3201 έπαινεῖσθαι
1304 3147 1551 3210 πένεται,
1583 3146 1664 3198 ὅτι
1723 3146 1818 3197 καὶ

1929 3150 2174 3206 laudibus
2217 3156 2385 3211 caret,
2414 3146 2538 3215 quia
2577 3158 2606 3198 a
2655 3143 2840 3214 paucis
2883 3139 3197 3209 suspicitur.
3247 3135 3324 3191 lbi
3350 3133 3497 3188 enim

254 3246 339 3298 τοῦ
372 3243 550 3314 συχνὰ
603 3239 1030 3312 περιϐλέπεσθαι
1081 3239 1142 3293 τό
1189 3255 1253 3306 γε
1319 3238 1571 3292 ἐνταῦθα.
1617 3237 1825 3290 Ἐκεϊσε

254 3340 353 3410 γὰρ
376 3337 642 3390 πλειόνων
665 3333 950 3404 ὀφειλέτην
978 3331 1156 3402 ἑαυτῷ
1175 3332 1268 3384 τὸν
1293 3332 1430 3385 Θεὸν
1453 3330 1709 3401 καθιατᾷ,
1733 3329 1826 3389 τὸν

257 3429 525 3499 βλέποντα
560 3424 662 3495 μὲν
701 3426 759 3478 έν
790 3421 1039 3494 κρυπτῷ,
1089 3421 1407 3476 ἀποδιδόντα
1432 3420 1491 3474 δὲ
1544 3418 1694 3490 ὲντῷ
1731 3436 1829 3488 φα-

255 3521 410 3592 νερῷ.

319 3613 418 3670 νδ’.
455 3612 613 3684 Τάχα
643 3611 701 3666 δέ
729 3627 830 3664 που
857 3610 970 3672 τοῖς
1014 3628 1033 3662 ι
1073 3605 1620 3679 δενδροκομουμένοις
1669 3623 1690 3657 ι
1714 3606 1828 3666 ,καὶ

265 3725 282 3758 ι
303 3702 816 3775 κιονοφορουμένοις
845 3719 865 3753 ι
897 3699 1010 3753 οὐδ’
1034 3698 1284 3752 ἑκούσιον
1311 3699 1371 3750 τὸ
1403 3697 1523 3750 ὅλον
1544 3695 1708 3750 καλὸν
1730 3695 1827 3750 τοῦ

261 3800 388 3870 ὃψοῦ
435 3797 652 3865 ἀγῶνος
707 3792 1174 3864 ὑποληφθήσεται,
1221 3790 1331 3843 οὐδ’
1363 3789 1422 3857 ἒξ
1478 3788 1738 3859 ὀλοψύχου
1769 3790 1830 3842 τὸ

265 3896 360 3947 πᾶν
391 3890 730 3962 προθέσεως,
761 3885 848 3940 οἷα
879 3887 970 3939 καὶ
996 3883 1358 3953 αἰδουμένοις,
1414 3881 1508 3934 ἐὰν
1543 3881 1648 3934 ὑπὸ
1695 3881 1830 3934 πάν-

265 4003 363 4039 των
393 3957 687 4056 ὁρώμενοι,
709 3981 812 4034 οὐκ
847 3976 1190 4048 ἐργάζωνται
1209 3977 1269 4028 τὸ
1301 3974 1524 4042 ἀγαθὸν,
1557 3973 1671 4027 ἀλλ’
1698 3975 1833 4027 ἀπε-

266 4076 471 4137 ναντίας
505 4074 582 4141 τῷ
611 4069 997 4140 ὲπαγγέλματι
1050 4067 1319 4138 ἑρχωνται
1346 4084 1362 4100 ο
1390 4068 1478 4120 ὅτε
1512 4066 1605 4120 καὶ
1665 4065 1831 4133 φόϐος

267 4167 410 4222 ἔσται
435 4168 552 4229 τοῖς
576 4163 815 4224 πολλοῖς.
847 4162 921 4232 μή
957 4177 1086 4214 ποτε
1108 4162 1157 4214 οἱ
1205 4158 1438 4215 τοιοῦτοι
1493 4159 1584 4210 τὸν
1643 4157 1832 4228 μισοὸν

269 4261 438 4313 αὐτῶν
469 4256 714 4312 ἐνταῦθα
740 4253 1017 4324 ἀπέχωσιν
1043 4269 1056 4283 ⁸
1085 4251 1118 4324 ἢ
1148 4251 1308 4306 τοῦτο
1331 4250 1432 4320 μὲν
1463 4250 1563 4303 ούκ
1610 4247 1832 4317 ἀγαθῶν

269 4351 490 4421 ἀνδρῶν,
549 4347 788 4418 ἐχόντων
832 4344 890 4396 δὲ
947 4341 1319 4413 ὑποκριτικῶς
1370 4343 1466 4410 τῆς
1520 4340 1828 4408 ἀσκήσεως.

279 4443 458 4509 Ἡμεῖς
489 4440 546 4494 δὲ
578 4439 640 4492 οὗ
665 4437 793 4497 τοὺς
817 4433 1094 4494 τοιούτους
1123 4433 1250 4503 ἄρτι
1283 4449 1303 4482 ι
1352 4429 1636 4498 δενδρίτας
1679 4447 1698 4482 ι
1734 4427 1832 4482 καὶ

217 4231 234 4261 l

1929 3242 2162 3312 plurium
2193 3239 2490 3294 debitorem
2535 3235 2591 3290 in
2617 3236 2699 3290 sui
2731 3233 2960 3303 gratiam
2987 3228 3152 3283 Deum
3197 3227 3378 3282 ﬁrmat
3406 3224 3498 3295 qui

1931 3335 1984 3390 in
2019 3331 2332 3388 abscondito
2361 3329 2506 3386 videt
2538 3337 2591 3382 et
2629 3336 2813 3397 aperte
2857 3323 3057 3379 reddit.

1985 3603 2076 3659 54.
2119 3598 2414 3656 Confestim
2469 3611 2598 3652 vero
2642 3595 2706 3649 de
2753 3593 2820 3648 iis
2867 3591 2956 3662 qui
3007 3589 3260 3644 arborum
3313 3598 3498 3641 curam

1929 3699 2126 3763 gerunt
2174 3698 2228 3743 et
2259 3689 2325 3743 iis
2353 3687 2442 3756 qui
2476 3685 2757 3740 columnas
2804 3682 3035 3736 fulcrum
3063 3680 3286 3742 habent,
3331 3673 3507 3744 suspi-

1931 3761 2018 3835 cio
2076 3780 2181 3834 erit
2224 3777 2365 3845 quod
2419 3791 2523 3829 non
2578 3772 2878 3827 voluntaria
2950 3771 3020 3822 sit
3070 3766 3255 3836 ag0uis
3303 3761 3501 3819 excelsi

1931 3888 2040 3931 res.
2084 3881 2138 3924 et
2181 3870 2324 3940 quod
2371 3882 2474 3924 non
2523 3881 2586 3921 es
2619 3874 2730 3920 toto
2776 3865 2964 3918 corde'
2994 3861 3062 3915 sit
3089 3857 3346 3929 propositi
3381 3853 3504 3909 uni-

1934 3977 2088 4016 versa
2125 3959 2300 4020 actio‘;
2330 3957 2524 4027 quippe
2550 3953 2640 4023 qui
2673 3950 3002 4006 erubescunt
3023 3947 3066 4002 si
3094 3945 3333 3999 omnium
3368 3955 3502 3996 ocu-

1932 4052 1999 4108 lis
2033 4049 2320 4119 inspectati
2354 4049 2550 4102 bonum
2578 4061 2683 4099 non
2714 4043 2942 4105 faciunt,
2967 4039 3060 4094 sed
3088 4038 3211 4092 vita:
3237 4034 3416 4106 generi
3451 4033 3502 4086 in

1929 4146 2240 4216 oppositum
2291 4143 2393 4196 iter
2425 4139 2718 4203 incedunt;
2766 4135 2982 4206 quando
3010 4139 3064 4188 et
3099 4129 3280 4185 multis
3327 4135 3508 4181 metus

1934 4241 2059 4303 erit,
2116 4252 2184 4293 ne
2223 4231 2544 4304 huiusmodi
2595 4231 2843 4286 homines
2895 4239 3052 4281 suam
3095 4219 3509 4277 retributionem

1935 4330 2270 4402 percipiant;
2304 4335 2490 4380 autne
2517 4322 2924 4378 retributionem
2949 4332 3052 4370 non
3079 4314 3298 4385 quidem
3337 4311 3510 4366 bone-

1939 4442 2054 4479 rum
2090 4423 2354 4484 virorum,
2397 4417 2492 4472 sed
2544 4415 2645 4485 piis
2701 4407 3184 4467 exercitationibus
3235 4417 3331 4474 per
3380 4413 3510 4471 spe-

280 4550 299 4584 ι
342 4495 572 4595 κιονῖτας
619 4549 639 4582 ι
700 4495 1070 4594 σκεπτόμεθα,
1112 4495 1232 4577 ιτὶει
1289 4539 1372 4576 τοι
1395 4495 1489 4574 καῖ
1517 4519 1546 4572 ό
1583 4538 1603 4572 ι
1651 4517 1820 4572 στιιλί⁴

1941 4518 2075 4572 ciem
2142 4509 2564 4567 incumbentium
2649 4501 2968 4575 percipiant.
3022 4495 3134 4552 Nos
3197 4508 3326 4549 vero
3401 4505 3509 4545 non

270 4640 387 4694 της,
427 4643 444 4675 ι
470 4626 518 4676 εἰ
542 4622 638 4676 καὶ
673 4621 748 4691 μὴ
772 4620 911 4673 αἰδοῖ
926 4635 1035 4672 τινι
1063 4617 1325 4686 πράττειν
1350 4614 1445 4666 καὶ
1471 4614 1608 4683 πρὸς
1639 4609 1840 4680 ὀφθαλ-

276 4714 386 4783 μῶν
419 4715 601 4786 Θαῢμα
644 4711 1011 4779 ὑποπτευθείη
1037 4710 1098 4762 τὸ
1122 4708 1325 4777 ἀγαθὸν
1351 4707 1428 4776 (ὃς
1459 4722 1522 4774 γε
1551 4703 1672 4758 οὐδὲ
1701 4704 1839 4756 ἀνα-

273 4807 528 4878 κρίνεται,
590 4808 673 4860 ὅτι
729 4805 851 4877 μηδ’
911 4801 1280 4873 ἀπραγμόνως
1337 4797 1640 4869 βλέπεται),
1705 4794 1840 4848 ἀλλά

273 4902 462 4972 τρόπον
494 4901 653 4955 ἀλλον
695 4899 788 4953 καὶ
842 4895 1004 4957 αὐτὸς
1062 4894 1430 4965 καχυπόπτοις
1481 4888 1706 4959 ἀνδράσι
1739 4889 1840 4958 ρᾳ-

279 4991 473 5062 στὼνην
529 4990 880 5046 suaenam
943 4986 1134 5056 νοῆσαί
1196 5000 1317 5037 τινα
1387 4984 1482 5035 καὶ
1547 4979 1698 5042 ὲντδς
1744 4976 1839 5030 τοῦ

285 5101 306 5136 ι
346 5085 524 5138 στύλον
573 5103 590 5134 ι
637 5083 967 5136 ἀνάπτωσιν.

346 5343 431 5397 νε’.
469 5342 628 5395 Ἀλλὰ
649 5339 822 5393 ταῦτα
863 5339 981 5408 μὲν,
1013 5333 1094 5400 οἷς
1147 5335 1585 5407 προσκόπτουσιν
1603 5334 1652 5385 οἱ
1709 5330 1840 5383 πολ-

279 5431 376 5495 λοὶ,
406 5433 542 5487 οὕτω
595 5432 982 5500 σκορακιστέον
1032 5431 1095 5482 ἐκ
1120 5429 1228 5482 τῶν
1267 5425 1656 5495 πνευματικῶν
1714 5422 1840 5475 τού-

287 5542 385 5577 των
411 5525 614 5597 ἀνδρῶν
644 5539 659 5555 ·
684 5526 947 5593 διαφέρον
985 5521 1042 5574 δὲ
1063 5521 1250 5581 αὐτοῖς
1284 5517 1364 5571 ἔτι
1395 5517 1616 5570 κάκεῖνο
1662 5513 1839 5576 ἔσται,

289 5614 360 5677 ὡς
387 5616 432 5668 οῐ
464 5617 560 5686 μὲν
619 5617 780 5687 ἀέρος
843 5614 973 5682 γοῦν
1032 5609 1402 5665 ἔπαπολαύειν
1432 5609 1513 5669 εἰς
1570 5605 1844 5674 πλήσμιον

291 5706 495 5775 ἀμέσως
519 5710 723 5780 έχουσι,
760 5707 856 5760 καὶ
882 5706 1091 5776 ὁμιλεῖν
1126 5703 1280 5776 ἡλίῳ,
1339 5703 1388 5754 ει
1423 5701 1516 5754 καὶ
1579 5700 1635 5752 ὲν
1678 5699 1842 5752 ὑπαί-

297 5797 422 5868 θρῳ
453 5803 477 5854 ὁ
501 5801 553 5856 δὲ
579 5801 674 5855 καὶ⁸
694 5800 858 5857 αὑτὸν
885 5801 1166 5870 μετρεῖται
1186 5798 1274 5850 τὸν
1292 5796 1462 5866 ἥλιον,
1486 5792 1561 5856 ὡς
1588 5791 1673 5844 διὰ
1701 5792 1840 5845 κάπο

1943 4609 2076 4662 tales
2145 4601 2428 4656 arboribus
2496 4596 2578 4651 vel
2639 4591 2906 4648 columnis
2983 4587 3299 4642 insistentes
3367 4594 3513 4634 nunc

1940 4697 2382 4754 consideramus;
2452 4685 2714 4753 siquidem
2795 4680 2997 4750 stylita,
3071 4676 3203 4728 licet
3258 4686 3362 4725 non
3425 4683 3514 4723 re-

1940 4795 2124 4856 Spertu
2170 4793 2222 4837 et
2258 4789 2476 4850 propter
2508 4775 2692 4829 oculos
2726 4773 2920 4823 mirum
2965 4769 3161 4821 bonum
3207 4775 3366 4832 agere
3411 4774 3510 4814 su-

1941 4851 2236 4948 spicionem
2290 4874 2624 4925 commoveat
2686 4862 2796 4933 (qui
2854 4874 2958 4914 non
3019 4855 3316 4926 iudicatur,
3383 4851 3511 4918 quia

1943 4943 2047 5025 non
2083 4969 2286 5034 absque
2324 4963 2506 5015 labore
2557 4954 2934 5024 conspicitur),
2986 4949 3097 5004 imo
3145 4946 3250 5001 alla
3300 4943 3512 4998 ratione

1942 5079 1970 5115 a
2023 5060 2161 5114 mala
2217 5051 2616 5125 suspicantibus
2666 5047 2796 5100 viris
2842 5041 3171 5098 otiositatem
3222 5036 3510 5106 quamdam

1941 5162 2000 5208 et
2047 5152 2187 5206 intra
2249 5147 2550 5202 columnam
2589 5139 2973 5195 relaxationem
3025 5133 3310 5187 intendere
3346 5142 3510 5197 repot-

1945 5251 2110 5296 tatur.

2015 5334 2105 5390 55.
2147 5331 2249 5386 Sed
2279 5330 2390 5382 haec
2431 5325 2646 5394 quidem
2691 5321 2757 5375 ad
2788 5334 2906 5389 quae
2936 5313 3284 5374 scaudalizati
3324 5311 3512 5381 pedem

1942 5425 2222 5482 utfcudunt
2273 5413 2810 5485 multi,-expellcnda
2851 5419 2978 5465 sunt
3023 5405 3395 5478 spiritualibus
3429 5399 3518 5456 his

1941 5517 2094 5580 viris;
2117 5515 2207 5567 sed
2231 5513 2282 5566 itt
2304 5526 2366 5564 eo
2390 5507 2667 5568 diﬂ‘erunt,
2686 5502 2824 5572 quod
2855 5501 2906 5554 hi
2930 5501 3147 5569 quidem
3171 5511 3295 5547 aere
3314 5491 3516 5558 absque

1946 5622 2199 5662 mensura
2233 5604 2478 5658 fruantur
2507 5608 2556 5653 et
2589 5598 2699 5652 sole
2722 5596 2820 5650 Sub
2848 5595 2934 5647 dio
2965 5601 3205 5652 utantur;
3232 5587 3315 5639 ille
3335 5593 3511 5635 autem

1945 5701 2110 5755 solem
2157 5705 2303 5750 arcta
2337 5707 2588 5748 mensura
2641 5688 2820 5750 habet,
2876 5693 3126 5749 tanquam
3167 5692 3260 5744 per
3314 5672 3517 5726 camini

1945 5791 2271 5860 spiraculum
2309 5784 2631 5846 radiantem,
2685 5786 2774 5831 aut
2812 5775 2967 5828 aliter
3015 5767 3167 5837 quasi
3215 5780 3242 5818 a
3295 5761 3510 5831 specula
