3888 6238
391 308 496 374 247

1133 307 1553 370 EUSTATHII
1572 299 2348 367 ‘THESSALONICENSFS
2384 301 2955 364 METROPOLITE

3537 296 3651 363 248

393 425 521 491 ista,
550 423 748 478 divinis
776 422 943 478 radiis
978 421 1229 478 subtilius
1261 431 1319 475 et
1361 421 1603 476 exactius
1646 420 1967 477 illustratur,

2074 435 2171 486 νης
2202 436 2350 481 τινος
2384 418 2532 489 αύτῷ
2558 418 2985 488 προσϐάλλοντα,
3024 417 3072 469 εί
3102 414 3195 475 καὶ
3225 415 3387 471 ἄλλον
3421 415 3651 485 τρόπον,

393 522 487 567 aut
534 513 688 581 quasi
742 511 1025 582 spirituale
1074 520 1242 580 petra:
1294 509 1533 562 foramen
1589 517 1802 572 nactus,
1858 523 1962 559 non

395 607 569 661 solum
599 607 694 661 Dei
731 607 1062 677 posteriora.
1098 607 1192 661 sed
1230 614 1285 659 et
1320 603 1453 658 facie
1501 605 1567 658 ad
1619 601 1807 657 faciem
1839 616 1962 656 eum

394 699 656 754 intuetur.
688 699 753 751 Et
784 698 836 751 hi
864 698 1078 765 quidem
1111 707 1473 767 opportunum
1497 696 1699 749 ducunt
1723 696 1965 748 viventes

391 793 585 857 videri;
610 792 699 846 ille
714 805 845 844 vero
863 804 921 844 se
940 789 1245 853 abscondit,
1260 787 1412 854 quasi
1435 795 1599 841 testes
1617 786 1963 849 erubescens;

392 893 542 937 t0tus
572 880 870 938 mansionis
903 882 957 934 in
997 881 1315 935 abscondito
1354 891 1578 946 compos
1622 876 1816 936 factus.
1852 874 1966 929 dis-

390 981 712 1046 positionem
768 979 1033 1033 columna:
1084 986 1290 1046 partem
1346 974 1607 1029 visibilem
1659 972 1960 1037 obnubilat,

389 1070 611 1126 humilis
644 1069 895 1127 ell'ectus.
924 1069 1065 1138 quod
1107 1068 1193 1122 hic
1229 1066 1613 1134 ceuscpelitur.

460 1333 549 1388 56.
593 1334 646 1388 Si
683 1350 811 1388 vero
848 1334 974 1388 mihi
1008 1334 1180 1390 noctis
1215 1335 1386 1402 frigus
1417 1334 1468 1386 in
1510 1332 1626 1387 istis
1656 1340 1708 1386 et
1734 1330 1838 1387 diei
1862 1332 1962 1384 ob-

383 1425 503 1493 jieit
559 1426 828 1490 ardorem,
866 1427 1168 1480 consideret
1229 1425 1617 1479 mansiuncnlw
1665 1424 1961 1494 angustias,

388 1524 729 1570 contractum
763 1529 812 1567 et
839 1524 1123 1581 angustum
1157 1531 1252 1579 os;
1287 1525 1337 1569 et
1365 1514 1501 1568 facta
1535 1514 1960 1582 comparatione,

389 1623 456 1661 ne
503 1608 699 1677 stylitm
736 1607 884 1676 justo
919 1605 1233 1661 inferiorem
1274 1607 1544 1674 nimisque
1582 1605 1838 1659 humilem
1873 1588 1961 1657 at-

388 1698 590 1752 tribuat
623 1699 983 1752 conditionem
1025 1706 1298 1766 reputans.
1324 1696 1573 1766 .Reliqno
1618 1698 1956 1752 terrestrium

386 1786 598 1842 incluso
625 1797 970 1855 comparatus
1003 1787 1266 1840 columna:
1292 1786 1373 1838 vir
1408 1785 1554 1854 large
1586 1795 1759 1840 semet
1811 1785 1957 1839 exal-
1991 1768 2034 1825 Β

385 1875 563 1937 tavit,
629 1876 1087 1941 quemadmodum
1124 1864 1434 1939 diversorii,
1471 1876 1550 1928 sic
1580 1884 1633 1928 et
1668 1874 1796 1928 vita:
1850 1874 1959 1928 ele-

386 1965 626 2019 vatione.
653 1958 786 2018 Nam
816 1966 909 2034 qui
945 1962 1106 2030 infra,
1133 1982 1257 2020 cum
1291 1977 1489 2020 terram
1533 1966 1959 2020 inhabitantibus

384 2065 441 2110 et
473 2072 580 2126 prae
625 2055 892 2123 manibus,
920 2068 976 2110 ut
1020 2057 1093 2112 ita
1143 2059 1337 2121 dicam,
1369 2059 1769 2114 consolationes
1799 2057 1961 2113 habet

385 2145 602 2214 quando
637 2146 687 2199 in
721 2145 1039 2217 cujusquam
1069 2147 1418 2219 indigentiam
1440 2151 1650 2213 incidit,
1679 2159 1732 2204 et
1764 2149 1960 2204 huma-

386 2238 512 2291 nior
559 2245 676 2303 est;
711 2238 891 2309 stylita
922 2253 1054 2316 vero
1106 2242 1290 2309 procul
1338 2243 1404 2295 ab
1459 2242 1764 2298 hominibus
1793 2241 1872 2309 ﬁt,
1906 2250 1962 2297 et

387 2326 543 2382 tarde
573 2334 714 2398 quod
740 2330 992 2398 qumsivit
1021 2331 1086 2385 ad
1117 2346 1238 2387 eum
1269 2334 1532 2386 ascendit.

459 2508 552 2564 57.
589 2508 693 2563 Sed
737 2511 852 2564 haec
892 2509 1181 2565 hactenus.
1217 2509 1365 2565 Ultra
1406 2525 1537 2565 vero
1587 2512 1963 2581 progredietur

389 2602 606 2673 aliquis,
635 2611 692 2658 et
743 2602 973 2673 amplius
1008 2606 1073 2658 ad
1114 2606 1322 2676 singula
1360 2621 1419 2661 se
1449 2606 1615 2661 dabit.
1645 2606 1702 2660 Si
1747 2621 1875 2660 vero
1908 2616 1965 2661 et

386 2695 616 2751 voluerit
642 2696 708 2750 de
728 2696 1156 2752 accidentalibns
1188 2706 1239 2753 et
1274 2692 1437 2753 cei-tis
1465 2700 1627 2753 rebus
1651 2699 1817 2752 vitam
1850 2707 1961 2769 sty-

387 2787 590 2844 liticam
629 2788 904 2854 extollere,
935 2798 990 2845 et
1034 2804 1196 2857 supra
1242 2789 1374 2843 alias
1425 2803 1612 2844 onmes
1654 2789 1963 2844 necessario

387 2881 682 2935 exaltatam
735 2881 1042 2944 ostendere,
1081 2881 1226 2935 dicet
1278 2883 1420 2950 quod
1457 2881 1631 2935 cuivis
1660 2880 1953 2936 sccnndu’m

387 2975 645 3029 virtutem
697 2973 898 3028 viventi
950 2972 1249 3043 praesertim
1301 2973 1496 3045 stylitae
1532 2982 1805 3027 certamen
1840 2988 1962 3028 cum

390 3064 573 3134 pravis
616 3062 1004 3134 cupiditatibus
1032 3064 1225 3119 durum
1275 3072 1377 3119 est.
1405 3061 1542 3119 Nam
1576 3062 1675 3133 qui
1705 3067 1893 3135 procul
1929 3082 1957 3119 a

391 3167 536 3210 terra
589 3156 643 3209 in
693 3154 817 3209 altis
863 3155 1131 3220 habitant,
1160 3158 1421 3210 accedere
1471 3167 1744 3224 nequeunt
1793 3158 1857 3210 ad
1906 3170 1968 3210 ea

392 3250 587 3319 quibus
611 3249 948 3306 delectentur
975 3251 1191 3315 quando
1223 3250 1454 3304 maxime
1486 3250 1692 3305 volunt.
1722 3246 1970 3319 Magnam

390 3356 524 3397 sero
575 3341 715 3397 tollit
765 3337 896 3397 illud
948 3341 1173 3396 vilitatis
1240 3350 1473 3412 partem,
1533 3356 1649 3396 nec-
1693 3340 1974 3406 cupidita—

394 3444 511 3490 tum
540 3434 744 3504 jam:'s,
776 3434 1047 3498 sensibus,
1079 3434 1294 3489 licentia
1332 3440 1573 3488 remanet
1603 3433 1765 3488 nimis
1806 3444 1978 3488 teme-

395 3526 561 3583 rariis
619 3525 902 3581 desideriis
955 3524 1169 3580 facilius
1228 3526 1481 3596 expandi.
1536 3523 1646 3581 Nec
1709 3540 1976 3580 enervans

397 3630 494 3669 eos
543 3616 635 3683 qui
687 3615 741 3668 in
808 3615 1118 3670 carnalibus
1182 3615 1392 3672 deliciis
1461 3615 1649 3668 vivunt
1712 3614 1974 3677 luxuries,

396 3709 463 3762 ad
495 3722 619 3762 eum
663 3707 752 3776 qui
802 3707 856 3761 in
909 3707 1032 3762 altis
1081 3708 1286 3762 habitat
1345 3706 1619 3777 pervenit;
1678 3723 1775 3762 nec
1828 3706 1972 3760 aliud

394 3801 503 3857 vgle
569 3800 838 3869 iuveniles
909 3800 1111 3860 auditui
1186 3810 1434 3869 procreat
1500 3799 1762 3864 aﬂ‘cctns,
1832 3802 1973 3868 quod

396 3898 602 3962 absque
660 3902 853 3948 conatu
911 3894 965 3947 in
1020 3894 1193 3963 ipsum
1254 3894 1554 3963 irrumpere
1616 3891 1811 3949 valeat.
1863 3890 1975 3947 Nec

397 3991 657 4040 odoratus
722 3985 991 4039 illecebra:
1054 3986 1267 4039 trahere
1324 3999 1446 4040 eum
1510 3982 1739 4038 faciliter
1794 3983 1976 4038 valent

394 4078 621 4132 fortuito
673 4077 966 4131 incidentes
1009 4085 1063 4129 et
1094 4091 1187 4144 per
1207 4083 1464 4140 uares,ut
1503 4076 1675 4141 aiunt,
1705 4086 1971 4140 attractaa,

400 4169 455 4220 in
477 4182 636 4237 quem
677 4181 776 4220 nec
800 4166 999 4233 reliqua
1033 4180 1287 4219 sensuum
1323 4164 1683 4218 illectamente
1712 4166 1976 4220 insidian-

401 4274 484 4312 σοι·
507 4257 820 4329 praevalent,
854 4258 942 4325 qui
972 4256 1217 4309 altiorem
1248 4257 1532 4309 constituit
1558 4254 1774 4310 domum
1809 4272 1974 4328 seque

399 4352 469 4404 ab
496 4347 735 4403 inferiori
760 4346 1162 4416 perturbatione
1191 4356 1454 4410 removet,
1477 4357 1531 4400 et
1557 4348 1973 4404 oblectamentis

2070 513 2147 574 ὡς
2177 513 2283 565 ἀπὸ
2309 513 2567 583 διόπτρας
2601 512 2827 582 ταύτης,
2852 513 2974 575 ταῖς
3007 509 3184 571 θείαις
3211 509 3524 576 ἑντρανίζει
3549 509 3651 560 ἀκι

2066 608 2178 659 τῐσι
2211 605 2541 675 λεπτότερόν
2573 622 2630 657 τε
2662 605 2761 659 καὶ
2780 603 3198 674 ἀκριϐέστερον,
3236 601 3385 673 ἢκαὶ
3415 603 3493 663 ὡς
3522 617 3651 668 νοη-

2070 695 2173 766 τὴν
2199 696 2404 764 ταύτην
2440 694 2585 765 ὀπὴν
2608 695 2814 766 πέτρας
2836 692 3169 763 ἐξευρηκὼς,
3201 693 3262 744 οὐ
3301 692 3463 761 μόνον
3508 707 3652 758 φαν-

2069 786 2294 850 τάζεται
2324 786 2459 839 Θεοῦ
2494 786 2562 839 τά
2591 786 2836 849 ὀπίσθια,
2871 782 3006 839 ἀλλά
3037 784 3129 837 καὶ
3165 784 3457 853 πρόσωπον
3512 782 3650 850 πρὸς

2070 879 2362 949 πρόσωπον
2387 879 2549 933 αὐτὸν
2582 877 2813 948 καθορᾷ.
2847 878 2957 931 Καὶ
2986 877 3036 929 οί
3064 876 3165 946 μὲν
3190 874 3403 939 ἀξιοῦσι
3454 873 3649 940 φαίνε-

2071 972 2194 1024 σθαι
2225 971 2326 1041 ζῇν
2351 987 2365 1001 ·
2399 973 2427 1024 ὀ
2452 971 2496 1023 δ’
2522 970 2951 1037 ἐγκαλύπτεται,
2982 969 3059 1033 ὡς
3105 961 3217 1022 οἷον
3252 967 3655 1035 αἰσχυνόμενος

2069 1064 2162 1116 καὶ
2190 1062 2286 1134 τὴν
2322 1062 2451 1115 θέαν
2487 1063 2657 1131 αὑτήν
2686 1079 2699 1092 ·
2738 1063 2834 1116 καὶ
2852 1062 2949 1130 τῆς
2982 1063 3040 1112 ὲν
3068 1059 3497 1130 κρυπτῷομονῆς
3523 1056 3647 1119 ὅλος

2068 1155 2379 1225 γινόμενος,
2410 1155 2505 1207 καὶ
2543 1154 2633 1207 τὸν
2660 1156 2725 1206 ἐκ
2746 1152 2841 1206 τοῦ
2879 1171 2898 1204 ‹
2945 1152 3140 1204 στύλου
3183 1169 3201 1201 ι
3265 1147 3649 1217 φανητιασμδν

2065 1248 2325 1316 ἀμαυροῖ,
2348 1245 2790 1315 ταπεινούμενος,
2813 1238 2893 1308 οἷς
2917 1242 3066 1312 αὐτῷ
3113 1241 3460 1294 ἐντέθαπται.

2131 1346 2238 1403 νς’.
2263 1339 2322 1390 El
2361 1339 2417 1391 δέ
2452 1355 2541 1406 μοι
2566 1337 2756 1398 νυκτὸς
2787 1336 3023 1401 παγετὸν
3049 1336 3107 1386 ὲν
3131 1334 3358 1396 ἐκείνοις
3382 1332 3477 1383 καὶ
3500 1328 3644 1399 ape-

2065 1446 2164 1501 ρας
2191 1428 2555 1501 προϐάλλεταί
2592 1446 2675 1492 τις
2734 1429 2990 1481 καύσωνα
3013 1467 3029 1491 ,
3082 1425 3366 1478 ἐννοείσθω
3425 1423 3483 1474 τ’)
3517 1438 3644 1474 πνι-

2063 1523 2232 1592 γηρὸν
2275 1522 2377 1589 τῆς
2417 1520 2653 1573 ἐνταῦθα
2708 1521 2924 1589 στέγης,
2949 1519 3044 1573 καὶ
3100 1519 3158 1570 τὸ
3212 1514 3645 1581 συνεσταλμένον

2063 1614 2158 1666 καὶ
2213 1612 2517 1682 σύστομονο
2576 1612 2671 1664 atat
2713 1610 3111 1680 παρεξετάσας,
3167 1608 3242 1677 μὴ
3286 1607 3450 1669 πολὺς
3499 1602 3644 1656 οὕτω

2064 1703 2294 1772 γινέσθω
2354 1702 2709 1771 σοφιζόμενος
2752 1701 2830 1771 τῷ
2883 1720 2902 1753 ι
2951 1699 3167 1771 στυλίτῃ
3209 1717 3227 1750 ι
3299 1698 3398 1767 τὴν
3453 1695 3656 1748 67:06!-r

2063 1796 2244 1850 6ασιν.
2298 1795 2481 1865 Λοιπῷ
2526 1796 2589 1865 δὴ
2647 1795 2721 1863 τῷ
2786 1794 2912 1862 περὶ
2946 1793 3050 1861 γῆν
3109 1791 3408 1859 ὲγκλείστῳ
3458 1803 3645 1855 παρα-

2060 1887 2337 1958 τιθέμενος
2364 1889 2392 1940 ὁ
2419 1886 2513 1939 τοῦ
2548 1904 2567 1937 ι
2618 1885 2808 1938 στύλου
2848 1902 2865 1935 ι
2903 1880 3099 1952 μακρῷ
3141 1881 3234 1932 καὶ
3271 1878 3431 1930 αὐτὴν
3467 1877 3644 1943 ὑπερ-

2060 1979 2428 2048 αναῦέσηκεν,
2462 1975 2650 2048 ὥσπερ
2690 1977 2767 2046 τῷ
2794 1973 2886 2028 τοῦ
2916 1971 3301 2041 καταλύματος
3322 1967 3473 2037 ὕψει,
3495 1964 3646 2018 οὕτω

2060 2073 2156 2126 καὶ
2179 2072 2256 2142 τῷ
2295 2072 2395 2140 τῆς
2429 2070 2699 2138 βιώσεως.
2750 2069 2810 2120 ’0
2846 2068 2945 2137 μὲν
2974 2063 3097 2134 γὰρ»
3128 2063 3278 2115 κάτω
3331 2060 3426 2113 καὶ
3480 2055 3653 2120 αὐτὸς

2061 2163 2203 2218 κατὰ
2229 2163 2357 2225 τοὺς
2388 2163 2447 2215 ἐν
2474 2165 2565 2231 γῇ,
2588 2160 2685 2214 καὶ
2711 2158 2818 2229 πρὸ
2847 2157 3046 2228 χειρῶν
3090 2154 3165 2218 ὡς
3180 2152 3357 2207 εἰπεῖν
3412 2149 3528 2218 ἔχει
3584 2146 3646 2198 τδ

2061 2252 2462 2321 παρηγόρημα,
2499 2248 2758 2321 ὃτεκτινὸς
2789 2243 3097 2315 παραπέσοι
3152 2239 3334 2312 χρείᾳ,
3393 2237 3492 2289 καὶ
3547 2234 3653 2286 ἀνα

2063 2339 2480 2411 θρωπικώτερός
2508 2339 2652 2391 ἔστιν
2673 2354 2686 2367 ·
2723 2340 2751 2390 ὁ
2775 2336 2835 2389 δὲ
2861 2354 2881 2388 ι
2914 2333 3166 2402 στυλίτης
3191 2350 3209 2383 ι
3249 2330 3309 2393 ἐξ
3336 2325 3656 2396 ἀνθρώπων·

2060 2435 2289 2505 γίνεται,
2326 2433 2421 2486 καὶ
2449 2430 2545 2501 ὀψὲ
2569 2430 2627 2484 τὸ
2659 2427 2891 2499 ζητηθὲν
2939 2426 3225 2495 ἀνέρχεται
3262 2423 3340 2484 είς
3361 2419 3548 2471 αὐτόν.

2135 2530 2234 2593 νζτ.
2271 2525 2436 2579 Ἀλλὰ
2464 2521 2688 2577 τοιαῦτα
2721 2520 2823 2591 μὲν
2848 2518 3142 2575 καὶταῦτα
3178 2517 3276 2570 καὶ
3316 2512 3410 2566 ἐπὶ
3448 2508 3649 2564 τοσοῦ-

2060 2640 2176 2677 τον.
2213 2615 2664 2689 Προσευπορήσει
2718 2615 2775 2683 δέ
2826 2632 2930 2679 τις,
2982 2614 3079 2667 καὶ
3134 2609 3305 2664 πλείω
3347 2610 3458 2670 τοῖς
3502 2606 3651 2660 κατά

2066 2712 2231 2782 μέρος
2260 2707 2529 2769 ἐπιδιδοὺς
2557 2707 2769 2761 ἑαυτόν.
2797 2705 2859 2758 El
2896 2704 2955 2757 δὲ
2984 2706 3077 2757 καὶ
3106 2702 3390 2773 βουληθείη
3417 2701 3646 2754 ἐπελευο

2066 2792 2393 2872 στικώτερον
2422 2801 2517 2854 καὶ
2545 2797 2958 2869 ἀπεριλαλήέτως
2981 2796 3122 2851 κατά
3147 2796 3348 2855 παντὸς
3374 2793 3487 2865 βίον
3513 2793 3645 2856 ἐξᾶ-

2068 2913 2163 2967 ραι
2208 2893 2300 2947 τὸν
2333 2890 2715 2956 σ-στυλιτικόν,
2756 2909 2776 2942 ι
2812 2890 2989 2943 ἐκεῖνο
3040 2888 3181 2958 φαίη,
3231 2887 3313 2950 ἂν,
3340 2886 3422 2949 ’ὡς
3480 2884 3653 2938 παντὶ

2068 2986 2166 3055 μὲν
2187 2983 2267 3053 τῷ
2287 2983 2410 3036 κατ’
2438 2981 2644 3052 ἀρετὴν
2676 2979 2882 3051 βιοῦντι
2908 2974 3145 3050 δύσεργα
3166 2978 3235 3030 τὰ
3269 2974 3384 3030 τῶν
3407 2976 3640 3045 σφοδροο

2068 3077 2244 3146 τέρων
2273 3070 2602 3141 ἐπιθυμιῶν,
2622 3071 2733 3134 τοϊς
2749 3069 2807 3122 δὲ
2822 3067 3084 3130 τοιούτοις
3113 3064 3206 3119 καί
3237 3065 3495 3136 μάλιστα.
3518 3064 3643 3133 Τῆς

2077 3171 2180 3240 γῆς
2202 3185 2262 3222 τε
2290 3167 2399 3238 γὰρ
2448 3164 2836 3237 ἀνῳκισμένοι,
2874 3163 2976 3217 οὐκ
3004 3161 3187 3231 έχουσι
3244 3159 3497 3224 πελάζειν
3532 3161 3649 3223 τοῖς

2079 3261 2383 3328 θέλγουσιν,
2406 3258 2495 3312 ὅτε
2519 3257 2615 3311 καὶ
2638 3255 2872 3309 θέλουσι.
2909 3252 3080 3306 Τοῦτο
3106 3252 3163 3306 δὲ
3197 3248 3339 3305 πολύ
3377 3268 3430 3303 τι
3477 3249 3648 3319 μέρος

2078 3336 2359 3423 περιαίρεῖ
2385 3349 2485 3418 τῆς
2519 3348 2874 3419 φαυλότητος,
2909 3344 3004 3399 καὶ
3028 3345 3149 3398 οὐδὲ
3173 3346 3291 3405 ταῖς
3317 3343 3424 3396 τῶν
3454 3340 3650 3393 παθῶν

2079 3447 2296 3516 θύραις,
2356 3445 2477 3504 ταῖς
2522 3439 2861 3510 αἰσθήσεσιν,
2918 3436 3070 3490 ἄδεια
3114 3435 3470 3504 περιγίνεται,
3526 3433 3651 3496 ταῖς

2080 3536 2446 3608 θρασυτέραις
2474 3530 2796 3600 ἐπιθυμίαις
2825 3529 2954 3600 ῥᾷον
2985 3525 3476 3581 ἀναπετάννυσθαι.
3506 3524 3655 3576 Οὔτε

2077 3630 2186 3699 γὰρ
2216 3629 2249 3698 ἡ
2286 3624 2620 3682 κατακλῶσα
2651 3624 2777 3685 τοὺς
2808 3621 2876 3675 τὰ
2906 3623 3054 3675 κάτω
3104 3617 3425 3690 τρυφῶντας
3471 3616 3660 3686 ἐμμέ-

2075 3722 2194 3775 λεια
2213 3719 2549 3773 καθικνεῖται
2583 3714 2674 3769 τοῦ
2699 3713 2872 3776 οὕτως
2902 3713 3132 3781 ὑψηλοῦ,
3168 3712 3249 3764 ὅτι
3288 3710 3423 3780 μηδὲ
3457 3709 3652 3779 ῥᾴδιον

2077 3813 2154 3874 είς
2190 3808 2351 3863 αὐτὸν
2375 3806 2720 3875 ἀφικνεῖται·
2749 3803 2872 3856 οὔτε
2893 3822 2945 3857 τι
2991 3802 3195 3871 φαῦλον
3246 3801 3432 3871 ἕτερον
3480 3799 3653 3853 ἄκου-

2079 3919 2192 3971 σμα
2229 3897 2589 3962 νεανιεύεται,
2639 3896 2854 3958 ἀπόνως
2902 3895 3234 3964 ἀναδραμεῖν
3294 3891 3416 3946 κατ’
3455 3889 3650 3949 αὑτοῦ.

2059 3993 2187 4048 Καὶ
2215 3991 2332 4044 οὐδὲ
2356 3989 2425 4042 τὰ
2453 3989 2553 4057 τῆς
2571 3988 2891 4057 ὀσφρήσεως
2914 3984 3179 4054 ἐπαγωγὰ
3234 3984 3521 4055 περιάγειν
3551 3982 3651 4036 αὖ·

2075 4084 2164 4137 τὸν
2185 4080 2441 4151 εὐμαρῶς
2466 4078 2723 4149 ἐξισχύει,
2752 4076 3097 4147 ἐμπίπτοντα
3121 4075 3262 4129 κατὰ
3291 4075 3352 4127 τὸ
3405 4074 3651 4143 αὐτόμα-

2074 4191 2186 4237 τον,
2216 4174 2309 4227 καὶ
2337 4173 2445 4227 ἀπὸ
2476 4171 2665 4243 ῥινῶν,
2701 4171 2728 4223 ὃ
2753 4186 2939 4237 φασιν,
2973 4169 3205 4222 ἕλκοντα
3226 4184 3240 4198 '
3280 4168 3401 4220 οὐδὲ
3427 4168 3538 4236 μὴν
3578 4170 3651 4221 τὰ

2074 4267 2237 4321 λοιπὰ
2269 4264 2503 4334 αἰσθητά
2544 4264 2847 4326 ἐπιϐούλως
2870 4262 3018 4315 οὕτω
3043 4261 3515 4331 κατευμεγεθοῦσι
3546 4261 3649 4315 τοῦ

2075 4360 2444 4420 ἀνοικίσαντος
2469 4356 2680 4420 ἑαυτὸν,
2706 4358 2798 4410 καὶ
2822 4357 2915 4423 τῆς
2938 4355 3091 4409 κάτω
3108 4355 3422 4426 συγχύσεως
3452 4354 3652 4433 ἀφορίὲ

403 4439 660 4504 removit,
685 4452 786 4493 nec
820 4436 1057 4507 amplius
1088 4435 1154 4490 de
1187 4446 1327 4490 terra
1360 4438 1604 4505 est(nant
1635 4452 1794 4506 supra
1822 4448 1924 4494 stat
1953 4440 1967 4510 )

2083 4467 2298 4512 σαντος,
2330 4448 2426 4504 καὶ
2454 4447 2560 4500 τῶν
2582 4446 2936 4501 ἀπολαυστῶν
2962 4448 3395 4516 ἀποστήσαντος,
3436 4448 3530 4501 καὶ
3556 4447 3654 4500 οὐ-

399 4547 504 4588 nec
526 4531 593 4586 de
611 4543 738 4585 aere
753 4533 902 4599 (nam
925 4529 1125 4583 densus
1141 4526 1267 4597 est),
1292 4542 1476 4596 parum
1502 4543 1627 4582 vero
1660 4538 1862 4583 natura:
1889 4543 1972 4586 est

400 4623 675 4694 particeps
702 4632 756 4677 et
788 4621 839 4675 in
869 4629 1131 4692 quantum
1161 4619 1265 4672 vita
1295 4619 1591 4679 secundum
1621 4635 1837 4675 carnem
1881 4622 1972 4676 ﬂat

401 4727 586 4772 sancta
616 4717 804 4787 piatio.
837 4715 942 4770 Sed
970 4731 1134 4772 verus
1173 4716 1388 4784 quidem
1435 4715 1618 4784 stylita
1666 4717 1973 4770 venerabile

401 4813 530 4877 quid
580 4813 766 4880 utique
814 4809 983 4865 oculis
1036 4809 1231 4863 nostris
1275 4807 1498 4877 praebet.
1544 4802 1837 4865 Sit‘etiam
1878 4809 1970 4864 alii

402 4905 528 4955 vitae
558 4914 588 4954 a
623 4902 933 4968 vulgaribus
968 4901 1210 4956 moribus
1242 4900 1504 4969 elongataa
1540 4901 1968 4959 communicatis.

403 4995 519 5049 sive
550 4993 639 5046 uni
672 4993 910 5056 cuidam,
941 4991 1011 5045 ita
1035 4999 1093 5045 ιιι
1117 4991 1405 5061 dupliciter
1434 4994 1713 5062 pulchrum
1744 4992 1834 5056 sit,
1861 4993 1973 5046 sive

405 5086 647 5154 pluribus
680 5085 802 5138 vitae
835 5082 1154 5147 rationibus,
1188 5083 1468 5150 pulchrum
1497 5085 1576 5138 sic
1605 5086 1712 5139 erit
1739 5099 1768 5137 e
1793 5084 1973 5137 multis

406 5174 800 5242 compositum,
836 5182 962 5226 tunc
1031 5172 1289 5226 virtutum
1358 5176 1526 5229 series
1588 5186 1642 5229 et
1708 5177 1972 5229 bonorum

406 5264 1080 5336 operum,etrepositarutn
1097 5277 1276 5318 rerum
1294 5267 1704 5329 coacervatio,et
1719 5275 1845 5336 tanq
1855 5282 1973 5320 nam

408 5360 463 5414 itt
487 5357 730 5411 iuacesso
760 5355 1036 5427 thesauro,
1057 5356 1108 5408 in
1133 5355 1378 5409 columna
1408 5357 1623 5426 inquam
1649 5359 1832 5412 statio.

478 5446 571 5503 58.
596 5446 734 5501 Ecce
765 5460 892 5512 ergo
923 5448 1057 5514 ipse,
1079 5461 1111 5500 ο
1142 5446 1605 5515 sublimishomo,
1635 5450 1798 5504 babes
1825 5466 1977 5505 novze

407 5542 531 5595 vitae
557 5540 812 5608 speciem,
836 5546 889 5591 et
920 5536 1119 5593 ferrum
1138 5538 1279 5592 circa
1301 5548 1350 5591 te
1374 5539 1621 5595 idoneum
1650 5542 1974 5606 venerabile,

411 5633 683 5702 propriam
713 5645 924 5700 semper
939 5633 1120 5687 oneris
1150 5641 1394 5686 naturam
1426 5631 1552 5687 fert.
1586 5633 1805 5689 Penitus
1831 5637 1973 5690 enim

410 5737 641 5782 ascetam
666 5736 854 5797 gravat
885 5735 937 5783 et
968 5744 996 5780 ιι
1030 5727 1289 5797 patientia
1327 5726 1387 5781 in
1440 5725 1714 5784 laboribus
1740 5728 1977 5785 ferendis

2074 4540 2193 4593 κέτι
2225 4537 2348 4592 οὔτε
2374 4538 2477 4605 τῆς
2508 4537 2611 4605 γῆς
2645 4536 2798 4598 ὄντος
2832 4536 3174 4606 (ὑπέρκειται
3201 4535 3353 4606 γὰρ),
3384 4534 3506 4587 οὔτε
3552 4535 3654 4588 τοῦ

2073 4632 2230 4697 ἀέρος
2248 4626 2639 4699 (ἔστεγάνωται
2669 4625 2818 4695 γὰρ),
2836 4626 3030 4697 μικρὸν
3047 4624 3104 4677 δέ
3128 4642 3179 4675 τι
3212 4626 3533 4695 μετέχοντος
3550 4627 3654 4693 τῆς

2074 4722 2307 4790 φύσεως,
2325 4721 2418 4772 καῖ
2436 4718 2514 4780 είς
2530 4719 2652 4771 ὅσον
2669 4718 2730 4770 τὸ
2746 4718 2886 4769 κατά
2905 4718 3077 4786 σάρκα
3100 4718 3198 4786 ζῇν
3218 4717 3661 4785 ἀφοσιώσασθαι.

2088 4815 2227 4868 Ἀλλ’
2242 4811 2385 4867 οὕτω
2405 4810 2503 4881 μὲν
2517 4810 2545 4862 ὁ
2566 4808 2795 4879 ἀληθὴς(
2811 4807 3082 4872 στυλίτης,
3097 4826 3115 4858 ι
3135 4809 3330 4876 σεμνόν
3345 4825 3398 4862 τι
3420 4811 3657 4879 πρᾶγμα

2075 4904 2391 4975 καταμόνας
2416 4901 2807 4970 θεωρούμενος.
2835 4901 2893 4952 El
2923 4898 2979 4951 δὲ
3009 4899 3101 4952 καὶ
3135 4899 3321 4968 ἑτέρου
3350 4901 3656 4973 ἐπιπλοκὴν

2078 4998 2229 5068 σχοίη
2283 4995 2397 5065 βίου
2443 4995 2761 5060 ξενίζοντος,
2787 4991 2896 5044 εἴτε
2929 4995 3018 5045 καὶ
3050 4990 3168 5053 ἑνός
3198 5008 3365 5060 τινος,
3406 4993 3481 5055 ὡς
3511 4990 3658 5049 εἶναι

2075 5087 2297 5143 διπλοῦν
2327 5088 2387 5139 τὸ
2418 5084 2607 5148 καλὸν,
2627 5085 2735 5137 εἴτε
2759 5083 2853 5135 καὶ
2877 5082 3156 5139 πλειόνων.
3174 5082 3337 5134 καλὸν
3366 5082 3465 5154 ἤδη
3496 5084 3659 5137 τοῦτο

2067 5162 2490 5237 ’πολυσύνθετοη
2524 5175 2617 5226 καὶ
2649 5173 2855 5239 ἀρετῶν
2874 5171 3113 5241 ὁρμαθὸς
3137 5172 3232 5222 aut
3257 5172 3480 5238 ἀγαθῶν
3513 5174 3660 5242 πρα-

2078 5270 2234 5336 ξεων,
2266 5268 2359 5321 καὶ
2387 5263 2473 5320 οἵα
2517 5266 2612 5320 καὶ
2646 5263 2910 5337 οημονίας
2947 5264 3089 5324 τινος
3138 5262 3525 5334 ὲπισώρευσις,
3557 5267 3660 5317 καὶ

2077 5364 2152 5424 ὡς
2182 5363 2238 5414 ἐν
2271 5359 2526 5429 ἀποθήκη
2557 5357 2765 5427 ἀσύλῳ,
2797 5354 2877 5426 τῷ
2917 5371 2935 5405 ι
2985 5354 3181 5423 στύλῳ,
3231 5372 3251 5406 ι
3285 5353 3566 5418 ἀπόθεσις.

2146 5452 2247 5523 νη’.
2314 5452 2448 5505 Ἰδοὺ
2509 5449 2686 5502 τοίνυν
2763 5450 2856 5501 καὶ
2915 5440 3176 5510 αὐτὸς,ὧ
3225 5447 3486 5515 μετάρσιε
3560 5447 3661 5500 ἀν-

2081 5544 2290 5615 θρωπε,
2321 5540 2480 5594 τοῦτὸ
2514 5557 2572 5592 τε
2608 5534 2756 5608 ἔχεις
2786 5539 2847 5591 τὸ
2874 5538 2973 5605 τῆς
3006 5538 3331 5605 καινοτέρας
3366 5536 3513 5606 ζωῆς
3583 5534 3664 5590 ει..

2077 5636 2285 5702 δος,καὶ
2313 5633 2527 5702 σίδηρος
2552 5630 2680 5701 περί
2712 5645 2770 5682 σε
2803 5628 3004 5691 ἱκανὸς,
3036 5627 3092 5690 ὃς
3118 5627 3232 5696 ἔχει
3265 5626 3369 5696 μὲν
3402 5627 3539 5679 πολὺ
3594 5627 3660 5681 τὸ

2080 5728 2300 5799 σεμνὸν,
2322 5743 2394 5779 πα
2405 5708 2806 5795 ρυφιστάμενον
2825 5722 2891 5775 δέ
2910 5740 2962 5777 τι
2984 5722 3094 5774 ’καὶ
3116 5721 3315 5791 φόρτον
3350 5721 3529 5791 φέρει.
3551 5722 3660 5777 Βα-
