3916 6244
208 285 291 350 ΞΗ
377 283 382 287 ’
1272 286 1370 345 ΑΒ
1408 284 1797 347 STYLITAM’
1825 287 2230 359 QUEMDAM.
3258 283 3382 379 250'

207 406 309 472 ρὺνει
332 400 411 472 γὰρ
447 399 662 463 πάντως
690 399 781 453 τὸν
817 397 1087 469 ἀσκητὴν,
1112 396 1205 450 καὶ
1231 397 1330 466 τῆς
1389 399 1467 457 είς
1491 398 1565 451 τὸ
1589 415 1684 468 μο-
1707 408 1753 465 Α

1818 398 2021 454 hducit.
2047 398 2197 454 Genu
2224 412 2351 467 ergo
2378 412 2519 468 saepe
2558 396 2772 453 ﬂectere
2805 394 2962 450 facile
2987 394 3061 449 illi
3090 409 3195 450 non
3222 406 3364 450 esset

202 498 306 569 χῢείν
327 492 577 556 συνοονῖας
607 494 831 561 ἀπάγει.
873 493 1007 545 Γόνυ
1074 493 1204 559 γοῦν
1262 492 1463 545 κλίνειν
1509 492 1679 561 συχνὰ

1823 491 1998 545 iermi.
2029 490 2142 545 Hoc
2181 508 2307 561 ergo
2345 502 2556 561 oportet
2608 500 2659 544 te
2712 489 3028 558 adimplere,
3060 489 3363 558 superbiam

202 590 265 639 οὐκ
286 586 331 639 ἂν
351 584 622 654 ἐγγένηται
653 583 730 653 τῷ
758 583 986 653 τοιούτῳ
1011 583 1207 654 ῥᾳδίως
1247 585 1390 637 κατὰ
1422 584 1512 636 τὸν
1558 583 1682 637 ἀεί-

1820 596 2057 651 rangere,
2090 589 2145 635 et
2194 585 2376 636 carnis
2418 583 2755 650 prudentiam
2790 582 2940 635 humi
2993 579 3281 648 projicere,
3312 588 3366 634 et

200 675 319 742 δηρον.
339 673 489 725 Τοῦτο
521 671 701 725 τοίνυν
726 672 843 725 δέον
880 689 938 724 σε
967 672 1144 735 ἄλλως
1172 670 1544 742 ἀναπληροῦν,
1578 690 1678 726 κα·

1823 687 2015 726 emtum
2048 673 2465 740 prostrationem
2500 673 2693 727 animae
2721 672 2951 726 ﬂexione
2970 682 3024 726 et
3047 673 3369 727 contritione

198 765 395 819 τακλῶντα
425 763 487 816 τὺ
508 763 607 815 ύπε
617 763 878 833 ρήφανον.
904 763 995 814 καὶ
1016 761 1447 831 κάτωλβάλλονια
1477 762 1537 815 τὺ
1554 780 1588 830 φ
1597 762 1685 833 ρόο

1826 764 2026 818 ancire.
2060 763 2115 818 Si
2151 766 2292 817 enim
2330 765 2675 819 exaltatiouis
2704 773 2758 818 et
2796 765 3137 819 ascensionis
3166 765 3372 818 colum-

198 876 294 929 νημα
314 857 385 925 τῆς
421 855 645 924 σαρκὸς,
678 856 771 908 καὶ
835 855 936 924 τὴν
986 853 1096 906 τῶν
1165 855 1407 921 γονάτων
1454 854 1681 907 ὅκλασιν

1819 870 1855 908 ιο
1891 864 1994 911 ista
2032 857 2338 927 symbolum
2377 866 2484 922 est,
2514 865 2658 910 certe
2692 857 3016 911 conditionis
3061 856 3127 912 ad
3174 856 3365 924 Deum,

196 948 462 1011 ἂναςὼζοντα
486 949 553 1016 τῇ
589 946 935 1015 κατακάμψει
963 947 1054 999 καὶ
1084 946 1344 1016 συντριϐῇ
1398 945 1498 1014 τῆς
1562 945 1680 1012 ψυ-

1797 963 1903 1002 non
1943 950 2007 1002 ad
2040 950 2207 1014 aliud,
2240 963 2618 1020 quamcunque
2649 950 2847 1004 dixerit
2876 950 3022 1005 illam
3056 949 3274 1019 aliquis.

196 1046 275 1114 γῆς.
303 1043 478 1111 Είγάρ
507 1042 602 1093 xai.
621 1041 968 1103 ἀνατάσεως-
996 1042 1092 1095 καὶ
1129 1039 1391 1108 ύψὼσεως
1447 1041 1541 1092 καὶ
1613 1027 1925 1108 ἀναϐάσεως
1994 1046 2021 1096 ό
2058 1063 2077 1096 ι
2125 1045 2319 1107 στύλος
2349 1062 2368 1096 ι
2403 1035 2557 1107 οὗτος
2619 1045 2910 1116 σύμϐολον,
2952 1045 3088 1099 ἀλλά
3139 1045 3239 1112 τῆς
3290 1038 3372 1096 είς

194 1136 281 1188 θεὸν
299 1133 518 1194 πάντως,
542 1132 608 1184 οὗ
636 1132 978 1199 τῆς.λοιπῆς,
1006 1132 1198 1184 ὁποίαν
1225 1130 1290 1184 ἂν
1342 1132 1558 1201 ἐκείνην
1613 1133 1757 1186 εἴποι
1790 1152 1896 1200 τις.

236 1227 300 1279 νϐ’.
327 1224 600 1295 Ἀλλ”ἆμα
650 1242 670 1276 ι
718 1224 988 1293 σύμϐολον
1028 1244 1047 1277 r
1086 1218 1260 1288 εἷπον,
1294 1218 1338 1277 ὦ
1402 1226 1687 1293 παρόντες,

1867 1228 1956 1286 59.
1982 1231 2086 1287 Sed
2124 1233 2284 1287 simul
2320 1234 2620 1307 symbolum
2657 1232 2792 1294 dixi,
2818 1232 3109 1289 auditores.
3146 1241 3199 1285 et
3239 1230 3375 1284 ratio

192 1316 253 1369 καί
272 1333 330 1378 τις
354 1315 515 1383 λόγος
565 1314 896 1385 θεωρητικός
940 1315 1310 1386 ἀναπέφηνεν,
1337 1315 1412 1377 ὡς
1466 1309 1577 1368 οἷόν
1635 1333 1689 1369 τι

1835 1323 2037 1379 umdam
2065 1326 2231 1395 logica
2263 1327 2316 1380 in
2347 1337 2581 1380 mentem
2616 1326 2785 1389 venit,
2818 1335 3069 1394 tanquam
3095 1325 3374 1380 couclusio

194 1411 364 1476 πόρισμα
414 1407 479 1460 οὐ
533 1398 674 1461 πάνυ
725 1407 923 1459 πίπτον
990 1408 1207 1477 μακρὰν
1260 1406 1688 1478 γλαφυρότητος.

1833 1431 1861 1470 e
1886 1431 2022 1470 novo
2045 1417 2297 1481 deducta,
2321 1434 2423 1473 non
2451 1419 2567 1474 sine
2588 1419 2877 1488 elegantia.
2899 1418 3215 1487 Tripliciter
3232 1417 3374 1470 enim

192 1500 305 1569 Τριχῆ
327 1499 431 1568 γὰρ
532 1499 641 1551 τῶν
693 1499 978 1567 συμϐόλων
1037 1499 1238 1568 Θεωρία
1286 1500 1689 1570 διανενέμηται.

1835 1509 2163 1579 ytubolorum
2182 1513 2402 1565 scientia
2423 1513 2698 1566 dividitur.
2719 1513 2809 1566 Sic
2829 1512 2916 1566 alii
2940 1512 3155 1580 quidem
3176 1512 3228 1565 in
3250 1510 3381 1580 ipsis

189 1592 260 1646 Xa‘:
291 1594 324 1645 οί
359 1593 459 1661 μὲν
508 1592 693 1653 αὐτοῖς
727 1590 954 1655 ἐκείνοις
986 1593 1305 1662 ἐμμένουσι,
1335 1592 1498 1662 μηδέν
1518 1609 1571 1644 τι
1598 1609 1694 1643 πε-

1832 1610 2103 1665 emanent,
2140 1604 2280 1658 ultra
2323 1620 2430 1658 non
2469 1604 2900 1674 progredientes,
2937 1620 3037 1658 nec
3072 1619 3104 1658 e
3135 1602 3378 1657 sensibili

191 1687 354 1754 ριιτέρω
381 1682 793 1754 προϐαίνοντες,
817 1685 941 1755 μηδ’
982 1688 1047 1739 ὲκ
1087 1685 1187 1754 τῆς
1239 1682 1508 1755 αἰσθητῆς
1550 1683 1696 1735 είκό-

1834 1697 2037 1766 magiae
2079 1696 2130 1749 in
2183 1697 2478 1764 cogitatum
2513 1697 2862 1766 archetypum:
2902 1696 3212 1758 redeuntes,
3241 1696 3380 1749 sicut

189 1777 316 1838 νοςείς
345 1776 405 1828 τὸ
426 1775 615 1844 νοητὸν
634 1775 940 1845 ἀρχέτυπον
979 1776 1387 1845 ἀνατρέχοντες,
1415 1778 1597 1828 ὁποῖον
1632 1774 1692 1827 τδ
1726 1792 1735 1846 1

1831 1791 2097 1841 udzeorum
2121 1789 2290 1850 natio,
2312 1790 2404 1857 qui
2429 1789 2479 1842 in
2500 1790 2684 1843 umbra
2711 1789 2922 1853 sedent,
2944 1787 3186 1842 veritatis
3211 1791 3377 1841 solem

197 1866 421 1919 Ἰουδαῖκὶν
456 1862 705 1934 φύλον,οτ
725 1868 791 1936 τῇ
822 1868 947 1937 σκιᾷ
974 1867 1404 1937 προσκάθηνται,
1437 1867 1536 1920 οὐκ
1565 1871 1698 1922 ἀνα-

1834 1876 2072 1945 aspicere
2100 1878 2366 1933 nolentes.
2397 1879 2437 1931 A
2471 1878 2654 1948 lepore
2674 1877 2903 1939 edendo,
2927 1875 3156 1944 exr‘mpli
3183 1875 3380 1941 gratia,

189 1959 342 2013 ϐλέπειν
380 1961 462 2022 εἰς
488 1959 578 2011 τὸν
607 1962 705 2028 τῆς
734 1960 992 2028 ἀληθείας
1036 1959 1186 2030 ἥλιον
1227 1958 1490 2022 θέλοντες.
1534 1957 1703 2012 Δασύ-

1840 1969 2077 2023 bstiuere
2090 1969 2274 2037 jussm
2301 1966 2519 2026 Iudaeus
2543 1985 2651 2023 non
2682 1968 2911 2038 symboli
2942 1968 3120 2021 velum
3148 1966 3383 2020 detrahit

188 2054 414 2126 ποδοςγὰρ
446 2058 581 2126 φέρε
620 2055 798 2110 εἰπεῖν
850 2051 1153 2121 ἀπέχεσθαι
1205 2050 1522 2114 κελευσθεὶς
1566 2052 1702 2104 Ἰου-

1838 2068 1856 2112 ι
1885 2061 2215 2115 relucentem
2245 2061 2590 2131 margaritam
2617 2061 2671 2115 in
2699 2059 2943 2130 symbolo
2961 2057 3380 2125 contemplatur,

188 2144 297 2209 δαῖος,
319 2147 418 2199 ούκ
446 2146 511 2199 ἂν
541 2145 819 2216 ἀναπτύξῃ
841 2144 903 2197 τὸ
927 2140 1019 2196 τοῦ
1049 2160 1112 2195 συ
1122 2140 1322 2212 μϐόλου
1346 2141 1588 2211 ἔλυτρον,
1608 2141 1702 2194 καὶ

1839 2152 1897 2205 ed
1925 2151 2081 2221 longe
2118 2166 2444 2221 persequens
2472 2152 2783 2206 cuniculum
2810 2166 2914 2206 non
2937 2150 3169 2218 amplius
3195 2149 3385 2203 littera

188 2235 247 2287 τὸν
264 2239 306 2291 ἐν
331 2238 481 2307 αύτῷ
510 2238 762 2308 θεωρήσῃ
794 2233 1191 2304 φωσφοροῦντα
1214 2233 1537 2303 μάργαροντ
1563 2232 1702 2287 ἀλλά

1834 2258 2022 2297 ensum
2061 2242 2298 2312 indagat,
2328 2257 2426 2297 nec
2463 2257 2573 2312 quo
2605 2242 2961 2313 symbolieum
2998 2242 3380 2297 documentum

188 2327 322 2394 διώξας
357 2329 603 2400 μακρὰν,
640 2331 737 2382 καὶ
761 2326 983 2396 φεύγειν
1028 2324 1189 2394 ἀφεὶς
1211 2324 1308 2392 ἀφ’
1356 2321 1555 2377 ἑαυτοῦ
1614 2324 1704 2377 τὸν

1843 2335 2058 2403 rcipial,
2090 2335 2215 2388 inde
2248 2333 2613 2400 recognoscit,
2647 2343 2702 2386 et
2731 2330 3122 2387 indiﬂerentem
3162 2329 3385 2385 lubrici-

186 2418 415 2485 εασᾶπουν,
437 2423 536 2477 ούκ
564 2421 630 2475 ἂν
650 2422 730 2484 είς
760 2417 924 2472 πλέον
938 2416 1034 2471 τοῦ
1060 2415 1388 2486 γράμματος
1408 2415 1702 2488 ἀνιχνεύσῃ

1840 2434 1971 2482 item
2029 2426 2213 2498 fugere
2249 2442 2369 2498 qua:
2423 2427 2475 2480 in
2526 2425 2745 2480 animali
2804 2426 2909 2480 isto
2959 2424 3293 2486 dominatur,
3331 2431 3386 2475 et

187 2514 317 2578 αὐτὸν,
348 2512 549 2568 οὐδ”ἃν
570 2513 844 2582 ἔπιγνοίη,
892 2506 1237 2581 συμϐολικῶς
1300 2507 1510 2560 ἐκεῖθεν
1561 2507 1705 2560 διδά-

1848 2519 1917 2573 ssi
1943 2517 2092 2586 pedis
2124 2517 2530 2572 distinctionem
2553 2532 2671 2586 qua!
2688 2532 2717 2570 a
2745 2515 3087 2584 simplicitate
3109 2515 3269 2584 longe
3294 2514 3389 2567 ab.

188 2620 233 2655 σιι
255 2606 383 2670 σθαι,
413 2607 513 2676 τήν
541 2622 599 2659 τε
654 2604 946 2674 ἀδιάφορον
980 2599 1239 2669 λαγνείαν
1276 2597 1517 2667 φεύγειν,
1536 2599 1570 2669 ἦ
1622 2614 1707 2662 τις

1842 2619 1890 2663 st
1925 2619 1979 2664 et
2005 2624 2109 2677 qua
2134 2623 2239 2663 non
2260 2622 2397 2675 opus
2425 2607 2582 2663 habet
2603 2606 2884 2675 prudentia
2908 2614 3094 2660 sancta
3120 2613 3175 2658 et
3204 2605 3386 2657 timor.

185 2698 237 2764 τῷ
253 2698 460 2768 τοιούτῳ
488 2697 615 2768 ζώῳ
648 2695 835 2768 βαθεῖα
878 2694 1145 2761 ἔγκειται,
1194 2696 1292 2748 καὶ
1319 2695 1381 2747 τὸ
1436 2693 1702 2759 πολυσχι-

1839 2701 1902 2755 iic
1929 2699 2145 2770 quidem
2193 2708 2549 2767 supernatant
2581 2698 2633 2751 in
2675 2697 3045 2768 symbolarum
3076 2694 3385 2763 superﬁcie,

188 2790 259 2854 δὲς,
291 2792 319 2845 ὅ
344 2791 557 2862 μακράν
579 2792 697 2844 ἐστι
723 2789 823 2858 τῆς
856 2787 1178 2856 ἁπλότητος,
1198 2787 1292 2841 καὶ
1316 2786 1377 2839 τὸ
1416 2784 1503 2852 ἐφ’
1529 2778 1612 2845 οἷς
1639 2781 1699 2834 ού

1839 2808 1912 2847 nec
1952 2790 2187 2858 amplius
2217 2790 2343 2859 quid
2388 2798 2442 2845 et
2492 2790 2728 2859 penitius
2770 2796 3113 2857 perspectum
3171 2794 3385 2855 parant.

185 2885 314 2950 χρεὼν
342 2881 564 2945 εὐλαϐὲς
582 2880 678 2935 καὶ
709 2880 902 2934 δειλόν.
928 2880 1035 2934 Καὶ
1057 2879 1199 2932 οὕτω
1228 2876 1330 2949 μέν
1356 2877 1494 2930 εἰσιν
1521 2875 1571 2927 οἱ
1590 2876 1711 2926 επι-

1843 2886 2007 2937 'arum
2033 2882 2196 2952 aliqui
2217 2881 2297 2936 vel
2324 2881 2547 2936 minime
2568 2881 2796 2952 symboll
2818 2881 3015 2937 littera
3037 2878 3277 2942 student,
3292 2876 3389 2932 sed

185 2975 420 3043 νηχόμενοι
446 2971 523 3042 τῷ
551 2974 610 3023 ὲν
642 2969 930 3039 συμϐόλοις
964 2968 1349 3032 ὲπιπολάζοντι
1375 2981 1393 2998 ⁶
1454 2965 1608 3019 οὐδέν
1658 2981 1712 3017 τι

1846 2990 1913 3030 os
1928 2975 2168 3031 sinentes
2189 2973 2282 3044 qni
2299 2989 2516 3028 sensum
2538 2973 2913 3029 absconditum
2930 2971 3244 3027 clamatoria
3267 2971 3391 3025 tuba

186 3064 310 3116 πλέον
347 3062 802 3134 περιεργάζονται
852 3061 949 3113 καὶ
989 3058 1309 3129 βαθύτερον.
1351 3058 1412 3111 Ol
1442 3057 1500 3109 δέ
1555 3072 1710 3118 τινες

1846 3067 2075 3129 uulcent,
2117 3066 2218 3134 ipsi
2277 3065 2331 3119 in
2386 3065 2670 3134 aeuigmate
2725 3065 3052 3135 propositam
3114 3063 3392 3137 veritatem

187 3132 429 3225 συμϐόλων
455 3132 555 3226 μὲν
584 3154 784 3225 μικρὸν
814 3152 1023 3223 ἢούδέν
1052 3171 1103 3206 τι
1136 3150 1496 3221 προσδέονται
1526 3153 1636 3205 τῶν
1651 3154 1709 3205 ὲν

1851 3170 2020 3213 intum
2051 3160 2311 3222 retinent,
2330 3132 2652 3229 sapientiam
2673 3132 3004 3227 (Christiana
3032 3132 3397 3229 tribuslexer-

187 3251 484 3318 γράμμασιν,
516 3244 647 3298 ἀλλ’
680 3244 933 3313 ἀφιέντες
950 3242 1040 3296 τὸν
1078 3244 1209 3315 περὶ
1264 3243 1404 3297 αὐτὰ
1444 3263 1713 3317 προφορια

1851 3262 2120 3319 entes;.et
2154 3250 2221 3304 ad
2249 3250 2387 3304 bona
2426 3259 2648 3305 strenue
2681 3250 2989 3314 exercitati,
3019 3264 3118 3304 nec
3150 3250 3202 3302 in
3242 3248 3397 3304 dolos

187 3339 252 3389 xiv
281 3336 496 3392 κώδωνα
518 3338 649 3399 τοὺς
672 3335 1033 3406 βουλομένους
1061 3337 1372 3405 περιηχεῖν,
1405 3336 1563 3391 αὐτοὶ
1610 3337 1712 3406 τῆς

1852 3358 1879 3399 c
1908 3343 2128 3398 fraudes
2160 3343 2282 3397 vitae
2319 3343 2658 3397 itinerarium
2706 3341 3034 3405 seindentes,
3092 3340 3398 3409 prohibitos

187 3427 661 3499 αἶνιγματιζομένης
685 3424 945 3495 ἀληθείας
980 3424 1148 3495 μόνης
1185 3425 1453 3493 γίνονται,
1501 3444 1715 3497 σωφρο-

1855 3452 1867 3487 ι
1906 3432 2031 3506 lege
2070 3434 2281 3501 lepores
2308 3434 2373 3486 ad
2409 3448 2467 3487 se
2495 3435 2676 3487 venire
2701 3433 2903 3497 sinunt,
2955 3442 3009 3487 et
3057 3434 3136 3487 sic
3186 3433 3401 3503 symbo-

188 3518 320 3590 σύνην
344 3518 469 3585 γοῦν
493 3517 575 3588 (τὸ
601 3516 987 3587 Χριστιανικδν
1012 3513 1197 3587 φῦλον)
1229 3516 1595 3589 ἀσκούμενοι·
1616 3521 1713 3573 καὶ

1860 3541 1928 3581 me
1960 3524 2150 3580 littera:
2182 3523 2468 3579 medullam
2497 3524 2808 3592 seligentes,
2840 3539 2943 3577 non
2980 3523 3174 3578 littera:
3212 3524 3406 3577 immo-

188 3612 243 3672 ti;
267 3609 459 3677 ἀγαθὸν
488 3609 544 3662 δὲ
571 3606 966 3677 ἀνδριζόμενοι,
1031 3608 1127 3661 καὶ
1178 3607 1240 3658 οὗ
1286 3608 1713 3677 κατασχίζοντες

1856 3627 2001 3672 antes
2040 3616 2119 3670 rei
2167 3616 2375 3671 viscera
2414 3623 2469 3669 et
2498 3614 2923 3684 perpetuitatem
2962 3613 3248 3683 arripiunt.
3309 3610 3402 3666 Sic

187 3702 243 3765 εἰς
274 3700 589 3769 πανουργίας
612 3700 672 3751 τὸ
701 3698 842 3752 κατὰ
908 3696 1024 3767 βίον
1091 3697 1439 3767 πορευτικδν,
1482 3699 1610 3762 τοὺς
1658 3702 1716 3753 ὲν

1858 3705 2039 3761 uidem
2084 3705 2159 3759 illi
2190 3707 2254 3759 de
2299 3704 2524 3775 symboli
2567 3718 2792 3772 corpore
2835 3708 3002 3772 pauc‘a
3047 3713 3403 3767 assumentes,

187 3796 307 3864 νόμῳ
324 3794 695 3862 κωλυομένους
728 3789 1034 3852 δασύποδας
1064 3789 1224 3843 ἐῶσιν
1245 3788 1500 3861 ἔρχεσθαι
1525 3793 1603 3854 είς
1623 3793 1721 3844 αύ-

1855 3802 2058 3851 itteram
2086 3806 2432 3851 attenuautes
2455 3806 2511 3851 et
2535 3806 2859 3860 resecantes,
2885 3796 3156 3849 internum
3183 3810 3401 3850 sensum

187 3887 306 3951 τοὺς,
328 3891 411 3940 καὶ
431 3886 571 3939 οὕτω
599 3886 691 3938 τὸν
718 3883 812 3937 τοῦ
840 3880 1170 3953 συμϐολικοῦ
1211 3882 1540 3952 γράμματος
1586 3884 1721 3935 ἀνοι-

1965 3895 2106 3939 uent.
2164 3885 2267 3938 Alii
2328 3895 2511 3939 autem
2568 3892 2798 3953 utraque
2858 3898 2951 3953 per
3006 3883 3405 3937 observantiam
3507 3884 3511 3889 ’

187 3971 436 4045 λεγόμενοι
466 3975 662 4044 μυελὸν
682 3975 784 4027 οὐκ
808 3974 866 4025 ὲν
896 3973 1039 4042 λόγῳ
1071 3970 1336 4035 τίθενται,
1368 3974 1495 4024 ὅσον
1550 3973 1725 4025 ὀστῶ-

1866 3986 2017 4047 gunt,
2043 3986 2098 4029 et
2144 3974 2445 4046 symbolum
2480 3985 2722 4038 servant,
2754 3984 2808 4029 et
2839 3990 2951 4028 rem
2999 3973 3157 4042 cuius
3191 3975 3408 4046 symbo-

186 4056 365 4127 £3;va
400 4069 695 4139 ἄμϐροτον.
732 4065 839 4117 Καὶ
891 4062 1033 4117 οὕτω
1068 4064 1166 4133 μὲν
1207 4064 1303 4117 καὶ
1354 4057 1498 4118 οὗτοι
1548 4064 1598 4118 οἱ
1630 4062 1725 4117 τοῦ
1848 4068 1956 4121 lum
1975 4076 2081 4121 est.

186 4162 367 4237 πάχους
393 4161 488 4231 μὲν
516 4159 627 4213 τῶν
658 4156 945 4226 συμϐόλων
992 4154 1146 4225 ὀλίγα
1181 4156 1655 4226 ἐπιστρεφόμενοι,
1692 4156 2149 4228 λεπτοτομοῦντες
2182 4159 2240 4215 δὲ
2277 4160 2337 4213 τδ
2370 4161 2548 4213 ἐκεῖσε
2585 4159 2821 4230 τρίμμα
2852 4160 2945 4214 καὶ
2988 4157 3407 4228 ἀνατέμνοντες,

187 4255 270 4306 καὶ
292 4253 383 4324 τῆς
412 4253 519 4306 ἔσω
545 4249 782 4322 θεωρίας
810 4248 1111 4319 γινόμενοι.
1142 4249 1361 4321 Ἐτεροι
1410 4250 1470 4302 δὲ
1506 4248 1676 4320 ἄμφω
1713 4250 1799 4304 διὰ
1831 4251 2081 4324 φυλακῆς
2116 4253 2329 4322 ἄγουσι,
2359 4253 2422 4307 τό
2450 4270 2510 4306 τε
2551 4252 2819 4325 σύμϐολον
2861 4251 3271 4323 συντηροῦντες,
3312 4255 3411 4305 καὶ

186 4338 334 4418 οὗπερ
362 4345 485 4400 αὐτό
510 4349 625 4400 ἐστι
645 4342 932 4413 σύμϐολον.
3388 4388 3391 4391 λ

250 4441 307 4506 ξ’.
336 4443 691 4514 Παραδὲδοται
721 4438 814 4493 οὖν
837 4440 968 4509 ἡμῖν
995 4437 1133 4510 πρὸς
1187 4437 1419 4509 δρόμους
1467 4438 1725 4503 ἑωθινοὺς
1758 4446 1796 4501 D

1900 4439 1988 4494 60.
2025 4437 2186 4493 Nobis
2226 4436 2538 4492 mandatum
2584 4445 2666 4490 est
2718 4434 3133 4504 iuspicieutibus
3169 4433 3235 4484 ad
3281 4433 3415 4485 solis

192 4531 367 4596 ὁρῶσιν
393 4533 543 4605 ἡλίου
599 4529 884 4583 όσιούσθαι
931 4528 1011 4599 τῷ
1073 4529 1409 4600 παμϐασιλεί
1470 4530 1591 4600 Θεῷ
1619 4532 1729 4600 τὴν

1873 4532 2128 4588 rientales
2152 4545 2347 4585 cursus
2376 4529 2505 4599 Regi
2540 4542 2723 4596 regum
2754 4528 2861 4581 Deo
2884 4524 3197 4579 adoratione
3218 4524 3417 4576 sancti-

193 4625 557 4696 προσκύνησιν.
591 4622 766 4676 τοῦτο
819 4621 1144 4692 συμϐολικὸν
1205 4624 1590 4693 περικάρπιον.
1646 4624 1738 4677 [ιι-

1869 4623 2022 4687 ωγὴ
2047 4620 2378 4692 symbolicus
2411 4620 2498 4673 hic
2525 4627 2730 4672 cortex.
2766 4617 2965 4685 Regem
2990 4628 3117 4679 vero
3143 4614 3415 4667 credimus

195 4711 431 4783 στεύομεν
460 4715 515 4768 δὲ
542 4712 603 4767 τὺ
634 4711 800 4765 αὐτὸν
846 4711 1073 4782 βασιλέα
1128 4712 1220 4764 τὸν
1243 4715 1342 4782 τῆς
1393 4713 1736 4783 δικαιοσύνης

1867 4716 2058 4771 iustitiae
2090 4713 2255 4768 solem
2291 4713 2451 4766 nobis
2492 4724 2638 4772 esse,
2666 4709 2757 4776 qui
2787 4707 2839 4760 in
2887 4707 3058 4775 ipsqu
3094 4706 3413 4774 aspicimus,

195 4802 462 4877 ἣλιονπρδς
482 4804 641 4876 ἡμῶν
660 4797 822 4866 εἷναι,
839 4803 996 4874 εἴπερ
1013 4803 1305 4873 ἀφορῶμεν
1324 4820 1383 4855 τε
1406 4804 1541 4874 πρὸς
1556 4804 1738 4868 αὑτὸν,

1876 4806 2084 4860 tDeum
2119 4804 2293 4872 ipsum
2332 4809 2743 4873 cognoscentes,
2782 4813 2905 4853 eum
2946 4797 3266 4867 adoratione
3295 4806 3416 4866 ante

197 4896 280 4947 καὶ
306 4898 458 4951 αὐτὸν
496 4897 630 4951 Θεὸν
661 4895 887 4959 εἰδότες,
910 4895 1278 4965 λατρευτικῶς
1308 4896 1456 4969 αὐτῷ
1478 4896 1738 4967 ἐντυγχά-

1879 4912 1988 4961 um,
2024 4905 2183 4964 caput
2217 4902 2272 4949 et
2311 4908 2451 4962 genu
2492 4891 2823 4946 inclinantes
2860 4889 3160 4943 adstamus.
3195 4886 3294 4941 Hic
3333 4896 3417 4943 est

196 5001 360 5055 νομεν,
386 4988 624 5059 κεφαλὴν
659 4989 757 5042 καὶ
781 4988 910 5056 γόνυ
944 4988 1306 5057 κάμπτοντες.
1361 4987 1533 5041 Τοῦτό
1591 4989 1737 5042 ἐστιν

1871 4986 2068 5058 ymboli
2101 4984 2346 5048 frucrus;
2382 4992 2436 5036 et
2469 4990 2696 5050 utraque
2726 4993 3010 5034 servamus
3041 4987 3095 5031 et
3126 4977 3417 5031 adorantes

196 5079 221 5129 ὁ
251 5079 334 5132 τοῦ
373 5058 637 5151 συμϐόλου
696 5079 906 5150 καρπός
933 5095 950 5111 ⁸
1006 5080 1099 5133 καὶ
1126 5079 1488 5148 ,φυλάττομεν
1541 5079 1730 5145 ἄμφω,

1869 5095 1943 5146 με
1978 5080 2132 5133 nobis
2162 5076 2476 5130 mandatum
2509 5081 2594 5129 est
2622 5081 2677 5127 et
2712 5072 2837 5126 l'acli
2879 5070 3140 5149 rationem
3174 5070 3415 5124 retinen-

199 5173 606 5236 προσκυνοῦντες
626 5188 713 5237 τε,
737 5172 860 5224 ὅποι
890 5171 1360 5241 παρηγγυήμεθα,
1399 5171 1497 5224 καὶ
1522 5170 1612 5223 τὸν
1642 5170 1737 5223 τοῦ

1868 5186 1941 5225 es.
1968 5169 2058 5224 Sic
2091 5178 2144 5224 et
2178 5167 2341 5221 illud:
2375 5164 2672 5229 Laramini,
2706 5162 2887 5217 mutuli
2918 5171 3081 5215 estote
3110 5161 3414 5226 audientes,

200 5262 456 5331 γινομένου
484 5263 688 5318 σκοπὸν
713 5262 1059 5331 κατέχοντες.
1088 5260 1242 5314 Οὕτω
1271 5260 1365 5314 καὶ
1401 5278 1421 5311 ι
1449 5259 1736 5319 λούσασθε,

1870 5262 2096 5314 uuudam
2132 5268 2239 5312 tum
2278 5256 2472 5312 stolam
2504 5254 2753 5308 festivam
2781 5267 3059 5307 assumere
3084 5249 3248 5318 jussi,
3272 5250 3416 5304 lava‘

202 5352 410 5423 καθαροὶ
436 5353 663 5423 γένεσθε
702 5371 722 5404 ›
762 5353 1079 5422 ἀκηκοότες,
1116 5353 1209 5404 καὶ
1237 5351 1485 5420 καθαρὰν
1524 5350 1579 5402 δέ
1608 5367 1739 5402 ποτε

1873 5354 2049 5406 iouem
2073 5349 2301 5405 facimus
2332 5347 2641 5403 sensibilem
2675 5345 2888 5416 quidem
2919 5352 2975 5398 et
3002 5343 3230 5399 visibilis
3255 5342 3419 5396 veStis

202 5444 375 5513 στολὴν
402 5448 605 5514 ἑόρτιον
637 5444 1049 5512 διατεταγμένοι
1071 5432 1417 5513 μεταλαϐεῖν,
1450 5443 1508 5496 τό
1535 5460 1591 5494 τε
1619 5442 1748 5495 λου-

1874 5438 2223 5505 notationem,
2237 5440 2537 5509 spiritualia
2560 5452 2687 5492 vero
2702 5452 2984 5493 servamus
3002 5436 3166 5489 nitida
3195 5433 3420 5487 reddet:-

200 5537 311 5604 τρδν
332 5538 627 5607 ποιούμεθα
657 5536 719 5590 τὸ
745 5536 880 5607 πρὸς
910 5534 1185 5608 αἴσθησιν,
1218 5537 1314 5590 καὶ
1333 5536 1431 5606 τὴν
1470 5534 1568 5604 τῆς
1603 5536 1742 5605 ὁρω-

1702 5554 1742 5588 ι-
1854 5542 1935 5589 tes
1966 5535 2031 5588 de
2061 5532 2220 5588 nobis
2248 5540 2303 5587 et
2326 5547 2449 5601 qua:
2471 5532 2619 5586 intus
2644 5538 2697 5584 et
2724 5544 2845 5599 quze
2875 5528 3073 5583 deforis
3105 5535 3248 5580 sunt.

204 5628 353 5697 υένης
381 5631 605 5702 ἐσθῆτος
633 5628 943 5696 ὲξάλλαξιν,
983 5631 1078 5683 καὶ
1105 5630 1174 5684 τὰ
1205 5628 1341 5700 πρὸς
1405 5627 1531 5682 νοῦν
1583 5627 1639 5681 δὲ
1691 5625 2092 5697 φυλαττόμεθα,
2160 5623 2545 5696 φαιδρύνοντες
2605 5621 2830 5683 ἑαυτοὺς
2882 5619 2967 5672 ετά
3040 5615 3087 5667 τ’
3137 5613 3308 5677 ἔνδῡνι
3353 5622 3435 5675 τὰ

199 5732 246 5769 τε
268 5719 478 5788 θύραζε.
