3916 6244
473 419 544 482 ‘23
554 413 575 476 1

1152 405 1570 470 EUSTATHII
1613 399 2319 463 TIIESSALONICENSI
2334 399 2373 459 S
2416 396 2980 459 METROI’OLszE

3633 392 3748 454 εἷθ’

550 523 640 577 61.
681 519 750 576 Ut
783 534 914 574 vero
953 528 1006 572 et
1037 520 1099 571 de
1139 531 1328 570 recens
1368 516 1498 568 visis
1537 513 1808 582 quoddam
1849 513 1900 565 in
1934 526 2064 563 cou-

2241 511 2338 574 Ea'.
2376 511 2490 562 ἰνα
2523 510 2576 562 δέ
2603 526 2653 561 τι
2683 508 2909 561 καὶτῶν
2949 506 3074 573 ἄρτι
3127 501 3477 574 βλεπομένων
3517 501 3597 564 εἰς
3641 506 3734 572 τὴν

481 614 886 686 templationem
939 612 1094 666 istam
1137 608 1565 670 introducamus,
1597 606 1806 674 qualem
1843 604 2064 656 loricam

480 721 707 776 magnus
738 704 931 757 Paulus
961 701 1182 754 induere
1208 698 1379 766 jubet,
1413 698 1659 750 novimus
1687 712 1914 749 omnes:
1945 694 2070 763 Sty-

484 801 576 852 ltta
633 811 756 850 vero
810 795 900 848 ille
956 791 1267 846 sensibilcm
1328 790 1502 842 Induit
1563 787 1777 856 penitus
1840 796 2068 853 utraque

484 905 726 950 servans,
763 902 866 940 non
899 886 1129 938 alterum
1168 892 1408 936 tantum.
1442 881 1580 935 Sunt
1611 897 1740 933 vero
1791 881 1906 933 bme
1956 890 2064 929 tum

485 982 782 1053 symbolice
817 978 1046 1049 prolata,
1082 985 1192 1030 tum
1230 989 1394 1044 Opere
1424 984 1479 1028 et
1515 973 1705 1041 spiritu
1742 969 2064 1039 excogitata.

553 1164 643 1218 62.
674 1162 731 1219 Si
783 1179 910 1217 vero
937 1161 1102 1215 rebus
1130 1159 1385 1214 suavibus
1421 1158 1622 1211 nostris
1651 1156 1877 1210 miseere
1912 1171 2072 1220 opor-

482 1268 566 1312 tet
597 1259 774 1310 minus
805 1270 1022 1318 suaves,
1055 1269 1152 1306 uec
1185 1263 1362 1305 tamen
1399 1250 1642 1304 conrivis
1672 1248 1916 1303 discendi
1969 1263 2067 1303 cu.

484 1347 628 1415 pidis
675 1362 781 1400 non
841 1344 1180 1412 injucundas,
1227 1342 1397 1396 multa
1427 1350 1480 1396 et
1513 1341 1811 1396 alienorum
1847 1342 2068 1410 symbo-

483 1442 662 1492 lornm
686 1438 774 1492 hic
805 1437 981 1491 locum
1024 1447 1227 1490 tenent.
1254 1437 1444 1503 Itaque
1476 1449 1571 1490 cor
1601 1449 1704 1487 non
1743 1435 2072 1489 manducare

486 1530 838 1600 symbolicum
859 1538 978 1581 erat
1006 1547 1018 1582 :
1049 1528 1189 1595 quod
1215 1538 1343 1582 tunc
1367 1528 1726 1596 qui-audiebat
1753 1526 2067 1596 perficiebat

491 1628 542 1682 (τι
597 1621 776 1675 cordis
827 1621 1240 1674 manducatione
1290 1621 1665 1689 abStinebat);
1723 1619 2064 1674 manifestum

491 1724 622 1762 vero
676 1709 995 1763 observabat
1029 1718 1392 1777 przrceptum:
1427 1709 1676 1764 videlicet
1717 1726 1816 1762 non
1855 1710 2069 1777 angori-

488 1799 590 1852 bus
626 1800 860 1866 seipsum
899 1800 1096 1854 dedere
1126 1809 1178 1854 et
1210 1799 1289 1854 sic
1330 1801 1668 1870 absumptum
1707 1801 1852 1854 intus
1911 1799 2066 1853 tabe-

487 1904 665 1944 seere.
702 1891 900 1944 lterum
925 1891 1131 1946 audivit
1180 1891 1420 1959 quidam,
1449 1891 1631 1960 gladio
1662 1893 1842 1960 ignem
1875 1905 1942 1946 ne
1975 1905 2072 1944 ex-

483 1985 719 2046 suscita,
756 1992 872 2045 aut,
908 1983 1086 2036 album
1125 1997 1193 2036 ne
1224 1983 1368 2036 domi
1395 1983 1600 2036 nutrias
1634 1983 1866 2052 gallum:
1903 1983 1952 2036 id
1987 1990 2070 2036 est

488 2075 972 2128 rxcattdesceulem
1021 2074 1154 2126 iram
1196 2074 1594 2143 provocatoriis
1643 2075 1987 2128 sermonibus
2017 2084 2072 2127 et

481 2164 963 2228 exacerbantibus,
993 2175 1050 2217 nt
1083 2166 1153 2218 ita
1183 2167 1378 2228 dicam,
1404 2167 1714 2220 secantibus
1737 2182 1839 2219 non
1876 2181 2072 2220 accen-

489 2260 651 2325 dere;
686 2273 782 2312 uec
829 2259 881 2312 in
938 2260 1097 2312 domo
1145 2259 1401 2313 clamosis
1458 2261 1533 2313 uti
1595 2259 1860 2313 ministris
1908 2269 2074 2329 atque

491 2351 636 2404 intus
659 2353 866 2420 nigrum
901 2360 954 2403 et
978 2352 1232 2419 mysterio
1257 2351 1562 2404 redundans
1584 2351 1762 2405 album
1793 2351 2072 2418 proferen-

492 2443 638 2495 tibus
669 2443 976 2495 consilium.
1014 2443 1079 2496 Et
1102 2452 1330 2511 utraque
1360 2443 1625 2496 fari-ebant
1657 2443 1769 2507 isti,
1797 2458 1893 2498 nec
1927 2459 2071 2513 sym-

487 2532 676 2585 bolum
708 2532 1225 2602 tergivcrsabantur,
1255 2535 1364 2587 imo
1395 2532 1595 2588 ﬁebant
1629 2533 1682 2587 in
1711 2534 1901 2604 primis
1930 2548 2080 2604 sym—

492 2622 604 2675 boli
646 2623 838 2678 litterae
870 2624 1090 2677 addicti.

566 2804 655 2858 65.
685 2803 742 2858 Et
775 2818 840 2857 ne
874 2805 1037 2857 multa
1069 2803 1246 2858 adhuc
1277 2804 1501 2859 dicenda
1539 2803 1746 2860 hilbt‘lls
1785 2819 2077 2874 suspensos

484 2904 704 2950 teneam
729 2905 778 2948 et
809 2903 1066 2964 pertaesos
1098 2897 1394 2960 auditores,
1430 2897 1518 2950 hic
1549 2905 1663 2950 tres
1692 2906 1817 2950 sunt
1843 2895 2072 2967 symboli

489 2987 792 3052 set-tiones,
835 2984 1080 3040 seorsum
1137 2986 1393 3057 symboli,
1431 2995 1523 3040 aut
1578 2997 1636 3040 ut
1691 2987 1847 3040 aliter
1886 2987 2073 3040 eadem

495 3077 696 3140 dicam,
753 3075 1380 3148 auigmatisidentitas;
1441 3077 1556 3130 sola
1585 3077 1636 3129 in
1695 3077 1867 3144 seipsa
1931 3075 2077 3130 litte-

2170 601 2404 667 θεωρίαν
2436 599 2641 669 ταῦτην
2672 595 3134 668 παρελκύσωμεν,
3165 597 3350 648 ὁποῖον
3378 593 3478 664 μὲν
3511 592 3749 660 θὼρακα⁹

2169 697 2196 746 ὁ
2229 693 2404 760 μέγας
2442 691 2653 752 Παῦλος
2694 689 2979 757 νομοθετεῖ
3024 688 3234 755 φορεῖν,
3291 687 3516 747 οἴδαμεν
3571 685 3740 736 ᾶπαν-

2168 801 2260 844 τες
2289 799 2303 814 ο
2343 786 2370 836 ὁ
2393 783 2450 835 δὲ
2487 800 2508 834 ι
2542 781 2797 848 στυλίτης
2837 799 2854 830 ι
2899 772 3058 839 οὗτος
3090 777 3242 846 φέρει
3275 778 3368 828 καὶ
3393 774 3486 827 τὸν
3523 772 3740 826 κατάίο

2169 875 2379 945 σθησιν,
2413 873 2596 942 τηρῶν
2624 872 2842 933 πάντως
2869 869 3155 939 ἀμφότερα
3182 884 3195 898 ’
3232 867 3290 919 ού
3316 865 3425 935 γὰρ
3459 864 3634 932 δήπου
3681 865 3738 915 cs

2166 967 2372 1036 ἕτερον.
2393 966 2510 1018 Εἰσὶ
2533 963 2587 1017 δὲ
2613 963 2750 1017 αὐτά
2776 965 2896 1014 τῦτε
2926 961 3330 1030 προφερόμενον
3362 956 3737 1026 συμϐολικῶς,

2167 1058 2228 1111 τό
2249 1075 2306 1112 τε
2338 1056 2622 1126 νοούμενον
2651 1055 3048 1124 πραγματικῶς
3071 1053 3163 1105 καὶ
3188 1052 3596 1120 πνευματικῶς.

2242 1149 2342 1218 ξβν.
2380 1149 2439 1200 Εἰ
2471 1147 2527 1198 δέ
2553 1164 2606 1199 τι
2629 1146 2734 1215 χρὴ
2756 1143 2831 1214 τῷ
2859 1144 3049 1211 γλυκεῖ
3077 1143 3170 1195 καὶ
3193 1141 3444 1212 ἡμετέρῳ
3501 1139 3740 1209 παραμί-

2171 1241 2258 1305 εαι
2290 1241 2384 1294 καὶ
2416 1241 2488 1310 μὴ
2519 1239 2761 1292 τοιοῦτον
2821 1237 2938 1306 μὲν,
2991 1235 3051 1287 οὐ
3077 1235 3218 1288 πάνυ
3249 1232 3304 1285 δὲ
3358 1231 3738 1284 δυσέντευκτον

2167 1334 2458 1404 δαιτυμόσι
2494 1331 2914 1400 φιλακροάμοσι,
2965 1327 3132 1382 πολλά
3181 1327 3276 1380 καὶ
3325 1327 3435 1380 τῶν
3487 1325 3740 1396 ἐξωτερι·

2170 1427 2283 1479 κῶν
2319 1423 2604 1494 συμϐόλων
2633 1423 2877 1476 τοιούτου
2903 1421 3069 1474 τόπου
3100 1420 3332 1488 ἔχονται.
3372 1437 3391 1470 ι
3440 1417 3690 1488 Καρδίαν
3717 1435 3734 1466 ι

2169 1513 2261 1572 οὖν
2293 1536 2311 1568 ι
2357 1517 2430 1588 μὴ
2483 1515 2706 1579 ἐσθίειν,
2746 1533 2763 1566 ι
2805 1513 3134 1584 συμϐολικὸς
3159 1507 3226 1583 ἦν
3266 1527 3396 1564 ποτε
3414 1510 3613 1578 λόγος·
3641 1509 3740 1563 6δέ

2170 1613 2290 1665 τότε
2321 1609 2533 1665 ἀκούων
2566 1609 2697 1662 αὐτό
2753 1625 2812 1660 τε
2865 1607 3038 1670 οὓτως
3100 1605 3273 1658 ἐποίει
3303 1604 3591 1675 (ἀπείχετο
3641 1602 3741 1673 γὰρ

2169 1704 2263 1759 τοῦ
2298 1700 2732 1775 καρδιοφαγεῖν),
2763 1701 3047 1768 συνετήρει
3073 1698 3130 1750 δέ
3162 1699 3254 1751 xai.
3306 1691 3366 1750 τὸ
3411 1697 3744 1766 ἐμφαινόμε-

2172 1812 2263 1848 νον
2291 1791 2655 1846 διδασκάλιον.
2693 1790 2766 1842 Τὸ
2803 1788 2860 1842 δὲ
2915 1784 2982 1857 ἦν
3015 1788 3088 1858 μὴ
3140 1787 3339 1850 λύπαις
3397 1787 3590 1839 ἐαυτὸν
3624 1803 3741 1841 τινα

2173 1883 2462 1945 ἐκδιδόναι,
2490 1883 2581 1934 καὶ
2611 1879 2752 1934 οὕτω
2771 1880 3164 1947 δαπανώμενον
3191 1878 3452 1950 τήκεσθαι
3478 1878 3548 1931 τὰ
3574 1877 3742 1938 ἐντός.

2175 1977 2415 2030 Ἤκουσέ
2443 1993 2526 2038 τις
2557 1971 2712 2038 αὖθις
2750 1995 2768 2027 ι
2819 1974 3065 2045 μαχαίρᾳ
3095 1975 3204 2044 πῦρ
3240 1975 3314 2042 μὴ
3361 1974 3670 2038 σκαλεύειν,
3712 1971 3745 2043 ἢ

2176 2071 2250 2142 μὴ
2280 2071 2472 2124 λευκὸν
2501 2069 2845 2139 οἰκοτραφεῖν
2867 2067 3187 2136 ἀλέκτορα.»
3217 2067 3288 2118 Τὸ
3310 2066 3363 2119 δὲ
3385 2061 3454 2136 ἦν
3487 2067 3626 2136 μήτε
3653 2067 3744 2120 ου.

2175 2164 2275 2231 μὲν
2308 2163 2495 2218 ζέοντα
2526 2161 2868 2215 ὑπανάπτειν
2893 2159 3073 2227 λόγοις
3103 2157 3464 2228 ἐρεθιστικοϊς
3493 2159 3590 2211 καὶ
3611 2175 3746 2227 supr

2175 2256 2443 2322 οξύνουσι,
2489 2256 2584 2308 καλ⁵
2636 2253 2710 2314 ὡς
2743 2254 2914 2305 εἰπεῖν
2941 2253 3249 2322 τμητικοῖς,
3289 2254 3422 2322 μήτε
3460 2251 3570 2320 μὴν
3619 2253 3747 2320 χρᾶ-

2175 2347 2295 2400 σθαι
2325 2345 2445 2400 κατ’
2477 2341 2624 2399 οἷκον
2654 2346 2946 2416 ὐπουργοῖς
2973 2345 3329 2414 κεκράκταις,
3361 2346 3457 2397 καὶ
3486 2345 3544 2397 τὸ
3575 2347 3634 2397 ὲν
3657 2345 3747 2413 βά-

2174 2439 2257 2492 θ;ι
2290 2439 2456 2508 μέλαν
2483 2437 2576 2490 καὶ
2607 2436 2976 2506 μυστηριῶδες
2991 2435 3424 2489 διαλευκαῖνουσι
3455 2433 3754 2504 βούλευμα..

2173 2531 2282 2585 Καὶ
2303 2529 2519 2584 ἐποίουν
2540 2529 2751 2597 ἐκεῖνοι,
2774 2529 2961 2596 ἄμφω,
2991 2527 3085 2580 καὶ
3104 2525 3224 2580 οὔτε
3247 2527 3314 2580 τὰ
3344 2525 3589 2594 σύμϐοῗ·.α
3611 2544 3678 2578 πα
3690 2543 3748 2597 ρο

2175 2622 2446 2692 ειυρῶντο,
2489 2621 2731 2689 ἐγίνοντο
2776 2619 2831 2672 δὲ
2865 2621 2958 2672 καὶ
3007 2618 3101 2672 τοῦ
3143 2618 3744 2688 συμϐολογραφήματος

2176 2715 2433 2780 μάλιστα.

2246 2806 2350 2872 ξγ’.
2386 2805 2495 2858 Καὶ
2531 2805 2618 2858 ἵνα
2649 2804 2723 2876 μὴ
2753 2803 2922 2858 πολλὰ
2950 2805 3125 2858 εἰπεῖν
3172 2804 3248 2857 ἐτι
3271 2803 3409 2874 ἔχων
3438 2806 3750 2874 παρατείνει)

2173 2897 2270 2950 καὶ
2310 2896 2590 2950 ἀποκναιίω
2622 2897 2748 2959 τοὺς
2805 2896 3103 2966 ἀκροατὰς,
3147 2896 3287 2948 οὕτω
3339 2898 3439 2963 μὲν
3494 2897 3624 2966 τρία
3682 2897 3749 2950 τὰ

2178 2988 2486 3059 συμϐολικά
2513 2990 2800 3060 τμήματα,
2833 2990 3205 3059 ήκαταμόνας
3237 2990 3437 3058 ἀντοχὴ
3473 2988 3568 3044 τοῦ
3607 3007 3745 3058 cup.-

2175 3079 2354 3146 ϐόλου,
2387 3081 2563 3134 εἰπεῖν
2587 3080 2642 3133 δέ
2673 3080 2868 3134 ταυτὸν
2939 3080 3281 3152 αἰνίγματος,
3338 3083 3370 3150 ἡ
3398 3079 3519 3133 καθ’
3553 3081 3754 3152 ἑαυτὴν

495 3179 570 3217 rae
607 3163 920 3234 symbolice:
953 3166 1275 3230 assumptio,
1306 3175 1359 3220 et
1398 3167 1678 3218 amborum
1719 3165 1879 3219 simul
1921 3180 2072 3220 usus.

2182 3169 2381 3240 ἐκλογὴ
2433 3171 2493 3222 τὸ
2564 3170 3211 3242 συμϐολογραιιςουμένου,
3261 3171 3355 3225 καὶ
3401 3174 3431 3240 ἡ
3476 3173 3748 3242 ἑκατέρων

491 3254 697 3309 Tertiae
746 3250 1028 3308 diuisionis
1085 3264 1173 3309 est
1223 3255 1488 3309 columna:
1547 3255 1900 3325 propositum.
1936 3255 2072 3311 Nam

493 3346 792 3415 symbolum
811 3346 1028 3415 quidem
1061 3347 1381 3402 t'levaliouis
1415 3359 1469 3401 et
1501 3349 1838 3402 celsitudinis
1875 3349 2080 3404 iuveni-

491 3442 605 3492 Iur.
635 3435 825 3508 Stylita
863 3452 989 3492 vero
1023 3441 1286 3492 mutuavit
1318 3440 1555 3509 ﬁguratae
1605 3440 2080 3508 contemplationis

499 3529 684 3592 ﬁdem,
714 3538 766 3583 et
801 3528 920 3584 loco
950 3545 1162 3598 semper
1193 3545 1406 3585 sursum
1442 3533 1566 3596 erit,
1595 3543 1650 3586 et
1678 3532 1914 3588 divinius
1939 3549 2077 3587 cun-

497 3618 683 3672 abitur
708 3621 929 3674 tendere
953 3621 1108 3689 quasi
1142 3620 1193 3673 in
1213 3621 1410 3674 coelum
1435 3631 1492 3675 et
1527 3622 1577 3673 in
1606 3621 1868 3676 altissima
1889 3637 2076 3677 ascen-

497 3711 646 3764 dere.
687 3709 801 3764 Non
843 3725 974 3767 sane
1023 3712 1186 3766 nimis
1233 3727 1291 3766 se
1331 3714 1588 3767 extendet
1635 3712 1687 3766 in
1738 3712 2072 3766 altitudinem

493 3802 593 3870 qui
629 3817 732 3856 non
780 3803 954 3873 longis
997 3804 1303 3873 unguiculis
1358 3804 1544 3874 (parvi
1579 3805 1735 3872 pretii
1784 3805 1949 3874 illud)
1981 3804 2073 3858 sed

495 3893 675 3959 quiad
721 3895 918 3949 caelum
946 3896 1243 3950 ambitione
1291 3897 1686 3966 progrediatur,
1710 3897 1906 3950 exinde
1940 3896 2076 3950 nihil

490 3985 772 4039 zi-Stimans
799 3999 893 4039 eos
914 3986 1002 4054 qui
1038 3984 1179 4039 circa
1215 3986 1386 4053 ipsum
1419 3995 1561 4039 sunt.
1597 3983 1652 4039 Si
1683 3986 1824 4040 enim
1860 3986 1998 4040 circa
2027 3996 2076 4040 te

485 4074 936 4140 conspiciendum
995 4084 1097 4138 est,
1159 4091 1266 4127 non
1323 4077 1591 4140 homines,
1643 4075 1920 4138 odilecte,
1975 4087 2072 4127 nee

492 4164 746 4220 similiter
771 4166 880 4219 vita
909 4174 1140 4230 utentes,
1168 4182 1268 4220 nec
1294 4167 1530 4235 reliquos
1560 4167 1904 4231 consideres;
1939 4168 2075 4221 bene

495 4271 626 4310 vero
670 4272 734 4311 ea
784 4273 904 4325 quae
949 4267 1077 4312 sunt
1126 4275 1287 4327 Super
1333 4267 1556 4321 terram,
1584 4273 1704 4327 quae
1760 4258 2072 4327 deseruisti,

487 4348 695 4416 quibus
723 4350 1048 4414 valedixisti,
1075 4365 1102 4402 ιι
1133 4349 1331 4420 quibus
1365 4351 1658 4406 recessisti.

2183 3258 2470 3328 σύλληψις.
2497 3259 2702 3312 Τούτου
2736 3259 2830 3312 τοῦ
2863 3259 3048 3330 τρίτου
3097 3259 3442 3330 διαιρέματος
3473 3263 3566 3313 καὶ
3599 3263 3630 3331 ή
3659 3261 3748 3315 τοῦ

2185 3367 2202 3399 ι
2237 3350 2431 3402 στύλου
2472 3369 2492 3402 ι
2525 3351 2678 3402 ἐστὶν
2707 3349 2944 3404 ἐπίνοια.
2989 3351 3264 3421 Σύμϐολον
3325 3351 3423 3421 μὲν
3459 3353 3570 3420 γὰρ
3621 3353 3749 3405 αὐτὸ

2180 3442 2498 3505 ἀνατάσεως
2565 3442 2800 3513 εὓρηται
2828 3446 2920 3497 καὶ
2981 3442 3152 3512 ὕψους
3173 3442 3341 3506 τινός.
3386 3443 3445 3496 '0
3484 3445 3540 3498 δέ
3582 3463 3600 3496 ι
3632 3462 3756 3498 στυ·

2173 3533 2348 3604 λίτης,
2383 3551 2401 3585 ι
2433 3533 2863 3603 ἀπομαξὰμενος
2889 3533 2986 3605 τὴν
3017 3537 3115 3605 τῆς
3173 3535 3446 3604 είκονικῆς
3515 3535 3752 3606 θεωρίας

2180 3626 2492 3696 ἀκρίϐειαν,
2526 3625 2622 3680 καὶ
2677 3626 2754 3697 τῷ
2817 3627 2969 3697 τόπῳ
3017 3627 3128 3681 ἄνω
3187 3627 3275 3680 ἀεὶ
3320 3626 3493 3691 ἐσται,
3526 3627 3621 3681 καὶ
3675 3627 3750 3698 τῷ

2180 3717 2367 3787 τρόπῳ
2395 3717 2452 3770 δέ
2501 3717 2986 3788 πραγματεύσεται
3047 3718 3319 3788 θειότερον
3376 3717 3754 3773 ἀνατείνεσθαι

2178 3809 2254 3871 ὠς
2293 3810 2372 3872 είς
2398 3811 2648 3878 οὐρανὸν,
2674 3815 2769 3863 καὶ
2815 3808 3085 3879 ὑψοῦσθαι
3133 3810 3415 3876 ἀνωτάτω,
3470 3811 3568 3863 καὶ
3621 3814 3752 3863 ἀνα-

2183 3901 2388 3954 ϐαίνειν
2418 3903 2497 3964 είς
2523 3902 2613 3954 τὶν
2649 3901 2907 3955 ἁπάντων
2939 3901 3290 3968 ὑπερέκεινα.
3325 3902 3397 3954 Οὐ
3437 3901 3546 3970 μὴν
3579 3899 3754 3962 ἄλλως

2181 3992 2376 4045 ἐαυτὸν
2430 3993 2849 4062 ὑπερανατενεῖ,
2893 3994 2985 4045 καὶ
3021 3992 3280 4061 ὑψίλοφος
3325 3990 3486 4056 εἶναι,
3534 3992 3627 4044 xa‘l.
3677 3992 3752 4062 μὴ

2183 4083 2272 4135 ἐπὶ
2299 4082 2502 4152 ὀνύχων
2529 4084 2712 4154 ἄκρων
2745 4084 2966 4152 (μικρδν
3001 4084 3108 4154 γάρ
3143 4101 3194 4136 τι
3238 4083 3440 4150 τοῦτο),
3495 4082 3614 4134 ἀλλ’
3676 4083 3752 4144 ὡς

2183 4173 2276 4224 ἐπὶ
2347 4172 2576 4241 οὐρανοῦ
2636 4172 2840 4244 βαίνειν
2883 4174 2961 4244 τῷ
3016 4173 3188 4244 τύφῳ,
3247 4171 3543 4227 κάντεῦθεν
3591 4173 3755 4244 μηδὲν

2183 4263 2441 4332 ἡγεῖσθαι
2477 4264 2600 4328 τοὺς
2631 4266 2751 4321 κατ’
2783 4266 2966 4321 αὐτόν.
3025 4267 3087 4319 El
3116 4266 3221 4336 γὰρ
3281 4267 3373 4319 καὶ
3426 4283 3754 4337 περιφρονη-

2182 4355 2328 4421 τέον,
2365 4357 2484 4410 ἀλλ’
2519 4358 2621 4411 οὐκ
2674 4357 3018 4428 ἀνθρώπους,
3073 4353 3117 4411 ὧ
3167 4357 3389 4426 ἀδελφέ,
3449 4357 3575 4410 οὔτε
3630 4359 3754 4420 τοὺς

489 4443 825 4513 ὀμοιοϐίους,
870 4445 993 4498 οὔτε
1014 4447 1138 4510 τοὺς
1155 4445 1374 4510 λοιπούς
1396 4463 1412 4480 ο
1439 4463 1504 4499 πε
1515 4445 1861 4518 ριφρονητέον
1888 4447 1944 4501 δὲ
1963 4448 2032 4502 τά
2049 4452 2176 4520 περὶ
2197 4452 2323 4519 γῆν.
2348 4451 2490 4522 ἀπερ
2527 4453 2768 4524 ἀφῆκας,
2791 4448 2868 4516 οἷς
2895 4453 3039 4524 ἐχεις
3060 4453 3496 4525 ἀποταξάμενος,
3527 4448 3604 4507 ὧν
3621 4451 3758 4522 ἀφέ-

481 4553 722 4611 Itum-1;.

563 4633 652 4688 64.
686 4633 1003 4688 Columnam
1039 4633 1092 4688 in
1131 4635 1235 4687 alta
1272 4635 1558 4690 ducentem
1595 4636 1791 4706 cogita,
1821 4638 1994 4708 cogita
2021 4646 2072 4692 et

2251 4637 2344 4702 ξδ’.
2375 4638 2484 4690 Καὶ
2524 4633 2758 4704 ἐνθυμοῦ
2791 4636 2890 4706 μὲν
2917 4637 3012 4689 καὶ
3043 4636 3134 4688 τὸν
3168 4654 3186 4687 ι
3224 4634 3435 4700 στύλον,
3469 4651 3489 4687 ι
3522 4635 3599 4697 ὡς
3621 4628 3753 4703 ὑψοῦ

491 4725 702 4781 ferrum
760 4729 1144 4797 ponderosum.
1195 4728 1508 4799 Symbolum
1561 4729 1628 4783 sit
1669 4729 1798 4782 illud
1859 4730 1926 4784 de
1969 4744 2083 4783 cce-

483 4819 722 4875 lestibus
781 4821 1170 4887 meditatiOnis,
1200 4833 1256 4875 et
1307 4821 1386 4876 sic
1439 4830 1492 4874 tu
1528 4823 1830 4888 meditare;
1865 4821 2084 4875 humili.

490 4911 620 4964 tatis
646 4925 779 4964 vero
812 4911 1056 4966 ferrum:
1093 4915 1170 4968 sic
1205 4914 1431 4983 teipsum
1468 4913 1719 4967 deorsum
1760 4913 1933 4976 mitte,
1968 4927 2088 4966 non-

490 5011 550 5054 ut
583 5003 843 5056 vermium
892 5018 1042 5058 more
1071 5019 1234 5072 super
1280 5015 1483 5059 terram
1520 5004 1816 5059 secundum
1853 5018 2076 5056 carnem

491 5105 695 5161 reptes,
733 5108 798 5145 ne
835 5079 972 5150 forte
1004 5095 1126 5164 quis
1159 5097 1352 5151 merito
1381 5098 1607 5152 irrideant
1638 5079 1782 5166 quod
1815 5095 2079 5165 rnaguetis

488 5183 664 5237 instar
688 5185 808 5237 vitae
830 5198 989 5249 opera
1023 5193 1220 5241 ascetae
1245 5186 1446 5241 ferrum
1477 5189 1753 5242 attrahant
1781 5187 1845 5240 ad
1873 5186 2072 5255 seipsa.

489 5274 720 5329 illustris
770 5277 1019 5331 columna
1069 5278 1191 5343 ista,
1229 5295 1332 5333 non
1383 5281 1509 5349 quia
1548 5279 1758 5334 excelsa
1801 5285 1884 5332 est
1913 5277 2075 5348 (quid

487 5367 635 5419 enim
668 5383 916 5436 maguum
967 5380 1046 5424 est
1086 5373 1228 5439 quod
1265 5383 1454 5426 natura
1502 5387 1596 5427 sua
1631 5371 1831 5426 eminet
1853 5371 1920 5437 ?),
1975 5371 2070 5424 sed

490 5456 618 5521 quia
679 5459 971 5512 secundum
1017 5461 1398 5516 meditationes
1447 5462 1510 5516 de
1559 5461 1788 5516 excelsis
1850 5472 2067 5514 sursum

488 5549 632 5603 tollit
655 5558 709 5604 et
733 5552 877 5604 ducit
921 5553 985 5605 ad
1012 5551 1193 5607 Deum.
1225 5553 1288 5607 Et
1317 5553 1534 5624 A‘Igypti
1571 5554 1874 5625 pyramides
1905 5554 1956 5607 in
1988 5551 2074 5607 bi-

487 5642 656 5694 storia
687 5641 905 5696 famosae
944 5645 1150 5714 magnis
1188 5645 1442 5714 impensis
1465 5657 1516 5700 et
1557 5646 1728 5715 longis
1771 5646 1976 5700 umbris
2007 5646 2074 5699 ob

485 5731 861 5800 altitudinem;
897 5741 953 5788 et
979 5735 1120 5806 apud
1151 5735 1384 5790 Cnidum
1421 5736 1626 5790 Eudoxi
1666 5737 1904 5805 specula,
1935 5736 2074 5789 unde

489 5835 642 5878 astra
676 5825 1037 5891 observabat;
1081 5834 1136 5879 et
1186 5825 1474 5896 Babylonis
1528 5827 1762 5895 pensiles
1818 5826 2068 5892 borti,et

2189 4729 2492 4795 ἀνάγοντα·
2531 4724 2769 4796 ἐνθυμοῦ
2825 4725 2882 4778 δὲ
2935 4727 3029 4778 καὶ
3092 4727 3184 4780 τὸν
3223 4726 3487 4796 (σίδηρον
3533 4743 3552 4777 ι
3609 4726 3755 4778 κάτω

2187 4817 2510 4889 βαρύνοντα.
2546 4818 2753 4870 Ἐκεῖνο
2786 4816 3054 4886 σύμϐολον
3083 4817 3224 4870 ἔστω
3255 4816 3346 4870 τοῦ
3381 4818 3448 4869 τὰ
3475 4818 3589 4872 ἄνω
3625 4835 3757 4888 φρο-

2184 4914 2331 4964 νεῖν’
2393 4910 2488 4964 καὶ
2531 4910 2721 4980 φρόνει
2763 4909 2931 4964 οὕτω.
3003 4911 3064 4962 '0
3119 4910 3173 4963 δέ
3221 4910 3440 4980 σίδηρος
3490 4908 3762 4961 ταπεινὼ-

2183 5021 2320 5066 σεως
2348 5017 2362 5032 '
2399 5003 2496 5057 καὶ
2519 5002 2679 5072 βάλλε
2704 5002 2932 5054 σεαυτὸν
2961 5001 3103 5054 οὕτω
3131 5001 3304 5065 κάτω,
3340 5002 3440 5071 οὐχ
3484 5000 3628 5053 ὥστε
3681 4997 3755 5070 μὴ

2179 5095 2308 5164 περὶ
2355 5095 2461 5164 γῆν
2501 5093 2828 5147 ίλυσπᾶσθαι
2867 5095 2979 5156 τοῖς
3040 5092 3188 5146 κατά
3246 5093 3427 5162 σάρκα
3490 5093 3753 5162 νοήμασι,

2181 5188 2256 5255 μή
2285 5187 2414 5238 ποτέ
2463 5203 2545 5248 τις
2585 5186 2683 5238 οὐκ
2709 5185 2900 5253 ἀφυῶς
2937 5183 3252 5256 ἐπισκώψῃ,
3279 5182 3353 5246 ὡς
3387 5182 3496 5254 ἄρα
3542 5183 3764 5253 μαγνή-

2177 5279 2319 5341 τιδος
2353 5279 2511 5348 δίκην
2543 5278 2610 5332 τὰ
2639 5278 2780 5331 κατὰ
2833 5277 2948 5346 βίον
2977 5275 3286 5346 πράγματα
3314 5275 3406 5329 τὸν
3453 5275 3754 5343 ἀσκητικὸν

2180 5370 2396 5438 σίδηρον
2433 5370 2737 5422 ἐπισπᾶται
2777 5368 2912 5437 πρὸς
2927 5366 3118 5420 ἐαυτά.
3153 5367 3422 5436 Λαμπῴν
3451 5384 3503 5419 τι
3524 5367 3756 5435 πρᾶγμα

2179 5465 2206 5514 ὁ
2247 5479 2265 5512 ι
2325 5462 2515 5524 στύλος
2583 5455 2806 5522 ιοῦτος,
2867 5461 2966 5528 οὐχ
3027 5459 3218 5528 ὅτιπερ
3265 5458 3466 5528 ὑψηλὸς
3526 5458 3601 5528 (τί
3646 5457 3758 5528 γὰρ

2185 5552 2348 5621 μέγα,
2405 5552 2433 5605 ὃ
2482 5552 2576 5605 καὶ
2649 5551 2950 5622 προϐλῆτες
3003 5551 3322 5620 εὐτυχοῦσιν
3398 5548 3684 5618 αὐτοφυῶς
3713 5549 3755 5617 ;)

2182 5643 2294 5694 ἀλλ’
2324 5644 2406 5695 ὅτι
2453 5645 2598 5697 κατὰ
2646 5645 2747 5706 τὰς
2779 5644 3039 5714 ἀνωτέρω
3075 5643 3310 5713 θεωρίας
3364 5641 3624 5712 seems;
3658 5642 3760 5694 καὶ

2183 5735 2468 5800 ἁναγω-ίὸς
2500 5737 2580 5795 εἰς
2640 5735 2928 5788 Θεόν.Καὶ
2979 5736 3288 5805 πυραμίδες
3341 5735 3442 5805 μὲν
3504 5735 3559 5787 αἱ
3610 5732 3760 5800 περὶ

2185 5825 2478 5893 Αἴγυπτον,
2519 5827 2572 5878 ai
2605 5829 2744 5881 κατά
2777 5824 2874 5896 τὴν
2920 5825 3179 5892 ἱστορίαν,
3240 5826 3334 5878 καὶ
3385 5824 3757 5878 πολυδάπανοι
