3916 6244
139 362 218 426 εδει
1257 361 1358 420 AD
1389 361 1650 422 STYLIT

1761 364 1768 422 ζ
1808 365 2208 435 QUEMDAM.
3265 373 3378 434 254

138 477 214 528 καὶ
243 472 582 543 μακρόσκιοι,
621 473 704 525 ὅτι
754 473 852 524 καὶ
889 471 1272 543 περιμήκετοι,
1327 476 1420 528 καὶ
1471 477 1503 546 ἡ
1539 480 1659 530 κατέ

1785 479 1837 533 in
1873 479 2061 533 Rhodo
2092 479 2261 532 multo
2285 495 2393 534 mre
2414 488 2564 535 stans
2589 496 2759 534 vanus
2789 480 3054 546 colossus,
3084 491 3136 536 et
3165 483 3208 538 si
3238 487 3371 552 quid

135 559 300 622 Κνίδον
330 565 556 631 Εὐδὸξου
583 566 810 628 σκοπιὰ,
842 566 962 618 ὅθεν
1019 569 1225 630 ἐκεῖνος
1275 567 1570 621 ἐσκέπτετο
1601 571 1659 622 τὸ

1772 570 2086 638 spectaculo
2119 569 2336 637 dignum
2391 570 2659 625 babebant
2710 572 2950 640 antiqui;
2995 585 3052 626 ut
3095 573 3244 626 aiunt
3269 589 3371 627 au-

136 661 351 731 οὐράνια,
381 659 476 710 καὶ
507 657 824 727 κρεμαστὸς
855 661 1030 728 κῆπος
1063 660 1090 710 ὁ
1155 648 1519 727 Βαϐυλώνιος,
1579 662 1659 714 κατ

1777 670 1905 724 tem,
1945 661 2124 714 stultis
2155 661 2418 730 prodigia.
2449 661 2612 717 Nobis
2665 678 2792 717 vero
2849 667 3142 718 secundum
3199 666 3367 719 Deum

136 757 162 821 ἡ
193 755 241 804 ἐν
277 750 435 819 Ῥόδῳ
469 749 763 818 ὐσᾷιὸἀμων
793 749 889 802 τοῦ
940 750 1139 803 πολλοῦ
1173 752 1373 820 χαλκοῦ
1411 754 1654 823 φλυαρία

1782 758 2147 824 cngitantibus
2179 769 2229 811 et
2266 759 2451 811 talium
2505 774 2672 826 pauca
2724 761 2903 812 animo
2937 759 3362 825 revolveutibus,

136 845 217 898 καὶ
244 845 293 895 εί
331 860 379 894 τι
406 841 621 894 τοιοῦτο
679 841 807 904 θέας
867 843 1038 906 ἄξιον,
1101 843 1259 912 λόγον
1298 846 1467 896 πολὺν
1532 840 1659 914 εἶχοε

1785 849 2086 918 prodigium
2132 865 2386 917 magnum
2422 859 2725 918 prmrUpttts
2766 851 3030 904 columnae
3063 865 3222 918 apes,
3256 867 3360 904 non

133 933 278 987 παλαι
309 933 470 986 ποτέ*
501 929 644 1002 ἦσαν
669 933 746 994 δὲ,
777 935 805 986 ὃ
835 951 988 1001 φασι,
1024 934 1208 1005 θαῦμα
1257 939 1481 1006 μωροῖς.
1515 937 1659 1005 Ἦμίε

1787 939 1910 1006 quia
1945 939 2136 1008 longus
2165 939 2492 1010 fasﬁgiatur,
2533 942 2625 993 sed
2683 942 2806 1009 quia
2859 957 3077 1010 gravem
3111 952 3162 994 et
3195 951 3363 995 terre-

132 1027 181 1078 δὲ
207 1027 309 1087 τοίς
341 1025 480 1076 κατὰ
508 1024 642 1076 Θεδν
677 1024 960 1093 φρονοῦσι,
1018 1027 1112 1080 καὶ
1160 1026 1318 1094 ὀλίγα
1362 1028 1470 1080 τῶν
1501 1027 1659 1080 τοιού-

1790 1045 1955 1086 είτειιι
1985 1032 2180 1086 allevat
2207 1045 2261 1086 et
2305 1032 2370 1086 ad
2419 1032 2586 1087 Deum
2643 1033 2811 1102 ipsum
2867 1034 3080 1086 adducit
3110 1044 3364 1104 tanquam

136 1133 234 1168 των
287 1116 802 1186 ἐπιστρεφομένοις,
859 1117 1040 1186 θαῦμα
1092 1118 1251 1170 τοῦτο
1307 1119 1450 1188 μέγα
1515 1121 1544 1172 ὸ
1587 1118 1683 1172 τοῦ
1799 1123 2040 1176 ςωιεειῑε
2072 1124 2322 1178 elevatio.

137 1229 156 1262 ι
191 1208 369 1262 στύλου
408 1226 430 1261 ι
471 1209 770 1280 ὑψίχρανος
798 1210 980 1278 λόφος,
1017 1211 1116 1280 οὐχ
1149 1211 1228 1264 ὃτι
1286 1212 1498 1283 μακρδς
1552 1212 1938 1282 ἐξανέστηκεν,
1967 1215 2085 1270 ἀλλ’
2141 1217 2226 1270 ὅτι
2285 1217 2378 1270 τὸν
2449 1218 2605 1272 κάτω
2647 1218 2936 1290 βεϐριθότα
3013 1221 3110 1274 καὶ
3175 1222 3364 1291 γήϊνον

131 1302 379 1368 κουφίζει,
421 1301 520 1353 καὶ
558 1301 752 1368 ἀνάγει
808 1302 943 1372 πρὸς
970 1303 1134 1356 αὐτὸν
1164 1303 1322 1368 Θεὸν,
1375 1303 1449 1367 ὡς
1479 1299 1569 1358 οἷά
1620 1323 1676 1357 τι
1713 1307 1968 1375 οὐράνιον
1993 1305 2232 1378 ἔξαρμα.

192 1396 272 1462 ξε’.
299 1399 419 1468 Χρὴ
441 1398 628 1450 τοίνυν
654 1397 748 1450 τὸν
806 1398 1049 1468 ἁσκητὴν
1104 1400 1423 1453 ἀντιδιδόναι
1480 1419 1532 1453 τι
1585 1404 1659 1453 κα

1859 1402 1949 1456 65.
1985 1403 2172 1472 Itaque
2200 1413 2438 1459 ascetam
2483 1419 2694 1475 oportet
2726 1410 2930 1476 aliquid
2969 1409 3060 1462 tali
3093 1411 3362 1463 columna:

133 1490 270 1543 αὑτὸν
295 1491 371 1558 τῷ
410 1490 642 1560 τοιούτῳ
672 1509 692 1542 ε
732 1490 927 1559 στόλῳ,
996 1509 1014 1542 ι
1061 1491 1149 1545 ἵνα
1193 1492 1471 1547 κάνταῦθα
1522 1496 1659 1565 χάριέ

1784 1504 1884 1547 reti
1903 1495 2108 1559 ibuere,
2134 1506 2190 1548 ut
2215 1499 2386 1564 gratia
2411 1500 2635 1567 gratiam
2663 1503 2838 1570 pariat
2865 1510 2919 1555 et
2939 1502 3077 1555 sicut
3103 1503 3360 1556 columna

133 1584 269 1651 χάριν
298 1583 600 1652 ἀπογεννᾷ,
629 1583 723 1635 καὶ
747 1582 936 1653 ὥσπερ
956 1586 984 1636 ὁ
1023 1603 1040 1634 t
1109 1585 1302 1649 στύλος
1337 1605 1353 1636 ι
1408 1588 1659 1656 ἀναφέρεη

1783 1585 1933 1640 illum
1984 1588 2036 1640 in
2066 1587 2232 1640 altum
2275 1589 2454 1642 evehit
2486 1602 2540 1643 et
2589 1593 2653 1642 ad
2716 1593 3112 1646 venerationem
3166 1593 3360 1654 elevat,

134 1674 295 1726 τοῦτον
348 1673 489 1740 ὑψοῦ
536 1675 633 1727 καὶ
698 1675 910 1746 ἐξαίρει
959 1677 1095 1746 πρὸς
1139 1677 1452 1747 τιμιότητα,
1500 1678 1659 1740 οὕτως

1779 1678 1858 1731 sic
1904 1678 2143 1732 vicissim
2177 1681 2491 1748 prazcellens
2523 1685 2590 1738 ab
2639 1683 2754 1748 ipso
2802 1684 3050 1736 columna
3101 1685 3362 1736 reddatur

131 1765 476 1835 ἀιιουψοῦσθαι
514 1764 672 1830 αὖθις
709 1769 801 1820 τὸν
865 1787 882 1818 t
925 1769 1114 1823 στύλον
1165 1789 1182 1820 ι
1219 1771 1310 1823 ὑπ’
1346 1770 1534 1838 αὑτοῦ,
1596 1777 1659 1835 ὡς

1775 1770 2238 1822 remuuerationis
2271 1770 2411 1824 loco.
2466 1771 2618 1837 Quod
2659 1772 2782 1836 erit,
2814 1775 2857 1825 si
2904 1773 3060 1828 bonis
3090 1775 3357 1827 celebrem

131 1855 226 1909 οἷον
247 1859 618 1922 ἁντιδοτικῶς,
645 1857 720 1912 Τὸ
749 1859 806 1912 δὲ
838 1860 1014 1925 ἔσται,
1042 1862 1137 1914 ἐὰν
1167 1863 1256 1915 ἐπ’
1305 1863 1533 1930 ἀγαθοῖς
1559 1864 1659 1916 ἀοί-

1776 1857 1956 1914 locum
2022 1873 2204 1914 asceta
2261 1861 2391 1915 facit
2443 1862 2696 1916 continua
2744 1865 2906 1930 serie,
2959 1875 3017 1918 ut
3074 1864 3187 1933 pari
3241 1863 3359 1916 zelo

129 1952 262 2020 διμον
287 1952 374 2004 τὸν
412 1953 579 2005 τόπον
608 1953 638 2005 ὁ
670 1953 914 2022 ἀσκητὴς
975 1955 1198 2022 ποιῆται
1224 1957 1343 2018 ταῖς
1377 1956 1659 2026 διαδοχαῖς

1775 1961 1827 2004 et
1865 1960 1986 2020 post
2033 1952 2206 2020 ipsnm
2262 1955 2396 2006 alter
2445 1953 2662 2016 similis,
2704 1965 2758 2007 et
2799 1955 2994 2008 iterum
3047 1963 3167 2022 post
3209 1953 3356 2006 hunc

133 2046 205 2098 iv:
227 2045 297 2114 τῷ
330 2045 430 2114 [σῳ
466 2044 616 2115 ζήλῳ
649 2049 743 2100 καὶ
770 2045 887 2114 μετ’
915 2045 1077 2099 αὐτὸν
1097 2045 1286 2116 ἕτερος
1318 2047 1526 2115 ὅμοιος,
1575 2051 1659 2102 καῖ

1778 2047 1969 2096 tertius
1999 2043 2158 2109 alius,
2195 2053 2249 2096 et
2289 2043 2366 2097 sic
2421 2055 2677 2112 perpetuo
2736 2046 2798 2097 ad
2835 2045 3142 2099 columnam
3193 2045 3352 2097 istam

131 2134 262 2198 αὖθις
294 2138 408 2207 μετ’
441 2137 652 2190 ἐκεῖνον
695 2135 961 2202 τοιοῦτος,
989 2139 1086 2191 καὶ⁸
1126 2139 1286 2192 τοῦτο
1334 2135 1512 2192 εἰσαεὶ
1577 2139 1659 2191 τοι

1776 2131 2090 2185 ascendant.
2147 2131 2285 2197 Quid
2343 2148 2471 2201 ergo
2507 2133 2736 2200 loquor?
2790 2133 2913 2186 Fias
2944 2137 3083 2186 alter
3121 2133 3285 2194 Elias,
3321 2148 3354 2186 o

134 2247 154 2284 I
175 2230 341 2282 στύλον
364 2247 381 2280 ι
404 2227 594 2282 τοῦτον
610 2228 1031 2283 ἐπαναϐαίνουσι.
1049 2230 1115 2281 Τί
1133 2231 1312 2284 τοίνυν
1328 2231 1420 2285 καλ⁸
1439 2231 1659 2284 ἐνταῦθα

1775 2225 1984 2293 stylita,
2007 2233 2061 2277 et
2086 2224 2374 2294 aliquando
2416 2226 2736 2292 discipulum
2779 2241 3083 2287 assumens,
3108 2241 3216 2278 non
3245 2223 3354 2278 dis-

127 2322 250 2391 φημί
272 2341 286 2386 ;
312 2321 471 2375 Γενοῦ
513 2322 695 2375 Ἠλιοῦ
723 2323 924 2392 τρόπον
953 2324 1096 2388 τινὰ,
1127 2318 1171 2375 ὦ
1205 2343 1224 2374 ι
1257 2325 1499 2387 στυλῖτα,
1528 2343 1548 2378 ι
1578 2327 1659 2377 καῚ

1773 2315 2003 2368 similem
2026 2316 2076 2369 in
2102 2316 2436 2370 mirabilibus
2462 2317 2692 2381 dimitte,
2715 2326 2772 2368 ut
2789 2323 2976 2370 eadem
3000 2317 3085 2368 via
3103 2317 3168 2371 ad
3194 2316 3351 2369 linem

128 2415 627 2484 ὰνιὶαμόανόμενός
659 2434 788 2469 ποτε
847 2417 982 2485 ἄφες
1020 2417 1268 2486 μαθητὴν
1297 2419 1451 2471 οὐδὲν
1487 2419 1645 2472 ἀπεοι

1773 2407 2031 2461 decurrat
2060 2419 2114 2461 et
2157 2409 2282 2463 caeli
2329 2410 2601 2477 particeps
2643 2410 2806 2463 simili
2843 2411 3002 2463 modo
3032 2409 3355 2462 mirabiliter

132 2507 244 2558 κότα
273 2509 348 2568 εἰς
374 2506 437 2559 τὸ
477 2506 805 2576 θαυμάσιον,
847 2509 944 2560 ἶνα»
982 2507 1076 2562 καὶ
1130 2510 1339 2572 ἐκεῖνος
1384 2509 1478 2562 τὸν
1510 2511 1659 2562 αὐτοι

1773 2509 2036 2562 transeat,
2085 2509 2141 2553 et
2191 2502 2271 2554 sic
2317 2501 2575 2554 emissum
2618 2501 2690 2555 sit
2727 2501 3010 2570 pulchrum
3041 2501 3170 2555 illud
3225 2517 3352 2572 per-

128 2599 302 2662 ἐὶιὶσας
317 2599 538 2670 δρόμον,
567 2600 660 2654 καὶ
688 2599 784 2653 τοῦ
811 2596 1037 2669 οὐρανοῦ
1063 2600 1373 2671 γενόμενος,
1405 2603 1470 2654 τὰ
1491 2602 1656 2670 ὅμοια

1773 2603 2052 2654 severans,
2078 2593 2218 2660 quod
2241 2601 2398 2646 antea
2434 2607 2684 2647 sermone
2714 2593 2926 2661 egregie
2949 2592 3348 2662 proclamatum

129 2691 593 2760 θαυμαστώσηται,
631 2694 725 2747 καὶ
763 2692 940 2756 οὕτως
969 2696 1176 2747 έσεῖται
1229 2694 1290 2747 τὸ
1325 2695 1492 2748 καλὸν
1517 2696 1659 2748 τουτὶ

1771 2689 1874 2733 cst.
1912 2680 2026 2735 Non
2076 2684 2222 2736 enim
2281 2683 2591 2738 dubitamus
2643 2686 2694 2736 in
2730 2686 2913 2738 multis
2962 2687 3346 2754 cogitationum

129 2787 509 2855 παραμόνιμον,
578 2784 607 2837 ὃ
649 2786 714 2856 δὴ
771 2788 866 2840 καὶ
918 2787 1108 2840 ἀνόπιν
1153 2787 1231 2856 τῷ
1283 2787 1428 2859 λόγῳ
1495 2790 1659 2842 εἰπεῖν

1773 2784 1979 2823 messes
2010 2771 2208 2824 iterum
2264 2787 2575 2840 peragrare,
2612 2773 2663 2824 in
2706 2773 2902 2841 quibus
2947 2776 3349 2841 gertttittaturos

130 2877 487 2946 εςὲηρέστηται.
548 2879 684 2932 Οὐδὲ
742 2881 851 2949 γὰρ
907 2879 1176 2948 ὀκνοῦμεν
1233 2881 1291 2932 ἐν
1352 2881 1567 2943 πολλοῖς
1600 2881 1659 2933 τέ

1771 2875 1889 2914 esse
1914 2861 2124 2916 fructus
2155 2864 2318 2931 spicis
2345 2863 2680 2918 abundantes
2700 2875 2754 2918 ct
2775 2863 3056 2917 animabus
3075 2863 3348 2933 jucundos

125 2968 216 3017 τῶν
285 2971 502 3023 ἐννοιῶν
561 2970 961 3035 ἀναπολοῦντες
1019 2972 1168 3042 λήῖα,
1250 2973 1378 3025 ἔνθα
1454 2973 1667 3042 καρπὸν

130 3058 420 3129 βλαστήσειν
484 3059 910 3132 φιλονεικοῦμεν
976 3060 1245 3132 εῦσταχυν
1307 3062 1404 3114 καὶ
1466 3063 1667 3131 ψυχαῖς

126 3148 340 3220 εὔχαριν.

1771 2965 1924 3010 certo
1955 2958 2354 3012 contendimus.

325 3244 465 3298 Ἀλλ’
498 3244 644 3300 οὕτω
699 3246 798 3317 μὲν
847 3246 1248 3318 ὲσεμνολογήθη
1281 3249 1308 3300 ὁ
1351 3246 1534 3310 ἁπλῶς
1571 3247 1659 3299 καὶ

1837 3238 1926 3293 66.
1953 3237 2059 3294 Sed
2109 3241 2186 3294 sic
2235 3241 2451 3311 quidem
2501 3245 2906 3298 venerationem
2947 3248 3344 3304 commendavit

123 3334 173 3383 ἐν
196 3335 264 3404 τῷ
293 3337 520 3390 καθόλου
555 3339 842 3408 νοούμενος
876 3358 896 3390 t
937 3339 1136 3410 στύλῳ,
1175 3357 1194 3391 ι
1228 3340 1290 3392 τό
1329 3356 1391 3407 γε
1426 3341 1506 3401 είς
1531 3341 1666 3410 ἠμε-

123 3426 263 3493 τέραν
293 3422 425 3498 ἧκον
447 3430 684 3497 δύναμιν
705 3447 719 3462 ο
753 3433 781 3482 6
828 3432 885 3484 δὲ
915 3431 1246 3502 βλεπόμενος
1275 3428 1450 3496 οὗτος,
1482 3433 1510 3484 ὁ
1540 3433 1663 3486 καθ’

127 3516 268 3581 ἡμᾶς,
305 3519 414 3589 ἔχει
454 3539 508 3573 τι
542 3524 637 3575 καὶ
693 3523 854 3576 πλέον
913 3523 1300 3593 σεμνύνασοαι,
1369 3525 1662 3577 κάντεῦθεν

126 3609 406 3677 παρακαλεί
455 3612 551 3665 καὶ
604 3613 777 3676 ἄλλως
812 3615 890 3677 είς
919 3615 1107 3683 ἀγῶνα
1139 3616 1309 3684 μείζω
1337 3617 1426 3667 τὸν
1449 3617 1537 3668 ἐπ’
1570 3618 1665 3669 αἰ-

126 3699 204 3785 τιῦ
232 3701 492 3772 ὰσκτῃήν.
527 3705 603 3757 Οὐ
636 3705 742 3777 γὰρ
771 3706 1010 3759 τέθειται
1037 3724 1138 3760 που
1169 3708 1541 3785 παράδυστος,
1568 3710 1664 3762 καὶ

127 3784 217 3854 οἷος
246 3793 278 3862 ἢ
309 3795 647 3862 ἀγνοεῖσθαι,
675 3796 708 3867 ἢ
738 3798 872 3851 ἀλλὰ
901 3799 1102 3867 ὀλίγοις
1137 3799 1294 3870 ἥκειν
1328 3804 1406 3863 εἰς
1436 3802 1659 3868 γνῶσιν.

128 3881 260 3937 Πόλει
292 3886 350 3938 δὲ
408 3888 638 3960 τοιαύτῃ
690 3891 938 3960 ἀμφαδὸν
993 3875 1421 3962 παραπέπὴγεν,
1484 3895 1562 3956 είς
1596 3894 1662 3963 ῆν

124 3973 226 4042 δίχα
254 3989 320 4044 γε
360 3979 469 4031 τῶν
497 3981 762 4050 γνησίων,
794 3984 887 4035 καὶ
917 3979 1001 4044 οἷς
1031 3985 1091 4036 τὸ
1138 3984 1420 4050 αὐθιγενὲς
1457 3985 1662 4052 ἀγαθὸν

128 4068 388 4139 ὲλλάμπει,
445 4075 540 4125 καὶ
584 4074 635 4125 οἱ
685 4076 1022 4144 πανταχόθεν
1071 4077 1515 4145 παραϐάλλουσιν
1573 4079 1664 4129 ἄν·

126 4159 330 4228 θρωποι.
367 4165 475 4216 Καὶ
501 4167 607 4234 χρὴ
638 4167 730 4218 τὸν
770 4167 1015 4236 ἀσκητὴν
1045 4167 1135 4219 τὸν
1176 4167 1410 4222 ἐνταῦθα
1459 4171 1660 4240 (ὀλίγου

124 4250 419 4324 ὄέωεῑπεῖν)
452 4259 804 4327 παγκὸσμιον
837 4261 1248 4328 ἀνα-πεφηνέναι
1305 4261 1488 4315 καλόν.
1526 4265 1663 4334 Συρ-

130 4347 317 4410 ρέουσιν
347 4349 541 4419 ἄνδρες
572 4350 808 4402 ἐνταῦθα
839 4350 966 4420 γῆς,
1002 4353 1064 4405 οὗ
1130 4353 1291 4422 μόνον
1349 4357 1542 4422 γένους
1597 4352 1658 4408 εὖ

124 4436 334 4506 ἔχοντες,
364 4440 500 4494 ἀλλὰ
528 4441 623 4493 καὶ
653 4441 886 4511 θατέρου
923 4443 1148 4512 μέρους,
1174 4444 1269 4497 καὶ
1300 4445 1359 4498 οὐ
1394 4445 1554 4515 μόνον
1569 4447 1660 4498 λό-

1765 3332 1853 3399 qui
1889 3332 2206 3398 simpliciter
2245 3343 2297 3385 et
2329 3335 2638 3388 summatim
2690 3336 2742 3389 in
2773 3337 3023 3391 columna
3069 3341 3342 3410 excogita.

1764 3433 1852 3478 ttts
1878 3436 1959 3478 est
1999 3436 2384 3490 sermo,utpro
2415 3426 2616 3482 viribus
2661 3431 2866 3485 nostris
2897 3431 3146 3487 fecimus:
3177 3447 3340 3502 quam

1763 3533 1893 3571 vero
1922 3517 2061 3588 apud
2105 3535 2204 3573 nos
2255 3520 2485 3573 vidimus
2533 3521 2618 3574 illa
2658 3523 2888 3592 amplius
2915 3529 3042 3594 quid
3069 3527 3340 3582 babetve-

1763 3611 2023 3675 nerabile,
2059 3602 2138 3664 ἐι
2187 3610 2384 3664 exinde
2446 3612 2511 3664 ad
2570 3612 2827 3681 majorem
2889 3629 3114 3684 agonem
3175 3631 3340 3688 supra

1763 3712 1996 3756 stantem
2060 3712 2293 3756 ascdatn
2352 3704 2567 3758 invitat.
2633 3703 2749 3759 Non
2809 3707 2952 3761 enim
3004 3708 3198 3763 alicubi
3255 3726 3341 3765 re-

1763 3797 2010 3848 cauditnr
2061 3803 2124 3847 ut
2173 3801 2267 3850 aut
2311 3797 2590 3865 ignoretur
2639 3806 2732 3851 aut
2780 3800 2966 3866 paucis
3032 3800 3341 3856 innotescat

1761 3873 1902 3940 Ante
1957 3886 2144 3939 urbem
2199 3886 2336 3940 hanc
2385 3888 2658 3956 propalam
2700 3889 2873 3943 locata
2921 3899 3004 3944 est
3052 3890 3120 3948 ad
3170 3907 3334 3958 quam

1764 3977 2053 4044 separatim
2086 3992 2114 4029 a
2163 3977 2495 4048 vulgaribus,
2525 3986 2579 4032 et
2607 3979 2806 4047 quibus
2837 3980 3102 4047 peculiare
3130 3981 3337 4036 bonum

1763 4069 2001 4138 cli'ulget,
2047 4079 2099 4121 et
2138 4071 2494 4138 tmdequaque
2539 4071 2831 4124 adventant
2855 4071 3123 4126 homines.
3154 4072 3218 4125 Et
3245 4073 3339 4128 hic

1763 4162 2012 4215 Ascetam
2048 4172 2262 4232 oportet
2300 4161 2562 4232 (parvum
2597 4165 2748 4217 abest
2805 4165 2933 4232 quin
2973 4165 3188 4234 dicam)
3215 4169 3338 4219 uni-

1763 4255 2048 4309 versaliter
2070 4255 2347 4324 pulcbrmn
2373 4270 2655 4325 apparere.
2683 4255 2762 4309 Ad
2784 4257 2922 4310 hanc
2943 4257 3217 4328 regionem
3251 4258 3336 4312 af-

1761 4346 1932 4401 ﬂuunt
1961 4349 2040 4401 vir
2064 4350 2189 4402 inon
2213 4351 2386 4403 solum
2425 4349 2618 4404 nobilis
2643 4351 2880 4418 generis,
2905 4352 3000 4405 sed
3031 4358 3086 4405 et
3112 4350 3343 4406 alterius

1761 4439 2114 4504 conditionis,
2142 4455 2240 4494 nec
2267 4441 2438 4494 solum
2466 4441 2678 4510 egregie
2707 4441 2876 4504 docti,
2904 4441 2997 4495 sed
3035 4450 3090 4494 et
3115 4441 3338 4510 reliquae

125 4543 230 4594 γιοι,
260 4531 396 4584 ἀλλὰ
426 4533 521 4585 καὶ
550 4533 642 4585 τοῦ
679 4533 868 4586 λοιποῦ
897 4534 1033 4604 βίου,
1083 4535 1179 4588 καὶ
1207 4535 1267 4588 οὐ
1304 4535 1465 4604 μόνον
1497 4554 1652 4590 συνε-

1762 4533 1883 4584 vitae
1903 4549 1918 4597 ;
1937 4546 2036 4585 nec
2065 4530 2234 4585 solum
2259 4533 2567 4600 prudentes,
2587 4530 2679 4584 sed
2700 4539 2754 4583 et
2780 4531 2910 4600 lapsi
2932 4547 2948 4596 ;
2972 4541 3029 4583 ut
3053 4531 3233 4584 omnia
3254 4530 3339 4583 di-

123 4621 211 4682 τοὶ,
249 4623 384 4677 ἀλλὰ
438 4625 532 4678 καὶ
577 4624 850 4679 ἀνάπαλιν
902 4627 1211 4690 πίπτοντες.
1253 4628 1364 4681 Καὶ
1431 4629 1657 4682 τὸ”ὃλον

124 4713 290 4780 εἰπεῖν,
334 4717 489 4782 γένος
521 4718 669 4771 ἅπαν
699 4719 794 4771 καὶ
823 4719 1165 4787 πανταχόθεν
1193 4718 1496 4789 ἄνθρωποι.
1519 4722 1657 4773 Τού-

121 4817 217 4866 τοις
254 4808 752 4879 προσενεχθήσεται
791 4810 819 4861 ὁ
880 4827 899 4859 σ
935 4809 1188 4879 στυλίτης
1228 4829 1246 4862 ι
1305 4805 1482 4874 οὗτος,
1517 4811 1659 4865 καθὰ

121 4894 201 4945 καὶ
224 4897 412 4964 χρεὼν,
446 4902 540 4952 καὶ
566 4899 626 4950 τὸ
657 4901 766 4952 πᾶν
801 4900 993 4968 φάναι,
1027 4900 1424 4964 ἁποστολικῶς.
1447 4902 1656 4956 Ἀπασι

121 4983 211 5053 γὰρ
230 4990 292 5040 τὰ
324 4991 501 5044 πάντα
529 4993 846 5060 γενήσεται,
879 4992 967 5045 ἶνα
984 4993 1226 5064 κερδήσῃ
1251 4994 1376 5055 τοὺς
1408 4995 1656 5059 ἅπαντας

122 5075 187 5137 εἰς
210 5078 360 5143 δόξαν
391 5081 551 5134 Θεοῦ·
583 5082 644 5134 οὐ
667 5083 994 5135 κολακεύσει
1018 5086 1077 5137 ἐν
1109 5085 1184 5154 μὴ
1229 5085 1423 5147 δέοντι,
1456 5085 1532 5148 ὡς
1591 5086 1656 5140 ἂν

123 5167 185 5233 μὴ
211 5175 296 5223 καὶ
327 5174 654 5246 καπηλεύσῃ
683 5173 781 5244 τὴν
815 5174 1093 5242 ἀλήθειαν
1122 5175 1232 5228 οὐδ’
1260 5175 1328 5229 αῦ
1363 5177 1505 5246 πρὸς
1525 5178 1658 5230 πάν-

119 5272 202 5322 τας
255 5266 620 5335 ἀγριανεῖται,
683 5267 756 5336 μὴ
817 5269 910 5321 καὶ
979 5268 1382 5338 κατεγκληθεέη
1441 5270 1499 5321 τὸ
1554 5272 1656 5339 τῆς

122 5357 409 5425 παρρησίας
436 5359 669 5429 ἄκαιρον
692 5373 706 5386 ·
740 5361 835 5413 καὶ
884 5357 1007 5411 οὔτε
1043 5361 1245 5422 πάντας
1286 5361 1524 5423 ἐπαίνοις
1553 5379 1654 5414 κα-

119 5446 342 5513 ταϐρέξει
372 5452 627 5519 (ἄρεσκος
654 5451 762 5521 γὰρ
792 5450 966 5514 οὕτως
997 5450 1172 5520 ἔσται)
1193 5467 1209 5484 ο
1240 5451 1350 5504 οὐδ’
1382 5447 1448 5505 αῦ
1485 5452 1654 5521 χαλα-

120 5533 372 5611 ζοεολήσει
397 5543 470 5604 ὡς
498 5543 595 5610 ἀφ’
625 5542 790 5612 ὕψους
821 5547 1015 5597 τούτου
1041 5547 1162 5607 ταῖς
1199 5543 1390 5612 ὕϐρεσι
1421 5545 1652 5613 (θηριῶ-

120 5625 186 5687 δες
207 5631 308 5699 γὰρ
359 5635 418 5684 τὸ
464 5635 683 5703 πάθος).
732 5635 885 5704 Τάχα
943 5635 999 5686 δέ
1063 5652 1165 5686 που
1222 5636 1312 5686 καὶ
1376 5629 1488 5686 οἷον
1523 5634 1654 5697 ἔπος

121 5717 244 5787 εἴπῃ,
274 5724 411 5774 τοῖον
460 5725 787 5792 ἐπακηκοὼς
847 5727 1094 5793 αἰσχυνεῖ
1151 5726 1241 5776 τὸν
1288 5721 1496 5787 ἔνδοξον
1563 5724 1653 5776 ἆν-

120 5803 311 5875 ῧρωπον
339 5829 352 5842 ·
378 5814 473 5886 ήδη
505 5815 562 5867 δὲ
612 5815 707 5867 καὶ
741 5817 1062 5887 κατάκριμα
1113 5816 1246 5884 ἕξει,
1298 5815 1370 5878 ὡς
1404 5813 1659 5886 βλασφηι

1761 4639 1876 4677 cam
1901 4639 1966 4678 ex
1998 4624 2142 4677 omni
2167 4639 2364 4694 genere
2393 4632 2447 4677 et
2472 4623 2593 4677 loco
2623 4623 2890 4676 homines.
2923 4623 3127 4688 Quibus
3147 4630 3333 4674 osten-

1761 4717 1918 4771 detur
1965 4715 2146 4787 stylita
2198 4716 2288 4770 ille
2333 4725 2493 4782 prout
2526 4729 2660 4783 Opus
2709 4714 2836 4778 erit,
2866 4728 2972 4765 uno
3020 4713 3206 4775 verbo,
3231 4727 3335 4780 pro

1762 4823 1910 4861 more
1938 4808 2255 4876 apostolico.
2291 4805 2418 4861 Nam
2449 4805 2700 4860 omnibus
2727 4805 2906 4859 omnia
2941 4804 3028 4857 iiet
3057 4815 3114 4856 ut
3139 4817 3334 4859 omnes

1761 4899 1826 4952 ad
1898 4898 1988 4953 Dei
2048 4899 2272 4966 gloriam
2332 4897 2605 4962 lucretur;
2668 4911 2772 4948 non
2825 4895 2941 4949 sine
3003 4895 3332 4948 necessitate

1760 4991 2083 5055 blandietur,
2123 5005 2220 5043 nec
2265 4989 2546 5043 veritatem
2578 4988 2747 5056 pretio
2778 4988 3004 5051 vendet;
3057 5001 3160 5038 non
3205 5000 3328 5038 cum

1758 5083 2008 5136 onmibus
2035 5080 2259 5134 acerbus
2277 5083 2400 5146 erit,
2421 5094 2486 5132 ne
2506 5088 2764 5148 arguatur
2784 5077 3053 5131 liberioris
3079 5074 3327 5146 loquelae,

1761 5191 1862 5228 nec
1901 5189 2086 5227 omnes
2139 5173 2382 5226 laudibus
2437 5181 2682 5240 asperget
2727 5171 3008 5239 (capta-tor
3055 5167 3199 5222 enim
3247 5168 3329 5222 sic

1759 5265 1932 5335 esset)
1963 5282 1976 5331 ;
2019 5281 2117 5318 nec
2149 5265 2216 5317 ab
2247 5263 2355 5316 alto
2385 5263 2477 5315 illo
2509 5261 2738 5329 injurias
2767 5258 3147 5330 grandiuabit(
3175 5257 3328 5312 ferox

1758 5359 1904 5410 enim
1949 5358 2032 5410 hic
2066 5355 2294 5410 aﬂ‘ectus
2333 5363 2414 5408 est
2447 5353 2500 5423 ).
2535 5355 2737 5408 Forsan
2777 5367 2907 5406 vero
2951 5352 3056 5404 tale
3104 5351 3326 5403 verbum

1760 5447 1903 5501 dicat
1949 5461 2056 5514 quo
2107 5446 2316 5514 prolato
2345 5446 2518 5498 virum
2556 5444 2820 5500 illustrem
2866 5441 3184 5501 confundat,
3215 5439 3325 5504 jam

1758 5551 1809 5593 ct
1855 5539 2256 5593 damnationem
2291 5537 2512 5591 babebit
2543 5547 2794 5604 tanquam
2828 5533 3175 5601 blasphemiae
3207 5541 3324 5580 ma.-

1759 5635 1946 5702 gister.
1971 5632 2083 5698 Ego
2113 5647 2242 5686 vero
2273 5631 2393 5684 novi
2427 5629 2572 5682 illum
2611 5643 2715 5681 non
2749 5626 2812 5679 ad
2849 5637 3069 5677 munera
3097 5619 3321 5674 surdum

1759 5726 1874 5777 fore
1905 5741 2001 5794 pro
2032 5723 2449 5778 ferventioribus
2472 5721 2614 5775 circa
2648 5717 2776 5771 illud
2809 5715 2961 5779 viris,
2990 5711 3080 5780 qui
3111 5711 3162 5760 itt
3185 5707 3328 5762 elee-

1762 5833 1982 5890 mosyna
2017 5814 2301 5872 exercitati
2337 5829 2530 5869 manus
2559 5809 2847 5880 porrigunt
2894 5805 2959 5860 iis
2987 5816 3124 5872 quos
3157 5801 3327 5858 bonos
