3916 6244
483 284 591 348 259

1152 278 1579 341 EUSTATHU
1623 277 2056 338 THESSALOF

2165 276 2383 339 ENSIS
2420 276 2981 338 ΜΕΤΒΟΡΟΗΤίΕ

3631 276 3742 338 £60

484 398 881 467 persuasit/um,
944 409 1065 448 esse
1105 393 1156 448 in
1201 394 1306 448 vita
1360 395 1624 464 quosdam
1658 411 1686 449 a
1721 394 1855 448 mari
1909 394 2052 448 circa

2165 391 2365 461 μένειν,
2401 393 2496 445 καὶ
2533 391 2949 461 καθεστηκότως
2985 389 3274 460 ἡδρᾶσθαι,
3308 389 3401 443 καὶ
3431 389 3531 458 τῆς
3563 392 3742 458 καλῆς

478 491 632 559 ipsos
652 498 914 544 aestuante
933 488 1165 551 ablutos,
1187 496 1327 540 tutus
1348 503 1473 540 vero
1495 497 1548 540 et
1570 496 1900 540 constantes.
1922 486 2056 539 Ecce

483 583 628 637 enim
658 593 854 636 terram
874 579 1120 646 quatiens
1143 594 1289 632 mare
1315 579 1510 632 inultas
1537 579 1752 632 inclusit
1783 578 2051 648 regiones,

487 683 593 721 non
631 668 960 722 eratlicatas.

2165 485 2242 553 μὴ
2271 484 2694 553 παρακινεϊσθαι
2725 484 2990 546 στάσεως.
3030 482 3380 551 Κατάπεμπε
3414 481 3470 534 δὲ
3499 482 3596 534 καὶ
3623 484 3742 534 τοῖς

2163 576 2553 644 ἐντυγχάνουσι
2580 575 2953 638 διδασκαλίαν,
2979 575 3056 638 ὡς
3096 576 3154 626 οὗ
3192 576 3331 628 πάνυ
3373 573 3658 638 δύσκολον,
3684 577 3742 624 ἐν

2167 668 2265 737 βίῳ
2293 669 2391 738 μὲν
2424 664 2562 720 εἶναι
2587 670 2738 730 τινας
2769 670 2861 720 καὶ
2896 669 2961 736 τῇ
2989 666 3108 720 κατ’
3135 665 3298 718 αὑτὸν
3328 665 3576 736 Θαλάσσῃ
3607 665 3741 716 κλύ-

477 763 694 826 ζεσθαι,
719 762 975 830 ἀσφαλῶς
1003 761 1058 814 δὲ
1078 761 1220 831 ἔχειν
1247 765 1338 815 καὶ
1358 763 1648 832 φυλάττειν
1674 765 1734 816 τὸ
1763 763 2050 832 στάσιμον.
2106 763 2234 817 Ἰἷοὺ
2268 766 2378 835 γὰρ
2421 769 2514 818 καλ⁵
2566 768 2598 834 ἠ
2646 764 2938 834 ἐνοσίχθων
3006 760 3145 832 αὕτη
3219 763 3467 818 Θάλασσα
3510 762 3744 825 πολλοὺς

483 861 812 929 ὲναπείληφε
861 860 1081 923 τόπους,
1132 859 1225 922 οὓς
1251 859 1436 912 οὐκᾶν
1481 858 1758 927 διατινὰξῃ
1794 854 2256 926 ἁναμοχλεύουσα.

555 954 641 1008 75.
690 954 781 1008 llic
813 955 1105 1023 patientem
1145 954 1246 1008 Job
1272 955 1492 1018 exhibe,
1517 965 1568 1008 et
1590 963 1856 1024 quotquot
1887 954 2060 1022 ipsius

485 1046 658 1100 instar
677 1045 941 1115 (sexcenti
965 1046 1111 1115 sunt)
1132 1047 1183 1099 in
1212 1046 1436 1100 istarum
1457 1046 1831 1100 testimonium
1857 1060 2059 1099 rerum.

474 1138 679 1192 Coram
740 1137 911 1192 oculis
962 1137 1068 1190 luis
1101 1138 1283 1207 jaceut
1311 1147 1365 1193 et
1404 1137 1616 1192 diverse
1665 1138 1964 1206 piscantes,
2007 1147 2062 1190 et

484 1229 578 1282 tibi
632 1227 754 1282 inde
799 1229 1096 1283 similitudo
1145 1231 1492 1294 assumenda,
1552 1231 1675 1284 inde
1708 1232 1775 1284 ab
1811 1230 1924 1284 alto
1960 1229 2060 1284 do-

484 1321 726 1376 cumenti
761 1320 870 1374 vim
902 1322 1153 1376 emittere
1179 1333 1229 1376 et
1257 1322 1552 1392 apostolice
1586 1321 1831 1377 homines
1861 1323 2059 1393 piscari

481 1422 535 1465 et
567 1427 598 1466 e
625 1411 749 1465 vitae
773 1411 1047 1482 salsugine
1074 1415 1306 1482 Optimos
1333 1414 1617 1468 extrahere
1653 1414 1830 1482 pisces
1863 1429 2062 1482 eosque

493 1505 582 1571 qui
612 1503 984 1574 evangelicum
1025 1515 1278 1560 staterem
1307 1517 1503 1576 gerunt
1529 1506 1594 1560 ad
1626 1505 1942 1560 solvendum
1971 1506 2054 1560 di-

489 1596 773 1659 drachma,
806 1605 858 1650 et
889 1611 1022 1665 quos
1047 1597 1272 1652 dixerim
1317 1599 1650 1668 pinguiores,
1680 1599 1769 1668 qui
1798 1600 1920 1654 vitae
1943 1600 2062 1668 pino

476 1685 714 1752 gat-diue
747 1685 1003 1741 fruuntur
1045 1698 1099 1742 et
1141 1699 1296 1756 aptos
1347 1691 1438 1760 qui
1486 1689 1600 1745 sale
1629 1699 1980 1745 asserventur
2006 1697 2059 1744 et

486 1777 578 1841 qui
615 1793 803 1833 carnes
847 1779 1166 1834 calefaciaut
1198 1791 1380 1850 utpote
1430 1783 1519 1852 qui
1551 1782 1734 1836 carnis
1771 1783 2053 1837 humorem

491 1869 902 1937 temperantiam
933 1881 985 1925 et
1015 1873 1438 1926 exsiccatioueru
1468 1882 1787 1942 provocant.

555 2127 644 2181 ⁵14.
683 2129 887 2184 Fremit
933 2149 1100 2198 mare,
1148 2149 1308 2201 super
1349 2133 1526 2189 vicina
1569 2137 1747 2199 saltat,
1781 2136 1836 2190 in
1872 2139 2058 2193 ιρι-ιιιὶ-

484 2233 611 2270 num
647 2221 760 2272 vult
807 2221 1115 2287 incurrere;
1150 2239 1180 2278 ιι
1211 2225 1388 2276 furore
1421 2225 1465 2278 si
1502 2227 1816 2294 reprimitur
1856 2227 2052 2283 iterum

487 2310 538 2361 in
571 2311 806 2378 seipsum
845 2315 1232 2375 retrngreditur
1259 2324 1318 2368 et
1349 2317 1484 2369 ultra
1518 2327 1753 2372 statutos
1792 2322 2056 2376 terminos

479 2401 988 2469 transgrediendum
1043 2420 1147 2458 non
1198 2421 1316 2460 csse
1358 2407 1542 2462 discit.
1600 2409 1712 2464 lioc
1744 2410 2055 2466 documenti

480 2501 745 2557 punctum
778 2494 952 2560 pande
979 2505 1163 2548 contra
1192 2512 1287 2552 cos
1318 2499 1406 2568 qui
1441 2499 1740 2555 vicinorum
1775 2503 1912 2557 bona
1937 2518 2057 2558 sur-

480 2579 659 2648 ripere
709 2582 930 2647 volunt,
985 2595 1039 2638 et
1092 2589 1355 2643 terminos
1403 2590 1702 2648 inscribere
1748 2602 1803 2648 et
1859 2595 2056 2651 ulceris

482 2685 636 2723 more
670 2671 896 2726 farnisve
949 2675 1272 2731 insatiabilis
1307 2679 1482 2735 aliena
1518 2680 1796 2740 aﬂ'ectare.
1827 2685 2056 2756 Salsugo

483 2760 701 2827 quidem
736 2778 902 2828 mare,
935 2766 1075 2820 unde
1104 2769 1346 2822 ascendit
1381 2780 1538 2838 potus
1579 2773 1883 2832 abundans.
1920 2775 2056 2832 Mul-

487 2861 569 2905 tos
595 2854 727 2907 doce
750 2858 1017 2924 quomodo
1041 2871 1262 2924 possunt
1291 2875 1483 2916 omnes
1514 2865 1758 2919 homines
1788 2866 1911 2920 boni
1937 2883 2056 2924 esse

475 2949 538 2995 et
575 2945 771 2997 amoeni
817 2946 932 2998 fieri
969 2949 1339 3018 potaliilesque
1375 2952 1426 3004 in
1464 2953 1653 3009 usibus
1695 2956 1838 3019 vita),
1871 2969 1924 3012 et
1957 2960 2056 3013 ite-

480 3047 604 3086 rum
655 3035 926 3089 subamari
980 3047 1034 3092 et
1079 3039 1502 3098 inaccessibiles.
1554 3043 1705 3101 Tunc
1757 3063 1886 3103 vero
1944 3066 2056 3106 nie-

485 3125 710 3179 mineris
739 3130 1008 3196 quomodo
1035 3146 1200 3200 rapax
1245 3133 1327 3188 leo
1363 3145 1416 3189 ct
1443 3137 1660 3207 rugiens
1689 3139 1931 3200 dicatur:
1961 3144 2053 3199 sed

2229 949 2327 1020 ογ’.
2368 953 2614 1023 Πρόφερε
2648 952 2744 1006 καὶ
2781 951 2874 1006 τὸν
2920 952 3252 1024 καρτερικδν
3311 953 3434 1006 Ἰὼϐ
3476 939 3740 1007 ἐνταῦθα.

2161 1043 2256 1096 καὶ
2288 1044 2416 1108 τοὺς
2451 1045 2566 1098 ὅσοι
2603 1044 2726 1098 κατ’
2764 1043 3182 1115 αὑτὸν,(μυρὶοι
3234 1045 3292 1098 δὲ
3333 1045 3554 1115 ἐκεῖνοι)
3604 1049 3742 1115 πρῆς

2164 1137 2326 1204 λόγου
2376 1136 2698 1208 μαρτύριον.
2746 1136 3069 1207 Πρὸκεινταί
3107 1153 3190 1189 σοι
3225 1137 3325 1205 τῆς
3359 1136 3538 1206 ὅψεως
3571 1139 3660 1189 καὶ
3693 1140 3744 1190 οἱ

2161 1228 2514 1296 πολυτρόπως
2546 1227 2872 1293 ἁλιεύοντες,
2897 1225 3046 1279 ἔστιν
3070 1220 3130 1279 οὗ
3162 1225 3254 1280 καὶ
3285 1228 3372 1279 σοὶ
3396 1228 3518 1280 καθ’
3543 1229 3734 1295 ὁμοιό-

2162 1336 2324 1389 τητα,
2353 1318 2604 1373 ἐντεῦθεν
2633 1319 2727 1388 ἀφ’
2759 1319 2931 1386 ὕψους
2959 1319 3207 1374 καθιέναι
3235 1320 3334 1390 τὴν
3356 1320 3454 1388 τῆς
3473 1321 3742 1373 6:61:32:-

2163 1413 2285 1474 λίας
2315 1412 2536 1480 ὁρμιὰν,
2563 1413 2659 1465 καὶ
2696 1411 2938 1466 ἁλιεύειν
2969 1412 3297 1482 ἀνθρώπους
3333 1413 3739 1475 ἀποπολικῶς.

2164 1504 2260 1558 καὶ
2286 1505 2540 1574 ἀνασπᾷν
2578 1505 2644 1556 ἐκ
2681 1503 2782 1574 τῆς
2830 1502 2977 1557 κατά
3035 1503 3149 1574 βίον
3179 1502 3510 1575 ἁλυκότητος
3546 1505 3742 1573 ἰχθύας

2161 1595 2470 1665 νοστίμους,
2506 1598 2601 1650 καὶ
2645 1597 2772 1660 τοὺς
2821 1595 2913 1649 τὸν
2959 1596 3315 1664 εὐαγγελικδν
3353 1597 3452 1667 μὲν
3489 1597 3745 1666 σταθῆρα

2165 1688 2430 1758 φέροντας
2456 1689 2534 1750 είς
2563 1687 2822 1753 διάδοσιν,
2855 1688 2948 1740 καὶ
2975 1687 3049 1751 ὡς
3079 1689 3256 1742 εἰπεῖν
3287 1689 3736 1757 εὐλιπεστέρους,

2159 1773 2240 1842 οἷς
2289 1777 2522 1848 πιότητα
2571 1777 2687 1846 βίου
2740 1778 3102 1848 περίκεινται,
3137 1781 3232 1833 καὶ
3277 1781 3404 1844 τοὺς
3447 1782 3530 1840 εἰς
3572 1797 3740 1848 ταρι-

2159 1868 2404 1938 χείανδὲ
2441 1868 2678 1937 μάλιστα
2721 1867 2972 1932 εὐθέτους
3021 1881 3116 1923 και
3153 1871 3372 1939 σαρκῶν
3419 1871 3736 1935 στάθευσιν,

2161 1959 2250 2013 διὰ
2273 1959 2331 2012 τὸ
2350 1958 2772 2029 ἐγκρατευτικὸν
2794 1959 2890 2013 καὶ
2907 1957 3232 2031 ξηραντικὸν
3257 1961 3355 2024 τῆς
3385 1961 3526 2016 κατὰ
3553 1962 3740 2031 σάρκα

2162 2052 2482 2124 ὑγρότητος.

2230 2147 2319 2200 οδ¹.
2367 2146 2620 2216 Ὠρύεται
2651 2147 2682 2216 ή
2711 2145 2977 2207 θάλασσα,
3019 2145 3114 2197 καὶ
3149 2145 3370 2214 ἐμπηδᾷ
3399 2146 3464 2214 τῇ
3493 2144 3735 2210 γείτονιο

2161 2241 2255 2292 καὶ
2287 2239 2651 2308 κατατρέχειν
2693 2240 2791 2309 μὲν
2825 2240 2994 2309 αὐτὴν
3024 2240 3103 2303 είς
3136 2241 3287 2302 τέλος
3320 2238 3595 2307 βούλεται,
3623 2239 3740 2306 εῐρ-

2162 2347 2317 2398 γεται
2357 2331 2412 2383 δὲ
2449 2332 2545 2399 τῆς
2595 2332 2815 2401 μανίας,
2859 2331 2954 2384 καὶ
3007 2331 3299 2399 στρέφεται
3356 2329 3478 2383 καθ’
3533 2328 3738 2397 ἑαυτῆς

2167 2421 2558 2491 παλίντροπος,
2595 2421 2692 2474 καὶ
2746 2421 3010 2491 μανθάνει
3044 2421 3118 2491 μὴ
3149 2421 3216 2475 τὰ
3243 2421 3533 2489 τεθειμένα
3565 2420 3740 2490 ὑπερ·

2163 2512 2369 2566 ϐαίνειν
2398 2513 2548 2582 ὅρια.
2601 2514 2777 2566 Τόπον
2829 2514 3020 2568 τοῦτον
3067 2514 3420 2577 διδασκαλίας
3466 2513 3556 2584 έχε
3589 2515 3736 2566 κατά

2159 2604 2270 2658 τῶν
2300 2606 2563 2660 θελόντων
2599 2607 2950 2661 ὑποσπᾶσθαι
2997 2608 3065 2661 τά
3105 2608 3212 2660 τῶν
3263 2606 3458 2670 πέλας,
3490 2610 3586 2659 καὶ
3615 2609 3740 2673 ὀρο-

2159 2696 2408 2764 γλυφεῖν,
2439 2701 2532 2750 καὶ
2585 2699 2728 2750 κατὰ
2775 2715 2896 2751 τινα
2945 2698 3161 2768 ’έρπητα
3203 2697 3360 2766 ἢκαὶ
3401 2698 3736 2764 φαγέδαιναν

2161 2787 2516 2856 ἐπινέμεσθαι
2544 2787 2604 2840 τὺ
2631 2788 2931 2858 ἀλλότριον.
2986 2788 3236 2856 ’Ᾱλμυρά
3267 2789 3367 2857 μὲν
3395 2790 3429 2858 ἡ
3461 2788 3732 2851 θάλασσα,

2161 2877 2222 2943 ἐξ
2245 2879 2420 2946 αὐτῆς
2463 2877 2520 2930 δὲ
2554 2877 2817 2943 ἀνάγεται
2846 2879 2906 2931 τὸ
2938 2879 3170 2947 πότιμον
3196 2878 3454 2932 ἄπλετον.
3490 2879 3732 2931 Παξδευε

2159 2969 2285 3028 τοὺς
2340 2966 2590 3030 πολλοὺς,
2635 2967 2711 3030 ὼς
2766 2966 3020 3020 δύνανται
3078 2969 3174 3020 καὶ
3210 2967 3411 3031 πάντες
3455 2967 3736 3035 ἄνθρωποι

2160 3057 2357 3124 ἀγαθοί
2386 3075 2445 3110 τε
2480 3054 2642 3124 εἶναι,
2682 3058 2777 3112 καὶ
2825 3059 3049 3126 γλυκεῖς
3083 3061 3348 3128 ἐντυχεῖν,
3383 3061 3479 3111 καὶ
3511 3059 3738 3129 πότιμοι

2161 3147 2229 3201 τὰ
2258 3149 2339 3210 εἰς
2367 3148 2625 3213 διάδοσιν,
2657 3150 2750 3202 καὶ
2778 3145 2934 3213 αὖθις
2977 3150 3269 3219 ὑπόπικροι
3298 3152 3392 3203 καὶ
3422 3149 3734 3220 ἀπρόσιτοι.

483 3217 730 3273 novimus
784 3221 946 3274 etiam
1003 3226 1270 3292 quomodo
1303 3227 1428 3280 ulim
1467 3243 1536 3283 ex
1583 3229 1901 3289 devoratore
1956 3237 2056 3291 mel

2173 3239 2442 3293 Ἐνταῦθα
2483 3239 2539 3291 δὲ
2571 3241 2977 3311 ἁναμίμνησκε,
3020 3243 3114 3294 καὶ
3157 3217 3231 3304 ὥς
3267 3217 3530 3311 ἁρπάζων
3576 3242 3678 3311 μὲν
3708 3244 3738 3296 6

482 3308 633 3363 exiit.
674 3310 736 3364 Et
764 3310 969 3368 Cratere
1011 3315 1293 3383 sapientia:
1321 3333 1604 3375 sermones
1650 3322 1702 3376 hi
1734 3325 1952 3392 quidem
2000 3327 2054 3382 in

484 3401 720 3464 ruinam,
773 3404 826 3457 iu
877 3407 1100 3460 alteram
1142 3419 1350 3476 partem
1393 3411 1470 3464 illi
1510 3413 1710 3468 multos
1738 3417 2051 3474 ducebant:

479 3500 538 3544 et
570 3494 819 3546 universe
851 3497 1160 3563 dicendum,
1191 3501 1268 3554 sic
1309 3513 1363 3556 et
1411 3505 1488 3558 sic
1515 3508 1811 3560 secundum
1841 3509 2058 3578 opposi-

481 3591 593 3636 tam
628 3585 1023 3642 ordinationem
1059 3592 1238 3662 quivis
1266 3593 1425 3648 homo
1455 3606 1653 3666 petcst.

559 3859 650 3915 75.
692 3860 990 3920 Considera
1040 3867 1168 3921 mihi
1207 3870 1371 3926 maris
1414 3885 1681 3941 Spumas:
1729 3876 1863 3930 nihil
1904 3888 2053 3945 sunt,

484 3952 586 4007 nisi
613 3953 836 4010 forsitan
867 3957 1084 4015 subtilis
1116 3963 1398 4030 cujusdam
1431 3965 1658 4033 spiritus
1692 3972 2057 4037 repereussio,

483 4058 604 4110 qua:
652 4047 990 4113 perlucidum
1048 4052 1191 4119 quod
1253 4064 1479 4122 apparet
1541 4057 1608 4110 ad
1650 4059 1836 4113 album
1885 4061 2057 4116 addu—

477 4128 600 4195 cit;
635 4131 737 4186 hoc
776 4136 1124 4190 accommoda
1165 4140 1230 4192 ad
1269 4157 1446 4195 minas
1485 4143 1539 4196 in
1577 4145 1686 4198 vita
1721 4161 1911 4200 eorum
1962 4150 2054 4218 qui

485 4227 554 4279 ad
607 4227 806 4282 bonum
846 4229 976 4282 nihil
1034 4233 1420 4298 contribuuut;
1473 4245 1526 4290 et
1561 4237 1694 4293 doce
1754 4239 1885 4293 nihil
1935 4257 2058 4298 esse

480 4314 625 4382 illas,
643 4319 736 4372 sed
765 4317 992 4374 forsitan
1016 4321 1262 4389 spiritum
1294 4323 1345 4376 in
1369 4325 1642 4380 excelsum
1671 4343 1734 4381 ex
1757 4329 2057 4387 sulﬂatioue

485 4408 865 4476 prodeuntem,
918 4426 1024 4466 non
1063 4413 1351 4469 habentem
1387 4416 1527 4470 unde
1557 4429 1877 4476 moveantur
1925 4437 2057 4476 con-

477 4507 690 4555 stantes
722 4511 775 4557 et
811 4517 840 4557 a
876 4503 1130 4559 ﬁrmitate
1157 4505 1235 4559 vel
1266 4521 1294 4558 a
1325 4507 1606 4577 proposito
1631 4510 1909 4568 decidant.

2157 3328 2297 3383 λέων
2325 3333 2420 3384 καὶ
2443 3331 2755 3402 ὠρυόμενος
2778 3332 2995 3403 εἴρηται
3012 3351 3026 3365 ο
3055 3333 3170 3386 ἀλλ’
3200 3333 3424 3402 οἴδαμεν
3449 3334 3562 3396 καὶ,
3587 3334 3736 3396 ὅπως

2158 3421 2348 3488 ἐξῆλθέ
2383 3439 2515 3474 ποτε
2551 3424 2674 3493 μέλι
2707 3423 2765 3487 ἐξ
2814 3422 3080 3486 ἐσθοντος.
3131 3425 3240 3476 Καὶ
3271 3424 3421 3490 λόγοι
3448 3424 3503 3476 δὲ
3541 3425 3734 3492 σοφίας

2167 3513 2514 3582 Ἑλληνικῆς,
2552 3515 2601 3566 οἱ
2649 3515 2750 3583 μὲν
2784 3515 2881 3584 τὴν
2927 3515 3008 3577 είς
3045 3514 3291 3585 ὄλεθρον,
3325 3516 3376 3567 οἱ
3405 3515 3462 3568 δὲ
3494 3515 3597 3586 τὴν
3639 3517 3733 3568 ἐπι

2158 3605 2360 3673 θάτερα
2394 3605 2621 3665 πολλοὺς
2657 3606 2864 3673 ἦγαγον
2895 3621 2911 3637 ⁸
2948 3606 3040 3658 καὶ
3080 3606 3220 3667 ὅλως
3260 3608 3456 3667 εἰπεῖν,
3485 3606 3562 3669 ὡς
3589 3608 3734 3661 οὕτω

2159 3699 2255 3751 καὶ
2284 3696 2429 3749 οὕτω
2476 3697 2621 3750 κατὰ
2669 3696 2923 3750 ἐναντίαν
2956 3698 3198 3752 διάθεσιν
3247 3699 3392 3759 ἅπας
3446 3699 3734 3770 ἄνθρωπος

2154 3790 2402 3845 δύναται.

2227 3878 2322 3933 oe'.
2358 3879 2699 3935 Διασκέπτου
2734 3879 2829 3932 καὶ
2861 3879 2986 3942 τοὺς
3018 3878 3336 3943 θαλαττίους
3370 3881 3599 3950 ἀφροὺς,
3634 3900 3736 3950 μη-

2155 3971 2243 4024 δὲν
2267 3971 2447 4034 δντας,
2483 3969 2656 4039 ἀλλ’ἢ
2703 3968 2903 4022 λεπτοῦ
2935 3987 3080 4034 τινος
3124 3970 3433 4041 πνεύματος
3463 3973 3735 4041 ὲναπόλη-

2153 4063 2268 4133 ψιν,
2303 4064 2547 4130 ἄγουσαν
2576 4061 2638 4115 τὸ
2661 4062 3090 4132 ἐπιφαινόμενον
3111 4061 3367 4130 διαφανὲς
3399 4064 3479 4125 εἰς
3501 4063 3564 4116 τὸ
3587 4067 3737 4135 ἐνερ-

2155 4156 2281 4224 γείᾳ
2315 4153 2508 4206 λευκόν
2537 4168 2552 4184 ο
2583 4153 2677 4206 καὶ
2703 4152 3014 4222 συμῧίϐαζε
3047 4154 3220 4206 ταῦτα
3256 4155 3392 4226 πρὸς
3423 4157 3520 4217 τάς
3548 4157 3608 4209 ὲν
3637 4157 3733 4225 βίῳ

2155 4244 2384 4307 ἀπειλὰς
2420 4245 2529 4297 τῶν
2576 4245 2677 4297 οὐκ
2724 4246 2805 4306 εἰς
2853 4245 3060 4312 ἀγαθὸν
3088 4245 3437 4315 δυναμένων·
3470 4248 3565 4301 καὶ
3594 4248 3735 4302 δίδα-

2158 4353 2276 4399 σκε,
2313 4337 2481 4406 μηδὲν
2515 4337 2684 4400 αὐτάς
2717 4336 2832 4389 ἀλλ’
2881 4337 2914 4408 ἢ
2967 4336 3187 4408 πνεῦμα
3217 4338 3552 4404 ἐπιπολάζον
3597 4335 3733 4394 εἶναι

2156 4426 2589 4495 φυσίγναθον,ὼς
2613 4425 2690 4496 μὴ
2705 4426 2794 4496 έχε
2804 4445 2850 4480 ιν
2876 4429 3202 4497 παρακινεῖν
3219 4429 3343 4492 τοὺς
3362 4446 3448 4481 στε
3458 4431 3732 4500 ρεμνίουε,

2156 4521 2366 4589 καὶτῆς
2395 4520 2614 4590 βεϐαίας
2649 4521 2887 4588 ἀπάγειν
2923 4519 3163 4584 στάσεως
3198 4520 3231 4588 ἢ
3281 4522 3375 4574 καὶ
3405 4523 3734 4599 ὲνστάσεως,

554 4600 642 4655 76.
664 4596 837 4654 Habet
853 4597 1081 4666 etiam-pi
1093 4607 1233 4652 ratas
1255 4601 1508 4654 sensibile
1529 4617 1694 4667 mare,
1719 4605 1884 4662 multo
1900 4606 2053 4675 plura

2229 4619 2336 4677 eg".
2369 4613 2522 4682 Ἔχει
2547 4612 2643 4665 καὶ
2662 4612 2924 4682 πειρατὰς
2950 4612 2982 4681 ἡ
3019 4611 3142 4666 κατ’
3173 4612 3426 4684 αἴσθησιν
3463 4596 3732 4678 θάλασσα,

481 4697 541 4744 et
566 4689 688 4743 vita?
721 4689 1016 4756 piratarum
1047 4688 1306 4755 pericula.
1339 4687 1523 4759 Itaque
1550 4691 1743 4748 ﬁliolos
1765 4696 2060 4750 secundum

484 4782 735 4851 spiritum
781 4791 902 4836 tuos
946 4796 1090 4852 rege,
1155 4791 1249 4835 aut
1299 4783 1436 4852 fuga:
1470 4784 1610 4837 viam
1658 4799 1924 4856 monstra,
1963 4800 2057 4844 aut

488 4874 644 4926 aliter
679 4873 788 4939 jam
837 4875 1013 4939 lapsos
1044 4875 1254 4929 solvere
1290 4877 1641 4932 novissimum
1673 4881 2054 4950 quadrantem,

487 4972 542 5017 et
572 4965 650 5017 sic
685 4973 837 5018 extra
867 4975 1160 5032 piratarum
1189 4968 1500 5024 tnolitioues
1535 4987 1752 5026 manere
1783 4975 2054 5042 vitamque

485 5056 681 5125 degere
715 5056 1000 5123 placidam.

561 5238 645 5292 77.
676 5240 785 5293 Alit
823 5241 1074 5293 animalia
1125 5257 1271 5295 mare
1303 5245 1442 5312 quod
1486 5247 1728 5301 videmus
1763 5263 1906 5301 unita
1933 5252 2054 5317 qui-

487 5330 634 5392 dem,
666 5331 942 5386 esculenta
976 5347 1130 5386 vero:
1162 5348 1392 5400 quorum
1427 5338 1526 5390 alia
1577 5339 1816 5394 viriliora
1870 5352 2050 5394 creata

489 5435 616 5480 sunt
653 5436 706 5479 et
733 5427 1043 5492 audaciora,
1073 5443 1300 5495 quorum
1331 5429 1540 5484 insidiis
1575 5433 1680 5485 alia
1743 5432 2049 5495 subiacent.

489 5517 662 5574 [labet
684 5528 735 5574 et
767 5519 873 5572 vita
909 5536 991 5574 me
1019 5530 1284 5590 raptorem
1314 5532 1367 5576 et
1391 5539 1662 5589 voracem,
1714 5525 1806 5577 sed
1837 5533 1891 5578 et
1945 5539 2055 5574 mu-

489 5619 628 5676 t'i'n,
677 5611 807 5666 nihil
858 5613 1057 5681 justum
1115 5613 1298 5669 dicere
1349 5615 1655 5682 habentem,
1703 5616 2053 5686 impossibilia

495 5702 824 5772 mul’eutcm,
846 5716 893 5761 et
916 5706 1005 5776 qui
1028 5707 1079 5761 in
1109 5708 1279 5764 ruinae
1309 5718 1549 5766 ventrem
1582 5710 1864 5766 cadentem
1893 5709 2060 5763 trahit

2163 4701 2341 4772 πολλῷ
2371 4701 2426 4754 δὲ
2455 4701 2625 4771 πλείῳ
2672 4701 2742 4755 τὰ
2787 4701 3017 4771 βιωτικὰ
3071 4701 3425 4772 πειρατήρια.
3472 4701 3731 4774 Ῥύθμιζε

2158 4795 2340 4846 τοίνυν
2379 4795 2505 4857 τοὺς
2560 4793 2702 4847 κατά
2738 4793 2960 4862 πνεῦμά
3001 4808 3082 4844 σοι
3139 4792 3416 4862 παῖδας,ῆ
3454 4793 3730 4865 διαδιδρά-

2159 4902 2311 4940 σκειν
2347 4887 2488 4938 αὐτά
2516 4886 2693 4948 διδοὺς
2723 4885 2820 4939 καὶ
2859 4883 3137 4954 μεθόδους,
3173 4883 3206 4953 ἢ
3239 4884 3352 4936 ἀλλ’
3393 4885 3732 4954 ἐμπεσόντας

2155 4981 2499 5035 ἀποτιννύειν
2551 4981 2644 5032 καὶ
2671 4979 2760 5032 τὸν
2794 4978 3020 5048 ἔσχατον
3066 4979 3391 5048 κοδράντην,
3432 4980 3530 5031 καὶ
3588 4979 3733 5033 οὕτω

2163 5075 2344 5144 μένειν
2379 5073 2482 5140 ἔξω
2512 5070 2605 5124 τοῦ
2669 5071 2988 5139 πειρᾶσθαι,
3043 5071 3136 5122 καὶ
3187 5069 3301 5138 βίον
3355 5068 3537 5122 ἕλκειν
3597 5071 3733 5140 ﬁcti-

2155 5156 2293 5234 χιον.

2226 5253 2322 5316 ις’.
2355 5252 2556 5321 Τρέφει
2588 5251 2681 5303 καὶ
2713 5250 2826 5314 ζῶα
2856 5251 2888 5320 ὴ
2935 5248 3242 5318 βλεπομένη
3307 5247 3548 5301 θέλασσα
3571 5291 3586 5314 ,
3617 5267 3734 5318 φω-

2156 5343 2253 5412 νὴν
2290 5344 2388 5412 μὲν
2431 5343 2504 5410 μὴ
2557 5343 2836 5411 προϊόντα,
2882 5341 3118 5410 ἐδώδιμα
3150 5341 3205 5393 δέ
3230 5358 3244 5372 ο
3295 5340 3630 5394 καὶτούτων
3665 5343 3736 5395 τὰ

2163 5435 2262 5502 μὲν
2295 5433 2669 5503 ἀνδρικώτερα
2697 5435 3003 5486 πέπλασται
3028 5431 3122 5485 καὶ
3153 5431 3460 5495 ὲπιθετικά,
3489 5435 3555 5484 τὰ
3577 5433 3632 5484 δὲ
3658 5436 3736 5494 εἰς

2161 5525 2452 5594 ἐπιϐουλὴν
2482 5528 2596 5586 τοῖς
2643 5523 2902 5588 τοιούτοις
2947 5525 3211 5577 ἔκκειται.
3248 5527 3398 5593 Ἔχει
3433 5529 3526 5577 καί
3559 5528 3587 5578 ό
3621 5527 3737 5594 βίος

2164 5618 2262 5686 ἐμὲ
2292 5617 2514 5686 ἅρπαγα
2545 5619 2636 5670 καὶ
2665 5618 2842 5687 βορόν,
2877 5618 3011 5671 ἀλλὰ
3048 5618 3142 5671 καὶ
3183 5617 3414 5685 ἄφωνον,
3448 5618 3604 5670 οὐδὲν
3639 5622 3739 5685 μὲν

2169 5709 2346 5760 εἰδότα
2379 5708 2557 5760 λαλεῖ-ί
2580 5708 2812 5772 δίκαιον,
2839 5709 3231 5778 ἐπεγχαίνοντα
3255 5707 3309 5760 δὲ
3347 5707 3424 5777 τῷ
3451 5710 3736 5780 ἀδυνάτῳ,
