3916 6244
235 344 344 408 ‘265

1372 347 1472 405 DE
1517 326 1594 407 s.’
1622 347 1924 408 AH‘HEO
1951 351 2046 410 ET
2085 351 2348 411 secus.

3391 361 3500 422 246

229 458 370 514 εἰναι
421 462 520 511 ’καὶ
576 456 943 528 σγορπιώδεις
978 460 1076 528 τὴν
1129 459 1400 525 γλῶσσαν,
1461 463 1577 514 ἀλλ’
1625 465 1699 525 ὡς
1747 465 1804 516 τὲ

1919 470 2128 522 simiies
2176 481 2317 533 esse,
2349 467 2440 520 sed
2491 466 2604 522 fcre
2657 480 2874 538 semper
2938 468 3308 542 benedicere).
3373 469 3494 525 .lam

229 553 403 607 πολλὰ
461 552 869 622 εὐλογητικοῖ),
925 553 1318 622 παρετύχομεν
1377 555 1473 607 καὶ
1529 555 1763 609 ἐνταῦθα
1797 600 1811 624 ,

225 647 362 700 ὅπου
392 637 454 698 τὸ
491 645 590 697 καὶ
623 643 771 712 μέγα
795 645 889 696 καὶ
919 645 1208 697 κάλλιστον
1241 647 1373 715 ἡμῖν
1400 647 1694 716 κατάλυμα
1714 648 1815 716 τῆς

225 739 494 810 βιωτικῆς
551 738 672 790 ὁδοῦ
725 737 1116 807 ἁπεκληρώθη,
1171 737 1308 790 Θεοῦ
1363 739 1696 807 ἀνθρώποις,
1730 735 1813 803 οἷς

225 835 284 884 ἐν
316 830 436 900 χρῷ
473 833 572 898 μὲν
605 829 814 898 ζωῖκῆς
859 830 990 891 θέας
1039 832 1136 883 κα)⁸
1163 831 1263 899 τῆς
1293 829 1543 883 ἐντεῦθεν
1578 832 1815 902 ἐγγύτη-

222 942 317 987 τος
360 925 418 976 οὐ
458 923 693 974 δέδωκεν
725 925 858 991 ἡμῖν
902 924 930 974 ό
967 922 1156 992 χρόνος
1190 923 1442 990 γενέσθαι
1472 924 1588 992 (ἀφ’
1626 924 1811 977 ίκανοῦ

223 1018 336 1086 γὰρ
385 1018 491 1086 ἢδη
546 1019 868 1085 προχρόνιοι
914 1015 993 1084 τῷ
1047 1015 1169 1083 Θεῷ
1213 1015 1623 1087 παρίστανται),
1667 1019 1700 1086 ἠ
1753 1017 1812 1070 δὲ

226 1110 448 1176 ἱστορία
478 1107 758 1160 διεϐίϐασε
810 1107 908 1178 μὲν
954 1108 1034 1170 εἰς
1083 1105 1277 1176 ἀκοὴν,
1311 1103 1452 1178 πλὴν
1481 1109 1580 1162 οὐκ
1618 1109 1813 1161 εὐσύν-

221 1218 450 1253 τακτον.

296 1297 368 1356 γ’.
405 1291 515 1342 Καὶ
556 1290 744 1358 ἐπειδὴ
805 1290 1103 1354 ἀναγκαῖον
1135 1285 1202 1360 ἦν
1255 1289 1606 1356 τεταγμένως
1639 1290 1811 1356 ἐκμα-

221 1385 337 1436 θεῖν
369 1384 498 1446 τοὺς
531 1383 832 1445 τοιούτους,
859 1383 991 1443 ὅθεν
1022 1399 1080 1433 τε
1113 1382 1370 1449 γεγόνασι
1404 1381 1502 1433 καὶ
1528 1381 1592 1432 ἐκ
1617 1382 1806 1442 τίνων,

221 1477 325 1528 καὶ
354 1470 469 1529 οἷον
499 1476 562 1527 τὸ
594 1478 720 1528 κατ’
753 1476 955 1537 αὐτοὺς
1001 1476 1143 1544 ὑπὲρ
1186 1474 1323 1527 Θεοῦ
1351 1474 1646 1543 ἀγώνισμα
1681 1475 1811 1542 (εἰσὶ⁸

219 1568 277 1620 δὲ
314 1568 476 1620 αὐτοὶ
521 1565 900 1635 Ἀλέξανδρος,
938 1565 1192 1633 Ἀλφειὸς
1225 1566 1324 1618 καὶ
1350 1564 1602 1635 Ζώσιμος
1650 1566 1810 1618 ἀδελ-

221 1663 338 1730 (pot,
370 1659 674 1730 μάρτυρες,
722 1659 774 1709 oi
823 1657 1211 1727 ἐπιλεγόμενοι
1263 1657 1641 1727 Καλυτηνοὶ),
1682 1659 1810 1726 ἐμε-

221 1755 578 1822 ριμνήσαμεν
621 1749 923 1817 ἐπιγνῶναι
954 1751 1022 1802 τὰ
1053 1749 1174 1803 κατ’
1203 1749 1402 1812 αὐτοὺς
1432 1749 1496 1801 ἐκ
1529 1748 1639 1800 τῶν
1679 1751 1807 1820 περὶ

1919 571 2050 610 vero
2081 557 2188 621 hic,
2224 557 2311 610 ubi
2352 572 2606 627 maguum
2647 559 3189 633 pulcherrimumque
3251 565 3499 618 diverso-

1919 647 2061 701 rium
2089 649 2142 699 in
2172 647 2337 716 hujus
2359 648 2483 701 vita:
2516 648 2713 703 itinere
2750 652 2907 704 nobis
2967 653 3221 724 contigit,
3278 655 3501 708 deveni-

1918 754 2042 792 mus
2072 739 2138 792 ad
2183 737 2276 792 Dei
2327 739 2606 806 homines,
2659 757 2797 808 quos
2848 745 3066 810 quidem
3116 759 3294 814 neque
3345 746 3500 802 rivos

1917 846 2094 902 neque
2128 833 2379 887 cominus
2405 833 2652 902 aspicere
2679 838 2956 902 potuimus
3009 837 3139 903 (jam
3171 838 3306 891 satis
3352 839 3498 892 enim

1915 921 2010 976 diu
2039 923 2146 976 Deo
2171 923 2431 992 adstant),
2465 923 2690 978 historia
2744 936 2952 992 autem,
2977 928 3107 982 licet
3137 931 3317 982 minus
3361 945 3496 983 cnn-

1914 1017 2096 1079 einne,
2121 1016 2338 1070 illorum
2382 1019 2698 1072 memoriam
2730 1021 2798 1076 ad
2839 1034 3026 1076 nosn'a
3073 1032 3318 1092 tempora
3355 1039 3492 1078 con-

1915 1119 2176 1165 εοννενιι.

1986 1288 2038 1339 5.
2069 1288 2202 1340 Cum
2267 1290 2432 1355 igitur
2488 1289 2606 1343 illos
2667 1303 2924 1346 accurate
2981 1309 3314 1362 cognoscere
3361 1310 3500 1364 Opus

1913 1389 2085 1440 esset,
2128 1380 2273 1433 unde
2301 1381 2562 1434 nimirum
2602 1394 2655 1436 et
2681 1399 2708 1436 a
2741 1385 2944 1454 quibus
2972 1389 3220 1456 prognati
3285 1389 3414 1449 sint.
3441 1400 3498 1442 et

1914 1471 2076 1538 quale
2112 1486 2207 1540 pro
2252 1473 2358 1526 Deo
2383 1474 2750 1529 sustinuerint
2801 1486 3082 1531 certamen
3114 1478 3264 1547 (sunt
3313 1489 3498 1534 autem

1914 1560 2107 1616 fratres
2123 1563 2450 1629 Alexander,
2467 1567 2706 1635 Alpheus
2731 1577 2786 1622 et
2818 1567 3096 1635 Zosimus,
3120 1582 3388 1642 martyres
3411 1589 3504 1628 co-

1912 1657 2212 1723 gnominati
2246 1656 2538 1727 Calyteni),
2598 1675 2820 1730 operam
2880 1663 3130 1716 dedimus
3191 1675 3251 1716 ut
3304 1677 3497 1718 eorum

1915 1761 2002 1799 res
2037 1755 2219 1816 gestas
2244 1763 2350 1800 non
2391 1760 2498 1802 tam
2536 1764 2598 1803 ex
2635 1751 2978 1816 hominibus,
3033 1769 3202 1823 quam
3257 1757 3443 1824 potius
3471 1774 3502 1809 e

218 1844 448 1929 αύτοὺς,
480 1844 581 1896 οὐκ
613 1841 922 1914 ἀνθρώπων
955 1841 1102 1908 λέγω
1129 1858 1142 1872 ⁸
1173 1841 1293 1905 πῶς
1329 1841 1439 1910 γὰρ
1468 1841 1570 1904 ἄνς
1621 1841 1684 1893 ἐκ
1732 1841 1804 1908 βι-

1918 1838 2071 1892 libris
2091 1839 2157 1892 de
2185 1839 2294 1893 illis
2331 1843 2662 1911 conscriptis
2691 1858 3174 1913 pernosceremus.
3204 1849 3345 1902 Ante
3375 1863 3497 1900 οηι-

219 1935 464 2003 ελιακῆς
505 1934 562 1986 δὲ
594 1936 941 2002 συγγραφῆς.
989 1933 1098 1985 Καὶ
1128 1932 1268 1994 τέως
1323 1933 1517 2001 πρῶτα
1562 1931 1806 2000 ζητήσας

219 2027 359 2095 ἐγὼ,
389 2027 487 2078 καὶ
521 2025 793 2095 μηδέποτε
834 2021 1041 2092 μαθὼν,
1075 2021 1246 2091 ὁποίῳ
1273 2020 1462 2091 τρόπῳ
1487 2019 1631 2088 ἅγιοι
1664 2015 1810 2073 οὗτοι

218 2121 322 2174 οὐκ
367 2099 688 2190 Εὐρωπαῖοι
718 2119 776 2170 ἐν
808 2116 1182 2187 θεσσαλονίκῃ
1213 2115 1301 2168 διὰ
1333 2115 1578 2182 σπουδῆς
1606 2113 1810 2182 πολλῆς

220 2214 476 2280 ἐγένοντο
510 2210 660 2281 (ναός
689 2226 747 2260 τε
786 2208 894 2276 γὰρ
919 2207 1103 2268 αὐτοῖς
1132 2206 1434 2275 ἐγήγερται
1463 2205 1681 2265 ἀστεῖος
1713 2203 1810 2254 καὶ

217 2303 323 2355 οὐκ
369 2301 594 2364 ἀνάξιος
621 2298 812 2364 λόγου,
868 2297 963 2348 καὶ
1007 2299 1034 2347 ὁ
1085 2296 1185 2358 τῆς
1236 2294 1631 2364 μητροπόλεως
1660 2286 1808 2354 οἶκος

217 2395 386 2447 αὐτὸν
422 2393 723 2462 ἀμφέπει),
781 2389 1185 2457 ἐστοχασάμην,
1241 2387 1528 2455 μετοίκους
1560 2386 1712 2446 τινὰς
1745 2385 1810 2436 ἐκ

217 2487 318 2554 τῆς
347 2484 563 2547 Ἀσίας,
593 2477 672 2544 οἷς
702 2483 751 2533 οἱ
786 2479 1017 2534 τοιοῦτοι
1040 2479 1186 2546 ἅγιοι
1217 2479 1446 2548 ἕγχωροι
1478 2473 1640 2548 ἦσαν,
1675 2494 1808 2530 κατ-

221 2579 452 2648 αρτίσαι
502 2577 636 2626 ποτέ
688 2575 768 2635 είς
798 2574 899 2641 τὴν
929 2571 1197 2641 λαμπρὰν
1249 2569 1461 2638 ταύτην
1495 2567 1670 2632 πόλιν,
1715 2571 1811 2622 καὶ

218 2670 502 2740 ἐνιδρύσαι
526 2666 703 2738 ταύτῃ
756 2666 817 2717 τὸ
871 2663 978 2717 τῶν
1039 2661 1290 2731 ἀθλητῶν
1348 2660 1576 2714 ἐκείνων
1627 2661 1812 2728 τίμιον

217 2763 393 2832 ὕνομα
428 2762 509 2822 εἰς
565 2759 922 2826 ἑξεικόνισμα
971 2755 1409 2825 παρακλήσεως,
1440 2753 1516 2815 ὼς
1550 2753 1618 2804 ἂν
1668 2749 1811 2802 οὕτω

216 2855 426 2906 δοκοῖεν
485 2854 561 2920 μὴ
616 2851 956 2918 μετανάσται
1005 2847 1106 2914 τῆς
1157 2845 1492 2923 ἀνατολικῆς
1528 2838 1671 2895 εἶναι
1707 2859 1811 2893 πα-

217 2944 402 3012 τρίδος
443 2943 542 2994 καὶ
579 2940 871 3010 ἐπήλυδες,
901 2939 1040 2992 ἀλλὰ
1067 2939 1168 3007 τὴν
1197 2936 1366 3002 αὐτὴν
1401 2935 1497 2988 καὶ
1537 2934 1706 2987 πάλαι
1735 2935 1813 2986 οἰ-

221 3041 364 3097 κεῖν,
399 3038 498 3088 καὶ
550 3035 677 3096 τοὺς
727 3033 924 3094 αὐτοὺς
985 3031 1374 3100 θεομάρτυρας
1415 3028 1682 3088 δεσπότας
1713 3027 1810 3078 αὐ-

217 3133 358 3200 χεῖν.

284 3220 348 3276 δ’.
382 3222 494 3274 Καὶ
525 3220 686 3273 τοῦτο
732 3219 834 3286 μὲν
875 3215 1051 3279 οὕτως
1108 3217 1171 3267 ἐκ
1219 3215 1330 3269 τῶν
1366 3215 1597 3267 εἰκότων
1645 3213 1806 3264 κατέο

219 3329 402 3383 στησα
435 3315 497 3365 ἐν
528 3313 678 3380 ἐμοὶ,
728 3313 824 3363 καὶ
881 3309 1203 3379 ἐμακάρισα
1255 3307 1384 3370 τοὺς
1413 3306 1615 3376 ἄνδρας
1661 3305 1806 3357 ἐκεί-

217 3421 368 3468 νους,
407 3401 478 3455 δι’
518 3396 596 3454 ὧν
627 3398 970 3469 μεταχομιδή
1005 3415 1090 3459 τις
1139 3395 1234 3448 καὶ
1269 3394 1410 3463 αὕτη
1457 3394 1804 3464 ἐσεμνύνατο

217 3493 524 3566 ἁγιαστικὴ
556 3493 666 3547 τῶν
704 3492 827 3546 καθ’
860 3492 1029 3559 ἡμᾶς’
1065 3485 1184 3541 εἶτα
1214 3491 1310 3542 καὶ
1335 3488 1445 3541 τῶν
1468 3488 1632 3558 ἱερῶν
1665 3505 1805 3539 πτυ-

215 3591 352 3660 χίων
389 3589 720 3656 γενόμενος,
779 3579 860 3647 οἷς
917 3585 1253 3653 ἀναγραπτα
1307 3579 1682 3635 ἐντετύπωται
1735 3580 1805 3631 τὰ

214 3681 325 3733 τῶν
358 3677 455 3731 τοῦ
484 3675 620 3729 Θεοῦ
669 3674 843 3741 ἁγίων
869 3674 1077 3725 τούτων
1121 3673 1218 3726 καὶ
1246 3672 1490 3742 ὀνόματα
1516 3671 1611 3723 καὶ
1650 3669 1804 3722 πολι-

213 3772 488 3843 τεύματα,
517 3768 641 3824 καθ’
672 3768 731 3821 ἓν
765 3769 864 3838 μὲν
892 3767 1074 3821 αὐτῶν
1109 3765 1485 3834 σκιαγραφίαν
1520 3757 1680 3834 εὗρον
1703 3763 1803 3816 οὐκ

213 3863 612 3927 εὖδιᾶπτωτον,
643 3862 780 3915 ἀλλὰ
812 3860 997 3930 ἰσχνὴν
1043 3859 1221 3927 πάντη
1249 3859 1344 3910 καὶ
1373 3857 1654 3926 ἀμυδρὰνο
1687 3855 1805 3907 ἐτέ-

215 3978 293 4030 pip
339 3959 398 4011 δέ
425 3957 671 4026 δευτέρῳ
706 3953 806 4022 τὴν
835 3953 964 4006 θέαν
1000 3949 1286 4003 ἐπιϐαλὼν
1309 3949 1511 4018 ἔμαθόν
1542 3965 1598 4000 τι
1628 3946 1804 4000 εὐδια-

213 4051 582 4121 κριτώτερον.
619 4048 709 4111 Ὠς
745 4046 802 4099 δὲ
825 4046 921 4098 καὶ
946 4045 1129 4116 τρίτον
1162 4062 1215 4098 τι
1247 4041 1593 4113 τεθεώρηκα,
1629 4040 1800 4093 ἐπλα·

210 4143 412 4194 τυὶιιατὸ
464 4158 556 4210 μοι
613 4138 685 4192 τὰ
748 4137 850 4208 τῆς
893 4135 1259 4202 διακρίσεως,
1316 4135 1410 4187 καὶ
1456 4133 1550 4186 τοῦ
1607 4131 1800 4185 λοιποῦ

213 4239 420 4303 σπόρον
455 4232 651 4286 τοῦτον
692 4229 1074 4298 πνευματικὸν
1124 4227 1338 4280 ἐκεῖθεν
1379 4225 1798 4295 ὲρανισάμενος,

209 4331 309 4383 καὶ
342 4327 442 4397 τὴν
494 4323 737 4395 ψυχικὴν
790 4322 1005 4376 αῦλακα
1057 4320 1268 4382 νεώσας
1323 4320 1398 4381 ὡς
1436 4320 1514 4381 εἰς
1541 4317 1800 4389 τρίπολον

207 4425 450 4494 ἄρουραν
481 4459 497 4484 ,
539 4418 777 4487 ἔρχομαι
829 4416 938 4468 ἰδοὺ
978 4414 1225 4482 σπείρων
1249 4453 1262 4476 ,
1307 4412 1686 4480 εὐαγγελικῶς
1725 4412 1801 4463 el-

1913 1932 2003 1984 nia
2028 1939 2208 1986 autem
2247 1934 2498 2001 quaesivi,
2532 1949 2709 2004 neque
2765 1939 3072 2006 eomperire
3129 1940 3300 2008 potui,
3355 1941 3500 1992 unde

1913 2023 2116 2078 factum
2147 2025 2219 2078 sit
2257 2036 2313 2079 ut
2355 2027 2551 2091 sancti,
2618 2027 2745 2082 licet
2802 2043 2910 2083 non
2971 2029 3242 2099 Europaei,
3299 2047 3499 2100 magno

1911 2119 2227 2172 colerentur
2275 2119 2485 2172 honore
2538 2119 2946 2175 Thessalonicae
2996 2121 3280 2193 (templum
3335 2125 3485 2177 enim

1910 2209 2185 2278 egregium
2216 2219 2628 2280 memoratuque
2658 2211 2880 2282 dignum
2917 2211 2998 2267 eis
3049 2211 3361 2266 dedicatum
3385 2225 3490 2273 est,

1909 2307 2075 2367 atque
2115 2300 2479 2369 metropoieos
2510 2301 2706 2356 domus
2735 2303 2868 2356 illud
2892 2301 3241 2372 veneratur):
3281 2302 3492 2373 cunjeci

1912 2393 2098 2459 igitur,
2137 2393 2280 2446 viros
2313 2393 2600 2462 quosdam,
2633 2403 2950 2448 sanctorum
3003 2395 3224 2448 illorum
3264 2397 3497 2464 popule-

1903 2500 2020 2560 res,
2054 2485 2181 2537 olim
2218 2499 2282 2538 ex
2319 2485 2445 2538 Asia
2471 2484 2821 2538 incelebrem
2851 2484 2992 2540 hanc
3049 2485 3237 2538 urbem
3309 2495 3492 2540 trans-

1911 2577 2198 2646 migrasse,
2226 2588 2276 2630 et
2313 2577 2682 2630 venerandum
2730 2578 2966 2632 istorum
3000 2578 3241 2648 pugilum
3294 2592 3492 2631 nomen

1912 2671 2301 2724 consolationis
2337 2683 2503 2724 causa
2540 2669 2646 2723 huc
2709 2669 3023 2734 pertulisse,
3092 2678 3151 2722 ut
3185 2669 3288 2722 hoc
3331 2669 3494 2722 modo

1912 2762 2226 2816 viderentur
2255 2779 2362 2814 non
2397 2763 2560 2816 alieni
2595 2779 2662 2818 ex
2720 2763 2972 2816 orientali
3025 2763 3204 2830 patria
3270 2761 3494 2815 advenae

1910 2871 2052 2916 esse,
2089 2856 2180 2908 sed
2217 2854 2356 2908 hanc
2388 2855 2576 2908 urbem
2627 2853 2931 2922 antiquitus
2983 2852 3226 2907 inmlere
3277 2853 3495 2922 illisque

1916 2949 2006 3001 lici
2036 2948 2364 3016 martyribus
2401 2956 2660 3015 tauquam
2690 2946 2924 3001 dominis
2957 2945 3072 2999 suis
3103 2945 3351 3014 gloriari.

1837 3182 1881 3241 ε
1936 3251 1944 3272 ι
1979 3220 2034 3272 4.
2067 3217 2192 3272 Haec
2223 3218 2390 3288 igitur
2417 3219 2519 3272 hoc
2553 3221 2716 3272 modo
2769 3218 3077 3273 secundum
3123 3217 3495 3271 verisimilitu-

1908 3305 2090 3359 dinem
2128 3308 2271 3374 apud
2306 3320 2392 3359 me
2423 3307 2681 3360 constitui
2719 3314 2773 3360 et
2806 3305 3001 3362 beatos
3031 3309 3319 3375 prtedicavi
3343 3309 3490 3362 viros

1911 3398 2030 3452 illos
2049 3399 2143 3466 qui
2175 3399 2332 3453 nobis
2361 3400 2499 3452 hanc
2535 3414 2648 3453 rem
2673 3398 3045 3454 venerandam
3105 3411 3486 3470 apportarunt.

1911 3492 2012 3547 Ubi
2055 3501 2237 3546 autem
2268 3507 2426 3547 sacra
2461 3493 2634 3547 evolvi
2667 3491 2972 3558 volumina,
3003 3492 3206 3562 quibus
3265 3503 3489 3549 sancto-

1909 3601 2031 3638 rum
2065 3594 2118 3640 et
2151 3585 2371 3640 nomina
2400 3594 2454 3639 et
2487 3600 2576 3639 res
2625 3594 2790 3655 gestae
2847 3593 3202 3648 enarrantur,
3257 3585 3312 3638 in
3376 3599 3489 3640 uno

1907 3675 2127 3731 illorum
2155 3677 2337 3730 inveni
2359 3675 2878 3745 descriptiunculam
2905 3691 3090 3731 veram
3109 3678 3354 3746 quidem,
3393 3680 3492 3734 sed

1907 3771 2202 3824 obscuram
2227 3767 2392 3822 simul
2428 3778 2484 3822 et
2541 3769 2707 3824 nimis
2769 3769 3151 3824 succinctam:
3198 3781 3490 3838 postquam

1908 3861 2143 3914 alterum
2203 3861 2440 3929 inspexi,
2475 3860 2720 3930 planiora
2753 3871 2807 3916 et
2837 3861 3132 3928 prolixiora
3188 3862 3494 3929 deprehen-

1905 3950 1983 4005 di.
2041 3949 2177 4004 Cum
2211 3959 2394 4005 autem
2425 3951 2491 4003 ad
2515 3950 2736 4004 tertium
2772 3950 3155 4015 accessissem,
3187 3949 3374 4004 omnia
3421 3951 3490 4005 ad

1905 4057 2020 4097 rem
2071 4042 2496 4111 dignoscendam
2538 4042 2851 4098 necessaria
2894 4041 3090 4112 reperi.
3115 4041 3297 4109 Quare
3319 4058 3489 4105 nunc,

1904 4133 2116 4190 semine
2141 4135 2234 4189 illo
2263 4133 2536 4203 spirituali
2567 4133 2718 4189 illinc
2739 4136 2932 4205 petito,
2974 4142 3030 4190 et
3055 4134 3254 4190 animae
3313 4136 3488 4192 sulcis

1905 4228 2075 4283 veluti
2117 4227 2184 4282 ad
2245 4242 2479 4283 messem
2537 4228 2803 4293 tripllcem
2865 4229 3206 4298 praeparatis,
3268 4229 3487 4293 adsum,

1907 4333 1967 4374 ut
2011 4319 2322 4388 evangelice
2373 4320 2586 4388 loquar,
2641 4323 2704 4372 ad
2755 4321 3131 4375 seminandam
3185 4332 3486 4377 sementem

1907 4425 2107 4473 meam,
2129 4412 2595 4479 quemadmodum
2633 4411 2867 4480 agricola
2901 4412 3140 4467 caelestis
3174 4414 3240 4468 ad
3279 4429 3480 4468 munus

208 4516 359 4576 πεῖν,
392 4510 488 4564 τοῦ
519 4513 741 4579 σπεῖραι
772 4508 865 4560 τὸν
899 4507 1102 4576 σπόρον
1132 4503 1291 4574 ἐμοῦ,
1319 4504 1393 4567 ὡς
1415 4507 1442 4556 ὁ
1481 4503 1800 4571 ἐπουράνιος

1911 4505 2014 4558 hoc
2055 4505 2402 4558 subeundum
2454 4504 2704 4558 doctrina
2746 4503 2814 4558 ad
2866 4503 3080 4558 fructus
3131 4504 3486 4574 proferendos

206 4605 458 4676 γεωργὸς
491 4603 574 4664 είς
614 4601 816 4670 τέχνην
842 4599 1052 4667 ταύτην
1106 4596 1434 4651 συνεϐίῦασε
1469 4597 1662 4664 λόγους
1711 4597 1797 4647 ἐν-

206 4699 325 4762 θείς
375 4713 464 4767 μοι
509 4691 945 4764 σπερματικούς.

283 4798 347 4846 ε’.
380 4790 509 4850 Τοῖς
539 4786 858 4856 εἰρημένοις
911 4783 1060 4854 τρισὶ
1107 4781 1565 4852 μεγαλομάρτυσι
1595 4778 1796 4849 πατρὶς

207 4883 462 4942 Κάλυτος
491 4920 506 4944 ,
548 4881 586 4949 ἡ
615 4878 762 4931 κατὰ
790 4877 1013 4946 ἐτέρους
1041 4874 1291 4943 Καλύτηο
1334 4875 1430 4926 καὶ
1463 4870 1701 4924 Καλυτὼ
1731 4871 1790 4923 δὲ

204 4977 359 5032 ἄλλοι
390 4974 490 5043 τὴν
529 4969 792 5040 τοιαύτην
845 4966 1130 5021 καλεῖσθαι
1183 4966 1403 5020 Θέλουσι
1433 5003 1449 5028 ,
1487 4965 1684 5034 κώμην
1710 4963 1797 5016 οὖ-

204 5087 310 5121 σαν
349 5064 713 5134 Ἀντιοχείας,
753 5061 926 5128 αὐτῆς
951 5060 1008 5112 δὲ
1046 5057 1173 5112 οὔτε
1220 5059 1319 5128 τῆς
1341 5057 1641 5128 Συριακῆς,
1674 5057 1797 5109 οὐδέ

206 5161 320 5227 μὴν
358 5156 527 5223 ἄλλης
561 5153 730 5216 τινὸς,
765 5151 823 5203 αἳ
857 5149 922 5220 δὴ
950 5148 1149 5201 πολλαὶ
1192 5147 1503 5200 κοινοῦνται
1551 5145 1652 5214 τὴν
1683 5163 1794 5198 τοι-

203 5249 387 5316 αὐτην
419 5245 639 5314 κλῆσιν,
697 5239 835 5294 ἀλλὰ
873 5238 976 5308 τῆς
1031 5239 1165 5308 περὶ
1221 5238 1497 5299 Πισιδίαν,
1539 5240 1652 5288 εἴτε
1687 5236 1795 5305 μὴν

201 5336 686 5408 Φρυγογαλατίαν.
721 5333 920 5394 Ἕθνος
940 5330 996 5384 δὲ
1024 5333 1073 5383 ol.
1111 5329 1327 5382 Πισίδαι
1355 5328 1632 5399 βάρϐαρον
1671 5331 1792 5397 μὲν,

210 5431 532 5499 τερίφημον
591 5427 672 5491 δὲ,
709 5424 802 5488 οὓς
837 5422 993 5492 λόγος
1046 5423 1141 5475 καὶ
1187 5420 1474 5491 Σολύμους
1507 5421 1794 5474 καλεῖσθαί

209 5540 360 5574 ποτε.
403 5521 469 5572 'H
518 5517 747 5586 τοιαύτη
791 5517 1016 5584 Καλύτη
1060 5515 1301 5582 ἀγαθοὺς
1333 5513 1562 5576 τούτους
1601 5516 1795 5582 κωμή-

201 5633 304 5674 τας
340 5614 603 5684 ἡνεγκεν,
637 5609 868 5670 ἀστείως
900 5604 1557 5676 πεπολιτογραφημένους
1583 5605 1663 5668 εἰς
1695 5602 1794 5672 τὴν

202 5709 319 5760 ἄνω
357 5701 722 5775 μητρόπολιν.
767 5702 875 5753 Καὶ
908 5701 969 5752 τὸ
1009 5699 1474 5766 πολιτογράφημα
1521 5692 1590 5765 ἦν
1617 5698 1796 5749 τοιοῦ-

199 5815 321 5850 τον.

533 5887 803 5946 Pyrum“
844 5887 957 5944 Gn.
1010 5880 1348 5942 CXXXVI.

1903 4595 2102 4650 idonea
2166 4611 2252 4649 me
2283 4595 2564 4649 instruxit.

1971 4766 2026 4820 5.
2061 4763 2182 4818 Fuit
2209 4773 2393 4817 autem
2440 4762 2619 4818 tribus
2675 4761 2782 4817 illis
2827 4761 3160 4830 martyribus
3204 4761 3483 4830 praaclaris

1900 4857 2077 4926 patria
2097 4855 2340 4926 Calytus,
2374 4855 2457 4908 vel
2479 4853 2783 4910 secundum
2815 4853 2956 4908 alios
2975 4853 3292 4924 Calyta,vel
3315 4854 3480 4908 etiam

1898 4948 2090 5020 Calyto
2122 4949 2206 5019 (ut
2234 4947 2456 5016 quidam
2489 4945 2722 5017 volunt),
2758 4945 3087 5018 suburbium
3149 4943 3480 5010 Antiochiae,

1902 5059 2010 5099 non
2041 5043 2264 5114 quidem
2297 5041 2534 5112 Syriacae
2557 5050 2651 5094 aut
2677 5040 2820 5096 alius
2853 5039 3007 5095 urbis
3051 5038 3363 5110 cujusdam,
3409 5043 3482 5092 si-

1901 5137 2120 5206 quidem
2152 5135 2339 5189 multte
2367 5135 2471 5188 hoc
2503 5133 2781 5202 insignita:
2824 5134 3174 5202 reperiuntur
3235 5133 3476 5197 nomine,

1898 5229 1995 5288 sed
2021 5227 2328 5282 Antiochiae
2355 5228 2410 5280 in
2439 5225 2642 5280 Pisidia
2694 5225 2809 5281 sive
2858 5223 3275 5295 Phrygogalatia
3339 5225 3476 5278 siue.

1897 5320 2047 5376 Gens
2070 5335 2234 5390 porro
2263 5318 2570 5374 Pisidarum
2596 5319 2831 5373 barbara
2867 5317 3115 5386 quidem,
3149 5315 3244 5370 sed
3292 5330 3483 5384 perce-

1899 5413 2088 5475 lebris,
2133 5413 2263 5468 olim
2318 5410 2666 5481 Solymorum
2710 5409 2982 5466 vocabulo
3032 5409 3302 5488 appellata
3359 5420 3485 5462 esse

1898 5509 2120 5564 dicitur.
2168 5504 2280 5558 llos
2307 5503 2496 5572 Calyta
2520 5504 2642 5556 tulit
2676 5503 2871 5558 heroas
2903 5500 3215 5572 praeclaros.
3247 5500 3299 5551 in
3352 5512 3484 5550 ceu-

1899 5617 2017 5657 sum
2041 5597 2242 5653 civium
2267 5593 2507 5650 οωιοειίε
2542 5593 2913 5664 metropoleos
2935 5592 3223 5661 ascriptus.
3253 5587 3318 5640 Et
3390 5584 3482 5640 hic

1902 5693 2002 5746 l‘uit
2027 5701 2239 5743 census.

3025 5855 3064 5913 9
