3888 6238
483 337 596 402 267
1203 327 1622 392 EUSTA'I‘HII
1661 321 2422 386 THESSALONICENSIS
2463 321 2618 381 MET
2629 321 2958 382 ROPO‘LIT
2965 321 3031 380 1E
3638 321 3761 380 εδδ

554 445 610 500 6.
637 439 862 500 Vivebat
903 440 1076 496 inilla
1129 452 1350 507 regione
1387 433 1605 488 Marcus
1633 432 1879 502 quidam,
1940 429 2057 498 qui,

2234 435 2308 493 ς’.
2339 430 2566 499 Μάρκος
2613 423 2682 496 ἦν
2731 445 2816 491 τις
2867 429 2926 482 ὲν
2972 429 3088 492 τοῖς
3115 427 3231 480 ἐκεῖ
3267 427 3429 497 ἀνὴρ,
3462 429 3512 479 εί
3543 429 3648 479 καὶ
3681 428 3761 494 μὴ

481 537 606 591 licet
626 536 768 591 haud
797 529 1206 589 sacerdotaliter
1244 534 1469 588 unctus,
1497 532 1678 578 tamen
1703 522 1845 576 inter
1893 519 2063 574 laicos

2175 523 2524 592 ιεχρισμένος
2558 521 2881 589 ίερατικῶς,
2918 521 3092 582 ἄλλως
3119 521 3166 573 δ’
3208 517 3303 573 οῦν
3334 522 3392 572 ἐν
3421 519 3634 581 λαῖκοῖς
3666 535 3762 571 τε-

482 616 592 684 Deo
621 634 974 684 consecratus
1013 631 1066 676 et
1094 619 1326 691 gratiam
1383 615 1652 670 divinitus
1691 622 1889 667 nactus
1947 619 2066 665 erat

2175 616 2482 684 τελεσμένος
2530 616 2608 683 τῷ
2661 615 2806 685 Θεῷ,
2854 615 2950 668 καὶ⁵
3004 614 3176 685 χάριν
3233 613 3294 678 ἑξ
3351 613 3566 666 ἐκείνου
3604 611 3762 682 σχὼν

2163 708 2552 778 ἀποστολικήνο
2601 707 2672 760 δι’
2722 704 2791 780 ἦς
2850 707 3198 778 ἐπιθυμήσας
3253 704 3762 775 ἀνακεχωρηκέναι

2165 801 2296 853 ποτὲ
2348 799 2604 868 ἀπάσης,
2662 793 2729 870 ἦς
2805 799 2838 868 ἡ
2893 798 3169 868 φαυλότης
3230 795 3454 867 πολίτην
3500 795 3760 866 παράγει

2167 892 2498 963 μισούμενον
2541 890 2684 960 Θεῷ,
2717 891 2948 960 ἐρήμοις
2973 890 3161 953 τόποις
3193 888 3492 942 ἐκδέδωκεν
3525 887 3756 950 ἑαυτὸν,

2163 988 2221 1039 ἐν
2266 983 2348 1047 οἷς
2379 987 2472 1038 καὶ
2519 984 2654 1038 Θεοῦ
2697 985 2840 1052 φυτᾶ
2874 983 3134 1045 πολλάκις
3175 980 3510 1052 κηπεύεται.
3546 981 3758 1050 Ὄρεσι

2164 1076 2275 1144 γὰρ
2306 1075 2548 1144 ἔχαιρεν,
2579 1069 2661 1136 οἷς
2696 1075 2792 1127 καὶ
2821 1075 2940 1128 θεῖα
2993 1071 3353 1141 ἐντρέφεσθαι
3381 1071 3616 1141 ποίμνια
3649 1070 3758 1122 οὐκ

2165 1163 2524 1229 ἀπαξιοῦσιν,
2559 1165 2615 1214 ἐν
2645 1163 2781 1225 οἵοις
2816 1165 2913 1215 καὶ
2942 1163 2992 1216 οἱ
3039 1162 3139 1229 τῆς
3166 1162 3336 1215 πάλαι
3383 1161 3758 1226 πρωτόγονοι,

482 719 856 789 apostolicam,
889 731 993 786 qua
1031 719 1314 778 permotus
1338 709 1410 764 ab
1438 708 1585 762 omni
1619 704 1883 776 pravitate
1941 715 2066 770 qua!

481 813 654 866 civem
693 809 804 864 Deo
851 822 1107 876 perosum
1162 804 1365 870 reddit,
1420 801 1677 856 recedere
1723 795 2063 854 desideravit

481 918 652 972 seque
681 903 734 956 in
769 902 885 956 loca
907 897 1142 953 contulit
1172 896 1412 957 deserta,
1449 891 1542 947 ubi
1563 891 1658 946 Dei
1691 891 1890 958 plantae
1913 890 2060 944 haud

484 1011 610 1049 raro
641 995 982 1048 incrementa
1007 989 1256 1058 capiunt.
1300 984 1572 1038 Montibus
1592 981 1740 1037 enim
1794 980 2066 1052 gaudebat

485 1087 541 1142 in
572 1086 770 1154 quibus
796 1084 957 1137 etiam
1018 1094 1210 1149 greges
1233 1076 1401 1131 divini
1446 1075 1651 1129 nutriri
1709 1074 1853 1128 haud
1909 1071 2064 1127 dedi-

483 1191 736 1253 gnantur,
767 1175 1030 1244 siquidem
1054 1169 1328 1224 iniisdem
1373 1168 1536 1223 etiam
1588 1166 1806 1222 Veteris
1870 1163 2067 1218 Testa-

481 1271 651 1326 menti
683 1266 850 1328 atavi,
885 1263 1039 1328 Abel,
1073 1261 1370 1330 prOphetae,
1409 1259 1600 1318 David,
1627 1267 1680 1312 et
1715 1256 1848 1310 Novi
1875 1254 2066 1310 Foede-

491 1362 567 1416 ris
621 1358 815 1413 cclbcs
851 1353 1026 1408 sancti
1087 1364 1386 1417 eorumque
1441 1348 1574 1402 socii
1627 1345 1934 1400 rationabili
1976 1359 2068 1410 pa-

484 1451 672 1509 scendi
711 1448 874 1502 modo
911 1447 1217 1499 doctrinam
1245 1441 1587 1511 spiritualem
1620 1437 1960 1492 tradiderunt
1980 1445 2067 1490 at-

2169 1254 2337 1308 Ἀϐελ
2386 1256 2482 1306 καὶ
2539 1256 2589 1306 ot
2641 1254 2922 1323 προφῆται
2949 1292 2966 1317 ,
3011 1253 3176 1306 Δαυῖδ
3212 1253 3307 1306 καὶ
3351 1253 3402 1304 οἱ
3441 1254 3544 1320 τῆς
3594 1251 3755 1308 Νέας

2167 1350 2304 1416 ἱεροὶ
2346 1349 2723 1418 σπυρίδιονες,
2778 1348 2874 1401 καὶ
2928 1349 3046 1400 ὅσοι
3087 1348 3224 1419 κατ’
3283 1347 3482 1406 αὐτοὺς
3513 1347 3583 1414 τῇ
3616 1343 3752 1395 κατ’

2164 1442 2422 1510 αἴσθησιν
2479 1441 2816 1512 ποιμαντικῆ
2873 1440 2973 1512 τὴν
3004 1441 3149 1494 κατά
3200 1439 3427 1508 Πνεῦμα
3457 1437 3758 1504 ἐνέφαινον

484 1559 593 1613 que
616 1541 1021 1610 explicucrnnt.
1050 1533 1366 1589 carnalibus
1411 1529 1717 1600 spiritualia
1734 1536 2066 1597 exponentes

2175 1537 2260 1588 καὶ
2303 1534 2804 1604 παρεδειγμάτιζον
2837 1574 2852 1597 ,
2900 1531 3305 1594 διδασκαλικῶς
3365 1530 3758 1598 αἰνιττόμενοι

483 1643 540 1691 ct
605 1641 801 1703 praeter
855 1626 1098 1696 corporis
1154 1623 1372 1680 labores
1432 1622 1672 1676 divinam
1754 1621 2064 1674 animarum

2175 1632 2275 1691 τοῖς
2303 1629 2444 1680 κατά
2475 1628 2655 1696 σάρκα
2685 1627 2756 1679 τά
2796 1625 3174 1696 πνευματικὰ,
3199 1627 3294 1679 καὶ
3338 1624 3416 1694 τῷ
3443 1624 3542 1676 τοῦ
3578 1622 3757 1690 ἔργου

488 1726 871 1797 perfectionem
925 1720 1239 1774 edocentes.
1309 1713 1402 1770 Sic
1467 1713 1726 1784 pascebat
1785 1711 1876 1766 Dei
1929 1726 2063 1767 oves

2175 1717 2381 1786 σώματι
2412 1717 2991 1787 συμπαραδεικνύντες
3028 1714 3126 1769 καὶ
3163 1715 3263 1784 τὴν
3309 1713 3460 1766 θείαν
3493 1712 3557 1764 ὲν
3597 1711 3756 1782 ψυχῇ

485 1777 785 1889 agnosque,
843 1811 1174 1881 cupiditates
1229 1777 1636 1862 irrationabiles
1711 1802 1930 1868 stolide,
1982 1803 2060 1856 uti

2175 1777 2507 1879 τελειότητα,
2537 1777 2645 1861 καὶ
2667 1807 2838 1869 οὕτως
2871 1777 3162 1876 ἐποίμαινε
3194 1777 3447 1874 πρόϐατα
3475 1777 3625 1857 Θεοῦ

486 1910 597 1965 fors
626 1906 834 1967 tulerit,
863 1905 1322 1957 circnmerrantes
1341 1896 1710 1967 pabulumque
1729 1903 2061 1964 qumrentes,

2175 1905 2364 1974 ipwa,
2396 1902 2606 1972 ὀρέξεις
2663 1903 2983 1970 ἀλογίστους
3041 1900 3332 1970 εὐηθικῶς,
3387 1902 3514 1952 ὅποι
3567 1898 3756 1967 τύχοι,

478 1995 1053 2068 saltusquedelicatos
1105 2003 1442 2061 persequens
1499 1991 1700 2057 (neque
1759 1987 1906 2040 enim
1970 1985 2064 2053 qui

2175 1994 2537 2065 ῥεμϐομένας,
2596 1995 2672 2056 ὡς
2737 1993 3082 2063 βόσκεσθαι,
3137 1993 3234 2045 καὶ
3282 1992 3645 2061 σκιρτήματα
3699 1989 3759 2043 δὲ

486 2093 687 2148 saliunt
748 2089 815 2142 ad
867 2088 1070 2140 bonum
1141 2083 1303 2135 tinem
1366 2080 1725 2149 pertingunt),
1805 2087 2064 2147 prmterc-a

2175 2085 2359 2140 ἁπαλὰ
2386 2085 2600 2140 διώκων
2632 2084 2755 2152 (οὐκ
2781 2087 2838 2138 ἐν
2864 2083 3016 2153 καλῷ
3049 2083 3411 2154 ἀρνευτῆρες,
3432 2083 3510 2144 ὡς
3545 2081 3760 2144 εἰπεῖν,

489 2185 738 2241 homines
761 2179 1038 2248 simplices
1067 2184 1121 2231 et
1140 2173 1233 2245 qui
1259 2188 1356 2244 per
1387 2173 1554 2227 vitam
1577 2173 1666 2226 Dei
1695 2171 1872 2240 gratia
1916 2171 2063 2240 pasci

2175 2178 2354 2231 πολλοὶ
2387 2175 2861 2245 ἀπεκϐαίνουσιν),
2919 2175 3001 2228 ἔτι
3030 2192 3093 2241 γε
3132 2175 3239 2244 μὴν
3281 2175 3376 2226 καὶ
3418 2171 3762 2241 ἀνθρώπους

477 2269 826 2334 desiderant.

2175 2269 2463 2331 ἁπλοῖκοὺς
2491 2307 2507 2332 ,
2543 2269 2620 2331 ὼς
2673 2270 2843 2331 εἰκὸς,
2901 2269 2999 2321 καὶ
3046 2268 3193 2331 οἴους
3244 2265 3455 2318 ἐθέλειν
3503 2265 3599 2318 διά
3634 2265 3760 2336 βίου

2167 2361 2554 2433 ποιμαίνεσθαι
2584 2363 2747 2431 χάριν
2777 2360 2940 2414 Θεοῦ.

2239 2457 2306 2521 ζ’.
2354 2456 2515 2510 Ἀλλά
2573 2454 2750 2508 ταῦτα
2809 2456 2908 2524 μὲν
2949 2452 3382 2524 τροπολογικῶς,
3443 2452 3522 2514 ὡς
3566 2452 3639 2506 ἄν
3671 2469 3763 2516 τις

2165 2550 2417 2620 ἀναγάγῃ
2458 2547 2689 2617 θεοφιλῆ
2735 2545 2979 2616 ποιμένα
3023 2545 3333 2614 προϐάτων.
3375 2544 3434 2596 '0
3482 2544 3542 2596 δὲ
3591 2545 3766 2613 Μάρ-

2165 2661 2282 2708 κος,
2330 2643 2389 2696 ὃν
2443 2641 2546 2694 οὐκ
2591 2641 2707 2692 ἐστι
2740 2638 2829 2692 διὰ
2884 2637 3118 2708 βραχέος
3171 2637 3406 2706 ἀγαγεῖν
3433 2637 3624 2704 λόγου,
3662 2637 3766 2690 καὶ

2165 2737 2304 2809 πρὸς
2352 2734 2606 2802 αἴσθησιν
2659 2733 2756 2785 καὶ
2810 2730 2977 2794 αὐτὸς
3011 2729 3320 2797 ποιμαίνων
3353 2724 3444 2800 ἦν,
3473 2731 3574 2782 καὶ
3606 2728 3767 2782 οὕτω

2167 2825 2407 2896 φιληδῶν
2435 2823 2614 2893 ὄρεσι,
2652 2823 2750 2875 καὶ
2786 2820 3122 2890 θρεμμάτων
3157 2821 3263 2873 τῶν
3295 2819 3463 2872 αὑτοῦ
3505 2820 3767 2888 μελόμε-

557 2455 613 2509 7.
650 2453 754 2508 Sed
785 2454 902 2504 haec
933 2447 1140 2516 tropice
1167 2445 1315 2498 dicta
1347 2449 1478 2498 sunt
1508 2451 1562 2496 et
1599 2442 1972 2511 metaphorice
2000 2443 2066 2498 de

491 2555 710 2616 pastore
745 2544 928 2596 ovium
959 2541 1066 2595 Deo
1119 2537 1313 2591 charo.
1366 2534 1582 2589 Marcus
1645 2544 1850 2596 autem,
1908 2535 2066 2602 cujus

487 2639 599 2693 vita
638 2635 830 2707 paucis
860 2632 1042 2686 verbis
1068 2629 1259 2697 nequit
1307 2626 1563 2692 describi,
1613 2635 1670 2681 et
1731 2627 1848 2694 ipse
1898 2627 2067 2679 ratio-

493 2729 688 2785 nabilis
717 2735 906 2797 pastor
937 2723 1063 2787 fuit,
1105 2719 1373 2774 montium
1405 2719 1616 2773 amicus
1645 2726 1700 2772 ct
1747 2718 1930 2788 gregis
1973 2718 2061 2772 sui

492 2823 794 2882 studiosus,
832 2819 905 2872 ita
936 2825 997 2871 ut
1040 2813 1396 2881 semetipsum
1469 2812 1687 2880 penitus
1743 2810 2065 2880 negligeret,

494 2928 826 2983 manereque
856 2908 1113 2980 pastorali
1171 2906 1312 2962 haud
1348 2905 1404 2960 in
1437 2919 1593 2960 suum
1624 2903 1794 2972 ipsius
1826 2918 2066 2958 commo-

2175 2935 2276 2981 νος,
2321 2913 2500 2984 ἑαυτῷ
2537 2913 2594 2966 δὲ
2651 2913 2848 2965 οὔκουν
2900 2913 3243 2982 ἐπιστρεφῶς
3291 2910 3450 2980 ἔχων,
3491 2911 3578 2962 ὅτι
3618 2911 3768 2978 μηδὲ

493 3011 620 3062 dum
648 3005 983 3071 fungeretur,
1009 2999 1102 3053 sed
1133 2996 1315 3051 omnia
1336 3010 1433 3064 pro
1461 2995 1548 3049 Dei
1571 2994 1837 3049 fratribus
1862 2994 2066 3050 faceret

2175 3006 2306 3076 πρὸς
2333 3006 2524 3074 κέρδος
2553 3004 2752 3059 οἰκεῖον
2779 3003 3120 3071 ἐποίμαινεν,
3146 3002 3284 3056 ἀλλὰ
3317 3006 3429 3064 τοῖς
3473 3001 3575 3054 τοῦ
3618 3002 3768 3055 Θεοῦ

493 3112 698 3168 eosque
731 3096 809 3149 sic
842 3093 948 3147 Deo
985 3093 1312 3146 lucraretur.
1341 3087 1526 3158 Neque
1564 3087 1729 3158 igitur
1781 3097 1928 3142 veste
1986 3088 2066 3141 iu-

2175 3098 2420 3165 ἀδελφοῖς
2457 3097 2723 3161 ἐπονεῖτο,
2769 3096 2867 3149 καὶ
2895 3095 2963 3148 δι’
2995 3095 3174 3149 αὐτῶν
3217 3094 3456 3156 ἐδάνειζε
3484 3093 3567 3161 τῷ
3606 3095 3767 3162 Θεῷ.

495 3192 661 3245 dutns
691 3187 1080 3255 eratpnlchra,
1126 3199 1303 3254 neque
1337 3183 1522 3238 carnis
1579 3183 1912 3253 voluptatem
1971 3197 2066 3236 cu-

2175 3189 2309 3244 Οῦτε
2359 3189 2544 3244 τοίνυν
2594 3185 2858 3251 εὖστολος
2913 3183 2984 3256 ἦν
3013 3187 3112 3258 τὴν
3156 3185 3471 3257 περιϐολὴν,
3506 3188 3608 3238 καὶ
3636 3187 3771 3240 οὐδὲ

495 3279 671 3344 rabat,
703 3277 1086 3348 quarc,capite
1109 3289 1336 3344 prorsus
1358 3273 1627 3334 neglecto,
1646 3274 1872 3342 capillos
1906 3273 2066 3328 libere

2175 3283 2270 3350 τὴν
2333 3281 2514 3349 σάρκα
2558 3277 2891 3348 θεραπεύειν
2933 3278 3092 3348 ἤθελε
3130 3281 3419 3350 τρυφερῶς
3451 3296 3465 3311 ⁸
3518 3280 3607 3334 διδ
3668 3284 3773 3335 καὶ

494 3385 743 3427 crescere
777 3381 940 3436 atque
1008 3367 1285 3420 luxuriare
1343 3367 1580 3419 sinebat.
1644 3365 1718 3418 ita
1790 3366 2066 3419 caesariem

2175 3375 2270 3445 τὴν
2292 3371 2536 3441 κεφαλὴν
2566 3373 2780 3441 ἀφῆκεν
2833 3373 3037 3440 ἑαυτῆς
3076 3369 3241 3436 εἶναι,
3289 3373 3384 3426 καὶ
3435 3374 3772 3443 περιουσιά⁴

497 3468 706 3521 videres
730 3463 965 3518 crinium
998 3461 1353 3518 subalborum
1385 3460 1451 3514 ad
1481 3460 1620 3514 tales
1641 3474 1810 3528 usque
1835 3460 2066 3513 delinen-

2175 3467 2361 3532 ζεσθαι
2392 3465 2535 3518 κατά
2576 3465 2762 3533 μόνας,
2815 3465 2915 3517 ὅσα
2954 3463 3129 3517 ἐθέλοι
3175 3465 3338 3533 αὐτή.
3389 3466 3587 3534 Δόχμη
3627 3467 3771 3534 γοῦν

498 3559 706 3613 tem.ln
737 3557 830 3610 tali
873 3563 1054 3608 autem
1126 3553 1457 3621 capillorum
1527 3550 1874 3606 densitudine
1924 3551 2066 3605 haud

2175 3557 2528 3627 ἐσχεδιάζετο
2579 3557 2703 3610 κατ’
2756 3557 2930 3626 αὐτὴν
2959 3556 3170 3627 τριχῶν
3212 3557 3544 3619 διαλεύκων,
3574 3562 3775 3628 χαλω-

497 3668 695 3720 paucas
747 3650 1106 3706 animalculas
1193 3645 1394 3701 vixisse
1454 3659 1714 3714 perquam
1780 3644 2066 3700 verisimile

2177 3652 2312 3719 μένη
2347 3651 2452 3713 ἓως
2481 3651 2576 3704 καὶ
2629 3651 2712 3711 είς
2767 3651 3014 3720 πτέρνας
3061 3651 3252 3715 αὑτάς.
3291 3653 3354 3705 Ei
3394 3651 3453 3704 δὲ
3492 3653 3592 3705 καὶ
3647 3653 3774 3714 ζῶα

495 3749 602 3799 est,
2174 3742 2345 3812 συχνά
2375 3741 2623 3810 κεφαλῆς
2664 3744 2697 3811 ἠ
2726 3745 2952 3814 τοιαύτη
2979 3743 3240 3814 λασιότης
3272 3744 3529 3814 ἔτρεφεν,
3554 3747 3665 3799 οὐκ
3698 3746 3774 3800 ἂν

2173 3833 2402 3897 ἀπεικὸς
2430 3834 2514 3902 εῐη
2550 3833 2942 3904 στοχάσασθαι.

2243 3924 2317 3995 η’.
2370 3926 2482 3978 Καὶ
2511 3921 2581 3995 ἦν
2626 3924 2705 3994 τῷ
2737 3925 2954 3996 Μάρκῳ
2991 3929 3325 3997 παράσημον
3379 3930 3440 3982 ἐν
3472 3934 3589 3993 τοῖς
3638 3931 3774 3984 τότε

2174 4018 2490 4086 σωματικὸν
2532 4019 2561 4084 ἡ
2618 4018 2845 4087 τοιαύτη
2900 4019 3002 4088 τῆς
3045 4019 3291 4089 κεφαλῆς
3341 4019 3608 4090 τρίχωσις
3661 4023 3777 4092 τῆς

497 4108 668 4163 randa
692 4115 808 4161 erat
829 4115 995 4171 atque
1031 4103 1435 4172 spectatoribus
1460 4109 1746 4169 stuporem
1769 4099 2066 4170 injiciebat,

2175 4113 2272 4163 καὶ
2309 4111 2365 4162 ἐν
2411 4109 2525 4179 ζωῇ
2560 4107 2900 4178 θαυμασίας,
2955 4110 3052 4162 καὶ
3105 4112 3226 4171 οῖας
3271 4109 3605 4180 ἐκπλήττειν
3627 4113 3776 4173 τοὺς

498 4197 594 4254 sed
621 4198 785 4252 etiam
815 4204 935 4263 post
961 4197 1080 4260 ejus
1113 4204 1340 4247 mortem
1401 4191 1717 4247 evertendis
1783 4193 2066 4247 destruen-

2178 4201 2405 4266 θεατὰς,
2458 4200 2557 4254 καὶ
2606 4201 2745 4270 μετὰ
2775 4202 3008 4255 θάνατον
3036 4203 3328 4271 τεραστίας
3367 4203 3545 4266 άλλως
3574 4205 3670 4259 διὰ
3707 4208 3779 4259 τὺ

499 4290 690 4357 disque
714 4286 1056 4343 daemonibus
1084 4284 1340 4354 pollebat.
1377 4283 1644 4338 Nimirum
1671 4283 1852 4355 Magni
1908 4284 2066 4354 jussu

2177 4295 2510 4346 καταπονεῖν
2560 4293 2844 4361 δαίμονας.
2880 4295 3166 4362 Τμηθείσα
3213 4296 3322 4364 γὰρ
3371 4295 3630 4350 κελεύσει
3665 4299 3777 4352 τοῦ

499 4381 732 4436 dissecta
763 4378 1236 4448 primitiarumque
1263 4378 1439 4434 instar
1464 4380 1518 4433 in
1552 4378 1783 4433 Veneris
1813 4379 2066 4448 templum

2179 4385 2429 4452 Μάγνου,
2461 4384 2566 4436 καῖ’
2594 4383 2674 4447 ὡς
2708 4385 2793 4445 είς
2825 4385 3160 4455 πρωτόλειον
3189 4385 3507 4454 πεμφθεῖσα
3537 4387 3621 4457 τῷ
3648 4391 3784 4459 ναῷ

508 4475 811 4544 deportata,
839 4471 926 4526 vix
977 4471 1126 4526 intus
1181 4480 1324 4537 erat,
1349 4486 1474 4526 cum
1526 4472 1688 4527 etiam
1751 4471 2066 4528 miraculum

2181 4449 2298 4545 τῆς*
2322 4475 2639 4546 ’Δρτέμιδος
2664 4516 2679 4540 ,
2739 4449 2884 4544 ἅμα-
2915 4478 3140 4544 γέγονεν
3199 4449 3351 4539 ἐντὸς
3376 4517 3392 4542 ,
3426 4478 3525 4531 καὶ
3554 4449 3782 4532 αύτίκα

497 4566 705 4622 ederet.
745 4562 1046 4620 Simulacra
1091 4562 1376 4632 enimquae
1411 4561 1524 4616 illic
1553 4573 1733 4626 erant,
1759 4563 1918 4631 quasi
1965 4563 2066 4618 vita

2179 4568 2639 4638 έτερατούργησε.
2668 4568 2752 4622 Τὰ
2797 4568 2907 4639 γὰρ
2954 4569 3149 4623 είδωλα
3196 4571 3266 4622 τὰ
3318 4571 3454 4635 ἐκεῖ,
3493 4570 3632 4624 ὡσεὶ
3671 4574 3784 4626 καὶ

499 4665 682 4714 essent
711 4653 957 4728 praedita,
988 4652 1210 4724 delapsa
1268 4662 1619 4714 corruerunt.
1677 4654 2066 4724 contractaque

2180 4657 2400 4727 ἔμψυχα
2423 4653 2587 4728 ἦσαν,
2619 4657 2829 4727 ἔκυψαν
2855 4661 2949 4712 καὶ
2988 4657 3456 4729 ἐταπεινώθησαν·
3485 4661 3583 4713 καὶ
3615 4663 3786 4716 αὐτὰ

501 4749 752 4805 homines
818 4747 1019 4818 probos
1075 4762 1143 4802 ex
1197 4747 1384 4801 inﬁma
1434 4745 1774 4802 inﬁdelitatis
1819 4749 2066 4818 voragine

2182 4747 2281 4816 μὲν
2312 4745 2731 4815 συνετρίϐησαν,
2788 4748 3085 4817 ἐξήγειραν
3137 4749 3193 4801 δὲ
3246 4750 3356 4802 ἀπὸ
3420 4752 3786 4806 κατωτάτω-δ

497 4849 788 4898 erexerunt
810 4848 866 4896 et
888 4841 954 4895 ad
986 4839 1155 4894 Deum
1171 4840 1535 4904 adduxerunt,
1561 4853 1669 4906 quo
1715 4839 1860 4893 facto
1890 4840 2066 4894 diabo-

2179 4838 2439 4901 ἀπιστίας
2495 4837 2818 4909 ἀνθρώπους
2847 4841 3084 4908 ἀγαθοὺς
3108 4881 3123 4906 ,
3155 4842 3252 4894 καὶ
3285 4843 3652 4912 παρέστησαν
3695 4847 3790 4915 τῷ

502 4939 584 4990 lus
610 4935 736 4989 mali
768 4935 1018 5004 princeps
1047 4932 1254 5002 pudore
1277 4931 1541 4998 suﬂusus,
1581 4931 1722 4986 Deus
1740 4939 1949 4996 autem,
1983 4933 2066 5002 qui

2179 4927 2298 4998 Θεῷ
2341 4931 2423 4990 είς
2475 4929 2741 4999 αίσχύνην
2799 4931 2898 5000 μὲν
2957 4931 3050 4985 τοῦ
3109 4933 3431 5002 ἁρχεκάκου
3482 4934 3787 5005 διαϐόλου,

503 5027 626 5080 boni
659 5033 742 5080 est
770 5023 1122 5092 principium,
1145 5022 1400 5077 laudibus
1423 5023 1732 5078 celebratus
1760 5030 1862 5075 est.

2176 5021 2335 5086 δόξαν
2383 5020 2441 5073 δὲ
2491 5019 2584 5073 τοῦ
2626 5023 2802 5075 καλῶν
2834 5023 3010 5076 αίτίου
3058 5023 3218 5078 Θεοῦ.

571 5118 626 5170 9.
653 5115 820 5169 Nicon
852 5116 997 5168 enim
1049 5113 1270 5182 quidam
1327 5125 1381 5167 et
1426 5114 1573 5167 Neon
1626 5123 1680 5167 et
1727 5112 2066 5177 Heliodorus,

2249 5113 2314 5167 θ’,
2367 5113 2553 5165 Νίκων
2615 5113 2726 5183 γάρ
2787 5131 2870 5178 τις
2929 5116 3024 5168 καὶ
3077 5115 3236 5168 Νέων
3294 5118 3391 5170 καὶ
3429 5118 3792 5191 Ἰἰλιόδωρος

500 5207 830 5261 contritione
861 5218 1147 5274 pravarum
1175 5205 1476 5274 imaginum
1502 5205 1729 5258 istarum
1757 5217 2066 5273 conspecta,

2183 5206 2381 5266 ίδὸντες
2427 5204 2527 5274 τήν
2564 5205 2858 5275 συντριϐὴν
2907 5206 3016 5258 τῶν
3054 5208 3275 5274 φαύλων
3343 5211 3795 5278 ἐκτυπωμάτων

503 5298 867 5366 intelligentes
951 5297 1254 5366 potentiam
1313 5297 1556 5351 divinam
1615 5313 1742 5354 esse
1795 5315 1917 5368 quae
1958 5300 2066 5354 illa:

2179 5295 2424 5360 ἐκείνων,
2463 5297 2560 5350 καὶ
2592 5296 2652 5347 ἐν
2689 5297 2829 5367 αὐτῇ
2868 5297 3267 5360 καταλαϐόντες
3315 5299 3415 5361 τὴν
3447 5301 3590 5352 αὐτὰ
3614 5302 3799 5370 6301';-

499 5402 798 5444 concussas
819 5387 1169 5460 deiectaeque
1196 5387 1546 5458 confregerit,
1596 5391 1831 5446 daamonl
1868 5393 2066 5460 princi-

2179 5405 2351 5441 σασαν
2408 5390 2504 5441 καὶ
2550 5389 2975 5459 καταῤῥίψασαν
3022 5389 3118 5441 καὶ
3165 5389 3559 5458 συνθρύψασαν
3606 5391 3796 5445 θείαν

499 5481 602 5548 pali
630 5480 988 5535 valedicentes
1014 5479 1353 5546 defecerunt,
1383 5490 1436 5535 et
1466 5483 1533 5537 ad
1593 5481 1758 5537 Deum
1818 5483 2066 5538 acceden-

2176 5461 2427 5550 δύναμιν,
2464 5481 2727 5534 κατεῖπον
2776 5479 2877 5548 μὲν
2925 5478 3021 5531 τοῦ
3087 5480 3447 5548 πρωτοτύπου
3502 5480 3798 5549 δαίμονος

500 5583 578 5624 tes
610 5567 924 5624 sanctificati
957 5582 1106 5634 sunt,
1139 5571 1612 5642 deserueruntqne
1654 5584 1856 5627 terram
1914 5583 2066 5628 trun-

2176 5575 2270 5625 mi
2322 5569 2746 5640 ἀπεπάτησαν·
2785 5571 3214 5641 προσεχώρησαν
3261 5571 3318 5624 δὲ
3367 5573 3446 5639 τῷ
3493 5573 3613 5640 Θεῷ
3679 5577 3803 5629 καὶ

498 5659 602 5712 cali
629 5659 824 5729 capite,
855 5660 996 5728 quod
1024 5661 1255 5729 homini,
1287 5660 1498 5716 caelesti
1534 5663 1754 5730 plantae,
1781 5664 1933 5716 radix
1967 5676 2066 5729 ρει,

2179 5664 2542 5735 ἡγιάσθησαν,
2573 5664 2676 5732 γῆς
2703 5663 3251 5733 μὲνοάπαναστάντες
3281 5666 3348 5732 τῇ
3377 5664 3478 5732 τῆς
3508 5666 3801 5733 κεφαλῆς

501 5750 554 5802 in
590 5752 836 5818 paradiso
861 5761 1038 5807 autem
1067 5751 1116 5805 in
1144 5753 1537 5821 sempiternum
1576 5753 1784 5806 radices
1812 5765 2060 5824 egerunt.

2175 5755 2468 5822 ἀποτομῇ,
2501 5750 2600 5820 τῆς
2641 5755 2698 5806 ἐν
2733 5754 3023 5822 ἀνθρώπῳ,
3072 5752 3150 5822 τῷ
3175 5753 3414 5824 οὐρανίῳ
3451 5752 3628 5822 φυτῷ,
3687 5761 3799 5823 ρε-

567 3925 621 3984 8,
646 3921 764 3978 Tali
797 3921 963 3992 igitur
998 3922 1144 3976 inter
1174 3921 1413 3990 aquaies
1445 3919 1674 3988 insignis
1706 3918 1807 3974 fuit
1861 3917 2072 3974 Marcus

497 4015 736 4080 caesarie,
763 4029 886 4083 qua:
917 4028 1028 4068 non
1063 4012 1264 4076 solum,
1287 4014 1416 4066 dum
1477 4011 1565 4066 ille
1623 4011 1854 4073 viveret,
1900 4010 2074 4064 admi-
