3888 6238
439 389 545 454 271

1151 391 1583 454 EUSTATIIII
1627 389 2380 450 TIIESSALONICENSIS
2421 393 2979 454 METROPOLITE

3580 395 3681 458 272

441 514 662 568 domino
685 525 1035 576 concurrere,
1061 508 1156 564 sed
1187 524 1311 565 eum
1339 507 1692 578 praetergredi
1749 504 2013 560 continuo

2135 506 2442 574 ριλονεικῶν
2475 508 2549 578 μὴ
2577 507 2740 576 μόνον
2776 509 2911 578 πρὸς
2944 510 3168 577 ἰσότητα
3194 509 3270 579 τῷ
3304 509 3682 579 φαυλεπιφαύ-

440 613 496 666 iu
529 607 680 662 nefas
705 621 888 662 cursu.

514 795 603 850 14.
636 793 762 858 Iste,
789 804 849 845 se
875 801 1138 843 exercens
1163 785 1318 853 quasi
1351 786 1417 836 ad
1451 790 1729 849 capturam
1755 779 2018 832 Christia-

443 905 664 955 norum,
722 882 852 956 quia
908 877 1260 935 venationem
1307 872 1527 927 amabat
1578 869 1740 939 (sicut
1789 877 2014 923 econtra

445 982 658 1036 Marcus
685 976 913 1048 ejusque
937 967 1193 1038 discipuli
1235 981 1355 1020 sese
1377 963 1710 1017 exercebant
1734 961 1801 1014 ad
1859 976 2012 1014 man-

446 1071 817 1133 suetudinem,
850 1072 1039 1133 utpote
1070 1061 1193 1115 vita:
1215 1057 1507 1128 pastoralis
1539 1054 1832 1122 amantes),
1881 1068 2018 1122 prac-

451 1158 926 1232 l'ecithujusmodi
981 1160 1258 1208 venatum:
1325 1147 1615 1219 quemdam
1674 1144 2015 1205 Diomedem,

448 1261 682 1330 peritum
707 1252 882 1325 gregis
928 1263 1124 1306 canum
1173 1243 1404 1298 ducendi
1455 1251 1510 1296 et
1561 1237 1888 1293 Christianis
1943 1236 2024 1288 in-

450 1353 858 1414 l'ensissimum,
911 1357 970 1401 ut
1033 1342 1286 1413 improbo
1345 1335 1570 1390 domino
1628 1331 1822 1387 similis
1875 1335 2021 1382 esset

453 1447 720 1503 minister.
765 1442 830 1498 Et
852 1439 1073 1510 quidem
1109 1439 1376 1504 quantum
1422 1427 1476 1480 in
1509 1423 1801 1480 venatione
1836 1417 2020 1472 Marco

451 1539 737 1597 inserviret
766 1536 842 1590 illi
880 1531 1160 1592 sciebant;
1221 1537 1384 1594 quam
1420 1507 1550 1574 vero
1603 1525 1796 1572 contra
1847 1513 2018 1568 Deum

450 1630 729 1708 praadandi
756 1625 986 1684 callidus
1010 1629 1179 1685 esset,
1211 1617 1335 1671 hinc
1355 1610 1704 1667 manifestum
1737 1615 1845 1662 est.

526 1727 614 1780 15.
645 1718 978 1778 Procedebat
1004 1714 1302 1786 quondam,
1328 1713 1558 1760 venatus
1590 1699 1771 1755 omnis
1805 1696 2023 1768 generis

2123 599 2200 667 λῳ
2231 599 2467 670 δεσπότῃ
2514 600 2866 667 συντρέχειν,
2909 599 3042 654 ἀλλά
3086 599 3450 670 ὑπερϐάλλειν
3480 601 3683 655 ἐκεῖνον

2073 677 2102 692 ’
2124 691 2200 759 τῷ
2233 691 2312 752 είς
2347 693 2548 743 κακίαν
2571 691 2815 759 «συντόνῳ
2845 689 3048 761 δρόμῳ.

2196 781 2273 837 ιδ’.
2309 786 2476 844 Ουτος
2503 784 2914 852 γυμναζόμενος
2943 779 3054 836 οἷον
3081 784 3158 845 εἰς
3183 784 3243 835 τὸ
3265 782 3521 853 ἀγρεύειν
3554 783 3685 848 Χρι-

2124 875 2371 936 στιανοὺς
2407 875 2491 926 διὰ
2529 875 2588 926 τὸ
2614 875 2787 942 φιλεῖν
2817 876 2883 927 τὰ
2908 874 3178 943 θηρατικὰ
3207 875 3372 942 (καθά
3401 873 3636 941 ἔμπαλιν
3662 874 3687 923 ὀ

2125 965 2350 1033 Μάρκος
2399 965 2495 1018 καὶ
2520 965 2571 1018 οῖ
2620 966 2738 1018 κατ’
2769 965 2930 1018 αὐτὸν
2974 965 3054 1025 είς
3095 963 3408 1032 ἡμερότητα
3459 962 3548 1014 διὰ
3598 961 3688 1012 τοῦ

2126 1056 2509 1126 φιλοποίμενες
2561 1052 2699 1109 εἶναι
2723 1057 2742 1126 )
2766 1097 2780 1118 ,
2829 1057 3163 1124 προύϐάλετο
3196 1055 3466 1124 ἐξηγητὴν
3518 1054 3688 1122 θήρας

2123 1147 2380 1216 τοιαύτης
2427 1149 2699 1217 Διομήδην
2739 1149 2882 1210 τινὰ,
2924 1149 3247 1215 κυνηγετεῖν
3297 1146 3352 1198 δὲ
3395 1144 3569 1208 δεξιὸν
3601 1146 3690 1195 καὶ

2129 1241 2500 1308 μισόχριστον,
2538 1239 2625 1292 ἵνα
2657 1239 2814 1310 κακῷ
2837 1239 3060 1309 ἄρχοντι
3099 1239 3498 1306 συνεξομοιοίτο
3539 1240 3634 1288 καὶ
3664 1237 3692 1286 6

2126 1333 2449 1402 ἀρχόμενος.
2487 1333 2546 1384 '0
2576 1331 2631 1384 δὲ
2665 1333 2734 1384 τὰ
2773 1333 2870 1398 μὲν
2895 1331 3225 1398 κυνηγετικά
3246 1332 3392 1391 ὅπως
3420 1330 3512 1380 τὸν
3540 1328 3691 1393 Μάγ-

2125 1445 2215 1480 νον
2259 1425 2612 1495 ἐθεράπευεν,
2659 1425 2854 1494 ᾔδεσαν
2911 1415 3152 1476 ἐκεῖνοίο
3207 1423 3282 1484 ὡς
3337 1421 3520 1474 δὲκαὶ
3556 1420 3694 1471 κατά

2127 1517 2264 1571 Θεοῦ
2291 1515 2464 1578 δεινὸς
2494 1511 2560 1585 ἦν
2589 1515 2871 1585 ἀγρεύειν,
2904 1512 3154 1567 ἐντεῦθεν
3185 1512 3362 1581 δῆλον.

2202 1701 2282 1750 ιε’.
2315 1694 2599 1765 Προσῆλθέ
2636 1710 2765 1746 ποτε
2788 1689 3172 1760 θηρασάμενος
3202 1683 3460 1739 παντοίαν
3499 1681 3696 1771 ἄγραν,

453 1773 993 1880 feram,—et—multos
1023 1773 1249 1862 lsecum
1307 1797 1539 1854 habebat
1587 1794 1655 1848 ad
1709 1789 2023 1861 bujusmodi

2135 1791 2228 1842 καὶ
2257 1785 2372 1859 εἶχε
2401 1788 2532 1859 περὶ
2560 1786 2754 1840 ἑαυτὸν
2803 1784 3034 1844 πολλοὺς
3081 1779 3301 1840 ἱκανοὺς
3347 1778 3412 1829 τά
3451 1773 3697 1880 τοιαῦτά,

455 1858 704 1972 idoneds,
728 1907 835 1959 huc
878 1903 1006 1957 illuc
1047 1897 1294 1968 palantes
1329 1890 1396 1958 ad
1431 1884 1870 1954 investigandum
1902 1895 2022 1951 quas

2135 1858 2565 1950 5ιεσπαρμένους
2612 1876 2807 1937 ἄλλους
2863 1871 3103 1942 ἀλλαχοῦ
3154 1871 3296 1924 κατὰ
3345 1867 3574 1937 ζήτησιν
3624 1858 3698 1916 ὧν

452 2001 796 2073 appetebant.
827 1993 929 2052 illi.
963 2005 1084 2060 qua:
1117 1987 1189 2042 ibi
1221 1990 1377 2038 erant
1428 1978 1776 2048 indagantes,
1829 1987 2025 2027 oecur-

448 2067 578 2150 -runt
606 2089 787 2146 Marco
815 2081 1058 2143 docenti,
1099 2088 1152 2132 et
1183 2074 1345 2132 simul
1377 2087 1440 2126 ac
1468 2071 1674 2133 vident,
1706 2067 2021 2132 obstupent.

450 2189 690 2242 Cernere
719 2179 860 2236 enim
892 2183 1009 2230 erat
1040 2186 1166 2224 vere
1191 2169 1313 2223 visu
1375 2161 1626 2218 mirabile
1682 2167 1739 2213 et
1789 2155 2024 2242 posteris

453 2241 639 2327 auditu
676 2258 1015 2319 incredibile.
1049 2252 1238 2307 Virum
1260 2250 1481 2319 quidem
1535 2241 2025 2311 exhaustumjeju-

445 2360 580 2424 .uiis,
621 2356 765 2410 fame
822 2353 1188 2407 attenuatum,
1227 2343 1476 2394 umbram
1531 2346 1743 2390 tantum
1782 2331 2026 2388 hominis

453 2450 820 2507 exhibentem,
848 2439 999 2496 canis
1029 2434 1282 2489 villosum
1301 2429 1428 2500 pilis
1456 2444 1486 2482 a
1519 2427 1722 2481 vertice
1738 2424 1804 2478 ad
1832 2427 2022 2492 pedes,

451 2540 596 2598 haud
625 2537 759 2593 adeo
810 2527 1064 2586 admirati
1098 2534 1262 2587 sunt;
1315 2521 1408 2576 sed
1452 2520 1724 2589 jacentem
1788 2509 1855 2569 ad
1901 2512 2022 2582 ejus

447 2635 619 2706 pedes
641 2641 845 2691 ursam,
880 2633 1082 2690 eosque
1129 2615 1321 2670 leniter
1365 2611 1714 2670 lambentem,
1761 2615 1837 2669 et,
1897 2618 2022 2658 cum

455 2697 601 2800 loqui
635 2738 744 2778 non
787 2723 995 2790 posset,
1054 2713 1130 2765 ita
1166 2698 1339 2762 vocis
1385 2701 1712 2771 obsequium
1774 2697 2024 2767 supplere

454 2791 804 2895 gestientem,
830 2808 1182 2877 stupuerunt,
1221 2806 1275 2853 et
1298 2812 1411 2868 pra:
1445 2791 1738 2848 formidine
1768 2793 2025 2845 volebant

454 2882 692 2969 ἔωσι-ρο
716 2915 772 2961 et
793 2903 861 2957 ab
901 2913 1026 2954 ursa
1055 2890 1356 2949 discedere.
1393 2886 1500 2941 Sed
1559 2886 1872 2939 morabatur
1928 2882 2026 2936 ad-

456 3004 672 3060 miratio
702 3007 757 3053 et
784 2993 969 3050 oculos
986 2986 1286 3046 detinebat,
1305 2980 1385 3034 vel
1413 2978 1614 3049 potius,
1637 2985 1694 3030 ut
1721 2976 1794 3030 ita
1818 2974 2021 3039 dicam,

454 3097 672 3153 stabant
717 3085 882 3148 muti,
927 3075 1138 3135 astricti
1187 3085 1389 3143 pavore
1419 3085 1484 3125 ac
1534 3078 1781 3138 stupore,
1851 3067 2024 3120 donec

454 3185 628 3244 sancti
662 3180 766 3236 viri
793 3174 969 3233 accitu
1000 3168 1244 3225 animum
1297 3163 1620 3229 recipientes
1649 3160 1717 3215 ad
1745 3174 1868 3214 cum
1927 3172 2022 3211 ac-
2052 3206 2097 3271 C

454 3281 760 3336 cesserunt.

528 3536 615 3591 16.
650 3533 803 3587 Tunc
824 3527 1091 3586 sciscitati
1117 3539 1180 3579 ac
1204 3521 1495 3591 diligenter
1521 3519 1586 3572 de
1605 3517 1697 3570 illo
1725 3513 2027 3586 percontati

454 3640 510 3687 et
541 3637 823 3697 comperto
867 3640 991 3680 eum
1027 3636 1144 3675 esse
1177 3616 1383 3673 Christi
1405 3612 1690 3674 famulum,
1745 3618 2028 3662 converte-

455 3735 586 3781 runt
611 3718 1024 3776 admirationem
1057 3713 1418 3778 timoremque
1455 3708 1509 3761 in
1559 3705 1807 3760 rabidum
1859 3701 2029 3771 ipsius

453 3818 764 3883 odium;et
794 3809 1059 3881 imprimis
1127 3804 1241 3860 fera
1303 3800 1480 3857 bestia
1555 3798 1864 3861 Diomedes,
1933 3793 2027 3863 qui

453 3911 634 3968 statim
667 3907 881 3978 Magno,
913 3899 1257 3972 gratissimus
1317 3894 1504 3959 index,
1568 3893 1772 3945 bonum
1843 3887 2024 3943 defert

455 4002 718 4064 Marcum,
741 3992 1064 4063 discipulam
1099 3987 1241 4042 haud
1277 3986 1482 4039 veritus
1511 3997 1693 4036 ursam
1730 3998 1744 4034 :
1777 3995 1883 4048 qua
1909 3980 2025 4032 visa

453 4088 931 4148 mansuetudinem
959 4097 989 4136 ιι
1014 4088 1208 4135 sancto
1239 4077 1456 4138 edocta,
1490 4088 1616 4127 cum
1651 4073 1933 4127 debuisset
1963 4071 2032 4124 ab

453 4193 800 4250 catanquam
843 4174 1102 4242 magistra
1164 4168 1304 4222 idem
1368 4166 1484 4234 ipse
1541 4163 1745 4228 doceri,
1806 4162 2033 4216 immitis

455 4274 564 4325 fera
605 4279 784 4322 tamen
811 4261 983 4318 saeviit
1019 4260 1073 4312 in
1102 4271 1288 4310 senem
1326 4255 1434 4307 Deo
1457 4253 1866 4306 charissimum.
1897 4251 2032 4304 Nam

454 4356 602 4412 credi
655 4350 1048 4420 nequitursam
1084 4344 1309 4414 pedibus
1366 4341 1532 4397 Marci
1582 4341 1918 4413 adjacentem
1963 4344 2034 4396 ita

457 4454 794 4502 mansuetam
851 4439 1020 4491 fuisse
1047 4435 1244 4491 factam
1299 4435 1510 4503 absque
1570 4431 1662 4488 Dei
1723 4449 1916 4503 opera,
1976 4445 2035 4488 ιιι

2125 1971 2335 2041 ἤθελονο
2387 1969 2437 2022 οἳ
2493 1968 2584 2021 καὶ
2633 1965 3044 2036 διερευνώμενοι
3086 1963 3154 2015 τὰ
3196 1961 3314 2014 ἐκεῖ
3343 1955 3701 2027 παρατυγχά-

2124 2082 2278 2119 νουσι
2308 2062 2386 2133 τῷ
2420 2061 2631 2131 Μάρκῳ
2673 2058 3004 2118 διδάσκοντι,
3036 2055 3132 2107 καὶ
3165 2051 3282 2116 ἅμα
3315 2049 3574 2119 βλέπουσι
3607 2048 3703 2097 καὶ

2125 2158 2546 2220 ἐκπλήττονται.
2579 2148 2688 2205 Ἶιν
2742 2150 2852 2220 γάρ
2899 2147 3118 2218 ἀληθῶς
3161 2143 3375 2205 θεαθεὶς
3421 2141 3544 2192 τότε
3599 2138 3703 2206 μὲν

2125 2248 2409 2319 τεράστιον
2437 2245 2635 2314 θέαμα,
2683 2244 2794 2304 τοῖς
2843 2239 3070 2308 ὕστερον
3109 2237 3164 2289 δὲ
3194 2231 3497 2308 παράδοξον
3532 2230 3702 2284 ἄκοι-

2129 2357 2261 2408 σμσ.
2294 2337 2612 2408 ’Ἄνθρωπον
2671 2335 2765 2404 μὲν
2811 2332 2922 2402 γάρ
2973 2331 3104 2384 ῑδεῖν
3155 2321 3504 2396 νηστευτικδν
3532 2361 3548 2387 ,
3603 2320 3702 2373 καὶ

2127 2429 2545 2498 κατεσκληκότα
2572 2426 2734 2496 λιμῷ,
2772 2427 2867 2477 καὶ
2900 2421 3062 2475 σκιάν
3092 2419 3290 2489 ἀνδρὸς
3328 2416 3698 2487 ἐμφαίνοντα,

2127 2523 2219 2575 καὶ
2248 2521 2538 2591 βεϐριθότα
2573 2519 2793 2588 μαλλοῖς
2819 2517 3032 2577 λευκοῖς
3076 2515 3140 2566 ὲκ
3181 2510 3422 2580 κεφαλῆς
3463 2509 3570 2570 ἕως
3603 2525 3707 2560 πο-

2126 2615 2254 2680 δῶν,
2287 2615 2386 2666 οὐκ
2428 2614 2486 2674 ἐς
2537 2612 2791 2664 τοσοῦτον
2831 2608 3187 2678 ἐθαύμασανο
3228 2605 3326 2676 τὴν
3365 2604 3423 2656 δὲ
3457 2604 3567 2669 πρὸ
3598 2621 3706 2655 ποα

2126 2705 2233 2757 δῶν
2263 2703 2459 2772 ἐκείνῳ
2493 2703 2753 2772 κειμένην
2785 2703 3010 2771 ἄρκτον,
3061 2701 3157 2752 καὶ
3191 2698 3387 2767 πράως
3412 2693 3707 2765 λιχμωμέ-

2128 2813 2226 2866 νην
2256 2795 2474 2860 αύτους,
2531 2795 2661 2859 καὶ,
2695 2794 2818 2845 ἐπεὶ
2871 2792 2947 2861 μὴ
2975 2791 3154 2844 λαλεῖν
3206 2789 3383 2860 εἶχεν,
3445 2788 3707 2855 ἀφοσιου-

2133 2887 2301 2958 μένην
2335 2884 2503 2949 οὕτως
2550 2885 2609 2938 τὸ
2656 2884 2950 2953 λαλητικὸν
3003 2883 3395 2952 λειτούργημα,
3437 2877 3709 2947 ὑπερεξε-

2129 2979 2441 3048 πλάγησαν,
2467 2975 2563 3031 καὶ
2593 2978 2620 3029 ὁ
2647 2975 2812 3044 φόϐος
2845 2975 2944 3045 μὲν
2977 2974 3168 3045 ἢθελεν
3190 2973 3420 3042 ἀφιστᾷν
3457 2970 3709 3032 ἐκείνους

2127 3066 2222 3121 τοῦ
2251 3085 2310 3121 τε
2331 3069 2560 3138 Μάρκου
2591 3068 2689 3120 καὶ
2720 3065 2820 3135 τῆς
2847 3065 3052 3136 ἄρκτου
3071 3103 3088 3128 ,
3121 3064 3180 3116 τὸ
3209 3063 3268 3116 δὲ
3300 3061 3485 3130 θαῦμα
3510 3063 3708 3112 κατεί-

2129 3179 2254 3233 χεν,
2318 3160 2459 3214 ὥστε
2510 3160 2858 3231 παραμένειν
2916 3161 3010 3212 καὶ
3064 3157 3326 3226 βλέπεινο
3384 3153 3586 3222 μᾶλλον
3621 3151 3705 3215 δὲ,

2131 3250 2327 3317 εἰπεῖν,
2359 3249 2578 3301 ἵσταντο
2631 3247 2825 3312 ἑννεοὶ,
2881 3247 3190 3318 πεπηγότες
3242 3245 3320 3312 τῷ
3351 3244 3460 3298 δέει
3506 3245 3602 3296 καὶ
3628 3242 3711 3311 τῷ

2132 3339 2414 3410 θαύματι,
2473 3339 2577 3404 ἕως
2647 3339 3054 3411 τεθαρρηκότες
3112 3333 3581 3408 προσκαλουμένῳ
3627 3333 3710 3403 τῷ

2133 3434 2274 3503 ἁγίῳ
2298 3435 2537 3504 ἤγγισαν
2572 3432 2707 3503 πρὸς
2735 3434 2920 3488 αὐτόν.

2205 3525 2302 3591 ις’.
2366 3525 2478 3580 Καὶ
2544 3527 2666 3579 τότε
2727 3525 3048 3596 πυθόμενοι,
3099 3523 3192 3576 καὶ
3242 3521 3312 3576 τὰ
3357 3521 3480 3575 κατ’
3537 3518 3712 3574 αὑτὸν

2131 3617 2728 3691 ἀκριϐολογησάμενοι,
2765 3619 2862 3672 καὶ
2899 3616 3180 3687 μαθόντες,
3213 3614 3447 3683 Χριστιιῦ
3471 3612 3714 3682 λατρευ-

2131 3711 2229 3780 τὴν
2270 3709 2435 3763 αὑτὸν
2486 3706 2650 3775 εἶναι,
2685 3708 2988 3778 μετέϐαλον
3023 3707 3122 3761 καὶ⁴
3171 3705 3233 3758 τὸ
3276 3703 3485 3773 θάμϐος
3524 3703 3622 3755 καὶ
3646 3702 3714 3754 τὸ

2131 3804 2248 3867 δέος
2287 3803 2367 3865 είς
2419 3802 2628 3872 ’μανίαν
2689 3803 2790 3870 τὴν
2840 3800 2964 3853 κατ’
2999 3797 3191 3862 αὑτοῦ,
3245 3797 3340 3849 καὶ
3380 3795 3620 3865 μάλιστα
3649 3794 3717 3847 ea

2131 3897 2302 3950 κακὸν
2337 3895 2548 3966 θηρίον,
2601 3896 2629 3948 ό
2655 3894 2952 3962 Διομήδης,
2985 3893 3043 3956 ὃς
3073 3891 3166 3944 καὶ
3215 3889 3414 3943 αὐτίκα
3451 3904 3717 3957 καταμηο

2131 3989 2249 4043 νύει
2285 3989 2361 4058 τῷ
2393 3989 2604 4056 Μάγνῳ
2634 3987 2692 4039 τὸ
2748 3985 2902 4054 φίλον
2938 3985 3191 4054 ἕρμαιον,
3225 3983 3314 4035 τὸν
3346 3981 3511 4034 καλὸν
3546 3981 3717 4048 Μάρ-

2132 4098 2250 4143 κον,
2283 4080 2383 4132 ούκ
2409 4077 2678 4140 αἰδεσθεὶς
2713 4078 2812 4146 τὴν
2856 4076 3164 4146 μαθήτριαν
3225 4073 3427 4143 ἄρκτον
3451 4087 3466 4101 ⁸
3506 4073 3575 4142 ἢν
3624 4070 3716 4123 δι-

2131 4171 2421 4243 δαχθεῖσαν
2461 4165 2574 4224 οἷον
2604 4169 2738 4239 πρὸς
2783 4167 2878 4220 τοῦ
2923 4167 3085 4235 ἁγίου
3123 4166 3345 4236 ἡμέρως
3391 4163 3540 4234 ἔχειν
3581 4163 3717 4216 ἰδὼν

2133 4265 2320 4330 αὐτὸς,
2378 4263 2473 4316 καὶ
2526 4260 2758 4330 ὀφείλων
2817 4258 3011 4330 μαθεῖν
3059 4257 3118 4322 ἐξ
3159 4259 3396 4326 ἐκείνης,
3452 4256 3557 4308 ὅσα
3614 4255 3719 4308 καὶ

2134 4355 2486 4419 διδασκάλου,
2513 4353 2575 4407 τὸ
2613 4353 2824 4423 ὅμοιον,
2857 4351 3011 4422 ὅμως
3049 4349 3345 4410 ἀθίτασσος
3381 4347 3563 4416 ἀπέϐη
3605 4347 3719 4417 Θὴρ

2137 4448 2282 4503 κατά
2327 4449 2422 4501 τοῦ
2475 4444 2896 4516 θεοφιλεστάτου
2947 4444 3230 4512 γέροντος.
3283 4440 3358 4494 Οὐ
3412 4440 3520 4509 γὰρ
3560 4439 3718 4492 ἐστιν

454 4551 649 4606 nempe
680 4534 845 4587 visam
872 4526 1143 4582 Diomedis
1170 4525 1325 4595 pueri
1370 4525 1717 4581 imitarentur
1752 4537 1806 4582 et
1854 4529 2024 4583 homi-

2140 4539 2455 4605 ὑπολαϐεῖν,
2481 4537 2556 4602 ὡς
2587 4540 2621 4608 ἡ
2651 4536 2854 4608 ἄρκτος
2880 4535 2988 4600 πρὸ
3011 4533 3190 4586 ποδῶν
3219 4532 3296 4602 τῷ
3317 4533 3531 4602 Μάρκῳ
3567 4531 3720 4584 ἐκει-

454 4643 576 4680 nem
617 4621 708 4676 Dei
739 4627 1072 4676 vererentur.

2138 4649 2221 4694 το,
2254 4628 2478 4690 τιθασὸς
2511 4628 2569 4690 ἐς
2601 4623 2861 4678 τοσοῦτον
2891 4623 3162 4692 γενομένη
3189 4621 3313 4691 δίχα
3352 4639 3416 4689 γε
3456 4637 3718 4691 πραγμαο

455 4724 600 4783 ..δίας
637 4719 803 4779 θείας,
839 4715 924 4768 ἵνα
959 4711 1160 4783 δηλαδὴ
1219 4711 1547 4780 θεασάμενοι
1593 4712 1766 4782 αὐτὴν
1819 4718 1865 4768 οἱ
1909 4720 2053 4792 ἀμφὶ
2092 4729 2184 4784 τὸν
2220 4725 2492 4795 Διομήδην
2558 4723 2930 4792 μιμήσωνται,
2981 4719 3076 4774 καὶ
3117 4720 3209 4772 τὸν
3247 4717 3341 4772 τοῦ
3381 4719 3517 4774 Θτοῦ
3558 4718 3720 4789 αίδή-

453 4829 652 4865 σωνται
683 4810 992 4879 ἄνθρωπον.

527 4904 609 4955 ΓΙ.
639 4902 729 4956 Sic
761 4901 975 4954 delatus
1043 4911 1125 4953 est
1182 4897 1394 4953 Marcus
1427 4899 1491 4951 ad
1551 4896 1828 4968 Magnum.
1894 4901 2022 4972 Iste,

454 5004 669 5063 arrepto
692 4994 796 5047 hoc
857 4994 1070 5056 nuntio,
1131 4992 1298 5046 mittit
1342 4993 1564 5062 triginta
1612 4991 1870 5051 milites:
1929 4999 2025 5065 qui

454 5085 602 5142 dulci
651 5095 876 5154 captura
932 5084 1021 5136 illa
1078 5082 1232 5151 potiti
1286 5083 1447 5138 simul
1509 5097 1635 5138 cum
1694 5082 2024 5154 discipulis,

460 5178 650 5246 Magno
710 5176 1014 5230 astiterunt.
1081 5175 1154 5237 Is,
1218 5184 1570 5244 percontatus
1622 5183 1677 5228 et
1745 5187 2027 5245 comperto

459 5275 732 5324 wnaturae
752 5265 1064 5335 praelectum
1087 5281 1194 5321 non
1214 5265 1384 5321 fuisse
1407 5266 1696 5319 mentitum
1727 5263 2028 5334 (fatebatur

455 5360 600 5412 enim
633 5365 864 5427 tyranno
903 5355 1114 5410 Marcus
1149 5372 1246 5425 pro
1285 5358 1568 5422 tribunali,
1604 5372 1664 5413 se
1699 5373 1822 5413 esse
1867 5356 2031 5413 Chri-

457 5452 716 5514 stianum,
742 5457 796 5502 et
820 5462 849 5502 a
869 5449 960 5502 tali
991 5449 1330 5505 confessione
1361 5465 1462 5504 nec
1489 5450 1901 5506 adulationibus
1927 5466 2028 5506 nec

457 5543 618 5597 minis
641 5541 1004 5606 avertebatur)
1033 5543 1216 5596 statim
1240 5542 1419 5597 elatus
1470 5549 1554 5596 est
1617 5544 1902 5612 superbia.
1959 5543 2028 5598 Et

458 5631 543 5685 ille
567 5631 694 5686 altis
721 5631 990 5685 laceratus
1043 5640 1127 5684 est
1165 5629 1394 5691 rasuris.
1422 5638 1476 5685 et
1523 5631 1860 5700 reliquorum
1916 5644 2030 5688 tor-

460 5731 761 5775 mentorum
820 5722 1217 5793 experientiam
1285 5723 1472 5788 subiit,
1567 5723 1759 5794 angelo
1815 5734 2028 5780 astante

460 5813 933 5884 imisihilibusque
961 5813 1322 5872 confirmante
1346 5814 1556 5871 viribus
1595 5825 1648 5869 et
1677 5815 1745 5869 ad
1810 5815 2023 5884 patien-

2204 4903 2290 4971 ιζ’.
2311 4904 2449 4959 Ἀλλ’
2471 4904 2610 4957 οὕτω
2636 4903 2735 4973 μὲν
2759 4919 2891 4955 κατε
2901 4902 3113 4972 μηνύθη
3141 4902 3170 4955 ὁ
3198 4901 3426 4969 Μάρκος
3451 4900 3530 4972 τῷ
3553 4901 3725 4970 Μάγ-

2129 5017 2224 5071 νῳ·
2275 4999 2370 5052 καὶ
2397 4997 2558 5059 αὐτὸς
2597 4997 2853 5066 ἀρπάσας
2894 4997 2991 5063 τὴν
3045 4995 3252 5062 εἴδησιν
3288 4994 3502 5047 στέλλει
3542 5011 3719 5066 στρα-

2129 5086 2332 5148 τιώτας
2361 5084 2679 5154 τριάκοντα,
2717 5083 2768 5136 οἳ
2818 5083 2914 5137 καὶ
2949 5082 3305 5146 συλλαϐόντες
3337 5084 3505 5137 αὐτὸν
3535 5086 3717 5154 γλυκὺ

2131 5177 2384 5248 θήραμα,
2418 5176 2499 5246 τῷ
2542 5174 2745 5246 Μάγνῳ
2800 5179 3177 5246 παρέστησαν,
3219 5179 3721 5248 παρασπιζόμενον

2131 5269 2226 5321 καὶ
2263 5267 2535 5338 μαθηταῖς
2564 5283 2578 5298 ο
2613 5267 2672 5331 ὃς
2705 5269 3008 5335 ἀνακρίνας
3053 5270 3150 5321 καὶ
3200 5267 3458 5338 εὑρηκὼς
3491 5272 3584 5324 τὸν
3615 5275 3719 5341 ἀρα

2133 5362 2371 5432 Χηγέτην
2405 5362 2502 5428 τῆς
2535 5359 2707 5430 θήρας
2761 5363 2836 5430 μὴ
2866 5361 3212 5430 ψευσάμενον
3251 5362 3550 5430 (ὡμολόγει
3602 5366 3722 5432 γὰρ

2133 5455 2227 5508 καὶ
2284 5453 2361 5524 τῷ
2410 5452 2658 5522 τυράννῳ
2703 5453 2784 5514 είς
2826 5453 3016 5522 κοινὴν
3068 5452 3336 5522 ἀκρόασιν
3379 5455 3408 5505 ὁ
3460 5455 3722 5523 Μάρκος.

2131 5543 2464 5614 Χριστιανὸς
2493 5539 2658 5608 εἶναι,
2702 5547 2798 5597 καὶ
2836 5545 2896 5594 ού
2941 5543 3294 5612 διεστρέφετο
3322 5543 3421 5610 τῆς
3455 5545 3728 5612 τοιαύτης

2129 5633 2420 5704 ὁμολογίας
2447 5633 2573 5688 οὔτε
2612 5634 2903 5698 θωπείαις,
2934 5634 3058 5688 οὔτε
3089 5633 3384 5702 ἀπειλαῖς),
3421 5637 3733 5704 παραχρῆ-

2137 5746 2213 5798 μα
2259 5727 2360 5797 μὲν
2393 5723 2529 5798 ἦρτο
2573 5729 2991 5798 μετεωρισθείς.
3044 5728 3151 5780 Καὶ
3209 5727 3594 5796 ἀμυσσόμενος
3625 5727 3730 5793 ἐφ’

2132 5820 2316 5873 ἰκανὸν
2351 5819 2557 5888 ὲξέστο,
2611 5823 2702 5873 καὶ
2753 5821 2957 5872 λοτπ.ῖιν
3011 5821 3065 5873 δὲ
3122 5818 3372 5886 βασάνων
3405 5818 3596 5871 δεινῶν
3629 5821 3728 5883 εἰς
