3916 6244
350 332 462 394 275

1073 338 1490 400 EUSTATIIll
1531 341 2287 406 THESSAIDNJCENSIS
2331 347 2888 410 METROPOLITE

3493 345 3606 410 2'76

349 449 495 505 tibus
527 449 758 520 impetu,
795 461 978 519 quoet
1005 452 1106 521 ipsi
1135 453 1330 508 fierent
1387 454 1536 522 boni,
1580 465 1638 511 et
1701 471 1823 526 qua:
1877 458 1926 512 in

2041 459 2228 527 μένοις
2297 463 2552 531 ἀφορμῆς
2597 462 2833 531 ἀγαθῆς,
2892 463 2978 516 ἵνα
3010 462 3103 516 καὶ
3149 463 3305 518 αὐτοὶ
3338 463 3607 534 γένωντα.

349 544 592 610 potentia
619 544 945 598 naturaliter
1000 546 1178 601 inerat
1226 547 1494 617 sapientia
1549 550 1607 604 in
1652 551 1921 606 actualem

296 648 308 694 ξ
349 645 763 691 tonvcrteretur
797 638 1150 706 sapientiam,
1194 654 1324 694 ecce
1376 651 1604 710 apparet
1658 643 1925 699 divinitus

302 713 313 773 ³.
351 727 482 793 dux,
515 727 603 790 qui
627 744 656 782 e
684 711 921 784 tenebris
954 730 1020 784 ad
1050 731 1224 785 lucem
1277 731 1538 796 adducat,
1599 735 1925 791 venerabilis

352 817 586 882 Marcus.
627 820 808 888 magni
845 821 1156 890 summique
1184 823 1421 890 pastoris
1450 824 1705 895 egregius
1733 827 1922 896 Opilio,

351 913 406 966 in
429 914 611 968 cordis
645 915 992 982 simplicitate
1016 913 1250 968 callidus
1283 929 1465 970 rerum
1513 916 1844 982 caelestium,
1870 928 1924 973 et

349 1026 472 1058 t'utu
501 1011 800 1078 ignorantia
842 1007 1149 1082 naturalem
1181 1005 1423 1076 jungens
1462 1008 1517 1062 in
1573 1010 1779 1064 divinis
1836 1027 1926 1066 sa-

349 1102 628 1171 pientiam.
664 1100 820 1154 illum
857 1099 998 1154 Deus
1031 1101 1320 1155 illustrans
1344 1109 1466 1158 arte
1512 1102 1746 1158 docendi
1777 1115 1832 1159 et
1863 1107 1919 1160 in

351 1194 606 1261 pastorali
634 1191 808 1246 oﬂieio
839 1207 1016 1261 usque
1077 1192 1143 1246 ad
1191 1192 1350 1249 ﬁnem
1399 1193 1528 1250 vitae
1564 1210 1923 1264 conservans,

357 1301 426 1340 ne
456 1299 696 1354 unquam
725 1299 826 1354 pro
853 1284 968 1338 Deo
1025 1299 1251 1353 pascere
1298 1286 1596 1348 desineret,
1644 1303 1740 1358 per
1796 1304 1922 1343 eum

355 1379 585 1432 dilectos
616 1375 860 1431 itu-ratus
888 1385 973 1432 est
1001 1391 1170 1446 agnos
1199 1393 1216 1432 :
1246 1393 1386 1448 quos
1418 1379 1506 1433 hic
1543 1379 1647 1448 ipsi
1702 1381 1926 1446 spirits.

356 1470 479 1522 liter
512 1477 698 1538 pastos
725 1468 925 1523 obtulit
955 1469 1008 1522 in
1045 1483 1297 1526 sanctum
1329 1472 1685 1538 sacrificium,
1714 1476 1767 1527 in
1788 1476 1926 1528 odo-

358 1579 470 1616 rem
531 1563 836 1624 suavitatis,
888 1563 942 1616 in
997 1563 1329 1620 oblationem
1389 1567 1803 1636 acceptabllem,
1869 1570 1922 1620 in

359 1655 592 1708 hostiam
618 1654 876 1723 placitam
901 1665 954 1710 et
973 1654 1266 1710 salutarem
1305 1657 1577 1727 nobisqui
1610 1675 1802 1714 sumus
1829 1658 1923 1714 ﬁlii

348 1746 464 1803 Dei.

2027 551 2249 618 ἀγαθοὶ,
2296 554 2391 606 καὶ
2431 554 2493 606 τὸ
2541 553 2682 606 κατὰ
2710 554 2943 622 δύναμιν
2975 554 3133 626 φύσει
3163 555 3327 624 σοφδν
3363 557 3605 624 μεταδα-

2027 641 2191 695 λωσιν
2221 643 2304 707 είς
2344 643 2406 696 τὸ
2436 645 2688 716 ἐνεργείᾳ
2719 643 3032 711 σοὶεὼντατον
3052 681 3067 708 ,
3108 646 3452 714 ἐπιφαίνεται
3484 647 3608 701 θεό-

2028 729 2121 783 θεν
2150 731 2405 801 ποδηγὸς,
2438 733 2545 792 ἀπὸ
2575 736 2795 797 σκότους
2828 735 2908 798 είς
2952 735 3068 804 φῶς
3119 736 3352 804 ἐξάγων,
3381 739 3410 790 ὁ
3436 738 3608 808 εὐγή-

2029 839 2140 892 ρως
2187 825 2435 896 Μάρκος,
2489 829 2520 880 ὁ
2572 827 2668 880 τοῦ
2704 828 2964 897 μεγίστου
3017 829 3411 898 ἁρχιποιμένος
3441 832 3608 894 καλὸς

2031 916 2262 986 ποιμὴν,
2289 920 2316 971 ὁ
2347 920 2404 971 ἐν
2433 919 2600 988 ῆθυυς
2628 919 2890 988 ἁπλότητι
2932 921 3191 989 ἀγχίνους
3222 920 3288 973 τὰ
3319 921 3458 985 θεῖα,
3487 924 3516 974 6
3549 925 3608 974 ἐν

2031 1007 2278 1081 ἰδιωτείᾳ
2309 1010 2622 1079 θυμόσοφος
2662 1012 2757 1064 καὶ
2791 1011 3072 1078 θεόσοφος·
3103 1005 3146 1078 ᾧ
3175 1013 3380 1078 γνῶσιν
3405 1013 3604 1079 suae-

2026 1100 2135 1168 φας
2187 1101 2218 1153 6
2259 1102 2393 1174 Θεδς
2417 1102 2831 1172 διδασκαλικὴν,
2869 1104 2962 1156 καὶ
2991 1102 3088 1170 τὴν
3131 1102 3334 1172 ξωῖκὴν
3366 1121 3606 1174 ποιμαν-

2026 1192 2187 1265 τικὴν
2217 1193 2370 1264 αὐτῷ
2386 1197 2635 1265 τηρήσας
2665 1195 2828 1265 μέχρι
2857 1195 2951 1247 καὶ
2981 1197 3062 1257 είς
3086 1195 3218 1246 αὐτὸ
3251 1195 3402 1259 τέλος
3430 1197 3604 1266 ζωῆς,

2027 1286 2120 1341 ἵνα
2161 1287 2436 1358 μηδέποτε
2471 1287 2566 1340 τοῦ
2606 1287 2871 1356 φιλοθέως
2924 1290 3242 1357 ποιμαίνειν
3275 1290 3604 1358 ἀποστερηο

2029 1379 2170 1450 θείη,
2209 1380 2509 1450 ἐπορίσατο
2547 1379 2614 1434 δι’
2656 1380 2822 1434 αὐτοῦ
2853 1381 3062 1448 ἀμνοὺς
3100 1381 3310 1448 φίλους,
3342 1381 3434 1442 οὓς
3464 1383 3609 1434 ἐκεῖ·

2027 1489 2120 1536 νος
2149 1472 2538 1541 πνευματικῶς
2565 1471 2910 1542 δρεψάμενος
2959 1475 3317 1542 προσήγαγεν
3359 1474 3490 1526 αὐτὸ
3523 1473 3608 1536 είς

2029 1565 2185 1632 ἅγιον
2232 1565 2496 1633 σφάγιον,
2542 1565 2622 1626 είς
2657 1564 2834 1633 εύὼδη
2887 1564 3101 1634 ὀσμὴν,
3149 1567 3230 1628 είς
3285 1565 3609 1635 προσφορὰν

2028 1657 2247 1727 δεκτήν,
2287 1658 2367 1720 είς
2398 1657 2548 1726 θῦμα
2597 1656 2826 1727 φιλητὸν
2849 1657 2944 1710 καὶ
2977 1658 3250 1728 σωτήριον
3279 1657 3460 1728 ἡμῶν,
3491 1659 3608 1710 τῶν

2028 1751 2122 1804 τοῦ
2153 1748 2310 1804 Θεοῦ.

416 1840 508 1895 ‘22.
544 1841 678 1894 Cum
739 1841 905 1910 igitur
958 1840 1171 1895 Marcus
1203 1841 1254 1894 iu
1306 1850 1464 1896 aetate
1508 1842 1665 1896 senili
1715 1843 1926 1896 virilem

2104 1840 2211 1912 κβ’.
2255 1840 2408 1894 Ἐπεὶ
2449 1839 2558 1910 γὰρ
2584 1842 2612 1893 6
2651 1840 2879 1910 Μάρκος
2921 1840 3064 1910 ὑπὲρ
3107 1840 3324 1910 ἡλικίαν
3357 1857 3608 1910 γεροντι-

347 1944 558 2003 gereret
581 1934 849 1999 animum,
884 1949 986 1988 nee
1045 1950 1170 1988 eum
1231 1935 1372 2004 Deus
1427 1934 1661 1989 deiicere
1699 1935 1926 1998 sineret,

351 2035 411 2080 nt
435 2026 554 2095 ejus
585 2027 704 2080 zelo
732 2028 1108 2082 adolescentes
1145 2038 1201 2080 et
1265 2027 1364 2080 viri
1411 2026 1635 2080 accendi
1703 2033 1924 2093 possent

350 2119 416 2171 ad
452 2121 732 2181 virtutem,
766 2119 943 2188 ipsum
974 2117 1201 2186 Magnus
1227 2119 1386 2172 novis
1419 2117 1736 2170 reservabat
1798 2131 1928 2182 sup-

352 2210 557 2278 pliciis.
599 2210 770 2264 Antea
819 2224 948 2263 vero
991 2210 1165 2263 sancti
1230 2210 1378 2264 senis
1432 2210 1598 2278 pedes
1671 2218 1928 2276 torquere

351 2303 589 2357 decrevit
625 2302 950 2356 intolerabili
1004 2303 1327 2367 compednm
1387 2301 1546 2362 mole,
1600 2309 1658 2353 ut
1716 2298 1928 2368 priores

351 2393 566 2448 itineris
601 2393 814 2448 labores
849 2394 1250 2448 recentioribus
1276 2404 1500 2463 augeret
1534 2393 1730 2462 pedum
1768 2393 1926 2446 dolo-

345 2484 525 2549 ribus,
563 2497 627 2538 ac
647 2483 766 2536 dira
785 2491 1084 2553 pateretur,
1110 2493 1168 2536 ut.
1205 2483 1368 2553 paulo
1408 2493 1538 2537 ante
1595 2483 1924 2547 incedendo,

347 2575 422 2629 ita
454 2585 508 2630 et
534 2590 682 2630 nunc
705 2575 760 2629 in
785 2590 1002 2630 carcere
1025 2576 1374 2629 immobiliter
1423 2575 1640 2629 stando.
1705 2575 1768 2627 Et
1803 2574 1928 2639 qni-

347 2669 471 2722 dem
500 2669 668 2723 multo
690 2668 862 2721 levius
924 2677 1043 2723 erat
1083 2669 1216 2722 illud
1269 2682 1491 2738 gressus
1537 2675 1870 2719 tormentum
1907 2681 1923 2717 :

346 2761 510 2815 ferrei
542 2759 686 2814 enim
716 2760 885 2814 calcei
916 2761 1084 2815 clavis
1112 2763 1260 2814 iutns
1303 2759 1641 2813 acutissimis
1699 2757 1928 2811 horren-

351 2862 430 2906 tes
455 2853 770 2920 optabilem,
823 2863 882 2906 ut
928 2853 1184 2914 arbitror,
1235 2862 1428 2906 sancto
1483 2852 1599 2904 viro
1649 2849 1927 2903 faciebant

347 2938 670 2993 descensum
695 2943 760 2992 ad
783 2938 1013 3005 inferos,
1041 2954 1150 3008 pra:
1191 2941 1482 3009 impatibiil
1525 2941 1737 2995 doloris
1764 2953 1924 2992 acer-

348 3031 535 3087 bitate.

419 3306 509 3362 23.
545 3305 635 3362 Sic
677 3306 844 3376 igitur
889 3304 1126 3360 vinculis
1170 3305 1614 3361 intoleraliililms
1674 3318 1928 3364 sanctum

353 3400 638 3456 destinans
699 3398 944 3454 Marcum
991 3399 1310 3452 immundus
1371 3401 1618 3470 Magnus,
1676 3404 1930 3470 quaesivit

363 3493 551 3546 tabi-os
578 3492 671 3559 qui
706 3497 946 3560 optatam
991 3492 1258 3546 cederent
1297 3493 1608 3548 machinam
1643 3511 1657 3548 :
1717 3505 1772 3550 et
1819 3497 1930 3550 cito

353 3586 558 3655 reperti
594 3593 723 3639 sunt
743 3584 1039 3656 Calytenia
1072 3585 1206 3638 viris
1241 3586 1306 3638 ad
1369 3601 1597 3655 pravum
1667 3586 1930 3641 ferventi-

354 3679 478 3733 bus.
509 3679 752 3748 Promptl
781 3679 926 3734 enim
958 3687 1089 3734 sunt
1119 3679 1186 3732 ad
1250 3679 1638 3733 inveniendum
1720 3683 1927 3733 malum

357 3773 482 3827 mali
515 3773 680 3837 servi,
705 3789 803 3826 nec.
823 3775 904 3827 sic
953 3773 1129 3826 bonus
1161 3774 1326 3825 volita
1383 3763 1712 3843 prosperat,
1758 3785 1816 3827 ut
1849 3778 1932 3826 vir

358 3882 589 3936 nequam
625 3885 637 3920 :
672 3866 1056 3920 dil'lirileenim
1092 3867 1313 3919 invento
1370 3875 1454 3920 est
1513 3881 1678 3920 ontne
1727 3867 1928 3920 bonum

356 3971 409 4015 c'l.
444 3960 714 4015 laboriose
750 3961 1090 4026 acquiritur;
1119 3961 1320 4012 malum
1360 3974 1491 4013 vero
1519 3959 1677 4013 facile
1726 3960 1930 4029 reperi-

354 4067 462 4113 tur,
489 4054 719 4120 ideoque
752 4054 862 4106 cito
893 4062 1264 4120 comparatur.

425 4145 515 4197 τε.
554 4142 654 4196 Ubi
687 4157 816 4210 ergo
844 4143 1045 4210 reperti
1081 4151 1211 4196 sunt
1245 4142 1462 4196 ferrarii
1509 4142 1846 4210 adduetique
1876 4153 1931 4196 et

352 4235 603 4290 mercede
635 4243 838 4288 statuta
873 4233 1127 4288 conducti
1149 4234 1214 4286 ad
1261 4234 1591 4302 compedum
1657 4233 1926 4287 fabricam

353 4335 408 4378 ιιι
472 4323 840 4394 approperati,
907 4322 1008 4392 ipsi
1056 4325 1298 4392 quidem,
1352 4325 1619 4379 suadente
1689 4327 1926 4380 naturali

355 4418 617 4484 bonitate,
672 4426 790 4471 arte
839 4431 938 4472 sua
993 4415 1378 4487 fungebantur.
1415 4432 1485 4471 ne
1531 4416 1690 4472 fidem
1741 4419 1926 4473 datam

2031 1934 2136 2005 κὴν
2162 1931 2463 2004 ὴνδρίζετο,
2513 1935 2610 1987 καὶ
2642 1934 2670 1984 6
2699 1931 2834 1995 Θεὸς
2877 1933 2977 1985 οὐκ
3026 1932 3260 1984 ἐνεδίδου
3293 1932 3439 2003 αύτῷ
3469 1935 3610 1985 ἁπο-

2031 2026 2285 2094 κάμνειν,
2318 2023 2393 2086 ὡς
2430 2021 2498 2076 ἂν
2539 2022 2618 2091 τῷ
2670 2023 2792 2076 κατ’
2843 2023 3048 2076 ἐκεῖνον
3095 2021 3244 2093 ζήλῳ
3272 2028 3366 2080 καὶ
3388 2025 3435 2077 oi
3470 2024 3608 2077 νεώ-

2029 2133 2179 2188 τεροι
2215 2118 2310 2169 καὶ
2359 2117 2412 2168 οἱ
2453 2115 2798 2184 ἀκμάζοντες
2848 2115 3048 2185 ἔχωσιν
3090 2115 3468 2185 ἐκπυροῦσθαι
3518 2117 3606 2179 είς

2030 2210 2100 2262 τὰ
2131 2208 2376 2278 βελτίονα
2409 2247 2424 2272 ,
2463 2208 2788 2277 ἐταμιεύετο
2829 2209 2927 2278 μὲν
2957 2209 2985 2260 ὁ
3029 2208 3251 2277 Μάγνος
3280 2209 3441 2260 αὑτὸν
3479 2225 3607 2260 ποι-

2030 2302 2147 2364 ναῖς
2185 2302 2265 2364 εἰς
2299 2301 2360 2352 τὸ
2392 2300 2610 2369 μέλλονο
2639 2300 2716 2366 τῷ
2749 2301 2883 2363 τέως
2917 2300 2974 2353 δὲ
3010 2301 3259 2353 κακῶσαι
3280 2301 3408 2364 τοὺς
3431 2301 3608 2362 πόδας

2029 2393 2266 2462 διέκρινε
2329 2390 2409 2462 τῷ
2469 2392 2611 2462 ἁγίῳ
2700 2392 2920 2463 γέροντι
2993 2393 3253 2463 ἀφορήτῳ
3335 2393 3606 2462 βαρύτητι

2030 2484 2252 2550 κλοιῶν,
2284 2485 2372 2537 ἵνα
2425 2487 2549 2547 ταῖς
2580 2485 2682 2556 ἤδη
2723 2485 2786 2537 ἐκ
2838 2484 2938 2552 τῆς
2967 2483 3276 2554 ὁδοιπορίας
3326 2483 3604 2536 κακώσεσι

2030 2576 2428 2650 προσεπιλάὃοι
2455 2577 2552 2630 καὶ
2575 2577 2644 2630 τὰ
2681 2578 2746 2628 ἐκ
2777 2576 2877 2644 τῆς
2911 2577 3226 2646 προσφάτου
3269 2575 3606 2641 ποδοκὰκης,

2028 2672 2123 2723 καὶ
2151 2671 2298 2723 δεινὰ
2328 2670 2553 2740 πάσχοι,
2593 2668 2784 2737 ὥσπερ
2815 2667 2925 2738 πρὸ
2976 2667 3228 2738 βραχέων
3279 2667 3602 2736 ὁδοιπορῶν,

2028 2762 2171 2814 οὓτω
2205 2764 2303 2815 καὶ
2324 2762 2421 2816 νῦν
2453 2762 2786 2828 ἀκινητίζων
2825 2761 2882 2811 ἐν
2910 2759 3150 2828 φυλακῇ.
3188 2759 3299 2811 Καὶ
3325 2758 3430 2826 μὴν
3467 2775 3607 2826 φορ-

2028 2855 2328 2921 τικώτερον
2382 2855 2462 2914 είς
2493 2853 2655 2904 πλέον
2690 2847 2758 2922 ἦν
2809 2851 2871 2902 τὸ
2909 2851 3009 2918 τῆς
3040 2850 3351 2918 ὁδοιπορίας
3384 2850 3606 2916 ἐκείνης

2031 2943 2428 3012 ἐπιϐούλευμα*
2465 2941 2729 3009 κρηπῖδες
2765 2941 2875 3010 γὰρ
2917 2940 3138 3008 σιδηραῖ
3170 2939 3322 3010 ἥλοις
3363 2940 3514 3000 ἐντὸς
3546 2939 3606 3001 ἐς

2029 3035 2268 3100 ὀξύτατα
2328 3034 2694 3104 φρίσσουσαι,
2730 3033 2825 3085 καὶ
2859 3033 3001 3084 οὕτω
3035 3032 3160 3093 τοὺς
3210 3032 3374 3092 πόδας
3428 3047 3604 3082 κακο-

2029 3127 2307 3189 ποιοῦσαι,
2359 3123 2638 3186 εὐκταίαν,
2696 3118 2874 3192 οἶμαι,
2927 3120 3006 3190 τῷ
3054 3120 3194 3189 ἁγίῳ
3239 3120 3339 3188 τὴν
3367 3121 3446 3180 είς
3473 3117 3605 3189 ᾅδου

2031 3216 2320 3271 ἐποιοῦντο
2357 3215 2603 3282 πορείαν,
2640 3213 2728 3265 διὰ
2768 3215 2830 3266 τὸ
2882 3213 2988 3280 τῆς
3011 3211 3199 3280 ὀδύνης
3235 3209 3529 3278 ἀφόρητον.

2099 3315 2211 3377 κγ’.
2266 3305 2622 3374 Κατακρίνας
2653 3301 2747 3356 οὖν
2797 3303 2942 3354 οὓτω
2985 3303 3206 3371 δεσμοῖς
3244 3302 3306 3352 οὐ
3345 3301 3606 3368 φορητοίς

2030 3399 2127 3453 τὸν
2156 3401 2312 3468 ἅγιον
2341 3399 2569 3466 Μάρκον
2603 3394 2810 3464 ἁναγὴς
2842 3395 3083 3461 Μάγνος,
3133 3390 3383 3460 ἀνεζήτει
3430 3391 3610 3460 τεχνί-

2031 3507 2136 3552 τας
2157 3489 2639 3558 γα).κευσομένους
2667 3488 2728 3538 τὸ
2752 3485 3111 3552 ποθούμενον·
3143 3487 3237 3537 καὶ
3269 3486 3408 3552 ταχῦ
3445 3483 3609 3551 εὑρέ-

2033 3583 2205 3651 θησαν
2228 3582 2276 3634 οἱ
2310 3578 2621 3648 Καλυτηνοὶ
2653 3576 2790 3644 πρός
2818 3592 2882 3642 γε
2906 3575 3014 3629 τῶν
3043 3575 3260 3645 θερμῶν
3283 3576 3360 3636 είς
3380 3575 3603 3626 κακίαν.

2044 3674 2219 3736 Ὀξεῖς
2268 3673 2376 3740 γὰρ
2415 3672 2495 3732 είς
2550 3667 2844 3738 ἀνεύρεσιν
2881 3665 3054 3720 κακοῦ
3084 3667 3135 3719 οἱ
3164 3667 3391 3735 πονηροὶ
3437 3665 3605 3735 θερά-

2031 3781 2246 3828 ποντες,
2279 3765 2374 3817 καὶ
2420 3764 2516 3831 οὐχ
2545 3760 2722 3823 οὕτως
2767 3762 2796 3814 6
2830 3759 3037 3827 ἀγαθὸς
3067 3759 3293 3830 εὐπορεῖ
3333 3758 3429 3812 τοῦ
3466 3757 3608 3828 πρὸς

2032 3855 2356 3925 ἐπιθυμίαν,
2398 3854 2474 3916 ὡς
2522 3855 2551 3905 6
2606 3851 2707 3921 τῆς
2737 3852 3008 3922 πονηρίας
3050 3850 3358 3920 ἄνθρωπος.
3393 3850 3607 3902 Δυσπό-

2034 3964 2216 4017 ριστον
2253 3948 2354 4016 μὲν
2399 3946 2506 4015 γὰρ
2539 3944 2690 4000 ἅπαν
2729 3943 2957 4008 ἀγαθὸν,
3007 3943 3088 3996 διὸ
3118 3944 3214 3996 καὶ
3242 3944 3426 4004 πόνοις
3455 3944 3594 3996 κτᾶ-

2029 4056 2142 4094 ται’
2170 4040 2496 4109 εὐπόριστον
2525 4038 2584 4092 δὲ
2620 4041 2684 4092 τδ
2736 4038 2968 4108 φαῦλον,
2995 4037 3119 4091 ὅθεν
3167 4039 3267 4091 καὶ
3304 4038 3603 4107 εὔληπτον.

2131 4130 2235 4186 κδ’.
2277 4130 2364 4194 Ὦς
2399 4124 2494 4184 οὖν
2551 4129 2861 4200 εὑρέθησαν
2910 4130 2962 4182 οί
3015 4129 3454 4199 χαλκεύσοντες,
3509 4129 3608 4183 καὶ

2030 4223 2300 4294 ἤχθησαν,
2334 4223 2431 4275 κα)⁹
2467 4219 2665 4291 μισθοῦ
2696 4219 3010 4290 ὁρισθέντος
3041 4220 3352 4290 ἐτάχθησαν
3379 4221 3514 4292 πρὸς
3536 4225 3605 4290 τῇ

2029 4316 2371 4388 κατεργασίᾳ
2407 4315 2518 4369 τῶν
2577 4313 2795 4383 δεσμῶν
2825 4349 2842 4376 ,
2883 4313 2982 4366 καὶ
3037 4314 3382 4377 ἐσπεύδοντο,
3441 4313 3604 4366 αὐτοὶ

2033 4410 2169 4480 μὲν,
2203 4411 2305 4479 τῆς
2347 4408 2492 4462 κατὰ
2541 4405 2708 4476 φύσιν
2760 4406 3100 4478 ἁγαθότητος
3138 4406 3608 4476 ἐπισπερχούσης,

355 4512 629 4575 fallerent,
699 4521 836 4564 neve
892 4507 1198 4563 fraudando
1287 4507 1631 4563 conitrairent
1678 4511 1926 4578 praesidi.

2035 4501 2257 4555 ἐποίουν
2281 4500 2351 4553 τὰ
2404 4502 2502 4569 τῆς
2527 4497 2748 4568 τέχνης,
2788 4497 2876 4551 ἵνα
2903 4496 2980 4568 μὴ
3012 4496 3300 4566 ψεύδοιντο
3339 4498 3399 4549 τὸ
3433 4497 3610 4565 ἐπάγ-

353 4603 539 4673 Neque
562 4603 708 4656 enim
733 4600 998 4671 cogitare,
1031 4615 1098 4655 ne
1164 4600 1433 4669 suspicari
1489 4599 1708 4670 quidem
1770 4613 1927 4672 pote-

358 4704 482 4750 raut
502 4709 728 4765 pravum
781 4693 939 4748 istius
963 4691 1432 4758 consilium;nec
1490 4691 1744 4749 sciebant
1799 4696 1928 4764 quis

357 4799 503 4845 esset
531 4787 748 4841 Marcus
783 4786 868 4839 vel
935 4783 1099 4838 Marci
1142 4783 1287 4838 Deus
1324 4802 1339 4840 :
1382 4801 1501 4853 qua:
1532 4785 1577 4840 si
1638 4789 1930 4855 cognovis-

357 4891 500 4943 sent,
529 4879 712 4932 forsan
774 4875 918 4929 haud
944 4874 1239 4943 cwpissent
1289 4873 1418 4928 talia
1459 4875 1764 4944 procudere
1811 4875 1926 4928 vin-

357 4975 501 5036 cula,
535 4971 627 5026 sed
657 4967 928 5021 maturius
975 4965 1393 5034 Pracripuissent
1451 4967 1799 5038 martyrium.
1865 4967 1931 5020 Et

350 5071 462 5136 jam
509 5065 736 5115 omnino
782 5068 1066 5114 exarserat
1093 5057 1308 5118 fornax.
1372 5060 1484 5128 jam
1547 5058 1752 5112 ferrum
1806 5060 1932 5129 igne

358 5157 798 5214 incamlesoeltat.
857 5150 956 5206 Ubi
1021 5167 1146 5204 vero
1198 5151 1380 5206 incudi
1437 5153 1748 5222 impositum
1805 5152 1930 5218 fuit,

354 5266 410 5311 et
439 5267 561 5307 mox
587 5248 960 5304 fabricandum
978 5256 1094 5301 erat
1123 5247 1176 5300 in
1199 5249 1511 5316 compedes.
1535 5247 1579 5302 si
1597 5262 1786 5301 eorum
1819 5261 1933 5300 ma-

361 5365 463 5401 nus
489 5356 763 5411 torporem
785 5341 929 5410 passi
952 5349 1134 5395 essent
1157 5339 1231 5409 (et
1250 5341 1322 5394 rei
1333 5356 1428 5408 psa
1459 5338 1851 5408 patiebantur),
1875 5337 1929 5392 id

352 5439 570 5512 quidem
599 5436 774 5488 visum
815 5434 1006 5488 fuisset
1031 5432 1171 5486 haud
1195 5432 1364 5486 multa
1388 5432 1666 5486 notatione
1684 5431 1929 5498 dignum,

357 5535 468 5586 "uc
502 5543 632 5582 vero
671 5528 909 5580 maxime
942 5525 1335 5580 attendendum
1360 5535 1443 5578 est
1471 5541 1487 5576 ι
1516 5523 1697 5578 fusum
1730 5536 1925 5591 nempe

354 5627 629 5679 metallum
659 5625 770 5691 jam
793 5637 898 5676 non
921 5631 1135 5691 poterat
1167 5619 1374 5674 ferrum
1415 5619 1557 5680 fieri,
1631 5617 1728 5670 sed
1793 5632 1922 5669 eoa-

351 5717 524 5782 gulari
579 5714 884 5776 recusabat,
945 5722 1000 5766 et
1070 5711 1228 5780 quasi
1272 5723 1497 5762 currere
1551 5708 1738 5762 volens
1781 5706 1926 5759 velut

352 5808 775 5880 aqniiiquidum
831 5805 1108 5859 difﬂuebat
1155 5817 1216 5854 ae
1269 5799 1703 5869 dispergebatur,
1766 5808 1926 5868 atque

2035 4594 2236 4664 γελμα,
2293 4592 2391 4646 καὶ
2469 4590 2798 4661 ψευδόμενοι
2850 4589 3184 4650 ἁπεναντίας
3236 4589 3480 4658 ἔρχοιντο
3529 4589 3610 4658 τῷ

2033 4683 2423 4758 ἄρχοντι.ούδέ
2443 4683 2552 4752 γὰρ
2577 4677 2725 4752 εἶχον
2755 4679 2790 4748 ἢ
2817 4683 2960 4732 νοεῖν
2979 4718 2995 4744 ,
3028 4680 3060 4750 ἢ
3107 4679 3358 4732 ὑπονοεῖν
3403 4681 3465 4733 τδ
3486 4684 3613 4734 κατ’

2033 4779 2246 4832 ἐκεῖνον
2273 4773 2627 4828 κακόϐουλονο
2662 4771 2784 4826 οὐδὲ
2812 4769 2919 4842 μὴν
2943 4773 3257 4838 ἐπίπαντο,
3289 4771 3440 4834 ὅστις
3473 4775 3609 4826 ποτέ

2035 4871 2187 4924 ἐστιν
2229 4871 2258 4923 ὁ
2302 4867 2553 4938 Μάρκος,
2587 4864 2622 4934 ἢ
2653 4865 2682 4918 ὁ
2714 4863 2809 4918 τοῦ
2837 4864 3072 4934 Μάρκου
3114 4863 3266 4927 Θεὸς·
3298 4863 3396 4930 ὡς,
3449 4864 3612 4934 εἰπερ

2032 4963 2393 5031 ἐγίγνωσκον,
2452 4960 2592 5028 τάχα
2646 4956 2715 5012 ἂν
2759 4957 2881 5011 οὐδὲ
2927 4957 3027 5027 τὴν
3057 4957 3234 5026 ἀρχὴν
3282 4957 3616 5009 ἐπεϐάλοντο

2037 5053 2474 5124 κατεργάζεσθαι
2519 5051 2676 5105 κλοιὰ
2718 5049 2970 5113 τοιαῦτα,
3025 5049 3282 5120 ἥρπασαν
3341 5049 3399 5102 δὲ
3429 5051 3497 5103 ἂν
3551 5050 3614 5102 τὸ

2041 5145 2341 5216 μαρτύριον
2379 5143 2765 5214 πρωῦιίτερον.
2798 5142 2910 5195 Καὶ
2938 5140 3106 5196 τανῦν
3135 5140 3198 5193 τὸ
3231 5142 3328 5210 μὲν
3360 5140 3474 5211 πῦρ
3509 5143 3614 5195 αὑ-

2037 5237 2149 5301 τοῖς
2175 5235 2402 5298 ἐντελῶς
2430 5229 2572 5304 εἶχε,
2595 5235 2695 5287 καὶ
2713 5235 2742 5286 ὁ
2780 5235 3002 5304 σίδηρος
3035 5232 3137 5303 ἤδη
3161 5232 3274 5300 πῦρ
3305 5229 3375 5302 ἦν
3411 5233 3619 5302 inplo-

2037 5329 2327 5396 γούμενος.
2373 5325 2462 5388 Ὦς
2489 5325 2547 5380 δὲ
2591 5323 2691 5378 καὶ
2746 5326 2776 5378 6
2817 5323 3012 5392 ἄκμων
3061 5318 3208 5392 εἶχεν
3258 5323 3456 5388 αὐτὸν,
3517 5323 3615 5374 καὶ

2037 5421 2208 5490 ἐχρῆν
2233 5416 2894 5488 σφυρηλατείσθαιαύτὶν
2939 5416 3019 5477 είς
3059 5415 3258 5483 δεσμὰ.
3301 5415 3351 5466 εἰ
3399 5414 3499 5483 μὲν
3555 5416 3615 5468 αἱ

2039 5517 2222 5583 χεῖρες
2249 5513 2437 5574 αὐτοῖς
2465 5510 2677 5582 νάρκην
2711 5508 2954 5578 ιπασχον
2982 5507 3242 5577 (ἔπασχον
3263 5507 3320 5558 δέ
3347 5506 3614 5575 ἀληθῶς),

2035 5607 2176 5671 δόξοι
2219 5605 2284 5658 ἂν
2335 5602 2468 5655 αὐτὸ
2521 5601 2582 5653 οὐ
2617 5599 2760 5653 πάνυ
2796 5598 2999 5666 πολλῆς
3035 5597 3405 5664 ἐπισημασίας
3436 5595 3612 5660 ἄξιον.

2046 5699 2270 5765 Ἐκείνῳ
2302 5695 2358 5747 δὲ
2390 5693 2683 5762 ἐπιστῆσαι
2717 5691 2954 5761 μάλιστα
2981 5687 3108 5758 χρὴ.
3144 5689 3226 5740 ὅτι
3259 5689 3318 5738 τὴ
3349 5687 3613 5757 χὼνευμα

2032 5793 2217 5847 οὐκέτι
2253 5788 2476 5856 ἐσλεεγιν
2511 5782 2653 5838 εἶναι
2709 5782 2949 5852 σίδηρος,
3002 5779 3140 5834 diu
3169 5779 3268 5850 τὴν
3319 5779 3615 5849 συνίζησιν
