3916 6244
371 249 485 315 ατο

1092 262 1513 330 EUSTATllll
1554 273 1991 338 THESSALON
2004 281 2306 346 ICENSIS
2346 287 2910 351 METROPOLITtE

3519 295 3629 357 280

367 375 499 436 (aps
531 368 730 434 sisere,
762 369 808 427 si
838 371 1216 438 periclitantur
1247 393 1314 431 ne
1343 394 1466 434 cum
1498 381 1678 452 impiis
1720 401 1920 441 versent

2046 391 2109 444 οὐ
2141 398 2398 466 μακροῖς,
2437 398 2670 467 ἑτοίμως
2700 396 2844 466 ἔχειν
2883 396 3140 467 θνήσκειν
3168 398 3309 468 ὑπὲρ
3334 400 3431 455 τοῦ
3458 402 3627 467 Θεοῦ,

366 467 456 512 ιιιι·
480 460 559 514 vel
591 463 771 528 potius
798 463 1080 522 vitientur.

427 735 517 789 28.
556 736 753 790 Statim
785 738 1014 807 proinde
1041 744 1446 812 comprehensi,
1498 750 1649 804 varia
1702 752 1939 807 alterna-

352 836 551 882 rernnt
581 829 870 885 tormentis
897 838 1170 887 tormenta
1197 849 1214 897 ;
1246 850 1350 891 nec
1375 837 1557 894 solum
1580 842 1794 910 quibus
1844 859 1936 899 as-

349 933 545 983 suetus
574 935 692 979 erat
726 925 979 996 Magnus,
1002 928 1126 984 hac
1153 928 1406 987 adhibuit
1437 934 1491 988 in
1524 935 1647 993 illos
1679 938 1933 1005 athletas,

243 1048 247 1052 ~
350 1032 695 1086 nequaquam
732 1018 920 1075 mitius
943 1035 1111 1088 quam
1133 1036 1258 1090 qua:
1281 1033 1440 1080 antea
1468 1042 1807 1097 exercuerat,
1839 1036 1933 1087 sed

347 1119 401 1162 et
419 1109 524 1163 alia
554 1125 693 1197 nova
714 1124 839 1180 qua
860 1111 1212 1168 malesuadus
1238 1112 1330 1169 isti
1351 1117 1563 1171 daemon
1583 1122 1932 1189 suggerebat.

346 1198 538 1255 Solent
576 1201 719 1253 enim
749 1200 1077 1270 plerumque
1109 1202 1165 1256 in
1197 1203 1511 1272 huiusmodi
1554 1224 1613 1262 re
1643 1211 1934 1267 ambitiose

346 1307 506 1362 agere
540 1292 777 1362 tyranni,
809 1301 865 1347 et
887 1292 1202 1363 excogitare
1231 1311 1450 1367 semper
1466 1299 1665 1367 quibus
1694 1311 1929 1357 terreant

345 1384 581 1438 miseros
609 1384 664 1438 in
694 1399 891 1442 manus
915 1402 1041 1443 suas
1064 1389 1341 1460 delapsos,
1375 1403 1428 1446 et
1452 1391 1532 1448 sic
1562 1392 1843 1449 horrorem
1876 1399 1929 1452 in

342 1474 424 1528 eis
456 1486 712 1547 augeant,
749 1479 1088 1548 negotiosam
1138 1483 1431 1540 reddentes
1463 1485 1830 1549 ferocitatem.
1877 1501 1932 1544 et

345 1563 566 1619 insitam
601 1565 813 1622 homini
851 1572 1327 1628 mansuetudinem
1357 1577 1410 1629 in
1436 1557 1622 1632 bestia:
1662 1579 1928 1634 feritatem

345 1654 725 1712 immutantes.
778 1659 915 1714 Cum
981 1676 1111 1718 vero
1162 1666 1434 1735 supplicia
1499 1669 1552 1722 in
1619 1670 1740 1725 illos
1792 1671 1929 1725 nihil

2048 483 2110 537 6v
2157 486 2186 537 6
2233 487 2462 558 Μάρκος
2518 488 2812 562 κηρύσσει,
2865 489 2958 542 καὶ
3023 489 3097 560 μὴ
3161 491 3228 543 ἂν
3283 491 3493 547 ἐθέλειν
3530 496 3629 549 τοῦ

2047 576 2240 631 λοιποῦ
2291 580 2427 648 μηδὲ
2492 580 2614 652 ζῇν,
2676 582 2725 635 εί
2802 581 3147 651 συγχρᾶσθαι
3201 585 3621 640 κινδυνεύουσιν

2046 671 2247 739 ἀθέοις,
2284 673 2488 742 μᾶλλον
2521 675 2578 728 δὲ
2608 673 3066 744 συγχραΐνεσθαι.
3554 728 3587 741 .,

2114 770 2225 832 κη’.
2291 766 2400 819 Καὶ
2471 767 2653 820 τοίνυν
2710 767 3089 837 κρατηθέντες
3135 768 3337 822 αὐτίκα
3379 770 3630 842 ημειψαν

2043 857 2303 922 κολάσεις
2348 859 2414 911 ὲκ
2459 858 2739 913 κολάσεων
2777 861 3105 929 πολυειδεῖς,
3134 863 3194 914 οὐ
3221 865 3383 932 μόνον
3409 867 3628 929 ὁποίαις

2040 951 2069 1002 6
2102 949 2327 1018 Μάγνος
2367 950 2668 1014 ὲνεθισοεὶς
2712 952 3131 1022 προεχειρίζετο
3162 954 3355 1021 αὑτάς,
3393 958 3489 1009 καὶ
3532 960 3627 1011 ἐπὶ

2036 1041 2251 1106 τούτοις
2302 1045 2419 1107 τοῖς
2472 1044 2735 1113 ἀθληταῖς
2782 1045 2932 1098 οὐδὲν
2972 1044 3082 1098 τῶν
3123 1046 3327 1105 ἄλλοτε
3372 1050 3626 1117 φθασάν-

2039 1150 2158 1186 των
2207 1134 2455 1199 ἔλαττον,
2505 1135 2647 1188 ἀλλά
2682 1137 2780 1189 καὶ
2810 1136 3008 1207 ἑτέρας
3033 1140 3385 1209 καινοτέρας,
3417 1143 3629 1205 ὁπόσας

2035 1224 2618 1293 ὁ,φαυλοδιδάσκαλος
2675 1224 2890 1296 δαίμων
2948 1226 3316 1299 ὑπηγόρευεν.
3377 1231 3627 1285 Είὼθασι

2035 1317 2147 1386 γὰρ
2187 1315 2266 1380 ὡς
2304 1316 2375 1370 τὰ
2417 1316 2588 1371 πολλὰ
2641 1318 2703 1370 ὲν
2758 1319 2870 1382 τοῖς
2902 1318 3179 1383 τοιούτοις
3212 1320 3627 1393 φιλοτιμεῖσθαι

2035 1409 2400 1480 οἱτυράννοι,
2455 1410 2555 1463 καὶ
2611 1410 3100 1481 προσεξευρίσκειν
3149 1413 3239 1466 ἀεὶ
3280 1419 3347 1468 τὰ
3381 1414 3627 1485 ἐκπλήτ-

2033 1519 2196 1557 τοντα
2240 1502 2369 1565 τοὺς
2420 1502 2901 1572 παραπίπτοντας,
2948 1505 3046 1557 καὶ
3096 1502 3241 1556 οὕτω
3287 1505 3629 1576 προσαύξειν

2033 1597 2094 1645 τὸ
2129 1596 2189 1655 ὲν
2230 1594 2420 1657 αὐτοῖς
2467 1594 2788 1665 φρικαλέον,
2828 1593 3265 1667 πραγματειώδη
3297 1597 3627 1667 ποιούμενοι

2035 1687 2135 1754 τὴν
2185 1685 2508 1754 ἀγριότητα,
2550 1686 2648 1739 καὶ
2678 1684 2773 1738 τοῦ
2820 1684 2944 1739 κατ’
2989 1685 3281 1754 ἄνθρωπον
3310 1687 3527 1759 ἡμέρου
3557 1689 3625 1741 τὸ

343 1749 611 1814 valerent,
649 1754 918 1815 nectullus
942 1771 1130 1812 sermo
1172 1758 1224 1812 in
1249 1775 1347 1815 eos
1382 1772 1524 1816 esset
1560 1763 1748 1818 eliicax
1811 1765 1920 1820 sive

2035 1742 2300 1846 θηριῶδες
2325 1742 2740 1846 ἀλλαττόμενοι.
2784 1776 2940 1829 Ἐπεὶ
2983 1774 3042 1828 δὲ
3087 1742 3159 1829 τὰ
3210 1742 3625 1848 μὲν-κολαστή-

346 1840 644 1903 m'tnarum,
676 1843 794 1898 sive
811 1846 1108 1913 suasionis,
1130 1850 1399 1921 excogitat
1421 1855 1782 1921 nequis-diuus
1799 1876 1815 1908 ι
1834 1872 1927 1911 ru-

342 1934 546 1990 ciatnm
576 1938 720 1991 haud
747 1952 834 1992 om
847 1939 976 1994 nino
995 1943 1326 2013 martyribus
1360 1946 1845 2016 incongruentem.-

410 2226 502 2277 ‘29.
538 2224 908 2280 Statuitenim
945 2236 1053 2282 tres
1071 2225 1391 2297 Calytenos,
1417 2227 1512 2297 qui
1539 2228 1833 2299 perignem
1871 2229 1928 2283 in

340 2327 457 2370 arte
494 2316 670 2370 fabrili
706 2317 985 2380 vivebant,
1014 2319 1180 2373 etiam
1215 2334 1314 2388 per
1351 2319 1534 2391 ignem
1552 2321 1764 2388 tollere,
1791 2332 1930 2378 etex

340 2408 448 2462 hac
476 2407 606 2476 ferri
638 2408 1018 2476 fabricatione,
1049 2426 1214 2479 quam
1258 2412 1399 2482 ignis
1423 2413 1568 2469 haud
1597 2423 1925 2483 peremerat,

341 2520 354 2547 ι
378 2517 445 2554 es
471 2501 769 2557 detrudere
792 2504 1027 2572 quadam
1055 2503 1221 2558 simili
1250 2502 1462 2570 lusura,
1513 2514 1570 2560 ut
1626 2523 1722 2575 per
1781 2510 1928 2575 quod

337 2594 617 2661 vivebant,
637 2610 737 2664 per
749 2595 855 2650 hoc
867 2594 1024 2661 e,vita
1044 2597 1363 2665 migrarent.
1384 2596 1569 2667 Itaque
1592 2598 1710 2651 l'nsa
1747 2599 1931 2667 plum-

342 2688 396 2741 bi
449 2701 631 2743 massa
690 2687 1011 2756 insertaque
1037 2686 1384 2743 infundibnlo
1411 2687 1464 2742 in
1493 2700 1933 2759 oremartyrum,

339 2782 484 2836 velut
502 2780 557 2834 in
579 2779 728 2836 vasis
744 2781 976 2851 alicujus
1000 2780 1230 2850 liquoris
1245 2782 1561 2852 capacibus,
1591 2782 1724 2836 illttd
1748 2786 1931 2839 vivum

342 2871 518 2925 tribus
547 2860 765 2933 infudit,
796 2881 852 2924 ut
893 2873 968 2923 sie
1005 2872 1151 2924 intus
1180 2871 1346 2948 inusti
1381 2873 1544 2925 vitam
1581 2872 1724 2927 illico
1757 2873 1925 2926 exha-

339 2970 539 3021 ἷξδιθιιι.

408 3144 498 3201 30.
532 3145 602 3200 At
625 3145 729 3201 ista
752 3145 913 3201 Marci
934 3146 1268 3201 machinatio
1290 3146 1592 3217 perfectum
1620 3148 1761 3203 haud
1801 3163 1921 3204 sor-

340 3238 441 3291 vita
489 3246 575 3293 est
606 3239 839 3305 exitum,
872 3238 964 3293 sed
994 3240 1048 3292 in
1079 3254 1277 3293 vanum
1315 3238 1467 3308 pueri
1496 3240 1683 3309 jocnm
1730 3239 1916 3295 desiit.

338 3332 470 3388 Erat
490 3335 636 3388 enim
668 3331 949 3402 plumbum
983 3331 1115 3386 illud
1148 3332 1228 3385 eis
1261 3331 1571 3397 innoxium,
1599 3333 1742 3387 sicut
1781 3332 1917 3387 alle-

337 3426 520 3494 gorica
554 3422 860 3477 Psalntistte
891 3439 1014 3478 cera
1046 3424 1360 3493 liquescens
1412 3423 1464 3477 in
1495 3425 1674 3477 medio
1711 3423 1917 3480 ventris

338 3522 479 3587 eLns.
515 3519 639 3572 Erat
663 3516 993 3588 martyribus
1019 3516 1171 3587 quasi
1203 3515 1346 3570 unda
1370 3515 1920 3586 mitigativaillabens

336 3628 514 3682 usque
547 3612 613 3666 ad
648 3611 885 3665 animam
914 3625 1128 3664 eorum.
1164 3607 1219 3663 Si
1250 3611 1372 3679 quis
1399 3619 1577 3664 autem
1611 3622 1755 3664 recte
1771 3609 1920 3665 dice-

335 3717 417 3761 ret
437 3705 569 3760 illud
589 3705 734 3757 velut
753 3719 948 3772 aquam
974 3702 1209 3758 subiisse
1228 3703 1278 3756 in
1302 3719 1488 3757 eorum
1515 3703 1749 3766 viscera,
1777 3718 1917 3757 non-

336 3814 404 3853 ne
433 3799 595 3854 etiam
627 3807 779 3881 certe
826 3808 1037 3852 asserat
1091 3799 1195 3852 hoc
1252 3798 1477 3867 plumbo
1530 3798 1638 3853 illis
1699 3808 1917 3852 auctum

332 3895 505 3950 fuisse
528 3893 711 3948 cordis
745 3892 1039 3959 fervorem,
1082 3901 1134 3948 et
1162 3907 1455 3947 accensum
1486 3892 1685 3946 domus
1716 3891 1806 3946 Dei
1826 3907 1917 3947 ze—

334 3987 447 4041 ium
474 3989 565 4050 qui
594 3986 807 4057 antiqui
838 3987 1123 4055 Propheta:
1157 4002 1253 4040 cur
1284 3986 1609 4041 comedebat
1641 3984 1664 4037 ?
1693 3984 1810 4039 Imo
1831 4000 1918 4040 vc-

334 4096 401 4134 ro
429 4070 814 4152 refrigeratum
841 4098 870 4135 a
896 4082 1006 4135 Deo
1036 4080 1315 4150 plumbum
1346 4080 1476 4133 illud
1503 4080 1677 4133 visum
1699 4090 1782 4134 est
1808 4094 1915 4133 non

334 4189 458 4241 igne
488 4173 695 4240 lusum,
728 4176 820 4229 sed
843 4176 1000 4242 quale
1028 4174 1083 4226 in
1112 4188 1270 4227 sacro
1300 4172 1530 4227 Cantico
1546 4172 1918 4240 submergitur

334 4268 389 4321 in
414 4267 572 4335 aquis
603 4268 1020 4321 vehementibus
1057 4265 1374 4333 :siquidem
1426 4263 1651 4318 minime
1702 4265 1915 4331 urebat,

335 4360 433 4414 sed
467 4359 727 4428 frigidum
762 4358 1162 4413 illahebaturin
1189 4372 1390 4428 corpus
1409 4355 1615 4426 pariter
1632 4356 1913 4426 frigidum.

2036 1883 2128 1934 ρια
2161 1866 2297 1936 παρ’
2330 1867 2485 1921 οὐδὲν
2519 1862 2663 1939 ἦσαν
2697 1868 2812 1929 τοῖς
2851 1867 3143 1936 ἀθληταῖς,
3174 1866 3334 1934 λόγος
3380 1868 3437 1920 δὲ
3466 1868 3621 1933 ἅπας

2033 1959 2315 2030 ἄπρακτος
2339 1955 2410 2030 ἦν
2440 1961 2500 2013 ἐν
2527 1958 2732 2026 αὐτοῖς,
2752 1958 2854 2013 ’ὅτε
2890 1959 3029 2029 πρὸς
3058 1958 3292 2029 ἀπειλὴν
3323 1958 3419 2012 καὶ
3454 1962 3484 2013 ό
3521 1962 3622 2015 ἐπὶ

2031 2051 2377 2122 παραινέσει,
2406 2051 2874 2121 εὖτραπελεύεται
2912 2051 2940 2102 6
2972 2051 3310 2119 χαιρέκακος
3329 2051 3392 2104 οὐ
3421 2052 3613 2124 πάντη

2031 2146 2329 2214 ἀπροσφυῆ
2366 2147 2481 2206 τοῖς
2516 2144 2759 2215 μάρτυσι
2792 2145 3041 2197 κόλασιν.

2108 2236 2213 2289 κθ’.
2260 2229 2590 2289 Βουλεύεται
2632 2236 2762 2305 γὰρ,
2796 2236 2923 2298 τοὺς
2972 2236 3062 2290 διὰ
3112 2238 3376 2307 ἐργασίας
3417 2236 3624 2307 βαναύ-

2035 2342 2131 2378 σου
2176 2324 2409 2391 ζῶντας,
2441 2327 2543 2393 τῆς
2584 2328 2643 2378 ὲν
2700 2327 2853 2395 πυρὶ,
2887 2327 3036 2391 τρεῖς
3100 2327 3479 2396 Καλυτηνοὺς,
3525 2325 3619 2379 διὰ

2034 2420 2209 2492 πυρὸς
2242 2420 2499 2488 ἀγαγεῖν,
2531 2418 2755 2488 καὶτῆς
2789 2419 2887 2472 τοῦ
2912 2420 3140 2490 σιδήρου
3166 2421 3433 2491 ἐργασίας
3468 2419 3620 2474 ὲκεί-

2041 2528 2159 2578 νης,
2191 2512 2257 2581 ἢν
2296 2509 2407 2580 πῦρ
2438 2510 2501 2563 οὐ
2524 2511 2953 2580 κατειργάσατο,
2983 2512 3323 2576 καταπαῖξαι
3342 2512 3434 2565 διά
3462 2529 3614 2573 τινος

2032 2603 2225 2672 ὁμοίας
2255 2603 2694 2673 διαχωνεύσεως,
2726 2603 2811 2657 ἵνα
2842 2596 2998 2672 ᾧπερ
3031 2604 3194 2669 ἔζων,
3227 2604 3405 2675 τούτῳ
3437 2602 3620 2656 ἀπαλ-

2032 2694 2251 2760 λαγεῖεν
2279 2694 2374 2747 τοῦ
2415 2694 2538 2765 ζῇν.
2574 2697 2680 2749 Καὶ
2709 2696 2876 2765 τήξας
2904 2695 3157 2766 μόλιϐδον
3184 2695 3494 2765 ἀρκοῦντα,
3516 2698 3619 2750 καὶ

2032 2787 2213 2856 χώνην
2239 2785 2414 2850 ἐνθεὶς
2442 2786 2662 2856 ἑκάστῳ
2694 2786 2804 2838 τῶν
2850 2785 3149 2857 μαρτύρων
3180 2786 3273 2838 ἐπὶ
3306 2786 3367 2839 τὸ
3409 2787 3616 2854 στόμα,

2032 2879 2179 2933 καθὰ
2215 2881 2311 2933 καὶ
2366 2878 2615 2947 ἀγγείοις
2652 2878 2821 2948 ὑγροῦ
2854 2896 2999 2942 τινος
3044 2868 3313 2941 δεκτικοῖς
3336 2918 3354 2944 ,
3411 2876 3615 2942 ζέοντα

2031 2973 2240 3025 ἐκεῖνον
2269 2972 2455 3042 ὲνέχεε
2488 2970 2633 3024 κατὰ
2674 2971 2783 3024 τῶν
2811 2970 3001 3041 τριῶν,
3031 2970 3085 3023 εἴ
3112 2988 3229 3033 πως
3260 2969 3615 3041 ἐμπρησθέν-

1952 3070 1995 3127 ς,
2028 3080 2119 3125 τες
2145 3063 2288 3116 οὕτω
2331 3063 2397 3117 τὰ
2449 3062 2600 3125 sua;
2633 3061 2882 3132 αὐθωρὸν
2914 3061 3274 3134 ἀπορῤήξωσι
3306 3060 3406 3132 τὴν
3436 3059 3613 3131 ζωήν.

2108 3153 2174 3206 λ’.
2216 3153 2511 3224 Εὐτυχήθη
2556 3153 2614 3206 δὲ
2659 3153 2769 3224 ἄρα
2802 3152 2925 3205 οὐδὲ
2965 3155 2999 3224 ἡ
3028 3153 3257 3224 τοιαύτη
3284 3152 3360 3223 τῷ
3391 3154 3609 3222 Μάγνῳ

2027 3245 2241 3298 ἐπίνοια
2272 3247 2411 3316 πρὸς
2439 3247 2626 3315 ἐντελῆ
2660 3244 2972 3316 ἐνέργειαν,
3012 3244 3130 3298 ἀλλ’
3160 3245 3438 3308 ἐξέϐαινεν
3470 3244 3613 3299 ὡσεὶ

2026 3337 2312 3406 ἄπρακτος
2362 3336 2576 3390 παιδιά.
2623 3331 2735 3389 Ἦν
2791 3335 2902 3406 γὰρ
2968 3338 2996 3389 6
3047 3335 3289 3400 τοιοῦτος
3353 3335 3609 3404 μόλιϐδος

2027 3429 2271 3501 ἀϐλαϐὴς
2323 3429 2579 3495 ἐκείνοις,
2606 3429 2752 3482 καθά
2781 3429 2879 3482 καλ¹
2907 3429 2987 3500 τῷ
3027 3427 3306 3499 ψαλμῳδῴ
3336 3430 3611 3500 Προφήτῃ

2025 3524 2054 3574 ὁ
2094 3521 2467 3592 παραϐολικὸς
2522 3524 2714 3591 κηρὸς,
2769 3522 2798 3574 6
2851 3522 3155 3591 τηκόμενος
3198 3526 3254 3573 ἐν
3302 3523 3452 3591 μέσῳ
3503 3521 3611 3589 τῆς

2027 3612 2236 3677 κοιλίας
2258 3614 2447 3667 αὐτοῦ.
2487 3608 2650 3684 Εἶχον
2706 3613 2762 3666 δὲ
2814 3612 2881 3665 ἂν
2928 3613 3092 3665 αὑτὸν
3120 3613 3169 3666 oi
3201 3614 3479 3683 μάρτυρες
3507 3615 3613 3669 καὶ

2027 3706 2140 3759 οἷον
2188 3706 2312 3759 τινὰ
2346 3706 2518 3758 ὕδατα
2564 3705 2885 3775 παρήγορα,
2929 3704 3241 3757 εἰσελθόντα
3269 3705 3375 3768 ἓως
3422 3704 3610 3774 ψυχῆς

2025 3798 2232 3854 αὐτῶν.
2264 3799 2473 3854 Ψάλλοι
2500 3798 2556 3852 δὲ
2579 3799 2644 3852 ἀν
2678 3816 2782 3865 τις,
2813 3797 2904 3851 καὶ
2938 3798 3019 3850 ὅτι
3049 3797 3182 3849 ὡσεὶ
3229 3795 3377 3868 ὕδωρ
3416 3796 3609 3865 εἰσῆλ-

2027 3896 2118 3947 θεν
2154 3897 2235 3957 εἰς
2273 3892 2347 3947 τὰ.
2391 3893 2604 3961 ἔγκατα
2635 3891 2841 3944 αὐτῶν
2879 3890 2956 3960 μή
2994 3906 3098 3942 που
3141 3889 3198 3940 δὲ
3237 3887 3496 3957 ἀσφαλῶς
3534 3889 3609 3942 ἂν

2025 3989 2194 4051 εἴποι,
2247 3987 2344 4042 καὶ
2404 3985 2487 4038 ὅτι
2548 3982 3008 4056 προσεπηύξησεν
3060 3984 3350 4053 ὁυπυρόεις
3393 3983 3611 4044 ἐκεῖνος

2029 4078 2278 4149 μόλιϐδος
2302 4077 2399 4147 τὴν
2433 4078 2490 4129 ἐν
2521 4077 2707 4138 αὐτοῖς
2753 4074 3077 4144 καρδιακὴν,
3098 4073 3272 4139 ζέσιν,
3305 4075 3401 4127 καὶ
3435 4072 3611 4142 ζῆλον
3682 4097 3691 4103 -

2026 4173 2212 4235 αὐτοῖς
2267 4171 2535 4225 ἐνέκαυσε
2571 4171 2716 4222 κατὰ
2746 4170 2837 4222 τὸν
2867 4168 2960 4222 τοῦ
3012 4168 3162 4220 οἴκου
3215 4167 3309 4219 τοῦ
3350 4166 3511 4230 Θεοῦ,
3544 4165 3612 4227 6.:

2026 4267 2186 4331 ἁγίου
2240 4264 2578 4318 παλαιτάτου
2636 4263 2868 4335 καρδίαν
2920 4263 3225 4332 κατέφαγε.
3267 4262 3613 4331 Προσθετέον

2026 4360 2083 4410 δὲ
2127 4358 2243 4423 καὶ,
2272 4357 2347 4419 ὠς
2382 4355 2637 4425 ἀναψυχῇ
2692 4357 2761 4423 τῇ
2820 4355 2884 4405 ἐκ
2928 4353 3065 4405 Θεοῦ
3106 4352 3356 4422 μόλιϐδος
3394 4353 3609 4413 ἐκεῖνος

334 4449 589 4519 ἐλογίσθη
643 4449 705 4502 οὐ
751 4449 890 4519 πυρὶ
939 4449 1230 4518 ὁμιλήσας,
1290 4446 1410 4502 ἀλλ’
1453 4448 1641 4512 ὁποῖος
1690 4450 1746 4502 ὲν
1818 4449 1942 4520 ἱερᾷ
1982 4450 2274 4520 παραϐολῇ
2337 4445 2667 4500 καταδύεται
2743 4446 2801 4499 ὲν
2859 4443 3015 4497 ὕδατι
3070 4442 3307 4515 σφοδρῷ,
3378 4444 3477 4496 οὐκ
3534 4445 3609 4498 ἂν

334 4547 656 4602 κατακαίων
727 4547 949 4608 πάντως
1015 4546 1260 4611 ἐκεῖνος,
1326 4545 1465 4600 ἀλλὰ
1527 4547 1914 4618 παρακύπτων
1954 4548 2162 4617 ψυχρὸς
2189 4546 2354 4609 αὐτὸς
2392 4546 2469 4606 είς
2502 4543 2665 4611 σῶμα
2712 4542 2919 4611 ὅμοιον.

405 4646 496 4699 51.
527 4644 761 4713 Quinam
794 4655 944 4696 erant
985 4643 1178 4698 fratres
1197 4643 1273 4697 illi
1310 4653 1418 4697 tam
1437 4646 1909 4713 l‘ortiterathletm,

2087 4646 2190 4698 λα’.
2243 4641 2401 4704 Τίνες
2425 4640 2492 4695 ἂν
2532 4634 2677 4710 ἦσαν
2730 4639 2788 4691 ἐν
2848 4640 2959 4699 τοῖς
2988 4637 3249 4700 τοιούτοις
3292 4639 3340 4688 oi
3379 4636 3611 4705 ἀδελφοὶ

334 4739 449 4808 qui,
481 4738 690 4793 fervido
718 4736 910 4805 Spiritu
942 4736 1107 4791 Deum
1149 4737 1420 4803 sitientes,
1478 4737 1585 4794 tale
1645 4738 1909 4809 liquidum

336 4847 436 4902 pro
466 4846 532 4886 eo
563 4830 945 4884 combiberunt
976 4830 1255 4898 plumbum
1296 4830 1322 4883 ?
1350 4847 1535 4885 nonne
1570 4833 1915 4902 superabun-

336 4921 601 4976 davernnt
633 4922 848 4973 fervore
877 4919 1072 4972 anima:
1106 4919 1156 4972 in
1186 4918 1351 4974 Deum
1378 4920 1402 4972 ?
1431 4936 1612 4975 nonne
1643 4923 1915 4976 co-nbusti

337 5019 460 5066 sunt
496 5026 596 5079 pro
624 5006 726 5062 fide
747 5008 773 5061 ‘I
795 5024 978 5064 nonne
1007 5012 1286 5065 sexcentis
1306 5021 1595 5081 tyrannum
1630 5013 1810 5068 verbis
1834 5017 1917 5068 inv

337 5111 670 5172 crepuerunt
700 5109 754 5154 et
800 5100 1139 5157 irriserunt?
1183 5101 1362 5169 Quare
1397 5118 1755 5174 perseverans
1809 5108 1913 5163 iste

339 5197 392 5248 in
423 5197 609 5249 eadem
646 5194 977 5266 pervicacia,
1008 5205 1062 5250 et
1084 5194 1136 5250 in
1172 5208 1438 5270 martyres
1464 5198 1689 5255 rabidus
1714 5199 1912 5254 Demn-

338 5302 449 5353 que
504 5288 856 5359 impugnans,
911 5287 977 5342 ad
1005 5289 1165 5344 aliam
1215 5290 1554 5346 convertitur
1604 5293 1746 5346 viam
1809 5308 1917 5363 qna

338 5379 577 5435 celerius
627 5393 751 5435 sese
799 5378 1055 5451 expediat
1108 5392 1407 5453 martyrum
1477 5383 1918 5439 conversatione.

338 5472 551 5527 Etenim
590 5471 703 5543 jam
732 5487 838 5528 non
876 5482 1088 5544 poterat
1117 5474 1396 5538 resistere,
1446 5490 1514 5530 ne
1557 5490 1652 5545 par
1697 5476 1917 5545 quidem

339 5565 549 5621 viribus
575 5580 699 5621 cum
728 5566 809 5621 eis
837 5582 958 5622 esse
983 5567 1196 5623 valens.
1223 5565 1352 5622 Ideo
1380 5566 1674 5623 ferrariam
1731 5580 1913 5623 artem

338 5654 552 5709 aliunde
582 5672 869 5713 assumens
900 5658 952 5713 in
980 5658 1273 5723 auxilium,
1308 5668 1367 5713 ut
1392 5660 1445 5713 in
1497 5675 1593 5715 eos
1654 5675 1919 5729 exseque-

338 5761 483 5803 retur
514 5750 657 5819 quod
689 5751 792 5823 ipsi
828 5752 881 5805 in
917 5748 1159 5805 Marcum
1191 5749 1378 5806 facere
1430 5766 1539 5807 non
1599 5760 1915 5821 potucrant,

2016 4733 2164 4793 οὗτοι
2197 4733 2455 4805 ἀθληταὶ,
2507 4731 2560 4786 οἳ
2608 4731 2700 4785 τὸν
2749 4731 2885 4785 Θεὸν
2914 4729 3201 4799 διψῶντες,
3233 4730 3325 4781 τὸν
3355 4728 3606 4783 τοιοῦτον

2021 4832 2189 4900 ὑγρὸν
2242 4828 2385 4897 ὑπὲρ
2444 4823 2658 4878 ἐκείνου
2735 4822 2990 4892 μόλιϐδον
3062 4820 3277 4887 ἐξέπιον
3309 4862 3324 4888 ,
3384 4819 3608 4885 ζέοντες

2019 4922 2332 4992 πνεύματις
2385 4914 2540 4988 *Αρα
2592 4918 2693 4971 οὐκ
2738 4917 2807 4970 ἂν
2861 4914 3344 4970 ἐπολυπλασίασαν
3396 4918 3456 4971 τδ
3497 4919 3606 4988 τῆς

2019 5017 2197 5086 ψυχῆς
2239 5011 2444 5085 θερμὸν
2488 5010 2631 5081 ὑπὲρ
2673 5025 2768 5063 τοι.
2828 5006 3009 5074 Θεοῦ;
3061 5009 3161 5062 οὐκ
3204 5007 3270 5061 ἂν
3314 5009 3599 5079 ἐξεπυρώ-

2022 5107 2195 5178 θησαν
2224 5105 2368 5174 ὑπὲρ
2399 5104 2500 5175 τῆς
2528 5100 2810 5169 πίστεως;
2841 5102 2942 5154 οὐκ
2976 5100 3042 5154 ἂν
3091 5097 3249 5154 εἷπον
3277 5103 3356 5170 τῷ
3390 5102 3603 5171 τυράν-

2018 5217 2095 5270 νῳ
2133 5197 2307 5271 μυρία
2330 5196 2445 5271 ,ὅσα
2479 5194 2562 5259 είς
2591 5193 2823 5265 ἔλεγχον
2871 5193 2971 5248 καὶ
3012 5194 3347 5263 κατάγελον,
3384 5192 3601 5247 Οὑκοῦτ

2018 5292 2295 5363 ἐπιμένων
2333 5291 2546 5351 ἐκεῖνος
2591 5291 2658 5358 τῇ
2692 5287 2831 5361 αὐτῇ
2886 5288 3162 5352 ἒνστάσει,
3195 5286 3289 5341 καὶ
3320 5287 3461 5340 κατά
3485 5285 3605 5339 τῶν

2022 5383 2319 5456 μαρτύρων
2346 5379 2568 5435 λυσσῶν
2600 5381 2695 5433 καὶ
2727 5378 3040 5450 θεομαχῶν,
3078 5380 3278 5450 ἑτέραν
3305 5380 3602 5449 τρέπεται,

2018 5474 2087 5528 δι’
2124 5469 2192 5545 ἧς
2220 5472 2408 5543 τάχιον
2450 5470 2647 5524 ἑαυτὸν
2677 5468 2984 5535 ἀπαλλάξει
3012 5472 3113 5540 τῆς
3156 5470 3268 5523 τῶν
3299 5468 3605 5539 μαρτύρων

2018 5565 2255 5634 ὁμιλίας.
2292 5563 2369 5617 Οὐ
2397 5562 2508 5634 γὰρ
2537 5560 2740 5632 ἔφερεν
2780 5561 2861 5614 ἑτι
2889 5562 3300 5630 ἀντιπράττειν,
3336 5555 3425 5613 οἷα
3458 5561 3605 5628 μηδὲ

2027 5655 2286 5728 ἱσοπαλὴς
2312 5654 2499 5718 αὐτοῖς
2528 5649 2670 5709 εἶναι
2703 5652 2932 5723 ἰσχύων.
2966 5653 3078 5707 Καὶ
3112 5652 3176 5718 δὴ
3211 5651 3308 5723 τὴν
3357 5651 3603 5722 χαλκευο

2025 5752 2182 5823 τικὴν
2219 5751 2417 5823 τέχνην
2464 5747 2736 5820 ἑτέρωθεν
2762 5746 3211 5821 προσλαϐόμενο,
3247 5746 3325 5810 είς
3372 5748 3610 5797 ἐπικου-
