3888 6238
270 341 346 404 281

1400 348 1502 409 DE
1540 351 1601 411 S.
1629 351 1926 412 ALPHEO
1951 355 2050 416 ET
2090 352 2360 417 SOCIIS.

3399 347 3507 414 232

270 458 381 527 ρίαν,
406 457 488 521 ὡς
518 456 589 513 ἂν
628 457 892 533 ἐξανύσῃ,
924 460 1047 514 κατ’
1070 461 1272 529 αὐτῶν,
1313 464 1451 536 ὅπερ
1483 466 1639 519 αὐτοὶ
1673 469 1815 522 κατὰ

1930 472 2108 527 clavos
2138 472 2373 543 grandes
2426 471 2664 541 imperat
2709 472 2967 543 qualibus
3024 470 3154 541 palo
3213 467 3509 538 adiguntur

268 549 340 602 τοῦ
381 551 621 622 Μάρκου
675 551 876 622 δράσαι
928 554 1029 607 οὐκ
1084 556 1264 626 ἔσχον,
1296 556 1462 627 ἥλους
1497 576 1556 612 τε
1610 560 1810 631 ἁδροὺς

271 642 544 708 ἐπιτάττει,
604 644 677 697 δι’
715 639 792 699 ὧν
838 647 1206 716 καθηλοῦνται
1252 650 1812 724 ἁνασκολοπιζόμενοε

268 752 399 800 τινες,
434 738 535 789 καὶ
585 739 798 808 πέτραν
830 744 1231 811 παρατηρεῖται
1265 744 1383 797 οταν
1418 745 1605 811 στέξαι
1641 763 1815 819 προσ-

268 826 660 894 ταγησομένους
694 828 1033 899 ἀνθρώπους.

313 913 399 984 ip’.
453 917 568 971 Καὶ
619 914 691 990 ἦν
746 921 845 990 μὲν
897 921 976 993 τῷ
1023 925 1144 995 Θεῷ
1192 926 1436 996 δυνατὸν,
1495 930 1633 1001 μήτε
1684 929 1816 990 τοὺς

263 1008 390 1076 ἥλους
459 1012 814 1082 παγιωθῆναι
872 1017 954 1079 εις
1008 1018 1367 1089 στερέμνιον,
1419 1020 1557 1075 ἀλλὰ
1618 1018 1814 1074 παθεῖν

258 1103 511 1171 ἀνάλυσιν,
538 1105 738 1159 ὁποίαν
764 1107 793 1159 6
828 1108 1067 1180 σίδηρος,
1101 1110 1128 1162 6
1161 1113 1302 1165 κατὰ
1333 1112 1444 1167 τῶν
1464 1113 1682 1183 δεσμῶν
1715 1109 1812 1166 τοῦ

234 1199 464 1268 ’Μάρκου
517 1199 951 1270 μαλαττόμενος,
986 1206 1079 1258 καὶ
1104 1204 1206 1276 τὴν
1230 1206 1441 1277 πέτραν
1484 1207 1543 1261 δὲ
1575 1223 1815 1277 στερεω-

255 1290 390 1358 eam
446 1293 533 1355 εἰς
594 1293 945 1362 ἀνύπεικτον,
1008 1295 1104 1352 καὶ
1168 1297 1520 1367 λαξευτικαῖς
1573 1298 1816 1369 πληγαῖς

252 1384 516 1438 ἁνένδοτον
542 1385 641 1440 καὶ
673 1388 1012 1460 διατρήσεσι,
1040 1389 1161 1443 καθ’
1189 1384 1266 1447 ὧν
1292 1391 1343 1444 οἱ
1368 1385 1491 1463 ἧλοι
1520 1387 1821 1462 παρεισδύ-

252 1490 438 1534 σονται.
470 1482 769 1553 Οξκτεερας
828 1484 885 1537 δὲ
937 1485 1065 1548 τοὺς
1121 1485 1458 1549 πολυπαθετς
1508 1485 1813 1555 μάρτυρας,

251 1578 330 1628 καὶ
356 1578 801 1645 μπαναστιῦσαι
829 1580 927 1650 τῆς
956 1581 1306 1652 ἀνθρωπίνης
1351 1578 1501 1650 ζωῆς
1528 1578 1818 1650 ἀποφηνῶ-

251 1686 395 1737 pavo;
447 1671 791 1741 (ἀρκούντως
840 1673 951 1742 γὰρ
999 1674 1439 1745 ἐγυμνάσθησαν,
1485 1671 1563 1735 ὡς
1612 1672 1823 1733 ἐκεῖνος

248 1759 465 1830 ἔκρινεν,
497 1760 560 1814 6v
590 1763 695 1815 οὐκ
728 1763 880 1817 ἔστιν
923 1763 1354 1833 ἐκλογίσασθαι),
1399 1761 1482 1834 τῷ
1511 1761 1720 1833 σιδήρῳ
1751 1778 1814 1815 τε

252 1854 443 1922 ίφῆκεν
486 1855 658 1925 ἥλους
710 1859 1028 1928 καταρτιᾷν,
1063 1859 1154 1911 καὶ
1208 1858 1309 1928 τὴν
1362 1858 1575 1925 πέτραν
1626 1854 1810 1924 ἀφῆκε

250 1947 428 2000 παθεῖν
474 1948 689 2020 συνήθη
742 1951 1075 2021 διατόρησιν.
1112 1953 1223 2005 Καὶ
1267 1951 1342 2014 ὡς
1377 1952 1509 2004 αὐτὸ
1564 1950 1809 2016 ἐγένετο,

249 2037 671 2110 ἁπαγορεύονται
701 2042 802 2112 ζῇν
832 2046 889 2094 ἐν
927 2046 995 2112 γῇ
1029 2045 1164 2111 πρὸς
1195 2042 1291 2096 τοῦ
1322 2043 1548 2108 Μάγνου
1585 2043 1633 2093 οἱ
1671 2041 1814 2109 μάρ-

247 2148 430 2202 τυρεςο
472 2134 571 2188 καὶ
616 2137 758 2205 ταχὺ
807 2137 1064 2206 ἀρθέντες
1105 2139 1556 2209 προσπήγνυνται
1599 2135 1662 2202 τῇ
1713 2131 1809 2183 πέ-

249 2239 361 2292 τρᾳ,
397 2225 499 2279 ὅσα
532 2227 628 2279 καὶ
666 2225 810 2297 ξύλῳ
862 2230 1222 2297 σταυρώσεως
1245 2244 1264 2262 ο
1303 2228 1398 2282 καὶ
1436 2226 1581 2282 οὕτω
1604 2227 1669 2295 τῇ
1712 2224 1813 2293 μὲν

252 2317 580 2384 προσηλώσει
623 2319 918 2387 μιμοῦνταί
950 2338 1065 2382 πως
1091 2320 1183 2375 τὸν
1206 2320 1275 2374 δι’
1309 2322 1458 2389 ἡμᾶς
1489 2315 1813 2375 ἐθελουσίως

253 2409 659 2477 προσηλωθὲντα
710 2412 934 2481 σωτῆρα
979 2412 1231 2481 Χριστὸν,
1279 2413 1345 2483 τῇ
1391 2411 1447 2464 δὲ
1525 2410 1702 2478 πέτρᾳ
1748 2403 1848 2469 τῆς

260 2502 543 2571 μελιῶσθαι
571 2506 639 2574 τῇ
671 2504 855 2556 πίστει
880 2506 945 2572 τῇ
980 2506 1058 2567 εἰς
1085 2506 1177 2557 τὸν
1212 2506 1442 2576 Κύριον.
1551 2508 1561 2520 ⁸

322 2596 415 2662 11'.
462 2595 524 2649 Ὀ
573 2597 629 2648 δὲ
680 2596 913 2662 ἀλείψας
945 2596 1169 2664 Μάρκος
1217 2598 1413 2666 περιῆν
1446 2595 1546 2665 μὲν
1577 2595 1673 2647 καὶ
1701 2593 1823 2645 εἱσ-

257 2688 363 2739 έτι·
411 2689 469 2740 οὐ
517 2690 629 2758 γὰρ
675 2683 780 2757 ἥγε
838 2687 1033 2757 σχολὴν
1078 2691 1106 2740 6
1155 2687 1373 2756 Μάγνος
1416 2684 1820 2753 ἐπισκέψασθαι

260 2780 347 2832 καὶ
376 2779 557 2846 αὐτὸν,
583 2778 720 2834 ἀλλὰ
748 2779 846 2830 τὸν
873 2780 997 2832 νοῦν
1028 2780 1148 2833 ὅλον
1192 2777 1307 2850 εἶχε
1335 2780 1472 2844 πρὸς
1503 2779 1624 2840 ταῖς
1651 2775 1818 2830 αὐτοῦ

260 2872 605 2940 προσφοραῖς,
645 2873 759 2933 τοῖς
789 2869 1144 2940 Καλυτηνοῖς,
1177 2868 1272 2932 οὓς
1300 2868 1464 2931 αὐτὸς
1496 2867 1821 2937 προσήγαγε

259 2963 328 3030 τῷ
350 2965 486 3030 θεῷ,
525 2958 608 3027 οἷς
638 2962 707 3016 δι’
734 2961 902 3016 αὐτοῦ
937 2964 1142 3016 ἐκεῖνον
1168 2960 1493 3033 ἐγνώρισαν,
1514 2959 1822 3021 ἀναϐάντας

259 3056 332 3118 εἰς
367 3056 494 3125 ὕψος
526 3054 788 3124 γνώσεως
835 3055 938 3109 ὅσα
982 3055 1079 3129 καὶ
1106 3054 1193 3108 διά
1221 3070 1369 3118 τινος
1398 3052 1689 3124 κλίμακος,
1719 3050 1820 3121 τῆς

259 3147 340 3199 ἐπ’
386 3148 529 3220 αὐτῷ
579 3147 810 3213 ἐννοίας,
844 3148 933 3202 ὅτε
980 3146 1199 3219 σίδηρος
1247 3147 1444 3209 αὐτοὺς
1491 3143 1820 3215 ἐμυσταγώ-

259 3257 411 3306 mae.
457 3241 773 3312 καινότερον
822 3240 1250 3310 μαλαττόμενος.
1304 3238 1413 3291 Καὶ
1459 3236 1628 3308 ἐχρῆν
1681 3235 1825 3288 οὕτω

263 3334 504 3400 γενέσθαι
553 3335 702 3389 δυοῖν
758 3331 977 3387 ἕνεκεν·
1034 3332 1123 3386 ἴνα
1176 3332 1271 3385 καὶ
1333 3331 1362 3384 6
1419 3329 1577 3398 ἅγιος
1642 3330 1824 3400 γέρων

263 3427 458 3497 ἀπέλθῃ
489 3412 708 3499 θαρρῶν
734 3429 817 3489 εἰς
847 3427 1006 3491 Θεὸν,
1033 3426 1154 3478 ἐπεὶ
1185 3425 1277 3478 καὶ
1307 3423 1590 3486 τοιούτους
1625 3423 1821 3476 τελευ-

261 3518 361 3569 τῶν
411 3518 553 3589 αὑτῷ
604 3520 911 3589 κατήρτισε
961 3517 1264 3588 μάρτυρας,
1294 3516 1389 3571 καὶ
1433 3514 1587 3569 αὐτοὶ
1635 3513 1693 3567 δὲ
1747 3511 1822 3582 μὴ

260 3609 533 3665 ἀποκνοῖεν
578 3611 742 3665 ὄκνου
804 3609 973 3679 λόγῳ,
1039 3609 1143 3681 τὴν
1192 3608 1287 3662 τοῦ
1342 3610 1577 3678 Μάρκου
1645 3622 1825 3675 μεμα-

262 3702 476 3771 θηκότες
512 3704 923 3773 μετανάστασιν
952 3703 1049 3757 καὶ
1083 3705 1222 3774 πρὸς
1249 3703 1385 3754 Θεὸν
1413 3701 1701 3756 ἀνάϐασιν.

327 3797 418 3852 λδῖ
452 3799 510 3850 Ὀ
545 3797 602 3851 δὲ
631 3797 879 3864 Μάγνος,
905 3795 983 3858 ὡς
1007 3790 1096 3848 οἷα
1129 3797 1204 3865 μὴ
1239 3795 1483 3863 ἀρκέσαν
1515 3795 1596 3857 εἰς
1639 3794 1823 3849 κάκωο

263 3907 344 3942 σιν
373 3894 480 3952 τοῖς
518 3890 858 3958 Καλυτηνοϊς
900 3887 980 3949 τὸ,
1017 3887 1094 3950 ὡς
1139 3887 1361 3958 epam,
1400 3886 1823 3957 προσηλωθῆναι

261 3984 425 4050 (ἴσωςΓ
457 3986 561 4052 γὰρ
609 3983 703 4035 καὶ
737 3979 1046 4050 μετάμελος
1089 3975 1235 4048 εἶχεν
1259 3980 1446 4042 αὐτὸν,
1475 3980 1524 4032 ei
1557 3979 1633 4047 μὴ
1665 3977 1828 4030 κατέ-

261 4092 435 4143 χωσεν
463 4076 683 4136 αὐτοὺς,
713 4073 831 4128 ἀλλ’
878 4071 1050 4133 οὕτως
1086 4073 1165 4134 εἰς
1206 4071 1474 4140 πρόοπτον
1506 4068 1723 4139 ἐξῆρεν,
1751 4067 1827 4131 ὡς

259 4175 350 4221 καὶ
380 4168 801 4237 περιϐλέπεσθαι
830 4169 942 4229 τοῖς
995 4165 1338 4218 θεοσεϐέσιν·
1379 4164 1437 4225 ἐξ
1473 4161 1534 4216 οὖ
1572 4160 1823 4214 συνέϐαι-

259 4278 367 4323 νεν,
405 4263 639 4324 ἐκείνους
698 4261 799 4330 μὲν
857 4260 1256 4322 θαυμάζεσθαι,
1305 4256 1399 4310 τὸν
1456 4255 1515 4306 δὲ
1560 4253 1828 4324 τύραννον

258 4351 862 4425 κατακραυγάζεσθαι),
931 4350 1091 4420 ἤθελε
1144 4350 1243 4419 μὲν
1297 4348 1442 4418 τάχα
1499 4346 1642 4399 κατά
1702 4359 1827 4397 τινα

1841 1823 1889 1881 Β

1926 564 2115 634 aliqui,
2137 573 2191 620 et
2204 573 2414 634 petram
2442 564 2758 635 speculatur
2778 579 3034 636 capacem
3055 561 3505 632 conﬁgendorum

1924 656 2236 711 hominum.

1990 924 2080 980 32.
2108 924 2288 980 Facile
2320 923 2535 995 quidem
2573 924 2717 981 Deus
2739 924 2951 981 efficere
2988 914 3204 996 poterat
3248 934 3307 981 ut
3359 924 3502 980 clavi

1920 1032 2027 1070 non
2052 1016 2227 1070 solide
2251 1027 2640 1087 pangerentur,
2674 1017 2770 1071 sed
2797 1018 3165 1073 avellerentur
3195 1019 3506 1074 sicutsolu-

1923 1118 2039 1163 tum
2068 1117 2190 1165 erat
2224 1109 2430 1166 ferrum
2448 1111 2808 1181 compedibus
2838 1110 3004 1166 Marci
3030 1112 3393 1175 destinatum,
3418 1114 3502 1166 vel

1920 1211 1978 1257 ut
2001 1210 2152 1273 petra
2187 1203 2542 1259 indurescens
2578 1219 2688 1258 non
2722 1204 2945 1259 cederet
2972 1191 3224 1273 lapicidas
3273 1205 3501 1270 ictibus,

1918 1295 2010 1350 sed
2043 1294 2310 1350 foramina
2336 1296 2652 1351 retunderet
2681 1311 2779 1366 per
2805 1313 2928 1366 quae
2974 1297 3150 1351 clavis
3210 1304 3507 1366 penetran-

1917 1387 2047 1440 dum
2078 1397 2218 1443 erat.
2252 1386 2475 1455 Verum,
2527 1388 2789 1443 misertus
2841 1388 2951 1456 iam
3003 1389 3171 1441 multa
3221 1401 3507 1456 perpessos

1917 1488 2205 1550 martyres,
2228 1480 2413 1549 eisque
2442 1482 2751 1537 concedens
2778 1490 2838 1534 ut
2866 1496 2930 1535 ex
2967 1482 3210 1537 humana
3238 1482 3347 1535 vita
3398 1481 3506 1534 mi-

1917 1579 2140 1641 grarent
2164 1572 2313 1637 (nam
2341 1573 2477 1627 satis
2507 1586 2906 1643 pugnaverant,
2940 1581 3000 1629 ut
3035 1576 3153 1643 ipse
3200 1572 3503 1643 judicabat,

1918 1679 1947 1718 a
1977 1680 2087 1734 quo
2115 1665 2257 1720 ratio
2285 1665 2429 1733 exigi
2453 1681 2560 1721 non
2591 1668 2817 1740 potest),
2851 1668 3103 1737 permisit
3133 1667 3321 1721 clavos
3354 1664 3506 1719 ferro

1921 1757 2198 1824 fabricari,
2247 1767 2304 1814 et
2359 1768 2570 1829 petram
2623 1776 2785 1831 posse
2850 1761 3006 1832 juxta
3062 1775 3270 1816 morem
3322 1758 3506 1829 perfo—

1918 1849 2049 1904 rari.
2105 1849 2258 1917 Quod
2282 1859 2341 1905 ut
2367 1849 2570 1907 factum
2600 1862 2706 1919 est,
2738 1854 2966 1924 Magnus
3018 1851 3357 1921 martyribus
3412 1864 3505 1904 re-

1920 1945 2042 1996 nuit
2074 1943 2309 2013 amplius
2339 1943 2392 1999 in
2422 1953 2568 1999 terra
2605 1946 2829 2012 vivere;
2860 1955 2914 2000 et
2934 1945 3080 2000 illico
3118 1944 3316 1999 elevati
3380 1942 3505 1997 affl-

1921 2042 2128 2103 guntur
2180 2044 2368 2104 petrae,
2417 2036 3036 2106 tanquamlignocrucis
3068 2050 3083 2101 ;
3115 2042 3172 2089 et
3219 2037 3293 2090 ita
3333 2033 3508 2088 clavis

1920 2125 2152 2196 perfossi
2171 2126 2519 2195 aliquatenus
2540 2129 2820 2184 imitantur
2835 2128 3160 2184 cruciﬁxum
3185 2136 3380 2196 sponte
3401 2139 3503 2194 pro

1920 2218 2080 2273 nobis
2098 2218 2435 2273 Salvatorem
2451 2219 2750 2286 Christum,
2775 2230 2941 2289 petrae
2959 2233 3088 2273 vero
3109 2217 3279 2282 afﬁxi,
3305 2226 3497 2271 osten-

1925 2310 2065 2364 dunt
2107 2325 2167 2365 se
2222 2311 2453 2366 ﬁrmiter
2480 2326 2604 2368 esse
2634 2298 2698 2366 in.
2718 2312 2827 2366 ﬁde
2856 2310 3072 2366 Domini
3108 2309 3400 2364 stabilitos.

1925 2401 2107 2455 αὐτῶν
2154 2403 2559 2474 προσερείσεως
2611 2403 3009 2474 παραδηλοῦσι,
3063 2401 3308 2472 στερρῶς
3352 2399 3508 2452 τεθε-

1993 2580 2084 2636 55.
2114 2580 2324 2637 Interea
2349 2584 2599 2637 hortator
2630 2598 2818 2637 eorum
2853 2580 3070 2637 Marcus
3093 2582 3274 2636 adhuc
3309 2594 3506 2649 supr-r-

1923 2681 2041 2729 erat
2078 2688 2097 2739 ;
2155 2688 2264 2727 non
2294 2675 2441 2729 enim
2477 2690 2686 2729 moram
2730 2674 2992 2728 habuerat
3019 2672 3248 2742 Magnus
3277 2687 3402 2726 eum
3425 2671 3507 2723 vi—

1925 2767 2146 2829 sitandi,
2179 2767 2270 2821 sed
2291 2776 2460 2822 totam
2487 2775 2720 2822 mentem
2758 2767 3072 2820 adverterat
3097 2766 3162 2818 ad
3197 2764 3319 2831 ejus
3347 2762 3505 2817 holo-

1926 2867 2233 2914 cautomata
2258 2861 2550 2931 Calytenos
2582 2860 2715 2929 :qui
2748 2874 2941 2926 nempe
2972 2857 3152 2911 abillo
3190 2854 3356 2909 oblati
3377 2862 3508 2907 sunt

1930 2954 2059 3021 Deo,
2091 2965 2146 3009 et
2179 2956 2321 3010 hunc
2349 2971 2444 3025 per
2475 2957 2652 3025 ipsum
2694 2958 3096 3023 cognoverunt,
3130 2949 3501 3004 ascendentes

1928 3048 2084 3117 quasi
2115 3064 2208 3119 per
2234 3048 2437 3105 scalam
2474 3049 2540 3102 ad
2561 3047 2839 3118 fastigium
2875 3045 3122 3102 scientiae
3148 3058 3202 3098 et
3235 3040 3505 3112 cognitio-

1928 3141 2011 3194 nis
2034 3140 2175 3211 ejus,
2205 3141 2424 3210 quando
2439 3156 2536 3197 eos
2565 3140 2790 3195 edocuit
2823 3137 3028 3193 ferrum
3064 3132 3508 3190 extraordinaria

1928 3235 2185 3289 solutum.
2215 3234 2278 3287 Et
2307 3234 2593 3302 oportebat
2616 3234 2695 3287 sic
2712 3232 2826 3286 ﬁeri
2856 3240 3078 3302 propter
3100 3232 3210 3283 duo
3248 3245 3263 3280 :
3294 3226 3505 3283 scilicet

1930 3339 1987 3385 ut
2019 3336 2243 3384 sanctus
2274 3344 2441 3384 senex
2475 3328 2650 3382 abiret
2683 3325 3025 3382 confidenter
3054 3322 3120 3377 ad
3146 3321 3508 3388 Deum,post-

1928 3436 2089 3489 quam
2119 3421 2255 3475 tales
2287 3419 2528 3473 moriens
2556 3418 2603 3473 ei
2630 3417 2972 3486 praemiserat
3004 3425 3292 3484 martyres,
3340 3420 3510 3480 utque

1930 3511 2029 3580 ipsi
2059 3527 2165 3566 non
2193 3523 2413 3580 torpore
2434 3508 2752 3573 deficerent,
2777 3505 2964 3561 audita
2991 3503 3158 3558 Marci
3185 3501 3508 3571 migratione

1928 3615 1982 3660 et
2005 3606 2069 3659 ad
2102 3604 2268 3658 Deum
2293 3602 2637 3657 ascensione.

1999 3783 2091 3838 54.
2122 3782 2292 3837 Porro
2323 3780 2573 3851 Magnus,
2604 3778 2835 3850 perinde
2864 3793 2928 3834 ac
2956 3778 3003 3833 si
3032 3792 3138 3832 non
3174 3775 3311 3832 satis
3360 3783 3506 3830 esset

1929 3875 1995 3928 ad
2013 3873 2398 3943 Calytenorum
2428 3870 2756 3940 supplicium
2788 3883 2904 3931 eos,
2924 3878 2982 3921 ut
3009 3868 3216 3920 dictum
3247 3872 3351 3927 est,
3375 3877 3507 3918 con-

1930 3966 2111 4019 fixisse
2135 3965 2340 4035 (forsan
2368 3963 2515 4017 enim
2551 3976 2673 4016 eum
2704 3960 3006 4030 paenitebat
3052 3958 3196 4025 quod
3246 3970 3352 4008 non
3378 3954 3506 4008 abs-

1929 4058 2204 4114 ciindisset
2243 4056 2384 4118 illos,
2414 4054 2508 4110 sed
2543 4054 2598 4108 in
2631 4051 3008 4123 spectaculum
3033 4048 3401 4111 ostendisset,
3430 4046 3505 4100 ita

1930 4162 1989 4206 ut
2012 4166 2042 4205 a
2065 4151 2168 4219 piis
2184 4157 2555 4211 cernerentur,
2578 4148 2721 4201 unde
2739 4145 3068 4214 sequebatur
3086 4144 3140 4196 in
3171 4157 3267 4197 eos
3291 4138 3507 4210 quidem

1929 4242 2239 4306 admiratio,
2266 4241 2321 4295 in
2348 4255 2641 4311 tyrannum
2667 4248 2851 4293 autem
2883 4234 3248 4304 vociferatio),
3282 4232 3497 4287 volebat

1933 4336 2107 4391 rabidi
2136 4336 2309 4391 instar
2327 4335 2478 4390 canis
2496 4334 2604 4388 cito
2639 4345 2835 4388 carnes
2859 4344 3046 4385 eorum
3098 4341 3315 4381 vorare.
3356 4323 3511 4391 Quod

257 4421 560 4514 λυσσητῆρα
592 4442 732 4496 κύνα
765 4441 877 4494 τῶν
914 4439 1132 4507 σαρκῶν
1160 4439 1347 4501 αὐτοῖς
1381 4436 1676 4506 ἐμφαγεῖν.
1701 4434 1820 4486 Ὀτι

1930 4448 2052 4487 cum
2079 4432 2193 4502 ipse
2208 4446 2318 4486 non
2337 4438 2540 4501 posset,
2562 4430 2783 4484 edacem
2807 4426 3054 4482 omnium
3071 4424 3253 4493 ignem
3284 4421 3510 4475 advocat

254 4531 312 4585 δέ
349 4535 445 4589 οὐκ
493 4531 562 4604 ἦν
615 4532 769 4602 αὐτῷ
821 4529 1101 4599 γενέσθαι,
1148 4529 1207 4582 τὸ
1257 4528 1560 4597 παμφάγον
1618 4542 1824 4596 προκα-

255 4624 426 4679 λεῖται
458 4628 567 4697 πῦρ
599 4626 743 4679 κατὰ
772 4624 885 4674 τῶν
914 4619 1230 4691 μαρτύρων,
1255 4619 1437 4689 φθόνῳ
1467 4619 1562 4671 τοῦ
1594 4618 1825 4685 λείψανα

256 4718 657 4785 περιλελεῖφθαι
695 4715 903 4779 αὐτῶν,
934 4713 991 4779 ἐξ
1021 4706 1096 4765 ὧν
1144 4712 1459 4779 ἀγιάζοιντο
1492 4711 1558 4764 ἂν
1609 4711 1659 4764 οἱ
1708 4710 1827 4763 θεο-

256 4808 461 4872 φιλεῖς·
523 4809 616 4861 καὶ
670 4807 817 4859 οὕτω
876 4803 1110 4871 ⁵τελειοῖ,
1166 4800 1328 4868 ἔργον
1402 4800 1598 4861 αὐτοὺς
1658 4800 1829 4869 πυρὸς

256 4897 493 4967 ἰέμενος,
521 4901 605 4966 ἐφ’
632 4893 712 4959 οἷς
747 4895 1111 4967 ἐργαζόμενοι
1137 4892 1226 4945 διὰ
1257 4890 1429 4959 πυρὸς
1453 4891 1520 4944 τὰ
1549 4891 1642 4945 τοῦ
1671 4894 1831 4961 Μάρ-

256 5004 354 5042 κου
390 4993 576 5058 δεσμὰ,
625 4989 839 5060 μαγίαν
882 4985 1153 5055 τοσαύτην
1188 4984 1482 5054 ύπανῆψαν
1512 4986 1685 5053 αὐτῷ.
1718 4987 1831 5040 Καὶ

1931 4534 2122 4583 contra
2167 4533 2455 4593 martyres,
2500 4535 2643 4592 aegre
2706 4518 2889 4572 ferens
2951 4515 3096 4585 quod
3161 4521 3512 4580 superessent

1929 4621 2147 4676 illorum
2168 4615 2411 4686 reliquiae
2426 4613 2625 4684 quibus
2642 4609 3118 4666 sanctificarentur
3134 4603 3227 4658 Dei
3245 4611 3510 4655 amantes.

1935 4716 1998 4769 Et
2021 4714 2100 4767 sic
2116 4726 2210 4766 eos
2228 4708 2448 4764 conﬁcit
2465 4707 2521 4761 in
2545 4703 2783 4775 praedam
2809 4699 2923 4770 igni
2950 4696 3199 4762 traditos,
3217 4693 3368 4761 quia,
3383 4691 3512 4745 dum

1936 4811 2057 4880 igne
2084 4807 2347 4861 cuderent
2375 4801 2538 4856 Marci
2564 4795 2877 4866 compedes,
2898 4801 3109 4849 tantum
3142 4790 3248 4859 ipsi
3282 4801 3512 4842 succen-

1938 4878 2132 4956 derant
2172 4895 2503 4966 prodigium.
2541 4889 2616 4943 lta
2658 4888 2825 4958 igitur
2872 4884 3166 4955 Calytenos
3213 4878 3413 4934 fratres
3456 4878 3511 4930 in

1934 5007 2107 5048 unum
2140 4998 2199 5044 ut
2224 4995 2440 5048 natura,
2464 4984 2546 5039 sic
2574 4992 2624 5035 et
2655 4995 2782 5034 vera
2817 4978 2919 5033 fide
2939 4975 3270 5044 coniunctos
3294 4984 3510 5026 assum-

257 5080 397 5135 οὕτω
428 5084 521 5153 μὲν
568 5085 692 5143 τοὺς
732 5078 1092 5145 Καλυτηνοὺς
1130 5077 1400 5146 ἀδελφοὺς
1448 5077 1542 5130 ἐπὶ
1585 5079 1645 5130 τὸ
1695 5080 1820 5134 αὐτὺ

1937 5084 2047 5152 psit
2076 5079 2243 5140 Deus,
2272 5072 2532 5141 vigesima
2582 5080 2775 5125 octava
2800 5069 2889 5123 die
2920 5066 3126 5122 mensis
3149 5060 3509 5133 Septembris.

269 5181 644 5250 συνηγμένους,
667 5177 864 5248 ὥσπερ
891 5169 1074 5246 φύσει,
1096 5175 1239 5229 οὕτω
1261 5175 1357 5228 καὶ
1380 5171 1561 5228 πίστει
1590 5178 1656 5247 τῇ
1678 5175 1870 5249 ὄντως,
1913 5175 2284 5252 προσελάϐετο
2315 5174 2345 5224 6
2371 5170 2523 5233 Θεὸς,
2555 5168 2753 5237 ὀγδόην
2811 5167 2907 5219 ἐπὶ
2934 5166 3057 5225 ταῖς
3080 5158 3256 5215 εἰκοσι
3284 5159 3513 5228 ἄγοντος

269 5268 465 5323 Σεπτεδ
471 5271 582 5341 ρίου
621 5271 817 5343 μηνός.

332 5359 418 5418 λε’.
461 5336 815 5432 meum
866 5357 926 5412 δὲ
973 5357 1068 5412 «cev
1114 5357 1200 5411 ἐπ’
1224 5356 1413 5419 αὐτοῖς
1458 5355 1633 5427 θυμὸν
1656 5357 1685 5412 6
1709 5357 1820 5413 Μᾶ-

1999 5357 2092 5412 55.
2124 5353 2349 5423 Expleta
2386 5350 2441 5405 in
2474 5363 2570 5404 eos
2600 5349 2702 5412 ira,
2751 5344 3004 5415 Magnus,
3064 5340 3260 5396 deinde
3322 5336 3512 5393 sedul0

263 5470 396 5523 γνος,
430 5454 545 5513 εἶτα
591 5430 738 5513 κατὰ
788 5450 1029 5521 σπουδὴν
1077 5449 1446 5521 προμηθείας,
1474 5447 1571 5503 τοῦ
1616 5449 1691 5519 μὴ
1739 5450 1820 5504 κα¹

1930 5461 2244 5521 praecavens
2270 5459 2339 5498 ne
2370 5444 2459 5497 alii
2489 5442 2695 5511 pariter
2727 5452 2828 5504 pro
2864 5435 2982 5490 Deo
3002 5434 3241 5489 viriliter
3264 5430 3510 5484 decerta-

250 5547 459 5619 ἐτέρους
503 5549 717 5619 ὁμοίως
770 5540 1141 5613 ἀνδρίσασθαι
1193 5540 1337 5610 ὑπὲρ
1380 5540 1476 5593 τοῦ
1506 5540 1666 5603 Θεοῦ,
1697 5540 1820 5593 ἀπι-

1930 5546 2068 5596 rent.
2099 5534 2315 5589 solvita
2345 5535 2495 5588 curis
2533 5530 2795 5594 Marcum,
2823 5528 2969 5581 haud
3003 5537 3182 5581 tamen
3209 5534 3240 5572 a
3267 5528 3511 5570 tormen-

244 5607 367 5695 λοστ
413 5607 724 5715 ςᾶροᾷτιδωῖι
778 5607 890 5690 καὶ.
928 5634 1022 5687 τὸν
1071 5607 1318 5703 Μάρκον,
1358 5628 1442 5694 οἷς
1502 5632 1603 5701 μὲν
1661 5630 1820 5693 ἄλλως

1933 5630 2005 5685 tis
2040 5641 2267 5682 cessans
2294 5625 2496 5693 quibus
2525 5636 2654 5677 eum
2687 5630 2850 5674 antea
2879 5617 3081 5688 iugiter
3106 5607 3507 5715 crudeliterque

240 5692 743 5801 ὶνξῖῑαζέννέκεένον
802 5727 905 5781 καὶ
947 5692 1190 5796 δριμέωξ
1239 5692 1334 5778 καὶ
1381 5692 1693 5794 ἐνδελεχῶς,
1731 5722 1820 5775 οὐκ

1930 5692 2315 5776 cruciaverat.
2350 5716 2485 5771 Nam
2535 5715 2713 5784 ipsum
2767 5704 3073 5765 innumeris
3102 5694 3350 5795 contudit
3378 5692 3500 5791 pla-

239 5787 716 5891 ἀνατζαῗύσαξῐξαὶ
766 5819 888 5889 γὰρ
929 5787 1303 5886 καὶ-πληγαῖς
1336 5787 1634 5882 ἀμυθήτοις
1668 5811 1820 5864 αὐτὸν

1930 5811 2039 5880 gis,
2063 5807 2355 5864 transfodit
2391 5805 2652 5867 verubus,
2688 5800 2987 5858 doctricem
3040 5790 3283 5856 linguam
3332 5787 3497 5853 jussit
