3916 6244
306 315 415 382 283
1054 319 1479 381 EUSTATIIII
1519 315 1883 378 THESSAU

2004 312 2283 374 'CENSIS
2305 313 2879 374 METROPOLITE
3445 311 3558 378 284

306 429 542 494 abscidi,
572 429 641 485 ad
692 438 902 502 petram
933 446 1058 487 cum
1114 432 1279 487 etlam
1336 429 1551 493 deﬁxit,
1610 427 1875 482 continua

2011 428 2178 490 στιξε,
2207 427 2299 480 καὶ
2329 425 2637 486 ὀϐελίσκοις
2665 425 2930 494 διέπειρε,
2965 421 3060 477 καὶ
3089 424 3192 494 τὴν
3236 422 3563 478 διδάσκαλον

308 523 734 578 saevissimarum
779 539 1066 593 poenarum
1100 523 1242 578 serie
1262 537 1600 591 prosequens
1615 521 1879 575 scientem

2004 516 2234 585 γλῶτταν
2273 517 2478 587 ἐκτομῇ
2512 517 2823 579 ἐδικαίωσε,
2861 515 2957 568 καὶ
2987 514 3128 568 κατά
3166 530 3314 576 τινος
3351 514 3563 584 πέτρας

308 613 520 669 fortiter
551 620 663 685 pati
720 627 994 673 tormenta
1038 618 1250 672 caeteris
1309 614 1698 668 intolerabilia.
1741 614 1879 668 Cum

2004 609 2079 663 ιαὶ
2103 609 2269 663 αὑτὸν
2298 610 2452 680 ἥλοις
2508 608 2836 678 ἐστερέωσε,
2875 605 3024 661 κατὰ
3070 605 3273 676 συνεχῆ
3308 605 3566 675 διαδοχὴν

307 705 522 760 tandem
553 708 729 774 gladio
761 718 925 776 caput
984 709 1105 778 ejus
1157 705 1400 772 sustulit,
1461 713 1592 760 tunc
1653 705 1882 760 liberato

2004 701 2344 771 ῑριμυτάταις
2411 701 2806 772 παραπέμπων
2881 699 3144 755 κολάσεσι
3225 699 3322 752 τὸν
3383 701 3568 753 εἰδότα

308 800 470 852 linem
504 800 743 868 patiendi
775 800 982 855 attulit.

2004 792 2172 861 pépew
2220 791 2508 863 ἐγκρατῶς
2565 792 2634 844 τὰ
2689 795 2802 855 τοῖς
2865 791 3048 854 ἄλλοις
3103 791 3372 862 ἀφόρητα.
3426 791 3564 845 Ὅτε

1988 885 2172 953 μέντοι
2205 884 2350 954 ξίφει
2386 886 2486 957 τὴν
2516 884 2684 938 αὐτοῦ
2717 886 2963 957 κεφαλὴν
2993 884 3246 956 ἀπήραξε
3268 925 3285 952 ,
3313 885 3435 940 τότε
3467 885 3567 940 καὶ

1981 978 2078 1034 τοῦ
2119 979 2352 1047 πάσχειν
2381 979 2695 1050 ἀπήλλαξεν
2718 979 3204 1049 ἀναπαυσάμενον.

377 1065 469 1122 36.
541 1066 634 1122 Sic
699 1069 799 1133 illi,
879 1067 1098 1124 Marcus
1185 1070 1440 1126 videlicet
1492 1086 1555 1125 ac
1611 1069 1883 1142 Calyteni,

2053 1071 2162 1136 λς’.
2193 1072 2304 1126 Καὶ
2361 1066 2507 1127 οὗτοι
2571 1073 2693 1140 μὲν,
2742 1074 2770 1126 6
2818 1072 3049 1142 Μάρκος
3105 1071 3308 1142 δηλαδὴ
3369 1072 3464 1125 καὶ
3516 1072 3572 1124 oi.

307 1160 541 1213 verenda
569 1169 866 1228 sanctaque
889 1160 1230 1217 fraternitate
1251 1163 1552 1232 conjuncti,
1581 1179 1611 1217 a
1641 1173 1784 1217 terra
1812 1162 1880 1217 ad

2004 1166 2314 1236 ίαλυτηνοὶ,
2339 1168 2500 1239 τιμία
2545 1167 2642 1220 καὶ
2685 1166 2820 1237 ἁγίᾳ
2852 1164 3064 1236 φατρία
3113 1164 3280 1235 γῆθεν
3319 1165 3400 1227 είς
3429 1164 3568 1216 Θεὸν

308 1247 478 1302 Deum
525 1252 1052 1320 transmigraverunt
1109 1253 1470 1323 Clantliopoli.
1530 1254 1758 1323 [tt-liqua
1785 1269 1882 1308 au-

2004 1277 2040 1313 ;v
2069 1259 2502 1314 Κλαυδιουπόλει
2556 1258 2998 1328 μετετάχθησαν.
3036 1257 3111 1311 Τὸ
3157 1258 3214 1310 δὲ
3254 1257 3438 1310 λοιπὸν
3467 1256 3570 1326 τῆς

307 1350 416 1396 tem
447 1342 614 1396 Marci
645 1343 871 1407 familia,
896 1346 1256 1402 charissimus
1278 1347 1326 1400 ei
1355 1363 1488 1417 grex
1509 1345 1706 1412 Nicon,
1730 1347 1879 1403 Neon

2004 1353 2125 1407 ιατὰ
2152 1352 2244 1406 τὸν
2274 1353 2510 1422 Μάρκον
2548 1352 2748 1422 φυλῆς.
2791 1354 2822 1420 ἠ
2860 1351 3059 1421 ἐκείνῳ
3089 1351 3327 1421 φιλτάτη
3373 1351 3568 1418 ἀγέλη,

306 1443 362 1483 et
387 1431 732 1498 Heliodorus.
783 1452 1017 1506 quorum
1071 1453 1266 1494 carnes
1325 1440 1524 1494 timore
1567 1440 1664 1494 Dei
1691 1455 1879 1494 secum

2004 1467 2009 1495 ι
2039 1445 2246 1508 Νίκων,
2274 1444 2302 1496 6
2326 1443 2484 1496 Νέων
2517 1447 2612 1497 καὶ
2645 1445 2675 1496 ό
2723 1442 3071 1512 Ἡλιόδωρος,
3102 1439 3179 1497 ὧν
3219 1444 3319 1506 τὰς
3354 1443 3568 1513 σάρκας

308 1524 532 1601 conﬁxit
555 1525 768 1583 Marcus
801 1530 973 1584 clavis
1023 1531 1190 1598 ﬁxus,
1251 1545 1466 1586 necnon
1530 1533 1774 1604 virgines
1823 1541 1882 1589 et

2004 1555 2048 1592 at
2090 1536 2185 1590 τοῦ
2239 1538 2381 1592 κατὰ
2439 1536 2572 1592 Θεὸν
2621 1537 2790 1606 φόϐου
2845 1536 3204 1608 προσήλωσεν
3258 1539 3288 1590 ό
3335 1539 3569 1605 Μάρκος

308 1619 483 1686 pueri,
521 1619 588 1674 de
617 1621 820 1688 quibus
851 1634 999 1678 retro
1050 1639 1364 1680 sermonem
1426 1625 1686 1692 fecimus,
1732 1626 1882 1682 haud

2004 1629 2343 1699 ιαθηλωθεὶς,
2377 1629 2460 1684 ἔτι
2508 1647 2572 1698 γε
2625 1630 2735 1700 μὴν
2782 1632 2878 1684 καὶ
2927 1632 2984 1684 αι
3035 1631 3320 1700 παρθένοι,
3355 1633 3450 1684 καὶ
3498 1635 3568 1685 τὰ

310 1710 385 1764 ita
422 1710 598 1766 multo
624 1722 750 1782 post
788 1714 1250 1786 impugnaverttut
1276 1718 1572 1787 Phrygium
1597 1718 1879 1775 Philome-

2004 1726 2173 1796 νήπια.
2208 1718 2286 1780 ὧν
2335 1723 2530 1778 ὰνόπιν
2571 1725 2600 1776 ό
2647 1723 2807 1791 λόγος
2855 1723 3048 1792 μνείαν
3081 1722 3255 1791 ἔθετο,
3292 1723 3404 1777 τῶν
3445 1725 3569 1792 μετ’

308 1800 372 1854 l.u
410 1802 638 1870 cultum,
664 1816 718 1861 et
749 1822 939 1864 omnes
988 1809 1196 1866 incolas
1255 1809 1756 1879 obstupefecerant,
1823 1822 1880 1867 et

2004 1787 2049 1870 δύ
2081 1816 2217 1870 πολὺ
2258 1815 2453 1884 χρόνου
2502 1816 2654 1884 παρά
2694 1787 2795 1869 που
2848 1787 2911 1868 τὸ
2951 1814 3192 1884 Φρύγιον
3242 1787 3569 1886 ᾧιλομήλιον

307 1908 406 1962 pro
433 1894 652 1952 Christo
675 1899 840 1967 passi.
876 1915 905 1954 a
941 1900 1050 1955 Deo
1099 1902 1301 1957 ibidem
1357 1904 1571 1959 collecti
1591 1915 1719 1961 sunt
1785 1907 1877 1961 ubi

2004 1908 2306 1978 ἠθληκότων
2338 1908 2433 1960 καὶ
2459 1907 2848 1974 ἐκπληξάντων
2881 1907 3007 1970 τοὺς
3035 1909 3174 1970 ἐκεῖ,
3205 1906 3289 1976 ἐφ’
3315 1903 3397 1971 οἷς
3424 1909 3568 1979 ὑπὲρ

307 1987 526 2042 Marcus
553 2000 606 2043 et
634 1989 901 2060 Caly‘teni.
937 1993 1070 2048 Item
1107 2007 1161 2048 et
1197 1996 1478 2064 discipuli,
1503 2013 1643 2067 quos
1703 1999 1882 2070 Magni

2004 2002 2232 2070 Χριστοῦ
2262 1999 2484 2066 ἔπαθον,
2520 2000 2944 2070 συνειλέχθησαν
2985 1999 3089 2052 ὑπὸ
3118 1999 3278 2065 Θεοῦ,
3306 1998 3437 2054 ἔνθα
3471 2001 3571 2053 καὶ

309 2091 596 2135 \t-natores
627 2085 794 2138 simul
829 2101 952 2139 cum
987 2087 1169 2141 Marco
1229 2090 1298 2143 ab
1365 2089 1526 2144 initio
1588 2102 1879 2160 ceperunt,

2004 2092 2266 2161 5Μάρκος
2293 2091 2389 2145 καὶ
2411 2091 2462 2142 oi
2506 2091 2818 2160 Καλυτηνοί
2843 2104 2858 2120 ⁸
2892 2091 3031 2161 πρὸς
3059 2091 3118 2146 δέ
3151 2091 3366 2154 τούτοις
3393 2094 3490 2146 καὶ
3518 2093 3571 2146 οἱ

309 2182 367 2224 ut
395 2187 556 2241 supra
594 2183 1043 2245 memoravimus,
1075 2193 1130 2235 et
1157 2182 1381 2236 lictores
1411 2184 1512 2237 hac
1541 2184 1648 2237 vita
1700 2185 1881 2240 solve-

2004 2183 2250 2250 ιαθηταὶ,
2280 2179 2374 2245 οὓς
2426 2183 2476 2235 oi
2536 2180 2638 2250 μὲν
2686 2179 2782 2234 τοῦ
2833 2181 3056 2248 Μάγνου
3096 2181 3173 2250 τῷ
3204 2181 3422 2252 Μάρκῳ
3469 2181 3570 2252 τὴν

307 2273 436 2315 runt
464 2265 637 2329 varia,
681 2277 738 2320 ut
767 2269 995 2323 historia
1029 2271 1156 2338 fert,
1202 2274 1484 2343 dispersos
1521 2276 1574 2329 in
1640 2276 1761 2330 loca
1790 2277 1883 2331 ubi

307 2369 340 2405 ν
367 2367 470 2408 tam
539 2360 860 2420 amiserunt,
895 2377 1039 2416 nunc
1071 2373 1200 2418 sunt
1231 2367 1526 2422 coadunati
1589 2369 1643 2422 in
1679 2376 1884 2423 aeterna

307 2460 360 2501 t-t
390 2449 718 2519 sempiterna
755 2450 1020 2509 Trinitate
1042 2496 1055 2518 ,
1092 2457 1145 2510 in
1179 2474 1289 2511 uno
1362 2461 1551 2516 etsolo
1587 2460 1695 2517 Deo
1723 2471 1776 2516 et
1805 2461 1884 2516 sic

309 2539 664 2597 conviventcs
697 2554 752 2598 et
780 2548 1192 2617 congautlentes
1243 2557 1298 2604 et
1351 2551 1771 2608 confabulantes
1815 2554 1884 2609 de

308 2643 496 2690 nostra
527 2639 724 2693 salute:
755 2656 917 2708 quam
977 2643 1186 2697 utinam
1263 2661 1685 2716 consequamur,
1721 2647 1886 2703 mise-

308 2739 458 2781 rante
493 2729 620 2796 Deo,
656 2733 743 2786 cui
774 2734 944 2802 gloria
987 2736 1040 2790 in
1069 2741 1263 2792 sarcula
1305 2739 1654 2798 seculorum.
1681 2743 1875 2794 Amen.

1985 2275 2164 2344 ἀρχὴν
2212 2274 2683 2344 συνεθηράσαντο,
2713 2271 2858 2326 καθὰ
2907 2274 2966 2326 ἐν
3019 2275 3132 2336 τοῖς
3178 2273 3448 2343 ἀνώτερον
3477 2274 3571 2327 διὰ

1989 2369 2210 2438 μνήμης
2239 2362 2428 2438 ἦλθον,
2459 2367 2641 2435 δήμιοι
2677 2365 2732 2418 δὲ
2775 2365 2868 2418 τοῦ
2905 2365 3030 2418 καθ’
3070 2367 3219 2435 ἡμᾶς
3247 2365 3364 2435 βίου
3389 2365 3570 2434 παρέ-

1985 2462 2179 2523 λυσαν,
2245 2460 2434 2520 τόποις
2490 2459 2591 2528 μὲν
2638 2458 3016 2528 διεστηκότας,
3067 2458 3143 2520 ὡς
3188 2459 3222 2527 ἡ
3277 2458 3574 2530 συγγραφὴ

1989 2553 2162 2621 λέγει,
2193 2552 2496 2622 διαφόροις,
2532 2552 2589 2604 ἐν
2620 2547 2703 2614 οἷς
2743 2554 2832 2603 τὸν
2881 2550 2996 2620 βίον
3042 2549 3369 2616 κατέλυσαν,
3397 2567 3575 2621 παρεο

1992 2647 2201 2709 στῶτας
2231 2647 2288 2699 δὲ
2320 2647 2401 2708 είς
2433 2644 2492 2696 ἐν
2523 2645 2590 2714 τῇ
2619 2642 2937 2713 προαιωνίῳ
2973 2642 3068 2696 καὶ
3101 2641 3317 2714 άειζώῳ
3354 2641 3573 2712 Τριάδι,

1987 2741 2066 2811 τῷ
2119 2741 2203 2793 ἐνὶ
2256 2739 2352 2792 καὶ
2409 2738 2560 2808 μόνῳ
2612 2736 2759 2805 Θεῷ,
2819 2735 2916 2789 καὶ
2961 2734 3107 2788 οὕτω
3159 2734 3417 2796 συνόντας
3477 2737 3578 2788 καὶ

309 2820 702 2888 εῖυγχαίροντας
791 2827 887 2879 καὶ
947 2829 1087 2900 ύπέρ
1138 2830 1296 2900 ἡμῶν
1352 2833 1787 2902 ἐντυγχάνοντας
1846 2832 1916 2886 τά
1989 2834 2072 2895 είς
2133 2829 2448 2901 σωτηρίαν·
2498 2823 2568 2898 ἧς
2629 2828 2726 2880 καὶ
2781 2827 3064 2898 τύχοιμεν,
3107 2827 3421 2902 ἐλεηθέντες
3467 2827 3576 2883 ὑπὸ

305 2917 401 2968 τοῦ
452 2918 610 2982 Θεοῦ,
658 2911 703 2986 ᾧ
751 2921 880 2989 δόξα
923 2926 1004 2986 είς
1049 2925 1178 2988 τοὺς
1231 2930 1438 2991 αἰῶνας
1487 2929 1596 2983 τῶν
1642 2931 1876 2983 αἰώνων.
1929 2928 2126 2997 ’Λμήν.

307 3028 559 3099 Ejusdem
593 3033 863 3091 Eustathii
899 3037 1376 3096 Thessalonicensis
1416 3043 1480 3096 de
1524 3043 1713 3097 iisdem
1755 3060 1881 3098 san-

1997 3039 2105 3095 Τοῦ
2149 3041 2339 3095 αὐτοῦ
2386 3038 2733 3093 Εὐσταθίου
2782 3037 3250 3104 Θεσσαλονίκης
3291 3038 3379 3101 εις
3425 3037 3574 3102 τοὺς

377 3103 478 3156 clis
511 3102 810 3174 Sequentia,
833 3125 964 3189 laure
991 3127 1294 3189 vesperanus
1351 3131 1499 3166 mane
1525 3115 1756 3177 canitur,
1817 3129 1882 3168 ea:

2055 3112 2280 3189 αὐτοὺς
2327 3108 2740 3189 [mutaturoth
2761 3111 2975 3189 ἁγίους
3004 3102 3340 3188 ἀκολοὺθία
3379 3107 3570 3189 ἐσπε-

378 3187 480 3237 quo
525 3185 612 3251 ea_
635 3193 794 3251 gnam
827 3179 1157 3234 beatissimus
1189 3181 1458 3236 Cltumnus
1492 3196 1878 3251 composuerat,

373 3254 493 3311 post
526 3245 672 3300 urbis
705 3251 1144 3320 expugnationem
1166 3252 1287 3322 jam
1321 3269 1424 3306 non
1464 3245 1670 3322 reperta
1701 3266 1798 3310 est.

575 3472 812 3543 Stroplte
853 3489 1020 3544 super
1055 3477 1158 3532 hoc
1189 3493 1204 3532 :
1243 3474 1370 3548 Sim
1398 3481 1603 3536 mundi.

379 3559 584 3615 LDiva:
609 3561 899 3618 Trinitatis
930 3565 1145 3633 famuli,
1179 3577 1263 3623 ter
1319 3572 1538 3626 beatum
1600 3587 1794 3640 genus,
1829 3575 1883 3628 iu

309 3666 478 3706 unum
512 3663 664 3709 arcte
695 3655 976 3726 conjuncti
1042 3658 1388 3724 fortitudine,
1413 3663 1515 3716 fide
1539 3679 1602 3717 ac
1637 3663 1884 3717 fortissi-

309 3759 398 3796 tno
420 3755 630 3802 natura:
647 3749 886 3817 vinculo,
909 3752 1304 3807 coadunemini
1351 3754 1516 3808 etiam
1542 3756 1608 3809 ad
1631 3767 1881 3810 nostrum

307 3837 638 3905 subsidium,
666 3856 766 3897 nos
795 3859 1057 3912 generose
1105 3846 1411 3904 liberantes
1445 3849 1514 3905 ab
1550 3849 1884 3906 omnimodis

309 3931 706 3988 tentatiouibus
746 3942 1028 4005 quotquot
1057 3935 1165 3992 fert
1188 3938 1321 3992 vita.

312 4040 734 4112 Responsorium
764 4061 928 4114 super
956 4049 1090 4103 hoc:
1145 4047 1421 4134 Qompleta
1444 4067 1569 4122 erga
1600 4069 1693 4106 nos
1744 4068 1883 4107 meo-

1038 4135 1239 4172 ηοιιιια.

377 4227 435 4281 2.
466 4227 570 4296 Qui
601 4245 688 4285 res
719 4241 936 4286 nostras
963 4248 1128 4302 quam
1155 4236 1363 4300 optime
1402 4237 1672 4303 gubernat
1732 4254 1885 4292 crea-

313 4321 446 4373 trice
478 4331 534 4374 et
568 4322 948 4392 omnipotente
1001 4327 1289 4394 sapientia,
1327 4330 1559 4382 terrenis
1613 4342 1885 4399 purgatos

2051 3182 2199 3266 ρινῂ
2243 3180 2343 3234 καὶ
2407 3177 2676 3246 ὀρθρινὴ,
2700 3179 2806 3261 εἴτε
2856 3181 2894 3246 ἡ
2959 3178 3067 3266 τιοῦ
3105 3176 3574 3266 μακαριωτάτρυ

2055 3247 2336 3318 Χούμνου
2367 3248 2814 3317 παραπεσοῦσα
2857 3249 3011 3317 μετὰ
3059 3247 3176 3315 τὴν
3201 3247 3433 3301 ἅλωσιν
3455 3247 3588 3316 οὐχ·

2055 3324 2394 3388 εὑρίσκετο.

2140 3413 2170 3466 θ
2385 3413 2413 3466 λ

2089 3453 2176 3537 κέι
2203 3479 2337 3553 ἦχος
2369 3453 2413 3534 τὲ
2459 3453 2551 3548 'j
2598 3453 2704 3540 ἦτ’
2726 3496 2742 3512 ⁶
2791 3480 3001 3547 Ἐλπίς
3051 3479 3158 3535 τοῦ
3201 3479 3463 3548 κόσμου.

2053 3582 2125 3629 α’.
2153 3573 2388 3646 Ἑριάδος
2423 3571 2579 3636 θείας
2607 3571 2925 3642 λατρευταὶ,
2953 3571 3357 3642 τρισμακάριον
3385 3571 3585 3639 γένος,

1984 3670 2062 3730 εἰς
2091 3669 2148 3723 ἓν
2196 3666 2498 3737 κραθέντες
2548 3664 2798 3736 ἀκριϐῶς
2851 3663 3088 3734 εὐψυχίᾳ
3113 3665 3208 3717 καὶ
3255 3662 3439 3716 πίστει
3473 3665 3574 3716 καὶ

1985 3760 2200 3829 φύσεως
2245 3757 2609 3826 γνησιωτάτῳ
2641 3754 2850 3825 δεσμῷ,
2887 3754 3130 3827 ἐνὼθητε
3177 3755 3274 3809 καὶ
3323 3755 3404 3819 εἰς
3436 3753 3574 3825 βοή-

1985 3855 2139 3907 θειαν
2165 3851 2343 3921 ἡμῶν,
2377 3849 2634 3920 ρυόμενοι
2686 3847 2907 3920 θερμῶς
2949 3849 3099 3920 ἡμᾶς
3142 3847 3412 3902 παντοίων
3446 3863 3576 3900 πει-

1987 3943 2238 4014 ρασμῶν.
2275 3941 2433 4002 ὅσους
2465 3942 2494 3995 6
2526 3939 2643 4010 βίος
2679 3940 2859 4010 φέρει.

1986 4059 2285 4112 Κοντάκιον
2315 4032 2427 4129 ’ἐπ’
2461 4071 2474 4086 ⁸
2515 4054 2641 4123 Τὴν
2668 4055 2835 4142 ὑπὲρ
2852 4053 3025 4123 ἡμῶν
3052 4054 3384 4124 πληρώσας
3407 4055 3574 4110 οἱκο-

2657 4141 2898 4196 rantur.

2059 4243 2122 4312 β’.
2159 4243 2225 4296 '0
2262 4243 2331 4296 τὰ
2383 4239 2507 4294 καθ’
2557 4240 2708 4310 ἡμᾶς
2753 4237 2830 4302 ὡς
2887 4237 3092 4309 ἄριστα
3151 4237 3418 4308 διεξάγων
3479 4239 3576 4308 δη-

1990 4337 2290 4407 μιουργικῇ
2328 4333 2493 4403 σοφίᾳ
2526 4331 2955 4401 παντοδυνάμῳ,
2988 4333 3054 4384 ἐκ
3087 4330 3198 4384 τῶν
3224 4329 3377 4384 κάτω
3407 4331 3571 4399 κηλί-

312 4413 564 4475 maculis,
616 4413 823 4468 cmlesti
855 4431 955 4469 nos
989 4417 1164 4470 induit
1243 4418 1469 4480 lumine.
1524 4423 1657 4477 solis
1709 4424 1883 4477 instar

2004 4433 2094 4482 ςων
2127 4429 2329 4500 ἐξάρας
2357 4429 2528 4499 ἡμᾶς,
2564 4425 2907 4495 φωσφορίαις
2951 4424 3363 4493 ἐγκατέστησεν
3404 4425 3576 4494 06p:-

313 4506 608 4561 radiantes.
641 4506 706 4560 Et
735 4523 862 4563 ecce
908 4509 1051 4563 diem
1114 4511 1274 4567 nobis
1325 4513 1555 4582 largitur
1607 4529 1884 4578 serenam,

311 4612 418 4666 qua
452 4598 671 4669 fugatur
697 4600 1028 4658 obscuritas.

310 4817 540 4872 Carmen
563 4820 808 4882 tertium,
841 4837 1005 4890 super
1052 4823 1156 4879 hoc
1187 4843 1200 4881 :
1239 4825 1546 4894 Spiritalem
1567 4831 1881 4887 adamanta.

380 4936 430 4988 3.
461 4937 811 4993 Venerantlos
841 4941 1087 4996 veritatis
1135 4954 1406 5013 martyres
1435 4946 1690 5002 cantibus
1746 4949 1882 5003 title-

313 5028 391 5081 les
419 5029 776 5094 celebremus,
828 5033 1225 5098 Alexandrum,
1290 5037 1563 5104 Alnlieutn
1626 5048 1682 5093 et
1727 5039 1884 5093 Ζοκί-

311 5135 484 5183 num,
540 5136 679 5190 quos
721 5137 818 5189 pro
873 5122 1091 5178 Christo
1139 5125 1465 5182 dimicantes
1515 5131 1695 5185 mirati
1754 5141 1887 5186 sunt

313 5213 514 5281 angeli,
547 5215 980 5282 prartlicaverunt
1011 5216 1280 5283 homines,
1323 5229 1377 5275 et
1406 5219 1548 5276 Deus
1581 5223 1634 5276 in
1683 5225 1887 5278 altissi-

314 5306 418 5360 nuis
465 5306 770 5369 coronavit,
831 5307 1013 5362 omnia
1071 5319 1286 5365 terrena
1339 5325 1686 5383 aspernatos.
1749 5315 1884 5371 Nam

311 5397 551 5452 caelestia
610 5409 824 5453 tantum
911 5404 1399 5472 persequebantur,
1479 5406 1715 5476 ideoque
1769 5417 1880 5464 toto

311 5491 510 5544 anime
547 5491 788 5558 appetitu
819 5507 883 5546 ac
923 5493 1199 5550 desiderio
1266 5497 1583 5565 aspirabant
1627 5500 1695 5554 ad
1727 5499 1890 5554 Cltrio

309 5590 457 5635 stum
491 5581 683 5648 Deum,
715 5583 1039 5641 salvatorem
1080 5589 1387 5642 animarum
1422 5600 1762 5646 nostrarum.

377 5760 433 5817 4.
465 5755 882 5829 Fortitudinem,
933 5761 1186 5829 Domine,
1221 5765 1555 5822 honoramus
1596 5766 1779 5837 trium,
1791 5766 1882 5835 ju-

1991 4521 2130 4582 νίαις
2152 4518 2640 4588 παμμακάριστος,
2661 4515 2891 4584 ἡλιῶδες
2919 4514 3436 4585 άπαστράπτοντας.
3463 4516 3576 4567 Καὶ

1996 4613 2127 4678 ἰδοὺ,
2162 4609 2583 4667 ἁποδισκεύεται
2613 4608 2876 4678 λαμπράν
2912 4607 3132 4679 αἰθρίαν
3164 4610 3320 4678 ἡμῖν,
3345 4607 3579 4675 λυτικὴγι

1992 4721 2119 4756 σκοτ
2127 4721 2193 4756 ασ
2200 4720 2326 4773 μου.

2029 4823 2292 4894 Στιχηρὸς
2323 4819 2454 4896 ἦχος
2490 4804 2529 4894 ῑ
2575 4789 2733 4892 κῆπ-
2760 4835 2776 4854 ο
2814 4820 2926 4874 Τὸν
2967 4819 3181 4886 νοερὸν
3199 4817 3538 4889 ἀδάμαντα.

2061 4943 2134 5005 γ’.
2171 4938 2312 5002 Τοὺς
2359 4938 2698 5009 σεϐασμίους
2753 4936 3042 5006 μάρτυρας
3088 4935 3188 5002 τῆς
3232 4935 3494 5004 ἀληθείας
3525 4939 3577 4988 οἱ

1988 5033 2172 5082 πιστοὶ
2212 5030 2531 5099 μελῳδικῶς
2561 5029 2994 5100 ἀνυμνήσωμεν,
3039 5025 3412 5095 Ἀλέξανδρον.
3449 5026 3576 5078 Ἀ).-

1988 5121 2142 5190 φειὸν
2182 5123 2278 5175 καὶ
2329 5123 2423 5175 τὸν
2469 5121 2744 5192 Ζώσιμον,
2777 5120 2873 5184 οὓς
2925 5120 3069 5190 ὑπὲρ
3120 5119 3364 5188 Χριστοῦ
3403 5120 3576 5188 ἀθλή-

1989 5231 2190 5277 σαντας
2223 5213 2546 5284 ἐθαύμασαν
2576 5213 2825 5281 ἄγγελοι,
2859 5211 2954 5266 καὶ
2996 5213 3329 5282 εὐφήμησαν
3355 5211 3574 5281 ἄνθρω-
3600 5235 3614 5249 ο

1988 5323 2103 5368 ποι,
2149 5307 2246 5362 καὶ
2293 5305 2428 5371 Θεὸς
2476 5307 2536 5358 ἐν
2596 5305 2844 5375 ὑψίστοις
2897 5302 3220 5372 κατέστεψε,
3276 5304 3410 5356 πᾶσι
3459 5305 3577 5366 τοῖς

1985 5398 2137 5453 κάτω
2166 5397 2652 5469 προσπτύσαντας.
2699 5396 3017 5466 Ἐστοίχουν
3047 5397 3158 5466 γὰρ
3189 5397 3300 5458 τοῖς
3331 5387 3444 5450 άνω
3476 5398 3575 5450 καὶ

1991 5493 2175 5562 μόνοις
2195 5507 2209 5520 ·
2231 5491 2312 5545 διὸ
2342 5493 2437 5544 καὶ
2467 5491 2645 5545 πᾶσαν
2673 5488 2863 5560 ἔφεσιν
2886 5491 2985 5559 τῆς
3013 5489 3192 5560 ψυχῆς
3219 5487 3573 5558 ἀπησχόλςυν

1989 5583 2126 5655 πρὸς
2153 5583 2245 5637 τὸν
2276 5581 2616 5652 ποθούμενον
2646 5582 2887 5656 Χριστὸν
2925 5583 3018 5636 τὸν
3048 5581 3202 5644 Θεὸν,
3224 5581 3315 5634 τὸν
3348 5583 3574 5650 σωτῆρα

1991 5673 2102 5726 τῶν
2133 5673 2321 5746 ψυχῶν
2361 5673 2543 5744 ἡμῶν.

2059 5764 2124 5820 δ’.
2180 5765 2292 5832 Τὴν
2349 5765 2680 5830 καρτερίαν,
2726 5767 3008 5826 Δέσποτα.
3067 5764 3172 5818 τῶν
3211 5760 3573 5822 ἁθλησάντων
