3916 6244
249 360 354 424 285

1410 365 1508 426 DE
1528 361 1602 429 'S.
1637 369 1944 430 ALPHEO
1963 371 2058 431 ET
2090 373 2354 439 SOCllS.

3402 384 3510 451 286

255 473 394 541 ὑπὲρ
436 471 534 524 σοῦ
579 471 749 541 τριῶν
796 471 1024 524 δικαίων
1072 471 1434 545 γεραίρομεν,
1468 478 1830 547 μνημόνευμα

1965 488 2143 534 torum
2168 483 2257 551 qui
2288 499 2386 552 pro
2412 493 2462 539 te
2512 496 2908 556 pugnaverunt,
2932 488 2986 543 in
3011 492 3298 559 praeconiis
3316 493 3524 549 nostris

257 567 554 634 ἐγκωμίοις
590 564 917 628 ἑνώσαντες,
947 559 1024 618 ὧν
1068 567 1168 636 τὴν
1202 567 1466 639 ἀνδρικὴν
1498 571 1837 642 στερρότητα

257 662 314 714 οὐ
382 660 552 730 φόϐος
611 657 906 728 ἐμάλαξεν,
973 659 1096 712 οὐδὲ
1149 658 1313 729 πεῖρα
1363 660 1661 725 κολάσεως,
1716 662 1840 714 οὐδὲ

260 757 411 806 πᾶσα
441 747 536 806 τοῦ
586 752 812 818 Μάγνου
844 752 1126 813 κακόνοια,
1159 751 1416 817 θνήσκειν
1461 751 1661 815 αὐτοὺς
1707 754 1841 805 άναο

260 852 569 918 γκάζουσα.
596 847 839 915 Δυνάμει
885 847 995 916 γάρ
1034 845 1348 916 ὴνδρίζοντο
1380 845 1524 915 θείᾳ,
1554 847 1644 900 διὰ
1683 847 1846 899 θανά-

261 963 354 998 του
383 945 676 1014 τρέχοντες
711 942 794 1006 εἰς
834 941 1003 1010 ζωὴν,
1040 939 1413 1011 προκειμένην
1448 940 1559 1002 τοῖς
1585 939 1841 1005 ἀγαπῶσι

266 1054 346 1103 σε,
375 1038 468 1089 τὸν
498 1037 659 1106 μόνον
679 1033 812 1089 Θεὸν
835 1033 931 1088 καὶ
956 1031 1181 1103 σωτῆρα
1204 1035 1313 1086 τῶν
1345 1031 1538 1102 ψυχῶν
1558 1020 1741 1101 ήμῦν.

333 1127 399 1182 ε’.
431 1124 861 1197 Καθηλωθέντες
917 1123 1196 1195 μάρτυρες
1247 1124 1298 1176 oi
1348 1125 1500 1194 τρεῖς
1546 1123 1605 1175 ὲν
1648 1121 1844 1184 λίθοις,

263 1220 540 1290 ψαλμικδν
591 1217 713 1286 μέλι
764 1218 830 1270 ἐκ
897 1216 1104 1286 πέτρας
1161 1214 1467 1285 θηλάζετε,
1523 1215 1846 1283 γλυκύτητα

263 1313 364 1381 τὴν
413 1309 602 1363 θεόθεν
652 1306 1054 1379 καρπούμενοι.
1123 1306 1244 1378 Πῦρ
1290 1307 1349 1360 δὲ
1401 1307 1466 1360 τὸ
1525 1305 1846 1374 συμφλέξαι)

267 1402 579 1467 στέξαντες,
612 1398 854 1469 οὐράνιοι
889 1398 1095 1469 ῆρθητε
1129 1399 1205 1460 ὡς
1256 1396 1482 1468 πυρίνου
1532 1396 1620 1464 ἐφ’
1661 1397 1846 1466 άρμα-

264 1515 379 1562 τος,
416 1495 600 1550 Ἠλίου
628 1493 730 1561 τὴν
757 1493 981 1561 πορείαν
1005 1490 1376 1561 μιμούμενον
1409 1489 1563 1543 πᾶσα
1581 1489 1638 1542 δὲ
1666 1487 1840 1558 βλάϐη

265 1590 565 1651 κακώσεως
598 1585 812 1655 τρυφὰς
843 1585 973 1653 ὑμῖν
1006 1585 1105 1646 τὰς
1139 1583 1292 1646 θείας
1322 1582 1520 1636 ἐδίδου.
1556 1580 1840 1643 Τοιούτοις

265 1680 374 1747 γὲρ
400 1676 738 1747 ἀμείϐεταιὸ
760 1675 945 1745 σωτὴρ
975 1675 1103 1737 τοὺς
1133 1674 1476 1744 αὑτοῦχάριν
1499 1673 1836 1743 πάσχοντας,

276 1771 372 1825 τοῦ
407 1771 572 1841 μόνου
605 1768 742 1822 Θεοῦ
771 1771 865 1822 καὶ
896 1769 1151 1838 Σωτῆρος
1187 1769 1298 1820 τῶν
1327 1767 1514 1836 ψυχῶν
1546 1766 1726 1835 ἡμῶν.

969 1883 1560 1936 λᾼῼ.

266 1958 494 2027 Ἕτερος
519 1956 777 2029 στιχηρδς
802 1921 999 2029 ἧχρςέέ
1036 1931 1202 2022 βτῖῗ
1437 1971 1451 1984 ⁸
1525 1950 1848 2022 Τριήμερος

779 2027 1068 2095 ἀνέστης,
1097 2027 1338 2096 Χριστέ.

333 2141 413 2207 ς’.
457 2144 761 2213 Ἀνὴμερος
801 2141 948 2210 ὑμᾶς
997 2139 1257 2212 δικαστὴς
1308 2139 1714 2198 πιστεύσαντας
1765 2138 1846 2199 είς

269 2239 478 2305 Κύριον
508 2236 806 2289 ὑποϐάλλει
838 2234 1163 2303 βαρυτάτοις
1190 2234 1494 2299 αἰκισμοῖς,
1527 2230 1761 2300 χαλάσαι
1787 2229 1846 2282 δὲ

267 2331 358 2383 τὸν
388 2329 546 2382 τόνον
573 2329 704 2395 ὑμίν
732 2327 869 2390 ὅλως
898 2327 999 2379 οὐκ
1035 2326 1185 2394 ἔσχε,
1220 2323 1679 2391 συντεταγμένοις
1708 2321 1848 2390 πρὸς

269 2425 338 2475 τά
364 2421 677 2491 κρείττονα.
702 2421 777 2472 Τὸ
829 2418 1003 2486 στόμα
1036 2420 1230 2487 γέμειν
1265 2416 1453 2486 ὕμνων
1482 2413 1622 2467 Θεοῦ
1660 2411 1846 2467 αἰσθό-

273 2530 435 2583 μενος
481 2515 510 2564 ό
562 2511 848 2580 τύραννος,
875 2511 991 2573 τοῖς
1038 2507 1306 2579 χαλκεῦσι
1340 2506 1521 2577 χώνην
1555 2506 1671 2559 θεὶς
1717 2503 1848 2573 περὶ

269 2607 420 2670 αὐτὸ,
460 2604 708 2674 μόλιϐδον
762 2602 863 2671 μὲν
907 2603 1090 2670 ἐγχέει
1147 2601 1283 2671 πυρὶ
1336 2597 1552 2668 σφοδρῷ
1585 2596 1844 2661 τακέντα,

267 2699 391 2759 τοὺς
417 2695 628 2765 ὕμνους
662 2695 875 2748 παῦσαι
909 2694 967 2747 δέ
997 2694 1099 2747 οὐκ
1133 2694 1375 2762 ῐσχυσεν.

339 2785 406 2851 ζ’.
449 2787 662 2852 Ὠφέλει
713 2785 816 2854 μὶν
858 2786 938 2848 είς
986 2785 1102 2854 βίον
1153 2783 1214 2836 τὸ
1247 2782 1361 2852 πῦρ
1390 2781 1522 2844 τοὺς
1560 2781 1850 2848 μάρτυρας

271 2877 512 2947 Χριστοῦ
567 2876 854 2944 ἀδελφοὺς,
899 2874 1242 2945 χρησιμεῦον
1297 2875 1380 2937 είς
1444 2872 1593 2941 ζωὴν
1641 2871 1849 2939 ταύτην

273 2970 522 3041 φθαρτὴν
548 2987 562 3000 ·
599 2971 656 3021 ἐν
688 2969 746 3021 δὲ
775 2968 853 3038 τῷ
881 2967 1170 3038 μαρτυρίῳ
1201 2966 1574 3038 χρηστότατον
1619 2961 1848 3032 εὑρέθη,

277 3063 654 3133 μεταθιόάσαν
711 3063 792 3124 είς
843 3060 912 3112 τά
969 3059 1247 3130 ἄφθαρτα.
1315 3059 1605 3127 Εὐήμερος
1659 3053 1850 3120 αἰθρία

1873 1828 1921 1886 Β

1944 573 2265 629 memoriam
2325 590 2512 630 eorum
2569 577 2966 648 coniungentes
3017 596 3252 649 quorum
3306 584 3517 639 virilem

1940 667 2307 722 constantiam
2335 683 2434 722 nec
2464 670 2629 722 timor
2669 671 2937 736 emolliit,
2987 687 3088 728 nec
3121 685 3520 729 tormentorum

1942 754 2216 824 probatio,
2247 772 2350 812 nec
2374 760 2554 813 omnis
2579 759 2755 830 Magni
2791 761 3019 824 malitia.
3075 778 3173 819 eos
3239 764 3376 818 mori
3433 781 3525 819 co-

1942 862 2098 916 gens.
2136 847 2328 903 Divina
2353 851 2496 904 enim
2529 852 2786 922 vigebant
2851 856 3071 922 virtute,
3145 871 3243 926 per
3289 867 3520 912 mortem

1943 947 2229 992 currentes
2255 939 2321 992 ad
2350 939 2541 1004 vitam,
2570 955 2689 1010 qua:
2721 952 2903 997 manet
2937 945 3194 1001 timentes
3227 955 3302 1012 te,
3342 948 3520 1002 solum

1887 1094 1900 1106 Α
1946 1026 2114 1080 Deum
2150 1039 2208 1084 et
2233 1031 2557 1086 salvatorem
2589 1035 2898 1090 animarum
2931 1046 3269 1094 nostrarum.

2020 1119 2075 1174 5.
2112 1120 2218 1188 Qui
2255 1132 2366 1178 tres
2399 1125 2569 1181 clavis
2608 1126 2676 1181 ad
2707 1142 2902 1182 saxum
2939 1129 3082 1184 afﬁxi
3107 1133 3264 1196 estis,
3313 1144 3523 1206 marty-

1946 1227 2059 1276 res,
2090 1213 2408 1270 Davidicum
2460 1218 2568 1272 mel
2625 1219 2695 1274 de
2741 1230 2896 1288 petra
2954 1223 3230 1292 mulgetis,
3277 1226 3520 1280 divinam

1943 1315 2226 1372 gustantes
2287 1308 2651 1366 dulcedinem.
2711 1312 2894 1381 Ignem
2935 1317 3181 1384 perpessi
3209 1317 3520 1380 ardentem,

1945 1395 1999 1448 in
2030 1397 2228 1450 coelum
2259 1399 2458 1455 sublati
2519 1403 2654 1458 estis
2711 1405 2869 1474 quasi
2925 1420 3090 1461 curru
3158 1408 3338 1477 igneo.
3397 1408 3524 1462 Elia:

1945 1487 2241 1541 transitum
2275 1488 2579 1555 imitantes,
2603 1499 2658 1545 et
2710 1493 2893 1548 omnis
2921 1501 3318 1548 tormentorum
3373 1509 3526 1563 pres.

1945 1592 2074 1632 sura
2107 1579 2324 1636 divinas
2349 1581 2506 1638 vobis
2531 1582 2762 1639 delicias
2797 1585 2973 1640 dedit.
3009 1584 3101 1640 Sic
3129 1586 3278 1640 enim
3335 1601 3527 1640 reum-

1945 1683 2103 1728 nerat
2160 1674 2421 1730 Servator
2495 1679 2769 1749 patientes
2823 1695 2925 1748 pro
3006 1695 3087 1746 se,
3129 1681 3248 1736 solo
3303 1679 3413 1736 Deo
3471 1688 3527 1734 ct

1947 1767 2219 1824 salvatore
2256 1771 2560 1826 animarum
2596 1783 2934 1829 nostrarum.

1940 1965 2192 2026 Alterum
2221 1981 2442 2023 carmen
2478 1969 2817 2093 supetélhoc‘:
2865 1968 3043 2024 Tertia
3089 1971 3175 2025 die
3221 1972 3522 2036 surrexisti,

2680 2056 2773 2093 ιτιε
2801 2057 2849 2093 e.

2680 2049 2849 2094 triste.

2017 2151 2072 2206 6.
2101 2151 2335 2206 Immitis
2353 2167 2453 2208 vos
2479 2151 2646 2222 judex
2695 2152 2983 2209 credentes
3014 2153 3067 2208 in
3090 2154 3367 2210 Christum
3399 2170 3522 2225 gra-

1946 2243 2192 2298 vissimis
2245 2243 2472 2312 subjicit
2540 2243 2902 2309 cruciatibus,
2963 2245 3327 2316 constantiam
3385 2259 3520 2300 vero

1948 2335 2164 2389 mollire
2222 2343 2462 2390 vestram
2522 2336 2761 2404 nequit,
2827 2337 3050 2391 virtutis
3119 2337 3380 2391 athletae.
3443 2335 3518 2393 Os

1949 2425 2233 2480 fabrorum
2267 2427 2487 2496 hymnis
2514 2426 2608 2480 Dei
2637 2427 2858 2496 plenum
2893 2428 3086 2484 videns
3110 2438 3397 2500 tyrannus,
3434 2427 3522 2482 fu-

1948 2532 2133 2572 suram
2170 2519 2224 2572 in
2285 2519 2418 2573 illud
2442 2517 2621 2588 injicit
2658 2518 3055 2589 plumbumqne
3112 2519 3353 2573 infundit
3398 2519 3524 2587 igne

1950 2609 2158 2664 ardenti
2177 2609 2552 2680 liquefactum,
2591 2612 2822 2682 hymnos
2839 2626 2972 2666 vero
3005 2611 3164 2665 finire
3186 2627 3294 2664 non
3319 2618 3523 2679 potest.

2019 2793 2074 2846 7.
2141 2791 2406 2849 Proderat
2443 2793 2660 2862 quidem
2693 2794 2834 2863 ignis
2873 2793 2941 2849 ad
2997 2794 3201 2848 victum
3265 2791 3527 2847 fratribus

1950 2885 2154 2942 Christi
2178 2886 2532 2958 martyribus,
2564 2885 2834 2955 adiuvans
2874 2886 3038 2940 vitam
3071 2886 3214 2938 hanc
3247 2883 3523 2951 corrupti-

1953 2976 2150 3042 bilem;
2183 2976 2240 3029 in
2271 2975 2532 3046 martyrio
2582 2984 2768 3030 autem
2805 2975 2980 3029 multo
3037 2973 3226 3028 utilior
3276 2982 3527 3042 repertus

1953 3080 2058 3134 est,
2093 3068 2385 3124 traducens
2437 3069 2504 3122 ad
2561 3067 2727 3122 vitam
2781 3066 3294 3136 incorruptibilem.
3344 3064 3529 3120 Dulcis

271 3159 414 3224 ὑμᾶς
478 3159 657 3208 ἐκεῖσε
709 3153 1120 3224 περιέλαμψεν,
1177 3152 1255 3212 ὡς
1313 3150 1586 3218 φυγόντας
1654 3147 1847 3208 σκότος

1962 3159 2063 3213 illic
2121 3157 2380 3228 splendor
2411 3157 2570 3213 vobis
2633 3158 2858 3222 aﬂulsit,
2920 3165 2982 3211 ut
3026 3155 3228 3226 elapsis
3281 3170 3348 3210 ex
3407 3161 3525 3208 atra

271 3250 482 3326 πλάνης
533 3248 796 3316 ἁφεγγὲς.
829 3246 1110 3323 Φωτίσατε
1155 3243 1292 3314 γοῦν
1343 3243 1558 3306 πάντας
1602 3241 1777 3313 ἡμᾶς.
1805 3233 1852 3292 ὦ

271 3341 582 3411 ἀθλοφόροι,
615 3339 712 3393 καὶ
748 3338 914 3408 ζόφον
941 3339 1124 3406 λύπης
1152 3337 1492 3391 άπελάσατε.

276 3501 370 3581 Κνῗ
407 3453 613 3594 ἦχοςξτ
665 3501 704 3573 δ
760 3519 870 3591 ᾠδὴ
922 3499 970 3572 ιῖ
1014 3488 1161 3588 ἥτ’
1187 3536 1201 3550 ·
1261 3520 1484 3587 Ὑγραν·
1529 3519 1852 3590 διοδεύσας

863 3589 1006 3642 ὡσεί
1047 3591 1258 3642 ξηράν.

344 3683 415 3754 η’.
458 3683 591 3737 Ἰδοὺ
619 3682 709 3751 δὴ,
737 3680 790 3734 τί
828 3680 1105 3752 κάλλιονῆ
1153 3682 1409 3754 τερπνὸν,
1446 3681 1568 3737 ἀλλ’
1601 3683 1634 3756 ἢ
1668 3701 1852 3739 κατοι-

277 3777 450 3840 κέξειν
483 3773 750 3841 ἀδελφοὺς
781 3772 1115 3839 ἐπιτοαυτός
1150 3771 1225 3834 ὡς
1254 3773 1386 3836 τοὺς
1419 3773 1795 3842 μεγαλάθλους
1823 3775 1852 3830 ὁ

277 3866 558 3929 tamdiu“,
610 3867 706 3918 καὶ
749 3862 1018 3932 ἀδελφοὺς
1069 3865 1126 3916 ἐν
1193 3864 1358 3935 Ἐδὲμ
1412 3863 1852 3934 συγκατῴκισεν.

277 3963 313 4015 Γ
318 3965 587 4031 εννήσεως
642 3959 742 4031 μέν
793 3961 912 4012 ἐστι
968 3963 1205 4031 φυσικῆς
1249 3961 1310 4014 τὸ
1360 3959 1479 4014 κατ’
1511 3957 1853 4031 ἆδελφότητα

276 4057 496 4125 γνήσιον
545 4053 640 4107 καὶ
691 4051 942 4122 συμφυές
968 4069 981 4083 ·
1015 4053 1062 4106 oi
1094 4054 1149 4107 δὲ
1180 4053 1278 4106 καὶ
1325 4053 1552 4124 ἀθλήσει
1583 4055 1854 4123 ἡνιομένοι

276 4146 561 4216 ὑπερφυὲς
590 4145 652 4198 τὸ
681 4145 847 4198 καλὸν
878 4145 1284 4214 ἐκληρώσαντο.
1332 4144 1392 4199 '0
1431 4138 1512 4208 εἷς
1554 4145 1655 4216 τῆς
1685 4145 1856 4217 Τριά-

274 4239 362 4300 δος
415 4235 798 4306 παμϐασιλεὺς
843 4233 1022 4305 εὑρὼν
1062 4234 1164 4304 τὴν
1211 4233 1405 4304 τριάδα
1451 4233 1553 4304 τὴν
1591 4232 1854 4301 γενναίαν

273 4330 384 4383 τῶν
438 4326 714 4398 ἀθλητῶν,
786 4324 1062 4394 Ἀλφειοῦ,
1111 4325 1387 4392 Ζωσῑμου,
1472 4323 1852 4394 Ἀλεξάνδρου,

1954 3249 2158 3309 erroris
2181 3250 2434 3320 caligine.
2459 3250 2770 3306 liluminate
2809 3249 2974 3319 igitur
3011 3263 3136 3314 nos,
3164 3264 3198 3304 ο
3226 3245 3530 3317 triumpha-

1956 3354 2122 3408 tores,
2141 3351 2196 3397 et
2226 3342 2482 3398 maeroris
2507 3342 2764 3398 tenebras
2791 3339 2998 3412 fugate.

2025 3563 2041 3581 .
2096 3561 2112 3578 .
2168 3522 2374 3581 Cantus
2433 3525 2670 3592 primus.
2720 3538 2890 3592 super
2951 3522 3093 3578 hoc:
3147 3519 3305 3576 Mare
3349 3528 3529 3575 trans-

2409 3610 2616 3665 gressus
2675 3595 2811 3649 aicut
2867 3593 3097 3648 aridam.

2024 3689 2075 3743 8.
2107 3685 2270 3752 Ecce,
2305 3685 2435 3756 quid
2469 3686 2751 3756 pulchrius
2769 3697 2824 3741 et
2850 3685 3149 3756 jucundius
3179 3699 3342 3754 quam
3375 3681 3532 3738 habi-

1957 3787 2070 3832 tare
2105 3777 2299 3832 fratres
2334 3777 2390 3831 in
2439 3776 2650 3830 unum?
2696 3775 2944 3844 lnsignes
2995 3776 3140 3831 enim
3193 3773 3427 3827 athletas
3474 3783 3530 3826 et

1955 3867 2151 3920 fratres
2185 3880 2274 3918 rex
2304 3865 2578 3919 maximus
2605 3866 2660 3919 in
2691 3863 2859 3918 fidem
2909 3862 3220 3919 collocavit.
3251 3861 3535 3916 Naturalis

1954 3959 2173 4028 quidem
2213 3958 2457 4012 cooritur
2476 3973 2542 4012 ex
2570 3955 2911 4011 fraternitate
2932 3957 3267 4023 germanitas
3313 3965 3366 4009 et
3389 3969 3528 4009 con-

1956 4050 2294 4121 cordia;qui
2319 4065 2446 4104 vero
2480 4049 2646 4104 etiam
2694 4065 2870 4120 agone
2917 4047 3374 4118 suntconjuncti,
3433 4060 3536 4101 su-

1955 4142 2301 4213 peruaturale
2332 4141 2534 4195 bonum
2591 4140 2771 4196 sortiti
2794 4147 2944 4196 sunt.
3002 4139 3160 4195 Unus
3219 4139 3277 4194 in
3334 4136 3537 4192 Triade

1953 4234 2290 4298 Altissimus,
2333 4247 2652 4303 generosam
2698 4240 2890 4287 nactus
2928 4231 3252 4287 athletarum
3273 4229 3532 4292 triadem.

1955 4327 2248 4398 Alpheum,
2271 4321 2552 4380 Zosimum
2589 4333 2641 4379 et
2669 4323 3061 4387 Alexandrum,
3088 4338 3184 4378 eos
3203 4322 3304 4377 sibi
3333 4322 3532 4377 milites

278 4419 723 4488 σερατολογήσας
748 4417 945 4481 αὐτοὺς
975 4416 1316 4489 ᾠκειώσατο.
1359 4415 1569 4484 ’Υγρὰν
1597 4414 1847 4468 διοδεύων

1962 4419 2305 4487 conscripsit.
2341 4415 2490 4473 Mare
2518 4417 2686 4486 hujus
2729 4417 2853 4471 vita:
2887 4415 3252 4484 procellosum
3308 4427 3531 4482 percur-

277 4512 549 4583 βιωτικῶς
596 4510 695 4578 τῆς
741 4511 1167 4578 πολυκυμάντου
1219 4508 1496 4573 πολιτείας
1550 4506 1850 4577 διαγωγὴν,

281 4610 358 4676 μὴ
388 4609 509 4667 ταῖς
538 4604 860 4674 τρικυμίαις
894 4601 1228 4670 βυθισθείην,
1264 4601 1570 4671 θεοκυῆτερ
1622 4603 1717 4654 καὶ
1748 4616 1856 4652 σω-

274 4700 443 4768 τηρία
476 4697 759 4750 δέσποινα.

664 4791 788 4863 uel;
817 4771 865 4860 ’ἱ
898 4788 1194 4856 Οὐρανίας
1247 4787 1492 4855 ἁψῖδος.

351 4885 420 4940 θ’.
463 4882 594 4937 Ἐπὶ
642 4883 846 4952 πέτρας
893 4882 1177 4952 ἀρῥήκτου
1230 4880 1280 4932 oi
1331 4877 1546 4948 στερεοὶ
1579 4879 1858 4950 μάρτυρες

277 4980 725 5050 θεμελιωθέντες,
759 4980 825 5048 τῇ
862 4976 1046 5030 πίστει
1073 4974 1140 5045 τῇ
1175 4976 1257 5035 είς
1297 4973 1393 5027 τδν
1418 4971 1629 5042 Κύριον
1674 4972 1856 5028 πόνων

276 5075 517 5146 ὑπέσχον
545 5072 760 5140 ποινὴν.
791 5067 1204 5139 καθηλωθέντες
1235 5068 1292 5120 ἐν
1327 5067 1504 5136 πέτρα
1528 5105 1544 5130 ,
1580 5063 1674 5117 καὶ
1705 5065 1858 5134 ἡμᾶς

277 5162 377 5214 νῦν
422 5159 660 5214 παύουσι
721 5157 832 5210 τῶν
896 5155 1230 5227 ἀλγημάτων
1287 5153 1466 5226 ἡμῶν.
1542 5153 1857 5222 Ὀφειλέται

277 5251 523 5324 χαρίτων
570 5249 621 5301 οἱ
668 5245 763 5299 τοῦ
809 5245 945 5298 Θεοῦ
1002 5246 1302 5315 μάρτυρες,
1349 5244 1566 5314 Μάρκῳ
1591 5241 1669 5313 τῷ
1714 5243 1857 5312 άγίῳ

279 5339 514 5408 ποίμνια
557 5333 1021 5403 ἀπετελέσθησαν,
1070 5327 1244 5402 οὗπερ
1291 5333 1371 5396 είς
1426 5331 1632 5402 βλάϐην
1676 5331 1860 5403 δεινὴν

280 5429 462 5497 δεσμά
505 5426 843 5495 συγκόπτειν
897 5423 1213 5495 ταχθέντες,
1259 5423 1344 5487 είς
1395 5423 1532 5476 Θεοῦ
1576 5423 1860 5492 ἀγάπησιν

281 5522 440 5574 αὐτοὶ
475 5518 760 5587 ἐδέθησαν.

362 5620 414 5666 ι’.
452 5612 520 5664 Ἦ
573 5611 673 5680 μὲν
719 5610 811 5679 βὶα
862 5609 955 5662 τοῦ
991 5611 1214 5677 Μάγνου
1268 5607 1653 5678 φρενοϐλαῆὦς
1697 5606 1858 5676 ἤθελε

283 5705 517 5772 Μᾶρκον
572 5704 664 5756 τὸν
710 5704 1018 5773 θαυμάσιον
1073 5704 1284 5756 κλεῖσαι
1319 5702 1526 5770 σιδήρῳ
1570 5702 1857 5766 δήσαντος,

291 5789 358 5848 οὗ
385 5794 756 5865 φλογουμένου
791 5791 1034 5862 σφοδρῶς
1066 5792 1174 5844 τῶν
1208 5790 1454 5858 ἀδελφῶν
1487 5791 1551 5858 τῇ
1602 5785 1802 5856 τριάδι,
1831 5789 1859 5837 ό

1959 4523 2120 4574 rens,
2161 4507 2246 4563 fac
2303 4523 2372 4562 ne
2428 4508 2844 4578 tempestatibus
2893 4521 3142 4576 mergar,
3202 4505 3432 4575 Dcipara
3475 4514 3529 4558 et

1957 4601 2215 4657 saivatrix
2241 4599 2467 4655 Domina
2501 4599 2518 4655 i

2259 4777 2466 4833 Cantus
2495 4779 2726 4834 tertius:
2773 4775 3008 4834 Calcatis
3041 4777 3208 4832 arcis.

2029 4873 2083 4928 9.
2114 4873 2171 4926 ln
2205 4879 2358 4942 petra
2382 4873 2590 4940 irrupta
2617 4870 2852 4926 firmiter
2871 4871 3099 4927 stabiliti
3123 4878 3391 4941 martyres
3420 4868 3526 4924 fide

1953 4967 2010 5022 ln
2044 4967 2237 5030 Deum,
2265 4963 2508 5018 laborum
2535 4977 2749 5035 pmnam
2785 4963 3100 5030 subierunt,
3124 4961 3295 5018 clavis
3338 4962 3404 5017 ad
3440 4977 3528 5016 sa-

1952 5073 2083 5112 xum
2123 5055 2286 5110 defixi
2309 5071 2325 5120 ;
2348 5070 2496 5110 nunc
2517 5063 2700 5110 autem
2733 5057 2986 5112 eximunt
3015 5071 3116 5112 nos
3150 5069 3180 5108 a
3235 5055 3524 5111 doloribus

1953 5153 2182 5208 nostris.
2240 5146 2457 5203 Gratias
2514 5149 2712 5203 debent
2767 5148 2824 5202 hi
2866 5147 2963 5204 Dei
3017 5159 3287 5219 martyres
3336 5158 3527 5203 sancto

1960 5243 2162 5310 Marco,
2195 5245 2352 5314 cujus
2374 5258 2507 5314 grex
2556 5241 2734 5296 enecti
2770 5247 2920 5305 sunt,
2969 5240 3214 5312 quando,
3241 5241 3308 5295 ad
3342 5240 3523 5296 dirum

1960 5333 2082 5403 ejus
2117 5335 2446 5404 supplicium
2479 5333 2692 5389 vincula
2721 5331 2994 5388 excudere
3023 5333 3186 5404 jussi,
3212 5331 3307 5389 Dei
3336 5344 3524 5386 amore

1959 5423 2062 5494 ipsi
2086 5426 2322 5480 devincti
2370 5435 2520 5480 sunt.

2022 5599 2108 5654 ll).
2168 5599 2413 5654 Violenta
2466 5599 2643 5668 Magni
2684 5599 2893 5656 insania
2949 5599 3160 5657 volebat
3220 5596 3524 5652 mirabilem

1965 5693 2203 5747 Marc-um
2238 5693 2548 5760 ('OlllPCdil'e
2587 5691 2734 5747 ferro
2759 5701 3007 5749 catena:
3042 5707 3154 5762 quo
3181 5689 3529 5742 vehementer

1962 5782 2404 5863 incapdesccnte.
2441 5782 2735 5838 fraternam
2758 5781 2986 5840 triadem
3013 5780 3154 5838 Deus
3189 5780 3255 5834 ad
3288 5793 3525 5848 pugnam
