3916 6244
354 341 456 402 287

1035 338 1079 394 E
1092 334 1462 396 USTATHII
1504 334 1606 392 ΤΗ
1618 333 1790 393 ESSA
1803 333 1946 394 LON
1962 333 2256 394 ICENSIS
2298 332 2705 392 METROPOL
2718 331 2730 386 Ι
2743 329 2858 390 ΤίΕ

3501 322 3610 391 288

355 449 735 502 inﬂammavit.
769 447 1002 504 Coeleste
1040 449 1179 502 diva:
1210 448 1354 501 arcis
1387 448 1548 500 limen
1583 447 1727 501 haud
1760 447 1928 502 relin-

2050 451 2163 512 956;
2198 450 2486 518 ἐπύρωσεν
2518 449 2716 510 αὐτοὺς
2751 448 2835 510 εἰς
2880 446 3129 514 ἄθλησιν.
3172 442 3444 512 Οὐρανίας
3480 443 3608 513 ἀψί-

357 558 557 610 quens,
592 552 860 611 repertam
895 552 948 597 te
1000 540 1269 595 Dominus
1311 540 1658 612 inhabitavit,
1703 549 1757 595 et
1800 555 1930 594 caro

356 632 474 700 ipse
504 632 682 689 factus
719 647 752 688 e
803 642 944 688 terra
977 647 1076 687 uos
1109 631 1352 686 sustulit.
1388 630 1575 686 Gloria
1608 631 1730 699 tibi,
1764 629 1930 702 Virgo

357 723 735 791 immaculata,
767 739 865 795 per
895 739 1058 793 quam
1085 724 1311 779 relevati
1335 738 1554 778 sumus.

627 904 834 960 Cautus
865 912 1128 973 quartus;
1160 902 1378 968 Audivi,
1415 901 1655 956 Domine.

434 1017 520 1071 ll.
561 1016 747 1073 Clavis
799 1017 1059 1087 perforati
1091 1058 1107 1081 ,
1163 1029 1430 1089 martyres
1488 1025 1719 1088 tyranno
1746 1017 1930 1072 clavos

358 1110 558 1165 cuditis
581 1110 1030 1175 tribulationum;
1051 1120 1218 1179 petrae
1240 1109 1413 1170 afﬁxi,
1442 1110 1496 1163 in
1519 1123 1711 1164 saxum
1741 1120 1930 1177 stupo-

362 1216 420 1254 re
453 1201 722 1256 induratis
755 1216 850 1255 cor
869 1201 1109 1256 ferreum
1143 1211 1198 1256 et
1231 1201 1673 1271 impenetrabile.
1730 1198 1928 1254 IEreas

359 1293 636 1362 conjicitis
668 1291 914 1361 sagittas,
951 1293 1152 1361 quibus
1182 1292 1466 1347 fodiuntur
1496 1292 1704 1346 inimici
1731 1292 1842 1354 Dei,
1873 1299 1930 1344 et

359 1392 780 1453 prosternuntur
824 1385 975 1436 ruina
1035 1383 1400 1452 irreparabili.
1437 1381 1494 1436 Si
1551 1382 1756 1436 ferrum
1783 1382 1929 1435 velut

360 1489 500 1542 aqua
537 1474 750 1528 malleis
778 1472 1145 1538 subterﬂuxit,
1179 1489 1277 1530 vos
1313 1473 1506 1528 saltem
1541 1473 1644 1528 fide
1678 1473 1732 1527 in
1760 1471 1926 1526 Deum

361 1565 534 1619 solide
575 1565 842 1633 eompacti
867 1565 1020 1618 estis.
1050 1564 1236 1628 Audii,
1292 1563 1374 1617 vir
1429 1562 1798 1626 sanctissime,
1844 1560 1929 1615 vel

361 1656 542 1724 potius
573 1665 832 1726 expertus
868 1670 989 1710 sum
1025 1666 1113 1709 tua
1144 1655 1412 1710 miracula
1443 1672 1459 1721 ;
1491 1655 1613 1710 novi
1651 1665 1798 1709 tuam
1827 1668 1930 1724 po-

365 1749 612 1814 tentiam,
656 1756 709 1803 et
744 1764 938 1818 precor
965 1757 1024 1804 ut
1057 1750 1258 1803 virtute
1311 1757 1402 1804 tua
1445 1755 1715 1818 protegar.

2033 542 2120 605 δος
2155 543 2257 595 οὐκ
2288 540 2534 595 ἐκλιπὼν
2566 539 2774 610 Κύριος
2810 538 2956 592 θεῖον
2982 537 3235 606 οὐρανὸν,
3262 534 3512 604 εὑρηκώς
3545 553 3610 587 σε

2032 635 2090 687 ἐν
2135 635 2217 686 σοὶ
2267 634 2569 704 ἐσκήνωσε,
2622 633 2731 684 καῖ’
2763 630 2902 701 σάρξ
2945 628 3107 692 αὐτὸς
3155 627 3396 696 γεγονὼς
3435 627 3609 693 γῆθεν

2033 728 2183 796 ἡμᾶς
2228 726 2497 797 ὑπεξῆρε.
2526 724 2666 790 Δόξα
2696 741 2802 791 σοι,
2831 722 3166 793 πανάμωμε,
3207 722 3276 790 τῇ
3327 719 3609 790 άνυψὼσει

2030 820 2212 891 ἡμῶν.

2395 900 2588 986 ᾭδὴῖ
2612 931 2624 944 ο
2677 912 3046 981 Εἰσακήκοα,
3093 911 3289 981 Κύριε.

2105 1020 2198 1076 ια’.
2232 1021 2679 1091 Προσηλούμενοι
2718 1023 3018 1092 μάρτυρες,
3054 1020 3220 1091 ἦλους
3247 1018 3325 1090 τῷ
3355 1018 3610 1090 τυράννῳ

2031 1115 2279 1183 πήγνυτε
2311 1113 2546 1183 θλίψεων
2571 1129 2588 1146 ⁸
2617 1116 2686 1184 τῇ
2724 1114 2780 1166 δὲ
2813 1115 2991 1182 πέτρᾳ
3039 1112 3139 1182 τῆς
3166 1111 3424 1182 ήλῶσεως
3456 1110 3611 1164 ἐκλι-

2032 1201 2191 1256 θοῦτε
2224 1202 2425 1272 θάμϐει
2479 1202 2572 1256 τὸν
2611 1202 2922 1272 ἀτέραμνον
2971 1200 3314 1272 χαλκοτύπον
3341 1203 3401 1253 ὲν
3445 1199 3612 1253 πνεύ-

2035 1312 2188 1364 ματι.
2217 1296 2355 1364 Βέλη
2386 1295 2820 1366 χαλκευσάμενοι
2851 1293 3137 1363 ὶπαφίετε,
3165 1293 3230 1346 δι’
3275 1286 3352 1347 ὧν
3385 1293 3613 1363 βάλλον-

2031 1404 2120 1440 ται
2165 1387 2350 1456 ὲχθροὶ
2399 1385 2492 1440 τοῦ
2547 1387 2682 1440 Θεοῦ
2737 1387 2830 1440 καί⁸
2879 1386 3205 1456 ριπτοῦνται
3255 1383 3465 1437 πτῶσιν
3508 1384 3612 1452 τὴν

2033 1475 2346 1545 ἀνέγερτον.
2375 1477 2436 1530 Εἰ
2471 1478 2566 1531 καί⁴
2613 1476 2831 1545 σίδηρος
2873 1475 3066 1547 ἔρρεεν
3097 1472 3241 1544 ὕδωρ
3271 1491 3324 1526 τι
3351 1472 3612 1542 καθάπερ

2035 1566 2576 1636 σφυρηλατούμενος,
2603 1567 2718 1621 ἀλλ’
2746 1566 2904 1635 ὑμεῖς
2943 1563 3317 1633 ὲστερεώθητε
3347 1563 3611 1631 εὐπαγῶς
3679 1630 3682 1632 ν

2032 1660 2098 1726 τῇ
2159 1658 2340 1710 πίστει
2394 1660 2461 1728 τῇ
2519 1659 2599 1720 εἰς
2653 1659 2878 1727 Κύριον.
2936 1656 3274 1724 Εἰσακήκοα,
3333 1655 3612 1721 πάναγνε,

2040 1748 2240 1816 μᾶλλον
2293 1749 2349 1801 δὲ
2403 1749 2742 1819 πεπείραμαι
2794 1747 2906 1800 τῶν
2954 1747 3248 1815 θαυμάτων
3281 1763 3394 1798 σου.
3435 1747 3612 1798 Κατε-

1959 1824 2008 1884 Β
2037 1839 2205 1906 νόησα
2252 1842 2312 1892 τὸ
2345 1842 2563 1912 -κράτος
2611 1857 2742 1905 σου,
2794 1841 2891 1892 καὶ
2939 1838 3090 1908 ζητῶ
3138 1837 3492 1909 φρουρεῖσθαι
3543 1839 3616 1908 τῇ

683 2014 892 2070 Cantus
915 2015 1140 2083 quintus
1166 2031 1180 2070 :
1210 2012 1322 2067 Nos
1347 2013 1613 2066 illumina.

439 2133 526 2187 12.
560 2131 788 2186 Multum
817 2145 1031 2201 gregem
1057 2130 1405 2187 custodiebas
1429 2169 1444 2194 ,
1503 2129 1684 2183 Marce
1719 2137 1930 2194 sancte;

363 2238 485 2292 quae
513 2231 692 2298 autem
720 2221 855 2287 Deo,
885 2221 1039 2290 quasi
1061 2229 1151 2274 tua
1185 2235 1350 2274 manu
1372 2259 1386 2284 ,
1419 2227 1658 2274 mactata
1717 2227 1802 2273 est
1837 2220 1930 2272 tri-

367 2318 487 2384 p'ex
511 2314 710 2377 hostia,
735 2323 906 2366 totum
933 2328 1153 2383 gregem
1183 2326 1540 2382 supergressa
1562 2320 1666 2366 est.
1687 2309 1800 2364 lloc
1826 2311 1934 2364 tuis

364 2405 615 2461 olle-ctum
647 2415 728 2460 est
767 2405 1042 2475 precibus,
1076 2405 1390 2459 beatissime
1419 2403 1620 2468 Marce,
1653 2413 1711 2458 ut
1739 2405 1936 2461 fratres

365 2508 683 2554 catenarum
719 2505 937 2552 tuarum
996 2494 1140 2550 fabri
1177 2495 1232 2550 in
1277 2511 1405 2552 vasa
1435 2494 1531 2550 Dei
1589 2497 1936 2553 sanctissima

365 2591 734 2646 fabr-ederent.
795 2590 987 2645 Manus
1035 2598 1229 2645 vestra:
1263 2599 1636 2663 ‘torpuerunt,
1675 2607 1710 2646 ο
1769 2592 1934 2658 beati,

369 2683 578 2737 malleis
609 2683 961 2752 percutiendo
999 2681 1165 2737 Marci
1188 2683 1442 2744 vincula;
1474 2698 1578 2737 vox
1630 2692 1808 2735 autem
1837 2683 1935 2736 di-

369 2775 489 2826 vina
517 2773 734 2827 caelitus
759 2773 1004 2826 animum
1067 2772 1223 2826 vobis
1290 2771 1486 2826 erexit.
1526 2770 1775 2826 lllumina
1835 2784 1936 2826 nos

370 2873 560 2929 noctu,
586 2863 717 2919 solis
756 2871 927 2918 mater
953 2863 1273 2932 purissima,
1301 2872 1356 2918 et
1386 2863 1650 2932 dissipata
1675 2862 1822 2916 omni
1850 2863 1936 2917 di-

368 2972 552 3010 rarum
581 2955 813 3025 caligine
856 2955 1299 3021 tribulationum,
1349 2955 1510 3010 nobis
1563 2969 1818 3010 serenum
1846 2969 1936 3009 re-

365 3051 566 3103 tribue.

719 3142 922 3196 Cantus
939 3152 1124 3196 sextus
1151 3159 1163 3194 :
1189 3143 1254 3195 Et
1281 3139 1596 3196 Ecclesiam.
1962 3161 2019 3220 ο,

441 3255 526 3308 l5.
558 3254 661 3320 Qui
690 3255 816 3308 olim
849 3255 1149 3321 piscatores
1173 3254 1404 3323 piscium
1449 3254 1578 3310 fecit
1628 3254 1936 3325 piscatores

371 3346 678 3412 hominum,
713 3345 799 3400 hic
832 3361 948 3410 vos,
977 3346 1190 3399 athletae
1240 3344 1480 3411 Domini,
1533 3360 1565 3400 a
1622 3345 1938 3401 fabricando

370 3448 589 3492 catenas
613 3437 962 3507 diligentibus
991 3451 1069 3501 se,
1102 3436 1344 3490 traduxit
1369 3435 1434 3490 ad
1476 3437 1782 3491 cudendum
1832 3437 1938 3491 tela

372 3529 633 3583 adversus
654 3527 905 3584 inimicos
937 3545 1089 3584 suos.
1117 3529 1230 3585 lleu
1269 3530 1520 3583 lfabrum
1554 3539 1813 3599 expertus
1854 3537 1940 3584 est

371 3621 573 3675 Paulus
603 3621 999 3691 ncquissimum
1030 3629 1083 3675 et
1106 3622 1449 3676 anathemate
1472 3621 1730 3693 dignum;
1766 3623 1940 3679 bonus

369 3730 501 3767 vero
528 3714 820 3769 monticola
841 3714 1052 3769 Marcus
1087 3725 1196 3770 tres
1227 3715 1410 3770 fabros
1442 3714 1651 3770 ‘fratres
1703 3715 1936 3782 subegit,

373 3822 510 3873 quos
539 3815 728 3862 contra
753 3796 808 3861 se
834 3807 1198 3876 procudentes
1230 3810 1294 3861 ad
1327 3807 1492 3861 Deum
1525 3809 1770 3864 adduxit.
1803 3807 1942 3864 Red-

372 3899 511 3953 didit
568 3908 798 3970 tyranno
849 3901 1170 3955 beatissima
1224 3901 1356 3956 trias
1399 3901 1579 3956 datam
1634 3901 1940 3956 mercedem

376 3993 696 4060 eumpedum
747 3991 913 4046 Marci
947 4011 960 4058 ;
990 3994 1082 4046 sed
1117 3993 1260 4047 Deus
1293 3992 1570 4047 meliorem
1622 3998 1942 4059 reservavit,

377 4082 631 4151 deditque
657 4084 709 4137 in
740 4085 1020 4154 praemium
1058 4086 1208 4156 regni
1241 4087 1482 4138 (mlestis
1515 4067 1966 4151 possessionem.

375 4173 571 4229 Preces
604 4173 902 4239 fundimus,
936 4189 968 4228 ο
1003 4173 1366 4236 sanctissime,
1391 4182 1446 4227 et
1467 4187 1692 4229 oramus
1723 4184 1774 4229 te
1800 4175 1947 4230 salu-

378 4274 486 4317 lem
519 4280 534 4329 ;
566 4279 690 4317 cum
722 4263 891 4319 foveis
923 4263 1456 4318 eireumclaudamur
1479 4265 1546 4318 ab
1567 4275 1792 4320 auctore
1817 4267 1944 4321 mali

380 4367 622 4411 nostram
655 4357 710 4410 in
761 4357 1054 4425 perniciem
1112 4355 1380 4421 suffossis,
1437 4355 1594 4411 nobis
1663 4373 1945 4427 succurre,

377 4447 471 4517 qui
503 4458 697 4502 cuncta
732 4448 882 4501 vales
913 4448 979 4502 ad
1004 4446 1301 4517 perfectam
1339 4447 1500 4502 istius
1531 4448 1768 4504 ruinam.

2036 1928 2264 2000 δυνάμει
2305 1947 2420 1983 σου.

2293 2029 2296 2033 '
2463 2026 2582 2096 ’ῼδὴ
2603 2008 2644 2079 ἶ
2672 2067 2685 2082 .
2729 2027 2998 2081 Φώτισον
3026 2025 3203 2096 ἡμᾶς.

2109 2133 2198 2200 ιβ’·
2256 2135 2503 2205 Ποίμνης
2553 2137 2652 2206 μὲν
2707 2137 2909 2205 πολλῆς
2970 2133 3349 2205 προεστάτεις.
3411 2131 3614 2202 Μάρκε

2036 2225 2158 2293 ἅγιε
2184 2239 2199 2255 ⁶
2236 2227 2270 2296 ή
2313 2226 2368 2280 δὲ
2416 2225 2535 2296 Θεῷ
2583 2227 2826 2293 τυθεϊσα,
2863 2227 2939 2289 ὼς
2979 2226 3067 2280 διὰ
3117 2224 3198 2290 σὲ,
3225 2223 3418 2295 τριττὴ
3450 2223 3618 2276 θυσία

2039 2317 2316 2388 ὑπερῆρεν
2353 2317 2808 2388 ἅπανηποίμνιον.
2846 2319 3049 2387 Ἔργον
3089 2318 3249 2370 τοῦτο
3280 2316 3384 2385 σῆς
3417 2316 3617 2385 εὐχῆς,

2037 2409 2232 2476 Μάρκε
2279 2409 2736 2480 παμμακάριστε,
2767 2410 2893 2472 τοὺς
2926 2408 3038 2462 τῶν
3086 2407 3304 2478 δεσμῶν
3339 2423 3433 2460 σου
3482 2409 3620 2475 χαλ-

2038 2499 2236 2560 κευτὰς
2282 2500 2544 2569 ἀδελφοὺς
2602 2498 3082 2570 χαλκουργηθῆναι
3130 2499 3212 2561 εἰς
3261 2497 3431 2565 σκεύη
3470 2495 3613 2550 Θεοῦ

2039 2593 2296 2662 πανίερα.
2335 2594 2538 2663 Χεῖρες
2570 2593 2670 2663 μὲν
2702 2594 2851 2662 ὑμῖν,
2882 2587 2926 2646 ὧ
2983 2591 3272 2661 μακάριοι,
3307 2591 3618 2660 ὲνήρκεσαν

2039 2685 2484 2756 σφυρηλατοῦσαι
2530 2687 2601 2738 τὰ
2645 2684 2739 2738 τοῦ
2792 2684 3021 2752 Μάρκου
3075 2684 3295 2752 δεσμάο
3347 2681 3504 2751 φωνὴ
3557 2681 3616 2733 δὲ

2039 2776 2160 2830 θεία
2204 2778 2400 2846 ὑψόθεν
2447 2778 2636 2847 αὐχεῖν
2679 2777 3015 2848 ἐπέρρωσεν.
3069 2773 3277 2837 Φὼτιζε
3321 2776 3468 2842 ἡμᾶς
3519 2790 3616 2824 νυ-

2037 2869 2183 2934 κτδς,
2214 2869 2364 2938 ἡλίου
2399 2868 2574 2938 μῆτερ
2619 2868 2778 2938 ἁγνὴ,
2814 2868 2910 2920 καὶ
2959 2867 3140 2920 πᾶσαν
3190 2865 3454 2916 σκότωσιν
3503 2861 3618 2912 δει-

2038 2959 2145 3014 νῶν
2199 2960 2524 3031 πειρασμῶν
2581 2959 2996 3029 ἀπαγαγοῦσα.
3053 2957 3152 3028 τὴν
3204 2955 3426 3024 αἰθρίαν
3483 2954 3618 3022 ἡμῖν

2042 3051 2295 3124 βράϐευε.

2331 3149 2456 3218 ᾬδὴ
2477 3134 2534 3213 ξ
2557 3164 2572 3181 ⁸
2625 3147 2737 3203 Καὶ
2759 3147 2872 3215 τὴν
2905 3145 3302 3212 Ἐκκλησίαν.

2115 3258 2203 3327 ιγ’.
2249 3261 2306 3313 Ὀ
2333 3259 2502 3312 πάλαι
2528 3259 2655 3320 τοὺς
2687 3258 2859 3320 ἁλιεῖς
2893 3256 3002 3315 τῶν
3033 3254 3235 3323 ἰχθύων
3267 3253 3434 3311 ἁλιεῖς
3481 3251 3619 3320 ἀποτ-

2041 3352 2264 3414 τελέσας
2309 3349 2635 3421 ἀνθρώπων,
2678 3343 2833 3412 οὗτος
2862 3350 3028 3418 ὑμᾶς,
3057 3346 3347 3415 ἀθλοφόροι
3380 3343 3616 3411 Κυρίου,

2043 3450 2105 3502 ὲκ
2132 3449 2227 3501 τοῦ
2255 3447 2539 3518 χαλκεύειν
2566 3447 2742 3516 δεσμά
2768 3447 2882 3510 τοῖς
2932 3443 3192 3497 ποθοῦσιν
3242 3440 3406 3494 αὑτὶν
3447 3439 3619 3507 μετή-

2042 3555 2181 3608 γαγε
2220 3539 2521 3610 βελοποιεῖν
2550 3539 2690 3592 κατά
2721 3537 2829 3590 τῶν
2876 3533 3242 3605 παλαμναίων
3274 3530 3490 3600 ἐχθρῶν
3518 3526 3618 3580 τοῦ

2043 3629 2201 3686 Θεοῦ.
2236 3631 2300 3683 Ὦ
2343 3629 2586 3700 χαλκέως
2635 3628 2733 3696 μὲν
2767 3625 3035 3698 ἐπειράθη
3080 3628 3106 3679 6
3153 3622 3366 3685 Παῦλος
3400 3637 3621 3687 παγκα-

2046 3721 2234 3776 κίστου
2261 3723 2357 3774 καὶ
2385 3721 2538 3787 ἀξίου
2568 3721 2817 3790 κατάρας
2843 3736 2855 3750 ο
2890 3720 2916 3772 6
2951 3719 3007 3772 δὲ
3043 3717 3208 3779 καλὸς
3260 3714 3620 3784 ὀρεσίτροφος

2045 3813 2272 3882 Μάρκος
2345 3816 2491 3883 τρεῖς
2559 3815 2822 3882 ἀδελφοὺς
2900 3811 3203 3882 χαλκευτάς
3277 3807 3620 3881 ὑπηγάγετο,

2046 3905 2410 3974 χαλκεύοντας
2467 3905 2566 3975 μὲν
2621 3905 2744 3957 κατ’
2807 3901 2996 3967 αὑτοῦ,
3046 3901 3114 3956 δι’
3174 3899 3340 3953 αὑτοῦ
3395 3899 3451 3950 δὲ
3503 3897 3621 3965 Θεῷ

2049 3997 2571 4066 προσχωρήσαντας.
2636 3996 3026 4069 Ἀντέστρεφον
3082 3991 3159 4062 τῷ
3212 3991 3462 4058 τυράννῳ
3522 3987 3623 4056 τὴν

2049 4088 2199 4141 δόσιν
2227 4091 2260 4158 ἡ
2293 4088 2580 4152 πανόλϐιος
2611 4087 2788 4160 τριὰς,
2819 4089 2916 4157 τὴν
2965 4086 3214 4138 δοθεῖσαν
3248 4083 3386 4150 ὑπὲρ
3424 4081 3623 4149 μισθοῦ

2049 4181 2159 4235 τῶν
2194 4182 2412 4252 δεσμῶν
2463 4180 2572 4234 τῶν
2613 4181 2704 4234 τοῦ
2735 4180 2995 4248 Μάρκου·
3029 4180 3057 4232 ό
3085 4177 3140 4231 δὲ
3194 4174 3326 4238 Θεὸς
3361 4173 3623 4243 ἐταμίευε

2049 4275 2363 4344 κρείττονα,
2395 4274 2492 4327 καὶ
2536 4273 2768 4326 δέδωκεν
2796 4273 2876 4336 εἰς
2919 4271 3132 4342 δωρεὰν
3184 4268 3433 4336 οὐρανῶν
3465 4265 3625 4334 βασι-

2050 4363 2204 4426 λείας
2255 4364 2577 4419 ἀπόλαυσιν.
2631 4364 2742 4434 Τὴν
2794 4363 2977 4433 δέησιν
3026 4360 3316 4430 ὲκχέομεν,
3352 4359 3625 4422 πάναγνε,

2051 4455 2145 4506 καὶ
2191 4453 2491 4522 αἰτούμεθα
2522 4456 2586 4506 ὲκ
2620 4452 2715 4505 σοῦ
2772 4452 3071 4522 σωτηρίαν,
3103 4451 3184 4502 ὅτι
3228 4449 3445 4510 πολλοῖς
3477 4463 3625 4514 πυρ-

374 4541 694 4611 γηρούμεθα
752 4537 998 4606 λάκκοις,
1070 4539 1164 4604 οὓς
1211 4539 1334 4594 καθ’
1389 4541 1551 4612 ἡμῶν
1598 4543 1626 4594 6
1671 4542 1984 4612 ἀρχέκακος
2056 4543 2300 4616 ὤρυξεν
2343 4544 2436 4608 οὓς
2484 4544 2750 4614 βοήθησον
2805 4543 2881 4606 ὡς
2934 4541 3238 4610 πανσθενὴς
3287 4541 3367 4603 εἰς
3415 4541 3627 4592 ἐκείνου

374 4635 586 4688 τελείαν
615 4632 910 4687 ἀπώλειαν.
1446 4655 1452 4662 ·

655 4732 861 4787 Cantus
879 4731 1181 4802 septimus:
1216 4730 1338 4785 Tres
1361 4746 1424 4784 ea:
1444 4731 1662 4788 Judaea.

451 4844 538 4898 η.
559 4843 792 4899 Fervore
813 4845 1041 4914 spiritus
1057 4844 1300 4910 accensi,
1322 4859 1356 4898 0
1380 4844 1653 4910 Salvator,
1675 4844 1750 4898 tui
1778 4844 1951 4899 athle-

379 4945 446 4988 tre
492 4936 558 4989 de
601 4936 781 4990 fabrili
810 4939 914 4989 vita
944 4945 1000 4990 et
1027 4935 1368 4991 ﬂammarum
1424 4937 1641 4992 camino
1671 4936 1740 4991 ad
1780 4947 1832 4991 te
1861 4951 1951 4992 ac-

377 5033 680 5090 cesserunt,
731 5033 786 5078 et
836 5031 1161 5093 receperunt
1211 5029 1560 5096 refrigerium
1617 5027 1950 5096 divitiasque

380 5127 434 5167 et
467 5117 690 5183 gloriam
722 5126 1002 5169 mteruam.
1029 5114 1266 5185 Tyranni
1313 5117 1534 5186 quidem
1585 5125 1672 5172 est
1725 5116 1946 5170 tradere

382 5206 668 5260 tormentis
718 5205 1003 5273 diligentes
1055 5207 1223 5263 Deum
1256 5210 1393 5276 ;sed
1457 5209 1782 5264 miraculum
1841 5207 1950 5262 Deo

381 5299 626 5366 dignum,
646 5297 752 5354 sibi
783 5297 1020 5368 perfecte
1049 5301 1204 5356 unire
1231 5317 1329 5371 pro
1359 5317 1417 5356 se
1441 5302 1731 5372 patientes,
1753 5315 1784 5354 e
1815 5314 1950 5368 quo-

385 5403 504 5442 rum
534 5398 678 5444 sorte
701 5401 828 5444 sunt
860 5401 965 5446 tres
991 5392 1162 5448 nostri
1195 5393 1431 5462 patroni.
1453 5391 1610 5462 Ignea
1631 5392 1798 5446 Belial
1820 5407 1953 5446 cono

385 5492 464 5535 tra
491 5497 592 5536 nos
624 5481 726 5536 tela
759 5499 904 5539 nunc
932 5485 1284 5554 exstinguite,
1317 5501 1350 5538 ο
1379 5484 1510 5539 trias
1565 5500 1664 5554 par
1717 5498 1950 5538 numero

388 5574 639 5628 maxima:
667 5572 942 5640 Trinitati,
981 5585 1036 5631 et
1083 5576 1428 5645 refrigerium
1484 5576 1717 5630 irrorato
1767 5575 1953 5642 nobis,

387 5667 480 5733 qui
511 5662 734 5721 fervidis
765 5666 934 5722 Deum
969 5668 1184 5737 hymnis
1209 5666 1566 5721 celebramus.
1595 5665 1731 5721 Tres
1755 5681 1822 5720 ex
1853 5665 1952 5721 Ju-

387 5756 502 5812 daea
525 5757 709 5816 felices
732 5759 884 5831 pueri
910 5761 962 5814 in
985 5758 1233 5813 ﬂammas
1261 5758 1493 5814 immissi
1523 5771 1734 5829 partum
1771 5767 1948 5851 tuum,

1976 4737 2024 4795 Β

2387 4711 2572 4801 ᾭδὴῖ
2604 4743 2618 4759 ο
2647 4730 2710 4781 οι
2743 4727 2813 4780 ἐκ
2845 4725 2957 4795 τῆς
2996 4725 3310 4791 Ἰουδαίας.

2129 4847 2214 4902 ιδ’.
2243 4848 2323 4918 Τῇ
2354 4845 2450 4899 τοῦ
2499 4842 2807 4914 πνεύματος
2839 4842 2986 4906 ζέσει
3017 4839 3479 4911 πυρακτούμενοι.
3513 4839 3630 4890 Σῶ-

2052 4956 2172 5008 τερ,
2227 4939 2277 4992 οἰ
2324 4936 2621 5006 ἀθλοφόροι
2681 4950 2776 4987 σου
2832 4937 2897 4986 ὲκ
2952 4932 3323 5004 χειρώνακτος
3375 4931 3490 5000 βίου
3538 4931 3631 4984 καὶ

2053 5030 2303 5090 καύσεως
2334 5029 2582 5097 καμίνων
2615 5043 2697 5080 σοι
2752 5025 3078 5099 προσέσχον,
3107 5024 3202 5076 καὶ
3251 5023 3446 5076 ἔλαϐον
3494 5023 3632 5076 ἀνα-

2053 5123 2232 5194 ψυχὴν
2269 5121 2362 5173 καὶ
2390 5119 2620 5172 πλοῦτον
2654 5117 2749 5171 καὶ
2797 5117 2955 5182 δόξαν
3005 5117 3253 5170 αἰωνίαν.
3302 5115 3632 5185 Τυραννίδος

2058 5214 2155 5282 μὲν
2183 5212 2366 5282 ἔργον,
2401 5209 2668 5263 ἐκδιδόναι
2691 5207 2911 5261 κολάσει
2934 5207 3062 5268 τοὺς
3097 5205 3431 5274 ἀγαπῶντας
3477 5205 3632 5257 Θεόϊ

2054 5304 2190 5357 Θεοῦ
2241 5303 2300 5356 δὲ
2353 5301 2507 5364 αὖθις
2555 5299 2763 5370 θαῦμα,
2794 5296 3130 5351 οἰκειοῦσθαι
3187 5297 3455 5359 παντοίως
3507 5295 3632 5357 τοὺς

2057 5393 2221 5449 αὐτοῦ
2279 5401 2439 5462 χάριν
2485 5380 2816 5461 πάσχοντας,
2843 5381 2918 5442 ὧν
2969 5391 3069 5457 τῆς
3125 5389 3345 5458 μερίδος
3391 5389 3533 5442 εἰσὶν
3583 5390 3635 5441 οἰ

2056 5487 2203 5556 τρεῖς
2256 5485 2416 5553 ἡμῶν
2466 5483 2791 5550 προστάται.
2843 5481 3281 5552 Πυρακτούμενα
3317 5480 3452 5551 βέλη
3507 5481 3637 5534 καθ’

2061 5577 2220 5648 ἡμῶν
2258 5575 2350 5628 τοῦ
2401 5576 2600 5647 Βελίαρ
2647 5574 2880 5628 σϐέσατε
2925 5573 3018 5626 νῦν
3049 5572 3326 5641 κραταιῶς
3376 5575 3425 5624 οἰ
3460 5577 3634 5642 τρεῖς,

2060 5670 2108 5721 οἰ
2160 5669 2260 5737 τῆς
2308 5667 2574 5736 μεγίστης
2628 5665 2908 5734 ἰσάριθμοι
2952 5663 3208 5732 Τριάδος,
3245 5662 3342 5714 καὶ
3369 5663 3635 5732 ἀνάψυξιν

2061 5759 2312 5829 ἔνδροσον
2337 5758 2457 5812 δότε
2478 5761 2634 5830 ἡμῖν,
2664 5761 2775 5822 τοῖς
2809 5756 3031 5827 θερμῶς
3058 5754 3190 5808 Θεὸν
3214 5753 3631 5822 ὑμνολογοῦσιν.
