3916 6244
249 325 367 442 ἐει

1171 395 1265 453 DE
1315 398 1414 458 SS.
1451 399 1756 471 ANANIA,
1787 405 2065 464 AZARIA
2107 406 2199 468 ET
2249 410 2602 473 MISAELE.

3404 420 3510 483 290

264 493 322 545 υί
353 495 416 544 ὲκ
465 493 564 560 τῆς
607 496 867 562 ἰουδαίας
907 502 1060 568 τρεῖς
1107 505 1372 574 μακάριοι
1426 509 1615 571 παῖδες
1661 511 1798 577 ἐμ6ε

1908 569 1910 574 _
1940 514 2121 583 Virgo,
2151 519 2602 589 pra‘ﬁgurabant:
2644 524 2868 592 gestasti
2893 525 3037 580 cnim
3065 526 3508 596 ignemimmate-

259 584 520 656 ϐλημένοι
546 589 705 658 πυρὶ,
735 591 828 644 τὸν
856 593 1014 647 τόκον
1046 613 1139 648 σου
1173 599 1444 667 παρθένον
1468 603 1830 666 είκονὶζοντες

256 672 432 746 ἦσαν·
467 677 581 749 πῦρ
633 682 741 751 γὰρ
787 681 949 736 ᾶῦλον
995 685 1240 753 ἐστεξας,
1293 683 1466 761 οὗπερ
1515 691 1608 745 καὶ
1667 694 1828 758 Baro;

257 770 383 822 ποτὲ
413 771 585 835 τύπος
616 769 685 842 ἦν
715 774 811 828 τοῦ
839 777 1105 840 Μωσέως.

477 891 600 960 ᾯδὴ
622 876 668 960 ἦ
691 905 705 920 ‘
745 892 855 946 Τὸν
878 895 1144 958 βασιλέα
1172 898 1292 952 τῶν
1319 901 1617 968 υιίρανῶν.

323 983 409 1031 ιε’.
438 979 898 1047 Σεμνοποιοῦνται
937 986 987 1037 oi
1039 988 1274 1049 ῐιισιδείς
1318 989 1392 1051 ὡς
1446 991 1669 1054 πολίτας
1700 995 1825 1059 τοὺς

251 1069 437 1135 ἁγίους
479 1071 706 1135 τούτους
751 1076 1126 1145 εὐτυχοῦντες,
1189 1079 1454 1133 Κλαυδίου
1519 1100 1577 1135 τε
1642 1086 1819 1148 πόλις,

251 1163 381 1213 ὅπου
413 1163 600 1225 αὐτοῖς
634 1166 693 1216 τὸ
738 1167 910 1229 τέλος.
959 1170 1278 1238 Ὀψιμαθεῖς
1331 1173 1430 1239 μὲν
1473 1176 1568 1227 τοῦ
1614 1178 1821 1244 ἀγαθοῦ

250 1252 558 1318 γεγονότες,
591 1258 825 1326 στερεῶς
857 1259 912 1311 δὲ
957 1261 1144 1313 πίστει
1179 1264 1520 1328 ὲντακέντες,
1552 1267 1646 1319 νῦν
1677 1269 1823 1332 δοξο-

249 1344 532 1410 λογοῦνται
567 1349 746 1410 καλῶς
795 1351 844 1401 οἱ
877 1350 1191 1420 ἀθλοφόροι.
1238 1355 1326 1405 Ἐν
1363 1358 1425 1424 τῇ
1460 1357 1660 1425 χωνείᾳ.
1707 1361 1817 1412 τῶν

247 1437 572 1505 πειρασμῶν
623 1441 987 1509 πυρωθέντες,
1039 1444 1114 1506 ὡς
1169 1447 1369 1514 χρυσὸς
1436 1450 1817 1519 εύροιζότατος

206 1588 210 1590 _
247 1523 393 1592 ἀρτι,
427 1526 694 1590 στίλϐετε,
739 1533 1038 1600 μαρτύρων
1070 1535 1308 1604 καλλονή
1341 1539 1434 1588 καὶ
1469 1537 1811 1610 λαμπρότης.

246 1615 348 1666 Τὸν
386 1617 611 1684 βασιλέα
663 1619 775 1672 τῶν
827 1623 1094 1692 οὐρανῶν,
1152 1627 1424 1699 παλατίῳ,
1476 1633 1542 1700 σῇ
1590 1636 1816 1700 γαστρὶ,

246 1708 500 1776 παρθένε,
544 1713 885 1783 χωρηθέντα,
917 1715 1151 1787 εὕρομεν
1181 1720 1398 1790 ἀπάσης
1428 1724 1816 1792 αἰχμαλωσίας

242 1795 468 1865 ρύστην.

573 1901 696 1972 ᾩδὴ
715 1883 757 1951 ’θ’
783 1919 798 1934 ·
831 1904 1054 1972 Κυρίως
1087 1909 1380 1961 Θεοτόκον
1407 1911 1507 1963 σέ.
1581 1969 1584 1973 ,

312 1990 408 2048 ις’.
443 1986 557 2038 Ούκ
593 1988 739 2042 ἔστιν
772 1991 827 2042 ὲν
862 1993 1052 2061 Κυρίῳ
1083 1993 1272 2061 γένους
1308 1997 1569 2066 λαμπροῦ
1619 1999 1810 2061 τόπος.

1939 606 2151 673 rialcm,
2183 612 2343 679 cujus
2372 621 2534 683 typus
2565 625 2681 670 erat
2708 616 2878 671 rubus
2909 615 3129 688 Moysis.

2181 895 2389 950 Cantus
2435 907 2658 953 octavus
2691 918 2704 952 :
2751 902 2935 969 Regem
2973 908 3238 959 coriorum.

2005 982 2094 1036 l5.
2126 983 2443 1039 Gloriantur
2472 986 2688 1050 Pisidae,
2718 1006 2782 1041 co
2812 995 2953 1057 quod
2990 1004 3217 1049 sanctos
3245 995 3365 1049 illos
3387 1012 3504 1049 50r-

1934 1074 2018 1127 titi
2052 1076 2161 1129 sint
2184 1079 2462 1142 roncives,
2494 1091 2547 1133 et
2571 1081 2958 1150 Claudiopolis.
2991 1086 3078 1138 ubi
3131 1088 3293 1140 vitam
3351 1089 3503 1141 ﬁnie-

1933 1178 2081 1220 runt.
2115 1172 2250 1223 Sero
2274 1170 2471 1223 bonum
2495 1173 2692 1237 edocti,
2716 1176 3019 1228 vehementi
3052 1185 3231 1233 autem
3257 1178 3359 1232 fide
3373 1195 3498 1232 cor-

1930 1259 2186 1323 roborati,
2209 1277 2351 1314 nunc
2369 1262 2610 1327 pulchris
2630 1265 2860 1318 vicnores
2880 1266 3129 1322 laudibus
3143 1269 3495 1325 extolluntur.

1927 1348 1985 1402 in
2015 1350 2309 1419 liquatorio
2327 1355 2683 1409 tentationum
2703 1359 2994 1423 cmnbusti,
3021 1368 3077 1412 ut
3097 1374 3288 1412 aurum
3314 1375 3499 1414 recen-

1928 1442 2034 1496 tius
2073 1443 2251 1495 fusum
2281 1445 2519 1512 fulgetis,
2572 1459 2870 1516 martyrum
2927 1451 3097 1503 decus
3140 1461 3193 1504 et
3215 1452 3494 1520 splendor.

1926 1534 2123 1603 Regem
2157 1540 2420 1592 caelorum
2456 1539 2651 1608 palatio
2672 1541 2874 1594 ventris
2907 1541 3007 1606 tui,
3035 1540 3222 1610 Virgo,
3271 1553 3496 1599 conten-

1926 1637 2064 1692 tum,
2092 1627 2402 1686 invenimus
2424 1631 2605 1686 omnis
2621 1634 2955 1701 captivitatis
2976 1635 3349 1692 liberatorem.

2181 1901 2386 1957 Cantus
2415 1917 2627 1957 nonus:
2673 1902 2799 1956 Vere
2819 1903 3107 1973 Deiparam
3141 1914 3208 1959 te.

1991 1993 2077 2046 16.
2110 1991 2226 2047 Non
2259 2003 2341 2048 est
2373 1997 2425 2046 in
2448 1995 2672 2048 Domino
2702 1995 2831 2049 clari
2864 2005 3016 2050 ortus
3043 1997 3305 2067 acceptio.
3328 1996 3493 2052 Nobi-

252 2073 337 2126 Ἐν
366 2077 618 2149 εὐγενείᾳ
659 2080 834 2151 ψυχῆς
881 2079 974 2136 οῦν
1003 2084 1266 2152 φανέντες
1318 2087 1535 2157 φαιδροὶ
1567 2089 1616 2141 οἱ
1647 2089 1800 2159 ἀθλη.

1916 2085 2067 2139 litate
2097 2085 2266 2154 igitur
2297 2086 2493 2140 anima:
2518 2087 2699 2157 inclyti
2733 2086 2948 2142 athleta:
2978 2089 3267 2156 spirituum
3302 2091 3489 2145 choris

239 2168 363 2232 ταὶ,
418 2172 729 2241 ἀσωμάτων
783 2179 963 2246 χοροῖς
1019 2180 1424 2235 συντάττονται.
1480 2177 1551 2233 Ὦ
1616 2183 1811 2250 Μάρκε

240 2261 512 2331 όρεινὸμε,
546 2265 796 2334 μέμνησο
842 2267 1171 2338 θρεμμάτων
1217 2271 1324 2323 τῶν
1355 2271 1611 2339 λογικῶν,
1645 2275 1692 2326 οἳ
1729 2293 1811 2328 τι·

243 2353 433 2423 μῶμεν
485 2357 583 2426 τὴν
631 2360 855 2430 μνήμην
909 2361 1006 2431 τὴν
1059 2363 1186 2432 σήν·
1243 2364 1334 2418 καὶ
1389 2367 1482 2418 νῦν
1535 2367 1810 2435 ποιμάνας

237 2447 493 2512 ἐνταῦθα,
527 2451 642 2501 ἐκεῖ
695 2453 1034 2519 συνδόξασον.
1069 2449 1139 2506 Ὦ
1185 2457 1331 2526 τρεῖς
1384 2455 1520 2509 Θεοῦ
1566 2458 1809 2524 ὁπλῖται,

237 2538 327 2602 οῦς
356 2541 455 2593 νῦν
506 2542 879 2614 εὐφημοῦμεν,
909 2547 1048 2599 κατά
1079 2547 1267 2599 δεινῶν
1298 2547 1392 2599 καὶ
1437 2547 1649 2617 ἀγρίων
1679 2549 1812 2618 βαρ-

1917 2185 2369 2230 annumerantur.
2401 2176 2445 2229 Ο
2463 2176 2663 2242 Marce,
2688 2179 2952 2231 montium
2988 2188 3195 2246 pastor,
3219 2192 3490 2233 memento

1914 2268 2224 2333 Spirituales
2249 2267 2522 2332 alumnos,
2549 2269 2638 2336 qui
2669 2276 2817 2321 tuam
2873 2268 3102 2323 colimus
3123 2271 3440 2323 memoriam
3471 2287 3486 2334 ;

1907 2369 1962 2414 et
1989 2373 2126 2427 quos
2161 2357 2248 2412 hic
2280 2358 2501 2427 pavisti,
2539 2359 2652 2414 illic
2695 2360 3070 2428 conglorilica.
3136 2360 3179 2415 Ο
3240 2372 3348 2416 tres
3393 2361 3487 2416 Dei

1913 2453 2112 2506 milites
2139 2467 2278 2522 quos
2306 2466 2452 2506 nunc
2467 2451 2834 2516 celebramus,
2854 2454 2945 2520 qui
2974 2463 3159 2506 contra
3189 2455 3484 2507 terribilem

1909 2547 2193 2616 feramque
2236 2547 2478 2616 gentium
2521 2547 2828 2600 barbariem
2895 2548 3212 2614 pugnastis,
3248 2547 3315 2600 ab
3369 2548 3486 2600 istis

240 2629 426 2700 ὀάρων
449 2633 620 2685 ἐθνῶν
643 2634 1108 2702 ἀνθοπλισθέντες,
1126 2640 1188 2689 ἐκ
1209 2636 1414 2690 τούτων
1440 2639 1585 2708 ἡμᾶς
1607 2639 1800 2708 λυτρώ-

1920 2653 2022 2694 nos
2046 2639 2294 2694 liberate.
2311 2635 2356 2692 Ο
2379 2653 2505 2692 vere
2524 2639 2773 2706 Deipara,
2797 2639 2964 2691 Mater
2989 2639 3088 2691 viri
3114 2640 3317 2701 nescia,
3343 2638 3488 2706 puri-

239 2719 429 2774 σασθε.
454 2723 675 2792 Κυρίως
704 2723 987 2789 Θεοτόκος,
1025 2725 1198 2795 μῆτερ
1227 2726 1682 2796 ἀπειράνδρως,ή
1708 2726 1800 2780 τῶι

1923 2743 2006 2786 tas
2041 2731 2346 2799 virginum,
2384 2740 2571 2784 nostra
2619 2739 2824 2793 custos,
2853 2730 2921 2783 ab
2945 2730 3137 2798 angelo
3155 2730 3480 2798 glorificata,

240 2811 530 2882 παρθένων
570 2815 863 2885 σεμνότης,
893 2816 924 2884 ἡ
951 2816 1126 2884 φύλαξ
1156 2815 1338 2886 ἡμῶν,
1373 2815 1800 2886 ἀγγελοΰμνητοη

1924 2831 1976 2877 te
1998 2821 2435 2892 magnificamus.

239 2910 414 2978 κλέος,
450 2910 514 2962 σὲ
541 2913 940 2981 μεγαλύνομεν.

1593 3186 2134 3303 ORATIO

293 3419 391 3482 DE
425 3419 530 3480 SS.
580 3418 1082 3486 MARTYRIBUS
1137 3420 1448 3484 ΑΝΑΝΙΑ.
1517 3419 1802 3481 AZARIA
1852 3421 1952 3481 ET
1995 3417 2344 3484 .MlSAELE
2383 3418 2466 3480 1N
2503 3417 2915 3480 FORNACEM
2964 3418 3393 3480 CONJECTIS.

299 3763 368 3812 α’.
410 3796 428 3813 .
471 3795 487 3811 .
531 3793 549 3810 .
590 3793 607 3810 .
649 3795 666 3810 .
706 3757 786 3827 πῆ
830 3755 886 3808 δὲ
931 3713 1140 3823 καίων,
1177 3758 1265 3812 ὅτε
1312 3755 1514 3828 δηλαδὴ
1559 3754 1792 3825 φλογοῦ-

1973 3756 2019 3809 l.
2066 3750 2329 3811 Fornacis
2374 3753 2688 3824 Babylonia).
2749 3753 2890 3822 ignis
2949 3761 3067 3808 erat
3124 3753 3469 3824 aliquatenus

233 3863 339 3910 ται,
391 3845 671 3916 διεμέρισε
731 3845 844 3907 τοῖς
894 3845 993 3913 μὲν
1049 3849 1242 3909 κακοῖς
1297 3847 1668 3915 ἐκκυμανθεὶς
1716 3847 1797 3910 είς

230 3937 471 4008 ὄλεθρον,
505 3933 588 4000 οῖς
625 3937 836 3999 ἐκεῖνος
864 3935 931 3989 δι’
979 3939 1149 4007 αὐτῆς
1194 3939 1525 4009 ἐνήργησεν,
1567 3936 1796 4007 ἐπιδρα-

231 4027 345 4096 μὼν
369 4031 486 4092 τοῖς
518 4028 702 4098 κύκλῳ
723 4027 1032 4092 Χαλδαίοις·
1050 4029 1267 4097 ψύξασα
1289 4029 1346 4083 δὲ
1369 4030 1646 4100 δροσερῶς
1667 4030 1796 4092 τοὺς

228 4121 436 4190 ἁγίους,
475 4115 561 4184 οἷς
597 4120 735 4190 πρὸς
752 4118 888 4173 Θεοῦ
914 4121 1167 4176 ἀνεθεῖσα
1197 4123 1367 4190 ἐφῆκε
1398 4122 1477 4192 τῷ
1497 4123 1618 4191 ἀέρι
1640 4121 1795 4190 ποιῆ-

228 4231 315 4267 σαι
338 4213 402 4266 rb
423 4211 644 4278 ἑαυτοῦ,
674 4213 736 4266 rb
763 4212 821 4266 δέ
865 4214 982 4266 ἐστι
1024 4212 1342 4282 ψυχρότητα
1384 4214 1678 4284 ἐνεργῆσαι
1711 4215 1793 4276 εἰς

225 4302 508 4374 ἀναψυχὴν
536 4302 647 4358 τῶν
677 4301 780 4355 τοῦ
805 4302 943 4356 Θεοῦ
975 4303 1200 4369 παίδων,
1231 4304 1415 4357 οὐκέτι
1461 4307 1790 4372 καιομένων,

223 4395 356 4449 ἀλλά
388 4397 552 4466 μόνον
587 4395 977 4466 φωτιζομένων
1026 4398 1127 4452 καὶ
1163 4396 1678 4467 καταλαμπομένων
1721 4399 1788 4468 τῇ

223 4487 402 4554 φλογὶ,
436 4485 631 4556 ὥσπερ
691 4486 1039 4557 ἡσχολημένη
1066 4486 1208 4540 κατά
1257 4486 1367 4540 τῶν
1421 4486 1637 4558 ἐχθρῶν
1682 4489 1792 4540 τῶν

221 4578 312 4632 τοῦ
337 4577 503 4641 Θεοῦ,
532 4577 818 4642 ἐξελάθετο
842 4578 975 4647 φλὸξ
995 4576 1135 4632 εἶναι
1156 4578 1270 4642 τοῖς
1299 4577 1393 4632 τοῦ
1423 4577 1560 4632 Θεοῦ
1581 4578 1792 4650 ἀνθρώ-

222 4686 364 4732 ποις,
397 4669 432 4739 ﬁ
465 4669 563 4721 καὶ
619 4669 694 4730 ὡς
725 4670 822 4722 ἐὰν
852 4670 992 4739 αὑτὴ
1036 4669 1138 4738 μὲν
1185 4669 1284 4739 ὅλη
1308 4669 1502 4738 γέγονε
1528 4670 1624 4723 τοῦ
1676 4672 1789 4733 τοῖς

220 4759 508 4823 Χαλδαίοις
537 4761 908 4814 ἐπεισπεσεῖν·
935 4760 1014 4830 τῷ
1031 4760 1087 4813 δὲ
1110 4761 1236 4826 ἀέρι
1264 4763 1468 4831 ἐφῆκεν
1487 4759 1788 4830 ἀναψύχειν

220 4851 340 4913 τοὺς
365 4851 462 4904 τοῦ
500 4849 636 4904 Θεοῦ
689 4850 1129 4919 γεροντόπαιδας.
1155 4852 1247 4920 Μὴ
1291 4853 1400 4921 γὰρ
1439 4866 1790 4922 κατακρατη-

219 4941 357 5006 τέον,
379 4940 566 4995 διόλου
599 4941 804 5011 θερμὸν
831 4937 972 4996 εἷναι
1003 4941 1094 4995 τὸν
1124 4942 1248 4994 καθ’
1273 4941 1420 5011 ἡμᾶς
1451 4941 1614 5009 ἀέρα,
1651 4939 1786 5010 μηδὲ

1901 3861 2090 3908 urens.
2121 3846 2339 3915 quando
2368 3848 2578 3902 scilicet
2599 3847 2844 3899 ﬂammas
2863 3844 3471 3913 dispersilexundantes

1897 3935 1952 3989 in
1985 3937 2253 3990 malorum
2306 3939 2630 4006 perniciem,
2678 3950 2980 4002 earumque
3033 3935 3140 3987 vim
3202 3937 3466 4000 exercuit,

1897 4025 2160 4080 invadens
2208 4027 2627 4080 circumstantes
2679 4023 3001 4078 Chaldaeos.
3052 4022 3289 4078 Aliunde
3339 4039 3468 4076 vero

1895 4128 2114 4173 sanctos
2144 4118 2285 4172 roris
2314 4119 2487 4173 instar
2514 4117 2890 4186 refrigerabat,
2921 4124 2975 4168 et
3009 4130 3039 4168 a
3073 4114 3182 4169 Deo
3206 4125 3466 4170 enervata

1894 4211 2108 4266 sinebat
2161 4211 2240 4265 eis
2272 4212 2378 4264 vim
2413 4211 2554 4265 aeris
2585 4210 2758 4275 illabi,
2814 4209 2916 4262 hoc
2963 4217 3066 4273 est,
3125 4207 3466 4276 refrigerium

1893 4301 2075 4356 alllare
2106 4302 2196 4357 Dei
2235 4303 2439 4371 pueris,
2475 4317 2616 4371 quos
2634 4303 2859 4356 minime
2881 4301 3074 4354 urebat
3103 4299 3342 4362 flamma,
3372 4303 3465 4353 sed

1891 4396 2237 4452 illuminabat
2271 4407 2482 4453 tantum
2517 4397 2935 4454 etillustrabat:
2965 4396 3190 4466 perinde
3215 4411 3278 4450 ac
3305 4397 3349 4450 si
3371 4398 3468 4448 ad-

1890 4502 2084 4542 versus
2119 4487 2213 4542 Dei
2269 4487 2526 4544 inimicos
2585 4496 2870 4558 occupata,
2933 4487 3350 4542 oblivisceretur
3405 4503 3464 4542 se

1887 4576 2164 4632 ﬂammam
2183 4593 2303 4634 esse
2319 4593 2444 4649 erga
2463 4579 2713 4633 homines
2742 4577 2860 4640 Dei,
2895 4578 2979 4631 vel
3011 4586 3268 4646 tanquam
3296 4579 3339 4631 si
3380 4586 3465 4629 to-

1888 4678 1998 4723 tam
2037 4683 2096 4723 se
2121 4669 2258 4723 dans
2302 4669 2576 4723 irruendis
2603 4667 2897 4731 Chaldmis,
2951 4668 3065 4722 aeri
3124 4669 3463 4737 permitteret

1888 4759 2423 4830 refrigerareseniles
2456 4758 2548 4813 Dei
2585 4772 2813 4827 pueros.
2837 4755 2956 4812 Non
2985 4759 3130 4813 enim
3164 4761 3457 4813 tenendum

1886 4860 1969 4906 est
1995 4850 2320 4904 ambientem
2352 4864 2452 4903 nos
2479 4863 2604 4903 aera
2634 4863 2753 4903 esse
2781 4850 3006 4903 omnino
3054 4851 3314 4915 calidum,
3359 4865 3460 4904 nec

1889 4943 2112 4996 immote
2141 4943 2393 4995 standum
2417 4941 2543 4994 huic
2574 4941 2842 5009 opinioni,
2880 4941 2928 4994 si
2971 4958 3077 5011 qua
3135 4943 3452 4998 attendatur

223 5033 534 5103 στοιχητέον
567 5035 633 5102 τῇ
665 5031 793 5104 δόξῃ
821 5032 994 5102 ταύτῃ
1037 5032 1358 5101 ἀστεμφῶς,
1401 5031 1454 5082 εἴ
1496 5048 1551 5082 τι
1585 5046 1785 5100 προσε-

1908 5034 1954 5086 id
1974 5044 2252 5086 auctorem
2272 5034 2534 5087 librorum
2559 5031 2637 5086 De
2667 5031 3216 5100 Providentia,virum
3241 5036 3458 5104 sapien-

215 5123 369 5176 κτέον
399 5124 494 5175 καὶ
517 5121 595 5191 τῷ
620 5123 924 5190 γεγραφότι
951 5122 1076 5184 τοὺς
1111 5119 1244 5190 περὶ
1267 5120 1559 5188 Προνοίας
1587 5119 1781 5185 λόγους

214 5214 362 5284 ἀνδρὶ
396 5213 549 5284 σοφῷ
585 5231 648 5267 τε
676 5215 770 5267 καὶ
817 5213 973 5284 ίερῷ.

281 5306 349 5376 β’.
391 5305 459 5360 Εἰ
489 5306 548 5358 δὲ
576 5306 1136 5376 δοκεῖ,ἀσυνάρτητον
1184 5301 1328 5359 εἶναι
1375 5305 1435 5356 τὸ
1463 5303 1561 5374 τὴν
1610 5303 1781 5373 αὐτὴν

214 5396 438 5465 κάμινον
464 5393 658 5464 φλέξαι
682 5410 743 5447 τε
779 5395 873 5448 καὶ
905 5395 1176 5463 δροσίσαι,
1200 5395 1287 5448 διὰ.
1307 5393 1368 5448 τὸ
1402 5394 1478 5465 μὴ
1511 5394 1780 5466 ὡσαύτως

214 5486 374 5554 ἄμφω
400 5486 788 5556 ἐνηργηκέναι,
812 5484 944 5538 ἀλλὰ
973 5486 1034 5537 τὸ
1071 5486 1167 5554 μὲν
1196 5484 1414 5554 φλέγμα
1443 5487 1508 5554 τῇ
1560 5484 1653 5537 τοῦ
1679 5501 1781 5538 πυ-

215 5579 419 5644 ρόεντος
445 5579 722 5643 ἐπιτάσει,
752 5577 810 5631 rb
839 5577 894 5630 δὲ
927 5578 1186 5648 δράσιμον
1230 5579 1292 5630 οὐ
1324 5579 1388 5647 τῇ
1427 5579 1563 5647 αὐτῇ
1593 5617 1608 5643 ,
1642 5577 1778 5630 ἀλλά

208 5665 434 5721 διαθέσει
460 5667 701 5738 ἑτεροῖα,
729 5670 796 5738 τῇ
828 5670 968 5722 κατά
1023 5669 1230 5734 ἄνεσιν,
1288 5667 1386 5721 εἶτ’
1454 5665 1545 5721 οὖν
1580 5667 1772 5735 ὕφεσιν

206 5758 299 5826 τὴν
325 5757 528 5822 θεόθεν,
557 5757 684 5812 καθ’
713 5757 780 5826 ἢν
801 5757 931 5813 ὡσεὶ
952 5760 1047 5814 καὶ
1075 5759 1151 5829 μὴ
1184 5757 1358 5828 παρὸν
1405 5759 1466 5811 τὸ
1502 5759 1610 5827 πῦρ
1648 5757 1770 5811 ἐλοο

1889 5137 1996 5179 tem
2035 5135 2088 5179 et
2111 5133 2378 5180 sanctum.

1949 5297 2004 5352 2.
2037 5296 2197 5362 Quod
2223 5297 2270 5353 si
2299 5297 2598 5352 absurdum
2628 5296 2838 5352 videtur
2866 5298 3040 5354 eidem
3067 5301 3282 5354 camino
3319 5301 3453 5355 sub-

1881 5390 2054 5446 fuisse
2075 5392 2314 5446 calorem
2345 5391 2506 5445 simul
2539 5400 2593 5444 et
2611 5390 2802 5458 frigus,
2819 5391 2948 5459 quia
2963 5406 3069 5445 non
3094 5392 3276 5446 itidem
3291 5396 3452 5447 ambo

1885 5490 2075 5550 agunt,
2111 5481 2205 5535 sed
2225 5481 2370 5534 calor
2389 5480 2616 5549 ignitum
2635 5478 2843 5544 dilatat,
2864 5478 3034 5549 frigus
3049 5496 3178 5534 vero
3201 5481 3448 5536 eﬂ'ectum

1881 5573 2136 5643 producit
2156 5572 2300 5627 haud
2322 5587 2528 5641 parem,
2561 5573 2654 5626 sed
2690 5572 2989 5626 absimilem
3021 5572 3326 5627 remissioni
3349 5588 3446 5626 seu

1880 5665 2225 5728 relaxationi,
2282 5680 2376 5734 per
2438 5679 2600 5732 quam
2661 5663 2923 5718 divinitus
2971 5663 3108 5732 ignis
3155 5672 3210 5714 ut
3249 5661 3447 5716 absens

1879 5759 2182 5815 habebatur
2213 5775 2227 5825 ;
2263 5757 2658 5812 advertendum
2681 5755 2733 5808 in
2765 5755 3041 5810 sexcentis
3069 5751 3290 5806 casibus
3314 5751 3444 5805 item
