3916 6244
411 389 512 455 291

1116 392 1538 454 EUSTATHII
1574 395 1863 455 TIIESSA
1877 396 2327 457 LON’lCENSIS
2363 394 2927 455 METROPULITAZ

3561 396 3674 462 292

415 506 639 574 reperiri
665 508 970 564 contrarios
999 507 1226 565 eﬂectus
1259 511 1326 566 ab
1345 526 1451 565 una
1472 527 1638 567 causa
1659 515 1822 569 modo
1841 515 1981 568 valdt

2097 513 2306 580 γίζετο·
2349 511 2708 581 ἐνθυμητέον,
2755 512 2830 573 ὡς
2869 512 2928 562 ἐν
2984 510 3204 580 μυρίοις
3257 512 3504 567 τοιαῦταί
3529 532 3679 578 τινες

411 600 631 652 diverso
655 600 1030 668 procedentes.
1055 601 1332 656 Etmultas
1359 602 1578 670 quidem
1598 602 1654 656 in
1677 603 1984 671 exemplum

412 691 684 746 adducere
723 691 1111 747 similitudines
1142 693 1499 762 facileposset
1522 693 1750 762 impiger
1782 712 1794 758 ;
1823 709 1986 747 unam

415 797 559 836 nunc
593 782 911 836 memorabo
942 782 1118 837 doctis
1146 781 1535 846 clarissimam,
1567 797 1689 850 (una:
1713 781 1791 835 sic
1821 797 1878 834 se
1896 781 1990 832 Ita-

415 876 520 926 het.
569 871 783 928 Peritus
811 875 1142 942 gubernator
1166 873 1272 928 scit
1298 889 1489 928 navem
1525 875 1759 934 salvare,
1788 872 1990 942 pariter

412 977 464 1016 et
492 966 720 1031 perdere
749 981 766 1019 :
801 966 1016 1020 salvare
1045 965 1266 1034 quidem
1296 964 1420 1019 cum
1437 964 1614 1028 adest,
1643 965 1871 1034 perdere
1894 979 1990 1016 ve-

413 1072 472 1108 ro
507 1057 550 1108 si
586 1057 747 1110 absit.
789 1056 1078 1110 Evidenter
1107 1066 1289 1110 autem
1313 1066 1370 1110 et
1402 1057 1565 1125 ignis,
1597 1071 1722 1109 cum
1757 1055 1864 1108 vim
1889 1070 1989 1107 na-

412 1149 642 1201 turalem
675 1164 940 1202 exercere
967 1164 1074 1202 non
1102 1148 1328 1213 valeret,
1347 1158 1476 1202 tunc
1496 1165 1603 1200 non
1629 1148 1821 1201 adesse
1843 1147 1991 1200 vide-

414 1245 592 1293 batur.
632 1239 699 1292 Et
729 1241 800 1294 ita
834 1243 951 1294 sine
990 1241 1064 1306 vi,
1093 1253 1150 1294 ut
1182 1251 1334 1310 puto,
1359 1243 1782 1294 conciliarentur
1805 1241 1861 1293 in
1900 1240 1990 1292 illo

411 1331 628 1384 camino
659 1333 781 1385 dum
807 1333 948 1385 vires
978 1332 1206 1389 diversa:
1240 1341 1475 1395 naturae,
1500 1346 1696 1400 nempe
1727 1332 1808 1386 vis
1831 1331 1984 1400 juxta

413 1432 660 1474 naturam
689 1423 901 1487 urcndi,
936 1435 1168 1492 etsupra
1186 1435 1432 1476 naturam
1458 1423 1834 1490 refrigerandi,
1861 1439 1985 1477 cum

412 1515 598 1581 prmsit
627 1518 893 1570 :uubahus
919 1531 1024 1570 una
1050 1531 1239 1579 causa,
1270 1516 1478 1570 scilicet
1500 1517 1682 1570 divina
1713 1517 1985 1578 voluntas,

411 1620 530 1668 seu,
564 1609 797 1661 utaliter
826 1609 1026 1672 dicam,
1061 1610 1173 1676 ipse
1205 1615 1365 1672 Deus,
1399 1609 1490 1677 qui
1529 1609 1697 1662 simul
1731 1616 1790 1661 ut
1844 1607 1986 1676 ignis

411 1696 786 1753 immaterialis
819 1711 986 1769 utque
1031 1703 1204 1754 imber
1234 1701 1473 1756 caelestis
1497 1701 1748 1754 habetur.
1798 1700 1864 1753 Et
1902 1703 1985 1753 sic

409 1793 701 1858 exponitur
725 1793 962 1846 secunda
985 1791 1206 1846 solutio.

2089 603 2356 682 εὕρηνται
2390 602 2666 655 ἀντίθετοι
2697 601 2973 672 ἐνέργειαι
2995 643 3009 667 ,
3044 603 3334 673 προϊοῦσαι
3386 605 3530 659 κατὰ
3559 608 3679 660 ἑτε-

2094 697 2374 764 ροιοτάτου
2399 695 2578 748 αἰτίου
2617 696 2755 758 ἑνός.
2795 695 2904 748 Καὶ
2947 695 3281 749 καθελκύσαι
3349 696 3450 767 μὲν
3499 716 3678 769 παρα-

2089 786 2403 854 δειγμάτων
2436 786 2638 850 πολλὰς
2686 787 3035 859 ὁμοιότητας,
3063 789 3166 841 οὐκ
3207 787 3358 842 ἐστιν
3394 790 3676 864 ἀπορῆσαι

2089 879 2180 932 τὸν
2210 880 2284 947 μὴ
2321 879 2609 933 ὀκνοῦντα·
2644 881 2918 952 μνηστέον
2966 882 3023 935 δὲ
3074 883 3212 951 πρὸς
3245 884 3306 935 τὸ
3351 884 3528 953 παρὸν
3559 886 3678 946 ἑνὸς

2088 969 2369 1039 ἀριδήλου,
2402 973 2517 1034 τοῖς
2569 988 2631 1038 γε
2683 972 3034 1040 μεμαθηκόσι
3092 973 3442 1043 διακειμένου
3475 974 3674 1036 οὕτως.

2101 1061 2159 1113 ’0
2192 1065 2290 1130 τὴν
2323 1063 2732 1133 κυϐερνητικὴν
2767 1064 2991 1134 ἄριστος
3019 1060 3129 1118 οἶδε
3163 1066 3358 1129 σώζειν
3387 1067 3486 1136 τὴν
3516 1068 3675 1126 ναῦν,

2088 1151 2118 1202 δ
2151 1151 2197 1204 δ’
2220 1154 2384 1215 αὐτὸς
2413 1156 2509 1205 καὶ
2538 1153 2836 1208 ἀπόλλυσιν
2858 1173 2872 1187 ·
2908 1157 3090 1208 ἐκεῖνο
3119 1157 3219 1225 μὲν
3266 1158 3409 1210 κατὰ
3456 1159 3676 1228 πρῶτον

2088 1243 2247 1310 λόγον
2259 1247 2337 1338 ἐν
2370 1244 2446 1312 τῷ
2483 1248 2764 1315 παρεῖναι,
2791 1247 2951 1300 τοῦτο
2976 1248 3034 1300 δὲ
3065 1248 3262 1314 ἄλλως,
3288 1250 3379 1303 ὅτε
3416 1251 3490 1319 μὴ
3525 1251 3675 1320 πάρ·

2091 1352 2231 1389 εστι.
2265 1337 2436 1404 Δῆλον
2467 1337 2562 1406 δὴ,
2602 1338 2685 1390 ὅτι
2718 1340 2811 1391 καὶ
2850 1341 2912 1393 τὸ
2942 1339 3078 1410 πῦρ.
3122 1342 3194 1410 μὴ
3238 1343 3304 1394 τὰ
3331 1342 3474 1395 κατὰ
3509 1342 3675 1410 φύσιν

2088 1426 2314 1492 δυνηθὲν
2351 1429 2670 1495 ἐνεργῆσαι.
2702 1429 2826 1480 τότε
2865 1429 2999 1498 μηδὲ
3028 1432 3288 1499 παρεῖναι
3317 1432 3492 1484 ἐδόκει
3514 1469 3530 1484 .
3563 1433 3675 1485 Kal.

2089 1515 2266 1579 οὓτως
2300 1517 2364 1570 ἂν
2401 1517 2797 1586 συμὸιὸάζοιτο
2823 1520 3110 1583 ἀδιάστως
3157 1518 3312 1590 οἶμαι
3347 1525 3408 1575 τὸ
3436 1524 3538 1593 τὴν
3573 1523 3696 1590 κά-⁶

2093 1626 2252 1674 μινον
2287 1610 2506 1679 ἐκείνην
2544 1612 2856 1680 ἐνεργείαις
2884 1613 3228 1682 ἀξυμῦάτοις
3258 1617 3328 1668 τά
3373 1633 3436 1682 γε
3467 1619 3546 1678 είς
3571 1617 3676 1685 φύ-

2090 1718 2178 1752 σιν
2214 1701 2540 1771 μερισθῆναι
2571 1703 2717 1766 δυσὶ,
2761 1707 2826 1771 τῇ
2883 1721 2942 1756 τε
2992 1704 3088 1757 τοῦ
3138 1705 3345 1760 καῦσαι
3395 1709 3538 1760 κατὰ
3569 1709 3675 1777 φύ-

2093 1809 2200 1851 σιν,
2239 1793 2333 1845 καὶ
2363 1795 2428 1862 τῇ
2485 1794 2578 1846 τοῦ
2627 1795 2767 1864 ὑπὲρ
2822 1796 2982 1864 φύσιν
3015 1799 3287 1868 δροσίσαι,
3339 1801 3676 1871 ἀμφοτέροις

410 1883 530 1942 ἐνὸς
556 1882 977 1944 ἐπιστατοῦντος
1001 1884 1200 1949 αίτίου,
1228 1881 1324 1934 τοῦ
1359 1883 1505 1935 θείου
1534 1884 1979 1953 προστάγματος,
2022 1885 2197 1936 εἰπεῖν
2233 1885 2291 1938 δὲ
2323 1891 2418 1940 καὶ
2454 1889 2678 1958 ἑτέρως,
2714 1889 2872 1956 Θεοῦ,
2905 1890 2989 1956 ὃς,
3055 1895 3104 1944 εἰ
3155 1895 3248 1946 καὶ
3303 1895 3412 1966 πῦρ
3484 1897 3673 1958 ἀύλον,

407 1974 548 2027 ἀλλὰ
577 1974 668 2025 καὶ
709 1975 861 2038 ὑετὸς
894 1976 1144 2045 οὐράνιος
1174 1975 1539 2046 τεθεώρηται.
1591 1980 1702 2031 Καὶ
1747 1970 1850 2030 ὦδε
1885 1977 1984 2046 μὲν
2022 1980 2356 2034 καθέσταται
2385 1983 2482 2034 καί
2504 1981 2574 2034 τὰ
2602 1984 2700 2054 τῆς
2723 1985 2984 2054 δευτέρας
3015 1987 3242 2050 λύσεως.

477 2070 532 2124 5.
577 2071 705 2124 Erat
736 2073 900 2124 etiam
938 2073 1091 2124 tertia
1126 2073 1260 2135 haec,
1295 2087 1610 2142 Supponens
1653 2087 1707 2127 et
1739 2075 1852 2142 ipsa
1889 2089 1977 2127 ne-
2012 2077 2077 2130 B-

409 2164 654 2217 eessario
693 2163 1049 2231 providentiae
1101 2162 1193 2217 Dei
1245 2165 1662 2217 ordinationem.
1699 2164 1812 2218 Hoc
1866 2166 1987 2219 ideo

410 2256 861 2326 ρνιειιοεοειιίίιιιη
890 2265 1011 2310 est:
1040 2256 1218 2310 omnis
1253 2257 1505 2311 videlicet
1547 2267 1700 2311 actus
1731 2258 1989 2310 deterrui-

409 2359 574 2401 natus
605 2364 700 2416 per
729 2348 1155 2412 ordinationem,
1193 2347 1334 2401 sicut
1375 2358 1426 2402 et
1451 2364 1548 2418 per
1590 2349 1853 2402 rationem
1882 2348 1986 2400 im-

414 2422 576 2509 perii,
608 2455 716 2492 non
748 2438 1072 2492 tribuendus
1100 2447 1185 2493 est
1215 2439 1417 2507 agenti,
1451 2440 1543 2493 sed
1575 2440 1876 2505 ordinanti,
1908 2439 1987 2492 si-

412 2548 476 2587 ve
505 2549 595 2585 rex
627 2532 728 2585 iste
756 2534 847 2596 sit,
879 2531 995 2585 sive
1035 2531 1305 2592 dominus.
1335 2534 1449 2586 sive
1479 2533 1586 2584 alio
1607 2531 1799 2600 quovis
1827 2535 1986 2586 modo

411 2639 636 2693 praises.
696 2622 810 2677 Hoc
858 2624 1171 2692 praeposito,
1203 2623 1590 2678 attendendum
1629 2623 1791 2677 etiam
1822 2634 1906 2678 est
1954 2637 1984 2676 a

411 2715 521 2767 Deo
549 2713 862 2778 ordinante,
899 2728 994 2766 seu
1025 2714 1374 2767 ordinatione
1406 2715 1588 2767 divina
1613 2729 1839 2782 magnos
1864 2729 1987 2782 pro-

410 2809 534 2862 duci
560 2808 806 2862 eﬂ‘ectus.
841 2809 1160 2863 Addendum
1210 2826 1429 2878 quoque
1463 2811 1532 2864 ah
1561 2826 1625 2864 eo
1654 2811 1770 2864 ﬁeri
1820 2811 1985 2864 mira-

413 2900 539 2954 bilia
567 2910 620 2955 et
666 2903 1132 2969 supernaturalia,
1164 2913 1212 2955 et
1249 2918 1369 2970 quae
1427 2904 1606 2956 nullus
1652 2905 1816 2956 homo
1848 2903 1984 2956 valet

411 2993 696 3062 attingere,
735 3011 845 3046 uno
869 2997 1064 3057 verbo,
1086 3009 1318 3064 quorum
1346 3009 1544 3049 causas
1567 2997 1804 3047 humana
1830 3011 1984 3048 mens

411 3099 479 3136 ne
497 3084 728 3137 strictim
756 3085 974 3142 quidem
997 3085 1238 3138 delibare
1259 3096 1451 3151 potest.
1477 3088 1796 3153 Quanquam
1818 3089 1985 3155 igitur

413 3173 521 3240 igni
555 3175 830 3228 naturales
855 3175 1100 3242 qua-dam
1134 3176 1320 3228 insunt
1345 3178 1487 3228 vires
1509 3195 1535 3226 ιι
1570 3177 1741 3244 prima
1767 3178 1982 3244 origine

411 3265 601 3319 mundi
649 3275 987 3325 constantes,
1047 3267 1128 3319 hae
1163 3277 1338 3320 tamen
1378 3269 1517 3320 haud
1573 3269 1642 3319 ita
1689 3268 1891 3335 pollent
1927 3277 1983 3320 ut

411 3371 520 3410 non
552 3357 727 3425 possit
761 3367 975 3410 creator
1021 3356 1165 3411 Deus
1193 3357 1424 3410 alterare
1447 3373 1510 3411 ac
1531 3369 1837 3424 permutare
1860 3373 1980 3412 om.

411 3449 692 3502 nimodam
725 3449 863 3517 ignis
895 3449 1278 3517 proprietatem
1311 3462 1364 3503 et
1403 3451 1683 3517 virtutem,
1717 3465 1784 3502 ne
1817 3450 1980 3518 glori-
2009 3424 2051 3480 ο

410 3549 573 3593 eutur
594 3537 773 3592 Persa:
807 3541 944 3607 ignis
971 3540 1211 3593 cultores
1238 3542 1381 3608 quod
1409 3541 1478 3594 sit
1508 3541 1855 3608 omnipotens
1880 3556 1979 3596 nec

410 3630 521 3684 Deo
569 3631 840 3685 subditus.
887 3629 1070 3698 Itaque
1121 3630 1210 3683 Dei
1265 3632 1534 3684 ordinatio
1606 3631 1877 3685 convertit
1925 3641 1980 3686 et

407 3721 709 3788 exstinguit
729 3719 876 3774 vires
899 3719 967 3773 ab
988 3720 1105 3787 ipsa
1131 3728 1326 3773 natura
1351 3720 1636 3785 excitatas,
1662 3721 1810 3774 addit
1829 3735 1979 3782 vero,

408 3813 626 3880 quando
643 3812 778 3875 vult,
799 3811 934 3866 alias
955 3811 1462 3881 supernaturaleset
1481 3813 1836 3881 prodigiosas.
1860 3813 1978 3867 Un-

409 3906 474 3959 de
502 3905 798 3973 aliquando
820 3904 912 3958 alit
939 3903 1080 3972 ignis
1105 3904 1178 3957 ita
1203 3918 1453 3959 corrosor
1473 3913 1526 3959 et
1544 3906 1790 3958 omnium
1815 3904 1975 3968 edax,

406 4007 463 4052 et
493 3997 750 4062 viviﬁcat,
797 3997 909 4052 Deo
938 3997 1277 4066 imperante:
1316 4007 1374 4052 ut
1407 3997 1737 4052 animalcula
1769 4008 1978 4052 testan-

408 4096 497 4140 tur
531 4087 738 4141 nutrita
773 4088 825 4140 in
849 4102 990 4156 aqua
1022 4086 1286 4152 fervente,
1317 4103 1482 4156 quam
1517 4103 1714 4143 manus
1753 4097 1977 4156 tangere

408 4175 620 4244 nequit.
654 4176 800 4229 Idem
831 4177 941 4228 vim
980 4175 1173 4228 urendi
1205 4177 1422 4243 penitus
1451 4185 1704 4243 evacuat,
1741 4177 1848 4232 Deo
1863 4185 1978 4232 sta-

409 4275 615 4330 tuente,
670 4277 732 4319 ut
757 4267 1016 4319 invictum
1053 4265 1296 4334 praebent
1318 4280 1697 4336 argumentum
1740 4270 1829 4322 illa
1857 4287 1977 4338 per-

405 4355 578 4407 multa
608 4363 905 4423 martyrum
933 4354 1124 4420 millia,
1151 4355 1248 4424 qui
1289 4356 1468 4426 ignem
1488 4360 1820 4426 superabant
1867 4377 1973 4417 non

407 4444 671 4498 materiuli
699 4461 990 4514 corporum
1027 4447 1291 4515 tegmine,
1329 4449 1422 4502 sed
1454 4452 1814 4507 conversione
1844 4470 1976 4524 pru-

403 4552 486 4590 na:
516 4537 760 4591 ardentis
789 4541 840 4589 in
865 4551 1047 4592 rorem
1068 4537 1502 4606 refrigerantem,
1539 4549 1700 4610 atque
1726 4560 1849 4599 cum
1875 4548 1977 4601 hu-

393 4626 489 4697 jus
517 4629 763 4683 miraculi
792 4630 1218 4698 praecentoribus
1247 4632 1456 4686 sanetis
1494 4634 1680 4702 pueris
1711 4639 1970 4694 conciue-

400 4721 525 4773 bant
561 4722 848 4776 victoriam
875 4723 944 4776 de
973 4722 1117 4791 igne,
1149 4723 1596 4794 triumphumque
1626 4730 1695 4782 de
1720 4745 1786 4782 eo
1818 4731 1968 4799 juhi-
1996 4743 2048 4803 ι)
2073 4740 2189 4794 ὅσοι

400 4811 601 4866 labant.

397 4904 584 4972 δρόσον
614 4904 1024 4972 άναψύχουσαν,
1048 4905 1146 4960 καὶ
1189 4907 1305 4969 τοῖς
1356 4905 1452 4959 τοῦ
1501 4907 1783 4978 θαύματος
1849 4913 2004 4968 τοῦδε

399 4996 539 5048 κατὰ
567 4996 661 5048 τοῦ
700 4999 871 5064 πυρὸς
921 4998 1105 5068 νίκην,
1136 4998 1235 5051 καὶ
1283 5001 1609 5070 χαρμόσυνα
1653 5007 1772 5057 κατ’
1808 5007 1974 5061 αὑτοῦ
2013 5019 2416 5085 παιανίζοντες.

472 5091 523 5142 4.
555 5086 839 5142 Fatebitur
883 5104 1013 5159 ergo
1040 5090 1269 5160 quilibet
1295 5096 1380 5148 vir
1411 5097 1628 5165 sapiens
1660 5099 1838 5167 ignem
1883 5118 1973 5156 ro-

398 5180 613 5234 rilluum
652 5180 771 5233 ﬁeri
805 5180 886 5234 eis
919 5198 1040 5250 qua:
1077 5182 1326 5250 involvit,
1361 5203 1485 5241 cum
1514 5190 1697 5243 divina
1734 5193 1847 5245 vult
1876 5210 1967 5246 or-

393 5272 631 5325 dinatio:
664 5270 938 5339 siquidem
967 5275 1128 5329 rebus
1173 5277 1324 5344 puris
1345 5281 1638 5348 omnisque
1663 5283 1842 5337 sordis
1868 5301 1966 5338 ex-

393 5363 631 5431 pertibus
653 5363 868 5417 vincere
890 5363 1069 5432 ignem
1088 5368 1505 5424 convenientius
1523 5372 1783 5438 cornpcu't
1797 5389 1960 5441 quam

389 5455 648 5519 amianto,
670 5469 854 5521 quem,
896 5455 1049 5523 juxta
1103 5457 1388 5513 historiam
1437 5466 1770 5518 naturalem.
1822 5467 1962 5533 ignis

388 5559 650 5610 superare
679 5560 787 5600 non
820 5548 981 5608 valet,
1034 5560 1094 5602 ut
1127 5550 1286 5604 docet
1336 5555 1694 5620 experientia.
1738 5556 1962 5612 Minime

388 5650 517 5688 vero
540 5637 817 5706 singulare
846 5638 912 5694 de
957 5639 1197 5704 ﬂamma,
1234 5643 1388 5711 juxta
1443 5661 1659 5700 sacrum
1694 5647 1956 5715 Psaltetn,

387 5739 559 5779 rorem
590 5737 800 5784 scatere
827 5731 1054 5795 sanctis,
1079 5747 1202 5785 cum
1248 5735 1468 5789 aliunde
1505 5738 1638 5804 justi
1698 5742 1959 5799 holocau-

383 5826 547 5880 stum,
567 5835 703 5880 aqua
724 5823 1110 5877 succendatur.
1127 5821 1322 5878 Nonne
1338 5829 1565 5881 omnino
1583 5837 1836 5902 congruit
1856 5842 1945 5906 qui

2354 4899 2362 4909 ι
2544 4899 2556 4910 ι
2704 4899 2727 4902 ⁷⁷
2763 4899 2955 4920 Ιν““⁷””“

2045 4929 2498 4995 προκατάρξασιν
2543 4934 2739 5006 ,ίεροῑς
2814 4942 2955 5004 νέοις

2165 2083 2236 2145 γ’.
2281 2072 2392 2130 Ἶῐν
2430 2080 2524 2132 ναὶ
2558 2080 2716 2150 τρίτη
2753 2081 2913 2152 αὕτη,
2951 2082 3154 2153 ἔχουσα
3190 2089 3283 2139 καὶ
3325 2088 3462 2156 αὐτὴ
3500 2106 3676 2158 προσ-

2087 2170 2504 2237 υπακουόμενον
2532 2173 2850 2238 ἀναγκαίως
2872 2175 2933 2227 τὸ
2963 2171 3056 2227 τοῦ
3093 2175 3358 2245 βασιλέως
3381 2179 3518 2232 Θεοῦ
3551 2183 3674 2233 srri-

2086 2277 2300 2328 ταγμαο
2352 2261 2433 2314 διὸ
2461 2264 2558 2315 xui.
2589 2265 2957 2334 προληπτέον,
2985 2270 3066 2321 ὅτι
3106 2271 3256 2322 πᾶσα
3283 2272 3540 2342 ἐνέργεια
3572 2292 3675 2327 πε-

2089 2354 2400 2422 ρατουμένη
2436 2354 2526 2408 διὰ
2583 2359 2959 2428 προστάξεως,
2999 2362 3096 2416 ὅσα
3127 2365 3217 2417 καί
3245 2381 3392 2426 τινος
3443 2368 3676 2438 ἐπιστη-

2089 2445 2424 2514 μοναρχικοῦ
2445 2445 2631 2514 λόγου,
2659 2451 2720 2502 ού
2744 2450 2820 2520 τῷ
2847 2451 3066 2521 δρῶντι,
3096 2455 3235 2508 ἀλλὰ
3251 2456 3329 2526 τῷ
3349 2459 3672 2526 ἐπιτάξαντι

2089 2534 2303 2604 βασιλεί
2339 2539 2525 2606 τυχὸν,
2578 2540 2610 2610 ἢ
2670 2543 3050 2616 οίκοδεσπότῃ.
3098 2548 3132 2616 ἢ
3184 2549 3362 2614 ἄλλως
3417 2553 3671 2607 ὁπωσοῦν

2083 2628 2397 2698 προέχοντι.
2431 2632 2637 2685 Τούτου
2665 2638 3109 2708 προειλημμένον
3140 2644 3298 2712 ἡμῖν,
3331 2645 3669 2716 ἐνθυμητέον

2085 2719 2204 2782 καὶ,
2237 2722 2318 2772 ὅτι
2348 2722 2480 2784 Θεὸς
2507 2726 2815 2782 ἐπιτάττων
2841 2768 2857 2791 ,
2902 2731 2998 2783 καὶ
3047 2733 3193 2786 θεῖον
3223 2736 3576 2805 πρόσταγμα,
3610 2742 3669 2793 τὸ

2088 2810 2147 2876 ἐξ
2184 2811 2377 2877 αὑτοῦ,
2413 2817 2795 2882 μεγαλοποιεί.
2850 2822 3075 2885 Τούτοις
3111 2827 3403 2892 ἐπακτέον,
3457 2829 3539 2881 ὅτι
3573 2834 3668 2882 καὶ

2084 2902 2353 2969 τεράστια
2386 2908 2592 2968 ἐκεῖνος
2641 2913 2809 2975 ποιεῖ,
2842 2915 2936 2965 καὶ
2991 2917 3135 2984 πέρα
3187 2919 3426 2988 φύσεως,
3473 2921 3570 2973 καὶ
3602 2925 3664 2975 οὗ

2085 2997 2206 3048 κατ’
2237 2997 2334 3050 ἄνθ
2595 3002 2675 3053 ’””έ
2872 3009 2882 3022 ‘
3133 3013 3142 3024 '
3294 3007 3318 3030 '
3427 3016 3440 3032 ‘

2106 3036 2118 3047 .
2342 3017 2526 3067 ρωπον
2555 3017 2645 3054 oue
2681 3020 2772 3068 να,
2800 3023 2891 3060 και
2915 3009 3051 3072 ὅλως
3077 3027 3264 3079 φάναι,
3286 3032 3362 3067 ων
3387 3033 3488 3068 ουκ
3519 3016 3666 3070 ἔστιν

2086 3088 2208 3140 οὐδὲ
2240 3091 2557 3160 άκροθιγῶς
2583 3094 2793 3164 ψαῦσαι
2839 3099 3195 3174 ἀνθρωπικὴν
3235 3105 3475 3160 διάνοιαν
3502 3110 3570 3162 τά
3598 3127 3661 3179 γε

2087 3181 2166 3241 είς
2199 3182 2555 3250 αἰτιολογίαν.
2585 3187 2795 3240 Οὐκοῦν
2829 3191 2877 3242 εἰ
2924 3192 3016 3243 καὶ
3069 3194 3145 3262 τῷ
3196 3197 3331 3266 πυρὶ
3387 3200 3662 3269 ἐνέργειαι

2085 3289 2232 3335 τινες
2283 3274 2522 3329 δίδονται
2577 3283 2813 3347 φυσικαὶ
2869 3283 3172 3352 ἀνέκαθεν,
3235 3291 3299 3342 ἐκ
3355 3295 3663 3363 καταϐολῆς

2086 3363 2296 3434 κόσμου
2348 3370 2918 3439 συμπαραμένουσαι,
2958 3375 3073 3429 ἀλλ’
3129 3380 3228 3431 οὐκ
3259 3381 3410 3436 ἔστιν
3471 3385 3663 3450 αὑταῖς

2081 3460 2355 3529 αὐχῆσαι,
2393 3463 2476 3515 ὅτι
2518 3465 2619 3517 οὐκ
2651 3466 2770 3519 ἔστι
2818 3469 2896 3539 τῷ
2949 3474 3237 3542 ποιήσαντι
3273 3477 3390 3545 Θεῷ
3434 3480 3663 3552 δύναμις

2079 3552 2372 3606 ἀλλοιῶσαι
2409 3557 2504 3608 καὶ
2556 3562 2972 3625 μετασκευάσαι
3012 3566 3112 3633 τὴν
3146 3571 3203 3619 ἐν
3241 3571 3319 3640 τῷ
3351 3575 3485 3639 πυρὶ
3523 3593 3662 3628 παν-

2077 3644 2230 3695 τοίαν
2257 3646 2489 3715 δύναμιν
2523 3652 2618 3703 καὶ
2643 3653 2930 3722 ἐνέργειαν
2955 3674 2970 3688 ο
3025 3659 3111 3712 ἵνα
3140 3663 3214 3730 μὴ
3244 3665 3662 3730 άλαζονεύοιντο

2080 3735 2291 3834 Ρέρσαι
2326 3740 2467 3834 πυρὶ
2497 3741 2858 3811 λατρεύοντες
2916 3748 2994 3812 ὡς
3041 3753 3417 3826 πολυδυνάμῳ,
3458 3761 3560 3812 καὶ
3585 3764 3658 3834 μὴ

2078 3825 2144 3878 ἂν
2176 3830 2782 3904 καταδυναστευομένου
2805 3839 2911 3891 ὑπὸ
2940 3845 3033 3894 τοῦ
3054 3843 3211 3898 Θεοῦ.
3232 3849 3324 3902 Διὸ
3346 3851 3659 3907 ἐπιτάσσων

2076 3917 2105 3968 ὁ
2132 3916 2265 3980 Θεὸς
2295 3923 2630 3987 μεταϐάλλει
2653 3929 2750 3981 καὶ
2779 3930 3032 3987 σϐέννυσι
3059 3937 3274 4004 μὲντάς
3296 3942 3455 4007 φύσει
3483 3947 3662 4013 ἐμπυ-

2082 4014 2388 4077 ρευομένας
2419 4017 2559 4088 αὐτῇ
2603 4020 2888 4092 δυνάμεις,
2923 4027 3170 4099 ἐντίθησι
3202 4035 3279 4099 δὲ,
3326 4037 3414 4089 ὅτε
3445 4039 3513 4092 ἂν
3544 4043 3662 4094 ἐθε-

2076 4099 2242 4200 λήσῃ,
2291 4106 2387 4158 καὶ
2433 4107 2654 4201 ἀλλοίας
2702 4118 3026 4182 τεραστίους
3078 4122 3413 4194 ὑπερφυῶς,
3451 4130 3659 4201 Τρέφει

2076 4197 2210 4290 γοῦν
2237 4209 2370 4290 ποτε
2422 4197 2488 4250 τὸ
2516 4199 2659 4254 οὕτω
2693 4205 3022 4276 φθοροποιὸν
3063 4213 3175 4283 πῦρ
3209 4218 3301 4268 καὶ
3335 4197 3657 4290 παμφάγον,

2076 4283 2172 4334 καὶ
2236 4284 2519 4353 ζωογονεί,
2565 4293 2702 4346 Θεοῦ
2737 4301 3057 4366 κελεύοντος
3091 4319 3106 4336 ⁶
3172 4309 3266 4361 καὶ
3313 4319 3656 4384 μαρτυροῦσι

2077 4376 2351 4472 σκυλάκια
2387 4381 2540 4436 ύδατι
2571 4387 2761 4458 θερμῷ
2781 4393 3177 4465 ἐντρεφόμενα.
3211 4376 3516 4472 οὗπερτοὺκ
3539 4409 3656 4464 ἔστι

2074 4466 2272 4568 ιικαύειν
2295 4473 2462 4541 χειρί.
2505 4475 2581 4528 Τὸ
2629 4479 2674 4528 δ’
2703 4483 2837 4534 αὐτὸ
2866 4486 2964 4536 καὶ⁵
2995 4487 3094 4556 τὴν
3121 4489 3322 4545 καῦσιν
3357 4466 3654 4568 καταργεῖ,

2075 4558 2134 4661 ἐς
2162 4559 2222 4612 τὸ
2243 4564 2373 4661 ,πᾶν
2407 4565 2546 4661 θεοῦ
2594 4571 2936 4636 κελεύοντος⁹
2973 4581 3066 4632 καὶ
3109 4586 3408 4653 χορηγοῦσι
3446 4558 3658 4661 μάρξυξ

2079 4647 2200 4753 ρίας
2221 4653 2710 4753 ⁸(ει-τιαρσιγράπτυυς
2751 4667 2803 4717 οι
2837 4668 2934 4720 τοῦ
2967 4647 3656 4753 Θεοῦ-*μάρ-τυρεςῑμύρὲιι

2217 4745 2440 4808 ἐκεῖνοι,
2459 4755 2905 4821 καταπατοῦντες
2931 4759 2996 4812 τὸ
3016 4761 3126 4833 πῦρ
3145 4767 3242 4834 οὐχ
3271 4745 3430 4841 ὑλικῇ
3465 4745 3661 4840 γαο

3010 4951 3518 5019 συναναμᾶποντές
3560 4959 3658 5026 τὴν

2151 5111 2215 5215 δ’.
2246 5117 2420 5215 Athon
2437 5121 2626 5215 τοίνυν
2674 5124 2823 5189 ἄπας
2855 5128 3140 5200 ἐλλόγιμος
3191 5135 3501 5205 ἄνθρωπος,
3533 5144 3660 5215 δρσα

2077 5204 2626 5305 σῶδεςάπεκῦαίνειν
2659 5217 2770 5286 πῦρ
2795 5219 2887 5270 ἐπί
2927 5236 2991 5286 γε
3028 5227 3144 5287 τοῖς
3177 5204 3661 5305 ἐμπεριειλημμέ-

2072 5312 2184 5398 vote;
2207 5299 2375 5398 αὐτῷ.
2410 5303 2574 5371 ἡνίκα
2605 5307 2749 5359 θετον
2777 5309 3031 5377 βούλεται
3061 5317 3422 5388 πρόσταγμα’
3462 5299 3658 5398 ἐπειδὴ

2070 5389 2165 5440 καὶ
2197 5391 2396 5457 πρέπει
2437 5397 2553 5456 τοῖς
2589 5398 2854 5466 καθαροῖς
2886 5403 2980 5452 καὶ
3025 5403 3134 5466 ἔξω
3163 5410 3368 5472 παντὸς
3405 5389 3660 5485 μιάσμαί

2068 5493 2179 5540 τος,
2227 5488 2657 5551 κατευμεγεθεῖν
2700 5491 2796 5542 τοῦ
2841 5495 3019 5562 πυρὸς
3071 5497 3467 5572 εὐλογώτερον,
3505 5509 3660 5579 ἤπερ

2065 5565 2126 5616 τὸ
2157 5569 2278 5620 καθ’
2318 5573 2564 5642 ἱστορίαν
2585 5578 2872 5648 ἀμίαντον,
2906 5578 2969 5636 οῦ
2995 5586 3107 5656 πῦρ
3138 5589 3238 5642 οὐκ
3284 5593 3397 5663 ἔχει
3425 5565 3660 5667 περίγειο

2065 5658 2288 5726 νέσθαι,
2338 5664 2477 5735 ὠςή
2528 5673 2693 5739 πείρα
2751 5677 3046 5742 μανθάνειν
3099 5680 3309 5738 δίδωσι.
3367 5688 3570 5743 Καινὸν
3601 5695 3657 5746 δὲ

2069 5749 2222 5846 οὐδὲν
2252 5753 2495 5821 πάντως,
2523 5760 2588 5811 ἐκ
2637 5762 2837 5832 φλογὸς
2865 5769 3008 5822 κατά
3036 5771 3128 5823 τὸν
3185 5774 3346 5843 ἱερῶς
3377 5777 3658 5846 ψάλλουσαι

2059 5839 2250 5909 δρόσον
2277 5846 2384 5907 τοῖς
2409 5849 2578 5914 ὁσίοις
2609 5857 2984 5921 πηγάζεσθαι,
3015 5862 3069 5914 εἴ
3096 5880 3159 5916 γε
3188 5868 3281 5916 καὶ
3316 5867 3528 5923 δικαίου
3563 5876 3655 5928 (ισ-
