3916 6244
276 368 381 430 293

1201 368 1298 429 DE
1500 365 1808 434 ANANIA,
1840 363 2118 423 AZARIA
2166 365 2259 424 ET
2298 366 2655 427 MISAEIE.

3430 369 3538 432 294

277 487 366 538 σία
399 484 555 539 ῦδατι
611 483 785 546 ἄλλως
839 482 1118 554 φλέγεται.
1159 479 1236 536 Ἦ
1280 482 1390 550 γὰρ
1434 483 1554 552 οὐχὶ
1602 480 1850 550 ἀκριϐῶς

1967 482 2079 546 igne
2108 481 2417 550 refrigerat,
2453 481 2706 534 eumdem
2747 494 2888 549 aqua
2921 477 3269 544 comburere,
3316 488 3372 534 et
3403 498 3536 532 cutt-

275 577 598 644 ἀκόλουθον,
627 575 718 631 τὸν
767 576 828 630 ἐν
859 577 998 645 πυρὶ
1043 575 1388 644 δροσίζοντα,
1441 579 1532 628 τὸν
1576 575 1738 627 αὐτὸν
1771 573 1857 624 καῚ

1971 571 2164 625 cedere
2207 583 2266 627 ut
2295 575 2570 628 contraria
2596 575 3060 628 commisceantur
3100 575 3540 636 conveniantque

278 669 344 722 δι’
373 667 566 731 ὕδατος
603 667 852 738 φλέγειν,
881 668 981 723 καὶ
1027 668 1388 738 παραχωρεῖν
1438 668 1552 728 τοίς
1597 666 1865 726 ἐναντίοις

285 760 584 829 μίγνυσθαι
613 761 708 814 καὶ
733 757 1100 830 συνέρχεσθαι
1133 756 1226 810 καὶ
1251 755 1319 808 τά
1348 756 1596 825 ἀλλήλων
1619 756 1868 825 ἐνεργεῖν

281 852 757 923 άντιμεταδόσεως
800 851 968 922 λόγῳ,
1020 850 1099 910 ὡς
1149 847 1502 902 διδάσκεσθαι
1563 851 1659 900 καὶ
1688 845 1866 908 οὕτως

281 945 452 1013 ἡμᾶς,
489 943 697 1012 ἀγαθὸν
727 941 873 997 εῐναι
904 943 1007 1012 τὴν
1039 940 1300 1011 ὁμόνοιαν
1350 939 1448 994 καὶ
1493 940 1553 992 τὸ
1583 937 1866 1010 σύμφυλον

280 1035 416 1106 αὐτῇ
451 1037 794 1106 φιλάλληλον
815 1052 832 1101 ;
1121 1061 1125 1065 τ

348 1129 412 1184 ε’.
445 1129 777 1199 Περαίνεται
801 1124 896 1184 οῦν
926 1130 962 1199 ἡ
991 1129 1155 1198 τρίτη
1199 1127 1356 1189 λύσις
1405 1127 1485 1190 είς
1509 1125 1571 1180 τὸ
1613 1124 1690 1195 μὴ
1717 1126 1868 1194 ἐνέρ-

284 1239 440 1289 γειαν
465 1223 956 1290 ἁποτεταγμένως,
1005 1221 1168 1290 τήνδε
1201 1221 1236 1290 ἢ
1287 1220 1527 1286 ἐκείνην,
1578 1217 1715 1271 ἀλλὰ
1765 1218 1866 1278 τὰς

283 1313 472 1376 ἁπλῶς
512 1313 823 1382 ἐνεργείας,
859 1311 927 1376 ἀς
973 1315 1000 1366 ό
1029 1313 1164 1374 Θεὸς
1211 1313 1500 1382 ἀπονέμει,
1530 1310 1720 1380 ὥσπερ
1748 1315 1864 1375 τοῖς

287 1405 469 1466 ἄλλοις
507 1404 819 1473 στοιχείοις,
867 1402 1015 1458 οὕτω
1063 1405 1158 1456 καὶ
1210 1403 1288 1474 τῷ
1333 1403 1469 1474 πυρὶ
1525 1402 1866 1471 μετασκευά-

285 1513 422 1558 σεως
453 1496 622 1564 λόγῳ,
645 1497 733 1564 ἐφ’
764 1491 850 1558 οἷς
883 1494 949 1548 ἂν
990 1495 1358 1564 εὐδοκήσειεν,
1406 1492 1861 1563 άπομερίζεσθαι,

283 1588 389 1656 ὅπη
423 1587 624 1657 χρεὼν,
655 1589 732 1651 ὡς
781 1587 946 1646 αὐτὸς
987 1587 1236 1650 ἐπιτάξει
1260 1602 1277 1616 ⁸
1325 1586 1470 1640 καθά
1501 1587 1597 1640 καὶ
1628 1586 1723 1639 νῦν
1753 1585 1863 1638 τῶν

283 1677 604 1730 ὲντεθεισῶν
635 1677 785 1747 αὐτῷ
821 1678 916 1731 δύο
941 1677 1257 1747 ἐνεργειῶν,
1290 1677 1388 1746 τῆς
1413 1694 1474 1729 τε
1512 1677 1653 1730 κατὰ
1699 1675 1864 1745 φύσιν

288 1769 560 1832 καύσεως,
585 1770 679 1822 καὶ
711 1769 806 1823 τοῦ
849 1771 991 1822 κατά
1041 1768 1186 1823 θεῖον
1232 1768 1511 1837 κέλευσμα
1549 1767 1863 1838 ὑπερφυοῦς

284 1861 605 1931 δροσισμοῦ,
628 1862 726 1932 τὴν
761 1862 859 1931 μὲν
894 1861 1036 1914 κατὰ
1054 1860 1162 1914 τῶν
1191 1859 1477 1914 Χαλδαίων
1498 1861 1860 1933 ὲπαφῆκε,τῇ

284 1957 335 2008 δὲ
365 1955 492 2016 τοὺς
526 1954 755 2017 πιστοὺς
793 1953 1137 2014 ἐδεξιώσατο.

360 2043 434 2112 ς’.
467 2048 573 2099 Καὶ
598 2046 714 2105 ἔστι
738 2047 839 2117 μὲν
863 2049 960 2100 καὶ
986 2047 1176 2100 ἀλλοία
1200 2047 1364 2119 καινὴ
1388 2048 1560 2118 πυρὸς
1583 2045 1857 2118 ἐνέργεια,

287 2137 469 2192 θεόθεν
514 2139 923 2209 ὲπιταχθέντος,
973 2139 1152 2193 καίειν
1194 2141 1294 2210 μὲν
1346 2139 1546 2210 δηλαδὴ
1583 2139 1857 2209 σφοδρῶς,

284 2229 344 2282 ού
375 2230 704 2284 κατακαίειν
725 2229 806 2295 δὲ,
857 2231 886 2284 ὂ
931 2231 1026 2285 καὶ
1054 2232 1136 2293 είς
1187 2231 1421 2301 χωνείαν
1458 2231 1756 2303 θεωροῦσιν
1809 2231 1860 2284 οἱ

284 2321 392 2374 τῶν
433 2321 595 2374 θείων
631 2322 950 2388 ἐξετασταὶ,
978 2321 1352 2376 καλλύνουσαν
1393 2323 1469 2386 ὡς
1499 2326 1579 2387 εἰς
1619 2323 1860 2393 χρυσέαν

282 2412 489 2483 λάμψιν
516 2413 644 2476 τοὺς
674 2413 821 2467 ἔνδον
840 2412 936 2467 τοῦ
962 2414 1205 2467 τοιούτου
1237 2415 1428 2484 πυρός.
1465 2413 1604 2469 Ἀλλ’
1626 2414 1736 2482 ἐγὼ
1760 2413 1859 2486 τὴν

281 2507 579 2578 χρυσοχόον
607 2507 814 2578 ταύτην
845 2508 1041 2562 καῦσιν
1095 2509 1156 2561 οὐ
1200 2507 1579 2576 καταφάσκειν
1605 2506 1715 2576 ἔχω
1761 2505 1856 2559 τοῦ

280 2601 610 2656 Χαλδαῖκοῦ·
639 2597 758 2656 οῖδα
780 2604 888 2672 γὰρ
911 2602 1354 2672 παραδεδομένον
1381 2601 1441 2653 τὸ
1473 2601 1650 2666 πάντη
1675 2598 1859 2652 καινό-

279 2710 462 2756 τατον,
497 2691 596 2762 τὴν
627 2693 902 2763 ἀπραξίαν
932 2692 1095 2747 αὐτοῦ
1146 2693 1242 2746 καὶ
1297 2691 1521 2761 ἀργίαν,
1553 2690 1622 2743 δι’
1673 2684 1741 2762 ἦς
1778 2687 1857 2760 μὴ

280 2786 362 2838 ὅτι
396 2801 462 2852 γε
497 2785 761 2853 χωνεύειν
791 2786 920 2850 τοὺς
950 2787 1009 2838 ὲν
1033 2784 1180 2853 αὑτῷ
1207 2783 1480 2852 θεοφιλεῖς
1507 2781 1721 2844 παῖδας,
1741 2780 1857 2835 ἀλλ’

283 2875 403 2928 οὐδὲ
437 2876 862 2947 ύποθερμαίνειν
883 2876 1178 2946 ἠπίστατο,
1227 2876 1656 2944 διατεθειμένον,
1701 2877 1774 2938 ὡς
1807 2875 1856 2928 εί

285 2970 378 3021 καὶ
405 2969 598 3038 δρόσος
621 2970 819 3034 αὐτοὺς
863 2971 1192 3040 περικέχυτο
1221 3009 1236 3025 .
1271 2966 1384 3023 Ἶιν
1430 2970 1486 3021 δὲ
1536 2969 1768 3034 ἐκείνοις
1795 2969 1857 3024 τὸ

287 3061 428 3130 μέγα
452 3062 566 3130 πῦρ
595 3062 773 3116 έκεῖνο
809 3063 902 3116 καὶ
930 3063 1184 3133 καθάπερ
1216 3065 1266 3115 εἰ
1316 3063 1431 3131 φῶς
1461 3063 1725 3132 ἀμυδρὸν,
1759 3081 1856 3134 με-

1970 671 2023 714 et
2065 676 2195 717 suas
2227 663 2464 718 vicissim
2489 673 2826 718 commutent
2857 665 3238 733 proprietates,
3271 674 3432 730 atque
3466 661 3537 714 ita

1969 751 2208 808 doceant
2251 754 2514 824 optimam
2563 770 2684 809 esse
2721 756 3086 811 concordiam
3113 770 3540 826 germanamque

1971 845 2138 919 Irttjus
2163 855 2407 902 mutuam
2455 848 2750 902 amicitiam
2781 848 2804 903 ?

2038 1119 2093 1174 5.
2119 1119 2196 1174 Ad
2228 1119 2332 1175 hoc
2368 1119 2529 1190 igitur
2561 1121 2719 1176 tertia
2755 1123 3039 1176 reducitur
3087 1123 3314 1190 solutio,
3339 1134 3399 1181 ut
3430 1143 3536 1180 non

1966 1207 2224 1263 virtutem
2252 1209 2611 1266 determinate
2653 1211 2792 1264 bane
2825 1213 2910 1265 vel
2974 1213 3140 1278 illam,
3183 1216 3274 1269 sed
3315 1228 3540 1270 cunctas

1967 1300 2216 1356 absolute
2248 1303 2416 1367 vires,
2457 1318 2595 1372 quas
2647 1315 2758 1357 tum
2817 1305 3029 1359 caeteris
3081 1305 3363 1362 elementis
3424 1319 3536 1362 tum

1968 1395 2347 1466 ignilargitur,
2382 1399 2714 1452 transmittat
2737 1396 2877 1452 Deus
2899 1413 2962 1452 ac
3003 1397 3290 1468 dispertiat
3315 1401 3539 1468 quibus-

1966 1503 2184 1555 cunque
2218 1489 2472 1553 voluerit,
2497 1489 2585 1542 ubi
2613 1504 2749 1559 opus
2784 1499 2890 1554 est,
2925 1499 3097 1559 utque
3138 1492 3254 1560 ipse
3288 1494 3535 1546 ordinat:

1967 1579 2111 1634 sicut
2176 1594 2322 1633 nunc
2352 1595 2383 1632 e
2417 1581 2628 1634 duabus
2676 1582 2780 1651 igni
2842 1582 3022 1638 insitis
3070 1582 3299 1647 viribus,
3349 1598 3539 1650 nempe

1965 1674 2290 1729 naturaliter
2319 1674 2696 1740 comburendi,
2748 1685 2801 1729 et
2849 1677 3334 1746 supernaturaliter
3393 1677 3536 1730 divi-

1967 1766 2225 1837 nitusque
2269 1767 2646 1836 refrigerandi,
2705 1784 2867 1826 unam
2917 1771 3138 1840 quidem
3171 1771 3224 1824 in
3251 1771 3537 1826 Chaldaeos

1966 1862 2257 1926 convertit,
2288 1861 2458 1915 altera
2496 1876 2627 1916 vero
2672 1862 2920 1917 tidelibus
2952 1863 3106 1918 favit.

2035 2019 2087 2078 6.
2121 2023 2294 2076 Aliam
2349 2021 2529 2079 adhuc
2559 2025 2949 2094 proprietatem
2995 2024 3156 2079 habet
3186 2025 3328 2094 ignis
3358 2039 3386 2077 a
3425 2025 3534 2079 Deo

1961 2117 2272 2179 ordinatus,
2301 2117 2410 2171 vim
2437 2133 2631 2187 nempe
2665 2117 2877 2179 urendi.
2912 2130 2962 2172 et
2998 2134 3102 2171 non
3137 2119 3529 2172 comlmrendi:

1962 2208 2107 2278 quod
2138 2208 2320 2262 divina
2355 2208 2685 2263 meditantes
2729 2216 2979 2278 spectant
3025 2209 3075 2262 in
3118 2210 3531 2264 tribulationum

1963 2300 2110 2368 igne,
2144 2315 2251 2370 quo
2277 2301 2456 2355 virtus
2485 2311 2544 2354 ut
2576 2307 2770 2356 aurum
2799 2301 3076 2368 eiiquatur
3107 2310 3162 2356 et
3197 2302 3534 2372 splendidius

1960 2391 2335 2446 eollustratur.
2376 2392 2484 2447 Sed
2537 2407 2640 2463 ego
2695 2393 2881 2448 dicere
2933 2409 3147 2463 nequeo
3182 2395 3532 2450 Chaldaicum

1961 2482 2142 2553 ignem
2192 2485 2401 2538 ussisse
2436 2495 2495 2538 ut
2551 2485 2652 2540 iste
2705 2501 2816 2556 quo
2846 2497 3104 2557 purgatur
3152 2503 3378 2556 aurum;
3419 2491 3534 2544 seio

1960 2574 2104 2627 enim
2143 2577 2489 2630 traditionem
2521 2593 2640 2647 quae
2674 2578 2922 2648 perbibet
2966 2579 3115 2633 illum
3149 2581 3346 2650 insigni
3377 2582 3535 2635 mira-

1959 2669 2084 2721 culo
2140 2669 2212 2722 ita
2262 2668 2590 2723 inemcacem
2626 2668 2954 2738 irritumque
2996 2671 3167 2726 fuisse
3197 2671 3420 2737 factum,
3475 2684 3535 2727 ut

1959 2760 2155 2814 nedum
2177 2761 2501 2815 dissolveret
2529 2761 2735 2815 amicos
2753 2761 2846 2816 Dei
2863 2762 3116 2829 juvenes,
3144 2778 3214 2816 ne
3233 2763 3532 2819 calefacere

1961 2853 2180 2922 quidem
2202 2855 2424 2921 valeret,
2444 2854 2540 2909 sed
2570 2855 2720 2908 ﬁeret
2744 2856 2914 2926 quasi.
2931 2871 3019 2910 ros
3042 2855 3121 2910 eis
3143 2855 3530 2914 circumfusus.

1959 2945 2090 2998 Erat
2120 2947 2281 2999 etiam
2310 2947 2419 3001 illis
2446 2947 2633 3018 ingens
2662 2947 2751 3002 ille
2796 2948 3222 3017 focustanquam
3252 2949 3295 3004 si
3333 2952 3534 3005 subob-

1961 3053 2121 3092 scura
2159 3037 2252 3092 lux
2290 3039 2396 3092 luci
2436 3039 2626 3092 \ividze
2666 3039 2886 3093 admota
2909 3041 3306 3110 exstinguatur.
3338 3041 3402 3095 Et
3448 3051 3532 3098 est

282 3155 424 3225 γάλῃ
457 3154 618 3224 φλογὶ
651 3155 916 3222 πελάσαν,
969 3130 1394 3208 ἀποσϐέννυται.
1450 3130 1560 3208 καί
1612 3130 1676 3222 γε
1708 3130 1855 3210 ἔστιν

1967 3130 2180 3200 quidem
2208 3148 2292 3185 res
2318 3131 2472 3184 valde
2505 3146 2834 3202 congruens.
2869 3130 3003 3185 Nam
3056 3133 3201 3202 ignis
3228 3134 3348 3188 fidei
3379 3137 3533 3204 ejus-

277 3246 595 3310 ἀκολούθως
623 3247 748 3316 ἔχον
778 3248 842 3300 τὸ
872 3248 1106 3319 πρᾶγμα
1125 3283 1142 3300 .
1199 3248 1442 3312 Πίστεως
1475 3250 1586 3318 γὰρ
1617 3247 1728 3318 πῦρ
1758 3249 1854 3302 καὶ

282 3342 317 3410 ὴ
349 3339 564 3394 ἐκεῖθεν
593 3339 745 3408 φλὸξ,
774 3338 918 3410 ἆπερ
948 3341 1000 3393 οἱ
1040 3337 1234 3403 παῖδες
1258 3340 1351 3390 ἐπὶ
1411 3339 1488 3409 τῷ
1518 3339 1638 3408 Θεῷ
1686 3340 1856 3410 ἐπύρ-

282 3448 460 3494 σευον,
485 3430 811 3501 ἀξύμμετρα
826 3427 970 3502 ἦσαν
987 3431 1123 3500 πρὸς
1139 3430 1200 3483 τὸ
1222 3431 1525 3484 Χαλδαῖκὸν
1548 3432 1643 3484 καὶ
1676 3433 1858 3502 ἀσύμ-

281 3522 492 3590 ϐλητα·
526 3525 623 3575 καὶ
673 3521 858 3575 τοίνυν
907 3521 1300 3592 κατεμάραναν
1358 3523 1471 3592 πῦρ
1530 3523 1710 3576 ἐκεῖνο
1759 3525 1856 3576 καὶ

283 3613 616 3682 ἀνθρακιὰν,
645 3613 743 3684 τὴν
763 3613 886 3668 κατ’
912 3613 1068 3678 αὐτὸ,
1105 3613 1278 3685 ἑτέρῳ
1314 3613 1543 3685 μείζονι,
1573 3616 1671 3669 καὶ
1715 3614 1857 3668 θειο-

279 3705 448 3774 τάτῳ,
480 3705 574 3757 καὶ
600 3704 690 3758 διὰ
714 3704 874 3757 τοῦτο
900 3705 1168 3775 ἀστέκτῳ.

350 3793 417 3859 ζ’.
464 3795 665 3864 Ἐχρῆν
690 3794 800 3863 ἄρα
832 3795 957 3857 τοὺς
991 3794 1436 3864 ὲκκεκαυμένους
1463 3795 1540 3864 τῷ
1561 3795 1701 3849 κατὰ
1721 3795 1856 3849 Θεὸν

281 3885 428 3954 ζήλῳ
461 3884 538 3952 μὴ
589 3879 729 3936 εἶναι
781 3884 1120 3944 καταπόνους
1167 3883 1412 3954 αἰσθητῷ
1459 3885 1653 3956 ἐκείνῳ
1700 3887 1854 3955 πυρὶ,

283 3978 420 4028 ἀλλά
459 3974 858 4043 καταχορεύειν
883 3972 1072 4039 αὑτοῦ,
1103 3974 1180 4040 ὡς
1211 3977 1262 4028 εί
1302 3977 1398 4028 καὶ
1429 3975 1655 4044 ψύχοντι
1690 3975 1857 4043 ἐμϐε-

285 4070 515 4138 6ήκασιν
540 4066 714 4120 ὕδατι.
740 4065 970 4137 Ἐφριξε
991 4066 1122 4136 γὰρ,
1140 4067 1283 4119 κατὰ
1305 4067 1398 4119 τὸν
1419 4063 1593 4129 οὕτως
1610 4065 1855 4130 εἰπόντα,

277 4163 374 4215 καὶ
406 4157 520 4224 εἶξε
547 4161 800 4228 σώμασιν
837 4157 1040 4226 ἁγίοις,
1089 4155 1171 4220 οἷς
1202 4157 1336 4221 Θεὸς
1384 4157 1598 4228 ἐνῴκει,
1633 4161 1693 4211 τὸ
1735 4159 1857 4210 σύν-

280 4251 466 4304 ὸουλον
499 4249 638 4321 πῦρ,
670 4252 763 4303 καὶ
795 4249 895 4302 οὐκ
931 4244 1044 4319 εἶχε
1069 4251 1183 4312 τοῖς
1222 4249 1467 4318 γνησίοις
1515 4248 1725 4301 ἐκείνου
1773 4249 1861 4300 θε-

287 4343 585 4412 ραπευταῖς
627 4339 690 4392 τὸ
736 4341 996 4392 ταπεινὸν
1046 4339 1402 4392 ἀνθίστασθαι
1433 4355 1448 4369 ο
1496 4337 1613 4392 ἀλλ’
1647 4338 1722 4400 ὡς
1771 4333 1857 4390 οἷα

283 4430 670 4503 κρυσταλωθὶν
696 4429 776 4498 τῷ
807 4429 960 4499 φόϐῳ
989 4430 1344 4500 κατηργεῖτο,
1378 4427 1475 4481 καὶ
1505 4428 1566 4480 τὸ
1593 4427 1693 4499 τῆς
1723 4426 1857 4482 καύ-

284 4541 421 4587 σεως
454 4524 556 4576 οὐκ
587 4519 734 4592 εἶχεν
777 4521 1025 4593 αῦχημα.

348 4612 419 4683 η’.
451 4613 672 4684 Ταύτης
700 4614 766 4682 δὴ
795 4615 892 4666 καὶ
923 4613 1114 4684 τρίτης
1149 4611 1593 4684 ἐπενηνεγμένης
1623 4613 1852 4678 λύσεως,

284 4705 558 4776 παρετέθη
573 4705 712 4774 αὐτῇ
737 4706 833 4757 καὶ
855 4704 1069 4774 ἑτεροῖα
1092 4703 1326 4775 τετάρτη
1348 4703 1514 4774 αῦτη.
1538 4703 1853 4773 Ἐνεργείας

286 4797 431 4850 ἐστιν
464 4795 783 4865 ἐψαλμένας
813 4795 1050 4849 ἐνταῦθα
1075 4795 1270 4864 νοῆσαι
1308 4797 1402 4848 καὶ
1423 4796 1521 4856 τὰς
1542 4790 1611 4865 ἦν
1638 4796 1728 4846 ὅτε
1753 4793 1856 4848 πά-

282 4887 365 4940 λαι
396 4888 530 4940 ποτὲ
562 4885 642 4956 τῷ
688 4886 822 4956 πυρὶ
872 4886 1316 4956 ὲνθεωρουμένας
1341 4901 1356 4916 ⁸
1385 4887 1485 4940 οὐκ
1514 4885 1742 4948 ἀπεικὸς
1771 4885 1852 4948 δὲ,

283 4982 454 5032 εἰπεῖν
484 4978 582 5032 καὶ
627 4977 1094 5048 ἑνοπτριζομένας
1147 4979 1389 5049 μεγάλας
1434 4979 1531 5031 καὶ
1562 4977 1852 5041 θειοτὰτας

285 5073 626 5134 ἁπεκόάσεις
666 5069 962 5141 ἐσύστερον
1009 5071 1118 5126 τῶν
1148 5070 1436 5140 γραφικῶν
1465 5071 1563 5140 τῆς
1593 5069 1851 5138 ἀληθείας

283 5164 602 5228 τυπώσεων,
634 5161 701 5226 ἃς
751 5163 1147 5233 ὑπογραφικῶς
1198 5162 1649 5231 ἐσκιαγράφησεν
1678 5163 1854 5214 ἐκεῖνο

282 5258 340 5310 τὸ
368 5253 501 5325 πῦρ,
537 5257 595 5309 ἐν
629 5249 719 5318 αἶς
751 5256 861 5309 οτοῦ
891 5256 1144 5327 Σωτῆρος
1188 5257 1346 5327 ἡμῶν
1401 5255 1578 5324 Ἰησοῦ
1613 5251 1850 5322 Χριστοῦ

283 5347 663 5412 ἀπεικονίξετο
685 5346 964 5417 γέννησις,
989 5348 1111 5400 καθ’
1135 5349 1202 5419 ην
1225 5347 1381 5399 τοῦτο
1397 5345 1461 5415 δὴ
1488 5346 1550 5398 τὸ
1579 5346 1853 5412 πάμμεγα

283 5439 587 5507 τεράστιον,
617 5437 680 5490 τὸ
707 5437 808 5506 τῆς
843 5437 1098 5501 θεότητος
1145 5437 1278 5506 πῦρ,
1309 5437 1383 5498 ὡς
1416 5439 1474 5488 ἐν
1505 5436 1689 5499 ἄλλοις
1719 5435 1857 5504 ψάλ-

282 5528 450 5594 λεται,
477 5530 582 5600 τὴν
613 5529 886 5600 παρθένον
912 5531 1013 5584 οὐκ
1033 5530 1286 5600 ἔφλεξεν,
1317 5525 1404 5583 οἷα
1433 5529 1643 5600 ὄμϐρου
1670 5529 1850 5598 δίκην,

281 5620 338 5673 δν
383 5622 702 5691 προφητικὴ
750 5623 945 5693 ὅρασις
991 5623 1269 5694 ἐθεώρησε
1317 5627 1732 5694 πυρφορήσασα
1760 5621 1852 5673 τὸν

282 5715 374 5780 τῆς
405 5713 638 5783 Τριάδος
685 5713 782 5765 ἕνα
821 5714 1078 5784 Χριστόν.
1145 5715 1470 5786 Ἐνεργειῶν
1499 5715 1647 5784 λόγῳ
1673 5712 1850 5767 ταῦτα

281 5805 524 5872 πυρίνων
578 5805 840 5876 ἀρρήτων
895 5807 1201 5877 γεννήσεως
1259 5807 1598 5875 ὑπερφυοῦς,
1641 5805 1707 5858 δι’
1753 5801 1844 5873 ἧς,

1880 4493 1934 4554 D

1959 3239 2064 3295 que
2087 3222 2322 3287 ﬂamma,
2349 3222 2549 3293 quibus
2573 3222 2725 3292 pueri
2765 3225 2816 3276 in
2851 3223 3016 3278 Deum
3047 3221 3364 3294 ﬂagrabant,
3412 3231 3532 3281 nul—

1959 3314 2067 3368 lam
2136 3313 2408 3368 habebant
2473 3315 2882 3382 proportionem
2952 3315 3529 3384 comparationemque

1958 3422 2084 3462 cum
2114 3406 2237 3476 igne
2262 3404 2595 3460 Chaldaico:
2633 3406 2776 3459 unde
2807 3404 3156 3461 infuscabant
3179 3409 3354 3478 ignem
3384 3409 3530 3462 hunc

1960 3497 2192 3568 ejusque
2238 3497 2486 3549 ardorem
2537 3495 2711 3550 altero
2759 3497 2998 3566 majore,
3049 3513 3114 3554 ac
3158 3497 3528 3564 divinissimo,

1958 3590 2190 3661 ideoque
2219 3587 2573 3642 intolerabili.

2031 3769 2080 3824 7.
2109 3769 2408 3839 Oportebat
2444 3769 2609 3837 igitur
2640 3768 2756 3824 zelo
2801 3767 2897 3824 Dei
2949 3783 3210 3826 accensos
3245 3772 3352 3840 igni
3407 3772 3533 3828 huic

1957 3863 2202 3916 sensibili
2239 3862 2380 3915 haud
2415 3877 2537 3915 esse
2569 3861 2830 3930 impares,
2863 3863 2958 3915 sed
2993 3863 3322 3937 superiores,
3374 3865 3530 3932 (μιαδί

1957 3953 2207 4024 frigidam
2244 3954 2518 4024 ingressos
2567 3968 2786 4022 aquam.
2837 3951 3123 4005 Infremuit
3172 3954 3344 4015 enim,
3377 3964 3433 4007 ut
3458 3956 3530 4010 ita

1957 4052 2158 4111 dicam,
2200 4058 2257 4103 et
2306 4030 2474 4103 cessit
2506 4049 2830 4116 corporibus
2870 4048 3082 4102 sanctis
3114 4063 3234 4117 qua:
3270 4047 3410 4101 Deus
3451 4049 3532 4100 in-

1957 4143 2260 4206 liabitabat,
2295 4142 2587 4196 famulatus
2622 4141 2783 4210 ignis,
2817 4153 2918 4193 nec
2952 4139 3128 4209 potuit
3177 4139 3396 4208 inclytis
3437 4139 3527 4194 ltci

1957 4236 2141 4307 pueris
2173 4251 2325 4290 suam
2365 4249 2640 4303 opponere
2669 4233 2948 4298 vilitatem,
2986 4234 3080 4287 sed
3120 4233 3264 4287 velut
3302 4237 3531 4288 horrore

1955 4327 2164 4398 gelidus
2189 4338 2242 4412 et
2273 4327 2456 4393 hebes,
2489 4342 2647 4382 urere
2669 4341 2778 4382 non
2811 4326 3178 4396 praesumpsit.

2031 4598 2086 4653 8.
2128 4598 2317 4652 Allata:
2348 4595 2425 4650 illi
2449 4598 2625 4652 tertia:
2655 4596 2916 4652 solutioni
2945 4597 3130 4650 addita
3158 4607 3242 4650 est
3272 4597 3386 4651 hac
3424 4598 3528 4652 alia

1959 4699 2176 4759 quarta.
2201 4689 2512 4756 Recogitari
2541 4688 2685 4741 enim
2715 4699 2966 4756 possunt,
2998 4697 3108 4739 tum
3138 4702 3258 4754 qute
3287 4687 3373 4740 hic
3399 4703 3531 4754 pra-

1961 4783 2084 4839 iatae
2115 4791 2242 4837 sunt
2275 4781 2527 4843 virtutes,
2572 4790 2685 4833 tum
2736 4793 2858 4847 qua:
2898 4778 3193 4845 aliquando
3224 4777 3430 4846 pridem
3471 4779 3525 4831 in

1961 4875 2085 4944 igne
2115 4873 2530 4942 conspiciuntur
2555 4888 2569 4936 ;
2598 4886 2699 4925 nec
2731 4869 3010 4924 immerito
3037 4869 3269 4923 dixerim
3298 4871 3441 4924 velut
3473 4871 3526 4924 in

1960 4965 2183 5036 speculo
2229 4961 2471 5033 prospici
2515 4977 2741 5031 magnos
2780 4961 3266 5033 divinissimosque
3301 4975 3529 5019 eventus

1959 5067 2282 5113 consecutos
2302 5053 2655 5124 scripturales
2677 5053 2919 5108 veritatis
2939 5053 3164 5124 ﬁguras,
3183 5072 3320 5124 quas
3341 5060 3530 5108 adum-

1961 5153 2154 5206 bratim
2189 5148 2497 5203 delineabat
2549 5147 2637 5202 me
2681 5145 2852 5216 ignis,
2893 5155 2948 5200 et
2981 5147 3182 5215 quibus
3233 5146 3530 5202 Salvatorfs

1959 5242 2132 5298 nostri
2176 5241 2598 5312 portendebatur
2632 5239 2910 5294 nativitas.
2959 5237 3019 5292 in
3063 5238 3166 5294 hac
3207 5240 3374 5306 enim,
3435 5257 3530 5309 per

1961 5337 2176 5406 insigne
2205 5332 2554 5396 miraculum,
2583 5331 2884 5386 divinitatis
2916 5331 3086 5398 ignis,
3120 5337 3178 5384 ut
3208 5332 3337 5386 alibi
3379 5333 3527 5386 cani—

1958 5439 2068 5493 tur,
2108 5427 2371 5496 virginem
2411 5426 2554 5477 liaud
2609 5425 2768 5489 ussit,
2805 5440 2923 5494 quae
2973 5423 3166 5478 imbris
3197 5424 3372 5478 instar
3402 5439 3528 5490 pro-

1957 5521 2168 5591 phetica
2202 5519 2412 5573 visione
2445 5517 2738 5586 prospecti,
2795 5517 2975 5586 ignem
3025 5517 3276 5584 gestavit,
3333 5528 3526 5579 nempe

1956 5627 2126 5666 unum
2178 5611 2246 5665 de
2298 5609 2568 5664 Triuitate
2625 5608 2926 5664 Christum.
2979 5607 3280 5662 lneﬂabiles
3336 5605 3524 5657 insunt

1954 5706 2096 5774 ignis
2122 5701 2483 5772 pr0prietates
2513 5699 2910 5770 supernaturali
2934 5698 3061 5752 huic
3093 5694 3359 5748 nativitati
3384 5713 3398 5758 ;
3427 5709 3522 5760 per

1953 5812 2140 5868 quam,
2179 5795 2324 5848 velut
2365 5809 2459 5862 per
2490 5793 2669 5864 ignem
2716 5794 2994 5847 ardentem
3033 5787 3191 5843 simul
3224 5797 3277 5841 et
3310 5788 3520 5841 viviﬁce
