3916 6244
383 309 489 372 295

1131 311 1546 374 EUSTATHII
1588 310 1876 370 TI-IESSA
1889 309 2345 371 LONICENSIS
2387 306 2947 370 METROPOLITXE

3527 305 3635 371 296

386 427 741 488 irrorantem,
769 422 947 477 omnis
970 422 1182 491 impura
1216 433 1426 475 natura:
1450 431 1647 475 nostra:
1678 421 1930 475 materies

2060 423 2160 474 ὅσα
2195 421 2289 473 καὶ
2325 417 2496 489 πυρὸς
2543 417 2893 487 φλογίζοντος
2948 415 3064 485 ἅμα
3091 425 3188 467 καὶ
3215 414 3482 482 ζωογόνον
3511 415 3635 484 δρο-

382 533 505 586 quae
536 514 915 570 Chaldaeorum
947 527 1099 568 more
1123 514 1525 567 concremanda
1556 523 1696 576 crat,
1721 522 1861 567 tosta
1893 519 1954 568 et

383 618 503 662 usta
537 606 659 671 fuit,
688 617 743 661 et
773 608 915 662 sicut
935 605 1245 659 incinercm
1273 614 1564 658 extenuata
1599 605 1733 658 abiit
1766 604 1954 672 periit-

380 715 510 767 que,
538 701 661 769 igne
695 707 1044 768 consumpta,
1072 696 1188 767 qui,
1222 705 1283 751 ut
1308 697 1382 750 ait
1404 694 1696 764 Propheta,
1731 710 1951 749 omnem

2065 515 2331 578 σίζοντος,
2363 514 2514 567 πᾶσα
2547 511 2647 581 μὲν
2673 514 2731 563 ἐν
2760 512 2877 573 τοῖς
2899 510 3023 563 καθε
3047 510 3196 581 ἡμᾶς
3224 510 3475 579 μοχθηρά
3505 509 3633 576 ὕλη,

2058 607 2265 672 ὁπόσην
2295 604 2615 666 Χαλδαῖκῶς
2648 604 2816 673 ἐχρῆν
2848 602 3271 663 κατακαίεσθαι,
3301 601 3631 671 κατεφρύγη

2060 697 2153 750 καὶ
2201 695 2497 766 ἐξεκαύθη,
2547 697 2643 749 καὶ
2677 695 2751 759 ὡς
2794 697 2873 758 είς
2908 695 3037 765 χοῦν
3070 693 3432 748 λεπτυνθεῖσα
3458 692 3632 764 ᾤχετο

380 791 592 858 peccati
620 789 883 843 malitiam
931 784 1211 842 interﬁcit.
1248 785 1402 853 Quod
1442 795 1624 840 autem
1656 785 1930 840 debuitsn.

2059 790 2151 842 καὶ
2181 787 2433 855 egeram,
2465 788 2600 858 πυρὶ
2650 789 3014 856 ἀφανισθεῖσα
3063 785 3145 857 τῷ
3190 787 3521 857 προφητικῷ
3549 786 3632 839 εί-

382 895 602 948 peresse
620 896 682 934 ac
714 879 1025 934 conservari
1056 880 1122 932 ad
1151 879 1318 934 Deum
1346 879 1457 931 vita
1479 877 1719 946 angelica
1751 875 1953 946 gloriﬁ-

376 973 631 1036 candum,
666 971 967 1035 remansit;
1021 979 1076 1025 et
1111 972 1223 1025 haec
1266 970 1485 1025 residua
1524 971 1683 1024 nobis
1711 984 1835 1040 pars
1867 977 1953 1025 est

375 1065 531 1131 quasi
558 1064 714 1132 plebs
742 1064 853 1126 Dei,
884 1079 1006 1131 quae
1028 1072 1081 1117 et
1105 1063 1223 1131 ipsa
1250 1062 1330 1117 illi
1363 1063 1473 1131 igni
1494 1061 1822 1125 consimilis,
1847 1077 1950 1116 nec

374 1155 443 1207 ab
469 1171 531 1206 eo
560 1161 905 1220 consumpta,
932 1154 1024 1207 sed
1058 1153 1242 1206 divino
1271 1153 1598 1221 baptismate
1641 1152 1946 1206 illuminata

373 1244 538 1299 simul
558 1253 614 1299 et
637 1244 979 1315 refrigerata,
1009 1245 1087 1299 sic
1113 1245 1388 1299 diviniore
1428 1244 1598 1311 fulget
1631 1243 1939 1312 splendore.

2054 881 2199 943 πεῖν,
2250 880 2708 933 καταναλίσκοντι
2757 882 2942 933 πᾶσαν
2991 879 3380 949 ἀμαρτητικὴν
3431 878 3633 947 (pauid-

2052 986 2213 1036 τητα.
2265 970 2496 1023 Ὀπόσον
2525 971 2582 1022 δὲ
2616 970 2723 1023 ἔδει
2760 972 3035 1041 περιεῖναι
3066 968 3147 1039 τῷ
3187 969 3289 1038 βίῃ
3330 970 3426 1023 καὶ
3457 969 3630 1034 σώζε-

2055 1062 2181 1113 σθαι
2224 1063 2303 1125 είς
2350 1060 2512 1125 δόξαν
2557 1060 2716 1124 Θεοῦ,
2753 1062 2852 1131 τὴν
2882 1061 2970 1114 διὰ
3000 1061 3282 1115 πολιτείαν
3312 1062 3625 1130 ίσάγγελον,

2054 1153 2443 1224 περιεποιήθη·
2464 1155 2564 1206 acati.
2598 1155 2716 1206 ἔστι
2744 1153 2839 1207 τοῦ
2870 1154 3107 1223 λάχνους-
3127 1154 3321 1208 τούτου
3347 1157 3375 1206 ό
3404 1154 3629 1224 περιού-

2054 1264 2164 1311 ato;
2202 1249 2261 1299 ἐν
2307 1250 2441 1318 ἡμῖν
2471 1249 2600 1311 λαὸς
2630 1246 2726 1301 τοῦ
2783 1245 2943 1311 Θεοῦ,
2975 1249 3004 1298 ὁ
3036 1250 3133 1300 καὶ
3167 1247 3331 1312 αὐτὸς
3361 1247 3439 1318 τῷ
3491 1252 3627 1318 πυρὶ

373 1337 661 1405 προσφυὴς
684 1337 900 1405 ἐκείνῳ,
929 1336 1024 1390 καὶ
1054 1335 1123 1388 δι’
1148 1336 1281 1389 αὐτὸ
1316 1336 1391 1407 μὴ
1414 1335 1966 1403 καταναλισκόμενος,
1993 1337 2129 1393 ἀλλά
2161 1339 2294 1411 θείῳ
2325 1340 2663 1411 βαπτίσματι
2699 1339 3069 1410 φωτιζόμενος
3102 1339 3218 1409 ἅμα
3285 1339 3382 1392 καὶ
3438 1339 3626 1411 δροσι-

371 1430 621 1500 ζόμενος,
658 1435 750 1485 καὶ
781 1432 922 1485 οὕτω
960 1431 1322 1503 πυριλαμπὴς
1368 1431 1642 1503 θειότερον
1687 1434 2099 1503 ἐκφαινόμενος.

443 1525 497 1579 9.
530 1523 638 1579 Has
680 1525 837 1579 nobis
876 1526 1026 1578 clare
1058 1534 1241 1594 postea
1274 1525 1329 1579 in
1362 1524 1679 1580 novissimis
1734 1535 1945 1595 tempo-

371 1618 523 1672 ribus
567 1616 940 1672 manil‘cstatas
985 1612 1336 1686 operationes
1396 1632 1826 1686 prmmonsuans
1870 1616 1942 1673 ob

370 1709 701 1780 inclytorum
737 1708 897 1762 trium
934 1708 1199 1778 juvenum
1253 1708 1571 1765 chaldaicus
1609 1709 1858 1765 caminus
1886 1717 1942 1764 et

372 1803 600 1872 ﬁgurate
626 1803 980 1868 adumbrans,
1013 1819 1175 1858 unam
1196 1804 1417 1874 quidem
1436 1807 1726 1861 exercebat
1751 1805 1943 1860 adver-

2124 1529 2191 1583 θ’.
2229 1526 2445 1592 Ταύτας
2494 1527 2560 1599 δὴ
2589 1529 2690 1593 τὰς
2735 1527 2982 1597 ἐναργῶς
3011 1527 3069 1579 ἐν
3112 1525 3224 1588 τοῖς
3254 1523 3483 1595 ὕστερον
3533 1523 3624 1577 ἐπ’

2049 1622 2281 1692 ἐσχάτου
2318 1621 2428 1674 τῶν
2459 1619 2675 1676 αἰώνων
2698 1617 3133 1690 ἐμφανισθείσας
3162 1618 3298 1687 ἡμῖν
3336 1617 3622 1686 ἐνεργείας

2048 1713 2360 1769 ἐκτυποῦσα
2390 1714 2479 1769 διὰ
2511 1716 2611 1785 τῆς
2639 1715 2748 1768 τῶν
2797 1713 3053 1784 μεγάλων
3077 1712 3247 1780 τριῶν
3280 1710 3488 1762 παίδων
3517 1727 3622 1764 κα-

2048 1808 2352 1879 θαρότητος
2377 1810 2410 1879 ἡ
2437 1807 2717 1878 Χαλδαῖκὴ
2749 1805 3019 1876 πυρκαϊὰ,
3038 1805 3138 1857 καὶ
3180 1802 3469 1864 είκονικῶς
3499 1801 3621 1869 δια-

368 1910 463 1950 sus
490 1895 793 1960 Chaldaeos,
828 1912 967 1966 quos
993 1898 1371 1966 comburebat,
1419 1897 1648 1953 alteram
1704 1912 1835 1952 vero
1887 1897 1930 1951 ir

2048 1899 2434 1970 ζωγραφοῦσα,
2469 1899 2694 1969 ἐμέριζε
2730 1899 2829 1967 τὴν
2865 1897 2965 1969 μὲν
2996 1897 3139 1950 κατά
3168 1895 3278 1949 τῶν
3310 1893 3620 1960 Χαλδαίων,

370 1999 588 2044 sanctos
618 1991 869 2059 juvenes,
915 2004 1053 2058 quos
1099 1989 1474 2059 refrigerabat.
1531 1988 1737 2055 Quodsi
1773 1989 1946 2057 majo-

371 2088 415 2138 ri
438 2085 685 2139 elaritatc
709 2084 1033 2140 elueidanda
1063 2083 1135 2138 sit
1182 2098 1423 2153 praesens
1451 2082 1761 2151 explanatio
1784 2096 1945 2136 ener-

370 2182 470 2247 giae
512 2178 824 2249 Babylonlei
874 2177 1036 2247 ignis,
1086 2176 1360 2231 canticum
1395 2176 1600 2230 divisas
1644 2175 1794 2239 dicit,
1836 2190 1941 2230 non

371 2278 481 2319 tam
516 2268 659 2320 vires
675 2281 795 2334 quae
826 2274 953 2318 tunc
977 2263 1031 2317 in
1062 2262 1155 2317 illo
1173 2272 1329 2317 erant
1349 2274 1403 2318 et
1419 2263 1583 2344 abeo
1612 2263 1945 2319 exerceban-

371 2370 482 2423 tur,
513 2372 674 2428 quam
702 2357 757 2409 in
791 2365 1067 2425 posterum
1094 2353 1329 2418 futuras,
1363 2363 1426 2409 ut
1455 2363 1583 2410 tunc
1616 2355 1831 2425 quidem
1867 2365 1948 2410 ta-

317 2477 333 2490 ι
369 2454 452 2507 les
499 2451 641 2521 ignis
670 2448 1032 2520 pr0prietates
1086 2448 1409 2519 prepltetic'a
1468 2458 1681 2504 tantum
1731 2450 1943 2504 visione

369 2543 831 2615 prospicereutur,
866 2551 1051 2612 postea
1083 2556 1212 2595 vero
1242 2541 1376 2610 ipsis
1393 2542 1571 2597 oculis
1599 2542 1747 2596 clare
1779 2557 1943 2611 appa-

371 2644 568 2699 rerent,
606 2642 660 2688 et
696 2635 777 2689 sic
810 2632 1085 2689 veteribus
1116 2633 1307 2703 ﬁguris
1341 2634 1754 2704 responderent,
1810 2633 1941 2702 jux-

367 2737 422 2782 ta
461 2742 680 2782 sacrum
707 2735 1010 2789 cautorem,
1050 2733 1278 2780 eventus
1317 2723 1394 2779 illi
1422 2726 1754 2796 posteriores
1794 2741 1940 2781 nunc

367 2817 664 2887 adimpleti,
692 2816 910 2886 quando
930 2814 1184 2870 videlicet
1207 2824 1479 2885 concepto
1505 2815 1561 2871 in
1590 2814 1809 2886 Virgine
1850 2817 1938 2869 in-

365 2913 650 2965 combusta
687 2909 808 2979 igne
846 2906 1167 2971 divinitatis,
1200 2907 1344 2960 unde
1375 2916 1530 2961 ortus
1574 2915 1660 2962 est
1700 2906 1823 2961 fons
1856 2905 1939 2959 vi-

365 3011 456 3068 tae,
491 3010 543 3055 et
571 2999 808 3054 ﬂanimls
833 3008 1049 3053 scatens
1083 2997 1147 3052 ad
1182 2997 1487 3052 exuremlos
1520 3011 1710 3051 omnes
1737 2996 1939 3052 diaboli

367 3090 622 3148 tribulos.
645 3103 697 3143 et
731 3103 848 3142 rore
868 3086 1024 3142 dives
1046 3085 1434 3156 adfirrigaudas
1448 3084 1540 3140 Dei
1559 3085 1790 3155 plantas.
1825 3083 1938 3140 llu-

359 3179 602 3255 jusmodi
643 3178 986 3249 operationes
1009 3176 1224 3233 futuras
1246 3176 1493 3233 ﬁdelibus
1524 3177 1742 3247 quidem
1765 3179 1936 3246 laetas,

365 3292 527 3333 secus
556 3289 686 3329 vero
714 3271 1047 3334 inﬁdelibus,
1070 3280 1125 3325 et
1152 3270 1227 3325 ita
1250 3269 1480 3341 singulis
1526 3271 1934 3340 proportionatc

363 3369 681 3424 dividendas
709 3380 912 3436 eosque
940 3364 1212 3420 divisuras
1241 3363 1331 3417 ille
1362 3363 1504 3432 ignis
1535 3354 1929 3434 praeﬁgurabat,

363 3461 601 3514 tnaxima
640 3459 840 3513 virtute
871 3456 1116 3528 prodigia
1144 3455 1382 3512 eﬂiciens
1413 3455 1879 3511 inconciliabilia..

2044 1991 2134 2056 οὒς
2162 1994 2257 2046 καὶ
2283 1991 2583 2061 διέφθειρε,
2615 1990 2712 2061 τὴν
2755 1990 2812 2044 δὲ
2853 1990 2996 2060 ὑπὲρ
3047 1989 3158 2043 τῶν
3186 1987 3350 2041 ὁσίων
3382 1986 3619 2053 παίδων,

2042 2083 2135 2148 οὓς
2167 2085 2465 2155 ἐδρόσιζεν.
2492 2084 2554 2137 Εί
2587 2084 2643 2135 δέ
2675 2101 2728 2136 τι
2776 2084 2884 2153 χρὴ
2914 2084 3017 2152 τὴν
3047 2080 3311 2151 ὑπόγυιον
3338 2080 3493 2133 λύσιν
3520 2095 3620 2132 κε-

2043 2178 2500 2246 φαλαιωσάμενον
2547 2176 2871 2245 διαφωτίσαι
2906 2175 3181 2247 σαφηνείᾳ
3216 2174 3426 2227 πλείονι
3463 2175 3644 2252 ἐνερε-⁸

2044 2264 2205 2338 γείας
2241 2269 2586 2323 Βαϐυλωνίου
2637 2269 2831 2339 πυρὸς,
2861 2269 2895 2339 ἡ
2928 2268 3039 2339 ᾠδὴ
3089 2267 3239 2335 λέγει
3283 2266 3615 2337 μερισθῆναι

2041 2361 2102 2413 ού
2134 2362 2320 2427 τὰςὲν
2350 2361 2500 2433 αύτῷ
2534 2361 2761 2426 ἐνούσας
2787 2362 2882 2414 καὶ
2908 2360 2979 2414 δι’
3010 2359 3179 2416 αὐτοῦ
3211 2361 3418 2413 ἐκείνου
3448 2363 3616 2431 ἐνηρ-

2042 2453 2305 2522 γημένας,
2336 2454 2474 2507 ἀλλά
2502 2457 2616 2517 τοῖς
2646 2455 2704 2506 ἐν
2733 2452 3213 2523 ύστέρῳδερόνοις,
3236 2450 3326 2504 ἵνα
3358 2451 3481 2503 τότε
3512 2452 3617 2519 μὲν

2041 2545 2391 2612 ἐμφαίνοιντο
2436 2544 2493 2599 αί
2543 2544 2790 2599 τοιαῦται
2820 2544 2898 2610 τῷ
2923 2544 3064 2612 πυρὶ
3087 2543 3360 2611 ἐνέργειαι
3390 2543 3615 2595 θεοπτ⁶ι-

2041 2635 2197 2701 κῶς,
2222 2637 2278 2696 ἐς
2312 2635 2368 2687 δὲ
2413 2634 2476 2687 τὸ
2512 2634 2708 2705 μέλλον
2759 2632 3198 2704 ὁφθαλμοφανῶς
3240 2633 3612 2702 ἐκφαίνοιντο,

2040 2726 2136 2779 καὶ
2163 2723 2308 2779 οὕτω
2338 2725 2718 2797 προσαρμόζοι
2749 2727 2870 2788 ταῖς
2917 2725 3098 2796 χρόνῳ
3140 2723 3368 2796 ὕστερον
3399 2722 3616 2777 θειοτάρ

2039 2834 2162 2880 ταις
2184 2818 2414 2882 ταύταις
2442 2819 2784 2888 ἐμπράκτοις
2815 2818 3079 2874 ἐκϐάσεσι
3101 2818 3163 2870 τὸ
3193 2817 3360 2871 πάλαι
3383 2816 3486 2887 μὶν
3514 2834 3613 2870 τυ-

2039 2909 2297 2973 ποῦσθαι,
2326 2908 2420 2963 νῦν
2450 2909 2509 2962 δὲ
2534 2909 2881 2980 ἐνεργεῖσθαι
2918 2909 3061 2963 κατά
3090 2908 3183 2960 τὸν
3216 2909 3313 2960 καὶ
3342 2907 3487 2960 οὕτω
3507 2906 3616 2977 ψά-

2039 3002 2233 3069 λαντα,
2255 3003 2345 3054 ὅτε
2399 3000 2603 3071 δηλαδὴ
2644 3002 2704 3054 τὸ
2749 3000 3056 3072 συλληφθέν
3100 3000 3385 3069 ἀφλέκτως
3435 3002 3492 3052 ἐν
3541 3001 3611 3068 τῇ

2040 3089 2295 3160 παρθένῳ
2313 3089 2424 3160 πῦρ
2444 3093 2543 3159 τῆς
2567 3089 2841 3161 θεότητος,
2871 3090 3195 3162 ἀποτεχθείη
3219 3089 3430 3144 ἐκεῖθεν
3456 3091 3611 3162 πηγὴ

2041 3179 2211 3250 ζωῆς,
2245 3180 2487 3249 αὐχοῦσα
2533 3180 2635 3250 μὲν
2665 3182 2760 3234 καὶ
2788 3182 2901 3234 τὸν
2929 3182 3195 3253 φλογερὸν
3239 3183 3382 3236 κατὰ
3423 3183 3612 3253 πάσης

2042 3275 2287 3343 ἀκάνθης
2332 3275 2668 3344 διαϐολικῆς,
2696 3275 3003 3329 πλουτοῦσα
3029 3276 3085 3329 δὲ
3116 3264 3212 3330 καὶ
3239 3278 3301 3331 τδ
3349 3277 3612 3348 δροσερὶν

2042 3366 2134 3420 ἐπὶ
2161 3369 2275 3429 τοῖς
2303 3370 2492 3437 φυτοῖς
2518 3368 2613 3422 τοῦ
2650 3369 2809 3424 Θεοῦ.
2839 3370 3109 3434 Τοιαύτας
3156 3371 3438 3443 ἐνεργείας
3472 3372 3612 3440 μετά

2040 3458 2266 3529 χρόνους
2296 3459 2488 3530 ίλαράς
2520 3461 2621 3530 μὲν
2654 3464 2767 3524 τοῖς
2797 3465 3033 3525 πιστοῖς,
3053 3463 3113 3515 ού
3133 3464 3391 3524 τοιαύτας
3414 3463 3470 3515 δὲ
3495 3466 3609 3523 τοῖς

360 3551 632 3618 ἀπίστοις,
658 3551 749 3606 καὶ
775 3549 927 3627 οὔτω¹
950 3546 1320 3621 μεριζομένας
1345 3547 1627 3616 ἑκατέροις
1652 3545 1917 3614 ἀνάλογον
1952 3548 2051 3601 καὶ
2091 3549 2424 3619 μεριζούσας
2452 3549 2649 3613 αὐτοὺς
2671 3587 2688 3617 ,
2709 3548 2771 3602 τὸ
2801 3548 2913 3621 πῦρ
2944 3553 3122 3606 ἐκεῖνο
3160 3550 3606 3623 προαπακὸνιζε,

359 3654 591 3723 δυνάμει
644 3649 917 3721 κρείττονι
970 3644 1227 3717 ἐνεργοῦν
1276 3642 1563 3714 ἀξύμὸατα
1616 3643 1842 3713 τέρατα.

434 3750 521 3805 10.
563 3746 654 3802 Illa
680 3754 874 3817 quarta
907 3743 1088 3799 tribus
1126 3741 1309 3807 addita
1355 3740 1555 3795 solutio
1583 3749 1669 3794 est
1696 3739 1927 3793 ultima:

358 3842 495 3897 nihil
518 3841 660 3894 enim
687 3837 919 3908 amplius
949 3843 1198 3906 superest
1227 3834 1295 3889 ad
1354 3833 1678 3889 solutionem
1731 3831 1929 3902 prioris

359 3932 712 3990 dillicultatis.
747 3931 985 3983 Alteram
1010 3942 1142 3982 vero
1168 3925 1398 3981 inferius
1416 3926 1471 3980 in
1496 3938 1747 3980 sermone
1764 3937 1930 3992 expo-

358 4027 541 4084 sitam,
567 4035 630 4075 ae
652 4019 938 4074 deductam
963 4033 1027 4072 ex
1049 4018 1134 4072 his
1153 4017 1366 4072 verbis:
1408 4014 1636 4086 Utraque
1660 4017 1925 4079 ins-(aura,

2110 3735 2163 3794 t'.
2204 3735 2352 3808 Αὕτη
2378 3738 2470 3792 καὶ
2494 3740 2528 3808 ἡ
2562 3737 2654 3792 ἐπὶ
2679 3739 2799 3802 ταῖς
2825 3738 2974 3809 τρισὶ
3000 3738 3156 3802 λύσις
3181 3740 3214 3809 ἡ
3249 3741 3343 3792 καὶ
3361 3740 3606 3810 τετάρτη

2033 3830 2133 3884 καὶ
2158 3831 2462 3884 τελευταία*
2488 3828 2552 3882 οὐ
2583 3829 2757 3900 γάρτι
2777 3830 2960 3883 πλεῖον
2995 3830 3124 3901 ἡμῖν
3156 3830 3606 3901 προσευπόρηται

2033 3922 2115 3984 είς
2144 3920 2298 3975 λύσιν
2321 3923 2417 3990 τῆς
2436 3920 2662 3992 πρώτης
2689 3923 2944 3991 ἀπορίας,
2966 3922 3065 3986 τῆς
3093 3922 3150 3974 δέ
3183 3937 3248 3990 γε
3283 3921 3400 3992 μετ’
3432 3923 3607 3992 αὐτὴν

2031 4013 2353 4066 ἀνόπιν““τοῦ
2394 4015 2554 4082 λόγου
2605 4012 3156 4084 ἐκτεθειμένης,ῆτις
3191 4012 3495 4084 ὑπεκινήθη
3538 4015 3604 4068 ὲκ

358 4115 566 4170 Christe
587 4113 747 4179 Deus,
766 4124 1004 4181 sequens
1028 4107 1320 4162 elucidabit
1351 4107 1681 4174 explanatio,
1713 4105 1924 4160 duabus

2042 4104 2145 4158 τοῦ·
2182 4105 2470 4174 Ἑκάτερα
2492 4106 2834 4175 διόρθωσαι,
2862 4104 3082 4174 Χριστὲ
3103 4108 3136 4159 d
3161 4106 3607 4172 Θεός.Τοιοῦτσς

358 4203 722 4263 solutionibus
780 4209 1040 4268 tanquam
1099 4198 1307 4252 facibus
1352 4196 1631 4250 illustrans
1676 4195 1924 4249 obscurae

2042 4202 2051 4252 ἰ
2080 4201 2468 4270 ὀιαφωτισμὸς,
2493 4198 2613 4254 δυσὶ
2633 4199 2852 4254 λύσεσιν
2878 4200 2952 4261 ὡς
2974 4192 3062 4254 οἷα
3087 4198 3182 4252 καὶ
3209 4198 3458 4269 λυχνίαις
3503 4218 3603 4254 κα-

358 4295 642 4353 εριιιοηιίαι
690 4291 1016 4360 caliginem:
1053 4303 1282 4357 quarum
1315 4287 1536 4357 quidem
1584 4286 1918 4342 solutionum

2042 4295 2323 4362 ςαλάμπων
2353 4295 2452 4365 τὴν
2482 4293 2575 4346 τοῦ
2602 4291 2939 4363 ἀποροῦντος
2991 4291 3252 4360 λογισμοῦ
3300 4294 3594 4355 σκότωσιν,

357 4405 463 4445 una
495 4388 640 4442 clara
668 4395 772 4449 cst,
809 4385 978 4438 altera
1012 4383 1140 4452 quid
1177 4380 1429 4451 profundi
1455 4380 1635 4434 habet.

2042 4381 2104 4442 ὒν
2124 4386 2379 4455 λύσεωνή
2406 4385 2503 4454 μὲν
2520 4384 2884 4453 ἐπιφαίνεται,
2910 4384 2942 4454 ή
2962 4382 3017 4435 δὲ
3036 4383 3130 4434 καί
3149 4400 3199 4435 τι
3232 4381 3431 4452 βάθους
3459 4384 3600 4452 ἔχει.

426 4481 514 4536 Η.
547 4478 679 4546 Quae
708 4484 889 4532 atttcm
935 4482 1020 4530 est
1061 4474 1284 4537 clarior,
1318 4474 1431 4527 hare
1462 4480 1561 4526 est.
1608 4471 1838 4540 Saepius,
1887 4485 1920 4524 ο

2100 4483 2192 4530 ια’.
2218 4477 2326 4529 Καὶ
2355 4478 2388 4547 ἡ
2421 4476 2521 4546 μὲν
2557 4474 2768 4542 ἀϐαθὴς
2796 4474 2884 4544 εἴη
2919 4475 2984 4528 ἀν
3013 4473 3237 4545 τοιαύτη
3258 4489 3274 4507 ⁸
3309 4475 3599 4543 πολλάκις,

356 4575 520 4637 Deus,
552 4571 782 4630 hymnos
809 4581 1014 4622 canens
1039 4567 1160 4630 tibi,
1185 4564 1388 4619 misceo
1415 4562 1579 4618 etiam
1598 4571 1919 4632 peccatum,

2042 4564 2074 4624 ἶ)
2103 4569 2227 4635 Θεὲ,
2256 4568 2454 4638 ὕμνους
2479 4568 2621 4637 ᾄδων
2658 4584 2739 4620 σοι
2771 4568 3143 4638 παραμιγνύω
3171 4569 3267 4622 καὶ
3292 4570 3599 4640 ἀμαρτέαν,

354 4662 487 4718 illud
519 4663 734 4732 quidem
773 4660 1000 4730 pulchre
1031 4656 1256 4721 faciens,
1293 4656 1397 4710 hoc
1452 4670 1579 4708 vero
1612 4669 1916 4724 perperam.

354 4755 787 4824 Oportetigitur,
816 4752 960 4807 sicut
991 4752 1141 4819 prius
1173 4758 1378 4803 rectum
1408 4759 1510 4812 est,
1540 4747 1612 4802 ita
1644 4746 1840 4816 corrigi
1865 4754 1921 4800 et

354 4845 648 4917 posterius,
690 4855 877 4897 utnon
927 4842 1164 4896 alterum
1202 4841 1272 4893 sit
1319 4840 1438 4894 sine
1486 4846 1652 4903 tortu,
1686 4838 1916 4892 alterum

357 4952 485 4992 vero
515 4935 656 4990 male
714 4933 999 4997 claudicet,
1032 4931 1127 4986 sed
1159 4932 1318 4984 ambo
1357 4940 1447 4984 tua
1475 4931 1646 4999 gratia
1682 4930 1918 4997 dirigan-

356 5039 465 5094 tur,
502 5026 646 5099 quod
679 5024 985 5079 alterorsim
1018 5021 1191 5090 vergit
1223 5029 1542 5090 exarquante
1578 5020 1784 5089 optima
1826 5028 1915 5072 tua

357 5118 556 5174 libella.
613 5116 759 5170 Talis
796 5124 879 5167 est
928 5113 1076 5167 illius
1115 5108 1467 5166 difﬁcultatis
1507 5116 1677 5181 pritra
1716 5110 1917 5165 solutio

359 5210 638 5279 liquidior,
682 5206 822 5261 haud
878 5220 1007 5260 vero
1035 5202 1285 5270 dicenda,
1340 5213 1399 5257 ut
1445 5212 1593 5272 puto,
1626 5203 1913 5271 illepidior.

357 5302 539 5355 Altera
590 5310 768 5352 autem
803 5298 917 5352 haec
968 5306 1085 5351 est:
1134 5293 1471 5365 Quandoque
1512 5296 1779 5364 contingit
1816 5310 1917 5350 nos

356 5392 530 5461 loqui,
575 5401 629 5444 et
655 5391 865 5444 nescire
909 5387 1038 5458 quid
1077 5389 1385 5457 loquamur,
1416 5387 1737 5442 sicutetiam
1779 5386 1919 5456 lege-

357 5498 437 5546 re,
460 5491 515 5536 et
539 5481 754 5535 nescire
820 5479 950 5550 quid
1017 5483 1282 5548 legamus.
1315 5481 1381 5534 Et
1415 5484 1517 5537 hoc
1579 5484 1757 5538 evenit
1810 5500 1914 5537 non

354 5587 463 5641 pra-
521 5570 854 5640 ignorantia.
924 5570 1019 5625 sed
1071 5570 1199 5638 quia
1268 5586 1422 5625 mens
1502 5589 1609 5626 non
1688 5574 1917 5629 aJvcrtit

355 5663 422 5715 ad
470 5676 535 5716 ea
601 5677 722 5733 quae
766 5663 1027 5717 dicuntur
1077 5673 1170 5716 aut
1212 5661 1484 5731 leguntur.
1551 5665 1706 5721 Tunc
1760 5667 1911 5720 vidc-

350 5768 477 5807 mur
504 5761 564 5808 ut
586 5754 871 5822 psittacus,
908 5761 1003 5806 aut
1025 5752 1171 5821 pica,
1199 5762 1293 5807 aut
1325 5754 1415 5809 illa
1471 5752 1765 5825 Scriptura:
1797 5760 1906 5810 a~i-

2027 4662 2205 4714 ἐκεῖνο
2242 4659 2340 4729 μὲν
2370 4659 2546 4730 ὀρθῶς
2580 4659 2770 4723 ποιῶν,
2797 4658 2955 4711 τοῦτο
2980 4659 3037 4711 δὲ
3063 4660 3453 4730 .πλημμελῶς.
3478 4664 3600 4733 Χρὴ

2026 4755 2179 4823 γοῦν,
2211 4752 2400 4822 ὥσπερ
2430 4754 2491 4803 τὸ
2519 4752 2737 4821 πρῶτον
2769 4752 3096 4822 διώρθωται,
3135 4752 3279 4806 οὕτω
3312 4757 3600 4822 κατορθωο

2027 4846 2189 4914 θῆναι
2217 4848 2310 4898 καὶ
2338 4845 2397 4897 τὸ
2429 4844 2703 4914 δεύτερον,
2732 4843 2818 4897 ἵνα
2857 4842 2932 4912 μὴ
2961 4842 3190 4911 θάτερον
3236 4844 3335 4912 μὲν
3371 4844 3595 4911 ἀσκαμ-

2027 4937 2232 4998 σεύτως
2278 4937 2399 5009 Em,
2441 4937 2501 4988 τὸ
2548 4937 2605 4989 δὲ
2650 4936 2837 4988 λοιπὸν
2868 4935 3155 5010 ὑποσκάζῃ
3191 4937 3445 5005 φαύλως’
3478 4938 3597 4990 ἀλλ’

2025 5028 2264 5095 ἑκάτερα
2290 5023 2400 5079 εἷεν
2423 5027 2781 5096 ὃιωρθωμένα
2802 5028 2866 5097 τῇ
2902 5030 2966 5096 σῇ
2995 5027 3199 5096 χάριτι,
3228 5028 3595 5081 ἀνισασθέντα

2024 5118 2083 5170 τὶ
2109 5118 2401 5189 ἐτορρεπὲς
2431 5117 2534 5168 ὑπὸ
2573 5116 2666 5169 τοῦ
2702 5117 2795 5168 σοῦ
2817 5117 2987 5169 καλοῦ
3012 5119 3374 5184 ζυγοστάτου.
3399 5119 3597 5172 Τοιοῦ·

2023 5226 2116 5261 τον
2160 5211 2217 5261 τὸ
2265 5208 2322 5259 ἓν
2359 5208 2686 5277 θεράπευμα
2715 5208 2813 5277 τῆς
2842 5208 3075 5277 ἀπορίας
3096 5208 3166 5260 ’τὸ
3198 5209 3595 5278 ἀϐαθέστερον,

2021 5301 2122 5354 οὐκ
2152 5300 2218 5352 ἂν
2250 5300 2307 5353 δέ
2350 5317 2456 5365 τις,
2488 5296 2662 5368 οἶμαι,
2700 5299 2866 5363 εἴποι,
2893 5299 2968 5361 ὡς
3000 5300 3413 5369 ἀμαθέστερονο
3443 5292 3503 5353 τὸ
3534 5302 3595 5353 δὲ

2021 5391 2210 5460 ἕτερον
2259 5390 2373 5458 ἔχει
2420 5387 2616 5447 οὕτως.
2665 5390 2855 5465 Ἔστιν
2885 5389 3052 5442 ἐνίοτε
3083 5388 3267 5444 λαλεῖν
3300 5390 3472 5459 ἡμᾶς,
3494 5390 3595 5442 καὶ

2025 5484 2099 5552 μὴ
2130 5483 2349 5544 εἰδέναι,
2397 5482 2448 5534 τί
2492 5479 2764 5551 λαλοῦμεν
2787 5521 2802 5545 ,
2845 5480 3038 5549 ὥσπερ
3065 5482 3158 5534 καὶ
3189 5480 3594 5548 ἀναγινώσκειν

2026 5575 2144 5643 μὲν,
2181 5574 2253 5643 μὴ
2303 5574 2499 5625 εἰδέναι
2547 5572 2625 5638 δὲ,
2676 5573 2821 5643 ἅπερ
2858 5573 3326 5644 ἀναγινώσκομεν.
3367 5575 3480 5629 Καὶ
3525 5578 3589 5629 οὐ

2021 5665 2183 5731 λέγω,
2240 5663 2379 5717 κατά
2434 5664 2678 5731 ἄγνοιαν,
2711 5666 2848 5717 ἀλλά
2895 5666 3044 5734 παρὰ
3077 5666 3135 5717 τὸ
3182 5667 3257 5736 μὴ
3305 5664 3451 5736 ἔχειν
3495 5668 3592 5721 τὸν

2022 5756 2143 5810 νοῦν
2178 5758 2316 5826 πρὸς
2346 5760 2456 5821 τοῖς
2491 5759 2523 5827 ἥ
2556 5759 2903 5830 λαλουμένοις
2937 5761 2966 5830 ῆ
3009 5762 3548 5831 ἀναγινωσκομένοις
3573 5781 3584 5791 ·
