3916 6244
225 353 326 420 997

1255 349 1354 414 DE
1384 354 1486 414 SS.
1514 345 1826 418 ANANIA.
1871 347 2148 412 AZARIA
2177 353 2267 415 ΕΤ
2303 353 2662 415 MISAELE.

3379 344 3498 414 298

228 469 315 522 ὅτε
347 467 444 522 καὶ
469 461 815 536 ψιττακίζειν
841 457 1133 532 δοκοῦμεν,
1165 465 1197 534 ἦ
1229 467 1369 520 κατά
1398 465 1595 528 κίσσας
1630 465 1804 534 φθέγ-

1941 484 1982 520 ia
2015 467 2186 534 loqui,
2230 478 2286 522 et
2316 467 2497 523 forsan
2539 470 2686 522 velut
2723 467 2777 521 in
2811 466 3025 522 somnio
3054 464 3227 528 εσυ-ἱ,
3281 464 3363 518 τοι
3397 478 3497 530 po-

172 621 174 624 ,
228 558 447 626 γεσθαι,
484 558 518 628 ἢ
557 558 655 610 καὶ
701 557 846 610 κατὰ
893 557 1016 609 ὅνον
1071 556 1290 621 ἐκείνην
1343 556 1442 626 τὴν
1493 555 1802 627 Γραφικὴν,

227 651 364 718 τάχα
394 650 452 702 δὲ
479 649 574 700 καὶ
598 647 674 710 ὡς
692 650 749 700 ἐν
778 649 1012 716 ὀνείροις
1039 647 1243 711 λαλεῖν,
1273 646 1540 716 μενοῦνγε
1561 648 1805 716 παραλα-

228 740 361 804 λεῖν,
399 741 618 809 μήποτε
654 739 712 792 δὲ
737 739 863 811 ξένῃ
890 738 1110 808 γλώσσῃ
1145 737 1245 806 βατ
1257 738 1493 806 ταρίζειν
1514 738 1658 790 κατὰ
1682 737 1807 799 τοὺς

234 834 371 905 μέθῃ
399 834 690 902 κατόχους,
724 831 774 884 οἳ
816 831 987 884 πολλὰ
1022 831 1138 894 νοὺς
1187 831 1310 900 δίχα
1343 829 1591 893 λαλοῦσι,
1631 828 1804 900 βραχύ

231 945 284 980 τι
331 925 683 996 μαινομένων
729 924 888 976 αὑτοὶ
934 923 1340 994 ἐλαττούμενοι.
1394 921 1606 976 Οὐκοῦν
1655 924 1748 976 καὶ
1781 926 1809 976 6

232 1017 494 1088 ὑμνῳδῶν
527 1017 627 1084 μὲν
659 1014 999 1084 ῥεμϐόμενος
1034 1013 1172 1082 πρὸς
1205 1014 1365 1076 ἄλλα,
1400 1014 1496 1067 καὶ
1538 1013 1718 1067 ταῦτα
1745 1013 1806 1066 οὑ

237 1109 487 1178 βιωτικὰ,
516 1102 595 1170 οἷς
625 1109 713 1161 διὰ
742 1109 803 1161 τὸ
832 1109 889 1160 ὲν
919 1109 1103 1167 αὑτοῖς
1133 1108 1332 1161 ἄτοπον
1356 1106 1417 1159 οὑ
1443 1107 1626 1176 χαίρει
1651 1105 1808 1170 Θεὸς,

236 1202 570 1271 ἁμαρτάνει,
605 1199 940 1268 ψευδόμενος
967 1198 1030 1250 τὸ
1063 1197 1160 1250 τοῦ
1192 1199 1328 1251 θεοῦ
1368 1198 1558 1266 σέϐας,
1587 1198 1681 1250 καὶ
1710 1198 1810 1268 τὴν

238 1294 314 1357 εἰς
352 1295 562 1346 ἐκεῖνον
616 1293 760 1344 κατὰ
794 1289 917 1343 νοῦν
967 1290 1232 1342 ἀνάτασιν
1281 1288 1638 1360 κοριζόμενος
1666 1306 1680 1321 ο
1715 1290 1812 1342 καὶ

235 1387 416 1439 τοίνυν
456 1387 517 1438 οὑ
571 1384 831 1453 κατορθοῖ
885 1383 1092 1444 ἐκεῖνος
1125 1382 1189 1435 τὸ
1227 1376 1405 1453 ᾆσμα,
1434 1382 1530 1434 κα)⁸
1569 1382 1636 1434 δι’
1680 1381 1811 1434 αὑτὸ

235 1478 418 1532 δέεται
465 1477 810 1546 διορθώσεως
864 1476 960 1528 καὶ
1012 1475 1198 1538 αὑτὸς,
1245 1474 1388 1528 καθὰ
1442 1471 1537 1528 καὶ
1565 1476 1592 1527 6
1624 1474 1812 1538 ἁπλῶς

238 1573 573 1640 ὲφαμάρτως
604 1569 866 1638 ἐνεργῶν.
925 1568 1014 1631 '0;
1064 1569 1174 1638 γὰρ
1218 1569 1246 1620 6
1291 1555 1532 1630 τοιοῦτος
1563 1569 1662 1620 οὑκ
1696 1567 1813 1620 ἔστι

237 1663 374 1731 πρὸς
411 1665 492 1732 τῷ
525 1663 736 1730 ἀγαθῷ,
765 1661 930 1732 ἡνίκα
962 1663 1180 1729 ἐνεργεῖ
1233 1661 1330 1730 τὴν
1380 1661 1681 1729 ἁμαρτίαν,
1722 1661 1815 1714 καὶ

237 1756 408 1807 ταῦτα
440 1756 576 1807 Θεδν
608 1755 739 1818 ἴσως
767 1756 856 1807 καὶ
881 1751 1035 1817 εἰδὼς
1076 1755 1173 1808 καὶ
1213 1753 1390 1826 ὀρθῶς
1416 1753 1574 1817 εἰδώς
1601 1769 1616 1784 ’
1639 1752 1814 1815 οὕτως

238 1847 357 1899 οὑδὲ
395 1849 422 1900 6
458 1847 646 1915 ὑμνῶν
692 1845 816 1913 μὲν,
842 1844 918 1915 μὴ
950 1845 1248 1898 ἀνατείνων
1296 1845 1352 1897 δὲ
1387 1842 1582 1898 ἑαυτὸν
1610 1845 1690 1906 είς
1722 1844 1812 1896 τὸν

241 1938 588 2007 ὑμνούμενον
623 1938 830 2008 Κύριον
857 1955 869 1970 ’
904 1937 962 2002 ὅς
991 1936 1056 1996 δὴ
1090 1935 1382 2005 ἄνθρωπος
1415 1935 1505 1990 διὰ
1535 1935 1692 1990 τοῦτο
1720 1938 1817 1991 καὶ

239 2035 319 2096 είς
376 2033 536 2086 κενὸν
580 2033 720 2086 κατά
763 2034 862 2102 τὴν
917 2030 1287 2101 εὑαγγελικὴν
1337 2030 1566 2098 γνώμην
1600 2030 1818 2100 κράζων

1917 562 2026 614 tius
2045 558 2285 624 ell‘utire,
2314 569 2367 612 et
2394 561 2691 630 aliquando
2714 559 2948 616 barbara
2977 559 3252 614 balbutire
3282 555 3497 630 lingua,

1912 649 2190 704 ebriorum
2216 650 2386 704 instar
2417 650 2510 717 qui
2542 650 2710 704 multa
2752 649 3016 704 inattente
3047 652 3318 717 garriunt,
3364 661 3501 715 pau-

1915 744 1968 798 lo
1991 743 2059 798 ab
2091 744 2300 799 insanis
2331 744 2725 812 discrepantes.
2763 745 2902 814 Ergo
2934 745 3136 815 psallit,
3191 758 3403 814 vagans
3433 740 3499 794 ad

1915 835 2114 900 aliena,
2139 835 2300 890 etiam
2340 851 2444 888 non
2470 837 2767 900 mundana,
2801 852 2922 905 quae
2967 845 3155 903 utpote
3217 838 3496 907 intempe-

1917 929 2072 994 stiva,
2109 928 2214 982 Deo
2269 927 2582 995 displicent,
2624 927 2910 996 delinquit,
2961 929 3237 984 frustratis
3275 929 3394 994 Dei,
3438 944 3493 984 et

1915 1017 2266 1073 attentionem
2296 1017 2493 1070 mentis
2525 1021 2588 1070 ad
2625 1016 2793 1071 Deum
2813 1016 3160 1074 ell‘cminans:
3195 1034 3303 1076 non
3323 1019 3490 1089 igitur

1913 1108 2100 1176 dirigit
2137 1109 2226 1162 ille
2266 1109 2542 1177 spiritum,
2578 1123 2641 1163 ac
2670 1110 2898 1177 proinde
2930 1120 3080 1164 caret
3123 1111 3240 1179 ipse
3267 1113 3493 1166 rectitu-

1913 1199 2062 1264 dine,
2087 1199 2222 1254 sicut
2251 1208 2304 1253 et
2331 1198 2422 1268 qui
2445 1198 2764 1267 simpliciter
2784 1205 2991 1268 peccat.
3015 1199 3486 1264 Quemadmodum

1913 1293 2058 1346 enim
2109 1292 2198 1345 hic
2246 1307 2353 1346 non
2388 1299 2496 1346 stat
2529 1292 2582 1344 iu
2626 1291 2794 1352 bono.
2841 1307 2962 1345 eum
3005 1291 3136 1346 facit
3186 1303 3492 1363 peccatum.

1915 1384 2164 1452 quamvis
2197 1382 2382 1437 forsan
2415 1382 2586 1438 Deum
2639 1393 2936 1455 cognoscat
2972 1393 3228 1453 recteque
3262 1386 3497 1452 noverit,

1917 1476 1988 1530 ita
2036 1485 2086 1531 et
2137 1477 2229 1545 qui
2279 1475 2487 1546 psallit,
2537 1477 2682 1532 baud
2714 1491 2844 1531 vero
2888 1478 3130 1531 animum
3165 1478 3395 1534 intendit
3429 1481 3495 1531 ad

1919 1561 2208 1617 Dominum
2243 1580 2404 1634 quem
2434 1567 2616 1620 canit:
2647 1566 2739 1634 qui
2767 1565 2986 1634 quidem
3013 1569 3177 1622 homo
3205 1577 3496 1640 propterea

1919 1655 2173 1721 inaniter,
2197 1657 2352 1726 juxta
2376 1659 2746 1727 evangelicum
2773 1659 3018 1724 eﬂ‘atum,
3054 1660 3298 1717 clamaus
3326 1681 3339 1716 :
3392 1662 3503 1716 Do-

1919 1753 2076 1814 mine,
2109 1750 2346 1819 Domine,
2382 1751 2576 1806 merito
2613 1762 2897 1821 reputatur
2931 1770 3032 1808 nou
3070 1763 3124 1809 ut
3175 1756 3363 1810 bestia}
3408 1771 3503 1810 ea-

1920 1845 2064 1898 tulns
2098 1845 2316 1914 rugiens
2343 1853 2392 1899 ct
2420 1860 2673 1913 quaerens
2697 1861 2876 1902 escam
2905 1848 3030 1910 sibi,
3052 1849 3143 1901 sed
3174 1849 3358 1917 potius
3381 1851 3498 1904 vel-

1917 1946 1979 1990 ut
2014 1952 2088 1990 aes
2124 1951 2350 2001 sonans,
2397 1943 2490 1990 aut
2518 1937 2828 2006 cymbalum
2879 1939 3136 2002 tiuuiens,
3188 1950 3285 1994 aut
3318 1943 3507 1996 alaba-

1924 2029 2012 2084 lus
2041 2037 2243 2083 temere
2289 2036 2561 2098 strepens.

239 2125 318 2179 «ιδ’
338 2127 539 2192 Κύριε,
571 2127 768 2195 Κύριε,
810 2125 1034 2190 εἰκότως
1082 2125 1359 2193 λογίζεται
1407 2125 1530 2177 οὑδὲ
1579 2125 1656 2188 ὼς
1708 2122 1899 2190 θηρίου
1937 2125 2176 2192 σκύμνος
2203 2123 2516 2193 ὠρυόμενος
2562 2125 2661 2176 καὶ
2699 2124 2881 2195 ζητῶν
2907 2126 3116 2194 τροφὴν
3142 2126 3342 2197 ἑαυτῷ,
3367 2127 3505 2180 ἀλλὰ

247 2219 446 2288 μᾶλλον
473 2218 550 2282 ὡς
582 2221 662 2278 είς
696 2216 896 2287 χαλκὸν
933 2217 1193 2286 ἠχοῦντα,
1256 2217 1290 2286 ἢ
1321 2216 1606 2285 κύμϐαλον
1671 2215 1958 2281 ἀλαλάζον,
1987 2216 2019 2288 ἢ
2053 2217 2320 2286 κρόταλον
2349 2217 2474 2286 είκῆ
2499 2217 2728 2286 ψοφοῦν.

315 2314 406 2382 ιβ’.
427 2313 522 2364 Διὸ
543 2313 639 2364 καὶ
668 2311 931 2381 ἑκάτερον
953 2311 1208 2363 εὐκταῖον
1243 2309 1323 2379 τῷ
1340 2309 1570 2376 τοιούτῳ
1594 2307 1824 2376 διορθω-

247 2411 408 2477 θῆναι
430 2409 608 2476 ἀνδρὶ,
637 2407 735 2478 τήν
761 2423 820 2459 τε
849 2404 1084 2460 ἀτοπίαν
1106 2403 1216 2457 τῶν
1245 2396 1499 2472 πονηρῶν
1519 2401 1823 2470 λογισμῶν,

248 2503 336 2556 καὶ
367 2501 471 2570 τὴν
497 2497 962 2569 ἀναμεμιγμένην
989 2495 1173 2558 αὑτοῖς
1208 2494 1506 2565 ὑμνῳδίαν,
1534 2494 1631 2548 καὶ
1652 2493 1825 2558 οὕτως

249 2591 678 2664 ἁχρειουμένην.
727 2587 973 2652 Ἐξωθῶν
1005 2588 1114 2656 γὰρ
1147 2586 1245 2655 οὑχ
1274 2583 1465 2654 ὥσπερ
1514 2579 1642 2658 ἦλος
1672 2579 1825 2656 ἧλον,

249 2687 410 2740 τοῦτο
462 2684 530 2754 δὴ
577 2683 640 2736 τὸ
671 2679 1068 2751 παροιμιῶδες,
1111 2679 1226 2732 ἀλλ’
1271 2677 1461 2749 ὥσπερ
1512 2677 1826 2745 ἁγιωσύνην

249 2777 523 2849 ἁμαρτία,
565 2772 711 2830 οὑτω
767 2775 862 2826 καὶ
917 2771 1151 2843 πονηροὶ
1197 2770 1545 2839 διαλογισμοὶ
1596 2769 1830 2832 ἐντελεῖς

252 2871 553 2942 ὑμνῳδίας,
574 2869 672 2928 τὰς
696 2866 756 2932 ἐξ
784 2864 911 2935 ὅλης
937 2864 1205 2929 διανοίας,
1229 2863 1324 2918 καὶ
1345 2863 1403 2928 ἐξ
1431 2862 1558 2933 ὅλης
1579 2861 1828 2933 καρδίας,

251 2968 347 3022 ιιιιῖ⁸
375 2964 437 3031 ἐξ
481 2963 610 3031 ὅλης
661 2957 868 3029 ψυχῆς.
916 2959 1025 3011 Καὶ
1057 2955 1220 3026 δῆλον
1269 2955 1420 3018 αὑτὸ,
1451 2950 1533 3016 οἷς
1567 2953 1831 3015 πολλάκις

251 3060 426 3120 οὕτως
470 3054 789 3125 ὑμνοῦντες,
823 3050 946 3106 οὐδὲ
999 3049 1356 3120 μεμνήμεθα,
1384 3049 1496 3102 εἴτε
1529 3046 1831 3116 ψάλλομεν.

257 3153 428 3207 Ἔνθα
458 3149 577 3212 πῶς
611 3148 676 3201 ἃν
704 3144 900 3215 ψάλλω.
934 3161 1018 3208 τις
1060 3140 1120 3208 ἐξ
1167 3142 1298 3210 ὅλης
1329 3139 1531 3212 ψυχῆς,
1559 3141 1695 3194 ὅπου
1725 3139 1832 3192 πᾶ.

257 3263 357 3300 σαν
388 3244 566 3311 αὑτὴν
600 3242 892 3308 ἀπήγαγεν
923 3237 983 3290 ὲκ
1017 3235 1176 3300 Θεοῦ,
1210 3233 1322 3288 οὐδ’
1352 3235 1480 3303 ἄχρι
1515 3229 1668 3298 γοῦν,
1692 3230 1719 3284 ὃ
1745 3231 1831 3283 λέ-

257 3356 433 3407 γεται,
486 3334 717 3405 σημείου
775 3330 971 3399 ἐκείνῳ
1023 3326 1410 3397 κολλώμενος;
1455 3324 1694 3393 Τοιαύτη
1747 3341 1832 3387 τις

260 3432 438 3484 ῐννοια
468 3424 936 3496 ἐπιμαρτύρεται,
965 3414 1144 3491 οἶμαι,
1175 3419 1465 3489 ἀκρέὁειαν
1498 3418 1590 3471 καὶ
1621 3434 1836 3488 τραγῳ·

262 3525 396 3595 δικῷ
425 3521 627 3590 ἐκείνῳ
676 3516 842 3588 ρητῷν
877 3514 986 3583 τῷ·
1041 3515 1104 3569 Ἦ
1141 3511 1368 3582 Ί⁹λῶσσ’
1414 3509 1752 3580 δμὼμωκεν,
1795 3511 1834 3576 ἢ

264 3617 330 3671 δὲ
355 3614 523 3686 φρὴν
554 3612 882 3678 ἀνώμοτος.
912 3606 1034 3659 Εἰσὶ
1065 3604 1169 3673 γὰρ
1200 3604 1251 3656 οί
1282 3604 1542 3671 προαλεῖς
1567 3605 1622 3656 ὲν
1651 3602 1837 3665 λόγοις

264 3711 416 3770 ὄντες
441 3704 539 3760 καὶ
572 3702 872 3772 προπετεῖς
905 3699 1004 3768 τὴν
1028 3697 1307 3766 γλῶσσαν,
1350 3697 1516 3766 πρινὴ
1558 3695 1725 3765 βάψαι
1756 3695 1838 3756 είς

266 3800 390 3855 νοῦν
440 3796 537 3851 καὶ
597 3790 905 3864 ὲμϐαθῦναι
961 3789 1323 3858 πράγμασιν·
1375 3786 1720 3855 ὲξόμνυνται,
1765 3787 1839 3850 ὡς

267 3894 410 3949 οῦτω
439 3892 648 3953 λαλεῖν,
680 3887 781 3958 τὴν
813 3885 1070 3954 γλῶσσαν
1107 3881 1214 3952 ἰδία
1242 3881 1341 3951 τῆς
1381 3883 1596 3951 φρενός.
1644 3875 1766 3932 Εἶεν
1797 3879 1840 3932 δ’

268 3988 331 4042 ἀν
360 3984 598 4039 τοιοῦτοι
631 3981 708 4043 ὡς
741 3979 974 4050 μάλιστα
1003 3977 1176 4046 ὅρκοι,
1203 3977 1316 4028 ὅσοι
1347 3975 1487 4026 κατὰ
1523 3975 1701 4043 ἔρωτα
1722 3989 1737 4004 ο
1763 3973 1844 4024 δ.ὸ

271 4077 391 4130 οὑδὲ
448 4070 734 4145 ἐρρῶσθαι
771 4067 1252 4138 παροιμιὰζονται.
1299 4065 1410 4118 Καὶ
1458 4059 1573 4118 οἶδα
1609 4065 1730 4133 μὲν,
1763 4063 1843 4115 ὅτι

272 4163 656 4235 κατεγελάσθη
725 4159 860 4231 πρδς
913 4159 1012 4227 τῆς
1069 4157 1366 4225 κωμῳδίας
1429 4157 1463 4224 ἡ
1529 4154 1846 4225 τραγῳδική

273 4259 454 4324 ἐκείνη
487 4257 684 4324 γνώμη
711 4269 725 4281 ⁸
759 4252 934 4320 φειδοῖ
965 4250 1022 4304 δὲ
1058 4250 1155 4320 τῆς
1203 4249 1397 4316 σοφίας
1440 4247 1533 4301 τοῦ
1568 4248 1847 4317 κερτομή-

276 4366 465 4410 σαντος
487 4345 636 4400 ὀκνῶ
658 4343 757 4412 τὴν
778 4343 1125 4414 ἀντίρρησιν,
1159 4340 1301 4409 λέγω
1329 4341 1409 4404 δὲ,
1441 4339 1666 4408 μυρίους
1692 4339 1846 4403 ὅσους

275 4435 413 4494 εἶναι
443 4438 662 4505 λόγους,
693 4433 741 4486 οἳ
771 4433 893 4502 δίχα
926 4431 1144 4501 φρενῶν
1186 4430 1529 4486 ὲκπέτονται.
1553 4427 1644 4490 οὒς
1675 4431 1846 4498 ἀφρο-

279 4533 447 4602 σύνης
477 4533 546 4586 ἂν
583 4529 844 4598 λέγοιμεν
875 4525 1094 4593 ἔκγονα.
1119 4521 1377 4576 Τοιοῦτον
1406 4522 1497 4574 καὶ
1521 4522 1554 4591 ὴ
1582 4521 1846 4591 ὑμνῳδία,

2002 2307 2421 2379 12.0ptandum
2461 2310 3034 2380 proindeibujusmodi
3074 2313 3190 2367 viro
3216 2321 3512 2382 utrumque

1926 2402 2152 2471 corrigi,
2189 2399 2388 2456 ulalam
2418 2400 2630 2457 scilicet
2654 2403 3048 2470 cogitationum
3073 2405 3506 2471 aberrationem,

1927 2502 1981 2545 et
2016 2494 2334 2563 permistam
2367 2493 2452 2548 liis
2480 2496 2780 2551 orationem
2808 2497 2996 2566 sicque
3019 2498 3262 2552 inutilem
3286 2499 3508 2554 factam.

1928 2584 2173 2654 Namque
2195 2600 2302 2640 non
2323 2586 2464 2642 sicut
2486 2587 2672 2642 clavus
2692 2589 2934 2654 clavum,
2952 2591 3107 2656 juxta
3131 2591 3528 2658 proverbium.

1934 2679 2168 2748 repellit,
2201 2677 2294 2733 sed
2317 2680 2462 2734 sicut
2495 2682 2840 2736 sanctitatem
2888 2683 3167 2753 iniquitas,
3212 2685 3283 2737 ita
3359 2700 3514 2739 vana;

1935 2771 2298 2841 cogitationes
2349 2772 2645 2842 perfectam
2691 2784 2970 2829 removent
3009 2776 3333 2838 orationem.
3389 2791 3513 2845 quas

1935 2871 2020 2917 est
2041 2877 2105 2917 ex
2141 2872 2248 2920 tota
2274 2872 2533 2929 tuente,et
2555 2881 2618 2919 ex
2651 2874 2768 2922 toto
2790 2869 2974 2932 corde,
2999 2877 3052 2923 et
3072 2884 3135 2922 ex
3163 2876 3276 2923 tota
3301 2869 3509 2924 anima.

1937 2951 2006 3006 Et
2025 2953 2128 3007 bor
2155 2955 2509 3010 manifestum
2541 2957 2722 3020 nobis,
2778 2959 2868 3027 qui
2893 2975 3036 3029 sape
3083 2963 3165 3016 sic
3216 2962 3514 3030 psallentes

1942 3057 2008 3096 ne
2032 3043 2385 3099 meminimus
2411 3047 2632 3114 quidem
2663 3061 2728 3100 an
2756 3063 2998 3103 oremus.
3027 3047 3195 3105 Porro
3233 3052 3514 3120 quomodo

1942 3133 2136 3203 psallat
2165 3150 2228 3188 ex
2256 3143 2363 3189 tota
2397 3138 2597 3199 anima,
2623 3140 2712 3206 qui
2747 3147 2910 3193 totam
2947 3139 3092 3193 illam
3127 3156 3155 3194 a
3191 3140 3298 3195 Deo
3315 3158 3517 3197 avoca-

1935 3228 2035 3286 vit.
2072 3242 2140 3282 ne
2168 3243 2341 3297 usque
2396 3231 2460 3283 ad
2499 3230 2734 3285 litteram
2819 3233 3041 3294 quidem
3107 3235 3398 3289 verborum
3466 3237 3516 3290 ei

1936 3318 2255 3374 adhaerens?
2288 3320 2385 3376 Hic
2413 3321 2580 3376 animi
2636 3333 2810 3380 status
2856 3334 3126 3390 accurate,
3156 3336 3216 3382 ut
3255 3328 3516 3392 arbitror,

1935 3413 2264 3480 exprimitur
2323 3414 2407 3467 bis
2479 3417 2718 3485 traegmdi
2772 3417 2952 3473 verbis
3001 3436 3014 3472 :
3065 3415 3274 3473 Iuravit
3309 3419 3514 3489 lingua,

1938 3519 2080 3556 mens
2136 3520 2255 3557 vero
2305 3521 2408 3557 non
2435 3505 2665 3574 juravit.
2701 3506 2838 3562 Sunt
2862 3509 3007 3562 enim
3049 3523 3301 3564 sermone
3326 3510 3514 3578 praeci-

1940 3592 2078 3662 pites
2103 3604 2156 3648 et
2187 3611 2279 3648 ore
2303 3597 2559 3666 prorupti.
2594 3597 2684 3666 qui
2713 3599 2873 3652 verba
2900 3615 2998 3654 nec
3033 3599 3218 3653 animo
3280 3601 3524 3673 deligunt

1940 3703 2040 3744 nec
2089 3689 2302 3743 actibus
2358 3689 2716 3756 imprimunt;
2765 3690 2985 3754 borum,
3017 3701 3076 3744 ut
3134 3691 3203 3744 ita
3265 3693 3522 3761 dixerim,

1941 3779 2181 3848 linguam
2208 3796 2362 3834 mens
2392 3781 2583 3834 intima
2607 3781 2808 3852 eiurat.
2837 3781 2972 3836 Sunt
2993 3793 3170 3837 autem
3199 3785 3523 3854 plerumque

1943 3864 2256 3934 lmjusmodi
2308 3878 2656 3922 sacramenta
2722 3867 2874 3923 velut
2922 3884 3042 3937 quae
3095 3879 3420 3938 praestantur
3459 3872 3525 3926 de

1943 3973 2149 4021 amore,
2190 3967 2244 4013 et
2279 3959 2401 4013 ideo
2454 3959 2618 4013 etiam
2665 3975 2775 4014 non
2823 3961 3006 4016 valere
3059 3960 3336 4018 dicuntur.
3395 3963 3524 4018 Scio

1945 4051 2163 4122 quidem
2255 4051 2470 4106 irrisam
2532 4051 2702 4108 fuisse
2759 4068 2788 4106 a
2851 4053 3101 4109 commdo
3158 4055 3526 4126 illamtragce-

1948 4145 1998 4198 di
2035 4145 2384 4210 sententiam,
2417 4154 2470 4197 et
2537 4144 2864 4214 sapientiam
2927 4162 3202 4202 venerans
3252 4150 3375 4217 ejus
3431 4150 3524 4219 qui

1949 4237 2138 4302 illusit,
2169 4237 2548 4290 contradicere
2576 4253 2791 4303 vereor,
2846 4238 2939 4294 sed
2973 4253 3162 4294 assero
3211 4239 3527 4296 innumeros

1949 4346 2072 4384 esse
2108 4345 2391 4384 sermones
2425 4310 2514 4396 qui
2551 4331 2669 4383 sine
2721 4329 3025 4385 attentione
3053 4331 3292 4393 avolant.
3357 4342 3410 4385 et
3433 4334 3526 4401 qui

1952 4424 2056 4476 dici
2135 4431 2362 4489 possunt
2416 4421 2894 4476 inconsiderantite
2957 4421 3075 4480 lilii.
3133 4423 3279 4479 Talis
3339 4433 3423 4479 est
3476 4436 3531 4478 et

1953 4515 2127 4567 oratio
2193 4513 2278 4568 cui
2345 4513 2722 4568 admiscentur
2797 4513 2958 4569 mala:
3023 4515 3400 4584 cogitationes.
3475 4526 3530 4569 et

279 4621 312 4699 ᾖ
342 4622 807 4693 παραμεμίχαται
855 4617 1086 4684 πονηροὶ
1139 4613 1504 4682 διαλογισμοὶ,
1540 4611 1758 4682 ἐνιαχοῦ
1794 4612 1833 4662 δί

1956 4605 2250 4674 aliquando
2297 4620 2476 4672 prava:
2533 4606 2800 4660 actiones.
2835 4603 2894 4657 lu
2921 4621 3028 4674 quo
3050 4605 3194 4660 enim
3227 4616 3354 4661 tunc
3373 4609 3522 4663 ades-

281 4716 375 4770 καὶ
402 4712 636 4784 πράξεις
665 4708 964 4774 ἀλόγιστοι.
998 4704 1142 4775 Πρὸς
1175 4703 1280 4756 τίνι
1310 4703 1419 4772 γὰρ
1445 4702 1730 4772 νομιστέον
1754 4718 1851 4769 τη-

280 4805 508 4858 νικαῦτα
559 4796 700 4853 εἶναι
733 4799 826 4849 τὸν
861 4796 1029 4858 Θεόνς
1076 4793 1218 4861 Πρὸς
1249 4792 1327 4861 τῷ
1357 4792 1500 4860 λόγῳ
1530 4793 1630 4860 τῆς
1663 4791 1850 4859 ὑμνῳ-

283 4900 418 4962 δίας,
446 4893 593 4966 ψιλῷ
625 4893 746 4944 κατ’
804 4891 975 4950 αὑτὰς
1007 4887 1218 4952 λέξεις;
1253 4885 1283 4956 ἢ
1321 4887 1457 4956 πρὸς
1505 4885 1583 4953 τῷ
1630 4883 1853 4954 πονηρῷ

282 4986 659 5056 διαλ.ογισμῷ;
718 4983 1072 5050 ’Δποδέχεται
1104 4981 1164 5030 τὸ
1200 4979 1441 5048 πρῶτον,
1475 4977 1611 5030 ἀλλὰ
1647 4976 1706 5029 τὸ
1736 4977 1856 5028 65.6-

283 5101 436 5154 τερον
469 5077 792 5149 ὑπερμισεῖ.
827 5073 982 5126 Καλὰ
1020 5074 1084 5124 τὰ
1116 5070 1215 5138 τῆς
1239 5070 1512 5137 γλώσσης,
1533 5069 1646 5120 ἀλλ’
1675 5071 1702 5121 6
1733 5068 1855 5130 νοῦς

284 5173 598 5242 ἀντιφωνεῖ.
622 5166 791 5220 υῦπω
821 5165 1012 5233 φθάνει
1044 5160 1442 5231 προσδέξασθαι
1467 5162 1556 5212 τὶν
1583 5159 1856 5228 ὑμνοῦντα

288 5269 421 5338 μόνη
460 5262 688 5333 γλώσσῃ
715 5259 870 5320 Θεὸς,
904 5257 1001 5309 καὶ
1049 5254 1351 5307 ἀπωθεῖται
1383 5253 1474 5304 τῦν
1509 5252 1692 5314 αὑτὸν,
1723 5249 1857 5304 διότι

284 5361 356 5430 τῷ
386 5358 683 5428 κρείττονι,
720 5354 783 5420 τῇ
816 5351 988 5419 ψυχῇ,
1020 5347 1409 5418 πονηρεύεται.
1442 5345 1589 5398 Φιλεῖ
1628 5345 1718 5398 τὸν
1763 5363 1858 5414 με-

291 5454 561 5524 μνημένον
591 5445 756 5499 αὑτοῦ
780 5460 792 5473 ⁶
826 5443 939 5494 ἀλλ’
972 5445 1053 5495 ὅτι
1086 5444 1186 5494 οὐκ
1220 5445 1283 5493 ἐκ
1315 5441 1514 5510 ψυχῆς,
1564 5441 1635 5508 μὴ
1673 5440 1754 5491 ὅτι
1795 5456 1856 5506 γε

287 5549 431 5614 ὅλης,
463 5543 583 5597 ἀλλ’
609 5540 732 5592 οὑδὲ
760 5538 891 5605 γοῦν
918 5538 1054 5598 ὅλως
1094 5535 1391 5604 μέμνηται,
1421 5534 1482 5586 οὑ
1510 5535 1652 5585 πάνυ
1691 5532 1855 5601 φιλεῖ,

291 5642 494 5708 μήποτε
521 5635 681 5688 δὲκαὶ
719 5631 826 5702 βύῃ
845 5630 912 5682 τὰ
936 5623 1049 5682 ὧτα
1083 5627 1218 5696 πρὸς
1245 5627 1342 5695 τὴν
1363 5625 1455 5678 τοῦ
1489 5625 1658 5694 ὑμνου
1687 5643 1859 5694 κραυ-

287 5737 409 5801 γὴν,
430 5731 614 5798 ἀφιεὶς
639 5727 738 5776 τόν
766 5724 1037 5792 ὑμνοῦντα
1070 5719 1146 5789 τῷ
1169 5719 1592 5789 θεραπευομένῳ
1623 5719 1856 5786 δαίμονι.

360 5821 449 5889 ιγ’,
510 5818 750 5888 Ἐφέλκῃ
805 5816 894 5867 τὸν
946 5810 1187 5872 (θέρη-ὧ
1236 5813 1512 5880 ἄνθρωπε,
1559 5807 1635 5871 οἷς
1673 5813 1859 5877 ὑμνεῖς

293 5919 498 5971 ἑκεῖνον
521 5929 537 5942 '
563 5911 680 5964 ἀλλ’
706 5908 785 5972 οἷς
805 5909 1097 5977 ’διαλογίζῃ
1125 5907 1190 5956 τὰ
1217 5905 1308 5957 τοῦ
1337 5903 1596 5974 πονηροῦ,
1626 5904 1858 5971 ἀπάγεις

551 6009 819 6068 Ρλτιιυι..
870 6006 984 6065 Gn.
1030 6004 1121 6063 CX
1137 6001 1361 6062 XXVI.

1956 4709 2034 4753 set
2096 4697 2282 4752 Deus?
2350 4696 2541 4750 Utrum
2601 4698 2653 4749 in
2712 4695 2855 4748 nuda
2905 4697 3189 4750 verborum
3267 4699 3531 4752 orationis

1959 4795 2246 4859 littera,an
2288 4795 2338 4846 iu
2394 4791 2532 4844 mala
2604 4789 2975 4856 cogitatione?
3008 4790 3252 4845 Priorem
3311 4794 3528 4860 accipit.

1958 4887 2047 4940 sed
2086 4882 2597 4954 posterioremodit.
2629 4881 2862 4934 Pulchra
2925 4897 3046 4950 quae
3099 4882 3282 4950 lingua
3351 4894 3532 4944 sanat.

1970 4975 2065 5030 sed
2117 4975 2372 5028 dissonat
2416 4977 2655 5025 animus.
2736 4970 2958 5026 Minime
3021 4982 3198 5042 potest
3253 4985 3533 5044 aetzeplttm

1961 5069 2101 5124 Deus
2132 5068 2329 5121 habere
2387 5065 2535 5119 illum
2562 5063 2652 5132 qui
2689 5064 2847 5118 labiis
2875 5075 3079 5119 tantum
3121 5076 3262 5131 orat,
3293 5069 3385 5121 sed
3411 5083 3536 5122 eum

1960 5160 2192 5227 repellit,
2226 5153 2426 5227 quippe
2483 5153 2636 5219 cujus
2669 5154 2849 5224 potior
2898 5170 3042 5223 pars,
3099 5156 3280 5210 anima
3305 5159 3534 5215 scilicet.

1963 5264 2215 5320 perversa
2237 5256 2340 5301 est.
2371 5243 2553 5313 Diligit
2589 5259 2885 5298 memorem
2911 5245 3019 5298 sui:
3040 5244 3130 5314 qui
3159 5261 3305 5312 vero,
3335 5247 3534 5301 nedum

1963 5351 2070 5396 tota
2097 5343 2302 5401 anima,
2325 5357 2391 5393 ne
2415 5338 2683 5393 ullatenus
2719 5336 2934 5404 quidem
2963 5337 3366 5402 meminit,eum
3394 5340 3535 5394 haud

1963 5436 2117 5488 valde
2141 5444 2306 5494 amat.
2335 5441 2387 5487 et
2409 5431 2700 5501 aliquando
2723 5430 2928 5483 claudit
2969 5445 3128 5484 aures
3167 5432 3231 5485 ad
3273 5433 3390 5501 ejus
3444 5449 3538 5486 vo-

1963 5525 2442 5594 cem,permittens
2480 5524 2794 5592 psallentem
2833 5523 3062 5575 darmoni
3094 5523 3180 5576 cui
3219 5523 3539 5577 famulatur.

2037 5620 2124 5671 15.
2163 5617 2351 5671 Allicis
2387 5617 2577 5678 lleum,
2632 5630 2664 5670 o
2717 5615 2901 5678 homo,
2962 5623 3232 5684 quatenus
3259 5628 3380 5666 eum
3401 5616 3541 5668 cele-

1964 5715 2244 5780 bras;scd
2325 5726 2591 5780 quatenus
2657 5713 2794 5766 mala
2837 5712 3064 5778 cogitas,
3110 5725 3354 5764 removes
3400 5715 3543 5780 opti-

1967 5824 2112 5861 mum
2155 5819 2304 5860 tuum
2366 5805 2786 5860 benefar-tot'em.
2818 5805 2923 5859 Ore
2946 5804 3218 5870 sapienter
3277 5804 3540 5874 loqueris,

1965 5900 2130 5956 corde
2161 5915 2294 5954 vero
2360 5897 2697 5968 insipienter,
2772 5896 3035 5965 quidquid
3123 5897 3176 5949 in
3274 5912 3337 5952 os
3395 5900 3540 5953 venit

3048 5990 3183 6068 ¹ιο
