3888 6238
376 327 486 397 303

1089 330 1518 396 EUSTATHII
1553 333 2315 414 THESSALONICENSIS
2356 331 2918 397 METROPOLITIE

3525 324 3655 391 ΒΜ.

379 451 508 511 liam
539 465 660 522 qua:
692 450 761 507 ad
798 450 1135 524 spiritualem
1161 456 1527 513 obedientiam
1548 469 1957 530 promutumqur

2068 456 2170 528 τὴν
2204 455 2492 528 παροῦσαν
2519 453 2739 524 ὁμιλίαν
2776 453 2872 507 ἐπὶ
2901 448 3270 520 παρακλήσει,
3298 448 3366 518 τῇ
3398 446 3481 511 είς
3522 446 3650 516 εὐη-

374 545 444 601 ad
492 544 909 603 auscultandum
946 546 1187 605 animum
1233 548 1588 604 exhaustura
1638 559 1746 619 est,
1806 566 1951 607 nunc

376 640 652 711 accingor,
695 656 981 698 recurrens
1035 642 1102 697 ad
1136 641 1312 712 prima
1366 643 1590 699 exordia
1635 644 1834 711 quibus
1866 644 1952 700 lu-

379 729 572 785 benter
611 730 870 786 inibazreo.
927 762 997 772 --
1029 731 1151 787 Fuit
1188 740 1423 801 tempus,
1478 747 1513 789 ο
1564 733 1786 796 fratres.
1845 749 1952 800 quo

377 836 555 891 neque
584 821 691 888 lex,
730 832 822 878 aut
873 824 1081 893 regula,
1118 832 1215 879 aut
1257 824 1363 880 ulla
1410 827 1688 882 rationalis
1719 826 1955 883 homini-

376 918 589 988 busque
614 918 775 989 digna
801 920 1206 977 administratio
1246 922 1598 990 civitatisque
1630 924 1769 978 bene
1798 923 1954 979 ordi-

378 1020 549 1085 natte
573 1011 896 1066 constitutio
936 1011 1080 1067 inter
1114 1012 1361 1069 homines
1391 1015 1703 1077 exsisteret,
1747 1014 1856 1071 imo
1888 1031 1957 1072 ne

376 1100 504 1156 vitae
526 1101 742 1171 quidem
771 1103 1040 1158 securitas
1060 1098 1228 1174 esset,
1247 1106 1373 1174 quia
1395 1121 1574 1177 neque
1593 1108 1826 1163 societas
1845 1110 1957 1164 coi-

378 1192 495 1257 bat,
511 1206 690 1263 neque
711 1193 903 1249 concio
929 1194 1251 1261 habebatur,
1273 1211 1448 1267 neque
1470 1206 1646 1254 coetus
1660 1213 1958 1270 congrega-

376 1279 560 1344 batur,
582 1295 756 1351 neque
772 1280 891 1351 (cur
906 1284 1123 1339 enimid
1146 1286 1290 1354 quod
1317 1289 1558 1341 omnium
1584 1287 1954 1343 tristissimum

380 1380 463 1425 est
519 1371 767 1441 tacebo?)
795 1374 1102 1431 humanitas
1141 1391 1205 1431 ac
1252 1379 1607 1433 mansuetudo
1641 1380 1954 1450 apparebat.

379 1477 498 1530 qum
555 1461 670 1519 sola
711 1464 985 1521 hominem
1019 1466 1226 1536 efﬁcit;
1262 1469 1419 1538 cujus
1455 1470 1532 1526 rei
1565 1472 1958 1528 demonstratio

380 1555 577 1618 partim
630 1557 819 1624 procul
863 1559 1194 1627 repetenda,
1229 1562 1424 1628 partim
1489 1576 1552 1617 ex
1625 1564 1959 1630 argumentis

376 1641 703 1714 propinquis
737 1644 1078 1713 deducenda,
1132 1648 1308 1704 facilis
1364 1650 1470 1705 erit
1518 1660 1572 1706 et
1607 1653 1882 1721 expedita.

450 1733 505 1787 2.
548 1734 700 1789 litavi
751 1738 919 1793 nostri
964 1740 1179 1807 generis
1211 1756 1274 1796 ac
1303 1741 1525 1811 speciei,
1561 1743 1813 1798 homines
1849 1745 1958 1813 pri-

2056 546 2216 599 κοῖαν
2242 544 2622 616 πνευματικὴν
2649 544 2744 598 καὶ
2772 540 2949 596 πειθὼ
2980 541 3075 595 καὶ
3122 537 3398 609 ὑπακοὴν,
3423 536 3642 608 ἐνίστη-

2057 655 2138 707 μι,
2152 636 2531 710 [ἀνα]δραμὼν
2546 639 2625 701 είς
2636 637 2810 709 ἀρχὴν
2837 637 3285 706 σκοπιμωτάτην,
3302 630 3431 702 ἐμοὶ
3458 631 3644 693 καλῶς

2054 732 2417 804 άρέσκουσαν.
2447 762 2516 774 --
2545 728 2657 786 Ἦν
2681 734 2899 795 πάντως
2932 732 3146 801 χρόνος,
3174 721 3219 783 ὦ
3243 727 3485 795 ἀδελφοὶ,
3519 725 3647 779 καθ’

2055 824 2114 878 ὃν
2145 823 2301 879 οῦπω
2334 824 2415 896 μὴ
2442 824 2603 896 μόνον
2635 825 2696 879 οὐ
2726 825 2913 894 νόμος,
2941 822 2974 894 ἢ
3003 820 3207 887 κανὼν,
3266 819 3300 892 ἢ
3343 820 3651 889 ποίμανσις-

2057 916 2273 985 ἐλλογος
2327 917 2424 971 καὶ
2475 915 2790 988 ἀνθρώπως
2850 915 3159 985 πρέπουσα,
3219 912 3253 982 ἢ
3294 912 3642 973 κατάστασις

2058 1008 2213 1072 ῑθους
2242 1008 2430 1071 ἁπλῶς
2455 1008 2512 1061 ὲν
2537 1007 2851 1078 ἀνθρώποις
2879 1008 3125 1077 ἐκράτει,
3171 1003 3292 1059 ἀλλ’
3340 1002 3475 1056 ὀὐδὲ
3528 1000 3646 1071 βίος

2058 1100 2410 1172 ᾠκονομεῖτο,
2439 1100 2632 1154 καθότι
2664 1100 2785 1153 οὐδὲ
2816 1099 3095 1170 ὁμήγυρις
3140 1095 3458 1168 ἡθροίζετο,
3520 1095 3645 1147 οὐδὲ

2061 1193 2376 1263 πανήγυρις
2407 1192 2596 1264 ἤγετο,
2631 1193 2754 1246 οὐδὲ
2787 1192 3049 1262 σύλλογος
3077 1190 3437 1261 ἑγνωρίζετο,
3470 1190 3530 1243 τί
3569 1187 3646 1259 μὴ

2057 1282 2282 1350 λέγωτὸ
2304 1283 2577 1337 οἴκτιστον
2599 1300 2615 1352 ;
2639 1282 2761 1336 οὐδὲ
2797 1283 3075 1353 ἡμερότης
3119 1280 3460 1350 ἐξεφαίνετο,
3519 1277 3646 1334 καθ’

2058 1376 2125 1442 ὴν
2156 1376 2621 1446 χαρακτηρίζεται
2650 1374 2939 1446 ἄνθρωπος
2976 1390 2991 1405 ·
3023 1375 3117 1427 καὶ
3161 1372 3315 1443 ἡτοῦ
3356 1372 3521 1440 λόγου
3563 1370 3646 1439 τῷ

2058 1465 2196 1531 τέως
2229 1464 2530 1532 ἀπόδειξις,
2579 1468 2628 1521 εί
2683 1467 2777 1520 καὶ
2815 1466 2877 1520 ἐκ
2919 1466 3029 1519 τῶν
3080 1464 3446 1538 πορρωτάτω,
3507 1463 3649 1516 ἀλλὰ

2057 1557 2262 1629 τρόπον
2291 1557 2454 1613 ἀλλον
2486 1559 2798 1627 ἐγγυτάτω,
2829 1558 3042 1628 λέγοιτο
3072 1558 3139 1612 ἀν
3186 1556 3274 1610 διὰ
3302 1554 3363 1609 τδ
3416 1554 3650 1609 αὐτόθεν

2059 1647 2386 1720 εὐπόριστον
2409 1650 2506 1705 καὶ
2525 1647 2674 1705 οὕτω
2705 1653 3026 1722 πρόχειρον.
3048 1726 3051 1727 ν

2133 1740 2200 1812 β’.
2226 1741 2290 1797 οι
2313 1740 2583 1813 γενάρχαι
2612 1742 2705 1796 τοῦ
2743 1742 3053 1812 καθ’-ἡμᾶς
3086 1743 3181 1796 καὶ
3207 1742 3404 1812 γένους
3434 1741 3539 1797 καὶ
3569 1741 3651 1797 εῖ-

378 1830 476 1891 mi,
524 1829 851 1900 simulatque
898 1847 1181 1888 numerum
1246 1836 1567 1904 primarium
1613 1839 1949 1906 supergressi

2066 1807 2199 1899 ἰούς,
2223 1834 2274 1887 οί
2541 1833 2847 1906 ἄνθρωποι,
2875 1807 2989 1902 ἅμα
3041 1807 3651 1907 πυθμένικδννάριθμὶν

377 1919 576 1974 liberos
604 1933 1047 1989 procreaverunt,
1087 1924 1487 1981 mutilationem
1534 1926 1845 1995 subierunt,
1882 1929 1957 1984 si-

378 2012 597 2077 quidem
645 2012 769 2083 pius
800 2013 935 2069 Abel
962 2015 1075 2071 cito
1117 2016 1376 2084 decessit,
1407 2019 1554 2075 haud
1586 2031 1765 2078 morte
1794 2034 1956 2083 natu-

378 2104 477 2158 raii
509 2105 817 2170 defunctus,
858 2105 954 2162 sed
990 2123 1121 2165 nece
1154 2124 1249 2178 per
1279 2111 1476 2168 diaboli
1514 2112 1773 2170 invidiam
1805 2115 1952 2172 illata

381 2197 662 2267 abreptus.
688 2195 765 2252 Ex
797 2196 889 2255 illo
915 2207 1097 2255 autem
1134 2211 1377 2271 tempore
1404 2201 1621 2260 daemon
1665 2204 1956 2276 improbis-

382 2291 553 2347 simus
582 2291 726 2348 haud
752 2292 912 2349 desiit
961 2293 1293 2350 omnimodis
1321 2294 1459 2351 dolis
1481 2294 1676 2352 similia
1706 2288 1956 2369 nequitiae

380 2379 509 2434 iulia
543 2388 599 2435 et
627 2382 1096 2451 contemporareis
1127 2390 1181 2437 et
1213 2383 1450 2453 posteris
1499 2384 1765 2453 inserere,
1793 2394 1958 2456 atque

384 2481 508 2540 post
540 2471 785 2528 fraudem
826 2487 931 2543 qua
964 2474 1216 2544 paradiso
1252 2473 1485 2545 majores
1531 2488 1752 2532 nosnos
1778 2481 1957 2547 priva-

381 2565 480 2627 vit,
513 2563 615 2618 alia
642 2565 913 2634 expromit
945 2565 1212 2623 horrenda
1254 2565 1500 2623 facinora
1534 2567 1819 2624 Cainitica:
1844 2584 1959 2623 ma-

384 2656 513 2712 litiae
538 2656 761 2723 simi-lia,
800 2672 921 2729 qua
948 2659 1163 2715 etiamsi
1206 2660 1347 2715 alius
1386 2662 1609 2732 generis
1643 2663 1754 2718 sint
1779 2672 1832 2718 et
1859 2663 1959 2717 mi-

384 2751 534 2807 noris
583 2767 746 2823 quam
780 2753 960 2810 caedes
1008 2753 1102 2808 illa
1152 2765 1414 2812 momenti
1466 2770 1590 2812 esse
1640 2759 1955 2823 videantur,

382 2858 559 2903 tamen
600 2850 738 2903 satis
776 2861 942 2919 prope
977 2850 1042 2905 ad
1082 2849 1231 2905 illam
1265 2851 1533 2905 accedunt
1564 2859 1619 2906 et
1648 2850 1954 2907 clanculum

380 2940 725 2996 calamitates
781 2941 1041 2997 mortales
1095 2943 1432 3011 producunt,
1492 2943 1681 3011 quales
1744 2944 1959 3013 potissi—

381 3044 509 3083 nmu
554 3044 852 3100 exsurgere
899 3032 1137 3088 vidimus
1187 3047 1252 3089 ex
1312 3034 1599 3104 injustitiis
1641 3044 1698 3091 et
1748 3037 1956 3105 rapinis

2055 1923 2353 1981 ἐθεάσαντο
2378 1925 2549 1979 τέκνα
2574 1924 3004 1996 προϐαλόμενοι,
3055 1924 3151 1979 καὶ
3202 1925 3648 1997 ἐκολοϐώθησαν,

2058 2016 2268 2071 ἐκείνου
2304 2016 2440 2089 ταχὺ
2499 2016 2907 2088 ἀπεληλυθότος
2948 2017 3042 2071 τοῦ
3112 2016 3281 2072 καλοῦ
3337 2017 3528 2085 Ἀ’δελ,
3585 2019 3650 2073 οὒ

2058 2108 2277 2182 θανάτῳ
2323 2109 2532 2174 ἁπλῶς,
2566 2109 2704 2164 ἀλλά
2745 2107 2824 2179 τῷ
2855 2108 2945 2164 διὰ
2997 2110 3163 2179 φόνου
3215 2111 3282 2165 ἐκ
3328 2109 3652 2165 διαϐολικοῦ

2058 2201 2278 2272 φθόνου.
2325 2202 2571 2257 Ἐκεῖθεν
2603 2202 2661 2257 δὲ
2682 2200 2878 2272 χρόνου
2906 2202 3297 2273 κατασπείρων
3338 2202 3399 2256 οὐ
3446 2201 3654 2256 διέλει-

2058 2312 2159 2350 πεν
2187 2297 2216 2350 ὁ
2234 2295 2538 2366 ἀρχέκακος
2563 2296 2723 2368 ὅμοια
2750 2294 2966 2361 ζιζάνια
3003 2295 3330 2358 κακοποιίας
3360 2295 3474 2356 τοῖς
3506 2296 3603 2347 ἔπι
3625 2323 3647 2336 -

2058 2388 2241 2458 γόνοις
2271 2387 2368 2443 καὶ
2400 2388 2697 2459 όψιγόνοις,
2719 2383 2794 2443 ὧν
2823 2384 2889 2459 δὴ
2924 2386 3185 2452 ζιζανίων
3215 2385 3372 2457 φῦμα
3422 2389 3517 2441 καὶ
3546 2390 3653 2442 ἐπὶ

2056 2477 2150 2534 τὸν
2170 2480 2364 2550 Λάμεχ
2392 2477 2645 2544 ἐξέπεσε,
2681 2477 2993 2550 μεθοδεύων
3029 2495 3045 2512 ο
3107 2476 3203 2532 καὶ
3249 2477 3391 2546 μετά
3415 2477 3509 2532 τὸν
3563 2478 3656 2532 δό-

2057 2570 2174 2635 λον,
2221 2570 2280 2636 δς
2346 2571 2441 2625 τοῦ
2500 2571 2832 2643 παραδείσου
2887 2573 3016 2635 τοὺς
3068 2570 3228 2642 ἡμῶν
3289 2571 3656 2643 προπάτορας

2061 2660 2365 2734 ἀφώρισεν,
2406 2666 2621 2734 ἑτεροῖα
2652 2664 2900 2733 ἐκφαίνει
2945 2664 3123 2728 δεινὰ,
3153 2663 3223 2717 τά
3252 2662 3353 2733 μὲν
3396 2663 3499 2732 τῆς
3554 2662 3654 2717 τοῦ

2060 2760 2201 2814 Κάῖν
2231 2759 2519 2828 μιμήσεως
2554 2755 2711 2829 ἔργα,
2741 2757 2903 2827 ἕτερα
2925 2757 2982 2810 δὲ
3004 2755 3216 2819 ἀλλοῖα,
3244 2753 3509 2809 δοκοῦντα
3549 2755 3657 2824 μὲν

2060 2853 2269 2906 ἐλάττω
2290 2847 2430 2904 εἶναι
2470 2850 2576 2904 τῶν
2614 2849 2973 2919 φονευτικῶν,
3003 2848 3342 2902 ἀπονεύοντα
3394 2848 3450 2902 δὲ
3508 2850 3656 2919 πρὸς

2060 2945 2270 3006 ἐκεῖνα,
2295 2944 2390 2997 καὶ
2416 2942 2668 3005 ὑπούλως
2698 2941 3033 3012 κοριζόμενα
3074 2940 3417 3009 δυσπραγίας
3470 2939 3646 2994 θανα-

2059 3036 2255 3105 τηράς,
2286 3034 2478 3097 ὁποίας
2510 3034 2738 3104 οἴδαμεν
2768 3033 2842 3096 ὡς
2878 3017 3115 3102 μάλιστα
3144 3033 3362 3096 καὶτὰς
3409 3031 3471 3098 ἐξ
3528 3034 3655 3086 ἀδι-

386 3133 526 3189 quas
577 3135 751 3188 nuper
796 3123 1130 3191 perpetravit
1167 3123 1486 3196 (diabolus).
1530 3133 1590 3182 ut
1618 3138 1957 3195 perverteret

2066 3129 2202 3182 κιῶν
2234 3127 2327 3182 καὶ
2351 3127 2645 3200 ἁρπαγῶν,
2670 3127 2737 3190 ἃς
2758 3127 2888 3197 ἤνυε
2920 3126 3288 3196 παρασχεδὸν,
3318 3127 3656 3196 διαστρέψαι

383 3216 637 3271 animans
697 3218 997 3283 rationale,
1048 3219 1355 3288 pulchrum,
1411 3221 1656 3294 regium,
1712 3224 1966 3293 sapiens,

382 3302 648 3370 divinum,
701 3306 770 3361 ab
808 3305 1012 3376 angelis
1045 3309 1375 3379 proximum,
1421 3326 1452 3366 a
1498 3312 1608 3368 Deo
1641 3315 1964 3383 conditum,

383 3406 543 3465 atque
599 3397 908 3455 deﬂecteret
949 3400 1078 3456 illud
1112 3402 1181 3456 ad
1226 3402 1516 3459 amentiam
1551 3413 1607 3460 et
1652 3405 1876 3469 faceret.
1912 3417 1970 3462 ut

381 3472 527 3544 illius
552 3492 728 3548 aetatis
755 3493 999 3550 homines
1034 3495 1140 3551 vita
1175 3496 1316 3552 haud
1346 3498 1620 3569 sapienter
1662 3508 1967 3568 uterentur,

383 3583 479 3640 sed
507 3586 684 3654 potius
704 3585 770 3641 ad
797 3588 1294 3646 mores’bellnarum
1307 3589 1667 3649 declinarent.
1688 3592 1842 3650 Unde
1875 3611 1970 3650 ex-

381 3687 500 3731 orta
523 3688 608 3734 est
627 3680 909 3738 calamitas
936 3690 1105 3750 tanta,
1129 3691 1188 3738 ut
1215 3684 1450 3741 mundus
1484 3700 1589 3741 non
1621 3685 1851 3755 amplius
1875 3701 1969 3742 ex-

380 3772 576 3827 sistere
611 3773 904 3830 videretur.
940 3774 1225 3842 Quomodo
1264 3776 1410 3832 enim
1434 3777 1692 3844 mundus,
1734 3778 1826 3835 ubi
1858 3795 1964 3836 non

382 3873 465 3919 est
523 3865 722 3920 homo?
784 3867 1065 3935 Quomodo
1114 3878 1299 3925 autem
1366 3868 1570 3937 homo,
1639 3868 1729 3926 ubi
1812 3886 1968 3926 mun-

379 3958 482 4014 dus
530 3975 634 4014 non
664 3962 1112 4018 adnnnistratur?

451 4051 505 4104 '5.
555 4050 692 4117 Quia
733 4063 911 4110 autem
956 4070 985 4109 e
1039 4066 1245 4110 natura:
1306 4056 1520 4126 legibus
1565 4056 1681 4111 fieri
1729 4071 1834 4112 non
1871 4071 1965 4127 po-

380 4150 547 4205 terat,
572 4144 703 4213 quin
731 4145 836 4200 illis
856 4145 1000 4201 loliis
1025 4148 1318 4202 commissa
1350 4155 1534 4202 essent
1553 4146 1692 4203 bona
1718 4149 1960 4218 quaedam

383 4249 574 4302 grana,
619 4249 649 4289 e
697 4235 896 4303 quibus
931 4238 1192 4307 temporis
1216 4253 1474 4294 successu
1512 4241 1705 4297 messis
1751 4241 1957 4306 divina,

384 4326 552 4396 spicis
583 4325 939 4398 frugibusque
964 4330 1265 4396 abundans,
1326 4332 1568 4403 prodiret
1603 4333 1961 4405 (gubernabat

385 4418 532 4472 enim
586 4422 809 4489 sapiens
868 4420 1108 4489 agricola
1172 4431 1226 4476 et
1272 4421 1688 4478 administrator
1749 4425 1954 4486 mundi,

385 4512 843 4581 quemadmodum
878 4515 1177 4569 etiamnum
1206 4513 1516 4585 gubernat),
1539 4524 1593 4570 et
1634 4516 1765 4585 quin
1803 4516 1958 4571 malis
1982 4491 2036 4550 θ

1980 4590 1985 4597 ρ

386 4603 493 4659 illis
528 4603 874 4660 facultatibus
904 4605 1059 4661 bonae
1086 4621 1299 4676 quoque
1331 4614 1515 4661 essent
1537 4607 1802 4675 adjuncta!
1834 4607 1949 4676 qui-

386 4698 487 4752 bus
538 4700 650 4753 vita
697 4698 806 4754 Deo
858 4693 1077 4769 accepta
1114 4700 1484 4755 formaretur:
1512 4698 1823 4754 hominibus
1853 4700 1958 4755 illis

387 4793 655 4860 corruptis
698 4792 1061 4847 interfuerunt
1107 4793 1193 4847 hic
1239 4792 1351 4848 illic
1407 4792 1651 4847 nonnulli
1687 4791 1837 4861 probi
1865 4794 1955 4862 qui

386 4882 453 4934 de
480 4892 799 4936 cancrorum
826 4883 1030 4936 malitia
1055 4883 1333 4944 dolebant,
1353 4892 1664 4950 reputantes
1689 4885 1960 4952 quomodo

386 4973 557 5026 Adam
595 4983 650 5027 et
692 4974 865 5042 prima
899 4975 1120 5042 generis
1166 4974 1389 5035 humani
1436 4984 1610 5029 mater
1636 4990 1664 5027 a
1692 4973 1803 5027 Deo
1836 4973 1965 5029 fuis-

388 5048 510 5119 sent
530 5063 718 5127 creati,
750 5064 1020 5133 simplices
1052 5068 1330 5131 nimirum,
1374 5066 1673 5135 tranquilli,
1707 5068 1959 5119 mutatio-

390 5158 475 5210 nis
529 5166 803 5225 expertes,
865 5157 1156 5224 mansueti,
1210 5158 1409 5226 injuste
1466 5172 1627 5227 agcre
1672 5159 1865 5219 ltt‘St‘ii,
1908 5167 1961 5211 et

389 5251 658 5317 quomodo
685 5263 875 5303 secure
906 5258 1125 5318 agentes
1156 5252 1221 5305 ad
1257 5251 1358 5306 hoc
1398 5252 1626 5305 fuissent
1657 5251 1960 5316 constituti,

391 5352 448 5399 ut
486 5350 835 5411 augerentur,
869 5356 933 5395 ac
994 5342 1369 5411 multiplicatio
1420 5342 1559 5399 facta
1620 5346 1724 5407 sit,
1783 5344 1962 5397 divino

388 5443 665 5507 praecepto
693 5436 757 5488 ad
781 5434 982 5488 exitum
1016 5437 1302 5503 perducto.

2073 3222 2134 3274 τὸ
2164 3219 2381 3287 λογικὸν
2414 3218 2553 3284 ζῶον
2583 3219 2643 3273 τὸ
2663 3219 2849 3286 καλὸν,
2883 3219 2946 3273 τδ
2985 3219 3293 3290 βασιλικὸν,
3335 3219 3398 3273 τδ
3443 3219 3657 3286 ἔνθεον,

2072 3315 2132 3369 τὸ
2171 3312 2493 3381 δευτερεῦον
2527 3313 2668 3382 μετά
2688 3312 2982 3382 ἀγγέλους,
3011 3312 3072 3366 ea
3099 3312 3452 3378 θεόπλαστον,
3506 3314 3661 3381 φιλο-

2070 3406 2268 3461 νεικῶν
2303 3405 2643 3477 μεταστῆσαι
2688 3405 2822 3459 αὐτὸ
2848 3407 2928 3469 εἰς
2956 3406 3208 3474 ἀλογίαν,
3228 3398 3316 3468 οἷς
3344 3405 3447 3458 οὐκ
3497 3406 3658 3458 ἐλλό-

2069 3519 2183 3570 γως
2210 3503 2259 3556 οί
2288 3502 2411 3554 τότε
2455 3501 2524 3555 τὰ
2554 3503 2634 3563 είς
2688 3500 2803 3570 βίον
2863 3498 3152 3564 διέκειντο,
3210 3496 3461 3567 ’θηριώδη
3506 3494 3660 3566 ζωὴν

2071 3584 2551 3664 ἑπαναιρούμενοι.
2582 3588 2691 3647 Ἦν
2707 3591 2763 3646 δὲ
2787 3589 2896 3660 ἀρα
2925 3591 3114 3659 ὄμοσον
3158 3586 3219 3642 τδ
3248 3586 3659 3656 δυσπεάγημα,

2069 3685 2144 3749 ὡς
2178 3685 2227 3737 εί
2259 3683 2398 3755 μηδὲ
2429 3681 2632 3753 κόσμος
2658 3677 2724 3753 ἦν
2756 3680 2858 3734 ἐτι.
2906 3678 3016 3733 Ποῦ
3076 3676 3185 3746 γὰρ
3238 3677 3470 3745 κόσμος,
3526 3676 3661 3728 ἔνθα

2071 3777 2148 3848 μὴ
2177 3775 2505 3846 ἀνθρωπος;
2538 3775 2642 3829 ποῦ
2676 3773 2734 3828 δὲ
2786 3772 3096 3843 ἄνθρωπος,
3128 3768 3257 3823 ἔνθα
3312 3768 3389 3841 μὴ
3438 3769 3505 3821 τὸ
3562 3769 3662 3822 κόο

2071 3885 2229 3942 σμιον
2252 3866 2599 3922 πολιτεύεται
2619 3883 2634 3933 ;

2135 4057 2207 4119 γ’.
2241 4050 2366 4104 Ὅτι
2391 4047 2448 4101 δὲ
2476 4049 2576 4100 οὐκ
2604 4041 2751 4116 εἶχεν
2773 4043 2949 4116 ὀρθῶς
2998 4042 3240 4113 φύσεως,
3295 4042 3372 4112 μὴ
3429 4042 3488 4094 ἒν
3538 4043 3660 4103 τοῖς

2063 4141 2331 4200 τοιούτοις
2353 4138 2615 4206 ζιζανίοις
2650 4134 3075 4208 παραμεμίχθαι
3108 4136 3202 4188 καί
3232 4149 3388 4196 τινας
3419 4134 3661 4196 κόκκους

2063 4235 2358 4305 χρηστοὺς.
2395 4231 2454 4298 ἐξ
2494 4223 2569 4286 ὧν
2601 4230 2825 4285 ἐδύνατο
2862 4229 3037 4301 χρόνῳ
3064 4225 3196 4280 ποτὲ
3243 4225 3402 4297 λήϊον
3460 4228 3664 4280 ἀποτε·

2062 4321 2316 4396 λεσθῆναι
2346 4322 2481 4377 Θεοῦ
2508 4321 2748 4392 εὕσταχυ
2788 4321 2881 4373 καὶ
2908 4319 3264 4391 πολύκαρπον
3298 4316 3656 4389 (ᾠκονόμησε

2062 4417 2172 4490 γάρ
2205 4418 2235 4472 δ
2302 4415 2396 4470 καὶ
2442 4415 2694 4486 τεχνίτης
2733 4410 2979 4483 γεωργὸς
3025 4412 3122 4465 καὶ
3175 4410 3488 4480 προνοητὴς
3552 4410 3651 4464 τοῦ

2065 4512 2298 4579 κόσμου,
2326 4506 2469 4561 καθὰ
2510 4506 2789 4574 οίκονομεῖ
2823 4504 2917 4585 καὶ
2974 4502 3197 4571 εἰσέτι),
3251 4501 3662 4571 ἔγκεχυμὶσθαι

2067 4601 2299 4671 φαύλαις
2325 4600 2566 4660 ἐκείναις
2600 4597 2851 4666 ποιότησι
2881 4596 2970 4649 καὶ
3002 4594 3335 4666 χρησίμους,
3383 4595 3481 4646 καὶ
3530 4595 3665 4657 οἵως

2066 4694 2313 4765 διαρτίαν
2346 4691 2771 4760 θεοφιλεστάτην
2817 4689 3124 4754 ἀποτελεῖν,
3158 4689 3489 4755 παρέκειντο
3541 4693 3661 4753 τοῖς

2064 4787 2186 4840 τότε
2229 4784 2739 4856 παρεξηυλημένοις
2778 4780 3093 4851 ἀνθρώποις
3115 4780 3319 4847 ἀναμὶξ
3372 4782 3468 4833 καί
3499 4799 3655 4845 τινες

2065 4881 2346 4949 ἐμμελεῖς,
2380 4880 2474 4932 καὶ
2502 4876 2714 4930 senem
2752 4873 2952 4936 αὐτοὺς
3001 4873 3069 4925 τὰ
3124 4876 3269 4925 κακά
3306 4872 3419 4926 τῶν
3477 4872 3662 4927 ἄλλων

2064 4974 2271 5037 ἐκεῖνα,
2308 4968 2717 5040 λογιζομένους,
2750 4963 2859 5030 οἷος
2884 4969 2919 5020 ὁ
2962 4966 3137 5037 ’Λδὰμ
3168 4968 3264 5018 καὶ
3293 4966 3326 5032 ἡ
3378 4964 3504 5018 κατ’
3561 4968 3662 5017 αὺ-

2063 5064 2155 5116 τὸν
2180 5066 2482 5133 προμήτωρ
2502 5062 2789 5132 ἄνθρωπος
2809 5060 3166 5130 ἐπλάσθησαν
3195 5057 3301 5111 ύπδ
3336 5057 3431 5110 τοῦ
3488 5059 3664 5121 Θεοῦ,

2068 5155 2231 5209 ἁπλοῖ
2266 5156 2487 5217 πάντως
2516 5156 2738 5217 ἐκεῖνοι,
2794 5155 2888 5205 καὶ
2924 5153 3309 5222 ἀπράγμονες,
3343 5151 3445 5203 καλ.
3499 5152 3667 5203 ἀποξ-

2070 5253 2229 5307 κιλοι.
2268 5251 2362 5301 καὶ
2389 5251 2609 5318 πραεῖς,
2645 5249 2741 5301 καὶ
2798 5246 2953 5299 οὐδὲν
3002 5246 3209 5299 ἀδικεῖν
3259 5244 3488 5307 εἰδότες,
3562 5246 3664 5297 καὶ

2070 5344 2146 5407 ὡς
2174 5343 2483 5412 ἐτάχθησαν
2540 5340 2773 5394 τοιοῦτοι
2835 5339 3257 5407 φυλαττόμενοι,
3309 5335 3659 5401 αὐξάνεσθαι

2071 5435 2164 5488 καὶ
2185 5432 2559 5502 πληθύνεσθαι
2586 5432 2680 5484 καὶ
2708 5428 2955 5499 πληροῦν
2991 5429 3089 5499 τὴν
3144 5429 3500 5497 οἰκουμένην,
3560 5428 3664 5478 καὶ

388 5532 461 5596 ὡς
487 5533 699 5600 γίνεται
732 5533 829 5601 μὲν
852 5534 911 5586 τὸ
935 5530 1144 5586 ἐκεῖθεν
1166 5531 1463 5594 κελεύσεως
1498 5534 1529 5601 ἡ
1564 5531 1797 5602 αῦξησις
1866 5532 1961 5585 καὶ
2001 5532 2031 5601 ὴ
2069 5530 2412 5601 πληθυντικὴ
2458 5529 2765 5599 πλήρωσις,
2836 5528 2896 5579 ού
2935 5525 3290 5587 διαπεσόντος
3351 5524 3445 5578 τοῦ
3507 5522 3664 5575 θείω

388 5627 778 5696 κελεύσματος.
1104 5688 1107 5689 ν

458 5726 512 5778 4.
551 5725 653 5779 Sed
681 5724 928 5791 quamvis
964 5722 1121 5777 bonis
1167 5720 1412 5776 moribus
1461 5722 1685 5775 studere
1722 5722 1959 5791 jubean-

394 5834 504 5882 ιω,
543 5828 720 5872 tamen
775 5833 815 5872 ιιι
849 5820 953 5874 vita
1006 5816 1274 5885 rnajorum
1315 5814 1600 5880 recedunt,
1635 5824 1821 5884 utpote
1870 5815 1960 5884 qui

2136 5714 2201 5770 δ’.
2262 5713 2570 5767 Ψεύόονται
2626 5714 2683 5765 δὲ
2716 5714 2811 5781 τὴν
2834 5709 3255 5781 προπατορικὴν
3296 5707 3484 5775 βιοτὴν
3517 5708 3566 5760 εί
3598 5707 3663 5758 τὸ

2071 5810 2232 5865 καλὸν
2257 5808 2641 5871 κελευσθέντες
2674 5808 2928 5876 πάτχειν,
2959 5799 3049 5857 οἶα
3082 5804 3160 5873 μὴ
3199 5804 3331 5873 περὶ
3388 5800 3517 5870 γῆν,
3574 5798 3663 5865 ὡς
