3916 6244
254 404 373 510 3οέ

835 443 963 512 οε
998 451 1480 517 OBEDIENTIA
1543 459 2078 529 MAGISTRATUI
2117 468 2590 535 CIIRISTIANO
2645 418 2959 537 Deam;

3413 480 3525 545 306

255 556 444 628 ἐχρῆν,
472 557 807 629 μοχθοῦντες
836 554 933 614 καὶ
954 562 1023 616 τά
1051 564 1170 618 κατ’
1204 563 1376 639 αὐτὴν
1404 568 1562 637 ἔργα,
1606 569 1727 624 οὐδὲ
1776 571 1833 625 ἐν

1948 592 2112 644 neque
2165 587 2359 647 terrae,
2430 584 2511 637 uti
2573 586 2827 653 decebat,
2901 586 3226 643 exercenda:
3290 601 3517 659 operam

259 648 443 715 ίδρῶτι
471 650 773 720 προσώπου
803 654 1156 724 ποριζόμενοι
1189 657 1374 728 άρτον,
1405 659 1525 714 οὐδὲ
1559 661 1693 734 πρὸς
1746 663 1835 717 λό-

258 756 351 809 γον
385 739 589 806 ζῶντες
630 743 727 796 καὶ
753 743 1018 814 βιοῦντες,
1040 748 1115 807 ὠς
1160 752 1189 803 ὁ
1222 750 1353 813 Θεὸς
1409 750 1633 822 ὥρισεν,
1696 755 1835 810 ἀλλά

260 834 399 885 κατά
438 833 592 903 σφῶν
621 835 800 889 αὐτῶν
835 838 1224 910 ἀπανθρώπως
1285 843 1682 916 ὲρεθιζόμενοι,
1740 847 1836 901 καὶ

262 924 527 996 ἀλλήλους
569 928 937 999 ταράσσοντες
968 933 1063 984 καὶ
1093 934 1426 1005 ἀράσσοντες
1456 936 1550 989 καὶ
1592 934 1841 1008 σπαράτέ

260 1034 465 1085 τοντες,
523 1020 614 1071 καὶ
663 1023 841 1075 πάντα
901 1023 1136 1093 δρῶντες
1176 1026 1321 1080 κακά
1357 1028 1437 1093 είς
1471 1030 1598 1091 τοὺς
1630 1031 1836 1100 ὁμοίως

262 1111 443 1173 αὐτοῖς
470 1112 817 1183 ἀνθρώπους,
844 1115 912 1169 δι’
936 1109 1011 1170 ὧν
1058 1117 1124 1171 ἂν
1154 1119 1352 1173 ἐκεῖνοι
1407 1122 1506 1190 τὴν
1551 1122 1673 1176 τότε
1731 1141 1837 1193 μα-

265 1201 535 1269 κροξωταν
602 1203 988 1271 ἀπεύξωνται,
1041 1206 1107 1276 ἣν
1168 1209 1351 1273 αὐτοῖς
1428 1212 1749 1282 παρέτεινεν
1810 1217 1849 1285 ὁ⁸

261 1296 412 1357 Θεός.

325 1390 390 1441 ε’.
419 1384 489 1438 Τί
516 1382 611 1441 οὖν
630 1388 731 1441 οὐκ
767 1388 831 1442 ἂν
867 1390 1082 1446 ἐποίουν
1114 1391 1195 1458 είς
1224 1393 1509 1465 διόρθωσιν
1537 1397 1588 1448 οί
1620 1397 1712 1451 καὶ
1734 1399 1838 1468 τὴν

259 1474 530 1543 δ.άκρισιν
569 1479 780 1533 καὶτὸν
816 1480 1050 1557 ἀριθμόν
1088 1483 1300 1555 μέτριοι
1337 1484 1613 1555 ἄνθρωποι
1685 1488 1835 1555 τότε,

260 1569 309 1620 οἱ
339 1571 474 1639 πρὸς
511 1570 589 1640 τῷ
616 1569 757 1638 Θεῷ,
784 1573 834 1625 ol
866 1574 1009 1627 κατά
1054 1573 1242 1644 φύσιν,
1295 1577 1347 1630 oi
1394 1577 1635 1648 εὐγενῶς
1683 1579 1842 1635 Ἄδα-

266 1665 463 1732 μεαῖοι,
502 1661 601 1727 οὓς
631 1665 664 1734 ὴ
691 1664 969 1736 ἀγαθότης
1013 1666 1292 1734 ἐδιδάξατο
1340 1669 1441 1740 τὴν
1488 1669 1680 1740 ίλαράν
1743 1671 1841 1726 ἀν-

265 1754 629 1824 θρωπότητα;
655 1756 706 1809 τί
735 1756 791 1810 δὲ
850 1758 950 1812 οὐκ
979 1758 1047 1813 ἂν
1080 1759 1386 1830 μεθώδευον
1411 1760 1710 1832 θυμόσοφοι
1773 1762 1843 1818 τὰ

263 1850 317 1908 ἐς
346 1847 726 1916 φιλαδελφίαν,
758 1851 1020 1920 μενοῦνγε
1045 1851 1292 1924 θεόσοφοι
1343 1853 1494 1918 ὄντες
1528 1871 1545 1921 ;
1614 1855 1730 1921 πῶς
1784 1856 1839 1910 δὲ

259 1941 320 1991 οὔ
357 1913 432 2009 μὴ
456 1913 810 2011 ὲνεπυρίξετο
834 1943 904 1997 τά
928 1913 1491 2016 σπλάγχναὴείνοις,
1517 1913 1611 2001 καὶ
1641 1949 1673 2019 ἠ
1701 1913 1839 2020 καρίς
1863 1913 1914 1976 Β

258 2027 344 2080 δία
366 2028 607 2095 ἐκαίετο,
627 2029 769 2085 οὕτω
799 2031 893 2086 τοῦ
925 2033 1069 2087 κατά
1095 2033 1386 2105 ἄνθρωπον
1410 2035 1557 2092 θείου
1580 2038 1835 2109 πλάσμα-

257 2138 349 2184 ⁸ιος
391 2121 569 2193 βραχύ
625 2140 679 2179 τι
753 2125 1038 2191 παντελῶς
1098 2126 1477 2200 ἠλαττωμένου
1537 2131 1837 2204 θηριώδους

260 2216 707 2286 κακεντρεχείας,
735 2217 902 2288 μόνης
923 2218 1022 2289 τῆς
1048 2220 1142 2272 ἐπὶ
1168 2221 1450 2291 τεσσάρων
1478 2220 1689 2292 βάσεως
1711 2226 1839 2278 ἐπι-

258 2306 562 2380 λειπούσης
585 2309 775 2375 αὐτοτς
811 2312 893 2374 είς
926 2329 989 2381 γε
1011 2311 1112 2383 τὴν
1139 2316 1277 2385 πρὸς
1331 2313 1502 2388 θηρία
1538 2317 1689 2371 δεινά
1743 2320 1841 2374 καὶ

258 2402 658 2476 ἀνθρωποϐόρα
696 2403 949 2466 ὲξίσωσιν
977 2408 1073 2459 καὶ
1102 2407 1366 2477 ὁμοίωσιν
1393 2425 1411 2477 ;

331 2502 407 2560 ς’.
437 2491 517 2548 ἾῙ
544 2496 765 2561 πάντως
794 2496 989 2570 ἔχομεν
1022 2500 1086 2554 ὲκ
1117 2500 1223 2554 τῶν
1277 2502 1505 2556 εἰκότων
1541 2506 1840 2559 συνεννοεῐ-

260 2588 412 2652 σθαι,
446 2588 524 2652 ὥς
542 2588 734 2660 πρῶτα
761 2590 858 2659 μὲν
894 2590 1256 2665 ἀπωδύραντο
1296 2592 1363 2647 ἂν
1384 2594 1652 2665 ὲγκάρδια
1690 2593 1837 2650 κατὰ

258 2683 402 2749 σφᾶς
428 2680 629 2741 αὐτοὺς
661 2681 711 2734 οἱ
758 2681 955 2750 ἀγαθοὶ
986 2684 1186 2737 ἐκεῖνοι
1219 2684 1518 2756 ἅνθρωποι,
1543 2686 1832 2758 κορεσθέν-

256 2791 345 2838 τες
379 2773 970 2845 καταμόναςδακρύων
1006 2791 1020 2806 ν
1079 2773 1198 2829 εἶτα
1252 2778 1465 2847 μέτριοί
1518 2795 1685 2844 τινες,
1741 2779 1839 2845 οὓς

253 2866 315 2920 τὸ
335 2868 481 2921 κατά
515 2870 677 2936 φύσιν
704 2866 846 2920 θεῖον
866 2866 1119 2939 ζώπυρον
1144 2868 1483 2938 ἀνεθέρμανε
1532 2867 1839 2941 φιλανθρω-

256 2959 591 3024 πεύσασθαι,
626 2959 705 3023 είς
736 2958 820 3035 ’ἓν
863 2960 1208 3025 συνελθόντες
1261 2958 1479 3032 βουλῆς,
1540 2961 1839 3032 ὲσκέψαντο

254 3053 344 3118 ἂν,
373 3053 429 3106 τί
457 3053 863 3124 τεχνησάμενοι
902 3053 1446 3111 ἀνακαλέσονται,τδν
1479 3055 1709 3110 παλαιὸν
1739 3055 1837 3111 ἀν-

257 3146 501 3217 θρωπον.
544 3146 618 3199 Τὸ
668 3145 725 3200 δὲ
758 3144 1008 3200 ἐντεῦθεν
1043 3146 1475 3218 ὲντεθυμημένοι
1507 3148 1703 3218 πρῶτα
1744 3149 1837 3201 τὸν

1943 682 2168 737 navant,
2207 689 2387 743 neque
2428 676 2482 730 in
2522 676 2727 735 sudore
2780 678 2938 737 faciei
2974 697 3171 753 panem
3226 680 3521 753 acquirere

1942 765 2300 833 contendunt,
2358 783 2538 838 neque
2583 773 2885 829 secundum
2932 775 3224 843 rationem,
3251 775 3331 831 uti
3370 773 3519 836 Deus

1942 859 2226 929 praecepit,
2261 860 2426 914 vitam
2462 875 2526 917 ac
2566 877 2748 918 mores
2781 864 3041 935 dirigunt,
3093 865 3189 922 sed
3221 875 3415 923 contra
3444 882 3541 947 se,

1940 946 2087 1017 ipsos
2136 950 2365 1033 invicem
2408 954 2705 1010 crudeliter
2755 955 3065 1025 insurgunt,
3133 957 3519 1028 perturbantes

1948 1057 2070 1098 sese
2101 1059 2166 1099 ac
2199 1043 2537 1103 oﬂ‘endentes
2574 1059 2629 1103 et
2656 1046 2984 1110 lacerantes.
3011 1060 3066 1104 et
3090 1050 3268 1105 omnis
3293 1052 3518 1121 generis

1946 1131 2087 1185 mala
2124 1132 2367 1189 inferunt
2408 1135 2479 1190 iis
2512 1135 2605 1206 qui
2641 1151 2794 1206 atque
2834 1150 2897 1190 ac
2932 1137 3032 1207 ipsi
3069 1136 3318 1193 homines
3363 1147 3517 1202 sunt,

1942 1218 2080 1274 adeo
2122 1230 2181 1273 ut
2219 1219 2295 1276 illi
2347 1220 2470 1277 vitae
2520 1223 2938 1293 longaevitatem,
2987 1238 3015 1277 a
3056 1223 3162 1278 Deo
3207 1224 3342 1295 ipsis
3389 1241 3522 1282 con-

1944 1320 2179 1370 cessam.
2215 1310 2413 1365 misere
2442 1309 2799 1366 detestentur.

2019 1395 2073 1449 5.
2109 1395 2248 1461 Quid
2278 1396 2440 1466 igitur
2485 1412 2590 1452 non
2625 1399 2873 1454 fecerunt
2909 1400 2975 1454 ad
3025 1399 3303 1455 meliorem
3334 1402 3521 1457 condi-

1945 1487 2146 1543 tionem
2180 1488 2546 1543 reduceodam
2586 1490 2747 1561 pauci
2800 1491 3052 1547 homines
3093 1492 3169 1546 illi
3202 1491 3519 1562 prudentes.

1944 1578 2056 1636 Deo
2106 1583 2335 1652 accepti,
2383 1594 2591 1640 natura;
2643 1587 3032 1643 convenienter
3082 1586 3349 1655 viventes,
3403 1590 3518 1642 veri

1944 1668 2137 1725 Adami
2169 1671 2394 1740 posteri,
2418 1686 2554 1740 quos
2582 1672 2722 1727 bona
2752 1673 2988 1743 ipsorum
3013 1674 3223 1730 indoles
3250 1675 3513 1745 placidam

1948 1757 2176 1816 docebat
2212 1760 2651 1818 humanitatem?
2694 1762 2832 1829 Quid
2881 1779 2984 1819 non
3030 1767 3410 1834 cxcogitarunt
3442 1766 3517 1821 illi

1945 1853 2037 1925 qui
2069 1868 2097 1907 a
2133 1853 2342 1909 ratione
2369 1868 2489 1920 sua,
2525 1854 2605 1909 vel
2626 1856 2799 1924 potius
2819 1871 2848 1910 a
2871 1857 3000 1921 Deo,
3035 1856 3101 1910 ad
3133 1859 3359 1912 fratrum
3392 1859 3522 1913 cha-

1944 1945 2158 2000 ritatem
2193 1944 2662 2001 stimulabantur?
2691 1945 2975 2013 Quomodo
3007 1951 3214 2004 viscera
3258 1950 3364 2004 illis
3408 1955 3538 2005 non‘

1945 2038 2274 2093 inﬂammata
2325 2047 2476 2101 sunt.
2513 2040 2782 2107 quomodo
2808 2052 2903 2094 cor
2932 2054 3039 2096 non
3092 2040 3359 2108 exarduit,
3396 2034 3538 2099 cum'

1944 2131 2193 2187 viderent
2226 2130 2464 2186 divinam
2496 2141 2829 2199 creaturam,
2859 2131 3132 2188 hominem
3162 2133 3303 2199 dico,
3330 2134 3535 2190 bestiis

1943 2221 2329 2293 propemodum
2373 2236 2497 2278 esse
2547 2221 2887 2289 inferiorem,
2937 2226 3009 2278 ita
3064 2233 3129 2280 ur
3153 2225 3219 2278 ad
3270 2218 3538 2281 similitu-3

1946 2309 2127 2365 dinem
2176 2309 2470 2365 bestiarum
2526 2310 2766 2366 ferarum
2816 2322 2979 2382 atque
3035 2313 3336 2370 crudelium
3387 2312 3545 2370 uibil‘

1938 2398 2061 2456 fere
2099 2401 2358 2457 deﬁceret
2387 2402 2489 2457 nisi
2544 2412 2601 2457 ut
2632 2413 2872 2472 quatuor
2902 2405 3133 2475 pedibus
3162 2400 3540 2462 incederent?“

2019 2494 2072 2552 6.
2124 2494 2268 2552 Sane
2316 2511 2347 2551 ιι
2385 2510 2520 2553 vero
2568 2497 2713 2553 haud
2758 2497 3159 2567 aberrabimus,
3211 2500 3258 2555 si
3306 2500 3526 2555 conclu~

1946 2587 2125 2644 dimus
2152 2588 2275 2643 illos
2308 2587 2782 2659 hominesaprobos
2830 2587 3063 2657 primum
3107 2604 3318 2644 summo
3352 2589 3527 2644 animi.

1947 2695 2185 2736 mmrore
2229 2678 2455 2735 allectos
2506 2679 2868 2751 lacrymarum
2909 2679 3118 2750 copiam
3174 2679 3518 2752 profudisse,

1946 2770 2146 2825 deinde
2177 2784 2380 2839 paucos
2407 2769 2693 2838 quosdam,
2728 2767 2941 2823 fervore
2979 2768 3162 2824 divino
3188 2769 3256 2825 ad
3289 2769 3529 2825 fratrum

1948 2878 2187 2917 antorem
2217 2863 2504 2926 excitatos,
2548 2860 2889 2916 consultandi
2921 2874 3080 2917 causa
3117 2862 3438 2917 convenisse
3464 2873 3523 2917 et

1949 2955 2016 3008 de
2076 2953 2277 3021 Optima
2348 2948 2740 3006 deliberavisse
2821 2950 3033 3006 ratione
3095 2965 3200 3021 qua
3277 2961 3516 3006 veterem

1947 3045 2219 3100 hominem
2257 3053 2594 3098 revocarent.
2622 3043 2758 3098 Tum
2803 3045 2982 3115 primo
3015 3043 3184 3123 Qeum
3216 3052 3539 3099 creatorem”

1948 3137 2131 3191 animo
2157 3135 2258 3191 sibi
2296 3144 2748 3204 repraesentantes
2792 3135 3139 3203 invocarunt,
3171 3144 3233 3190 ut
3259 3137 3522 3192 mundum

259 3237 513 3307 πλάστην
536 3237 764 3308 Κύριον,
845 3237 939 3291 καὶ⁹
995 3237 1482 3310 θεοκλυτήσαντες,
1531 3240 1838 3312 ἐπιϐλέψειν

1948 3245 2102 3286 Suum
2131 3229 2388 3300 respiciat
2429 3244 2745 3284 conversum
2778 3228 2843 3283 ad
2876 3228 3283 3300 improbitatem
3313 3239 3366 3284 et
3393 3226 3533 3300 per?

260 3331 357 3383 ἐπὶ
383 3329 479 3382 τὸν
502 3327 709 3399 κόσμον
730 3329 896 3383 αὐτοῦ
935 3333 1403 3403 περιτρεπόμενον
1437 3334 1517 3397 είς
1564 3336 1839 3405 ἀκοσμίαν

258 3423 355 3495 καὶ
392 3422 933 3494 ἀνασκευαζόμενον,
953 3424 1051 3478 καὶ
1084 3424 1162 3494 μὴ
1197 3426 1559 3497 ἀνασχέσθαι,
1587 3429 1840 3500 πρόϐατα

261 3514 363 3583 μὲν
393 3514 492 3567 καὶ
525 3512 655 3584 βόας
708 3512 804 3566 καὶ
847 3513 999 3568 ἀπαν
1060 3514 1253 3586 θηρίον
1296 3517 1647 3588 διεξάγεσθαι
1698 3524 1840 3577 κατά

261 3605 449 3678 φύσιν,
471 3606 549 3670 ὡς
571 3605 903 3678 ἐτάχθησαν,
923 3607 985 3661 τὸ
1011 3606 1067 3660 δὲ
1092 3608 1394 3666 θεοείκελον
1424 3611 1590 3667 αὑτοῦ
1614 3612 1841 3687 πλάσμα

261 3697 694 3773 παραποιεϊσθαι
720 3698 1023 3766 ἀλογίστως
1050 3699 1131 3764 είς
1154 3699 1443 3771 ἀλλοφυὲς,
1464 3706 1842 3777 παρεκλήτευ-

262 3809 364 3846 σαν
417 3791 509 3858 ἃν,
565 3790 643 3861 μὴ
695 3789 942 3861 παριδεῖν
988 3791 1082 3844 τὸν
1137 3791 1445 3863 ἄνθρωπον,
1501 3797 1596 3852 καὶ
1657 3799 1839 3854 αὐτῶν

260 3883 490 3954 ἀψύχων
519 3884 603 3946 είς
631 3881 856 3936 ἔλαττον
903 3881 1316 3950 διεκπίπτοντα,
1355 3884 1516 3957 είπερ
1564 3887 1704 3942 αὒτά
1738 3888 1838 3959 μὲν

259 3976 482 4049 ἠρεμεῖ,
514 3974 699 4044 καὶτῇ
739 3974 916 4026 κτίσει
938 3972 1259 4043 λυμαίνεται
1318 3976 1402 4041 είς
1444 3977 1624 4045 οὐδὲν,
1684 3981 1731 4034 ἀ
1779 3979 1838 4035 δὲ

259 4067 601 4137 τεταγμένος
645 4063 748 4147 ⁸ἐπὶ
802 4066 1043 4133 πάντων,
1092 4066 1187 4120 καὶ
1244 4059 1306 4121 οὗ
1346 4068 1509 4140 χάριν
1557 4070 1625 4125 τά
1664 4071 1841 4129 πάντα

260 4157 481 4227 γέγονε,
510 4154 759 4228 παράγει
787 4154 890 4228 τὴν
919 4153 1357 4231 εὐκοσμίαν,⁴οἷς
1384 4161 1579 4217 ἑαυτὸν
1633 4163 1840 4236 ἀπάγει

260 4246 653 4314 ἐξαναλίσκων,
687 4247 782 4302 καὶ
811 4247 1124 4318 φιλονεικεῖ,
1158 4251 1527 4325 ἀπάνθρωπον
1556 4254 1838 4327 καταστῆ-

262 4356 356 4395 σαι
392 4339 489 4392 τὸν
513 4339 723 4408 κόσμον
757 4341 852 4396 καὶ
884 4340 1033 4411 (τόγε
1063 4343 1145 4408 είς
1179 4341 1343 4397 αὑτὸν
1398 4338 1558 4420 ἧκον)
1612 4345 1841 4402 ἀδέσπο-

260 4447 372 4485 τον.
422 4429 817 4501 ⁹Εδυσώπησαν
873 4431 931 4485 δὲ
966 4432 1033 4487 ἂν
1061 4432 1153 4489 τὸν
1171 4433 1516 4507 ὁπεράγαθον
1538 4439 1837 4512 Δεσπότην,

261 4523 354 4575 καὶ
391 4521 534 4592 μηδὲ
564 4522 701 4593 πρὸς
732 4523 1017 4594 ἀκρίϐειαν
1054 4524 1208 4597 δίκης
1242 4528 1557 4593 ἐπεξελθεῖν
1586 4534 1701 4596 τοῖς
1732 4534 1839 4589 ὑπὸ

261 4614 366 4669 τῶν
388 4614 660 4669 πλειόνων
694 4614 1228 4688 πλημμελουμένοις,
1265 4621 1401 4691 μηδὲ
1423 4623 1841 4680 ἀντιταλαντεῦη

264 4723 350 4759 σαι
380 4706 600 4776 πληγὰς
628 4707 726 4770 τὰς
749 4708 807 4775 ἐξ
838 4708 1004 4762 αὐτοῦ
1029 4712 1150 4772 ταῖς
1174 4711 1423 4780 ἐκείνων,
1459 4712 1530 4767 δι’
1574 4707 1651 4770 ὧν
1679 4733 1845 4771 κατα-

263 4796 524 4850 ϐάλλουσι
552 4797 677 4859 τοὺς
696 4799 979 4868 ὁμοφυεῖς,
1005 4799 1140 4871 μηδὲ
1169 4801 1598 4874 ἑκδικῆσαιτοὺς
1622 4807 1840 4876 φόνους,

265 4888 540 4960 προϐολὴν
562 4889 658 4944 ἐπὶ
679 4892 977 4963 καταδίκης
1003 4895 1350 4965 ποιούμενον,
1410 4895 1487 4962 ὡς
1529 4898 1693 4963 αὐτὸς
1742 4902 1845 4971 μὲν

263 4982 450 5053 καίρια
479 4983 578 5036 καὶ
609 4982 771 5055 ἱλαρά
791 4984 1147 5056 καταϐρέχων
1177 4987 1416 5044 λιπαίνει
1461 4991 1563 5061 τὴν
1603 4993 1706 5064 γῆν
1759 4994 1841 5058 είς

263 5072 468 5139 ἀγαθὸν
489 5073 745 5139 ἐκείνοις,
767 5075 815 5127 oi
841 5075 898 5128 δὲ
931 5077 1211 5146 κραίνουσι
1243 5079 1343 5148 τὴν
1363 5080 1534 5152 αὐτὴν
1554 5082 1846 5152 ἐμφυλίοις

263 5163 479 5233 αἵμασι,
506 5163 603 5216 καὶ
629 5162 696 5234 ἢν
728 5165 782 5218 ai
810 5164 938 5219 καθ’
970 5167 1221 5222 ἑκούσιον
1250 5169 1444 5242 βροχαὶ
1507 5172 1836 5241 πιαίνουσιν,

263 5256 415 5311 αὐτοὶ
440 5255 664 5324 λύθροις
693 5258 970 5326 ὁμογνίοις
1000 5260 1299 5329 μιαίνουσι,
1325 5261 1418 5315 καὶ
1447 5263 1525 5328 ὡς
1551 5266 1608 5327 ἐς
1632 5264 1841 5337 λάχανα

265 5347 521 5417 βρώσεως
552 5348 848 5413 τάσσοντες
878 5350 1129 5415 ἑαυτοὺς,
1158 5351 1319 5418 ἀλλος
1382 5353 1544 5409 ἄλλον
1604 5355 1838 5429 ἀλληλο-

263 5439 464 5506 φαγίας
500 5438 655 5509 νόμῳ
686 5438 1196 5511 καταϐροχθίζουσι.

329 5531 393 5597 ς’.
429 5529 620 5584 Ταῦτα
640 5530 698 5584 δὲ
727 5530 928 5584 ἐκεῖνοι
960 5532 1248 5603 εὐξάμενοι
1280 5534 1363 5607 (οὐ
1401 5537 1510 5608 γὰρ
1560 5538 1626 5593 ἂν
1672 5540 1837 5594 διέλι-

260 5639 356 5675 πεν
386 5624 413 5670 ό
448 5623 517 5676 τὰ
551 5623 725 5692 νήπια
756 5621 900 5676 καθά
923 5625 1234 5694 φυλάσσων,
1274 5626 1418 5682 οὕτω
1447 5629 1545 5682 καὶ
1597 5631 1836 5701 σοφίζων

263 5714 490 5785 Κᾷριος,
560 5716 654 5767 καὶ
689 5715 917 5787 χαίρων,
986 5720 1033 5770 εί
1090 5720 1186 5773 καὶ
1232 5720 1294 5787 ἐξ
1350 5721 1575 5777 ἐκείνων
1616 5723 1836 5780 ἔπαινον

262 5802 675 5873 καταρτίζεται,
705 5803 782 5874 μὴ
842 5805 936 5857 καὶ
978 5804 1234 5876 ἀνδράσιν
1282 5807 1514 5869 ἐκείνοις
1579 5812 1835 5881 χρηστοῖς

262 5898 351 5948 καὶ
388 5897 890 5968 ὲνεστερνισμένοις
913 5892 995 5951 τό
1026 5896 1352 5968 φιλάλληλον
1404 5900 1681 5956 ὲπιπνέειν
1746 5902 1833 5955 ἐν·

1950 3324 2245 3388 turbatum,
2310 3338 2505 3392 neque,
2562 3322 2688 3376 dum
2738 3337 2867 3379 ores
2928 3329 2983 3379 et
3031 3321 3195 3378 boves
3237 3332 3292 3376 et
3339 3316 3533 3377 omnia

1946 3416 2202 3472 animalia
2261 3424 2470 3473 natura:
2520 3416 2686 3489 leges,
2743 3415 2809 3472 ad
2867 3430 3003 3486 quas
3063 3415 3293 3472 condita
3349 3408 3535 3481 fuerc,‘

1947 3520 2324 3579 sequerentur,
2395 3517 2703 3565 creaturam
2771 3509 2871 3578 ipsi
2934 3507 3165 3563 similem
3233 3523 3264 3563 τι
3330 3517 3518 3562 natura

1948 3602 2222 3658 declinare
2276 3602 2504 3656 sineret.
2554 3598 2861 3655 Oravernut
2910 3599 3101 3665 Deum,
3137 3609 3195 3655 ut
3239 3613 3306 3654 ne
3338 3598 3519 3668 despi-

1948 3701 2097 3747 ceret
2141 3692 2435 3754 hominem,
2470 3690 2610 3746 infra
2659 3690 2960 3746 bestiarum
3004 3690 3252 3747 ordinem
3296 3689 3524 3749 descen-

1948 3784 2188 3847 dentem,
2220 3782 2491 3851 siquidem
2525 3780 2629 3836 illac
2674 3781 2972 3850 tranquille
2995 3781 3245 3836 viverent
3275 3794 3374 3834 nec
3408 3779 3531 3833 ullo

1949 3874 2112 3930 modo
2147 3883 2393 3928 naturam
2443 3872 2730 3938 violarent,
2782 3872 2869 3927 hic
2908 3881 3088 3927 autem
3134 3872 3225 3942 qui
3267 3871 3527 3926 omnibus

1947 3975 2167 4037 praestat
2200 3976 2255 4022 et
2278 3965 2433 4034 cujus
2466 3979 2632 4020 causa
2668 3964 2854 4043 omnia
2894 3965 3035 4019 facta
3068 3974 3219 4030 sunt,
3256 3951 3517 4018 mundum

1945 4061 2083 4116 bene
2108 4058 2414 4115 ordinatum
2442 4057 2740 4127 perturbat,
2777 4067 2831 4111 et
2862 4054 3098 4126 seipsum
3144 4056 3196 4110 in
3223 4055 3517 4125 perniciem

1946 4149 2268 4220 praecipitat,
2324 4146 2578 4225 denique,
2632 4155 2896 4211 quantum
2948 4160 3119 4217 penes
3175 4147 3355 4216 ipsum
3409 4156 3515 4212 est,

1947 4237 2255 4294 hominibus
2314 4243 2371 4291 et
2426 4236 2656 4306 imperio
2706 4236 2921 4306 privare
2980 4235 3242 4291 mundum
3303 4236 3535 4293 nititur..

1944 4332 2213 4388 Prmterea
2242 4327 2532 4384 Dominum
2565 4328 2742 4384 omnis
2787 4327 3045 4385 bonitatis
3076 4329 3278 4384 fontem
3313 4328 3520 4399 suppli-

1944 4432 2164 4492 earunt,
2232 4438 2301 4480 ne
2363 4422 2606 4494 peccatis
2672 4438 2702 4478 a
2744 4422 2751 4429 ’
2788 4423 3133 4478 multitudine
3193 4421 3529 4492 perpetratis

1946 4530 2164 4586 poenam
2232 4524 2486 4570 accurate
2533 4524 2934 4584 compensaret,
3001 4528 3179 4585 neque
3241 4512 3520 4584 suppliciis

1948 4610 2145 4680 quibus
2172 4607 2246 4663 illi
2286 4609 2339 4663 in
2372 4607 2707 4663 contribules
2758 4607 3074 4670 sarrierunt,
3108 4620 3206 4660 sua
3241 4619 3519 4660 commen-

1949 4711 2184 4768 suraret,
2254 4716 2429 4770 neque
2495 4700 2669 4754 caedes
2733 4698 3134 4762 ulcisceretur,
3187 4698 3280 4751 sed
3338 4696 3518 4766 potius

1947 4808 2164 4865 poenam
2198 4791 2456 4855 diﬂ‘erret,
2492 4791 2691 4860 quippe
2721 4789 2813 4859 qui
2853 4797 3157 4859 opportuno
3189 4797 3241 4844 et
3288 4786 3524 4843 fecundo’

1947 4885 2124 4942 imbre
2145 4885 2397 4957 pinguem
2424 4884 2670 4938 redderet
2703 4894 2901 4937 terram
2925 4882 2977 4937 in
3006 4880 3291 4936 utilitatem
3328 4870 3525 4937 eorum

1943 4979 2032 5049 qui
2066 4979 2294 5033 iratrum
2327 4975 2590 5046 sanguine
2631 4975 2779 5030 illam
2827 4975 3226 5039 bumectarent,
3262 4983 3316 5029 et
3354 4960 3525 5041 quam

1944 5072 2123 5140 pluvia
2161 5068 2421 5124 diVinitus
2464 5068 2695 5135 benigne
2744 5068 3002 5123 concessa
3035 5065 3354 5136 impinguat,
3385 5081 3523 5147 con-‘

1941 5163 2359 5237 sanguineorum
2448 5161 2732 5215 cruoribus
2821 5159 3167 5230 polluerent,
3230 5168 3286 5216 et
3362 5160 3514 5230 quasi

1940 5255 2181 5311 obsoniis
2238 5254 2411 5309 nihilo
2477 5261 2822 5324 praestarent,
2885 5251 3208 5323 semetipsos
3280 5251 3523 5309 invicem

1937 5348 2286 5404 devorarent.

2009 5528 2061 5582 τέ
2092 5512 2387 5594 Postquam
2420 5523 2499 5579 sic
2545 5533 2839 5580 oraverant
2892 5523 2968 5579 illi
3025 5525 3189 5597 (Deus
3241 5522 3383 5579 enim
3417 5510 3521 5589 qui

1936 5620 2021 5676 vel
2073 5619 2216 5688 ipsos
2271 5616 2503 5671 infantes
2535 5631 2643 5670 non
2679 5615 2850 5672 solum
2904 5616 3160 5680 custodit,
3201 5612 3294 5667 sed
3344 5612 3511 5666 etiam

1936 5712 2210 5780 sapientes
2245 5708 2423 5764 reddit
2459 5708 2526 5765 ab
2557 5709 2729 5777 iisque
2762 5709 2971 5762 laudem
3020 5707 3118 5760 sibi
3165 5700 3349 5757 offerri
3382 5718 3515 5773 gau-

1936 5808 2048 5866 det.
2073 5803 2204 5858 viris
2234 5802 2337 5856 illis
2363 5801 2520 5856 bonis
2543 5813 2703 5870 atque
2722 5801 2974 5856 'cordatis
3000 5799 3291 5850 fraternam
3319 5796 3510 5851 indidit

1935 5880 2277 5961 charitatem,
2310 5895 2381 5949 ita
2412 5903 2465 5947 ut
2496 5894 2692 5961 partim
2727 5908 2890 5964 supra
2924 5893 3066 5947 lmnc
3093 5891 3350 5944 mundum
3380 5888 3515 5941 elati
