  <div class='ocr_page' id='page_1' title='image "/cluster/home/n/w/nwhite01/storage/ocr_20150623/136/mdp.39015038093210/161.png"; bbox 0 0 3916 6244; ppageno 0'>
   <div class='ocr_carea' id='block_1_1' title="bbox 359 367 1940 445">
    <p class='ocr_par' dir='ltr' id='par_1_1' title="bbox 359 370 1940 445">
     <span class='ocr_line' id='line_1_1' title="bbox 359 370 1940 445; baseline -0.006 0"><span class='ocrx_word' id='word_1_1' title='bbox 359 377 465 445; x_wconf 79' lang='grc' dir='ltr'><strong>3οἹ</strong></span> <span class='ocrx_word' id='word_1_2' title='bbox 1085 372 1441 442; x_wconf 75' lang='grc' dir='ltr'><strong>ΕΠΞΤΛΤΗ</strong></span> <span class='ocrx_word' id='word_1_3' title='bbox 1450 377 1507 438; x_wconf 83' lang='grc' dir='ltr'><strong>ΙΙ</strong></span> <span class='ocrx_word' id='word_1_4' title='bbox 1549 370 1940 439; x_wconf 76' lang='lat' dir='ltr'><strong>THESSALO</strong></span> 
     </span>
    </p>
   </div>
   <div class='ocr_carea' id='block_1_2' title="bbox 2047 367 3625 445">
    <p class='ocr_par' dir='ltr' id='par_1_2' title="bbox 2047 367 3625 439">
     <span class='ocr_line' id='line_1_2' title="bbox 2047 367 3625 439; baseline 0 -2"><span class='ocrx_word' id='word_1_5' title='bbox 2047 375 2306 439; x_wconf 82' lang='lat' dir='ltr'><strong>CENSIS</strong></span> <span class='ocrx_word' id='word_1_6' title='bbox 2340 376 2393 439; x_wconf 79' lang='lat' dir='ltr'><strong>lli</strong></span> <span class='ocrx_word' id='word_1_7' title='bbox 2405 367 2917 436; x_wconf 66' lang='grc' dir='ltr'><strong>ΕΤΠΟΡΟῘᾸΤΙῈ</strong></span> <span class='ocrx_word' id='word_1_8' title='bbox 3509 367 3625 437; x_wconf 71' lang='grc'><strong>308</strong></span> 
     </span>
    </p>
   </div>
   <div class='ocr_carea' id='block_1_3' title="bbox 358 482 1940 564">
    <p class='ocr_par' dir='ltr' id='par_1_3' title="bbox 358 493 1939 563">
     <span class='ocr_line' id='line_1_3' title="bbox 358 493 1939 563; baseline -0.005 -10"><span class='ocrx_word' id='word_1_9' title='bbox 358 515 480 553; x_wconf 90' lang='lat' dir='ltr'><strong>cum</strong></span> <span class='ocrx_word' id='word_1_10' title='bbox 521 494 634 550; x_wconf 81' lang='lat' dir='ltr'><strong>Deo</strong></span> <span class='ocrx_word' id='word_1_11' title='bbox 678 496 1066 556; x_wconf 65' lang='lat' dir='ltr'><strong>mitteret-ent,</strong></span> <span class='ocrx_word' id='word_1_12' title='bbox 1138 493 1333 563; x_wconf 99' lang='lat' dir='ltr'><strong>partim</strong></span> <span class='ocrx_word' id='word_1_13' title='bbox 1400 493 1525 548; x_wconf 84' lang='lat' dir='ltr'><strong>huic</strong></span> <span class='ocrx_word' id='word_1_14' title='bbox 1588 493 1807 560; x_wconf 88' lang='lat' dir='ltr'><strong>mundo,</strong></span> <span class='ocrx_word' id='word_1_15' title='bbox 1863 493 1939 546; x_wconf 89' lang='lat' dir='ltr'><strong>uti</strong></span> 
     </span>
    </p>
   </div>
   <div class='ocr_carea' id='block_1_4' title="bbox 2047 482 3637 564">
    <p class='ocr_par' dir='ltr' id='par_1_4' title="bbox 2047 482 3637 564">
     <span class='ocr_line' id='line_1_4' title="bbox 2047 482 3637 564; baseline -0.003 -19"><span class='ocrx_word' id='word_1_16' title='bbox 2047 491 2221 559; x_wconf 89' lang='grc' dir='ltr'>νοίας,</span> <span class='ocrx_word' id='word_1_17' title='bbox 2256 485 2333 544; x_wconf 79' lang='grc' dir='ltr'>ὧν</span> <span class='ocrx_word' id='word_1_18' title='bbox 2350 494 2473 552; x_wconf 80' lang='grc' dir='ltr'>ταῖς</span> <span class='ocrx_word' id='word_1_19' title='bbox 2502 489 2603 560; x_wconf 82' lang='grc' dir='ltr'>μὲν</span> <span class='ocrx_word' id='word_1_20' title='bbox 2634 488 2894 545; x_wconf 79' lang='grc' dir='ltr'>ἆπτοιντο</span> <span class='ocrx_word' id='word_1_21' title='bbox 2925 486 2993 541; x_wconf 85' lang='grc' dir='ltr'>ἂν</span> <span class='ocrx_word' id='word_1_22' title='bbox 3041 482 3210 541; x_wconf 77' lang='grc' dir='ltr'>αὐτοῦ</span> <span class='ocrx_word' id='word_1_23' title='bbox 3257 485 3395 541; x_wconf 84' lang='grc' dir='ltr'>Θεοῦ</span> <span class='ocrx_word' id='word_1_24' title='bbox 3458 489 3637 564; x_wconf 58' lang='grc' dir='ltr'>ὑπερα</span> 
     </span>
    </p>
   </div>
   <div class='ocr_carea' id='block_1_5' title="bbox 362 577 1940 658">
    <p class='ocr_par' dir='ltr' id='par_1_5' title="bbox 362 585 1940 658">
     <span class='ocr_line' id='line_1_5' title="bbox 362 585 1940 658; baseline -0.004 -14"><span class='ocrx_word' id='word_1_25' title='bbox 362 591 469 645; x_wconf 88' lang='lat' dir='ltr'><strong>Deo</strong></span> <span class='ocrx_word' id='word_1_26' title='bbox 511 587 704 658; x_wconf 84' lang='lat' dir='ltr'><strong>placet,</strong></span> <span class='ocrx_word' id='word_1_27' title='bbox 744 588 944 644; x_wconf 78' lang='lat' dir='ltr'><strong>addicti</strong></span> <span class='ocrx_word' id='word_1_28' title='bbox 1002 585 1235 655; x_wconf 88' lang='lat' dir='ltr'><strong>essent),</strong></span> <span class='ocrx_word' id='word_1_29' title='bbox 1271 595 1326 641; x_wconf 87' lang='lat' dir='ltr'><strong>et</strong></span> <span class='ocrx_word' id='word_1_30' title='bbox 1377 585 1663 641; x_wconf 78' lang='lat' dir='ltr'><strong>consilium</strong></span> <span class='ocrx_word' id='word_1_31' title='bbox 1698 585 1841 655; x_wconf 87' lang='lat' dir='ltr'><strong>quod</strong></span> <span class='ocrx_word' id='word_1_32' title='bbox 1888 592 1940 641; x_wconf 83' lang='lat' dir='ltr'><strong>et</strong></span> 
     </span>
    </p>
   </div>
   <div class='ocr_carea' id='block_1_6' title="bbox 2047 577 3631 658">
    <p class='ocr_par' dir='ltr' id='par_1_6' title="bbox 2048 577 3631 653">
     <span class='ocr_line' id='line_1_6' title="bbox 2048 577 3631 653; baseline 0.001 -18"><span class='ocrx_word' id='word_1_33' title='bbox 2048 580 2319 652; x_wconf 81' lang='grc' dir='ltr'>κοσμίως,</span> <span class='ocrx_word' id='word_1_34' title='bbox 2371 582 2492 644; x_wconf 76' lang='grc' dir='ltr'>ταῖς</span> <span class='ocrx_word' id='word_1_35' title='bbox 2523 580 2578 635; x_wconf 77' lang='grc' dir='ltr'>δὲ</span> <span class='ocrx_word' id='word_1_36' title='bbox 2613 580 2743 651; x_wconf 72' lang='grc' dir='ltr'>περὶ</span> <span class='ocrx_word' id='word_1_37' title='bbox 2782 577 2856 633; x_wconf 88' lang='grc' dir='ltr'><strong>τά</strong></span> <span class='ocrx_word' id='word_1_38' title='bbox 2913 577 3064 633; x_wconf 84' lang='grc' dir='ltr'>κάτω</span> <span class='ocrx_word' id='word_1_39' title='bbox 3093 578 3417 649; x_wconf 80' lang='grc' dir='ltr'>στρέφοιντο</span> <span class='ocrx_word' id='word_1_40' title='bbox 3466 582 3631 653; x_wconf 78' lang='grc' dir='ltr'>ἐγκο-</span> 
     </span>
    </p>
   </div>
   <div class='ocr_carea' id='block_1_7' title="bbox 360 676 1940 751">
    <p class='ocr_par' dir='ltr' id='par_1_7' title="bbox 360 676 1940 751">
     <span class='ocr_line' id='line_1_7' title="bbox 360 676 1940 751; baseline -0.003 -16"><span class='ocrx_word' id='word_1_41' title='bbox 360 682 473 736; x_wconf 65' lang='lat' dir='ltr'><strong>Dro</strong></span> <span class='ocrx_word' id='word_1_42' title='bbox 506 693 717 751; x_wconf 82' lang='lat' dir='ltr'><strong>gratum</strong></span> <span class='ocrx_word' id='word_1_43' title='bbox 748 691 801 736; x_wconf 89' lang='lat' dir='ltr'><strong>et</strong></span> <span class='ocrx_word' id='word_1_44' title='bbox 834 678 1067 734; x_wconf 80' lang='lat' dir='ltr'><strong>fratrum</strong></span> <span class='ocrx_word' id='word_1_45' title='bbox 1096 676 1264 735; x_wconf 84' lang='lat' dir='ltr'><strong>saluti</strong></span> <span class='ocrx_word' id='word_1_46' title='bbox 1300 678 1434 734; x_wconf 86' lang='lat' dir='ltr'><strong>utile</strong></span> <span class='ocrx_word' id='word_1_47' title='bbox 1458 687 1632 745; x_wconf 71' lang='lat' dir='ltr'><strong>esset,</strong></span> <span class='ocrx_word' id='word_1_48' title='bbox 1661 686 1940 748; x_wconf 83' lang='lat' dir='ltr'><strong>ceperant.</strong></span> 
     </span>
    </p>
   </div>
   <div class='ocr_carea' id='block_1_8' title="bbox 358 766 1952 842">
    <p class='ocr_par' dir='ltr' id='par_1_8' title="bbox 358 766 1952 842">
     <span class='ocr_line' id='line_1_8' title="bbox 358 766 1952 842; baseline -0.003 -14"><span class='ocrx_word' id='word_1_49' title='bbox 358 778 411 828; x_wconf 91' lang='lat' dir='ltr'><strong>in</strong></span> <span class='ocrx_word' id='word_1_50' title='bbox 446 777 684 828; x_wconf 88' lang='lat' dir='ltr'><strong>animum</strong></span> <span class='ocrx_word' id='word_1_51' title='bbox 719 775 1071 839; x_wconf 82' lang='lat' dir='ltr'><strong>induxerunt,</strong></span> <span class='ocrx_word' id='word_1_52' title='bbox 1110 771 1367 835; x_wconf 71' lang='lat' dir='ltr'><strong>simiiem,</strong></span> <span class='ocrx_word' id='word_1_53' title='bbox 1392 771 1437 828; x_wconf 88' lang='lat' dir='ltr'><strong>si</strong></span> <span class='ocrx_word' id='word_1_54' title='bbox 1471 783 1712 842; x_wconf 87' lang='lat' dir='ltr'><strong>possent,</strong></span> <span class='ocrx_word' id='word_1_55' title='bbox 1744 766 1952 828; x_wconf 73' lang='lat' dir='ltr'><strong>emtum</strong></span> 
     </span>
    </p>
   </div>
   <div class='ocr_carea' id='block_1_9' title="bbox 356 854 1949 936">
    <p class='ocr_par' dir='ltr' id='par_1_9' title="bbox 356 854 1949 936">
     <span class='ocr_line' id='line_1_9' title="bbox 356 854 1949 936; baseline -0.001 -16"><span class='ocrx_word' id='word_1_56' title='bbox 356 854 684 936; x_wconf 79' lang='lat' dir='ltr'><strong>congregare</strong></span> <span class='ocrx_word' id='word_1_57' title='bbox 740 875 795 920; x_wconf 90' lang='lat' dir='ltr'><strong>et</strong></span> <span class='ocrx_word' id='word_1_58' title='bbox 850 867 1171 922; x_wconf 84' lang='lat' dir='ltr'><strong>concionem</strong></span> <span class='ocrx_word' id='word_1_59' title='bbox 1233 879 1541 922; x_wconf 86' lang='lat' dir='ltr'><strong>convocare</strong></span> <span class='ocrx_word' id='word_1_60' title='bbox 1609 864 1662 920; x_wconf 91' lang='lat' dir='ltr'><strong>in</strong></span> <span class='ocrx_word' id='word_1_61' title='bbox 1717 880 1820 931; x_wconf 89' lang='lat' dir='ltr'><strong>qua</strong></span> <span class='ocrx_word' id='word_1_62' title='bbox 1878 865 1949 920; x_wconf 80' lang='lat' dir='ltr'><strong>de</strong></span> 
     </span>
    </p>
   </div>
   <div class='ocr_carea' id='block_1_10' title="bbox 356 957 1487 1030">
    <p class='ocr_par' dir='ltr' id='par_1_10' title="bbox 356 957 1487 1030">
     <span class='ocr_line' id='line_1_10' title="bbox 356 957 1487 1030; baseline 0.001 -19"><span class='ocrx_word' id='word_1_63' title='bbox 356 961 573 1030; x_wconf 74' lang='lat' dir='ltr'><strong>publica</strong></span> <span class='ocrx_word' id='word_1_64' title='bbox 598 963 741 1015; x_wconf 71' lang='grc' dir='ltr'>ὶιιιιιο</span> <span class='ocrx_word' id='word_1_65' title='bbox 776 975 839 1013; x_wconf 86' lang='lat' dir='ltr'><strong>ac</strong></span> <span class='ocrx_word' id='word_1_66' title='bbox 867 959 1040 1014; x_wconf 81' lang='lat' dir='ltr'><strong>salute</strong></span> <span class='ocrx_word' id='word_1_67' title='bbox 1068 957 1487 1017; x_wconf 74' lang='lat' dir='ltr'><strong>deliberaretur.</strong></span> 
     </span>
    </p>
   </div>
   <div class='ocr_carea' id='block_1_11' title="bbox 384 1143 1943 1212">
    <p class='ocr_par' dir='ltr' id='par_1_11' title="bbox 384 1143 1943 1212">
     <span class='ocr_line' id='line_1_11' title="bbox 384 1143 1943 1212; baseline -0.001 -12"><span class='ocrx_word' id='word_1_68' title='bbox 384 1146 480 1200; x_wconf 89' lang='grc'><strong>’8.</strong></span> <span class='ocrx_word' id='word_1_69' title='bbox 533 1147 665 1200; x_wconf 83' lang='lat' dir='ltr'><strong>Cum</strong></span> <span class='ocrx_word' id='word_1_70' title='bbox 728 1154 912 1199; x_wconf 87' lang='lat' dir='ltr'><strong>autem</strong></span> <span class='ocrx_word' id='word_1_71' title='bbox 967 1143 1116 1199; x_wconf 86' lang='lat' dir='ltr'><strong>brevi</strong></span> <span class='ocrx_word' id='word_1_72' title='bbox 1186 1152 1439 1212; x_wconf 74' lang='lat' dir='ltr'><strong>tempore</strong></span> <span class='ocrx_word' id='word_1_73' title='bbox 1492 1155 1615 1199; x_wconf 83' lang='lat' dir='ltr'><strong>eam</strong></span> <span class='ocrx_word' id='word_1_74' title='bbox 1673 1143 1943 1212; x_wconf 85' lang='lat' dir='ltr'><strong>coegisset</strong></span> 
     </span>
    </p>
   </div>
   <div class='ocr_carea' id='block_1_12' title="bbox 354 1233 1939 1304">
    <p class='ocr_par' dir='ltr' id='par_1_12' title="bbox 354 1233 1939 1304">
     <span class='ocr_line' id='line_1_12' title="bbox 354 1233 1939 1304; baseline -0.001 -15"><span class='ocrx_word' id='word_1_75' title='bbox 354 1234 498 1289; x_wconf 79' lang='lat' dir='ltr'><strong>Deus</strong></span> <span class='ocrx_word' id='word_1_76' title='bbox 526 1235 621 1304; x_wconf 85' lang='lat' dir='ltr'><strong>qui</strong></span> <span class='ocrx_word' id='word_1_77' title='bbox 647 1233 927 1288; x_wconf 88' lang='lat' dir='ltr'><strong>charitatis</strong></span> <span class='ocrx_word' id='word_1_78' title='bbox 945 1234 1202 1303; x_wconf 84' lang='lat' dir='ltr'><strong>pacisque</strong></span> <span class='ocrx_word' id='word_1_79' title='bbox 1227 1234 1432 1288; x_wconf 88' lang='lat' dir='ltr'><strong>amicus</strong></span> <span class='ocrx_word' id='word_1_80' title='bbox 1453 1241 1558 1299; x_wconf 89' lang='lat' dir='ltr'><strong>est,</strong></span> <span class='ocrx_word' id='word_1_81' title='bbox 1580 1247 1749 1303; x_wconf 84' lang='lat' dir='ltr'><strong>quare</strong></span> <span class='ocrx_word' id='word_1_82' title='bbox 1775 1233 1939 1288; x_wconf 89' lang='lat' dir='ltr'><strong>etiam</strong></span> 
     </span>
    </p>
   </div>
   <div class='ocr_carea' id='block_1_13' title="bbox 353 1323 1945 1397">
    <p class='ocr_par' dir='ltr' id='par_1_13' title="bbox 353 1323 1945 1397">
     <span class='ocr_line' id='line_1_13' title="bbox 353 1323 1945 1397; baseline -0.001 -16"><span class='ocrx_word' id='word_1_83' title='bbox 353 1327 622 1391; x_wconf 82' lang='lat' dir='ltr'><strong>Adamum</strong></span> <span class='ocrx_word' id='word_1_84' title='bbox 660 1326 726 1380; x_wconf 86' lang='lat' dir='ltr'><strong>ad</strong></span> <span class='ocrx_word' id='word_1_85' title='bbox 760 1325 930 1394; x_wconf 84' lang='lat' dir='ltr'><strong>ipsius</strong></span> <span class='ocrx_word' id='word_1_86' title='bbox 964 1326 1254 1396; x_wconf 77' lang='lat' dir='ltr'><strong>imaginem</strong></span> <span class='ocrx_word' id='word_1_87' title='bbox 1276 1323 1503 1390; x_wconf 77' lang='lat' dir='ltr'><strong>ellinxit,</strong></span> <span class='ocrx_word' id='word_1_88' title='bbox 1534 1327 1721 1381; x_wconf 86' lang='lat' dir='ltr'><strong>volens</strong></span> <span class='ocrx_word' id='word_1_89' title='bbox 1754 1334 1814 1380; x_wconf 85' lang='lat' dir='ltr'><strong>ut</strong></span> <span class='ocrx_word' id='word_1_90' title='bbox 1845 1342 1945 1397; x_wconf 90' lang='lat' dir='ltr'><strong>per</strong></span> 
     </span>
    </p>
   </div>
   <div class='ocr_carea' id='block_1_14' title="bbox 357 1416 1940 1489">
    <p class='ocr_par' dir='ltr' id='par_1_14' title="bbox 357 1416 1940 1489">
     <span class='ocr_line' id='line_1_14' title="bbox 357 1416 1940 1489; baseline 0 -18"><span class='ocrx_word' id='word_1_91' title='bbox 357 1427 530 1471; x_wconf 86' lang='lat' dir='ltr'><strong>totum</strong></span> <span class='ocrx_word' id='word_1_92' title='bbox 554 1428 825 1474; x_wconf 88' lang='lat' dir='ltr'><strong>terrarum</strong></span> <span class='ocrx_word' id='word_1_93' title='bbox 847 1417 1033 1473; x_wconf 89' lang='lat' dir='ltr'><strong>orbem</strong></span> <span class='ocrx_word' id='word_1_94' title='bbox 1053 1419 1174 1489; x_wconf 86' lang='lat' dir='ltr'><strong>ejus</strong></span> <span class='ocrx_word' id='word_1_95' title='bbox 1191 1418 1390 1488; x_wconf 81' lang='lat' dir='ltr'><strong>posteri</strong></span> <span class='ocrx_word' id='word_1_96' title='bbox 1415 1416 1711 1486; x_wconf 87' lang='lat' dir='ltr'><strong>nmltiplica</strong></span> <span class='ocrx_word' id='word_1_97' title='bbox 1722 1424 1940 1471; x_wconf 86' lang='lat' dir='ltr'><strong>rentur:</strong></span> 
     </span>
    </p>
   </div>
   <div class='ocr_carea' id='block_1_15' title="bbox 354 1509 1943 1580">
    <p class='ocr_par' dir='ltr' id='par_1_15' title="bbox 354 1509 1943 1580">
     <span class='ocr_line' id='line_1_15' title="bbox 354 1509 1943 1580; baseline 0 -15"><span class='ocrx_word' id='word_1_98' title='bbox 354 1509 454 1575; x_wconf 88' lang='lat' dir='ltr'><strong>illi,</strong></span> <span class='ocrx_word' id='word_1_99' title='bbox 485 1523 745 1580; x_wconf 88' lang='lat' dir='ltr'><strong>tanquam</strong></span> <span class='ocrx_word' id='word_1_100' title='bbox 769 1511 1019 1565; x_wconf 82' lang='lat' dir='ltr'><strong>doctores</strong></span> <span class='ocrx_word' id='word_1_101' title='bbox 1055 1510 1315 1564; x_wconf 83' lang='lat' dir='ltr'><strong>divinitus</strong></span> <span class='ocrx_word' id='word_1_102' title='bbox 1350 1509 1600 1579; x_wconf 86' lang='lat' dir='ltr'><strong>inspirati</strong></span> <span class='ocrx_word' id='word_1_103' title='bbox 1651 1518 1703 1565; x_wconf 87' lang='lat' dir='ltr'><strong>et</strong></span> <span class='ocrx_word' id='word_1_104' title='bbox 1732 1509 1943 1565; x_wconf 63' lang='lat' dir='ltr'><strong>caelesti</strong></span> 
     </span>
    </p>
   </div>
   <div class='ocr_carea' id='block_1_16' title="bbox 353 1596 1942 1677">
    <p class='ocr_par' dir='ltr' id='par_1_16' title="bbox 353 1596 1942 1677">
     <span class='ocr_line' id='line_1_16' title="bbox 353 1596 1942 1677; baseline -0.001 -18"><span class='ocrx_word' id='word_1_105' title='bbox 353 1603 623 1675; x_wconf 84' lang='lat' dir='ltr'><strong>sapientia</strong></span> <span class='ocrx_word' id='word_1_106' title='bbox 658 1603 932 1664; x_wconf 89' lang='lat' dir='ltr'><strong>instructi,</strong></span> <span class='ocrx_word' id='word_1_107' title='bbox 984 1618 1103 1671; x_wconf 72' lang='lat' dir='ltr'><strong>qua:</strong></span> <span class='ocrx_word' id='word_1_108' title='bbox 1152 1603 1464 1659; x_wconf 86' lang='lat' dir='ltr'><strong>necessaria</strong></span> <span class='ocrx_word' id='word_1_109' title='bbox 1515 1596 1746 1677; x_wconf 80' lang='lat' dir='ltr'><strong>aptaque</strong></span> <span class='ocrx_word' id='word_1_110' title='bbox 1793 1602 1942 1657; x_wconf 83' lang='lat' dir='ltr'><strong>vide-</strong></span> 
     </span>
    </p>
   </div>
   <div class='ocr_carea' id='block_1_17' title="bbox 352 1692 1942 1763">
    <p class='ocr_par' dir='ltr' id='par_1_17' title="bbox 352 1692 1942 1763">
     <span class='ocr_line' id='line_1_17' title="bbox 352 1692 1942 1763; baseline -0.003 -12"><span class='ocrx_word' id='word_1_111' title='bbox 352 1697 574 1761; x_wconf 88' lang='lat' dir='ltr'><strong>bantur,</strong></span> <span class='ocrx_word' id='word_1_112' title='bbox 623 1705 1017 1763; x_wconf 79' lang='lat' dir='ltr'><strong>exposuerunt.</strong></span> <span class='ocrx_word' id='word_1_113' title='bbox 1057 1695 1398 1750; x_wconf 79' lang='lat' dir='ltr'><strong>Revocantes</strong></span> <span class='ocrx_word' id='word_1_114' title='bbox 1446 1694 1590 1748; x_wconf 87' lang='lat' dir='ltr'><strong>enim</strong></span> <span class='ocrx_word' id='word_1_115' title='bbox 1640 1692 1694 1747; x_wconf 91' lang='lat' dir='ltr'><strong>in</strong></span> <span class='ocrx_word' id='word_1_116' title='bbox 1730 1708 1942 1748; x_wconf 86' lang='lat' dir='ltr'><strong>memo—</strong></span> 
     </span>
    </p>
   </div>
   <div class='ocr_carea' id='block_1_18' title="bbox 351 1783 1939 1855">
    <p class='ocr_par' dir='ltr' id='par_1_18' title="bbox 351 1783 1939 1855">
     <span class='ocr_line' id='line_1_18' title="bbox 351 1783 1939 1855; baseline -0.004 -13"><span class='ocrx_word' id='word_1_117' title='bbox 351 1789 495 1842; x_wconf 82' lang='lat' dir='ltr'><strong>riam</strong></span> <span class='ocrx_word' id='word_1_118' title='bbox 545 1786 749 1855; x_wconf 85' lang='lat' dir='ltr'><strong>primos</strong></span> <span class='ocrx_word' id='word_1_119' title='bbox 779 1795 1033 1855; x_wconf 85' lang='lat' dir='ltr'><strong>parentes</strong></span> <span class='ocrx_word' id='word_1_120' title='bbox 1083 1799 1312 1855; x_wconf 87' lang='lat' dir='ltr'><strong>quorum</strong></span> <span class='ocrx_word' id='word_1_121' title='bbox 1351 1783 1601 1853; x_wconf 71' lang='lat' dir='ltr'><strong>exemplo</strong></span> <span class='ocrx_word' id='word_1_122' title='bbox 1658 1783 1939 1836; x_wconf 90' lang='lat' dir='ltr'><strong>auditores</strong></span> 
     </span>
    </p>
   </div>
   <div class='ocr_carea' id='block_1_19' title="bbox 352 1873 1938 1941">
    <p class='ocr_par' dir='ltr' id='par_1_19' title="bbox 352 1873 1938 1941">
     <span class='ocr_line' id='line_1_19' title="bbox 352 1873 1938 1941; baseline -0.001 -10"><span class='ocrx_word' id='word_1_123' title='bbox 352 1879 419 1931; x_wconf 85' lang='lat' dir='ltr'><strong>ad</strong></span> <span class='ocrx_word' id='word_1_124' title='bbox 455 1878 580 1933; x_wconf 73' lang='lat' dir='ltr'><strong>vita:</strong></span> <span class='ocrx_word' id='word_1_125' title='bbox 613 1880 955 1932; x_wconf 81' lang='lat' dir='ltr'><strong>honestatem</strong></span> <span class='ocrx_word' id='word_1_126' title='bbox 1003 1879 1245 1931; x_wconf 76' lang='lat' dir='ltr'><strong>excitare</strong></span> <span class='ocrx_word' id='word_1_127' title='bbox 1280 1874 1597 1941; x_wconf 85' lang='lat' dir='ltr'><strong>studebant,</strong></span> <span class='ocrx_word' id='word_1_128' title='bbox 1631 1876 1697 1935; x_wconf 84' lang='lat' dir='ltr'><strong>ad</strong></span> <span class='ocrx_word' id='word_1_129' title='bbox 1740 1873 1938 1930; x_wconf 80' lang='lat' dir='ltr'><strong>fortius</strong></span> 
     </span>
    </p>
   </div>
   <div class='ocr_carea' id='block_1_20' title="bbox 352 1967 1935 2040">
    <p class='ocr_par' dir='ltr' id='par_1_20' title="bbox 352 1967 1935 2040">
     <span class='ocr_line' id='line_1_20' title="bbox 352 1967 1935 2040; baseline -0.004 -14"><span class='ocrx_word' id='word_1_130' title='bbox 352 1973 432 2027; x_wconf 89' lang='lat' dir='ltr'><strong>eis</strong></span> <span class='ocrx_word' id='word_1_131' title='bbox 465 1972 899 2040; x_wconf 84' lang='lat' dir='ltr'><strong>persuadendum</strong></span> <span class='ocrx_word' id='word_1_132' title='bbox 931 1971 1210 2035; x_wconf 78' lang='lat' dir='ltr'><strong>dixerunt,</strong></span> <span class='ocrx_word' id='word_1_133' title='bbox 1260 1970 1381 2025; x_wconf 89' lang='lat' dir='ltr'><strong>illos</strong></span> <span class='ocrx_word' id='word_1_134' title='bbox 1417 1970 1485 2025; x_wconf 90' lang='lat' dir='ltr'><strong>ab</strong></span> <span class='ocrx_word' id='word_1_135' title='bbox 1516 1968 1674 2033; x_wconf 83' lang='lat' dir='ltr'><strong>initio</strong></span> <span class='ocrx_word' id='word_1_136' title='bbox 1724 1967 1935 2023; x_wconf 85' lang='lat' dir='ltr'><strong>nonnisi</strong></span> 
     </span>
    </p>
   </div>
   <div class='ocr_carea' id='block_1_21' title="bbox 351 2058 1939 2131">
    <p class='ocr_par' dir='ltr' id='par_1_21' title="bbox 351 2058 1939 2131">
     <span class='ocr_line' id='line_1_21' title="bbox 351 2058 1939 2131; baseline -0.001 -14"><span class='ocrx_word' id='word_1_137' title='bbox 351 2079 517 2123; x_wconf 80' lang='lat' dir='ltr'><strong>lllttltll</strong></span> <span class='ocrx_word' id='word_1_138' title='bbox 572 2079 601 2116; x_wconf 89' lang='lat' dir='ltr'><strong>a</strong></span> <span class='ocrx_word' id='word_1_139' title='bbox 663 2063 773 2118; x_wconf 87' lang='lat' dir='ltr'><strong>Deo</strong></span> <span class='ocrx_word' id='word_1_140' title='bbox 824 2064 1104 2131; x_wconf 78' lang='lat' dir='ltr'><strong>accepisse</strong></span> <span class='ocrx_word' id='word_1_141' title='bbox 1162 2072 1516 2130; x_wconf 71' lang='lat' dir='ltr'><strong>prteceptum,</strong></span> <span class='ocrx_word' id='word_1_142' title='bbox 1576 2060 1740 2129; x_wconf 85' lang='lat' dir='ltr'><strong>idque</strong></span> <span class='ocrx_word' id='word_1_143' title='bbox 1780 2058 1939 2115; x_wconf 80' lang='lat' dir='ltr'><strong>facile</strong></span> 
     </span>
    </p>
   </div>
   <div class='ocr_carea' id='block_1_22' title="bbox 353 2148 1939 2219">
    <p class='ocr_par' dir='ltr' id='par_1_22' title="bbox 353 2148 1939 2219">
     <span class='ocr_line' id='line_1_22' title="bbox 353 2148 1939 2219; baseline -0.004 -12"><span class='ocrx_word' id='word_1_144' title='bbox 353 2153 778 2217; x_wconf 82' lang='lat' dir='ltr'><strong>observandum,</strong></span> <span class='ocrx_word' id='word_1_145' title='bbox 850 2161 902 2206; x_wconf 88' lang='lat' dir='ltr'><strong>et</strong></span> <span class='ocrx_word' id='word_1_146' title='bbox 962 2152 1046 2204; x_wconf 82' lang='lat' dir='ltr'><strong>cui</strong></span> <span class='ocrx_word' id='word_1_147' title='bbox 1082 2153 1398 2206; x_wconf 86' lang='lat' dir='ltr'><strong>obedientes</strong></span> <span class='ocrx_word' id='word_1_148' title='bbox 1454 2149 1556 2219; x_wconf 90' lang='lat' dir='ltr'><strong>ipsi</strong></span> <span class='ocrx_word' id='word_1_149' title='bbox 1619 2148 1694 2204; x_wconf 93' lang='lat' dir='ltr'><strong>dii</strong></span> <span class='ocrx_word' id='word_1_150' title='bbox 1753 2155 1939 2204; x_wconf 87' lang='lat' dir='ltr'><strong>essent</strong></span> 
     </span>
    </p>
   </div>
   <div class='ocr_carea' id='block_1_23' title="bbox 354 2237 1941 2313">
    <p class='ocr_par' dir='ltr' id='par_1_23' title="bbox 354 2237 1941 2313">
     <span class='ocr_line' id='line_1_23' title="bbox 354 2237 1941 2313; baseline -0.005 -13"><span class='ocrx_word' id='word_1_151' title='bbox 354 2246 591 2300; x_wconf 71' lang='lat' dir='ltr'><strong>evasuri.</strong></span> <span class='ocrx_word' id='word_1_152' title='bbox 627 2242 706 2299; x_wconf 83' lang='lat' dir='ltr'><strong>illi</strong></span> <span class='ocrx_word' id='word_1_153' title='bbox 741 2254 923 2298; x_wconf 87' lang='lat' dir='ltr'><strong>autem</strong></span> <span class='ocrx_word' id='word_1_154' title='bbox 958 2242 1285 2313; x_wconf 79' lang='lat' dir='ltr'><strong>transgressi</strong></span> <span class='ocrx_word' id='word_1_155' title='bbox 1315 2249 1667 2311; x_wconf 78' lang='lat' dir='ltr'><strong>praeceptum,</strong></span> <span class='ocrx_word' id='word_1_156' title='bbox 1696 2237 1941 2293; x_wconf 81' lang='lat' dir='ltr'><strong>fecerunt</strong></span> 
     </span>
    </p>
   </div>
   <div class='ocr_carea' id='block_1_24' title="bbox 354 2331 1941 2403">
    <p class='ocr_par' dir='ltr' id='par_1_24' title="bbox 354 2331 1941 2403">
     <span class='ocr_line' id='line_1_24' title="bbox 354 2331 1941 2403; baseline -0.003 -16"><span class='ocrx_word' id='word_1_157' title='bbox 354 2346 413 2388; x_wconf 89' lang='lat' dir='ltr'><strong>nt</strong></span> <span class='ocrx_word' id='word_1_158' title='bbox 448 2334 775 2390; x_wconf 78' lang='lat' dir='ltr'><strong>venerabilis</strong></span> <span class='ocrx_word' id='word_1_159' title='bbox 805 2333 1099 2403; x_wconf 83' lang='lat' dir='ltr'><strong>paradisus</strong></span> <span class='ocrx_word' id='word_1_160' title='bbox 1134 2332 1538 2400; x_wconf 81' lang='lat' dir='ltr'><strong>relinqueretur</strong></span> <span class='ocrx_word' id='word_1_161' title='bbox 1586 2331 1858 2393; x_wconf 82' lang='lat' dir='ltr'><strong>desertus,</strong></span> <span class='ocrx_word' id='word_1_162' title='bbox 1886 2337 1941 2383; x_wconf 81' lang='lat' dir='ltr'><strong>et</strong></span> 
     </span>
    </p>
   </div>
   <div class='ocr_carea' id='block_1_25' title="bbox 352 2416 1937 2490">
    <p class='ocr_par' dir='ltr' id='par_1_25' title="bbox 352 2416 1937 2490">
     <span class='ocr_line' id='line_1_25' title="bbox 352 2416 1937 2490; baseline -0.003 -17"><span class='ocrx_word' id='word_1_163' title='bbox 352 2437 550 2475; x_wconf 78' lang='lat' dir='ltr'><strong>omnes</strong></span> <span class='ocrx_word' id='word_1_164' title='bbox 598 2421 688 2488; x_wconf 88' lang='lat' dir='ltr'><strong>qui</strong></span> <span class='ocrx_word' id='word_1_165' title='bbox 742 2420 809 2475; x_wconf 89' lang='lat' dir='ltr'><strong>ab</strong></span> <span class='ocrx_word' id='word_1_166' title='bbox 866 2419 1022 2475; x_wconf 85' lang='lat' dir='ltr'><strong>initio</strong></span> <span class='ocrx_word' id='word_1_167' title='bbox 1069 2418 1142 2474; x_wconf 86' lang='lat' dir='ltr'><strong>ibi</strong></span> <span class='ocrx_word' id='word_1_168' title='bbox 1191 2419 1496 2490; x_wconf 81' lang='lat' dir='ltr'><strong>congregati</strong></span> <span class='ocrx_word' id='word_1_169' title='bbox 1543 2417 1778 2485; x_wconf 83' lang='lat' dir='ltr'><strong>fuerant,</strong></span> <span class='ocrx_word' id='word_1_170' title='bbox 1825 2416 1937 2487; x_wconf 85' lang='lat' dir='ltr'><strong>jam</strong></span> 
     </span>
    </p>
   </div>
   <div class='ocr_carea' id='block_1_26' title="bbox 353 2507 1941 2585">
    <p class='ocr_par' dir='ltr' id='par_1_26' title="bbox 353 2507 1941 2585">
     <span class='ocr_line' id='line_1_26' title="bbox 353 2507 1941 2585; baseline -0.004 -19"><span class='ocrx_word' id='word_1_171' title='bbox 353 2513 448 2566; x_wconf 83' lang='lat' dir='ltr'><strong>illa</strong></span> <span class='ocrx_word' id='word_1_172' title='bbox 495 2510 940 2569; x_wconf 76' lang='lat' dir='ltr'><strong>excluderentur.</strong></span> <span class='ocrx_word' id='word_1_173' title='bbox 986 2508 1091 2564; x_wconf 85' lang='lat' dir='ltr'><strong>hoc</strong></span> <span class='ocrx_word' id='word_1_174' title='bbox 1149 2509 1323 2563; x_wconf 79' lang='lat' dir='ltr'><strong>solum</strong></span> <span class='ocrx_word' id='word_1_175' title='bbox 1360 2508 1467 2563; x_wconf 78' lang='lat' dir='ltr'><strong>Deo</strong></span> <span class='ocrx_word' id='word_1_176' title='bbox 1514 2507 1582 2567; x_wconf 85' lang='lat' dir='ltr'><strong>iis</strong></span> <span class='ocrx_word' id='word_1_177' title='bbox 1627 2507 1941 2585; x_wconf 69' lang='lat' dir='ltr'><strong>iniungente</strong></span> 
     </span>
    </p>
   </div>
   <div class='ocr_carea' id='block_1_27' title="bbox 361 2598 1940 2673">
    <p class='ocr_par' dir='ltr' id='par_1_27' title="bbox 361 2598 1940 2673">
     <span class='ocr_line' id='line_1_27' title="bbox 361 2598 1940 2673; baseline -0.001 -18"><span class='ocrx_word' id='word_1_178' title='bbox 361 2614 417 2655; x_wconf 89' lang='lat' dir='ltr'><strong>ut</strong></span> <span class='ocrx_word' id='word_1_179' title='bbox 449 2618 542 2672; x_wconf 90' lang='lat' dir='ltr'><strong>per</strong></span> <span class='ocrx_word' id='word_1_180' title='bbox 576 2599 1021 2673; x_wconf 80' lang='lat' dir='ltr'><strong>propagationem</strong></span> <span class='ocrx_word' id='word_1_181' title='bbox 1076 2598 1418 2668; x_wconf 80' lang='lat' dir='ltr'><strong>multiplicati</strong></span> <span class='ocrx_word' id='word_1_182' title='bbox 1468 2608 1666 2657; x_wconf 83' lang='lat' dir='ltr'><strong>terram</strong></span> <span class='ocrx_word' id='word_1_183' title='bbox 1704 2598 1940 2668; x_wconf 89' lang='lat' dir='ltr'><strong>comple-</strong></span> 
     </span>
    </p>
   </div>
   <div class='ocr_carea' id='block_1_28' title="bbox 354 2691 1937 2763">
    <p class='ocr_par' dir='ltr' id='par_1_28' title="bbox 354 2691 1937 2763">
     <span class='ocr_line' id='line_1_28' title="bbox 354 2691 1937 2763; baseline -0.003 -14"><span class='ocrx_word' id='word_1_184' title='bbox 354 2705 504 2749; x_wconf 83' lang='lat' dir='ltr'><strong>rent.</strong></span> <span class='ocrx_word' id='word_1_185' title='bbox 546 2691 665 2747; x_wconf 82' lang='lat' dir='ltr'><strong>Jant</strong></span> <span class='ocrx_word' id='word_1_186' title='bbox 697 2702 846 2755; x_wconf 72' lang='lat' dir='ltr'><strong>Vero,</strong></span> <span class='ocrx_word' id='word_1_187' title='bbox 877 2701 1163 2763; x_wconf 75' lang='lat' dir='ltr'><strong>pergentes</strong></span> <span class='ocrx_word' id='word_1_188' title='bbox 1200 2692 1488 2756; x_wconf 79' lang='lat' dir='ltr'><strong>dixerunt,</strong></span> <span class='ocrx_word' id='word_1_189' title='bbox 1517 2691 1717 2761; x_wconf 87' lang='lat' dir='ltr'><strong>posteri</strong></span> <span class='ocrx_word' id='word_1_190' title='bbox 1748 2706 1937 2752; x_wconf 85' lang='lat' dir='ltr'><strong>eorum</strong></span> 
     </span>
    </p>
   </div>
   <div class='ocr_carea' id='block_1_29' title="bbox 361 2782 1938 2855">
    <p class='ocr_par' dir='ltr' id='par_1_29' title="bbox 361 2782 1938 2855">
     <span class='ocr_line' id='line_1_29' title="bbox 361 2782 1938 2855; baseline -0.003 -15"><span class='ocrx_word' id='word_1_191' title='bbox 361 2796 535 2840; x_wconf 63' lang='lat' dir='ltr'><strong>tantm</strong></span> <span class='ocrx_word' id='word_1_192' title='bbox 576 2785 832 2855; x_wconf 82' lang='lat' dir='ltr'><strong>pravitati</strong></span> <span class='ocrx_word' id='word_1_193' title='bbox 868 2799 926 2837; x_wconf 89' lang='lat' dir='ltr'><strong>se</strong></span> <span class='ocrx_word' id='word_1_194' title='bbox 972 2782 1266 2847; x_wconf 84' lang='lat' dir='ltr'><strong>dederunt,</strong></span> <span class='ocrx_word' id='word_1_195' title='bbox 1317 2793 1370 2837; x_wconf 88' lang='lat' dir='ltr'><strong>ut</strong></span> <span class='ocrx_word' id='word_1_196' title='bbox 1420 2799 1522 2837; x_wconf 87' lang='lat' dir='ltr'><strong>non</strong></span> <span class='ocrx_word' id='word_1_197' title='bbox 1572 2784 1742 2839; x_wconf 85' lang='lat' dir='ltr'><strong>solum</strong></span> <span class='ocrx_word' id='word_1_198' title='bbox 1793 2783 1938 2853; x_wconf 81' lang='lat' dir='ltr'><strong>digni</strong></span> 
     </span>
    </p>
   </div>
   <div class='ocr_carea' id='block_1_30' title="bbox 360 2875 1938 2946">
    <p class='ocr_par' dir='ltr' id='par_1_30' title="bbox 360 2875 1938 2946">
     <span class='ocr_line' id='line_1_30' title="bbox 360 2875 1938 2946; baseline -0.003 -13"><span class='ocrx_word' id='word_1_199' title='bbox 360 2877 471 2933; x_wconf 84' lang='lat' dir='ltr'><strong>sint</strong></span> <span class='ocrx_word' id='word_1_200' title='bbox 501 2877 590 2946; x_wconf 86' lang='lat' dir='ltr'><strong>qui</strong></span> <span class='ocrx_word' id='word_1_201' title='bbox 621 2890 655 2930; x_wconf 77' lang='grc' dir='ltr'><strong>ε</strong></span> <span class='ocrx_word' id='word_1_202' title='bbox 689 2886 829 2930; x_wconf 89' lang='lat' dir='ltr'><strong>terra</strong></span> <span class='ocrx_word' id='word_1_203' title='bbox 872 2892 1095 2946; x_wconf 90' lang='lat' dir='ltr'><strong>prorsus</strong></span> <span class='ocrx_word' id='word_1_204' title='bbox 1128 2877 1429 2938; x_wconf 86' lang='lat' dir='ltr'><strong>deleantur,</strong></span> <span class='ocrx_word' id='word_1_205' title='bbox 1474 2876 1567 2931; x_wconf 86' lang='lat' dir='ltr'><strong>sed</strong></span> <span class='ocrx_word' id='word_1_206' title='bbox 1606 2876 1698 2946; x_wconf 87' lang='lat' dir='ltr'><strong>qui</strong></span> <span class='ocrx_word' id='word_1_207' title='bbox 1741 2875 1845 2928; x_wconf 83' lang='lat' dir='ltr'><strong>vivi</strong></span> <span class='ocrx_word' id='word_1_208' title='bbox 1883 2875 1938 2929; x_wconf 85' lang='lat' dir='ltr'><strong>in</strong></span> 
     </span>
    </p>
   </div>
   <div class='ocr_carea' id='block_1_31' title="bbox 353 2966 1933 3023">
    <p class='ocr_par' dir='ltr' id='par_1_31' title="bbox 353 2966 1933 3023">
     <span class='ocr_line' id='line_1_31' title="bbox 353 2966 1933 3023; baseline -0.003 0"><span class='ocrx_word' id='word_1_209' title='bbox 353 2976 621 3023; x_wconf 86' lang='lat' dir='ltr'><strong>tartarum</strong></span> <span class='ocrx_word' id='word_1_210' title='bbox 645 2968 1026 3021; x_wconf 87' lang='lat' dir='ltr'><strong>detrudantur.</strong></span> <span class='ocrx_word' id='word_1_211' title='bbox 1060 2967 1128 3022; x_wconf 87' lang='lat' dir='ltr'><strong>Ut</strong></span> <span class='ocrx_word' id='word_1_212' title='bbox 1157 2979 1340 3021; x_wconf 86' lang='lat' dir='ltr'><strong>autem</strong></span> <span class='ocrx_word' id='word_1_213' title='bbox 1366 2967 1629 3021; x_wconf 83' lang='lat' dir='ltr'><strong>acriorem</strong></span> <span class='ocrx_word' id='word_1_214' title='bbox 1655 2966 1933 3021; x_wconf 89' lang='lat' dir='ltr'><strong>stimulum</strong></span> 
     </span>
    </p>
   </div>
   <div class='ocr_carea' id='block_1_32' title="bbox 352 3057 1938 3128">
    <p class='ocr_par' dir='ltr' id='par_1_32' title="bbox 352 3057 1938 3128">
     <span class='ocr_line' id='line_1_32' title="bbox 352 3057 1938 3128; baseline -0.001 -17"><span class='ocrx_word' id='word_1_215' title='bbox 352 3058 615 3112; x_wconf 85' lang='lat' dir='ltr'><strong>adderent</strong></span> <span class='ocrx_word' id='word_1_216' title='bbox 668 3067 721 3121; x_wconf 83' lang='lat' dir='ltr'><strong>et</strong></span> <span class='ocrx_word' id='word_1_217' title='bbox 775 3058 1185 3115; x_wconf 80' lang='lat' dir='ltr'><strong>accusationem</strong></span> <span class='ocrx_word' id='word_1_218' title='bbox 1248 3058 1551 3128; x_wconf 79' lang='lat' dir='ltr'><strong>graviorem</strong></span> <span class='ocrx_word' id='word_1_219' title='bbox 1601 3057 1938 3124; x_wconf 85' lang='lat' dir='ltr'><strong>redderent&#39;,</strong></span> 
     </span>
    </p>
   </div>
   <div class='ocr_carea' id='block_1_33' title="bbox 2049 670 3631 744">
    <p class='ocr_par' dir='ltr' id='par_1_33' title="bbox 2049 670 3631 744">
     <span class='ocr_line' id='line_1_33' title="bbox 2049 670 3631 744; baseline 0.003 -18"><span class='ocrx_word' id='word_1_220' title='bbox 2049 674 2224 744; x_wconf 82' lang='grc' dir='ltr'>σμίως</span> <span class='ocrx_word' id='word_1_221' title='bbox 2247 673 2363 744; x_wconf 74' lang='grc' dir='ltr'>ἅμα</span> <span class='ocrx_word' id='word_1_222' title='bbox 2378 674 2469 727; x_wconf 70' lang='grc' dir='ltr'>καὶ</span> <span class='ocrx_word' id='word_1_223' title='bbox 2493 672 2802 744; x_wconf 82' lang='grc' dir='ltr'>θεοφιλῶς),</span> <span class='ocrx_word' id='word_1_224' title='bbox 2818 671 2987 729; x_wconf 72' lang='grc' dir='ltr'>καὶτὸ</span> <span class='ocrx_word' id='word_1_225' title='bbox 3007 670 3258 729; x_wconf 71' lang='grc' dir='ltr'>ἐντεῦθεν</span> <span class='ocrx_word' id='word_1_226' title='bbox 3276 672 3631 743; x_wconf 79' lang='grc' dir='ltr'><strong>κυρώσαντες</strong></span> 
     </span>
    </p>
   </div>
   <div class='ocr_carea' id='block_1_34' title="bbox 2048 762 3641 836">
    <p class='ocr_par' dir='ltr' id='par_1_34' title="bbox 2048 762 3641 836">
     <span class='ocr_line' id='line_1_34' title="bbox 2048 762 3641 836; baseline 0.003 -19"><span class='ocrx_word' id='word_1_227' title='bbox 2048 764 2321 836; x_wconf 78' lang='grc' dir='ltr'>βούλευμα</span> <span class='ocrx_word' id='word_1_228' title='bbox 2369 764 2623 834; x_wconf 77' lang='grc' dir='ltr'>φιλόθεον</span> <span class='ocrx_word' id='word_1_229' title='bbox 2676 763 2773 817; x_wconf 65' lang='grc' dir='ltr'><strong>καί¹</strong></span> <span class='ocrx_word' id='word_1_230' title='bbox 2827 762 3182 832; x_wconf 80' lang='grc' dir='ltr'><strong>φιλάδελφον,</strong></span> <span class='ocrx_word' id='word_1_231' title='bbox 3238 763 3641 834; x_wconf 78' lang='grc' dir='ltr'>ἀπετόλμησαν</span> 
     </span>
    </p>
   </div>
   <div class='ocr_carea' id='block_1_35' title="bbox 2045 853 3631 928">
    <p class='ocr_par' dir='ltr' id='par_1_35' title="bbox 2045 853 3631 928">
     <span class='ocr_line' id='line_1_35' title="bbox 2045 853 3631 928; baseline -0.001 -16"><span class='ocrx_word' id='word_1_232' title='bbox 2045 856 2327 928; x_wconf 79' lang='grc' dir='ltr'>ἀθροῖσαι,</span> <span class='ocrx_word' id='word_1_233' title='bbox 2360 857 2415 910; x_wconf 82' lang='grc' dir='ltr'><strong>εί</strong></span> <span class='ocrx_word' id='word_1_234' title='bbox 2433 870 2536 911; x_wconf 86' lang='grc' dir='ltr'><strong>που</strong></span> <span class='ocrx_word' id='word_1_235' title='bbox 2562 855 2839 927; x_wconf 77' lang='grc' dir='ltr'>εὕρισκον,</span> <span class='ocrx_word' id='word_1_236' title='bbox 2867 855 3061 927; x_wconf 77' lang='grc' dir='ltr'><strong>ὁμοίαν</strong></span> <span class='ocrx_word' id='word_1_237' title='bbox 3080 853 3284 924; x_wconf 87' lang='grc' dir='ltr'>λογάδα</span> <span class='ocrx_word' id='word_1_238' title='bbox 3333 856 3429 908; x_wconf 77' lang='grc' dir='ltr'>καὶ</span> <span class='ocrx_word' id='word_1_239' title='bbox 3449 856 3631 926; x_wconf 85' lang='grc' dir='ltr'>δμάδα</span> 
     </span>
    </p>
   </div>
   <div class='ocr_carea' id='block_1_36' title="bbox 2047 946 3635 1022">
    <p class='ocr_par' dir='ltr' id='par_1_36' title="bbox 2047 946 3635 1022">
     <span class='ocr_line' id='line_1_36' title="bbox 2047 946 3635 1022; baseline -0.001 -19"><span class='ocrx_word' id='word_1_240' title='bbox 2047 947 2450 1021; x_wconf 89' lang='grc' dir='ltr'>συστήσασθαι,</span> <span class='ocrx_word' id='word_1_241' title='bbox 2481 949 2576 1004; x_wconf 73' lang='grc' dir='ltr'>καὶ</span> <span class='ocrx_word' id='word_1_242' title='bbox 2608 947 2849 1022; x_wconf 81' lang='grc' dir='ltr'>κηρύξαι</span> <span class='ocrx_word' id='word_1_243' title='bbox 2914 947 3137 1001; x_wconf 78' lang='grc' dir='ltr'>σύνοδον</span> <span class='ocrx_word' id='word_1_244' title='bbox 3189 946 3635 1021; x_wconf 76' lang='grc' dir='ltr'>πολυάνθρωπον</span> 
     </span>
    </p>
   </div>
   <div class='ocr_carea' id='block_1_37' title="bbox 2045 1037 2954 1114">
    <p class='ocr_par' dir='ltr' id='par_1_37' title="bbox 2045 1037 2954 1114">
     <span class='ocr_line' id='line_1_37' title="bbox 2045 1037 2954 1114; baseline 0.002 -20"><span class='ocrx_word' id='word_1_245' title='bbox 2045 1041 2136 1094; x_wconf 71' lang='grc' dir='ltr'><strong>ἐπὶ</strong></span> <span class='ocrx_word' id='word_1_246' title='bbox 2165 1041 2358 1111; x_wconf 86' lang='grc' dir='ltr'>ἁγαθῷ</span> <span class='ocrx_word' id='word_1_247' title='bbox 2380 1041 2547 1110; x_wconf 84' lang='grc' dir='ltr'>κοινῷ</span> <span class='ocrx_word' id='word_1_248' title='bbox 2574 1058 2632 1094; x_wconf 90' lang='grc' dir='ltr'><strong>τε</strong></span> <span class='ocrx_word' id='word_1_249' title='bbox 2664 1043 2759 1094; x_wconf 78' lang='grc' dir='ltr'>καὶ</span> <span class='ocrx_word' id='word_1_250' title='bbox 2781 1037 2954 1114; x_wconf 76' lang='grc' dir='ltr'>ῥᾴονι.</span> 
     </span>
    </p>
   </div>
   <div class='ocr_carea' id='block_1_38' title="bbox 2114 1131 3633 1206">
    <p class='ocr_par' dir='ltr' id='par_1_38' title="bbox 2114 1131 3633 1206">
     <span class='ocr_line' id='line_1_38' title="bbox 2114 1131 3633 1206; baseline 0 -18"><span class='ocrx_word' id='word_1_251' title='bbox 2114 1139 2187 1204; x_wconf 84' lang='grc' dir='ltr'><strong>η’.</strong></span> <span class='ocrx_word' id='word_1_252' title='bbox 2226 1133 2315 1197; x_wconf 85' lang='grc' dir='ltr'>Ὠς</span> <span class='ocrx_word' id='word_1_253' title='bbox 2342 1133 2403 1187; x_wconf 71' lang='grc' dir='ltr'><strong>δὲ’</strong></span> <span class='ocrx_word' id='word_1_254' title='bbox 2432 1132 2574 1205; x_wconf 86' lang='grc' dir='ltr'>ταχὺ</span> <span class='ocrx_word' id='word_1_255' title='bbox 2607 1133 2838 1204; x_wconf 80' lang='grc' dir='ltr'>συνῆξεν</span> <span class='ocrx_word' id='word_1_256' title='bbox 2878 1135 2907 1187; x_wconf 82' lang='grc' dir='ltr'><em>ὁ</em></span> <span class='ocrx_word' id='word_1_257' title='bbox 2954 1131 3089 1198; x_wconf 81' lang='grc' dir='ltr'>Θεὸς</span> <span class='ocrx_word' id='word_1_258' title='bbox 3121 1132 3344 1205; x_wconf 77' lang='grc' dir='ltr'>ἐκείνην</span> <span class='ocrx_word' id='word_1_259' title='bbox 3396 1131 3633 1206; x_wconf 72' lang='grc' dir='ltr'>καθοδηο</span> 
     </span>
    </p>
   </div>
   <div class='ocr_carea' id='block_1_39' title="bbox 2045 1225 3632 1300">
    <p class='ocr_par' dir='ltr' id='par_1_39' title="bbox 2045 1225 3632 1300">
     <span class='ocr_line' id='line_1_39' title="bbox 2045 1225 3632 1300; baseline 0.003 -20"><span class='ocrx_word' id='word_1_260' title='bbox 2045 1227 2244 1300; x_wconf 80' lang='grc' dir='ltr'>γήσας,</span> <span class='ocrx_word' id='word_1_261' title='bbox 2276 1228 2304 1280; x_wconf 80' lang='grc'>6</span> <span class='ocrx_word' id='word_1_262' title='bbox 2332 1225 2433 1299; x_wconf 77' lang='grc' dir='ltr'>τὴν</span> <span class='ocrx_word' id='word_1_263' title='bbox 2453 1226 2679 1299; x_wconf 79' lang='grc' dir='ltr'><strong>ἀγάπην</strong></span> <span class='ocrx_word' id='word_1_264' title='bbox 2710 1226 2807 1281; x_wconf 78' lang='grc' dir='ltr'>καὶ</span> <span class='ocrx_word' id='word_1_265' title='bbox 2840 1227 2941 1299; x_wconf 80' lang='grc' dir='ltr'>τὴν</span> <span class='ocrx_word' id='word_1_266' title='bbox 2997 1227 3225 1300; x_wconf 81' lang='grc' dir='ltr'>εἰρήνην</span> <span class='ocrx_word' id='word_1_267' title='bbox 3289 1228 3483 1298; x_wconf 84' lang='grc' dir='ltr'>φιλῶν,</span> <span class='ocrx_word' id='word_1_268' title='bbox 3532 1230 3632 1293; x_wconf 71' lang='grc' dir='ltr'>καὶ</span> 
     </span>
    </p>
   </div>
   <div class='ocr_carea' id='block_1_40' title="bbox 2045 1316 3632 1391">
    <p class='ocr_par' dir='ltr' id='par_1_40' title="bbox 2045 1316 3632 1391">
     <span class='ocr_line' id='line_1_40' title="bbox 2045 1316 3632 1391; baseline 0.002 -19"><span class='ocrx_word' id='word_1_269' title='bbox 2045 1317 2115 1372; x_wconf 85' lang='grc' dir='ltr'><strong>δι’</strong></span> <span class='ocrx_word' id='word_1_270' title='bbox 2162 1318 2296 1372; x_wconf 85' lang='grc' dir='ltr'>αὐτὸ</span> <span class='ocrx_word' id='word_1_271' title='bbox 2328 1317 2451 1372; x_wconf 75' lang='grc' dir='ltr'>κατ’</span> <span class='ocrx_word' id='word_1_272' title='bbox 2481 1317 2667 1377; x_wconf 72' lang='grc' dir='ltr'>εἰκόνα</span> <span class='ocrx_word' id='word_1_273' title='bbox 2695 1316 2894 1375; x_wconf 76' lang='grc' dir='ltr'>ἑαυτοῦ</span> <span class='ocrx_word' id='word_1_274' title='bbox 2934 1317 3145 1383; x_wconf 81' lang='grc' dir='ltr'>πλάσας</span> <span class='ocrx_word' id='word_1_275' title='bbox 3177 1319 3269 1373; x_wconf 79' lang='grc' dir='ltr'><strong>τὸν</strong></span> <span class='ocrx_word' id='word_1_276' title='bbox 3310 1319 3506 1391; x_wconf 82' lang='grc' dir='ltr'>Ἀδάμ,</span> <span class='ocrx_word' id='word_1_277' title='bbox 3531 1326 3632 1377; x_wconf 80' lang='grc' dir='ltr'>καὶ</span> 
     </span>
    </p>
   </div>
   <div class='ocr_carea' id='block_1_41' title="bbox 2047 1407 3641 1482">
    <p class='ocr_par' dir='ltr' id='par_1_41' title="bbox 2047 1407 3641 1482">
     <span class='ocr_line' id='line_1_41' title="bbox 2047 1407 3641 1482; baseline 0.003 -19"><span class='ocrx_word' id='word_1_278' title='bbox 2047 1409 2187 1482; x_wconf 77' lang='grc' dir='ltr'>πρὸς</span> <span class='ocrx_word' id='word_1_279' title='bbox 2215 1411 2400 1480; x_wconf 73' lang='grc' dir='ltr'>ὅμοιον</span> <span class='ocrx_word' id='word_1_280' title='bbox 2433 1409 2588 1474; x_wconf 71' lang='grc' dir='ltr'>τέλος</span> <span class='ocrx_word' id='word_1_281' title='bbox 2622 1409 2808 1473; x_wconf 72' lang='grc' dir='ltr'>ἐνδοὺς</span> <span class='ocrx_word' id='word_1_282' title='bbox 2848 1407 2944 1463; x_wconf 83' lang='grc' dir='ltr'>τὸν</span> <span class='ocrx_word' id='word_1_283' title='bbox 2982 1409 3043 1463; x_wconf 76' lang='grc' dir='ltr'>ὲν</span> <span class='ocrx_word' id='word_1_284' title='bbox 3068 1408 3147 1481; x_wconf 84' lang='grc' dir='ltr'>τῷ</span> <span class='ocrx_word' id='word_1_285' title='bbox 3176 1411 3368 1482; x_wconf 83' lang='grc' dir='ltr'>κόσμῳ</span> <span class='ocrx_word' id='word_1_286' title='bbox 3394 1409 3464 1465; x_wconf 85' lang='grc' dir='ltr'><strong>δι’</strong></span> <span class='ocrx_word' id='word_1_287' title='bbox 3484 1412 3641 1467; x_wconf 74' lang='grc' dir='ltr'>ἐκεί-ι</span> 
     </span>
    </p>
   </div>
   <div class='ocr_carea' id='block_1_42' title="bbox 2046 1498 3634 1577">
    <p class='ocr_par' dir='ltr' id='par_1_42' title="bbox 2046 1498 3634 1577">
     <span class='ocr_line' id='line_1_42' title="bbox 2046 1498 3634 1577; baseline 0.004 -22"><span class='ocrx_word' id='word_1_288' title='bbox 2046 1512 2140 1555; x_wconf 84' lang='grc' dir='ltr'><strong>νου</strong></span> <span class='ocrx_word' id='word_1_289' title='bbox 2171 1498 2516 1575; x_wconf 81' lang='grc' dir='ltr'>πληθυσμδν,</span> <span class='ocrx_word' id='word_1_290' title='bbox 2543 1501 2764 1569; x_wconf 86' lang='grc' dir='ltr'>πάντως</span> <span class='ocrx_word' id='word_1_291' title='bbox 2817 1500 2885 1557; x_wconf 77' lang='grc' dir='ltr'>ἂν</span> <span class='ocrx_word' id='word_1_292' title='bbox 2940 1503 3216 1577; x_wconf 72' lang='grc' dir='ltr'>ἐλάλησαν</span> <span class='ocrx_word' id='word_1_293' title='bbox 3272 1506 3496 1568; x_wconf 76' lang='grc' dir='ltr'>ἐκεῖνοι,</span> <span class='ocrx_word' id='word_1_294' title='bbox 3527 1507 3634 1561; x_wconf 75' lang='grc' dir='ltr'>ὅσα</span> 
     </span>
    </p>
   </div>
   <div class='ocr_carea' id='block_1_43' title="bbox 2047 1592 3632 1670">
    <p class='ocr_par' dir='ltr' id='par_1_43' title="bbox 2047 1592 3632 1670">
     <span class='ocr_line' id='line_1_43' title="bbox 2047 1592 3632 1670; baseline 0.003 -23"><span class='ocrx_word' id='word_1_295' title='bbox 2047 1592 2142 1649; x_wconf 69' lang='grc' dir='ltr'>καὶ</span> <span class='ocrx_word' id='word_1_296' title='bbox 2179 1592 2492 1649; x_wconf 81' lang='grc' dir='ltr'>διδάσκαλοι</span> <span class='ocrx_word' id='word_1_297' title='bbox 2562 1593 2759 1663; x_wconf 74' lang='grc' dir='ltr'>ἔνθεοι,</span> <span class='ocrx_word' id='word_1_298' title='bbox 2815 1596 2885 1650; x_wconf 73' lang='grc' dir='ltr'>τὰ</span> <span class='ocrx_word' id='word_1_299' title='bbox 2937 1596 3151 1664; x_wconf 77' lang='grc' dir='ltr'>δέοντα,</span> <span class='ocrx_word' id='word_1_300' title='bbox 3191 1598 3287 1651; x_wconf 77' lang='grc' dir='ltr'>καὶ</span> <span class='ocrx_word' id='word_1_301' title='bbox 3319 1599 3385 1670; x_wconf 78' lang='grc' dir='ltr'>τῇ</span> <span class='ocrx_word' id='word_1_302' title='bbox 3442 1598 3632 1652; x_wconf 80' lang='grc' dir='ltr'><strong>θεόθεν</strong></span> 
     </span>
    </p>
   </div>
   <div class='ocr_carea' id='block_1_44' title="bbox 2046 1684 3638 1764">
    <p class='ocr_par' dir='ltr' id='par_1_44' title="bbox 2046 1684 3638 1764">
     <span class='ocr_line' id='line_1_44' title="bbox 2046 1684 3638 1764; baseline 0.003 -26"><span class='ocrx_word' id='word_1_303' title='bbox 2046 1684 2305 1757; x_wconf 70' lang='grc' dir='ltr'>ἐπιπνοίᾳ</span> <span class='ocrx_word' id='word_1_304' title='bbox 2325 1685 2751 1759; x_wconf 61' lang='grc' dir='ltr'>σεσοφισμένου</span> <span class='ocrx_word' id='word_1_305' title='bbox 2797 1690 2895 1743; x_wconf 83' lang='grc' dir='ltr'>καὶ</span> <span class='ocrx_word' id='word_1_306' title='bbox 2957 1689 3262 1753; x_wconf 84' lang='grc' dir='ltr'>ἀναϐάντες</span> <span class='ocrx_word' id='word_1_307' title='bbox 3312 1692 3377 1762; x_wconf 80' lang='grc' dir='ltr'>τῇ</span> <span class='ocrx_word' id='word_1_308' title='bbox 3439 1693 3638 1764; x_wconf 61' lang='grc' dir='ltr'>μνήμῃ.</span> 
     </span>
    </p>
   </div>
   <div class='ocr_carea' id='block_1_45' title="bbox 2046 1780 3641 1857">
    <p class='ocr_par' dir='ltr' id='par_1_45' title="bbox 2046 1780 3641 1857">
     <span class='ocr_line' id='line_1_45' title="bbox 2046 1780 3641 1857; baseline 0.004 -22"><span class='ocrx_word' id='word_1_309' title='bbox 2046 1781 2104 1845; x_wconf 64' lang='grc' dir='ltr'>ἐς</span> <span class='ocrx_word' id='word_1_310' title='bbox 2122 1780 2251 1845; x_wconf 83' lang='grc' dir='ltr'>τοὺς</span> <span class='ocrx_word' id='word_1_311' title='bbox 2309 1783 2687 1854; x_wconf 81' lang='grc' dir='ltr'>προπάτορας,</span> <span class='ocrx_word' id='word_1_312' title='bbox 2750 1784 2848 1838; x_wconf 77' lang='grc' dir='ltr'>καὶ</span> <span class='ocrx_word' id='word_1_313' title='bbox 2898 1783 2969 1837; x_wconf 86' lang='grc' dir='ltr'><strong>δι’</strong></span> <span class='ocrx_word' id='word_1_314' title='bbox 3026 1784 3252 1839; x_wconf 77' lang='grc' dir='ltr'>ἐκείνων</span> <span class='ocrx_word' id='word_1_315' title='bbox 3301 1787 3641 1857; x_wconf 67' lang='grc' dir='ltr'><strong>προθέμενοι⁵</strong></span> 
     </span>
    </p>
   </div>
   <div class='ocr_carea' id='block_1_46' title="bbox 2042 1874 3630 1952">
    <p class='ocr_par' dir='ltr' id='par_1_46' title="bbox 2042 1874 3630 1952">
     <span class='ocr_line' id='line_1_46' title="bbox 2042 1874 3630 1952; baseline 0.002 -23"><span class='ocrx_word' id='word_1_316' title='bbox 2042 1874 2333 1944; x_wconf 69' lang='grc' dir='ltr'>ἰναγαγεῖν</span> <span class='ocrx_word' id='word_1_317' title='bbox 2386 1874 2512 1940; x_wconf 75' lang='grc' dir='ltr'>τοὺς</span> <span class='ocrx_word' id='word_1_318' title='bbox 2573 1876 2962 1948; x_wconf 76' lang='grc' dir='ltr'>ἀκροωμένους</span> <span class='ocrx_word' id='word_1_319' title='bbox 3015 1877 3097 1941; x_wconf 84' lang='grc' dir='ltr'><strong>είς</strong></span> <span class='ocrx_word' id='word_1_320' title='bbox 3162 1876 3284 1950; x_wconf 86' lang='grc' dir='ltr'>βίου</span> <span class='ocrx_word' id='word_1_321' title='bbox 3332 1878 3630 1952; x_wconf 73' lang='grc' dir='ltr'>ὀρθότητα,</span> 
     </span>
    </p>
   </div>
   <div class='ocr_carea' id='block_1_47' title="bbox 2041 1967 3633 2047">
    <p class='ocr_par' dir='ltr' id='par_1_47' title="bbox 2041 1967 3633 2047">
     <span class='ocr_line' id='line_1_47' title="bbox 2041 1967 3633 2047; baseline 0.003 -26"><span class='ocrx_word' id='word_1_322' title='bbox 2041 1969 2364 2040; x_wconf 78' lang='grc' dir='ltr'>προήγαγον</span> <span class='ocrx_word' id='word_1_323' title='bbox 2389 1967 2453 2021; x_wconf 78' lang='grc' dir='ltr'>ἂν</span> <span class='ocrx_word' id='word_1_324' title='bbox 2476 1969 2558 2033; x_wconf 86' lang='grc' dir='ltr'><strong>είς</strong></span> <span class='ocrx_word' id='word_1_325' title='bbox 2580 1968 2743 2041; x_wconf 83' lang='grc' dir='ltr'>χάριν</span> <span class='ocrx_word' id='word_1_326' title='bbox 2768 1969 3010 2036; x_wconf 79' lang='grc' dir='ltr'>πειθοῦς,</span> <span class='ocrx_word' id='word_1_327' title='bbox 3037 1969 3160 2027; x_wconf 81' lang='grc' dir='ltr'>οἵαν</span> <span class='ocrx_word' id='word_1_328' title='bbox 3185 1971 3286 2041; x_wconf 85' lang='grc' dir='ltr'>μὲν</span> <span class='ocrx_word' id='word_1_329' title='bbox 3347 1971 3479 2047; x_wconf 85' lang='grc' dir='ltr'>μίαν</span> <span class='ocrx_word' id='word_1_330' title='bbox 3541 1975 3633 2026; x_wconf 79' lang='grc' dir='ltr'><strong>ὲν-</strong></span> 
     </span>
    </p>
   </div>
   <div class='ocr_carea' id='block_1_48' title="bbox 2041 2058 3636 2134">
    <p class='ocr_par' dir='ltr' id='par_1_48' title="bbox 2041 2058 3636 2134">
     <span class='ocr_line' id='line_1_48' title="bbox 2041 2058 3636 2134; baseline 0 -21"><span class='ocrx_word' id='word_1_331' title='bbox 2041 2060 2206 2131; x_wconf 80' lang='grc' dir='ltr'>τολὴν</span> <span class='ocrx_word' id='word_1_332' title='bbox 2242 2059 2442 2115; x_wconf 76' lang='grc' dir='ltr'>ἐκεῖνοι</span> <span class='ocrx_word' id='word_1_333' title='bbox 2466 2058 2604 2131; x_wconf 77' lang='grc' dir='ltr'>πρὸς</span> <span class='ocrx_word' id='word_1_334' title='bbox 2636 2058 2774 2113; x_wconf 87' lang='grc' dir='ltr'>Θεοῦ</span> <span class='ocrx_word' id='word_1_335' title='bbox 2814 2060 3028 2131; x_wconf 84' lang='grc' dir='ltr'>πρῶτοι</span> <span class='ocrx_word' id='word_1_336' title='bbox 3091 2061 3471 2129; x_wconf 68' lang='grc' dir='ltr'>ἐπιταγέντες,</span> <span class='ocrx_word' id='word_1_337' title='bbox 3527 2064 3636 2134; x_wconf 61' lang='lat' dir='ltr'><strong>pg-</strong></span> 
     </span>
    </p>
   </div>
   <div class='ocr_carea' id='block_1_49' title="bbox 2040 2148 3636 2221">
    <p class='ocr_par' dir='ltr' id='par_1_49' title="bbox 2040 2148 3636 2221">
     <span class='ocr_line' id='line_1_49' title="bbox 2040 2148 3636 2221; baseline 0.002 -15"><span class='ocrx_word' id='word_1_338' title='bbox 2040 2152 2159 2206; x_wconf 88' lang='grc' dir='ltr'>δίαν</span> <span class='ocrx_word' id='word_1_339' title='bbox 2192 2150 2409 2221; x_wconf 77' lang='grc' dir='ltr'>ἐκείνην</span> <span class='ocrx_word' id='word_1_340' title='bbox 2435 2151 2821 2221; x_wconf 74' lang='grc' dir='ltr'>ἔξανυσθῆναι,</span> <span class='ocrx_word' id='word_1_341' title='bbox 2858 2152 2934 2215; x_wconf 85' lang='grc' dir='ltr'><strong>ὡς</strong></span> <span class='ocrx_word' id='word_1_342' title='bbox 2969 2154 3064 2208; x_wconf 71' lang='grc' dir='ltr'>καὶ</span> <span class='ocrx_word' id='word_1_343' title='bbox 3102 2151 3265 2219; x_wconf 83' lang='grc' dir='ltr'>θεοὺς</span> <span class='ocrx_word' id='word_1_344' title='bbox 3311 2148 3453 2209; x_wconf 80' lang='grc' dir='ltr'>εῖναι</span> <span class='ocrx_word' id='word_1_345' title='bbox 3502 2156 3636 2219; x_wconf 83' lang='grc' dir='ltr'>τοὺς</span> 
     </span>
    </p>
   </div>
   <div class='ocr_carea' id='block_1_50' title="bbox 2042 2242 3639 2315">
    <p class='ocr_par' dir='ltr' id='par_1_50' title="bbox 2042 2242 3639 2315">
     <span class='ocr_line' id='line_1_50' title="bbox 2042 2242 3639 2315; baseline 0.001 -18"><span class='ocrx_word' id='word_1_346' title='bbox 2042 2243 2491 2307; x_wconf 74' lang='grc' dir='ltr'>ὑπακούσαντας,</span> <span class='ocrx_word' id='word_1_347' title='bbox 2530 2243 2625 2298; x_wconf 77' lang='grc' dir='ltr'>καὶ</span> <span class='ocrx_word' id='word_1_348' title='bbox 2674 2242 3131 2315; x_wconf 81' lang='grc' dir='ltr'>παραϐεϐηκότες</span> <span class='ocrx_word' id='word_1_349' title='bbox 3175 2242 3373 2315; x_wconf 81' lang='grc' dir='ltr'>αὐτὴν,</span> <span class='ocrx_word' id='word_1_350' title='bbox 3416 2244 3639 2315; x_wconf 80' lang='grc' dir='ltr'>μονάδα</span> 
     </span>
    </p>
   </div>
   <div class='ocr_carea' id='block_1_51' title="bbox 2040 2333 3639 2407">
    <p class='ocr_par' dir='ltr' id='par_1_51' title="bbox 2040 2333 3639 2407">
     <span class='ocr_line' id='line_1_51' title="bbox 2040 2333 3639 2407; baseline -0.001 -17"><span class='ocrx_word' id='word_1_351' title='bbox 2040 2336 2132 2390; x_wconf 77' lang='grc' dir='ltr'><strong>τὸν</strong></span> <span class='ocrx_word' id='word_1_352' title='bbox 2160 2336 2358 2390; x_wconf 83' lang='grc' dir='ltr'>σεπτὸν</span> <span class='ocrx_word' id='word_1_353' title='bbox 2391 2337 2728 2407; x_wconf 85' lang='grc' dir='ltr'>παράδεισον</span> <span class='ocrx_word' id='word_1_354' title='bbox 2758 2337 2981 2407; x_wconf 82' lang='grc' dir='ltr'>ἀφῆκαν</span> <span class='ocrx_word' id='word_1_355' title='bbox 3010 2333 3178 2400; x_wconf 76' lang='grc' dir='ltr'>εἶναι,</span> <span class='ocrx_word' id='word_1_356' title='bbox 3211 2334 3287 2399; x_wconf 84' lang='grc' dir='ltr'>ὡς</span> <span class='ocrx_word' id='word_1_357' title='bbox 3316 2334 3421 2400; x_wconf 67' lang='grc' dir='ltr'><strong>ἔξω</strong></span> <span class='ocrx_word' id='word_1_358' title='bbox 3482 2336 3639 2389; x_wconf 80' lang='grc' dir='ltr'>ὲκεί-</span> 
     </span>
    </p>
   </div>
   <div class='ocr_carea' id='block_1_52' title="bbox 2042 2426 3635 2502">
    <p class='ocr_par' dir='ltr' id='par_1_52' title="bbox 2042 2426 3635 2502">
     <span class='ocr_line' id='line_1_52' title="bbox 2042 2426 3635 2502; baseline -0.002 -19"><span class='ocrx_word' id='word_1_359' title='bbox 2042 2447 2135 2489; x_wconf 79' lang='grc' dir='ltr'><strong>νον</strong></span> <span class='ocrx_word' id='word_1_360' title='bbox 2171 2429 2358 2502; x_wconf 84' lang='grc' dir='ltr'>μένειν</span> <span class='ocrx_word' id='word_1_361' title='bbox 2378 2429 2506 2494; x_wconf 76' lang='grc' dir='ltr'>τοὺς</span> <span class='ocrx_word' id='word_1_362' title='bbox 2533 2431 2627 2484; x_wconf 76' lang='grc' dir='ltr'>καὶ</span> <span class='ocrx_word' id='word_1_363' title='bbox 2653 2432 2713 2484; x_wconf 78' lang='grc' dir='ltr'>ὲν</span> <span class='ocrx_word' id='word_1_364' title='bbox 2738 2429 2889 2502; x_wconf 84' lang='grc' dir='ltr'><strong>αὐτῷ</strong></span> <span class='ocrx_word' id='word_1_365' title='bbox 2918 2431 3259 2500; x_wconf 77' lang='grc' dir='ltr'>ἡνωμένους,</span> <span class='ocrx_word' id='word_1_366' title='bbox 3288 2427 3389 2501; x_wconf 74' lang='grc' dir='ltr'>τήν</span> <span class='ocrx_word' id='word_1_367' title='bbox 3429 2426 3635 2499; x_wconf 77' lang='grc' dir='ltr'>ἀρχὴν,</span> 
     </span>
    </p>
   </div>
   <div class='ocr_carea' id='block_1_53' title="bbox 2043 2520 3633 2594">
    <p class='ocr_par' dir='ltr' id='par_1_53' title="bbox 2043 2520 3633 2594">
     <span class='ocr_line' id='line_1_53' title="bbox 2043 2520 3633 2594; baseline -0.001 -19"><span class='ocrx_word' id='word_1_368' title='bbox 2043 2522 2138 2576; x_wconf 72' lang='grc' dir='ltr'>καὶ</span> <span class='ocrx_word' id='word_1_369' title='bbox 2172 2523 2253 2585; x_wconf 86' lang='grc' dir='ltr'><strong>είς</strong></span> <span class='ocrx_word' id='word_1_370' title='bbox 2277 2522 2603 2594; x_wconf 81' lang='grc' dir='ltr'>πληθυσμοῦ</span> <span class='ocrx_word' id='word_1_371' title='bbox 2628 2524 2854 2594; x_wconf 83' lang='grc' dir='ltr'>σπέρμα</span> <span class='ocrx_word' id='word_1_372' title='bbox 2875 2523 2967 2578; x_wconf 73' lang='grc' dir='ltr'>καὶ</span> <span class='ocrx_word' id='word_1_373' title='bbox 2988 2520 3272 2593; x_wconf 80' lang='grc' dir='ltr'>αὐξήσεως</span> <span class='ocrx_word' id='word_1_374' title='bbox 3288 2522 3633 2593; x_wconf 81' lang='grc' dir='ltr'>ἀφειμένους</span> 
     </span>
    </p>
   </div>
   <div class='ocr_carea' id='block_1_54' title="bbox 2043 2609 3639 2687">
    <p class='ocr_par' dir='ltr' id='par_1_54' title="bbox 2043 2609 3639 2687">
     <span class='ocr_line' id='line_1_54' title="bbox 2043 2609 3639 2687; baseline -0.001 -20"><span class='ocrx_word' id='word_1_375' title='bbox 2043 2616 2186 2669; x_wconf 80' lang='grc' dir='ltr'>κατὰ</span> <span class='ocrx_word' id='word_1_376' title='bbox 2250 2614 2351 2687; x_wconf 78' lang='grc' dir='ltr'>τὴν</span> <span class='ocrx_word' id='word_1_377' title='bbox 2390 2614 2485 2668; x_wconf 88' lang='grc' dir='ltr'><strong>τοῦ</strong></span> <span class='ocrx_word' id='word_1_378' title='bbox 2539 2615 2675 2671; x_wconf 86' lang='grc' dir='ltr'>Θεοῦ</span> <span class='ocrx_word' id='word_1_379' title='bbox 2731 2616 3010 2680; x_wconf 66' lang='grc' dir='ltr'>κὲλευσιν,</span> <span class='ocrx_word' id='word_1_380' title='bbox 3047 2609 3134 2670; x_wconf 79' lang='grc' dir='ltr'>οἷα</span> <span class='ocrx_word' id='word_1_381' title='bbox 3160 2614 3283 2669; x_wconf 84' lang='grc' dir='ltr'>δὲοί</span> <span class='ocrx_word' id='word_1_382' title='bbox 3316 2616 3377 2682; x_wconf 77' lang='grc' dir='ltr'>ἐξ</span> <span class='ocrx_word' id='word_1_383' title='bbox 3405 2615 3639 2668; x_wconf 75' lang='grc' dir='ltr'>ἐκείνων</span> 
     </span>
    </p>
   </div>
   <div class='ocr_carea' id='block_1_55' title="bbox 2043 2702 3644 2782">
    <p class='ocr_par' dir='ltr' id='par_1_55' title="bbox 2043 2702 3644 2782">
     <span class='ocr_line' id='line_1_55' title="bbox 2043 2702 3644 2782; baseline 0.003 -23"><span class='ocrx_word' id='word_1_384' title='bbox 2043 2708 2137 2760; x_wconf 72' lang='grc' dir='ltr'>καὶ</span> <span class='ocrx_word' id='word_1_385' title='bbox 2159 2706 2260 2759; x_wconf 83' lang='grc' dir='ltr'>ὅσα</span> <span class='ocrx_word' id='word_1_386' title='bbox 2286 2707 2538 2763; x_wconf 87' lang='grc' dir='ltr'>ποιοῦσιν</span> <span class='ocrx_word' id='word_1_387' title='bbox 2589 2710 2964 2782; x_wconf 83' lang='grc' dir='ltr'>ἀποτρόπαια,</span> <span class='ocrx_word' id='word_1_388' title='bbox 3009 2708 3080 2762; x_wconf 83' lang='grc' dir='ltr'>δι’</span> <span class='ocrx_word' id='word_1_389' title='bbox 3123 2702 3198 2771; x_wconf 86' lang='grc' dir='ltr'>ὧν</span> <span class='ocrx_word' id='word_1_390' title='bbox 3242 2707 3644 2774; x_wconf 64' lang='grc' dir='ltr'>καταξιοῦντος</span> 
     </span>
    </p>
   </div>
   <div class='ocr_carea' id='block_1_56' title="bbox 2045 2796 3646 2871">
    <p class='ocr_par' dir='ltr' id='par_1_56' title="bbox 2045 2796 3646 2871">
     <span class='ocr_line' id='line_1_56' title="bbox 2045 2796 3646 2871; baseline -0.006 -17"><span class='ocrx_word' id='word_1_391' title='bbox 2045 2797 2122 2870; x_wconf 81' lang='grc' dir='ltr'>μὴ</span> <span class='ocrx_word' id='word_1_392' title='bbox 2153 2796 2317 2867; x_wconf 87' lang='grc' dir='ltr'>μόνον</span> <span class='ocrx_word' id='word_1_393' title='bbox 2340 2798 2557 2871; x_wconf 80' lang='grc' dir='ltr'>ἁπάσης</span> <span class='ocrx_word' id='word_1_394' title='bbox 2594 2799 2700 2870; x_wconf 82' lang='grc' dir='ltr'>γῆς</span> <span class='ocrx_word' id='word_1_395' title='bbox 2730 2799 3128 2870; x_wconf 75' lang='grc' dir='ltr'>ἐκϐεϐλῆσθαι,</span> <span class='ocrx_word' id='word_1_396' title='bbox 3160 2799 3299 2854; x_wconf 72' lang='lat' dir='ltr'><strong>am</strong></span> <span class='ocrx_word' id='word_1_397' title='bbox 3347 2799 3443 2852; x_wconf 74' lang='grc' dir='ltr'>καὶ</span> <span class='ocrx_word' id='word_1_398' title='bbox 3494 2798 3646 2864; x_wconf 77' lang='grc' dir='ltr'><strong>ζῶν-</strong></span> 
     </span>
    </p>
   </div>
   <div class='ocr_carea' id='block_1_57' title="bbox 2041 2889 3639 2962">
    <p class='ocr_par' dir='ltr' id='par_1_57' title="bbox 2041 2889 3639 2962">
     <span class='ocr_line' id='line_1_57' title="bbox 2041 2889 3639 2962; baseline 0.001 -21"><span class='ocrx_word' id='word_1_399' title='bbox 2041 2905 2141 2952; x_wconf 87' lang='grc' dir='ltr'><strong>τας</strong></span> <span class='ocrx_word' id='word_1_400' title='bbox 2165 2890 2248 2953; x_wconf 86' lang='grc' dir='ltr'><strong>είς</strong></span> <span class='ocrx_word' id='word_1_401' title='bbox 2288 2889 2451 2943; x_wconf 81' lang='grc' dir='ltr'>αὑτὸν</span> <span class='ocrx_word' id='word_1_402' title='bbox 2501 2890 2803 2944; x_wconf 85' lang='grc' dir='ltr'>καταδῦναι</span> <span class='ocrx_word' id='word_1_403' title='bbox 2851 2891 3148 2962; x_wconf 82' lang='grc' dir='ltr'>τάρταρον.</span> <span class='ocrx_word' id='word_1_404' title='bbox 3198 2890 3639 2960; x_wconf 80' lang='grc' dir='ltr'>Δριμυττόμενοι</span> 
     </span>
    </p>
   </div>
   <div class='ocr_carea' id='block_1_58' title="bbox 2042 2980 3644 3054">
    <p class='ocr_par' dir='ltr' id='par_1_58' title="bbox 2042 2980 3644 3054">
     <span class='ocr_line' id='line_1_58' title="bbox 2042 2980 3644 3054; baseline 0.001 -19"><span class='ocrx_word' id='word_1_405' title='bbox 2042 2981 2100 3036; x_wconf 81' lang='grc' dir='ltr'>δὲ</span> <span class='ocrx_word' id='word_1_406' title='bbox 2146 2980 2244 3053; x_wconf 81' lang='grc' dir='ltr'>τὴν</span> <span class='ocrx_word' id='word_1_407' title='bbox 2300 2981 2646 3053; x_wconf 75' lang='grc' dir='ltr'>ἐπιχείρησιν</span> <span class='ocrx_word' id='word_1_408' title='bbox 2695 2980 2936 3054; x_wconf 79' lang='grc' dir='ltr'>ταύτην,</span> <span class='ocrx_word' id='word_1_409' title='bbox 2990 2982 3088 3035; x_wconf 75' lang='grc' dir='ltr'><strong>καὶ</strong></span> <span class='ocrx_word' id='word_1_410' title='bbox 3136 2981 3239 3051; x_wconf 82' lang='grc' dir='ltr'>τὴν</span> <span class='ocrx_word' id='word_1_411' title='bbox 3291 2981 3644 3053; x_wconf 79' lang='grc' dir='ltr'>κατηγορίαν</span> 
     </span>
    </p>
   </div>
   <div class='ocr_carea' id='block_1_59' title="bbox 2044 3074 3635 3147">
    <p class='ocr_par' dir='ltr' id='par_1_59' title="bbox 2044 3074 3635 3147">
     <span class='ocr_line' id='line_1_59' title="bbox 2044 3074 3635 3147; baseline 0.001 -20"><span class='ocrx_word' id='word_1_412' title='bbox 2044 3074 2395 3142; x_wconf 69' lang='grc' dir='ltr'>ἑπαύξοντες,</span> <span class='ocrx_word' id='word_1_413' title='bbox 2456 3074 2832 3147; x_wconf 75' lang='grc' dir='ltr'>ἡπειλήσαντο</span> <span class='ocrx_word' id='word_1_414' title='bbox 2880 3075 2947 3129; x_wconf 85' lang='grc' dir='ltr'>ἂν</span> <span class='ocrx_word' id='word_1_415' title='bbox 3003 3078 3119 3141; x_wconf 78' lang='grc' dir='ltr'>τοῖς</span> <span class='ocrx_word' id='word_1_416' title='bbox 3188 3074 3635 3145; x_wconf 80' lang='grc' dir='ltr'>διδασκομένοις,</span> 
     </span>
    </p>
   </div>
   <div class='ocr_carea' id='block_1_60' title="bbox 352 3149 1940 3251">
    <p class='ocr_par' dir='ltr' id='par_1_60' title="bbox 352 3149 1939 3220">
     <span class='ocr_line' id='line_1_60' title="bbox 352 3149 1939 3220; baseline -0.001 -15"><span class='ocrx_word' id='word_1_417' title='bbox 352 3149 721 3213; x_wconf 72' lang='lat' dir='ltr'><strong>minitabundi</strong></span> <span class='ocrx_word' id='word_1_418' title='bbox 767 3152 1112 3206; x_wconf 89' lang='lat' dir='ltr'><strong>auditoribus</strong></span> <span class='ocrx_word' id='word_1_419' title='bbox 1158 3152 1412 3206; x_wconf 74' lang='lat' dir='ltr'><strong>dixerunt</strong></span> <span class='ocrx_word' id='word_1_420' title='bbox 1439 3171 1456 3207; x_wconf 86' lang='lat'><strong>:-</strong></span> <span class='ocrx_word' id='word_1_421' title='bbox 1488 3149 1543 3206; x_wconf 87' lang='lat' dir='ltr'><strong>Si</strong></span> <span class='ocrx_word' id='word_1_422' title='bbox 1589 3151 1736 3207; x_wconf 88' lang='lat' dir='ltr'><strong>Deus</strong></span> <span class='ocrx_word' id='word_1_423' title='bbox 1780 3165 1939 3220; x_wconf 84' lang='lat' dir='ltr'><strong>para-</strong></span> 
     </span>
    </p>
   </div>
   <div class='ocr_carea' id='block_1_61' title="bbox 2047 3149 3644 3251">
    <p class='ocr_par' dir='ltr' id='par_1_61' title="bbox 2047 3164 3644 3237">
     <span class='ocr_line' id='line_1_61' title="bbox 2047 3164 3644 3237; baseline 0 -19"><span class='ocrx_word' id='word_1_424' title='bbox 2047 3164 2162 3231; x_wconf 67' lang='lat' dir='ltr'><strong>xa‘t,</strong></span> <span class='ocrx_word' id='word_1_425' title='bbox 2206 3166 2282 3229; x_wconf 83' lang='grc' dir='ltr'>ὡς</span> <span class='ocrx_word' id='word_1_426' title='bbox 2339 3167 2387 3222; x_wconf 85' lang='grc' dir='ltr'><strong>εί</strong></span> <span class='ocrx_word' id='word_1_427' title='bbox 2441 3165 2533 3218; x_wconf 79' lang='grc' dir='ltr'>τὸν</span> <span class='ocrx_word' id='word_1_428' title='bbox 2586 3164 2742 3237; x_wconf 80' lang='grc' dir='ltr'>ἅγιον</span> <span class='ocrx_word' id='word_1_429' title='bbox 2769 3165 3103 3237; x_wconf 83' lang='grc' dir='ltr'>παράδεισον</span> <span class='ocrx_word' id='word_1_430' title='bbox 3125 3165 3384 3235; x_wconf 84' lang='grc' dir='ltr'>ἀοίκητον</span> <span class='ocrx_word' id='word_1_431' title='bbox 3423 3166 3453 3218; x_wconf 85' lang='grc' dir='ltr'>ὀ</span> <span class='ocrx_word' id='word_1_432' title='bbox 3500 3165 3644 3229; x_wconf 80' lang='grc' dir='ltr'>Θεὸς</span> 
     </span>
    </p>
   </div>
   <div class='ocr_carea' id='block_1_62' title="bbox 352 3243 1934 3313">
    <p class='ocr_par' dir='ltr' id='par_1_62' title="bbox 352 3243 1934 3313">
     <span class='ocr_line' id='line_1_62' title="bbox 352 3243 1934 3313; baseline 0 -16"><span class='ocrx_word' id='word_1_433' title='bbox 352 3243 533 3311; x_wconf 87' lang='lat' dir='ltr'><strong>disum</strong></span> <span class='ocrx_word' id='word_1_434' title='bbox 601 3244 948 3298; x_wconf 74' lang='lat' dir='ltr'><strong>Sulummodo</strong></span> <span class='ocrx_word' id='word_1_435' title='bbox 1012 3243 1373 3299; x_wconf 86' lang='lat' dir='ltr'><strong>inhabitatum</strong></span> <span class='ocrx_word' id='word_1_436' title='bbox 1436 3244 1671 3313; x_wconf 86' lang='lat' dir='ltr'><strong>relinqui</strong></span> <span class='ocrx_word' id='word_1_437' title='bbox 1730 3244 1934 3312; x_wconf 88' lang='lat' dir='ltr'><strong>voluit,</strong></span> 
     </span>
    </p>
   </div>
   <div class='ocr_carea' id='block_1_63' title="bbox 2047 3256 3647 3330">
    <p class='ocr_par' dir='ltr' id='par_1_63' title="bbox 2047 3256 3647 3330">
     <span class='ocr_line' id='line_1_63' title="bbox 2047 3256 3647 3330; baseline -0.001 -19"><span class='ocrx_word' id='word_1_438' title='bbox 2047 3258 2226 3329; x_wconf 79' lang='grc' dir='ltr'>ἀφῆκε</span> <span class='ocrx_word' id='word_1_439' title='bbox 2256 3258 2463 3328; x_wconf 80' lang='grc' dir='ltr'>μένειν,</span> <span class='ocrx_word' id='word_1_440' title='bbox 2501 3258 2617 3320; x_wconf 83' lang='grc' dir='ltr'><strong>πῶς</strong></span> <span class='ocrx_word' id='word_1_441' title='bbox 2641 3257 2706 3315; x_wconf 84' lang='grc' dir='ltr'>ἂν</span> <span class='ocrx_word' id='word_1_442' title='bbox 2733 3261 2831 3329; x_wconf 80' lang='grc' dir='ltr'>τῆς</span> <span class='ocrx_word' id='word_1_443' title='bbox 2860 3258 3058 3329; x_wconf 81' lang='grc' dir='ltr'>λοιπῆς</span> <span class='ocrx_word' id='word_1_444' title='bbox 3098 3259 3349 3328; x_wconf 83' lang='grc' dir='ltr'>φείσαιτο</span> <span class='ocrx_word' id='word_1_445' title='bbox 3393 3257 3523 3328; x_wconf 84' lang='grc' dir='ltr'>γῆς,</span> <span class='ocrx_word' id='word_1_446' title='bbox 3569 3256 3647 3330; x_wconf 74' lang='grc' dir='ltr'>ἢν</span> 
     </span>
    </p>
   </div>
   <div class='ocr_carea' id='block_1_64' title="bbox 352 3336 1940 3424">
    <p class='ocr_par' dir='ltr' id='par_1_64' title="bbox 352 3336 1938 3410">
     <span class='ocr_line' id='line_1_64' title="bbox 352 3336 1938 3410; baseline 0.001 -20"><span class='ocrx_word' id='word_1_447' title='bbox 352 3337 623 3404; x_wconf 71' lang='grc' dir='ltr'>ψιοιιεοιιο</span> <span class='ocrx_word' id='word_1_448' title='bbox 675 3348 834 3391; x_wconf 80' lang='lat' dir='ltr'><strong>terra:</strong></span> <span class='ocrx_word' id='word_1_449' title='bbox 869 3340 1178 3408; x_wconf 89' lang='lat' dir='ltr'><strong>parciturus</strong></span> <span class='ocrx_word' id='word_1_450' title='bbox 1225 3348 1310 3393; x_wconf 85' lang='lat' dir='ltr'><strong>est</strong></span> <span class='ocrx_word' id='word_1_451' title='bbox 1342 3353 1503 3410; x_wconf 83' lang='lat' dir='ltr'><strong>quam</strong></span> <span class='ocrx_word' id='word_1_452' title='bbox 1557 3353 1658 3392; x_wconf 89' lang='lat' dir='ltr'><strong>nos</strong></span> <span class='ocrx_word' id='word_1_453' title='bbox 1701 3336 1938 3393; x_wconf 77' lang='lat' dir='ltr'><strong>infandis</strong></span> 
     </span>
    </p>
   </div>
   <div class='ocr_carea' id='block_1_65' title="bbox 2047 3336 3640 3424">
    <p class='ocr_par' dir='ltr' id='par_1_65' title="bbox 2047 3350 3640 3424">
     <span class='ocr_line' id='line_1_65' title="bbox 2047 3350 3640 3424; baseline 0 -21"><span class='ocrx_word' id='word_1_454' title='bbox 2047 3350 2224 3422; x_wconf 77' lang='grc' dir='ltr'>ἔργοις</span> <span class='ocrx_word' id='word_1_455' title='bbox 2254 3351 2591 3424; x_wconf 82' lang='grc' dir='ltr'>άχρειοῦμεν</span> <span class='ocrx_word' id='word_1_456' title='bbox 2624 3352 2876 3422; x_wconf 85' lang='grc' dir='ltr'>αίσχροῖς</span> <span class='ocrx_word' id='word_1_457' title='bbox 2906 3369 2920 3419; x_wconf 90' lang='grc'><strong>;</strong></span> <span class='ocrx_word' id='word_1_458' title='bbox 2968 3352 3086 3414; x_wconf 85' lang='grc' dir='ltr'><strong>πῶς</strong></span> <span class='ocrx_word' id='word_1_459' title='bbox 3122 3351 3179 3406; x_wconf 81' lang='grc' dir='ltr'>δὲ</span> <span class='ocrx_word' id='word_1_460' title='bbox 3218 3350 3319 3405; x_wconf 80' lang='grc' dir='ltr'>οὐκ</span> <span class='ocrx_word' id='word_1_461' title='bbox 3372 3350 3440 3404; x_wconf 84' lang='grc' dir='ltr'>ἂν</span> <span class='ocrx_word' id='word_1_462' title='bbox 3487 3351 3640 3405; x_wconf 75' lang='grc' dir='ltr'>δυοῖν</span> 
     </span>
    </p>
   </div>
   <div class='ocr_carea' id='block_1_66' title="bbox 352 3428 1942 3500">
    <p class='ocr_par' dir='ltr' id='par_1_66' title="bbox 352 3428 1942 3500">
     <span class='ocr_line' id='line_1_66' title="bbox 352 3428 1942 3500; baseline 0.003 -21"><span class='ocrx_word' id='word_1_463' title='bbox 352 3428 673 3484; x_wconf 87' lang='lat' dir='ltr'><strong>criminibus</strong></span> <span class='ocrx_word' id='word_1_464' title='bbox 725 3429 1236 3489; x_wconf 80' lang='lat' dir='ltr'><strong>commaculamus?</strong></span> <span class='ocrx_word' id='word_1_465' title='bbox 1275 3429 1546 3500; x_wconf 88' lang='lat' dir='ltr'><strong>quomodo</strong></span> <span class='ocrx_word' id='word_1_466' title='bbox 1594 3430 1735 3484; x_wconf 83' lang='lat' dir='ltr'><strong>haud</strong></span> <span class='ocrx_word' id='word_1_467' title='bbox 1782 3429 1942 3484; x_wconf 87' lang='lat' dir='ltr'><strong>faciet</strong></span> 
     </span>
    </p>
   </div>
   <div class='ocr_carea' id='block_1_67' title="bbox 353 3508 1940 3593">
    <p class='ocr_par' dir='ltr' id='par_1_67' title="bbox 353 3508 1940 3593">
     <span class='ocr_line' id='line_1_67' title="bbox 353 3508 1940 3593; baseline 0.006 -23"><span class='ocrx_word' id='word_1_468' title='bbox 353 3521 703 3587; x_wconf 85' lang='lat' dir='ltr'><strong>alterutrum,</strong></span> <span class='ocrx_word' id='word_1_469' title='bbox 764 3532 859 3575; x_wconf 86' lang='lat' dir='ltr'><strong>aut</strong></span> <span class='ocrx_word' id='word_1_470' title='bbox 919 3533 976 3581; x_wconf 85' lang='lat' dir='ltr'><strong>ut</strong></span> <span class='ocrx_word' id='word_1_471' title='bbox 1029 3532 1229 3577; x_wconf 87' lang='lat' dir='ltr'><strong>terram</strong></span> <span class='ocrx_word' id='word_1_472' title='bbox 1287 3522 1618 3581; x_wconf 80' lang='lat' dir='ltr'><strong>confractatn</strong></span> <span class='ocrx_word' id='word_1_473' title='bbox 1669 3508 1940 3593; x_wconf 81' lang='lat' dir='ltr'><strong>capitibus</strong></span> 
     </span>
    </p>
   </div>
   <div class='ocr_carea' id='block_1_68' title="bbox 353 3615 1940 3687">
    <p class='ocr_par' dir='ltr' id='par_1_68' title="bbox 353 3615 1940 3687">
     <span class='ocr_line' id='line_1_68' title="bbox 353 3615 1940 3687; baseline 0.001 -19"><span class='ocrx_word' id='word_1_474' title='bbox 353 3615 655 3669; x_wconf 81' lang='lat' dir='ltr'><strong>incolarum</strong></span> <span class='ocrx_word' id='word_1_475' title='bbox 685 3615 972 3687; x_wconf 86' lang='lat' dir='ltr'><strong>impingat,</strong></span> <span class='ocrx_word' id='word_1_476' title='bbox 1019 3628 1113 3670; x_wconf 89' lang='lat' dir='ltr'><strong>aut</strong></span> <span class='ocrx_word' id='word_1_477' title='bbox 1164 3616 1308 3672; x_wconf 62' lang='lat' dir='ltr'><strong>caelo</strong></span> <span class='ocrx_word' id='word_1_478' title='bbox 1359 3615 1575 3684; x_wconf 73' lang='lat' dir='ltr'><strong>deiecto</strong></span> <span class='ocrx_word' id='word_1_479' title='bbox 1626 3616 1940 3671; x_wconf 87' lang='lat' dir='ltr'><strong>universum</strong></span> 
     </span>
    </p>
   </div>
   <div class='ocr_carea' id='block_1_69' title="bbox 353 3708 1940 3780">
    <p class='ocr_par' dir='ltr' id='par_1_69' title="bbox 353 3708 1940 3780">
     <span class='ocr_line' id='line_1_69' title="bbox 353 3708 1940 3780; baseline 0.003 -23"><span class='ocrx_word' id='word_1_480' title='bbox 353 3709 552 3772; x_wconf 85' lang='lat' dir='ltr'><strong>deleat,</strong></span> <span class='ocrx_word' id='word_1_481' title='bbox 588 3718 681 3762; x_wconf 88' lang='lat' dir='ltr'><strong>aut</strong></span> <span class='ocrx_word' id='word_1_482' title='bbox 712 3709 915 3764; x_wconf 86' lang='lat' dir='ltr'><strong>diluvio</strong></span> <span class='ocrx_word' id='word_1_483' title='bbox 941 3709 1325 3780; x_wconf 79' lang='lat' dir='ltr'><strong>submergens,</strong></span> <span class='ocrx_word' id='word_1_484' title='bbox 1355 3708 1497 3777; x_wconf 86' lang='lat' dir='ltr'><strong>quod</strong></span> <span class='ocrx_word' id='word_1_485' title='bbox 1520 3709 1684 3764; x_wconf 87' lang='lat' dir='ltr'><strong>etiam</strong></span> <span class='ocrx_word' id='word_1_486' title='bbox 1714 3709 1940 3775; x_wconf 86' lang='lat' dir='ltr'><strong>accidit,</strong></span> 
     </span>
    </p>
   </div>
   <div class='ocr_carea' id='block_1_70' title="bbox 353 3800 1947 3871">
    <p class='ocr_par' dir='ltr' id='par_1_70' title="bbox 353 3800 1947 3871">
     <span class='ocr_line' id='line_1_70' title="bbox 353 3800 1947 3871; baseline 0.003 -19"><span class='ocrx_word' id='word_1_487' title='bbox 353 3814 522 3865; x_wconf 76' lang='lat' dir='ltr'><strong>genus</strong></span> <span class='ocrx_word' id='word_1_488' title='bbox 549 3801 843 3855; x_wconf 89' lang='lat' dir='ltr'><strong>humanum</strong></span> <span class='ocrx_word' id='word_1_489' title='bbox 868 3802 1032 3871; x_wconf 86' lang='lat' dir='ltr'><strong>quod,</strong></span> <span class='ocrx_word' id='word_1_490' title='bbox 1053 3815 1176 3856; x_wconf 90' lang='lat' dir='ltr'><strong>cum</strong></span> <span class='ocrx_word' id='word_1_491' title='bbox 1188 3800 1618 3871; x_wconf 87' lang='lat' dir='ltr'><strong>pulcherrimum</strong></span> <span class='ocrx_word' id='word_1_492' title='bbox 1644 3814 1765 3858; x_wconf 83' lang='lat' dir='ltr'><strong>esse</strong></span> <span class='ocrx_word' id='word_1_493' title='bbox 1783 3802 1947 3859; x_wconf 79' lang='lat' dir='ltr'><strong>debe-</strong></span> 
     </span>
    </p>
   </div>
   <div class='ocr_carea' id='block_1_71' title="bbox 354 3893 1951 3975">
    <p class='ocr_par' dir='ltr' id='par_1_71' title="bbox 354 3893 1951 3975">
     <span class='ocr_line' id='line_1_71' title="bbox 354 3893 1951 3975; baseline 0.003 -30"><span class='ocrx_word' id='word_1_494' title='bbox 354 3901 456 3961; x_wconf 79' lang='lat' dir='ltr'><strong>ret,</strong></span> <span class='ocrx_word' id='word_1_495' title='bbox 491 3907 634 3947; x_wconf 86' lang='lat' dir='ltr'><strong>nunc</strong></span> <span class='ocrx_word' id='word_1_496' title='bbox 661 3893 901 3945; x_wconf 88' lang='lat' dir='ltr'><strong>omnium</strong></span> <span class='ocrx_word' id='word_1_497' title='bbox 919 3893 1210 3975; x_wconf 85' lang='lat' dir='ltr'><strong>pessimum</strong></span> <span class='ocrx_word' id='word_1_498' title='bbox 1239 3902 1342 3956; x_wconf 88' lang='lat' dir='ltr'><strong>est,</strong></span> <span class='ocrx_word' id='word_1_499' title='bbox 1374 3907 1606 3962; x_wconf 88' lang='lat' dir='ltr'><strong>prorsus</strong></span> <span class='ocrx_word' id='word_1_500' title='bbox 1625 3893 1951 3950; x_wconf 82' lang='lat' dir='ltr'><strong>exscindat?</strong></span> 
     </span>
    </p>
   </div>
   <div class='ocr_carea' id='block_1_72' title="bbox 424 3984 1939 4060">
    <p class='ocr_par' dir='ltr' id='par_1_72' title="bbox 424 3984 1939 4060">
     <span class='ocr_line' id='line_1_72' title="bbox 424 3984 1939 4060; baseline 0.002 -22"><span class='ocrx_word' id='word_1_501' title='bbox 424 3984 478 4038; x_wconf 87' lang='lat'><strong>9.</strong></span> <span class='ocrx_word' id='word_1_502' title='bbox 514 3984 681 4038; x_wconf 79' lang='lat' dir='ltr'><strong>Porro</strong></span> <span class='ocrx_word' id='word_1_503' title='bbox 718 3986 963 4054; x_wconf 87' lang='lat' dir='ltr'><strong>magistri</strong></span> <span class='ocrx_word' id='word_1_504' title='bbox 1001 3986 1079 4040; x_wconf 82' lang='lat' dir='ltr'><strong>illi</strong></span> <span class='ocrx_word' id='word_1_505' title='bbox 1128 3987 1404 4057; x_wconf 79' lang='lat' dir='ltr'><strong>sapientes</strong></span> <span class='ocrx_word' id='word_1_506' title='bbox 1448 3988 1505 4040; x_wconf 90' lang='lat' dir='ltr'><strong>in</strong></span> <span class='ocrx_word' id='word_1_507' title='bbox 1536 3988 1770 4042; x_wconf 89' lang='lat' dir='ltr'><strong>medium</strong></span> <span class='ocrx_word' id='word_1_508' title='bbox 1813 4004 1939 4060; x_wconf 87' lang='lat' dir='ltr'><strong>pro-.</strong></span> 
     </span>
    </p>
   </div>
   <div class='ocr_carea' id='block_1_73' title="bbox 353 4077 1937 4151">
    <p class='ocr_par' dir='ltr' id='par_1_73' title="bbox 353 4077 1937 4151">
     <span class='ocr_line' id='line_1_73' title="bbox 353 4077 1937 4151; baseline 0.003 -23"><span class='ocrx_word' id='word_1_509' title='bbox 353 4077 624 4146; x_wconf 80' lang='lat' dir='ltr'><strong>duxerunt</strong></span> <span class='ocrx_word' id='word_1_510' title='bbox 688 4077 938 4138; x_wconf 80' lang='lat' dir='ltr'><strong>homines</strong></span> <span class='ocrx_word' id='word_1_511' title='bbox 995 4077 1272 4141; x_wconf 68' lang='lat' dir='ltr'><strong>ulceribus</strong></span> <span class='ocrx_word' id='word_1_512' title='bbox 1339 4079 1601 4151; x_wconf 87' lang='lat' dir='ltr'><strong>omnique</strong></span> <span class='ocrx_word' id='word_1_513' title='bbox 1652 4079 1937 4143; x_wconf 82' lang='lat' dir='ltr'><strong>vulnerum</strong></span> 
     </span>
    </p>
   </div>
   <div class='ocr_carea' id='block_1_74' title="bbox 354 4158 1944 4237">
    <p class='ocr_par' dir='ltr' id='par_1_74' title="bbox 354 4158 1944 4237">
     <span class='ocr_line' id='line_1_74' title="bbox 354 4158 1944 4237; baseline 0.003 -17"><span class='ocrx_word' id='word_1_514' title='bbox 354 4158 555 4234; x_wconf 82' lang='lat' dir='ltr'><strong>genere</strong></span> <span class='ocrx_word' id='word_1_515' title='bbox 599 4164 934 4230; x_wconf 82' lang='lat' dir='ltr'><strong>laborantes,</strong></span> <span class='ocrx_word' id='word_1_516' title='bbox 984 4181 1192 4236; x_wconf 87' lang='lat' dir='ltr'><strong>eosque</strong></span> <span class='ocrx_word' id='word_1_517' title='bbox 1243 4166 1423 4237; x_wconf 82' lang='lat' dir='ltr'><strong>palam</strong></span> <span class='ocrx_word' id='word_1_518' title='bbox 1458 4170 1833 4235; x_wconf 78' lang='lat' dir='ltr'><strong>ostendentes,</strong></span> <span class='ocrx_word' id='word_1_519' title='bbox 1886 4176 1944 4233; x_wconf 88' lang='lat' dir='ltr'><strong>ut</strong></span> 
     </span>
    </p>
   </div>
   <div class='ocr_carea' id='block_1_75' title="bbox 355 4244 1941 4331">
    <p class='ocr_par' dir='ltr' id='par_1_75' title="bbox 355 4244 1941 4331">
     <span class='ocr_line' id='line_1_75' title="bbox 355 4244 1941 4331; baseline 0.004 -23"><span class='ocrx_word' id='word_1_520' title='bbox 355 4244 441 4319; x_wconf 76' lang='lat' dir='ltr'><strong>vel</strong></span> <span class='ocrx_word' id='word_1_521' title='bbox 472 4258 553 4319; x_wconf 81' lang='lat' dir='ltr'><strong>sic</strong></span> <span class='ocrx_word' id='word_1_522' title='bbox 588 4258 1041 4328; x_wconf 79' lang='lat' dir='ltr'><strong>resipiscenlibtts</strong></span> <span class='ocrx_word' id='word_1_523' title='bbox 1089 4260 1522 4314; x_wconf 79' lang='lat' dir='ltr'><strong>misericordiam</strong></span> <span class='ocrx_word' id='word_1_524' title='bbox 1574 4260 1941 4331; x_wconf 82' lang='lat' dir='ltr'><strong>injungerenl,</strong></span> 
     </span>
    </p>
   </div>
   <div class='ocr_carea' id='block_1_76' title="bbox 353 4349 1944 4421">
    <p class='ocr_par' dir='ltr' id='par_1_76' title="bbox 353 4349 1944 4421">
     <span class='ocr_line' id='line_1_76' title="bbox 353 4349 1944 4421; baseline 0.003 -16"><span class='ocrx_word' id='word_1_525' title='bbox 353 4364 479 4405; x_wconf 88' lang='lat' dir='ltr'><strong>cum</strong></span> <span class='ocrx_word' id='word_1_526' title='bbox 517 4349 790 4419; x_wconf 83' lang='lat' dir='ltr'><strong>vituperio</strong></span> <span class='ocrx_word' id='word_1_527' title='bbox 842 4349 923 4407; x_wconf 88' lang='lat' dir='ltr'><strong>eis</strong></span> <span class='ocrx_word' id='word_1_528' title='bbox 970 4349 1333 4418; x_wconf 78' lang='lat' dir='ltr'><strong>objectantes,</strong></span> <span class='ocrx_word' id='word_1_529' title='bbox 1372 4351 1563 4419; x_wconf 80' lang='lat' dir='ltr'><strong>quales</strong></span> <span class='ocrx_word' id='word_1_530' title='bbox 1593 4366 1660 4407; x_wconf 77' lang='lat' dir='ltr'><strong>ex</strong></span> <span class='ocrx_word' id='word_1_531' title='bbox 1694 4352 1944 4421; x_wconf 88' lang='lat' dir='ltr'><strong>qualibus</strong></span> 
     </span>
    </p>
   </div>
   <div class='ocr_carea' id='block_1_77' title="bbox 356 4441 1944 4509">
    <p class='ocr_par' dir='ltr' id='par_1_77' title="bbox 356 4441 1944 4509">
     <span class='ocr_line' id='line_1_77' title="bbox 356 4441 1944 4509; baseline 0.003 -14"><span class='ocrx_word' id='word_1_532' title='bbox 356 4442 647 4507; x_wconf 77' lang='lat' dir='ltr'><strong>redderent</strong></span> <span class='ocrx_word' id='word_1_533' title='bbox 693 4441 1052 4509; x_wconf 78' lang='lat' dir='ltr'><strong>contribules,</strong></span> <span class='ocrx_word' id='word_1_534' title='bbox 1097 4442 1233 4507; x_wconf 79' lang='lat' dir='ltr'><strong>alios</strong></span> <span class='ocrx_word' id='word_1_535' title='bbox 1271 4442 1593 4509; x_wconf 88' lang='lat' dir='ltr'><strong>mutilando,</strong></span> <span class='ocrx_word' id='word_1_536' title='bbox 1623 4443 1760 4498; x_wconf 88' lang='lat' dir='ltr'><strong>alios</strong></span> <span class='ocrx_word' id='word_1_537' title='bbox 1789 4459 1944 4499; x_wconf 79' lang='lat' dir='ltr'><strong>exse-</strong></span> 
     </span>
    </p>
   </div>
   <div class='ocr_carea' id='block_1_78' title="bbox 2035 3440 3640 3518">
    <p class='ocr_par' dir='ltr' id='par_1_78' title="bbox 2035 3440 3640 3518">
     <span class='ocr_line' id='line_1_78' title="bbox 2035 3440 3640 3518; baseline -0.001 -20"><span class='ocrx_word' id='word_1_538' title='bbox 2035 3440 2286 3515; x_wconf 84' lang='grc' dir='ltr'>θάτερον,</span> <span class='ocrx_word' id='word_1_539' title='bbox 2329 3445 2363 3517; x_wconf 75' lang='grc' dir='ltr'>ἢ</span> <span class='ocrx_word' id='word_1_540' title='bbox 2407 3446 2500 3499; x_wconf 76' lang='grc' dir='ltr'>τὸν</span> <span class='ocrx_word' id='word_1_541' title='bbox 2533 3445 2763 3516; x_wconf 74' lang='grc' dir='ltr'>οὐρανὸν</span> <span class='ocrx_word' id='word_1_542' title='bbox 2828 3440 3188 3518; x_wconf 76' lang='grc' dir='ltr'>κατέαρῤάξας</span> <span class='ocrx_word' id='word_1_543' title='bbox 3242 3445 3507 3517; x_wconf 73' lang='grc' dir='ltr'>ἐπιτρίψῃ</span> <span class='ocrx_word' id='word_1_544' title='bbox 3575 3444 3640 3497; x_wconf 78' lang='grc' dir='ltr'>τὸ</span> 
     </span>
    </p>
   </div>
   <div class='ocr_carea' id='block_1_79' title="bbox 2037 3535 3649 3610">
    <p class='ocr_par' dir='ltr' id='par_1_79' title="bbox 2037 3535 3649 3610">
     <span class='ocr_line' id='line_1_79' title="bbox 2037 3535 3649 3610; baseline 0.001 -22"><span class='ocrx_word' id='word_1_545' title='bbox 2037 3539 2147 3591; x_wconf 83' lang='grc' dir='ltr'><strong>πᾶν</strong></span> <span class='ocrx_word' id='word_1_546' title='bbox 2175 3537 2207 3608; x_wconf 81' lang='grc' dir='ltr'>ἢ</span> <span class='ocrx_word' id='word_1_547' title='bbox 2236 3537 2516 3610; x_wconf 67' lang='grc' dir='ltr'>ἀνατρέψῃ</span> <span class='ocrx_word' id='word_1_548' title='bbox 2555 3537 2749 3609; x_wconf 75' lang='grc' dir='ltr'>αὐτὴν,</span> <span class='ocrx_word' id='word_1_549' title='bbox 2809 3537 3293 3609; x_wconf 72' lang='grc' dir='ltr'>ἐπικαταστρέψας</span> <span class='ocrx_word' id='word_1_550' title='bbox 3348 3539 3462 3600; x_wconf 87' lang='grc' dir='ltr'>τοῖς</span> <span class='ocrx_word' id='word_1_551' title='bbox 3484 3535 3649 3606; x_wconf 65' lang='grc' dir='ltr'>οἰκήα</span> 
     </span>
    </p>
   </div>
   <div class='ocr_carea' id='block_1_80' title="bbox 2041 3628 3642 3701">
    <p class='ocr_par' dir='ltr' id='par_1_80' title="bbox 2041 3628 3642 3701">
     <span class='ocr_line' id='line_1_80' title="bbox 2041 3628 3642 3701; baseline 0 -20"><span class='ocrx_word' id='word_1_552' title='bbox 2041 3643 2254 3698; x_wconf 85' lang='grc' dir='ltr'>τορσιν,</span> <span class='ocrx_word' id='word_1_553' title='bbox 2305 3629 2339 3698; x_wconf 76' lang='grc' dir='ltr'>ἢ</span> <span class='ocrx_word' id='word_1_554' title='bbox 2405 3629 2599 3701; x_wconf 77' lang='grc' dir='ltr'>ὄμϐρῳ</span> <span class='ocrx_word' id='word_1_555' title='bbox 2657 3629 3035 3697; x_wconf 84' lang='grc' dir='ltr'>κατακλύσας,</span> <span class='ocrx_word' id='word_1_556' title='bbox 3077 3628 3107 3683; x_wconf 84' lang='grc' dir='ltr'><strong><em>ὃ</em></strong></span> <span class='ocrx_word' id='word_1_557' title='bbox 3145 3631 3345 3700; x_wconf 87' lang='grc' dir='ltr'>δήποτε</span> <span class='ocrx_word' id='word_1_558' title='bbox 3402 3631 3500 3684; x_wconf 74' lang='grc' dir='ltr'>καὶ</span> <span class='ocrx_word' id='word_1_559' title='bbox 3532 3629 3642 3682; x_wconf 81' lang='grc' dir='ltr'><strong>ἁπ-</strong></span> 
     </span>
    </p>
   </div>
   <div class='ocr_carea' id='block_1_81' title="bbox 2038 3712 3638 3793">
    <p class='ocr_par' dir='ltr' id='par_1_81' title="bbox 2038 3712 3638 3793">
     <span class='ocr_line' id='line_1_81' title="bbox 2038 3712 3638 3793; baseline 0.002 -21"><span class='ocrx_word' id='word_1_560' title='bbox 2038 3712 2163 3791; x_wconf 81' lang='grc' dir='ltr'>έϐη,</span> <span class='ocrx_word' id='word_1_561' title='bbox 2215 3722 2441 3790; x_wconf 82' lang='grc' dir='ltr'>άφανιεί</span> <span class='ocrx_word' id='word_1_562' title='bbox 2489 3723 2586 3775; x_wconf 80' lang='grc' dir='ltr'>καὶ</span> <span class='ocrx_word' id='word_1_563' title='bbox 2645 3723 2711 3775; x_wconf 76' lang='grc' dir='ltr'>ὲκ</span> <span class='ocrx_word' id='word_1_564' title='bbox 2758 3723 3049 3776; x_wconf 77' lang='grc' dir='ltr'>καλλίστου</span> <span class='ocrx_word' id='word_1_565' title='bbox 3083 3721 3515 3793; x_wconf 79' lang='grc' dir='ltr'>ὲποφειλομένου</span> <span class='ocrx_word' id='word_1_566' title='bbox 3536 3721 3638 3775; x_wconf 82' lang='grc' dir='ltr'>κά-</span> 
     </span>
    </p>
   </div>
   <div class='ocr_carea' id='block_1_82' title="bbox 2040 3814 2993 3888">
    <p class='ocr_par' dir='ltr' id='par_1_82' title="bbox 2040 3814 2993 3888">
     <span class='ocr_line' id='line_1_82' title="bbox 2040 3814 2993 3888; baseline 0.002 -23"><span class='ocrx_word' id='word_1_567' title='bbox 2040 3828 2232 3868; x_wconf 89' lang='grc' dir='ltr'>κιστον</span> <span class='ocrx_word' id='word_1_568' title='bbox 2254 3816 2380 3887; x_wconf 69' lang='grc' dir='ltr'>ἄρτι</span> <span class='ocrx_word' id='word_1_569' title='bbox 2421 3816 2581 3883; x_wconf 79' lang='grc' dir='ltr'>γένος</span> <span class='ocrx_word' id='word_1_570' title='bbox 2615 3814 2993 3888; x_wconf 83' lang='grc' dir='ltr'>ἄνθρὼπινον;</span> 
     </span>
    </p>
   </div>
   <div class='ocr_carea' id='block_1_83' title="bbox 2119 3980 3639 4063">
    <p class='ocr_par' dir='ltr' id='par_1_83' title="bbox 2119 3980 3639 4063">
     <span class='ocr_line' id='line_1_83' title="bbox 2119 3980 3639 4063; baseline -0.002 -17"><span class='ocrx_word' id='word_1_571' title='bbox 2119 3992 2188 4048; x_wconf 90' lang='grc' dir='ltr'><strong>θ’.</strong></span> <span class='ocrx_word' id='word_1_572' title='bbox 2227 3980 2557 4063; x_wconf 80' lang='grc' dir='ltr'>Παρήγαγον</span> <span class='ocrx_word' id='word_1_573' title='bbox 2587 3990 2645 4047; x_wconf 82' lang='grc' dir='ltr'>δὲ</span> <span class='ocrx_word' id='word_1_574' title='bbox 2689 3990 2757 4046; x_wconf 85' lang='grc' dir='ltr'>ἂν</span> <span class='ocrx_word' id='word_1_575' title='bbox 2791 3990 2839 4043; x_wconf 77' lang='grc' dir='ltr'>οἱ</span> <span class='ocrx_word' id='word_1_576' title='bbox 2869 3986 3199 4060; x_wconf 76' lang='grc' dir='ltr'>αὐτομαθεῖς</span> <span class='ocrx_word' id='word_1_577' title='bbox 3227 3989 3427 4049; x_wconf 67' lang='grc' dir='ltr'>ἐκεῖνος</span> <span class='ocrx_word' id='word_1_578' title='bbox 3474 3991 3639 4060; x_wconf 68' lang='grc' dir='ltr'>σοφοὶ</span> 
     </span>
    </p>
   </div>
   <div class='ocr_carea' id='block_1_84' title="bbox 2045 4079 3639 4153">
    <p class='ocr_par' dir='ltr' id='par_1_84' title="bbox 2045 4079 3639 4153">
     <span class='ocr_line' id='line_1_84' title="bbox 2045 4079 3639 4153; baseline -0.002 -16"><span class='ocrx_word' id='word_1_579' title='bbox 2045 4083 2359 4141; x_wconf 78' lang='grc' dir='ltr'>διδάσκαλοι</span> <span class='ocrx_word' id='word_1_580' title='bbox 2391 4085 2447 4146; x_wconf 79' lang='grc' dir='ltr'>ἐς</span> <span class='ocrx_word' id='word_1_581' title='bbox 2491 4081 2662 4152; x_wconf 76' lang='grc' dir='ltr'>μέσον</span> <span class='ocrx_word' id='word_1_582' title='bbox 2698 4082 2795 4141; x_wconf 72' lang='grc' dir='ltr'>καὶ</span> <span class='ocrx_word' id='word_1_583' title='bbox 2838 4079 3166 4153; x_wconf 84' lang='grc' dir='ltr'>ἀνθρώπους</span> <span class='ocrx_word' id='word_1_584' title='bbox 3212 4080 3639 4151; x_wconf 82' lang='grc' dir='ltr'>βεϐλαμμένους</span> 
     </span>
    </p>
   </div>
   <div class='ocr_carea' id='block_1_85' title="bbox 2040 4170 3633 4246">
    <p class='ocr_par' dir='ltr' id='par_1_85' title="bbox 2040 4170 3633 4246">
     <span class='ocr_line' id='line_1_85' title="bbox 2040 4170 3633 4246; baseline -0.001 -18"><span class='ocrx_word' id='word_1_585' title='bbox 2040 4175 2225 4229; x_wconf 73' lang='grc' dir='ltr'>ἕλκεσι</span> <span class='ocrx_word' id='word_1_586' title='bbox 2246 4172 2340 4228; x_wconf 70' lang='grc' dir='ltr'>καὶ</span> <span class='ocrx_word' id='word_1_587' title='bbox 2366 4175 2586 4238; x_wconf 84' lang='grc' dir='ltr'>λοιπαίς</span> <span class='ocrx_word' id='word_1_588' title='bbox 2610 4173 2845 4245; x_wconf 82' lang='grc' dir='ltr'>πληγαῖς</span> <span class='ocrx_word' id='word_1_589' title='bbox 2864 4173 2961 4227; x_wconf 79' lang='grc' dir='ltr'>καὶ</span> <span class='ocrx_word' id='word_1_590' title='bbox 2976 4172 3110 4226; x_wconf 83' lang='grc' dir='ltr'>ὑποδ</span> <span class='ocrx_word' id='word_1_591' title='bbox 3126 4170 3633 4246; x_wconf 48' lang='grc' dir='ltr'>[ειγματίζοντῘεῆ</span> 
     </span>
    </p>
   </div>
   <div class='ocr_carea' id='block_1_86' title="bbox 2041 4260 3629 4337">
    <p class='ocr_par' dir='ltr' id='par_1_86' title="bbox 2041 4260 3629 4337">
     <span class='ocr_line' id='line_1_86' title="bbox 2041 4260 3629 4337; baseline -0.002 -18"><span class='ocrx_word' id='word_1_592' title='bbox 2041 4260 2116 4327; x_wconf 78' lang='grc' dir='ltr'><strong>ὡς</strong></span> <span class='ocrx_word' id='word_1_593' title='bbox 2138 4265 2439 4337; x_wconf 82' lang='grc' dir='ltr'>δυνηθῆναι</span> <span class='ocrx_word' id='word_1_594' title='bbox 2470 4266 2566 4320; x_wconf 70' lang='grc' dir='ltr'>καὶ</span> <span class='ocrx_word' id='word_1_595' title='bbox 2590 4262 2746 4319; x_wconf 74' lang='grc' dir='ltr'>ἔλεον</span> <span class='ocrx_word' id='word_1_596' title='bbox 2768 4266 2884 4328; x_wconf 79' lang='grc' dir='ltr'>’τοῖς</span> <span class='ocrx_word' id='word_1_597' title='bbox 2903 4264 3303 4337; x_wconf 79' lang='grc' dir='ltr'>ὲγηγερμὲνοις</span> <span class='ocrx_word' id='word_1_598' title='bbox 3323 4263 3629 4330; x_wconf 80' lang='grc' dir='ltr'>εἰσϐαλεῖν,</span> 
     </span>
    </p>
   </div>
   <div class='ocr_carea' id='block_1_87' title="bbox 2039 4355 3640 4429">
    <p class='ocr_par' dir='ltr' id='par_1_87' title="bbox 2039 4355 3640 4429">
     <span class='ocr_line' id='line_1_87' title="bbox 2039 4355 3640 4429; baseline -0.001 -18"><span class='ocrx_word' id='word_1_599' title='bbox 2039 4359 2167 4422; x_wconf 79' lang='grc' dir='ltr'>τοὺς</span> <span class='ocrx_word' id='word_1_600' title='bbox 2188 4358 2290 4428; x_wconf 82' lang='grc' dir='ltr'>μὲν</span> <span class='ocrx_word' id='word_1_601' title='bbox 2306 4357 2796 4429; x_wconf 78' lang='grc' dir='ltr'>τραυματίζοντες,</span> <span class='ocrx_word' id='word_1_602' title='bbox 2814 4356 2943 4420; x_wconf 74' lang='grc' dir='ltr'>τοὺς</span> <span class='ocrx_word' id='word_1_603' title='bbox 2966 4356 3024 4413; x_wconf 72' lang='grc' dir='ltr'>δὲ</span> <span class='ocrx_word' id='word_1_604' title='bbox 3048 4355 3475 4424; x_wconf 86' lang='grc' dir='ltr'>συγκόπτοντες.</span> <span class='ocrx_word' id='word_1_605' title='bbox 3504 4356 3640 4409; x_wconf 79' lang='grc' dir='ltr'>πολ-ι</span> 
     </span>
    </p>
   </div>
   <div class='ocr_carea' id='block_1_88' title="bbox 2040 4432 3625 4515">
    <p class='ocr_par' dir='ltr' id='par_1_88' title="bbox 2040 4432 3625 4515">
     <span class='ocr_line' id='line_1_88' title="bbox 2040 4432 3625 4515; baseline -0.001 -12"><span class='ocrx_word' id='word_1_606' title='bbox 2040 4432 2166 4514; x_wconf 74' lang='grc' dir='ltr'>λοὺς</span> <span class='ocrx_word' id='word_1_607' title='bbox 2196 4451 2251 4504; x_wconf 78' lang='grc' dir='ltr'>δὲ</span> <span class='ocrx_word' id='word_1_608' title='bbox 2287 4450 2386 4504; x_wconf 74' lang='grc' dir='ltr'><strong>καὶ</strong></span> <span class='ocrx_word' id='word_1_609' title='bbox 2417 4450 2890 4515; x_wconf 75' lang='grc' dir='ltr'>κατακόπτοντες,</span> <span class='ocrx_word' id='word_1_610' title='bbox 2940 4449 3070 4512; x_wconf 81' lang='grc' dir='ltr'>τοὺς</span> <span class='ocrx_word' id='word_1_611' title='bbox 3102 4447 3326 4511; x_wconf 83' lang='grc' dir='ltr'>πλείους</span> <span class='ocrx_word' id='word_1_612' title='bbox 3368 4446 3425 4501; x_wconf 79' lang='grc' dir='ltr'>δὲ</span> <span class='ocrx_word' id='word_1_613' title='bbox 3454 4448 3625 4501; x_wconf 78' lang='grc' dir='ltr'>κακο-</span> 
     </span>
    </p>
   </div>
   <div class='ocr_carea' id='block_1_89' title="bbox 354 4524 1940 4611">
    <p class='ocr_par' dir='ltr' id='par_1_89' title="bbox 354 4524 1940 4609">
     <span class='ocr_line' id='line_1_89' title="bbox 354 4524 1940 4609; baseline -0.001 -20"><span class='ocrx_word' id='word_1_614' title='bbox 354 4537 553 4609; x_wconf 77' lang='lat' dir='ltr'><strong>cando,</strong></span> <span class='ocrx_word' id='word_1_615' title='bbox 585 4533 783 4589; x_wconf 88' lang='lat' dir='ltr'><strong>multos</strong></span> <span class='ocrx_word' id='word_1_616' title='bbox 821 4524 1224 4600; x_wconf 73' lang='lat' dir='ltr'><strong>interﬁciendo,</strong></span> <span class='ocrx_word' id='word_1_617' title='bbox 1276 4533 1565 4602; x_wconf 85' lang='lat' dir='ltr'><strong>plerosque</strong></span> <span class='ocrx_word' id='word_1_618' title='bbox 1602 4535 1750 4587; x_wconf 88' lang='lat' dir='ltr'><strong>onmi</strong></span> <span class='ocrx_word' id='word_1_619' title='bbox 1783 4534 1940 4588; x_wconf 81' lang='lat' dir='ltr'><strong>modo</strong></span> 
     </span>
    </p>
   </div>
   <div class='ocr_carea' id='block_1_90' title="bbox 2047 4524 3634 4611">
    <p class='ocr_par' dir='ltr' id='par_1_90' title="bbox 2049 4538 3634 4611">
     <span class='ocr_line' id='line_1_90' title="bbox 2049 4538 3634 4611; baseline -0.003 -16"><span class='ocrx_word' id='word_1_620' title='bbox 2049 4541 2334 4605; x_wconf 83' lang='grc' dir='ltr'>ποιοῦντες</span> <span class='ocrx_word' id='word_1_621' title='bbox 2391 4543 2472 4606; x_wconf 83' lang='grc' dir='ltr'><strong>είς</strong></span> <span class='ocrx_word' id='word_1_622' title='bbox 2524 4540 2892 4611; x_wconf 78' lang='grc' dir='ltr'>πολύτροπον,</span> <span class='ocrx_word' id='word_1_623' title='bbox 2928 4540 3004 4603; x_wconf 79' lang='grc' dir='ltr'>ὡς</span> <span class='ocrx_word' id='word_1_624' title='bbox 3052 4538 3312 4593; x_wconf 72' lang='grc' dir='ltr'>ἐντεῦθεν</span> <span class='ocrx_word' id='word_1_625' title='bbox 3333 4539 3435 4608; x_wconf 81' lang='grc' dir='ltr'>τὴν</span> <span class='ocrx_word' id='word_1_626' title='bbox 3475 4538 3634 4608; x_wconf 80' lang='grc' dir='ltr'>ζωὴν</span> 
     </span>
    </p>
   </div>
   <div class='ocr_carea' id='block_1_91' title="bbox 353 4624 1940 4707">
    <p class='ocr_par' dir='ltr' id='par_1_91' title="bbox 353 4624 1934 4707">
     <span class='ocr_line' id='line_1_91' title="bbox 353 4624 1934 4707; baseline -0.001 -25"><span class='ocrx_word' id='word_1_627' title='bbox 353 4627 495 4707; x_wconf 76' lang='lat' dir='ltr'><strong>male</strong></span> <span class='ocrx_word' id='word_1_628' title='bbox 551 4626 859 4694; x_wconf 86' lang='lat' dir='ltr'><strong>tractando,</strong></span> <span class='ocrx_word' id='word_1_629' title='bbox 909 4633 970 4682; x_wconf 84' lang='lat' dir='ltr'><strong>ut</strong></span> <span class='ocrx_word' id='word_1_630' title='bbox 1020 4626 1185 4689; x_wconf 87' lang='lat' dir='ltr'><strong>etiam</strong></span> <span class='ocrx_word' id='word_1_631' title='bbox 1238 4624 1363 4679; x_wconf 85' lang='lat' dir='ltr'><strong>talis</strong></span> <span class='ocrx_word' id='word_1_632' title='bbox 1413 4627 1518 4679; x_wconf 79' lang='lat' dir='ltr'><strong>vita</strong></span> <span class='ocrx_word' id='word_1_633' title='bbox 1555 4625 1739 4680; x_wconf 81' lang='lat' dir='ltr'><strong>Abelis</strong></span> <span class='ocrx_word' id='word_1_634' title='bbox 1790 4627 1934 4680; x_wconf 69' lang='lat' dir='ltr'><strong>cmde</strong></span> 
     </span>
    </p>
   </div>
   <div class='ocr_carea' id='block_1_92' title="bbox 2047 4624 3636 4707">
    <p class='ocr_par' dir='ltr' id='par_1_92' title="bbox 2047 4630 3636 4706">
     <span class='ocr_line' id='line_1_92' title="bbox 2047 4630 3636 4706; baseline -0.006 -20"><span class='ocrx_word' id='word_1_635' title='bbox 2047 4632 2294 4706; x_wconf 66' lang='grc' dir='ltr'>ἡγεῖσθαι</span> <span class='ocrx_word' id='word_1_636' title='bbox 2331 4631 2557 4704; x_wconf 85' lang='grc' dir='ltr'>χείρονα</span> <span class='ocrx_word' id='word_1_637' title='bbox 2587 4632 2679 4686; x_wconf 83' lang='grc' dir='ltr'><strong>τοῦ</strong></span> <span class='ocrx_word' id='word_1_638' title='bbox 2713 4630 2857 4685; x_wconf 76' lang='grc' dir='ltr'>κατὰ</span> <span class='ocrx_word' id='word_1_639' title='bbox 2889 4632 2981 4686; x_wconf 77' lang='grc' dir='ltr'>τὸν</span> <span class='ocrx_word' id='word_1_640' title='bbox 3014 4631 3184 4685; x_wconf 84' lang='grc' dir='ltr'>’Λϐελ</span> <span class='ocrx_word' id='word_1_641' title='bbox 3214 4631 3471 4696; x_wconf 86' lang='grc' dir='ltr'>θανάτου,</span> <span class='ocrx_word' id='word_1_642' title='bbox 3509 4631 3636 4685; x_wconf 75' lang='grc' dir='ltr'><strong>ἀνι.</strong></span> 
     </span>
    </p>
   </div>
   <div class='ocr_carea' id='block_1_93' title="bbox 352 4718 1940 4794">
    <p class='ocr_par' dir='ltr' id='par_1_93' title="bbox 352 4719 1937 4789">
     <span class='ocr_line' id='line_1_93' title="bbox 352 4719 1937 4789; baseline -0.001 -16"><span class='ocrx_word' id='word_1_643' title='bbox 352 4721 719 4777; x_wconf 84' lang='lat' dir='ltr'><strong>miserabilior</strong></span> <span class='ocrx_word' id='word_1_644' title='bbox 749 4722 1022 4781; x_wconf 87' lang='lat' dir='ltr'><strong>censenda</strong></span> <span class='ocrx_word' id='word_1_645' title='bbox 1058 4719 1148 4774; x_wconf 88' lang='lat' dir='ltr'><strong>sit.</strong></span> <span class='ocrx_word' id='word_1_646' title='bbox 1186 4719 1413 4789; x_wconf 84' lang='lat' dir='ltr'><strong>Insuper</strong></span> <span class='ocrx_word' id='word_1_647' title='bbox 1440 4727 1937 4775; x_wconf 87' lang='lat' dir='ltr'><strong>commemorarunt</strong></span> 
     </span>
    </p>
   </div>
   <div class='ocr_carea' id='block_1_94' title="bbox 2047 4718 3634 4794">
    <p class='ocr_par' dir='ltr' id='par_1_94' title="bbox 2047 4718 3634 4794">
     <span class='ocr_line' id='line_1_94' title="bbox 2047 4718 3634 4794; baseline -0.001 -20"><span class='ocrx_word' id='word_1_648' title='bbox 2047 4724 2356 4794; x_wconf 82' lang='grc' dir='ltr'>μίμνησκον</span> <span class='ocrx_word' id='word_1_649' title='bbox 2386 4720 2445 4774; x_wconf 76' lang='grc' dir='ltr'>δὲ</span> <span class='ocrx_word' id='word_1_650' title='bbox 2469 4718 2535 4773; x_wconf 79' lang='grc' dir='ltr'>ἂν</span> <span class='ocrx_word' id='word_1_651' title='bbox 2558 4720 2805 4785; x_wconf 83' lang='grc' dir='ltr'>ἐκείνους</span> <span class='ocrx_word' id='word_1_652' title='bbox 2838 4720 2934 4773; x_wconf 79' lang='grc' dir='ltr'>καὶ</span> <span class='ocrx_word' id='word_1_653' title='bbox 2961 4720 3191 4792; x_wconf 88' lang='grc' dir='ltr'>τρόμου,</span> <span class='ocrx_word' id='word_1_654' title='bbox 3225 4719 3324 4774; x_wconf 89' lang='grc' dir='ltr'><strong>τοῦ</strong></span> <span class='ocrx_word' id='word_1_655' title='bbox 3351 4719 3500 4773; x_wconf 75' lang='grc' dir='ltr'>κατὰ</span> <span class='ocrx_word' id='word_1_656' title='bbox 3540 4720 3634 4774; x_wconf 81' lang='grc' dir='ltr'>τὸν</span> 
     </span>
    </p>
   </div>
   <div class='ocr_carea' id='block_1_95' title="bbox 355 4811 1937 4887">
    <p class='ocr_par' dir='ltr' id='par_1_95' title="bbox 355 4811 1937 4887">
     <span class='ocr_line' id='line_1_95' title="bbox 355 4811 1937 4887; baseline -0.003 -18"><span class='ocrx_word' id='word_1_657' title='bbox 355 4825 558 4873; x_wconf 83' lang='lat' dir='ltr'><strong>metum</strong></span> <span class='ocrx_word' id='word_1_658' title='bbox 585 4815 677 4887; x_wconf 83' lang='lat' dir='ltr'><strong>qui</strong></span> <span class='ocrx_word' id='word_1_659' title='bbox 714 4814 940 4871; x_wconf 84' lang='lat' dir='ltr'><strong>Cainum</strong></span> <span class='ocrx_word' id='word_1_660' title='bbox 972 4814 1257 4879; x_wconf 83' lang='lat' dir='ltr'><strong>invaserit,</strong></span> <span class='ocrx_word' id='word_1_661' title='bbox 1293 4820 1347 4868; x_wconf 90' lang='lat' dir='ltr'><strong>el.</strong></span> <span class='ocrx_word' id='word_1_662' title='bbox 1379 4828 1410 4867; x_wconf 89' lang='lat' dir='ltr'><strong>a</strong></span> <span class='ocrx_word' id='word_1_663' title='bbox 1453 4811 1592 4868; x_wconf 84' lang='lat' dir='ltr'><strong>facie</strong></span> <span class='ocrx_word' id='word_1_664' title='bbox 1628 4811 1719 4867; x_wconf 88' lang='lat' dir='ltr'><strong>Dei</strong></span> <span class='ocrx_word' id='word_1_665' title='bbox 1771 4813 1937 4880; x_wconf 86' lang='lat' dir='ltr'><strong>rejec-</strong></span> 
     </span>
    </p>
   </div>
   <div class='ocr_carea' id='block_1_96' title="bbox 357 4902 1934 4976">
    <p class='ocr_par' dir='ltr' id='par_1_96' title="bbox 357 4902 1934 4976">
     <span class='ocr_line' id='line_1_96' title="bbox 357 4902 1934 4976; baseline 0 -20"><span class='ocrx_word' id='word_1_666' title='bbox 357 4905 587 4973; x_wconf 91' lang='lat' dir='ltr'><strong>tionem,</strong></span> <span class='ocrx_word' id='word_1_667' title='bbox 634 4912 689 4959; x_wconf 88' lang='lat' dir='ltr'><strong>et</strong></span> <span class='ocrx_word' id='word_1_668' title='bbox 734 4906 914 4960; x_wconf 89' lang='lat' dir='ltr'><strong>vultus</strong></span> <span class='ocrx_word' id='word_1_669' title='bbox 945 4904 1200 4959; x_wconf 76' lang='lat' dir='ltr'><strong>sudorem</strong></span> <span class='ocrx_word' id='word_1_670' title='bbox 1234 4905 1300 4959; x_wconf 82' lang='lat' dir='ltr'><strong>ad</strong></span> <span class='ocrx_word' id='word_1_671' title='bbox 1338 4919 1499 4976; x_wconf 87' lang='lat' dir='ltr'><strong>quem</strong></span> <span class='ocrx_word' id='word_1_672' title='bbox 1552 4905 1816 4968; x_wconf 82' lang='lat' dir='ltr'><strong>Adaums,</strong></span> <span class='ocrx_word' id='word_1_673' title='bbox 1845 4902 1934 4957; x_wconf 89' lang='lat' dir='ltr'><strong>ubi</strong></span> 
     </span>
    </p>
   </div>
   <div class='ocr_carea' id='block_1_97' title="bbox 356 4997 1937 5068">
    <p class='ocr_par' dir='ltr' id='par_1_97' title="bbox 356 4997 1937 5068">
     <span class='ocr_line' id='line_1_97' title="bbox 356 4997 1937 5068; baseline 0.001 -19"><span class='ocrx_word' id='word_1_674' title='bbox 356 4997 473 5052; x_wconf 88' lang='lat' dir='ltr'><strong>leve</strong></span> <span class='ocrx_word' id='word_1_675' title='bbox 522 4997 651 5064; x_wconf 82' lang='lat' dir='ltr'><strong>quid</strong></span> <span class='ocrx_word' id='word_1_676' title='bbox 685 5008 1031 5068; x_wconf 86' lang='lat' dir='ltr'><strong>peccaverat,</strong></span> <span class='ocrx_word' id='word_1_677' title='bbox 1084 4999 1481 5052; x_wconf 85' lang='lat' dir='ltr'><strong>condemnatus</strong></span> <span class='ocrx_word' id='word_1_678' title='bbox 1528 4998 1651 5059; x_wconf 85' lang='lat' dir='ltr'><strong>fuit.</strong></span> <span class='ocrx_word' id='word_1_679' title='bbox 1698 4997 1937 5065; x_wconf 85' lang='lat' dir='ltr'><strong>Denique</strong></span> 
     </span>
    </p>
   </div>
   <div class='ocr_carea' id='block_1_98' title="bbox 358 5070 1934 5158">
    <p class='ocr_par' dir='ltr' id='par_1_98' title="bbox 358 5070 1934 5158">
     <span class='ocr_line' id='line_1_98' title="bbox 358 5070 1934 5158; baseline 0.002 -21"><span class='ocrx_word' id='word_1_680' title='bbox 358 5070 682 5145; x_wconf 86' lang='lat' dir='ltr'><strong>tribulorum</strong></span> <span class='ocrx_word' id='word_1_681' title='bbox 734 5101 798 5141; x_wconf 88' lang='lat' dir='ltr'><strong>ac</strong></span> <span class='ocrx_word' id='word_1_682' title='bbox 865 5086 1148 5158; x_wconf 82' lang='lat' dir='ltr'><strong>spinarum</strong></span> <span class='ocrx_word' id='word_1_683' title='bbox 1210 5087 1517 5154; x_wconf 77' lang='lat' dir='ltr'><strong>iniecerunt</strong></span> <span class='ocrx_word' id='word_1_684' title='bbox 1580 5088 1934 5148; x_wconf 87' lang='lat' dir='ltr'><strong>mentionem,</strong></span> 
     </span>
    </p>
   </div>
   <div class='ocr_carea' id='block_1_99' title="bbox 356 5176 1939 5250">
    <p class='ocr_par' dir='ltr' id='par_1_99' title="bbox 356 5176 1939 5250">
     <span class='ocr_line' id='line_1_99' title="bbox 356 5176 1939 5250; baseline 0.003 -20"><span class='ocrx_word' id='word_1_685' title='bbox 356 5176 553 5245; x_wconf 79' lang='lat' dir='ltr'><strong>quibus</strong></span> <span class='ocrx_word' id='word_1_686' title='bbox 607 5178 797 5244; x_wconf 85' lang='lat' dir='ltr'><strong>homo,</strong></span> <span class='ocrx_word' id='word_1_687' title='bbox 846 5178 959 5234; x_wconf 87' lang='lat' dir='ltr'><strong>Deo</strong></span> <span class='ocrx_word' id='word_1_688' title='bbox 1014 5179 1307 5246; x_wconf 86' lang='lat' dir='ltr'><strong>irascente,</strong></span> <span class='ocrx_word' id='word_1_689' title='bbox 1362 5182 1414 5235; x_wconf 91' lang='lat' dir='ltr'><strong>in</strong></span> <span class='ocrx_word' id='word_1_690' title='bbox 1462 5196 1593 5250; x_wconf 80' lang='lat' dir='ltr'><strong>agro</strong></span> <span class='ocrx_word' id='word_1_691' title='bbox 1638 5178 1939 5235; x_wconf 76' lang='lat' dir='ltr'><strong>laborando</strong></span> 
     </span>
    </p>
   </div>
   <div class='ocr_carea' id='block_1_100' title="bbox 357 5269 636 5339">
    <p class='ocr_par' dir='ltr' id='par_1_100' title="bbox 357 5269 636 5339">
     <span class='ocr_line' id='line_1_100' title="bbox 357 5269 636 5339; baseline 0 -18"><span class='ocrx_word' id='word_1_692' title='bbox 357 5269 636 5339; x_wconf 77' lang='lat' dir='ltr'><strong>pangitur.</strong></span> 
     </span>
    </p>
   </div>
   <div class='ocr_carea' id='block_1_101' title="bbox 430 5360 1937 5435">
    <p class='ocr_par' dir='ltr' id='par_1_101' title="bbox 430 5360 1937 5435">
     <span class='ocr_line' id='line_1_101' title="bbox 430 5360 1937 5435; baseline 0.003 -21"><span class='ocrx_word' id='word_1_693' title='bbox 430 5360 518 5416; x_wconf 71' lang='grc'><strong>10.</strong></span> <span class='ocrx_word' id='word_1_694' title='bbox 557 5361 717 5416; x_wconf 78' lang='lat' dir='ltr'><strong>Multa</strong></span> <span class='ocrx_word' id='word_1_695' title='bbox 749 5363 914 5433; x_wconf 87' lang='lat' dir='ltr'><strong>igitur</strong></span> <span class='ocrx_word' id='word_1_696' title='bbox 944 5363 1212 5432; x_wconf 82' lang='lat' dir='ltr'><strong>ejusmodi</strong></span> <span class='ocrx_word' id='word_1_697' title='bbox 1242 5365 1691 5433; x_wconf 85' lang='lat' dir='ltr'><strong>pronuntiarunt,</strong></span> <span class='ocrx_word' id='word_1_698' title='bbox 1719 5374 1775 5419; x_wconf 91' lang='lat' dir='ltr'><strong>et</strong></span> <span class='ocrx_word' id='word_1_699' title='bbox 1813 5380 1937 5435; x_wconf 83' lang='lat' dir='ltr'><strong>pra-</strong></span> 
     </span>
    </p>
   </div>
   <div class='ocr_carea' id='block_1_102' title="bbox 356 5454 1941 5528">
    <p class='ocr_par' dir='ltr' id='par_1_102' title="bbox 356 5454 1941 5528">
     <span class='ocr_line' id='line_1_102' title="bbox 356 5454 1941 5528; baseline 0.004 -19"><span class='ocrx_word' id='word_1_700' title='bbox 356 5469 482 5509; x_wconf 78' lang='lat' dir='ltr'><strong>vum</strong></span> <span class='ocrx_word' id='word_1_701' title='bbox 521 5454 669 5513; x_wconf 87' lang='lat' dir='ltr'><strong>illum</strong></span> <span class='ocrx_word' id='word_1_702' title='bbox 704 5457 976 5523; x_wconf 87' lang='lat' dir='ltr'><strong>morbum,</strong></span> <span class='ocrx_word' id='word_1_703' title='bbox 1021 5472 1130 5528; x_wconf 86' lang='lat' dir='ltr'><strong>quo</strong></span> <span class='ocrx_word' id='word_1_704' title='bbox 1175 5458 1264 5514; x_wconf 89' lang='lat' dir='ltr'><strong>isti</strong></span> <span class='ocrx_word' id='word_1_705' title='bbox 1313 5457 1549 5513; x_wconf 80' lang='lat' dir='ltr'><strong>ferarum</strong></span> <span class='ocrx_word' id='word_1_706' title='bbox 1585 5459 1752 5511; x_wconf 69' lang='lat' dir='ltr'><strong>instar</strong></span> <span class='ocrx_word' id='word_1_707' title='bbox 1797 5459 1851 5512; x_wconf 91' lang='lat' dir='ltr'><strong>in</strong></span> <span class='ocrx_word' id='word_1_708' title='bbox 1881 5473 1941 5515; x_wconf 85' lang='lat' dir='ltr'><strong>se</strong></span> 
     </span>
    </p>
   </div>
   <div class='ocr_carea' id='block_1_103' title="bbox 357 5546 1938 5629">
    <p class='ocr_par' dir='ltr' id='par_1_103' title="bbox 357 5546 1938 5629">
     <span class='ocr_line' id='line_1_103' title="bbox 357 5546 1938 5629; baseline -0.001 -25"><span class='ocrx_word' id='word_1_709' title='bbox 357 5546 595 5609; x_wconf 79' lang='lat' dir='ltr'><strong>invicem</strong></span> <span class='ocrx_word' id='word_1_710' title='bbox 638 5552 1005 5629; x_wconf 62' lang='grc' dir='ltr'><strong>Γδιιξνίοίκιιιι,</strong></span> <span class='ocrx_word' id='word_1_711' title='bbox 1077 5551 1330 5609; x_wconf 82' lang='lat' dir='ltr'><strong>excidere</strong></span> <span class='ocrx_word' id='word_1_712' title='bbox 1395 5548 1756 5612; x_wconf 84' lang='lat' dir='ltr'><strong>studuerunt.</strong></span> <span class='ocrx_word' id='word_1_713' title='bbox 1829 5548 1938 5603; x_wconf 87' lang='lat' dir='ltr'><strong>Deo</strong></span> 
     </span>
    </p>
   </div>
   <div class='ocr_carea' id='block_1_104' title="bbox 360 5640 1939 5709">
    <p class='ocr_par' dir='ltr' id='par_1_104' title="bbox 360 5640 1939 5709">
     <span class='ocr_line' id='line_1_104' title="bbox 360 5640 1939 5709; baseline -0.001 -14"><span class='ocrx_word' id='word_1_714' title='bbox 360 5642 581 5705; x_wconf 74' lang='lat' dir='ltr'><strong>umnino</strong></span> <span class='ocrx_word' id='word_1_715' title='bbox 638 5656 824 5701; x_wconf 85' lang='lat' dir='ltr'><strong>eorum</strong></span> <span class='ocrx_word' id='word_1_716' title='bbox 888 5644 1049 5699; x_wconf 78' lang='lat' dir='ltr'><strong>verba</strong></span> <span class='ocrx_word' id='word_1_717' title='bbox 1106 5640 1469 5703; x_wconf 80' lang='lat' dir='ltr'><strong>confirmante</strong></span> <span class='ocrx_word' id='word_1_718' title='bbox 1525 5641 1939 5709; x_wconf 84' lang='lat' dir='ltr'><strong>doetrinamque</strong></span> 
     </span>
    </p>
   </div>
   <div class='ocr_carea' id='block_1_105' title="bbox 369 5732 1935 5805">
    <p class='ocr_par' dir='ltr' id='par_1_105' title="bbox 369 5732 1935 5805">
     <span class='ocr_line' id='line_1_105' title="bbox 369 5732 1935 5805; baseline 0 -19"><span class='ocrx_word' id='word_1_719' title='bbox 369 5733 682 5802; x_wconf 72' lang='lat' dir='ltr'><strong>adiuvante,</strong></span> <span class='ocrx_word' id='word_1_720' title='bbox 731 5744 898 5802; x_wconf 86' lang='lat' dir='ltr'><strong>atque</strong></span> <span class='ocrx_word' id='word_1_721' title='bbox 946 5735 1163 5799; x_wconf 76' lang='lat' dir='ltr'><strong>domum</strong></span> <span class='ocrx_word' id='word_1_722' title='bbox 1218 5732 1493 5805; x_wconf 78' lang='lat' dir='ltr'><strong>tranquilli</strong></span> <span class='ocrx_word' id='word_1_723' title='bbox 1534 5743 1935 5801; x_wconf 74' lang='lat' dir='ltr'><strong>exspectarent,</strong></span> 
     </span>
    </p>
   </div>
   <div class='ocr_carea' id='block_1_106' title="bbox 364 5824 1942 5896">
    <p class='ocr_par' dir='ltr' id='par_1_106' title="bbox 364 5824 1942 5896">
     <span class='ocr_line' id='line_1_106' title="bbox 364 5824 1942 5896; baseline 0.001 -15"><span class='ocrx_word' id='word_1_724' title='bbox 364 5830 428 5881; x_wconf 78' lang='lat' dir='ltr'><strong>ut.</strong></span> <span class='ocrx_word' id='word_1_725' title='bbox 464 5825 802 5883; x_wconf 84' lang='lat' dir='ltr'><strong>auditoribus</strong></span> <span class='ocrx_word' id='word_1_726' title='bbox 837 5840 1157 5896; x_wconf 81' lang='lat' dir='ltr'><strong>persuasum</strong></span> <span class='ocrx_word' id='word_1_727' title='bbox 1195 5834 1359 5881; x_wconf 76' lang='lat' dir='ltr'><strong>esset.</strong></span> <span class='ocrx_word' id='word_1_728' title='bbox 1414 5824 1495 5877; x_wconf 82' lang='lat' dir='ltr'><strong>Ab</strong></span> <span class='ocrx_word' id='word_1_729' title='bbox 1526 5825 1628 5879; x_wconf 90' lang='lat' dir='ltr'><strong>hoc</strong></span> <span class='ocrx_word' id='word_1_730' title='bbox 1653 5824 1776 5881; x_wconf 91' lang='lat' dir='ltr'><strong>inde</strong></span> <span class='ocrx_word' id='word_1_731' title='bbox 1807 5832 1942 5883; x_wconf 83' lang='lat' dir='ltr'><strong>tent-</strong></span> 
     </span>
    </p>
   </div>
   <div class='ocr_carea' id='block_1_107' title="bbox 2038 4809 3631 4883">
    <p class='ocr_par' dir='ltr' id='par_1_107' title="bbox 2038 4809 3631 4883">
     <span class='ocr_line' id='line_1_107' title="bbox 2038 4809 3631 4883; baseline -0.003 -14"><span class='ocrx_word' id='word_1_732' title='bbox 2038 4816 2202 4880; x_wconf 76' lang='grc' dir='ltr'>Κάῖν,</span> <span class='ocrx_word' id='word_1_733' title='bbox 2260 4813 2356 4867; x_wconf 76' lang='grc' dir='ltr'>καὶ</span> <span class='ocrx_word' id='word_1_734' title='bbox 2409 4811 2640 4883; x_wconf 68' lang='grc' dir='ltr'>ἐκϐολῆς</span> <span class='ocrx_word' id='word_1_735' title='bbox 2688 4809 2798 4867; x_wconf 78' lang='grc' dir='ltr'><strong>ἀπὸ</strong></span> <span class='ocrx_word' id='word_1_736' title='bbox 2852 4814 3149 4883; x_wconf 85' lang='grc' dir='ltr'>προσώπου</span> <span class='ocrx_word' id='word_1_737' title='bbox 3201 4811 3296 4865; x_wconf 87' lang='grc' dir='ltr'><strong>τοῦ</strong></span> <span class='ocrx_word' id='word_1_738' title='bbox 3320 4810 3485 4874; x_wconf 76' lang='grc' dir='ltr'>Θεοῦ,</span> <span class='ocrx_word' id='word_1_739' title='bbox 3533 4813 3631 4866; x_wconf 83' lang='grc' dir='ltr'>καὶ</span> 
     </span>
    </p>
   </div>
   <div class='ocr_carea' id='block_1_108' title="bbox 2039 4892 3631 4979">
    <p class='ocr_par' dir='ltr' id='par_1_108' title="bbox 2039 4892 3631 4979">
     <span class='ocr_line' id='line_1_108' title="bbox 2039 4892 3631 4979; baseline -0.004 -17"><span class='ocrx_word' id='word_1_740' title='bbox 2039 4906 2281 4979; x_wconf 76' lang='grc' dir='ltr'>ἱδρώτων</span> <span class='ocrx_word' id='word_1_741' title='bbox 2313 4904 2630 4974; x_wconf 83' lang='grc' dir='ltr'>προσώπου,</span> <span class='ocrx_word' id='word_1_742' title='bbox 2657 4903 3193 4973; x_wconf 77' lang='grc' dir='ltr'>καταψηφισθέντων</span> <span class='ocrx_word' id='word_1_743' title='bbox 3214 4902 3309 4956; x_wconf 87' lang='grc' dir='ltr'><strong>τοῦ</strong></span> <span class='ocrx_word' id='word_1_744' title='bbox 3341 4892 3631 4973; x_wconf 59' lang='grc' dir='ltr'><strong>αττροηιιάειξο-⁹</strong></span> 
     </span>
    </p>
   </div>
   <div class='ocr_carea' id='block_1_109' title="bbox 2041 4994 3632 5071">
    <p class='ocr_par' dir='ltr' id='par_1_109' title="bbox 2041 4994 3632 5071">
     <span class='ocr_line' id='line_1_109' title="bbox 2041 4994 3632 5071; baseline -0.003 -18"><span class='ocrx_word' id='word_1_745' title='bbox 2041 5018 2153 5071; x_wconf 85' lang='grc' dir='ltr'>ρος,</span> <span class='ocrx_word' id='word_1_746' title='bbox 2172 4998 2256 5068; x_wconf 74' lang='grc' dir='ltr'><strong>ἐφ’</strong></span> <span class='ocrx_word' id='word_1_747' title='bbox 2281 4994 2364 5062; x_wconf 79' lang='grc' dir='ltr'>οἷς</span> <span class='ocrx_word' id='word_1_748' title='bbox 2382 4996 2557 5069; x_wconf 82' lang='grc' dir='ltr'>βραχὺ</span> <span class='ocrx_word' id='word_1_749' title='bbox 2588 5014 2640 5050; x_wconf 88' lang='grc' dir='ltr'><strong>τι</strong></span> <span class='ocrx_word' id='word_1_750' title='bbox 2668 4995 2890 5066; x_wconf 84' lang='grc' dir='ltr'>παρέϐη</span> <span class='ocrx_word' id='word_1_751' title='bbox 2912 5010 2925 5024; x_wconf 79' lang='grc'><strong><em>⁸</em></strong></span> <span class='ocrx_word' id='word_1_752' title='bbox 2950 4997 3044 5049; x_wconf 83' lang='grc' dir='ltr'>καὶ</span> <span class='ocrx_word' id='word_1_753' title='bbox 3064 4995 3347 5069; x_wconf 88' lang='grc' dir='ltr'>τριϐόλους</span> <span class='ocrx_word' id='word_1_754' title='bbox 3369 4997 3632 5069; x_wconf 79' lang='grc' dir='ltr'>παρήγαο</span> 
     </span>
    </p>
   </div>
   <div class='ocr_carea' id='block_1_110' title="bbox 2038 5075 3637 5162">
    <p class='ocr_par' dir='ltr' id='par_1_110' title="bbox 2038 5075 3637 5162">
     <span class='ocr_line' id='line_1_110' title="bbox 2038 5075 3637 5162; baseline -0.001 -17"><span class='ocrx_word' id='word_1_755' title='bbox 2038 5075 2134 5161; x_wconf 86' lang='grc' dir='ltr'><strong>γον</strong></span> <span class='ocrx_word' id='word_1_756' title='bbox 2161 5093 2240 5156; x_wconf 87' lang='grc' dir='ltr'><strong>είς</strong></span> <span class='ocrx_word' id='word_1_757' title='bbox 2274 5090 2533 5160; x_wconf 76' lang='grc' dir='ltr'>ἐνθύμιον</span> <span class='ocrx_word' id='word_1_758' title='bbox 2570 5092 2670 5143; x_wconf 75' lang='grc' dir='ltr'>καὶ</span> <span class='ocrx_word' id='word_1_759' title='bbox 2717 5090 2988 5154; x_wconf 86' lang='grc' dir='ltr'>ἀκάνθας,</span> <span class='ocrx_word' id='word_1_760' title='bbox 3022 5086 3080 5142; x_wconf 81' lang='grc' dir='ltr'><strong>αἱ</strong></span> <span class='ocrx_word' id='word_1_761' title='bbox 3110 5087 3245 5147; x_wconf 79' lang='grc' dir='ltr'>Θεοῦ</span> <span class='ocrx_word' id='word_1_762' title='bbox 3285 5087 3637 5162; x_wconf 63' lang='grc' dir='ltr'>παροξύνανη</span> 
     </span>
    </p>
   </div>
   <div class='ocr_carea' id='block_1_111' title="bbox 2040 5180 3218 5259">
    <p class='ocr_par' dir='ltr' id='par_1_111' title="bbox 2040 5180 3218 5259">
     <span class='ocr_line' id='line_1_111' title="bbox 2040 5180 3218 5259; baseline 0.002 -24"><span class='ocrx_word' id='word_1_763' title='bbox 2040 5198 2129 5246; x_wconf 84' lang='grc' dir='ltr'><strong>τος</strong></span> <span class='ocrx_word' id='word_1_764' title='bbox 2162 5181 2411 5236; x_wconf 81' lang='grc' dir='ltr'>κεντοῦσι</span> <span class='ocrx_word' id='word_1_765' title='bbox 2434 5182 2530 5235; x_wconf 75' lang='grc' dir='ltr'><strong>τὸν</strong></span> <span class='ocrx_word' id='word_1_766' title='bbox 2549 5180 2796 5252; x_wconf 70' lang='grc' dir='ltr'>ἐργάτην</span> <span class='ocrx_word' id='word_1_767' title='bbox 2816 5180 3123 5257; x_wconf 79' lang='grc' dir='ltr'>ἄνθρωπον.</span> <span class='ocrx_word' id='word_1_768' title='bbox 3211 5249 3218 5259; x_wconf 38' lang='grc'><em>,</em></span> 
     </span>
    </p>
   </div>
   <div class='ocr_carea' id='block_1_112' title="bbox 2113 5358 3632 5435">
    <p class='ocr_par' dir='ltr' id='par_1_112' title="bbox 2113 5358 3632 5435">
     <span class='ocr_line' id='line_1_112' title="bbox 2113 5358 3632 5435; baseline -0.002 -18"><span class='ocrx_word' id='word_1_769' title='bbox 2113 5358 2163 5417; x_wconf 74' lang='grc' dir='ltr'><strong>ι’.</strong></span> <span class='ocrx_word' id='word_1_770' title='bbox 2211 5364 2320 5416; x_wconf 66' lang='grc' dir='ltr'><strong>Καὶ</strong></span> <span class='ocrx_word' id='word_1_771' title='bbox 2355 5360 2584 5415; x_wconf 85' lang='grc' dir='ltr'>τοιαῦτα</span> <span class='ocrx_word' id='word_1_772' title='bbox 2624 5361 2795 5415; x_wconf 78' lang='grc' dir='ltr'>πολλᾶ</span> <span class='ocrx_word' id='word_1_773' title='bbox 2842 5361 3042 5415; x_wconf 77' lang='grc' dir='ltr'>ἐκείνοι</span> <span class='ocrx_word' id='word_1_774' title='bbox 3091 5358 3485 5435; x_wconf 76' lang='grc' dir='ltr'>ποριζόμενοι,</span> <span class='ocrx_word' id='word_1_775' title='bbox 3534 5362 3632 5414; x_wconf 75' lang='grc' dir='ltr'>καὶ</span> 
     </span>
    </p>
   </div>
   <div class='ocr_carea' id='block_1_113' title="bbox 2041 5451 3631 5530">
    <p class='ocr_par' dir='ltr' id='par_1_113' title="bbox 2041 5451 3631 5530">
     <span class='ocr_line' id='line_1_113' title="bbox 2041 5451 3631 5530; baseline 0 -24"><span class='ocrx_word' id='word_1_776' title='bbox 2041 5456 2139 5523; x_wconf 79' lang='grc' dir='ltr'>τῆς</span> <span class='ocrx_word' id='word_1_777' title='bbox 2165 5453 2380 5524; x_wconf 71' lang='grc' dir='ltr'>φαύλης</span> <span class='ocrx_word' id='word_1_778' title='bbox 2416 5456 2574 5508; x_wconf 80' lang='grc' dir='ltr'>νόσου</span> <span class='ocrx_word' id='word_1_779' title='bbox 2610 5453 3037 5530; x_wconf 78' lang='grc' dir='ltr'>κατεπᾴδοντες,</span> <span class='ocrx_word' id='word_1_780' title='bbox 3075 5455 3140 5522; x_wconf 80' lang='grc' dir='ltr'>ἦν</span> <span class='ocrx_word' id='word_1_781' title='bbox 3171 5451 3412 5522; x_wconf 76' lang='grc' dir='ltr'>ἔπασχον</span> <span class='ocrx_word' id='word_1_782' title='bbox 3429 5455 3479 5506; x_wconf 83' lang='grc' dir='ltr'><strong>οἱ</strong></span> <span class='ocrx_word' id='word_1_783' title='bbox 3502 5452 3631 5506; x_wconf 82' lang='grc' dir='ltr'>κατ’</span> 
     </span>
    </p>
   </div>
   <div class='ocr_carea' id='block_1_114' title="bbox 2043 5545 3629 5616">
    <p class='ocr_par' dir='ltr' id='par_1_114' title="bbox 2043 5545 3629 5616">
     <span class='ocr_line' id='line_1_114' title="bbox 2043 5545 3629 5616; baseline 0 -17"><span class='ocrx_word' id='word_1_784' title='bbox 2043 5546 2287 5615; x_wconf 76' lang='grc' dir='ltr'>ἀλλήλων</span> <span class='ocrx_word' id='word_1_785' title='bbox 2333 5547 2778 5616; x_wconf 77' lang='grc' dir='ltr'>ἑκθηριούμενοι,</span> <span class='ocrx_word' id='word_1_786' title='bbox 2840 5547 3061 5610; x_wconf 80' lang='grc' dir='ltr'>πάντως</span> <span class='ocrx_word' id='word_1_787' title='bbox 3110 5547 3177 5599; x_wconf 81' lang='grc' dir='ltr'>ἂν</span> <span class='ocrx_word' id='word_1_788' title='bbox 3227 5545 3629 5610; x_wconf 75' lang='grc' dir='ltr'>συλλαλοῦντας</span> 
     </span>
    </p>
   </div>
   <div class='ocr_carea' id='block_1_115' title="bbox 2044 5637 3631 5711">
    <p class='ocr_par' dir='ltr' id='par_1_115' title="bbox 2044 5637 3631 5711">
     <span class='ocr_line' id='line_1_115' title="bbox 2044 5637 3631 5711; baseline 0.001 -21"><span class='ocrx_word' id='word_1_789' title='bbox 2044 5638 2138 5690; x_wconf 83' lang='grc' dir='ltr'><strong>τοῦ</strong></span> <span class='ocrx_word' id='word_1_790' title='bbox 2163 5637 2324 5699; x_wconf 68' lang='grc' dir='ltr'>Θεοῦ,</span> <span class='ocrx_word' id='word_1_791' title='bbox 2356 5642 2447 5692; x_wconf 65' lang='grc' dir='ltr'><strong>καὶ</strong></span> <span class='ocrx_word' id='word_1_792' title='bbox 2481 5639 3099 5710; x_wconf 76' lang='grc' dir='ltr'>συνεπιλαμϐανομένου</span> <span class='ocrx_word' id='word_1_793' title='bbox 3133 5637 3232 5711; x_wconf 81' lang='grc' dir='ltr'>τῆς</span> <span class='ocrx_word' id='word_1_794' title='bbox 3269 5638 3631 5701; x_wconf 76' lang='grc' dir='ltr'>διδασκαλίας</span> 
     </span>
    </p>
   </div>
   <div class='ocr_carea' id='block_1_116' title="bbox 2046 5727 3630 5804">
    <p class='ocr_par' dir='ltr' id='par_1_116' title="bbox 2046 5727 3630 5804">
     <span class='ocr_line' id='line_1_116' title="bbox 2046 5727 3630 5804; baseline -0.001 -20"><span class='ocrx_word' id='word_1_795' title='bbox 2046 5732 2248 5794; x_wconf 82' lang='grc' dir='ltr'>αὐτοῖς,</span> <span class='ocrx_word' id='word_1_796' title='bbox 2295 5727 2442 5803; x_wconf 78' lang='grc' dir='ltr'>εἶχον</span> <span class='ocrx_word' id='word_1_797' title='bbox 2478 5730 2544 5789; x_wconf 84' lang='grc' dir='ltr'>ἂν</span> <span class='ocrx_word' id='word_1_798' title='bbox 2590 5732 2775 5804; x_wconf 60' lang='grc' dir='ltr'><strong>⁴ίγριέμιι</strong></span> <span class='ocrx_word' id='word_1_799' title='bbox 2804 5731 2893 5801; x_wconf 80' lang='grc' dir='ltr'><strong>ἐφ’</strong></span> <span class='ocrx_word' id='word_1_800' title='bbox 2927 5730 3223 5785; x_wconf 80' lang='grc' dir='ltr'>ὁποσονοῦν</span> <span class='ocrx_word' id='word_1_801' title='bbox 3250 5729 3466 5785; x_wconf 78' lang='grc' dir='ltr'>πείθειν</span> <span class='ocrx_word' id='word_1_802' title='bbox 3497 5730 3630 5792; x_wconf 81' lang='grc' dir='ltr'>τοὺς</span> 
     </span>
    </p>
   </div>
   <div class='ocr_carea' id='block_1_117' title="bbox 2048 5819 3626 5897">
    <p class='ocr_par' dir='ltr' id='par_1_117' title="bbox 2048 5819 3626 5897">
     <span class='ocr_line' id='line_1_117' title="bbox 2048 5819 3626 5897; baseline -0.005 -17"><span class='ocrx_word' id='word_1_803' title='bbox 2048 5821 2377 5886; x_wconf 49' lang='grc' dir='ltr'>ἀκούοντας</span> <span class='ocrx_word' id='word_1_804' title='bbox 2420 5827 2513 5881; x_wconf 63' lang='grc' dir='ltr'><strong>καὶ</strong></span> <span class='ocrx_word' id='word_1_805' title='bbox 2562 5823 2623 5878; x_wconf 74' lang='grc' dir='ltr'>τὸ</span> <span class='ocrx_word' id='word_1_806' title='bbox 2655 5823 2865 5878; x_wconf 70' lang='grc' dir='ltr'>ἐκεῖθεν</span> <span class='ocrx_word' id='word_1_807' title='bbox 2907 5822 3131 5897; x_wconf 71' lang='grc' dir='ltr'>ἡμερῶν</span> <span class='ocrx_word' id='word_1_808' title='bbox 3164 5819 3527 5895; x_wconf 70' lang='grc' dir='ltr'>ἡλαττονοῦτο</span> <span class='ocrx_word' id='word_1_809' title='bbox 3592 5821 3626 5892; x_wconf 78' lang='grc' dir='ltr'><strong>ἠ</strong></span> 
     </span>
    </p>
   </div>
  </div>
