3888 6238
193 381 298 444 309

772 374 870 436 DE
910 370 1387 433 OBEDIENTIA
1439 364 1978 430 MAGISTRATUI
2025 368 2500 434 CHRISTIANO
2563 373 2874 435 DEBITA.

3357 376 3466 443 310

199 501 360 556 καμιῖα
387 498 468 569 τῷ
503 496 690 569 συχνῷ
713 498 810 567 τῆς
831 492 1226 563 διδασκαλικῆε
1258 490 1533 561 ἐντυχίας,
1559 491 1654 544 καὶ
1690 488 1770 553 εἰς

1887 503 2008 558 pore
2026 491 2310 549 imminuta
2332 503 2414 550 est
2432 494 2768 565 improbitas.
2787 511 2910 550 cum
2928 495 3178 553 doctrina
3203 509 3465 570 perpetuo

199 599 313 649 ὅσον
361 594 458 647 καὶ
519 595 648 646 ὅσον
713 593 745 659 ἡ
782 590 1056 658 φαυλότης
1119 585 1364 658 ἐῤῥάῖζε,
1405 586 1496 639 καὶ
1531 587 1563 655 ἡ
1593 584 1776 640 ἀδικία

201 687 550 742 mamma
604 685 810 753 ἑαυτήν
829 701 842 713 ⁸
893 684 988 736 καὶ
1044 682 1108 751 δὴ
1137 682 1412 734 συννεύων
1437 682 1670 744 ἕκαστος
1696 682 1777 743 εἰς

197 788 367 855 ψυχὴν
390 785 489 836 καὶ
521 780 968 850 ⁴προϐαλλόμενος
995 778 1130 831 αἱδὼ
1155 779 1246 832 καὶ
1268 777 1511 846 νέμεσιν,
1529 777 1778 845 ἐσωφρο-

201 880 426 944 νίζοντο,
466 879 565 930 καὶ
587 875 978 940 ὀνειδιζόμενοι
1007 874 1315 942 ἐμάνθανον
1339 869 1478 924 Θεοῦ
1510 866 1648 922 εἶναι
1681 870 1780 922 ἇν-

201 971 430 1038 Θρωποι,
466 969 560 1020 καὶ
593 968 672 1030 ὡς
700 967 836 1037 πρδς
874 967 1082 1018 ἐκεῖνον
1126 963 1406 1032 ὀφείλουσι
1442 961 1774 1032 γράφεσθαι,

203 1056 257 1112 οὗ
286 1060 386 1126 τὴν
416 1059 602 1111 εἰκόνα
641 1057 922 1127 φοροῦσιν.
956 1059 1050 1108 καί
1075 1057 1158 1108 ὅτι
1191 1052 1364 1124 βαλὴν
1409 1053 1516 1105 τῶν
1542 1055 1633 1106 ἐπὶ
1677 1052 1779 1120 γῆς

201 1153 398 1222 ἐτάχθη
451 1154 478 1204 ὁ
511 1150 806 1218 ἄνθρωπος
860 1145 1022 1208 εἶναι,
1070 1152 1166 1203 καὶ
1199 1147 1580 1216 ἐνετρέποντο,
1635 1145 1779 1198 καοὰ

205 1247 386 1314 ἐχρῆν,
421 1244 524 1296 ἐὰν
572 1243 961 1321 πεπλασμένοι.
998 1241 1236 1295 τοιοῦτοι
1296 1241 1448 1292 αὐτοὶ
1480 1239 1780 1308 Ξιαφέρωσι

202 1337 314 1389 κατ’
345 1337 507 1389 οὐδὲν
541 1336 776 1402 μάργων
796 1333 894 1403 τὴν
926 1338 1172 1404 γαστέρα
1202 1334 1430 1403 θηρίων,
1453 1333 1779 1404 ψευδόμενοι

202 1431 282 1480 τδν
311 1430 521 1480 σκοπὸν
575 1426 670 1479 τοῦ
705 1425 863 1491 Θεοῦ,
899 1429 994 1479 καὶ
1025 1427 1168 1480 οὕτω
1200 1425 1645 1497 προκαλούμενοι
1687 1426 1781 1477 τὸν

203 1523 459 1582 σετανᾶν,
516 1520 829 1587 κτήσασθαι
885 1520 1086 1583 αὐτοὺς
1112 1520 1192 1580 είς
1242 1521 1445 1571 οἰκεῖον
1475 1518 1626 1572 λαόν.
1673 1518 1780 1570 Καὶ

201 1613 368 1665 τοίνυν
399 1612 480 1675 ὠς
529 1614 587 1664 ἐν
635 1613 908 1681 ὑπαγωγῇ
937 1629 1045 1664 τινι
1081 1611 1366 1666 ἀνέϐαινον
1421 1611 1498 1681 τῷ
1532 1609 1778 1680 λογισμῷ

201 1703 346 1771 ὑψοῦ,
386 1705 485 1756 καὶ
519 1702 790 1771 ἐφρόνουν
848 1702 1033 1754 οὐκέτι
1065 1703 1228 1770 γήϊνα
1257 1701 1338 1764 εἰς
1370 1701 1428 1754 τὸ
1478 1703 1609 1762 πᾶν,
1659 1701 1781 1754 οὐδὲ

202 1797 320 1866 περὶ
338 1796 410 1848 τά
440 1795 599 1847 κάτω
622 1794 932 1858 ἐκύπταξον
956 1812 966 1823 ·
995 1796 1074 1858 είς
1098 1794 1330 1866 οὐρανὸν
1355 1794 1414 1847 δὲ
1438 1795 1778 1849 ἀναϐλέπον-

199 1905 278 1951 τες
303 1891 368 1941 ἐκ
399 1886 822 1956 διαλειμμάτων
848 1887 908 1940 οὐ
937 1887 1192 1958 μακρῶν,
1221 1888 1316 1940 καὶ
1339 1889 1430 1939 τὸν
1460 1887 1552 1941 τοῦ
1573 1887 1781 1958 κόσμου

203 1978 422 2048 ποιητὴν
439 1978 817 2047 ἐννοούμενοι,
843 1977 937 2029 καὶ
955 1975 1016 2029 οὗ
1025 1994 1131 2040 τως
1148 1977 1330 2047 ὑψηλά
1353 1979 1577 2049 φρονεῖν
1602 1980 1717 2033 ἀπα
1729 1996 1783 2049 ρ-

203 2070 436 2139 ξάμενοι.
477 2068 576 2122 καὶ
631 2070 741 2122 τῶν
772 2067 1116 2138 περιπεζίων
1158 2068 1626 2138 ὑπεριπτάμενοι,
1684 2068 1779 2122 τοῦ

201 2162 323 2214 Θεοῦ
364 2162 676 2231 ἐνήρξαντο
728 2160 1010 2230 γίνεσθαι·
1073 2163 1169 2214 καὶ
1230 2161 1405 2231 ἀρχὴν
1466 2162 1662 2228 σοφίας
1689 2162 1783 2214 τὸν

203 2255 402 2306 ἐκείνου
443 2251 620 2322 φόϐον
643 2254 1150 2322 προκεντήσαντες,
1182 2253 1489 2323 ἐγράζοντο
1517 2253 1782 2319 εἶκονιξό·

204 2363 342 2414 μενοι
378 2346 520 2417 πρὸς
555 2346 742 2408 αὑτὸν,
775 2347 867 2397 καὶ
909 2345 1198 2409 ἐπείγοντο
1220 2349 1301 2409 είς
1333 2347 1458 2400 ὅσον
1489 2348 1619 2419 ἐξῆν
1646 2347 1782 2418 πρὸς

203 2437 494 2507 μεσότητα.
532 2440 642 2490 Καὶ
661 2439 718 2490 αἱ
742 2440 924 2508 χεῖρες
942 2440 1056 2502 τοῖς
1081 2439 1298 2502 πολλοῖς
1323 2441 1568 2506 ἐγίνοντο
1591 2439 1778 2510 ἔργου,

203 2529 672 2601 καταῤῥιπτοῦσαι
714 2530 784 2582 τὰ
837 2533 916 2591 εἰς
971 2531 1173 2584 κακίαν
1203 2532 1435 2601 ὄργανα,
1497 2533 1606 2584 εἴτε
1639 2532 1780 2584 λίθοι

203 2622 394 2686 ἐκεῖνα,
442 2623 563 2675 εἴτε
630 2622 789 2686 ξύλα,
818 2621 926 2674 εἴτε
984 2623 1081 2674 καλ⁸
1119 2621 1294 2691 ξιφῶν
1347 2623 1647 2694 προῦολαί’
1689 2624 1782 2677 καὶ

202 2714 394 2782 ἤρεσκε
421 2718 540 2776 τοῖς
564 2715 873 2783 πλείοσινή
906 2714 1136 2783 τοιαύτη
1189 2715 1460 2782 διαγωγὴ,
1513 2719 1622 2779 τοῖς
1683 2717 1782 2786 μὲν

205 2805 614 2874 ἀδικουμένοις,
655 2808 743 2858 ὅτι
786 2806 887 2858 οὐκ
917 2806 1158 2876 ἔπασχον
1203 2806 1282 2858 ἔτι
1339 2807 1524 2876 ὅμοια,
1583 2810 1693 2870 τοῖς
1725 2809 1781 2862 δὲ

201 2898 518 2968 ἐρχομένοις
550 2898 643 2950 διὰ
664 2898 848 2969 πάσης
879 2898 1118 2963 ἀδικίας,
1150 2901 1232 2952 ὅτι
1255 2899 1441 2952 οὐκέτι
1474 2899 1781 2971 πράγματα

202 2988 311 3042 οὔτε
370 2990 599 3060 ἔχουσιν
645 2988 770 3043 οὔτε
824 2992 1184 3060 παρέχουσιν,
1239 2991 1361 3044 οὐδὲ
1419 2991 1611 3062 μονίαν
1665 2992 1780 3064 βίον

205 3082 492 3137 ἀσκοῦνται
518 3083 614 3135 τὸν
643 3082 863 3151 ἄγριον,
889 3083 1003 3136 ἀλλ’
1030 3085 1109 3146 εἰς
1138 3083 1341 3150 ἀγέλας
1372 3083 1505 3136 Θεοῦ
1537 3082 1784 3154 ξυναγεί-

1879 585 2266 651 inculcaretur,
2326 595 2379 641 et
2433 587 2696 656 injustitia
2752 589 2999 646 recessit.
3059 587 3264 647 Omnes
3319 594 3463 646 enim

1881 678 2123 732 unanimi
2165 679 2344 733 studio
2393 681 2456 733 ad
2507 681 2769 749 pudorem
2813 696 2876 737 ac
2917 682 3294 754 pcenitentiam
3328 698 3467 738 con-

1881 769 2025 824 versi
2101 770 2226 824 vitae
2291 771 2556 826 rationem
2630 772 3013 839 emcndarnnt,
3079 785 3135 828 et
3199 775 3464 844 increpati

1883 863 2272 918 intellexerunt
2323 878 2381 918 se
2423 879 2544 919 esse
2601 866 2692 919 Dei
2755 867 3001 922 homines
3055 868 3144 935 qui
3199 870 3246 923 ei
3313 867 3468 936 cujus

1883 955 2173 1024 imaginem
2196 953 2424 1021 ferrent,
2453 971 2572 1012 sese
2593 956 2844 1013 addicere
2866 958 3144 1024 deberent,
3166 961 3465 1027 praesertim

1880 1062 2004 1100 eum
2054 1047 2216 1102 homo
2257 1047 2424 1103 totius
2475 1057 2747 1102 terrarum
2799 1051 2950 1106 orbis
2996 1066 3088 1105 rex
3137 1054 3466 1108 constitutus

1881 1150 2046 1194 esset.
2083 1139 2194 1194 imo
2229 1141 2431 1210 pudore
2462 1156 2569 1211 quo
2597 1142 2844 1207 decebat,
2874 1144 3109 1212 correpti
3139 1159 3268 1200 sunt
3298 1145 3468 1216 quod,

1879 1241 2068 1303 utpote
2113 1234 2248 1288 tales
2296 1235 2460 1288 creati
2501 1272 2518 1298 ,
2566 1235 2615 1288 in
2666 1236 2810 1288 nu!la
2849 1251 2964 1290 rea
3005 1236 3133 1291 feris
3179 1239 3468 1294 voracitati

1884 1327 2310 1382 inservientibus
2348 1325 2650 1393 diﬂ'errent,
2703 1329 2862 1383 tinent
2911 1346 2938 1382 a
2979 1329 3085 1385 Deo
3131 1333 3468 1400 propositum

1885 1420 2026 1472 haud
2064 1421 2415 1490 attingerent,
2467 1430 2629 1489 atque
2671 1421 2750 1476 sic
2793 1431 3041 1476 satanam
3081 1433 3469 1492 provocarent,

1885 1518 1942 1562 ut
1971 1509 2116 1574 ipsos
2153 1519 2408 1578 tanquam
2443 1525 2602 1564 suum
2629 1511 2882 1580 populum
2921 1513 3249 1581 possideret.
3283 1515 3471 1582 Itaque

1884 1601 2128 1655 animum
2187 1601 2255 1655 ad
2317 1603 2597 1670 superiora
2637 1603 2967 1661 extulerunt.
3015 1620 3189 1674 neque
3236 1605 3472 1676 amplius

1886 1694 2117 1749 terrenis
2179 1693 2540 1762 inltiaverunt,
2605 1711 2781 1766 neque
2839 1697 3188 1754 inferioribus
3247 1702 3470 1755 studue-

1888 1797 2051 1851 runt,
2101 1788 2196 1843 sed
2243 1802 2390 1859 smpe
2433 1788 2498 1843 ad
2549 1788 2746 1844 (mlum
2810 1790 3134 1859 aspicientes
3180 1802 3235 1846 et
3279 1795 3468 1852 mundi

1888 1882 2154 1935 creatoris
2221 1883 2515 1948 recordati,
2579 1883 2821 1939 coelestia
2881 1900 3072 1954 sapere
3129 1895 3204 1951 et,
3265 1887 3470 1942 relictis

1889 1972 2267 2040 terrestribus,
2333 1973 2445 2028 Deo
2493 1989 2550 2029 se
2602 1989 2930 2030 consecrare
2990 1986 3291 2044 coeperunt.
3350 1978 3471 2045 Quo

1889 2061 2094 2118 factum
2132 2075 2215 2119 est
2249 2073 2328 2131 ut,
2359 2066 2553 2120 timore
2587 2065 2677 2120 Dei
2704 2075 2962 2137 tanquam
2999 2069 3152 2124 initio
3180 2070 3468 2140 sapientiae

1885 2157 2166 2223 commoti,
2202 2158 2268 2212 ad
2299 2157 2416 2226 ejus
2453 2158 2864 2214 similitudinem
2895 2175 2956 2215 se
2995 2173 3387 2230 componerent
3413 2173 3472 2220 et

1889 2249 2250 2305 moderationi
2277 2251 2762 2322 temperantiaeque
2788 2267 2888 2322 pro
2915 2253 3123 2308 viribus
3154 2254 3464 2312 studerent.

1885 2339 2038 2396 Multi
2093 2341 2279 2412 igitur.
2324 2341 2552 2410 abjcctis
2585 2342 2865 2412 injustitire
2897 2343 3293 2409 instrumentis,
3329 2345 3466 2414 lapi-

1885 2434 2046 2488 dibus
2079 2433 2358 2500 nimirum,
2391 2433 2550 2499 lignis
2581 2445 2747 2503 atque
2779 2435 2998 2504 gladiis,
3026 2436 3090 2489 ad
3121 2450 3280 2505 opera
3315 2435 3467 2491 utilia

1885 2541 2005 2580 sese
2028 2525 2407 2590 accinxerunt,
2429 2524 2636 2596 fuitque
2662 2526 2783 2582 talis
2807 2527 3016 2581 vivendi
3041 2527 3176 2581 ratio
3197 2527 3468 2596 plerisque

1887 2629 2136 2690 accepta,
2194 2618 2392 2690 injuria
2453 2634 2647 2689 nempe
2697 2619 2949 2683 affectis,
3015 2621 3266 2688 qu0niam
3328 2621 3466 2676 haud

1886 2715 2120 2786 amplius
2159 2714 2283 2768 talia
2337 2713 2710 2783 patiebantur,
2765 2724 2819 2766 et
2851 2714 2956 2769 illis
2991 2715 3080 2782 qui
3115 2714 3299 2784 injusti
3351 2713 3468 2770 fue-

1887 2816 2034 2873 rant,
2091 2806 2348 2876 quoniam
2417 2820 2592 2876 neque
2654 2806 2866 2874 negotia
2950 2805 3224 2861 trahebant
3292 2821 3466 2876 neque

1888 2897 2261 2961 facessebant,
2289 2913 2463 2967 neque
2485 2899 2720 2968 amplius
2744 2899 2984 2953 ferarum
3012 2914 3164 2954 more
3187 2901 3463 2964 vivebant,

1886 2990 1982 3045 sed
2048 2990 2233 3044 divino
2297 2990 2463 3046 τωιυί
2530 2991 2789 3046 accensiti
2871 2991 3177 3046 concordia:
3244 3007 3463 3062 cperam

1888 3083 2183 3149 navabant,
2215 3098 2280 3138 ex
2306 3083 2542 3138 hostium
2577 3098 2806 3139 numero
2851 3085 2920 3139 ad
2967 3081 3194 3138 fratrum
3235 3099 3465 3140 consor-

204 3190 394 3244 ρονται,
419 3178 518 3228 καὶ
551 3175 690 3240 ζῶσι
719 3175 856 3244 πρὸς
879 3177 1136 3246 χάριτας,
1165 3175 1362 3229 οὔκουν
1386 3177 1574 3248 ἐχθροὶ
1600 3178 1780 3249 μένειν

1891 3179 2022 3234 tium
2082 3180 2429 3249 transgressi.
2478 3180 2726 3238 Cessavit
2771 3180 2936 3252 igitur
2981 3181 3291 3248 morositas,
3321 3191 3470 3236 trans

207 3265 606 3335 τεχναζόμενοι,
660 3265 778 3318 ἀλλ’
816 3265 897 3328 εἰς
953 3265 1211 3333 ἀδελφοὺς
1270 3269 1612 3338 ταττόμενοι.
1669 3271 1780 3325 Καὶ

203 3355 322 3421 γοῦν
352 3357 546 3410 ἐλύετο
583 3359 618 3428 ἡ
672 3357 822 3425 ἄκρα
867 3358 1290 3428 σκυθρωπότης,
1345 3360 1444 3413 καὶ
1472 3362 1780 3432 ἐγαληνίων

201 3449 245 3499 oi
273 3449 648 3518 ὀφρυὼμενοι,
679 3449 778 3502 καὶ
809 3449 1075 3520 ἐθάρρουν
1108 3451 1579 3518 συναγελάζεσθαι
1605 3456 1654 3508 oi
1685 3473 1781 3524 μο-

203 3539 366 3604 νάδες,
403 3543 500 3595 καὶ
532 3542 580 3592 οἱ
608 3539 881 3606 σποράδες
910 3543 988 3602 εις
1015 3540 1295 3612 ἐγγύτητα
1325 3545 1417 3595 καὶ
1445 3544 1629 3613 φιλίας
1650 3546 1784 3599 Evn)-

203 3646 278 3685 σιν
306 3633 566 3706 limine,
605 3634 702 3686 καὶ
730 3633 778 3686 ot
832 3632 1197 3704 διερρωγότες
1225 3633 1532 3707 ἀκέστριαν
1569 3637 1784 3710 ἐξεύρι-

203 3741 321 3779 σκον
354 3730 454 3796 τὴν
494 3727 762 3795 ὁμόνοιαν
796 3728 1266 3797 συρῤαπτόμενοι.

266 3825 356 3877 ια’.
391 3822 505 3874 Καὶ
540 3820 766 3890 ἔχαιρον
795 3818 899 3888 μὲν
929 3822 1150 3884 πάντως
1182 3821 1276 3874 καὶ
1318 3824 1365 3875 οἱ
1391 3822 1780 3890 λαοσυνάκται,

200 3909 284 3976 οὓς
316 3912 577 3984 πρώτους
611 3915 640 3966 ό
668 3915 816 3966 κατά
842 3913 976 3966 Θεὸν
1007 3914 1170 3983 ζῆλος
1205 3915 1286 3978 είς
1329 3917 1389 3967 τὸ
1417 3917 1659 3968 τοιοῦτον
1682 3934 1782 3970 κα-

200 4001 280 4055 λὺν
319 4005 588 4075 ἠρέθισεο
644 4005 773 4058 καθ’
825 4005 1136 4077 ὑπερϐολὴν
1192 4006 1248 4058 δὲ
1291 4007 1784 4075 μᾶλλονέξεγίνετο

199 4096 408 4165 χαίρειν
449 4098 568 4160 τοῖς
631 4096 728 4150 τοῦ
784 4095 996 4163 ἀγαθοῦ
1052 4098 1446 4166 ἀπολαύουσιν,
1514 4103 1686 4154 εἰπεῖν
1726 4103 1782 4156 δὲ

198 4187 825 4258 ἀκριὸὠς,ἀμφοτέροις
849 4188 1184 4258 ἐπληθύνετο
1215 4192 1246 4260 ἡ
1270 4193 1419 4244 κατά
1448 4193 1580 4245 Θεὸν
1601 4195 1781 4266 ἡδονὴ,

195 4281 303 4343 τοῖς
334 4298 397 4333 τε
427 4279 650 4333 ποιοῦσι
685 4279 748 4333 τὸ
773 4279 1000 4347 ἀγαθὸν,
1037 4282 1132 4334 καὶ
1163 4282 1306 4334 οὕτω
1342 4284 1506 4346 Oeten;
1537 4287 1783 4356 ἀποφαι-

197 4373 464 4442 νομένοις,
500 4374 597 4425 καὶ
619 4375 736 4434 τοῖς
765 4372 1070 4426 εὐπαθοῦσι
1104 4373 1226 4427 κατ’
1257 4375 1411 4441 αὐτὸ,
1445 4378 1540 4429 καὶ
1570 4378 1783 4448 ἀνθρω-

198 4468 516 4534 πιξομένοις
540 4465 680 4536 πρὸς
707 4465 996 4534 ἀλήθειαν.
1025 4467 1137 4520 Καὶ
1170 4466 1350 4519 τοίνυν
1387 4470 1778 4538 συνερχόμενοι

1885 3273 2036 3343 quilli
2073 3271 2227 3330 fuere
2275 3274 2672 3344 superbientes,
2717 3275 2777 3336 in.
2810 3276 3131 3331 societatem
3183 3277 3466 3336 cpoiverunt

1884 3365 2136 3432 solitarii,
2170 3366 2236 3420 ad
2267 3365 2576 3422 sodalitatis
2621 3368 2994 3438 amicitiaeque
3040 3369 3250 3424 vincula
3279 3383 3466 3424 acces-

1883 3469 2074 3514 serunt
2120 3459 2376 3526 dispersi,
2429 3470 2483 3514 et
2524 3460 2614 3529 qui
2652 3469 2810 3515 antea
2854 3461 3110 3530 disjuncti
3159 3460 3376 3516 fuerant
3407 3462 3460 3515 in

1882 3564 2094 3604 morum
2127 3557 2290 3618 atque
2320 3550 2632 3605 animorum
2665 3564 2938 3608 consensu
2973 3551 3230 3608 solatium
3262 3551 3464 3608 dulcis-

1880 3641 2078 3700 simum
2107 3643 2446 3698 invenerunt.

1959 3823 2042 3878 tl.
2111 3823 2290 3889 Quare
2339 3823 2510 3892 gavisi
2566 3833 2693 3879 sunt
2749 3825 2988 3895 gentium
3057 3827 3460 3883 consociatores

1883 3929 2021 3983 quos
2062 3915 2267 3980 primos
2314 3914 2499 3968 fervor
2537 3913 2755 3969 divinus
2795 3916 2861 3969 ad
2903 3916 3046 3970 hanc
3093 3932 3208 3971 rem
3264 3919 3460 3972 bonam

1881 4006 2270 4077 periit-iamiam
2307 4005 2670 4074 excitaverat;
2708 4006 2873 4062 multo
2898 4007 3069 4078 magis
3095 4019 3254 4064 auten
3289 4012 3460 4082 gavisi

1884 4109 2011 4156 sunt
2055 4099 2146 4169 qui
2197 4098 2301 4154 hoc
2334 4099 2600 4155 beneficio
2651 4098 2992 4166 fruebantur,
3046 4102 3126 4155 vel
3161 4103 3368 4171 potius,
3405 4114 3462 4158 ut

1883 4200 2142 4246 accurate
2197 4190 2513 4260 loquamur,
2573 4191 2796 4263 utrique
2829 4194 3025 4264 gaudio
3055 4194 3241 4250 divino
3271 4196 3463 4266 repleti

1888 4290 2038 4348 Sunt,
2103 4282 2364 4336 nimirum
2393 4291 2449 4338 et
2483 4282 2537 4338 hi
2568 4283 2659 4353 qui
2693 4283 2856 4354 hujus
2908 4285 3164 4342 beneﬁcii
3213 4297 3465 4344 auctores

1884 4374 2020 4429 facti
2057 4383 2105 4430 et
2132 4375 2212 4430 sic
2245 4383 2501 4444 tanquam
2529 4375 2637 4430 divi
2673 4376 2874 4431 redditi
2911 4377 3150 4442 fuerunt,
3173 4390 3228 4434 et
3259 4379 3335 4434 illi
3368 4382 3464 4450 qui

1888 4466 1995 4522 hoc
2049 4467 2316 4522 beneﬁcio
2347 4468 2612 4538 impertiti
2645 4484 2835 4524 revera
2877 4470 3126 4526 homines
3155 4471 3283 4527 facti
3315 4483 3461 4528 sunt.

198 4559 524 4623 πανδαισίας
577 4559 864 4626 ἐκάθιζον,
919 4559 1019 4612 καὶ
1073 4559 1293 4628 ὁμιλίας
1343 4561 1778 4633 ἐπαρῤησίαζον,

1891 4554 2180 4626 Congressi
2219 4557 2388 4626 igitur
2416 4559 2668 4613 convivia
2702 4559 3078 4626 instituerunt,
3107 4572 3162 4615 et
3195 4559 3464 4617 festivita-

197 4653 284 4704 ναὶ
316 4653 668 4722 πανηγύρεις
719 4648 885 4722 ἦγον,
911 4651 979 4714 ἃς
1029 4651 1346 4722 ἐσχεδίαζον
1365 4653 1416 4705 oi
1446 4658 1652 4724 καιροὶ,
1687 4656 1783 4708 καὶ

195 4741 470 4812 ἑώρταζον
518 4743 686 4815 ὦρια.
725 4746 786 4796 Ei
828 4744 886 4796 δὲ
924 4745 1092 4814 μήπω
1119 4749 1188 4798 τά
1211 4750 1462 4816 τρυφερά
1485 4748 1784 4816 ἐδέσματα,

194 4835 312 4887 oga:
334 4835 446 4906 μὴν
481 4830 626 4898 οἶνος
656 4835 1064 4905 ἐπεχωρίαζεν,
1093 4837 1168 4899 ὠς
1196 4837 1292 4889 καὶ
1318 4837 1780 4907 τραπεζοκομεῖν,

194 4929 284 4980 καὶ
307 4927 713 4993 είλαττινάζειν,
743 4929 842 4979 καὶ
879 4927 1050 4996 ἡδέως
1083 4929 1484 4992 οἰνοποτάζειν,
1502 4929 1642 4981 ἀλλά
1667 4930 1785 4982 ἐπι-

194 5019 363 5081 νοίαις
390 5019 632 5088 ἑτέραις.
665 5020 742 5079 ὡς
781 5019 810 5070 ό
837 5019 1034 5088 χρόνος
1059 5019 1262 5076 ἐδίδου.
1294 5019 1556 5086 ἐξωσίουν
1586 5020 1654 5072 τὰ
1687 5036 1780 5088 φι-

194 5110 423 5181 Μσια
445 5125 458 5139 ⁸
488 5113 584 5166 καὶ
612 5107 759 5180 ἦσαν
791 5111 946 5181 χοροὶ
979 5110 1074 5162 καί
1103 5127 1250 5174 τινες
1281 5109 1438 5180 ᾠδαὶ,
1469 5111 1564 5164 καί
1593 5114 1784 5180 στῖφος

192 5203 448 5273 ἠθροιζον
469 5207 521 5259 οἱ
545 5207 606 5259 τὸ
632 5206 764 5275 πρὶν
794 5205 1081 5274 μονήρεις,
1111 5205 1204 5256 καὶ
1228 5205 1261 5274 ἡ
1303 5206 1366 5258 ἐκ
1409 5206 1592 5259 κοινοῦ
1621 5207 1781 5276 χάρις

193 5297 380 5368 ἐκείνη
408 5298 642 5368 πλείστη
675 5296 1022 5366 ἐξεφαίνετο,
1075 5299 1169 5350 καὶ
1199 5299 1232 5368 ἡ
1263 5298 1453 5365 ἀγάπη
1483 5299 1784 5352 κατεσπείρ

194 5389 826 5460 ρετο,ἀπαγγελλομένη
863 5387 1058 5458 μικρὸν
1106 5389 1236 5442 ὅσον
1295 5391 1388 5442 καὶ
1416 5388 1658 5459 βλάστην
1684 5391 1780 5444 καὶ

191 5481 367 5551 αὔξην
400 5483 494 5552 τὴν
517 5483 638 5538 δέου
647 5500 774 5536 σαν.

259 5573 352 5643 ιβ’.
400 5573 484 5637 Ὦς
509 5575 601 5629 οὖν
623 5578 658 5646 ἡ
690 5571 1063 5642 διδασκαλικὴ
1089 5572 1274 5643 ἐπῳδὴ
1294 5573 1573 5643 ἐπανῆγεν
1596 5573 1778 5644 ἡρέμα

190 5666 336 5717 κατὰ
406 5664 570 5737 βραχὺ
623 5666 761 5729 τοὺς
815 5663 1096 5731 διακέκτας
1136 5665 1194 5725 ἐς
1258 5664 1452 5732 ὑγείαν
1484 5663 1682 5734 ἀληθῆ,
1716 5663 1776 5716 sb

192 5757 343 5824 μάλα
404 5761 708 5827 πεφυκότας
770 5755 1257 5812 ἀποκαθίστασθαι
1309 5757 1389 5819 εἰς
1446 5755 1509 5810 τὸ
1537 5755 1778 5810 τοιοῦτον

190 5849 382 5913 καλὸν,
433 5854 516 5906 καὶ
549 5854 613 5908 τὸ
648 5849 866 5924 ἀγαθὸν
903 5849 1262 5919 ἐπηνξάνετο,
1289 5849 1385 5904 καὶ
1409 5850 1584 5920 ἀρετὴ
1609 5847 1777 5917 ἐπλη-

1889 4657 1970 4704 tes
1994 4664 2206 4705 annuas
2233 4660 2480 4719 egerunt.
2507 4648 2624 4703 Jam
2652 4664 2780 4704 vero
2811 4649 2857 4704 si
2879 4652 3138 4705 carebant
3167 4653 3350 4706 adhuc
3380 4654 3460 4706 ci-

1887 4741 1973 4796 his
2003 4741 2413 4796 delicatioribus
2446 4749 2610 4810 atque
2642 4739 2790 4803 vino,
2830 4741 2906 4794 ita
2953 4752 3009 4796 ut
3057 4755 3232 4811 neque
3264 4744 3462 4812 exqui-

1888 4835 2064 4890 sitiori
2109 4849 2417 4889 mensarum
2444 4841 2729 4902 apparatu,
2768 4847 2944 4903 neque
2975 4834 3116 4890 dulci
3165 4835 3275 4890 vini
3326 4847 3458 4906 potu

1887 4926 2299 4990 delectarentur,
2343 4934 2523 4977 tamen
2568 4923 2693 4979 aliis
2750 4926 2934 4990 rebus,
2988 4935 3152 4995 prout
3204 4927 3462 4995 temporis

1886 5015 2272 5085 opportunitas
2297 5013 2656 5080 concedebat,
2693 5013 3025 5072 festivitates
3047 5031 3176 5072 suas
3205 5017 3460 5072 condive-

1885 5117 2018 5160 runt
2054 5125 2068 5161 :
2099 5107 2250 5161 fuere
2297 5105 2553 5159 nimirum
2606 5105 2841 5175 tripudia
2870 5116 2924 5162 et
2947 5109 3216 5173 carmina,
3269 5118 3323 5164 et
3355 5109 3452 5178 qui

1887 5199 2038 5267 prius
2084 5198 2312 5253 solitarii
2365 5196 2599 5264 fuerant,
2658 5197 2711 5253 in
2756 5209 2958 5256 catum
3009 5201 3244 5266 coivere,
3297 5210 3352 5256 et
3405 5201 3458 5255 in

1885 5290 2172 5360 propatulo
2203 5288 2423 5343 fuerunt
2469 5289 2732 5346 beneficia
2766 5291 2984 5348 ultionis
3011 5304 3174 5364 atque
3195 5293 3460 5348 consortii

1885 5384 2145 5446 maxima,
2179 5394 2236 5439 et
2268 5385 2507 5439 charitas
2564 5400 2668 5440 non
2708 5386 2882 5440 solum
2935 5386 3144 5442 radices
3201 5386 3330 5454 egit,
3367 5401 3457 5439 ve-

1889 5493 2011 5531 rum
2047 5477 2214 5531 etiam
2249 5477 2451 5532 sensim
2483 5477 2796 5545 sensimque
2821 5478 3159 5532 incrementa
3184 5475 3350 5544 cepit.

1957 5569 2040 5624 η
2087 5568 2379 5639 Postquam
2414 5569 2576 5637 igitur
2609 5569 2755 5624 brevi
2783 5579 3024 5637 tempore
3053 5568 3296 5623 doctrina
3326 5578 3456 5616 sua-

1885 5663 1968 5718 vis
2000 5663 2064 5715 ad
2097 5661 2292 5715 bonam
2342 5661 2703 5715 valetudinem
2743 5662 3033 5714 reduxerat
3061 5671 3153 5712 eos
3172 5655 3264 5722 qui
3289 5664 3452 5707 antea

1884 5756 2025 5811 male
2074 5753 2353 5816 valebant,
2411 5751 2679 5820 siquidem
2712 5766 2742 5805 a
2777 5761 2970 5805 natura
3029 5747 3096 5800 ad
3152 5743 3271 5796 talis
3321 5743 3454 5798 boni

1889 5846 2286 5918 perceptionem
2321 5845 2429 5916 apti
2471 5851 2654 5904 erant,
2685 5851 2738 5897 et
2783 5843 3038 5897 honestas
3096 5841 3370 5901 creverat,
3405 5843 3461 5888 et
