3888 6238
428 403 528 467 311

1129 400 1554 462 EUSTATilll
1609 399 1903 458 THESSA
1916 396 2062 456 LON
2078 397 2371 458 lCENSlS
2434 393 2995 455 METROPOLszE

3588 393 3684 457 312

433 518 610 569 virtus
663 513 964 568 invaiuerat
999 530 1012 567 :
1052 525 1181 567 tunc
1232 512 1525 566 consiliarii
1579 513 1652 565 illi
1722 512 2010 581 prudentes

2122 511 2328 575 θύνετο,
2353 509 2644 579 εἰσηνέχθη
2676 508 2736 560 τὸ
2761 506 3017 561 ἐντεῦθεν
3045 505 3241 578 γνώμη
3274 508 3410 578 πρὸς
3463 507 3574 560 τῶν
3605 509 3687 561 ἐν-

433 622 496 662 ac
530 622 722 677 graves
775 607 1098 661 sententiam
1148 606 1198 660 in
1235 607 1472 659 medium
1524 607 1892 673 protulerunt,
1951 616 2009 657 ut

431 711 610 753 status
647 699 734 752 ille
765 698 1054 761 naturalis,
1104 712 1264 766 quem
1313 696 1478 750 veluti
1505 697 1747 750 divinum
1790 694 2008 748 institu-

437 804 550 843 tum
581 790 810 852 diceres,
846 789 1104 858 figeretur
1119 801 1182 842 ac
1213 795 1651 842 conservaretur.
1687 786 1861 851 Quam
1886 800 2009 839 sen-

431 880 658 933 tentiam
698 880 785 934 ubi
822 881 1097 942 audivere,
1151 881 1241 948 qui
1287 879 1398 948 jam
1434 880 1576 932 illius
1608 878 1850 932 hem-ﬁcii
1888 893 2010 947 par-

430 975 624 1042 ticipes
675 983 856 1039 erant,
879 973 1125 1026 lubenter
1143 973 1543 1040 acquieverunt,
1563 980 1615 1031 et
1637 973 1871 1026 charitns
1893 989 2010 1025 mu-

433 1083 524 1121 tua
552 1067 744 1119 mirum
781 1068 830 1118 in
863 1067 1075 1117 modum
1124 1070 1366 1132 promota
1394 1074 1496 1129 est,
1524 1065 1592 1116 ita
1626 1073 1682 1116 ιιι
1732 1065 1912 1117 cuncti
1945 1065 2009 1116 ad

433 1159 742 1229 huiusmodi
810 1157 1124 1211 felicitatem
1213 1159 1548 1211 retinendam
1618 1159 2007 1211 consentirent.

437 1251 721 1306 Universis
746 1249 914 1320 igitur
940 1249 1043 1303 hoc
1068 1249 1271 1318 placuit
1299 1250 1382 1303 vel
1424 1259 1546 1318 post
1585 1249 1817 1318 primam
1854 1249 2009 1302 audi-

431 1345 661 1407 tionem,
695 1352 748 1396 et
784 1344 1060 1396 decretum
1095 1351 1205 1406 est,
1250 1351 1308 1394 ut
1359 1341 1555 1396 bonum
1595 1343 1900 1409 nuperrime
1929 1355 2012 1395 re-

433 1440 643 1502 pertum
710 1433 764 1486 in
824 1443 1040 1500 tempus
1099 1433 1336 1486 futurum
1370 1441 1781 1502 propagaretur,
1841 1447 2012 1500 neque

433 1526 540 1579 ullo
575 1525 734 1592 modo
789 1526 912 1578 inde
951 1525 1346 1580 declinaretur.
1406 1521 1522 1577 Jatn
1581 1540 1711 1578 vero
1753 1526 1894 1592 quod
1932 1524 2010 1579 sic

431 1617 704 1686 placuerat
751 1617 815 1671 de
848 1617 934 1670 die
987 1617 1042 1669 in
1078 1617 1219 1671 diem
1269 1617 1446 1686 magis
1494 1616 1877 1670 confirmatum
1903 1626 2009 1681 est,

433 1709 578 1765 salus
615 1708 918 1764 communis
966 1709 1324 1763 stabilitatem
1387 1709 1619 1778 accepit,
1657 1723 1711 1763 et
1735 1709 2010 1762 decretum

430 1819 530 1858 usu
563 1804 753 1857 diurno
777 1803 833 1856 in
860 1802 1309 1857 consuetudinem
1346 1801 1487 1856 abiit
1531 1817 1675 1871 quaa,
1711 1801 1800 1856 ubi
1847 1801 1897 1852 in
1926 1799 2011 1853 lu-

2114 606 2320 674 τέχνων
2360 603 2453 656 καὶ
2481 601 2787 654 σπουδαίων
2823 599 3123 671 βουλευτῶν
3151 601 3395 664 ἐκείνων,
3438 601 3689 670 μεθοδευο

2112 695 2272 766 θῆναι
2326 697 2658 765 παραμονήν
2711 711 2858 757 τινα,
2893 695 2986 746 καὶ
3034 695 3272 763 φυσικὴν
3315 695 3409 745 καὶ
3442 693 3519 756 ὡς
3577 688 3686 746 οἷον

2111 790 2471 857 ταμιευτικὴν
2496 787 2830 856 συντήρησιν
2859 786 2953 838 τοῦ
2979 787 3325 855 θεοπέμπτου
3353 785 3684 856 εὑρήματος·

2112 883 2205 935 καὶ
2237 884 2287 934 οἱ
2313 883 2412 951 τὴν
2439 881 2668 950 γνώμην
2715 879 3121 947 είσδεδεγμὲνοι
3149 878 3215 930 δι’
3248 877 3442 946 ἀκοῆς,
3479 876 3555 938 ὡς
3584 876 3683 946 ἤδη

2111 973 2204 1028 τοῦ
2248 973 2418 1027 καλοῦ
2470 974 2819 1042 γεγευμένοι,
2873 971 3314 1040 ἐγλυκάνθησαν,
3377 969 3472 1022 καὶ
3523 967 3685 1028 πόθος

2112 1068 2358 1138 ἀλλήλων
2383 1069 2464 1131 είς
2493 1067 2656 1120 πλέον
2682 1061 2828 1120 εἷλεν
2859 1065 3080 1129 αὐτοὺς,
3105 1066 3195 1117 καὶ
3222 1063 3420 1133 ήγψυχὴ
3444 1061 3687 1114 ἑκάστων

2113 1164 2286 1233 ἐφίλει
2319 1163 2380 1216 τὺ
2405 1162 2726 1231 παράμονον
2756 1158 2851 1213 τοῦ
2879 1159 3292 1228 γλυκάσματος.
3325 1153 3687 1226 Εύηρεστήθη

2113 1255 2297 1310 τοίνυν
2346 1256 2524 1309 ἆπασι
2577 1254 2640 1308 τὸ
2665 1255 2935 1323 «parpar
2987 1254 3085 1306 καὶ
3142 1250 3558 1312 ὑπακούσαντες
3612 1248 3690 1308 είς

2116 1349 2366 1420 ὑπακοὴν
2398 1347 2560 1402 ὠτίου
2591 1349 2934 1405 κατένευσαν
2977 1346 3316 1417 κυρωθῆναι,
3347 1341 3597 1411 γίνεσθαι
3630 1340 3690 1393 τὸ

2116 1443 2415 1512 εὑρημένον
2446 1442 2649 1509 ἀγαθὸν
2708 1443 2806 1495 καὶ
2841 1441 2921 1504 είς
2965 1439 3025 1492 τὸ
3063 1437 3212 1504 ἐξῆς,
3244 1437 3316 1499 ὡς
3351 1435 3527 1498 οὕτως
3557 1435 3689 1487 αὐτὸ

2116 1532 2626 1601 καταπράττεσθαι,
2660 1533 2756 1584 καὶ
2782 1531 2858 1602 μὴ
2881 1531 3078 1591 ἄλλως.
3107 1528 3216 1580 Καί
3238 1545 3300 1595 γε
3331 1522 3690 1594 ἐκραταιοῦτο

2117 1625 2209 1679 ἐπὶ
2251 1625 2413 1678 πλέον
2468 1624 2592 1677 καθ’
2653 1624 2895 1693 ἑκάστην
2928 1623 3146 1691 ἡμέραν
3173 1621 3234 1672 τδ
3259 1618 3431 1680 οὕτως
3461 1618 3688 1687 ἀρέσαν,

2115 1719 2211 1770 καὶ
2235 1717 2414 1770 κοινδν
2444 1716 2801 1785 καθειστήκει
2834 1714 2893 1768 τὸ
2915 1716 3170 1785 ἐρμαιον,
3199 1713 3294 1766 καὶ
3322 1712 3382 1766 τὺ
3409 1712 3590 1778 δόγμα
3623 1713 3689 1778 τῇ

2118 1813 2285 1881 συχνῇ
2317 1809 2478 1880 τριϐῇ
2511 1809 2806 1880 ἐστήρικτο
2833 1810 2913 1871 είς
2946 1809 3078 1860 αὐτὸ
3099 1806 3164 1875 δὴ
3190 1805 3348 1859 τοῦτο
3384 1803 3527 1868 ἐθος,
3553 1803 3691 1871 ὅπερ

434 1911 551 1949 cem
587 1894 786 1964 prodiit
824 1904 879 1949 et
909 1894 1050 1948 inter
1091 1894 1336 1949 homines
1394 1897 1670 1964 apparuit,
1734 1894 2012 1947 abundan-

2122 1878 2389 1970 éxtp'avveé‘v
2443 1878 2525 1966 εἰς
2561 1878 2855 1971 πρόσπτον,
2916 1899 3012 1953 καὶ
3044 1899 3375 1968 τεθεαμένον
3407 1896 3564 1968 ήλίῳ,
3599 1898 3692 1948 καὶ

431 1988 560 2041 tiam
593 1988 878 2057 quamdam
910 1996 964 2041 et
994 1996 1051 2041 ut
1079 1987 1150 2039 ita
1189 1986 1388 2052 dicam,
1424 1985 1546 2040 vitae
1584 1985 1929 2057 splendorem
1957 1997 2014 2042 et

429 2081 886 2152 magnificentiam
921 2081 1198 2150 produxit.

505 2175 593 2230 15.
639 2175 720 2229 Ab
747 2174 835 2228 illo
889 2173 1014 2228 inde
1079 2186 1320 2242 tempore
1393 2173 1645 2228 homines
1688 2187 1881 2228 secure
1949 2187 2012 2228 ac

434 2268 725 2340 tranquille
778 2266 1262 2332 eonversabantur,
1315 2266 1572 2321 amicitiae
1620 2267 1846 2320 sincerae
1873 2265 2016 2336 vige-

430 2365 586 2428 bant,
633 2361 835 2416 foedeta
862 2359 1286 2426 sanciebantur;
1336 2374 1496 2428 porro
1525 2359 1704 2414 cultus
1746 2373 1904 2414 verus
1952 2371 2016 2414 ac

431 2453 714 2510 rationalis
795 2452 1047 2516 invaluit,
1113 2451 1386 2522 siquidem
1450 2451 1624 2507 Deum
1706 2460 2011 2506 creatorem

434 2547 694 2612 universi,
768 2545 845 2600 uti
909 2546 1082 2614 prius,
1147 2559 1474 2614 cegnoscere
1517 2555 1792 2615 ceperunt
1833 2546 2010 2613 eique,

435 2640 576 2696 sicut
607 2637 852 2694 homines
880 2639 1056 2703 decet,
1090 2640 1298 2709 gratias
1343 2651 1524 2709 agere.
1573 2636 1842 2692 Praeterea
1869 2653 2016 2692 sum-

435 2746 582 2785 mum
617 2729 1114 2800 suavissimumque
1149 2729 1278 2784 vita:
1311 2731 1537 2794 bonum,
1561 2729 1832 2796 justitiam
1860 2729 2008 2794 dico,

435 2824 744 2890 coluerunt,
780 2838 956 2893 neque
1000 2821 1236 2893 amplius
1267 2820 1689 2880 suffocationes.
1723 2831 1777 2874 ut
1805 2823 1858 2874 in
1890 2835 2015 2889 pro-

440 2915 631 2970 verbio
685 2924 800 2980 est,
855 2914 948 2969 sed
1000 2914 1322 2983 partitiones
1371 2913 1543 2966 fuere.
1631 2912 2012 2976 Mansuetudo,

437 3007 697 3076 primaria
731 3006 968 3061 hominis
998 3016 1155 3071 nota,
1197 3004 1553 3074 tranquillum
1602 3004 1838 3058 reddidit
1900 3001 2014 3058 fra-

447 3112 590 3153 trum
622 3099 1057 3162 contubernium,
1093 3108 1236 3152 terra
1272 3106 1451 3149 autem
1497 3095 1638 3148 ahna
1670 3104 1864 3161 mater,
1893 3096 2012 3164 plu-

2115 1994 2447 2064 ἀναλάμψαν
2498 1993 2723 2063 ἐποίησὲ
2771 2011 2892 2046 τινα
2934 1991 3366 2061 περιουσιασμδν
3414 1991 3691 2060 κτήσεως,

2116 2089 2234 2153 καὶ,
2266 2087 2341 2150 ὡς
2368 2086 2544 2150 οὕτως
2575 2088 2772 2149 εἰπεῖν,
2809 2085 3031 2156 βιότιον,
3060 2086 3157 2138 καὶ⁵
3185 2084 3316 2136 αὐτὸ
3355 2083 3610 2152 κόσμιον.

2191 2186 2284 2248 ιγ’.
2328 2179 2438 2233 Καὶ
2487 2179 2941 2250 ἐπαρρησιάσατο
2971 2178 3178 2231 ἐκεῖθεν
3206 2176 3402 2246 χρόνου
3422 2174 3696 2244 τεθαρρη-

2119 2271 2256 2342 μένη
2291 2270 2706 2342 συμϐιότευσις,
2732 2269 2826 2322 καὶ
2856 2267 3222 2338 παρήχθησαν
3244 2265 3464 2335 ἀφελεῖς
3496 2279 3696 2316 κοινω-

2117 2365 2252 2430 νίαι,
2290 2365 2386 2417 καὶ
2420 2363 2738 2433 ὑπηύγαζον
2774 2361 3240 2428 συναλλάγματαο
3291 2357 3592 2424 ἐμελετᾶτο
3639 2355 3695 2408 δέ

2118 2457 2212 2511 καί
2239 2474 2319 2520 τις
2352 2455 2620 2526 θρησκεία
2642 2455 2776 2525 ὀρθὴ
2807 2453 2949 2523 μετὰ
2975 2453 3312 2524 λογιότητος,
3342 2448 3697 2518 ἐπεγνωσμέ-

2119 2566 2210 2602 νου
2249 2547 2344 2602 τοῦ
2380 2549 2601 2602 πάντων
2645 2545 2876 2615 ποιητοῦ
2909 2544 3073 2609 Θεοῦ,
3105 2545 3182 2607 ὡς
3231 2542 3382 2612 ἐξῆν,
3412 2540 3699 2612 ἀρχαϊκῶ-

2115 2659 2296 2710 τερον,
2327 2642 2423 2695 καὶ
2467 2640 2838 2710 ἐπωφείλοντο
2869 2641 3096 2710 χάριτες
3126 2637 3268 2690 θεῖαί
3301 2637 3361 2690 τέ
3385 2651 3552 2698 τινες.
3605 2634 3699 2686 καὶ

2116 2733 2239 2786 ὅσαι
2261 2733 2318 2784 δέ
2341 2731 2462 2786 κατ’
2480 2731 2768 2801 ἄνθρωπον
2785 2745 2801 2762 ο
2835 2731 2930 2783 καὶ
2957 2728 3336 2797 ἐφιλοσοφεῖτο
3353 2723 3699 2792 δικαιοσύνης,

2115 2825 2176 2878 τὸ
2205 2825 2476 2894 πάμμεγα
2529 2824 2644 2886 τοῖς
2677 2823 2737 2876 ἐν
2792 2821 2893 2892 βίῳ
2942 2821 3037 2874 καὶ
3069 2819 3426 2891 χαριέστατον
3460 2817 3696 2884 ἀγαθόν’

2116 2917 2212 2972 καὶ
2241 2916 2426 2970 οὐκέτι
2452 2915 2646 2982 πνίγες
2666 2910 2829 2985 ἦσαν,
2855 2913 2992 2968 ἀλλὰ
3027 2912 3266 2984 μερίδες,
3290 2910 3351 2963 τὸ
3385 2927 3697 2982 παροιμια-

2115 3009 2386 3078 ζόμενον·
2440 3007 2535 3061 καὶ
2595 3008 2644 3060 oi
2697 3009 2800 3077 μέν
2849 3005 3073 3074 ἀδελφοὶ
3127 3003 3698 3076 ἀνενόχλητοιέμενον

2115 3100 2455 3172 ἡμερότητος
2519 3099 2708 3168 λόγῳ,
2758 3097 3282 3169 χαρακτηριζούσης
3353 3097 3650 3163 ἄνθρωπον
3680 3139 3698 3165 ,

440 3194 619 3247 riuum
681 3191 922 3245 laborata
977 3199 1064 3244 est
1110 3189 1315 3243 arando
1355 3185 1675 3252 ,fodieudo,
1729 3187 2009 3253 sulcando,

2122 3192 2339 3263 ὦχλεῖτο
2391 3191 2449 3245 δὲ
2475 3193 2509 3261 ὴ
2568 3190 2753 3262 μήτηρ
2787 3191 2880 3259 γῆ,
2919 3189 3284 3261 βοθρευομὲνη
3319 3191 3412 3256 καὶ
3441 3188 3702 3260 λαχαινο-

440 3294 497 3338 et
525 3283 702 3338 omnis
739 3282 958 3354 generis
1013 3281 1345 3335 nutrimenta
1397 3295 1460 3333 ac
1504 3279 1727 3334 delicias
1762 3279 2010 3350 pretulit,

443 3377 533 3430 illa
570 3376 786 3444 quidem
818 3375 893 3429 ad
922 3373 1330 3440 necessitatem,
1381 3372 1482 3428 has
1519 3380 1700 3426 autem
1748 3371 1817 3426 ad
1845 3370 2015 3426 abun-

439 3469 704 3524 dantiam.

514 3563 604 3618 14.
644 3561 753 3616 Nec
787 3561 966 3617 minus
997 3559 1181 3616 Venus
1214 3559 1493 3629 vulgivaga
1522 3559 1690 3614 veluti
1718 3559 1769 3614 in
1795 3557 2017 3614 oblivio-

447 3657 532 3709 nis
561 3670 826 3709 oceanum
857 3653 1140 3709 snbmersa
1169 3661 1272 3713 est,
1302 3654 1527 3721 ejusque
1575 3653 1692 3708 loco
1731 3652 2014 3706 matrimo-

441 3749 591 3802 nium
636 3748 1008 3802 introductum
1062 3745 1427 3801 sanctificavit
1475 3745 1760 3800 hominum
1823 3743 2014 3812 conju-

441 3841 612 3911 gium.
662 3840 829 3893 Amor
878 3839 1180 3893 communis
1207 3837 1481 3902 discessit,
1532 3838 1760 3906 singulae
1812 3835 2015 3905 nuptiae

440 3933 706 3987 instituta:
745 3940 890 3996 sunt,
927 3940 981 3985 et
1021 3930 1397 3998 unusquisque
1439 3945 1598 3982 unam
1631 3945 1695 3983 ac
1738 3933 2012 3998 propriam

443 4039 665 4078 uxorem
706 4035 1039 4091 cognoscens
1071 4021 1123 4074 in
1156 4021 1358 4076 liberos
1392 4022 1532 4074 haud
1567 4019 1784 4088 spurios
1831 4028 2014 4086 pater-

441 4131 566 4168 nam
593 4115 840 4169 exercuit
878 4121 1223 4182 potestatem,
1261 4112 1496 4184 denique
1540 4112 1607 4166 ad
1634 4112 1825 4164 Adami
1857 4111 2014 4166 Eva:-

441 4223 550 4274 que
587 4207 917 4275 exemplum,
965 4206 1098 4273 ipsis
1156 4213 1284 4259 ante
1349 4204 1536 4259 oculos
1593 4202 1850 4272 positum,
1907 4218 2010 4256 una

443 4312 572 4351 caro
602 4295 838 4359 fuerunt,
871 4306 926 4350 et
961 4297 1032 4350 ad
1062 4294 1169 4350 tale
1193 4295 1467 4362 esetnplar
1498 4293 1850 4362 conspicuum
1883 4309 2014 4349 con-

444 4387 662 4441 formati
715 4387 820 4440 illis
871 4386 1080 4441 similes
1115 4387 1234 4439 fieri
1277 4386 1618 4448 studuerunt,
1663 4394 1721 4438 ut
1765 4384 1798 4438 ii
1831 4385 1923 4453 qui
1961 4386 2012 4440 in

417 4489 722 4548 posterum
783 4478 956 4532 amori
988 4478 1222 4547 plurium
1274 4475 1600 4531 feminarum
1651 4476 2019 4548 indulgerent,

2123 3283 2261 3354 μένη
2292 3283 2388 3335 καὶ
2445 3282 2810 3352 σκαπτομὲνη
2845 3283 2913 3336 τὰ
2963 3281 3156 3344 πλείω,
3193 3284 3290 3334 καὶ
3319 3281 3700 3336 ἀνεϐλάστανε

2119 3377 2380 3430 παντοίαν
2403 3373 2630 3446 τροφὴν,
2658 3373 2777 3442 ἅμα
2809 3375 2904 3425 καὶ
2933 3372 3170 3442 τρυφὴν,
3207 3374 3306 3442 τὴν
3336 3372 3436 3443 μὲν
3463 3374 3610 3426 κατὰ
3639 3373 3703 3426 τδ

2117 3469 2413 3540 αὔταρκες,
2439 3469 2539 3539 τὴν
2565 3469 2621 3521 δέ
2652 3467 2747 3523 καὶ
2779 3467 2859 3530 εις
2888 3466 3218 3536 ὖπὲρπλεον.

2191 3561 2272 3617 ιδῖ
2313 3559 2625 3616 Ἐπαύσατο
2675 3559 2732 3613 δέ
2763 3557 3046 3613 καταδῦσα
3077 3558 3153 3622 ὡς
3181 3558 3261 3623 εἰς
3291 3557 3488 3613 πόντον
3521 3560 3704 3630 λήθης
3733 3556 3742 3565 ’

2117 3657 2212 3710 καὶ
2235 3657 2269 3725 ή
2289 3654 2582 3723 ἀδιάφορος
2612 3650 2855 3720 Κύπρις,
2881 3650 2978 3705 καί
3007 3668 3091 3714 τις
3115 3650 3295 3720 γάμου
3319 3649 3493 3714 τύπος
3517 3653 3706 3705 ἐπεισ-

2117 3747 2286 3802 ελθὼν
2319 3746 2589 3816 ἐσέμνυνε
2623 3745 2722 3813 τὴν
2751 3741 2875 3798 κατ’
2899 3742 3192 3813 ἄνθρωπον
3223 3743 3488 3813 συζυγίαν
3509 3761 3522 3775 ·
3551 3748 3650 3799 καὶ
3671 3748 3703 3798 ὁ

2121 3843 2223 3912 μέν
2280 3841 2541 3908 ἀγελαῖος
2602 3839 2784 3906 Ἔρως
2816 3835 3179 3906 ἐπτερύξατο,
3214 3835 3414 3899 ίδὶαζον
3457 3837 3514 3890 δέ
3550 3854 3704 3904 τινες

2117 3934 2372 4004 θάλαμοι,
2404 3933 2500 3985 καὶ
2524 3931 2812 4000 γνωρίζων
2844 3929 3077 3990 ἕκαστος
3104 3927 3231 3998 μίαν
3259 3929 3414 3994 ίδίαν,
3437 3930 3704 3996 ἐδέσποξε

2117 4029 2213 4080 καὶ
2235 4028 2440 4079 τέκνων
2471 4024 2571 4077 οὐκ
2622 4023 2977 4090 ἀμφιϐόλων,
3012 4023 3108 4074 καὶ
3149 4022 3182 4092 ἠ
3215 4023 3359 4075 κατὰ
3387 4022 3480 4076 τὸν
3523 4023 3705 4094 Ἀδὰμ

2117 4119 2211 4172 καὶ
2237 4118 2336 4188 τὴν
2367 4117 2510 4170 Εῦαν
2537 4114 2673 4185 σὰρξ
2701 4113 2799 4184 μία
2818 4109 2889 4184 ἦν
2911 4114 3120 4178 αὐτοῖς,
3147 4113 3222 4177 ὡς
3245 4109 3332 4167 οἷα
3359 4115 3466 4186 πρὸ
3489 4115 3702 4184 ὀφθαλ-

2119 4208 2271 4279 μῶν
2329 4208 2424 4260 καὶ
2482 4206 2819 4275 τυπούμενοι
2880 4203 3020 4272 πρὸς
3071 4203 3424 4273 παράδειγμα
3453 4205 3704 4260 τοιοῦτον

2116 4298 2358 4368 ἐπόψιον,
2423 4296 2796 4367 προεκέντουν
2832 4296 3032 4358 αὐτοὺς
3079 4296 3159 4359 είς
3197 4296 3457 4350 ίσότυπον
3489 4297 3588 4351 ἐπὶ
3616 4299 3703 4350 αῑ-

2117 4389 2285 4461 σχύνῃ
2322 4390 2429 4443 τῶν
2464 4390 2762 4460 ἐσύστερον
2788 4387 3326 4457 κοινοποιησομένων
3355 4389 3425 4440 τὰ
3463 4389 3702 4457 γύναια·

2117 4483 2212 4536 καὶ
2239 4478 2382 4551 εἶχεν
2414 4481 2618 4550 ἑκάστη
2658 4479 2833 4549 σκηνὴ
2867 4480 2962 4532 καὶ
2995 4477 3145 4531 ἅπαν
3172 4479 3491 4548 κατάλυμα,
3551 4482 3706 4537 καθὰ

443 4569 647 4635 pudore
678 4566 1142 4622 suffunderentur.
1185 4565 1344 4621 Unde
1388 4565 1590 4619 factum
1619 4575 1724 4631 est,
1758 4578 1815 4620 ut
1846 4570 2012 4638 quod-

2122 4593 2170 4629 τι
2203 4575 2353 4637 ἔθνος
2385 4576 2418 4645 ἢ
2451 4577 2547 4628 καὶ
2575 4573 2770 4642 φυλὴν,
2807 4571 2900 4625 τὸν
2936 4571 3126 4643 ἄνδρα,
3159 4572 3257 4642 τὴν
3287 4575 3551 4639 γυναῖκα,
3573 4576 3705 4640 τοὺς

444 4663 526 4716 vis
573 4660 1014 4723 tabernaculum,
1053 4659 1283 4728 quodvis
1331 4658 1687 4712 diversorium
1719 4673 1872 4714 suam
1900 4659 2012 4714 vel-

445 4757 520 4808 uti
567 4755 789 4808 haberet
831 4761 1044 4821 gentem
1075 4767 1138 4806 ac
1170 4750 1448 4815 familiam,
1485 4753 1737 4806 maritum
1765 4767 2010 4817 uxorem,

445 4849 458 4896 l
488 4847 667 4906 heros,
720 4854 774 4898 et
825 4842 1135 4911 quicunque
1170 4857 1291 4896 cum
1347 4843 1427 4897 eis
1461 4843 1731 4912 degebant
1764 4844 1865 4896 hoc
1898 4842 2013 4894 vin-

445 4937 570 4989 culo
606 4949 746 4988 novo
772 4935 1072 5003 conjuncti.
1110 4934 1174 4988 Et
1201 4935 1490 4990 diabolus?
1516 4936 1732 4988 Diceres
1761 4935 1902 4986 hunc
1934 4933 2014 4985 in-

445 5040 529 5083 ter
574 5030 694 5082 illos
752 5039 884 5083 tunc
939 5031 1084 5082 haud
1132 5031 1363 5094 vixisse;
1400 5027 1740 5081 detinebatur
1787 5025 1928 5078 enim
1959 5023 2013 5076 in

447 5119 580 5170 locis
605 5131 740 5185 quos
770 5116 1032 5170 Dominus
1092 5132 1196 5171 non
1255 5115 1549 5178 visitahat;
1602 5114 1765 5166 homo
1833 5121 2014 5165 autem

447 5223 634 5262 revera
667 5217 784 5262 erat
818 5208 999 5261 homo.

521 5299 606 5352 15.
646 5298 814 5354 Porro
837 5299 1084 5354 homines
1118 5299 1192 5352 illi
1230 5297 1340 5351 Deo
1370 5296 1572 5364 accepti
1598 5296 1687 5365 qui
1719 5296 1879 5366 hujus
1919 5297 2013 5352 bo-

450 5391 504 5444 ni
543 5401 789 5445 auctores
811 5404 1171 5458 suasoresqtte
1202 5389 1440 5450 fuerant,
1491 5388 1715 5442 nimium
1752 5398 2011 5456 quantum

450 5501 544 5537 ore
575 5485 814 5538 omnium
849 5483 1131 5546 celebrati,
1179 5482 1561 5545 admiratione,
1598 5483 1868 5545 laudibus,
1899 5480 2016 5534 feli-

451 5574 798 5628 citationibus
845 5573 1089 5638 elati,ad
1143 5573 1444 5639 principum
1490 5573 1805 5642 dignitatem
1849 5573 2014 5627 erecti

452 5676 596 5732 sunt,
642 5677 804 5733 atque
852 5666 924 5717 ita
974 5663 1216 5718 celebres
1256 5664 1379 5718 facti
1405 5667 1659 5736 dignique
1705 5667 1875 5721 habiti
1926 5668 2017 5736 qui

451 5760 529 5811 rei
568 5759 793 5826 publica:
825 5772 1009 5810 curam
1041 5769 1292 5825 gererent
1338 5771 1390 5814 et
1445 5763 1699 5827 deinceps
1731 5763 1852 5813 vita:
1887 5775 2015 5827 pro-

455 5862 622 5914 .‘iﬁldﬁ
671 5847 1016 5899 ιιιιὶμέιιιιςιίῗὶδ
1065 5854 1450 5919 ικτιιςμῑςρτριιι,
1506 5853 1757 5907 Νενιιξίιιιμί
1811 5861 2013 5918 ηλειίηιῖῃ)

2123 4669 2342 4735 παῖδας,
2373 4668 2469 4720 καὶ
2512 4667 2704 4719 ὁπόσοι
2739 4664 2886 4718 ἄλλοι
2924 4664 3209 4733 ξυνδιῆγον
3261 4665 3448 4728 αὺτοῖς
3483 4667 3708 4738 θεσμῷ,¹

2120 4763 2199 4832 τῷ
2221 4761 2277 4825 ἐξ
2302 4761 2458 4824 ἔθους
2483 4757 2865 4826 καινοφανοῦς.
2901 4756 3012 4808 Καὶ
3040 4757 3067 4807 ό
3100 4755 3344 4826 δαίμων;
3411 4758 3563 4810 Ἀλλ’
3601 4763 3706 4812 οὐκ

2124 4853 2190 4906 ἂν
2219 4849 2367 4914 εἶπες
2394 4850 2558 4904 αὐτὸν
2586 4847 2824 4900 ἐνταῦθά
2854 4863 2916 4912 γε
2944 4846 3043 4915 ζῇν
3070 4862 3082 4874 ’
3107 4841 3251 4914 εἶχον
3283 4848 3391 4916 γὰρ
3417 4847 3587 4900 αύτδν
3610 4851 3705 4902 τό·

2123 4961 2237 5007 ποι,
2257 4943 2347 5006 οὓς
2366 4944 2465 4996 οὐκ
2496 4942 2796 4995 ἐπεσκόπει
2821 4944 2847 4994 ὁ
2868 4941 3072 5010 Κύριος
3095 4956 3109 4971 ·
3135 4943 3228 4994 καὶ
3253 4936 3320 5011 ἦν
3358 4945 3384 4994 ὁ
3406 4941 3707 5014 ἄνθρωπος

2123 5037 2218 5090 ἄνθ
2229 5053 2406 5106 ρωπος
2440 5035 2515 5104 τῷ
2541 5036 2678 5089 ὄντι.

2197 5305 2278 5352 ιε’.
2325 5299 2434 5350 Καὶ
2481 5300 2530 5351 οἱ
2562 5298 2620 5350 τὸ
2656 5297 2820 5350 καλὸν
2851 5296 3008 5348 τοῦτο
3057 5294 3427 5362 ἐξανύσαντες
3459 5297 3714 5365 Geo-stu.

2126 5407 2308 5442 στατοι
2330 5388 2808 5458 πρωτοσύμϐουλοι
2833 5392 2926 5440 καὶ
2959 5386 3410 5456 ἀρχιδιδάσκαλοι
3441 5389 3536 5440 διὰ
3557 5391 3707 5443 πάνυ

2127 5483 2246 5535 λίαν
2301 5480 2496 5533 πολλοῦ
2533 5481 2691 5548 λόγου
2732 5480 3012 5548 ἐφέροντο,
3070 5478 3508 5546 θαυμαζόμενοι,
3544 5483 3716 5551 εὐφη-

2130 5574 2415 5646 μούμενοι,
2438 5571 2845 5641 εύλογούμενοι,
2873 5570 3273 5638 καθιστάμενοι
3307 5571 3364 5632 ἐς
3406 5571 3710 5642 ἄρχοντας,

2126 5670 2401 5737 τιθέμενοι
2423 5666 2496 5729 ὡς
2523 5669 2603 5730 εἰς
2635 5665 2901 5733 κεφαλὰς,
2931 5665 3023 5718 καὶ
3050 5663 3192 5716 οὕτω
3214 5664 3714 5737 περιϐλεπόμενοι,

2127 5762 2223 5813 καὶ
2283 5759 2597 5826 ἀξιούμενοι
2653 5760 2977 5810 ἐπισκοπεῖν
3039 5757 3106 5808 τὰ
3164 5756 3286 5808 κατ’
3333 5755 3564 5820 αὐτοὺς,
3619 5759 3713 5812 καὶ

2134 5856 2550 5912 τ-ξιτς;-ςέεν;·ι⁸;ῖν
2609 5854 2673 5904 ’τὰ
2731 5856 2782 5915 ἐς
2824 5852 2990 5904 πλείω
3051 5848 3315 5919 fimum»)
3376 5853 3702 5916 εξῗςιίὶωῖιν,
