3916 6244
260 342 369 444 ala

881 372 975 429 DE
1016 369 1489 430 OBEDIENTIA
1532 368 2067 431 MAGISTRATUI
2104 346 2575 432 CHRISTIANO
2616 352 2920 433 DEBlTA.

3413 366 3517 445 alt

259 489 413 542 Ὅσοι
438 482 495 538 δὲ
530 482 668 554 πρὸς
720 481 942 551 βαθεῖαν
982 484 1190 551 τόλμαν
1227 483 1608 546 ἐπιϐάλλοντες
1643 482 1831 553 ἔτυχον

1940 482 2042 535 hoc
2079 483 2241 536 veluti
2282 484 2544 537 miraculo
2602 484 2865 552 perculsi,
2912 499 2978 541 eo
3014 501 3186 558 usque
3228 499 3502 563 progressi

258 579 334 649 τῷ
355 574 628 649 θαιῖματι,
651 576 747 626 καὶ
772 573 931 635 θεοὺς
959 573 1241 625 ἐποιοῦντο
1266 574 1392 636 τοὺς
1421 574 1719 634 τοιούτους.
1746 574 1840 625 καὶ

259 670 338 733 είς
366 684 491 721 τινα
517 668 750 735 κρείττω
797 663 960 735 φύσιν
990 665 1190 727 αὐτοὺς
1236 664 1557 734 ἐνέγραφον,
1595 665 1838 732 ἐκπλητ-

259 761 477 828 τόμενοι
513 758 615 827 τῆς
665 757 850 811 ὲνθέου
904 756 1125 826 τέχνης,
1164 757 1324 826 εἴπερ
1354 756 1499 810 οὕτω
1559 756 1839 819 πείθοντες

261 852 664 913 διδασκαλικῶς
711 850 777 903 ἐκ
828 850 1032 919 μικροῦ
1086 851 1197 903 δεῖν
1230 850 1444 918 ἀλόγων
1475 851 1554 912 εἰς
1582 849 1840 918 λογικοὺς

262 946 355 1000 καὶ
383 945 603 1012 λογίους
632 944 760 1007 τοὺς
798 943 875 1014 μὴ
906 942 1185 1006 τοιούτους
1222 943 1552 1009 διεϐίϐαζον,
1586 944 1679 996 καὶ
1712 942 1839 1005 τοὺς

267 1038 388 1108 μηδ’
424 1038 559 1090 αὐτὸ
582 1035 745 1089 τοῦτο
769 1037 997 1100 εἰδότας,
1028 1037 1055 1088 ὅ
1080 1036 1131 1088 τί
1168 1035 1298 1088 ποτέ
1329 1038 1478 1090 ἔστιν
1499 1037 1526 1088 δ
1554 1035 1690 1106 πρὸς
1707 1035 1841 1106 ἀλη-

263 1131 415 1182 θειαν
444 1128 757 1199 ἄνθρωπος,
779 1129 856 1192 είς
880 1128 1136 1198 ἐνθύμιον
1161 1131 1255 1180 καὶ
1281 1126 1449 1180 αὐτοῦ
1481 1128 1615 1180 Θεοῦ
1639 1128 1839 1198 μετεῤ.

265 1221 557 1294 ῥύθμισαν.

329 1313 432 1378 ις’.
478 1312 889 1381 Ἐπεγνωκότες
910 1307 1003 1366 οὖν
1024 1314 1072 1365 οί
1097 1311 1306 1382 πρῶτοι
1338 1311 1716 1368 αὖτοδιάκονοι
1740 1316 1837 1370 τοῦ

261 1405 429 1458 καλοῦ
462 1405 688 1469 ἐκεῖνοι,
745 1407 823 1468 ὡς
853 1406 948 1458 καὶ
994 1404 1264 1475 βελτιοῦσι
1314 1404 1440 1468 τοὺς
1493 1405 1834 1475 ἀνθρώπους,

258 1499 354 1552 καὶ
376 1497 779 1565 θαυμάζονται,
811 1497 907 1550 καὶ
930 1496 1103 1560 οὕτως
1137 1499 1197 1559 ἐς
1229 1496 1404 1549 πλείω
1432 1495 1597 1565 ζῆλον
1622 1497 1839 1571 διαθερ-

262 1589 606 1659 μαινόμενοι,
640 1589 735 1644 καὶ
763 1586 846 1652 οἷς
868 1588 1282 1658 ἐμακαρίζοντο,
1320 1589 1400 1651 είς
1431 1589 1671 1643 ὶπίδοσιν
1697 1608 1838 1662 παρ-

255 1681 566 1751 αυξόμενοι,
601 1681 694 1734 καὶ
724 1679 870 1733 οὕτω
911 1679 1320 1750 πληθυνόμενοι
1368 1680 1709 1751 προσθήκαις
1739 1683 1835 1735 καὶ

256 1772 528 1843 διδαχαῖς,
559 1773 657 1827 καὶ
704 1771 1172 1841 δραστηριώτεροι
1205 1770 1652 1841 ἀποτελούμενοι,
1682 1772 1834 1841 ἀγεί-

234 1854 415 1932 θρουσι
447 1865 705 1929 πλείονας
759 1863 925 1918 πάλιν
961 1862 1176 1932 ὄχλους,
1206 1863 1302 1916 καὶ
1330 1862 1649 1928 καθίζουσιν
1678 1861 1835 1931 αὖθις

255 1956 479 2026 βουλὰς,
499 1957 596 2009 καὶ
628 1954 1113 2026 ὑπομιμνήσκουσι
1142 1955 1268 2018 τοὺς
1300 1955 1400 2025 ἢδη
1433 1955 1835 2026 εὐμαθέστερον

235 2047 470 2100 -ὲπαῒειν
515 2046 931 2116 δεδυνημένους,
974 2045 1036 2111 ἐξ
1087 2046 1293 2101 ὁποίων
1322 2046 1431 2100 τῶν
1455 2048 1627 2102 πάλαι
1654 2050 1833 2105 ὁποῖοι

253 2139 414 2192 αὐτοὶ
445 2137 899 2206 ἀπετελέσθησαν
939 2138 1029 2192 διά
1080 2138 1263 2209 μέσων
1292 2138 1502 2193 τούτων
1535 2141 1837 2210 ποδηγούν-

251 2242 358 2282 των
391 2230 595 2293 αὐτοὺς
640 2229 1037 2299 ιμϐισὰζεσθαι
1066 2232 1148 2294 είς
1187 2230 1363 2301 ἀληθῆ
1395 2231 1830 2305 ἀνθρωπότηταο

251 2320 343 2372 καὶ
366 2318 761 2385 καταγίνονται
804 2321 904 2390 μὲν
950 2319 1051 2388 τῆς
1090 2321 1368 2391 προτέρας
1405 2324 1464 2377 ὲν
1513 2324 1627 2387 τοῖς
1661 2324 1835 2377 τοιού-

250 2428 365 2476 τοις
406 2411 680 2483 μαθηταῖς
724 2412 1048 2484 ἀγριότητός
1082 2428 1143 2468 τε
1206 2418 1303 2469 καὶ
1333 2415 1567 2486 πλάνης,
1616 2416 1835 2483 ὑπεξαί-

253 2519 412 2572 ρουσι
441 2502 500 2557 δι
534 2504 634 2574 τὴν
660 2504 857 2570 καινὴν
880 2506 978 2558 καὶ
1007 2506 1324 2574 πρόσφατον
1348 2507 1707 2578 φιλαδελφίαν
1737 2508 1835 2562 καὶ

250 2594 638 2665 φιλαλληλίαν.
700 2596 797 2650 καὶ
830 2597 1001 2665 ἐγγὺς
1052 2595 1205 2667 παρά
1240 2596 1418 2668 βραχὺ
1469 2598 1831 2668 ἀδελφότητα,

252 2685 353 2753 τὴν
404 2680 518 2737 ’καὶ
548 2684 980 2755 πεπαγιωμινην
1014 2688 1095 2748 είς
1140 2685 1331 2755 ἔθιμον
1378 2687 1703 2756 παράδοσιν,
1736 2689 1833 2742 καὶ

255 2775 370 2845 βίου
393 2774 613 2845 τριϐὴν,
643 2775 741 2828 καὶ
763 2776 962 2844 πεῖραν
991 2776 1089 2828 καὶ
1109 2775 1407 2846 ἑμπειρίαν
1431 2775 1831 2847 δεδοκιμασμέ-

251 2882 350 2931 νην
389 2867 488 2920 καὶ
523 2866 952 2936 ιπεγνωσμένην
981 2864 1281 2935 ὠφέλιμον.

325 2960 421 3025 ιζ’.
450 2957 660 3012 Αὐτίκα
701 2959 759 3012 δὲ
787 2957 837 3011 οἱ
865 2958 1104 3012 τοιοῦτοι
1151 2962 1434 3014 καινισταὶ
1461 2962 1563 3028 τῆς
1590 2962 1835 3035 πραότη-

249 3070 340 3116 τος
375 3052 474 3108 καὶ
499 3049 597 3104 τοῦ
635 3052 848 3123 ἡμέρου
903 3049 1021 3121 βίου
1053 3051 1367 3106 διδάσκαλοι
1397 3053 1705 3119 εξετίθεντο
1736 3055 1826 3122 ἀν,

251 3146 502 3215 ὶναργῶς
530 3142 636 3197 ὑπὸ
664 3142 792 3212 δψιν
823 3142 1072 3211 ἄγοντες,
1117 3144 1293 3198 ὁπόσα
1327 3144 1427 3216 μὲν
1476 3145 1588 3200 τῶν
1608 3146 1829 3215 ἀγαθῶν
1853 3177 1897 3236 α

252 3237 450 3308 πρώην
493 3237 570 3309 μὴ
613 3235 861 3306 παρόντα
912 3234 1010 3290 νῦν
1039 3234 1332 3306 ἑνδημοῦσι
1353 3239 1464 3300 τοῖς
1489 3239 1822 3309 ἀνθρώποις.

251 3326 416 3383 ὁποῖα
465 3328 526 3381 δὲ
576 3327 685 3381 τῶν
735 3326 925 3382 κακῶν
969 3329 1066 3381 καὶ
1095 3327 1303 3399 πηλίκα
1335 3328 1431 3381 τοῦ
1482 3329 1825 3411 ἀνθρωπείου

253 3421 426 3491 φύλου
455 3419 960 3488 καταναιδευόμενα
1014 3417 1330 3475 ιπαύσαντο
1357 3420 1452 3472 καὶ
1478 3418 1701 3491 ᾤχοντο,
1733 3419 1827 3474 καὶ

254 3514 410 3568 αὐτοὶ
437 3513 539 3584 μὲν
561 3510 738 3575 οὕτως
772 3509 1416 3582 ἐπιχειρηματικώτερον
1454 3512 1553 3582 τὴν
1583 3511 1829 3583 δημηγο-

258 3606 381 3675 ρίαν
402 3600 820 3673 διεχειρίζοντο.
851 3601 919 3655 ’Δ
945 3599 1003 3653 δὲ
1041 3599 1230 3670 πρώην
1258 3599 1357 3670 μὲν
1385 3600 1628 3669 ἀγελαῖοι
1657 3601 1826 3673 ὄχλοι,

255 3698 350 3750 νῦν
369 3696 429 3750 δὲ
448 3695 761 3763 εὐλογιστοι
791 3693 974 3765 δῆμοι,
1013 3690 1245 3763 χάριτάς
1267 3707 1329 3744 τε
1359 3691 1697 3762 ὡμολόγουν,
1732 3695 1828 3747 καὶ

251 3791 331 3853 είς
380 3787 699 3858 ἀγαθὸτητα
767 3783 1245 3851 συνεσκευάζοντο,
1309 3783 1677 3848 ἐπιτείνοντες
1727 3785 1827 3857 τὴν

253 3881 517 3953 σπουδήν.

323 3973 416 4047 ιη’.
460 3972 619 4027 Ἐπεὶ
641 3971 700 4025 δὶ
721 3973 781 4024 ὲν
810 3971 1052 4039 τοσούτῳ
1077 3972 1173 4025 καὶ
1207 3970 1516 4042 γράμματα
1544 3969 1826 4039 εξεύρητο,

253 4069 323 4120 τὰ
350 4065 501 4120 καλά
528 4064 631 4133 τῆς
658 4062 1016 4133 μνημοσύνης
1060 4063 1329 4135 κειμήλια
1350 4105 1366 4129 ,
1406 4063 1467 4117 τὸ
1506 4060 1830 4131 πρωτοφυὲς

257 4160 536 4230 μουσεῖον,
591 4155 651 4209 τὸ
708 4154 809 4224 τῆς
860 4154 1052 4224 σοφίας
1108 4156 1378 4225 ταμιεῖον,
1427 4154 1489 4207 τὸ
1515 4153 1616 4224 τῆς
1661 4151 1827 4223 λήθης

253 4248 557 4304 ἀντίπαλον
585 4247 905 4318 φάρμακον,
932 4247 981 4300 οί
1006 4247 1336 4316 σκιαγράφοι
1362 4246 1464 4316 τῆς
1488 4243 1763 4312 γνώσεως,
1799 4244 1829 4294 δ

254 4342 352 4395 τοῦ
384 4341 570 4408 λέγειν
598 4341 994 4409 ύπογραμμδς,
1026 4338 1077 4391 oi
1108 4338 1222 4390 τῶν
1250 4336 1498 4407 ψυχικῶν
1526 4334 1830 4407 βουλευμά-

255 4450 363 4486 των
390 4431 658 4502 μηνυταὶ,
699 4431 751 4483 oi
782 4429 889 4483 τῶν
918 4431 1227 4500 ἀγκαρδίων
1256 4429 1638 4499 διανοημάτων
1670 4428 1830 4498 ἑξάγ-

1948 582 2098 637 sunt,
2131 586 2186 627 ut
2225 576 2344 630 illos
2376 578 2518 630 inter
2561 579 2692 631 deos
2724 577 2991 634 referrent
3023 590 3079 634 et
3112 585 3375 652 superiori
3414 603 3511 640 na-

1948 674 2083 719 turre
2134 666 2309 721 ordini
2383 678 2763 737 accenscrent,
2814 671 3177 741 obstupefacti
3252 678 3508 732 nimirum

1942 757 2145 811 virtute
2191 759 2393 822 divina,
2440 775 2568 829 qua,
2635 762 2851 817 nonnisi
2909 764 3250 821 institutione
3292 781 3354 821 ac
3388 786 3513 839 pcr-

1943 849 2219 914 suasione,
2250 865 2313 904 ex
2348 852 2413 905 iis
2435 855 2525 920 qui
2559 857 2947 924 propemodum
2986 860 3127 912 bruti
3161 861 3395 926 fuerant,
3427 880 3513 917 ra-

1943 939 2173 995 tionales
2198 955 2262 996 ac
2293 939 2585 1010 prudentes
2625 945 2888 1011 fecerunt,
2931 963 3132 1019 eosque
3163 953 3257 1019 qui
3293 969 3358 1008 ne
3386 970 3510 1009 nos-

1942 1041 2065 1086 sent
2089 1033 2307 1100 quidem
2339 1032 2464 1101 quid
2500 1049 2688 1089 revera
2714 1036 2878 1092 homo
2903 1049 3066 1104 esset,
3093 1040 3161 1096 ad
3187 1043 3284 1097 Dei
3319 1045 3503 1100 volun-

1942 1132 2108 1177 tatem
2145 1123 2626 1179 transformarunt.

2013 1301 2102 1357 l6.
2141 1301 2276 1358 Cum
2329 1305 2495 1376 igitur
2529 1306 2773 1376 primarii
2831 1307 2993 1378 hujus
3063 1309 3191 1365 boni
3258 1324 3510 1373 auctores

1938 1394 2477 1463 animadvertissent,
2539 1398 2786 1456 homines
2847 1401 2953 1456 hoc
3019 1403 3182 1457 modo
3251 1406 3506 1462 meliores

1941 1486 2083 1556 fieri,
2134 1489 2346 1558 seipsos
2407 1492 2585 1547 autem
2627 1493 2681 1546 in
2725 1493 3088 1551 admiratione
3121 1510 3242 1551 esse
3287 1498 3505 1566 majori,

1938 1579 2143 1635 incensi
2190 1591 2317 1636 sunt
2347 1585 2527 1639 studio
2551 1599 2616 1639 ac
2648 1584 2880 1651 fervore,
2926 1597 2981 1641 et
3029 1587 3280 1645 laudibus
3311 1591 3508 1659 quibus

1935 1671 2005 1725 ob
2035 1685 2228 1726 novam
2277 1673 2692 1743 prosperitatem
2724 1685 2831 1729 tam
2879 1676 3019 1732 felici
3052 1694 3309 1734 successu
3346 1696 3507 1752 auge-

1936 1773 2175 1819 scentem
2196 1765 2572 1821 afllciebantur
2586 1768 2869 1834 stimulati,
2892 1770 3076 1837 majori
3095 1771 3146 1824 in
3165 1771 3280 1827 dies
3293 1776 3510 1838 sapien-

1871 1835 1911 1890 Β
1941 1856 2011 1908 tia
2036 1865 2091 1909 et
2122 1857 2395 1911 activitate
2444 1858 2677 1927 praediti,
2722 1860 2901 1915 denuo
2958 1835 3193 1931 majores
3246 1835 3507 1932 colligunt

1937 1959 2112 2005 cauus
2163 1948 2469 2018 iterumque
2492 1950 2630 2004 bona
2667 1952 2894 2005 consilia
2938 1960 3286 2021 expromunt,
3323 1964 3378 2009 et
3408 1971 3502 2011 eos

1935 2041 2025 2108 qui
2055 2040 2166 2110 jam
2209 2039 2394 2095 faciles
2434 2056 2592 2096 aures
2622 2044 2865 2112 praebere
2901 2044 3225 2115 didicerant,
3260 2063 3505 2104 commo-

1935 2133 2213 2188 nelaciunt
2243 2134 2429 2204 quales
2461 2151 2524 2189 ex
2550 2137 2800 2207 qualibus
2851 2137 2977 2192 facti
3023 2140 3152 2208 sint,
3214 2151 3375 2210 atque
3407 2142 3507 2196 hac

1934 2222 2151 2277 ratione
2183 2225 2249 2278 ad
2280 2239 2460 2279 veram
2491 2226 2888 2280 humanitatem
2922 2244 3240 2298 promovere
3262 2233 3504 2287 student:

1935 2315 2167 2385 denique
2197 2316 2261 2370 de
2283 2316 2391 2370 vita
2422 2317 2549 2370 olim
2580 2318 2693 2371 fera
2730 2329 2896 2388 atque
2935 2322 3243 2377 errabunda
3288 2340 3501 2378 sermo-

1934 2421 2053 2460 nem
2088 2406 2359 2475 injiciunt,
2400 2417 2455 2461 et
2486 2408 2731 2463 laudibus
2768 2409 3003 2466 efferunt
3048 2420 3317 2467 recentem
3369 2415 3500 2469 chao
3552 2460 3557 2465 .

1932 2498 2150 2552 ritatem
2185 2506 2423 2551 mutuam
2473 2513 2580 2567 qua
2615 2504 3000 2568 propemodum
3035 2504 3109 2557 uti
3145 2505 3339 2558 fratres
3371 2520 3504 2559 con-

1933 2600 2220 2646 vcrsentur
2266 2606 2330 2645 ae
2381 2592 2602 2661 degant,
2632 2607 2751 2660 quae
2775 2592 2886 2661 jam
2917 2594 2972 2649 in
3007 2596 3132 2650 vitae
3156 2597 3507 2652 consuetudi-

1934 2700 2057 2739 nem
2109 2683 2409 2748 transierit,
2472 2686 2738 2755 firmaque
2805 2686 3157 2743 fundamento
3213 2689 3500 2754 innitatur,

1935 2792 2058 2847 qua:
2108 2778 2346 2847 denique
2392 2790 2495 2832 usu
2543 2779 2987 2848 experientiaqne
3035 2783 3382 2849 comprobata
3448 2794 3506 2837 et

1932 2868 2191 2924 omnibus
2213 2868 2363 2924 utilis
2386 2867 2603 2924 inventa
2635 2871 2724 2925 sit.

2003 2959 2093 3015 17.
2137 2958 2341 3015 Deinde
2362 2959 2438 3014 illi
2471 2961 2902 3018 mansuetudinis
2925 2962 3234 3021 inventores
3265 2967 3498 3037 vitaeque

1934 3048 2233 3120 tranquilla:
2280 3060 2639 3119 praeceptores
2678 3064 3047 3122 exposuerunt
3092 3067 3145 3110 et
3166 3055 3322 3125 quasi
3378 3067 3505 3114 ante

1933 3142 2119 3197 oculos
2174 3140 2533 3206 collocarunt,
2596 3157 2759 3212 quam
2821 3145 3002 3200 multis
3032 3146 3190 3202 bonis
3222 3162 3341 3219 quae
3372 3148 3501 3204 olim

1932 3236 2177 3302 deerant,
2236 3234 2483 3289 homines
2532 3249 2675 3289 nunc
2708 3237 3022 3306 gauderent,
3060 3247 3112 3293 et
3143 3255 3304 3308 quam
3335 3241 3501 3295 multa

1931 3334 1984 3380 et
2017 3343 2204 3397 magna
2225 3328 2364 3381 mala
2411 3325 2608 3395 quibus
2641 3340 2813 3395 genus
2865 3327 3155 3383 humanum
3185 3331 3503 3391 vexabatur.

1926 3418 2039 3490 jam
2082 3419 2296 3489 penitus
2356 3422 2653 3489 exstirpata
2723 3430 2923 3487 essent;
2978 3427 3138 3490 atque
3190 3422 3268 3475 sic
3310 3421 3501 3494 majori

1934 3526 2058 3567 cum
2085 3512 2137 3566 vi
2189 3526 2254 3565 ac
2298 3526 2553 3568 successu
2578 3526 2762 3568 coram
2806 3510 2999 3582 popqu
3033 3521 3372 3582 perorarunt.
3401 3515 3502 3581 Qui

1930 3614 2112 3660 autem
2138 3605 2399 3674 gregarius
2437 3605 2565 3659 olim
2594 3606 2767 3660 turbae
2815 3604 3050 3671 fuerant,
3081 3620 3223 3661 nunc
3250 3608 3303 3661 in
3342 3609 3506 3662 ratio-

1932 3696 2108 3750 nalem
2160 3695 2369 3751 collecti
2420 3696 2761 3759 societatem,
2815 3698 3162 3773 concordiam
3208 3700 3387 3753 colere
3421 3709 3506 3754 at-

1931 3803 2038 3858 que
2100 3789 2285 3843 virtuti
2331 3804 2553 3859 operam
2578 3804 2777 3844 navare
2839 3804 3054 3845 summo
3113 3791 3234 3845 nisu
3279 3794 3506 3848 studue-

1932 3890 2080 3937 mni.

2003 3970 2090 4025 18.
2127 3969 2262 4026 Cum
2309 3982 2487 4024 autem
2526 3971 2616 4025 illo
2645 3982 2888 4042 tempore
2922 3970 3083 4026 etiam
3133 3971 3504 4030 invenirentur

1931 4058 2144 4125 litterae,
2191 4061 2404 4130 egregia
2466 4062 2742 4115 memoria:
2800 4062 2944 4127 dos,
3007 4060 3324 4128 primarium
3381 4078 3504 4117 mu-

1930 4169 2102 4217 scum,
2122 4152 2400 4223 sapientia:
2428 4155 2847 4223 receptaculum,
2864 4153 3154 4209 oblivionis
3179 4155 3497 4220 remedium,

1930 4244 2253 4300 eruditionis
2336 4244 2717 4310 delineatorcs,
2775 4246 3097 4317 eloquentiae
3169 4252 3499 4319 exemplum,

1931 4336 2276 4392 consiliorum
2339 4335 2504 4390 animi
2555 4336 2782 4402 indices,
2854 4340 3242 4406 cogitationum
3279 4342 3499 4396 intima-

1932 4440 2049 4480 rum
2084 4424 2280 4491 nuntii,
2336 4426 2672 4480 occultorum
2720 4425 3046 4494 detectores,
3112 4429 3220 4499 typi
3249 4431 3504 4487 celeriter

254 4525 428 4592 γελοι,
457 4525 510 4576 oi
533 4523 646 4578 τῶν
670 4525 920 4594 κρυφίων
950 4521 1307 4593 ὲκφάντορες,
1329 4524 1380 4576 οἱ
1413 4524 1474 4576 τδ
1503 4525 1561 4576 εν
1591 4522 1822 4592 πράξεσι

1938 4518 2310 4587 praetereuntis
2344 4519 2567 4586 ligentes
2590 4526 2644 4571 et
2669 4519 2960 4574 retinentes
2980 4532 3032 4573 et
3064 4521 3127 4574 ad
3154 4532 3495 4589 pOSIerorum

256 4616 484 4687 ῥευστὸν
511 4614 822 4685 πηγνύντες
849 4616 940 4670 καὶ
976 4615 1328 4685 στερεοῦντες
1354 4617 1538 4679 τύποι,
1575 4617 1669 4668 καὶ
1711 4617 1825 4679 τοῖς

254 4707 663 4779 ἐπιγινομένοις
688 4708 787 4777 ὀψε
826 4708 1021 4777 χρόνου
1057 4707 1493 4778 ἀιθαστηλοῦντες
1531 4707 1611 4769 είς
1637 4707 1828 4777 γνώρι-

256 4819 393 4871 σμα,
424 4805 477 4855 οι
511 4800 798 4871 ζωγράφοι
827 4800 938 4854 τῶν
987 4800 1175 4856 παλῶν
1212 4805 1306 4854 καὶ
1333 4801 1683 4871 πραγμάτων
1733 4801 1830 4853 καὶ

254 4897 589 4965 προσώπων,
620 4892 878 4962 είδήσεώς
898 4908 956 4945 τε
986 4894 1149 4963 χάριν
1178 4894 1274 4945 καὶ
1320 4895 1542 4962 μνήμης
1567 4893 1829 4946 παντοδα-

254 4984 385 5056 πῆς,
421 4984 476 5038 οἱ
530 4982 692 5037 καλοὶ
728 4985 1078 5053 χαρακτῆρες
1136 4982 1358 5055 ἀπάσης
1391 4979 1673 5052 ὲμμοῦσου
1704 4999 1828 5035 παι.

253 5076 513 5140 δεύσεως,
541 5076 592 5128 oi
633 5074 805 5145 μηδὲν
825 5072 1050 5128 ἔλαττον
1085 5075 1261 5147 ἀκοῆς
1298 5074 1390 5129 τὸν
1423 5075 1711 5145 ἄνθρωπον
1742 5091 1831 5129 σο-

255 5166 505 5234 φίζοντες
540 5165 632 5219 διὰ
660 5166 764 5233 τῆς
789 5165 991 5236 ὅψεως,
1020 5197 1090 5206 -
1112 5167 1201 5219 ὅτε
1228 5167 1408 5221 τοίνυν
1437 5167 1530 5220 καὶ
1562 5167 1621 5219 τὸ
1653 5166 1832 5221 τοιοῦ-

251 5278 342 5313 τον
357 5260 528 5315 καλὸν
555 5259 817 5313 ἔϐλαστεν
838 5258 937 5332 ἤδη
968 5260 1265 5331 ἐν’κδσμῳ,
1302 5259 1372 5313 δι’
1418 5252 1478 5314 οὗ
1516 5259 1665 5314 ἅπαν
1708 5260 1831 5324 ἔθος

252 5353 519 5421 ἀγράφως
547 5349 934 5421 ὴκριὸωμένον
974 5350 1062 5404 ἐπ’
1111 5350 1306 5420 ἀγαθῷ
1360 5347 1473 5421 εἶχε
1512 5352 1829 5419 μεταποιεῖ·

255 5444 377 5497 σθαι
398 5444 483 5507 είς
513 5444 863 5513 χρηστότητα
885 5441 1185 5512 ἔγγραφον,
1225 5443 1293 5513 ἢν
1320 5444 1381 5511 δὴ
1415 5444 1580 5510 νόμον
1633 5443 1831 5497 καλοῦ·

254 5551 353 5603 μεν
373 5538 423 5587 οἱ
452 5534 706 5604 ὕστερον,
740 5534 882 5587 καθὰ
910 5535 1245 5606 κεκύρωται,
1280 5534 1572 5605 προέθεντο
1603 5535 1828 5599 ἀξίωσιν

249 5626 299 5676 οἱ
337 5624 437 5694 τὴν
489 5624 651 5677 ἀσιον
703 5626 902 5678 ἐκεῖνοι
957 5628 1269 5686 παύσαντες
1321 5625 1466 5694 βίαν,
1496 5629 1590 5678 καὶ
1620 5627 1679 5678 τὸ
1704 5625 1827 5688 ἔθος

250 5715 794 5786 προεισηγησάμενοι
830 5717 923 5769 καὶ
952 5718 1344 5785 εἰσαγαγόντες
1385 5717 1698 5771 διδάσκαλοι
1730 5735 1828 5771 καο

250 5805 695 5877 τασφιλίσασθαι
747 5806 1065 5883 στερεωθὲν,
1104 5810 1160 5862 τὸ
1199 5809 1462 5877 νεοπαγὲς
1504 5809 1692 5879 ἔθιμον
1746 5809 1826 5873 εἰς

1930 4610 2175 4666 notitiam
2223 4622 2345 4679 post
2404 4611 2569 4665 multa
2594 4613 2791 4665 saecula
2838 4625 3217 4684 propagautes,
3266 4620 3499 4688 pictores

1929 4700 2309 4769 certaminum,
2372 4718 2553 4757 rerum
2608 4713 2907 4774 gestarum,
2987 4723 3361 4776 perseuarum,
3428 4712 3495 4765 ad

1930 4793 2168 4848 omnium
2220 4794 2580 4863 cognitionem
2638 4810 2703 4850 ac
2749 4800 3088 4865 memoriam,
3140 4806 3341 4874 egregii
3366 4821 3501 4859 cun-

1930 4895 2143 4939 clarum
2200 4887 2549 4940 scientiarum
2606 4887 2978 4956 characteres,
3034 4891 3124 4961 qui
3150 4909 3254 4947 non
3315 4896 3495 4953 minus

1932 4994 2092 5047 quam
2147 4995 2241 5049 per
2301 4981 2566 5047 auditum,
2621 4995 2716 5050 per
2745 4982 2919 5036 visum
2964 4983 3214 5042 homines
3271 4988 3500 5042 edocent

1930 5072 2377 5142 erudiuntque—
2399 5087 2544 5138 cum,
2567 5075 2810 5142 inquam,
2844 5073 2948 5129 tale
2981 5089 3046 5130 ac
3065 5087 3267 5131 tantum
3300 5081 3499 5134 mundo

1931 5162 2175 5220 illnceret
2196 5166 2415 5232 bonum,
2452 5180 2560 5235 quo
2607 5168 2784 5227 omnis
2812 5169 3144 5223 consuetudo
3172 5170 3333 5235 bona,
3365 5170 3499 5227 hac-

1933 5265 2094 5312 tenus
2126 5270 2441 5312 conservata
2482 5260 2597 5314 sine
2613 5260 2828 5325 litteris,
2861 5262 3131 5330 scriptura
3177 5263 3497 5319 conﬁrmata

1932 5347 2257 5413 Sanciretur,
2321 5365 2482 5419 quam
2548 5349 2718 5421 legem
2764 5350 2923 5405 hodie
2974 5367 3247 5420 vocamus,
3268 5363 3392 5409 tunc
3420 5354 3497 5408 illi

1933 5440 2149 5507 quivim
2184 5454 2248 5494 ac
2304 5440 2612 5495 violentiam
2676 5443 2801 5496 olim
2860 5443 3254 5499 intolerabilem
3305 5446 3499 5516 perdo-

1934 5543 2200 5597 muerant,
2255 5547 2468 5588 summo
2517 5535 2697 5590 studio
2734 5551 2797 5591 eo
2831 5537 3007 5593 anuisi
3031 5546 3179 5602 sunt,
3217 5541 3495 5592 utrecenti

1937 5624 2311 5679 consuetudini
2366 5625 2499 5696 legis
2556 5629 2927 5684 characterem
2989 5630 3356 5698 imprimerent
3393 5612 3499 5694 ,ut

1929 5716 2137 5769 sanctio
2159 5716 2358 5785 scripta
2378 5718 2538 5772 veluti
2566 5719 2743 5787 sigillo
2772 5722 3013 5791 apposito
3067 5717 3499 5788 conﬁrmaretur,

1931 5817 1985 5863 ut
2011 5809 2377 5865 errabundum
2430 5811 2803 5879 incertumque
2841 5815 2906 5870 ad
2951 5811 3258 5868 ﬁrmitatem
3291 5812 3500 5876 redige-
