3916 6244
362 327 471 392 3Ῐ9
1037 322 1456 388 EUSTATIIII
1498 322 1603 382 T11
1614 319 1947 381 ESSALON
1958 321 2007 379 Ι(
2013 318 2252 380 iENSIS
2299 318 2350 378 Μ
2360 319 2454 378 ET
2465 318 2556 380 BG
2568 315 2867 379 POLITE
3521 308 3638 375 32')

365 441 692 512 xeritatique
739 439 1020 495 studerent
1070 448 1125 493 et
1183 451 1280 505 per
1307 434 1554 489 ultimam
1614 430 1949 502 perfectissi-

2073 445 2265 497 ματος,
2297 430 2390 484 τὸν
2420 428 2585 483 αὑτοῦ
2613 429 2779 498 νόμον
2809 428 2900 482 τὸν
2924 423 3202 495 δεύτερον,
3251 421 3344 476 τὸν
3377 419 3635 492 γραπτὸν

366 551 618 605 mamque
656 534 827 603 legem
874 531 941 586 ad
988 532 1158 598 ipsum
1195 532 1562 592 recurrerent,
1600 532 1851 579 accurate
1884 538 1947 577 ac

2073 524 2113 577 iv
2147 522 2385 591 Μωῦσῆς
2419 526 2513 575 καὶ
2546 522 2593 574 οἱ
2632 519 2918 575 Μωσαῖκοὶ
2960 517 3356 588 ἐξεγράψαντο,
3402 512 3635 584 ἔμελλεν

363 628 484 678 sine
514 623 775 692 vituperio
798 622 914 690 ejus
938 618 1351 689 iustiﬁcationes
1381 616 1746 685 exsequendo.

2076 608 2313 682 ὐσχόλως
2333 611 2678 683 ἁνακαλύψαι
2697 614 2810 673 τοῖς
2837 613 2893 663 ἐν
2923 609 3104 681 χάριτι
3130 608 3250 677 θείᾳ.
3279 606 3374 661 καὶ
3396 605 3629 677 ἀληθείᾳ

364 718 722 788 νομομαθέσι,
764 716 860 770 καὶ
932 715 1020 769 διὰ
1062 712 1157 766 τοῦ
1224 711 1456 782 ὑστέρου
1513 711 1610 763 καὶ
1664 706 2044 778 πληρεστάτου
2097 705 2265 777 νόμου
2322 705 2836 778 ἀναδραμουμένοις
2889 703 2943 767 ἐς
2998 700 3164 755 αὐτόν
3211 700 3271 752 ὲν
3313 697 3391 769 τῷ
3444 697 3631 759 καλῶς

367 808 463 860 καὶ
510 807 633 876 δίχα
668 805 864 874 μώμου
919 802 1204 856 ἐκτελέσαι
1254 801 1323 855 τὰ
1374 800 1587 855 ἐκείνου
1645 798 2018 869 δικαιώματα.

435 899 526 954 26.
571 898 859 953 Descendit
898 898 1060 967 igitur
1090 910 1185 965 per
1222 893 1617 950 incarnationis
1652 891 1943 961 dispensa—

2125 890 2240 958 κς’.
2276 891 2489 947 Οὐκοῦν
2523 892 2843 946 καταϐαίνει
2873 889 2959 945 διὰ
2983 888 3081 958 τῆς
3113 886 3384 967 ἐνσόιρκου
3415 884 3631 936 οἰκονο-

367 991 567 1043 tionem
618 989 668 1041 in
708 986 968 1042 mundum
1016 1001 1173 1040 suum
1222 1000 1286 1039 ac
1341 984 1636 1049 hominem,
1670 991 1836 1053 atque
1878 981 1945 1036 ab

2073 986 2188 1049 ιίας
2223 986 2317 1039 ἐπὶ
2344 986 2435 1039 τὸν
2486 984 2655 1039 αὐτοῦ
2688 984 2786 1038 καὶ
2814 985 3018 1051 κόσμον
3057 979 3152 1033 καὶ
3194 966 3504 1045 ἄνθρωπον,
3539 973 3637 1025 καὶ

367 1080 523 1135 initio
558 1094 758 1149 paucos
784 1087 993 1133 tantum
1023 1093 1054 1132 e
1078 1075 1421 1131 multitudine
1441 1073 1602 1145 elegit
1627 1071 1955 1144 discipulos,

2073 1078 2341 1148 ικλέγεται
2395 1077 2647 1149 μαθητὰς
2692 1076 2908 1144 ὀλίγους
2957 1072 3179 1136 πάντως
3208 1071 3327 1140 ’τὴν
3361 1066 3543 1138 ἀρχὴν
3569 1064 3637 1117 ἐκ

368 1170 422 1226 in
469 1186 534 1226 eo
592 1184 807 1240 quoque
862 1170 1240 1223 admirandum
1298 1175 1352 1222 et
1398 1165 1764 1237 prodigiosum
1815 1164 1947 1235 quid

2073 1170 2351 1241 τηλικῆσδε
2379 1171 2483 1240 τῆς
2512 1170 2637 1224 τότε
2663 1169 2940 1239 ὁλότητος,
2970 1163 3257 1235 τεράστιόν
3272 1180 3326 1216 τι
3346 1161 3443 1214 καὶ
3469 1158 3634 1213 τοῦτο

367 1262 701 1328 ostendens,
761 1262 900 1330 quod
966 1273 1074 1314 non
1132 1267 1460 1327 exspectans
1510 1254 1958 1326 conspiciebatur

2073 1264 2306 1334 εκφήνας
2330 1265 2562 1328 ἐκεῖνος,
2592 1263 2642 1316 εί
2674 1262 2749 1333 μὴ
2785 1259 3092 1330 ἀναμείνας
3119 1253 3449 1329 ἐψηλαφήθη
3487 1251 3637 1306 διδά-

372 1354 637 1409 doctrina:
688 1352 912 1422 cupidos
964 1351 1201 1411 docere.
1248 1350 1343 1405 sed
1377 1348 1557 1419 potius
1605 1347 1955 1415 semetipsum

2073 1356 2145 1420 Ξαι
2170 1355 2296 1419 τοὺς
2322 1353 2754 1424 ἐπιθυμοῦντας,
2783 1351 2922 1407 ἀλλὰ
2949 1347 3279 1413 κατεδέξατο
3302 1343 3637 1413 κενωθῆναι,

374 1444 750 1506 ελὶιιοιιὶεὶιοι,
773 1453 833 1497 ut
857 1443 1019 1497 etiam
1043 1444 1111 1497 ab
1136 1441 1253 1512 ipso
1275 1440 1581 1496 educendos
1604 1438 1883 1508 colligeret
1905 1442 1960 1497 et

2073 1444 2131 1504 ii;
2168 1445 2264 1498 καὶ
2320 1444 2659 1514 ἐπιζητῆσαι
2691 1442 2819 1504 τοὺς
2871 1438 3292 1512 μαθησομένους
3339 1433 3401 1501 ἐξ
3443 1430 3638 1497 αὐτοῦ,

373 1538 440 1591 ad
472 1551 658 1590 eorum
695 1533 1069 1589 inﬁrmitatem
1098 1547 1222 1590 sese
1248 1534 1708 1588 accommodaret.
1794 1582 1799 1587 .

442 1629 533 1683 9.7.
579 1626 868 1683 Descendit
912 1626 1079 1697 igitur
1108 1639 1139 1681 e
1170 1610 1312 1680 coelo
1360 1621 1689 1679 illuminatio
1739 1619 1953 1690 perfec-

375 1721 607 1785 tissima,
643 1718 863 1773 luminis
908 1716 1236 1787 principium
1270 1716 1539 1771 luminum
1576 1727 1751 1785 pater,
1790 1724 1956 1782 atque

374 1810 597 1865 umbras
625 1810 744 1864 luce
775 1816 1044 1879 penetrat.
1078 1806 1332 1878 Inprimis
1360 1814 1541 1861 autem
1564 1805 1768 1876 Moysis
1792 1804 1954 1875 legis-

374 1898 568 1954 latoris
621 1896 885 1969 sapientis
947 1896 1398 1953 adumbrationes
1446 1895 1515 1950 ad
1561 1894 1954 1965 perfectionem

374 1991 656 2061 provexit,
714 1990 1001 2058 aenigmata
1052 1987 1345 2061 symbolice
1403 1987 1792 2057 interpretatus
1847 1992 1954 2052 est,

374 2082 723 2137 characteres
759 2080 1076 2136 umbratiles
1101 2083 1168 2136 ad
1207 2094 1393 2135 veram
1425 2080 1594 2133 vitam
1627 2078 1874 2142 deduxit,
1903 2085 1957 2132 et

375 2175 695 2247 praeclaram
733 2173 878 2237 illam
927 2172 1100 2243 legem
1151 2171 1220 2226 ad
1275 2170 1554 2226 infandam
1592 2169 1956 2240 pulchritudi-

373 2282 520 2335 nem,
548 2277 643 2320 aut
674 2265 720 2321 si
752 2264 1062 2321 accuratius
1088 2264 1375 2319 dicendum
1396 2271 1501 2329 est,
1526 2262 1593 2317 ad
1617 2260 1954 2331 spiritualem

373 2365 659 2416 veritatem
695 2372 947 2413 sermone
982 2358 1129 2413 claro
1173 2357 1464 2425 promovit.
1520 2354 1678 2410 Haud
1724 2353 1957 2422 amplius

371 2452 517 2506 enim
555 2449 723 2520 ﬁgura
750 2459 870 2520 post
891 2446 1430 2510 condescensionem,
1457 2445 1596 2499 haud
1620 2443 1953 2512 symbolum,

373 2544 519 2599 haud
566 2543 779 2608 umbra,
816 2540 911 2596 sed
957 2538 1140 2594 omnia
1188 2536 1391 2600 lucida,
1431 2536 1714 2606 perspicua
1746 2536 1953 2589 omnia.

372 2632 732 2688 Characteres
762 2627 1014 2700 explicati
1049 2634 1205 2691 sunt,
1232 2625 1438 2680 veritas
1477 2639 1668 2680 serena
1702 2624 1825 2680 luce
1856 2638 1952 2694 ap-

373 2725 573 2795 paruit,
602 2723 827 2794 iustitia:
870 2722 950 2776 sol
981 2731 1203 2775 exortus
1233 2728 1337 2784 est,
1388 2726 1441 2773 et
1486 2716 1579 2787 qui
1610 2725 1792 2783 antea,
1839 2732 1958 2772 um-

375 2818 598 2875 brarum
660 2814 890 2885 caligine
943 2812 1193 2877 involuti,
1251 2826 1430 2882 neque
1485 2810 1793 2875 sciebamus
1847 2822 1959 2879 quo

374 2906 610 2963 cundum
663 2912 832 2970 esset,
887 2918 1064 2973 neque
1123 2901 1533 2973 apprehendere
1585 2901 1957 2957 necessarium

376 2999 719 3061 volebamus,
746 3010 778 3052 e
805 2996 1042 3051 tenebris
1070 2995 1349 3066 perpetuis
1377 2994 1446 3050 ad
1478 2994 1653 3051 lucem
1686 2993 1958 3050 inﬁnitam

378 3089 615 3145 traducti
646 3092 859 3144 sumus.
890 3087 1233 3159 Ambiguitas
1254 3086 1443 3158 legalis
1466 3085 1712 3154 evanuit,
1734 3085 1960 3158 ejusque

383 3186 505 3239 loco
537 3180 758 3238 advenit
803 3196 960 3237 mens
988 3182 1260 3251 profunda
1293 3194 1444 3244 sane.
1479 3179 1575 3235 sed
1627 3179 1790 3236 simul
1827 3180 1961 3235 sim-

378 3281 522 3348 plex,
548 3275 986 3346 quandoquidem
1019 3274 1297 3344 sapienter
1327 3288 1391 3328 ac
1419 3282 1644 3328 strenue
1675 3273 1958 3328 veritatem

380 3372 806 3441 interpretatur;
832 3382 940 3423 non
959 3366 1194 3438 amplius
1214 3364 1300 3438 obj
1310 3365 1471 3421 icitur
1491 3368 1739 3422 velamen
1766 3365 1960 3437 legale,

380 3466 522 3520 intra
549 3462 692 3535 quod
718 3460 911 3518 salutis
940 3459 1188 3516 doctrina
1218 3456 1544 3515 occultatur.

454 3557 548 3613 28.
590 3556 778 3626 Neque
819 3554 932 3625 jam
981 3553 1186 3609 dixerit
1230 3551 1501 3623 quispiam
1553 3564 1585 3606 e
1631 3549 1850 3617 comis,
1901 3565 1962 3607 se

382 3649 686 3709 secundum
734 3663 978 3705 crassam
1027 3646 1266 3702 litteram
1298 3643 1642 3713 conversari,
1670 3644 1799 3700 dum
1846 3644 1965 3701 bare

381 3744 467 3800 vel
502 3743 595 3799 illa
625 3745 692 3797 ad
737 3741 977 3797 litteram
1028 3738 1162 3810 agit.
1209 3738 1266 3795 Si
1298 3747 1478 3793 autem
1516 3736 1800 3808 spirituale
1833 3736 1963 3807 quid

381 3838 436 3892 in
466 3837 544 3893 eis
568 3835 906 3892 reconditum
932 3833 1025 3901 sit,
1062 3832 1186 3901 quis
1212 3832 1353 3887 scire
1373 3829 1614 3900 poterit?
1641 3827 1748 3885 Sed
1778 3829 1964 3885 omnia

381 3941 509 3987 sunt
559 3927 870 4000 perspicua,
928 3933 983 3980 et
1032 3924 1199 3981 Verbi
1248 3923 1416 3978 divini
1479 3923 1752 3978 iucarnati
1798 3917 1964 3977 ’ell'ata

382 4021 658 4078 intellectu
694 4017 910 4086 facilia;
955 4017 1252 4088 margarita
1294 4015 1420 4071 inde
1457 4014 1804 4086 proveniens,
1846 4027 1967 4068 om-

386 4114 471 4167 nis
502 4110 794 4166 velamenti
842 4108 1061 4163 obscuri
1097 4122 1313 4177 expers,
1363 4120 1461 4176 per
1493 4120 1553 4160 se
1599 4105 1772 4173 ipsam
1815 4118 1965 4159 com-

385 4199 760 4272 prehenditur.
791 4198 1000 4251 Aurum
1043 4205 1099 4250 et
1146 4201 1428 4265 argentum
1462 4208 1655 4260 purum
1694 4193 1961 4264 projacet,

388 4307 496 4345 nou
551 4289 950 4349 adulteratum.
1003 4284 1152 4340 nullo
1212 4285 1391 4356 lapide
1447 4282 1621 4355 Lydio
1678 4285 1959 4356 indigens;

388 4381 596 4451 lapides
648 4379 871 4451 pretiosi
916 4385 974 4433 ut
1017 4376 1436 4449 investigentur,
1484 4392 1662 4447 neque
1707 4377 1961 4433 sudorem

2059 1537 2152 1589 καὶ
2182 1537 2251 1606 τῇ
2284 1534 2513 1589 ἐκείνων
2540 1534 2807 1605 ἀσθενείᾳ»
2840 1531 3265 1602 συνεκδραμεῖν.

2132 1625 2239 1691 κζ’.
2268 1626 2493 1681 Κάτεισι
2524 1626 2719 1696 τοίνυν,
2744 1623 3042 1696 οὐρανόθεν
3076 1623 3110 1693 ἡ
3144 1621 3472 1689 ὑπέρφωτος
3496 1615 3642 1685 λάμ-

2061 1718 2175 1790 ψις,
2200 1721 2229 1775 6
2261 1720 2597 1791 ἀρχίφωτος,
2627 1720 2656 1774 6
2684 1719 2796 1774 τῶν
2824 1718 3036 1788 φώτων.
3054 1714 3261 1786 πατὴρ,
3292 1711 3387 1767 καὶ
3425 1726 3643 1765 κατανι-

2064 1811 2223 1881 γάζει
2253 1812 2354 1883 τὴν
2408 1811 2592 1867 σκιάν.
2642 1809 2899 1866 Μάλιστα
2926 1808 3046 1881 μένκ
3076 1801 3172 1863 οὖν
3212 1805 3295 1860 τὰ
3319 1803 3417 1859 τοῦ
3466 1800 3638 1873 σοφοῦ

2066 1904 2419 1976 σκιαγράφου
2449 1903 2699 1968 Μωσέως
2740 1902 3054 1972 τυπὼματα
3089 1898 3293 1972 χρώζιι
3323 1895 3462 1969 πρὸς
3488 1894 3646 1949 ἐντέ-

2063 1996 2235 2061 λειαν,
2281 1996 2378 2053 καὶ
2420 1993 2493 2048 τὰ
2525 1992 2837 2064 συμϐολικὰ
2876 1989 3280 2064 διερμηνεύσας
3312 1988 3663 2059 αίνίγματαμ

2064 2087 2316 2150 καὶτοὺς
2374 2086 2643 2149 τυπικοὺς
2694 2085 3059 2156 χαρακτῆρας
3105 2084 3187 2147 είς
3240 2078 3641 2152 πραγματικὴν

2063 2175 2364 2240 ἐκϐιϐάσας
2415 2176 2703 2246 ἀλήθειαν,
2731 2178 2824 2231 τὸν
2848 2177 3027 2231 καλὸνι
3057 2176 3267 2229 ἐκεῖνον
3304 2174 3473 2243 νόμον
3503 2169 3647 2237 ἐξωσ-

2066 2269 2255 2340 ράῖσεν
2282 2271 2365 2333 είς
2409 2269 2610 2333 κάλλος
2653 2269 3037 2341 ἀνεκλάλητον,
3077 2267 3276 2341 μενοῖω
3314 2283 3383 2337 γε
3412 2263 3646 2336 ἀκριϐέ-

2065 2374 2260 2430 στερον
2291 2360 2482 2427 φάναι,
2510 2359 2744 2430 λαλητὸν
2774 2358 2917 2430 πρὸς
2965 2358 3346 2431 πνευματικὴν
3376 2354 3645 2426 ἀλήθειαν

2062 2451 2236 2505 ἔθετο.
2267 2450 2453 2516 Τῠπος
2479 2451 2591 2523 γὰρ
2630 2452 2817 2507 οὐκέτι
2843 2451 3021 2514 οὐδεὶς
3055 2450 3197 2520 μετὰ
3227 2449 3327 2521 τὴν
3362 2447 3646 2517 συγκατάο

2063 2541 2245 2609 ϐασιν,
2270 2541 2543 2614 σύμϐολον
2563 2544 2740 2610 οὐδὲν,
2763 2544 2893 2598 σκιὰ
2912 2543 3168 2614 οὐδεμία,
3200 2542 3381 2598 πάντα
3397 2540 3647 2612 ἐμφανῆ.

2063 2637 2322 2708 προφανῆ
2376 2636 2556 2691 πάντα
2581 2653 2596 2668 ·
2627 2637 2677 2689 oi
2717 2637 3069 2708 χαρακτῆρες
3110 2633 3572 2704 διασεσόιφηνται,
3614 2632 3649 2701 ή

2063 2728 2300 2799 ἀλήθεια
2333 2729 2648 2799 ἐκπέφηνεν
2695 2730 3085 2802 αίθριάζουσα,
3116 2732 3144 2783 6
3165 2728 3267 2798 τῆς
3296 2725 3652 2795 δικαιοσύνης

2064 2821 2343 2879 ἀνέτειλεν
2379 2823 2556 2895 ἥλιος,
2608 2823 2704 2878 καὶ
2753 2823 3107 2894 συνήχθημεν
3155 2821 3267 2876 ἀπὸ
3312 2819 3544 2884 σκότους
3571 2819 3653 2874 δι·

2064 2914 2300 2987 ηνεκοῦς
2337 2917 2419 2981 είς
2461 2916 2658 2971 ἄδυτον
2684 2915 3004 2987 φωσφορίαν
3040 2914 3092 2968 oi
3117 2910 3313 2986 πρώην
3345 2910 3649 2982 ἐσκιασμέο

2065 2998 2149 3061 vet
2184 3006 2338 3079 παρὰ
2368 3006 2431 3062 τδ
2475 3007 2615 3079 μήτε
2656 3007 2880 3073 είδέναι,
2930 3009 3028 3061 ποῖ
3059 3002 3469 3076 πορευσόμεθα,
3510 3001 3650 3073 μηδὲ

1988 3132 2034 3194 c
2075 3102 2185 3172 μὴν
2202 3101 2432 3194 ἐθέλειν
2474 3100 2538 3154 τὸ
2587 3099 2708 3194 δέον
2759 3099 3043 3194 ψηλαφᾷν,
3084 3099 3151 3154 Ἥ
3206 3097 3405 3170 νομικὴ
3456 3096 3652 3167 διπλόη

2067 3193 2377 3264 παρῆλθεν,
2410 3192 2736 3263 ἀντεισῆλθε
2764 3192 2821 3246 δὲ
2845 3192 2876 3246 6
2895 3191 3066 3263 βαθὺς
3097 3191 3199 3263 μὲν
3227 3190 3307 3263 τῷ
3337 3190 3452 3244 δντι
3498 3188 3650 3253 νοῦς,

2073 3285 2281 3350 ἁπλοῦς
2313 3286 2371 3342 δὲ
2396 3285 2598 3351 ἄλλως,
2635 3285 2825 3339 καθότι
2867 3282 3167 3356 ἐρμηνεύει
3196 3282 3295 3336 καὶ
3324 3281 3520 3350 σαφῶς
3552 3280 3651 3336 καὶ

2071 3377 2292 3452 τρανῶς
2328 3375 2500 3447 αὐτὴν
2526 3375 2626 3449 τὴν
2664 3375 2927 3446 ἀλήθειαν
2945 3390 2961 3407 ο
2988 3375 3049 3428 οὐ
3080 3372 3452 3452 προϐέϐληται
3480 3388 3655 3427 κατα-

2071 3450 2332 3542 πέτασμα
2349 3469 2600 3541 νομικὸν,
2613 3462 2786 3541 οὗπερ
2804 3467 2956 3532 ἐντὸς
2974 3450 3362 3537 κέκρυπταιτὰ
3382 3464 3656 3535 σωτήρια.

2145 3559 2253 3633 κη’.
2278 3561 2394 3616 Οὐκ
2418 3560 2534 3632 ἔχει
2560 3577 2647 3626 τις
2671 3559 2857 3630 λέγειν
2893 3558 2990 3613 καὶ
3012 3559 3072 3613 ἐν
3099 3559 3212 3622 τοῖς
3237 3555 3388 3628 ἄρτι,
3418 3556 3495 3618 ὡς
3511 3553 3658 3623 Ἐγὼ

2073 3655 2177 3724 μὲν
2206 3652 2351 3709 κατὰ
2380 3651 2443 3707 τδ
2482 3653 2801 3724 σωματικὸν
2841 3651 3082 3723 γράμμα
3120 3648 3503 3721 πολιτεύομαι,
3527 3647 3658 3703 τάδε

2075 3745 2173 3801 καὶ
2201 3744 2331 3801 τάδε
2383 3743 2560 3798 ποιῶν
2590 3742 3150 3816 γραμματικώτερον.
3183 3741 3249 3797 Εί
3298 3741 3356 3795 δέ
3386 3758 3440 3794 τι
3490 3757 3659 3794 πνευ-

2077 3837 2309 3909 ματικὸν
2334 3838 2394 3892 ἐν
2428 3838 2615 3901 αὐτοῖς
2645 3837 2978 3909 κέκρυπται,
3013 3836 3099 3898 τίς
3138 3835 3207 3889 ἂν
3236 3835 3448 3905 εἰδείης
3489 3833 3654 3889 ’Δλλὰ

2073 3933 2142 3986 si
2170 3931 2351 3985 πάντα
2379 3932 2549 4002 σαφῆ,
2577 3932 2676 3985 καὶ
2702 3930 2773 3984 τὰ
2815 3930 2913 3984 τοῦ
2947 3929 3306 4000 θεανθρὼπου
3338 3927 3519 3997 Λόγον
3551 3945 3659 3981 πα-

2075 4022 2443 4093 ραγγέλματα
2455 4019 2704 4092 εὔληπτα
2725 4036 2740 4052 ο
2763 4021 2860 4076 καὶ
2880 4020 3110 4073 αὐτόθεν
3132 4018 3425 4090 νοούμενος
3448 4019 3660 4090 γυμνὸς

2075 4113 2313 4178 ἃπαντος
2378 4112 2853 4186 προκαλύμματος
2920 4110 3311 4182 ἐλυτρώδους,,
3353 4112 3383 4165 ό
3440 4112 3658 4165 ἐκεῖθεν

2075 4204 2327 4260 ἔκκειται
2381 4205 2689 4276 μάργαρος.
2742 4204 2818 4259 Τὸ
2869 4205 3097 4275 χρυσίον
3147 4206 3242 4258 καὶ
3277 4202 3341 4256 τὸ
3385 4203 3657 4274 ἀργύριον

2075 4298 2320 4370 καθαρὸν
2363 4298 2741 4370 προϐέϐληται
2773 4296 2870 4354 καὶ
2912 4294 3226 4366 ἀκίϐδηλον,
3278 4295 3433 4350 οὐδέν
3471 4313 3526 4349 τι
3555 4296 3657 4365 βα-

2077 4389 2244 4444 σάνου
2276 4389 2568 4461 δεόμενον·
2601 4391 2652 4443 ei
2677 4388 2854 4459 τίμιοι
2883 4387 3023 4442 λίθοι
3057 4387 3159 4441 οὐκ
3185 4386 3466 4441 ἐθέλουσιν
3499 4386 3658 4458 ἱδρῶ-

391 4490 565 4545 neque
581 4473 824 4528 laborem
846 4470 1173 4526 fodientibus
1190 4470 1501 4540 imponunt.
1521 4470 1624 4537 Qui
1645 4455 1960 4537 dona'tillosl

2076 4497 2199 4546 τας,
2257 4480 2333 4544 ὡς
2387 4480 2796 4553 ἀνιχνεύεσθαι,
2848 4482 2942 4536 καὶ
2973 4481 3170 4543 πόνους
3221 4479 3490 4552 παρέχειν
3539 4481 3657 4543 τοῖς

388 4584 499 4624 non
523 4568 699 4625 solum
728 4563 1308 4638 magniﬁcentissimus
1344 4573 1586 4634 apparet,
1611 4565 1703 4619 sed
1738 4579 1836 4634 pro
1862 4566 1968 4621 im~

390 4676 577 4717 iiieusa
626 4659 798 4731 ipsius
831 4657 1206 4714 misericordia
1246 4655 1515 4725 permittit
1561 4665 1617 4710 ut
1649 4656 1739 4727 qui
1776 4658 1968 4713 volunt

390 4770 590 4810 munus
650 4751 994 4825 percipiant;
1051 4764 1156 4804 non
1225 4751 1420 4819 quatrit
1479 4760 1811 4805 mercatores
1874 4750 1967 4820 qui

390 4863 584 4919 magno
613 4862 739 4902 cum
768 4846 922 4900 lucro
952 4847 1087 4899 istos
1113 4848 1407 4898 revendaut
1428 4858 1727 4915 eorumque
1753 4856 1968 4898 amato-

389 4943 544 4996 ribus
599 4938 876 5009 negotium
940 4938 1248 5003 facessant,
1297 4937 1392 4993 sed
1448 4952 1719 5008 pauperes
1771 4938 1968 5009 spiritu

391 5032 594 5085 intimae
619 5028 871 5083 amicitia:
893 5027 1112 5081 vinculo
1140 5027 1242 5082 sibi
1271 5027 1566 5097 adjuugere
1598 5030 1799 5095 studet,
1831 5044 1969 5101 quos

392 5122 568 5176 ditare
609 5129 792 5190 queat,
841 5119 974 5188 ipsis
1010 5119 1146 5173 dona
1179 5133 1277 5172 sua
1332 5121 1649 5189 impertiens
1692 5133 1854 5192 atque
1900 5124 1968 5178 ad

394 5211 741 5268 beatitudinis
769 5210 1042 5280 fastigium
1079 5210 1339 5265 evehens.

2079 4569 2522 4642 μεταλλεύουσιν.
2577 4572 2638 4625 '0
2687 4572 2895 4626 τούτων
2938 4572 3258 4643 χορηγητὴς
3305 4571 3410 4643 οὐχ
3464 4570 3655 4635 ἁπλῶς

2075 4663 2667 4736 μεγαλοπρεπέστατος
2714 4664 3005 4732 ἔγνωσται,
3049 4664 3188 4719 ἀλλὰ
3234 4663 3515 4737 πλήσμιον
3562 4664 3654 4717 τὸν

2072 4755 2239 4809 αὐτοῦ
2271 4756 2522 4827 προχέων
2546 4755 2697 4811 ἔλεον
2728 4755 2974 4810 ἐνδίδωσι
3003 4755 3215 4826 δωρεὰν
3244 4755 3514 4827 ἀρύεσθαι
3541 4758 3656 4818 τοῖς

2072 4850 2350 4905 ἐθέλουσιο
2384 4850 2480 4904 καὶ
2522 4850 2647 4904 οὺδέ
2675 4850 2832 4922 ζητεῖ
2866 4848 3346 4921 μεγαλεμπόρους,
3393 4843 3478 4912 οἷς
3510 4849 3653 4903 ἀπο-

2073 4942 2308 4997 δὼσεται
2342 4941 2537 5014 βαρείᾳ
2566 4945 2700 5015 τιμῇ
2733 4943 2802 4997 τὰ
2829 4943 3135 5014 ὑπέρτιμα,
3162 4943 3237 5007 ὡς
3269 4944 3514 5005 ἐκείνους
3556 4941 3655 4997 αὖ·

2074 5034 2160 5098 θις
2203 5036 2593 5106 ἁντιτιμᾶτθαι
2640 5035 2782 5089 αὐτὰ
2823 5036 2913 5089 ἐπὶ
2946 5036 3162 5107 ἐμπολῇ
3217 5035 3514 5107 κερδαλέα,
3558 5037 3655 5090 καὶ

2078 5126 2382 5198 πράγματα
2416 5128 2709 5199 παρίσχειν
2743 5130 2856 5192 τοῖς
2907 5127 3089 5182 αὐτῶν
3118 5127 3432 5199 ἐφιεμένοις
3474 5130 3655 5197 ἐμποο

2073 5219 2407 5291 ρικώτερον’
2472 5220 2611 5275 ἀλλὰ
2681 5222 2934 5292 πτωχοὺς
2987 5220 3066 5292 τῷ
3128 5221 3404 5290 πνεύματι
3464 5220 3653 5290 φίλους

392 5304 765 5377 βαθυκόλπους
831 5304 988 5374 ζητεί
1048 5304 1326 5376 εὑρέσθαι,
1401 5303 1495 5371 οὓς
1572 5306 1835 5375 πλουτιεῖ,
1888 5311 2213 5383 παραϐύσας
2264 5315 2448 5378 αὐτοῖς
2503 5315 2573 5369 τὰ
2630 5314 2809 5368 οἰκεία
2884 5314 3056 5389 δῶρα,
3120 5312 3213 5368 καὶ
3284 5312 3511 5377 ὀλϐίσας
3560 5314 3653 5367 ἐπὶ

396 5400 756 5475 μακαρισμῷ.

463 5495 553 5550 29.
595 5494 745 5549 Dolet
778 5495 940 5558 enim,
990 5503 1045 5548 ut
1094 5497 1165 5550 ita
1212 5495 1409 5557 dicam,
1445 5496 1725 5550 immensis
1755 5496 1961 5556 divitiis

392 5588 528 5652 suis,
562 5595 725 5655 atque
760 5586 1025 5640 honorum
1060 5586 1230 5655 ipsius
1258 5587 1549 5655 participes
1575 5587 1818 5644 invenire
1846 5602 1963 5647 stu-

392 5680 500 5745 det,
536 5678 817 5749 improbos
848 5687 902 5733 et
928 5679 1019 5748 qui
1056 5679 1374 5732 thesaurum
1415 5679 1483 5733 ab
1516 5679 1632 5747 ipso
1670 5679 1958 5739 collectum

393 5771 583 5827 rodere
628 5787 689 5825 ac
732 5780 1050 5839 supportare
1081 5770 1328 5835 possint;
1362 5769 1472 5825 imo
1516 5779 1568 5825 et
1599 5770 1842 5832 latrones
1867 5777 1964 5832 ad-

2084 5472 2087 5473 d
2141 5506 2244 5559 10'.
2272 5504 2533 5574 Ἀχθεται
2561 5503 2674 5573 γὰρ
2703 5505 2866 5567 αὐτὸς
2890 5500 3002 5558 οἷον
3027 5503 3103 5576 τῷ
3135 5505 3257 5558 κατ’
3279 5504 3444 5558 αὑτὸν
3468 5505 3650 5575 μυρίῳ

2074 5593 2314 5666 πλούτῳ,
2339 5597 2433 5650 καὶ
2456 5597 2713 5651 ἐπιποθεῖ
2745 5597 2977 5667 μερίτας
3001 5596 3261 5669 εὑρέσθαι
3290 5595 3384 5652 τοῦ
3411 5596 3647 5666 ἀγαθοῦ,

2075 5687 2458 5757 παλαμναίους
2488 5690 2550 5762 δή
2584 5708 2740 5752 τινας
2770 5692 2866 5744 καὶ
2896 5690 3040 5755 οἵους
3085 5690 3411 5762 ἀχθοφορεϊν
3454 5690 3654 5745 ἀτλαν-

2012 5857 2021 5865 .
2070 5778 2368 5849 τικώτερον
2400 5781 2470 5834 τὰ
2518 5781 2650 5849 παρ’
2698 5782 2891 5850 ἐκείνῳ
2938 5780 3418 5852 τεθησαυρισμένα
3467 5782 3645 5839 καλά’
