3916 6244
221 306 326 377 3’2!

845 316 943 377 DE
978 317 1458 383 \OBEDIENTIA
1499 321 1810 385 MAGISTI

1919 325 2041 387 I‘Ul
2082 329 2557 393 CilRlSTIANO
2582 333 2878 397 DEBlTA.

3377 326 3479 392 322

219 423 482 519 «ἐνέχεται
511 423 571 479 δὲ
604 428 698 480 καὶ
731 429 988 501 ἅρπαγας
1022 433 1327 500 εὖσυνέτως
1377 439 1803 510 ἐπερχομένους,

1919 445 2080 498 mittit
2107 446 2340 505 solerter
2372 449 2721 504 advenientes
2753 451 2843 519 qui
2878 449 3021 506 illius
3058 450 3197 505 bona
3232 450 3484 504 auferant

220 514 449 583 βλέπων
502 518 602 571 καὶ
633 520 702 573 τά
757 522 965 577 ἐκείνου
1012 528 1461 597 φορτιζομένους,
1515 530 1607 585 καὶ
1666 530 1809 586 οὕτω

225 604 599 674 βιαζομένους
647 610 749 681 τὴν
783 610 1062 682 βασιλείαν
1094 618 1201 670 τῶν
1254 620 1519 681 οὐρανῶν.
1554 621 1716 692 Φέρει
1749 622 1808 675 δέ

226 713 340 751 που
375 699 469 752 καὶ
505 698 743 768 ἐλλόγως
773 702 1142 777 κλεπτόμενος
1163 725 1178 741 ο
1205 710 1266 762 οὒ
1309 711 1418 778 γὰρ
1461 710 1651 777 δέδιεν,
1683 713 1806 766 ἔπι-

223 787 414 841 λιπεῖν
435 790 600 845 αὐτὸν
626 793 694 848 τὰ
714 796 994 867 κειμήλια.
1022 800 1103 851 ὅτι
1133 800 1267 869 μηδὲ
1296 803 1505 871 πηγαία
1535 819 1619 864 τις
1647 802 1807 872 χύσις

218 881 418 935 αὐτῶν
449 884 506 936 έν
544 886 741 956 ἐκείνῳ
769 888 937 955 ἐστὶν,
981 889 1013 960 ἢ
1057 890 1277 960 πλήθων
1319 895 1584 964 ποταμὸς,
1622 894 1807 965 ἣκόλ-

228 988 339 1037 aro;
366 972 664 1043 θαλάσσιος
684 995 699 1012 ο
723 980 961 1045 ἄϐυσσος
995 984 1095 1051 μὲν
1122 980 1216 1038 οὖν
1244 985 1413 1057 πολλὴ
1450 984 1706 1051 πλούτου,
1737 981 1807 1061 ἧς

224 1064 358 1121 οὔτε
396 1069 580 1141 ῥιζική
611 1088 696 1135 τις
712 1073 960 1145 νενόηται
991 1076 1340 1148 ὑποστάθμη,
1365 1078 1637 1151 ἐπέχουσα
1676 1080 1812 1134 πυϐ-

224 1160 400 1243 μένος
458 1162 647 1229 τόπον,
697 1165 817 1219 οὐδὲ
860 1167 968 1237 μὴν
1018 1170 1217 1240 μέτρον
1270 1171 1474 1240 ῥητόν·
1530 1172 1644 1226 ἀλλ’
1686 1174 1807 1227 οὐδὲ

223 1251 439 1319 γνῶσις
467 1255 565 1326 τῆς
590 1255 756 1309 αὐτοῦ
787 1258 1062 1329 ἀπειρίας,
1093 1259 1169 1331 μὴ
1198 1260 1280 1314 ὅτι
1320 1279 1383 1331 γε
1418 1262 1821 1336 καταληπτικὴ,

217 1343 490 1411 Ἐντελῶς,
548 1347 665 1400 ἀλλ’
699 1348 819 1402 οὐδὲ
867 1350 1176 1420 ἀκροθιγῶς
1222 1354 1279 1405 ἐν
1334 1353 1560 1426 ἐπιδολῇ
1628 1370 1803 1409 κατα-

223 1438 477 1506 νοήσεως
514 1438 786 1508 ψαύουσα.

298 1527 366 1582 λ’.
396 1527 674 1596 Τοιοῦτος,
706 1532 781 1596 ὥς
809 1533 867 1587 ἕν
896 1533 1155 1606 ὀλιγίστῳ
1186 1536 1637 1609 καθυπογράψαι,
1657 1541 1685 1593 δ
1709 1539 1806 1595 καὶ

221 1623 326 1673 τοῦ
344 1621 530 1692 τρίτου
554 1625 649 1679 καὶ
669 1623 791 1678 νέου
812 1614 979 1696 νόμου
998 1626 1162 1700 δοτὴρ
1180 1629 1331 1693 Θεὸς,
1348 1629 1494 1685 οὕτω
1511 1633 1803 1702 παμπλού-

226 1728 371 1778 stoc,
395 1711 538 1768 οὕτω
559 1715 959 1788 μεγαλόδωρος,
989 1720 1197 1794 καὶμὴν
1219 1726 1312 1779 καὶ
1334 1722 1589 1790 γνώσεων
1616 1725 1806 1797 κύριος

1914 541 1969 589 et
2004 535 2083 591 sic
2118 550 2285 607 regno
2311 537 2573 594 calorum
2603 540 2710 594 vim
2743 541 3000 598 inferant.
3040 541 3311 597 Lubcnter
3346 542 3485 610 pati-

1917 633 2007 681 tur
2036 627 2239 684 furtum
2287 645 2411 685 cum
2443 632 2728 700 prudentia
2758 641 3158 702 perpetratum;
3195 649 3299 686 non
3338 633 3482 687 enim

1916 720 2130 784 metuit,
2171 736 2238 776 ne
2288 721 2460 790 ipsius
2503 724 2703 778 divitiae
2735 741 2971 795 unquam
2998 724 3268 788 deﬁciant,
3309 725 3483 792 siqui-

1915 811 2037 865 dem
2073 827 2249 882 neque
2287 829 2409 869 cum
2453 814 2612 883 aquis
2657 818 3102 880 scaturientihus,
3134 830 3315 886 neque
3357 832 3479 871 cum

1913 898 2079 957 ﬂuvio
2130 901 2323 972 pleno,
2384 919 2562 973 neque
2615 920 2734 959 cum
2792 908 2960 961 maris
3003 907 3126 962 sinu
3177 907 3483 975 comparari

1913 1002 2141 1061 queunt,
2174 994 2268 1048 sed
2315 995 2495 1062 potius
2528 997 2649 1052 fons
2695 996 3005 1052 divitiarum
3039 1007 3123 1053 cst
3162 999 3483 1059 immensus,

1912 1084 2065 1150 cujus
2092 1101 2266 1155 neque
2297 1087 2537 1142 ambitus
2565 1102 2742 1157 neque
2765 1088 3106 1159 profunditas
3135 1098 3313 1146 mente
3339 1104 3489 1141 00m-

1910 1176 2195 1245 prehemli,
2228 1192 2400 1247 ucqne
2437 1180 2541 1233 ulla
2571 1195 2823 1234 mensura
2857 1179 3067 1235 deliniri
3096 1189 3289 1249 potust,
3322 1180 3476 1248 cujus

1913 1264 2147 1332 denique
2197 1267 2532 1323 immensitas
2577 1278 2786 1323 tantum
2839 1270 2993 1323 abest
3056 1278 3115 1321 ut
3168 1269 3276 1322 ullo
3326 1271 3483 1319 modo

1913 1358 2364 1428 perspici'qucat,
2414 1371 2474 1416 ut
2520 1377 2586 1415 ne
2620 1362 2927 1431 conjectura
2962 1362 3181 1432 quidem
3205 1376 3323 1415 eam
3359 1362 3482 1429 quis

1917 1453 2132 1519 assequi
2184 1453 2385 1508 valeat.

1984 1540 2073 1596 30.
2117 1542 2261 1600 Talis
2308 1558 2372 1600 ac
2429 1554 2631 1612 tantus,
2696 1555 2757 1602 ut
2805 1545 3002 1600 breves
3064 1545 3256 1609 simus,
3317 1544 3489 1597 tertiae

1914 1648 2130 1707 quoque
2171 1651 2235 1691 ac
2276 1652 2428 1691 nova:
2461 1638 2595 1706 legis
2635 1647 2827 1693 auctor
2853 1648 2934 1694 est
2963 1636 3127 1703 Deus,
3162 1653 3270 1692 non
3311 1635 3487 1691 solum

1913 1729 2242 1796 ditissimus,
2272 1729 2367 1785 sed
2398 1730 2561 1785 etiam
2589 1745 2874 1786 munerum
2902 1732 3149 1802 largitate
3177 1726 3491 1799 prrcellcn-

222 1807 331 1860 καὶ
350 1806 671 1878 αὐτοσοφία.
692 1810 783 1864 Διδ
815 1815 912 1866 καὶ
940 1813 968 1868 ό
997 1813 1163 1885 νόμος
1190 1815 1358 1869 αὑτοῦ
1390 1816 1611 1883 ὲπάξιος
1634 1818 1808 1872 τοιού-

1919 1819 2175 1885 tissimus,
2210 1821 2387 1878 omnis
2429 1823 2671 1877 scientia:
2708 1822 2967 1879 Dominus
3012 1832 3174 1892 atque
3217 1818 3486 1888 sapientia

223 1912 329 1949 του
363 1899 605 1968 μεγάλου
633 1899 922 1969 λογοθέτου
947 1905 1042 1958 καὶ
1067 1905 1358 1977 νομοδότου
1387 1910 1482 1962 καὶ
1515 1909 1807 1979 νομοθέτου

225 1988 375 2060 πρὸς
393 1989 472 2060 τῷ
507 1991 662 2062 βάθει
691 1993 802 2049 τῶν
823 1996 1064 2065 ἐννοιῶν,
1090 2000 1187 2053 καὶ
1219 1999 1338 2071 φῶς
1356 2002 1685 2056 ἀποπάλλων
1713 2001 1810 2076 αρ-

224 2081 402 2151 ’ῥητον
428 2085 725 2153 σαφηνείας
750 2089 863 2152 τοῖς
883 2089 1151 2161 ὲπαξίοις,
1176 2096 1271 2149 καὶ
1291 2095 1596 2165 ἀκροᾶσθαι
1616 2094 1807 2160 αὑτοῦ,

229 2175 333 2226 καὶ
362 2173 559 2247 λύχνον
599 2179 795 2234 τοῦτον
841 2183 956 2246 τοϊς
999 2185 1127 2239 ποσὶ⁵
1155 2187 1252 2241 καὶ¹
1278 2188 1393 2257 τῶς
1425 2190 1544 2253 ταῖς
1572 2189 1810 2252 οἰκείαις

226 2265 448 2339 τρίϐοις
470 2269 621 2342 ἔχειν
650 2278 1147 2345 προπορευόμενον.

298 2447 409 2502 λα’.
430 2448 498 2503 Ei
520 2450 577 2504 δέ
603 2467 746 2515 τινες
773 2454 868 2506 καὶ
896 2454 1006 2509 τῶν
1031 2456 1197 2511 αὑτοῦ
1226 2460 1583 2529 παραδόσεων
1608 2480 1812 2535 μυστη-

226 2539 474 2612 ’ριῶδεις,
514 2538 602 2596 οἷα
638 2545 973 2612 τελεστικαὶ,
1010 2551 1106 2602 καὶ
1148 2550 1322 2615 ἄλλως
1359 2552 1415 2606 δὲ
1465 2555 1804 2624 ἀπόκρυφοι,

227 2632 332 2685 καὶ
358 2630 431 2686 δι’
452 2632 586 2687 αὐτο
617 2633 853 2704 βαθεῖαι,
889 2638 1000 2701 καὶ,
1029 2639 1105 2704 ὡς
1134 2641 1306 2706 οὕτως
1340 2643 1527 2712 φάναι,
1556 2644 1808 2713 νύκτεροι

227 2724 346 2786 τοῖς
371 2722 452 2794 μὴ
480 2722 575 2788 ὀξὺ
607 2723 862 2794 βλέπουσι
887 2728 1101 2794 (πολλαὶ⁵
1149 2732 1205 2785 δὲ
1231 2735 1322 2785 καὶ
1348 2734 1599 2789 τοιαῦταί
1624 2737 1808 2809 είσιν),

231 2813 350 2866 ἀλλ’
382 2815 546 2877 αὐτὸς
580 2816 713 2887 ῥᾷον
734 2817 1111 2873 ἀποκαλύπτει
1131 2821 1256 2887 τοὺς
1285 2822 1441 2892 ἡμῶν
1469 2823 1806 2896 ὀφθαλμοὺς,

233 2906 397 2976 ein-sp
421 2907 684 2978 ἐθέλομεν
705 2925 719 2940 ο
751 2911 845 2962 καὶ
878 2910 955 2973 ὡς
983 2913 1046 2965 ἐκ
1088 2913 1281 2976 νυκτὸς
1315 2914 1665 2987 όρθρίζοντες
1695 2937 1809 2987 φω-

233 2999 521 3066 τιζόμεθα,
550 3002 641 3055 καί
675 3001 1046 3071 κατανοοῦμεν
1068 3003 1211 3058 οὕτω
1233 3006 1300 3058 τὰ
1324 3006 1605 3077 θαυμάσια
1635 3011 1811 3067 πάντα

233 3094 297 3144 ἐκ
328 3091 428 3146 τοῦ
462 3094 632 3163 νόμου
666 3092 853 3154 αὐτοῦ,
886 3094 953 3149 τά
983 3094 1153 3149 πλείω
1183 3097 1282 3167 μὲν
1309 3098 1369 3164 ἐξ
1419 3101 1685 3171 ἀφορμῶν

232 3183 605 3245 δασκαλικῶν,
657 3183 757 3237 οὐκ
792 3185 946 3253 ὀλίγα
987 3185 1045 3239 δὲ
1081 3188 1175 3240 καὶ
1210 3190 1354 3243 κατὰ
1402 3189 1587 3245 ἔνθεον
1631 3195 1807 3260 ἄλλως

234 3276 548 3332 ἐπίπνοιαν.
582 3278 714 3331 Ὅτε
734 3278 825 3331 καὶ
846 3277 960 3332 ἔστι
986 3282 1099 3344 τοῖς
1130 3281 1255 3335 καθ’
1286 3284 1435 3353 ἡμᾶς
1460 3284 1660 3354 λέγειν,
1688 3290 1809 3362 οὐχ,

234 3368 311 3422 ὅτι
344 3369 404 3426 ἐς
457 3368 584 3420 ὅσον
614 3368 673 3421 τὸ
708 3369 897 3433 σκότος
927 3372 1082 3439 ἡμῖν,
1123 3373 1181 3434 ές
1218 3373 1474 3428 τοσοῦτον
1511 3381 1604 3430 καὶ
1644 3378 1708 3431 τδ
1750 3380 1810 3445 ἐξ

233 3456 638 3531 άποκαλύψεως
666 3461 902 3532 ἀνασχόν
930 3463 1064 3531 φῶς,
1122 3465 1240 3519 ἀλλ’
1265 3466 1348 3519 ὅτι
1384 3468 1807 3539 πολλαπλάσιον,

232 3558 305 3620 ὡς
337 3556 476 3623 μηδὲ
519 3556 1030 3609 καθυποϐἀλλεσθαι
1059 3556 1300 3626 ἀριθμῷ,
1330 3557 1425 3612 καὶ
1452 3560 1557 3625 ὅτι,
1599 3561 1807 3615 ἀπελα-

233 3648 420 3712 θέντος
448 3647 547 3702 τοῦ
579 3649 723 3702 κατὰ
759 3647 984 3718 ἄγνοιαν
1018 3648 1363 3718 νεφώματος,
1398 3650 1431 3722 ἢ
1476 3652 1567 3706 καὶ
1609 3653 1812 3724 ἑτέρως

234 3741 424 3810 φάναι,
448 3738 840 3792 eammeam:
866 3741 959 3792 καί
981 3739 1324 3805 διατεθέντος
1351 3743 1432 3804 είς
1460 3745 1812 3817 χρηστότητα

233 3833 513 3903 γνώσεως,
540 3832 746 3900 ἔφαναν
776 3831 989 3885 ἐκεῖθεν
1019 3832 1076 3886 αί
1121 3832 1403 3904 ἀστραπαὶ
1434 3839 1533 3906 τῆς
1571 3838 1810 3907 θεογνω-

237 3927 355 3989 σίας
383 3929 501 3988 τοῖς
540 3928 598 3978 ὲν
626 3926 692 3996 τῇ
742 3924 1058 3997 οἰκουμένῃ,
1090 3926 1186 3979 ἐὰν
1229 3927 1309 3997 μὴ
1341 3945 1646 3997 κοιμωνται
1677 3933 1810 3985 ἀπο.

235 4021 626 4088 νυστάξαντες,
659 4019 691 4089 ἢ
745 4017 1122 4087 τυφλώττωσι.
1178 4018 1330 4078 Τέως
1364 4038 1427 4088 γε
1464 4022 1591 4092 μὴν,
1624 4027 1673 4076 εί
1717 4027 1812 4079 καὶ

239 4114 520 4184 μυστήρια
550 4115 578 4166 ό
610 4111 785 4174 ἄλλως
835 4109 932 4179 μὲν
963 4110 1292 4175 τελευταῖος,
1321 4112 1534 4182 ἀληθῶς
1568 4116 1623 4168 δὲ
1664 4116 1807 4185 πρά).

237 4223 418 4267 τιστος
452 4206 666 4273 κόσμος
694 4203 788 4257 καὶ
818 4204 983 4273 νόμος
1030 4203 1488 4257 δυσανακάλυπτα
1532 4206 1666 4276 ἔχει,
1717 4212 1812 4266 καὶ

237 4295 323 4354 οἷα
347 4297 472 4368 Θεῷ
499 4298 651 4366 μόνῳ
685 4294 1009 4357 καταληπτά
1032 4290 1174 4348 εἶναι
1208 4295 1404 4360 δοκεῖν,
1435 4296 1509 4368 μὴ
1530 4298 1597 4352 ἂν
1619 4300 1674 4351 δέ
1705 4318 1810 4354 τινι

238 4391 344 4443 τῶν
372 4386 703 4458 ἀνθρώπων,
736 4385 842 4447 ἔως
885 4384 952 4439 ἂν
999 4386 1208 4448 ἐκεῖνος
1236 4389 1349 4450 τοῖς
1392 4387 1564 4452 ἀξίοις
1596 4392 1808 4463 ἐκφήνῃ

1731 3105 1809 3161 διο
1836 3140 1876 3195 c

1912 1912 2050 1982 ipsa.
2080 1911 2261 1979 Quare
2306 1912 2475 1969 etiam
2508 1913 2592 1967 lex
2628 1913 2748 1983 ejus
2776 1913 2938 1985 digna
2966 1922 3053 1968 est
3089 1919 3236 1968 tanto
3265 1909 3485 1978 legisla-

1912 2010 2028 2057 tore
2079 2004 2259 2072 quoad
2308 2002 2593 2058 eliatorum
2649 2001 3096 2071 profunditatem,
3148 2009 3312 2069 atque
3363 1998 3487 2052 luce

1910 2091 2237 2169 cognitionis
2269 2091 2527 2146 indicibili
2564 2090 2850 2148 collustrat
2878 2106 2972 2146 eos
3005 2090 3096 2161 qui
3144 2089 3263 2159 ejus
3296 2102 3481 2142 vocem

1909 2183 2105 2237 audire
2135 2193 2192 2238 et
2241 2183 2400 2238 istam
2435 2183 2707 2238 lucernam
2759 2183 2999 2253 ipsorum
3051 2196 3272 2252 gressus
3310 2177 3485 2234 comi~

1911 2283 2110 2330 tantem
2138 2285 2191 2330 et
2220 2275 2396 2330 lucem
2429 2276 2673 2346 ipsorum
2706 2277 2930 2331 semitas
2968 2275 3354 2330 cmiduccntem
3390 2269 3490 2324 ha-

1910 2366 2038 2421 bere
2073 2367 2387 2438 dignantur.
2578 2354 2583 2365 ’

1979 2463 2068 2519 ⁸51.
2091 2463 2210 2518 Jam
2243 2479 2374 2519 vero
2408 2465 2533 2519 licet
2560 2465 2803 2535 quaedam
2828 2460 2946 2529 ejus
2971 2459 3112 2514 dicta
3146 2456 3255 2512 sint
3283 2455 3485 2509 obscu-

1911 2571 1992 2618 ra,
2019 2566 2293 2627 quatenus
2322 2557 2579 2628 mysteria
2611 2556 2912 2621 continent,
2948 2563 3002 2609 et
3036 2549 3311 2605 intellectu
3347 2543 3489 2601 ditii-

1910 2650 2029 2703 cilia
2068 2649 2139 2704 ob
2183 2664 2402 2705 sensum
2438 2647 2790 2719 profundum,
2826 2656 2880 2701 et
2912 2645 2979 2702 iis
3024 2642 3118 2714 qui
3160 2640 3275 2695 visu
3302 2637 3486 2693 hebeti

1911 2740 2178 2804 laborant,
2229 2739 2424 2802 noctis,
2480 2749 2537 2793 ut
2606 2739 2679 2793 ita
2737 2739 2936 2797 (licam,
2991 2733 3197 2789 umbris
3245 2729 3486 2786 involuta

1912 2830 2058 2899 (sunt
2090 2840 2270 2885 autem
2313 2830 2591 2898 plurima),
2629 2839 2810 2883 tamen
2853 2829 2972 2898 ipse
3010 2825 3263 2880 lubenter
3299 2820 3489 2877 oculos

1913 2931 2126 2976 nostros
2151 2921 2345 2985 aperit,
2381 2920 2428 2977 si
2466 2920 2624 2975 modo
2659 2919 2904 2983 velimus,
2930 2933 3038 2987 quo
3071 2916 3129 2971 llt
3173 2923 3228 2969 ut
3263 2912 3427 2970 veluti
3456 2925 3487 2966 e

1911 3022 2073 3066 noete
2104 3006 2807 3080 emergentesillustremnr
2833 3023 2897 3063 ac
2922 3006 3190 3062 mirabilia
3222 3017 3340 3072 ιιιιεε
3366 3002 3488 3073 ⁰Ῑ¹¹³

1913 3103 2030 3172 lege
2069 3101 2447 3166 continentur,
2479 3101 2871 3170 intelligamus,
2899 3099 3077 3154 edocti
3125 3094 3424 3164 saepissime
3454 3105 3485 3144 a

1913 3196 2247 3257 doctoi'ibns,
2283 3193 2578 3249 illuminati
2609 3202 2789 3248 autem
2827 3204 3218 3261 nonnunquam
3251 3186 3487 3255 Spiritus

1912 3290 2077 3342 divini
2114 3287 2318 3342 afflatu.
2368 3287 2520 3343 Tunc
2554 3301 2686 3343 vero
2744 3293 2888 3341 πνοι-ιο
2930 3284 3115 3340 dicere
3147 3292 3484 3352 possumus:
3543 3272 3548 3277 ’

1912 3379 2028 3435 Νοιι
2056 3381 2229 3435 solum
2270 3389 2470 3449 quanta
2499 3394 2601 3434 nox
2633 3389 2684 3433 et
2717 3378 2892 3448 caligo
2932 3392 3030 3431 nos
3069 3373 3304 3437 tenebat,
3338 3380 3487 3425 tanta

1914 3481 1944 3521 e
1972 3467 2301 3521 revelatione
2329 3467 2480 3520 nobis
2512 3465 2597 3519 lux
2629 3465 2851 3531 affulsit,
2877 3465 2973 3519 sed
3011 3463 3340 3524 sexcenties,
3374 3461 3487 3515 imo

1914 3559 2169 3615 iuliuities
2203 3560 2350 3629 plus:
2382 3560 2645 3628 dispersis
2683 3559 2828 3613 enim
2880 3557 3198 3628 ignorantia!
3228 3552 3485 3615 nubibus,

1913 3662 2027 3713 aut,
2056 3661 2114 3704 ut
2146 3650 2303 3705 aliter
2327 3652 2525 3715 dicam,
2556 3648 2861 3719 cognitione
2890 3658 3094 3704 mutata
3125 3657 3177 3702 et
3199 3648 3265 3702 ad
3294 3645 3487 3701 melius

1915 3755 2123 3808 evecta,
2149 3744 2295 3801 illinc
2319 3745 2524 3816 fulgura
2553 3746 2810 3800 doctrinae
2834 3746 3027 3801 divinae
3055 3759 3151 3813 per
3171 3743 3483 3798 universum

1918 3836 2300 3906 resplemluere
2352 3846 2621 3891 terrarum
2672 3838 2885 3896 orbem.
2939 3835 2984 3890 si
3030 3836 3191 3889 modo
3234 3831 3490 3888 homines

1918 3942 2023 3980 non
2098 3926 2401 3980 dormirent
2464 3935 2554 3980 aut
2630 3927 2877 3980 cmcitate
2962 3923 3485 3991 constringerentur.

1915 4018 2206 4080 Craterum,
2250 4017 2463 4072 etiamsi
2492 4018 2704 4081 ultima,
2739 4017 2819 4072 vel
2864 4015 3043 4086 potius
3076 4015 3249 4086 prima
3282 4013 3372 4069 illa
3399 4012 3488 4068 lex

1915 4108 2174 4177 praeclara
2216 4109 2461 4164 continet
2508 4109 2764 4179 mysteria
2809 4107 3234 4175 inexplicabilia,
3283 4115 3337 4160 et
3385 4104 3489 4159 soli

1915 4201 2045 4262 Deo,
2091 4210 2147 4254 ut
2178 4199 2411 4265 videtur,
2452 4198 2983 4267 comprclieusibilia,
3024 4212 3126 4250 non
3170 4205 3348 4250 autem
3390 4196 3486 4250 ulli

1915 4293 2139 4358 homini,
2167 4293 2477 4361 priusquam
2506 4292 2595 4347 ille
2624 4293 2723 4346 ista
2755 4291 3072 4346 revelaverit
3112 4289 3178 4343 iis
3203 4291 3294 4359 qui
3337 4288 3489 4357 digni

1914 4394 2080 4441 sunt:
2123 4393 2302 4440 tamen
2342 4387 2393 4439 in
2443 4385 2626 4439 multis
2671 4385 2822 4447 locis,
2861 4399 3034 4454 neque
3068 4383 3239 4438 solum
3278 4381 3484 4445 multis,

242 4482 399 4543 αὐτὰ,
426 4483 581 4550 ὅμως
616 4479 674 4531 ὲν
706 4476 924 4539 πολλοῖς
956 4478 1163 4541 τόποις,
1197 4480 1292 4532 καὶ
1335 4480 1434 4550 οὐχ
1465 4481 1654 4545 ἁπλῶς
1686 4485 1810 4536 πολ-

1919 4477 2010 4532 sed
2037 4479 2199 4532 etiam
2221 4478 2418 4531 talibus
2438 4477 2703 4542 imprimis
2725 4477 2814 4531 illa
2840 4477 3038 4530 clarius
3060 4475 3489 4544 perspiciuntur.

244 4574 371 4634 λοῖς,
408 4572 548 4626 ἀλλὰ
582 4571 677 4624 καὶ
734 4570 879 4640 μάλα
925 4569 1203 4633 τοσούτοις
1256 4571 1398 4624 πάνυ
1444 4571 1813 4644 ἐξαστράπτει

246 4667 377 4720 αὐτὰ
416 4665 559 4735 πρὸς
604 4665 937 4733 σαφήνειαν·
983 4663 1077 4716 καὶ
1108 4664 1262 4716 οὐδέν
1301 4680 1350 4716 τι
1387 4667 1444 4717 ἐν
1481 4667 1664 4731 αὐτοῖς
1705 4666 1813 4719 δει-

248 4761 345 4823 νῶς
398 4757 879 4828 περινενοημὲνον,
928 4758 1040 4820 καὶ,
1072 4756 1145 4818 ὡς
1181 4757 1373 4821 εἰπεῖν,
1412 4756 1641 4821 ἑλικτὸν,
1691 4758 1813 4811 οὐδὲ

251 4851 378 4920 βαθὺ
435 4851 532 4903 καὶ
570 4848 822 4919 κρύφιον,
863 4846 985 4899 οὐδὲ
1034 4847 1430 4915 ἁνακαλύῴεως
1474 4851 1551 4910 εἰς
1602 4849 1812 4918 μακρὸν

248 4943 646 5014 ἑρμηνευτικῆς
679 4939 774 4991 ἐπὶ
808 4940 1108 5010 καταλήψει
1155 4939 1427 5009 δεόμενον.

312 5038 409 5106 ὶβ’.
460 5035 671 5088 Λύτίκα
713 5033 845 5100 γοῦν
887 5034 1054 5103 χύδην
1098 5033 1539 5104 προόεϐὶημένον
1571 5032 1814 5086 ἔκκειται

251 5131 471 5185 αὖτόθεν
498 5128 756 5197 εὐμαθῶς
789 5126 894 5178 ὑπὸ
914 5126 1021 5177 τῶν
1054 5127 1363 5194 φιλοκάλων
1389 5125 1817 5195 εἰσοικιζόμενον

250 5226 332 5275 τό·
370 5241 388 5272 ι
418 5219 701 5287 Ἀγαπᾶτε
744 5216 1022 5285 ἀλλήλους,
1065 5215 1154 5267 καὶ
1182 5215 1255 5284 μὴ
1282 5215 1565 5286 ψεύδεσθε,
1595 5217 1687 5268 καὶ
1734 5216 1808 5288 μὴ

255 5311 658 5377 συκοφαντεῖτε.
683 5306 817 5359 ἀλλᾶ
849 5306 1306 5376 πραγματεύεσϐε
1330 5301 1466 5359 εἶναι
1503 5305 1777 5375 ἅνθρωποι
1801 5322 1819 5338 ο

258 5400 445 5467 μᾶλλον
475 5400 575 5467 μὲν
608 5392 699 5449 οὖν
720 5396 855 5465 μηδὲ
880 5394 1335 5465 πραγματεύεσῠε
1364 5395 1544 5449 τοῦτο.
1577 5414 1595 5447 ι
1617 5396 1682 5447 Τί
1704 5395 1814 5468 γὰρ

256 5490 726 5558 πραγματειῶδες,
758 5490 938 5541 ποιεῖν
967 5489 1204 5551 εὐθέτως
1234 5489 1328 5541 καὶ
1362 5489 1498 5558 μετὰ
1531 5488 1822 5560 ῥᾳστώνης

256 5581 604 5652 ἀπράγμονος
656 5580 717 5634 τὸ
764 5580 988 5651 ὄτεχνον
1031 5581 1257 5649 ἀγαθὸν,
1289 5583 1351 5632 τδ
1384 5580 1617 5652 πρέπον,
1652 5582 1819 5651 φημὶ,

258 5675 363 5733 τοῖς
396 5672 727 5742 ἀνθρώποις,
771 5673 1044 5740 ἀγελαῖον,
1080 5672 1425 5744 φιλάλληλον,
1458 5673 1554 5726 καὶ
1600 5672 1660 5726 τὸ
1693 5673 1826 5744 ἅλη-

265 5762 434 5819 ιτεύειν
464 5764 793 5833 κοινότερον,
842 5765 1119 5832 περινοίας
1172 5764 1390 5831 ἁπάσης
1443 5764 1589 5831 δίχα,
1641 5765 1697 5819 ἓν
1743 5763 1823 5832 τῶ

1915 4570 1989 4625 ita
2020 4581 2075 4624 ut
2108 4570 2219 4625 fere
2264 4570 2395 4624 nihil
2434 4571 2720 4626 admodum
2775 4571 3062 4622 obscurum
3100 4576 3155 4622 et
3186 4565 3347 4620 veluti
3376 4576 3488 4620 toro

1920 4669 2155 4724 tuosum,
2181 4659 2311 4713 nihil
2341 4658 2662 4729 profundum
2689 4666 2743 4711 et
2763 4657 3156 4721 absconditum,
3183 4656 3319 4708 nihil
3342 4653 3487 4724 quod

1915 4751 2073 4821 longa
2126 4751 2571 4819 interpretatione
2621 4750 2686 4803 ad
2731 4749 3060 4803 intellectum
3114 4748 3372 4818 indigeat,
3428 4747 3484 4803 in

1919 4845 2022 4900 illis
2064 4844 2382 4914 reperiatur.

1989 5026 2080 5082 52.
2109 5024 2302 5080 Statim
2347 5022 2510 5090 igitur
2552 5023 2695 5076 inter
2746 5021 2975 5092 plurima
3022 5023 3148 5077 illud
3191 5040 3221 5078 ιι
3270 5023 3486 5079 virtutis

1920 5118 2177 5171 studiosis
2246 5116 2489 5169 lubenter
2563 5115 2873 5184 :ulOplatum
2946 5115 3104 5169 nobis
3181 5117 3485 5172 occurrit:

1928 5228 1945 5260 ι
1986 5209 2198 5277 Diligite
2246 5221 2341 5260 vns
2380 5207 2647 5269 invicem,
2706 5220 2881 5274 neque
2934 5206 3269 5271 mentimini,
3308 5223 3487 5278 neque

1923 5300 2352 5366 calumniamini,
2387 5300 2478 5354 sed
2507 5298 2726 5352 solliciti
2758 5306 2930 5353 estote
2954 5297 3022 5352 de
3051 5313 3116 5352 eo
3156 5308 3210 5351 ut
3243 5298 3489 5356 homines

1924 5396 2059 5458 sitis,
2082 5393 2163 5449 vel
2194 5392 2396 5464 potius,
2420 5405 2486 5445 ne
2514 5391 2579 5445 de
2610 5391 2712 5446 hoc
2742 5391 2955 5459 quidem
2986 5399 3159 5444 estote
3188 5390 3425 5446 solliciti.
3463 5409 3485 5444 ι

1927 5487 2028 5554 Qui
2061 5485 2204 5540 enim
2240 5481 2456 5537 difﬁcile
2480 5483 2624 5544 erit,
2661 5480 2870 5535 sincere
2912 5488 2966 5534 ct
3011 5491 3261 5548 prompto
3308 5482 3491 5534 animo

1927 5574 2143 5645 operari
2193 5573 2244 5628 id
2282 5573 2424 5644 quod
2468 5572 2789 5637 simpliciter
2829 5578 2913 5626 est
2965 5572 3191 5630 bonum.
3236 5568 3488 5623 nimirum

1927 5667 2076 5722 illum
2102 5664 2193 5735 qui
2217 5664 2464 5720 homines
2488 5662 2648 5718 decet
2673 5674 2915 5717 mutuum
2941 5676 3202 5722 amorem,
3228 5667 3281 5713 et
3306 5658 3492 5713 dicere

1926 5758 2212 5817 veritatem
2247 5757 2368 5816 sine
2396 5756 2503 5813 ulla
2531 5755 2720 5812 fraude
2754 5754 2838 5811 vel
2862 5752 3114 5814 artificio,
3139 5752 3210 5804 ita
3243 5760 3324 5814 ut,
3350 5748 3496 5819 quod
