  <div class='ocr_page' id='page_1' title='image "/cluster/home/n/w/nwhite01/storage/ocr_20150623/136/mdp.39015038093210/171.png"; bbox 0 0 3916 6244; ppageno 0'>
   <div class='ocr_carea' id='block_1_1' title="bbox 417 266 523 330">
    <p class='ocr_par' dir='ltr' id='par_1_1' title="bbox 417 266 523 330">
     <span class='ocr_line' id='line_1_1' title="bbox 417 266 523 330; baseline 0 0"><span class='ocrx_word' id='word_1_1' title='bbox 417 266 523 330; x_wconf 75' lang='grc'><strong>327</strong></span> 
     </span>
    </p>
   </div>
   <div class='ocr_carea' id='block_1_2' title="bbox 1085 260 2908 349">
    <p class='ocr_par' dir='ltr' id='par_1_2' title="bbox 1085 260 2908 349">
     <span class='ocr_line' id='line_1_2' title="bbox 1085 260 2908 349; baseline 0.002 -25"><span class='ocrx_word' id='word_1_2' title='bbox 1085 260 1506 327; x_wconf 83' lang='lat' dir='ltr'><strong>EUSTATHII</strong></span> <span class='ocrx_word' id='word_1_3' title='bbox 1542 260 2307 349; x_wconf 12' lang='lat' dir='ltr'><strong>‘THESSALONICENSIS</strong></span> <span class='ocrx_word' id='word_1_4' title='bbox 2344 262 2908 328; x_wconf 68' lang='grc' dir='ltr'><strong>ΜΕΤΒΟΡΟΙᾸΤιΕ</strong></span> 
     </span>
    </p>
   </div>
   <div class='ocr_carea' id='block_1_3' title="bbox 3564 262 3671 325">
    <p class='ocr_par' dir='ltr' id='par_1_3' title="bbox 3564 262 3671 325">
     <span class='ocr_line' id='line_1_3' title="bbox 3564 262 3671 325; baseline -0.009 0"><span class='ocrx_word' id='word_1_5' title='bbox 3564 262 3671 325; x_wconf 75' lang='lat'><strong>338</strong></span> 
     </span>
    </p>
   </div>
   <div class='ocr_carea' id='block_1_4' title="bbox 418 372 2004 448">
    <p class='ocr_par' dir='ltr' id='par_1_4' title="bbox 418 372 1989 448">
     <span class='ocr_line' id='line_1_4' title="bbox 418 372 1989 448; baseline -0.004 -17"><span class='ocrx_word' id='word_1_6' title='bbox 418 384 700 448; x_wconf 76' lang='lat' dir='ltr'><strong>cogentur,</strong></span> <span class='ocrx_word' id='word_1_7' title='bbox 743 372 1108 445; x_wconf 77' lang='lat' dir='ltr'><strong>navigaturos,</strong></span> <span class='ocrx_word' id='word_1_8' title='bbox 1140 375 1384 443; x_wconf 84' lang='lat' dir='ltr'><strong>inquam,</strong></span> <span class='ocrx_word' id='word_1_9' title='bbox 1411 373 1502 443; x_wconf 88' lang='lat' dir='ltr'><strong>qui</strong></span> <span class='ocrx_word' id='word_1_10' title='bbox 1537 372 1773 443; x_wconf 76' lang='lat' dir='ltr'><strong>ligonem</strong></span> <span class='ocrx_word' id='word_1_11' title='bbox 1820 383 1989 425; x_wconf 85' lang='lat' dir='ltr'><strong>terre-</strong></span> 
     </span>
    </p>
   </div>
   <div class='ocr_carea' id='block_1_5' title="bbox 2111 372 3671 448">
    <p class='ocr_par' dir='ltr' id='par_1_5' title="bbox 2111 372 3671 446">
     <span class='ocr_line' id='line_1_5' title="bbox 2111 372 3671 446; baseline 0.003 -22"><span class='ocrx_word' id='word_1_12' title='bbox 2111 372 2344 427; x_wconf 71' lang='grc' dir='ltr'>παλεύειν</span> <span class='ocrx_word' id='word_1_13' title='bbox 2369 376 2495 439; x_wconf 79' lang='grc' dir='ltr'>τοὺς</span> <span class='ocrx_word' id='word_1_14' title='bbox 2526 377 2675 446; x_wconf 87' lang='grc' dir='ltr'>αύτῷ</span> <span class='ocrx_word' id='word_1_15' title='bbox 2706 376 3175 446; x_wconf 80' lang='grc' dir='ltr'><strong>πεπιστευμένους</strong></span> <span class='ocrx_word' id='word_1_16' title='bbox 3214 375 3487 442; x_wconf 82' lang='grc' dir='ltr'>βιάσεται,</span> <span class='ocrx_word' id='word_1_17' title='bbox 3531 393 3671 429; x_wconf 85' lang='grc' dir='ltr'>σκα-</span> 
     </span>
    </p>
   </div>
   <div class='ocr_carea' id='block_1_6' title="bbox 416 463 1992 534">
    <p class='ocr_par' dir='ltr' id='par_1_6' title="bbox 416 463 1992 534">
     <span class='ocr_line' id='line_1_6' title="bbox 416 463 1992 534; baseline -0.007 -6"><span class='ocrx_word' id='word_1_18' title='bbox 416 481 585 528; x_wconf 85' lang='lat' dir='ltr'><strong>strem</strong></span> <span class='ocrx_word' id='word_1_19' title='bbox 633 473 944 527; x_wconf 78' lang='lat' dir='ltr'><strong>deserentes</strong></span> <span class='ocrx_word' id='word_1_20' title='bbox 993 479 1046 524; x_wconf 87' lang='lat' dir='ltr'><strong>et</strong></span> <span class='ocrx_word' id='word_1_21' title='bbox 1090 485 1184 522; x_wconf 82' lang='lat' dir='ltr'><strong>vas</strong></span> <span class='ocrx_word' id='word_1_22' title='bbox 1219 482 1473 523; x_wconf 85' lang='lat' dir='ltr'><strong>securum</strong></span> <span class='ocrx_word' id='word_1_23' title='bbox 1516 465 1644 520; x_wconf 89' lang='lat' dir='ltr'><strong>vino</strong></span> <span class='ocrx_word' id='word_1_24' title='bbox 1678 463 1992 534; x_wconf 84' lang='lat' dir='ltr'><strong>recipiendo</strong></span> 
     </span>
    </p>
   </div>
   <div class='ocr_carea' id='block_1_7' title="bbox 418 555 1989 634">
    <p class='ocr_par' dir='ltr' id='par_1_7' title="bbox 418 555 1989 634">
     <span class='ocr_line' id='line_1_7' title="bbox 418 555 1989 634; baseline -0.006 -16"><span class='ocrx_word' id='word_1_25' title='bbox 418 575 602 634; x_wconf 85' lang='lat' dir='ltr'><strong>aptum</strong></span> <span class='ocrx_word' id='word_1_26' title='bbox 636 572 1063 625; x_wconf 73' lang='lat' dir='ltr'><strong>contemnentes,</strong></span> <span class='ocrx_word' id='word_1_27' title='bbox 1104 562 1156 614; x_wconf 89' lang='lat' dir='ltr'><strong>in</strong></span> <span class='ocrx_word' id='word_1_28' title='bbox 1190 562 1421 628; x_wconf 79' lang='lat' dir='ltr'><strong>ligneum</strong></span> <span class='ocrx_word' id='word_1_29' title='bbox 1450 573 1576 613; x_wconf 89' lang='lat' dir='ltr'><strong>sese</strong></span> <span class='ocrx_word' id='word_1_30' title='bbox 1616 555 1989 624; x_wconf 75' lang='lat' dir='ltr'><strong>coniecerunt,</strong></span> 
     </span>
    </p>
   </div>
   <div class='ocr_carea' id='block_1_8' title="bbox 410 652 1992 728">
    <p class='ocr_par' dir='ltr' id='par_1_8' title="bbox 410 652 1992 728">
     <span class='ocr_line' id='line_1_8' title="bbox 410 652 1992 728; baseline -0.004 -18"><span class='ocrx_word' id='word_1_31' title='bbox 410 659 470 712; x_wconf 87' lang='lat' dir='ltr'><strong>in</strong></span> <span class='ocrx_word' id='word_1_32' title='bbox 494 672 602 728; x_wconf 87' lang='lat' dir='ltr'><strong>quo</strong></span> <span class='ocrx_word' id='word_1_33' title='bbox 630 658 696 713; x_wconf 89' lang='lat' dir='ltr'><strong>ad</strong></span> <span class='ocrx_word' id='word_1_34' title='bbox 729 658 924 712; x_wconf 69' lang='lat' dir='ltr'><strong>coelum</strong></span> <span class='ocrx_word' id='word_1_35' title='bbox 978 670 1147 725; x_wconf 88' lang='lat' dir='ltr'><strong>usque</strong></span> <span class='ocrx_word' id='word_1_36' title='bbox 1170 656 1306 723; x_wconf 88' lang='lat' dir='ltr'><strong>rapti</strong></span> <span class='ocrx_word' id='word_1_37' title='bbox 1346 663 1398 708; x_wconf 90' lang='lat' dir='ltr'><strong>et</strong></span> <span class='ocrx_word' id='word_1_38' title='bbox 1431 653 1496 707; x_wconf 88' lang='lat' dir='ltr'><strong>ad</strong></span> <span class='ocrx_word' id='word_1_39' title='bbox 1530 652 1786 723; x_wconf 83' lang='lat' dir='ltr'><strong>abyssum</strong></span> <span class='ocrx_word' id='word_1_40' title='bbox 1821 663 1992 718; x_wconf 83' lang='lat' dir='ltr'><strong>usque</strong></span> 
     </span>
    </p>
   </div>
   <div class='ocr_carea' id='block_1_9' title="bbox 420 740 1993 818">
    <p class='ocr_par' dir='ltr' id='par_1_9' title="bbox 420 740 1993 818">
     <span class='ocr_line' id='line_1_9' title="bbox 420 740 1993 818; baseline -0.007 -15"><span class='ocrx_word' id='word_1_41' title='bbox 420 751 658 818; x_wconf 78' lang='lat' dir='ltr'><strong>depressi</strong></span> <span class='ocrx_word' id='word_1_42' title='bbox 691 750 877 803; x_wconf 89' lang='lat' dir='ltr'><strong>mortis</strong></span> <span class='ocrx_word' id='word_1_43' title='bbox 908 748 1080 801; x_wconf 83' lang='lat' dir='ltr'><strong>aleam</strong></span> <span class='ocrx_word' id='word_1_44' title='bbox 1110 747 1362 808; x_wconf 80' lang='lat' dir='ltr'><strong>subeunt,</strong></span> <span class='ocrx_word' id='word_1_45' title='bbox 1402 747 1506 798; x_wconf 87' lang='lat' dir='ltr'><strong>hoc</strong></span> <span class='ocrx_word' id='word_1_46' title='bbox 1544 756 1677 796; x_wconf 82' lang='lat' dir='ltr'><strong>sane</strong></span> <span class='ocrx_word' id='word_1_47' title='bbox 1706 740 1879 793; x_wconf 80' lang='lat' dir='ltr'><strong>audax</strong></span> <span class='ocrx_word' id='word_1_48' title='bbox 1911 746 1993 793; x_wconf 89' lang='lat' dir='ltr'><strong>est</strong></span> 
     </span>
    </p>
   </div>
   <div class='ocr_carea' id='block_1_10' title="bbox 418 835 1993 909">
    <p class='ocr_par' dir='ltr' id='par_1_10' title="bbox 418 835 1993 909">
     <span class='ocr_line' id='line_1_10' title="bbox 418 835 1993 909; baseline -0.006 -14"><span class='ocrx_word' id='word_1_49' title='bbox 418 841 630 895; x_wconf 72' lang='lat' dir='ltr'><strong>facinus</strong></span> <span class='ocrx_word' id='word_1_50' title='bbox 676 841 773 895; x_wconf 87' lang='lat' dir='ltr'><strong>viri</strong></span> <span class='ocrx_word' id='word_1_51' title='bbox 806 840 1155 909; x_wconf 75' lang='lat' dir='ltr'><strong>imperterriti</strong></span> <span class='ocrx_word' id='word_1_52' title='bbox 1188 853 1251 893; x_wconf 84' lang='lat' dir='ltr'><strong>ac</strong></span> <span class='ocrx_word' id='word_1_53' title='bbox 1281 837 1551 907; x_wconf 72' lang='lat' dir='ltr'><strong>generosi,</strong></span> <span class='ocrx_word' id='word_1_54' title='bbox 1579 845 1633 890; x_wconf 85' lang='lat' dir='ltr'><strong>et.</strong></span> <span class='ocrx_word' id='word_1_55' title='bbox 1662 835 1773 897; x_wconf 69' lang='lat' dir='ltr'><strong>vix,</strong></span> <span class='ocrx_word' id='word_1_56' title='bbox 1824 848 1884 886; x_wconf 84' lang='lat' dir='ltr'><strong>ac</strong></span> <span class='ocrx_word' id='word_1_57' title='bbox 1926 847 1993 885; x_wconf 88' lang='lat' dir='ltr'><strong>ne</strong></span> 
     </span>
    </p>
   </div>
   <div class='ocr_carea' id='block_1_11' title="bbox 416 926 1578 999">
    <p class='ocr_par' dir='ltr' id='par_1_11' title="bbox 416 926 1578 999">
     <span class='ocr_line' id='line_1_11' title="bbox 416 926 1578 999; baseline 0 -20"><span class='ocrx_word' id='word_1_58' title='bbox 416 928 504 981; x_wconf 81' lang='lat' dir='ltr'><strong>vix</strong></span> <span class='ocrx_word' id='word_1_59' title='bbox 539 929 755 999; x_wconf 83' lang='lat' dir='ltr'><strong>quidem</strong></span> <span class='ocrx_word' id='word_1_60' title='bbox 784 929 1006 982; x_wconf 89' lang='lat' dir='ltr'><strong>audacia</strong></span> <span class='ocrx_word' id='word_1_61' title='bbox 1031 927 1224 982; x_wconf 82' lang='lat' dir='ltr'><strong>similis</strong></span> <span class='ocrx_word' id='word_1_62' title='bbox 1253 926 1578 996; x_wconf 78' lang='lat' dir='ltr'><strong>reperietur.</strong></span> 
     </span>
    </p>
   </div>
   <div class='ocr_carea' id='block_1_12' title="bbox 488 1104 1994 1178">
    <p class='ocr_par' dir='ltr' id='par_1_12' title="bbox 488 1104 1994 1178">
     <span class='ocr_line' id='line_1_12' title="bbox 488 1104 1994 1178; baseline -0.005 -13"><span class='ocrx_word' id='word_1_63' title='bbox 488 1111 581 1165; x_wconf 78' lang='grc'><strong>41.</strong></span> <span class='ocrx_word' id='word_1_64' title='bbox 610 1111 675 1165; x_wconf 86' lang='grc' dir='ltr'>Ει</span> <span class='ocrx_word' id='word_1_65' title='bbox 705 1119 882 1164; x_wconf 79' lang='lat' dir='ltr'><strong>tamen</strong></span> <span class='ocrx_word' id='word_1_66' title='bbox 912 1109 1207 1178; x_wconf 78' lang='lat' dir='ltr'><strong>(siquidem</strong></span> <span class='ocrx_word' id='word_1_67' title='bbox 1237 1109 1391 1176; x_wconf 77' lang='lat' dir='ltr'><strong>pejus</strong></span> <span class='ocrx_word' id='word_1_68' title='bbox 1417 1114 1524 1172; x_wconf 89' lang='lat' dir='ltr'><strong>est,</strong></span> <span class='ocrx_word' id='word_1_69' title='bbox 1554 1104 1791 1161; x_wconf 87' lang='lat' dir='ltr'><strong>ferarum</strong></span> <span class='ocrx_word' id='word_1_70' title='bbox 1825 1105 1994 1159; x_wconf 87' lang='lat' dir='ltr'><strong>instar</strong></span> 
     </span>
    </p>
   </div>
   <div class='ocr_carea' id='block_1_13' title="bbox 420 1197 2039 1263">
    <p class='ocr_par' dir='ltr' id='par_1_13' title="bbox 420 1197 2039 1263">
     <span class='ocr_line' id='line_1_13' title="bbox 420 1197 2039 1263; baseline -0.005 -6"><span class='ocrx_word' id='word_1_71' title='bbox 420 1205 537 1257; x_wconf 79' lang='lat' dir='ltr'><strong>sine</strong></span> <span class='ocrx_word' id='word_1_72' title='bbox 563 1204 774 1258; x_wconf 85' lang='lat' dir='ltr'><strong>ratione</strong></span> <span class='ocrx_word' id='word_1_73' title='bbox 804 1204 1008 1263; x_wconf 89' lang='lat' dir='ltr'><strong>vivere,</strong></span> <span class='ocrx_word' id='word_1_74' title='bbox 1036 1211 1090 1255; x_wconf 91' lang='lat' dir='ltr'><strong>et</strong></span> <span class='ocrx_word' id='word_1_75' title='bbox 1138 1209 1311 1255; x_wconf 88' lang='lat' dir='ltr'><strong>semet</strong></span> <span class='ocrx_word' id='word_1_76' title='bbox 1350 1198 1583 1253; x_wconf 85' lang='lat' dir='ltr'><strong>invicem</strong></span> <span class='ocrx_word' id='word_1_77' title='bbox 1627 1197 1912 1261; x_wconf 88' lang='lat' dir='ltr'><strong>devorare,</strong></span> <span class='ocrx_word' id='word_1_78' title='bbox 1938 1203 1993 1249; x_wconf 84' lang='lat' dir='ltr'><strong>et</strong></span> <span class='ocrx_word' id='word_1_79' title='bbox 2035 1212 2039 1217; x_wconf 68' lang='grc'><strong>“</strong></span> 
     </span>
    </p>
   </div>
   <div class='ocr_carea' id='block_1_14' title="bbox 423 1286 1993 1348">
    <p class='ocr_par' dir='ltr' id='par_1_14' title="bbox 423 1286 1993 1348">
     <span class='ocr_line' id='line_1_14' title="bbox 423 1286 1993 1348; baseline -0.004 -1"><span class='ocrx_word' id='word_1_80' title='bbox 423 1294 622 1348; x_wconf 80' lang='lat' dir='ltr'><strong>fratres</strong></span> <span class='ocrx_word' id='word_1_81' title='bbox 661 1308 689 1346; x_wconf 90' lang='lat' dir='ltr'><strong>a</strong></span> <span class='ocrx_word' id='word_1_82' title='bbox 721 1293 829 1347; x_wconf 88' lang='lat' dir='ltr'><strong>Dco</strong></span> <span class='ocrx_word' id='word_1_83' title='bbox 865 1300 1079 1347; x_wconf 87' lang='lat' dir='ltr'><strong>creatos</strong></span> <span class='ocrx_word' id='word_1_84' title='bbox 1117 1291 1282 1345; x_wconf 87' lang='lat' dir='ltr'><strong>variis</strong></span> <span class='ocrx_word' id='word_1_85' title='bbox 1312 1290 1484 1345; x_wconf 89' lang='lat' dir='ltr'><strong>modis</strong></span> <span class='ocrx_word' id='word_1_86' title='bbox 1526 1303 1590 1344; x_wconf 89' lang='lat' dir='ltr'><strong>ac</strong></span> <span class='ocrx_word' id='word_1_87' title='bbox 1619 1286 1993 1342; x_wconf 82' lang='lat' dir='ltr'><strong>crudelissime</strong></span> 
     </span>
    </p>
   </div>
   <div class='ocr_carea' id='block_1_15' title="bbox 419 1374 1990 1448">
    <p class='ocr_par' dir='ltr' id='par_1_15' title="bbox 419 1374 1990 1448">
     <span class='ocr_line' id='line_1_15' title="bbox 419 1374 1990 1448; baseline -0.006 -11"><span class='ocrx_word' id='word_1_88' title='bbox 419 1383 744 1447; x_wconf 88' lang='lat' dir='ltr'><strong>iuterticere,</strong></span> <span class='ocrx_word' id='word_1_89' title='bbox 775 1392 828 1436; x_wconf 89' lang='lat' dir='ltr'><strong>et</strong></span> <span class='ocrx_word' id='word_1_90' title='bbox 857 1382 937 1436; x_wconf 90' lang='lat' dir='ltr'><strong>sic</strong></span> <span class='ocrx_word' id='word_1_91' title='bbox 970 1390 1161 1436; x_wconf 88' lang='lat' dir='ltr'><strong>contra</strong></span> <span class='ocrx_word' id='word_1_92' title='bbox 1198 1381 1367 1436; x_wconf 86' lang='lat' dir='ltr'><strong>Deum</strong></span> <span class='ocrx_word' id='word_1_93' title='bbox 1409 1379 1624 1448; x_wconf 83' lang='lat' dir='ltr'><strong>luctari)</strong></span> <span class='ocrx_word' id='word_1_94' title='bbox 1652 1376 1901 1433; x_wconf 82' lang='lat' dir='ltr'><strong>homines</strong></span> <span class='ocrx_word' id='word_1_95' title='bbox 1923 1374 1990 1429; x_wconf 87' lang='lat' dir='ltr'><strong>ad</strong></span> 
     </span>
    </p>
   </div>
   <div class='ocr_carea' id='block_1_16' title="bbox 420 1468 1989 1527">
    <p class='ocr_par' dir='ltr' id='par_1_16' title="bbox 420 1468 1989 1527">
     <span class='ocr_line' id='line_1_16' title="bbox 420 1468 1989 1527; baseline -0.005 0"><span class='ocrx_word' id='word_1_96' title='bbox 420 1475 893 1527; x_wconf 86' lang='lat' dir='ltr'><strong>mansuetudinem</strong></span> <span class='ocrx_word' id='word_1_97' title='bbox 934 1474 1141 1527; x_wconf 90' lang='lat' dir='ltr'><strong>reducti</strong></span> <span class='ocrx_word' id='word_1_98' title='bbox 1173 1471 1339 1525; x_wconf 86' lang='lat' dir='ltr'><strong>etiam</strong></span> <span class='ocrx_word' id='word_1_99' title='bbox 1372 1470 1514 1524; x_wconf 84' lang='lat' dir='ltr'><strong>hanc</strong></span> <span class='ocrx_word' id='word_1_100' title='bbox 1554 1468 1782 1523; x_wconf 90' lang='lat' dir='ltr'><strong>alienam</strong></span> <span class='ocrx_word' id='word_1_101' title='bbox 1817 1473 1989 1520; x_wconf 87' lang='lat' dir='ltr'><strong>artem</strong></span> 
     </span>
    </p>
   </div>
   <div class='ocr_carea' id='block_1_17' title="bbox 418 1563 1986 1638">
    <p class='ocr_par' dir='ltr' id='par_1_17' title="bbox 418 1563 1986 1638">
     <span class='ocr_line' id='line_1_17' title="bbox 418 1563 1986 1638; baseline -0.006 -16"><span class='ocrx_word' id='word_1_102' title='bbox 418 1571 763 1638; x_wconf 78' lang='lat' dir='ltr'><strong>adoptat-unt,</strong></span> <span class='ocrx_word' id='word_1_103' title='bbox 791 1568 1042 1638; x_wconf 82' lang='lat' dir='ltr'><strong>quamvis</strong></span> <span class='ocrx_word' id='word_1_104' title='bbox 1068 1568 1414 1622; x_wconf 78' lang='lat' dir='ltr'><strong>manifestum</strong></span> <span class='ocrx_word' id='word_1_105' title='bbox 1442 1565 1534 1630; x_wconf 85' lang='lat' dir='ltr'><strong>sit,</strong></span> <span class='ocrx_word' id='word_1_106' title='bbox 1560 1578 1653 1618; x_wconf 76' lang='lat' dir='ltr'><strong>eos</strong></span> <span class='ocrx_word' id='word_1_107' title='bbox 1672 1563 1764 1631; x_wconf 90' lang='lat' dir='ltr'><strong>qui</strong></span> <span class='ocrx_word' id='word_1_108' title='bbox 1785 1570 1986 1617; x_wconf 86' lang='lat' dir='ltr'><strong>terram</strong></span> 
     </span>
    </p>
   </div>
   <div class='ocr_carea' id='block_1_18' title="bbox 420 1651 1990 1724">
    <p class='ocr_par' dir='ltr' id='par_1_18' title="bbox 420 1651 1990 1724">
     <span class='ocr_line' id='line_1_18' title="bbox 420 1651 1990 1724; baseline -0.005 -12"><span class='ocrx_word' id='word_1_109' title='bbox 420 1660 785 1713; x_wconf 85' lang='lat' dir='ltr'><strong>continentem</strong></span> <span class='ocrx_word' id='word_1_110' title='bbox 841 1659 1139 1723; x_wconf 86' lang='lat' dir='ltr'><strong>deserunt,</strong></span> <span class='ocrx_word' id='word_1_111' title='bbox 1184 1658 1350 1713; x_wconf 88' lang='lat' dir='ltr'><strong>etiam</strong></span> <span class='ocrx_word' id='word_1_112' title='bbox 1406 1654 1532 1710; x_wconf 85' lang='lat' dir='ltr'><strong>vitae</strong></span> <span class='ocrx_word' id='word_1_113' title='bbox 1587 1651 1990 1724; x_wconf 88' lang='lat' dir='ltr'><strong>quodammodo</strong></span> 
     </span>
    </p>
   </div>
   <div class='ocr_carea' id='block_1_19' title="bbox 419 1725 2064 1807">
    <p class='ocr_par' dir='ltr' id='par_1_19' title="bbox 419 1725 2064 1807">
     <span class='ocr_line' id='line_1_19' title="bbox 419 1725 2064 1807; baseline 0.001 -5"><span class='ocrx_word' id='word_1_114' title='bbox 419 1751 744 1807; x_wconf 73' lang='lat' dir='ltr'><strong>valedicere.</strong></span> <span class='ocrx_word' id='word_1_115' title='bbox 2022 1725 2064 1780; x_wconf 70' lang='grc' dir='ltr'><strong>Β</strong></span> 
     </span>
    </p>
   </div>
   <div class='ocr_carea' id='block_1_20' title="bbox 490 1837 1987 1912">
    <p class='ocr_par' dir='ltr' id='par_1_20' title="bbox 490 1837 1987 1912">
     <span class='ocr_line' id='line_1_20' title="bbox 490 1837 1987 1912; baseline -0.004 -15"><span class='ocrx_word' id='word_1_116' title='bbox 490 1844 745 1900; x_wconf 72' lang='grc' dir='ltr'>42.Αιιεε</span> <span class='ocrx_word' id='word_1_117' title='bbox 771 1853 951 1900; x_wconf 86' lang='lat' dir='ltr'><strong>autem</strong></span> <span class='ocrx_word' id='word_1_118' title='bbox 998 1853 1227 1899; x_wconf 60' lang='lat' dir='ltr'><strong>emeras</strong></span> <span class='ocrx_word' id='word_1_119' title='bbox 1291 1839 1474 1896; x_wconf 86' lang='lat' dir='ltr'><strong>omnis</strong></span> <span class='ocrx_word' id='word_1_120' title='bbox 1508 1837 1733 1912; x_wconf 86' lang='lat' dir='ltr'><strong>periculi</strong></span> <span class='ocrx_word' id='word_1_121' title='bbox 1785 1850 1987 1907; x_wconf 78' lang='lat' dir='ltr'><strong>exper-</strong></span> 
     </span>
    </p>
   </div>
   <div class='ocr_carea' id='block_1_21' title="bbox 420 1931 1986 2005">
    <p class='ocr_par' dir='ltr' id='par_1_21' title="bbox 420 1931 1986 2005">
     <span class='ocr_line' id='line_1_21' title="bbox 420 1931 1986 2005; baseline -0.009 -11"><span class='ocrx_word' id='word_1_122' title='bbox 420 1947 524 2002; x_wconf 82' lang='lat' dir='ltr'><strong>tes,</strong></span> <span class='ocrx_word' id='word_1_123' title='bbox 557 1938 668 1991; x_wconf 87' lang='lat' dir='ltr'><strong>imo</strong></span> <span class='ocrx_word' id='word_1_124' title='bbox 691 1948 743 1992; x_wconf 91' lang='lat' dir='ltr'><strong>et</strong></span> <span class='ocrx_word' id='word_1_125' title='bbox 770 1935 1075 2005; x_wconf 72' lang='lat' dir='ltr'><strong>iucundas,</strong></span> <span class='ocrx_word' id='word_1_126' title='bbox 1113 1946 1167 1989; x_wconf 86' lang='lat' dir='ltr'><strong>et</strong></span> <span class='ocrx_word' id='word_1_127' title='bbox 1216 1933 1488 1990; x_wconf 81' lang='lat' dir='ltr'><strong>suavitate</strong></span> <span class='ocrx_word' id='word_1_128' title='bbox 1520 1931 1732 2001; x_wconf 87' lang='lat' dir='ltr'><strong>plenas,</strong></span> <span class='ocrx_word' id='word_1_129' title='bbox 1780 1936 1837 1984; x_wconf 88' lang='lat' dir='ltr'><strong>et</strong></span> <span class='ocrx_word' id='word_1_130' title='bbox 1872 1943 1986 1982; x_wconf 87' lang='lat' dir='ltr'><strong>ma-</strong></span> 
     </span>
    </p>
   </div>
   <div class='ocr_carea' id='block_1_22' title="bbox 421 2019 1993 2100">
    <p class='ocr_par' dir='ltr' id='par_1_22' title="bbox 421 2019 1993 2100">
     <span class='ocr_line' id='line_1_22' title="bbox 421 2019 1993 2100; baseline -0.008 -15"><span class='ocrx_word' id='word_1_131' title='bbox 421 2045 580 2100; x_wconf 72' lang='lat' dir='ltr'><strong>gnam</strong></span> <span class='ocrx_word' id='word_1_132' title='bbox 614 2028 944 2100; x_wconf 84' lang='lat' dir='ltr'><strong>voluptatem</strong></span> <span class='ocrx_word' id='word_1_133' title='bbox 973 2041 1156 2083; x_wconf 83' lang='lat' dir='ltr'><strong>secum</strong></span> <span class='ocrx_word' id='word_1_134' title='bbox 1187 2024 1549 2089; x_wconf 83' lang='lat' dir='ltr'><strong>attrahentes,</strong></span> <span class='ocrx_word' id='word_1_135' title='bbox 1580 2022 1777 2094; x_wconf 78' lang='lat' dir='ltr'><strong>quibus</strong></span> <span class='ocrx_word' id='word_1_136' title='bbox 1808 2019 1993 2075; x_wconf 88' lang='lat' dir='ltr'><strong>homi-</strong></span> 
     </span>
    </p>
   </div>
   <div class='ocr_carea' id='block_1_23' title="bbox 420 2111 1994 2190">
    <p class='ocr_par' dir='ltr' id='par_1_23' title="bbox 420 2111 1994 2190">
     <span class='ocr_line' id='line_1_23' title="bbox 420 2111 1994 2190; baseline -0.008 -13"><span class='ocrx_word' id='word_1_137' title='bbox 420 2136 520 2177; x_wconf 84' lang='lat' dir='ltr'><strong>nes</strong></span> <span class='ocrx_word' id='word_1_138' title='bbox 551 2121 680 2176; x_wconf 90' lang='lat' dir='ltr'><strong>olim</strong></span> <span class='ocrx_word' id='word_1_139' title='bbox 713 2119 820 2176; x_wconf 74' lang='lat' dir='ltr'><strong>feri</strong></span> <span class='ocrx_word' id='word_1_140' title='bbox 852 2128 1039 2190; x_wconf 82' lang='lat' dir='ltr'><strong>postea</strong></span> <span class='ocrx_word' id='word_1_141' title='bbox 1074 2117 1345 2174; x_wconf 76' lang='lat' dir='ltr'><strong>mansueti</strong></span> <span class='ocrx_word' id='word_1_142' title='bbox 1379 2115 1506 2171; x_wconf 78' lang='lat' dir='ltr'><strong>lacti</strong></span> <span class='ocrx_word' id='word_1_143' title='bbox 1538 2123 1687 2179; x_wconf 90' lang='lat' dir='ltr'><strong>sunt,</strong></span> <span class='ocrx_word' id='word_1_144' title='bbox 1721 2113 1811 2168; x_wconf 83' lang='lat' dir='ltr'><strong>vix</strong></span> <span class='ocrx_word' id='word_1_145' title='bbox 1839 2111 1994 2183; x_wconf 85' lang='lat' dir='ltr'><strong>quis-</strong></span> 
     </span>
    </p>
   </div>
   <div class='ocr_carea' id='block_1_24' title="bbox 418 2202 1993 2279">
    <p class='ocr_par' dir='ltr' id='par_1_24' title="bbox 418 2202 1993 2279">
     <span class='ocr_line' id='line_1_24' title="bbox 418 2202 1993 2279; baseline -0.006 -16"><span class='ocrx_word' id='word_1_146' title='bbox 418 2224 583 2279; x_wconf 74' lang='lat' dir='ltr'><strong>quam</strong></span> <span class='ocrx_word' id='word_1_147' title='bbox 627 2223 953 2267; x_wconf 87' lang='lat' dir='ltr'><strong>enumerare</strong></span> <span class='ocrx_word' id='word_1_148' title='bbox 997 2209 1253 2277; x_wconf 85' lang='lat' dir='ltr'><strong>potuerit.</strong></span> <span class='ocrx_word' id='word_1_149' title='bbox 1309 2202 1421 2260; x_wconf 86' lang='lat' dir='ltr'><strong>Sed</strong></span> <span class='ocrx_word' id='word_1_150' title='bbox 1492 2205 1573 2260; x_wconf 88' lang='lat' dir='ltr'><strong>sic</strong></span> <span class='ocrx_word' id='word_1_151' title='bbox 1624 2204 1841 2273; x_wconf 83' lang='lat' dir='ltr'><strong>quidem</strong></span> <span class='ocrx_word' id='word_1_152' title='bbox 1892 2202 1993 2255; x_wconf 87' lang='lat' dir='ltr'><strong>ad-</strong></span> 
     </span>
    </p>
   </div>
   <div class='ocr_carea' id='block_1_25' title="bbox 423 2293 1998 2369">
    <p class='ocr_par' dir='ltr' id='par_1_25' title="bbox 423 2293 1998 2369">
     <span class='ocr_line' id='line_1_25' title="bbox 423 2293 1998 2369; baseline -0.006 -15"><span class='ocrx_word' id='word_1_153' title='bbox 423 2301 654 2355; x_wconf 80' lang='lat' dir='ltr'><strong>monitio</strong></span> <span class='ocrx_word' id='word_1_154' title='bbox 686 2300 778 2354; x_wconf 87' lang='lat' dir='ltr'><strong>illa</strong></span> <span class='ocrx_word' id='word_1_155' title='bbox 811 2299 1001 2369; x_wconf 90' lang='lat' dir='ltr'><strong>proba,</strong></span> <span class='ocrx_word' id='word_1_156' title='bbox 1051 2306 1108 2352; x_wconf 92' lang='lat' dir='ltr'><strong>et</strong></span> <span class='ocrx_word' id='word_1_157' title='bbox 1150 2309 1332 2353; x_wconf 88' lang='lat' dir='ltr'><strong>sermo</strong></span> <span class='ocrx_word' id='word_1_158' title='bbox 1359 2295 1615 2365; x_wconf 87' lang='lat' dir='ltr'><strong>prudens,</strong></span> <span class='ocrx_word' id='word_1_159' title='bbox 1654 2305 1711 2348; x_wconf 90' lang='lat' dir='ltr'><strong>et</strong></span> <span class='ocrx_word' id='word_1_160' title='bbox 1753 2293 1998 2347; x_wconf 86' lang='lat' dir='ltr'><strong>rationa-</strong></span> 
     </span>
    </p>
   </div>
   <div class='ocr_carea' id='block_1_26' title="bbox 421 2387 1997 2457">
    <p class='ocr_par' dir='ltr' id='par_1_26' title="bbox 421 2387 1997 2457">
     <span class='ocr_line' id='line_1_26' title="bbox 421 2387 1997 2457; baseline -0.007 -9"><span class='ocrx_word' id='word_1_161' title='bbox 421 2394 550 2449; x_wconf 79' lang='lat' dir='ltr'><strong>bilis</strong></span> <span class='ocrx_word' id='word_1_162' title='bbox 622 2392 847 2448; x_wconf 82' lang='lat' dir='ltr'><strong>virtutis</strong></span> <span class='ocrx_word' id='word_1_163' title='bbox 900 2391 1176 2457; x_wconf 79' lang='lat' dir='ltr'><strong>doctrina,</strong></span> <span class='ocrx_word' id='word_1_164' title='bbox 1248 2397 1304 2444; x_wconf 89' lang='lat' dir='ltr'><strong>et</strong></span> <span class='ocrx_word' id='word_1_165' title='bbox 1380 2387 1692 2444; x_wconf 89' lang='lat' dir='ltr'><strong>obedientia</strong></span> <span class='ocrx_word' id='word_1_166' title='bbox 1748 2390 1997 2454; x_wconf 81' lang='lat' dir='ltr'><strong>prompta</strong></span> 
     </span>
    </p>
   </div>
   <div class='ocr_carea' id='block_1_27' title="bbox 424 2478 1995 2545">
    <p class='ocr_par' dir='ltr' id='par_1_27' title="bbox 424 2478 1995 2545">
     <span class='ocr_line' id='line_1_27' title="bbox 424 2478 1995 2545; baseline -0.007 -4"><span class='ocrx_word' id='word_1_167' title='bbox 424 2486 553 2541; x_wconf 86' lang='lat' dir='ltr'><strong>illos</strong></span> <span class='ocrx_word' id='word_1_168' title='bbox 582 2485 714 2540; x_wconf 90' lang='lat' dir='ltr'><strong>olim</strong></span> <span class='ocrx_word' id='word_1_169' title='bbox 752 2481 1034 2540; x_wconf 81' lang='lat' dir='ltr'><strong>tortuosos</strong></span> <span class='ocrx_word' id='word_1_170' title='bbox 1068 2484 1121 2537; x_wconf 89' lang='lat' dir='ltr'><strong>in</strong></span> <span class='ocrx_word' id='word_1_171' title='bbox 1148 2480 1530 2537; x_wconf 88' lang='lat' dir='ltr'><strong>rectitudinem</strong></span> <span class='ocrx_word' id='word_1_172' title='bbox 1559 2478 1800 2534; x_wconf 83' lang='lat' dir='ltr'><strong>restituit</strong></span> <span class='ocrx_word' id='word_1_173' title='bbox 1827 2487 1995 2545; x_wconf 89' lang='lat' dir='ltr'><strong>atque</strong></span> 
     </span>
    </p>
   </div>
   <div class='ocr_carea' id='block_1_28' title="bbox 423 2567 2001 2647">
    <p class='ocr_par' dir='ltr' id='par_1_28' title="bbox 423 2567 2001 2647">
     <span class='ocr_line' id='line_1_28' title="bbox 423 2567 2001 2647; baseline -0.008 -15"><span class='ocrx_word' id='word_1_174' title='bbox 423 2576 707 2647; x_wconf 76' lang='lat' dir='ltr'><strong>expolivit,</strong></span> <span class='ocrx_word' id='word_1_175' title='bbox 744 2591 953 2631; x_wconf 87' lang='lat' dir='ltr'><strong>morum</strong></span> <span class='ocrx_word' id='word_1_176' title='bbox 1004 2584 1187 2629; x_wconf 84' lang='lat' dir='ltr'><strong>autem</strong></span> <span class='ocrx_word' id='word_1_177' title='bbox 1220 2572 1632 2643; x_wconf 79' lang='lat' dir='ltr'><strong>perversitatem</strong></span> <span class='ocrx_word' id='word_1_178' title='bbox 1671 2570 1726 2625; x_wconf 89' lang='lat' dir='ltr'><strong>in</strong></span> <span class='ocrx_word' id='word_1_179' title='bbox 1756 2567 2001 2639; x_wconf 85' lang='lat' dir='ltr'><strong>probita-</strong></span> 
     </span>
    </p>
   </div>
   <div class='ocr_carea' id='block_1_29' title="bbox 427 2659 2002 2727">
    <p class='ocr_par' dir='ltr' id='par_1_29' title="bbox 427 2659 2002 2727">
     <span class='ocr_line' id='line_1_29' title="bbox 427 2659 2002 2727; baseline -0.007 -2"><span class='ocrx_word' id='word_1_180' title='bbox 427 2681 532 2727; x_wconf 84' lang='lat' dir='ltr'><strong>tem</strong></span> <span class='ocrx_word' id='word_1_181' title='bbox 568 2669 893 2726; x_wconf 82' lang='lat' dir='ltr'><strong>imntutavil.</strong></span> <span class='ocrx_word' id='word_1_182' title='bbox 926 2666 1106 2722; x_wconf 80' lang='lat' dir='ltr'><strong>Multae</strong></span> <span class='ocrx_word' id='word_1_183' title='bbox 1138 2674 1319 2720; x_wconf 83' lang='lat' dir='ltr'><strong>autem</strong></span> <span class='ocrx_word' id='word_1_184' title='bbox 1357 2661 1705 2720; x_wconf 84' lang='lat' dir='ltr'><strong>celebrantur</strong></span> <span class='ocrx_word' id='word_1_185' title='bbox 1746 2675 1811 2716; x_wconf 89' lang='lat' dir='ltr'><strong>ac</strong></span> <span class='ocrx_word' id='word_1_186' title='bbox 1842 2659 2002 2716; x_wconf 62' lang='lat' dir='ltr'><strong>serias</strong></span> 
     </span>
    </p>
   </div>
   <div class='ocr_carea' id='block_1_30' title="bbox 425 2752 2002 2834">
    <p class='ocr_par' dir='ltr' id='par_1_30' title="bbox 425 2752 2002 2834">
     <span class='ocr_line' id='line_1_30' title="bbox 425 2752 2002 2834; baseline -0.01 -15"><span class='ocrx_word' id='word_1_187' title='bbox 425 2773 591 2834; x_wconf 76' lang='lat' dir='ltr'><strong>artes,</strong></span> <span class='ocrx_word' id='word_1_188' title='bbox 655 2776 776 2832; x_wconf 63' lang='lat' dir='ltr'><strong>quae</strong></span> <span class='ocrx_word' id='word_1_189' title='bbox 814 2770 942 2815; x_wconf 91' lang='lat' dir='ltr'><strong>tunc</strong></span> <span class='ocrx_word' id='word_1_190' title='bbox 1000 2759 1258 2822; x_wconf 60' lang='lat' dir='ltr'><strong>inventas,</strong></span> <span class='ocrx_word' id='word_1_191' title='bbox 1310 2756 1562 2810; x_wconf 80' lang='lat' dir='ltr'><strong>homines</strong></span> <span class='ocrx_word' id='word_1_192' title='bbox 1592 2761 1753 2808; x_wconf 86' lang='lat' dir='ltr'><strong>antea</strong></span> <span class='ocrx_word' id='word_1_193' title='bbox 1799 2752 2002 2807; x_wconf 79' lang='lat' dir='ltr'><strong>inertes</strong></span> 
     </span>
    </p>
   </div>
   <div class='ocr_carea' id='block_1_31' title="bbox 426 2843 2005 2927">
    <p class='ocr_par' dir='ltr' id='par_1_31' title="bbox 426 2843 2005 2927">
     <span class='ocr_line' id='line_1_31' title="bbox 426 2843 2005 2927; baseline -0.008 -16"><span class='ocrx_word' id='word_1_194' title='bbox 426 2868 590 2927; x_wconf 83' lang='lat' dir='ltr'><strong>atque</strong></span> <span class='ocrx_word' id='word_1_195' title='bbox 622 2855 937 2921; x_wconf 76' lang='lat' dir='ltr'><strong>magistratu</strong></span> <span class='ocrx_word' id='word_1_196' title='bbox 969 2851 1262 2906; x_wconf 88' lang='lat' dir='ltr'><strong>destitutos</strong></span> <span class='ocrx_word' id='word_1_197' title='bbox 1294 2850 1360 2903; x_wconf 86' lang='lat' dir='ltr'><strong>ad</strong></span> <span class='ocrx_word' id='word_1_198' title='bbox 1397 2844 1843 2903; x_wconf 85' lang='lat' dir='ltr'><strong>constitutionem</strong></span> <span class='ocrx_word' id='word_1_199' title='bbox 1871 2843 2005 2899; x_wconf 89' lang='lat' dir='ltr'><strong>civi-</strong></span> 
     </span>
    </p>
   </div>
   <div class='ocr_carea' id='block_1_32' title="bbox 429 2949 950 3006">
    <p class='ocr_par' dir='ltr' id='par_1_32' title="bbox 429 2949 950 3006">
     <span class='ocr_line' id='line_1_32' title="bbox 429 2949 950 3006; baseline -0.017 0"><span class='ocrx_word' id='word_1_200' title='bbox 429 2950 533 3006; x_wconf 80' lang='lat' dir='ltr'><strong>lem</strong></span> <span class='ocrx_word' id='word_1_201' title='bbox 566 2949 950 3003; x_wconf 80' lang='lat' dir='ltr'><strong>traduxerunt.</strong></span> 
     </span>
    </p>
   </div>
   <div class='ocr_carea' id='block_1_33' title="bbox 2094 463 3705 537">
    <p class='ocr_par' dir='ltr' id='par_1_33' title="bbox 2094 463 3705 537">
     <span class='ocr_line' id='line_1_33' title="bbox 2094 463 3705 537; baseline 0.002 -22"><span class='ocrx_word' id='word_1_202' title='bbox 2094 463 2248 533; x_wconf 82' lang='grc' dir='ltr'>φείου</span> <span class='ocrx_word' id='word_1_203' title='bbox 2292 465 2391 534; x_wconf 79' lang='grc' dir='ltr'>μὲν</span> <span class='ocrx_word' id='word_1_204' title='bbox 2438 466 2532 519; x_wconf 84' lang='grc' dir='ltr'>τοῦ</span> <span class='ocrx_word' id='word_1_205' title='bbox 2582 468 2724 520; x_wconf 86' lang='grc' dir='ltr'><strong>κατά</strong></span> <span class='ocrx_word' id='word_1_206' title='bbox 2774 468 2877 537; x_wconf 73' lang='grc' dir='ltr'>γῆν</span> <span class='ocrx_word' id='word_1_207' title='bbox 2926 466 3257 537; x_wconf 76' lang='grc' dir='ltr'>ἀφεμένους,</span> <span class='ocrx_word' id='word_1_208' title='bbox 3304 466 3398 520; x_wconf 76' lang='grc' dir='ltr'>καὶ</span> <span class='ocrx_word' id='word_1_209' title='bbox 3455 466 3705 536; x_wconf 71' lang='grc' dir='ltr'>σκάφος.</span> 
     </span>
    </p>
   </div>
   <div class='ocr_carea' id='block_1_34' title="bbox 2093 556 3676 629">
    <p class='ocr_par' dir='ltr' id='par_1_34' title="bbox 2093 556 3676 629">
     <span class='ocr_line' id='line_1_34' title="bbox 2093 556 3676 629; baseline 0.001 -20"><span class='ocrx_word' id='word_1_210' title='bbox 2093 556 2377 613; x_wconf 85' lang='grc' dir='ltr'>ἀκίνδυνον</span> <span class='ocrx_word' id='word_1_211' title='bbox 2405 556 2463 611; x_wconf 78' lang='grc' dir='ltr'><strong>τὸ</strong></span> <span class='ocrx_word' id='word_1_212' title='bbox 2512 559 2570 610; x_wconf 81' lang='grc' dir='ltr'>ὲν</span> <span class='ocrx_word' id='word_1_213' title='bbox 2602 558 2869 628; x_wconf 76' lang='grc' dir='ltr'><strong>ἀμπέλοις</strong></span> <span class='ocrx_word' id='word_1_214' title='bbox 2899 558 3435 628; x_wconf 72' lang='grc' dir='ltr'>περιφρονήσαντας,</span> <span class='ocrx_word' id='word_1_215' title='bbox 3473 556 3676 629; x_wconf 78' lang='grc' dir='ltr'>ξυλίνῳ</span> 
     </span>
    </p>
   </div>
   <div class='ocr_carea' id='block_1_35' title="bbox 2093 642 3677 720">
    <p class='ocr_par' dir='ltr' id='par_1_35' title="bbox 2093 642 3677 720">
     <span class='ocr_line' id='line_1_35' title="bbox 2093 642 3677 720; baseline 0.001 -19"><span class='ocrx_word' id='word_1_216' title='bbox 2093 648 2148 702; x_wconf 85' lang='grc' dir='ltr'><strong>δὲ</strong></span> <span class='ocrx_word' id='word_1_217' title='bbox 2177 648 2645 720; x_wconf 74' lang='grc' dir='ltr'>ὲμϐεὸλημὲνους,</span> <span class='ocrx_word' id='word_1_218' title='bbox 2691 651 2760 704; x_wconf 86' lang='grc' dir='ltr'><strong>δι’</strong></span> <span class='ocrx_word' id='word_1_219' title='bbox 2788 642 2849 704; x_wconf 72' lang='grc' dir='ltr'>οὗ</span> <span class='ocrx_word' id='word_1_220' title='bbox 2883 651 3270 713; x_wconf 75' lang='grc' dir='ltr'>ἀναϐαίνοντες</span> <span class='ocrx_word' id='word_1_221' title='bbox 3300 649 3407 713; x_wconf 75' lang='grc' dir='ltr'>ἕως</span> <span class='ocrx_word' id='word_1_222' title='bbox 3433 650 3543 703; x_wconf 86' lang='grc' dir='ltr'><strong>τῶν</strong></span> <span class='ocrx_word' id='word_1_223' title='bbox 3581 652 3677 702; x_wconf 80' lang='grc' dir='ltr'><strong>οὐ·</strong></span> 
     </span>
    </p>
   </div>
   <div class='ocr_carea' id='block_1_36' title="bbox 2098 741 3674 814">
    <p class='ocr_par' dir='ltr' id='par_1_36' title="bbox 2098 741 3674 814">
     <span class='ocr_line' id='line_1_36' title="bbox 2098 741 3674 814; baseline -0.001 -19"><span class='ocrx_word' id='word_1_224' title='bbox 2098 741 2275 809; x_wconf 84' lang='grc' dir='ltr'>ρανῶν</span> <span class='ocrx_word' id='word_1_225' title='bbox 2294 742 2389 796; x_wconf 83' lang='grc' dir='ltr'>καὶ</span> <span class='ocrx_word' id='word_1_226' title='bbox 2413 742 2841 806; x_wconf 80' lang='grc' dir='ltr'>καταόαίνοντες</span> <span class='ocrx_word' id='word_1_227' title='bbox 2863 742 2969 806; x_wconf 75' lang='grc' dir='ltr'>ἕως</span> <span class='ocrx_word' id='word_1_228' title='bbox 2985 742 3096 797; x_wconf 85' lang='grc' dir='ltr'>τῶν</span> <span class='ocrx_word' id='word_1_229' title='bbox 3121 742 3400 808; x_wconf 75' lang='grc' dir='ltr'>ἀϐύσσων,</span> <span class='ocrx_word' id='word_1_230' title='bbox 3421 741 3674 814; x_wconf 75' lang='grc' dir='ltr'><strong>ὀλέθροις</strong></span> 
     </span>
    </p>
   </div>
   <div class='ocr_carea' id='block_1_37' title="bbox 2094 829 3675 904">
    <p class='ocr_par' dir='ltr' id='par_1_37' title="bbox 2094 829 3675 904">
     <span class='ocr_line' id='line_1_37' title="bbox 2094 829 3675 904; baseline 0.003 -22"><span class='ocrx_word' id='word_1_231' title='bbox 2094 829 2370 885; x_wconf 78' lang='grc' dir='ltr'>ἔκκεινται</span> <span class='ocrx_word' id='word_1_232' title='bbox 2423 833 2565 885; x_wconf 82' lang='grc' dir='ltr'>ἀλλὰ</span> <span class='ocrx_word' id='word_1_233' title='bbox 2611 831 2772 887; x_wconf 82' lang='grc' dir='ltr'>τοῦτο</span> <span class='ocrx_word' id='word_1_234' title='bbox 2813 833 3008 904; x_wconf 83' lang='grc' dir='ltr'>ἀνδρὸς</span> <span class='ocrx_word' id='word_1_235' title='bbox 3062 833 3336 903; x_wconf 81' lang='grc' dir='ltr'><strong>ἀργαλέου</strong></span> <span class='ocrx_word' id='word_1_236' title='bbox 3368 832 3545 904; x_wconf 80' lang='grc' dir='ltr'><strong>τόλμα</strong></span> <span class='ocrx_word' id='word_1_237' title='bbox 3575 835 3675 887; x_wconf 80' lang='grc' dir='ltr'>καὶ</span> 
     </span>
    </p>
   </div>
   <div class='ocr_carea' id='block_1_38' title="bbox 2097 922 3675 996">
    <p class='ocr_par' dir='ltr' id='par_1_38' title="bbox 2097 922 3675 996">
     <span class='ocr_line' id='line_1_38' title="bbox 2097 922 3675 996; baseline 0.003 -22"><span class='ocrx_word' id='word_1_238' title='bbox 2097 922 2366 991; x_wconf 82' lang='grc' dir='ltr'>ίτητικοῦ,</span> <span class='ocrx_word' id='word_1_239' title='bbox 2396 925 2491 978; x_wconf 78' lang='grc' dir='ltr'>καὶ</span> <span class='ocrx_word' id='word_1_240' title='bbox 2521 924 2727 989; x_wconf 78' lang='grc' dir='ltr'>παντὸς</span> <span class='ocrx_word' id='word_1_241' title='bbox 2757 924 2996 996; x_wconf 85' lang='grc' dir='ltr'>θάρσους</span> <span class='ocrx_word' id='word_1_242' title='bbox 3029 942 3089 978; x_wconf 85' lang='grc' dir='ltr'><strong>τε</strong></span> <span class='ocrx_word' id='word_1_243' title='bbox 3112 925 3209 979; x_wconf 74' lang='grc' dir='ltr'>καὶ</span> <span class='ocrx_word' id='word_1_244' title='bbox 3238 924 3472 996; x_wconf 82' lang='grc' dir='ltr'>θράσους</span> <span class='ocrx_word' id='word_1_245' title='bbox 3499 925 3675 996; x_wconf 83' lang='grc' dir='ltr'>ὑπέρ-</span> 
     </span>
    </p>
   </div>
   <div class='ocr_carea' id='block_1_39' title="bbox 2094 1031 2353 1089">
    <p class='ocr_par' dir='ltr' id='par_1_39' title="bbox 2094 1031 2295 1070">
     <span class='ocr_line' id='line_1_39' title="bbox 2094 1031 2295 1070; baseline 0.005 -1"><span class='ocrx_word' id='word_1_246' title='bbox 2094 1031 2295 1070; x_wconf 87' lang='grc' dir='ltr'>κειται.</span> 
     </span>
    </p>
   </div>
   <div class='ocr_carea' id='block_1_40' title="bbox 2167 1104 3674 1181">
    <p class='ocr_par' dir='ltr' id='par_1_40' title="bbox 2167 1104 3674 1181">
     <span class='ocr_line' id='line_1_40' title="bbox 2167 1104 3674 1181; baseline 0.004 -22"><span class='ocrx_word' id='word_1_247' title='bbox 2167 1104 2280 1176; x_wconf 86' lang='grc' dir='ltr'>μα’.</span> <span class='ocrx_word' id='word_1_248' title='bbox 2318 1108 2424 1161; x_wconf 97' lang='lat' dir='ltr'><strong>Kal</strong></span> <span class='ocrx_word' id='word_1_249' title='bbox 2458 1109 2611 1179; x_wconf 83' lang='grc' dir='ltr'>ὅμως</span> <span class='ocrx_word' id='word_1_250' title='bbox 2662 1109 2860 1177; x_wconf 83' lang='grc' dir='ltr'>(κακοῦ</span> <span class='ocrx_word' id='word_1_251' title='bbox 2909 1108 3158 1180; x_wconf 79' lang='grc' dir='ltr'>μείζονος</span> <span class='ocrx_word' id='word_1_252' title='bbox 3186 1108 3282 1166; x_wconf 83' lang='grc' dir='ltr'>τοῦ</span> <span class='ocrx_word' id='word_1_253' title='bbox 3316 1108 3417 1181; x_wconf 80' lang='grc' dir='ltr'><strong>ζῇν</strong></span> <span class='ocrx_word' id='word_1_254' title='bbox 3459 1110 3674 1178; x_wconf 79' lang='grc' dir='ltr'>ἀλόγως</span> 
     </span>
    </p>
   </div>
   <div class='ocr_carea' id='block_1_41' title="bbox 2093 1198 3678 1272">
    <p class='ocr_par' dir='ltr' id='par_1_41' title="bbox 2093 1198 3678 1272">
     <span class='ocr_line' id='line_1_41' title="bbox 2093 1198 3678 1272; baseline 0.001 -21"><span class='ocrx_word' id='word_1_255' title='bbox 2093 1198 2234 1252; x_wconf 84' lang='grc' dir='ltr'>καθὰ</span> <span class='ocrx_word' id='word_1_256' title='bbox 2263 1200 2359 1254; x_wconf 80' lang='grc' dir='ltr'>καὶ</span> <span class='ocrx_word' id='word_1_257' title='bbox 2388 1198 2575 1269; x_wconf 82' lang='grc' dir='ltr'>θῆρες,</span> <span class='ocrx_word' id='word_1_258' title='bbox 2601 1201 2696 1256; x_wconf 77' lang='grc' dir='ltr'>καὶ</span> <span class='ocrx_word' id='word_1_259' title='bbox 2738 1200 3160 1272; x_wconf 83' lang='grc' dir='ltr'>ἀλληλοφαγεῖν,</span> <span class='ocrx_word' id='word_1_260' title='bbox 3185 1201 3284 1255; x_wconf 75' lang='lat' dir='ltr'><strong>xal</strong></span> <span class='ocrx_word' id='word_1_261' title='bbox 3313 1200 3526 1263; x_wconf 81' lang='grc' dir='ltr'>πολλοῖς</span> <span class='ocrx_word' id='word_1_262' title='bbox 3551 1201 3678 1272; x_wconf 63' lang='lat'><strong>196-</strong></span> 
     </span>
    </p>
   </div>
   <div class='ocr_carea' id='block_1_42' title="bbox 2095 1290 3679 1362">
    <p class='ocr_par' dir='ltr' id='par_1_42' title="bbox 2095 1290 3679 1362">
     <span class='ocr_line' id='line_1_42' title="bbox 2095 1290 3679 1362; baseline 0 -18"><span class='ocrx_word' id='word_1_263' title='bbox 2095 1307 2218 1353; x_wconf 87' lang='grc' dir='ltr'>ποις</span> <span class='ocrx_word' id='word_1_264' title='bbox 2264 1292 2361 1344; x_wconf 74' lang='grc' dir='ltr'>καὶ</span> <span class='ocrx_word' id='word_1_265' title='bbox 2414 1290 2622 1347; x_wconf 75' lang='grc' dir='ltr'>ἅπασιν</span> <span class='ocrx_word' id='word_1_266' title='bbox 2656 1291 2930 1362; x_wconf 80' lang='grc' dir='ltr'>ἀλγεινοῖς</span> <span class='ocrx_word' id='word_1_267' title='bbox 2980 1290 3221 1360; x_wconf 82' lang='grc' dir='ltr'>ἀπάγειν</span> <span class='ocrx_word' id='word_1_268' title='bbox 3255 1290 3348 1345; x_wconf 81' lang='grc' dir='ltr'>τοῦ</span> <span class='ocrx_word' id='word_1_269' title='bbox 3398 1291 3515 1361; x_wconf 88' lang='grc' dir='ltr'>βίου</span> <span class='ocrx_word' id='word_1_270' title='bbox 3544 1295 3679 1355; x_wconf 75' lang='grc' dir='ltr'>τοὺς</span> 
     </span>
    </p>
   </div>
   <div class='ocr_carea' id='block_1_43' title="bbox 2091 1383 3681 1457">
    <p class='ocr_par' dir='ltr' id='par_1_43' title="bbox 2091 1383 3681 1457">
     <span class='ocr_line' id='line_1_43' title="bbox 2091 1383 3681 1457; baseline 0.003 -22"><span class='ocrx_word' id='word_1_271' title='bbox 2091 1383 2460 1448; x_wconf 84' lang='grc' dir='ltr'>θεοπλάστους</span> <span class='ocrx_word' id='word_1_272' title='bbox 2490 1384 2777 1453; x_wconf 79' lang='grc' dir='ltr'>ἀδελφοὺς,</span> <span class='ocrx_word' id='word_1_273' title='bbox 2808 1387 2900 1438; x_wconf 59' lang='grc' dir='ltr'><strong>καὶ⁵</strong></span> <span class='ocrx_word' id='word_1_274' title='bbox 2937 1384 3083 1438; x_wconf 78' lang='grc' dir='ltr'>οὕτω</span> <span class='ocrx_word' id='word_1_275' title='bbox 3129 1384 3444 1457; x_wconf 80' lang='grc' dir='ltr'><strong>θεομαχεῖν)</strong></span> <span class='ocrx_word' id='word_1_276' title='bbox 3469 1385 3681 1440; x_wconf 85' lang='grc' dir='ltr'>εἴλοντο</span> 
     </span>
    </p>
   </div>
   <div class='ocr_carea' id='block_1_44' title="bbox 2092 1475 3679 1548">
    <p class='ocr_par' dir='ltr' id='par_1_44' title="bbox 2092 1475 3679 1548">
     <span class='ocr_line' id='line_1_44' title="bbox 2092 1475 3679 1548; baseline 0.001 -19"><span class='ocrx_word' id='word_1_277' title='bbox 2092 1475 2190 1529; x_wconf 72' lang='grc' dir='ltr'>καὶ</span> <span class='ocrx_word' id='word_1_278' title='bbox 2220 1475 2481 1545; x_wconf 81' lang='grc' dir='ltr'>τοιαύτην</span> <span class='ocrx_word' id='word_1_279' title='bbox 2531 1476 2828 1530; x_wconf 85' lang='grc' dir='ltr'>ἀλλόκοτον</span> <span class='ocrx_word' id='word_1_280' title='bbox 2873 1475 3075 1546; x_wconf 85' lang='grc' dir='ltr'>τέχνην</span> <span class='ocrx_word' id='word_1_281' title='bbox 3118 1476 3171 1530; x_wconf 74' lang='lat' dir='ltr'><strong>oi</strong></span> <span class='ocrx_word' id='word_1_282' title='bbox 3222 1475 3679 1548; x_wconf 75' lang='grc' dir='ltr'>ὲξημερωθέντες</span> 
     </span>
    </p>
   </div>
   <div class='ocr_carea' id='block_1_45' title="bbox 2091 1565 3679 1641">
    <p class='ocr_par' dir='ltr' id='par_1_45' title="bbox 2091 1565 3679 1641">
     <span class='ocr_line' id='line_1_45' title="bbox 2091 1565 3679 1641; baseline 0.003 -21"><span class='ocrx_word' id='word_1_283' title='bbox 2091 1565 2390 1638; x_wconf 75' lang='grc' dir='ltr'>ἄνθρωποι.</span> <span class='ocrx_word' id='word_1_284' title='bbox 2415 1565 2542 1621; x_wconf 85' lang='grc' dir='ltr'>καθ’</span> <span class='ocrx_word' id='word_1_285' title='bbox 2569 1567 2636 1639; x_wconf 81' lang='grc' dir='ltr'>ἢν</span> <span class='ocrx_word' id='word_1_286' title='bbox 2662 1566 2845 1638; x_wconf 81' lang='grc' dir='ltr'>δῆλον,</span> <span class='ocrx_word' id='word_1_287' title='bbox 2878 1570 2953 1632; x_wconf 83' lang='grc' dir='ltr'>ὡς</span> <span class='ocrx_word' id='word_1_288' title='bbox 2984 1568 3035 1620; x_wconf 84' lang='lat' dir='ltr'><strong>oi</strong></span> <span class='ocrx_word' id='word_1_289' title='bbox 3066 1569 3168 1638; x_wconf 85' lang='grc' dir='ltr'><strong>τὴν</strong></span> <span class='ocrx_word' id='word_1_290' title='bbox 3194 1569 3301 1638; x_wconf 79' lang='grc' dir='ltr'>γῆν</span> <span class='ocrx_word' id='word_1_291' title='bbox 3326 1568 3679 1641; x_wconf 68' lang='grc' dir='ltr'>ἁπολεξάμευ</span> 
     </span>
    </p>
   </div>
   <div class='ocr_carea' id='block_1_46' title="bbox 2092 1660 2945 1733">
    <p class='ocr_par' dir='ltr' id='par_1_46' title="bbox 2092 1660 2945 1733">
     <span class='ocr_line' id='line_1_46' title="bbox 2092 1660 2945 1733; baseline 0 -18"><span class='ocrx_word' id='word_1_292' title='bbox 2092 1674 2174 1715; x_wconf 87' lang='grc' dir='ltr'><strong>νοι</strong></span> <span class='ocrx_word' id='word_1_293' title='bbox 2201 1661 2294 1715; x_wconf 74' lang='grc' dir='ltr'>καὶ</span> <span class='ocrx_word' id='word_1_294' title='bbox 2316 1661 2415 1731; x_wconf 83' lang='grc' dir='ltr'>τὴν</span> <span class='ocrx_word' id='word_1_295' title='bbox 2446 1660 2593 1733; x_wconf 77' lang='grc' dir='ltr'>ζωὴν</span> <span class='ocrx_word' id='word_1_296' title='bbox 2619 1664 2945 1716; x_wconf 83' lang='grc' dir='ltr'>ἀπείπαντο.</span> 
     </span>
    </p>
   </div>
   <div class='ocr_carea' id='block_1_47' title="bbox 2168 1839 3682 1915">
    <p class='ocr_par' dir='ltr' id='par_1_47' title="bbox 2168 1839 3682 1915">
     <span class='ocr_line' id='line_1_47' title="bbox 2168 1839 3682 1915; baseline 0.003 -20"><span class='ocrx_word' id='word_1_297' title='bbox 2168 1839 2281 1912; x_wconf 67' lang='grc' dir='ltr'><strong>μθ.</strong></span> <span class='ocrx_word' id='word_1_298' title='bbox 2301 1840 2512 1912; x_wconf 70' lang='grc' dir='ltr'>Τέχνας</span> <span class='ocrx_word' id='word_1_299' title='bbox 2538 1841 2599 1896; x_wconf 70' lang='grc' dir='ltr'><strong>δέ</strong></span> <span class='ocrx_word' id='word_1_300' title='bbox 2627 1858 2690 1904; x_wconf 85' lang='grc' dir='ltr'><strong>γε</strong></span> <span class='ocrx_word' id='word_1_301' title='bbox 2720 1841 2915 1904; x_wconf 85' lang='grc' dir='ltr'>λοιπὰς</span> <span class='ocrx_word' id='word_1_302' title='bbox 2934 1843 3131 1915; x_wconf 73' lang='grc' dir='ltr'>ἑτέρας</span> <span class='ocrx_word' id='word_1_303' title='bbox 3155 1841 3279 1897; x_wconf 74' lang='grc' dir='ltr'>οὔτε</span> <span class='ocrx_word' id='word_1_304' title='bbox 3304 1841 3682 1910; x_wconf 80' lang='grc' dir='ltr'>κινδυνῶδεις,</span> 
     </span>
    </p>
   </div>
   <div class='ocr_carea' id='block_1_48' title="bbox 2095 1934 3685 2009">
    <p class='ocr_par' dir='ltr' id='par_1_48' title="bbox 2095 1934 3685 2009">
     <span class='ocr_line' id='line_1_48' title="bbox 2095 1934 3685 2009; baseline 0.002 -20"><span class='ocrx_word' id='word_1_305' title='bbox 2095 1934 2232 1989; x_wconf 80' lang='grc' dir='ltr'>ἀλλὰ</span> <span class='ocrx_word' id='word_1_306' title='bbox 2261 1936 2358 1989; x_wconf 70' lang='grc' dir='ltr'>καὶ</span> <span class='ocrx_word' id='word_1_307' title='bbox 2386 1937 2600 2009; x_wconf 68' lang='grc' dir='ltr'>ἱλαρὰς,</span> <span class='ocrx_word' id='word_1_308' title='bbox 2625 1938 2722 1990; x_wconf 79' lang='grc' dir='ltr'>καὶ</span> <span class='ocrx_word' id='word_1_309' title='bbox 2754 1936 2893 2008; x_wconf 83' lang='grc' dir='ltr'>πρὸς</span> <span class='ocrx_word' id='word_1_310' title='bbox 2923 1939 3086 2009; x_wconf 82' lang='grc' dir='ltr'>χάριν</span> <span class='ocrx_word' id='word_1_311' title='bbox 3114 1938 3560 2009; x_wconf 76' lang='grc' dir='ltr'>ἐσκευασμένας,</span> <span class='ocrx_word' id='word_1_312' title='bbox 3584 1938 3685 1992; x_wconf 82' lang='grc' dir='ltr'>καὶ</span> 
     </span>
    </p>
   </div>
   <div class='ocr_carea' id='block_1_49' title="bbox 2096 2030 3683 2106">
    <p class='ocr_par' dir='ltr' id='par_1_49' title="bbox 2096 2030 3683 2106">
     <span class='ocr_line' id='line_1_49' title="bbox 2096 2030 3683 2106; baseline 0.003 -21"><span class='ocrx_word' id='word_1_313' title='bbox 2096 2030 2289 2103; x_wconf 77' lang='grc' dir='ltr'>ἡδονὴν</span> <span class='ocrx_word' id='word_1_314' title='bbox 2324 2031 2529 2104; x_wconf 84' lang='grc' dir='ltr'>πολλὴν</span> <span class='ocrx_word' id='word_1_315' title='bbox 2559 2031 2995 2103; x_wconf 81' lang='grc' dir='ltr'>ὲπισυρομένας.</span> <span class='ocrx_word' id='word_1_316' title='bbox 3020 2034 3121 2088; x_wconf 79' lang='grc' dir='ltr'>οὐκ</span> <span class='ocrx_word' id='word_1_317' title='bbox 3144 2033 3211 2089; x_wconf 78' lang='grc' dir='ltr'><strong>ἂν</strong></span> <span class='ocrx_word' id='word_1_318' title='bbox 3232 2034 3354 2089; x_wconf 78' lang='grc' dir='ltr'><strong>οὐδὲ</strong></span> <span class='ocrx_word' id='word_1_319' title='bbox 3380 2035 3683 2106; x_wconf 78' lang='grc' dir='ltr'>διαμετρή-</span> 
     </span>
    </p>
   </div>
   <div class='ocr_carea' id='block_1_50' title="bbox 2099 2122 3686 2200">
    <p class='ocr_par' dir='ltr' id='par_1_50' title="bbox 2099 2122 3686 2200">
     <span class='ocr_line' id='line_1_50' title="bbox 2099 2122 3686 2200; baseline 0.003 -23"><span class='ocrx_word' id='word_1_320' title='bbox 2099 2125 2293 2179; x_wconf 90' lang='grc' dir='ltr'>σασθαι</span> <span class='ocrx_word' id='word_1_321' title='bbox 2344 2125 2563 2178; x_wconf 86' lang='grc' dir='ltr'>δύναιτό</span> <span class='ocrx_word' id='word_1_322' title='bbox 2588 2142 2694 2191; x_wconf 89' lang='grc' dir='ltr'>τις,</span> <span class='ocrx_word' id='word_1_323' title='bbox 2728 2122 2818 2189; x_wconf 78' lang='grc' dir='ltr'>αἷς</span> <span class='ocrx_word' id='word_1_324' title='bbox 2851 2127 2899 2179; x_wconf 83' lang='grc' dir='ltr'>οἱ</span> <span class='ocrx_word' id='word_1_325' title='bbox 2920 2127 3052 2196; x_wconf 73' lang='grc' dir='ltr'>πρὶν</span> <span class='ocrx_word' id='word_1_326' title='bbox 3082 2127 3248 2197; x_wconf 86' lang='grc' dir='ltr'>θῆρες</span> <span class='ocrx_word' id='word_1_327' title='bbox 3279 2127 3566 2200; x_wconf 81' lang='grc' dir='ltr'>ἄνθρωποι</span> <span class='ocrx_word' id='word_1_328' title='bbox 3599 2144 3686 2182; x_wconf 82' lang='grc' dir='ltr'>τι·</span> 
     </span>
    </p>
   </div>
   <div class='ocr_carea' id='block_1_51' title="bbox 2098 2212 3682 2293">
    <p class='ocr_par' dir='ltr' id='par_1_51' title="bbox 2098 2212 3682 2293">
     <span class='ocr_line' id='line_1_51' title="bbox 2098 2212 3682 2293; baseline 0.002 -21"><span class='ocrx_word' id='word_1_329' title='bbox 2098 2219 2260 2274; x_wconf 84' lang='grc' dir='ltr'><strong>θασοὶ</strong></span> <span class='ocrx_word' id='word_1_330' title='bbox 2288 2218 2579 2287; x_wconf 87' lang='grc' dir='ltr'>γεγόνασιν</span> <span class='ocrx_word' id='word_1_331' title='bbox 2609 2212 2863 2290; x_wconf 59' lang='grc' dir='ltr'>ὕστερον,</span> <span class='ocrx_word' id='word_1_332' title='bbox 2913 2218 3056 2273; x_wconf 78' lang='grc' dir='ltr'>Ἀλλ’</span> <span class='ocrx_word' id='word_1_333' title='bbox 3097 2218 3245 2274; x_wconf 76' lang='grc' dir='ltr'>οὕτω</span> <span class='ocrx_word' id='word_1_334' title='bbox 3289 2220 3390 2291; x_wconf 69' lang='grc' dir='ltr'>μὲν</span> <span class='ocrx_word' id='word_1_335' title='bbox 3424 2220 3682 2293; x_wconf 79' lang='grc' dir='ltr'>ὑποθήκη</span> 
     </span>
    </p>
   </div>
   <div class='ocr_carea' id='block_1_52' title="bbox 2097 2305 3686 2380">
    <p class='ocr_par' dir='ltr' id='par_1_52' title="bbox 2097 2305 3686 2380">
     <span class='ocr_line' id='line_1_52' title="bbox 2097 2305 3686 2380; baseline 0.004 -19"><span class='ocrx_word' id='word_1_336' title='bbox 2097 2305 2281 2377; x_wconf 81' lang='grc' dir='ltr'>ἀγαθὴ</span> <span class='ocrx_word' id='word_1_337' title='bbox 2308 2307 2510 2378; x_wconf 75' lang='grc' dir='ltr'>ἐκείνη,</span> <span class='ocrx_word' id='word_1_338' title='bbox 2539 2308 2633 2361; x_wconf 77' lang='grc' dir='ltr'>καὶ</span> <span class='ocrx_word' id='word_1_339' title='bbox 2660 2307 2847 2371; x_wconf 81' lang='grc' dir='ltr'>ἔννους</span> <span class='ocrx_word' id='word_1_340' title='bbox 2888 2310 3280 2380; x_wconf 84' lang='grc' dir='ltr'>χρηστολογία,</span> <span class='ocrx_word' id='word_1_341' title='bbox 3305 2312 3403 2366; x_wconf 75' lang='grc' dir='ltr'>καὶ</span> <span class='ocrx_word' id='word_1_342' title='bbox 3424 2312 3686 2367; x_wconf 79' lang='grc' dir='ltr'>διδασκα-</span> 
     </span>
    </p>
   </div>
   <div class='ocr_carea' id='block_1_53' title="bbox 2099 2398 3686 2474">
    <p class='ocr_par' dir='ltr' id='par_1_53' title="bbox 2099 2398 3686 2474">
     <span class='ocr_line' id='line_1_53' title="bbox 2099 2398 3686 2474; baseline 0.004 -21"><span class='ocrx_word' id='word_1_343' title='bbox 2099 2399 2192 2453; x_wconf 86' lang='grc' dir='ltr'><strong>λία</strong></span> <span class='ocrx_word' id='word_1_344' title='bbox 2242 2399 2532 2463; x_wconf 80' lang='grc' dir='ltr'>εὐσύνετος</span> <span class='ocrx_word' id='word_1_345' title='bbox 2564 2398 2661 2454; x_wconf 81' lang='grc' dir='ltr'>τοῦ</span> <span class='ocrx_word' id='word_1_346' title='bbox 2697 2400 2890 2468; x_wconf 81' lang='grc' dir='ltr'>καλοῦ,</span> <span class='ocrx_word' id='word_1_347' title='bbox 2942 2401 3037 2456; x_wconf 72' lang='grc' dir='ltr'>καὶ</span> <span class='ocrx_word' id='word_1_348' title='bbox 3092 2402 3311 2474; x_wconf 78' lang='grc' dir='ltr'>ὑπακοὴ</span> <span class='ocrx_word' id='word_1_349' title='bbox 3357 2405 3456 2459; x_wconf 77' lang='grc' dir='ltr'>καὶ</span> <span class='ocrx_word' id='word_1_350' title='bbox 3504 2405 3686 2460; x_wconf 82' lang='grc' dir='ltr'>πειθὼ</span> 
     </span>
    </p>
   </div>
   <div class='ocr_carea' id='block_1_54' title="bbox 2099 2492 3687 2567">
    <p class='ocr_par' dir='ltr' id='par_1_54' title="bbox 2099 2492 3687 2567">
     <span class='ocr_line' id='line_1_54' title="bbox 2099 2492 3687 2567; baseline 0.006 -22"><span class='ocrx_word' id='word_1_351' title='bbox 2099 2493 2229 2556; x_wconf 80' lang='grc' dir='ltr'>τοὺς</span> <span class='ocrx_word' id='word_1_352' title='bbox 2283 2492 2456 2547; x_wconf 88' lang='grc' dir='ltr'>πάλαι</span> <span class='ocrx_word' id='word_1_353' title='bbox 2506 2493 2639 2547; x_wconf 70' lang='grc' dir='ltr'>ποτὲ</span> <span class='ocrx_word' id='word_1_354' title='bbox 2672 2493 2953 2565; x_wconf 66' lang='grc' dir='ltr'>σκαμὼὺς</span> <span class='ocrx_word' id='word_1_355' title='bbox 2989 2495 3277 2567; x_wconf 75' lang='grc' dir='ltr'>ἒξὼρθωσε</span> <span class='ocrx_word' id='word_1_356' title='bbox 3326 2499 3687 2564; x_wconf 81' lang='grc' dir='ltr'>κανονίσασα,</span> 
     </span>
    </p>
   </div>
   <div class='ocr_carea' id='block_1_55' title="bbox 2102 2583 3688 2660">
    <p class='ocr_par' dir='ltr' id='par_1_55' title="bbox 2102 2583 3688 2660">
     <span class='ocr_line' id='line_1_55' title="bbox 2102 2583 3688 2660; baseline 0.004 -24"><span class='ocrx_word' id='word_1_357' title='bbox 2102 2583 2199 2639; x_wconf 78' lang='grc' dir='ltr'>καὶ</span> <span class='ocrx_word' id='word_1_358' title='bbox 2230 2586 2313 2645; x_wconf 87' lang='grc' dir='ltr'>εἰς</span> <span class='ocrx_word' id='word_1_359' title='bbox 2339 2583 2471 2638; x_wconf 78' lang='grc' dir='ltr'>εὐθὺ</span> <span class='ocrx_word' id='word_1_360' title='bbox 2506 2584 2848 2654; x_wconf 78' lang='grc' dir='ltr'>ἀποξέσασα,</span> <span class='ocrx_word' id='word_1_361' title='bbox 2879 2587 2976 2640; x_wconf 77' lang='grc' dir='ltr'><strong>καὶ</strong></span> <span class='ocrx_word' id='word_1_362' title='bbox 3029 2584 3129 2656; x_wconf 84' lang='grc' dir='ltr'><strong>τῆς</strong></span> <span class='ocrx_word' id='word_1_363' title='bbox 3181 2587 3241 2641; x_wconf 71' lang='grc' dir='ltr'><strong>ιν</strong></span> <span class='ocrx_word' id='word_1_364' title='bbox 3273 2586 3394 2659; x_wconf 70' lang='grc' dir='ltr'>ἤθει</span> <span class='ocrx_word' id='word_1_365' title='bbox 3425 2588 3688 2660; x_wconf 75' lang='grc' dir='ltr'>στρεϐλό-</span> 
     </span>
    </p>
   </div>
   <div class='ocr_carea' id='block_1_56' title="bbox 2101 2675 3691 2751">
    <p class='ocr_par' dir='ltr' id='par_1_56' title="bbox 2101 2675 3691 2751">
     <span class='ocr_line' id='line_1_56' title="bbox 2101 2675 3691 2751; baseline 0.004 -22"><span class='ocrx_word' id='word_1_366' title='bbox 2101 2690 2265 2746; x_wconf 87' lang='grc' dir='ltr'>τητος</span> <span class='ocrx_word' id='word_1_367' title='bbox 2310 2676 2390 2738; x_wconf 84' lang='grc' dir='ltr'><strong>είς</strong></span> <span class='ocrx_word' id='word_1_368' title='bbox 2439 2675 2681 2738; x_wconf 67' lang='grc' dir='ltr'>ίθυτενὲς</span> <span class='ocrx_word' id='word_1_369' title='bbox 2733 2677 3129 2746; x_wconf 79' lang='grc' dir='ltr'>μετεσκεύασε.</span> <span class='ocrx_word' id='word_1_370' title='bbox 3178 2679 3289 2733; x_wconf 89' lang='lat' dir='ltr'><strong>Kal</strong></span> <span class='ocrx_word' id='word_1_371' title='bbox 3336 2680 3691 2751; x_wconf 79' lang='grc' dir='ltr'>περιᾲδονται</span> 
     </span>
    </p>
   </div>
   <div class='ocr_carea' id='block_1_57' title="bbox 2103 2766 3693 2840">
    <p class='ocr_par' dir='ltr' id='par_1_57' title="bbox 2103 2766 3693 2840">
     <span class='ocr_line' id='line_1_57' title="bbox 2103 2766 3693 2840; baseline 0.003 -20"><span class='ocrx_word' id='word_1_372' title='bbox 2103 2768 2290 2836; x_wconf 73' lang='grc' dir='ltr'>τέχναι</span> <span class='ocrx_word' id='word_1_373' title='bbox 2319 2766 2515 2822; x_wconf 77' lang='grc' dir='ltr'>πολλαὶ</span> <span class='ocrx_word' id='word_1_374' title='bbox 2564 2768 2658 2821; x_wconf 76' lang='grc' dir='ltr'>καὶ</span> <span class='ocrx_word' id='word_1_375' title='bbox 2689 2768 3005 2834; x_wconf 76' lang='grc' dir='ltr'>σπουδαῖαι,</span> <span class='ocrx_word' id='word_1_376' title='bbox 3035 2769 3342 2840; x_wconf 84' lang='grc' dir='ltr'>τηνικαῦτα</span> <span class='ocrx_word' id='word_1_377' title='bbox 3371 2770 3538 2836; x_wconf 76' lang='grc' dir='ltr'>εὐθὺς</span> <span class='ocrx_word' id='word_1_378' title='bbox 3568 2772 3693 2825; x_wconf 69' lang='grc' dir='ltr'>ἐπι-</span> 
     </span>
    </p>
   </div>
   <div class='ocr_carea' id='block_1_58' title="bbox 2104 2856 3693 2936">
    <p class='ocr_par' dir='ltr' id='par_1_58' title="bbox 2104 2856 3693 2936">
     <span class='ocr_line' id='line_1_58' title="bbox 2104 2856 3693 2936; baseline 0.004 -25"><span class='ocrx_word' id='word_1_379' title='bbox 2104 2859 2448 2930; x_wconf 77' lang='grc' dir='ltr'>νενοημέναι,</span> <span class='ocrx_word' id='word_1_380' title='bbox 2500 2860 2594 2912; x_wconf 76' lang='grc' dir='ltr'><strong>καὶ</strong></span> <span class='ocrx_word' id='word_1_381' title='bbox 2627 2860 2705 2923; x_wconf 81' lang='grc' dir='ltr'><strong>είς</strong></span> <span class='ocrx_word' id='word_1_382' title='bbox 2761 2859 3040 2914; x_wconf 77' lang='grc' dir='ltr'>πολιτικὸν</span> <span class='ocrx_word' id='word_1_383' title='bbox 3090 2856 3279 2933; x_wconf 81' lang='grc' dir='ltr'>σχῆμα</span> <span class='ocrx_word' id='word_1_384' title='bbox 3326 2862 3455 2926; x_wconf 81' lang='grc' dir='ltr'>τοὺς</span> <span class='ocrx_word' id='word_1_385' title='bbox 3490 2865 3693 2936; x_wconf 81' lang='grc' dir='ltr'>πρώην</span> 
     </span>
    </p>
   </div>
   <div class='ocr_carea' id='block_1_59' title="bbox 2106 2951 3688 3026">
    <p class='ocr_par' dir='ltr' id='par_1_59' title="bbox 2106 2951 3688 3026">
     <span class='ocr_line' id='line_1_59' title="bbox 2106 2951 3688 3026; baseline 0.004 -21"><span class='ocrx_word' id='word_1_386' title='bbox 2106 2952 2204 3006; x_wconf 79' lang='grc' dir='ltr'>καὶ</span> <span class='ocrx_word' id='word_1_387' title='bbox 2264 2952 2530 3021; x_wconf 78' lang='grc' dir='ltr'>ἀτέχνους</span> <span class='ocrx_word' id='word_1_388' title='bbox 2572 2951 2667 3005; x_wconf 76' lang='grc' dir='ltr'>καὶ</span> <span class='ocrx_word' id='word_1_389' title='bbox 2701 2952 3094 3020; x_wconf 78' lang='grc' dir='ltr'>ἀπολιτεύτους</span> <span class='ocrx_word' id='word_1_390' title='bbox 3131 2957 3688 3026; x_wconf 83' lang='grc' dir='ltr'>ἀποκαταστήσασαι.</span> 
     </span>
    </p>
   </div>
   <div class='ocr_carea' id='block_1_60' title="bbox 499 3028 2004 3115">
    <p class='ocr_par' dir='ltr' id='par_1_60' title="bbox 499 3028 1998 3099">
     <span class='ocr_line' id='line_1_60' title="bbox 499 3028 1998 3099; baseline -0.009 -3"><span class='ocrx_word' id='word_1_391' title='bbox 499 3042 590 3096; x_wconf 71' lang='grc'><strong>45.</strong></span> <span class='ocrx_word' id='word_1_392' title='bbox 624 3040 830 3094; x_wconf 68' lang='lat' dir='ltr'><strong>Praeter</strong></span> <span class='ocrx_word' id='word_1_393' title='bbox 877 3036 1005 3089; x_wconf 76' lang='lat' dir='ltr'><strong>alia&#39;</strong></span> <span class='ocrx_word' id='word_1_394' title='bbox 1035 3035 1181 3090; x_wconf 85' lang='lat' dir='ltr'><strong>enim</strong></span> <span class='ocrx_word' id='word_1_395' title='bbox 1225 3033 1299 3087; x_wconf 89' lang='lat' dir='ltr'><strong>illi</strong></span> <span class='ocrx_word' id='word_1_396' title='bbox 1344 3031 1449 3087; x_wconf 88' lang='lat' dir='ltr'><strong>viri</strong></span> <span class='ocrx_word' id='word_1_397' title='bbox 1500 3030 1777 3099; x_wconf 80' lang='lat' dir='ltr'><strong>sapientes</strong></span> <span class='ocrx_word' id='word_1_398' title='bbox 1833 3028 1998 3085; x_wconf 89' lang='lat' dir='ltr'><strong>etiam</strong></span> 
     </span>
    </p>
   </div>
   <div class='ocr_carea' id='block_1_61' title="bbox 2111 3028 3693 3115">
    <p class='ocr_par' dir='ltr' id='par_1_61' title="bbox 2181 3043 3693 3114">
     <span class='ocr_line' id='line_1_61' title="bbox 2181 3043 3693 3114; baseline 0.003 -18"><span class='ocrx_word' id='word_1_399' title='bbox 2181 3050 2291 3114; x_wconf 84' lang='grc' dir='ltr'>μγ⁹.</span> <span class='ocrx_word' id='word_1_400' title='bbox 2329 3045 2473 3114; x_wconf 84' lang='grc' dir='ltr'>Πρδς</span> <span class='ocrx_word' id='word_1_401' title='bbox 2495 3043 2606 3114; x_wconf 81' lang='grc' dir='ltr'>γὰρ</span> <span class='ocrx_word' id='word_1_402' title='bbox 2642 3045 2757 3109; x_wconf 82' lang='grc' dir='ltr'>τοῖς</span> <span class='ocrx_word' id='word_1_403' title='bbox 2789 3044 2972 3110; x_wconf 84' lang='grc' dir='ltr'>ἀλλοις</span> <span class='ocrx_word' id='word_1_404' title='bbox 3009 3047 3103 3101; x_wconf 81' lang='grc' dir='ltr'>καὶ</span> <span class='ocrx_word' id='word_1_405' title='bbox 3132 3046 3317 3111; x_wconf 78' lang='grc' dir='ltr'>πόλεις</span> <span class='ocrx_word' id='word_1_406' title='bbox 3343 3049 3553 3101; x_wconf 68' lang='grc' dir='ltr'>ἱκεῖνοι</span> <span class='ocrx_word' id='word_1_407' title='bbox 3594 3065 3693 3100; x_wconf 84' lang='grc' dir='ltr'>πε-</span> 
     </span>
    </p>
   </div>
   <div class='ocr_carea' id='block_1_62' title="bbox 429 3121 2001 3192">
    <p class='ocr_par' dir='ltr' id='par_1_62' title="bbox 429 3121 2001 3192">
     <span class='ocr_line' id='line_1_62' title="bbox 429 3121 2001 3192; baseline -0.01 -2"><span class='ocrx_word' id='word_1_408' title='bbox 429 3134 594 3190; x_wconf 82' lang='lat' dir='ltr'><strong>urbes</strong></span> <span class='ocrx_word' id='word_1_409' title='bbox 647 3130 962 3187; x_wconf 84' lang='lat' dir='ltr'><strong>describere</strong></span> <span class='ocrx_word' id='word_1_410' title='bbox 1026 3141 1091 3179; x_wconf 81' lang='lat' dir='ltr'><strong>ac</strong></span> <span class='ocrx_word' id='word_1_411' title='bbox 1151 3124 1384 3180; x_wconf 80' lang='lat' dir='ltr'><strong>condere</strong></span> <span class='ocrx_word' id='word_1_412' title='bbox 1443 3130 1766 3192; x_wconf 61' lang='lat' dir='ltr'><strong>eruperunt,</strong></span> <span class='ocrx_word' id='word_1_413' title='bbox 1835 3121 2001 3176; x_wconf 88' lang='lat' dir='ltr'><strong>etiam</strong></span> 
     </span>
    </p>
   </div>
   <div class='ocr_carea' id='block_1_63' title="bbox 434 3217 1995 3299">
    <p class='ocr_par' dir='ltr' id='par_1_63' title="bbox 434 3217 1995 3299">
     <span class='ocr_line' id='line_1_63' title="bbox 434 3217 1995 3299; baseline -0.011 -14"><span class='ocrx_word' id='word_1_414' title='bbox 434 3229 595 3299; x_wconf 87' lang='lat' dir='ltr'><strong>hujus</strong></span> <span class='ocrx_word' id='word_1_415' title='bbox 623 3227 749 3282; x_wconf 90' lang='lat' dir='ltr'><strong>boui</strong></span> <span class='ocrx_word' id='word_1_416' title='bbox 777 3218 1036 3280; x_wconf 71' lang='lat' dir='ltr'><strong>salutaria</strong></span> <span class='ocrx_word' id='word_1_417' title='bbox 1064 3219 1310 3288; x_wconf 78' lang='lat' dir='ltr'><strong>exempla</strong></span> <span class='ocrx_word' id='word_1_418' title='bbox 1338 3219 1570 3289; x_wconf 86' lang='lat' dir='ltr'><strong>posteris</strong></span> <span class='ocrx_word' id='word_1_419' title='bbox 1601 3217 1995 3287; x_wconf 84' lang='lat' dir='ltr'><strong>relinquentes;</strong></span> 
     </span>
    </p>
   </div>
   <div class='ocr_carea' id='block_1_64' title="bbox 431 3307 2005 3394">
    <p class='ocr_par' dir='ltr' id='par_1_64' title="bbox 431 3307 2005 3394">
     <span class='ocr_line' id='line_1_64' title="bbox 431 3307 2005 3394; baseline -0.01 -16"><span class='ocrx_word' id='word_1_420' title='bbox 431 3323 522 3394; x_wconf 88' lang='lat' dir='ltr'><strong>qui</strong></span> <span class='ocrx_word' id='word_1_421' title='bbox 552 3330 733 3375; x_wconf 82' lang='lat' dir='ltr'><strong>autem</strong></span> <span class='ocrx_word' id='word_1_422' title='bbox 764 3333 858 3373; x_wconf 90' lang='lat' dir='ltr'><strong>eos</strong></span> <span class='ocrx_word' id='word_1_423' title='bbox 886 3315 1280 3384; x_wconf 84' lang='lat' dir='ltr'><strong>sequebantur,</strong></span> <span class='ocrx_word' id='word_1_424' title='bbox 1315 3310 1564 3367; x_wconf 87' lang='lat' dir='ltr'><strong>homines</strong></span> <span class='ocrx_word' id='word_1_425' title='bbox 1608 3309 1868 3364; x_wconf 88' lang='lat' dir='ltr'><strong>nimirum</strong></span> <span class='ocrx_word' id='word_1_426' title='bbox 1904 3307 2005 3377; x_wconf 75' lang='lat' dir='ltr'><strong>legi</strong></span> 
     </span>
    </p>
   </div>
   <div class='ocr_carea' id='block_1_65' title="bbox 434 3401 2006 3481">
    <p class='ocr_par' dir='ltr' id='par_1_65' title="bbox 434 3401 2006 3481">
     <span class='ocr_line' id='line_1_65' title="bbox 434 3401 2006 3481; baseline -0.011 -12"><span class='ocrx_word' id='word_1_427' title='bbox 434 3431 462 3469; x_wconf 87' lang='lat' dir='ltr'><strong>a</strong></span> <span class='ocrx_word' id='word_1_428' title='bbox 489 3413 784 3481; x_wconf 85' lang='lat' dir='ltr'><strong>majoribus</strong></span> <span class='ocrx_word' id='word_1_429' title='bbox 815 3408 1024 3464; x_wconf 63' lang='lat' dir='ltr'><strong>traditae</strong></span> <span class='ocrx_word' id='word_1_430' title='bbox 1060 3405 1287 3470; x_wconf 90' lang='lat' dir='ltr'><strong>addicti,</strong></span> <span class='ocrx_word' id='word_1_431' title='bbox 1319 3416 1507 3457; x_wconf 84' lang='lat' dir='ltr'><strong>ansam</strong></span> <span class='ocrx_word' id='word_1_432' title='bbox 1533 3401 1680 3456; x_wconf 92' lang='lat' dir='ltr'><strong>illinc</strong></span> <span class='ocrx_word' id='word_1_433' title='bbox 1708 3401 2006 3471; x_wconf 81' lang='lat' dir='ltr'><strong>capientes,</strong></span> 
     </span>
    </p>
   </div>
   <div class='ocr_carea' id='block_1_66' title="bbox 435 3495 2010 3575">
    <p class='ocr_par' dir='ltr' id='par_1_66' title="bbox 435 3495 2010 3575">
     <span class='ocr_line' id='line_1_66' title="bbox 435 3495 2010 3575; baseline -0.01 -12"><span class='ocrx_word' id='word_1_434' title='bbox 435 3523 548 3565; x_wconf 92' lang='lat' dir='ltr'><strong>rem</strong></span> <span class='ocrx_word' id='word_1_435' title='bbox 593 3509 750 3562; x_wconf 83' lang='lat' dir='ltr'><strong>istam</strong></span> <span class='ocrx_word' id='word_1_436' title='bbox 795 3502 1116 3575; x_wconf 64' lang='lat' dir='ltr'><strong>praclaram</strong></span> <span class='ocrx_word' id='word_1_437' title='bbox 1145 3512 1244 3569; x_wconf 87' lang='lat' dir='ltr'><strong>pro</strong></span> <span class='ocrx_word' id='word_1_438' title='bbox 1288 3496 1495 3551; x_wconf 88' lang='lat' dir='ltr'><strong>viribus</strong></span> <span class='ocrx_word' id='word_1_439' title='bbox 1519 3495 1931 3556; x_wconf 81' lang='lat' dir='ltr'><strong>continuarunt,</strong></span> <span class='ocrx_word' id='word_1_440' title='bbox 1956 3505 2010 3548; x_wconf 84' lang='lat' dir='ltr'><strong>et</strong></span> 
     </span>
    </p>
   </div>
   <div class='ocr_carea' id='block_1_67' title="bbox 434 3583 2010 3673">
    <p class='ocr_par' dir='ltr' id='par_1_67' title="bbox 434 3583 2010 3673">
     <span class='ocr_line' id='line_1_67' title="bbox 434 3583 2010 3673; baseline -0.013 -16"><span class='ocrx_word' id='word_1_441' title='bbox 434 3602 660 3673; x_wconf 88' lang='lat' dir='ltr'><strong>pulchro</strong></span> <span class='ocrx_word' id='word_1_442' title='bbox 695 3599 1047 3652; x_wconf 81' lang='lat' dir='ltr'><strong>fundamento</strong></span> <span class='ocrx_word' id='word_1_443' title='bbox 1076 3593 1409 3647; x_wconf 82' lang='lat' dir='ltr'><strong>incrementa</strong></span> <span class='ocrx_word' id='word_1_444' title='bbox 1444 3587 1642 3641; x_wconf 86' lang='lat' dir='ltr'><strong>addere</strong></span> <span class='ocrx_word' id='word_1_445' title='bbox 1681 3583 2010 3639; x_wconf 89' lang='lat' dir='ltr'><strong>studuerunt</strong></span> 
     </span>
    </p>
   </div>
   <div class='ocr_carea' id='block_1_68' title="bbox 438 3677 2011 3761">
    <p class='ocr_par' dir='ltr' id='par_1_68' title="bbox 438 3677 2011 3761">
     <span class='ocr_line' id='line_1_68' title="bbox 438 3677 2011 3761; baseline -0.011 -14"><span class='ocrx_word' id='word_1_446' title='bbox 438 3692 768 3750; x_wconf 82' lang='lat' dir='ltr'><strong>venerabilia</strong></span> <span class='ocrx_word' id='word_1_447' title='bbox 802 3688 1120 3761; x_wconf 64' lang='lat' dir='ltr'><strong>milibusque</strong></span> <span class='ocrx_word' id='word_1_448' title='bbox 1160 3683 1249 3739; x_wconf 85' lang='lat' dir='ltr'><strong>Dei</strong></span> <span class='ocrx_word' id='word_1_449' title='bbox 1287 3694 1545 3748; x_wconf 79' lang='lat' dir='ltr'><strong>congrua.</strong></span> <span class='ocrx_word' id='word_1_450' title='bbox 1579 3678 1845 3735; x_wconf 67' lang='lat' dir='ltr'><strong>Caeterum</strong></span> <span class='ocrx_word' id='word_1_451' title='bbox 1877 3677 2011 3730; x_wconf 84' lang='lat' dir='ltr'><strong>arti-</strong></span> 
     </span>
    </p>
   </div>
   <div class='ocr_carea' id='block_1_69' title="bbox 441 3769 2013 3848">
    <p class='ocr_par' dir='ltr' id='par_1_69' title="bbox 441 3769 2013 3848">
     <span class='ocr_line' id='line_1_69' title="bbox 441 3769 2013 3848; baseline -0.013 -5"><span class='ocrx_word' id='word_1_452' title='bbox 441 3789 570 3843; x_wconf 88' lang='lat' dir='ltr'><strong>lices</strong></span> <span class='ocrx_word' id='word_1_453' title='bbox 612 3786 804 3840; x_wconf 89' lang='lat' dir='ltr'><strong>harum</strong></span> <span class='ocrx_word' id='word_1_454' title='bbox 842 3795 1026 3836; x_wconf 90' lang='lat' dir='ltr'><strong>rerum</strong></span> <span class='ocrx_word' id='word_1_455' title='bbox 1072 3775 1415 3848; x_wconf 87' lang='lat' dir='ltr'><strong>peritissimi,</strong></span> <span class='ocrx_word' id='word_1_456' title='bbox 1447 3774 1591 3828; x_wconf 88' lang='lat' dir='ltr'><strong>inter</strong></span> <span class='ocrx_word' id='word_1_457' title='bbox 1619 3784 1760 3840; x_wconf 86' lang='lat' dir='ltr'><strong>quos</strong></span> <span class='ocrx_word' id='word_1_458' title='bbox 1791 3776 1846 3825; x_wconf 92' lang='lat' dir='ltr'><strong>et</strong></span> <span class='ocrx_word' id='word_1_459' title='bbox 1872 3769 2013 3824; x_wconf 88' lang='lat' dir='ltr'><strong>anti-</strong></span> 
     </span>
    </p>
   </div>
   <div class='ocr_carea' id='block_1_70' title="bbox 439 3860 2011 3950">
    <p class='ocr_par' dir='ltr' id='par_1_70' title="bbox 439 3860 2011 3950">
     <span class='ocr_line' id='line_1_70' title="bbox 439 3860 2011 3950; baseline -0.014 -13"><span class='ocrx_word' id='word_1_460' title='bbox 439 3878 685 3950; x_wconf 86' lang='lat' dir='ltr'><strong>quissimi</strong></span> <span class='ocrx_word' id='word_1_461' title='bbox 719 3878 1076 3931; x_wconf 83' lang='lat' dir='ltr'><strong>recensentur</strong></span> <span class='ocrx_word' id='word_1_462' title='bbox 1102 3867 1454 3938; x_wconf 75' lang='lat' dir='ltr'><strong>patriarchae,</strong></span> <span class='ocrx_word' id='word_1_463' title='bbox 1500 3862 1732 3919; x_wconf 88' lang='lat' dir='ltr'><strong>summis</strong></span> <span class='ocrx_word' id='word_1_464' title='bbox 1760 3860 2011 3915; x_wconf 88' lang='lat' dir='ltr'><strong>laudibus</strong></span> 
     </span>
    </p>
   </div>
   <div class='ocr_carea' id='block_1_71' title="bbox 439 3954 2011 4046">
    <p class='ocr_par' dir='ltr' id='par_1_71' title="bbox 439 3954 2011 4046">
     <span class='ocr_line' id='line_1_71' title="bbox 439 3954 2011 4046; baseline -0.014 -16"><span class='ocrx_word' id='word_1_465' title='bbox 439 3972 804 4046; x_wconf 63' lang='lat' dir='ltr'><strong>praedicantur</strong></span> <span class='ocrx_word' id='word_1_466' title='bbox 862 3976 916 4022; x_wconf 89' lang='lat' dir='ltr'><strong>et</strong></span> <span class='ocrx_word' id='word_1_467' title='bbox 969 3962 1315 4021; x_wconf 84' lang='lat' dir='ltr'><strong>admirationi</strong></span> <span class='ocrx_word' id='word_1_468' title='bbox 1365 3966 1516 4020; x_wconf 84' lang='lat' dir='ltr'><strong>sunt,</strong></span> <span class='ocrx_word' id='word_1_469' title='bbox 1567 3964 1619 4011; x_wconf 90' lang='lat' dir='ltr'><strong>et</strong></span> <span class='ocrx_word' id='word_1_470' title='bbox 1669 3954 2011 4025; x_wconf 89' lang='lat' dir='ltr'><strong>principibus</strong></span> 
     </span>
    </p>
   </div>
   <div class='ocr_carea' id='block_1_72' title="bbox 441 4047 2013 4121">
    <p class='ocr_par' dir='ltr' id='par_1_72' title="bbox 441 4047 2013 4121">
     <span class='ocr_line' id='line_1_72' title="bbox 441 4047 2013 4121; baseline -0.015 0"><span class='ocrx_word' id='word_1_471' title='bbox 441 4063 643 4121; x_wconf 87' lang='lat' dir='ltr'><strong>sanctis</strong></span> <span class='ocrx_word' id='word_1_472' title='bbox 672 4064 1118 4118; x_wconf 87' lang='lat' dir='ltr'><strong>adnumerantur,</strong></span> <span class='ocrx_word' id='word_1_473' title='bbox 1179 4053 1289 4107; x_wconf 91' lang='lat' dir='ltr'><strong>imo</strong></span> <span class='ocrx_word' id='word_1_474' title='bbox 1336 4058 1391 4104; x_wconf 92' lang='lat' dir='ltr'><strong>et</strong></span> <span class='ocrx_word' id='word_1_475' title='bbox 1433 4047 1693 4104; x_wconf 69' lang='lat' dir='ltr'><strong>cmiicolze</strong></span> <span class='ocrx_word' id='word_1_476' title='bbox 1736 4059 1856 4100; x_wconf 83' lang='lat' dir='ltr'><strong>esse</strong></span> <span class='ocrx_word' id='word_1_477' title='bbox 1894 4058 2013 4099; x_wconf 83' lang='lat' dir='ltr'><strong>ere-</strong></span> 
     </span>
    </p>
   </div>
   <div class='ocr_carea' id='block_1_73' title="bbox 441 4137 2012 4220">
    <p class='ocr_par' dir='ltr' id='par_1_73' title="bbox 441 4137 2012 4220">
     <span class='ocr_line' id='line_1_73' title="bbox 441 4137 2012 4220; baseline -0.017 -6"><span class='ocrx_word' id='word_1_478' title='bbox 441 4158 669 4220; x_wconf 88' lang='lat' dir='ltr'><strong>duntur,</strong></span> <span class='ocrx_word' id='word_1_479' title='bbox 715 4151 975 4207; x_wconf 86' lang='lat' dir='ltr'><strong>nimirum</strong></span> <span class='ocrx_word' id='word_1_480' title='bbox 1028 4153 1085 4200; x_wconf 91' lang='lat' dir='ltr'><strong>et</strong></span> <span class='ocrx_word' id='word_1_481' title='bbox 1139 4145 1192 4198; x_wconf 92' lang='lat' dir='ltr'><strong>in</strong></span> <span class='ocrx_word' id='word_1_482' title='bbox 1249 4141 1469 4198; x_wconf 87' lang='lat' dir='ltr'><strong>divinos</strong></span> <span class='ocrx_word' id='word_1_483' title='bbox 1517 4138 1800 4208; x_wconf 86' lang='lat' dir='ltr'><strong>apostolos</strong></span> <span class='ocrx_word' id='word_1_484' title='bbox 1851 4137 2012 4191; x_wconf 84' lang='lat' dir='ltr'><strong>talem</strong></span> 
     </span>
    </p>
   </div>
   <div class='ocr_carea' id='block_1_74' title="bbox 441 4228 2014 4306">
    <p class='ocr_par' dir='ltr' id='par_1_74' title="bbox 441 4228 2014 4306">
     <span class='ocr_line' id='line_1_74' title="bbox 441 4228 2014 4306; baseline -0.015 -3"><span class='ocrx_word' id='word_1_485' title='bbox 441 4252 699 4305; x_wconf 79' lang='lat' dir='ltr'><strong>virtutem</strong></span> <span class='ocrx_word' id='word_1_486' title='bbox 740 4242 1089 4302; x_wconf 84' lang='lat' dir='ltr'><strong>derivantes;</strong></span> <span class='ocrx_word' id='word_1_487' title='bbox 1119 4236 1212 4306; x_wconf 90' lang='lat' dir='ltr'><strong>qui</strong></span> <span class='ocrx_word' id='word_1_488' title='bbox 1244 4232 1519 4302; x_wconf 74' lang='lat' dir='ltr'><strong>fastigium</strong></span> <span class='ocrx_word' id='word_1_489' title='bbox 1558 4231 1867 4298; x_wconf 87' lang='lat' dir='ltr'><strong>imposuere</strong></span> <span class='ocrx_word' id='word_1_490' title='bbox 1893 4228 2014 4296; x_wconf 86' lang='lat' dir='ltr'><strong>pul-</strong></span> 
     </span>
    </p>
   </div>
   <div class='ocr_carea' id='block_1_75' title="bbox 443 4322 2014 4397">
    <p class='ocr_par' dir='ltr' id='par_1_75' title="bbox 443 4322 2014 4397">
     <span class='ocr_line' id='line_1_75' title="bbox 443 4322 2014 4397; baseline -0.014 0"><span class='ocrx_word' id='word_1_491' title='bbox 443 4342 580 4397; x_wconf 88' lang='lat' dir='ltr'><strong>chro</strong></span> <span class='ocrx_word' id='word_1_492' title='bbox 613 4337 688 4392; x_wconf 90' lang='lat' dir='ltr'><strong>illi</strong></span> <span class='ocrx_word' id='word_1_493' title='bbox 725 4333 955 4389; x_wconf 63' lang='lat' dir='ltr'><strong>aedilicio</strong></span> <span class='ocrx_word' id='word_1_494' title='bbox 996 4328 1248 4397; x_wconf 90' lang='lat' dir='ltr'><strong>antiquo,</strong></span> <span class='ocrx_word' id='word_1_495' title='bbox 1284 4336 1340 4380; x_wconf 87' lang='lat' dir='ltr'><strong>et</strong></span> <span class='ocrx_word' id='word_1_496' title='bbox 1388 4322 1795 4379; x_wconf 88' lang='lat' dir='ltr'><strong>habitatoribus</strong></span> <span class='ocrx_word' id='word_1_497' title='bbox 1821 4322 2014 4391; x_wconf 90' lang='lat' dir='ltr'><strong>imple-</strong></span> 
     </span>
    </p>
   </div>
   <div class='ocr_carea' id='block_1_76' title="bbox 2110 3133 3694 3208">
    <p class='ocr_par' dir='ltr' id='par_1_76' title="bbox 2110 3133 3694 3208">
     <span class='ocr_line' id='line_1_76' title="bbox 2110 3133 3694 3208; baseline 0.003 -22"><span class='ocrx_word' id='word_1_498' title='bbox 2110 3133 2399 3205; x_wconf 59' lang='grc' dir='ltr'>ριγράζειν</span> <span class='ocrx_word' id='word_1_499' title='bbox 2420 3134 2535 3205; x_wconf 83' lang='grc' dir='ltr'>ἀπή</span> <span class='ocrx_word' id='word_1_500' title='bbox 2544 3135 2738 3204; x_wconf 81' lang='grc' dir='ltr'>ρξαντο</span> <span class='ocrx_word' id='word_1_501' title='bbox 2771 3134 3242 3207; x_wconf 73' lang='grc' dir='ltr'>μηχανησάμενοι,</span> <span class='ocrx_word' id='word_1_502' title='bbox 3276 3136 3452 3208; x_wconf 74' lang='grc' dir='ltr'>ἀρχὰς</span> <span class='ocrx_word' id='word_1_503' title='bbox 3476 3137 3694 3205; x_wconf 83' lang='grc' dir='ltr'>ἀγαθὰς</span> 
     </span>
    </p>
   </div>
   <div class='ocr_carea' id='block_1_77' title="bbox 2109 3210 3742 3301">
    <p class='ocr_par' dir='ltr' id='par_1_77' title="bbox 2109 3210 3742 3301">
     <span class='ocr_line' id='line_1_77' title="bbox 2109 3210 3742 3301; baseline 0.003 -23"><span class='ocrx_word' id='word_1_504' title='bbox 2109 3226 2205 3279; x_wconf 73' lang='grc' dir='ltr'>καὶ</span> <span class='ocrx_word' id='word_1_505' title='bbox 2236 3225 2392 3278; x_wconf 68' lang='grc' dir='ltr'>τοῦδε</span> <span class='ocrx_word' id='word_1_506' title='bbox 2442 3224 2537 3278; x_wconf 82' lang='grc' dir='ltr'>τοῦ</span> <span class='ocrx_word' id='word_1_507' title='bbox 2596 3224 2764 3279; x_wconf 82' lang='grc' dir='ltr'>καλοῦ</span> <span class='ocrx_word' id='word_1_508' title='bbox 2801 3228 3218 3298; x_wconf 77' lang='grc' dir='ltr'>παρεσχημένοι</span> <span class='ocrx_word' id='word_1_509' title='bbox 3282 3228 3397 3291; x_wconf 82' lang='grc' dir='ltr'>τοῖς</span> <span class='ocrx_word' id='word_1_510' title='bbox 3436 3227 3693 3301; x_wconf 61' lang='grc' dir='ltr'>ὕστερον</span> <span class='ocrx_word' id='word_1_511' title='bbox 3732 3210 3742 3222; x_wconf 56' lang='grc'><strong>’</strong></span> 
     </span>
    </p>
   </div>
   <div class='ocr_carea' id='block_1_78' title="bbox 2107 3317 3686 3393">
    <p class='ocr_par' dir='ltr' id='par_1_78' title="bbox 2107 3317 3686 3393">
     <span class='ocr_line' id='line_1_78' title="bbox 2107 3317 3686 3393; baseline 0.002 -20"><span class='ocrx_word' id='word_1_512' title='bbox 2107 3319 2157 3373; x_wconf 85' lang='lat' dir='ltr'><strong>oi</strong></span> <span class='ocrx_word' id='word_1_513' title='bbox 2186 3318 2245 3372; x_wconf 74' lang='grc' dir='ltr'><strong>δὲ</strong></span> <span class='ocrx_word' id='word_1_514' title='bbox 2277 3317 2395 3388; x_wconf 85' lang='grc' dir='ltr'>μετ’</span> <span class='ocrx_word' id='word_1_515' title='bbox 2418 3319 2640 3382; x_wconf 77' lang='grc' dir='ltr'>αὐτοὺς,</span> <span class='ocrx_word' id='word_1_516' title='bbox 2709 3319 2760 3372; x_wconf 79' lang='lat' dir='ltr'><strong>oi</strong></span> <span class='ocrx_word' id='word_1_517' title='bbox 2813 3318 2910 3372; x_wconf 78' lang='grc' dir='ltr'>τοῦ</span> <span class='ocrx_word' id='word_1_518' title='bbox 2947 3317 3182 3374; x_wconf 81' lang='grc' dir='ltr'>παλαιοῦ</span> <span class='ocrx_word' id='word_1_519' title='bbox 3233 3318 3437 3393; x_wconf 70' lang='grc' dir='ltr'>δηλαδὴ</span> <span class='ocrx_word' id='word_1_520' title='bbox 3490 3323 3686 3391; x_wconf 86' lang='grc' dir='ltr'>νόμου.</span> 
     </span>
    </p>
   </div>
   <div class='ocr_carea' id='block_1_79' title="bbox 2106 3397 3694 3485">
    <p class='ocr_par' dir='ltr' id='par_1_79' title="bbox 2106 3397 3694 3485">
     <span class='ocr_line' id='line_1_79' title="bbox 2106 3397 3694 3485; baseline 0.004 -21"><span class='ocrx_word' id='word_1_521' title='bbox 2106 3412 2281 3481; x_wconf 76' lang='grc' dir='ltr'>λαϐῆς</span> <span class='ocrx_word' id='word_1_522' title='bbox 2303 3412 2515 3465; x_wconf 73' lang='grc' dir='ltr'>ἐκεῖθεν</span> <span class='ocrx_word' id='word_1_523' title='bbox 2545 3397 2922 3483; x_wconf 69' lang='grc' dir='ltr'>ὲνδεδομένής,</span> <span class='ocrx_word' id='word_1_524' title='bbox 2942 3413 3002 3466; x_wconf 87' lang='grc' dir='ltr'>τὸ</span> <span class='ocrx_word' id='word_1_525' title='bbox 3042 3413 3210 3467; x_wconf 80' lang='grc' dir='ltr'>καλὸν</span> <span class='ocrx_word' id='word_1_526' title='bbox 3244 3415 3427 3468; x_wconf 68' lang='grc' dir='ltr'>ἐκεῖνο</span> <span class='ocrx_word' id='word_1_527' title='bbox 3485 3417 3694 3485; x_wconf 66' lang='grc' dir='ltr'>ἐπιμά-</span> 
     </span>
    </p>
   </div>
   <div class='ocr_carea' id='block_1_80' title="bbox 2108 3503 3694 3577">
    <p class='ocr_par' dir='ltr' id='par_1_80' title="bbox 2108 3503 3694 3577">
     <span class='ocr_line' id='line_1_80' title="bbox 2108 3503 3694 3577; baseline 0.002 -20"><span class='ocrx_word' id='word_1_528' title='bbox 2108 3506 2269 3558; x_wconf 86' lang='grc' dir='ltr'>λιστα</span> <span class='ocrx_word' id='word_1_529' title='bbox 2296 3503 2663 3576; x_wconf 71' lang='grc' dir='ltr'>ἑστερέωσαν,</span> <span class='ocrx_word' id='word_1_530' title='bbox 2703 3505 2799 3558; x_wconf 75' lang='grc' dir='ltr'><strong>καὶ</strong></span> <span class='ocrx_word' id='word_1_531' title='bbox 2821 3504 2977 3574; x_wconf 85' lang='grc' dir='ltr'>καλῷ</span> <span class='ocrx_word' id='word_1_532' title='bbox 3010 3503 3248 3577; x_wconf 83' lang='grc' dir='ltr'>θεμελίῳ</span> <span class='ocrx_word' id='word_1_533' title='bbox 3278 3506 3477 3576; x_wconf 71' lang='grc' dir='ltr'>ἐκείνῳ</span> <span class='ocrx_word' id='word_1_534' title='bbox 3510 3506 3694 3577; x_wconf 85' lang='grc' dir='ltr'>παρύ-</span> 
     </span>
    </p>
   </div>
   <div class='ocr_carea' id='block_1_81' title="bbox 2109 3595 3690 3673">
    <p class='ocr_par' dir='ltr' id='par_1_81' title="bbox 2109 3595 3690 3673">
     <span class='ocr_line' id='line_1_81' title="bbox 2109 3595 3690 3673; baseline -0.001 -21"><span class='ocrx_word' id='word_1_535' title='bbox 2109 3596 2286 3668; x_wconf 82' lang='grc' dir='ltr'>ψωσιν</span> <span class='ocrx_word' id='word_1_536' title='bbox 2335 3598 2429 3651; x_wconf 79' lang='grc' dir='ltr'>καὶ</span> <span class='ocrx_word' id='word_1_537' title='bbox 2464 3596 2695 3668; x_wconf 77' lang='grc' dir='ltr'>αὕξησιν</span> <span class='ocrx_word' id='word_1_538' title='bbox 2727 3595 3076 3666; x_wconf 82' lang='grc' dir='ltr'>μεθώδευσαν</span> <span class='ocrx_word' id='word_1_539' title='bbox 3107 3597 3290 3662; x_wconf 73' lang='grc' dir='ltr'>ἄλλως</span> <span class='ocrx_word' id='word_1_540' title='bbox 3339 3616 3397 3652; x_wconf 87' lang='grc' dir='ltr'><strong>τε</strong></span> <span class='ocrx_word' id='word_1_541' title='bbox 3452 3598 3690 3673; x_wconf 78' lang='grc' dir='ltr'>σεμνὴν,</span> 
     </span>
    </p>
   </div>
   <div class='ocr_carea' id='block_1_82' title="bbox 2110 3688 3693 3760">
    <p class='ocr_par' dir='ltr' id='par_1_82' title="bbox 2110 3688 3693 3760">
     <span class='ocr_line' id='line_1_82' title="bbox 2110 3688 3693 3760; baseline 0 -16"><span class='ocrx_word' id='word_1_542' title='bbox 2110 3689 2205 3744; x_wconf 73' lang='grc' dir='ltr'>καὶ</span> <span class='ocrx_word' id='word_1_543' title='bbox 2229 3688 2365 3744; x_wconf 82' lang='grc' dir='ltr'>Θεοῦ</span> <span class='ocrx_word' id='word_1_544' title='bbox 2402 3690 2575 3753; x_wconf 81' lang='grc' dir='ltr'>οἴκοις</span> <span class='ocrx_word' id='word_1_545' title='bbox 2610 3690 2952 3760; x_wconf 80' lang='grc' dir='ltr'>πρέπουσαν.</span> <span class='ocrx_word' id='word_1_546' title='bbox 3012 3688 3123 3744; x_wconf 80' lang='grc' dir='ltr'><strong>Καὶ</strong></span> <span class='ocrx_word' id='word_1_547' title='bbox 3180 3690 3231 3744; x_wconf 83' lang='grc' dir='ltr'>οἱ</span> <span class='ocrx_word' id='word_1_548' title='bbox 3271 3691 3381 3744; x_wconf 85' lang='grc' dir='ltr'>τῶν</span> <span class='ocrx_word' id='word_1_549' title='bbox 3425 3691 3693 3746; x_wconf 79' lang='grc' dir='ltr'>τοιούτων</span> 
     </span>
    </p>
   </div>
   <div class='ocr_carea' id='block_1_83' title="bbox 2111 3778 3694 3852">
    <p class='ocr_par' dir='ltr' id='par_1_83' title="bbox 2111 3778 3694 3852">
     <span class='ocr_line' id='line_1_83' title="bbox 2111 3778 3694 3852; baseline 0.002 -16"><span class='ocrx_word' id='word_1_550' title='bbox 2111 3782 2587 3852; x_wconf 64' lang='grc' dir='ltr'>επιστημονάρχαι</span> <span class='ocrx_word' id='word_1_551' title='bbox 2624 3783 2720 3835; x_wconf 76' lang='grc' dir='ltr'><strong>καὶ</strong></span> <span class='ocrx_word' id='word_1_552' title='bbox 2765 3781 3208 3852; x_wconf 79' lang='grc' dir='ltr'>ἀρχιτέκτοντες,</span> <span class='ocrx_word' id='word_1_553' title='bbox 3270 3784 3329 3837; x_wconf 82' lang='grc' dir='ltr'>ὲν</span> <span class='ocrx_word' id='word_1_554' title='bbox 3359 3778 3444 3848; x_wconf 75' lang='grc' dir='ltr'>οἷς</span> <span class='ocrx_word' id='word_1_555' title='bbox 3502 3786 3601 3839; x_wconf 76' lang='grc' dir='ltr'>καὶ</span> <span class='ocrx_word' id='word_1_556' title='bbox 3643 3786 3694 3839; x_wconf 90' lang='grc' dir='ltr'><strong>οί</strong></span> 
     </span>
    </p>
   </div>
   <div class='ocr_carea' id='block_1_84' title="bbox 2114 3872 3697 3946">
    <p class='ocr_par' dir='ltr' id='par_1_84' title="bbox 2114 3872 3697 3946">
     <span class='ocr_line' id='line_1_84' title="bbox 2114 3872 3697 3946; baseline 0.001 -18"><span class='ocrx_word' id='word_1_557' title='bbox 2114 3873 2842 3946; x_wconf 57' lang='grc' dir='ltr'>πρέσϐιστοιίπατριάρχαι,</span> <span class='ocrx_word' id='word_1_558' title='bbox 2875 3872 2945 3927; x_wconf 81' lang='grc' dir='ltr'><strong>δι’</strong></span> <span class='ocrx_word' id='word_1_559' title='bbox 2965 3876 3262 3945; x_wconf 77' lang='grc' dir='ltr'>ἐγκωμίων</span> <span class='ocrx_word' id='word_1_560' title='bbox 3324 3877 3554 3945; x_wconf 81' lang='grc' dir='ltr'>ἄγονται</span> <span class='ocrx_word' id='word_1_561' title='bbox 3600 3880 3697 3932; x_wconf 75' lang='grc' dir='ltr'>καὶ</span> 
     </span>
    </p>
   </div>
   <div class='ocr_carea' id='block_1_85' title="bbox 2113 3966 3694 4040">
    <p class='ocr_par' dir='ltr' id='par_1_85' title="bbox 2113 3966 3694 4040">
     <span class='ocr_line' id='line_1_85' title="bbox 2113 3966 3694 4040; baseline 0.002 -18"><span class='ocrx_word' id='word_1_562' title='bbox 2113 3966 2411 4038; x_wconf 79' lang='grc' dir='ltr'>θαύματος,</span> <span class='ocrx_word' id='word_1_563' title='bbox 2450 3967 2547 4020; x_wconf 77' lang='grc' dir='ltr'><strong>καὶ</strong></span> <span class='ocrx_word' id='word_1_564' title='bbox 2594 3966 2676 4029; x_wconf 87' lang='grc' dir='ltr'><strong>είς</strong></span> <span class='ocrx_word' id='word_1_565' title='bbox 2716 3966 2990 4036; x_wconf 77' lang='grc' dir='ltr'>μεγάλους</span> <span class='ocrx_word' id='word_1_566' title='bbox 3023 3967 3211 4036; x_wconf 84' lang='grc' dir='ltr'>ἀγίους</span> <span class='ocrx_word' id='word_1_567' title='bbox 3245 3970 3694 4040; x_wconf 73' lang='grc' dir='ltr'>ἑγγεγράφαται.</span> 
     </span>
    </p>
   </div>
   <div class='ocr_carea' id='block_1_86' title="bbox 2114 4055 3697 4134">
    <p class='ocr_par' dir='ltr' id='par_1_86' title="bbox 2114 4055 3697 4134">
     <span class='ocr_line' id='line_1_86' title="bbox 2114 4055 3697 4134; baseline 0.002 -21"><span class='ocrx_word' id='word_1_568' title='bbox 2114 4059 2210 4113; x_wconf 72' lang='grc' dir='ltr'><strong>καὶ</strong></span> <span class='ocrx_word' id='word_1_569' title='bbox 2241 4058 2664 4132; x_wconf 83' lang='grc' dir='ltr'>οὐρανοπολῖται</span> <span class='ocrx_word' id='word_1_570' title='bbox 2706 4055 2845 4112; x_wconf 79' lang='grc' dir='ltr'>εἶναι</span> <span class='ocrx_word' id='word_1_571' title='bbox 2895 4059 3268 4126; x_wconf 80' lang='grc' dir='ltr'>πιστεύονται,</span> <span class='ocrx_word' id='word_1_572' title='bbox 3310 4061 3475 4134; x_wconf 81' lang='grc' dir='ltr'>δῆλον</span> <span class='ocrx_word' id='word_1_573' title='bbox 3499 4064 3577 4128; x_wconf 85' lang='grc' dir='ltr'>ὡς</span> <span class='ocrx_word' id='word_1_574' title='bbox 3600 4064 3697 4117; x_wconf 78' lang='grc' dir='ltr'>καὶ</span> 
     </span>
    </p>
   </div>
   <div class='ocr_carea' id='block_1_87' title="bbox 2115 4151 3699 4229">
    <p class='ocr_par' dir='ltr' id='par_1_87' title="bbox 2115 4151 3699 4229">
     <span class='ocr_line' id='line_1_87' title="bbox 2115 4151 3699 4229; baseline 0.001 -23"><span class='ocrx_word' id='word_1_575' title='bbox 2115 4152 2199 4216; x_wconf 80' lang='grc' dir='ltr'><strong>είς</strong></span> <span class='ocrx_word' id='word_1_576' title='bbox 2246 4152 2377 4215; x_wconf 83' lang='grc' dir='ltr'>τοὺς</span> <span class='ocrx_word' id='word_1_577' title='bbox 2432 4151 2832 4221; x_wconf 79' lang='grc' dir='ltr'>ούρανοφοίτας</span> <span class='ocrx_word' id='word_1_578' title='bbox 2888 4152 3229 4218; x_wconf 83' lang='grc' dir='ltr'>ἀποστόλους</span> <span class='ocrx_word' id='word_1_579' title='bbox 3277 4154 3380 4225; x_wconf 80' lang='grc' dir='ltr'>τὴν</span> <span class='ocrx_word' id='word_1_580' title='bbox 3438 4154 3699 4229; x_wconf 85' lang='grc' dir='ltr'>τοιαύτην</span> 
     </span>
    </p>
   </div>
   <div class='ocr_carea' id='block_1_88' title="bbox 2117 4242 3698 4321">
    <p class='ocr_par' dir='ltr' id='par_1_88' title="bbox 2117 4242 3698 4321">
     <span class='ocr_line' id='line_1_88' title="bbox 2117 4242 3698 4321; baseline 0.003 -24"><span class='ocrx_word' id='word_1_581' title='bbox 2117 4244 2321 4315; x_wconf 83' lang='grc' dir='ltr'>ἀρετὴν</span> <span class='ocrx_word' id='word_1_582' title='bbox 2342 4242 2706 4312; x_wconf 83' lang='grc' dir='ltr'>κατάγοντες·</span> <span class='ocrx_word' id='word_1_583' title='bbox 2765 4243 2815 4296; x_wconf 77' lang='grc' dir='ltr'>οἳ</span> <span class='ocrx_word' id='word_1_584' title='bbox 2849 4244 2943 4297; x_wconf 77' lang='grc' dir='ltr'>καὶ</span> <span class='ocrx_word' id='word_1_585' title='bbox 2978 4245 3178 4315; x_wconf 75' lang='grc' dir='ltr'>ὄροφον</span> <span class='ocrx_word' id='word_1_586' title='bbox 3234 4249 3302 4317; x_wconf 82' lang='grc' dir='ltr'>τῇ</span> <span class='ocrx_word' id='word_1_587' title='bbox 3334 4248 3473 4319; x_wconf 82' lang='grc' dir='ltr'>καλῇ</span> <span class='ocrx_word' id='word_1_588' title='bbox 3511 4250 3698 4321; x_wconf 74' lang='grc' dir='ltr'>ἐκείνη</span> 
     </span>
    </p>
   </div>
   <div class='ocr_carea' id='block_1_89' title="bbox 2118 4330 3697 4407">
    <p class='ocr_par' dir='ltr' id='par_1_89' title="bbox 2118 4330 3697 4407">
     <span class='ocr_line' id='line_1_89' title="bbox 2118 4330 3697 4407; baseline 0.001 -22"><span class='ocrx_word' id='word_1_589' title='bbox 2118 4331 2377 4386; x_wconf 75' lang='grc' dir='ltr'>ἐπέθεντο</span> <span class='ocrx_word' id='word_1_590' title='bbox 2419 4330 2628 4400; x_wconf 83' lang='grc' dir='ltr'>παλαιᾷ</span> <span class='ocrx_word' id='word_1_591' title='bbox 2666 4331 2949 4403; x_wconf 74' lang='grc' dir='ltr'>οἰκοδομῇ,</span> <span class='ocrx_word' id='word_1_592' title='bbox 3013 4335 3104 4386; x_wconf 78' lang='grc' dir='ltr'>καὶ</span> <span class='ocrx_word' id='word_1_593' title='bbox 3159 4334 3466 4407; x_wconf 74' lang='grc' dir='ltr'>οἰκητόρων</span> <span class='ocrx_word' id='word_1_594' title='bbox 3526 4337 3697 4406; x_wconf 80' lang='grc' dir='ltr'>αὐτὴν</span> 
     </span>
    </p>
   </div>
   <div class='ocr_carea' id='block_1_90' title="bbox 442 4403 2004 4496">
    <p class='ocr_par' dir='ltr' id='par_1_90' title="bbox 442 4417 2004 4494">
     <span class='ocr_line' id='line_1_90' title="bbox 442 4417 2004 4494; baseline -0.013 -5"><span class='ocrx_word' id='word_1_595' title='bbox 442 4439 659 4494; x_wconf 87' lang='lat' dir='ltr'><strong>verunt,</strong></span> <span class='ocrx_word' id='word_1_596' title='bbox 692 4436 748 4484; x_wconf 89' lang='lat' dir='ltr'><strong>et</strong></span> <span class='ocrx_word' id='word_1_597' title='bbox 776 4426 980 4483; x_wconf 86' lang='lat' dir='ltr'><strong>sanctis</strong></span> <span class='ocrx_word' id='word_1_598' title='bbox 1005 4422 1251 4479; x_wconf 89' lang='lat' dir='ltr'><strong>ecclesiis</strong></span> <span class='ocrx_word' id='word_1_599' title='bbox 1274 4421 1544 4481; x_wconf 86' lang='lat' dir='ltr'><strong>ditarunt,</strong></span> <span class='ocrx_word' id='word_1_600' title='bbox 1576 4417 1856 4484; x_wconf 87' lang='lat' dir='ltr'><strong>beatisque</strong></span> <span class='ocrx_word' id='word_1_601' title='bbox 1883 4429 2004 4485; x_wconf 76' lang='lat' dir='ltr'><strong>prae-</strong></span> 
     </span>
    </p>
   </div>
   <div class='ocr_carea' id='block_1_91' title="bbox 2111 4403 3697 4496">
    <p class='ocr_par' dir='ltr' id='par_1_91' title="bbox 2120 4403 3697 4496">
     <span class='ocr_line' id='line_1_91' title="bbox 2120 4403 3697 4496; baseline 0.003 -19"><span class='ocrx_word' id='word_1_602' title='bbox 2120 4422 2385 4492; x_wconf 78' lang='grc' dir='ltr'>ἔπλησαν,</span> <span class='ocrx_word' id='word_1_603' title='bbox 2424 4422 2520 4477; x_wconf 64' lang='grc' dir='ltr'>καὶ.</span> <span class='ocrx_word' id='word_1_604' title='bbox 2559 4422 2880 4488; x_wconf 74' lang='grc' dir='ltr'>ἐκκλησίαις</span> <span class='ocrx_word' id='word_1_605' title='bbox 2952 4403 3290 4492; x_wconf 78' lang='grc' dir='ltr'>ἁγιωτάταις</span> <span class='ocrx_word' id='word_1_606' title='bbox 3342 4403 3697 4496; x_wconf 64' lang='grc' dir='ltr'>ἐμέστωσαν,</span> 
     </span>
    </p>
   </div>
   <div class='ocr_carea' id='block_1_92' title="bbox 443 4507 2019 4580">
    <p class='ocr_par' dir='ltr' id='par_1_92' title="bbox 443 4507 2019 4580">
     <span class='ocr_line' id='line_1_92' title="bbox 443 4507 2019 4580; baseline -0.013 -2"><span class='ocrx_word' id='word_1_607' title='bbox 443 4519 676 4578; x_wconf 73' lang='lat' dir='ltr'><strong>canibus</strong></span> <span class='ocrx_word' id='word_1_608' title='bbox 725 4529 789 4571; x_wconf 85' lang='lat' dir='ltr'><strong>ac</strong></span> <span class='ocrx_word' id='word_1_609' title='bbox 838 4512 1042 4568; x_wconf 86' lang='lat' dir='ltr'><strong>sanctis</strong></span> <span class='ocrx_word' id='word_1_610' title='bbox 1091 4508 1413 4580; x_wconf 82' lang='lat' dir='ltr'><strong>praesulibus</strong></span> <span class='ocrx_word' id='word_1_611' title='bbox 1462 4507 1777 4562; x_wconf 85' lang='lat' dir='ltr'><strong>constitutis</strong></span> <span class='ocrx_word' id='word_1_612' title='bbox 1840 4513 2019 4561; x_wconf 81' lang='lat' dir='ltr'><strong>coetus</strong></span> 
     </span>
    </p>
   </div>
   <div class='ocr_carea' id='block_1_93' title="bbox 443 4598 2019 4679">
    <p class='ocr_par' dir='ltr' id='par_1_93' title="bbox 443 4598 2019 4679">
     <span class='ocr_line' id='line_1_93' title="bbox 443 4598 2019 4679; baseline -0.011 -11"><span class='ocrx_word' id='word_1_613' title='bbox 443 4611 657 4669; x_wconf 87' lang='lat' dir='ltr'><strong>divinos</strong></span> <span class='ocrx_word' id='word_1_614' title='bbox 686 4606 1046 4679; x_wconf 88' lang='lat' dir='ltr'><strong>spiritualiter</strong></span> <span class='ocrx_word' id='word_1_615' title='bbox 1079 4601 1382 4673; x_wconf 88' lang='lat' dir='ltr'><strong>pascendos</strong></span> <span class='ocrx_word' id='word_1_616' title='bbox 1412 4601 1775 4661; x_wconf 83' lang='lat' dir='ltr'><strong>tradiderunt,</strong></span> <span class='ocrx_word' id='word_1_617' title='bbox 1797 4609 1851 4652; x_wconf 89' lang='lat' dir='ltr'><strong>et</strong></span> <span class='ocrx_word' id='word_1_618' title='bbox 1876 4598 2019 4667; x_wconf 78' lang='lat' dir='ltr'><strong>leges</strong></span> 
     </span>
    </p>
   </div>
   <div class='ocr_carea' id='block_1_94' title="bbox 443 4690 2020 4768">
    <p class='ocr_par' dir='ltr' id='par_1_94' title="bbox 443 4690 2020 4768">
     <span class='ocr_line' id='line_1_94' title="bbox 443 4690 2020 4768; baseline -0.01 -9"><span class='ocrx_word' id='word_1_619' title='bbox 443 4705 687 4759; x_wconf 88' lang='lat' dir='ltr'><strong>tulerunt</strong></span> <span class='ocrx_word' id='word_1_620' title='bbox 719 4709 774 4755; x_wconf 89' lang='lat' dir='ltr'><strong>et</strong></span> <span class='ocrx_word' id='word_1_621' title='bbox 818 4698 1035 4768; x_wconf 78' lang='lat' dir='ltr'><strong>regulas</strong></span> <span class='ocrx_word' id='word_1_622' title='bbox 1073 4702 1402 4759; x_wconf 78' lang='lat' dir='ltr'><strong>sanxerunt,</strong></span> <span class='ocrx_word' id='word_1_623' title='bbox 1456 4692 1522 4745; x_wconf 84' lang='lat' dir='ltr'><strong>ad</strong></span> <span class='ocrx_word' id='word_1_624' title='bbox 1553 4707 1690 4761; x_wconf 89' lang='lat' dir='ltr'><strong>quas</strong></span> <span class='ocrx_word' id='word_1_625' title='bbox 1738 4690 1832 4745; x_wconf 91' lang='lat' dir='ltr'><strong>Dci</strong></span> <span class='ocrx_word' id='word_1_626' title='bbox 1890 4704 2020 4744; x_wconf 75' lang='lat' dir='ltr'><strong>oves</strong></span> 
     </span>
    </p>
   </div>
   <div class='ocr_carea' id='block_1_95' title="bbox 443 4787 2055 4858">
    <p class='ocr_par' dir='ltr' id='par_1_95' title="bbox 443 4787 2055 4858">
     <span class='ocr_line' id='line_1_95' title="bbox 443 4787 2055 4858; baseline -0.009 -6"><span class='ocrx_word' id='word_1_627' title='bbox 443 4797 760 4853; x_wconf 86' lang='lat' dir='ltr'><strong>Christiano</strong></span> <span class='ocrx_word' id='word_1_628' title='bbox 810 4806 963 4846; x_wconf 91' lang='lat' dir='ltr'><strong>more</strong></span> <span class='ocrx_word' id='word_1_629' title='bbox 1012 4798 1389 4858; x_wconf 75' lang='lat' dir='ltr'><strong>pascerentur,</strong></span> <span class='ocrx_word' id='word_1_630' title='bbox 1426 4796 1481 4840; x_wconf 90' lang='lat' dir='ltr'><strong>et</strong></span> <span class='ocrx_word' id='word_1_631' title='bbox 1514 4800 1713 4856; x_wconf 87' lang='lat' dir='ltr'><strong>pascua</strong></span> <span class='ocrx_word' id='word_1_632' title='bbox 1765 4787 2020 4839; x_wconf 50' lang='lat' dir='ltr'><strong>ostende-</strong></span> <span class='ocrx_word' id='word_1_633' title='bbox 2054 4816 2055 4823; x_wconf 60' lang='grc' dir='ltr'><strong>η</strong></span> 
     </span>
    </p>
   </div>
   <div class='ocr_carea' id='block_1_96' title="bbox 444 4884 1496 4956">
    <p class='ocr_par' dir='ltr' id='par_1_96' title="bbox 444 4884 1496 4956">
     <span class='ocr_line' id='line_1_96' title="bbox 444 4884 1496 4956; baseline -0.012 -12"><span class='ocrx_word' id='word_1_634' title='bbox 444 4899 571 4944; x_wconf 91' lang='lat' dir='ltr'><strong>runt</strong></span> <span class='ocrx_word' id='word_1_635' title='bbox 604 4889 657 4942; x_wconf 91' lang='lat' dir='ltr'><strong>in</strong></span> <span class='ocrx_word' id='word_1_636' title='bbox 689 4886 888 4956; x_wconf 90' lang='lat' dir='ltr'><strong>quibus</strong></span> <span class='ocrx_word' id='word_1_637' title='bbox 914 4884 1172 4936; x_wconf 85' lang='lat' dir='ltr'><strong>alimenta</strong></span> <span class='ocrx_word' id='word_1_638' title='bbox 1208 4889 1496 4948; x_wconf 85' lang='lat' dir='ltr'><strong>caperent.</strong></span> 
     </span>
    </p>
   </div>
   <div class='ocr_carea' id='block_1_97' title="bbox 515 5158 2015 5230">
    <p class='ocr_par' dir='ltr' id='par_1_97' title="bbox 515 5158 2015 5230">
     <span class='ocr_line' id='line_1_97' title="bbox 515 5158 2015 5230; baseline -0.005 -9"><span class='ocrx_word' id='word_1_639' title='bbox 515 5167 605 5221; x_wconf 69' lang='grc'><strong>44.</strong></span> <span class='ocrx_word' id='word_1_640' title='bbox 645 5165 760 5218; x_wconf 82' lang='lat' dir='ltr'><strong>Hoc</strong></span> <span class='ocrx_word' id='word_1_641' title='bbox 799 5163 955 5217; x_wconf 89' lang='lat' dir='ltr'><strong>modo</strong></span> <span class='ocrx_word' id='word_1_642' title='bbox 986 5161 1167 5230; x_wconf 84' lang='lat' dir='ltr'><strong>magni</strong></span> <span class='ocrx_word' id='word_1_643' title='bbox 1200 5160 1274 5214; x_wconf 92' lang='lat' dir='ltr'><strong>illi</strong></span> <span class='ocrx_word' id='word_1_644' title='bbox 1308 5161 1430 5222; x_wconf 88' lang='lat' dir='ltr'><strong>viri,</strong></span> <span class='ocrx_word' id='word_1_645' title='bbox 1473 5175 1500 5212; x_wconf 90' lang='lat' dir='ltr'><strong>a</strong></span> <span class='ocrx_word' id='word_1_646' title='bbox 1535 5158 1651 5226; x_wconf 81' lang='lat' dir='ltr'><strong>lege</strong></span> <span class='ocrx_word' id='word_1_647' title='bbox 1679 5175 1783 5212; x_wconf 87' lang='lat' dir='ltr'><strong>non</strong></span> <span class='ocrx_word' id='word_1_648' title='bbox 1811 5159 2015 5229; x_wconf 72' lang='lat' dir='ltr'><strong>scripta</strong></span> 
     </span>
    </p>
   </div>
   <div class='ocr_carea' id='block_1_98' title="bbox 449 5251 2018 5319">
    <p class='ocr_par' dir='ltr' id='par_1_98' title="bbox 449 5251 2018 5319">
     <span class='ocr_line' id='line_1_98' title="bbox 449 5251 2018 5319; baseline -0.007 -5"><span class='ocrx_word' id='word_1_649' title='bbox 449 5260 504 5314; x_wconf 89' lang='lat' dir='ltr'><strong>in</strong></span> <span class='ocrx_word' id='word_1_650' title='bbox 539 5267 731 5311; x_wconf 80' lang='lat' dir='ltr'><strong>sancto</strong></span> <span class='ocrx_word' id='word_1_651' title='bbox 760 5254 924 5309; x_wconf 87' lang='lat' dir='ltr'><strong>veteri</strong></span> <span class='ocrx_word' id='word_1_652' title='bbox 983 5252 1334 5307; x_wconf 83' lang='lat' dir='ltr'><strong>Testamento</strong></span> <span class='ocrx_word' id='word_1_653' title='bbox 1368 5259 1643 5314; x_wconf 81' lang='lat' dir='ltr'><strong>contenta,</strong></span> <span class='ocrx_word' id='word_1_654' title='bbox 1670 5251 1845 5319; x_wconf 77' lang='lat' dir='ltr'><strong>legem</strong></span> <span class='ocrx_word' id='word_1_655' title='bbox 1876 5252 2018 5305; x_wconf 82' lang='lat' dir='ltr'><strong>litte-</strong></span> 
     </span>
    </p>
   </div>
   <div class='ocr_carea' id='block_1_99' title="bbox 448 5345 2016 5416">
    <p class='ocr_par' dir='ltr' id='par_1_99' title="bbox 448 5345 2016 5416">
     <span class='ocr_line' id='line_1_99' title="bbox 448 5345 2016 5416; baseline -0.004 -10"><span class='ocrx_word' id='word_1_656' title='bbox 448 5353 526 5407; x_wconf 88' lang='lat' dir='ltr'><strong>ris</strong></span> <span class='ocrx_word' id='word_1_657' title='bbox 563 5350 816 5404; x_wconf 83' lang='lat' dir='ltr'><strong>traditam</strong></span> <span class='ocrx_word' id='word_1_658' title='bbox 849 5348 1197 5416; x_wconf 80' lang='lat' dir='ltr'><strong>perl‘ecerunt</strong></span> <span class='ocrx_word' id='word_1_659' title='bbox 1225 5358 1279 5399; x_wconf 91' lang='lat' dir='ltr'><strong>et</strong></span> <span class='ocrx_word' id='word_1_660' title='bbox 1308 5348 1375 5400; x_wconf 89' lang='lat' dir='ltr'><strong>ad</strong></span> <span class='ocrx_word' id='word_1_661' title='bbox 1411 5353 1620 5399; x_wconf 86' lang='lat' dir='ltr'><strong>tantum</strong></span> <span class='ocrx_word' id='word_1_662' title='bbox 1677 5345 2016 5399; x_wconf 88' lang='lat' dir='ltr'><strong>rectitudinis</strong></span> 
     </span>
    </p>
   </div>
   <div class='ocr_carea' id='block_1_100' title="bbox 445 5437 2019 5506">
    <p class='ocr_par' dir='ltr' id='par_1_100' title="bbox 445 5437 2019 5506">
     <span class='ocr_line' id='line_1_100' title="bbox 445 5437 2019 5506; baseline -0.007 -6"><span class='ocrx_word' id='word_1_663' title='bbox 445 5444 660 5499; x_wconf 90' lang='lat' dir='ltr'><strong>culmen</strong></span> <span class='ocrx_word' id='word_1_664' title='bbox 711 5451 1032 5503; x_wconf 86' lang='lat' dir='ltr'><strong>evexerunt,</strong></span> <span class='ocrx_word' id='word_1_665' title='bbox 1071 5449 1128 5493; x_wconf 89' lang='lat' dir='ltr'><strong>ut</strong></span> <span class='ocrx_word' id='word_1_666' title='bbox 1184 5454 1252 5493; x_wconf 87' lang='lat' dir='ltr'><strong>ne</strong></span> <span class='ocrx_word' id='word_1_667' title='bbox 1293 5438 1398 5492; x_wconf 84' lang='lat' dir='ltr'><strong>iota</strong></span> <span class='ocrx_word' id='word_1_668' title='bbox 1446 5437 1668 5506; x_wconf 90' lang='lat' dir='ltr'><strong>quidem</strong></span> <span class='ocrx_word' id='word_1_669' title='bbox 1720 5452 1890 5490; x_wconf 90' lang='lat' dir='ltr'><strong>unum</strong></span> <span class='ocrx_word' id='word_1_670' title='bbox 1923 5446 2019 5490; x_wconf 86' lang='lat' dir='ltr'><strong>aut</strong></span> 
     </span>
    </p>
   </div>
   <div class='ocr_carea' id='block_1_101' title="bbox 444 5527 2016 5603">
    <p class='ocr_par' dir='ltr' id='par_1_101' title="bbox 444 5527 2016 5603">
     <span class='ocr_line' id='line_1_101' title="bbox 444 5527 2016 5603; baseline -0.006 -10"><span class='ocrx_word' id='word_1_671' title='bbox 444 5538 665 5593; x_wconf 88' lang='lat' dir='ltr'><strong>minima</strong></span> <span class='ocrx_word' id='word_1_672' title='bbox 716 5536 909 5589; x_wconf 78' lang='lat' dir='ltr'><strong>litterae</strong></span> <span class='ocrx_word' id='word_1_673' title='bbox 938 5548 1072 5603; x_wconf 79' lang='lat' dir='ltr'><strong>apex</strong></span> <span class='ocrx_word' id='word_1_674' title='bbox 1106 5531 1291 5586; x_wconf 84' lang='lat' dir='ltr'><strong>divelli</strong></span> <span class='ocrx_word' id='word_1_675' title='bbox 1323 5531 1448 5584; x_wconf 86' lang='lat' dir='ltr'><strong>inde</strong></span> <span class='ocrx_word' id='word_1_676' title='bbox 1480 5537 1666 5599; x_wconf 84' lang='lat' dir='ltr'><strong>queat.</strong></span> <span class='ocrx_word' id='word_1_677' title='bbox 1699 5527 1809 5582; x_wconf 80' lang='lat' dir='ltr'><strong>Nos</strong></span> <span class='ocrx_word' id='word_1_678' title='bbox 1833 5537 2016 5584; x_wconf 89' lang='lat' dir='ltr'><strong>autem</strong></span> 
     </span>
    </p>
   </div>
   <div class='ocr_carea' id='block_1_102' title="bbox 443 5621 2015 5696">
    <p class='ocr_par' dir='ltr' id='par_1_102' title="bbox 443 5621 2015 5696">
     <span class='ocr_line' id='line_1_102' title="bbox 443 5621 2015 5696; baseline -0.005 -13"><span class='ocrx_word' id='word_1_679' title='bbox 443 5630 535 5696; x_wconf 86' lang='lat' dir='ltr'><strong>qui</strong></span> <span class='ocrx_word' id='word_1_680' title='bbox 566 5643 709 5683; x_wconf 91' lang='lat' dir='ltr'><strong>nunc</strong></span> <span class='ocrx_word' id='word_1_681' title='bbox 768 5627 1006 5682; x_wconf 89' lang='lat' dir='ltr'><strong>vivimus</strong></span> <span class='ocrx_word' id='word_1_682' title='bbox 1051 5622 1477 5686; x_wconf 78' lang='lat' dir='ltr'><strong>homunciones,</strong></span> <span class='ocrx_word' id='word_1_683' title='bbox 1528 5628 1582 5674; x_wconf 88' lang='lat' dir='ltr'><strong>et</strong></span> <span class='ocrx_word' id='word_1_684' title='bbox 1611 5635 1722 5691; x_wconf 76' lang='lat' dir='ltr'><strong>prae</strong></span> <span class='ocrx_word' id='word_1_685' title='bbox 1755 5621 2015 5676; x_wconf 89' lang='lat' dir='ltr'><strong>omnibus</strong></span> 
     </span>
    </p>
   </div>
   <div class='ocr_carea' id='block_1_103' title="bbox 443 5713 2012 5793">
    <p class='ocr_par' dir='ltr' id='par_1_103' title="bbox 443 5713 2012 5793">
     <span class='ocr_line' id='line_1_103' title="bbox 443 5713 2012 5793; baseline -0.005 -17"><span class='ocrx_word' id='word_1_686' title='bbox 443 5735 566 5793; x_wconf 75' lang='lat' dir='ltr'><strong>ego,</strong></span> <span class='ocrx_word' id='word_1_687' title='bbox 626 5721 867 5775; x_wconf 86' lang='lat' dir='ltr'><strong>virorum</strong></span> <span class='ocrx_word' id='word_1_688' title='bbox 916 5718 1136 5773; x_wconf 89' lang='lat' dir='ltr'><strong>illorum</strong></span> <span class='ocrx_word' id='word_1_689' title='bbox 1187 5713 1626 5784; x_wconf 85' lang='lat' dir='ltr'><strong>praecellentium</strong></span> <span class='ocrx_word' id='word_1_690' title='bbox 1677 5727 1786 5769; x_wconf 91' lang='lat' dir='ltr'><strong>non</strong></span> <span class='ocrx_word' id='word_1_691' title='bbox 1835 5713 2012 5770; x_wconf 84' lang='lat' dir='ltr'><strong>solum</strong></span> 
     </span>
    </p>
   </div>
   <div class='ocr_carea' id='block_1_104' title="bbox 2123 4516 3699 4594">
    <p class='ocr_par' dir='ltr' id='par_1_104' title="bbox 2123 4516 3699 4594">
     <span class='ocr_line' id='line_1_104' title="bbox 2123 4516 3699 4594; baseline 0.004 -24"><span class='ocrx_word' id='word_1_692' title='bbox 2123 4516 2218 4570; x_wconf 82' lang='grc' dir='ltr'>καὶ</span> <span class='ocrx_word' id='word_1_693' title='bbox 2246 4518 2496 4587; x_wconf 86' lang='grc' dir='ltr'>κήρυκας</span> <span class='ocrx_word' id='word_1_694' title='bbox 2539 4516 2918 4586; x_wconf 80' lang='grc' dir='ltr'>μακαριστοὺς</span> <span class='ocrx_word' id='word_1_695' title='bbox 2958 4516 3241 4584; x_wconf 80' lang='grc' dir='ltr'>ἐνέταξαν,</span> <span class='ocrx_word' id='word_1_696' title='bbox 3284 4519 3382 4573; x_wconf 77' lang='grc' dir='ltr'><strong>καὶ</strong></span> <span class='ocrx_word' id='word_1_697' title='bbox 3424 4524 3699 4594; x_wconf 84' lang='grc' dir='ltr'>κορυφαί-</span> 
     </span>
    </p>
   </div>
   <div class='ocr_carea' id='block_1_105' title="bbox 2121 4608 3703 4686">
    <p class='ocr_par' dir='ltr' id='par_1_105' title="bbox 2121 4608 3703 4686">
     <span class='ocr_line' id='line_1_105' title="bbox 2121 4608 3703 4686; baseline 0.004 -24"><span class='ocrx_word' id='word_1_698' title='bbox 2121 4625 2216 4673; x_wconf 88' lang='grc' dir='ltr'><strong>ους</strong></span> <span class='ocrx_word' id='word_1_699' title='bbox 2248 4609 2428 4680; x_wconf 79' lang='grc' dir='ltr'>ίεροὺς</span> <span class='ocrx_word' id='word_1_700' title='bbox 2461 4608 2796 4677; x_wconf 75' lang='grc' dir='ltr'>ἐπέστησαν,</span> <span class='ocrx_word' id='word_1_701' title='bbox 2849 4609 2947 4663; x_wconf 76' lang='grc' dir='ltr'>καὶ</span> <span class='ocrx_word' id='word_1_702' title='bbox 3002 4609 3233 4680; x_wconf 81' lang='grc' dir='ltr'>ποίμνια</span> <span class='ocrx_word' id='word_1_703' title='bbox 3266 4610 3385 4665; x_wconf 85' lang='grc' dir='ltr'>θεῖα</span> <span class='ocrx_word' id='word_1_704' title='bbox 3434 4617 3703 4686; x_wconf 74' lang='grc' dir='ltr'>καταρτίο</span> 
     </span>
    </p>
   </div>
   <div class='ocr_carea' id='block_1_106' title="bbox 2125 4699 3697 4774">
    <p class='ocr_par' dir='ltr' id='par_1_106' title="bbox 2125 4699 3697 4774">
     <span class='ocr_line' id='line_1_106' title="bbox 2125 4699 3697 4774; baseline 0.006 -21"><span class='ocrx_word' id='word_1_705' title='bbox 2125 4716 2321 4763; x_wconf 88' lang='grc' dir='ltr'>σαντες</span> <span class='ocrx_word' id='word_1_706' title='bbox 2371 4699 2683 4770; x_wconf 77' lang='grc' dir='ltr'>ἐπέτρεψαν</span> <span class='ocrx_word' id='word_1_707' title='bbox 2715 4701 3108 4767; x_wconf 82' lang='grc' dir='ltr'>πνευματικῶς</span> <span class='ocrx_word' id='word_1_708' title='bbox 3160 4703 3577 4774; x_wconf 85' lang='grc' dir='ltr'>ποιμαίνεσθαι,</span> <span class='ocrx_word' id='word_1_709' title='bbox 3604 4712 3697 4763; x_wconf 75' lang='grc' dir='ltr'><strong>καὶ</strong></span> 
     </span>
    </p>
   </div>
   <div class='ocr_carea' id='block_1_107' title="bbox 2123 4792 3702 4867">
    <p class='ocr_par' dir='ltr' id='par_1_107' title="bbox 2123 4792 3702 4867">
     <span class='ocr_line' id='line_1_107' title="bbox 2123 4792 3702 4867; baseline 0.004 -21"><span class='ocrx_word' id='word_1_710' title='bbox 2123 4793 2324 4863; x_wconf 85' lang='grc' dir='ltr'>νόμους</span> <span class='ocrx_word' id='word_1_711' title='bbox 2362 4792 2549 4847; x_wconf 71' lang='grc' dir='ltr'>ἔθεντο</span> <span class='ocrx_word' id='word_1_712' title='bbox 2578 4793 2955 4860; x_wconf 77' lang='grc' dir='ltr'>ποιμενικοὺς,</span> <span class='ocrx_word' id='word_1_713' title='bbox 2989 4792 3085 4845; x_wconf 73' lang='grc' dir='ltr'><strong>καὶ</strong></span> <span class='ocrx_word' id='word_1_714' title='bbox 3134 4793 3371 4864; x_wconf 78' lang='grc' dir='ltr'>τρόπους</span> <span class='ocrx_word' id='word_1_715' title='bbox 3425 4798 3702 4867; x_wconf 81' lang='grc' dir='ltr'>μεθώδευ-</span> 
     </span>
    </p>
   </div>
   <div class='ocr_carea' id='block_1_108' title="bbox 2126 4883 3697 4953">
    <p class='ocr_par' dir='ltr' id='par_1_108' title="bbox 2126 4883 3697 4953">
     <span class='ocr_line' id='line_1_108' title="bbox 2126 4883 3697 4953; baseline 0.001 -14"><span class='ocrx_word' id='word_1_716' title='bbox 2126 4903 2247 4943; x_wconf 83' lang='grc' dir='ltr'>σαν.</span> <span class='ocrx_word' id='word_1_717' title='bbox 2310 4885 2434 4939; x_wconf 89' lang='grc' dir='ltr'>καθ’</span> <span class='ocrx_word' id='word_1_718' title='bbox 2466 4883 2558 4947; x_wconf 80' lang='grc' dir='ltr'><strong>οὓς</strong></span> <span class='ocrx_word' id='word_1_719' title='bbox 2613 4887 2964 4953; x_wconf 84' lang='grc' dir='ltr'>ποιμανεῖται</span> <span class='ocrx_word' id='word_1_720' title='bbox 3015 4889 3405 4953; x_wconf 79' lang='grc' dir='ltr'>χριστιανικῶς</span> <span class='ocrx_word' id='word_1_721' title='bbox 3469 4891 3541 4944; x_wconf 80' lang='grc' dir='ltr'>τὰ</span> <span class='ocrx_word' id='word_1_722' title='bbox 3604 4891 3697 4945; x_wconf 77' lang='grc' dir='ltr'>τοῦ</span> 
     </span>
    </p>
   </div>
   <div class='ocr_carea' id='block_1_109' title="bbox 2122 4960 3699 5046">
    <p class='ocr_par' dir='ltr' id='par_1_109' title="bbox 2122 4960 3699 5046">
     <span class='ocr_line' id='line_1_109' title="bbox 2122 4960 3699 5046; baseline 0.006 -19"><span class='ocrx_word' id='word_1_723' title='bbox 2122 4975 2259 5028; x_wconf 85' lang='grc' dir='ltr'>Θεοῦ</span> <span class='ocrx_word' id='word_1_724' title='bbox 2302 4976 2572 5044; x_wconf 72' lang='grc' dir='ltr'>πρόϐαταο</span> <span class='ocrx_word' id='word_1_725' title='bbox 2630 4975 2726 5027; x_wconf 72' lang='grc' dir='ltr'><strong>καὶ</strong></span> <span class='ocrx_word' id='word_1_726' title='bbox 2783 4972 2953 5043; x_wconf 72' lang='grc' dir='ltr'>νομὰς</span> <span class='ocrx_word' id='word_1_727' title='bbox 3015 4960 3447 5046; x_wconf 78' lang='grc' dir='ltr'>περιηγήσαντο,</span> <span class='ocrx_word' id='word_1_728' title='bbox 3496 4983 3558 5033; x_wconf 85' lang='grc' dir='ltr'>ὲν</span> <span class='ocrx_word' id='word_1_729' title='bbox 3616 4979 3699 5045; x_wconf 78' lang='grc' dir='ltr'>αἷς</span> 
     </span>
    </p>
   </div>
   <div class='ocr_carea' id='block_1_110' title="bbox 2126 5064 2508 5137">
    <p class='ocr_par' dir='ltr' id='par_1_110' title="bbox 2126 5064 2508 5137">
     <span class='ocr_line' id='line_1_110' title="bbox 2126 5064 2508 5137; baseline -0.005 -18"><span class='ocrx_word' id='word_1_730' title='bbox 2126 5064 2219 5134; x_wconf 85' lang='grc' dir='ltr'>βοσ</span> <span class='ocrx_word' id='word_1_731' title='bbox 2228 5067 2293 5137; x_wconf 82' lang='grc' dir='ltr'><strong>κὴ</strong></span> <span class='ocrx_word' id='word_1_732' title='bbox 2302 5084 2508 5120; x_wconf 84' lang='grc' dir='ltr'>σονται.</span> 
     </span>
    </p>
   </div>
   <div class='ocr_carea' id='block_1_111' title="bbox 2198 5153 3700 5230">
    <p class='ocr_par' dir='ltr' id='par_1_111' title="bbox 2198 5153 3700 5230">
     <span class='ocr_line' id='line_1_111' title="bbox 2198 5153 3700 5230; baseline 0.005 -18"><span class='ocrx_word' id='word_1_733' title='bbox 2198 5161 2299 5229; x_wconf 86' lang='grc' dir='ltr'>μδ’.</span> <span class='ocrx_word' id='word_1_734' title='bbox 2339 5161 2443 5212; x_wconf 82' lang='lat' dir='ltr'><strong>Kal</strong></span> <span class='ocrx_word' id='word_1_735' title='bbox 2493 5153 2596 5212; x_wconf 84' lang='grc' dir='ltr'><strong>ὧδε</strong></span> <span class='ocrx_word' id='word_1_736' title='bbox 2637 5161 2735 5229; x_wconf 74' lang='grc' dir='ltr'><strong>μὲν</strong></span> <span class='ocrx_word' id='word_1_737' title='bbox 2773 5163 2820 5213; x_wconf 79' lang='grc' dir='ltr'>οἱ</span> <span class='ocrx_word' id='word_1_738' title='bbox 2875 5163 3102 5230; x_wconf 84' lang='grc' dir='ltr'>μεγάλοι</span> <span class='ocrx_word' id='word_1_739' title='bbox 3133 5164 3333 5217; x_wconf 78' lang='grc' dir='ltr'>ἐκεῖνοι</span> <span class='ocrx_word' id='word_1_740' title='bbox 3381 5154 3602 5218; x_wconf 74' lang='grc' dir='ltr'>καὶτὸν</span> <span class='ocrx_word' id='word_1_741' title='bbox 3640 5169 3700 5220; x_wconf 82' lang='grc' dir='ltr'>ἐκ</span> 
     </span>
    </p>
   </div>
   <div class='ocr_carea' id='block_1_112' title="bbox 2120 5254 3702 5330">
    <p class='ocr_par' dir='ltr' id='par_1_112' title="bbox 2120 5254 3702 5330">
     <span class='ocr_line' id='line_1_112' title="bbox 2120 5254 3702 5330; baseline 0.004 -22"><span class='ocrx_word' id='word_1_742' title='bbox 2120 5255 2214 5309; x_wconf 75' lang='grc' dir='ltr'>τοῦ</span> <span class='ocrx_word' id='word_1_743' title='bbox 2252 5254 2482 5321; x_wconf 73' lang='grc' dir='ltr'>ἀφελοῦς</span> <span class='ocrx_word' id='word_1_744' title='bbox 2540 5256 2792 5324; x_wconf 71' lang='grc' dir='ltr'>ἀγράφου</span> <span class='ocrx_word' id='word_1_745' title='bbox 2848 5257 2905 5307; x_wconf 86' lang='grc' dir='ltr'>ὲν</span> <span class='ocrx_word' id='word_1_746' title='bbox 2934 5259 2999 5327; x_wconf 79' lang='grc' dir='ltr'>τῇ</span> <span class='ocrx_word' id='word_1_747' title='bbox 3029 5257 3160 5328; x_wconf 80' lang='grc' dir='ltr'>ἁγίᾳ</span> <span class='ocrx_word' id='word_1_748' title='bbox 3190 5259 3402 5329; x_wconf 80' lang='grc' dir='ltr'>Παλαιᾷ</span> <span class='ocrx_word' id='word_1_749' title='bbox 3426 5260 3702 5330; x_wconf 77' lang='grc' dir='ltr'>ἔγγραφον</span> 
     </span>
    </p>
   </div>
   <div class='ocr_carea' id='block_1_113' title="bbox 2121 5345 3703 5425">
    <p class='ocr_par' dir='ltr' id='par_1_113' title="bbox 2121 5345 3703 5425">
     <span class='ocr_line' id='line_1_113' title="bbox 2121 5345 3703 5425; baseline 0.004 -28"><span class='ocrx_word' id='word_1_750' title='bbox 2121 5348 2285 5417; x_wconf 85' lang='grc' dir='ltr'>νόμον</span> <span class='ocrx_word' id='word_1_751' title='bbox 2328 5345 2672 5407; x_wconf 80' lang='grc' dir='ltr'>ἐτελείωσαν,</span> <span class='ocrx_word' id='word_1_752' title='bbox 2701 5348 3074 5418; x_wconf 82' lang='grc' dir='ltr'>ἀρτιὼσαντες</span> <span class='ocrx_word' id='word_1_753' title='bbox 3094 5352 3187 5403; x_wconf 72' lang='grc' dir='ltr'>καὶ</span> <span class='ocrx_word' id='word_1_754' title='bbox 3213 5354 3703 5425; x_wconf 80' lang='grc' dir='ltr'>ἀποκαταστήσαν-</span> 
     </span>
    </p>
   </div>
   <div class='ocr_carea' id='block_1_114' title="bbox 2120 5435 3700 5511">
    <p class='ocr_par' dir='ltr' id='par_1_114' title="bbox 2120 5435 3700 5511">
     <span class='ocr_line' id='line_1_114' title="bbox 2120 5435 3700 5511; baseline 0.005 -23"><span class='ocrx_word' id='word_1_755' title='bbox 2120 5452 2230 5499; x_wconf 84' lang='grc' dir='ltr'>τες,</span> <span class='ocrx_word' id='word_1_756' title='bbox 2264 5435 2392 5490; x_wconf 68' lang='grc' dir='ltr'>ἔνθα</span> <span class='ocrx_word' id='word_1_757' title='bbox 2415 5435 2538 5488; x_wconf 70' lang='grc' dir='ltr'>οὔτε</span> <span class='ocrx_word' id='word_1_758' title='bbox 2572 5441 2888 5507; x_wconf 80' lang='grc' dir='ltr'>προσθεῖναι</span> <span class='ocrx_word' id='word_1_759' title='bbox 2926 5436 2992 5511; x_wconf 78' lang='grc' dir='ltr'>ἦν</span> <span class='ocrx_word' id='word_1_760' title='bbox 3028 5440 3107 5493; x_wconf 77' lang='grc' dir='ltr'>ἔτι</span> <span class='ocrx_word' id='word_1_761' title='bbox 3129 5443 3250 5495; x_wconf 76' lang='grc' dir='ltr'>οὐδὲ</span> <span class='ocrx_word' id='word_1_762' title='bbox 3290 5443 3427 5497; x_wconf 83' lang='grc' dir='ltr'>ίῶτα</span> <span class='ocrx_word' id='word_1_763' title='bbox 3456 5443 3537 5504; x_wconf 78' lang='grc' dir='ltr'>ἓν,</span> <span class='ocrx_word' id='word_1_764' title='bbox 3581 5446 3700 5498; x_wconf 72' lang='grc' dir='ltr'>οὐδὲ</span> 
     </span>
    </p>
   </div>
   <div class='ocr_carea' id='block_1_115' title="bbox 2121 5527 3700 5606">
    <p class='ocr_par' dir='ltr' id='par_1_115' title="bbox 2121 5527 3700 5606">
     <span class='ocr_line' id='line_1_115' title="bbox 2121 5527 3700 5606; baseline 0.006 -26"><span class='ocrx_word' id='word_1_765' title='bbox 2121 5527 2352 5596; x_wconf 74' lang='grc' dir='ltr'>κεραίαν</span> <span class='ocrx_word' id='word_1_766' title='bbox 2376 5528 2508 5594; x_wconf 80' lang='grc' dir='ltr'>γοῦν</span> <span class='ocrx_word' id='word_1_767' title='bbox 2550 5530 2701 5598; x_wconf 84' lang='grc' dir='ltr'>μίαν,</span> <span class='ocrx_word' id='word_1_768' title='bbox 2754 5530 2878 5583; x_wconf 74' lang='grc' dir='ltr'>οὔτε</span> <span class='ocrx_word' id='word_1_769' title='bbox 2915 5531 3162 5601; x_wconf 78' lang='grc' dir='ltr'>ἀφελεῖν.</span> <span class='ocrx_word' id='word_1_770' title='bbox 3228 5534 3291 5585; x_wconf 86' lang='grc' dir='ltr'>Οί</span> <span class='ocrx_word' id='word_1_771' title='bbox 3321 5534 3375 5586; x_wconf 79' lang='grc' dir='ltr'><strong>δὲ</strong></span> <span class='ocrx_word' id='word_1_772' title='bbox 3411 5535 3507 5587; x_wconf 82' lang='grc' dir='ltr'>νῦν</span> <span class='ocrx_word' id='word_1_773' title='bbox 3540 5537 3700 5606; x_wconf 76' lang='grc' dir='ltr'>ἡμεῖς</span> 
     </span>
    </p>
   </div>
   <div class='ocr_carea' id='block_1_116' title="bbox 2122 5620 3687 5699">
    <p class='ocr_par' dir='ltr' id='par_1_116' title="bbox 2122 5620 3687 5699">
     <span class='ocr_line' id='line_1_116' title="bbox 2122 5620 3687 5699; baseline 0.007 -26"><span class='ocrx_word' id='word_1_774' title='bbox 2122 5622 2310 5689; x_wconf 78' lang='grc' dir='ltr'>μικροὶ</span> <span class='ocrx_word' id='word_1_775' title='bbox 2343 5620 2640 5690; x_wconf 68' lang='grc' dir='ltr'>ἄνθρωποι,</span> <span class='ocrx_word' id='word_1_776' title='bbox 2670 5624 2761 5676; x_wconf 76' lang='grc' dir='ltr'><strong>καὶ</strong></span> <span class='ocrx_word' id='word_1_777' title='bbox 2787 5626 2893 5694; x_wconf 82' lang='grc' dir='ltr'><strong>πρὸ</strong></span> <span class='ocrx_word' id='word_1_778' title='bbox 2920 5625 3028 5677; x_wconf 84' lang='grc' dir='ltr'><strong>τῶν</strong></span> <span class='ocrx_word' id='word_1_779' title='bbox 3057 5627 3231 5681; x_wconf 77' lang='grc' dir='ltr'>ἄλλων</span> <span class='ocrx_word' id='word_1_780' title='bbox 3259 5630 3519 5682; x_wconf 80' lang='grc' dir='ltr'>ἁπάντων</span> <span class='ocrx_word' id='word_1_781' title='bbox 3554 5633 3687 5699; x_wconf 76' lang='grc' dir='ltr'>ἐγὼ,</span> 
     </span>
    </p>
   </div>
   <div class='ocr_carea' id='block_1_117' title="bbox 2118 5711 3697 5793">
    <p class='ocr_par' dir='ltr' id='par_1_117' title="bbox 2118 5711 3697 5793">
     <span class='ocr_line' id='line_1_117' title="bbox 2118 5711 3697 5793; baseline 0.008 -29"><span class='ocrx_word' id='word_1_782' title='bbox 2118 5713 2218 5784; x_wconf 75' lang='grc' dir='ltr'>τὴν</span> <span class='ocrx_word' id='word_1_783' title='bbox 2243 5711 2342 5783; x_wconf 80' lang='grc' dir='ltr'><strong>μὲν</strong></span> <span class='ocrx_word' id='word_1_784' title='bbox 2379 5715 2759 5787; x_wconf 62' lang='grc' dir='ltr'>χρηστνμαθῆ,</span> <span class='ocrx_word' id='word_1_785' title='bbox 2795 5721 2891 5772; x_wconf 76' lang='grc' dir='ltr'><strong>καὶ</strong></span> <span class='ocrx_word' id='word_1_786' title='bbox 2927 5718 3025 5789; x_wconf 82' lang='grc' dir='ltr'>τὴν</span> <span class='ocrx_word' id='word_1_787' title='bbox 3070 5720 3174 5775; x_wconf 85' lang='grc' dir='ltr'>τῶν</span> <span class='ocrx_word' id='word_1_788' title='bbox 3214 5722 3438 5789; x_wconf 79' lang='grc' dir='ltr'>ἀγαθῶν</span> <span class='ocrx_word' id='word_1_789' title='bbox 3463 5724 3697 5793; x_wconf 84' lang='grc' dir='ltr'>ἀνδρῶν,</span> 
     </span>
    </p>
   </div>
  </div>
