3888 6238
327 251 427 316 331

1047 256 1090 314 E
1103 257 1404 318 USTATIi
1423 255 1476 315 ΙΙ
1514 257 1612 314 Tll
1627 255 1808 316 ESSA
1820 252 2281 315 LONICENSIS
2318 254 2884 316 METROPOLITE

3501 251 3608 315 πλε

330 365 596 421 habemus
631 380 814 421 emere
854 371 1184 437 satagimus,
1225 376 1280 422 et
1309 369 1352 422 si
1391 383 1514 436 qua:
1572 383 1678 423 non
1729 367 1911 421 statim

2053 365 2116 416 π’
2155 364 2323 418 αὑτοῦ
2382 365 2444 417 τὸ
2484 365 2666 418 ἐνδέον
2693 366 2850 433 ἡμῖν,
2885 363 2978 416 καὶ
3013 363 3087 432 μὴ
3122 362 3364 431 φανέντα
3395 363 3450 415 δὲ
3482 366 3620 415 ἁνα-

329 468 650 529 apparcant,
694 476 907 515 summo
959 476 1078 515 cum
1126 462 1309 515 studio
1363 461 1690 530 inquirimus
1742 475 1910 528 uSque

331 554 457 604 dum
507 555 729 607 demum
782 555 1139 623 reperiamus,
1188 568 1364 623 neque
1407 554 1578 608 solum
1615 555 1914 625 gaudemus

331 642 476 709 quod
507 659 620 699 rem
655 644 1015 699 desideratam
1044 643 1156 712 jam
1197 646 1598 715 possideamus,
1629 648 1722 700 sed
1748 647 1914 701 inter-

332 734 461 791 dum
493 738 656 792 etiam
686 737 831 805 justo
863 736 1037 804 majus
1060 737 1292 808 pretium
1332 737 1675 804 iusumimus,
1715 749 1774 793 ut
1799 755 1918 794 car-

336 845 456 884 nem
488 831 714 884 servitio
746 830 1019 886 addictam
1065 829 1250 902 aliquo
1279 845 1604 888 ornamento
1636 833 1923 904 pulchrio-

337 937 448 978 rem
472 921 741 978 redditam
765 923 1919 993 spectatoribusexhibemus,ornamento,

337 1019 582 1084 inquam,
603 1017 746 1086 quod
767 1029 794 1069 a
815 1015 971 1070 nobis
993 1016 1314 1086 plerumque
1337 1030 1406 1072 ne
1436 1017 1777 1087 conspicitur
1798 1019 1920 1086 qui.
1954 1005 1960 1012 ’

338 1107 752 1162 dctn?Animum
770 1116 950 1162 autem
970 1107 1245 1163 dominam
1258 1109 1518 1165 sordibus
1529 1111 1690 1179 pollui
1707 1121 1761 1165 et
1778 1121 1927 1165 tene-

325 1202 452 1256 bris
473 1202 568 1266 ita,
591 1201 666 1256 uti
690 1202 920 1256 daemoni
939 1211 1063 1256 atro
1097 1213 1312 1270 gratum
1334 1211 1435 1264 est,
1459 1203 1660 1258 involvi
1682 1204 1924 1260 sinentes

341 1311 450 1350 non
481 1294 655 1348 solum
692 1293 892 1347 nullam
924 1309 1148 1363 operam
1196 1295 1583 1364 impendimus,
1619 1306 1678 1349 ut
1707 1296 1788 1349 vel
1823 1297 1923 1366 ipsi

342 1401 460 1442 eam
508 1394 766 1454 tanquam
797 1388 889 1443 Dei
929 1403 1188 1458 sponsam
1232 1389 1684 1454 condecoremus,
1714 1390 1798 1445 vel
1833 1405 1930 1459 per

341 1478 506 1532 alium
543 1478 703 1547 hujus
735 1479 813 1533 rei
845 1478 1085 1549 peritum
1121 1481 1226 1534 hoc
1259 1479 1377 1535 fieri
1406 1480 1801 1545 sustineamus,
1831 1481 1925 1535 sed

344 1571 531 1635 etiam,
561 1571 603 1624 si
649 1573 771 1639 quis
821 1572 887 1626 ad
935 1572 1174 1627 divinam
1220 1571 1601 1628 formationem
1635 1591 1729 1629 seu
1765 1583 1931 1628 tran-

2028 456 2320 527 ζητοῦντες
2357 461 2499 512 κατᾶ
2546 456 2788 525 σπουδὴν
2826 455 3029 522 πολλὴν
3061 454 3483 524 ὲξευρίσκομεν,
3521 456 3624 508 καὶ

2031 550 2528 620 προσρυῖσκόμενοι
2561 549 2759 620 ἔχομεν
2790 548 3033 618 φιλητῶς
3056 548 3265 602 ἐκεῖθεν
3287 549 3349 601 τὸ
3380 550 3626 618 πεποθη-

2034 642 2216 711 μένον,
2280 643 2748 712 καταϐαλλόμενοι
2779 643 2926 696 ἔστιν
2959 636 3020 696 οὗ
3056 645 3151 695 καί
3197 659 3251 695 τι
3289 643 3619 711 ύπέρτιμον,

2032 734 2122 786 ἵνα
2152 733 2249 805 τὴν
2293 735 2487 804 δούλην
2534 735 2713 805 σάρκα
2763 735 2848 796 εἰς
2876 733 3161 804 ὼραῖσμὺν
3215 736 3331 797 τοῖς
3362 733 3625 801 βλέπουσι

2035 825 2521 897 παραστησώμεθα
2542 826 2632 881 διὰ
2645 809 3039 895 καλλωπισμοῧ
3066 841 3235 892 τινος,
3259 821 3322 880 οὗ
3349 825 3418 879 τὰ
3452 824 3626 878 πλείω

2036 917 2162 972 οὐδὲ
2210 921 2290 982 εἰς
2317 917 2443 988 ὄψιν
2487 921 2624 988 ἡμῖν
2671 917 2933 988 ἔρχεσθαι
2982 918 3246 982 drivia-rat;
3300 918 3413 986 Τὴν
3442 919 3501 970 δὲ
3531 917 3626 970 5i-

2039 1025 2270 1063 σποιναν
2308 1010 2488 1080 ψυχὴν
2514 1011 2770 1080 ἀφιέντες
2809 1009 3116 1078 ρυποῦσθαι
3138 1011 3232 1062 καὶ
3264 1011 3457 1062 σκότον
3483 1009 3628 1063 οὕτω

2040 1101 2543 1170 περιδιδύσκεσθαι,
2607 1103 2682 1164 ὡς
2715 1104 2784 1156 ἂν
2812 1102 2840 1154 ό
2882 1101 3113 1172 ζοφερὸς
3171 1102 3385 1170 δαίμων
3419 1104 3626 1172 φιλοίη,

2039 1192 2167 1246 οὔτε
2208 1192 2506 1263 ζητοῦμεν,
2536 1193 2656 1257 πῶς
2701 1195 2823 1263 ἂνῆ
2855 1196 3021 1264 ἡμεῖς
3047 1195 3205 1249 αὐτοὶ
3229 1195 3630 1266 ἔξωραῒσωμεν

2041 1284 2115 1347 ὡς
2139 1285 2218 1349 εἰς
2256 1285 2481 1355 νύμφην
2515 1285 2673 1350 Θεοῦ,
2703 1285 2823 1355 ῆδι³
2855 1286 3046 1354 ἑτέρου
3081 1287 3631 1357 νυμφοστολήσωμεν

2043 1378 2433 1450 ἐπιστήμονος,
2463 1378 2598 1432 ἀλλὰ
2640 1378 2736 1431 καὶ
2765 1378 2818 1430 εί
2848 1395 2928 1442 τις
3008 1378 3302 1448 ἐπιφανείη
3354 1381 3633 1447 ἐπαγγελ-

2041 1474 2269 1542 λόμενος
2300 1476 2396 1527 καὶ
2429 1475 2873 1545 προκαλούμενος
2913 1477 2992 1536 είς
3025 1475 3238 1545 θεοειδῆ
3275 1477 3365 1528 καὶ
3393 1476 3628 1544 θεοφεγ-

2044 1565 2117 1634 γῆ
2152 1565 2453 1634 μόρφωσιν,
2491 1567 2588 1620 εἴτ’
2620 1566 2711 1619 οὖν
2741 1567 3192 1637 μεταμόρφωσιν,
3247 1569 3309 1620 οὐ
3337 1569 3629 1637 προπηλα-

347 1663 760 1718 είοτιηιειῐοιιεηι
822 1679 920 1718 nos
972 1664 1288 1720 invitaverit
1336 1676 1497 1735 atque
1530 1673 1930 1736 provocaverit,

2053 1661 2811 1732 ιιίζομεν,ἢόστρακίζομεν,
2847 1662 2983 1716 ἀλλὰ
3039 1662 3136 1715 καὶ¹
3199 1663 3450 1735 ξιφήρεις
3509 1665 3634 1716 ἑπι-

345 1755 608 1810 conviciis
651 1757 1056 1825 proscindimus
1103 1768 1159 1812 et
1207 1759 1396 1829 procul
1445 1760 1597 1814 abire
1642 1761 1924 1831 jubemus,

345 1847 454 1904 into
495 1850 674 1918 gladio
721 1851 964 1921 aggressi
1017 1851 1337 1909 interimere
1383 1854 1712 1909 studemus?
1746 1853 1937 1910 Omnis

325 1956 506 2005 porro
543 1956 632 1998 ars
676 1957 704 1995 a
755 1942 917 1998 nobis
967 1943 1213 2010 diligitur
1261 1952 1315 1998 et
1368 1945 1724 2014 approbatur,
1787 1947 1936 2001 nullo

346 2033 490 2084 inter
541 2045 635 2085 cas
671 2032 993 2087 discrimine
1023 2034 1264 2088 admisso
1300 2052 1315 2088 :
1348 2035 1436 2090 illa
1491 2045 1672 2092 autem
1716 2053 1837 2105 qua:
1868 2039 1934 2092 ad

348 2123 544 2180 animm
581 2123 1043 2190 pulchritudinem
1081 2136 1314 2193 spectat,
1348 2128 1535 2195 procul
1587 2145 1613 2181 a
1651 2131 1810 2184 nobis
1846 2147 1932 2185 re-

344 2215 486 2277 jt-cta
519 2216 838 2285 negligitur,
876 2231 1054 2284 neque
1088 2217 1154 2271 ad
1192 2233 1344 2272 avem
1397 2220 1689 2274 infaustam
1728 2230 1822 2274 aut
1869 2223 1934 2275 ad

348 2304 565 2372 rupium
601 2306 929 2374 prmcipitia,
973 2306 1116 2362 unde
1157 2307 1373 2362 tandem
1407 2307 1704 2377 aliquando
1745 2311 1932 2366 reduci

349 2397 544 2462 possit,
571 2398 930 2466 amandatur,
956 2400 1056 2455 sed
1084 2399 1138 2455 in
1163 2400 1458 2456 oblivionis
1487 2402 1802 2470 voraginem
1833 2403 1934 2456 iut-

351 2487 638 2555 mergitur,
671 2487 819 2542 unde
847 2490 922 2544 ad
958 2490 1132 2546 lucem
1161 2506 1440 2560 nunquam
1473 2493 1686 2548 redeat.

419 2579 511 2634 49.
568 2578 808 2636 Econtra
858 2597 1022 2638 omne
1079 2585 1324 2655 prudens
1369 2585 1687 2650 consilium,
1751 2587 1932 2642 omnia

351 2672 646 2730 doctorum
672 2687 977 2746 ,praeccpta,
1027 2679 1094 2732 ad
1141 2677 1311 2733 vitam
1354 2679 1732 2750 corrigendam
1782 2695 1936 2749 spec-

353 2769 552 2834 tantia,
586 2777 642 2824 et
681 2770 828 2841 leges
866 2771 1181 2842 adiuvantia
1210 2780 1266 2827 et
1313 2787 1554 2830 canones
1595 2774 1934 2838 roborantia,

347 2875 638 2932 suppressa
667 2863 876 2933 jacent,
901 2865 1160 2935 omnique
1189 2867 1352 2922 modo
1374 2869 1614 2924 societas
1641 2869 1936 2924 meditatur

351 2967 457 3006 non
501 2952 570 3007 de
599 2969 686 3016 eo,
721 2964 781 3008 ut
821 2956 1128 3026 reSpublica
1171 2958 1318 3012 salva
1367 2959 1460 3022 sit,
1496 2960 1594 3015 sed
1625 2967 1685 3014 ut
1727 2959 1930 3028 justus,

2040 1757 2349 1826 τρέχοντες,
2377 1756 2657 1826 ἀχρειοῦν,
2693 1758 2853 1827 εἴπερ
2902 1752 3015 1810 οἷόν
3072 1775 3130 1811 τε
3153 1755 3242 1828 ἦν,
3273 1760 3583 1828 γλιχόμεθα
3611 1776 3627 1824 ς

2043 1846 2153 1899 Καὶ
2205 1846 2401 1900 ἅπασα
2449 1845 2551 1914 μὲν
2603 1846 2766 1916 τέχνη
2822 1847 3112 1916 στέργεται
3170 1849 3465 1926 παρῖἡμῖν
3536 1851 3634 1902 καὶ

2039 1937 2376 2007 ἐγκρίνεται,
2411 1938 2507 1992 καλ⁴
2534 1940 2596 1992 οὐ
2627 1939 2984 2010 διακρίνομεν
3029 1939 3310 2008 οὐδεμίαν·
3335 1943 3368 2010 ἡ
3397 1941 3456 1993 δὲ
3485 1941 3634 1994 κατὰ

2038 2023 2386 2081 διδασκαλίαν
2445 2030 2592 2100 ψυχῇ
2647 2030 2967 2100 πρέπουσαν
3027 2031 3388 2101 ἀποκρίνεται
3443 2031 3636 2100 βαλλο-

2043 2122 2180 2191 μένη
2209 2121 2430 2192 μακρὰν
2480 2122 2539 2187 ἐξ
2575 2123 2755 2191 ἡμῶν,
2814 2123 2894 2185 είς
2920 2123 3044 2193 οὐχὶ
3075 2124 3319 2193 κόρακας
3354 2124 3386 2192 ἦ
3419 2124 3630 2193 πέτρας

2037 2216 2459 2286 ἀποκρήμνους,
2509 2216 2635 2269 ὅθεν
2688 2217 3075 2285 ἐπανασωθείη
3130 2217 3197 2270 ἂν
3255 2216 3388 2272 (om:
3449 2219 3634 2287 χρόνῳ

2038 2310 2195 2374 ποτὲ,
2226 2308 2363 2362 ἀλλὰ
2391 2311 2451 2372 ἐς
2497 2308 2661 2379 βυθὸν
2689 2308 2860 2380 λήθης
2907 2309 3182 2381 ἀφιεμένη
3244 2306 3632 2380 βαπτίζεσθαι,

2037 2401 2114 2465 ὡς
2153 2401 2227 2475 μὴ
2259 2402 2407 2472 ἔχειν
2439 2403 2728 2472 ἐκφανσιν.

2112 2583 2219 2653 μθθ.
2262 2583 2432 2653 Βουλὴ
2466 2584 2524 2637 δὲ
2555 2583 2744 2638 ἅπασα
2781 2585 2877 2636 καὶ
2928 2582 3209 2653 συμϐουλὴ
3245 2584 3338 2637 καὶ
3365 2584 3634 2638 διδασκα-

2039 2682 2163 2748 λικὴ
2193 2681 2453 2748 ἁρμονία,
2511 2679 2820 2732 συνίστῶσα
2866 2677 2980 2748 βίον
3041 2678 3239 2746 ὀρθὸν,
3304 2681 3398 2731 καὶ
3445 2683 3639 2748 νόμοις

2039 2773 2412 2842 ἐπικουροῦσα
2461 2773 2557 2824 καὶ
2587 2771 3107 2841 συλλαμϐανομένη,
3167 2771 3356 2824 κανόσι
3422 2783 3638 2841 κατηρ-

2037 2882 2255 2937 γηνταιο
2290 2866 2718 2935 ἀντιπράττεται
2753 2865 2809 2917 δὲ
2836 2865 2944 2918 πᾶν
2971 2863 3262 2916 ἐπίϐουλον
3316 2865 3409 2916 καὶ
3455 2866 3488 2933 ἡ
3536 2864 3638 2916 σύ-

2046 2956 2225 3022 ναξις,
2256 2955 2398 3025 οὐχὶ,
2428 2956 2547 3017 πῶς
2580 2956 2648 3009 ἂν
2676 2955 2738 3008 τὸ
2765 2956 2947 3009 κοινὸν
2970 2955 3190 3026 σωθείη,
3234 2955 3371 3008 ἀλλὰ
3416 2957 3538 3019 πῶς
3570 2957 3639 3009 ἂν

353 3052 546 3113 utpote
577 3048 943 3114 importunus,
977 3048 1029 3109 in
1058 3049 1291 3104 vinculis
1317 3048 1522 3116 doleat,
1554 3059 1610 3104 et
1631 3062 1935 3120 praeceptor

2053 3053 2071 3103 ὃ
2100 3050 2308 3107 δίκαιος
2345 3049 2466 3118 μὲν,
2499 3048 2840 3118 δύσχρηστος
2865 3047 2943 3112 δὲ,
2973 3048 3380 3118 καταπονηθείη
3406 3049 3634 3116 δεσμῷ,

351 3138 549 3206 quibus
594 3138 732 3192 bene
781 3139 1061 3195 institutus
1116 3150 1220 3206 est,
1257 3150 1312 3197 et
1365 3143 1432 3195 ad
1473 3159 1593 3214 quae
1636 3144 1938 3214 profitenda

355 3229 494 3284 alios
521 3229 815 3288 instituere
844 3232 1066 3303 sategit,
1091 3233 1145 3288 in
1193 3247 1518 3305 perpetuum
1562 3236 1852 3300 valcdicat,
1889 3245 1943 3291 et

354 3332 509 3392 pater
531 3323 747 3394 .Spiritu
781 3324 968 3380 divino
1003 3326 1303 3380 instructus
1337 3341 1439 3381 non
1475 3343 1502 3380 a
1536 3327 1646 3383 filio
1670 3329 1946 3384 distraha-

356 3423 446 3469 tur
478 3414 608 3486 (hoc
645 3415 790 3470 enim
823 3414 1002 3469 minus
1036 3415 1177 3471 foret
1205 3415 1451 3485 malum),
1480 3417 1575 3471 sed
1614 3432 1712 3486 per
1743 3417 1943 3470 malum

357 3508 656 3562 daemonem
701 3508 875 3563 servis
920 3507 1200 3563 inutilibus
1229 3519 1608 3570 accenseatur,
1637 3517 1692 3564 et
1731 3509 1948 3578 episco-

359 3613 460 3669 pus
500 3599 736 3669 denique
766 3599 1045 3670 indignum
1085 3600 1213 3669 quid
1245 3599 1656 3668 infaustumque
1682 3601 1944 3670 patiatur.

435 3692 527 3748 50.
556 3691 673 3746 Non
715 3693 884 3764 igitur
933 3707 1141 3748 morem
1181 3696 1444 3762 gerimus,
1485 3708 1659 3764 neque
1689 3693 1949 3749 obedien-

364 3785 498 3839 tiam
528 3785 874 3854 spiritualem
923 3798 1232 3852 servamus,
1264 3799 1441 3854 neque
1489 3785 1734 3854 patribus
1784 3801 1949 3856 pare-

361 3892 505 3940 mus,
530 3892 670 3947 quos
692 3886 918 3933 sanctus
951 3876 1191 3948 Spiritus
1222 3877 1340 3944 dat,
1367 3892 1545 3948 neque
1592 3881 1950 3948 praeceptoris

363 3978 482 4024 arte
516 3969 846 4039 indigemus.
895 3969 1239 4039 Quapropter
1286 3970 1450 4025 etiam
1491 3981 1817 4040 praesentem
1861 3986 1952 4026 re-

365 4061 634 4130 spuimus,
666 4069 722 4116 et
745 4075 866 4116 eam
891 4076 1052 4130 quam
1074 4076 1186 4116 non
1211 4062 1501 4125 habemus,
1532 4076 1639 4115 non
1672 4062 1953 4116 desidera-

365 4167 525 4212 mus:
556 4152 702 4218 quod
729 4153 879 4208 omni
913 4152 1017 4206 arti
1057 4153 1258 4207 accidit
1289 4153 1342 4206 in
1391 4153 1729 4216 hominibus,
1760 4153 1852 4220 qui
1887 4168 1951 4207 ea

367 4257 476 4296 non
516 4256 653 4310 opus
698 4241 923 4297 habent.
977 4241 1162 4298 Rebus
1195 4253 1376 4297 autem
1433 4252 1542 4297 tam
1597 4244 1796 4298 misere
1833 4258 1953 4299 sese

367 4333 701 4387 habentibus
735 4335 1053 4389 necessario
1077 4334 1438 4404 consequitur
1471 4346 1525 4388 ut
1565 4339 1632 4390 ad
1667 4338 1949 4405 antiquam

2048 3141 2191 3193 καὶύ
2222 3139 2546 3200 διδασκαλος
2612 3139 2940 3208 μεταμάθοι,
3011 3141 3046 3195 ἃ
3080 3140 3186 3194 καὶ
3238 3140 3400 3202 αὐτὸς
3452 3139 3640 3202 καλῶς

2043 3234 2370 3295 δεδίδακται,
2403 3236 2498 3286 καὶ
2521 3233 2748 3302 ἑτέρους
2779 3233 2986 3302 ὁμοίως
3019 3233 3296 3287 διδάσκειν
3329 3232 3642 3302 προϐέϐλη-

2042 3345 2155 3390 ται,
2189 3327 2283 3379 καὶ
2309 3329 2336 3378 ό
2364 3325 2504 3379 κατὰ
2538 3324 2684 3379 θεῖον
2732 3324 2954 3394 πνεῦμα
2981 3327 3164 3396 πατὴρ
3215 3327 3276 3380 ού
3327 3326 3470 3397 προς
3521 3327 3640 3380 υἱὸν

2046 3419 2387 3490 ἑκστραφείη
2425 3417 2604 3487 (οὒπω
2642 3417 2751 3488 γὰρ
2787 3419 2947 3473 τοῦτο
2971 3421 3113 3489 μέγα
3147 3421 3365 3484 κακόν),
3403 3419 3525 3471 ἀλλ’
3559 3422 3644 3482 είς

2045 3513 2231 3565 δοῦλον
2253 3513 2473 3581 ἀχρεῖον
2513 3511 2832 3580 ἐπι-γραφείη
2866 3510 2955 3564 διὰ
2999 3511 3243 3580 πονηροῦ
3288 3511 3636 3581 πνεύματος,

2049 3603 2143 3655 καὶ
2165 3606 2192 3656 ὁ
2221 3603 2527 3664 ἐπίσκοπος
2557 3601 2803 3654 ἄσκοπόν
2833 3618 2890 3655 τι
2919 3601 3067 3672 πάοῃ
3100 3605 3195 3656 καὶ
3228 3603 3510 3656 ἀπαίσιον.

2123 3695 2186 3750 ν’.
2220 3695 2334 3748 Οὐκ
2363 3695 2473 3764 ἄρα
2503 3693 2882 3759 ὑπακούομεν,
2949 3695 3071 3747 οόδὲ
3108 3695 3390 3764 ὑποταγὴν
3438 3694 3647 3764 τηροῦ-

2055 3804 2154 3856 μεν
2181 3785 2585 3856 πνευματικὴν,
2622 3785 2744 3838 οὐδὲ
2769 3786 2875 3838 ὑπὸ
2898 3787 3174 3856 πατράσιν
3203 3787 3394 3856 ἐσμέν,
3455 3787 3553 3850 οὓς
3586 3789 3650 3840 τὸ

2053 3880 2210 3948 ἅγιον
2237 3877 2462 3949 Πνεῦμα
2487 3878 2727 3945 δίδωσιν,
2772 3877 2894 3931 οὐδὲ
2923 3878 3203 3950 χρῄζομεν
3232 3879 3432 3949 τέχνης
3460 3878 3644 3931 διδασ-

2055 3969 2316 4039 καλικῆς.
2355 3969 2447 4021 Διὸ
2485 3968 2582 4022 καὶ
2625 3967 2911 4037 παροῦσαν
2939 3966 3039 4037 μὲν
3065 3965 3403 4036 ἐξοιθοῦμεν,
3449 3965 3526 4037 μὴ
3553 3966 3652 4020 οὗ·

2057 4079 2157 4116 σαν
2188 4061 2244 4115 δὲ
2277 4061 2341 4114 οὑ
2363 4059 2664 4129 ποθοῦμεν
2693 4059 2722 4112 ὃ
2743 4057 2808 4128 δὴ
2841 4058 3044 4128 πάσχει
3074 4059 3265 4112 ἅπασα
3289 4057 3461 4127 τέχνη
3493 4061 3649 4128 erava

2056 4155 2389 4226 ἀνθρώποις,
2427 4154 2477 4207 οἳ
2515 4153 2685 4222 μηδὲν
2723 4152 2895 4222 αὐτῆς
2931 4151 3315 4220 προσδέονται.
3358 4152 3454 4204 Διὰ
3477 4151 3654 4204 ταῦτα

2057 4248 2190 4310 γοῦν
2223 4252 2251 4301 ὁ
2283 4250 2382 4316 τῆς
2419 4246 2636 4315 φαύλης
2686 4245 2892 4313 ταύτης
2923 4244 3249 4306 ἀκολουθίας
3278 4246 3472 4313 είρμδς
3509 4250 3658 4315 παῤ-

2063 4341 2314 4412 ρησιάζει
2346 4342 2442 4393 καὶ
2469 4341 2566 4392 νῦν
2589 4340 2680 4390 τὸν
2712 4337 3025 4406 παλαιγενῆ
3081 4336 3324 4405 θηριώδη
3358 4337 3478 4406 βίον
3506 4340 3655 4391 ἐκεῖ·

367 4427 513 4480 illam
536 4425 703 4481 vitam
724 4425 956 4480 ferinam
979 4427 1351 4496 adspiremus,
1379 4428 1506 4482 licet
1525 4429 1830 4483 clanculum
1855 4429 1939 4484 ltot

2063 4450 2150 4484 νον
2179 4432 2428 4494 ὑπούλως
2450 4432 2545 4484 καὶ
2570 4430 2646 4489 ὡς
2667 4430 2766 4480 οὐκ
2799 4426 2866 4480 ἂν
2891 4426 3134 4479 αἴσθοιτό
3165 4442 3245 4486 τις
3265 4427 3338 4496 μὴ
3368 4427 3658 4478 κατακύπ-

368 4518 460 4571 ﬁat
480 4524 534 4572 et
563 4518 630 4571 ab
654 4517 719 4571 iis
748 4517 837 4588 qui
863 4519 1275 4588 perspicacitatc
1297 4528 1506 4584 carent,
1547 4519 1635 4574 vix
1657 4520 1946 4588 sentiatur.

439 4611 528 4666 51.
561 4611 681 4666 Mali
713 4622 892 4666 autem
932 4611 1047 4666 haec
1079 4622 1161 4666 est
1199 4627 1362 4666 causa
1393 4630 1406 4666 :
1449 4621 1594 4666 artes
1623 4621 1741 4685 post
1773 4613 1948 4668 homi-

370 4721 497 4758 num
529 4706 951 4761 civilisationem
1006 4708 1254 4760 inventas
1286 4706 1600 4761 necessario
1648 4705 1949 4777 diligimus,

367 4799 623 4866 quoniam
659 4798 777 4852 sine
813 4799 920 4852 illis
969 4799 1036 4853 de
1079 4799 1183 4851 vita
1242 4798 1707 4865 periclitaremur;
1767 4801 1952 4868 probis

371 4899 551 4942 autem
604 4889 853 4943 consiliis
905 4903 969 4943 ac
1023 4891 1182 4942 bonis
1237 4889 1443 4960 legibus
1504 4905 1710 4944 morem
1763 4903 1952 4960 gerere

375 4982 646 5043 nolumus,
686 4981 796 5034 imo
821 4989 1077 5048 tanquam
1105 4981 1340 5048 inutilia,
1363 4983 1450 5037 vel
1482 4984 1644 5036 etiam
1675 4981 1950 5052 superﬂua

376 5071 747 5140 dedignamur.
798 5070 939 5136 Quin
983 5085 1050 5124 eo
1101 5071 1343 5125 audaciae
1384 5073 1752 5140 procedimus,
1795 5084 1948 5127 utea

380 5163 453 5215 nil
493 5163 558 5216 ad
591 5161 791 5216 victum
826 5161 1010 5217 valere
1043 5175 1348 5231 augentur;
1382 5164 1726 5231 proverbium
1768 5174 1949 5219 autem

377 5254 522 5324 quod
545 5252 726 5322 potius
759 5253 1064 5321 portionem
1096 5267 1258 5322 quam
1291 5254 1639 5322 suspendium
1671 5272 1958 5313 commen-,
1985 5283 1988 5287 ι

377 5347 942 5412 dat,intcrvertentes,
965 5345 1140 5400 aliena
1162 5360 1264 5418 pro
1287 5347 1429 5400 bono
1452 5347 1731 5411 habemus,
1756 5365 1948 5418 panem

379 5438 726 5510 peregrinum
774 5446 1032 5506 tanquam
1083 5436 1377 5507 expetibile
1420 5439 1549 5504 quid
1595 5442 1952 5506 aestimamus,

378 5534 560 5585 vinum
607 5539 816 5600 raptum
870 5529 1270 5595 dulcissimum,
1306 5543 1502 5598 aquam
1562 5545 1593 5584 e
1645 5531 1790 5586 furto
1831 5549 1957 5603 pro-

379 5621 685 5676 venientem
739 5621 1144 5685 suavissimam,
1194 5627 1374 5674 vestes
1429 5620 1618 5684 rapina
1656 5623 1954 5693 acquisitas

382 5714 546 5768 veluti
581 5713 714 5770 lucis
738 5723 940 5781 ortum,
967 5713 1198 5783 proximi
1221 5713 1440 5769 domum
1465 5713 1618 5779 quasi
1646 5713 1956 5780 paradisum

2061 4542 2168 4577 των
2204 4526 2282 4586 είς
2326 4522 2490 4592 βάθος
2524 4521 2618 4574 τοῦ
2644 4522 2806 4575 νοεῖν.

2136 4614 2238 4669 να’.
2286 4615 2398 4668 Καὶ
2426 4617 2453 4667 ό
2500 4615 2658 4680 λόγος
2692 4612 2789 4663 τοῦ
2834 4612 3041 4671 πάθους
3077 4608 3323 4671 τοιοῦτός
3354 4627 3440 4672 τις
3477 4627 3490 4639 ·
3555 4614 3655 4672 τὰς

2069 4707 2167 4775 μὲν
2212 4703 2410 4774 τέχνας
2454 4703 2556 4763 τὰς
2598 4700 2826 4770 ὕστερον
2862 4698 3174 4768 εὑρημένας
3206 4700 3347 4766 μετὰ
3387 4701 3484 4765 τὴν
3531 4703 3658 4751 κατ’

2063 4796 2388 4865 ἀνθρώπους
2428 4793 2792 4863 ἐξημέρωσιν,
2848 4791 3154 4860 στέργομεν
3185 4790 3525 4857 ἀναγκαίως,
3569 4787 3659 4845 οἷα

2067 4888 2140 4959 μὴ
2166 4887 2283 4951 ἐξὸν
2311 4885 2393 4948 ὂν,
2424 4884 2525 4956 ζῇν
2553 4887 2779 4937 ἐκείνων
2799 4883 2946 4952 δίχα·
3001 4883 3271 4952 χρησταῖς
3325 4883 3383 4935 δὲ
3409 4883 3658 4950 συμϐου-

2063 4979 2207 5040 λίαις
2264 4977 2356 5030 καὶ
2413 4977 2664 5043 εὐνόμως
2721 4973 2974 5042 ἐννόμοις
3021 4970 3289 5041 ὀκνοῦμεν
3340 4973 3658 5037 πείθεσθαι,

2067 5070 2393 5138 περιέργους
2425 5065 2624 5128 αὐτὰς,
2659 5065 2773 5118 εἴτε
2807 5065 2901 5118 καὶ
2941 5063 3263 5134 παρέργους
3297 5066 3662 5130 γνωματευὸ-

2069 5181 2239 5233 μενοι.
2269 5163 2378 5214 Καί
2407 5179 2510 5214 που
2547 5160 2810 5230 ἐθέλομεν
2849 5159 3146 5211 ύπο).αλεῖν
3200 5158 3295 5211 καὶ
3353 5159 3538 5222 αὐτοὶ,
3582 5160 3661 5220 ὡς

2065 5257 2219 5310 ούδέν
2244 5272 2295 5308 τι
2349 5255 2513 5307 αὐταὶ
2574 5253 2712 5322 πρὸς
2759 5252 3014 5320 τᾶλφιτα·
3082 5255 3176 5305 καὶ
3209 5252 3340 5317 πνὶξ
3395 5253 3457 5305 οὑ
3497 5255 3662 5324 μερὶς

2069 5346 2426 5415 ἁναστρόφως
2467 5341 2990 5413 παροιμιαζόμενοι,
3030 5341 3193 5394 καλὸν
3216 5338 3363 5395 εἶναι
3404 5343 3472 5394 τὰ
3503 5343 3666 5396 ἀλλό-

2069 5455 2194 5506 τρια
2225 5434 2714 5506 γνωμολογοῦμεν,
2752 5435 2844 5487 καὶ
2867 5433 2956 5487 τὸν
2991 5435 3143 5501 ξένον
3191 5433 3361 5501 ἄρτον
3409 5437 3662 5505 ἀποφαι-

2071 5525 2272 5595 νόμεθα
2294 5525 2571 5594 νόστιμον,
2611 5527 2707 5577 καὶ
2740 5525 2830 5576 τὸν
2902 5524 3295 5593 ἁρπαγιμαῖον
3338 5519 3486 5577 οἶνον
3527 5527 3664 5592 γλυ-

2076 5620 2327 5679 κύτατον,
2361 5619 2455 5670 καὶ
2486 5616 2545 5668 τὸ
2574 5616 2673 5684 τῆς
2706 5616 2912 5684 κλοπῆς
2937 5615 3080 5682 ὕδωρ
3114 5613 3408 5684 ἡδύτατον,
3442 5617 3538 5666 καὶ
3561 5619 3663 5686 τὴν

2073 5710 2132 5775 ἐξ
2171 5711 2426 5785 ἁρπαγῆς
2456 5710 2666 5764 ἔνδυσιν
2695 5709 2871 5775 φωτὸς
2905 5706 3196 5774 ἀναῦολὴν,
3241 5708 3334 5761 καὶ
3389 5708 3660 5778 παράδει-
