3916 6244
321 257 429 321 335

320 464 541 521 inliteret
563 474 855 537 tantusque
874 465 1019 520 zelus
1036 465 1249 520 divinus
1268 479 1354 520 me
1369 465 1498 531 urit,
1515 473 1573 518 ιιι
1589 465 1643 519 in
1660 464 1798 516 votis
1816 478 1902 514 ar-

312 554 659 611 dentissimis
680 555 933 623 habeam,
957 565 1016 610 ut
1038 557 1105 609 ah
1122 555 1228 610 hoc
1245 556 1428 610 statim
1451 556 1536 609 die
1556 554 1765 608 zizania
1784 568 1903 622 per-

323 651 528 696 mutata
551 642 603 696 in
625 659 818 712 purum
842 642 1175 705 frumentum
1195 653 1538 704 excrescant.
1572 656 1639 697 ne
1663 655 1901 709 unquam

323 748 352 785 a
378 733 621 788 damone
658 735 993 801 cribrentur,
1019 742 1074 789 et
1101 744 1157 790 ut
1196 733 1384 802 spinae,
1421 734 1494 786 uti
1542 731 1653 786 Deo
1689 738 1899 802 gratum

320 825 771 890 est,extollautur
798 827 995 896 partim
1019 827 1073 881 in
1102 827 1318 890 cedros,
1345 827 1675 896 cyparissos,
1710 824 1893 892 pinus,

323 928 463 983 quas
524 915 619 969 Dei
671 916 869 971 domus
935 917 1191 995 expetit,
1247 915 1442 987 partim
1503 915 1781 983 erigantur
1841 912 1892 964 in

325 1007 459 1062 alias
494 1010 716 1063 arbores
747 1016 969 1063 edentes
1004 1009 1186 1076 fruges
1220 1024 1353 1077 quas
1391 1007 1535 1061 Deus
1569 1005 1762 1075 diligit.

1032 259 1461 323 EUSTATHII
1494 256 2265 321 THESSaLONICENSIS
2304 256 2865 319 METHOPOLITE

312 371 537 428 redibit.
558 371 867 443 Tantopere
886 382 1067 430 autem
1086 375 1412 430 desiderium
1441 373 1590 428 istud
1613 374 1761 426 cordi
1785 387 1902 426 meo

2028 373 2141 440 tﬂ
2191 369 2377 440 ἐκείνη
2416 372 2678 440 εὐφορίαν
2737 372 3105 437 ἀποκατέστη.

3466 254 3570 317 336

3180 366 3270 430 Ἐς
3313 368 3572 422 τοσοῦτον

2000 461 2059 515 δέ
2099 479 2188 532 μοι
2210 461 2279 515 τὰ
2299 462 2398 530 τῆς
2425 463 2683 527 τοιαύτης
2714 462 2954 531 ἐφέσεως
2980 460 3258 529 ἐντέτηκε,
3286 460 3388 514 καὶ
3421 461 3449 512 6
3477 459 3572 513 τοῦ

2000 552 2135 608 Θεοῦ
2165 552 2324 619 ζῆλος
2356 554 2643 607 ὐπεκκαίει
2677 569 2766 622 με,
2792 552 2933 606 ὥστε
2965 552 3034 606 δι’
3066 552 3232 623 εὐχῆς
3265 548 3406 606 εἶναί
3459 572 3571 623 μοι,

2004 636 2326 708 αὐτομάτως
2357 645 2465 697 ἀπ),
2526 645 2623 714 τῆς
2666 644 2908 713 σήμερον
2968 644 3065 697 καὶ
3104 646 3176 696 τε
3234 643 3452 708 ζιζάνια
3492 645 3574 704 είς

2004 735 2243 805 καθαρδν
2268 740 2412 789 σῖτον
2463 735 2805 805 ἀναθηλῆσαι
2864 735 3329 805 μεταμειφοέντα,
3386 737 3462 797 ὡς
3499 738 3575 807 μὴ

2003 826 2068 879 ἂν
2105 826 2183 895 τῷ
2208 827 2422 896 δαίμονι
2459 827 2766 895 σινιαθῆναί
2794 842 2922 880 ποτε
2952 826 3048 879 τοῦ
3091 826 3304 893 λοιποῦ,
3348 828 3439 881 καὶ
3477 828 3579 889 τὰς

2002 918 2241 982 ἀκάνθας
2272 919 2329 973 δὲ
2355 919 2619 988 ἀναϐῆναι
2651 918 2936 987 θεοφιλῶς,
2961 922 3058 980 τὰς
3088 920 3187 987 μὲν
3219 920 3576 988 nep-semet-

1996 1025 2092 1069 σας
2116 1012 2194 1072 είς
2229 1010 2451 1078 κέδρους
2467 1013 2562 1063 καὶ
2594 1011 2971 1082 κυπαρίσσους
2988 1013 3083 1064 καὶ
3096 1011 3327 1072 πεύκας,
3346 1008 3420 1065 ὧν
3440 1014 3467 1063 6
3482 1011 3576 1063 τίιῦ

318 1098 458 1151 Θεοῦ
476 1094 621 1161 οἶκος
645 1098 874 1167 ἐφίεται,
896 1099 991 1162 τὰς
1009 1101 1065 1152 δὲ
1082 1098 1502 1169 ἀναδραμούσας
1525 1098 1603 1162 εἰς
1635 1097 1850 1162 ἑτεροῖα
1870 1093 2065 1167 δένδρα
2080 1101 2302 1170 εὐαυξῆ,
2322 1102 2779 1171 καρποφοροῦντα
2803 1103 3034 1171 τροφὴν,
3064 1103 3125 1172 ἣν
3140 1103 3329 1173 ἀγαπᾷ
3356 1104 3384 1153 6
3416 1102 3574 1162 Θεός.

400 1190 487 1245 55.
525 1192 582 1244 Si
608 1201 785 1244 autem
816 1193 928 1245 haec
957 1193 1162 1256 dicens,
1187 1208 1219 1248 ο
1246 1192 1466 1257 fratres,
1499 1201 1549 1245 et
1588 1190 1889 1244 amicorum

324 1281 547 1336 vulnera
579 1283 894 1347 ostendens,
948 1284 1129 1353 gravis
1184 1300 1249 1339 ac
1299 1299 1524 1341 severus
1558 1283 1742 1337 videor
1790 1280 1894 1334 illis

332 1374 424 1443 qui
493 1374 631 1428 forte
700 1375 910 1442 pudore
977 1375 1384 1443 suﬂ‘unduntur,
1435 1373 1894 1446 quemadmodum

329 1465 471 1533 quis,
535 1465 626 1532 qui
688 1480 812 1519 cum
860 1468 1139 1535 speciosus
1181 1482 1286 1522 non
1342 1465 1436 1532 sit,
1485 1477 1667 1521 tamen
1727 1463 1896 1518 videri

335 1554 459 1608 talis
493 1555 643 1619 velit,
682 1556 959 1611 invehitur
991 1559 1042 1610 iu
1079 1573 1203 1612 eum
1235 1558 1326 1627 qui
1379 1556 1479 1627 ipsi
1523 1556 1741 1621 dixerit,
1782 1555 1893 1607 for-

336 1659 480 1698 mam
512 1646 817 1715 speciosam
850 1662 1012 1716 quam
1053 1648 1155 1702 sibi
1198 1648 1467 1713 attribuit,
1500 1662 1621 1701 esse
1665 1645 1896 1700 ementi-

2070 1198 2163 1245 va'.
2200 1195 2262 1247 Ei
2290 1193 2346 1246 δὲ
2384 1195 2557 1247 ταῦτα
2586 1195 2795 1262 λέγων,
2822 1195 2916 1249 καὶ
2944 1194 3103 1262 γοῦν,
3137 1188 3182 1247 ὧ
3224 1194 3442 1261 ἀδελφοὶ
3479 1195 3578 1246 καὶ

2001 1283 2369 1353 παραδεικνύς
2393 1285 2581 1353 φιλικά
2603 1286 2917 1355 τραύματα,
2945 1285 3115 1355 βαρὺς
3133 1285 3276 1338 δοκῶ
3296 1288 3407 1348 τοῖς
3443 1284 3577 1347 ἴσως

2005 1375 2415 1444 αἰσχυνομένοις
2438 1416 2452 1437 ,
2489 1375 2632 1429 καθὰ
2663 1377 2758 1429 καὶ
2786 1376 2841 1429 εί
2868 1393 2952 1438 τις
2986 1376 3063 1446 μὴ
3091 1374 3171 1427 ὢν
3196 1375 3413 1445 ὡραῖος,
3452 1376 3576 1428 ἑθέ-

2003 1461 2110 1516 λιυν
2136 1448 2191 1517 δὲ
2208 1463 2448 1527 τοιοῦτος
2469 1464 2666 1530 δοκεῖν,
2687 1465 3064 1519 κατατείνεται
3081 1465 3176 1519 τοῦ
3199 1465 3582 1519 ἀναδιδάσκον-

2003 1572 2093 1618 τος
2140 1557 2344 1608 ἐκεῖνον
2366 1595 2381 1617 ,
2416 1555 2492 1618 ὡς
2519 1555 2771 1626 ψεύδεται
2806 1556 2903 1626 τὴν
2939 1556 3266 1625 εὐμορφίαν,
3297 1558 3364 1627 ἢν
3401 1555 3584 1626 ἑαυτῷ

2005 1645 2301 1716 ἐπιγράφει
2351 1676 2420 1688 -
2465 1646 2580 1700 ἀλλ’
2618 1645 2731 1714 ἐγὼ
2775 1646 3104 1716 πληροφορῶ
3157 1645 3252 1700 καὶ
3294 1645 3417 1715 ἄρτι
3455 1648 3583 1708 τούς

335 1722 467 1803 tam,
516 1747 569 1791 at
601 1753 700 1808 ego
734 1740 1071 1795 auditoribus
1099 1756 1415 1809 persuasum
1447 1754 1569 1795 esse
1603 1740 1781 1807 copio,
1813 1752 1898 1792 me

2028 1734 2316 1799 ικούοντας,
2366 1736 2448 1789 ὅτι
2495 1735 2815 1789 κολακεύειν
2865 1736 3043 1801 ὀκνῶ,
3079 1735 3178 1788 καὶ
3229 1735 3330 1789 οὐκ
3368 1736 3476 1805 ἔχω
3522 1735 3584 1790 εὖ

335 1828 542 1881 adulari
577 1830 791 1885 nescire
819 1840 913 1885 aut
940 1832 1121 1886 omnia
1148 1831 1630 1885 indiscriminatim
1654 1828 1902 1882 laudibus

336 1916 534 1971 eﬂ‘crre
565 1926 729 1987 atque
773 1919 852 1974 sic
894 1920 1071 1990 palam
1107 1921 1351 1975 mentiri.
1389 1921 1546 1977 Unus
1580 1920 1725 1974 enim
1759 1917 1902 1971 Deus

336 2011 561 2065 omnino
595 2026 658 2067 ac
691 2027 907 2083 semper
929 2021 983 2068 et
1023 2014 1219 2082 ubique
1242 2013 1494 2068 laudibus
1521 2012 1899 2073 celebrandus,

330 2101 689 2177 juSIissimus,
736 2104 994 2172 optimus,
1042 2104 1443 2165 sanctissimus,
1500 2102 1552 2155 in
1598 2116 1706 2170 quo
1757 2098 1901 2153 nulla

335 2193 475 2248 inest
511 2194 796 2262 iniustitia,
832 2210 862 2249 ε
899 2209 1006 2263 quo
1043 2196 1193 2251 fraus
1231 2205 1287 2250 et
1337 2194 1542 2248 malitia
1574 2204 1906 2261 quaecunque

336 2283 549 2338 exsulat
599 2303 615 2340 :
669 2286 833 2340 homo
880 2296 1081 2350 autem,
1122 2288 1431 2356 quicunque
1465 2285 1680 2338 deruunt
1730 2284 1799 2336 sit
1853 2289 1908 2334 et

338 2384 818 2446 quantamcumque
871 2377 1113 2446 attigerit
1157 2387 1418 2439 aetatem,
1477 2375 1675 2429 lrustra
1730 2371 1908 2426 studet

339 2471 395 2518 et
441 2466 696 2535 opinatur
755 2477 811 2523 et
871 2468 1082 2523 laborat
1129 2479 1187 2522 ut
1230 2468 1285 2523 in
1327 2469 1582 2522 ornnihus
1634 2466 1791 2519 laudc
1839 2464 1909 2516 sit

337 2557 551 2625 dignus.
585 2557 845 2624 Quamvis
880 2560 1024 2614 enim
1071 2556 1299 2630 plurima
1345 2558 1533 2614 fecerit
1586 2560 1638 2613 in
1688 2558 1909 2619 umndo,

342 2660 448 2702 non
487 2657 672 2703 tamen
712 2651 794 2704 eo'
824 2652 1122 2720 perveniet,
1159 2662 1217 2704 ut
1246 2652 1423 2705 omnis
1466 2651 1635 2721 culpae
1666 2666 1729 2705 ac
1769 2649 1905 2702 vitu-

344 2738 484 2807 perii
515 2754 712 2810 expers
749 2744 819 2797 sit
850 2745 903 2798 in
937 2745 1041 2811 via,
1077 2746 1170 2799 sed
1211 2744 1382 2799 solum
1413 2746 1481 2799 ob
1499 2761 1584 2811 ea,
1621 2760 1740 2815 quae
1772 2744 1909 2798 bene

344 2832 556 2902 peragit
588 2841 644 2889 et
690 2844 961 2904 quatenus
1003 2851 1226 2908 scopum
1279 2838 1618 2907 [impositum
1666 2836 1906 2906 attingit,

336 2923 464 2992 iure
493 2925 796 2997 meritoque
829 2929 1102 2984 laudatur.

412 3016 503 3070 56.
535 3017 711 3088 Atque
757 3021 875 3075 htec
916 3030 1000 3076 est
1045 3037 1223 3076 arente
1272 3023 1380 3089 lex,
1434 3038 1539 3092 qua
1588 3022 1800 3077 athletae
1853 3037 1929 3075 ae;

340 3107 559 3175 pugiles
611 3111 680 3165 ad
728 3110 1101 3168 fortitudinem
1157 3114 1600 3180 exstimulantur,
1649 3126 1706 3169 ut
1760 3117 1918 3171 modo

344 3199 620 3268 laudibus,
673 3204 1177 3272 acclamationibus,
1234 3207 1698 3271 felicitationihus,
1751 3212 1915 3264 modo

343 3293 585 3362 praemiis
631 3295 987 3351 adornentur.
1058 3296 1164 3353 Sed
1221 3299 1287 3353 ab
1346 3300 1412 3353 iis
1466 3300 1554 3368 qui
1609 3302 1914 3355 animarum

345 3396 535 3440 curam
581 3395 798 3457 gerunt,
852 3389 1121 3444 interdum
1175 3406 1242 3445 ne
1272 3391 1361 3446 ille
1405 3393 1621 3462 quidem
1650 3392 1742 3463 qui
1783 3393 1920 3447 bene

343 3474 582 3533 luctatus
613 3485 718 3543 est,
744 3478 1011 3535 laudatur.
1042 3481 1286 3536 Metuunt
1338 3483 1613 3548 nimirum,
1647 3500 1714 3539 ne
1753 3483 1917 3539 disci-

344 3569 456 3636 puli
490 3579 896 3642 sectatoresque
928 3572 1141 3628 virtutis
1185 3589 1280 3642 per
1323 3590 1606 3631 assensum
1646 3590 1709 3630 ac
1738 3587 1922 3645 gratu-

346 3661 603 3718 lationem
658 3665 724 3719 ad
780 3664 981 3720 fastum
1034 3681 1336 3737 vanamque
1368 3655 1692 3737 superbiam
1754 3667 1923 3736 prori-

347 3754 587 3824 piantur,
638 3755 867 3825 ideoque
922 3759 1227 3831 vituperant
1275 3771 1601 3832 pugnatores
1650 3769 1922 3827 strenuos,

348 3862 489 3916 quos
532 3855 713 3905 tamen
753 3850 1018 3921 ejusmodi
1073 3860 1472 3922 prmceptorum
1529 3852 1799 3923 vituperia
1854 3850 1919 3905 ad

351 3942 544 3999 melius
583 3942 809 4000 incitant
839 3952 891 3999 ct
918 3944 1064 4004 velut
1102 3944 1307 4000 stimuli
1334 3945 1551 4001 virtutis
1591 3945 1743 4000 fiunt.

427 4122 516 4175 57.
557 4120 648 4178 Sic
682 4131 862 4177 autem
904 4123 993 4191 qui
1040 4124 1090 4176 iu
1129 4132 1375 4194 tempore
1424 4123 1678 4178 virtutem
1709 4123 1926 4179 aemula-

355 4224 464 4280 tur,
493 4213 653 4270 laude
678 4215 873 4285 dignus
905 4216 1030 4271 erit.
1055 4215 1158 4273 Ubi
1195 4232 1343 4280 vero,
1370 4231 1481 4286 prae
1518 4215 1686 4270 nimio
1712 4216 1928 4283 ardore,

355 4304 496 4358 ultra
532 4318 754 4374 scopum
788 4315 1096 4376 proreptus.
1129 4315 1221 4361 aut
1250 4305 1417 4361 nituia
1441 4305 1658 4377 pigritia
1686 4315 1929 4361 retentus

360 4398 692 4467 peccaverit,
750 4408 880 4454 tunc
942 4414 1128 4454 revera
1183 4399 1328 4454 nulla
1380 4400 1570 4469 dignus
1617 4400 1930 4455 censebitur
1961 4420 2005 4476 υ

362 4488 543 4557 laude,
588 4488 684 4545 sed
716 4490 897 4561 potius
938 4491 1102 4546 verba
1156 4492 1338 4545 audiet
1384 4507 1523 4561 quae,
1575 4502 1633 4544 ut
1681 4509 1784 4545 non
1820 4491 1929 4546 sint

361 4582 525 4637 nimis
571 4583 717 4638 acria
768 4593 822 4639 et
875 4584 1237 4650 amarulenta,
1292 4592 1469 4638 tamen
1522 4584 1712 4654 judicii
1750 4586 1926 4651 melle,

360 4675 438 4727 uti
474 4674 651 4739 decet,
690 4684 1048 4744 attemperata
1077 4686 1225 4741 sunt,
1278 4676 1321 4730 si
1364 4676 1616 4730 nimirum
1655 4688 1930 4744 peccatum

360 4765 469 4819 tale
499 4764 571 4818 sit
602 4773 661 4819 ut
693 4780 820 4830 non,
853 4765 1291 4835 s‘upplantatione
1338 4766 1560 4833 diaboli,
1596 4767 1748 4837 lapso
1794 4767 1933 4822 intc-

364 4855 524 4908 ritum
567 4870 630 4908 ac
668 4865 900 4909 mortem
930 4858 1307 4914 eonnninetur.
1349 4857 1575 4926 Quando
1615 4868 1794 4913 autem
1830 4874 1933 4912 non

368 4947 734 5009 mediocriter.
781 4958 838 5000 ut
889 4948 963 5001 ita
997 4947 1196 5014 dicam,
1252 4950 1353 5004 sed
1397 4950 1697 5019 capitaliter
1748 4966 1938 5019 pecca-

369 5038 507 5094 verit
542 5049 597 5093 et
645 5040 1009 5109 transgressio
1060 5042 1141 5095 vis
1191 5044 1393 5097 remitti
1445 5058 1605 5111 posse
1656 5044 1935 5105 videatur,

369 5145 499 5185 tttuc
537 5140 792 5200 peccator
843 5132 1131 5202 vitupcriis
1175 5120 1224 5188 et
1263 5134 1722 5203 increpationibus
1775 5135 1940 5189 caSIi-

373 5223 613 5290 gabitur,
646 5231 722 5286 et,
772 5224 817 5277 si
869 5225 1027 5280 modo
1059 5236 1295 5281 mentem
1351 5242 1536 5282 sanam
1577 5226 1790 5289 habeat,
1828 5226 1945 5280 vul-

375 5313 519 5368 neris
533 5314 868 5370 curationem
891 5330 991 5386 per
1008 5319 1402 5389 correctionem
1421 5321 1565 5374 velut
1587 5335 1682 5389 per
1704 5333 1940 5372 amaram

375 5405 611 5460 radicem
651 5404 899 5462 lubenter
939 5384 1208 5465 admittet.
1254 5411 1310 5465 Si
1360 5411 1505 5465 enim
1542 5425 1647 5465 non
1701 5411 1770 5464 ita
1822 5424 1945 5463 sen-

375 5499 529 5564 serit,
564 5497 658 5554 sed
698 5500 875 5567 potius
901 5500 1245 5569 spiritualem
1283 5502 1609 5557 medicinam
1643 5502 1781 5571 aegre
1811 5499 1949 5554 ferre

380 5597 541 5659 atque
564 5591 803 5647 aversari
831 5592 1101 5659 videatur,
1157 5593 1296 5648 male
1324 5594 1526 5657 audiet,
1558 5594 1632 5647 nil
1662 5608 1949 5647 comutuuc

384 5680 586 5737 habens
622 5696 742 5737 cum
774 5682 1092 5743 hominibus
1125 5684 1281 5739 laude
1321 5683 1521 5751 dignis,
1553 5692 1605 5739 et
1640 5694 1757 5750 post
1788 5684 1949 5738 tt‘uilu

2010 1827 2192 1894 λέγειν
2229 1826 2447 1881 ἅπαντα
2496 1829 2576 1890 εἰς
2624 1827 2957 1898 ἀδιάκριτον,
3006 1828 3101 1882 καὶ
3135 1826 3280 1880 οὕτω
3329 1828 3586 1897 φανερῶς

2012 1919 2325 1988 ψεύδεσθαι.
2370 1916 2463 1985 Εἷς
2493 1922 2601 1992 γὰρ
2636 1922 2729 1974 καὶ
2766 1922 2925 1990 μόνος
2956 1920 3246 1990 εὐλογητὸς
3276 1921 3452 1991 πάντη
3489 1923 3587 1975 καὶ

2017 2011 2235 2072 πάντως
2279 2012 2372 2065 καὶ
2412 2012 2643 2065 πάντοτε
2690 2014 2717 2063 6
2743 2013 2893 2075 Θεὸς,
2927 2012 2986 2075 ὃς
3017 2011 3117 2065 οὐκ
3148 2008 3255 2065 οἶδε
3312 2013 3588 2083 ἁμαρτίαν

2019 2105 2214 2166 ποιεῖν,
2244 2104 2274 2155 6
2302 2104 2661 2166 δικαιότατος,
2686 2104 2714 2155 6
2749 2103 3083 2171 πανάγαθος,
3119 2104 3147 2155 6
3170 2103 3491 2171 ἀγιὼτατος,
3528 2106 3589 2157 ὲν

2017 2189 2062 2261 ᾧ
2095 2196 2195 2248 οὐκ
2229 2194 2375 2248 ἔστιν
2422 2195 2625 2257 ἀδικία,
2671 2188 2729 2248 οὗ
2760 2196 2869 2257 πᾶς
2897 2195 3043 2257 δόλος
3080 2195 3174 2246 καὶ
3226 2195 3397 2248 κακὸν
3440 2194 3589 2248 ἆπαν

2018 2285 2314 2356 ἐξώρισται
2336 2302 2348 2317 ·
2396 2284 2680 2354 ἄνθρωπος
2709 2285 2764 2338 δὲ
2787 2324 2803 2349 ,
2833 2285 3013 2348 ὁποῖος
3042 2282 3110 2337 ἂν
3136 2285 3341 2347 ἐκεῖνος
3375 2283 3469 2337 καὶ
3501 2285 3592 2353 εἴη

2021 2379 2117 2432 καὶ
2157 2377 2351 2438 ὁπόσος
2382 2375 2472 2430 τὸν
2498 2376 2597 2446 τῆς
2627 2377 2770 2447 ζωῆς
2804 2377 3029 2447 χρόνον,
3066 2377 3244 2446 μάτην
3276 2376 3370 2430 καλ⁸
3415 2375 3594 2430 ἐθέλει

2022 2470 2119 2522 καὶ
2143 2467 2312 2522 οίεται
2337 2468 2426 2522 καὶ
2454 2468 2926 2537 πραγματεύεται,
2953 2468 3138 2530 ἁπλῶς
3167 2467 3338 2531 οὕτως
3366 2468 3596 2537 εὐλογηρ

2025 2560 2117 2622 τος
2155 2554 2291 2612 εἶναι
2324 2559 2518 2613 διόλου.
2552 2559 2727 2612 Πολλὰ
2764 2560 2872 2628 γάρ
2905 2558 3145 2629 ἐνεργῶν
3179 2559 3319 2612 κατὰ
3352 2558 3593 2628 κόσμον,

2023 2650 2125 2703 οὐκ
2154 2649 2219 2703 ἂν
2257 2649 2523 2720 ἐξανύσῃ,
2558 2650 2645 2703 διὰ
2684 2650 2899 2706 πάντων
2927 2651 3184 2722 ἔρχεσθαι
3207 2650 3596 2720 ἀλογοπράγη-

2022 2757 2113 2802 τος
2143 2742 2236 2796 καὶ
2259 2740 2556 2811 ἀμώμητος
2587 2743 2646 2794 ὲν
2667 2741 2771 2813 ὁδῷ
2792 2756 2807 2772 ⁸
2837 2742 3045 2813 διόπερ,
3073 2744 3157 2812 ἐφ’
3185 2738 3265 2806 οἷς
3286 2741 3386 2813 μὲν
3408 2742 3595 2795 εὐστο-

2025 2833 2112 2900 χεῖ
2169 2831 2264 2884 καὶ
2317 2831 2490 2903 ὀρθῶς
2547 2831 2729 2902 βάλλει
2783 2833 2925 2887 κατὰ
2997 2832 3236 2898 σκοποῦ,
3288 2831 3596 2902 εὐλογεῖται

2026 2923 2268 2984 πάντως.

2096 3011 2212 3077 νς’.
2248 3014 2358 3067 Καὶ
2396 3012 2509 3067 ἔστι
2548 3014 2705 3066 τοῦτο
2739 3014 3056 3079 ἀλειπτικὸς
3089 3017 3275 3086 νόμος,
3311 3017 3376 3070 δι’
3405 3011 3468 3072 οὗ
3502 3020 3600 3073 καὶ

2022 3106 2070 3159 οἱ
2101 3105 2451 3168 ἀεθλεύοντες
2481 3105 2575 3159 καλ⁵
2608 3106 2657 3157 οί
2690 3105 3066 3175 ἀριστεύοντες
3097 3106 3494 3176 προσαύξονται
3518 3110 3597 3173 εἰς

2023 3198 2382 3267 κραταίωσιν,
2410 3197 2459 3249 oi
2490 3198 2588 3266 μὲν
2620 3195 2866 3260 ἐπαίνοις
2894 3200 2986 3251 καὶ
3012 3196 3285 3265 εὐλογίαις
3301 3199 3392 3251 καὶ
3422 3200 3603 3265 ἐγκω-

2030 3290 2194 3359 μίοις,
2218 3291 2267 3343 οί
2293 3291 2347 3343 δὲ
2373 3292 2464 3344 καὶ
2491 3288 2681 3361 δώροις
2714 3289 3158 3358 ὐπαλειφόμενοι.
3188 3291 3297 3344 Καὶ
3317 3290 3425 3361 μὴν
3448 3291 3599 3344 ἔστιν

2026 3381 2114 3435 ὅτε
2144 3380 2263 3433 οὐδὲ
2296 3383 2324 3435 6
2353 3381 2710 3452 ἀγαθουργῶν
2748 3380 3055 3448 εὐλογεῖται
3093 3382 3241 3451 παρά
3274 3398 3338 3448 γε
3368 3383 3479 3445 τοῖς
3520 3382 3600 3435 ol-

2030 3469 2323 3539 κονομοῦσι
2359 3470 2424 3523 τὰ
2452 3470 2679 3540 ψυχικά.
2715 3471 2777 3523 Ol
2809 3469 2862 3523 δὲ
2893 3470 3144 3534 δεδιότες,
3180 3470 3256 3543 μὴ
3281 3472 3393 3533 τοῖς
3419 3471 3599 3539 μαθη-

2030 3564 2346 3633 τευομένοις
2367 3565 2458 3616 καὶ
2482 3563 2861 3634 ἀλειφομένοις
2881 3563 2957 3626 είς
2986 3562 3184 3632 ἀρετὴν
3210 3564 3241 3633 ὴ
3261 3563 3484 3631 εὐλογία
3505 3564 3600 3616 καὶ

2032 3675 2064 3726 χ
2071 3655 2396 3727 ρηστολογία
2416 3657 2497 3719 είς
2514 3655 2683 3724 τῦφον
2706 3654 3111 3724 ἀποτελευτήσῃ
3135 3653 3396 3719 καὶδόξαν
3412 3653 3598 3722 κενὴν,

2032 3746 2377 3818 δυσφημοῦσι
2406 3748 2533 3809 τούς
2575 3745 2811 3815 ἀγαθοὺς
2857 3745 3087 3816 μύστας,
3113 3739 3194 3807 οἷς
3222 3745 3316 3798 καὶ
3357 3743 3598 3810 γίνονται

2030 3835 2079 3888 οἱ
2110 3835 2340 3887 τοιοῦτοι
2364 3833 2731 3888 διδασκαλικοὶ
2754 3833 3047 3903 ὀνειδισμοὶ
3071 3832 3349 3904 ὲρεϐισμοὶ
3373 3833 3509 3903 πρὸς
3534 3834 3599 3885 τά

2034 3926 2342 3996 κρείττονα,
2369 3925 2464 3980 καὶ
2491 3925 2565 3988 ὡς
2593 3918 2680 3978 οἷα
2707 3924 2966 3994 μάστιγες
2995 3925 3072 3988 εἰς
3104 3924 3370 3996 ἐργασίαν
3389 3922 3600 3994 ἀγαυὴν

2035 4018 2488 4088 ἐπισπέρχουσαι.

2107 4108 2205 4175 νζ.
2258 4108 2398 4162 Ἀλλ’
2433 4108 2575 4162 οὕτω
2607 4107 2705 4177 μὲν
2738 4104 3038 4175 εὐλογεῖται
3067 4123 3149 4168 τις
3177 4105 3235 4158 ὲν
3258 4104 3433 4176 καιρῷ
3463 4107 3603 4171 ἀγαο

2037 4199 2354 4271 θοπραγῶν.
2376 4201 2505 4254 Ὅτε
2528 4199 2582 4252 δέ
2608 4215 2709 4252 που
2731 4198 2765 4269 ἢ
2792 4195 3135 4269 ὑπερϐαλὼν,
3160 4196 3233 4260 ὡς
3256 4195 3605 4266 διεκδραμεῖν

2037 4294 2131 4348 τὸν
2163 4293 2398 4357 σκοπὸν,
2436 4292 2469 4362 ἢ
2499 4289 2744 4360 ὲλλείψας
2780 4289 3016 4367 ἁμάρτοι
3037 4328 3053 4355 ,
3079 4289 3198 4341 τότε
3229 4287 3284 4340 δὲ
3318 4287 3605 4359 εὐλογητὸς

2039 4386 2139 4457 μὲν
2166 4387 2265 4439 οὐκ
2301 4384 2365 4439 ἂν
2398 4383 2548 4438 ἔσται
2579 4381 2712 4452 πρὸς
2762 4380 2931 4452 αὐτὴν
2972 4380 3256 4450 ἀλήθειαν,
3291 4379 3514 4433 ἀκούσει
3551 4379 3606 4433 δέ

2035 4479 2197 4534 ποθεν
2228 4477 2437 4543 λαλιὰς,
2470 4477 2518 4528 εί
2546 4479 2642 4531 καὶ
2671 4474 2746 4545 μὴ
2773 4474 2912 4527 πάνυ
2945 4491 2998 4526 τι
3035 4474 3231 4543 πικρὰς
3260 4473 3353 4525 καὶ
3383 4472 3458 4535 ὡς
3497 4467 3608 4527 οἷον
3710 4522 3720 4530 .

2032 4570 2406 4641 ἀψινθιώδεις,
2439 4567 2572 4620 ἀλλά
2606 4565 2736 4634 γοῦν
2764 4564 3024 4626 ἐπιεικῶς
3055 4564 3399 4635 κεκραμένας
3431 4565 3608 4634 μέλιτι

2034 4663 2381 4733 διακρίσεως,
2414 4662 2501 4715 ὅτε
2540 4659 2740 4729 δηλαδὴ
2768 4658 2828 4712 τὸ
2855 4658 3190 4727 πρόσκομμα
3220 4657 3278 4709 οὐ
3311 4656 3611 4726 συντριϐὴν

2037 4755 2253 4810 ἀπειλεῖ
2279 4754 2355 4821 τῷ
2383 4752 2766 4814 καταπεσόντι,
2794 4749 2869 4813 ὡς
2909 4749 2985 4811 είς
3019 4747 3248 4800 θάνατον
3270 4790 3283 4809 ,
3325 4746 3611 4816 σκελισμῷ

2037 4846 2321 4915 δαίμονος·
2355 4842 2451 4907 ὡς,
2482 4842 2537 4895 εῖ
2560 4857 2621 4910 γε
2647 4842 2707 4892 οὐ
2741 4838 2955 4909 μέτρια,
2986 4841 3060 4901 ὼς
3087 4838 3257 4899 οὓτως
3286 4838 3481 4899 ein-si),
3520 4856 3615 4890 κα-

2040 4938 2406 5007 κοπραγήσει,
2426 4933 2561 4988 ἀλλά
2590 4931 2893 5001 κατάκρας,
2927 4931 3018 4984 κοιλ⁵
3048 4928 3294 4999 φανεῖται
3319 4930 3617 5000 ἀπαραμύ·

2042 5029 2200 5099 Οητος
2224 5030 2255 5098 ἡ
2287 5024 2614 5095 ὑπερϐασία,
2637 5022 2938 5094 τηνικαῦτα
2963 5022 3057 5075 καὶ
3079 5021 3351 5090 σκώψεται
3376 5021 3403 5071 6
3427 5023 3616 5073 ἐπται·

2044 5126 2175 5187 κὼς,
2205 5123 2296 5175 καὶ
2322 5118 2729 5187 ἑπιτιμήσεται,
2756 5116 2849 5169 καὶ
2875 5114 3173 5184 Θεραπείαν
3191 5113 3505 5182 τραύματος
3534 5111 3620 5164 διὰ

2049 5216 2417 5288 παραινέσεως
2450 5214 2609 5266 ὁποῖα
2627 5210 2718 5264 καὶ
2750 5210 2950 5279 πικρᾶς
2973 5224 3116 5269 τινος
3146 5206 3304 5277 ῥίζης
3325 5203 3620 5273 δεξάμενος

2030 5302 2248 5378 ’ἱλαρῶς
2280 5305 2636 5376 προσήσεται,
2674 5301 2832 5369 εἴπερ
2864 5299 3053 5367 φρονεῖ
3083 5294 3333 5355 ἐντελῶς.
3363 5294 3455 5362 Μὴ
3490 5310 3623 5362 φρο-

2050 5401 2154 5455 νῶν
2180 5400 2288 5468 γὰρ
2311 5397 2501 5459 οὕτως,
2527 5394 2659 5447 ἀλλὰ.
2681 5392 2920 5461 ἐκφήνας
2938 5386 3354 5455 δυσανασχετεῖν
3377 5385 3470 5439 καὶ
3489 5386 3625 5436 ἀπο-

2053 5493 2339 5548 δυσπετεῖν
2364 5488 2499 5559 πρὸς
2522 5487 2618 5558 τὴν
2645 5487 2784 5541 κατά
2809 5482 3025 5551 πνεῦμα
3052 5479 3317 5549 ἰατρείαν,
3352 5478 3535 5537 κακῶς
3566 5495 3622 5530 τε

2055 5584 2350 5640 ἀκούσεται
2389 5579 2721 5640 ἀπεναντίας
2764 5578 2874 5637 τοῖς
2915 5573 3227 5641 εὐλογητοῖς
3278 5567 3621 5640 ἀνθρώποις,

2059 5676 2150 5732 καὶ
2186 5671 2324 5745 μετᾶ
2359 5669 2528 5725 πολλὰ
2566 5670 2632 5724 τὰ
2672 5671 2728 5725 ὲν
2767 5667 2942 5740 μέσῳ,
2983 5665 3076 5720 καὶ
3112 5661 3227 5716 οὐδὲ
3276 5659 3423 5732 αὐτῷ
3458 5658 3622 5731 φίλα,
