3916 6244
298 399 402 466 εει

910 405 1010 466 DE
1049 404 1529 467 OBEDIENTIA
1571 404 2111 471 MAGISTRATUI
2157 410 2643 474 CII‘RISTIANO
2682 412 2987 476 DEBlTA.

3480 416 3585 479 312

295 510 597 584 ποίςγμασι
628 513 851 577 πάντως
874 513 1174 587 ὠφελίμοις
1197 514 1620 585 ύποτασσόμεθα
1636 533 1652 547 ·
1679 517 1712 586 ἡ
1744 516 1800 570 δὲ
1824 517 1870 570 οξ

1993 523 2225 575 omnino
2274 522 2435 578 utiles
2492 521 2623 577 viris
2679 522 2788 578 Deo
2817 523 3058 593 acceptis
3092 536 3189 577 nos
3220 521 3581 594 subiicimus;

291 610 547 681 τοιαύτη,
582 607 935 681 θεωρουμένη
966 608 1129 680 αὑτὴ,
1159 609 1247 662 ὅτε
1272 612 1554 680 φορτικοῖς
1577 607 1890 678 ἀνθρώποις

290 706 624 775 ὑπείχομεν,
652 704 753 758 οὑκ
783 701 1157 767 εύπαιδεύτως
1187 700 1521 771 τυπούμενοι
1550 701 1689 772 πρὸς
1717 700 1891 756 τοιοῦ-

288 817 388 854 τον
431 798 639 870 φαῦλον
674 796 1085 868 παράδειγμα),
1122 793 1321 863 διπλῆν
1357 790 1499 848 εἶναι
1547 794 1764 865 ἀνάγκη
1797 795 1888 847 καὶ

290 893 397 965 τὴν
412 892 484 960 ’ἐξ
513 893 717 964 ἀμφοῖν
743 889 939 946 πειθώ.

365 1073 459 1137 Es’.
492 1068 867 1140 Πεπεισμένοι
916 1067 1019 1137 μὲν
1066 1064 1176 1136 γάρ
1228 1065 1453 1134 ἀγαθοῖς
1505 1065 1883 1132 διδασκάλοις,

292 1162 502 1231 ἀγαθὸν
539 1164 747 1229 πεῖσμα
778 1160 1062 1231 πάσχομεν
1087 1176 1101 1191 ·
1136 1160 1211 1229 μὴ
1236 1158 1503 1222 τοιούτοις
1544 1158 1602 1211 δὲ
1634 1158 1887 1211 ὑπείκονυ

290 1272 410 1316 τες,
439 1255 702 1322 πείσματι
726 1251 911 1322 ἀζήλῳ
934 1251 1013 1321 τῷ
1043 1249 1276 1317 ἐκεῖθεν,
1310 1251 1431 1303 ὅποι
1456 1249 1534 1319 μὴ
1563 1248 1763 1319 πρέπει
1792 1251 1887 1302 άν-

222 1357 232 1365 ·
290 1345 558 1414 θρώποις,
580 1343 898 1414 ἐκνεύομεν.
920 1344 1132 1397 Οὐκοῦν
1154 1342 1436 1412 ὑποταγῆς
1460 1342 1886 1412 προηγουμένης

290 1440 391 1492 ἐπὶ
418 1437 740 1509 ὑστεροῦντι
770 1439 1055 1509 πείσματι,
1089 1438 1184 1492 καὶ
1216 1436 1632 1506 δευτερεύοντος
1661 1435 1885 1499 πάντως

288 1535 364 1589 τά
410 1551 475 1604 γε
505 1535 586 1598 είς
631 1532 914 1601 ὑποταγὴν
951 1531 1046 1586 τοῦ
1084 1530 1476 1595 ὑπακούοντος,
1514 1528 1572 1592 ὃς
1615 1531 1717 1598 μὲν
1764 1529 1885 1596 Θεῷ

291 1628 648 1696 προσανέχων
672 1625 920 1679 πείθεται
950 1623 1260 1694 διδασκάλῳ
1277 1623 1469 1695 ἐνθέῳ,
1500 1622 1595 1676 καὶ
1618 1622 1715 1687 τὰς
1744 1623 1884 1674 ἐκεῖ-

291 1721 386 1774 θεν
404 1718 785 1789 εἰσδεχόμενος
810 1717 1092 1784 ὑποθήκας
1121 1718 1267 1769 ποιεῖ
1289 1715 1358 1769 τὰ
1385 1715 1722 1786 καθήκοντα,
1745 1713 1884 1767 Θεοῦ

1994 609 2165 665 altera
2226 625 2407 667 autem
2462 630 2569 670 non
2602 614 2726 669 talis
2781 624 2887 679 cst,
2935 615 3029 671 sed
3066 615 3118 668 itt
3147 629 3212 670 co
3245 616 3584 684 conspicitur

1994 704 2138 773 quod
2176 705 2372 760 vilibus
2413 706 2726 763 nominibus
2777 709 3087 771 obedimus,
3141 720 3194 763 ct
3224 707 3291 762 ad
3320 709 3429 764 tale
3467 725 3581 764 ma-
3616 778 3618 781 τ

1995 795 2106 851 lum
2139 799 2451 869 exemptam
2486 801 2627 855 male
2669 800 2927 870 elﬁngere
2975 816 3078 857 nos
3127 802 3461 870 studemus).
3516 803 3581 855 ad

1994 891 2248 959 bipartita
2286 893 2593 947 necessario
2633 893 2795 949 etiam
2844 894 3127 963 persuasio
3161 896 3265 952 erit
3292 909 3356 951 ex
3390 896 3579 950 amba-

1994 983 2094 1036 bus
2122 982 2421 1053 proﬂuens.

2061 1073 2153 1129 65.
2187 1075 2246 1127 Si
2293 1075 2439 1128 enim
2473 1075 2630 1130 bonis
2681 1075 3108 1142 praeceptoribus
3165 1091 3439 1145 paremus,
3481 1079 3581 1127 im-

1992 1181 2117 1220 nam
2171 1166 2420 1221 ﬁduciam
2454 1168 2857 1231 nanciscimur;
2917 1168 2998 1223 sin
3046 1184 3176 1222 vero
3224 1185 3332 1223 non
3383 1171 3582 1223 talibus

1991 1256 2295 1320 obcdimus,
2351 1257 2683 1313 Conﬁdentia
2745 1258 2886 1311 mala
2943 1259 3073 1314 illuc
3108 1274 3220 1330 quo
3276 1275 3381 1315 non
3418 1261 3578 1314 decet

1997 1346 2273 1409 homines,
2305 1347 2664 1403 declinamus.
2725 1346 2861 1402 Cum
2889 1349 3055 1415 igitur
3084 1351 3392 1406 obedientia
3443 1367 3580 1420 prm-

1989 1440 2167 1503 chat,
2205 1441 2402 1494 ﬁducia
2438 1449 2623 1495 autem
2656 1445 3046 1511 subsequatur,
3085 1453 3293 1499 etcum
3349 1446 3577 1499 omnino

1989 1527 2288 1579 secundum
2328 1528 2505 1581 locum
2531 1528 2772 1584 obtineat
2806 1531 2899 1600 qui
2949 1546 3158 1587 morem
3191 1533 3333 1604 gerit
3390 1553 3401 1589 :
3448 1549 3579 1605 pro-

1989 1617 2135 1673 fecto
2163 1621 2205 1675 si
2240 1622 2346 1675 Deo
2395 1620 2682 1689 obediens,
2719 1623 2915 1680 ﬁducia
2951 1625 3002 1678 in
3051 1635 3389 1695 praeceptore
3442 1627 3582 1679 diri-

1987 1715 2135 1766 nitns
2185 1712 2450 1782 inspirato
2502 1716 2769 1772 collocata
2830 1718 3056 1787 ejusque
3107 1718 3356 1773 doctrina
3416 1720 3471 1773 in
3520 1734 3582 1774 se

289 1812 578 1882 ἄνθρωπος
610 1811 842 1873 ἐκεῖνος,
879 1809 972 1863 καὶ
1000 1807 1263 1879 σταθερὸς
1292 1807 1457 1873 αὐτὸς
1483 1808 1543 1860 ὲν
1564 1809 1758 1879 ἀρετῇ,
1786 1807 1870 1860 καί

1990 1818 2205 1872 recepta
2239 1807 2292 1861 id
2323 1807 2466 1877 quod
2516 1809 2674 1864 decet
2707 1809 2867 1873 facit,
2911 1810 3006 1865 Dei
3037 1809 3202 1865 homo
3223 1811 3353 1873 erit.
3389 1812 3580 1868 ﬁrmus

291 1904 516 1974 βέόαιος
545 1904 601 1955 ἑν
629 1901 837 1968 καλοῖς,
867 1902 960 1956 καὶ
996 1901 1244 1983 ἀσφαλὴς
1270 1900 1373 1973 τὴν
1411 1899 1756 1972 ἁγαθότητα,
1791 1900 1870 1954 κατ

1993 1897 2044 1953 in
2073 1899 2297 1965 virtute,
2333 1909 2603 1957 constans
2642 1902 2697 1957 in
2727 1902 2906 1967 bonis,
2939 1902 3298 1959 inconcussus
3342 1904 3396 1959 in
3451 1921 3579 1973 pro-

293 1994 604 2067 ἀστεμφής,
638 1996 713 2057 ὡς
757 1996 853 2048 καὶ
884 1993 1264 2062 ἐπαινεῖσθαι,
1301 1993 1395 2049 καὶ
1427 1993 1619 2059 στῦλος
1648 1994 1880 2066 ὀρθότη-

291 2104 387 2149 τος
421 2085 743 2158 ἀστραϐὴς,
778 2086 878 2139 καὶ
917 2085 1169 2154 θεμέλιος
1215 2084 1489 2157 ἀρραγὴς,
1526 2085 1576 2139 εἱ
1613 2085 1705 2140 καί
1750 2102 1879 2138 ποτε

292 2181 669 2241 κατασείεται,
711 2179 805 2232 καὶ
852 2177 1193 2249 παραδείσου
1237 2179 1455 2249 δένδρον
1502 2177 1742 2249 εῦριζον,
1786 2179 1882 2232 καὶ

291 2267 404 2326 οἷον
424 2272 500 2343 μὴ
513 2270 953 2325 διατινάσσεσθαι
971 2271 1046 2333 ὡς
1071 2273 1153 2333 εἰς
1176 2270 1381 2324 πτῶσιν
1397 2271 1696 2341 δαιμονίοις
1719 2269 1881 2323 πνεύ-

294 2379 453 2433 μασι,
486 2363 580 2415 καὶ
614 2361 750 2415 Θεοῦ
779 2357 926 2424 οἶκος
954 2362 1315 2424 ἁκατάλυτος.
1349 2363 1460 2416 Καὶ
1493 2363 1552 2414 τὸ
1585 2363 1793 2431 πεῖσμα
1819 2360 1879 2414 τὸ

292 2455 435 2510 κατὰ
460 2453 703 2508 τοιοῦτον
728 2453 1012 2524 ἄνθρωπον
1029 2454 1127 2523 οὑχ
1150 2454 1338 2517 ἁπλῶς
1366 2455 1425 2506 ὲν
1456 2454 1667 2524 ἐπαίνῳ
1691 2453 1879 2521 κείμε-

289 2568 381 2605 νον
416 2547 783 2618 θαυμάζεται,
801 2547 938 2603 ἀλλὰ
962 2547 1054 2601 καὶ
1086 2548 1206 2619 θεῷ
1239 2546 1395 2618 φίλον
1425 2551 1522 2604 καὶ
1555 2547 1714 2617 ἅγιον
1740 2564 1879 2616 γνω-

290 2644 616 2716 ματεύεται.

358 2738 469 2804 ξς¹.
500 2736 639 2791 Είδέ
675 2753 760 2801 τις
787 2734 890 2790 ὑπὸ
933 2732 1245 2804 διδασκάλῳ
1294 2732 1371 2804 μὴ
1401 2732 1546 2788 οὑτω
1588 2751 1875 2804 προηγου-

289 2830 439 2900 μὲνῳ
467 2831 551 2891 είς
579 2825 712 2880 εὐθὺ
747 2826 1035 2887 τάσσεται,
1070 2824 1209 2879 ἀλλὰ
1235 2825 1422 2894 κύκλῳ
1452 2827 1871 2895 περιπατοῦντι,

285 2921 381 2976 καὶ
406 2920 507 2991 τὴν
526 2918 800 2990 εὐθύτητα
825 2916 1200 2989 στρεϐλοῦντι,
1220 2916 1280 2980 δς
1304 2917 1402 2971 οὑκ
1434 2917 1500 2971 ἂν
1532 2916 1618 2987 εἴη
1640 2918 1874 2988 ἄμωμος

286 3015 344 3066 ὲν
372 3014 479 3084 ὀδῷ
507 3014 785 3083 κυριακῇ,
817 3011 1118 3065 κάντεῦθεν
1144 3009 1241 3063 ἀπ’
1264 3009 1517 3073 ἐναντίας
1540 3009 1620 3081 τῷ
1662 3012 1873 3081 πρωτί-

287 3125 398 3177 στῳ
418 3107 517 3161 καὶ
535 3107 631 3162 ἐπὶ
652 3105 843 3177 θρόνου
866 3104 1024 3175 δόξης
1048 3104 1149 3157 ύπε
1161 3105 1357 3174 ρτάτου
1384 3104 1681 3175 καθημένῳ
1712 3105 1873 3175 φερό-

1992 1989 2160 2046 bitate
2181 2000 2235 2047 et
2286 1992 2616 2058 inﬂexibilis,
2665 2001 2723 2046 ut
2758 1992 2973 2049 laudem
3008 2004 3282 2050 mercatur
3322 1996 3578 2052 columna

1991 2083 2331 2141 rectitudinis
2405 2100 2512 2141 non
2599 2085 2909 2149 incurvata,
2980 2084 3393 2141 fundamentum
3470 2102 3576 2141 non

1988 2178 2381 2243 evertendam,
2442 2178 2695 2250 quamvis
2750 2194 3138 2249 nonnunquam
3202 2180 3574 2248 concutiatur,

1989 2273 2151 2325 arbor
2206 2272 2444 2341 paradisi
2508 2273 2721 2329 radices
2772 2275 2825 2328 in
2885 2271 3220 2344 profundum
3252 2289 3440 2344 agens,
3501 2275 3573 2328 ita

1989 2369 2048 2411 ut
2081 2368 2315 2428 nequeat
2348 2375 2376 2413 a
2405 2361 2567 2417 malis
2589 2361 2932 2419 daemonibus
2958 2363 3013 2419 in
3046 2364 3261 2418 ruinam
3294 2364 3485 2434 dejici,
3521 2375 3575 2419 ct

1984 2451 2182 2508 domus
2210 2452 2303 2507 Dei
2334 2453 2714 2512 ineVertibilis.
2747 2455 2922 2511 Porro
2952 2457 3147 2512 ﬁducia
3172 2457 3446 2525 ejusmodi
3474 2459 3572 2512 viri

1985 2562 2091 2600 non
2124 2546 2296 2601 solum
2346 2545 2507 2602 laude
2564 2559 2619 2604 et
2651 2549 3019 2605 admiratione
3098 2561 3181 2605 est
3214 2548 3399 2620 digna,
3479 2553 3573 2605 sed

1982 2641 2146 2695 etiam
2186 2642 2292 2695 Deo
2326 2650 2549 2712 accepta
2587 2651 2641 2697 et
2671 2654 2861 2698 saneta
2892 2641 3259 2698 existimatur.

2055 2732 2147 2790 66.
2187 2733 2246 2789 Si
2272 2735 2397 2804 quis
2427 2745 2606 2791 autem
2641 2751 2747 2791 non
2782 2752 2812 2790 a
2848 2737 2940 2791 tali
2981 2746 3317 2807 praeceptore
3339 2737 3391 2792 in
3423 2747 3574 2792 recto

1982 2826 2300 2892 collocatur,
2335 2829 2432 2882 sed
2455 2829 2511 2882 in
2542 2830 2676 2884 orbe
2711 2826 2955 2884 instabili
2995 2835 3158 2897 atque
3183 2829 3569 2885 rectitudinem

1981 2927 2350 2986 pervcrtente.
2388 2918 2463 2973 ita
2496 2929 2552 2973 ut
2584 2935 2692 2974 non
2724 2921 2796 2975 sit
2825 2918 3326 2990 irreprehensibilis
3371 2919 3424 2974 in
3486 2921 3569 2975 via

1981 3010 2217 3076 Domini,
2248 3026 2345 3067 seu
2394 3012 2577 3081 potius
2611 3012 2681 3068 ab
2725 3028 2792 3066 eo
2832 3013 2925 3082 qui
2990 3012 3042 3067 in
3125 3027 3346 3068 summo
3386 3013 3572 3081 gloriae

1983 3102 2180 3157 throno
2205 3104 2378 3169 sedet,
2407 3113 2690 3158 avertatur
2707 3115 2759 3159 et
2787 3118 3038 3173 perversa
3059 3103 3254 3161 ﬁducia
3275 3106 3571 3163 innitatur:

288 3217 472 3269 μενος,
534 3201 632 3267 τῆς
690 3198 1141 3268 διεστραμμένης
1198 3195 1422 3260 πειθοῦς
1477 3198 1718 3265 γίνεταιο
1775 3199 1870 3252 καὶ

1984 3197 2048 3259 is,
2079 3196 2337 3265 quoniam
2366 3210 2547 3266 neque
2577 3196 2670 3251 Dei
2716 3212 2904 3253 amore
2946 3211 3126 3267 neque
3149 3198 3433 3267 prudentia
3462 3199 3571 3253 im-

283 3290 462 3361 λαχὼν
488 3293 704 3344 ἐκεῖθεν
727 3292 902 3360 ἀρχᾶς
932 3290 995 3342 ού
1024 3288 1357 3357 θεοφιλείας,
1379 3288 1500 3342 οὑδὲ
1528 3291 1871 3360 φρονήσεως,

280 3389 342 3439 τὸ
367 3388 477 3441 πᾶν
527 3388 587 3440 δὲ
623 3390 1020 3459 συνῃρημένως
1050 3385 1242 3451 φάναι,
1295 3384 1396 3436 οὐκ
1423 3384 1700 3455 ἐναρὲτως
1731 3383 1872 3454 πρὸς

280 3478 568 3548 ἀλήθειαν,
614 3477 710 3531 καὶ
741 3478 942 3540 πείσας
984 3475 1204 3541 ἑαυτὸν,
1249 3474 1327 3538 είς
1349 3475 1506 3539 τέλος
1531 3475 1633 3531 οὐκ
1666 3476 1871 3545 ἀγαθὸν

282 3567 591 3633 ἐνίσταται,
652 3567 749 3621 καὶ
799 3566 1053 3635 ἀγωνιῶν
1100 3565 1428 3631 άντισαίνει,
1477 3566 1785 3636 κοινότερον
1812 3567 1869 3621 δὲ

281 3661 512 3730 φράσαι,
556 3659 696 3730 πρὸς
756 3658 1024 3713 ίδιωτείαν
1058 3657 1128 3711 δι’
1156 3657 1479 3727 εὐμάθειαν,
1510 3657 1613 3726 τὴν
1645 3658 1706 3711 ὲν
1752 3660 1871 3722 τοῖς

281 3748 518 3810 πολλοῖς,
579 3746 958 3818 πεισματίζει,
1012 3745 1087 3809 ὡς
1123 3746 1219 3798 καὶ
1255 3745 1398 3800 κατὰ
1429 3746 1633 3816 κράτος
1687 3746 1867 3817 νικᾷν,

280 3840 373 3895 καὶ
404 3839 666 3908 συνιστᾷν
693 3838 721 3892 δ
757 3838 1012 3908 βούλεται
1038 3852 1053 3868 ·
1107 3837 1209 3891 οὑκ
1250 3836 1425 3905 ἐστιν,
1453 3836 1567 3892 οὐδ’
1599 3837 1665 3891 ἂν
1691 3839 1869 3891 εἰπεῖν

278 3932 530 4003 τολμήσῃ
555 3947 645 3995 τις
673 3931 814 4002 ὀρθὰ
835 3932 1051 4000 φρονῶν
1086 3930 1179 3984 καὶ
1200 3929 1364 3999 λόγου
1399 3930 1653 4002 μέτοχος,
1678 3930 1870 4000 ὲναρὲο

279 4047 381 4094 τως
417 4027 732 4082 διακεῖσθαι
765 4028 860 4080 τὸν
889 4025 1035 4080 οὕτω
1065 4027 1442 4097 πεισμονικόν.
1474 4027 1551 4080 Οὑ
1585 4028 1695 4098 γὰρ
1717 4026 1864 4081 δέδο-

279 4139 385 4187 ται,
423 4120 636 4192 φαύλης
666 4120 844 4191 ἀρχῆς
872 4120 1078 4188 ἀγαθὸν
1101 4112 1243 4174 εῖναι
1268 4120 1669 4191 συμπέρασμα.

348 4215 444 4282 ξς.
474 4217 541 4269 Ei
575 4215 633 4268 δὲ
660 4214 753 4267 καί
776 4232 862 4276 τις
893 4218 952 4269 ἐν
989 4213 1222 4285 διαλόγῳ
1250 4218 1321 4268 τά
1346 4213 1522 4284 ψευδῆ
1558 4212 1864 4285 προτείνων

279 4311 693 4383 παρασυνάγειν
741 4308 1004 4378 ἀλήθειαν
1037 4309 1314 4377 φαίνεται,
1343 4307 1482 4362 ἀλλὰ
1502 4309 1565 4361 τὸ
1611 4307 1866 4378 ὲφαμάρ-

276 4419 382 4465 τως
404 4400 826 4470 προηγούμενον
864 4401 966 4453 οὐκ
990 4394 1110 4452 οἴδα
1145 4398 1267 4463 πῶς
1310 4400 1378 4455 ἂν
1399 4400 1515 4471 ἔχοι
1541 4400 1866 4456 ἁποὸαίνειν

280 4494 573 4565 σωτήριον.
610 4490 783 4561 Δῆλον
799 4490 878 4557 δὲ,
900 4488 977 4554 ὡς
999 4492 1079 4554 εἰς
1100 4492 1296 4546 ταυτὸν
1314 4491 1440 4562 ἥκει
1462 4492 1659 4557 κακοῦ,
1684 4492 1862 4564 φαύλῃ

274 4603 334 4640 τε
358 4587 507 4658 ἀρχῇ
543 4584 861 4653 πεισθῆναι,
895 4581 993 4636 καὶ
1021 4582 1144 4636 κατ’
1175 4581 1396 4656 ὲξιείνην
1445 4583 1858 4654 στρεσλωθῆναι
1892 4599 1936 4655 ο

274 4680 352 4745 είς
384 4681 455 4733 τά
489 4677 625 4748 ἑξῆς
659 4676 804 4746 λόγῳ
841 4674 1147 4744 ὑποταγῆς,
1172 4675 1268 4728 καὶ
1306 4672 1523 4727 οίκοθεν
1552 4676 1863 4743 παρεκνεὺ-

276 4788 363 4826 σαι
384 4773 488 4841 τῆς
506 4769 700 4840 ὀρθῆς,
741 4770 875 4822 ὅπου
903 4767 954 4820 oi
986 4766 1263 4837 ἀλιτήριοι
1287 4766 1384 4820 καὶ
1420 4769 1564 4821 κατὰ
1590 4767 1693 4836 τῆς
1725 4767 1858 4836 ἁρε-

271 4864 371 4932 τῆς
389 4859 787 4934 αἱρετίζοντες,
820 4859 871 4913 οἳ
905 4859 1002 4913 καὶ
1022 4858 1181 4911 αὑτοὶ
1221 4856 1536 4928 δαιμονίαις
1562 4856 1857 4928 προθέσεσι

271 4953 705 5014 καθυπείκοντες
731 4949 1016 5004 πείθονται
1045 4950 1127 5015 είς
1151 4948 1343 5006 κακόν.
1396 4949 1521 5004 Ὀτι
1550 4950 1610 5004 δὲ
1644 4951 1728 5015 είς
1752 4966 1859 5021 γαο

270 5047 440 5120 λήνην
469 5044 745 5116 σωτήριον
785 5043 1118 5115 καθορμίζει
1154 5043 1282 5106 τοὺς
1299 5044 1360 5098 ιν
1388 5041 1492 5116 βίῳ
1530 5042 1862 5109 σαλεύοντας

266 5139 328 5193 τὸ
357 5137 612 5207 θεοφιλὲς
637 5139 846 5205 πεῖσμα
865 5134 993 5198 τοὺς
1026 5135 1161 5189 αὑτδ
1195 5134 1444 5207 ιχοντας,
1475 5136 1569 5190 καὶ
1597 5138 1631 5207 ἡ
1660 5134 1855 5208 πρώτη

264 5233 496 5304 λεκτικὴ
528 5230 680 5293 θέσις
710 5227 876 5283 αὑτοῦ
919 5227 1204 5283 δείκνυσι·
1256 5227 1539 5294 πείσματα
1571 5229 1681 5299 γὰρ
1717 5228 1858 5282 εἰθί-

267 5325 444 5394 σμεθα
462 5324 649 5391 λέγειν
674 5321 894 5389 σπάρτα
916 5319 1171 5387 ναυτικὰ,
1203 5314 1286 5385 οἷς
1325 5319 1530 5392 δηλαδὴ
1553 5320 1688 5384 ναῦς
1711 5321 1856 5374 ἐλλι-

269 5416 589 5486 μενισθεῖσα
648 5412 920 5477 πείθεται,
977 5412 1052 5483 μὴ
1103 5411 1379 5484 άφιεμένη
1406 5411 1851 5478 διασαλεύεσθαι,

268 5512 363 5563 καὶ
399 5510 481 5570 είς
510 5506 763 5561 κίνδυνον
793 5504 1109 5569 κλύζεσθαι·
1138 5505 1229 5560 ὅτε
1259 5505 1358 5560 καὶ
1408 5505 1560 5577 μένει
1584 5505 1763 5559 ἐκεῖνο
1790 5505 1852 5558 τὸ

266 5603 477 5670 σκάφος
509 5601 723 5672 ἤρεμον
754 5599 847 5653 ἐπὶ
885 5600 954 5671 τῇ
979 5599 1228 5670 σωτηρίᾳ
1262 5596 1463 5652 ἑαυτοῦ
1490 5615 1551 5651 τε
1606 5599 1702 5652 καὶ
1739 5598 1851 5653 τῶν

261 5695 530 5766 ἔμπλέειν
557 5692 856 5763 λαχόντων.
888 5690 1160 5747 Ἐνταῦθα
1182 5691 1248 5761 δὴ
1274 5691 1613 5756 πεποιθότως
1639 5691 1850 5746 πυνθά-

264 5803 450 5854 νομαι,
477 5783 612 5838 ποτε
639 5782 1032 5853 φιλοκινδύνως
1075 5781 1465 5847 αὑθαδιάζεται
1502 5782 1634 5846 ναῦς
1661 5782 1848 5835 τοιαύ-

264 5894 355 5943 τη,
390 5878 485 5932 καὶ
534 5874 850 5948 ἁπορρᾖαι
901 5875 1245 5960 τοῦίλιμὲνος
1287 5874 1489 5959 ἑαυτὴν
1526 5874 1845 5947 φιλονεικεῖ,

1977 3290 2182 3356 buitur,
2216 3299 2294 3356 et,
2319 3299 2379 3344 ut
2410 3289 2648 3346 breviter
2682 3290 2887 3357 dicam,
2925 3290 3122 3347 ﬁducia
3179 3307 3302 3362 qua:
3352 3293 3567 3349 virtutis

1975 3397 2040 3437 ac
2067 3382 2312 3437 veritatis
2334 3382 2547 3438 fructus
2605 3392 2712 3450 est,
2764 3383 3068 3439 destitutus
3129 3382 3198 3439 ad
3244 3383 3403 3439 ﬁnem
3458 3401 3564 3439 non

1973 3474 2175 3531 bonum
2208 3474 2382 3529 tendit
2413 3483 2468 3530 et
2494 3490 2695 3543 magno
2715 3490 2842 3531 cum
2886 3477 3088 3547 impetu
3125 3491 3226 3546 per
3258 3473 3564 3532 doctrinam

1973 3560 2307 3618 multitudini
2350 3563 2626 3633 propriam
2678 3565 2744 3620 ad
2792 3564 3155 3637 ignorantiam
3222 3566 3568 3638 progreditur

1971 3663 2028 3709 et
2060 3668 2276 3711 omnem
2300 3653 2485 3709 funem
2541 3666 2739 3722 movet,
2783 3665 2842 3711 ut
2887 3657 3062 3727 ipsius
3094 3656 3369 3727 voluptati
3397 3661 3561 3714 satis-

1973 3744 2163 3811 faciat,
2194 3747 2261 3809 is,
2310 3748 2554 3816 inquam,
2605 3747 2695 3802 tali
2744 3747 2938 3803 liducia
3009 3747 3183 3804 fretus
3261 3765 3290 3803 a
3347 3751 3563 3804 nemine

1970 3848 2120 3892 recte
2140 3840 2410 3895 sentiente
2434 3850 2525 3894 aut
2558 3844 2693 3896 bene
2734 3841 3004 3897 instructo
3058 3841 3245 3895 virtuti
3297 3843 3560 3897 conveni-

1968 3938 2127 3983 enter
2175 3931 2474 3998 dispositus
2523 3947 2646 3987 esse
2678 3932 2912 3988 dicetur.
2952 3933 2993 3987 E
3030 3933 3174 3987 malo
3225 3933 3371 3988 enim
3399 3935 3555 4003 prin-

1968 4023 2112 4092 cipio
2158 4024 2336 4080 bonus
2358 4024 2480 4079 ﬁnis
2540 4038 2838 4097 exsurgere
2893 4025 3100 4096 nequit.

2036 4204 2129 4260 67.
2163 4204 2388 4261 Etiamsi
2422 4219 2553 4260 vero
2585 4205 2706 4275 quis
2750 4206 2804 4260 in
2866 4206 3284 4261 conversatione
3336 4207 3558 4260 tuenda-

1968 4296 2112 4353 cium
2142 4296 2430 4367 proferens
2462 4301 2748 4354 veritatem
2807 4297 3275 4354 subintroducere
3315 4299 3554 4360 videtur,

1966 4386 2098 4442 illud
2133 4397 2315 4443 tamen
2346 4391 2488 4461 quod
2515 4404 2774 4460 perverse
2822 4388 3132 4452 disseritur,
3179 4388 3367 4442 nescio
3422 4403 3559 4455 quo-

1967 4480 2132 4536 modo
2155 4480 2210 4535 in
2248 4480 2485 4538 salutem
2535 4484 2732 4537 cedere
2785 4481 2979 4551 possit.
3029 4477 3319 4535 Mauifesto
3371 4489 3555 4533 autem

1966 4573 2034 4628 ad
2071 4574 2213 4628 idem
2245 4573 2449 4629 malum
2485 4572 2649 4636 redit,
2699 4575 2796 4625 au‘t
2823 4570 3095 4639 principio
3156 4582 3422 4639 perverso
3480 4568 3561 4622 in-

1965 4664 2063 4721 niti
2088 4666 2250 4735 eique
2275 4680 2484 4721 morem
2508 4663 2750 4735 gerendo
2775 4663 2882 4716 bttc
2908 4671 3075 4731 atque
3138 4661 3269 4716 illuc
3335 4663 3555 4733 agitari,

1968 4769 2064 4811 aut
2102 4758 2171 4811 ab
2194 4758 2352 4813 initio
2379 4758 2447 4813 de
2478 4764 2630 4833 recto
2683 4757 2905 4810 tramite
2941 4753 3261 4823 deﬂectere,
3314 4756 3406 4809 ubi
3461 4758 3559 4810 bo-

1969 4849 2145 4905 mines
2174 4865 2406 4918 nequam
2470 4849 2764 4918 virtutique
2821 4847 3172 4904 obluctantes
3221 4847 3558 4919 ingrediun-

1971 4948 2079 5007 tur,
2110 4941 2203 5013 qui
2245 4950 2304 4995 et
2321 4941 2449 5013 ipsi,
2495 4939 2945 5011 iuspirationibus
2984 4939 3313 4998 obedientes
3341 4941 3554 4997 daemo-

1969 5033 2144 5090 niacis
2172 5034 2241 5088 ad
2270 5031 2597 5104 pravitatem
2617 5029 2917 5098 declinant.
2976 5031 3134 5102 Quod
3176 5041 3359 5086 autem
3417 5033 3558 5087 ﬁdu-

1968 5126 2053 5184 cia
2081 5125 2342 5198 (πεῖσμα)
2385 5127 2439 5180 in
2482 5126 2593 5180 Deo
2626 5125 2891 5200 collocata
2920 5125 3041 5181 illos
3065 5124 3160 5195 qui
3207 5140 3270 5180 ea
3291 5126 3552 5195 gaudent,

1968 5219 2189 5287 quando
2231 5219 2355 5273 vitta
2412 5216 2830 5286 tempestatibus
2886 5217 3193 5284 turbantur,
3221 5217 3274 5272 in
3341 5228 3553 5287 pontum

1964 5312 2317 5381 tranquillum
2355 5318 2409 5366 et
2434 5311 2733 5366 salutarem
2768 5310 3090 5375 introducit,
3124 5310 3384 5380 primaria
3455 5328 3550 5363 vn-

1965 5405 2145 5461 Cabuli
2200 5404 2527 5475 signiﬁcatio
2588 5405 2864 5470 ostendit;
2920 5403 3174 5458 ﬁduciam
3221 5402 3552 5474 (πείσματα)

1964 5501 2109 5555 enim
2150 5499 2422 5569 appellare
2471 5499 2713 5555 solemus
2758 5497 3019 5553 rudentes
3065 5501 3314 5554 nauticos
3356 5499 3554 5565 quibus

1966 5594 2121 5646 navis
2152 5594 2204 5646 in
2237 5602 2394 5662 portu
2430 5594 2728 5647 constituta
2774 5591 3047 5647 retinetur
3091 5588 3385 5660 quominus
3416 5588 3554 5640 ηιιιιο

1967 5687 2112 5740 tibus
2150 5684 2386 5755 agitetur
2419 5694 2512 5740 aut
2562 5685 2671 5740 ullo
2733 5686 2894 5740 modo
2952 5683 3312 5754 periclitetur,
3354 5677 3427 5732 ita
3494 5690 3551 5731 ut

1964 5779 2239 5851 navigium
2278 5779 2407 5834 illud
2463 5778 2856 5849 tranquillitate
2935 5776 3153 5828 fruatur
3204 5786 3311 5826 non
3369 5773 3550 5825 minus

1962 5876 2030 5942 ad
2057 5889 2209 5930 suam
2244 5875 2414 5945 ipsius
2437 5874 2666 5931 salutem
2699 5888 2857 5943 quam
2903 5884 3091 5928 eorum
3159 5869 3246 5939 qui
3285 5868 3423 5922 forte
3454 5869 3551 5921 dco
