3888 6238
276 381 283 387 ·
383 354 488 417 343

1095 354 1517 417 EUSTA'l‘lIlI
1563 352 1851 413 'i‘llESSA
1865 351 2004 410 [ΟΝ
2020 351 2320 411 ICENSIS
2366 353 2419 410 Μ
2433 352 2932 413 ETllOI‘OLlT.E

3540 357 3640 419 3'5

379 470 676 524 vehuntur.
704 465 823 523 Jam
860 481 1008 532 vero,
1035 483 1154 521 cum
1206 482 1399 532 magna
1425 466 1618 519 fiducia
1665 464 1955 531 interrogo,

2069 464 2194 514 ποτε
2228 464 2281 515 δὲ
2328 464 2388 515 τὸ
2446 463 2707 537 ἀπόγαιον
2762 465 2939 516 ἐκεῖνο
2994 467 3199 534 πεῖσμα
3236 468 3636 534 μεταπείθεται

381 561 799 627 nmnejusmodi
844 562 996 614 navis
1047 560 1373 629 sibimetipsi
1414 559 1628 621 relicta,

378 667 476 707 sua
525 662 719 722 sponte
760 653 913 705 exire
981 652 1175 720 possit,

1715 573 1745 611 e
1800 568 1958 627 portu

1268 667 1335 705 an
1382 650 1586 704 rudens
1640 650 1730 704 ille
1805 660 1961 704 terra:

380 744 571 797 affixus
594 757 785 797 navem
834 743 937 796 sibi
970 744 1340 806 commissam,
1393 743 1684 811 quominus
1736 740 1959 811 abrepta

391 835 684 887 discrimen
730 831 895 886 ullum
944 834 1128 887 subire
1167 840 1259 885 aut
1302 831 1551 885 violentis
1600 831 1773 884 ventis
1824 830 1960 885 tradi

2068 555 2257 618 ἁπλῶς
2291 554 2434 609 οὕτω
2481 555 2737 626 ῥαγῆναι,
2774 557 2869 608 καὶ⁸
2903 558 2963 608 τι
3012 561 3450 626 πεπιστευμένον
3494 562 3641 631 αὐτῷ

2064 648 2246 700 πλοῖον
2284 648 2505 716 ἀφεῖναι
2547 648 2714 718 βάψαι
2771 653 2851 710 εἰς
2878 649 3144 714 κίνδυνον,
3192 651 3224 722 ἥ
3259 650 3483 721 ἀνέμοις
3512 655 3641 720 eid:-

2066 757 2218 802 σταις
2260 739 2511 794 ἐκδοῦναι
2536 742 2875 811 παράφορον,
2906 745 2953 797 εἰ
2979 744 3054 814 μὴ
3085 746 3192 811 ἄρα
3287 748 3641 817 κατασέσηπε

2065 832 2123 885 τδ
2148 833 2379 902 σχοινίον
2410 836 2608 897 ἐκεῖνο,
2647 834 2678 902 ἢ
2714 835 2890 898 ἄλλως
2937 837 3267 892 εὔανάλυτον
3298 838 3637 897 κέκλωσται.

376 929 569 998 possit,
625 944 731 983 non
763 928 1072 998 prohibeat,
1126 928 1232 980 nisi
1272 934 1365 979 aut
1434 926 1717 994 putredine
1795 928 2080 996 corruptus
2169 932 2238 982 sit
2301 929 2445 985 funis
2512 931 2617 998 ille,
2705 940 2797 986 aut
2881 934 3019 988 male
3076 933 3373 997 confectus,
3433 939 3503 989 ita
3588 949 3642 990 LI

380 1021 540 1075 facile
587 1021 976 1090 disrumpatur.

455 1110 544 1165 68.
587 1109 924 1178 QuaprOpter
957 1111 1009 1161 in
1058 1107 1364 1163 hOminibtts
1402 1108 1595 1163 fiducia
1646 1121 1839 1161 revera
1873 1115 1957 1159 est

376 1216 468 1256 res
518 1204 682 1267 bona,
741 1201 971 1269 ideoque
1026 1201 1232 1255 sanctis
1281 1202 1612 1272 martyribus
1671 1199 1903 1269 appetita
1939 1239 1955 1264 ,

378 1292 511 1346 \iris
537 1291 936 1345 venerabilibus
960 1291 1176 1357 dilecta,
1204 1293 1568 1362 omnibusque
1590 1292 1813 1345 omnino
1841 1289 1953 1344 Deo

378 1380 758 1436 obedientibus
802 1378 1075 1447 affectata,
1144 1392 1328 1451 utpote
1372 1396 1440 1436 ex
1481 1395 1586 1450 qua
1629 1380 1808 1435 omnis
1842 1379 1956 1434 vir-

383 1484 473 1529 tus
530 1481 585 1526 et
637 1488 726 1527 ars
784 1484 837 1527 et
880 1474 1104 1527 scientia
1164 1484 1219 1526 et
1270 1474 1583 1539 reipublicae
1643 1471 1959 1528 constitutio

378 1566 676 1631 exoritur;
717 1581 873 1633 quam
931 1568 1133 1619 utinam
1176 1565 1324 1619 Deus
1379 1565 1634 1619 omnibus
1684 1563 1955 1618 Christia-

382 1659 472 1713 nis
531 1659 792 1712 concedat
839 1657 890 1711 in
950 1658 1139 1726 eisque
1184 1666 1494 1718 conservet.
1529 1657 1603 1711 ita
1635 1665 1694 1709 ut
1739 1669 1954 1724 semper

383 1750 525 1805 adsit
580 1750 661 1804 eis
736 1763 799 1802 ac
869 1757 1142 1803 remaneat
1203 1758 1258 1802 et
1327 1759 1570 1818 tempore
1639 1757 1946 1817 opportuno

381 1842 649 1895 efficacem
680 1855 739 1895 se
770 1848 1004 1909 praestet,
1037 1850 1095 1894 ut
1124 1848 1379 1910 tanquam
1424 1848 1641 1894 sanctas
1664 1840 1950 1894 columnas
1992 1829 2031 1884 Β

385 1948 437 1982 vl
482 1942 738 1996 angustas
782 1941 988 1986 statuas
1018 1946 1286 2001 navesque
1319 1931 1410 1986 Dei
1463 1932 1635 2001 erigat
1669 1932 1789 2000 ejus
1836 1947 1954 1986 ser-

384 2025 580 2077 vitm-cs
615 2024 683 2076 ad
717 2023 945 2077 salutem
981 2038 1343 2079 communem.
1380 2023 1528 2079 Talis
1572 2034 1661 2079 est
1693 2024 1777 2076 illa
1818 2023 1955 2075 fidu-

382 2116 465 2169 cia
496 2114 550 2182 in
582 2115 693 2170 Deo
725 2116 985 2185 reposita,
1007 2114 1123 2170 sine
1153 2132 1257 2186 qua
1295 2117 1437 2171 nulla
1467 2125 1550 2171 est
1570 2116 1716 2171 salus
1740 2132 1754 2181 ;
1779 2130 1883 2185 qua
1911 2114 1954 2167 si

382 2207 634 2263 homines
695 2216 924 2272 carent,
986 2223 1090 2261 cur
1176 2208 1390 2262 tandem
1463 2207 1747 2277 paradisus
1806 2208 1959 2277 plan-

381 2304 529 2353 tatus
573 2306 676 2364 est,
715 2313 835 2351 cum
878 2297 1055 2352 nullos
1098 2297 1384 2353 habiturus
1430 2299 1499 2352 sit
1557 2297 1805 2353 incolas?
1863 2297 1960 2352 Est

374 2395 558 2441 autem
588 2401 748 2457 porro
778 2388 881 2441 alia
912 2387 1128 2454 ﬁducia,
1160 2387 1497 2457 imprudens,
1546 2386 1951 2450 irrationabilis,

375 2477 576 2547 lignea,
634 2493 795 2531 saxea
820 2513 841 2540 ,ο
880 2477 1063 2542 bruta,
1118 2478 1416 2549 impetuosa
1442 2517 1458 2541 ,
1522 2478 1908 2533 inexcusabilis
1940 2516 1955 2542 ,

375 2567 642 2635 informis,
692 2569 990 2633 obdurans,
1026 2571 1347 2634 inhumana,
1396 2584 1723 2640 provocans.
1756 2583 1947 2639 rapax,

375 2660 728 2724 damoniaca,
765 2660 975 2723 insana,
1007 2676 1169 2730 quam
1220 2661 1369 2729 pacis
1408 2661 1670 2714 Dominus
1716 2675 1745 2713 a
1797 2658 1956 2714 nobis

378 2763 434 2803 et
482 2752 549 2804 ab
584 2751 833 2805 omnibus
871 2752 1210 2819 hominibus,
1265 2752 1529 2821 imprimis
1584 2761 1763 2807 autem
1796 2750 1959 2806 Chri-

377 2842 572 2900 stianis
616 2843 804 2912 procul
850 2845 1107 2898 avertat!

450 3041 539 3096 69.
574 3039 842 3095 Exaudias
882 3054 1000 3105 nos,
1026 3055 1059 3093 ο
1093 3040 1231 3095 Dens
1256 3039 1528 3106 Salvator,
1551 3040 1801 3110 princeps
1822 3056 1959 3112 prae-

382 3142 686 3202 ceptorum,
718 3148 927 3186 summe
959 3133 1096 3186 inter
1124 3145 1455 3198 meonomos,
1498 3134 1662 3187 totius
1689 3140 1953 3188 terrarum

383 3225 536 3280 orbis
584 3225 862 3294 magister,
912 3225 1018 3279 dux
1062 3240 1340 3279 sacrorum
1388 3227 1662 3290 ordinum,
1710 3227 1958 3296 princeps

377 3317 710 3387 principum,
760 3314 985 3370 Domine
1036 3316 1404 3383 dominorum,
1458 3327 1618 3385 caput
1658 3320 1964 3387 gubernan—

377 3406 535 3471 tium,
563 3406 653 3475 qui
683 3413 905 3476 propter
956 3420 1055 3460 nos
1104 3421 1135 3460 ο
1172 3406 1308 3461 ccelo
1363 3408 1427 3459 ad
1477 3422 1577 3462 nos
1616 3408 1959 3475 descendisti,

377 3508 438 3550 ut
460 3499 627 3552 etiam
661 3497 1022 3567 corporaliter
1055 3497 1413 3567 principatum
1455 3507 1603 3551 tuum
1639 3499 1957 3553 ostenderes

379 3587 784 3656 ignorantibus,
817 3589 905 3655 qui
944 3587 1252 3656 praecepisti
1311 3602 1375 3641 ac
1414 3586 1716 3657 subjecisti,
1752 3596 1806 3641 et
1832 3587 1958 3642 doc-

377 3676 527 3730 trina
575 3687 663 3730 tua
712 3676 906 3731 salutis
953 3674 1298 3730 fundamenta
1337 3677 1558 3745 posuisti
1598 3695 1611 3730 :
1656 3677 1739 3731 fac
1772 3686 1828 3730 ut
1860 3692 1957 3731 nos

378 3766 727 3834 obedientes,
769 3767 1024 3836 morigeri
1056 3767 1197 3820 etde
1226 3765 1412 3821 ofﬁciis
1453 3769 1651 3823 nostris
1686 3769 1819 3823 bene
1871 3769 1958 3822 in—

378 3859 579 3925 stituti,
615 3860 864 3930 quamvis
911 3875 1056 3923 sero,
1107 3860 1353 3927 discipuli
1394 3860 1609 3913 virtutis
1648 3860 1861 3925 fiamus,
1902 3869 1958 3915 et

379 3953 417 4005 ii
439 3952 707 4020 imprimis
735 3952 828 4021 qui
853 3951 1020 4005 cultui
1050 3962 1142 4005 tuo
1174 3951 1419 4020 proxime
1444 3966 1563 4005 sese
1583 3952 1955 4017 addixerunt;

383 4041 471 4092 fac
504 4049 563 4092 ut
597 4053 716 4105 nos,
749 4042 1047 4094 secundum
1098 4051 1343 4092 sanctum
1400 4037 1769 4104 Psalmistam,
1824 4041 1960 4093 irre-

391 4130 643 4198 prebensi
678 4130 732 4181 in
780 4129 865 4181 via
900 4139 987 4181 tua
1037 4128 1392 4182 ambulemus.
1442 4129 1739 4183 Ambulans
1787 4130 1954 4195 enim,

380 4219 588 4284 inquit,
626 4218 679 4270 in
713 4218 799 4271 via
841 4217 1326 4285 irrepreltensibili,
1367 4218 1455 4271 hic
1491 4217 1622 4271 tnilti
1664 4220 1954 4284 serviebat,

384 4326 490 4362 non
542 4324 675 4363 sane
707 4308 888 4362 furore
929 4311 1169 4374 percitus
1218 4322 1312 4362 aut
1377 4310 1580 4377 impetu
1631 4312 1955 4366 irresistibili

380 4404 438 4456 in
504 4401 760 4472 perniciei
818 4403 1080 4471 gurgitem
1150 4414 1270 4453 sese
1319 4401 1698 4469 praecipitans.
1756 4402 1955 4456 Precor

2140 1109 2244 1181 ξη’.
2273 1111 2484 1166 Οὐκοῦν
2517 1113 2573 1165 ὲν
2622 1113 2934 1185 ἀνθρώποις
2963 1117 3172 1184 πεῖσμα
3193 1117 3253 1169 τὸ
3286 1118 3384 1186 μέν
3420 1137 3472 1170 τι
3504 1120 3577 1183 ἀγ
3592 1141 3640 1169 1-

2059 1206 2151 1259 θδν
2182 1203 2419 1274 ἀληθῶς,
2471 1206 2568 1259 καὶ
2615 1207 2683 1258 δι’
2716 1207 2848 1261 αὐτὸ
2877 1207 3120 1277 ζηλωτὸν
3159 1210 3337 1277 ἁγίοις
3372 1210 3635 1283 μάρτυτι,

2056 1296 2152 1348 καὶ
2186 1295 2444 1366 ἀνδράσιν
2478 1297 2644 1361 ὁσίοις
2671 1298 2979 1369 ἀγαπητὸν,
3012 1300 3105 1354 καὶ
3136 1301 3274 1365 ὅλως
3317 1301 3489 1356 eam
3522 1307 3637 1367 τοῖς

2061 1385 2524 1456 ὑποτεταγμένοις
2548 1387 2627 1455 τῷ
2679 1387 2798 1460 Θεῷ
2833 1389 3079 1459 φιλητὸν,
3124 1392 3189 1445 δι’
3216 1386 3277 1446 οὗ
3308 1394 3477 1463 ἀρετὴ
3510 1397 3632 1465 πρό-

2061 1495 2208 1531 πασα
2234 1479 2327 1532 καὶ
2348 1478 2512 1549 τέχνη
2532 1480 2628 1533 καὶ
2644 1482 2925 1552 ἐπιστήμη
2951 1483 3044 1535 καὶ
3069 1482 3330 1546 σύστασις
3355 1488 3637 1551 πολιτεῖας

2057 1571 2230 1641 ὀρθῆς
2258 1587 2273 1602 ’
2336 1572 2432 1625 καὶ
2464 1572 2632 1644 διδοίη
2666 1574 2695 1626 6
2728 1573 2859 1636 Θεὸς
2902 1576 3031 1628 αὐτὸ
3063 1577 3406 1644 Χριστιανοῖς
3436 1578 3635 1645 ἄπα-τι,

2056 1664 2154 1717 καὶ
2209 1664 2692 1735 παραφυλάττοιτο
2738 1667 2799 1718 τὸ
2838 1666 3077 1718 τοιοῦτον
3129 1668 3290 1719 καλὸν
3341 1670 3399 1720 ἐν
3424 1671 3633 1733 αὐτοῖς.

2058 1756 2201 1809 ὥστε
2232 1756 2573 1827 παραμένειν
2605 1759 2699 1811 καὶ
2744 1758 3224 1828 παρακατέχεσθαι
3272 1760 3365 1811 καὶ
3395 1762 3636 1832 ἐνεργεῖ-

2062 1848 2187 1901 σθαι
2210 1849 2289 1910 είς
2324 1849 2560 1919 καίριον,
2595 1850 2668 1911 ὡς
2700 1849 2951 1902 ἐντεῦθεν
2976 1849 3299 1918 ἀνδριάντας
3331 1853 3509 1919 ἱροὺς
3540 1855 3637 1903 καὶ

2065 1940 2263 2007 στήλας
2293 1939 2454 2008 ἁγίας
2475 1942 2568 1993 καὶ
2591 1941 2752 2003 ναοτις
2774 1935 2885 1993 οτον
2908 1941 3042 1993 Θεοῦ
3070 1943 3292 2011 άνιττᾷ)
3314 1943 3439 2005 τοὺς
3461 1943 3632 1998 αὔτοῦ

2063 2032 2399 2102 θεράποντας
2451 2033 2543 2085 ἐπὶ
2600 2032 2764 2103 κοινῷ
2804 2035 3163 2103 συμφέροντι.
3224 2037 3333 2088 Καὶ
3387 2036 3636 2090 τοιοῦτον

2064 2121 2164 2192 μὲν
2194 2123 2370 2176 ἐκεῖνο
2397 2124 2630 2193 πεῖσμα,
2660 2122 2721 2175 τὸ
2758 2122 2901 2175 κατά
2933 2123 3086 2187 Θεὸν,
3106 2117 3168 2176 οὗ
3198 2126 3367 2193 χωρὶς
3394 2126 3493 2177 οὐκ
3515 2126 3636 2177 ἔστι

2063 2211 2354 2277 σώζεσθαι,
2385 2205 2445 2266 οὗ
2484 2211 2561 2282 μὴ
2591 2210 2746 2280 παρὰ
2774 2214 2890 2273 τοῖς
2924 2212 3236 2281 ἀνθρώποις
3266 2213 3440 2278 ὄντος,
3464 2216 3639 2283 1161';-

2063 2321 2193 2358 ποτε
2232 2304 2571 2374 πεφύτευται
2622 2304 2950 2373 παράδεισος
2974 2345 2989 2371 ,
3045 2305 3297 2375 ἀοίκητος
3332 2307 3635 2376 ἐσόμενος-ς

2060 2397 2264 2450 Λοιπὸν
2289 2395 2348 2449 δὲ
2381 2396 2569 2465 ἕτερον
2622 2396 2849 2464 πεῖσμα,
2878 2395 2939 2446 τὸ
2990 2395 3324 2465 ἀδιάκριτον.
3357 2397 3416 2449 τὸ
3444 2398 3635 2464 ἀλόγι-

2062 2506 2207 2554 στον,
2238 2488 2298 2541 τὸ
2323 2487 2556 2553 ξύλινον,
2582 2487 2643 2539 τὸ
2675 2489 2739 2540 ὲκ
2772 2488 3011 2557 πετρῶν,
3040 2487 3100 2539 τὸ
3128 2487 3410 2557 θηριῶδες,
3440 2488 3501 2541 τὸ
3530 2490 3632 2541 θυι

2066 2580 2262 2651 μῶδες,
2284 2581 2344 2631 τὸ
2370 2576 2804 2648 ἀναπολόγητον,
2825 2579 2885 2631 τὸ
2907 2577 3331 2648 ἀνειδοποίητον,
3357 2581 3416 2631 τὸ
3442 2583 3634 2649 ἄγριος

2060 2670 2236 2732 ποιὸν,
2262 2670 2321 2724 τὸ
2346 2669 2738 2738 ἀπάνθρωπον,
2769 2669 2829 2722 τὸ
2854 2669 3115 2740 μάχιμον,
3147 2670 3204 2721 τὸ
3230 2669 3543 2739 λῃστρικὸν,
3572 2671 3635 2722 τὸ

2058 2761 2363 2833 δαιμόνιον,
2414 2761 2475 2813 τὸ
2540 2762 2709 2831 μηδὲν
2760 2761 2931 2828 ὑγιὲς,
2982 2759 3118 2830 ὅπερ
3152 2762 3490 2828 ἀπαγάγοιό
3524 2761 3633 2828 τῆς

2060 2854 2286 2925 εἰρήνης
2351 2851 2562 2923 Κύριος
2616 2853 2712 2906 καὶ
2766 2851 2925 2922 ἡμῶν
2971 2852 3063 2905 καὶ
3094 2850 3293 2914 παντὸς
3340 2849 3635 2919 ἀνθρώπου
3698 2924 3702 2927 _

2061 2948 2302 3014 ἑτεροίου
2330 2961 2390 2997 τε
2418 2943 2512 2996 καὶ
2537 2942 2772 3013 μάλιστα
2806 2940 3169 3010 Χριστιανοίη

2132 3036 2230 3102 ξθ’.
2260 3035 2391 3105 Είης
2429 3035 2717 3087 ἐπακούων
2738 3033 2918 3103 ήμῶν,
2943 3033 3125 3104 Σὼτερ
3160 3032 3308 3096 Θεὸς,
3362 3034 3390 3085 6
3422 3029 3636 3102 πρώτι-

2067 3148 2188 3194 στος
2209 3127 2592 3200 ὲνηγούμενος,
2619 3126 2649 3179 6
2673 3129 2929 3197 μέγιστος
2962 3128 3021 3179 ὲν
3044 3128 3368 3196 οἰκονόμοις,
3401 3129 3428 3178 ὁ
3450 3129 3638 3178 οἰκουο

2066 3222 2281 3292 μενικδς
2311 3221 2657 3287 διδάσκαλος,
2691 3223 2720 3273 6
2754 3221 2846 3274 ἐπὶ
2867 3222 2975 3274 τῶν
3006 3221 3166 3291 ἱερῶν
3211 3220 3636 3279 καταστάσεων,

2061 3316 2089 3366 6
2115 3315 2223 3365 τῶν
2279 3313 2559 3383 ἀρχόντων
2611 3313 2816 3384 ἄρχων,
2857 3314 2885 3365 6
2925 3313 3034 3366 τῶν
3090 3309 3292 3382 κυρίων
3340 3311 3572 3381 Κύριος,
3606 3314 3638 3363 ὁ

2062 3404 2266 3466 ὕπατος
2286 3405 2345 3456 ὲν
2374 3407 2485 3466 τοῖς
2516 3404 2936 3466 ὑποτάσσουσιν,
2960 3404 2987 3456 6
3023 3401 3295 3455 κατελθὼν
3336 3401 3637 3472 οὐρανόθεν

2059 3494 2127 3547 δι’
2158 3496 2306 3565 ἡμᾶς
2361 3495 2446 3564 ἐφ’
2476 3495 2645 3565 ήμᾶς,
2697 3494 2786 3547 ἶνα
2815 3493 2908 3547 καὶ
2961 3493 3288 3563 σωματικῶς
3342 3491 3639 3567 ὑποδείξῃς

2063 3586 2161 3654 τὴν
2188 3587 2519 3656 ήγεμονείαν
2558 3602 2650 3638 σου
2681 3586 2797 3648 τοῖς
2816 3585 3093 3653 ἀγνοοῦσι,
3116 3584 3209 3636 καὶ
3232 3580 3517 3646 ἐπιτάξας,
3536 3585 3637 3635 καὶ

2064 3678 2364 3741 ὑποτάξας,
2416 3677 2512 3730 καὶ
2542 3676 2666 3738 δοὺς
2696 3677 2869 3746 ἀρχάς
2917 3676 3009 3727 ἐπὶ
3039 3673 3283 3745 σωτηρίᾳ
3316 3674 3637 3727 διδασκαλι-

2062 3768 2196 3834 κῶς,
2230 3767 2325 3821 καὶ
2357 3765 2743 3831 ὕπακουσθεὶς,
2787 3766 2881 3819 καὶ
2934 3766 3146 3826 πείσας,
3178 3764 3363 3817 καὶτὰ
3394 3766 3639 3833 ποιητέα

2066 3859 2560 3928 ἐγκελευσάμενος,
2593 3858 2927 3929 ἀποτελέσῃς
2955 3855 3202 3926 μαθητὰς
3224 3854 3519 3926 ὀψιμαθεῖς
3535 3856 3637 3909 τοῦ

2065 3948 2253 4009 καλοῦ,
2288 3950 2383 4000 καὶ
2405 3947 2484 4001 ἔτι
2522 3947 2725 4017 μᾶλλον
2773 3950 2901 4008 τοὺς
2932 3945 3219 4013 ἐγγυτάτω
3243 3945 3637 4014 λειτουργοῦν-

2063 4042 2159 4102 sui;
2192 4058 2298 4105 σοι,
2337 4041 2387 4093 οἶ
2432 4041 2570 4095 κατά
2630 4040 2720 4093 τὸν
2780 4040 2948 4105 ἀγίως
2977 4037 3249 4108 ψάὶλοντα
3298 4038 3640 4105 πορεύεσθαι

2061 4134 2284 4203 ἄμωμοι
2312 4135 2369 4185 ἐν
2389 4132 2493 4203 ὁδῷ
2523 4135 2589 4204 τῇ
2620 4133 2758 4186 κατὰ
2791 4132 2848 4184 σε
2875 4129 3282 4200 ἀπαιτούμεθα.
3318 4130 3639 4199 Ιιορευόμε-

2059 4245 2150 4289 νος
2183 4227 2317 4297 γὰρ,
2346 4228 2538 4297 φησιν,
2575 4227 2632 4278 ἐν
2656 4226 2761 4291 ὀδῷ
2789 4224 3027 4295 ἀμώμῳ,
3048 4218 3203 4286 οὗτός
3234 4240 3326 4290 μοι
3355 4224 3609 4292 ὲλειτουρ

2056 4338 2164 4388 γει,
2197 4322 2258 4373 οὐ
2313 4320 2421 4391 μὴν
2471 4320 2822 4390 παροιστρῶν
2855 4318 2950 4373 καὶ
2996 4319 3136 4372 κατά
3163 4318 3449 4388 φάραγγος
3478 4322 3638 4373 ἀπω-

2054 4411 2206 4474 λείας
2243 4412 2451 4482 τρέχων
2474 4411 2802 4473 ἀκάθεκτος.
2838 4410 3099 4480 Εὐξάμην
3123 4408 3178 4461 δὲ
3228 4410 3425 4473 οὕτως,
3448 4404 3496 4464 ὦ
3521 4413 3645 4480 φιλ-

384 4504 563 4547 antem
619 4495 719 4547 hoc
766 4495 944 4556 modo,
996 4509 1029 4545 ο
1084 4491 1311 4546 Domine
1371 4492 1643 4545 hominum
1699 4494 1955 4549 amantis-

2065 4502 2313 4574 άνθρωπε
2333 4503 2530 4572 Κύριε,
2555 4503 2622 4554 δι’
2645 4502 2776 4554 αὐτὸ
2801 4501 2865 4572 δὴ
2895 4501 3054 4554 τοῦτο
3082 4502 3177 4554 καὶ
3206 4503 3393 4571 μόνον,
3415 4503 3499 4556 ὅτι
3526 4506 3638 4556 πᾶν

380 4592 537 4652 sime,
585 4587 653 4641 ob
725 4586 777 4641 id
823 4587 1021 4650 solum,
1086 4584 1209 4654 quia
1267 4599 1428 4638 omne
1478 4586 1673 4638 bonum
1729 4587 1959 4656 desuper

381 4678 539 4734 nobis
594 4694 688 4746 per
744 4688 796 4733 te
859 4679 1079 4745 accidit,
1151 4692 1255 4731 n0n
1321 4689 1501 4731 autem
1561 4679 1683 4745 quia
1744 4677 1959 4731 difﬁcile

382 4785 605 4830 prorsus
662 4767 777 4823 fere
846 4770 1187 4838 impossibile
1246 4772 1359 4834 sit,
1414 4780 1474 4822 ut
1551 4769 1744 4822 malam
1798 4771 1954 4823 istam

382 4861 629 4913 liiluciam
660 4864 994 4925 :tbjieiamus,
1022 4861 1300 4915 deleamus
1333 4872 1387 4915 et
1415 4862 1479 4914 ad
1500 4860 1722 4914 nihilum
1748 4861 1961 4931 rediga-

382 4967 521 5005 ltttls.
557 4949 890 5020 Simulatque
922 4955 1065 5006 enim
1098 4955 1390 5017 voluimus,
1418 4951 1508 5021 qui
1536 4951 1628 5005 tibi
1653 4953 1955 5016 obediutus,

378 5042 541 5094 rlinttl
572 5041 897 5110 perfecimus
926 5060 943 5109 ς
987 5053 1041 5096 et
1072 5044 1394 5113 siniulalquc
1418 5045 1471 5096 in
1501 5045 1735 5096 animam
1794 5045 1951 5096 indu-

391 5154 588 5202 mnus,
648 5139 714 5191 ad
751 5139 908 5194 fluent
964 5141 1305 5210 pertigimns,
1352 5142 1455 5205 vel,
1490 5149 1545 5194 ut
1590 5138 1953 5211 pratgnantius

384 5234 526 5284 idem
582 5232 848 5292 dicamus,
901 5234 1248 5302 simulatque,
1299 5250 1459 5288 curas
1521 5244 1736 5288 nostras
1797 5233 1848 5284 in
1903 5239 1955 5283 te

383 5320 709 5389 rejicientes,
759 5325 1021 5380 adversus
1069 5327 1172 5379 hoc
1244 5326 1443 5378 malum
1506 5335 1716 5380 nosmet
1775 5326 1956 5377 accin-

380 5416 584 5476 ximtts,
636 5411 914 5468 victoriam
961 5416 1372 5486 reportavimus.

454 5506 540 5559 70.
571 5503 862 5559 Victoriam
898 5519 1074 5562 autem
1106 5510 1500 5577 reportabimus
1532 5509 1634 5563 hoc
1665 5510 1854 5564 modo:
1893 5509 1955 5563 Si

382 5597 505 5662 quis
540 5596 642 5650 sibi
688 5596 845 5652 facile
875 5600 1203 5668 persuaserit
1233 5609 1287 5652 et
1319 5599 1483 5651 nimia
1515 5599 1708 5653 ﬁducia
1760 5602 1953 5654 ductus

380 5687 447 5736 nd
481 5702 671 5741 nmnus
711 5703 829 5742 cum
860 5689 1024 5745 feroci
1056 5692 1215 5761 pugili
1249 5690 1609 5746 conserendas
1633 5701 1687 5745 et
1720 5707 1948 5760 pugnant

381 5791 502 5830 cum
531 5781 836 5839 adversario
859 5785 1143 5839 ineundam
1166 5784 1513 5854 processerit,
1542 5793 1599 5837 ut
1622 5782 1769 5837 brevi
1802 5795 1940 5852 post,

2061 4594 2265 4660 ἀγαθον
2288 4593 2497 4647 ἄνωθεν
2525 4594 2658 4661 ἡμῖν
2679 4591 2767 4645 διὰ
2793 4594 2887 4644 σοῦ
2916 4591 3243 4659 ἐπιγίνεται,
3271 4593 3332 4644 οὐ
3364 4595 3473 4663 μὴν
3498 4594 3650 4647 διότι·

2061 4683 2200 4735 πάνυ
2239 4683 2498 4751 δυσχερὲς
2546 4682 2643 4736 καὶ
2675 4683 2937 4736 ἀδυνάτου
2994 4683 3184 4748 ἔγγὺς,
3209 4684 3525 4753 ἀπίρῤἦξαι
3574 4686 3639 4739 τὸ

2059 4772 2264 4839 φαῦλον
2290 4774 2498 4838 πεῖσμα
2532 4774 2628 4824 καὶ
2651 4770 2902 4825 διαλῦσαι
2925 4771 3019 4825 καὶ
3040 4771 3307 4825 ἀναλῦσαι
3341 4775 3420 4835 ὼς
3457 4777 3540 4838 εἰς
3576 4780 3637 4828 2‘)

2062 4862 2247 4932 μηδέν.
2279 4862 2434 4932 ’Δμα
2461 4863 2570 4933 γὰρ
2599 4862 2980 4932 ἐϐουλήθημεν
3003 4864 3056 4916 οἱ
3073 4865 3171 4932 τῆς
3202 4865 3298 4933 σῆς
3324 4866 3637 4937 ὑποταγῆς,

2059 4955 2154 5004 καὶ
2179 4952 2482 5023 ήνῠσαμεν,
2520 4952 2637 5022 ἅμα
2699 4955 3122 5025 ὲνενοησάμεθα,
3153 4956 3250 5008 καὶ
3290 4958 3637 5010 ἀπετελέσα-

2060 5060 2191 5111 μεν·
2221 5043 2310 5098 ἴνα
2329 5045 2387 5099 δὲ
2417 5046 2722 5115 μεγαλείως
2756 5047 3079 5117 φράσωμεν,
3106 5048 3231 5118 ἅμα
3268 5048 3641 5120 ὡπλίσθημεν

2058 5136 2198 5188 κατά
2230 5138 2404 5190 κακοῆ
2435 5138 2642 5192 τοιοῦδε
2686 5139 2737 5190 οἱ
2767 5138 2868 5206 τὴν
2896 5140 2955 5192 ἐν
2989 5140 3119 5207 ἡμῖν
3148 5141 3422 5208 μέριμναν
3449 5144 3547 5194 ἐπὶ
3577 5143 3639 5194 σὲ

2059 5228 2218 5295 μόνον
2249 5230 2690 5300 ἐπιῤῥίπτοντες,
2731 5231 2826 5283 καὶ
2865 5231 3256 5300 νενικήκαμεν.

2124 5499 2186 5546 ο⁹.
2224 5493 2332 5546 Καὶ
2355 5494 2387 5562 ἡ
2418 5494 2644 5560 tat-3060;
2664 5496 2760 5565 τῆς
2787 5496 2945 5565 νίκης
2975 5499 3153 5551 τοιάίε
3177 5516 3282 5563 τις·
3314 5500 3639 5558 ’Υποτεθείι

2058 5583 2168 5635 σθω
2195 5601 2282 5646 τις
2304 5587 2500 5649 πείσας
2524 5589 2719 5642 ἑαυτὸν
2744 5590 3007 5658 εὐχερῶς,
3041 5595 3135 5644 καὶ
3162 5594 3373 5662 κραγίν
3417 5600 3637 5666 πεῖσμα

2056 5675 2390 5742 συμπλέξας,
2410 5678 2757 5731 ὲπανατεῖναι
2785 5682 2977 5749 χεῖρας
3003 5682 3330 5751 παλαμναίῳ
3350 5689 3637 5757 πυγμάχῳ

2057 5766 2149 5818 καὶ
2178 5765 2276 5833 οἴῳ
2308 5769 2771 5839 καταπολεμῆσαι
2800 5773 2890 5825 τὸν
2921 5771 3340 5841 ἀνθιστάμενον,
3365 5775 3507 5827 ἀλλά
3547 5796 3621 5844 pt-
